3988 6182
137 195 289 253 143⁸1

130 323 428 393 Tempore
454 333 580 391 quo
606 318 817 377 fratres
839 316 1140 375 celebrant
1171 314 1467 372 solemnia
1489 313 1718 371 missae:

135 408 547 480 Suﬁultusque
575 408 719 464 viris
747 408 954 466 dextra
984 406 1255 478 ltevaque
1284 404 1547 473 duobus,

128 500 162 552 .I
167 509 267 553 am
292 496 479 554 ferme
506 497 818 570 exspirans
840 498 1111 553 sanctam
1132 493 1482 551 conscendit
1505 492 1583 555 ad
1604 507 1794 550 aram.

132 586 245 643 Cui
271 591 599 659 postquam
628 585 915 660 imposuit
954 584 1258 656 quosdam
1310 600 1421 657 pro
1449 597 1700 653 munem
1728 581 1799 641 li-

1536 671 1725 743 [bros,

130 764 344 821 Nititur
372 768 437 821 ut
459 764 649 821 valuit
673 766 831 820 retro
859 761 1176 819 deﬂectere
1203 776 1498 831 gressum.

131 853 251 912 Sed
279 853 379 909 vix
408 868 736 910 conversus
763 856 915 909 nutu
946 854 1226 920 tangente
1257 862 1523 923 superno

126 942 327 998 Sensit
354 957 520 1014 aqua
543 940 744 1013 tepida
773 938 1053 1013 perfundi
1078 954 1328 1011 corpore
1358 943 1481 995 toto

129 1033 353 1097 Semet,
384 1033 441 1086 et
465 1029 763 1086 exclamat
786 1028 932 1101 quia
961 1026 1043 1083 nil
1069 1027 1312 1098 angoris
1344 1027 1624 1084 habebat.

128 1122 219 1174 Ex
237 1120 355 1175 hoc
382 1132 495 1175 nos
523 1118 705 1175 etiam
732 1122 1024 1189 tanquam
1053 1116 1128 1172 de
1151 1121 1341 1173 morte
1370 1116 1617 1173 reducto

130 1210 451 1274 Laetamur,
480 1205 736 1265 Domino
764 1204 1054 1277 porrectis
1075 1204 1362 1260 laudibus
1394 1204 1533 1261 alto.

276 1298 364 1352 IV.
397 1298 483 1352 De
510 1295 689 1365 fabro
715 1295 923 1364 templi
947 1300 1099 1351 tecto
1130 1295 1235 1365 qui
1252 1295 1481 1350 corruit
1508 1295 1652 1351 aito.

132 1385 472 1455 Ingelvinus
496 1389 624 1441 erat
648 1383 953 1453 lignorum
983 1399 1175 1439 ctesor
1200 1382 1366 1454 apud
1397 1398 1528 1439 nos.

132 1473 248 1539 Qui
277 1472 483 1545 templi
517 1471 726 1529 solitus
755 1470 973 1528 sarcire
1001 1471 1239 1527 ruentia
1268 1476 1441 1543 tecta,

130 1562 340 1619 Ardua
368 1577 743 1634 praesumens
767 1561 947 1617 etiam
979 1561 1383 1619 conscendere
1413 1560 1607 1633 plura.

131 1651 239 1707 Hie
262 1651 502 1707 Pascha:
530 1651 592 1706 in
622 1650 778 1706 feriis
810 1649 1014 1722 templi
1044 1664 1376 1721 campanar
1404 1649 1589 1707 adivit

133 1740 298 1811 Signi
322 1739 663 1811 disruptum
691 1738 897 1796 funem
926 1739 1176 1808 religare
1206 1743 1453 1809 rogatus

130 1829 406 1899 Injuncto
431 1825 630 1882 omcio
660 1826 896 1883 sibimet
925 1827 1032 1883 sed
1060 1826 1166 1884 rite
1197 1831 1439 1899 peracto

131 1921 396 1975 Conatur
420 1919 553 1973 tecti
583 1916 896 1988 quoddam
924 1917 1206 1974 obturare
1235 1917 1528 1973 foramen.

134 2007 251 2063 Sed
281 2006 567 2078 deceptus
596 2022 701 2078 spe
723 2022 847 2078 qua
875 2022 938 2062 se
957 2006 1111 2062 bene
1139 2021 1319 2077 posse
1350 2010 1545 2063 tenere

133 2094 415 2163 Credidit,
446 2109 485 2150 a
508 2094 667 2149 celso
690 2094 958 2167 dilapsus
988 2094 1247 2150 culmine
1273 2094 1478 2165 templi

132 2182 422 2252 Concidit,
454 2198 525 2237 ac
556 2182 792 2254 penitus
819 2183 1183 2239 horrendam
1225 2188 1478 2239 mortem
1527 2184 1791 2253 obiisset,

131 2270 375 2327 Parietis
402 2270 463 2325 in
492 2276 729 2343 partem
755 2270 873 2326 nisi
896 2271 982 2326 vis
1010 2270 1216 2327 divina
1240 2271 1504 2329 tulisset:

134 2359 317 2431 Cujus
339 2359 596 2431 porrecti
620 2358 849 2431 lapides
879 2358 962 2414 sic
992 2358 1140 2415 forte
1171 2360 1354 2427 fuere,

136 2451 212 2504 Ut
238 2464 346 2522 per
370 2448 685 2505 circuitum
715 2463 924 2520 posses
946 2448 1222 2504 incedam
1250 2450 1457 2522 templi

132 2538 337 2595 Tutius
366 2542 551 2610 utque
578 2548 687 2609 per
713 2538 825 2593 hos
849 2537 1134 2593 valuisset
1161 2538 1344 2609 ﬁgere
1372 2554 1632 2611 gressus,

135 2630 401 2700 Desuper
424 2626 775 2698 adjunctum
808 2627 1142 2682 munimem
1160 2632 1285 2683 erat
1307 2628 1651 2700 podiorum,
1681 2636 1791 2689 etc.

134 2717 199 2769 V.
234 2715 402 2782 Quod
439 2716 594 2770 vixit
642 2716 925 2784 templum
972 2715 1264 2770 scandens
1302 2717 1518 2771 insana
1563 2717 1790 2785 puella.

135 2803 319 2859 Unius
343 2803 403 2858 in
433 2803 663 2859 rabiem
688 2803 880 2861 fuerat
906 2819 1079 2859 mens
1107 2818 1281 2859 versa
1309 2804 1544 2875 puellae,

134 2894 280 2958 Qum
308 2906 491 2948 sensu
517 2907 708 2965 pravo
738 2892 1079 2949 stimulante
1105 2892 1344 2949 errabat
1370 2894 1615 2966 ubique,

134 2982 269 3036 Haec
296 2981 448 3037 villas
476 2981 661 3037 triviis
686 2982 1015 3054 peragratis
1044 2986 1312 3054 tempore
1341 2984 1551 3050 noctis,

134 3073 309 3137 Dum,
339 3071 665 3127 matutinos
690 3071 895 3141 vigiles
924 3087 1192 3127 essemus
1225 3072 1302 3127 ad
1333 3072 1613 3145 hymnos,

136 3162 207 3215 Ut
234 3172 365 3216 mos
392 3164 500 3227 est,
528 3165 733 3233 portas
759 3161 963 3233 templi
994 3161 1289 3233 aspiciens
1313 3162 1658 3232 patefactae,

136 3253 317 3307 Intret
342 3249 678 3305 vociferans
707 3266 777 3305 ac
797 3250 1079 3306 frendens
1110 3250 1355 3306 horrida
1384 3251 1568 3307 verba

133 3339 226 3393 Ad
254 3338 545 3411 vocisque
574 3355 793 3394 sonum
824 3344 1109 3412 torquens
1141 3340 1390 3409 vestigia
1419 3346 1659 3408 nostrae,

134 3426 393 3486 Offendit
419 3428 647 3485 scalam
674 3443 809 3502 quas
844 3430 1280 3486 transmittebat
1307 3431 1386 3486 ad
1417 3432 1554 3487 alta.

136 3519 275 3589 Ejus
304 3531 413 3590 per
440 3517 663 3589 gradus
692 3518 1096 3575 conscendere
1125 3519 1327 3575 nescia
1356 3521 1535 3592 cmpit
1562 3538 1577 3577 :

133 3606 247 3661 Sed
275 3611 598 3678 postquam
628 3606 815 3678 ipsius
844 3607 1023 3679 coepit
1043 3607 1387 3676 contingere
1414 3624 1721 3665 summum

130 3699 241 3750 Per
264 3700 646 3766 porectarum
678 3696 763 3750 sic
791 3696 1187 3750 discurrendo
1213 3702 1517 3767 petrarum

135 3787 466 3849 Fracturas,
498 3783 653 3838 sicut
680 3798 817 3838 mos
841 3788 954 3852 est,
987 3782 1225 3839 incessit
1248 3789 1577 3841 amentum.

208 3888 317 3960 (25)
350 3886 485 3945 Haec
515 3872 777 3960 quatuor
795 3887 1086 3944 miracula

340 3931 1581 4032 οἱιῖ,”νῗ‹ἰ’ἕιῖὲ”ἷίόἑῖἷιί’Ϊρἶῖιίῒόἱιὲὶὶῖεᾶὸῗ

133 4190 2581 4243 M

1235 189 1491 246 PAPIAS
1527 184 2053 244 GWTICUS.
2085 210 2157 227 -ι
2184 187 2486 245 ΝΟΤΠἹΔ.

1834 312 1884 366 Α
1912 309 2016 367 Cui
2043 310 2299 369 dubium
2329 316 2420 369 est
2436 312 2604 370 illam
2634 314 2846 370 mortis
2872 313 3128 372 subiisse
3156 316 3397 377 ruinam

1184 3904 1277 3944 ure
1303 3887 1449 3942 nihil
1495 3888 1794 3959 singulare

3440 198 3580 253 “:38

1909 399 2082 465 Quod
2112 404 2234 456 tam
2263 405 2320 456 et
2344 401 2498 469 fecit,
2533 403 2740 458 martis
2770 419 2881 461 nec
2910 404 3138 461 damna
3163 405 3399 464 subivit.

1909 488 2062 553 Quin
2096 489 2275 546 etiam
2304 490 2535 547 vadens
2565 507 2636 547 ac
2664 492 3059 551 discurrendo
3093 509 3465 570 perrerrans,

1907 578 2077 635 Venit
2100 578 2180 635 ad
2202 579 2509 637 introitum
2539 580 2796 638 cochlea:
2825 599 2949 656 qua
2972 582 3239 640 culmina
3265 584 3500 658 templi,

1909 668 2042 725 Alta
2070 668 2449 741 petebantur,
2475 686 2661 743 quam
2683 670 2869 742 longa
2895 677 2984 729 est
3005 672 3242 729 scandit
3259 677 3318 730 et
3343 673 3568 746 ipsam.

1906 761 2045 815 Post
2067 758 2193 816 haec
2219 759 2364 831 quid
2390 758 2549 831 fecit,
2580 760 2945 833 cujusquam
2972 761 3169 818 dicere
3198 762 3410 833 lingua

1907 847 2012 903 Vix
2041 846 2190 903 dum
2220 846 2489 905 sufﬁciet.
2525 851 2652 906 Non
2677 853 2871 906 cessat
2896 849 3157 923 denique
3180 867 3357 909 voces

1909 935 2093 993 Edere
2114 935 2421 1004 terriﬁcas,
2457 953 2566 1009 per
2594 953 2812 1010 gyrum
2842 942 2900 994 et
2928 953 3164 996 currere
3189 939 3418 1011 templi.

1910 1025 2114 1081 Nullus
2143 1030 2201 1081 et
2227 1042 2264 1082 a
2295 1032 2523 1098 quanto
2550 1028 2721 1084 fuerit
2750 1031 2983 1084 servata
3010 1028 3255 1101 periclo.

1908 1115 2244 1185 Cognoscet
2270 1116 2528 1189 penitus,
2560 1116 2672 1174 nisi
2703 1116 2807 1189 qui
2836 1116 2970 1173 loca
2998 1117 3211 1174 viderit
3240 1118 3393 1191 ipsa.

1908 1207 2025 1259 Nos
2054 1220 2197 1260 vero
2228 1205 2450 1278 stupidi
2478 1211 2536 1262 et
2563 1205 2882 1262 formidine
2911 1206 3222 1264 sollicitati.

1909 1292 2101 1365 Ipsius
2133 1310 2276 1350 casu
2301 1310 2375 1349 ne
2410 1294 2701 1367 templum
2723 1294 3107 1367 pollueretur.

1910 1382 2025 1438 Sed
2048 1382 2327 1438 nundum
2357 1383 2549 1439 fuerat
2576 1384 2720 1456 quia
2747 1388 2986 1457 tempus
3026 1389 3083 1440 et
3107 1386 3258 1442 hora
3285 1385 3576 1458 loquendi
3656 1437 3676 1450 ,

1910 1472 2139 1527 Astanti
2167 1472 2358 1528 turbae
2389 1473 2658 1529 certatim
2686 1472 3022 1544 signiﬁcare

1910 1561 2233 1633 Ccepimus,
2258 1562 2606 1627 ascendant,
2635 1564 2893 1634 rapiant,
2913 1576 3238 1635 secumque
3259 1564 3571 1621 reducant.

1834 1664 1876 1718 Β
1908 1656 2093 1708 Nemo
2124 1650 2231 1706 sed
2256 1651 2532 1706 insanam
2562 1651 2950 1724 praesumpsit
2979 1654 3222 1724 tangere
3252 1666 3463 1709 sanus.

1907 1746 2128 1815 Sponte
2153 1758 2264 1797 sua
2283 1741 2528 1797 tandem
2560 1756 2799 1811 gressus
2827 1740 3001 1797 rediit
3028 1756 3136 1815 per
3164 1742 3435 1799 eosdem.

1905 1835 1991 1887 Vl.
2024 1834 2112 1887 De
2140 1830 2337 1886 sancti
2359 1830 2612 1900 famulis
2643 1845 2679 1886 a
2724 1831 2937 1887 vinclis
2966 1836 3176 1901 sponte
3196 1831 3406 1887 solutis
3440 1829 3569 1902 (25).

2004 1924 2117 1975 VII.
2143 1921 2191 1974 Α
2227 1925 2433 1975 sancto
2458 1920 2660 1988 frater
2688 1926 2945 1975 sanatur
2970 1921 3171 1989 fratre
3200 1927 3471 1990 rogante.

1908 2010 2043 2065 VIII.
2071 2007 2241 2074 Quod
2282 2009 2480 2063 sancti
2518 2008 2581 2062 in
2612 2007 2767 2076 festo
2792 2007 3021 2076 pluvia:
3044 2009 3360 2063 cessaverit
3386 2004 3570 2063 unda.

1906 2101 1989 2152 IX.
2022 2096 2347 2153 Prwdones
2376 2097 2574 2151 sancti
2611 2101 2912 2166 nequeunt
2954 2095 3278 2152 accendere
3318 2094 3571 2166 lignum.

1906 2189 2003 2241 Est
2029 2186 2299 2257 quodam
2328 2184 2389 2240 in
2420 2199 2582 2257 pago
2613 2184 3016 2239 Ambianense
3044 2189 3289 2241 vocatus

1904 2278 2066 2332 Mons
2099 2272 2380 2329 Desiderii
2407 2272 2541 2343 (26),
2572 2272 2739 2327 vicus
2769 2272 2864 2327 cui
2890 2272 3162 2343 subjacet
3192 2286 3375 2338 unus,

1907 2362 2167 2417 Ecclesia
2198 2365 2285 2416 est
2314 2360 2486 2431 cujus
2518 2363 2705 2415 sancti
2739 2358 2853 2414 sub
2879 2359 3108 2415 honore
3139 2358 3357 2415 dicata.

1906 2454 2123 2507 Contra
2151 2450 2266 2509 hoc
2296 2447 2610 2505 castellum
2639 2446 2864 2504 bellum
2911 2461 3145 2521 capere
3170 2448 3473 2520 Royenses
3507 2466 3521 2503 :

1904 2538 2178 2595 Pluribus
2210 2543 2267 2593 et
2290 2537 2440 2592 villis
2470 2535 2793 2611 populatis,
2820 2534 2990 2593 vicus
3016 2536 3235 2607 aditur,

1907 2628 2029 2693 Cui,
2061 2628 2210 2682 sicut
2237 2624 2380 2691 dixi,
2414 2624 2707 2700 templum
2736 2625 2925 2681 sancti
2952 2625 3263 2681 retinebat.

1908 2718 2071 2773 Hunc
2098 2716 2252 2771 furia
2281 2716 2516 2771 accensi
2544 2714 2862 2787 pmdones
2890 2715 3341 2785 aggrediuntur,

1906 2810 2033 2861 Non
2064 2803 2391 2860 dubitaturi
2419 2803 2711 2876 templum
2735 2803 2959 2861 violare
2988 2803 3244 2877 profani.

1908 2897 2069 2949 Forte
2098 2908 2270 2948 secus
2302 2891 2504 2965 templi
2529 2893 2635 2948 sed
2664 2891 2864 2948 stabat
2887 2908 3093 2949 cereus
3119 2904 3289 2948 aram
3323 2907 3337 2945 :

1834 3006 1875 3062 ρ
1906 2984 2075 3038 Hunc
2104 2987 2535 3055 praesumentes
2565 2996 2797 3055 rapere,
2826 2986 3134 3055 asportant
3158 2982 3467 3038 abeuntes.

1909 3073 2021 3129 Sed
2050 3076 2375 3145 postquam
2401 3070 2478 3127 ad
2507 3071 2783 3145 proprias
2809 3071 2980 3128 sedes
2997 3076 3241 3144 potuere
3264 3068 3492 3138 reverti,

1903 3164 2094 3227 Quam
2126 3176 2329 3217 secum
2357 3160 2613 3217 tulerant
2642 3164 2871 3217 tentant
2900 3161 3224 3216 accendere
3247 3172 3447 3215 ceram
3477 3177 3491 3214 :

1901 3251 2256 3324 Appositum
2286 3249 2396 3306 sibi
2429 3249 2533 3305 sed
2561 3262 2807 3321 prorsus
2836 3249 2920 3305 sic
2948 3249 3204 3322 reppulit
3234 3246 3456 3317 ignem,

1900 3346 1981 3395 Ac
2010 3341 2059 3395 si
2090 3340 2149 3394 in
2180 3339 2494 3394 materiam
2520 3332 2793 3410 lapidum
2819 3350 3115 3394 conversa
3140 3336 3362 3394 fuisset.

1902 3429 2074 3495 Quod
2090 3444 2329 3484 rursum
2356 3432 2607 3493 tentant,
2634 3442 2999 3499 rursumque
3023 3426 3243 3484 frustra
3286 3425 3567 3482 laborant

1900 3518 2147 3574 Paenitet
2172 3518 2288 3574 hoc
2314 3522 2490 3589 pacto
2522 3517 2709 3574 sancti
2742 3517 3001 3574 violasse
3030 3521 3259 3573 secreta

1904 3606 2058 3675 Illos,
2089 3594 2158 3661 ac
2190 3605 2407 3662 celeres
2438 3606 2664 3678 templo
2691 3606 2929 3663 sublata
2956 3605 3282 3663 remittunt.

1904 3698 2036 3751 Haec
2067 3711 2102 3750 a
2130 3695 2435 3751 nonnullis
2465 3695 2549 3751 sic
2575 3700 2743 3763 gesta
2769 3694 2954 3750 fuisse
2979 3693 3268 3760 feruntur,

1905 3786 2192 3838 Externus
2221 3783 2501 3854 quamvis
2530 3783 2709 3839 nobis
2738 3783 2907 3839 locus
2936 3782 3032 3837 ille
3063 3781 3289 3838 fuisset.

1974 3891 2090 3961 (26)
2118 3890 2477 3946 Mondidier.

1490 4384 1647 4424 CIRCA
1689 4380 1895 4424 MEDIUI
1936 4384 2202 4425 SECULUM.

571 4558 1350 4743 PAPIAS
1478 4550 3124 4743 GRAMMATICUS.

1339 5022 2275 5173 ,NOTITIA.

894 5281 1111 5347 (Ouum,
1143 5280 1469 5346 Comment,
1496 5282 1570 5338 de
1596 5281 1987 5353 scriptoribus
2017 5282 2070 5333 et
2100 5278 2308 5346 script.
2337 5276 2540 5333 eccies.
2576 5275 2620 5331 ll
2646 5275 2798 5345 62].)

209 5537 424 5610 Papias
439 5539 867 5609 grammaticus
893 5537 1049 5594 circa
1069 5553 1299 5594 annum
1325 5539 1462 5593 £050
1484 5534 1699 5605 ﬂoruit,
1727 5541 1791 5592 ut
1827 5538 1873 5590 D
1901 5540 1965 5592 ut
1994 5534 2148 5591 male
2173 5534 2569 5591 Thrithemius
2591 5535 2651 5590 in
2671 5534 2824 5590 libro
2852 5534 2930 5589 De
2952 5531 3339 5607 scriptoribus
3368 5532 3555 5589 eccleA

140 5629 230 5683 est
252 5625 314 5682 in
334 5627 625 5685 Chronico
646 5626 901 5685 Alberici
921 5642 1059 5699 ms.,
1076 5642 1200 5684 non
1220 5630 1422 5684 autem
1446 5639 1609 5682 anno
1634 5626 1791 5698 1200,

1902 5624 2156 5683 siasticis
2188 5624 2408 5682 scribit.
2431 5623 2681 5681 Alberici
2718 5623 2908 5682 verba
2947 5618 3085 5681 sunt
3120 5639 3132 5678 :
3183 5622 3361 5679 Anno
3395 5626 3555 5692 1053,
