4020 6176
435 203 456 253 1
467 201 571 253 439

1516 187 1765 244 PAPIAS
1788 178 2326 240 'GRAMMATICUS.
2360 213 2431 222 —
2458 180 2761 238 NOTI’I‘IA.

3742 176 3865 231 μω

432 338 592 379 anno
616 321 837 376 decimo
865 318 1038 373 tertio
1069 314 1449 384 imperatoris
1497 312 1751 368 Henrici
1774 311 1894 380 ﬁlii
1943 309 2090 365 Con-
2119 310 2167 362 Α
2207 309 2420 363 FreSne
2441 306 2722 361 dominus
2745 306 2826 361 du
2849 308 3049 374 Gange
3075 304 3138 359 in
3168 302 3520 376 praefatione
3542 300 3627 356 ad
3646 299 3868 355 Glossa-

432 412 588 478 radi,
637 408 860 476 Papias
916 405 1135 460 librum
1179 419 1374 468 suum,
1426 402 1695 458 videlicet
1756 400 2092 454 Elementa—

434 500 590 554 rium
617 494 909 550 doctrime
939 493 1422 557 Erudimentum,
1477 489 1660 546 edidit
1691 506 1703 542 :
1747 487 1907 559 quod
1924 528 1929 535 .
1958 500 2093 555 pro-

434 586 612 641 batur
622 599 739 653 per
758 597 1073 637 numerum
1101 595 1423 648 annorum,
1450 580 1556 633 ubi
1575 578 1701 647 agit
1730 577 1804 632 de
1822 575 2097 632 aetatibus

430 673 635 729 seculi
662 672 724 726 in
747 672 952 741 prima
998 671 1224 738 littera,
1269 674 1323 723 et
1370 666 1777 724 enumerando
1802 663 2097 734 pertingit

430 762 513 818 ad
542 761 703 817 hunc
730 774 978 816 annum.
1009 762 1074 813 In
1090 774 1161 813 eo
1192 772 1372 829 porro
1398 753 1717 811 condendo
1735 752 2097 809 decennium

429 850 795 922 insumpisse
852 851 1143 903 testantur
1185 861 1394 901 versus
1454 843 1744 916 adscripti
1795 842 1990 914 Papias
2033 841 2096 896 in

432 935 877 1010 Aquicinetensi
916 934 1016 990 illo
1046 932 1394 1005 exemplari,
1421 937 1479 987 et
1508 947 1543 987 a
1572 931 1701 986 viro
1749 928 2095 985 doctissimo

430 1025 699 1097 mihique
747 1023 1110 1079 amicissimo
1153 1024 1381 1077 Joanne
1412 1019 1747 1076 Mabillonio
1795 1018 2093 1089 exscripti,

431 1130 587 1187 quos
612 1113 707 1168 hic
737 1127 1067 1185 apponam,
1101 1111 1206 1165 ubi
1231 1109 1433 1165 nescio
1460 1110 1595 1181 quis
1642 1107 1965 1163 Rainaldus
1994 1122 2099 1161 no-

432 1202 715 1271 minatur,
747 1217 784 1256 a
812 1216 936 1272 quo
973 1200 1070 1255 hic
1106 1200 1293 1256 codex
1341 1214 1502 1254 anno
1550 1196 1764 1253 Christi
1819 1201 1951 1252 H73
1996 1195 2098 1251 de-

434 1289 691 1361 scriptus
723 1288 851 1344 fuit.

433 1433 504 1488 Si
525 1433 787 1489 durante
814 1433 909 1488 die
936 1448 1247 1503 nunquam
1273 1431 1693 1488 tenebresceret
1725 1430 1903 1495 orbis,

516 1523 747 1577 Visibus
781 1522 1059 1577 humanis
1089 1522 1267 1576 nulla
1298 1522 1548 1577 lucerna
1577 1522 1754 1589 foret,

434 1612 536 1666 Sic
564 1613 627 1666 in
656 1611 975 1680 Scriptura
1006 1612 1112 1681 qui
1136 1612 1423 1679 prospicit
1451 1612 1650 1665 omnia
1682 1611 1867 1676 clare,

506 1702 643 1756 Non
674 1706 801 1770 eget
832 1700 1001 1755 istius
1021 1700 1437 1754 commoditate
1468 1700 1629 1753 libri.

433 1788 551 1864 Sed
579 1791 863 1860 quoniam
891 1790 1080 1860 quivis
1115 1789 1220 1858 qui
1247 1790 1480 1843 noverit
1509 1788 1709 1842 omnia
1734 1802 1855 1840 non
1884 1791 1988 1849 est,

508 1880 613 1933 Est
641 1878 1098 1947 amplectandus
1131 1878 1401 1931 omnibus
1432 1878 1541 1931 iste
1573 1877 1741 1930 liber.

434 1967 644 2020 Instar
671 1968 802 2033 apis
830 1967 1012 2020 mella
1043 1966 1294 2019 collecta
1327 1964 1528 2019 labore
1554 1965 1821 2019 decenni.

512 2053 761 2108 Cunctis
786 2054 1010 2121 Papias
1043 2054 1156 2107 ista
1186 2052 1435 2122 legenda
1466 2052 1649 2107 dedit.

436 2144 519 2198 At
540 2143 705 2198 cibus
732 2147 795 2195 ut
823 2147 1025 2195 noster
1048 2142 1121 2195 de
1145 2141 1327 2196 divite
1351 2141 1534 2195 ditior
1562 2146 1727 2208 esset,

510 2230 807 2299 A’pposuit
849 2228 1013 2283 nobis
1047 2230 1155 2283 has
1184 2228 1523 2284 Ruinaldus
1557 2242 1712 2296 opes.

438 2319 529 2375 Ne
559 2318 674 2373 tali
701 2323 909 2372 nostra
937 2317 1254 2372 dulcedine
1276 2331 1480 2372 mensa
1507 2322 1758 2379 careret,

510 2408 736 2463 Extitit
764 2410 893 2474 ejus
924 2408 985 2461 in
1019 2408 1128 2463 hoc
1153 2407 1422 2475 ofﬁciosa
1460 2422 1694 2461 manus.

443 2498 615 2552 Istud
646 2497 796 2551 habe
825 2497 1083 2565 gradum
1110 2512 1327 2551 munus
1355 2496 1663 2559 Salvator,
1696 2501 1750 2550 et
1780 2495 1878 2549 illi

510 2587 871 2655 Perpetuam
905 2587 1165 2655 requiem
1194 2590 1494 2654 comparet
1526 2585 1635 2639 iste
1661 2584 1852 2639 labor.

442 2675 623 2729 Hunc
651 2680 828 2743 amet,
862 2673 1021 2727 hunc
1044 2676 1294 2743 relegat,
1318 2673 1426 2728 hoc
1448 2673 1793 2738 delectetur,
1841 2678 1895 2726 et
1945 2672 2107 2726 omni

511 2764 693 2817 Hunc
718 2762 913 2816 studio
943 2769 1161 2831 serret,
1185 2778 1356 2831 grex,
1397 2763 1734 2831 Aquicinte,
1770 2766 1926 2815 tuus.

439 2852 669 2919 Scripti
694 2855 926 2918 tempus
957 2851 1154 2915 habet,
1188 2853 1293 2921 qui
1316 2852 1501 2905 .lhesu
1527 2851 1771 2918 copulat
1796 2849 1971 2904 annis

518 2938 800 2994 Undecies
834 2945 1066 2993 centum
1097 2940 1477 3007 septuaginta
1506 2938 1715 2992 tribus.

442 3026 689 3080 Noveris
718 3030 833 3079 ista
867 3026 1086 3093 legens,
1119 3027 1278 3096 quod
1306 3042 1423 3094 pro
1454 3025 1719 3081 mercede
1749 3024 1970 3080 laboris

512 3113 648 3191 Non
674 3127 892 3167 aurum
918 3115 1176 3181 scriptor
1198 3119 1492 3182 postulat,
1526 3115 1641 3169 imo
1670 3127 1925 3181 precem.

441 3201 606 3271 Ergo
630 3216 863 3270 precem
895 3202 1095 3267 redde,
1128 3205 1411 3272 quoniam
1427 3204 1750 3271 pretiosius
1777 3217 1948 3267 auro,

512 3291 620 3346 Est
647 3306 826 3360 prece
852 3292 1065 3348 devota
1091 3294 1428 3361 propitiare
1455 3295 1663 3347 Deum.

442 3418 645 3471 Exstat
692 3421 893 3472 autem
942 3417 1101 3472 istud
1147 3416 1606 3474 Elementarium
1656 3418 1854 3489 Papias
1886 3416 1985 3471 fol.
2045 3415 2107 3470 in

443 3504 801 3560 membrana
871 3505 933 3559 in
989 3505 1350 3561 bibliotheca
1414 3510 1621 3560 nostra
1680 3505 2107 3573 Lugduno-Ba-

444 3594 596 3649 tava.
632 3590 783 3645 inter
810 3607 955 3646 mss.
991 3592 1235 3647 Codices
1263 3594 1499 3648 Latinos
1532 3609 1697 3646 num.
1728 3596 1810 3656 li,
1848 3591 2108 3646 uthabet

446 3677 764 3747 Catalogus
790 3677 1077 3733 librorum
1110 3680 1289 3748 hujus
1319 3680 1691 3735 bibliothecae
1723 3680 1916 3734 editus
1960 3680 2106 3734 in-4°

446 3765 1148 3834 Lugdunni-Batavorum
1204 3772 1357 3829 167i,
1400 3786 1436 3823 a
1484 3768 1793 3823 Frederico
1846 3770 2108 3840 Spanhe-

443 3853 587 3920 mio,
624 3868 762 3925 pag.
803 3857 929 3921 400,
975 3870 1159 3926 quem
1209 3854 1365 3911 vide.
1420 3856 1735 3927 Scripsisse
1784 3856 1964 3912 etiam
2007 3859 2106 3911 Pa-

443 3944 610 4016 piam
652 3943 1049 4016 Epistolarum
1079 3944 1301 4000 librum
1332 3945 1407 4000 ad
1450 3945 1733 4012 biversos,
1786 3950 1993 4001 auctor
2022 3951 2108 3999 est

442 4032 747 4088 Johannes
789 4033 1143 4089 Trithemius
1189 4034 1321 4089 loco
1371 4035 1567 4090 citato.
1620 4035 1907 4090 Praeterea
1956 4035 2107 4089 Elias

444 4121 757 4175 Putschius
788 4121 992 4186 edidit,
1021 4122 1171 4177 inter
1201 4124 1625 4191 grammaticos
1652 4128 1892 4193 veteres,
1921 4125 2105 4197 Expli-

445 4207 709 4262 cationes
763 4215 1042 4265 notarum
1095 4217 1364 4266 veterum
1418 4228 1490 4266 ex
1534 4213 1727 4285 Papiae
1787 4212 2103 4282 Glossario,

444 4308 602 4365 quas
633 4294 694 4348 in
720 4312 865 4352 mss.
899 4298 1207 4353 codicibus
1245 4317 1400 4371 quos
1450 4301 1648 4356 videre
1696 4301 1941 4371 contigit
1984 4317 2103 4356 non

446 4382 871 4440 animadvertit
940 4386 1187 4441 Carolus
1242 4391 1323 4442 du
1382 4392 1599 4457 (lange.
1674 4394 1900 4446 Prostat
1966 4407 2105 4446 vero

445 4473 576 4543 ejus
609 4472 982 4529 Glossarium
1012 4476 1170 4547 typis
1202 4478 1427 4532 editum
1477 4496 1619 4534 cura
1674 4481 1879 4535 bonini
1922 4484 2104 4537 Mom-

444 4562 621 4633 britii,
656 4564 829 4634 cujus
871 4568 1011 4620 sunt
1049 4564 1174 4620 duo
1227 4566 1536 4623 volumina
1586 4573 1663 4624 De
1710 4571 1839 4625 vitis
1875 4577 2107 4627 sancto-

442 4665 600 4717 rum,
632 4668 850 4725 nempe
878 4653 1128 4709 Venetiis
1158 4671 1319 4710 anno
1358 4657 1511 4725 1490,
1544 4674 1748 4714 mense
1774 4661 1976 4732 Aprili,
2012 4660 2106 4715 die

442 4756 563 4795 nx.
596 4742 748 4797 Sane
776 4759 897 4798 non
928 4738 1053 4799 tam
1081 4744 1153 4800 de
1188 4762 1345 4802 novo
1376 4746 1713 4803 condidisse
1760 4765 1944 4820 quam
1999 4765 2105 4805 an-

444 4832 537 4884 tea
568 4833 870 4903 utcunque
901 4831 1200 4903 digestum
1233 4835 1603 4891 Glossarium
1634 4853 1703 4891 ac
1732 4837 2106 4894 elaboratum

442 4919 705 4987 auxisse,
758 4922 889 4992 ipse
945 4921 1191 4978 innuere
1246 4924 1479 4979 videtur
1527 4925 1586 4980 in
1632 4926 1979 4999 praefatione
2016 4929 2107 4982 his

440 5004 636 5061 verbis
670 5023 681 5061 :
715 5009 853 5063 Jam
880 5025 1017 5065 vero
1047 5010 1119 5066 de
1150 5011 1331 5080 hujus
1356 5015 1506 5068 artis
1539 5017 1775 5071 nomine
1804 5031 1920 5070 non
1946 5031 2105 5085 prav-

441 5098 521 5149 teI
534 5094 886 5151 mittendum
920 5097 1177 5169 videtur,
1203 5100 1363 5169 quod
1386 5101 1621 5170 quidem
1649 5105 1761 5157 etsi
1777 5105 1938 5167 olim,
1966 5106 2105 5174 quia

440 5182 609 5237 verbi
631 5189 684 5238 et
716 5186 1071 5253 simpliciter
1098 5189 1274 5243 unius
1304 5190 1556 5245 alterius
1587 5193 1865 5247 dictionis
1892 5194 2108 5248 retine-

443 5269 542 5325 bat
572 5271 1144 5342 interpretationem,
1183 5275 1551 5332 Glossarium
1582 5286 1897 5335 vocaretur
1917 5296 1938 5335 .·
1973 5284 2104 5350 jam

439 5372 578 5415 vero
603 5360 1069 5430 deﬁnitionibus,
1102 5370 1156 5419 et
1184 5366 1510 5421 secundum
1553 5370 1795 5436 regulas
1851 5371 2110 5426 nationi-

442 5447 568 5515 bus,
601 5452 887 5507 sententis
920 5467 1170 5523 quoque,
1202 5458 1258 5508 et
1289 5455 1493 5509 multis
1520 5457 1583 5510 id
1611 5472 1796 5525 genus
1821 5460 2109 5528 superad-

440 5534 602 5602 ditis,
634 5539 821 5595 altius
863 5545 1041 5610 atque
1066 5542 1266 5610 aptius
1296 5543 1771 5601 Elementarium
1804 5549 2107 5603 Boi-trime

443 5622 887 5682 erudimentum
943 5630 1254 5686 nominari
1298 5634 1541 5700 poterit.
1596 5637 1680 5689 Ita
1725 5635 1970 5692 Carolus
2024 5635 2105 5690 du

2204 395 2360 450 rium
2392 394 2605 450 mediae
2634 399 2691 450 et
2714 394 2933 450 inﬁmae
2974 392 3326 457 Latinitatis,
3359 394 3387 459 ξ
3418 406 3530 445 seu
3562 404 3745 458 num,
3796 391 3870 449 δὲ,

2204 499 2346 557 pag.
2372 483 2578 557 36,qui
2607 487 2634 552 §
2664 500 2770 540 seu
2800 500 2966 550 num,
2994 486 3087 553 46,
3117 498 3180 555 p.
3209 486 3299 546 37,
3323 481 3449 535 haec
3478 478 3680 534 addit.

2279 594 2308 622 ‹‹
2340 572 2589 646 Papiam
2609 573 2821 645 excipit
2848 574 3066 644 Ugutio
3108 573 3393 637 Pisanus,
3425 568 3538 641 qui
3567 567 3756 636 longe
3798 566 3876 621 fu-

2206 660 2331 717 sius
2358 677 2429 717 ac
2454 660 2643 718 multa
2683 660 3121 717 vocabulorum
3168 663 3226 714 et
3274 658 3483 729 ἐτύμων
3537 654 3875 710 accessione

2203 750 2329 806 sive
2359 749 2721 806 Glossarium
2753 750 2877 805 sive
2921 747 3350 804 Dictionarium
3382 743 3635 801 auctius
3682 742 3875 797 edidit.

2202 839 2373 911 quod
2398 855 2545 895 mss.
2577 838 2638 894 in
2667 836 3045 895 bibliothecis
3091 835 3319 908 passim
3368 832 3703 904 reperitur.
3743 833 3875 885 Nam
3970 852 3971 911 ἦ

2202 929 2362 1001 typis
2388 944 2677 984 excusum
2704 944 2826 984 non
2849 931 3024 1001 puto,
3053 924 3220 998 quod
3255 940 3402 979 cum
3442 938 3556 977 ars
3609 926 3875 992 typogra-

2201 1018 2381 1090 phica
2436 1018 2679 1073 inventa
2735 1021 2841 1085 est,
2892 1015 3040 1071 illud
3070 1016 3131 1069 in
3161 1012 3383 1068 scholis
3417 1016 3575 1067 tunc
3645 1008 3875 1065 habere-

2208 1112 2318 1174 iur,
2351 1107 2517 1179 quod
2548 1123 2585 1163 a
2611 1109 2837 1162 Joanne
2857 1105 2932 1161 de
2962 1108 3158 1160 Janua
3188 1119 3259 1159 ex
3286 1100 3484 1174 Papia
3511 1104 3578 1154 et
3612 1098 3882 1167 Ugutione

2205 1196 2543 1251 confectum
2569 1200 2675 1250 est.
2708 1195 2845 1261 Quis
2876 1194 2985 1249 iste
3014 1192 3228 1263 Ugutio
3258 1189 3466 1254 fuerit,
3500 1188 3608 1243 vel
3660 1202 3784 1259 quo
3810 1188 3880 1240 vi-

2204 1286 2355 1341 xerit
2383 1284 2629 1349 saeculo,
2659 1301 2732 1340 ex
2760 1283 3103 1358 praefatione
3134 1281 3338 1355 operis
3382 1278 3562 1335 illius
3612 1293 3737 1332 non
3778 1293 3886 1349 per-

2205 1375 2496 1447 cipimus;
2530 1374 2637 1429 sed
2665 1374 2726 1429 id
2755 1374 3046 1429 docemur
3072 1388 3145 1427 ex
3178 1369 3495 1427 Chronico
3529 1384 3655 1422 me.
3674 1370 3886 1421 Nomin-

2206 1464 2432 1529 tulano,
2466 1464 2639 1533 cujus
2690 1462 2871 1519 verba
2914 1461 3012 1516 hic
3058 1458 3498 1515 describemus
3537 1474 3553 1511 :
3606 1457 3728 1510 Per
3782 1457 3885 1510 hac

2207 1558 2475 1622 tempora
2517 1552 2697 1621 (circa
2725 1568 2778 1607 a.
2816 1552 2974 1621 1192)
3004 1551 3179 1620 Agna
3214 1549 3476 1618 Ugutio,
3513 1547 3765 1601 natione
3810 1545 3888 1598 Pi-

2125 1659 2169 1710 Β
2203 1656 2409 1706 sanus,
2442 1642 2750 1709 episcopus
2788 1639 3215 1704 Ferrariensis,
3272 1637 3391 1707 qui
3450 1635 3648 1689 datus
3691 1649 3728 1687 a
3776 1632 3888 1686 sede

2206 1729 2535 1797 apostolica
2567 1728 2883 1796 coadjutor
2916 1725 3123 1781 abbati
3150 1724 3531 1778 monasterii
3586 1721 3885 1775 Nonantu-

2209 1818 2339 1871 lani
2360 1816 2616 1886 prodigo
2646 1815 2888 1883 homini,
2911 1828 2987 1870 ex
3018 1812 3171 1868 libro
3200 1809 3455 1881 Papiae,
3507 1810 3623 1880 qui
3671 1808 3794 1862 illic
3818 1814 3884 1860 es!

2211 1906 2431 1961 librum
2456 1906 2907 1960 Derivationum
2929 1902 3281 1971 composuit.
3300 1903 3367 1955 In
3382 1898 3751 1972 praefatione
3766 1910 3883 1949 vero

2207 1991 2525 2048 consilium
2556 1990 2752 2064 operis
2780 1995 2837 2045 et
2864 2004 3090 2044 nomen
3120 2003 3313 2043 suum
3337 1986 3432 2042 ita
3480 1985 3702 2057 aperit.
3742 1983 3879 2052 0pc:

2210 2085 2397 2153 igitur
2422 2083 2631 2137 divina
2659 2083 2900 2150 favente
2923 2080 3125 2149 gratia
3147 2091 3536 2145 componere
3560 2076 3873 2129 statuariis.

2208 2175 2271 2226 in
2297 2187 2413 2242 quo
2434 2187 2566 2240 pra
2623 2171 2782 2238 aliis,
2816 2169 3246 2225 vocabulorum
3284 2166 3792 2236 signiﬁcationes,
3816 2163 3873 2214 si-

2207 2262 2664 2330 gniﬁcationum
2722 2258 3148 2323 distinctiones,
3212 2255 3681 2310 derivativum
3726 2252 3872 2319 ongi-

2210 2364 2333 2417 nes,
2366 2349 2864 2418 etymologiarum
2929 2346 3387 2416 .ssignationes,
3436 2349 3496 2399 et
3548 2344 3871 2410 interpreta-

2212 2440 2439 2493 tionum
2463 2437 2840 2505 reperientur
2861 2434 3261 2504 expositiones
3291 2450 3305 2487 :
3327 2447 3599 2504 quorum
3624 2432 3876 2499 ignorau-

2212 2529 2297 2582 tia
2327 2527 2626 2581 Latinitas
2658 2524 3024 2579 naturaliter
3049 2522 3268 2592 indiga
3283 2520 3563 2592 quadam
3587 2519 3869 2573 doctor-mn

2206 2616 2461 2685 pigritia
2493 2630 2611 2669 non
2633 2614 2926 2668 modicum
2956 2617 3336 2667 coarctatur.
3354 2610 3485 2664 Nec
3516 2609 3638 2663 hoc
3665 2613 3871 2661 tantum

2214 2712 2277 2759 ut
2310 2706 2561 2759 vitream
2593 2702 2931 2758 cenodoxix
2958 2701 3367 2770 fragilitatem
3407 2698 3872 2766 lucrifaciamus.

2212 2793 2545 2861 adimplere
2574 2792 2943 2853 conabimur,
2971 2794 3271 2860 quantum
3294 2794 3358 2842 ut
3414 2787 3683 2842 omnium
3710 2784 3880 2837 scien-

2214 2882 2311 2935 tia
2340 2883 2598 2936 litteram
2625 2879 3072 2950 invigilantium
3098 2877 3439 2932 communis
3483 2875 3628 2929 inde
3654 2872 3877 2926 utilitas

2212 2971 2568 3039 efﬂorescat.
2602 2971 2724 3025 Nec
2753 2970 2949 3023 minus
2974 2966 3298 3022 descendat
3344 2967 3413 3019 in
3459 2968 3733 3023 mentem.
3780 2974 3876 3013 nos

2212 3060 2272 3112 in
2326 3058 2435 3113 hoc
2478 3073 2652 3127 opere
2693 3058 3119 3127 perfectionem
3170 3055 3534 3109 insinuatim
3580 3049 3872 3107 adhibere.

2213 3163 2347 3203 cum
2368 3148 2431 3202 in
2463 3148 2742 3202 humanis
2763 3147 2923 3201 nihil
2937 3145 3018 3200 ad
3041 3158 3304 3214 unguem
3331 3141 3687 3197 inveniatur
3704 3152 3871 3206 expo-

2216 3238 2410 3305 litum,
2443 3238 2577 3292 licet
2599 3237 2736 3292 aliis
2759 3236 2829 3290 de
2861 3237 2975 3290 hac
3000 3234 3206 3290 eadem
3224 3248 3295 3288 re
3314 3230 3723 3287 tractantibus
3742 3241 3874 3298 qua-

2214 3326 2353 3381 dam
2408 3326 2710 3395 singulari
2749 3324 3139 3399 perfectione,
3192 3322 3362 3376 haud
3412 3319 3644 3389 injuria
3695 3316 3873 3372 videri

2206 3429 2522 3482 possumus
2552 3414 2864 3469 excellere.
2895 3412 3051 3466 Nam
3079 3411 3177 3465 hic
3216 3408 3520 3478 parvulus
3560 3403 3873 3460 delectabi-

2213 3507 2318 3555 tur
2345 3502 2610 3568 suavius,
2665 3502 2764 3556 hic
2810 3500 3055 3556 adultus
3113 3498 3359 3553 uberius
3413 3494 3725 3560 cibabitur,
3782 3492 3877 3545 hic

2207 3592 2513 3659 perfectus
2560 3590 2910 3657 afﬂuenti-is
2943 3587 3389 3642 delectabitur:
3438 3584 3527 3638 hic
3561 3595 3879 3651 gymnoso-

2208 3678 2429 3746 phistae
2472 3678 2763 3746 triuiales,
2796 3678 2893 3731 hic
2938 3675 3255 3730 Didascali
3301 3671 3733 3744 quadriviales,
3785 3668 3877 3722 hic

2216 3768 2413 3836 legum
2437 3768 2823 3835 professores,
2858 3767 2954 3821 hic
3003 3765 3340 3834 Theologiae
3380 3766 3873 3833 perscrutatores,

2216 3858 2314 3912 hic
2343 3858 2754 3912 Ecclesiarum
2780 3856 3095 3924 proﬁcient
3122 3854 3579 3924 gubernatores.
3612 3851 3730 3905 Hic
3753 3864 3876 3917 sup-

2205 3947 2475 4015 plebitur
2499 3945 2783 4016 quicquid
2808 3944 3094 3999 hactenus
3119 3944 3385 3999 scientiae
3438 3941 3681 4009 defectu
3730 3954 3874 4007 prta

2215 4037 2551 4091 termissum
2583 4042 2687 4103 est,
2749 4035 2846 4090 hic
2901 4032 3252 4089 elimabitur
3298 4029 3594 4102 quicquid
3640 4044 3681 4084 a
3714 4029 3874 4095 longe

2216 4131 2478 4194 tempore
2500 4124 2663 4179 mala
2690 4129 3046 4193 usurpatum
3076 4127 3180 4177 est.
3216 4122 3287 4177 Si
3313 4122 3449 4191 quis
3476 4124 3717 4190 quaerat
3760 4131 3875 4185 ope-

2215 4215 2299 4268 ris
2330 4214 2511 4282 hujus
2533 4214 2665 4284 quis
2713 4219 2882 4268 actor
2912 4212 3127 4279 fuerit,
3168 4209 3491 4265 dicendum
3541 4214 3651 4276 est,
3711 4208 3869 4260 Deus.

2214 4304 2279 4357 Si
2305 4309 2534 4373 quaerat
2559 4302 2720 4373 quod
2742 4302 2933 4370 operis
2964 4300 3148 4369 hujus
3167 4300 3359 4369 fuerit
3392 4300 3867 4353 instrumentum.

2215 4386 2693 4461 respondendum
2733 4396 2817 4447 est
2871 4390 3031 4460 quod
3054 4390 3267 4458 patria
3308 4388 3597 4455 Pisanus,
3650 4387 3873 4439 nomine

2216 4482 2506 4551 Hugutio,
2553 4482 2729 4551 quasi
2764 4479 3038 4549 Eugetio,
3083 4478 3150 4533 id
3196 4484 3303 4543 est,
3356 4477 3509 4532 bona
3550 4482 3737 4537 terra,
3766 4490 3873 4527 non

2184 4575 2451 4623 'tantum
2485 4568 2898 4637 praesentibus,
2924 4567 3029 4633 sed
3050 4567 3234 4622 etiam
3278 4567 3511 4636 futuris
3542 4581 3568 4620 :
3614 4566 3709 4619 vel
3756 4563 3875 4616 Hu-

2215 4664 2400 4725 gutio.
2433 4659 2610 4727 quasi
2649 4658 2881 4727 Vigitio,
2902 4655 2967 4709 id
2994 4660 3079 4710 est
3104 4658 3302 4712 virens
3332 4661 3519 4717 terra,
3546 4669 3668 4708 non
3696 4653 3871 4707 solum

2213 4748 2343 4815 sibi,
2391 4746 2491 4802 sed
2528 4748 2705 4802 etiam
2764 4746 2921 4801 aliis.
2978 4744 3120 4813 Ejus
3169 4744 3409 4799 obitum
3444 4743 3609 4797 circa
3656 4756 3873 4796 annum

2219 4840 2354 4890 1212
2385 4834 2624 4904 conjicit
2656 4833 2934 4901 Ughellus
2960 4831 3021 4886 in
3051 4832 3353 4904 episcopis
3382 4829 3871 4887 Ferrariensibus

2215 4925 2311 4979 cui
2337 4924 2463 4979 haec
2510 4923 2585 4977 de
2639 4921 2925 4992 Ugutione
2975 4920 3143 4977 haud
3184 4926 3333 4976 nota
3376 4920 3639 4975 fuerunt.
3679 4944 3708 4966 ιι
3758 4917 3869 4970 Hac

2215 5013 2572 5068 verbotenus
2604 5010 2850 5066 Carolus
2869 5010 2952 5065 du
2976 5012 3210 5075 Fresne,
3237 5008 3529 5064 dominus
3559 5008 3647 5063 du
3667 5010 3869 5073 Gange.

2214 5102 2360 5157 locis
2401 5101 2613 5156 citatis.
2666 5100 2923 5157 Meminit
2969 5115 3212 5171 quoque
3268 5100 3464 5171 Papiae
3510 5097 3867 5166 grammatici

2215 5190 2519 5246 Cornelius
2558 5205 2596 5245 a
2634 5190 2940 5258 Beughem
2985 5188 3046 5242 in
3072 5187 3370 5259 opusculo
3396 5188 3480 5242 De
3504 5183 3865 5241 incunabulis

2214 5277 2631 5350 typographiie
2656 5277 2840 5332 verbo
2870 5277 3115 5345 Papias,
3157 5290 3300 5348 pag.
3332 5275 3456 5342 103,
3488 5276 3662 5344 cujus
3711 5274 3863 5326 Voca-

2214 5367 2518 5423 bularium
2562 5367 2754 5438 inquit
2793 5366 3153 5437 impressum
3184 5363 3333 5419 olim
3389 5363 3707 5421 Mediolani
3754 5362 3856 5415 1576

2214 5456 2432 5519 in-fol.,
2454 5457 2705 5511 Venetiis
2736 5454 3023 5520 1487,1491
3049 5458 3105 5508 et
3130 5456 3266 5509 1496
3287 5453 3352 5508 in
3378 5452 3482 5508 fol.
3508 5451 3682 5508 Illum
3702 5449 3854 5505 nati}

2213 5561 2290 5601 ne
2334 5544 2763 5613 Lombardum,
2809 5548 2932 5599 arte
2968 5542 3466 5611 grammaticum,
3514 5541 3673 5597 male
3720 5551 3849 5593 cum.

2216 5634 2545 5691 Trithemio
2570 5634 2651 5690 ad
2677 5648 2905 5690 annum
2936 5632 3147 5690 Christi
3176 5632 3311 5687 1200
3341 5631 3639 5689 claruisse
3662 5624 3850 5684 scr-ﬁt.
