3988 6182
433 177 566 232 1443

1565 166 1863 226 GARCIAS
1893 163 2271 221 MONACHUS
2302 163 2732 221 CUXACENSIS

3719 165 3833 218 1444

439 285 3822 326 w

995 429 1577 553 GARCI/E
1652 426 2324 549 MONACHI
2403 421 3288 546 CUXASENSIS

1854 677 2430 782 EPIS'ITIA

1179 921 1313 1009 AD
1369 919 1758 1009 OLIVAM
1817 918 2371 1009 EPISGOPUM
2430 912 3097 1007 AUSONENSEM

794 1131 889 1192 De
922 1125 1127 1192 initiis
1157 1124 1564 1192 monasterii
1607 1123 2034 1206 Cumasmsis,
2069 1129 2135 1192 et
2185 1119 2266 1190 de
2307 1122 2519 1188 sacris
2565 1120 2860 1210 reliquiis
2906 1120 2975 1186 in
3022 1139 3097 1187 eo
3130 1116 3499 1185 custoditis.

1732 1319 1962 1417 (Circa
1999 1342 2267 1393 annum
2315 1319 2555 1414 1040.)

508 1524 726 1596 (Edidit
755 1528 955 1580 BALUZ.
991 1525 1050 1579 in
1077 1523 1351 1596 Append.
1382 1521 1458 1578 ad
1491 1526 1746 1580 Marcam
1793 1524 2194 1598 Hispanicam,
2227 1538 2288 1596 p.
2327 1527 2482 1588 4072,
2513 1538 2586 1577 ex
2617 1518 2977 1577 chartulario
3008 1517 3355 1574 monasterii
3387 1516 3784 1573 Cuxasensim

506 1802 584 1871 (1)
611 1800 1052 1855 'Gloriosissimo
1081 1804 1260 1870 atque
1290 1798 1440 1853 inter
1469 1797 1604 1870 pios
1648 1799 1932 1871 praesules
1963 1799 2079 1855 cle-
2114 1800 2162 1852 Α
2193 1814 2405 1872 precor
2433 1801 2498 1852 ut
2525 1797 2641 1851 hoc
2667 1793 2835 1867 quod
2855 1791 3078 1848 inculto
3095 1806 3376 1846 sermone
3400 1791 3621 1864 protuli
3640 1807 3765 1847 non
3783 1792 3851 1845 vi—

436 1889 811 1944 mentissimo
864 1887 1017 1943 Patri
1068 1889 1254 1942 Dum
1303 1887 1603 1941 bonorum
1658 1888 2096 1943 monachorum

435 1975 1038 2043 ultimus,sanctitatis
1061 1980 1260 2029 autem
1287 1981 1491 2029 vestrae
1525 1978 1959 2046 servus,gratiae
2005 1977 2099 2032 vel

435 2065 765 2139 potestatis,
799 2065 1002 2136 quoad
1037 2064 1251 2133 vivam,
1287 2063 1547 2118 famulus
1583 2069 1848 2135 (lucus,
1882 2067 2097 2121 debitae

438 2155 731 2211 servitutis
762 2153 1144 2226 obsequium,
1180 2158 1235 2209 et
1278 2159 1511 2208 aeternae
1543 2155 1756 2226 quietis
1784 2156 2096 2229 incompa-

435 2245 621 2300 rabile
651 2244 989 2316 praemium.

508 2333 896 2406 Omnipotens
930 2335 1105 2398 Deus,
1139 2349 1278 2387 cum
1311 2332 1634 2389 visibilium
1683 2339 1863 2406 atque
1892 2333 2096 2389 invisi-

434 2423 648 2477 bilium
679 2421 1149 2476 substantiarum
1182 2427 1485 2476 creaturas
1530 2422 1828 2489 conderet,
1863 2427 1919 2478 et
1960 2438 2098 2478 cau-

435 2527 532 2566 sas
557 2509 649 2565 vel
681 2515 847 2564 actus
879 2525 1078 2564 rerum
1110 2509 1460 2575 adverteret,
1495 2527 1614 2565 suae
1647 2511 1873 2565 virtutis
1908 2528 2096 2566 aemu-

434 2598 686 2655 latorem
718 2597 939 2654 scilicet
963 2597 1252 2670 cupidum
1278 2597 1608 2653 ccrlestium
1639 2599 1989 2668 gratiarum,
2016 2599 2097 2653 ad

433 2688 678 2744 laudem
727 2691 783 2743 et
813 2686 1065 2756 gloriam
1096 2702 1292 2756 suam,
1324 2692 1461 2742 ante
1489 2687 1702 2742 mundi
1731 2687 2096 2742 constitutio-

435 2791 576 2832 nem
629 2775 846 2845 delegit
898 2775 1231 2841 hominem,
1281 2775 1391 2847 -qui
1438 2775 1734 2831 mundani
1787 2776 1985 2848 operis
2039 2780 2100 2830 et

437 2863 1284 2922 animant-iumuniversorum
1313 2865 1651 2920 necessario
1682 2869 1871 2920 uteret
1897 2869 2094 2936 potes-

434 2956 616 3006 tatem
661 2969 673 3018 ;
727 2953 908 3022 cujus
966 2953 1169 3021 gratiae
1215 2953 1312 3008 vel
1359 2953 1727 3009 similitudini
1771 2954 1947 3010 totius
1989 2956 2098 3009 hu-

421 3054 631 3094 manm
680 3039 1080 3096 universitatis
1122 3056 1230 3097 vos
1275 3039 1705 3098 conferendum
1748 3043 1912 3099 dedit
1952 3059 2096 3098 cum

2209 1893 2467 1961 tuperes,
2501 1889 2563 1940 ut
2614 1883 2885 1946 aemulus,
2921 1882 3019 1937 sed
3065 1886 3328 1936 vestrum
3377 1880 3674 1936 lucentem
3705 1882 3849 1949 inge-

2209 1977 2377 2032 nium
2408 1973 2663 2029 vindicet
2693 1977 2755 2027 ut
2782 1969 3129 2028 benevolus.

2281 2065 2573 2121 Nonnulla
2596 2079 2736 2130 ergo
2757 2079 2893 2134 ques
2918 2065 3053 2115 sunt
3073 2060 3221 2114 inter
3243 2058 3547 2116 chartulas
3571 2058 3848 2132 descripta

2208 2155 2429 2223 inveni,
2463 2160 2518 2208 et
2549 2170 2621 2207 ex
2668 2151 2816 2223 ipsis
2861 2149 3156 2222 quidquid
3203 2148 3561 2203 luculentius
3601 2149 3845 2203 invenire

2205 2245 2378 2319 potui
2407 2247 2510 2299 aut
2535 2242 2866 2297 multorum
2891 2239 3143 2309 utilitate
3165 2253 3365 2310 prona
3385 2238 3630 2293 cendere
3651 2238 3846 2292 studui

2209 2334 2516 2389 voluntate
2541 2333 2660 2386 ita:
2713 2332 2935 2394 Quarto
2982 2327 3277 2383 Kalendas
3325 2327 3588 2383 Octobris
3627 2327 3847 2382 celebri-

2207 2427 2299 2479 tas
2319 2419 2718 2478 dedicationis
2751 2417 2938 2474 sancti
2967 2416 3311 2486 archangeli
3343 2416 3634 2472 Michaelis
3663 2432 3846 2471 caeno-

2207 2512 2290 2566 bii
2336 2509 2711 2574 Cuxasensis,
2745 2523 2930 2580 quam
2969 2506 3148 2561 etiam
3187 2505 3523 2561 admodum
3570 2506 3630 2560 in
3663 2521 3845 2561 rerum

2207 2600 2390 2656 rebus
2424 2598 2710 2671 prudens,
2757 2601 2814 2652 et
2841 2595 2923 2652 ad
2952 2594 3291 2651 docendam
3322 2611 3395 2650 ex
3436 2599 3699 2666 tempore
3737 2594 3849 2666 ple-

2203 2692 2348 2746 bem
2404 2688 2726 2753 sufﬁciens,
2779 2686 2838 2742 in
2886 2685 3231 2758 metisque
3278 2685 3493 2740 studiis
3545 2701 3653 2758 per
3695 2685 3846 2741 tactile

2203 2776 2434 2847 lucens,
2462 2776 2774 2841 Vuarinus,
2803 2773 3080 2845 ejusdem
3109 2774 3284 2830 ﬁndi
3313 2774 3624 2845 religiosus
3641 2774 3847 2836 abba,

2207 2864 2413 2920 divina
2453 2864 2773 2920 reducente
2813 2879 3021 2932 manu,
3055 2879 3176 2918 una
3224 2879 3369 2920 cm
3412 2863 3680 2934 ejusdem
3717 2863 3851 2919 die-

2207 2953 2361 3008 cesis
2388 2952 2643 3026 praesule
2674 2953 2845 3022 signo
2883 2955 2941 3007 et
2971 2951 3217 3006 scientia
3259 2953 3532 3017 Sunion,
3563 2952 3848 3023 adiunctis

2202 3040 2582 3098 diversarum
2628 3041 2861 3097 sedtum
2889 3041 3209 3113 episcopis,
3244 3047 3474 3112 septem
3497 3042 3613 3099 vili
3649 3056 3849 3098 nm-

434 3142 736 3201 corporete
787 3128 1117 3197 fragilitatis
1155 3131 1522 3186 consortium
1559 3136 1616 3187 et
1641 3131 1916 3186 omnium
1965 3147 2094 3204 spe-
2135 3149 2174 3201 Β
2207 3145 2299 3197 ro,
2327 3135 2390 3186 et
2419 3130 2721 3185 nobilitate
2752 3145 2820 3185 ac
2851 3129 3700 3202 prudentia‘prtestantissinn',
3721 3145 3848 3187 cum

434 3217 680 3279 cierum,
727 3219 1062 3273 secundum
1120 3219 1576 3292 amplr'ltudinem
1645 3221 1822 3276 vestri
1875 3221 2096 3290 cordis,

433 3306 853 3378 inexplebilem
867 3312 1045 3380 atque
1067 3307 1466 3364 insatiabilem
1491 3309 1690 3364 tribuit
1710 3309 2091 3364 intellectum.

427 3393 695 3453 Primum
723 3396 998 3452 videlicet
1026 3398 1326 3452 vernantis
1371 3399 1556 3454 aetatis
1601 3397 1927 3470 disciplinis
1975 3413 2095 3470 prae

433 3486 956 3541 exercitaminibus
985 3492 1038 3541 et
1066 3487 1253 3541 multa
1288 3487 1683 3542 sollicitudine
1712 3489 1770 3542 in
1809 3505 2098 3559 processu

433 3575 717 3645 temporis
731 3575 1006 3630 laborare
1021 3575 1394 3648 compulit.el
1406 3576 1487 3630 sic
1501 3576 1574 3630 ad
1591 3593 1831 3631 omnem
1848 3592 2095 3632 causam

431 3677 503 3715 ex
526 3661 815 3730 parentali
842 3663 1219 3716 successione
1246 3678 1354 3734 pro
1373 3663 1614 3730 justitite
1644 3664 1864 3718 meritis
1888 3679 2094 3732 regen-

431 3748 648 3803 darum
678 3764 878 3803 rerum
921 3751 1017 3820 pie
1043 3750 1321 3821 preefecit,
1357 3755 1418 3803 ut
1441 3751 1604 3818 jugis
1638 3751 1920 3805 exhibitio
1949 3765 2094 3822 pro-

430 3836 722 3892 babilium
744 3841 989 3893 actuum
1010 3838 1142 3908 conj
1155 3841 1400 3907 ungeret
1420 3838 1720 3910 perccptio
1744 3837 2094 3894 sublimium

429 3925 818 3996 cogitatuum.
871 3926 1066 3982 Merito
1107 3932 1307 3981 autem
1357 3925 1727 3998 dispensatio
1771 3927 2094 3982 voluntatis

429 4021 714 4088 paternae,
767 4016 977 4087 spretis
1017 4014 1350 4070 honoribus
1391 4016 1624 4082 mundi,
1666 4032 1772 4069 vos
1823 4016 2092 4071 Ecclesiae

433 4121 557 4160 suae
583 4105 797 4159 iterum
827 4104 1071 4159 donavit
1096 4108 1407 4168 rectorem,
1441 4108 1505 4158 ut
1536 4103 1889 4175 imprudens
1919 4111 1975 4160 et
2003 4105 2092 4160 ni-

429 4192 544 4246 mis
571 4192 883 4263 imperitus
930 4192 1042 4246 sub
1074 4209 1260 4247 manu
1292 4197 1350 4246 et
1378 4191 1699 4246 beatudine
1731 4198 1926 4248 vestra
1964 4193 2093 4248 ubi-

431 4295 668 4349 cunque
699 4280 905 4333 secreti
940 4281 1170 4334 consilii
1198 4280 1444 4335 haberet
1472 4281 1848 4335 securitatem
1871 4287 1925 4336 et
1945 4281 2091 4336 lucri

430 4366 677 4438 majoris
705 4382 1013 4421 summam
1035 4367 1465 4422 defensionem.
1492 4369 1665 4433 Quod
1687 4370 2093 4442 experimento

431 4455 688 4528 copiosis
709 4455 998 4510 etsecuris
1019 4455 1146 4528 ipse
1167 4456 1441 4522 cognovi,
1457 4456 1604 4511 dum
1622 4457 1814 4514 dilecti
1835 4474 2094 4530 praecep-

431 4543 573 4600 toris
593 4543 687 4599 vel
710 4543 768 4598 in
794 4544 922 4599 toto
940 4543 1112 4599 vestri
1137 4541 1444 4598 familiaris
1477 4545 1698 4600 Arnalli
1720 4546 2016 4616 refugium
2039 4551 2095 4603 et

429 4632 820 4688 memorabile
861 4633 1015 4688 duce
1053 4633 1298 4701 furtum,
1334 4631 1552 4687 scilicet
1592 4633 1667 4688 de
1709 4635 2094 4691 instructione

432 4726 610 4794 atque
640 4721 994 4777 exaltatione
1027 4721 1356 4793 Christique
1384 4737 1454 4776 ac
1481 4727 1823 4777 sanctorum
1857 4724 1985 4793 ejus
2011 4725 2096 4797 pi-

431 4826 689 4879 gnorum
715 4809 1119 4871 conclusione.
1144 4810 1232 4866 vel
1261 4810 1461 4866 altaris
1491 4810 1674 4865 nostri
1701 4810 2092 4883 dedicatione,

430 4911 618 4952 necne
649 4897 802 4966 ignis
831 4897 1160 4963 exustione,
1193 4899 1373 4954 vestri
1417 4915 1558 4955 vero
1587 4898 1870 4954 laboriosi
1899 4901 2095 4972 operis

428 4986 878 5055 restauratione,
913 4991 968 5041 et
1013 4986 1228 5042 iterum
1279 4987 1556 5056 gloriosae
1601 4988 1773 5052 vallis
1814 4989 2093 5045 benedic-

419 5075 607 5142 tione,
638 5090 674 5130 a
703 5074 1145 5131 destruentibus
1176 5077 1355 5132 etiam
1399 5077 1749 5150 irruptione,
1781 5079 1840 5134 in
1871 5079 2094 5152 quibus

425 5163 632 5235 jussus
661 5161 768 5218 feci
799 5163 1011 5218 sinceri
1038 5164 1260 5219 amoris
1291 5166 1468 5220 vestri
1501 5165 1786 5232 ofﬁcium,
1812 5172 1867 5222 et
1901 5168 2093 5224 Domi-

428 5251 491 5309 ni
543 5251 660 5307 mei
713 5253 1005 5308 Michaelis
1062 5253 1219 5309 sensi
1273 5255 1640 5324 adjutorium
1699 5257 2091 5328 propitiatorii

427 5355 673 5414 quoque
699 5341 996 5397 coloribus
1018 5347 1074 5397 et
1101 5343 1611 5412 Evangelistarum
1639 5344 1845 5415 figuris
1879 5347 1925 5400 si
1947 5345 2094 5401 assi-

430 5431 626 5499 gnavi,
649 5447 771 5486 non
794 5446 934 5487 vero
957 5432 1318 5488 concedente
1341 5433 1572 5489 Christo
1594 5436 1654 5489 in
1681 5439 1872 5490 vestra
1903 5435 2090 5491 salute

416 5512 556 5576 ﬁeri
598 5537 772 5596 spero
802 5520 863 5578 in
893 5521 1106 5579 melius
1133 5523 1366 5594 majora
1410 5539 1482 5580 ex
1511 5525 1818 5581 omnibus.
1856 5526 2090 5584 Interim

2207 3219 2436 3274 inﬁnita
2457 3218 2841 3274 multitudine
2870 3218 3165 3274 nobilium
3191 3224 3486 3291 potestate
3511 3221 3854 3292 ponentium

2209 3325 2279 3364 ac
2326 3309 2629 3381 utriusque
2676 3325 2852 3364 sexus
2884 3309 3096 3364 diversi
3136 3309 3362 3365 ordinis
3392 3310 3738 3365 clericorum
3778 3315 3859 3364 at-

2209 3414 2325 3470 que
2357 3398 2622 3470 plebium
2645 3397 2823 3452 variae
2851 3398 3158 3467 dignitatis
3187 3399 3654 3454 eminentissimo
3685 3404 3856 3463 cmtu,

2209 3488 2269 3543 in
2300 3487 2820 3558 gaudiis‘magnis
2865 3487 3195 3542 actionibus
3241 3487 3559 3554 gratiarum
3615 3487 3858 3542 dedica-

2209 3581 2416 3630 verunt
2473 3574 2757 3646 illamque
2810 3575 2984 3629 donis
3039 3574 3356 3645 duplicibus
3407 3573 3472 3627 in
3521 3590 3861 3630 commune

2207 3663 2740 3734 locupletaverunt,
2766 3669 2822 3718 et
2851 3665 3026 3732 regia:
3051 3663 3310 3733 dignitati
3338 3679 3477 3718 cum
3502 3664 3859 3719 muneribus

2205 3757 2263 3807 et
2291 3750 2798 3822 coronis-copiam
2841 3752 3228 3807 reddiderunt
3269 3758 3325 3806 et
3368 3768 3504 3808 eam
3534 3753 3597 3808 in
3631 3752 3858 3809 irrefra-

2208 3837 2389 3909 gabili
2414 3840 2565 3909 juris
2592 3840 2982 3911 perpetuitate
3012 3857 3142 3896 esse
3175 3841 3592 3897 inconvulsam
3625 3847 3728 3897 aut
3771 3859 3858 3897 cu-

2201 3928 2542 3999 juscunque
2593 3928 2810 3983 servitii
2855 3929 3123 4000 qualibet
3167 3930 3550 3986 exsecutione
3598 3931 3851 3994 liberam,

2207 4034 2275 4072 ac
2305 4016 2364 4071 in
2397 4017 2790 4089 protelatione
2820 4018 3030 4074 ﬁnium
3083 4035 3221 4076 cum
3273 4019 3396 4074 suis
3443 4019 3665 4092 opibus
3715 4027 3850 4075 stare

2207 4121 2443 4177 semper
2493 4106 2825 4173 dominam,
2871 4108 3158 4179 quodque
3212 4109 3542 4164 sanctiores
3595 4126 3728 4166 eum
3772 4125 3851 4163 or-

2203 4209 2378 4248 nasse
2434 4195 2727 4268 templum
2793 4212 2866 4251 ex
2917 4212 3144 4265 magna
3203 4202 3373 4269 parte
3439 4197 3847 4254 venerabilium

2204 4290 2548 4340 sanctorum
2594 4291 2650 4342 et
2703 4290 2960 4356 majores
2989 4288 3335 4360 quicunque
3386 4289 3840 4361 populorumque

2203 4379 2496 4445 potentes,
2556 4391 2878 4431 munerum
2933 4375 3204 4445 largitate
3262 4378 3542 4450 apprime
3595 4379 3846 4438 ditatum,

2205 4463 2609 4536 omnibusque
2630 4465 2808 4519 bonis
2835 4481 2986 4538 pene
3014 4465 3428 4535 sul-limatum,
3455 4468 3680 4540 utrique
3706 4466 3856 4538 parti

2203 4557 2659 4608 sacrosanctum
2675 4553 2934 4610 Domino
2959 4554 3249 4626 templum
3276 4562 3684 4612 sacraverunt.
3703 4555 3857 4612 Unde

2207 4639 2387 4694 etiam
2413 4657 2484 4696 ex
2511 4641 2724 4696 eadem
2753 4642 3000 4697 ecclesia
3045 4642 3138 4698 vel
3167 4643 3548 4700 dedicatione
3582 4662 3692 4700 suo
3719 4649 3857 4700 tem-

2208 4743 2353 4799 pore
2385 4729 2666 4800 optabilis
2699 4736 2785 4786 est
2809 4731 3143 4788 recordatio
3170 4733 3466 4805 paulatim
3493 4738 3551 4789 et
3581 4735 3860 4790 memoria

2207 4818 2552 4873 amantibus
2586 4819 2866 4889 cognosci
2912 4826 3032 4876 tota
3063 4821 3323 4878 veritate.
3362 4825 3426 4878 Et
3455 4823 3654 4896 primo
3685 4840 3858 4896 quam

2209 4906 2464 4975 gloriose
2499 4909 2650 4962 Deus
2673 4907 2872 4964 locum
2896 4913 2953 4964 et
2977 4909 3267 4982 templum
3289 4927 3422 4966 esse
3453 4911 3568 4967 sibi
3593 4912 3857 4976 effecerit,

2207 5011 2515 5068 quamque
2575 4997 2984 5070 Redemptoris
3043 4999 3228 5054 nostri
3292 4999 3480 5056 facilis
3547 5001 3858 5058 miserandi

2208 5083 2521 5140 clementia
2550 5086 2703 5141 votis
2735 5086 2888 5142 adsit
2906 5087 3396 5160 supplicantium,
3418 5104 3667 5163 quoque
3693 5089 3860 5147 modo
3946 5113 3947 5133 ι

2205 5172 2372 5227 locus
2402 5173 2495 5228 ille
2532 5173 2684 5230 inter
2714 5175 2941 5248 primos
2986 5176 3164 5232 totius
3204 5177 3369 5234 orbis
3413 5178 3791 5251 plenitudine
3815 5184 3862 5233 et

2204 5263 2580 5318 veneratione
2639 5263 2882 5333 fulgeat,
2929 5266 3146 5336 paucis
3204 5265 3400 5322 verbis
3452 5267 3858 5325 circumtonat.

2204 5350 2519 5406 Enimvero
2593 5353 2931 5425 antiquiora
3005 5355 3224 5426 posteri
3275 5357 3582 5412 memoriae
3641 5358 3858 5414 tradere
3944 5377 3945 5425 ξ

2201 5439 2378 5496 laude
2411 5448 2466 5498 et
2498 5443 2833 5499 testimonio
2863 5443 3117 5514 dignum
3146 5450 3252 5501 est.

2275 5530 2456 5601 Igitur
2491 5537 2628 5603 post
2665 5531 2782 5589 tela
2814 5532 3160 5604 apostolicae
3195 5531 3443 5594 sidonia
3942 5553 3943 5604 ξ

502 5609 575 5676 (1)
607 5611 818 5667 Textus
849 5611 1229 5685 corruptione
1605 5630 1730 5672 non
1761 5631 1882 5673 uno
1911 5616 1975 5676 in
2001 5615 2400 5678 locolaborat
