4020 6176
147 199 288 256 1445

1340 203 1430 260 DE
1472 205 1752 262 ORIGINE
1792 205 2214 266 MONASTERII
2256 205 2384 268 8Ηί.

3434 221 3572 274 1466

143 323 408 380 οωοοὺίὶ
436 324 636 380 Sancti
665 322 913 380 Andreae
937 325 1194 395 apostoli
1223 331 1279 383 et
1316 329 1809 387 restaurationem
1840 334 1889 386 A
1923 331 2070 390 forte
2102 335 2389 401 munitus,
2430 334 2579 406 jucit
2617 337 3077 397 fundamentum
3120 356 3192 398 ex
3228 343 3576 412 vulgaribus

141 429 280 484 quae
328 429 540 469 coram
575 413 782 485 positis
821 412 1076 481 videtur,
1110 419 1167 470 et
1193 415 1408 485 legitur
1454 419 1811 476 sanctissimi

142 502 427 558 Germani
459 501 737 574 praesulis
765 499 979 555 divinae
1021 503 1412 574 providentiae
1452 507 1697 578 quidem
1729 507 1812 563 fa-

140 596 306 646 ctum
341 609 353 646 :
390 592 761 649 clarissimus
801 590 1062 654 Pontius,
1097 592 1195 648 vix
1225 594 1458 650 eximite
1487 596 1812 652 nobilitatis

143 680 606 752 probabilisque
655 682 806 746 vitai,
839 684 1210 736 conventum
1258 682 1624 739 dominantis
1655 684 1811 739 illius

143 769 408 825 cmnobii
440 766 823 842 procurabat,
868 767 1086 839 hisque
1134 771 1247 824 sub
1278 770 1461 826 felicis
1489 772 1808 828 memoriae.

147 858 483 914 Seniofredi
527 855 780 922 comitis,
814 855 920 926 qui
947 856 1078 925 jam
1107 873 1275 928 spem
1322 875 1496 914 suam
1530 861 1589 915 in
1617 859 1813 915 fructi-

141 948 260 1004 bus
291 948 686 1004 collocaverat
715 945 912 1013 bonis,
938 951 996 1001 et
1019 947 1242 1003 viribus
1259 952 1439 1020 atque
1467 950 1812 1005 auctoritate

147 1041 443 1109 potentior
457 1037 668 1103 inerat,
688 1034 937 1106 provide
962 1036 1146 1090 armis
1171 1037 1468 1108 patientia;
1488 1039 1808 1108 fulciretur,

149 1143 218 1182 ac
237 1142 355 1197 prin
382 1124 609 1180 caeteris
633 1123 835 1193 gratiae
860 1140 987 1178 sum
1024 1124 1086 1179 in
1116 1125 1318 1182 multis
1341 1127 1660 1183 haberetur
1690 1127 1811 1183 sin-

151 1215 388 1284 gularis,
421 1215 516 1270 die
544 1214 815 1286 quadam
843 1212 954 1284 piis
980 1214 1182 1269 verbis
1201 1215 1406 1272 extulit
1424 1232 1563 1272 eum
1584 1217 1806 1272 dicens:

152 1307 300 1360 Loco
321 1319 444 1374 quo
469 1302 867 1374 prmsidemus
888 1306 945 1357 et
969 1308 1235 1374 paterna:
1262 1305 1582 1374 vigilantia:
1613 1306 1810 1360 ofﬁcio

149 1393 612 1465 dispensationis
642 1409 849 1448 curam
899 1393 1276 1460 exhibemus,
1313 1398 1650 1451 Creatorem
1679 1412 1809 1451 om-

149 1482 313 1538 nium
342 1482 665 1551 magnifice
689 1481 984 1545 laedimus,
1014 1483 1305 1553 quoniam
1336 1499 1535 1539 rerum
1566 1484 1808 1540 saecula—

151 1572 303 1626 rium
332 1570 529 1639 magis
560 1570 842 1624 volumus
868 1570 1198 1626 ambitione
1227 1571 1486 1627 distendi
1514 1590 1701 1644 quam
1731 1573 1809 1629 ad

1923 422 2087 478 saxis.
2095 424 2612 497 popularibusque
2623 427 2871 498 quadris
2882 427 3345 490 luculentissima
3363 451 3375 499 ;
3389 448 3577 504 quam

1921 524 2061 564 cum
2092 511 2265 568 altius
2297 515 2609 570 materiam
2641 516 2771 585 ejus
2800 515 2862 570 in
2893 516 3262 586 longitudine
3297 535 3484 592 usque
3515 520 3578 580 in

1920 598 2158 667 triginta
2192 605 2304 655 tres
2335 602 2588 671 cubitos,
2617 607 2674 658 et
2699 603 2760 659 in
2802 603 3111 662 latitudine
3142 607 3396 678 penein
3428 623 3578 679 qua-

1921 686 2197 757 draginta
2226 690 2459 761 palmas
2501 692 2808 759 elevasset,
2858 695 3100 751 tandem
3128 696 3190 751 in
3229 695 3584 754 excellentia

1921 790 2095 832 arcus
2133 779 2570 848 elegantissime
2624 782 2883 850 demisit,
2933 799 3116 840 causa
3159 786 3219 841 in
3271 785 3580 859 prosperis

1921 863 2221 921 invidente
2258 885 2269 934 ;
2299 869 2612 939 quoniam,
2645 873 2709 926 ut
2738 870 2818 926 ait
2849 871 3119 942 quidam,
3152 873 3408 930 felicitas
3440 874 3583 929 sub-

1916 951 2074 1021 jecta
2127 961 2218 1010 est
2270 973 2506 1028 semper
2557 958 2845 1027 adversis,
2895 962 3418 1035 pertransientque
3448 980 3585 1020 eam

1921 1040 2182 1112 plurimi,
2215 1049 2271 1100 et
2300 1046 2608 1118 multiplex
2642 1047 2750 1102 erit
2777 1047 3038 1105 scientia.

1993 1133 2130 1202 Ejus
2169 1135 2228 1190 in
2259 1136 2390 1192 loco
2422 1153 2638 1208 nempe
2684 1138 2933 1208 rapitur,
2966 1144 3030 1193 ut
3057 1139 3276 1205 decuit,
3331 1142 3590 1212 angelus

1918 1220 2012 1275 vel
2041 1222 2295 1279 caelestis
2341 1225 2526 1280 homo
2577 1226 2871 1280 Vuarinus
2901 1225 3226 1282 identidem
3266 1235 3591 1287 exstruens

1919 1308 2251 1380 basilicam,
2304 1313 2559 1383 parietes
2618 1314 2921 1369 succincto
2959 1331 3138 1387 opere
3187 1315 3250 1370 in
3300 1318 3589 1387 magniﬁ-

1919 1398 2111 1453 centia
2142 1399 2382 1456 fabricae
2397 1403 2944 1459 cumadmiratione
2966 1404 3225 1460 mirabili
3245 1405 3308 1460 in
3327 1407 3590 1463 sublime

1919 1487 2120 1552 erexit,
2157 1488 2390 1558 fastigia
2419 1507 2562 1546 vero
2590 1491 2867 1546 culminis
2893 1493 3244 1564 proceritate
3269 1494 3456 1550 simul
3477 1500 3593 1553 tra-

1918 1574 2086 1631 bium
2119 1581 2175 1632 et
2223 1585 2716 1635 ornamentorum
2749 1581 3104 1638 claritudine
3145 1582 3248 1638 illa
3282 1585 3589 1640 venustis-

152 1657 553 1731 reparandam
586 1657 838 1723 geminae
881 1656 1221 1714 hostilitatis
1271 1659 1496 1713 bellum
1544 1665 1601 1714 et
1639 1677 1807 1716 same
1845 1677 1886 1732 Β
1920 1664 2065 1719 sime
2113 1668 2362 1738 operuit.
2415 1669 2615 1724 Prima
2640 1685 2882 1741 quoque
2925 1671 3085 1726 aedes
3124 1673 3320 1727 sancti
3353 1680 3592 1730 sancto—

151 1746 453 1802 seditionis
485 1744 773 1800 tumultus
827 1744 886 1798 in
926 1747 1342 1817 pruspectione
1387 1749 1807 1819 temporalium

153 1835 589 1907 [spiritualium]
639 1834 803 1905 quod
837 1837 954 1888 Deo
983 1835 1218 1906 placeat
1247 1836 1538 1892 decertari
1593 1842 1648 1892 et
1676 1840 1807 1909 qui—

152 1925 293 1980 dem
343 1940 453 1979 nos
501 1925 636 1994 post
683 1922 1029 1978 discrimina
1075 1923 1271 1989 totius,
1305 1931 1369 1979 ut
1421 1925 1502 1979 ita
1532 1925 1806 1995 dixerim,

154 2013 290 2077 loci,
337 2017 471 2084 post
510 2011 742 2077 virgam
789 2009 1002 2064 furoris
1050 2012 1171 2081 Dei,
1220 2013 1572 2084 improvisis
1611 2015 1808 2069 causis

157 2101 293 2172 plus
347 2100 554 2155 virtute
609 2115 794 2171 quam
855 2099 1138 2167 religione
1192 2101 1270 2156 ad
1329 2117 1482 2156 usus
1536 2104 1810 2158 omnium

155 2206 230 2243 ex
267 2189 476 2260 ineptis
505 2188 712 2242 ofﬁciis
742 2189 1113 2244 decurrimus
1143 2190 1465 2256 beatiores,
1515 2191 1639 2246 sine
1673 2207 1809 2262 pro-

154 2278 283 2349 prio
312 2277 524 2331 sudore
564 2282 777 2331 nostrae
805 2292 1021 2331 manus
1051 2278 1128 2332 ab
1156 2279 1446 2333 omnibus
1488 2279 1814 2335 laudantur

157 2371 440 2437 potestate
486 2365 880 2419 sublimiores.
926 2369 1053 2437 Ipse
1086 2367 1367 2438 denique,
1417 2367 1572 2421 sicut
1601 2368 1810 2434 nostis,

160 2470 267 2526 per
294 2471 475 2526 aquas
516 2454 710 2508 caades
759 2469 1014 2523 magnas
1059 2455 1270 2518 intulit,
1312 2461 1371 2510 et
1416 2456 1498 2510 ob
1531 2458 1813 2511 meritum

155 2543 346 2615 culpae
377 2543 785 2598 miserabiliter
811 2550 1123 2614 superatus
1155 2544 1359 2616 periit;
1389 2545 1474 2598 sic
1505 2561 1752 2617 quoque
1778 2560 1814 2600 a

156 2632 592 2686 venerabilibus
623 2633 762 2686 viris
793 2647 866 2686 ex
883 2633 1246 2700 benignitate
1271 2634 1511 2702 juratus
1539 2639 1597 2688 et
1627 2635 1814 2690 refor-

155 2727 372 2786 matus,
400 2721 820 2792 regalibusque
862 2722 1172 2794 praeceptis
1220 2722 1309 2776 vel
1357 2721 1690 2793 privilegiis
1721 2739 1815 2778 ro-

155 2812 417 2876 boratus,
447 2827 552 2882 per
573 2811 906 2881 jussionem
934 2811 1264 2866 serenitatis
1295 2816 1515 2866 nostrae
1547 2812 1629 2867 ad
1658 2829 1814 2885 opus

152 2901 556 2958 intermissum
603 2907 886 2974 praestare
932 2903 1088 2956 duco
1140 2902 1632 2974 supplementum
1690 2919 1814 2975 quo

153 2991 356 3046 diluvii
404 2991 682 3061 impetus,
730 2991 816 3045 vel
877 2991 1201 3045 fulminum
1231 2991 1383 3045 ictus
1424 2993 1616 3063 possit
1664 2993 1814 3048 ferre

155 3085 216 3136 et
265 3079 681 3140 inundationes
725 3079 1064 3152 pluviarum
1091 3079 1151 3134 in
1182 3096 1353 3152 spem
1385 3080 1590 3149 gaudii
1621 3083 1817 3138 valeat

153 3169 318 3225 dare.

231 3258 315 3313 Ad
344 3273 525 3330 quem
557 3257 652 3312 ille
681 3277 692 3313 :
729 3281 755 3305 «
784 3258 947 3314 Unde
975 3258 1118 3312 mihi
1151 3271 1372 3313 nomen
1400 3262 1457 3312 et
1485 3258 1686 3314 laudis
1712 3260 1816 3314 ho-

156 3347 334 3402 stiam
365 3349 454 3402 vel
481 3348 697 3403 animae
725 3364 871 3402 mete
904 3348 1161 3402 laetitiam
1189 3348 1216 3400 ‘?
1236 3370 1262 3394 ››
1297 3349 1393 3401 Est
1426 3363 1647 3419 perpar
1663 3350 1811 3419 mla,

157 3436 364 3506 inquit,
416 3451 537 3490 non
575 3434 774 3490 dicam
818 3436 1088 3504 ecclesia,
1147 3435 1248 3490 sed
1305 3436 1636 3492 oratorium
1678 3442 1815 3493 ante

163 3524 454 3594 templum
512 3524 718 3578 domni
770 3525 1064 3591 Germani,
1125 3523 1416 3578 Michaelis
1471 3525 1814 3593 archangeli

157 3612 326 3668 titulo
391 3612 758 3680 insignitum,
820 3613 922 3683 qui
988 3612 1300 3683 aliquoties
1379 3627 1414 3666 a
1483 3614 1816 3685 frequentia

157 3700 433 3755 omnium
461 3706 665 3756 manet
691 3700 1022 3755 exclusum.
1054 3700 1169 3771 Ipsi
1200 3715 1343 3768 ergo
1375 3705 1564 3754 totum
1597 3717 1815 3772 corpus

155 3788 421 3845 ecclesiae
473 3805 610 3844 cum
668 3789 1104 3844 habitatoribus
1159 3788 1304 3857 suis,
1353 3789 1526 3857 juxta
1571 3803 1816 3844 sensum

155 3884 339 3948 atque
364 3878 716 3950 sapientiam
746 3883 1027 3942 vestram,
1061 3879 1119 3932 in
1151 3877 1478 3932 vindictam
1508 3878 1730 3948 patriae,
1756 3877 1817 3933 in

154 3967 550 4022 commodum
580 3971 881 4038 perpetuae
909 3966 1149 4033 militiae,
1175 3966 1464 4021 adversus
1491 3966 1816 4021 infructuo-

154 4071 292 4110 sam
343 4053 772 4123 malignitatem
831 4055 1064 4110 decenti
1112 4056 1338 4109 honore
1395 4054 1661 4109 funditus
1711 4054 1818 4109 eri-

156 4159 380 4214 gamus
431 4142 654 4198 aulam.
699 4145 872 4198 "l‘unc
919 4144 1200 4214 princeps
1240 4143 1414 4214 quasi
1464 4148 1817 4214 conceptam

152 4232 631 4287 misericordiam
672 4232 923 4286 festinus
957 4231 1267 4297 concessit,
1301 4236 1355 4286 et
1387 4231 1467 4286 ait
1500 4248 1512 4285 :
1568 4231 1818 4287 Licitum

153 4322 268 4377 erit
322 4321 592 4390 gloriosis
637 4321 915 4393 precibus
971 4321 1255 4376 omnibus
1305 4321 1816 4392 prosequendum,

152 4412 239 4466 ita
295 4415 358 4465 ut
409 4411 521 4465 sub
573 4410 794 4464 nullius
849 4410 1153 4478 redigatur
1206 4414 1556 4481 potestatem
1605 4414 1662 4463 et
1710 4410 1818 4465 do-

156 4516 298 4554 mus
354 4499 585 4555 Domini
633 4500 694 4554 in
739 4499 1021 4570 religione
1069 4503 1128 4554 et
1167 4498 1409 4553 laudem
1467 4498 1558 4553 vel
1606 4499 1820 4555 virtute

155 4587 374 4643 Christi
419 4588 760 4659 summique
814 4586 1109 4643 Michaelis
1161 4587 1387 4640 honore
1441 4591 1821 4642 construatur

151 4675 544 4748 infelicesque
602 4675 826 4730 inimici
879 4692 987 4748 per
1042 4674 1325 4729 eumdem
1391 4674 1821 4743 archangelum

148 4763 502 4834 effugentur
543 4769 600 4819 et
640 4769 1080 4836 persequantur
1107 4762 1304 4836 potius
1354 4777 1540 4833 quam
1591 4761 1823 4833 partici-

149 4860 381 4925 pentur
413 4873 426 4920 ;
467 4859 544 4920 et,
577 4859 641 4909 ut
671 4853 881 4908 merito
907 4853 1139 4924 loquar,
1174 4856 1516 4908 sanctorum
1547 4851 1820 4907 omnium

148 4944 481 5016 primatem
514 4942 879 5016 superbitgue
922 4941 1208 4997 Draconis
1247 4942 1530 4997 victorem
1560 4941 1730 4997 decet
1759 4945 1822 4997 ut

149 5036 291 5104 ejus
321 5035 635 5090 ecclesiam
668 5049 904 5090 sacram
934 5032 1219 5100 obtineat,
1253 5033 1580 5103 potentiam
1629 5037 1684 5088 et
1711 5031 1819 5088 ha-

148 5122 300 5178 beat
331 5128 553 5178 sortem
587 5137 841 5187 coronae,
869 5126 926 5176 et
964 5120 1090 5192 ipse
1144 5119 1388 5189 belliger
1436 5123 1629 5178 celsus
1671 5139 1822 5194 pree-

149 5212 344 5266 sentis
375 5213 576 5268 saeculi
611 5217 683 5267 sit
735 5211 898 5266 salus
949 5214 1004 5264 et
1057 5208 1220 5262 omni
1252 5211 1578 5280 posteritati
1631 5213 1821 5284 gentis

147 5305 401 5371 nostrae,
450 5302 597 5371 dux,
643 5308 700 5357 et
751 5301 1033 5356 defensor
1061 5297 1322 5370 novique
1370 5299 1554 5369 praelii
1614 5303 1821 5357 trium-

146 5392 403 5463 phator,
433 5397 493 5448 et
518 5392 633 5448 sibi
664 5391 1004 5464 parentium
1031 5387 1307 5443 defensor
1336 5387 1636 5456 benignus
1668 5391 1822 5446 inve-

146 5480 385 5536 niatur.

229 5571 320 5623 ita
372 5583 516 5640 ergo
545 5570 606 5625 in
656 5585 846 5625 unum
883 5565 1268 5624 humanitatis
1318 5581 1659 5622 sermonem
1689 5566 1822 5624 dili-

150 5658 520 5724 gentissime
564 5664 875 5731 ponentes,
905 5657 994 5714 vir
1041 5657 1279 5728 dignus,
1311 5656 1581 5728 angelico
1608 5656 1822 5717 solatio

1918 1769 2073 1822 rum,
2107 1769 2239 1825 quae
2293 1763 2347 1811 et
2395 1758 2831 1829 presbyterium
2873 1759 3108 1828 dicitur,
3140 1765 3198 1815 et
3237 1761 3376 1833 ipsa
3400 1763 3592 1834 plani-

1921 1843 2024 1896 ties
2057 1849 2224 1912 grato
2266 1861 2444 1917 opere
2489 1846 2677 1913 facta;
2729 1863 2911 1919 supra
2939 1864 3125 1919 quam
3165 1850 3462 1923 principis
3489 1853 3586 1909 Mi-

1920 1931 2140 1986 chaelis
2171 1933 2352 1989 altare
2385 1934 2442 1988 in
2488 1939 2748 2006 quatuor
2788 1936 3207 2006 pulcherrimis
3259 1939 3587 2010 columnis,

1921 2034 1993 2074 ex
2023 2027 2484 2088 agonoscemate
2515 2022 2704 2092 factis,
2746 2023 2972 2078 honore
3020 2024 3328 2094 eondigno
3364 2028 3588 2084 statuit.

1922 2109 2075 2162 Totae
2094 2110 2319 2182 quippe
2351 2110 2586 2166 illarum
2614 2112 2835 2166 frontes
2866 2112 3105 2167 artiﬁcis
3149 2117 3414 2171 exterius
3439 2117 3592 2190 peri-

1925 2194 2003 2249 tia
2056 2196 2272 2268 politre,
2323 2199 2567 2253 interius
2624 2215 2766 2253 vero
2824 2205 3172 2264 excavatae;
3246 2203 3308 2257 in
3367 2205 3591 2276 quibus

1925 2299 2093 2340 aram
2121 2303 2470 2341 mensuram
2518 2288 2791 2342 vastioris
2835 2289 3273 2354 grossitudinis,
3309 2298 3386 2359 et,
3419 2299 3483 2348 ut
3510 2293 3592 2347 ita

1923 2373 2138 2438 dicem,
2165 2376 2444 2430 tredecim
2473 2376 2794 2448 semipedis
2825 2376 3005 2445 longa
3028 2383 3084 2433 et
3104 2393 3328 2435 novem
3361 2381 3588 2454 ampla,

1925 2462 2328 2535 omnibusque
2394 2463 2688 2518 columnis
2753 2464 2831 2520 ad
2889 2480 3023 2519 eam
3082 2466 3387 2525 introitus.
3458 2470 3592 2541 ipsa

1927 2556 2124 2606 autem
2174 2553 2330 2606 intus
2364 2568 2433 2606 ac
2464 2552 2605 2606 foris
2646 2553 2790 2607 nihil
2816 2554 2983 2624 quod
3009 2555 3252 2610 animus
3296 2563 3404 2614 aut
3429 2558 3591 2613 oculi

1925 2642 2216 2696 mirentur
2245 2641 2445 2696 minus
2478 2657 2600 2712 prae
2633 2641 2908 2697 albedine
2960 2643 3165 2698 nimia.
3201 2644 3265 2698 1n
3319 2647 3588 2701 medium

1927 2729 2222 2800 siquidem
2255 2730 2454 2785 altaris
2475 2730 2721 2785 viviﬁcaa
2749 2731 2942 2786 crucis
2962 2731 3214 2787 modum
3248 2734 3593 2790 intercludit

1925 2819 2308 2888 terrigenum,
2341 2825 2398 2874 et
2439 2819 2812 2891 profundiori
2862 2820 2994 2875 loco
3021 2821 3081 2875 in
3129 2821 3590 2880 inviibiliorem

1924 2922 2106 2978 quem
2136 2908 2260 2979 ipse
2285 2907 2709 2978 Hierosolymis
2731 2912 2786 2963 et
2813 2911 3012 2964 Romae
3041 2907 3136 2963 vel
3163 2909 3227 2964 in
3248 2913 3589 2984 acquilibus

1847 3017 1889 3070 ο
1925 2995 2071 3050 locis
2094 3012 2314 3051 munus
2334 2997 2508 3062 datis,
2525 2996 2856 3068 altquando
2882 2997 3117 3065 magnis
3139 2999 3349 3069 pretiis
3391 3001 3592 3074 acqui-

1925 3085 2120 3150 sierat,
2154 3085 2313 3139 visus
2342 3089 2429 3139 est
2453 3084 2653 3139 ordiri.
2690 3086 2750 3138 In
2784 3085 2972 3140 altiori
2996 3101 3216 3157 nempe
3243 3089 3435 3156 gradu
3466 3089 3592 3160 plu-

1923 3173 2076 3228 rima
2106 3173 2326 3245 quibus
2358 3173 2514 3227 idem
2546 3172 2713 3226 locus
2743 3172 3089 3238 excellebat,
3115 3180 3468 3231 sanctorum
3500 3177 3588 3248 pi-

1926 3277 2135 3331 gnora,
2159 3268 2214 3317 et
2239 3279 2372 3334 qua:
2399 3278 2433 3316 a
2455 3261 2744 3330 religiosis
2771 3262 2909 3317 viris
2939 3262 3094 3317 datae
3123 3269 3269 3318 sunt
3299 3265 3586 3338 reliquias,

1923 3355 2047 3406 tota
2076 3351 2286 3406 mentis
2318 3349 2532 3405 intuitu
2566 3354 2805 3422 totaque
2831 3349 3028 3406 cordis
3059 3349 3592 3419 devotione,bene-

1923 3439 2186 3493 dicentes
2216 3437 2507 3492 Deinostri
2531 3436 3590 3512 clementiam.sepelierunt.nenique

1923 3531 1974 3582 is
2019 3527 2093 3581 de
2142 3543 2264 3598 quo
2293 3542 2476 3598 supra
2507 3525 2814 3580 retulimus
2846 3528 3064 3581 chorus
3117 3531 3588 3586 reverendorum

1926 3616 2249 3687 praesulum
2273 3616 2657 3669 innumerosa
2679 3616 2989 3684 congeries
3003 3614 3436 3673 advocatorum
3451 3633 3592 3674 con-

1926 3710 2212 3760 structum
2242 3705 2424 3760 altare
2457 3703 2726 3774 mysticis
2757 3694 3155 3775 spiritualium
3175 3708 3590 3764 sanctificatio-

1925 3807 2072 3846 num
2103 3793 2588 3859 charismatibus,
2622 3795 2679 3844 et
2701 3793 2853 3845 sacri
2882 3791 3264 3847 charismatis
3295 3796 3588 3850 unctioni-

1927 3880 2040 3934 bus
2066 3879 2396 3933 delibutum
2421 3879 2496 3932 ad
2521 3877 2956 3932 immolandam
2973 3878 3382 3949 Redemptoris
3404 3883 3590 3937 nostri

1926 3968 2184 4024 hostiam
2215 3983 2351 4022 cum
2398 3966 2584 4038 ipsius
2635 3965 3005 4020 invocatione
3056 3969 3320 4022 muneris
3361 3971 3589 4039 magni-

1928 4073 2075 4129 sque
2099 4056 2273 4111 totius
2300 4055 2526 4110 ordinis
2555 4052 2838 4107 laudibus
2865 4059 3198 4109 erexerunt.
3216 4059 3277 4110 In
3300 4057 3588 4113 altaribus

1927 4145 2161 4200 interim
2187 4143 2451 4198 ecclesiae
2478 4140 2708 4196 nomini
2737 4157 2846 4196 suo
2872 4141 3086 4211 cuique
3112 4143 3394 4216 reliquias
3417 4147 3588 4202 mise-

1927 4240 2065 4291 runt
2087 4251 2098 4300 ;
2131 4238 2186 4288 et
2211 4231 2370 4286 unde
2389 4245 2626 4301 semper
2646 4228 2934 4284 laudandi
2955 4235 3153 4286 essent
3168 4235 3594 4304 perpetualiter

1930 4341 2041 4379 usu
2083 4319 2487 4376 ecclesiastico
2521 4317 2897 4374 tradiderunt
2940 4321 3400 4378 succedentibus
3442 4340 3591 4395 quo-

1925 4423 2043 4481 que
2075 4413 2199 4463 tam
2248 4423 2356 4478 pro
2401 4407 2717 4462 stabilitate
2775 4407 2942 4479 regni
2987 4409 3202 4464 terreni
3241 4426 3428 4482 quam
3477 4426 3590 4482 pro

1928 4496 2204 4552 facilitate
2233 4495 2401 4567 regni
2431 4495 2703 4551 caelestis.

1999 4587 2082 4640 Ex
2132 4585 2345 4656 majori
2397 4585 2566 4642 altari
2619 4585 2883 4658 reliquiis
2932 4585 3013 4640 ita
3060 4585 3366 4640 memoriae
3417 4601 3586 4643 man-

1926 4675 2217 4730 daverunt
2249 4692 2262 4730 ι
2304 4680 2441 4730 sunt
2470 4675 2529 4728 in
2560 4675 2672 4728 hoc
2703 4671 3026 4728 venerabili
3065 4672 3233 4728 altari
3292 4675 3586 4748 imprimis

1927 4764 2189 4836 reliquias
2239 4763 2396 4818 illius
2452 4761 2768 4816 salutiferas
2825 4760 3016 4815 crucis
3050 4761 3111 4816 in
3162 4777 3284 4833 qua
3315 4766 3436 4818 Rex
3465 4780 3586 4819 cm-

1928 4854 2143 4918 lorum,
2200 4852 2486 4908 Dominus
2525 4856 2726 4904 noster
2758 4849 2856 4904 Dei
2899 4849 3098 4916 Filius,
3151 4851 3328 4906 totius
3374 4853 3588 4908 mundi

1925 4942 2224 5016 passionis
2271 4943 2715 4994 sacramentum
2769 4937 3091 5009 complexit
3133 4944 3190 4994 et
3228 4955 3450 4994 munus
3501 4957 3588 4996 re-

1928 5032 2230 5088 missionis
2305 5045 2415 5101 pro
2473 5028 2820 5083 mortalium
2881 5028 2998 5084 vita
3055 5028 3312 5101 pertulit.
3381 5031 3588 5086 Insunt

1929 5121 2192 5193 reliquiae
2215 5119 2290 5173 de
2322 5117 2612 5173 velamine
2656 5117 2873 5189 pannis
2923 5117 3144 5190 quibus
3171 5123 3460 5190 susceptae
3492 5119 3584 5172 ln-

1930 5208 2290 5267 carnationis
2344 5208 2623 5262 decorem
2683 5205 2894 5278 puerili
2942 5207 3002 5261 in
3056 5221 3306 5278 corpore
3355 5206 3583 5262 obsitus

1929 5299 2153 5356 mansit
2200 5299 2384 5353 homo
2415 5302 2472 5352 et
2504 5299 2673 5350 Deus.
2725 5298 2871 5351 Sunt
2918 5296 3182 5368 reliquiae
3233 5297 3308 5351 de
3340 5296 3583 5352 sudario

1931 5387 2138 5462 capitis
2173 5388 2427 5455 Domini,
2477 5387 2536 5440 in
2565 5402 2687 5457 quo
2720 5385 2987 5440 laborem
3019 5385 3317 5457 passionis
3346 5386 3476 5455 ejus
3503 5384 3583 5440 ab

1932 5476 2276 5535 celsitudine
2335 5473 2659 5530 divinitatis
2716 5472 3098 5544 disjungitur,
3157 5478 3215 5529 et
3265 5471 3582 5529 inﬁrmitas

1931 5571 2148 5624 nostrae
2194 5561 2549 5634 cognitionis
2580 5561 2657 5617 ab
2696 5561 2825 5632 ejus
2855 5561 3117 5633 potentia
3149 5566 3584 5620 tormentorum

1931 5652 2138 5714 labdre
2169 5655 2479 5727 ﬁguratur.
2512 5655 2720 5708 Insunt
2762 5649 3026 5724 reliquias
3072 5652 3149 5710 de
3177 5651 3377 5722 linteo,
3420 5653 3583 5712 inde
