4020 6176
470 139 489 190 l
502 137 604 190 447

1561 126 1859 183 GARCIAS
1898 120 2281 180 MONACHUS
2319 120 2761 179 CUXASENSIS.

3780 128 3889 179 1448

469 263 621 315 Deus
651 262 707 313 et
738 257 928 311 Homo
967 269 1079 309 sua
1115 252 1390 307 membra
1419 249 1810 307 circumdedit
1855 252 1913 303 et
1939 245 2119 302 disci-
2155 248 2201 299 A
2234 244 2486 301 civitate.
2521 247 2668 303 Sunt
2691 244 2952 318 reliquiae
2973 245 3134 302 beati
3167 246 3500 303 Clementis
3527 248 3641 320 qui
3662 252 3889 319 quartas

464 347 747 420 pulcrum
801 357 1051 412 suorum
1105 342 1291 413 pedes
1330 339 1630 395 humiliter
1656 339 1908 394 abluens
1940 336 2117 391 tersit.

467 438 614 492 Sunt
642 430 907 503 reliquiae
930 430 1004 485 de
1028 428 1433 502 sepulcro,ubi
1457 428 1765 483 Dominica
1789 426 2123 495 caro,juxta

462 528 747 577 naturam
777 519 1003 591 quievit
1039 523 1096 575 et
1126 519 1435 574 viviﬁcans
1466 523 1720 572 mortem
1752 519 2020 570 nostram
2049 528 2121 567 ex

460 611 593 683 ipso
624 627 662 666 a
690 609 940 665 mortuis
968 606 1306 663 resurrexit.
1343 611 1547 662 Insunt
1572 604 1835 676 reliquias
1861 603 1936 658 de
1965 617 2119 675 prae-

464 700 614 773 sepi,
640 698 700 753 in
728 715 850 769 quo
882 696 1174 753 infantilia
1203 695 1479 751 membra
1506 694 1603 749 Dei
1634 693 1864 749 Domini
1889 692 1987 764 pia
2008 694 2121 747 Ma-

460 792 568 857 ter,
590 786 922 843 secundum
959 785 1112 840 servi
1144 785 1422 847 formam,
1446 782 1771 837 reclinavit.
1810 782 1958 835 Sunt
1985 779 2117 833 reli-

458 872 618 944 quiae
669 887 743 926 ex
801 868 1152 938 fragmentis
1204 868 1359 922 illius
1410 866 1589 938 panis‘
1644 865 1806 920 unde
1850 863 2119 935 quinque

460 959 647 1016 millia
677 959 994 1013 hominum
1043 973 1114 1011 ex
1158 956 1428 1028 quinque
1483 954 1743 1027 panibus
1777 958 1835 1008 et
1879 952 2119 1007 duobus

457 1049 726 1121 piscibus
750 1048 809 1101 in
830 1047 1065 1101 deserto
1092 1045 1415 1099 satiaverat
1444 1044 1727 1100 Christus.
1756 1045 1963 1097 Insunt
1991 1040 2121 1096 reli-

459 1136 616 1208 quiae
638 1134 713 1189 de
728 1133 1082 1188 vestimento
1101 1131 1460 1187 beatissimae
1482 1130 1728 1200 virginis
1757 1129 1966 1189 Mariae,
1981 1144 2117 1200 quae

460 1225 906 1279 sacramentum
975 1220 1193 1275 divinae
1250 1218 1680 1275 incarnationis
1745 1216 2117 1289 specietenus

460 1311 674 1368 clausit
710 1315 767 1366 et
793 1309 1108 1365 viviﬁcans
1134 1309 1235 1363 Dei
1267 1308 1525 1363 Verbum
1556 1307 1615 1361 in
1645 1310 1815 1361 utero
1845 1303 2119 1375 concepit

459 1405 517 1455 et
546 1399 767 1469 genuit.
820 1400 967 1455 Sunt
995 1398 1258 1469 reliquiae
1286 1397 1476 1468 ipsius
1507 1394 1747 1466 gloriosi
1776 1391 2117 1462 archangeli

458 1486 772 1553 Michaelis,
823 1503 895 1542 ex
920 1486 1102 1559 pallio
1135 1486 1353 1541 scilicet
1382 1485 1510 1555 ejus
1537 1487 1758 1539 sancta;
1789 1480 2112 1537 memoriae.

2231 339 2367 406 post
2397 337 2636 390 Petrum
2690 339 3019 391 Romanam
3074 337 3234 392 rexit
3285 337 3651 405 Ecclesiam,
3706 343 3761 393 et
3794 339 3890 393 sub

2229 424 2642 495 persecutione
2667 424 3090 495 Trajani’l‘rans
3108 429 3380 481 Pontum
3407 442 3579 482 mare
3604 429 3666 482 in
3685 443 3885 489 eremo.

2228 511 2395 583 quod
2425 511 2660 582 adjacet
2688 512 2909 568 civitati
2947 514 3291 581 Chersonaa,
3326 514 3637 583 relegatur
3660 516 3885 580 exsilio;

2227 599 2531 672 ligataque
2561 600 2639 655 ad
2673 601 2894 656 collum
2921 603 3050 672 ejus
3080 604 3380 672 anchora,
3408 608 3468 659 et
3498 604 3886 675 praecipitatus

2228 689 2289 743 in
2339 688 2523 743 maris
2556 689 2778 753 medio,
2810 691 2941 760 ejus
2971 692 3263 747 memoria
3299 708 3502 764 usque
3544 692 3730 747 hodie
3757 694 3887 748 inibi

2228 777 2578 832 custoditur.
2616 780 2764 833 Sunt
2807 777 3073 851 reliquiae
3122 780 3312 835 sancti
3359 780 3732 853 Apollinaris
3773 783 3885 853 epi-

2228 866 2393 936 scopi
2439 870 2496 920 et
2538 866 2840 937 martyris,
2871 867 2978 939 qui
3006 867 3086 922 ab
3115 868 3429 923 Antiochia
3461 875 3714 925 secutus
3759 886 3889 941 apo-

2229 906 2393 936 ..W,"
2439 906 2496 920 νυ
2538 906 2840 937 many..."
2871 906 2978 939 .1...
3006 906 3086 922 ιη,
3115 906 3429 923 “unum...
3461 906 3714 925 ουυυηω
3759 906 3791 925 ς.

2228 952 2448 1008 stolum
2480 953 2838 1018 Petrum,ab
2868 954 3015 1009 urbe
3042 958 3232 1009 Roma
3258 959 3336 1009 at.
3369 955 3588 1011 eodem
3623 906 3889 1028 apostzlo
3956 906 3959 1001 Ι

2226 1040 2450 1095 missus
2481 1042 2976 1110 Ravennam,sub
2998 1043 3372 1114 Vespasiano
3400 1046 3661 1112 Caesare,
3682 1050 3888 1116 marty-

2224 1129 2381 1184 rium
2431 1129 2891 1185 consummavit.
2946 1131 3157 1186 Insunt
3203 1131 3477 1203 reliquiae
3520 1132 3681 1188 beati
3714 1133 3883 1188 Seba-

2226 1217 2424 1285 stiani,
2456 1217 2553 1271 cui
2598 1218 2712 1273 sub
2765 1219 3175 1291 persecutione
3234 1219 3580 1276 Diocletiani
3621 1227 3679 1275 et
3720 1223 3887 1277 Maxi-

2225 1306 2410 1361 miani
2440 1306 2897 1378 imperatorum,
2939 1313 3074 1380 post
3100 1309 3515 1381 principatum
3556 1311 3759 1381 primae
3792 1328 3886 1365 co-

2225 1394 2411 1449 hortis
2442 1400 2500 1450 et
2522 1395 2757 1463 fugitivi
2786 1396 2986 1451 saeculi
3018 1396 3462 1461 blandimenta,
3507 1398 3728 1467 sagittis
3751 1415 3885 1471 per-

2225 1481 2453 1538 foratus
2500 1500 2537 1537 a
2577 1482 2885 1551 militibus,
2918 1488 2975 1538 et
3020 1483 3364 1553 fustigatus,
3415 1487 3619 1539 Romae
3667 1491 3884 1557 martyr

459 1577 668 1632 Insunt
693 1575 914 1648 requiae
944 1591 1017 1630 ex
1042 1574 1271 1647 capillis
1292 1574 1449 1629 beati
1476 1570 1864 1644 praecursoris
1886 1574 1944 1624 et
1974 1572 2116 1640 Bap-
2152 1590 2193 1644 Β
2223 1571 2495 1642 pervenit
2541 1570 2620 1625 ad
2669 1570 2983 1627 Christum.
3031 1573 3177 1627 Sunt
3201 1571 3476 1643 reliquiae
3527 1574 3713 1628 sancti
3762 1574 3882 1628 Vin-

456 1666 605 1721 tistae
649 1664 913 1728 Joannis,
956 1664 1057 1736 qui
1104 1663 1181 1719 ab
1215 1662 1441 1717 Herode
1494 1665 1737 1732 propter
1788 1659 2115 1714 fraternum

456 1753 624 1827 quod
662 1753 967 1825 prohibuit
992 1752 1211 1806 violare
1242 1749 1613 1805 connubium
1641 1763 1874 1803 carcere
1906 1751 1961 1800 et
1990 1746 2115 1799 vin-

458 1842 605 1897 culis
646 1840 1043 1910 mancipatur.
1085 1844 1142 1893 et
1171 1839 1245 1894 ad
1280 1838 1623 1909 petitionem
1657 1836 1975 1891 mulierum
2006 1850 2114 1905 pro

460 1928 871 1999 Redemptoris
888 1927 1074 1982 nostri
1102 1927 1443 1981 testimonio
1460 1925 1651 1996 capite
1674 1924 2117 1995 plectitur.Sunt

458 2014 723 2087 reliquiaa
763 2014 837 2069 de
869 2013 1060 2069 barba
1089 2018 1146 2068 et
1192 2012 1500 2084 corporale
1542 2011 1719 2066 simul
1748 2016 1803 2065 et
1833 2026 2007 2065 cruce
2054 2012 2110 2065 S.

457 2103 611 2159 Petri
638 2102 914 2175 apostoli,
933 2102 1036 2173 qui
1060 2102 1121 2157 in
1152 2101 1527 2157 confessione
1554 2099 1839 2167 unigeniti
1866 2098 1991 2153 Filii
2016 2098 2112 2153 Dei

457 2190 688 2263 accepit
714 2190 1047 2262 primatum
1087 2189 1145 2244 in
1180 2188 1573 2243 fundamento
1602 2187 1822 2241 domus
1854 2185 2109 2251 Domini,

456 2283 513 2335 et
542 2278 773 2351 primus
817 2276 1250 2332 sacerdotalem
1297 2274 1645 2331 cathedram
1688 2273 1856 2329 urbis
1885 2276 2111 2343 Romae,

460 2367 575 2424 sub
625 2370 851 2422 Nerone
897 2368 1145 2431 Caesare,
1178 2365 1339 2421 cruci
1370 2363 1584 2421 afﬁxus
1615 2363 1826 2435 capite,
1875 2367 1939 2417 ut
1986 2363 2112 2434 ipse

456 2456 665 2522 voluit,
696 2455 773 2511 ad
806 2460 1024 2510 terram
1068 2470 1237 2510 verso
1263 2453 1550 2525 martyrio
1578 2456 1916 2518 coronatur,
1949 2456 2005 2506 et
2029 2451 2113 2507 ibi

455 2545 643 2615 digno
693 2544 922 2599 honore
963 2542 1260 2614 sepelitur.
1308 2542 1514 2595 Insunt
1563 2539 1826 2611 reliquiae.
1858 2539 2110 2611 apostoli

455 2633 638 2699 Pauli,
665 2632 769 2705 qui
808 2633 961 2687 inter
987 2631 1292 2703 apostolos
1334 2629 1685 2698 dignitatem
1716 2628 1932 2683 meruit
1961 2644 2107 2699 apo-

456 2722 722 2786 stolatus,
739 2724 793 2775 et
808 2719 870 2774 in
886 2735 1027 2775 vera
1047 2718 1330 2786 religione
1344 2717 1609 2785 gentium
1627 2717 1910 2786 magister
1925 2732 2108 2787 appo-

455 2813 623 2871 situs.
654 2826 763 2882 pro
791 2809 1032 2864 veritate
1074 2808 1285 2865 Christi
1316 2824 1352 2862 a
1380 2810 1606 2862 Nerone
1636 2806 1827 2880 capite
1866 2811 2127 2879 trunca:

453 2898 568 2959 tur,
602 2900 657 2950 et
701 2896 759 2950 in
790 2895 938 2950 urbe
969 2899 1178 2964 Roma,
1228 2894 1359 2967 pari
1408 2894 1720 2961 memoria,
1766 2897 1832 2948 ut
1860 2898 2103 2949 sanctus
2144 2930 2183 2981 Ο

452 2985 678 3052 Petrus,
714 2987 1047 3039 veneratur.
1103 2985 1250 3040 Sunt
1296 2982 1561 3054 reliquie:
1608 2981 1799 3037 sancti
1854 2981 2104 3036 Andreae

452 3071 731 3144 apostoli,
763 3072 864 3145 qui
897 3072 1199 3144 Scythiam
1229 3076 1285 3127 et
1332 3070 1621 3126 Achaiam
1666 3068 2106 3141 praedicationis

452 3160 643 3231 gratia
674 3160 879 3227 tenuit,
914 3165 971 3217 et
1000 3161 1059 3216 in
1108 3160 1341 3216 civitate
1370 3161 1575 3214 Patras
1604 3158 1717 3212 sub
1748 3162 1925 3227 Egea
1965 3173 2104 3228 pro-

450 3249 694 3307 consule
711 3248 1094 3319 cruci,ligatis
1106 3249 1387 3305 manibus
1400 3252 1457 3302 et
1474 3245 1729 3319 pedibus
1741 3245 2104 3317 funibusque

449 3342 573 3395 toto
602 3354 852 3413 corpore
879 3343 1105 3404 tensus,
1138 3338 1323 3394 biduo
1353 3335 1499 3392 inibi
1531 3334 1940 3407 supervivens,
1987 3332 2104 3388 ﬁne

448 3426 629 3482 beato
659 3426 956 3483 occubuit.
990 3430 1197 3482 Insunt
1237 3424 1500 3497 reliquiae
1532 3424 1689 3479 beati
1717 3423 1925 3478 Jacobi
1957 3438 2103 3494 apo-

450 3514 604 3582 stoli,
637 3515 741 3585 qui
786 3514 1115 3570 decollatus
1141 3519 1233 3569 est
1270 3514 1348 3569 ab
1378 3513 1608 3567 Herode
1654 3511 2101 3584 Hierosolymis,

448 3602 620 3672 cujus
683 3617 821 3657 ossa
891 3602 970 3656 ad
1026 3602 1343 3673 Hispanias
1402 3600 1710 3669 translata,
1763 3602 1821 3655 in
1883 3600 2105 3655 ultimis

447 3703 659 3744 earum
688 3688 932 3754 ﬁnibus,
960 3688 1234 3743 videlicet
1258 3691 1467 3742 contra
1497 3689 1647 3751 Mare
1676 3686 2099 3754 Britannicum,

447 3779 835 3835 celeberrima
864 3778 1242 3835 veneratione
1269 3777 1574 3834 excolitur.

521 3870 668 3925 Sunt
716 3868 983 3940 reliquiae
1029 3866 1188 3923 beati
1222 3865 1639 3921 Bartholomaei
1673 3863 1949 3936 apostoli.
1974 3863 2098 3935 qui,

444 3960 607 4033 apud
642 3960 871 4015 Indiam
903 3957 1292 4027 Evangelium
1310 3956 1519 4013 Christi
1536 3955 2102 4028 praedicans,usque

445 4047 527 4103 ad
558 4047 794 4103 titulum
832 4046 1135 4119 passionis
1166 4062 1289 4101 suae
1324 4044 1562 4117 populis
1596 4044 1853 4100 scientiae
1896 4042 2100 4098 lumen

443 4134 799 4189 monstravit
818 4139 875 4190 et
902 4149 1012 4206 pro
1038 4133 1179 4188 ﬁdei
1205 4132 1535 4201 integritate
1558 4131 1759 4201 gladio
1780 4148 1971 4187 caesus
2000 4147 2098 4187 oc-

443 4220 651 4277 cubuit
676 4239 689 4287 ;
720 4221 981 4293 indeque
1010 4224 1416 4277 Beneventum
1444 4221 1785 4286 translatus,
1818 4219 1920 4293 pia
1946 4219 2092 4275 ﬁde-

442 4310 591 4367 lium
616 4310 1000 4366 veneratione
1016 4309 1366 4365 celebratur.
1397 4314 1603 4365 Insunt
1624 4309 1891 4382 reliquiae
1910 4308 2099 4364 sancti

442 4398 617 4459 Marci
647 4399 1048 4469 evangelistie,
1081 4397 1185 4469 qui
1227 4397 1458 4469 primus
1503 4397 1876 4454 Alexandriae
1905 4397 2101 4452 cathe-

439 4490 617 4545 dram
644 4489 851 4557 tenuit,
885 4494 941 4544 et
973 4486 1291 4543 Ecclesiam
1314 4487 1547 4558 Egypti
1576 4486 1695 4542 ﬁde
1725 4490 1781 4542 et
1809 4486 2100 4543 industria

440 4593 553 4633 sua
600 4575 912 4644 fundavit;
969 4578 1025 4631 et
1071 4575 1149 4630 ad
1181 4574 1455 4632 ultimum
1510 4576 1708 4628 tentus
1754 4589 1791 4628 a
1821 4574 2095 4645 paganis,

440 4664 629 4720 misso
661 4664 801 4720 fune
831 4664 892 4719 in
922 4662 1076 4719 collo
1106 4663 1500 4734 ejus,martyr
1525 4660 1603 4716 ad
1632 4660 1893 4716 coelestia
1914 4676 2100 4731 regna

438 4757 529 4809 est
557 4756 829 4822 vocatus,
862 4756 919 4809 et
943 4768 979 4810 a
1008 4751 1148 4806 viris
1176 4750 1468 4819 religiosis
1512 4748 1673 4821 apud
1702 4748 1960 4804 insulam
1989 4752 2097 4805 Ve-

438 4841 609 4897 netiae
640 4840 979 4914 deputatus.
1016 4841 1163 4895 Sunt
1186 4839 1451 4910 reliquiae
1479 4836 1937 4910 protomartyris
1973 4839 2095 4893 Ste-

437 4930 646 5002 phani,
677 4929 780 5001 qui
811 4928 889 4983 ab
919 4927 1207 4999 apostolis
1238 4931 1327 4982 est
1354 4927 1645 4983 diaconus
1675 4926 2005 4990 ordinatus,
2039 4929 2096 4981 et

437 5033 475 5073 a
501 5016 715 5073 Judaeis
757 5020 813 5071 et
842 5015 1212 5088 principibus
1265 5015 1646 5070 sacerdotum
1675 5014 1735 5069 in
1766 5013 2092 5068 Jerusalem

435 5093 763 5179 lapidatus,
790 5111 1017 5178 martyr
1064 5104 1425 5162 obdormivit
1469 5104 1529 5158 in
1562 5104 1829 5158 Domino.
1894 5105 2097 5157 Insunt

433 5195 699 5268 reliquiae
750 5194 940 5250 sencti
972 5192 1180 5261 Ignatii
1225 5192 1603 5251 Antiochenaa
1654 5190 1922 5246 Ecclesiae
1969 5190 2093 5261 epi-

434 5284 623 5357 scopi,
668 5283 771 5355 qui
801 5287 939 5355 post
966 5284 1201 5336 Petrum
1234 5280 1574 5351 apostolum
1606 5279 1876 5347 ejusdem
1908 5278 2094 5333 Eccle-

434 5372 535 5428 siae
567 5372 791 5440 tertius,
809 5375 1226 5427 commovente
1250 5369 1511 5439 Trajano
1528 5367 1906 5439 imperatore,
1924 5367 2094 5422 dam-

436 5466 611 5516 natus
655 5467 738 5516 est
771 5462 849 5517 ab
892 5461 1137 5526 bestias,
1185 5463 1239 5514 et
1270 5458 1383 5515 sub
1427 5456 1638 5513 eodem
1688 5455 1957 5529 principe
1987 5471 2092 5529 per

435 5545 627 5602 muta
654 5551 1091 5610 tormentorum
1112 5559 1332 5617 genere.
1362 5546 1765 5618 passumjacm
1786 5544 1848 5605 in
1877 5545 2090 5607 eadem

2131 4270 2176 4322 D

2226 1658 2400 1713 centii
2436 1658 2716 1730 martyris
2761 1664 2817 1713 et
2842 1658 3053 1728 levitae,
3092 1659 3200 1731 qui
3247 1676 3391 1714 cum
3426 1666 3634 1716 sancto
3666 1662 3879 1717 Valerio

2224 1747 2513 1819 episcopo
2545 1763 2678 1812 suo,
2697 1747 2759 1801 in
2789 1750 3019 1803 Caesare.
3048 1753 3310 1817 augusta
3340 1748 3580 1805 civitate
3593 1750 3877 1815 Valentia,

2224 1835 2487 1907 plurima
2519 1852 2624 1907 per
2668 1835 2907 1891 vincula
2932 1837 3183 1891 carceris
3214 1843 3585 1901 maceratus,
3631 1840 3747 1893 sub
3778 1844 3875 1895 Da-

2223 1924 2400 1979 ciano
2429 1923 2863 1995 infatigabilem
2888 1924 3156 1996 spiritum
3189 1932 3427 1997 martyr
3468 1928 3676 1983 Christi
3702 1928 3877 1983 reddi-

2223 2013 2329 2068 dit.
2376 2017 2580 2068 Insunt
2609 2013 2873 2085 reliquiae
2904 2013 3092 2068 sancti
3118 2014 3393 2083 Mauritii,
3422 2016 3534 2087 qui
3558 2016 3664 2071 fuit
3687 2018 3872 2089 primi-

2224 2102 2419 2156 cerius
2458 2101 2714 2171 legionis
2741 2101 2897 2156 illius
2926 2118 3059 2175 quae
3090 2102 3204 2157 sub
3243 2103 3611 2159 Maximiano
3638 2106 3695 2159 in
3737 2105 3868 2160 civi-

2224 2194 2343 2245 tate
2377 2190 2485 2245 Sed
2497 2189 2774 2258 uno,loco
2796 2195 3178 2263 Agauno,pro
3203 2190 3448 2247 Christo
3469 2192 3860 2260 gloriosissime

2224 2277 2493 2333 coronati
2547 2282 2704 2332 sunt.
2750 2279 2896 2334 Sunt
2938 2277 3198 2349 reliquiae
3240 2278 3409 2334 beati
3448 2280 3704 2351 Victoris,
3744 2282 3858 2353 qui.

2224 2365 2392 2437 apud
2412 2365 2730 2421 Massiliam
2761 2364 3166 2421 crudelissime
3199 2382 3398 2421 caesus
3431 2383 3505 2423 ac
3534 2383 3866 2439 suspensus.

2224 2458 2283 2508 et
2311 2454 2529 2509 taureis
2573 2453 2889 2519 cruciatus,
2923 2458 2979 2509 et
3018 2454 3079 2509 in
3109 2454 3344 2511 molam
3391 2457 3707 2528 pistoriam
3741 2460 3865 2512 mis-

2223 2558 2349 2607 sus,
2380 2541 2735 2613 martyrium
2775 2543 3235 2598 consummavit.

2297 2633 2499 2685 Insunt
2526 2630 2791 2702 reliquiae
2818 2631 3006 2687 sancti
3035 2632 3504 2706 Saturnini,qui,
3528 2634 3692 2706 apud
3712 2634 3869 2689 Tolo-

2220 2734 2373 2783 sam,
2406 2718 2777 2790 temporibus
2807 2720 2960 2774 Decii
2990 2720 3051 2774 in
3091 2721 3387 2793 Capitolio
3417 2723 3682 2792 ejusdem
3710 2722 3867 2776 urbis

2216 2823 2253 2861 a
2286 2809 2538 2879 paganis
2561 2812 2759 2863 tentus
2792 2813 3082 2881 tauroque
3112 2809 3191 2865 ad
3208 2810 3515 2866 victimam
3542 2816 3863 2883 praeparato

2214 2895 2461 2950 funibus
2494 2896 2798 2965 religatus,
2814 2903 2871 2952 et
2890 2914 2927 2953 a
2947 2914 3185 2953 summo
3218 2900 3511 2971 Capitolio
3533 2916 3635 2972 per
3654 2916 3864 2954 omnes
3958 2950 3959 2963 χ

2214 2984 2440 3053 gradus
2507 2986 2932 3057 praecipitatus,
3007 2986 3257 3056 dignam
3306 2970 3553 3045 Christo
3602 2989 3866 3044 animam
3958 2970 3959 2979 ‘

2214 3073 2537 3135 exhalavit,
2562 3073 2833 3146 inihique
2860 3076 3196 3147 requiescit.
3219 3078 3374 3133 Sunt
3391 3078 3649 3150 reliquiae
3679 3077 3868 3132 sancti

2213 3161 2483 3225 Marcelli,
2508 3161 2613 3233 qui
2666 3163 2923 3234 equuleo
2944 3180 3273 3236 suspensus
3302 3182 3373 3222 ac
3394 3166 3647 3221 fustibus
3677 3182 3873 3221 mace-

2212 3253 2400 3315 ratus,
2447 3250 2611 3321 apud
2662 3250 2965 3323 Spoletum
2995 3257 3083 3307 est
3111 3255 3477 3326 martyrium
3505 3271 3741 3327 passus.
3774 3259 3869 3309 ln-

2214 3343 2357 3393 sunt
2394 3337 2656 3411 reliquiae
2683 3339 2842 3395 beati
2869 3340 3103 3409 Iuliani,
3134 3342 3263 3413 qui,
3299 3343 3377 3398 ab
3418 3342 3873 3415 insequentibus

2211 3425 2694 3497 persecutoribus
2723 3432 2939 3496 tentus,
2964 3428 3204 3485 desecto
3233 3436 3484 3499 gutture,
3506 3435 3691 3485 morte
3719 3431 3867 3485 hor-

2211 3513 2366 3569 ribili
2396 3518 2642 3569 necatus
2674 3520 2763 3570 est
2778 3516 2939 3587 apud
2969 3516 3319 3573 Brivatense
3338 3518 3869 3573 territorium.Sunt

2207 3600 2471 3672 reliquiae
2505 3602 2561 3656 S.
2606 3602 2901 3656 Laurentii
2934 3602 3365 3675 archidiaconi,
3396 3606 3518 3677 qui,
3543 3611 3683 3676 post
3711 3605 3874 3660 mul.

2209 3691 2299 3742 tas
2340 3686 2631 3742 sectiones
2660 3687 2999 3755 verberum,
3046 3689 3240 3746 ferreo
3281 3697 3506 3748 cratere
3554 3692 3873 3763 distentus,

2208 3779 2346 3846 post
2374 3774 2556 3844 longa
2594 3778 2652 3829 et
2681 3776 2990 3848 multiplici
3023 3792 3205 3849 paena
3233 3780 3534 3836 cruciatus
3562 3798 3576 3847 ;
3625 3781 3877 3854 insuper

2208 3862 2480 3935 exposita
2531 3862 2721 3918 melos
2774 3865 3105 3921 carbonum
3153 3868 3272 3923 sub
3321 3869 3494 3924 Decio
3537 3870 3870 3935 Valeriano,

2207 3951 2451 4007 illustris
2480 3954 2669 4008 Roma
2699 3953 2868 4025 pium
2915 3955 3125 4011 retinet
3168 3973 3399 4013 secum.
3431 3962 3580 4014 Sunt
3606 3960 3874 4032 reliquiae

2208 4040 2398 4096 sancti
2428 4041 2709 4113 Stephani
2742 4058 2914 4116 papae
2942 4049 2999 4098 et
3024 4046 3330 4117 martyris,
3360 4048 3468 4119 qui
3498 4050 3727 4111 Romae,
3759 4048 3875 4102 sub

2207 4129 2527 4185 Valeriano
2552 4134 2611 4184 et
2637 4130 2901 4186 Gallieno
2928 4131 3417 4204 imperatoribus,
3448 4136 3509 4190 in
3540 4153 3655 4192 sua
3674 4136 3877 4191 decol-

2206 4215 2361 4271 latus
2392 4220 2480 4272 est
2534 4218 2694 4273 sede.
2742 4222 2946 4274 Insunt
2996 4220 3266 4293 reliquiae
3305 4223 3495 4280 sancti
3548 4226 3863 4298 Hyppoliti.

2204 4305 2331 4376 qui,
2366 4304 2642 4377 exemplo
2668 4306 2947 4379 martyris
2979 4310 3276 4366 Laurentii
3304 4313 3870 4379 extentus,!ustibus

2204 4396 2262 4447 et
2290 4392 2488 4448 cardis
2514 4393 2619 4448 diu
2647 4410 2858 4463 caesus,
2888 4395 3085 4465 ligatis
3116 4399 3378 4469 pedibus
3412 4402 3488 4458 ad
3517 4402 3665 4457 colla
3690 4401 3875 4457 indo-

2204 4482 2488 4537 mitorum
2569 4500 2861 4555 equorum
2913 4501 3020 4557 per
3076 4488 3441 4545 carductum
3504 4496 3564 4546 et
3617 4491 3882 4546 tribulos

2206 4573 2452 4640 tractus,
2486 4587 2670 4627 romae
2698 4573 2889 4628 emisit
2929 4573 3176 4630 beatum
3223 4578 3524 4648 spiritum.
3562 4582 3713 4637 Sunt
3739 4580 3880 4635 reli-

2202 4659 2358 4731 quiae
2386 4661 2575 4715 sancti
2603 4661 2830 4734 Apulei,
2866 4661 2991 4733 qui,
3021 4663 3227 4719 relicto
3262 4666 3508 4724 Simone
3539 4672 3733 4739 Mago,
3766 4669 3882 4724 do-

2205 4748 2408 4804 ctrinae
2434 4749 2692 4820 apostoli
2717 4750 2865 4805 Petri
2896 4767 2957 4806 se
2984 4752 3246 4822 tradidit,
3279 4759 3338 4810 et
3364 4757 3691 4813 Aureliano
3724 4774 3881 4814 con-

2205 4835 2388 4892 sulari
2425 4836 2553 4892 viro
2606 4838 2872 4909 martyrii
2920 4856 3209 4896 coronam
3264 4846 3466 4899 Romae
3518 4846 3881 4919 complevit.

2202 4928 2413 4980 Insunt
2439 4924 2700 4996 reliquiae
2729 4927 2913 4982 sancti
2938 4927 3151 4995 Vitalis,
3181 4931 3285 5002 qui
3318 4933 3483 5005 apud
3512 4936 3887 4991 Ravennam

2202 5018 2339 5085 post
2386 5014 2571 5069 nimia
2618 5021 2912 5072 tormenta
2941 5018 3257 5090 capitalem
3291 5023 3522 5095 accepit
3566 5024 3884 5094 palmam.

2204 5105 2352 5159 Sunt
2390 5103 2652 5175 reliquiae
2682 5108 2739 5159 Β.
2770 5106 3023 5178 Agapiti,
3051 5106 3177 5178 qui,
3225 5110 3391 5180 apud
3436 5115 3519 5166 Pr:
3582 5113 3888 5169 testinam

2199 5191 2499 5249 civitatem
2532 5193 2731 5261 gladio
2761 5211 2953 5249 orsus
2983 5201 3084 5250 est.
3124 5196 3333 5254 Insunt
3359 5200 3624 5273 reliquiae
3676 5203 3887 5259 sancti

2196 5282 2483 5349 Mercurii,
2512 5284 2613 5355 qui
2642 5282 2703 5336 in
2734 5284 2939 5339 castris
2966 5284 3357 5341 saecularibus
3388 5289 3885 5358 militans,verus

2196 5371 2254 5422 et
2299 5370 2623 5440 spiritualis
2664 5371 2854 5435 miles,
2888 5372 2949 5428 in
3006 5377 3195 5429 morte
3253 5374 3469 5433 Juliani
3514 5379 3884 5451 impiissimi

2194 5458 2464 5530 Augusti,
2545 5459 3035 5532 praeclarissimas
3116 5464 3337 5520 exstitit
3414 5474 3876 5541 propugnator.

2198 5548 2263 5601 ut
2315 5546 2530 5618 legitur
2577 5548 2636 5604 in
2691 5549 2874 5611 Gestis
2922 5549 3115 5623 Basilii
3522 5547 3675 5616 Sunt
3731 5555 3875 5611 mli.
