4020 6176
247 117 384 169 Iri-i9

1457 81 1551 156 ne
1578 102 1864 158 ORIGINE
1897 101 2324 158 MONASTERII
2360 103 2488 157 sm.

3569 114 3706 167 1450

241 236 399 308 quiae
434 234 592 290 beati
625 229 977 297 Lanteberti,
1009 227 1114 300 qui
1141 224 1471 295 Tungrensi
1505 224 1648 280 villa
1678 224 1920 296 publica
1949 224 2000 278 A
2030 222 2344 278 hensibilis
2375 223 2481 278 viri
2511 221 2819 279 Turonicaa
2841 224 3094 282 civitatis
3122 227 3411 301 episcopi,
3447 232 3596 288 Sunt
3624 249 3713 288 re-

245 326 324 381 ab
355 322 747 396 iniquissimis
787 319 928 375 viris
969 315 1291 389 improvise
1335 314 1494 370 intra
1535 314 1792 370 domum
1823 330 1921 370 ec-

248 413 446 470 clesiae
493 410 781 483 martyrio
826 411 1164 463 coronatur.
1197 407 1402 459 Insunt
1431 402 1696 474 reliquiae
1733 403 1924 459 sancti

250 503 414 560 Fabii
442 500 742 572 martyris,
774 497 898 569 qui,
933 511 1071 550 cum
1103 495 1251 550 ferre
1293 491 1510 548 vexilla
1554 492 1924 564 praesidialia

250 596 576 656 recusaret,
631 593 908 645 Caesareae
968 601 1004 640 a
1056 582 1380 640 furibundo
1424 581 1627 652 judice
1680 581 1925 654 capitali

253 680 550 736 sententia
593 675 1048 734 condemnatur.
1086 675 1231 730 Sunt
1278 669 1540 742 reliquiae
1589 669 1750 725 beati
1791 673 1928 725 Pro-

249 770 392 840 jecti
416 767 691 840 martyris
723 766 778 817 et
821 761 1088 834 episcopi
1132 759 1535 816 Arvernensis.
1563 762 1769 813 Insunt
1788 758 1927 813 reli-

253 858 415 930 quire
467 852 649 911 sancti
698 851 1004 906 Fortunati
1053 848 1330 919 martyris
1375 846 1540 919 apud
1590 845 1928 917 Aquileiam

255 947 443 1021 passi.
472 945 614 1000 Sunt
644 937 913 1008 reliquiae
940 938 1097 994 beati
1141 937 1384 1004 Nazarii,
1415 952 1595 1008 quem
1637 933 1934 991 Anolinus

260 1037 377 1092 sub
401 1032 564 1090 rabie
595 1027 1028 1102 persecutionis
1049 1026 1156 1104 diu
1175 1029 1542 1081 maceratum
1565 1027 1621 1078 et
1640 1022 1939 1078 aﬁlictum

263 1122 461 1194 gladio
485 1117 642 1174 feriri
660 1113 844 1186 jussit
865 1115 1029 1186 apud
1058 1113 1475 1170 Mediolanum.
1503 1114 1648 1169 Sunt
1665 1107 1943 1180 reliquiae

257 1209 416 1267 beati
447 1204 716 1276 Longini,
749 1202 956 1258 militis
985 1207 1044 1258 et
1072 1202 1372 1272 martyris,
1406 1201 1509 1273 qui
1539 1199 1748 1255 lancea
1775 1197 1948 1252 latus

261 1297 498 1356 Domini
529 1291 846 1368 pendentis
871 1291 936 1346 in
963 1307 1136 1347 cruce
1165 1290 1414 1363 aperuit.
1444 1292 1648 1345 Insunt
1670 1283 1951 1358 reliquiae

264 1385 456 1442 sancti
491 1381 758 1450 Protasii,
791 1380 897 1453 qui
922 1379 1085 1453 apud
1117 1378 1512 1436 Mediolanum
1551 1375 1760 1450 capitis
1802 1371 1958 1428 abs-

2032 310 2235 383 liquiae
2293 311 2453 368 beati
2503 311 2694 367 Brictii
2741 312 2976 368 civitate
3033 317 3284 372 Turonis
3336 318 3712 377 admirandae

2033 398 2362 455 sanctitatis
2410 400 2537 455 viri.
2592 404 2804 456 Insunt
2855 401 3121 474 reliquiae
3176 408 3365 462 sancti
3413 408 3716 466 Ambrosii

2035 488 2496 545 Mediolanensis
2510 490 2799 562 episcopi,
2816 493 2990 562 cujus
3010 492 3188 549 ﬂores
3209 495 3429 568 eloquii
3449 500 3723 559 redolent

2037 592 2148 649 per
2176 581 2367 634 totam
2408 578 2736 635 Ecclesiam
2769 580 3004 637 mundi.
3050 584 3199 639 Sunt
3245 585 3513 658 reliquiae
3562 588 3723 647 beati

2042 667 2309 735 Gregorii
2366 667 2612 738 dialogi,
2663 668 2770 740 qui
2827 671 3095 740 pontifex
3155 675 3356 730 Romae
3414 676 3725 734 ordinatus

2045 753 2327 810 caelibem
2355 755 2544 810 vitam
2581 755 2773 812 duxit.
2807 762 3017 815 Insunt
3052 760 3319 833 reliquiae
3355 766 3543 820 sancti
3597 768 3729 839 Syri

2047 841 2340 915 episcopi,
2375 844 2482 917 qui
2511 845 2679 916 apud
2709 847 2956 918 Papiam
2987 848 3107 905 ﬁde
3135 851 3505 910 credentium
3533 871 3728 928 popu-

2050 929 2253 986 lorum
2280 933 2600 990 fundatam
2622 934 2948 992 Ecclesiam
2971 938 3232 1007 glosioso
3247 941 3367 997 ﬁne
3388 946 3726 1016 requiescit.

2058 1021 2211 1075 Sunt
2238 1021 2506 1094 reliquiae
2551 1023 2711 1078 beati
2749 1026 3111 1083 Gunterandi
3161 1031 3316 1101 regis
3368 1035 3730 1092 Francorum

2063 1109 2170 1180 qui
2207 1110 2620 1182 spiritualibus
2656 1112 2990 1168 actionibus
3021 1117 3235 1174 exstitit
3267 1122 3650 1194 conspicuus,
3677 1130 3736 1181 et

2070 1198 2236 1268 apud
2276 1198 2490 1254 urbem
2536 1199 3015 1257 Cabillonensem
3049 1205 3347 1262 miraculis
3384 1216 3587 1266 manet
3620 1212 3736 1268 cla-

2073 1301 2194 1340 rus.
2220 1290 2422 1343 Insunt
2443 1289 2705 1360 reliquiae
2729 1291 2919 1346 sancti
2941 1292 3098 1348 Pauli
3121 1295 3401 1368 episcopi,
3421 1300 3542 1369 qui,
3569 1303 3735 1372 apud

2079 1375 2289 1430 urbem
2320 1377 2660 1433 Narbonem
2698 1379 3136 1451 praedicationis
3161 1383 3423 1440 ofﬁcium
3469 1382 3592 1442 non
3639 1407 3732 1444 se-

261 1475 492 1532 cisione
514 1470 872 1542 martyrium
923 1467 1385 1525 consummavit.
1421 1471 1627 1523 Insunt
1674 1460 1952 1537 reliquiae
2075 1465 2266 1534 gniter
2309 1465 2596 1538 implevit,
2641 1471 2698 1523 et
2742 1468 2821 1524 ibi
2869 1469 3064 1525 clarus
3116 1472 3419 1529 miraculis
3460 1478 3730 1547 quiescit.

266 1564 460 1621 sancti
505 1560 681 1618 Prisci
730 1558 1015 1630 martyris
1054 1558 1218 1630 apud
1251 1560 1520 1629 Capuam
1554 1552 1947 1629 quiescentis.
1986 1557 2037 1618 B
2072 1556 2220 1610 Sunt
2244 1555 2508 1627 reliquiae
2543 1555 2702 1611 beati
2735 1558 3058 1629 Trophimi,
3087 1561 3190 1632 qui
3235 1563 3398 1634 apud
3437 1565 3733 1620 Arelatem

268 1656 420 1710 Sunt
445 1650 708 1723 reliquiae
729 1647 890 1703 beati
917 1646 1219 1713 Antonini,
1243 1646 1348 1718 qui
1377 1646 1608 1702 honore
1639 1641 1950 1715 dignitatis

270 1740 508 1797 Domini
535 1737 747 1794 illustri
793 1735 1153 1808 martyrium
1184 1735 1350 1808 apud
1397 1735 1718 1807 Apamiam
1770 1732 1950 1790 susti-

269 1831 417 1886 nuit.
455 1831 661 1884 Insunt
701 1825 966 1898 reliquiae
1009 1825 1199 1881 sancti
1247 1824 1530 1897 Cypriani
1582 1825 1845 1898 episcopi
1895 1827 1953 1880 et

271 1918 574 1990 martyris,
603 1915 726 1989 qui,
760 1913 873 1970 sub
905 1914 1139 1970 Galerio
1182 1913 1570 1987 proconsule,
1603 1914 1766 1986 apud
1804 1913 1951 1969 Afri-

273 2022 431 2073 cam,
468 2003 844 2073 Carthagine,
879 2017 1083 2058 amore
1115 2001 1325 2058 Christi
1367 2002 1698 2072 animatus,
1729 2002 1954 2072 gladio-

272 2112 394 2167 que
456 2107 799 2166 percussus,
854 2095 1084 2162 martyr
1139 2089 1416 2160 migravit
1474 2090 1553 2144 ad
1608 2091 1950 2146 Dominum.

271 2186 424 2239 Sunt
453 2179 720 2252 reliquiae
753 2178 942 2234 sancti
977 2177 1154 2246 Lucii,
1192 2177 1297 2250 qui
1326 2177 1492 2248 apud
1525 2177 1811 2246 Africam,
1843 2177 1957 2232 sub

269 2269 452 2324 Decio
471 2273 533 2324 et
554 2268 887 2335 Valeriano,
914 2271 1270 2336 exsurgente
1297 2266 1736 2338 persecutionis
1767 2265 1954 2332 rabie,

272 2373 414 2413 cum
469 2355 677 2412 multis
727 2354 1118 2410 confessionis
1175 2369 1434 2424 agonem
1487 2353 1956 2410 consummavit.

276 2446 493 2501 Insunt
521 2442 788 2515 reliquiae
811 2442 971 2499 beati
996 2442 1282 2514 Dionysii,
1315 2443 1441 2514 qui,
1471 2441 1639 2515 apud
1667 2442 1960 2498 Parisium
2011 2478 2015 2484 ι

280 2537 563 2589 sanctum
595 2548 748 2604 opus
785 2531 1035 2587 ﬁdeliter
1078 2535 1412 2596 exsecutus,
1445 2547 1481 2586 a
1516 2530 1803 2603 praefecto
1833 2533 1966 2590 Fes.

284 2623 503 2678 cennio
539 2618 796 2677 Sisinnio
829 2619 1302 2691 comprehensus
1355 2619 1713 2691 martyrium
1767 2623 1966 2693 porta-

290 2711 386 2766 vit.
421 2714 572 2767 Sunt
596 2708 859 2781 reliquiae
884 2708 1070 2763 sancti
1100 2707 1438 2775 Alexandri,
1462 2708 1588 2780 qui,
1621 2709 1793 2781 apud
1819 2712 1966 2779 Lug-

290 2799 529 2854 dunum
557 2798 749 2854 crucis
781 2797 1017 2853 afﬂixus
1046 2797 1336 2869 patibulo,
1366 2797 1636 2868 spiritum
1659 2798 1966 2854 exanima-

293 2893 391 2943 tus
421 2886 637 2942 emisit.
675 2891 877 2941 Insunt
907 2884 1170 2957 reliquiae
1199 2884 1358 2939 beati
1391 2883 1626 2941 Oroncii
1656 2887 1963 2958 martyris,
1999 2915 2039 2971 ρ

292 2976 421 3048 qui,
485 2973 650 3047 apud
707 2973 1195 3029 Ebredunensem
1248 2971 1543 3028 civitatem
1589 2974 1966 3045 corporalem

298 3069 557 3120 mortem
605 3067 1013 3127 contemnens,
1049 3076 1336 3116 coronam
1375 3060 1510 3116 vitae
1555 3060 1812 3134 adeptus
1856 3067 1964 3118 est.

299 3156 450 3210 Sunt
477 3151 740 3224 reliquiae
770 3150 958 3208 sancti
988 3149 1219 3216 Tiberii,
1246 3148 1350 3221 qui
1374 3152 1642 3222 tempore
1667 3149 1974 3208 Diocletia-

303 3242 368 3297 ni
429 3240 610 3296 variis
653 3239 960 3295 tormentis
1005 3237 1327 3302 cruciatus,
1356 3237 1419 3293 in
1472 3237 1762 3295 territorio
1813 3243 1972 3310 Aga-

301 3332 500 3388 thensi
569 3330 922 3402 martyrium
1007 3327 1343 3400 complevit.
1424 3331 1628 3384 Insunt
1707 3329 1976 3403 reliquiae

302 3419 498 3477 sancti
531 3419 844 3474 Salvatoris
872 3418 932 3474 in
982 3418 1288 3474 memoriis
1319 3418 1558 3490 piorum
1595 3418 1877 3488 fulgentis
1915 3420 1976 3476 in

301 3523 499 3577 regno
534 3506 764 3563 Christi.

381 3598 529 3652 Sunt
556 3593 818 3666 reliquiae
843 3595 1002 3650 beati
1047 3595 1277 3650 Genesii
1327 3596 1629 3668 martyris,
1658 3596 1763 3668 qui
1813 3597 1978 3671 apud

310 3682 604 3738 Arelatem
624 3680 1034 3753 deprehensus
1051 3682 1129 3736 ab
1147 3682 1589 3754 apparitoribus
1617 3688 1798 3756 atque
1826 3686 1887 3740 in
1912 3687 1984 3743 ri-

310 3788 392 3846 pa
422 3769 684 3826 ﬂuminis
714 3768 989 3824 Rhodani
1017 3768 1344 3825 decollatus
1375 3775 1481 3826 est.
1521 3774 1670 3827 Sunt
1714 3773 1983 3845 reliquiae

313 3860 504 3918 sancti
550 3857 768 3925 Felicis,
801 3857 925 3931 qui,
973 3857 1137 3930 apud
1189 3859 1530 3915 Gerundam
1557 3857 1801 3914 catenis
1854 3878 1986 3931 gra-

313 3947 581 4003 vioribus
628 3947 878 4013 vinctus,
922 3963 1029 4020 per
1069 3950 1221 4004 totas
1271 3947 1502 4020 plateas
1553 3947 1632 4004 ab
1678 3947 1986 4005 indomitis

315 4037 496 4094 mulis
526 4041 767 4100 tractus,
799 4036 1082 4093 manibus
1113 4042 1250 4109 post
1279 4041 1514 4107 tergum
1544 4036 1739 4107 ligatis
1769 4038 1830 4093 in
1862 4055 1987 4094 ma-

316 4127 398 4184 ris
428 4124 729 4199 profundo
767 4141 1022 4195 mersus,
1056 4125 1281 4181 illustre
1331 4126 1687 4199 martyrium
1737 4127 1984 4199 peregit.

2066 1644 2280 1700 urbem
2330 1644 2524 1700 Galliae
2556 1645 2905 1701 innumeras
2951 1649 3193 1705 virtutes
3221 1650 3375 1721 fecit,
3408 1656 3465 1707 et
3506 1653 3621 1709 illic
3668 1655 3732 1708 in

2060 1748 2209 1805 pace
2268 1731 2653 1788 obdormivit.
2716 1737 2921 1790 Insunt
2985 1736 3248 1808 reliquiae
3314 1738 3474 1795 beati
3533 1740 3731 1796 Severi

2060 1820 2413 1893 presbyteri,
2434 1821 2538 1893 qui
2559 1821 2864 1891 ingentem
2885 1838 3265 1894 paganorum
3285 1827 3731 1883 multitudinem

2062 1911 2140 1966 ad
2171 1911 2355 1966 ﬁdem
2391 1911 2603 1968 Christi
2645 1912 2949 1981 convertit,
2979 1914 3143 1984 apud
3176 1915 3384 1971 urbem
3417 1917 3728 1972 Viennam.

2065 2001 2212 2055 Sunt
2255 1999 2520 2070 reliquiae
2569 1999 2756 2054 sancti
2795 1999 2992 2054 Hilarii
3031 2001 3278 2056 Pictavis
3317 2004 3603 2075 episcopi,
3638 2019 3735 2069 ge-

2065 2101 2206 2142 nere
2240 2090 2297 2142 et
2339 2086 2644 2142 miraculis
2676 2087 2837 2142 clari.
2875 2089 3020 2144 Sunt
3049 2089 3312 2161 reliquiae
3355 2092 3547 2147 sancti
3591 2090 3733 2146 Feli-

2065 2175 2169 2242 cis,
2202 2175 2464 2242 Nolanaa,
2515 2175 2681 2230 urbis
2718 2175 3072 2248 presbyteri,
3105 2177 3161 2232 in
3200 2178 3389 2234 Pincis
3424 2180 3607 2248 digne
3643 2193 3735 2232 se-

2067 2263 2235 2336 pulti.
2299 2267 2503 2319 Insunt
2568 2264 2830 2336 reliquiae
2893 2267 3081 2321 sancti
3141 2267 3423 2335 Medardi,
3486 2266 3739 2342 civitatis

2073 2351 2406 2408 Suessionis
2467 2351 2754 2423 episcopi,
2815 2357 2871 2406 et
2935 2353 3311 2409 confessoris.
3373 2357 3526 2412 Sunt
3610 2351 3743 2407 reli-

2071 2439 2228 2511 quim
2256 2438 2416 2495 beati
2465 2437 2737 2494 Martialis
2768 2439 2933 2511 apud
2977 2440 3192 2496 urbem
3246 2444 3744 2499 Lemovicensem

2072 2525 2448 2584 admirandae
2477 2526 2804 2582 sanctitatis
2840 2532 2897 2583 et
2923 2527 3223 2597 religionis
3262 2530 3384 2585 viri.
3421 2533 3633 2588 Insunt
3653 2547 3743 2587 re-

2072 2614 2274 2687 liquiaa
2323 2615 2511 2672 sancti
2556 2615 2853 2672 Maximini
2901 2617 3165 2690 episcopi
3207 2618 3458 2678 civitate
3502 2622 3747 2680 Treviris

2075 2704 2338 2775 gloriosi.
2375 2707 2522 2762 Sunt
2552 2705 2814 2777 reliquiae
2853 2705 2927 2762 de
2956 2706 3184 2780 capillis
3213 2707 3372 2763 beati
3412 2712 3613 2782 Salvii,
3645 2717 3749 2788 qui

2074 2793 2389 2850 virtutibus
2435 2797 2491 2849 et
2537 2793 2841 2850 miraculis
2899 2795 3189 2851 Albiensis
3231 2797 3514 2869 quiescit.
3544 2808 3751 2862 Insunt

2074 2881 2340 2955 reliquiae
2381 2899 2452 2938 ex
2502 2882 2731 2956 capillis
2775 2884 2964 2939 sancti
3014 2884 3249 2940 Caesarii
3293 2885 3542 2948 diaconi
3578 2895 3749 2965 juxta

2075 2972 2287 3028 urbem
2343 2972 2717 3028 Terracinam
2770 2972 3002 3044 sepulti.
3056 2975 3204 3030 Sunt
3261 2975 3533 3050 reliquiae
3589 2984 3752 3043 beati

2075 3061 2304 3118 Paulini
2334 3059 2600 3132 episcopi
2639 3060 2969 3117 eruditione
3001 3066 3057 3118 et
3084 3062 3329 3134 copiosa
3356 3066 3497 3124 vitae
3529 3077 3746 3131 sancti-

2077 3155 2194 3208 tate
2225 3149 2390 3222 apud
2419 3149 2624 3206 Nolam
2653 3151 3017 3222 Campaniae.
3049 3157 3253 3208 Insunt
3280 3154 3549 3229 reliquiae
3579 3179 3748 3220 sanc-

2079 3241 2122 3296 ti
2151 3239 2427 3295 Germani
2473 3239 2637 3312 apud
2682 3239 2970 3295 Parisium
3001 3241 3311 3298 virtutibus
3341 3249 3400 3300 et
3443 3248 3745 3307 miraculis

2083 3329 2344 3401 gloriosi.
2394 3331 2542 3386 Sunt
2584 3329 2847 3402 reliquiae
2879 3331 3067 3387 sancti
3121 3331 3315 3388 Hilarii
3360 3337 3745 3396 Carcacensis

2084 3417 2350 3491 episcopi
2381 3433 2619 3487 magnae
2649 3417 2875 3474 virtutis
2902 3419 3028 3474 viri.

2160 3509 2370 3561 Insunt
2415 3505 2680 3578 roliquiae
2723 3506 2881 3562 beati
2927 3508 3090 3580 Lupi,
3120 3509 3223 3581 qui
3261 3513 3493 3568 orando
3538 3518 3748 3572 Trecas

2093 3595 2367 3650 munivit.
2404 3595 2552 3651 Sunt
2578 3595 2838 3667 reliquiae
2869 3596 3057 3652 sancti
3087 3597 3320 3653 Eusebii
3350 3600 3581 3658 civitate
3611 3606 3748 3659 Ver-

2094 3684 2254 3740 cellis
2288 3684 2574 3756 episcopi.
2611 3689 2816 3741 Insunt
2845 3685 3106 3758 reliquiae
3141 3685 3300 3743 beati
3338 3689 3612 3747 Philberti
3650 3693 3752 3748 ab-

2093 3774 2250 3830 batis
2283 3774 2344 3828 in
2375 3773 2662 3829 territorio
2703 3774 3082 3842 Rodomensi,
3113 3775 3174 3830 in
3205 3780 3371 3834 omni
3409 3780 3659 3851 puritate
3699 3786 3756 3837 et

2094 3861 2280 3916 animi
2309 3861 2625 3914 virtutibus
2663 3860 2825 3914 clari.
2863 3863 3009 3917 Sunt
3045 3862 3305 3935 reliquiae
3335 3868 3524 3923 sancti
3569 3866 3754 3940 Egidii

2099 3949 2334 4005 abbatis
2359 3948 2420 4003 in
2444 3948 2732 4004 territorio
2759 3952 3144 4006 Nemausensi
3166 3953 3350 4022 signis
3376 3955 3755 4016 illustrissimi

2098 4043 2155 4094 et
2184 4037 2512 4094 sanctitate.
2548 4040 2756 4092 Insunt
2780 4038 3044 4111 reliquiae
3082 4041 3268 4096 sancti
3300 4043 3536 4113 Ugberti
3578 4048 3753 4119 regis,

2102 4125 2269 4198 apud
2298 4123 2526 4181 Italiam
2556 4127 2794 4195 magnis
2824 4127 3138 4184 virtutibus
3166 4133 3223 4186 et
3260 4133 3498 4205 optimis
3547 4136 3757 4192 studiis

320 4219 532 4272 Insunt
571 4213 834 4287 reliquiae
891 4215 1050 4270 beati
1102 4215 1466 4287 Cucuphatis
1520 4214 1819 4287 martyris,
1860 4215 1986 4288 qui,
2017 4255 2064 4311 D
2099 4214 2333 4311 praediti
2377 4213 2502 4268 viri.
2555 4216 2702 4270 Sunt
2743 4215 3006 4288 reliquiae
3047 4217 3205 4275 beati
3254 4222 3596 4294 Leudegarii
3647 4229 3761 4281 Au-

321 4304 672 4378 gravissim.:
701 4306 890 4359 tortus
937 4307 993 4359 et
1023 4303 1247 4358 catenis
1273 4302 1570 4372 astrictus,
1602 4302 1662 4357 in
1707 4302 1991 4358 craticula
2017 4302 2059 4311 '
2102 4302 2566 4374 gustodunensis
2623 4303 2908 4378 episcopi.
2966 4310 3171 4364 Insunt
3243 4311 3507 4384 reliquiae
3573 4316 3760 4370 sancti

324 4395 805 4467 superextensus,
840 4390 954 4446 sub
984 4389 1214 4447 Galerio
1255 4395 1314 4445 et
1362 4389 1720 4446 Maximiano
1765 4407 1834 4446 ac
1882 4394 1994 4446 Ru-

324 4483 470 4548 ﬁno,
503 4481 890 4537 Barchinonae
920 4483 1007 4535 est
1045 4494 1286 4552 passus.
1323 4480 1470 4534 Sunt
1518 4478 1781 4550 reliquiae
1827 4495 1998 4534 sanc-

2105 4390 2381 4446 Germani
2437 4392 2705 4463 Capuani
2762 4393 3049 4468 episcopi,
3097 4398 3296 4454 verbis
3346 4404 3403 4455 et
3447 4401 3762 4456 virtutibus

2103 4479 2314 4534 ornati.
2379 4480 2526 4535 Sunt
2572 4479 2835 4554 reliquiae
2893 4481 3050 4540 beati
3124 4486 3376 4554 Geraldi,
3428 4487 3487 4541 in
3555 4489 3766 4546 habitu

330 4577 526 4628 torum
575 4576 910 4642 martyrum
959 4572 1165 4626 Massae
1217 4565 1524 4635 Candidas,
1556 4567 1680 4639 qui,
1727 4571 1996 4638 tempore
2105 4568 2448 4625 Christianae
2524 4569 2825 4639 religionis
2898 4573 3246 4644 multiplicia
3309 4577 3554 4647 operati.
3622 4581 3769 4636 Sunt

330 4659 622 4716 Valeriani
652 4664 709 4714 et
737 4659 981 4715 Gallieni
1015 4655 1311 4714 Christum
1357 4653 1460 4708 Dei
1492 4653 1700 4709 Filium
1746 4655 1997 4711 fatentes
2103 4656 2366 4730 reliquiae
2399 4658 2586 4714 sancti
2619 4658 2852 4713 Firmini
2885 4659 3050 4731 apud
3081 4661 3336 4717 Uzetiam
3377 4665 3684 4723 sanctitate
3713 4674 3771 4725 et

333 4748 503 4820 ejecti
533 4751 673 4802 sunt
705 4746 768 4801 in
819 4747 1022 4817 ignem
1074 4744 1240 4818 apud
1297 4742 1738 4812 Carthaginem.
1797 4747 2003 4801 Insunt
2107 4747 2390 4819 patientia
2416 4763 2486 4801 ac
2529 4745 2649 4799 ﬁde
2677 4745 3016 4803 laudabilis.
3052 4752 3199 4805 Sunt
3237 4751 3500 4825 reliquiae
3549 4761 3769 4812 sanctae

336 4834 600 4908 reliquiae
628 4833 943 4890 beatorum
991 4835 1223 4890 Cosmae
1272 4836 1331 4888 et
1382 4831 1674 4899 Damiani,
1709 4833 1836 4905 qui,
1867 4836 2005 4905 post
2110 4833 2369 4905 Agnetis,
2397 4849 2532 4905 quae
2556 4833 2801 4902 ignibus
2833 4835 3052 4905 injecta
3095 4841 3152 4893 et
3197 4841 3398 4896 Romae
3444 4843 3558 4898 sub
3605 4847 3774 4916 Sym-

337 4926 618 4982 toleratos
685 4921 891 4992 fustes,
969 4923 1316 4994 equuleum.
1388 4920 1576 4992 ignes,
1653 4921 2004 4991 sagittarum
2110 4920 2366 4993 phronio
2388 4918 2587 4989 gladio
2609 4925 2696 4976 est
2718 4927 3245 4993 percussa.lnsunt
3262 4927 3526 5000 reliquiae
3551 4937 3772 4989 sanctae

338 5014 514 5083 ictus,
547 5011 659 5067 sub
685 5010 935 5083 praeside
967 5011 1142 5081 Lysia
1173 5011 1338 5084 apud
1365 5014 1609 5082 [Egeam
1651 5009 1852 5082 gladio
1882 5010 2006 5066 ani-
2113 5007 2355 5076 Agathae
2405 5006 2671 5078 virginis,
2719 5027 2852 5082 quae
2907 5017 3044 5084 post
3091 5013 3299 5085 alapas
3347 5021 3403 5072 et
3453 5035 3773 5089 carcerem,

341 5100 643 5158 madversi
703 5103 858 5155 sunt.
924 5101 1072 5155 Sunt
1135 5099 1394 5171 reliquiae
1461 5104 1804 5157 sanctorum
1859 5097 2008 5155 Iusti
2113 5097 2250 5168 post
2278 5095 2602 5167 equuleum
2632 5102 2688 5152 ct
2706 5099 3009 5169 tortiones,
3044 5107 3178 5174 post
3209 5105 3615 5164 mamillarum
3639 5110 3780 5166 abs-

344 5195 402 5246 et
427 5189 703 5257 Pastoris,
734 5188 857 5261 qui,
892 5204 1032 5243 cum
1084 5187 1283 5243 adhuc
1338 5189 1506 5258 pueri
1551 5189 1755 5248 litteris
1799 5187 2008 5244 inbue—
2117 5183 2454 5251 cissionem,
2488 5190 2626 5256 post
2660 5187 3089 5246 volutationem
3120 5191 3180 5246 in
3228 5195 3452 5250 testulis
3482 5202 3538 5253 et
3565 5199 3778 5256 carbo-

344 5285 569 5350 rentur,
597 5279 876 5352 projectis
907 5277 966 5333 in
999 5277 1206 5333 schola
1237 5275 1480 5345 tabulis,
1512 5284 1720 5350 sponte
1752 5278 1831 5335 ad
1862 5293 2017 5333 mar-
2119 5273 2320 5343 nibus,
2349 5273 2406 5329 in
2439 5291 2674 5332 carcere
2719 5285 3141 5337 consummata
3189 5289 3293 5340 est.
3330 5287 3475 5342 Sunt
3516 5288 3779 5362 reliquiae

349 5369 568 5442 tyrium
595 5371 1004 5437 cucurrerunt,
1035 5364 1194 5421 unde
1221 5369 1278 5420 et
1308 5363 1369 5418 in
1414 5380 1631 5439 campo
1658 5367 1949 5424 laudabili
1979 5383 2016 5422 a
2124 5367 2343 5420 sanctae
2371 5365 2928 5440 Segolinae,optimae
2952 5370 3187 5427 feminae
3213 5377 3270 5429 et
3290 5374 3441 5431 miro
3461 5393 3640 5450 opere
3663 5380 3786 5450 glo-

351 5457 734 5514 carniﬁcibus
753 5461 921 5512 extra
935 5455 1235 5511 civitatem
1253 5451 1566 5542 Compluto
1579 5455 1835 5524 jugulati
1857 5460 2013 5512 sunt.
2122 5453 2312 5510 riosae.
2344 5458 2553 5512 Insunt
2588 5456 2850 5530 reliquiae
2882 5464 3101 5517 sanctae
3141 5462 3398 5531 Eulaliae,
3426 5481 3582 5537 qum,
3608 5469 3784 5542 jussu

353 5550 562 5620 1nsunt
583 5545 849 5622 reliquiae
870 5545 1060 5603 sancti
1083 5541 1332 5612 Martini,
1360 5542 1585 5602 summi
1605 5548 1662 5601 et
1688 5545 2019 5620 incompre—
2129 5543 2370 5601 Daciani
2400 5545 2668 5617 prasidis
2687 5546 2947 5620 plurima
2963 5552 3262 5611 tormenta
3279 5541 3785 5627 perpessamoyis-

385 5672 388 5674 τ
642 5636 890 5695 Panda.
924 5633 1100 5695 CXLI.

2441 5684 2446 5689 .
3422 5645 3492 5700 46
