3988 6182
279 56 407 109 1451
1341 114 1357 120 ο
1429 44 1709 101 GARCUE
1747 40 2057 101 MONACHI
2098 42 2539 107 CUXASENSIS.
3571 47 3715 105 ita:

273 173 421 230 sime
449 171 511 231 in
540 171 764 246 equulo
790 185 1082 243 suspensa
1110 173 1167 226 et
1190 168 1576 240 exungulata,
1599 164 1809 225 faculis
1831 180 1921 221 ar-
1953 168 2002 234 Α
2032 180 2166 223 rum
2195 166 2274 224 ab
2302 167 2460 231 intus
2493 167 2701 225 Filium
2731 168 2996 227 hominis
3018 168 3080 225 in
3106 168 3309 240 spiritu
3337 167 3570 239 glorias
3592 186 3716 227 sua

269 260 549 318 dentibus
578 277 652 317 ex
680 265 934 331 utroque
963 258 1143 315 latere
1192 256 1483 330 appositis
1525 257 1744 313 hausto
1785 254 1924 324 igne
2028 254 2411 327 illustrarent,
2457 272 2527 317 ac
2571 261 2777 315 sancta
2819 256 3105 315 animalia
3153 256 3413 315 exterius
3466 260 3715 325 Agnum

270 349 545 423 spiritum
596 346 809 412 reddit,
841 345 1007 419 apud
1058 345 1375 403 Emeritam
1419 343 1728 418 Hispaniae.
1775 344 1923 400 Sunt
2033 343 2154 415 Dei,
2209 359 2316 417 per
2375 350 2591 403 cuncta
2638 348 2927 418 tempora,
2984 344 3047 407 in
3104 360 3230 403 una
3283 344 3713 405 dominatione

267 438 530 512 reliquiae
577 439 795 492 sanctae
823 434 1129 492 Leocadim
1161 434 1425 505 virginis,
1456 451 1591 507 quae
1632 432 1797 506 apud
1820 435 1925 489 To-
2033 436 2291 489 stantem
2319 433 2668 505 proferrent,
2700 436 2759 490 et
2786 434 2942 489 intus
2972 433 3063 497 vel
3095 433 3238 493 foris
3285 434 3503 493 aeterni
3541 434 3715 502 Regis

264 527 470 591 letum,
501 524 634 581 dica
664 522 917 581 carceris
948 523 1238 590 custodia,
1273 523 1526 594 genibus
1555 522 1618 579 in
1655 521 1924 578 oratione
2029 522 2291 579 tribunal
2328 527 2385 578 et
2427 522 2646 579 solium
2696 522 2963 595 mysterii
3009 522 3490 585 revelationibus
3537 522 3709 583 fami-

265 613 494 687 positis,
527 611 907 684 impollutum
952 611 1181 669 Christo
1222 612 1492 686 spiritum
1542 610 1799 671 tradidit.
1836 614 1923 673 1n-
2028 609 2247 669 liariter
2273 611 2656 676 adornarent,
2702 615 2881 684 atque
2919 610 3022 682 pia
3074 628 3332 673 munera
3380 610 3710 673 oﬁerentes

267 706 407 758 sunt
427 700 692 774 reliquiae
723 704 942 759 sanctas
974 700 1215 761 Eulaliae
1247 700 1548 774 martyris,
1577 717 1712 773 quae
1742 715 1921 772 passa
2028 700 2089 758 in
2119 700 2348 760 Christo
2376 717 2568 769 unum
2597 717 2817 773 corpus
2846 699 3162 761 efﬁcerent.

263 794 348 847 est
379 789 492 846 sub
525 788 787 846 Daciano
814 788 874 844 in
906 788 1136 845 civitate
1167 788 1561 845 Barchinona.
2100 791 2351 855 Omnem
2383 790 2543 847 enim
2573 789 2889 853 materiam
2917 789 3267 847 intrinsecus
3308 795 3369 847 et
3412 790 3704 848 extrinse-

334 880 499 937 Hanc
552 896 694 951 ergo
726 878 1068 947 Ecclesiam,
1101 884 1239 951 post
1281 878 1682 935 cvolutionem
1725 881 1925 934 octua-

262 969 473 1041 gesimi
504 967 737 1041 septimi
769 968 932 1035 anni,
967 967 1378 1025 mdiﬁcationis
1418 984 1541 1024 suae
1586 971 1643 1025 et
1687 964 1921 1024 Domini

259 1062 396 1116 Jesu
445 1057 654 1115 Christi
700 1074 735 1115 a
778 1057 1085 1114 Nativitate
1127 1057 1425 1114 millesimi
1470 1055 1923 1131 quadragesimi

260 1147 523 1220 regebat,
552 1146 737 1204 nostri
762 1146 962 1202 saeculi
991 1145 1244 1204 laudum
1276 1145 1443 1203 titulo
1472 1145 1812 1218 praeclarus,
1840 1143 1924 1200 vi-

259 1241 332 1291 tm
365 1251 432 1291 ac
458 1251 698 1290 morum
731 1233 1025 1307 probitate
1055 1234 1285 1291 cunctis
1319 1233 1558 1303 charus,
1588 1232 1921 1291 eruditione

2031 895 2137 935 cus
2190 879 2252 939 in
2309 894 2622 951 proceram
2676 877 3091 937 celsitudinem
3148 878 3279 935 fecit
3325 893 3615 949 surgere,
3655 884 3709 939 et

2030 967 2311 1031 manibus
2338 967 2635 1027 artiﬁcum
2667 968 2878 1025 faciem
2912 967 3285 1039 angulosque
3315 967 3406 1024 sic
3456 984 3706 1025 exorna-

2029 1056 2132 1126 vit,
2164 1061 2230 1112 ut
2257 1071 2564 1128 nusquam
2597 1056 2879 1126 ju'nctura
2917 1055 3153 1128 paginis
3202 1060 3556 1129 appareret.
3585 1055 3707 1127 ipse

2028 1161 2272 1218 quoque
2327 1145 2452 1216 jam
2512 1144 2745 1217 pridem
2799 1144 3059 1216 spatium
3107 1143 3276 1216 quod
3321 1144 3533 1203 fuerat
3577 1151 3707 1217 post

2030 1234 2215 1293 altare
2266 1232 2596 1293 venerandi
2649 1232 2943 1291 Michaelis
2999 1236 3361 1302 argumento
3409 1237 3471 1291 et
3519 1234 3705 1292 muni-

258 1323 518 1379 ﬁliorum
551 1328 607 1379 et
637 1322 825 1395 gratia
860 1322 1161 1380 maximus
1189 1322 1374 1389 Oliva,
1405 1322 1762 1380 soliditatem
1790 1338 1922 1379 san-
2028 1322 2329 1379 niﬁcentia
2381 1320 2667 1392 singulari
2712 1320 3028 1393 amplexus
3079 1325 3189 1390 est,
3217 1325 3276 1381 et
3321 1321 3603 1394 deposita
3641 1324 3705 1380 in

258 1417 365 1470 ctae
395 1412 537 1469 ﬁdei
563 1412 850 1469 veraciter
880 1416 1088 1467 tenens
1110 1417 1175 1489 et
1212 1411 1270 1469 in
1309 1411 1543 1471 sincera
1581 1411 1778 1469 cordis
1815 1410 1917 1469 de-
2029 1417 2304 1471 sanctum
2361 1411 2595 1469 Domini
2651 1426 2807 1483 opus
2854 1426 2893 1489 ρ,
2946 1410 3088 1469 foris
3137 1426 3320 1483 super
3368 1411 3701 1469 reverenda

256 1501 493 1559 votione
524 1500 913 1575 amplectens.
938 1483 1131 1557 Voluit
1154 1500 1372 1574 pignus
1400 1500 1791 1557 humanitatis
1812 1502 1919 1555 Do-
1958 1522 2005 1580 Β
2026 1507 2360 1574 martyrum
2417 1499 2724 1563 Valentini,
2786 1483 3157 1567 Flamidiani,
3215 1504 3400 1573 atque
3474 1500 3692 1559 contes-

255 1588 404 1645 mini
435 1589 616 1645 nostri
650 1592 705 1645 et
734 1592 1039 1659 tantorum
1078 1587 1347 1645 ﬁdelium
1388 1589 1517 1660 ejus
1555 1588 1743 1646 oculis
1788 1604 1915 1645 car-
2028 1590 2177 1649 soris
2203 1589 2428 1653 Nazarii
2458 1604 2712 1661 corpora
2745 1587 2821 1653 ad
2846 1588 3048 1647 locum
3079 1603 3240 1647 nunc
3270 1587 3580 1658 condigne
3603 1605 3692 1646 ve-

254 1678 382 1734 neis
406 1677 728 1752 ponderari
758 1696 771 1745 ;
825 1677 932 1735 sed
965 1677 1292 1734 construxit
1321 1677 1820 1751 propitiatorium,
1852 1682 1919 1734 ut
2024 1683 2330 1748 uerentur,
2361 1676 2612 1750 pulchro
2639 1680 2696 1733 et
2723 1680 2934 1735 ornato
2962 1692 3143 1751 opere
3170 1675 3363 1741 beam
3389 1677 3686 1746 genitricis

254 1766 465 1824 beatus
495 1770 724 1839 Moyses
768 1784 947 1842 super
979 1766 1184 1837 altare,
1213 1766 1425 1824 artiﬁci
1452 1766 1814 1837 magisterio,
1845 1782 1916 1823 ac
2026 1766 2217 1827 Mariae
2265 1772 2323 1825 et
2368 1765 2870 1836 archangelorum
2905 1765 3033 1823 Dei-
3058 1766 3121 1825 in
3163 1768 3396 1837 crypta,
3425 1782 3567 1838 quin
3613 1766 3686 1827 ad

253 1855 542 1912 felicitatis
587 1871 864 1929 compos;
920 1857 998 1913 ad
1051 1856 1458 1913 contuendum
1519 1855 1913 1915 universitatis
2023 1854 2381 1928 Prsesepium
2426 1854 2660 1922 dicitur,
2692 1853 2980 1911 exstruxit
3023 1852 3361 1923 ecclesiam,
3384 1854 3471 1913 ita
3514 1859 3577 1913 ut
3615 1871 3683 1912 ex

256 1944 463 2022 Deum,
492 1948 553 1997 ut
578 1942 947 2010 condignum
974 1943 1102 2011 fuit,
1125 1943 1270 2000 tanti
1298 1942 1530 1999 decoris
1551 1942 1698 1999 illud
1718 1943 1917 2016 dispo—
2022 1949 2277 2017 utroque
2323 1942 2573 2013 Virginis
2622 1943 2803 2000 latere
2837 1941 3060 2005 summi
3108 1941 3209 2003 Dei
3258 1942 3477 2013 angeli,
3511 1948 3679 2003 tanta

254 2029 371 2085 suit
396 2035 460 2085 ut
488 2029 642 2086 oculi
668 2029 1025 2087 intuentium
1050 2030 1109 2086 in
1138 2031 1267 2100 ejus
1296 2030 1491 2101 specie
1508 2030 1603 2086 vix
1629 2030 1913 2087 satiaren-
2023 2034 2124 2090 Dei
2154 2032 2350 2095 Matris
2382 2032 2636 2101 gloriam
2662 2031 2951 2093 laudibus.
2979 2031 3101 2088 sive
3131 2030 3378 2099 meritis,
3404 2031 3465 2091 in
3507 2033 3674 2090 obse-

251 2122 364 2172 tur.
402 2119 596 2183 Bases,
615 2116 889 2189 inquam,
914 2117 1085 2187 juxta
1112 2118 1291 2173 unius
1318 2117 1576 2175 hominis
1606 2118 1910 2175 incessum

252 2210 513 2281 quatuor
542 2221 576 2261 a
607 2205 767 2262 calce
808 2206 1018 2280 procul
1058 2205 1257 2262 altaris
1286 2206 1508 2279 posuit,
1544 2206 1910 2279 totidemque

251 2295 564 2351 columnas
594 2311 624 2352 e
652 2310 953 2351 marmore
982 2293 1303 2351 rubicundi
1334 2293 1548 2351 coloris
1587 2310 1618 2351 e
1649 2294 1910 2366 singula-

2020 2122 2233 2194 quium
2281 2138 2451 2178 novae
2497 2120 2893 2189 salutationis,
2920 2136 2958 2177 a
3002 2119 3224 2177 dextris
3267 2120 3419 2190 ejus,
3449 2121 3663 2179 Gabriel

2021 2215 2377 2284 conceptum
2402 2213 2609 2281 partus
2638 2209 2889 2275 nuntiet,
2922 2224 2993 2265 ac
3024 2224 3059 2265 a
3090 2207 3346 2267 sinistris
3372 2206 3651 2275 virginahs

2022 2298 2223 2369 gloriae
2254 2296 2687 2370 plenitudinem
2714 2295 3068 2370 splendibus
3098 2295 3364 2367 Baphael
3405 2294 3661 2355 animiet.

2018 2387 2109 2447 Ad
2128 2387 2313 2460 pedes
2344 2386 2541 2452 etiam,
2576 2401 2682 2443 seu
2712 2385 2774 2443 in
2798 2385 2954 2452 sinu,
2980 2400 3165 2447 causa
3188 2384 3515 2443 famulatus
3564 2384 3664 2441 cir-

251 2384 417 2439 ribus
450 2384 609 2441 saxis
648 2383 707 2439 in
738 2383 998 2455 pedibus
1049 2387 1274 2456 septem
1323 2382 1656 2443 voluntaria
1685 2384 1909 2443 fortitu-

2018 2474 2407 2552 cumpsepsit,
2440 2478 2497 2531 et
2541 2474 2681 2553 hinc
2723 2472 2864 2531 inde
2905 2476 3201 2544 martyres
3242 2472 3529 2545 sepelivit,
3575 2473 3668 2546 qui

249 2474 389 2529 dine
418 2474 619 2543 erexit,
652 2473 924 2546 explicita
954 2473 1017 2529 in
1054 2472 1299 2530 oraculo
1344 2473 1664 2531 Cherubim
1703 2473 1906 2544 gloriae

247 2562 673 2621 obumbrantia
724 2578 906 2619 sacra:
933 2561 1331 2619 venerationis
1394 2563 1680 2631 figurans,
1741 2566 1797 2619 et
1843 2563 1903 2619 in
2015 2564 2091 2621 de
2123 2580 2188 2623 se
2239 2564 2330 2625 vel
2370 2562 2789 2633 languentium
2846 2561 3033 2621 salute
3088 2560 3390 2621 dicerent:
3446 2585 3473 2609 ι‹
3507 2566 3667 2629 Ecce,

247 2650 544 2709 columnis
590 2653 928 2722 martyrum
976 2649 1228 2720 gloriam
1270 2654 1758 2725 praemonstrans.
1794 2651 1903 2716 Qui
2014 2654 2121 2711 iste
2167 2656 2342 2721 Deus,
2372 2652 2655 2713 fortitudo
2703 2656 2928 2711 nostra.
2964 2674 2992 2703 »
3039 2656 3086 2709 Α
3132 2651 3283 2711 facie
3329 2657 3533 2710 autem
3572 2655 3668 2709 Be-

245 2738 514 2813 corporis
580 2738 860 2814 passione
924 2737 1278 2807 rubicundi,
1341 2737 1582 2811 spiritus
1647 2738 1903 2813 puritate
2014 2741 2185 2811 ginae,
2236 2745 2304 2799 ut
2350 2744 2438 2797 est
2474 2739 2751 2799 terribilis
2811 2755 2883 2795 ac
2937 2738 3177 2801 divinus
3232 2739 3498 2809 Michael,
3546 2745 3665 2798 tan-

246 2827 490 2885 candidi
536 2844 642 2902 per
695 2827 924 2885 undam
975 2826 1352 2927 baptismatis
1408 2826 1765 2926 velcruoris
1809 2827 1904 2885 sui
1943 2869 1983 2927 ο
2012 2846 2198 2902 quam
2254 2829 2333 2893 ad
2387 2828 2699 2893 tuitionem
2756 2828 2849 2927 sui
2926 2828 3131 2887 Filium
3204 2833 3343 2887 ante
3405 2834 3666 2904 tempora

241 2921 536 2973 venerunt
563 2916 642 2972 ad
678 2916 1046 2973 incrementa
1071 2915 1314 2984 frugum
1338 2915 1578 2986 justitire
1614 2916 1733 2984 Dei,
1761 2917 1900 2975 doc-
1947 2915 1983 2927 “
2011 2922 2220 2975 natum
2245 2916 2524 2974 ﬁdelibus
2550 2921 2609 2975 et
2630 2915 2916 2973 omnibus
2944 2916 3023 2973 ad
3066 2932 3128 2974 se
3154 2916 3531 2975 venientibus
3572 2934 3663 2974 as-

244 3010 563 3078 torumque
613 3009 870 3070 caterva,
917 3004 1022 3078 qui
1048 3004 1383 3063 constantia
1426 3004 1784 3073 fortitudinis
1809 3005 1902 3063 vel
2012 3007 2268 3076 signaVit
2314 3006 2568 3067 dicens:
2612 3006 2932 3064 Invenietis
2973 3007 3269 3076 infantem
3315 3010 3536 3077 pannis
3582 3010 3667 3064 in-

238 3094 360 3149 zelo
430 3092 798 3150 rectitudinis
850 3093 910 3149 in
963 3091 1214 3149 basibus
1266 3097 1599 3151 sustentant
1659 3094 1895 3167 plebem
2008 3097 2276 3152 volutum
2328 3100 2382 3150 et
2426 3095 2691 3163 positum
2749 3095 2813 3155 in
2861 3096 3153 3163 prcesepio
3211 3096 3375 3165 (Luc.
3429 3112 3488 3159 ιι.
3544 3098 3662 3166 12);

230 3184 506 3254 junctam
539 3199 782 3240 summo
813 3181 990 3256 capiti
1039 3181 1100 3238 in
1130 3182 1352 3240 unitate
1382 3181 1541 3240 ﬁdei.
1579 3184 1765 3256 Super
1796 3200 1891 3241 ca-

234 3273 361 3345 pita
387 3273 565 3329 etiam
614 3271 1056 3343 columnarum,
1090 3276 1154 3329 ut
1184 3272 1509 3330 candorem
1541 3272 1893 3331 ecclesiasti~

236 3379 320 3418 cae
372 3362 654 3418 castitatis
697 3362 1084 3434 imprimeret,
1118 3378 1186 3417 ac
1226 3361 1625 3434 spiritualium
1680 3362 1893 3434 gratia-

2007 3187 2158 3254 Ergo
2187 3188 2253 3241 ut
2280 3182 2623 3241 Altitonanti
2665 3181 2938 3243 decentia
2962 3183 3022 3241 in
3064 3199 3221 3243 verse
3265 3183 3408 3242 ﬁdei
3445 3185 3663 3243 confes-

2005 3273 2169 3330 sione
2218 3271 2439 3333 domus
2490 3270 2824 3344 possideret
2863 3274 3206 3332 maternum
3251 3277 3482 3348 partus,
3510 3277 3570 3332 et
3604 3273 3663 3331 in

2002 3378 2112 3418 suo
2145 3361 2374 3429 ordine,
2406 3359 2582 3432 quasi
2611 3359 2691 3419 ad
2716 3358 2986 3421 oﬂicium
3012 3359 3286 3429 Virginis,
3318 3365 3660 3420 sanctorum

230 3467 368 3507 rum
419 3451 596 3508 ﬂores
645 3450 1095 3524 proﬁcientibus
1141 3450 1365 3508 meritis
1414 3467 1598 3509 vanos
1647 3451 1889 3509 timores
1999 3450 2184 3506 decus
2214 3450 2346 3506 loco
2381 3448 2643 3504 inferiori
2687 3448 2966 3521 praetulit,
2999 3453 3056 3503 et
3097 3448 3172 3504 ad
3212 3449 3402 3509 instar
3437 3449 3650 3518 regalis

229 3539 479 3609 tolleret,
515 3556 589 3596 ex
612 3538 752 3595 albo
794 3554 1093 3605 marmore
1133 3539 1405 3614 capitella
1436 3539 1655 3607 statuit,
1689 3540 1890 3597 foliato
1997 3538 2216 3608 throni,
2268 3552 2393 3595 non
2457 3552 2649 3608 usque
2715 3536 2794 3593 ad
2841 3551 3145 3595 summum
3181 3534 3380 3607 templi
3425 3535 3639 3607 pinna-

228 3643 476 3701 corpore
521 3632 578 3684 et
621 3625 872 3683 ﬂoribus
900 3626 1275 3685 diversarum
1319 3627 1592 3687 modum.
1628 3629 1890 3701 Desuper
1996 3626 2220 3702 culum,
2251 3624 2358 3680 sed
2380 3625 2554 3695 juxta
2593 3639 2947 3681 mensuram
2996 3622 3173 3695 spatii
3204 3622 3345 3681 iecit
3374 3637 3651 3681 omnecu-

227 3721 450 3785 autem,
472 3720 537 3772 ut
565 3715 713 3771 ordo
744 3714 1028 3785 habebat,
1052 3714 1126 3771 de
1152 3715 1327 3787 lignis
1357 3716 1530 3771 sectis
1546 3716 1607 3775 in
1632 3720 1886 3789 utraque
1992 3714 2120 3779 lum
2146 3712 2394 3775 maximi
2418 3716 2476 3771 et
2516 3712 2782 3771 mirandi
2805 3712 3022 3785 operis,
3053 3711 3160 3784 qui
3188 3710 3481 3773 divideret
3524 3727 3656 3769 ora-

222 3808 392 3879 parte
424 3801 818 3878 propitiatorii
848 3807 1054 3858 contra
1102 3819 1166 3859 se
1214 3802 1471 3860 invicem
1519 3803 1744 3878 positas
1792 3821 1887 3861 co-
1994 3802 2197 3860 culum
2221 3818 2258 3858 a
2282 3800 2467 3874 priori
2496 3805 2663 3874 parte
2694 3801 2922 3874 templi,
2950 3805 3008 3858 et
3052 3800 3139 3859 ibi
3180 3800 3373 3861 beatte
3414 3804 3470 3856 et
3504 3800 3655 3859 indi-

222 3895 465 3950 lumnas
490 3885 785 3950 habentes
805 3897 922 3950 tres
944 3891 1327 3949 semicubitos
1354 3892 1687 3951 ambientes
1708 3910 1884 3955 arcus
1952 3944 1961 3951 χ
1990 3891 2188 3949 viduae
2218 3890 2510 3949 Trinitatis
2541 3889 2771 3947 clarum
2798 3889 2982 3950 altare
3010 3905 3218 3949 coram
3266 3889 3467 3949 multis
3507 3891 3659 3947 testi-

218 3984 373 4039 infra
397 3984 713 4055 juncturas
744 3981 839 4038 vel
884 3985 1043 4037 secto
1087 3986 1144 4038 et
1172 3985 1395 4039 serrato
1424 3981 1588 4051 ligno
1633 3981 1879 4039 virtutes
1988 3981 2104 4041 bus
2135 3981 2248 4053 piis
2276 3979 2560 4037 manibus
2588 3979 2971 4051 dedicavit,ut
2999 3978 3125 4040 vice
3168 3982 3350 4040 Mater
3377 3983 3435 4037 et
3482 3979 3655 4038 Filius

219 4075 566 4127 sanctorum
618 4070 861 4136 innexit,
894 4085 1031 4145 quae
1062 4073 1273 4126 mutuo
1319 4069 1431 4125 sibi
1468 4070 1644 4144 quasi
1690 4070 1771 4126 ad
1794 4070 1878 4129 fe-
1989 4071 2272 4129 omnibus
2304 4068 2517 4125 diebus
2564 4068 3033 4142 praedicerentur
3078 4084 3152 4129 ao
3198 4069 3485 4129 continua
3528 4068 3652 4128 lau-

218 4164 453 4215 nestras
478 4175 659 4215 versa
687 4159 830 4225 viee,
855 4158 999 4214 alter
1027 4158 1085 4213 in
1118 4158 1301 4215 altero
1328 4158 1631 4233 proﬁcuos
1654 4159 1878 4219 fructus
1907 4213 1955 4267 Β
1985 4159 2227 4216 datione
2252 4157 2596 4221 mortalium
2626 4157 3039 4221 adorerentur.
3074 4158 3182 4219 Cui
3222 4158 3459 4232 utrique
3485 4159 3650 4232 operi

218 4247 270 4267 ,μ
310 4247 611 4267 “Luna-
658 4246 1028 4267 “dmum.
2107 4246 2511 4267 λῌριωηιηη
2550 4246 2907 4267 μμμιμιεμ
2964 4245 3490 4267 ﬁnimus---“
3555 4247 3613 4267 ,Α

216 4247 281 4305 in
304 4247 623 4303 arboream
653 4246 1030 4304 sustollerent
1064 4248 1427 4309 ﬁrmitatem.
1460 4252 1614 4305 Inter
1632 4249 1875 4320 junctu-
1907 4245 1955 4267 υ
1986 4252 2049 4305 ut
2094 4246 2515 4307 conﬁtentibus
2550 4246 2912 4319 paenitentia
2960 4245 3499 4309 sanctiﬁcationem
3544 4247 3646 4305 da-

213 4353 313 4393 ras
342 4341 543 4393 autem
572 4334 823 4395 arcusin
845 4350 1164 4407 arcemque
1191 4352 1479 4394 ascensus
1502 4337 1790 4395 fenestras
1812 4337 1876 4397 in
1981 4340 2089 4405 ret,
2117 4336 2281 4395 bono
2311 4335 2519 4399 ordine
2550 4336 2630 4393 ad
2670 4339 3021 4395 sanctorum
3062 4336 3322 4407 pignora
3367 4334 3449 4393 ab
3485 4334 3644 4395 intus

216 4423 383 4479 omni
408 4438 623 4495 genere
655 4421 988 4495 specierum
1034 4420 1156 4479 sive
1198 4437 1450 4501 operum
1493 4424 1873 4483 multitudine
1981 4430 2109 4493 tuta
2180 4424 2468 4498 prwmisit
2536 4424 2788 4495 ostiola,
2842 4428 2910 4482 ut
2970 4423 3255 4485 omnibus
3325 4428 3523 4483 essent
3585 4424 3647 4481 in

214 4512 689 4584 diligentissima,
713 4511 945 4584 pictura
967 4509 1222 4569 variatas
1249 4510 1589 4573 substravit.
1618 4514 1874 4587 Sculpsit
1979 4510 2192 4585 unum,
2244 4513 2350 4586 qui
2402 4512 2514 4570 soli
2564 4515 2682 4570 Deo
2739 4512 2800 4570 in
2851 4511 3156 4585 praclaris
3234 4512 3500 4586 premiis
3554 4516 3645 4570 est

210 4617 453 4675 quoque
482 4604 544 4656 in
572 4615 721 4674 gyro
751 4615 858 4673 per
885 4598 1209 4673 quadrum,
1239 4598 1320 4656 ita
1350 4603 1415 4656 ut
1456 4598 1606 4656 facie
1658 4600 1739 4657 ad
1780 4602 1869 4660 fa-
1978 4600 2444 4661 manifestatum.
2476 4599 2568 4661 Ad
2608 4598 2933 4659 videndum
2970 4599 3150 4669 igitur
3187 4600 3419 4660 Sanctae
3464 4599 3642 4658 Trini-

208 4689 361 4745 ciem
394 4706 457 4744 se
481 4689 771 4757 viderent,
803 4688 1031 4745 dolatili
1077 4687 1241 4759 ligno
1284 4688 1578 4759 imagines
1608 4693 1869 4762 quatuor

209 4778 735 4852 evangelistarum,
768 4777 1070 4852 subiitque
1119 4794 1222 4835 eos
1260 4777 1416 4839 infra
1445 4782 1632 4837 status
1657 4777 1865 4841 forms:

207 4865 527 4941 superioris
557 4870 614 4923 et
641 4865 1089 4925 reclinationem
1138 4882 1313 4924 arcus
1344 4866 1657 4934 inferioris,
1693 4866 1776 4925 sic
1802 4872 1868 4925 ut

205 4960 486 5031 aspectus
516 4969 727 5011 eorum
752 4954 814 5010 in
844 4958 1103 5028 quatuor
1134 4955 1344 5013 mundi
1370 4960 1569 5029 partes
1599 4959 1865 5028 Evange-

198 5045 262 5102 lll
306 5045 499 5118 gratia
528 5042 938 5112 concordaret,
971 5042 1167 5099 altiori
1214 5059 1356 5101 vero
1403 5045 1596 5117 gradu
1622 5049 1864 5117 Agnum

199 5150 409 5191 eorum
455 5131 806 5208 aspicerent.
837 5131 1102 5188 Interiori
1140 5147 1406 5207 namque
1454 5133 1704 5204 ambitu,
1738 5151 1861 5193 non

200 5223 280 5278 ad
310 5238 601 5298 pompam
627 5224 684 5276 et
712 5219 1129 5277 claritudinem
1158 5219 1340 5291 vulgi,
1366 5222 1859 5296 opulentissimus

194 5312 438 5381 praesul,
472 5327 537 5367 se
586 5310 648 5367 in
699 5306 879 5366 laude
923 5307 1245 5366 duodecim
1292 5309 1705 5383 apostolorum
1750 5311 1859 5370 bo-

195 5392 375 5468 nique
406 5400 644 5456 illorum
695 5396 954 5470 Magistri
981 5396 1259 5459 virtutem
1306 5398 1550 5480 pretiosi
1589 5398 1737 5473 ligni
1765 5416 1856 5461 or-

188 5483 488 5582 dinessni
533 5486 757 5573 adﬁxit,
790 5485 1148 5577 utapqstqli
1173 5485 1326 5565 inter
1368 5488 1615 5582 semitas,
1662 5489 1855 5564 ism-

1975 4690 2111 4748 tatis
2153 4690 2337 4749 altare
2378 4688 2534 4748 intra
2577 4690 2794 4749 Sancta
2833 4692 3183 4751 sanctorum
3222 4688 3449 4758 gradus
3497 4693 3630 4761 apte

1973 4778 2206 4845 locavit,
2238 4784 2305 4839 ut
2330 4777 2501 4837 facile
2547 4777 2954 4839 dilaberentur
3004 4777 3112 4851 qui
3161 4777 3485 4836 ascendere
3541 4776 3637 4835 vel

1972 4866 2336 4931 descendere
2364 4866 2777 4927 tentavissent.
3654 4922 3657 4923 ν

2042 4960 2245 5030 Itaque
2265 4957 2421 5029 juvit
2438 4972 2578 5017 eum
2601 4956 2664 5017 in
2682 4955 2965 5017 omnibus
2994 4955 3437 5030 quidambonae
3457 4956 3629 5015 famae

1970 5046 2327 5115 monachus,
2350 5045 2463 5103 iter
2488 5060 2751 5117 sequens
2772 5045 3062 5116 magistri,
3079 5050 3145 5101 ut
3164 5044 3262 5105 ille
3292 5045 3483 5115 Oliba,
3499 5044 3623 5119 qui-

1967 5150 2086 5208 que
2100 5139 2227 5191 erat
2248 5150 2500 5195 summae
2521 5133 2823 5206 patientia:
2844 5149 2916 5191 ac
2934 5134 3416 5197 mansuetudinis
3439 5133 3547 5203 vir,
3571 5137 3628 5190 et

1967 5223 2081 5281 sub
2107 5238 2178 5281 eo
2206 5221 2659 5292 vigilantissime
2678 5222 2742 5283 in
2766 5222 3243 5285 variasactiones
3260 5222 3513 5294 tandem
3530 5221 3632 5281 do-

1964 5328 2135 5375 mum
2163 5311 2558 5373 custodiebat.
2592 5315 2748 5381 Haec,
2766 5311 3122 5378 charissimi,
3145 5327 3259 5369 nos
3276 5311 3341 5371 in
3368 5326 3621 5385 prasen-

1962 5399 2037 5457 tis
2063 5400 2195 5461 festi
2222 5399 2411 5465 nostri
2439 5400 2733 5471 gaudium
2758 5399 2835 5463 de
2853 5398 3087 5463 factura
3102 5399 3310 5474 templi
3336 5415 3537 5474 pauca
3552 5414 3628 5458 ex

1960 5489 2235 5575 Pluribus
2253 5489 2451 5561 diem
2464 5489 2666 5563 hbuit,
2683 5494 2987 5567 ςααίθωιε
3017 5494 3081 5553 et
3096 5489 3389 5571 minantia
3409 5488 3657 5564 domus,

2972 5636 2983 5643 .
3018 5636 3073 5645 --.
3137 5602 3377 5643 .ᾃ⁹⁸ιμ”Δ’λ
