4020 6176
251 228 383 286 M53

1362 296 1369 301 _
1453 224 1545 281 na
1585 224 1873 283 eamme
1912 223 2327 283 MONASTERII
2368 229 2497 286 sm.

3584 245 3721 299 145i

251 348 482 410 Domini
510 349 772 407 frabrica
799 346 1117 404 delectaret
1142 346 1441 415 auditum,
1461 353 1519 405 et
1546 349 1766 405 dilecta
1798 353 1918 405 Deo
1951 354 1999 405 Α
2026 348 2173 404 boni
2216 350 2523 419 adhibeat,
2584 355 2676 411 vel
2729 358 2834 430 qui
2888 356 3086 413 alium
3119 356 3184 413 in
3238 360 3452 420 timore
3485 366 3714 422 Domini

250 443 454 499 civitas
484 444 725 514 aptaret
749 434 1009 507 ingentia
1040 439 1193 491 tecta
1225 436 1381 493 infra
1409 437 1551 493 ﬁdei
1596 438 1915 494 aedificium
2026 436 2225 493 ﬂectat
2258 444 2315 495 et
2341 438 2697 500 introducat.
2733 448 2953 503 Omnes
2982 462 3136 520 qua
3164 450 3405 507 terrena
3447 458 3583 509 sunt
3629 472 3720 511 sa-

250 547 317 587 ex
345 536 583 589 sacrata
611 535 813 587 autem
838 524 1047 581 visibili
1073 540 1179 581 ara
1207 526 1287 582 ad
1344 526 1690 583 interiorem
1732 527 1919 584 altare
2025 525 2218 598 piunt,
2236 526 2671 602 indisciplinate
2694 538 3050 606 appetentes
3075 537 3484 596 redundantia
3500 557 3709 611 super-

248 620 377 676 vita
410 619 629 677 ordine
651 617 1022 674 transeuntes
1043 613 1491 670 succendamus
1517 615 1920 671 odoramento

249 706 701 773 benevolentia,
731 700 1178 769 misericordiae,
1209 701 1473 772 justitia,
1526 702 1916 772 benignitate,

250 797 730 859 mansuetudine,
766 790 1108 859 sobrietate,
1140 790 1202 845 in
1232 790 1535 858 agnitione
1566 805 1709 846 vero
1754 808 1921 863 mys-

247 888 369 944 terii
400 888 499 944 Dei
529 884 715 941 Patris
745 879 1042 938 exaltetur
1084 885 1298 935 unctus
1355 879 1509 952 lapis
1559 887 1921 936 ornamento

248 988 407 1047 pura
430 973 845 1033 confessionis.
874 970 965 1026 Sit
996 970 1478 1042 uniuscujusque
1507 974 1784 1026 nostrum
1815 984 1923 1024 cor

250 1063 440 1135 altare,
473 1066 593 1119 sint
622 1062 858 1135 puritas
894 1058 991 1114 vel
1062 1060 1303 1115 castitas
1365 1060 1478 1114 vivi
1537 1058 1791 1131 lapides,
1846 1056 1924 1111 sit

246 1151 407 1207 timor
433 1151 678 1207 Domini
706 1146 963 1224 pervigil
994 1153 1221 1215 custos,
1255 1151 1313 1203 et
1341 1147 1492 1203 ﬁdes
1519 1145 1821 1213 sacerdos,
1856 1148 1927 1198 ut

156 1300 169 1306 _
244 1238 383 1296 intra
405 1240 646 1297 Domini
707 1235 1173 1296 tabernaculum
1230 1236 1379 1292 nihil
1436 1236 1769 1292 inveniatur
1815 1232 1924 1287 foe-

241 1325 397 1399 dum,
427 1329 510 1385 nil
541 1328 986 1399 intromittatur
1034 1325 1380 1395 indignum.
1431 1324 1727 1381 Abscedat
1778 1334 1928 1377 cum

2030 615 2365 672 ﬂuentium.
2414 620 2614 675 Patres
2662 623 2765 694 qui
2814 624 2893 678 ibi
2925 629 3280 683 conversati
3335 634 3469 683 sunt
3526 635 3710 684 certa-

2030 709 2265 776 verunt.
2294 705 2352 760 in
2384 712 2506 763 tota
2558 710 2783 777 justitia
2816 713 2957 768 etin
2990 716 3168 769 omni
3216 717 3425 772 timore
3453 716 3707 775 Domini.

2034 791 2199 847 Unde
2259 795 2338 849 ab
2388 799 2673 854 omnibus
2702 801 2898 857 felices
2952 803 3290 861 audiebant
3323 823 3335 861 :
3368 829 3394 853 «ι
3431 808 3541 860 Vos
3569 805 3711 861 estis

2032 878 2385 938 benedictus
2435 900 2579 953 grex
2634 889 2864 953 Christi,
2923 906 3034 947 vos
3088 893 3228 948 estis
3286 892 3610 949 electorum
3637 894 3711 948 ﬁ-

2033 964 2115 1033 lii,
2146 984 2257 1023 vos
2284 972 2423 1027 estis
2453 973 2691 1030 dilectio
2719 978 2820 1032 Dei
2850 983 2904 1034 et
2934 980 3218 1050 proximi,
3263 998 3366 1035 vos
3415 980 3555 1037 estis
3612 997 3709 1037 co-

2036 1054 2261 1111 lumna
2319 1060 2433 1114 sub
2488 1063 2661 1129 coelo,
2708 1066 2812 1137 qui
2880 1068 3288 1139 temporalitcr
3339 1070 3508 1126 statis
3551 1069 3716 1127 velut

2039 1143 2239 1211 angeli
2269 1162 2450 1220 super
2471 1154 2711 1208 terram.
2764 1157 2993 1226 Corpus
3043 1158 3268 1230 quippe
3318 1159 3559 1229 gestatis
3605 1158 3715 1215 hu-

2040 1245 2319 1299 manum,
2347 1251 2503 1308 opus
2533 1244 2733 1294 autem
2762 1242 3042 1312 perﬁcitis
3065 1245 3442 1315 angelorum.
3470 1270 3498 1297 »
3529 1250 3625 1304 Va
3656 1248 3717 1304 in

2045 1333 2289 1377 reversa
2308 1326 2585 1398 quisquis
2615 1332 2670 1383 et
2700 1330 2819 1385 ﬁde
2863 1332 3199 1389 secundum
3250 1351 3462 1391 casum
3524 1336 3719 1394 alteri-

226 1396 623 1488 passionibus
649 1419 710 1473 et
741 1396 1217 1472 adversitatibus
1251 1414 1376 1469 suis
1402 1413 1700 1473 diabolus,
1742 1414 1799 1466 et
1827 1409 1927 1464 in-

220 1511 409 1564 troeat
436 1522 586 1563 cum
614 1501 1154 1563 benedictionibus
1182 1509 1238 1558 et
1268 1503 1488 1558 divitiis
1532 1498 1927 1576 plenitudinis
2054 1497 2339 1588 virtutum
2362 1518 2601 1577 semper
2625 1508 2775 1563 ﬁnes
2825 1509 3098 1581 priorum
3156 1515 3459 1571 connectit
3508 1517 3724 1588 princi-

222 1598 513 1655 Christus.
552 1600 722 1652 Intus
754 1591 1059 1666 siquidem
1086 1590 1302 1647 subtile
1336 1592 1571 1648 Domini
1625 1589 1930 1662 judicium
2051 1585 2166 1658 piis
2199 1588 2603 1648 secundorum
2640 1610 2653 1647 :
2685 1597 2847 1651 verbi
2883 1599 3043 1654 enim
3095 1603 3312 1671 gratia,
3362 1607 3427 1659 ut
3477 1585 3722 1663 neutros

229 1684 620 1759 aspiciamus,
653 1688 714 1739 et
770 1684 830 1739 in
880 1682 995 1736 hac
1047 1686 1277 1745 nostra,
1330 1681 1453 1736 imo
1514 1680 1612 1736 Dei
1665 1678 1925 1745 civitate,
1964 1691 2005 1745 Β
2046 1677 2413 1748 pradicabili
2439 1682 2702 1739 claritate
2734 1690 3114 1759 monstraret,
3145 1690 3349 1759 vigilia
3401 1696 3723 1766 apparitio-

232 1786 415 1847 quam
442 1774 509 1828 in
556 1768 952 1844 percussione
1014 1768 1174 1837 ignis
1230 1768 1461 1839 judicio
1486 1768 1723 1839 justitia
1766 1769 1926 1821 Deus
2040 1768 2137 1821 nis
2169 1769 2381 1825 Christi
2415 1770 2727 1829 calamitas
2775 1775 2931 1844 ignis
2986 1782 3152 1834 extra
3198 1781 3465 1837 ecclesia
3513 1785 3718 1842 aulam

2049 1411 2232 1465 tatem
2261 1412 2487 1483 dicens,
2515 1422 2571 1471 et
2600 1432 2722 1473 nou
2748 1421 3062 1476 attendens
3089 1424 3234 1495 quia
3270 1428 3423 1480 Deus
3444 1428 3720 1485 omnium

240 1863 524 1920 humilem
554 1859 839 1925 ostendit,
893 1872 968 1913 ex
999 1863 1272 1930 tempore
1304 1873 1447 1912 cum
1473 1856 1791 1912 virtutibus
1828 1869 1922 1909 re-

249 1948 736 2008 memoreramus.
773 1947 876 2001 Hic
906 1959 1053 2013 ergo
1084 1946 1252 2001 locus
1282 1946 1549 2015 ﬁguram
1576 1949 1631 1999 et
1662 1942 1923 2015 speciem

253 2043 670 2109 congruentem
702 2035 903 2091 adhuc
933 2048 1059 2089 non
1090 2039 1425 2105 acceperat,
1479 2048 1618 2087 cum
1676 2047 1712 2087 a
1767 2045 1921 2104 pra-

256 2128 380 2183 fatis
406 2127 540 2181 viris
569 2123 833 2197 propriis
863 2121 1207 2193 sumptibus
1253 2137 1323 2177 ac
1378 2119 1743 2175 muneribus
1794 2132 1922 2173 ma-

252 2218 402 2272 xime
429 2219 519 2270 est
543 2214 864 2268 decoratus
893 2210 1049 2266 infra
1077 2210 1228 2265 ﬁnes
1257 2209 1460 2265 Gallia
1487 2213 1547 2264 et
1597 2207 1921 2279 Hispaniae,

253 2307 395 2362 inter
424 2303 647 2372 sinum,
682 2306 759 2367 et,
811 2306 877 2355 ut
932 2304 1201 2371 patenter
1240 2297 1465 2365 dicam,
1529 2302 1924 2370 conspectum

260 2390 617 2450 celeberrimi
659 2395 719 2446 et
758 2387 1223 2445 nominatissimi
1282 2388 1508 2442 montis
1556 2384 1921 2455 Canegonis,

260 2480 521 2538 Litterani
553 2478 898 2534 suavissimi
926 2476 1148 2532 tluvioli
1180 2476 1344 2531 vallis
1374 2475 1654 2531 videlicet
1710 2475 1922 2544 longa-

256 2571 485 2627 nimiter
505 2572 801 2640 porrecta,
834 2566 1019 2622 verbo
1049 2571 1247 2621 autem
1281 2564 1377 2619 Dei
1414 2581 1486 2620 ex
1544 2565 1924 2636 protectione

258 2660 602 2717 mirabiliter
629 2658 887 2723 visitata,
920 2660 976 2711 et
1005 2654 1468 2727 magnanimiter
1490 2653 1804 2712 varietatis
1834 2650 1924 2711 vel

255 2747 661 2806 adiﬁcationis
696 2745 970 2801 membra
996 2744 1290 2799 distincta.
1326 2743 1496 2809 Quod
1524 2759 1558 2797 a
1608 2746 1737 2799 Deo
1784 2760 1923 2816 pro-

254 2839 452 2906 batur,
483 2835 775 2909 quoniam
804 2832 1064 2902 insignia
1093 2831 1548 2906 pulchritudinis
1592 2830 1922 2889 arboribus

254 2932 313 2983 et
341 2924 637 2999 paradisis
669 2923 933 2994 undique
966 2927 1177 2977 ornata
1233 2919 1580 2975 nemoribus
1637 2922 1921 2989 cernitur,

254 3022 324 3071 ut
353 3014 545 3083 angeli
574 3013 731 3068 cives
760 3012 822 3067 in
852 3028 924 3067 ea
956 3010 1259 3077 degentes,
1318 3008 1629 3064 beatorum
1680 3008 1923 3082 spiritus
1956 3044 1995 3096 Ο

254 3102 591 3177 periculum
619 3099 1024 3157 antecedentis
1056 3098 1197 3153 mali
1247 3097 1517 3152 tollentes
1577 3098 1921 3154 credantur.

253 3192 435 3249 Vallis
466 3191 735 3248 etiamin
760 3206 884 3263 qua
913 3204 1023 3243 nec
1077 3187 1263 3257 frigus
1316 3185 1608 3252 hiemalis,
1663 3201 1782 3242 noc
1837 3186 1925 3243 sol

251 3281 479 3338 aestatis
528 3279 705 3335 nimis
750 3293 966 3334 nocere
1020 3276 1351 3345 consuevit,
1408 3274 1552 3346 quia
1594 3274 1927 3331 obumbrat

250 3371 309 3427 ei
368 3369 563 3441 gratia
590 3368 912 3440 spiritualis
964 3371 1021 3421 et
1062 3365 1311 3437 copioso
1358 3378 1606 3419 munere
1663 3362 1923 3420 liberali-

250 3459 397 3516 tatis
426 3457 522 3513 vel
553 3456 951 3512 redundantia
982 3456 1171 3527 pacis,
1221 3460 1295 3521 et,
1353 3457 1416 3508 ut
1468 3452 1743 3508 clementi
1801 3470 1923 3509 ser-

251 3560 444 3605 mone
494 3546 871 3614 restringam,
933 3548 1174 3615 tempus
1242 3540 1678 3598 habitatoribus
1732 3542 1923 3614 plenae

256 3636 473 3701 aetatis,
528 3639 592 3689 ut
646 3618 891 3689 veniant
946 3633 1023 3688 ad
1074 3626 1475 3688 maturitatem
1523 3632 1921 3703 perfectionis.

262 3723 386 3796 ipsi
413 3724 626 3779 etenim
656 3723 1026 3778 delectantur
1056 3721 1292 3775 lenitate
1318 3719 1675 3791 prudentia,
1721 3721 1923 3791 splen-

256 3813 408 3869 dore
440 3813 595 3881 ﬁdei,
626 3812 1020 3868 confessionis
1048 3811 1283 3876 decore,
1308 3808 1546 3879 justitia
1593 3808 1921 3880 pulchritu-

254 3901 425 3972 dine,
480 3902 747 3958 ubertate
798 3901 1242 3965 misericordiae,
1304 3903 1369 3954 ut
1422 3898 1644 3966 singuli
1687 3897 1921 3954 anima-

252 4006 399 4046 rum
430 3990 679 4047 munilia
703 3992 764 4047 in
799 3994 983 4046 Deum
1011 3993 1296 4062 spectent.

336 4082 575 4146 Omnes,
608 4080 879 4152 inquam,
913 4079 1013 4151 pio
1040 4093 1244 4133 amore
1273 4093 1335 4132 se
1366 4075 1623 4131 invicem
1644 4074 1919 4148 diligunt,

254 4169 521 4226 invicem
577 4169 799 4233 fovent,
848 4172 904 4223 et
948 4168 1127 4239 quasi
1181 4182 1371 4222 unum
1420 4180 1632 4237 corpus
1683 4163 1923 4223 diversa

252 4259 537 4315 membra
567 4261 901 4314 sustentant
956 4256 1352 4312 fraternitatis.
1410 4260 1472 4310 In
1530 4253 1794 4309 adversis
1851 4255 1921 4310 si-

250 4348 513 4422 quidem
578 4349 759 4404 rebus
828 4352 931 4403 aut
996 4346 1432 4401 contrariorum
1474 4359 1762 4399 accensus
1788 4347 1919 4399 tan-

249 4436 366 4491 diu
422 4436 690 4492 divinum
774 4438 1106 4507 exposcunt
1173 4432 1540 4505 praesidium,
1600 4447 1919 4503 quousque

253 4540 504 4581 summa
560 4526 618 4580 vi
685 4530 862 4597 atque
914 4522 1294 4578 inclinatione
1340 4520 1613 4576 inimicos
1638 4521 1699 4575 in
1733 4522 1919 4583 Deum

252 4618 320 4670 et
372 4613 647 4669 homines
732 4612 1128 4680 confundunt,
1192 4625 1417 4680 magna
1464 4609 1554 4664 sui
1614 4609 1916 4682 supplica-

250 4704 422 4760 tione
482 4719 552 4759 ac
609 4702 950 4771 archangeli
1017 4700 1378 4769 benignitate
1451 4699 1720 4772 protecti.
1795 4701 1918 4754 Ete-

251 4791 388 4847 nim
413 4791 590 4847 laude
620 4790 883 4846 habendi
906 4795 1042 4844 sunt
1094 4805 1248 4861 quos
1294 4787 1687 4857 religiosiores
1724 4787 1919 4844 reddit

250 4881 579 4954 prasentia
611 4878 1110 4947 archangelorum
1140 4882 1196 4933 et
1223 4893 1356 4933 reos
1386 4876 1724 4933 testimonia
1751 4892 1914 4933 com-

250 4968 721 5043 provincialium
739 4967 985 5022 sinistra
1008 4966 1408 5038 persuasionis
1438 4965 1912 5023 inclamantium.

250 5060 486 5115 Omnes
517 5074 577 5113 se
610 5058 772 5129 ipsos
792 5056 1099 5128 decipiunt
1126 5071 1263 5109 cum
1288 5058 1509 5111 Domus
1554 5055 1783 5111 Domini
1838 5056 1916 5112 ab

248 5146 376 5203 illis
403 5146 714 5203 inhoneste
772 5145 1005 5201 laditur
1052 5144 1145 5199 vel
1200 5143 1569 5216 deturpatur,
1623 5150 1679 5199 et
1733 5145 1917 5201 melli-

251 5235 453 5291 fluam
480 5234 576 5290 vel
605 5233 971 5289 uberrimam
994 5232 1202 5287 mundi
1248 5231 1497 5301 gloriam
1559 5233 1914 5308 percipiunt,

249 5328 317 5379 et
340 5327 609 5396 paterna
638 5325 863 5380 virtutis
891 5323 983 5379 vel
1007 5324 1236 5395 pietatis
1274 5323 1419 5378 nihil
1460 5324 1648 5379 simile
1709 5329 1914 5394 agunt,

252 5412 372 5467 sed
424 5412 587 5469 bona
641 5418 697 5469 et
740 5414 967 5485 optima
1037 5412 1091 5465 in
1176 5411 1400 5467 deliciis
1472 5412 1801 5484 decerpunt
1848 5429 1916 5469 ac

248 5499 617 5569 deglutiuut,
678 5515 889 5556 omnes
918 5501 1059 5555 vani
1080 5516 1147 5555 ac
1169 5500 1382 5555 tumidi
1412 5504 1468 5555 et
1498 5499 1824 5565 furibundi,
1855 5500 1916 5555 in

247 5590 532 5661 nequitia
555 5589 757 5645 dediti.
791 5590 978 5660 Super
998 5588 1090 5642 his
1113 5591 1314 5643 autem
1338 5603 1462 5642 non
1487 5589 1575 5642 est
1601 5586 1707 5658 qui
1730 5589 1917 5645 Deum

246 5675 563 5735 auscultet
588 5674 683 5731 vel
702 5674 1006 5744 intelligat,
1037 5688 1147 5732 nec
1175 5689 1300 5731 non
1345 5680 1437 5731 est
1491 5673 1595 5746 qui
1651 5673 1915 5731 studium

2038 1855 2239 1913 locum
2264 1874 2509 1915 omnem
2538 1861 2862 1935 liquefecit,
2909 1866 3062 1922 sicut
3110 1867 3339 1924 circum
3395 1886 3459 1928 se
3513 1872 3716 1943 ignem

2036 1946 2380 2002 videntibus
2414 1947 2702 2019 adjuvare
2744 1951 2906 2007 idem
2949 1953 3044 2009 vel
3098 1958 3481 2028 exstinguere
3534 1978 3714 2017 nemo

2035 2042 2285 2091 conatus
2316 2041 2427 2107 est,
2451 2040 2740 2112 autquod
2770 2041 3067 2115 reliquum
3118 2050 3273 2101 esset
3318 2047 3550 2104 salvum
3610 2050 3712 2107 ha-

2031 2124 2193 2193 bere,
2226 2123 2318 2180 vel
2348 2125 2407 2181 in
2440 2126 2835 2185 salvationem
2884 2131 3217 2189 viventium
3276 2136 3354 2191 ad
3404 2138 3709 2208 opinabile

2033 2212 2263 2270 bonum
2293 2214 2536 2285 erigere.
2572 2217 2672 2271 Dei
2694 2219 2919 2291 quippe
2945 2222 3239 2278 sententia
3286 2229 3342 2279 et
3397 2225 3559 2281 beati
3613 2228 3703 2283 Mi-

2034 2301 2254 2357 chaelis
2288 2302 2603 2359 clementia
2625 2306 2730 2376 qui
2750 2306 2905 2375 ignis
2928 2308 3059 2376 jam
3091 2308 3331 2365 dudum
3371 2312 3704 2369 damnave-

2033 2396 2123 2445 rat
2153 2390 2414 2446 maxime
2448 2391 2801 2449 admirabile
2835 2400 2958 2451 tam
3010 2399 3431 2454 exstructionis
3486 2416 3702 2470 genere

2033 2496 2219 2552 quam
2244 2479 2675 2549 magnitudinis
2700 2483 2962 2555 itemque
2994 2486 3420 2543 muniﬁcentia
3476 2489 3537 2544 in
3579 2489 3699 2543 sin-

2036 2567 2188 2637 gulis
2220 2567 2399 2623 rebus
2427 2571 2482 2624 et
2511 2568 2713 2638 gloria
2736 2570 2895 2627 intus
2925 2572 3015 2628 vel
3048 2573 3213 2641 foris,
3246 2591 3408 2632 nunc
3435 2581 3528 2632 est
3557 2576 3700 2632 adi-

2034 2656 2278 2712 ﬁcatum
2333 2655 2771 2730 persplendide.
2829 2662 3054 2717 Revera
3127 2663 3289 2718 enim
3362 2664 3702 2736 appetibilis

2036 2745 2345 2818 privilegio
2366 2746 2581 2811 insula,
2602 2764 2735 2819 qua
2752 2754 2840 2804 est
2854 2750 3051 2821 portio
3063 2755 3234 2807 terra
3251 2757 3699 2823 ornamentum,

2036 2840 2093 2889 et
2114 2834 2289 2890 totius
2316 2833 2520 2906 patria
2551 2832 2611 2890 in
2642 2835 2842 2891 multis
2875 2838 3384 2910 supplementum,
3442 2841 3703 2911 regionis

2034 2939 2179 2978 vero
2208 2922 2464 2996 propria
2495 2923 2752 2979 salutare
2778 2923 2882 2980 dat
2902 2925 3193 2983 auxilium
3217 2928 3617 3000 prudentibus
3648 2936 3705 2987 et

2035 3008 2313 3083 indoctis,
2336 3010 2537 3085 parvis
2566 3011 2901 3085 etmagnis,
2933 3014 3057 3071 sive
3107 3017 3360 3084 rusticis,
3416 3020 3702 3090 promeri-

2038 3105 2235 3157 torum
2283 3099 2566 3173 qualitate
2623 3100 2848 3157 obtinet
2894 3102 3222 3160 honestatis
3270 3105 3510 3161 culmen
3540 3124 3701 3163 sum-

2037 3206 2226 3246 mum.
2264 3178 2457 3245 insula
2484 3189 2648 3262 puris
2679 3190 3061 3264 honestisque
3092 3193 3403 3264 praceptis
3442 3208 3513 3248 ac
3566 3192 3699 3250 dul-

2037 3280 2247 3335 cedine
2277 3278 2710 3335 benedictionis
2745 3278 2989 3351 inclyta,
3023 3280 3328 3351 dignitatis
3382 3281 3477 3336 vel
3532 3283 3702 3339 recti-

2037 3368 2260 3425 tudinis
2291 3369 2367 3425 ad
2400 3368 2729 3425 reverentia
2762 3368 2984 3424 civium
3014 3370 3273 3436 sincera,
3305 3369 3366 3425 in
3387 3372 3700 3427 munimen

2038 3459 2311 3514 omnium
2343 3458 2675 3531 constipata
2702 3458 2973 3514 cavernis
3014 3464 3071 3515 et
3124 3458 3356 3526 ﬁstulis,
3409 3460 3693 3529 fontibus,

2035 3550 2094 3601 et
2122 3546 2390 3603 auriﬂuis
2414 3547 2575 3615 rivis,
2600 3546 2901 3617 segetibus
2925 3550 2983 3603 et
3004 3548 3192 3604 vineis
3214 3548 3545 3605 eminenter
3574 3548 3698 3618 glo-

2034 3634 2197 3691 riosa
2226 3654 2238 3691 :
2271 3652 2406 3709 quae
2428 3635 2543 3691 nisi
2565 3640 2621 3691 et
2646 3635 2971 3692 astantium
3001 3636 3223 3692 meritis
3254 3637 3427 3693 fuerit
3454 3637 3694 3706 violata,

2034 3724 2359 3782 nobilitatis
2384 3741 2506 3781 sua
2538 3724 2760 3780 viribus
2786 3725 2847 3780 in
2871 3727 3057 3781 Deum
3080 3729 3351 3782 servatur
3369 3726 3536 3799 pacis
3565 3725 3697 3782 oleo

2032 3810 2219 3866 linita.
2250 3813 2534 3877 Quamvis
2591 3818 2793 3867 autem
2841 3812 3282 3869 decertantibus
3332 3814 3404 3869 sit
3456 3815 3518 3869 in
3575 3814 3695 3871 lato

2034 3900 2364 3970 angustior,
2396 3899 2456 3953 iu
2488 3900 2801 3971 praemium
2829 3900 3225 3955 vincentibus
3250 3902 3380 3971 ejus
3427 3902 3593 3956 sinus
3632 3902 3693 3956 in

2032 3988 2335 4043 immensa
2360 3987 2731 4058 longitudine
2762 3992 2965 4044 manet
2989 3988 3262 4060 amplior.

2104 4080 2225 4145 Age
2258 4092 2400 4147 ergo
2416 4076 2689 4133 festivum
2723 4076 2906 4147 diem,
2949 4077 3124 4133 turba
3169 4076 3360 4133 ﬁdelis
3399 4077 3692 4134 latabun-

2032 4164 2125 4220 dis
2174 4165 2390 4221 animis
2437 4164 2684 4222 induere
2733 4165 3163 4236 fortitudinem,
3214 4171 3270 4222 et
3338 4166 3533 4239 jubila
3589 4185 3691 4224 ex-

2033 4254 2367 4323 sultatione,
2402 4255 2695 4327 quoniam
2723 4255 2806 4311 tui
2821 4270 3108 4313 marores
3138 4258 3199 4313 in
3235 4257 3528 4327 gaudium
3555 4265 3693 4317 sunt

2031 4344 2262 4411 mutati,
2281 4348 2338 4400 et
2357 4344 2517 4400 triste
2540 4343 2815 4401 habitum
2834 4345 2895 4401 in
2916 4348 3203 4404 amictum
3218 4347 3427 4404 latitia
3449 4364 3689 4403 versum

2029 4437 2134 4489 est.
2192 4434 2479 4489 Parietem
2538 4434 2698 4491 enim
2750 4434 3065 4493 discordia
3118 4453 3300 4510 quem
3358 4434 3690 4492 aediﬁcave-

2027 4524 2119 4577 rat
2164 4520 2461 4592 diabolus,
2512 4525 2798 4595 parietem
2878 4526 3103 4595 effodit,
3157 4529 3214 4581 et
3265 4529 3497 4596 petram
3564 4539 3688 4580 non

2028 4612 2369 4680 commovit,
2430 4611 2825 4670 fundamenta
2864 4613 3135 4669 Ecclesia
3167 4613 3451 4679 excussit,
3484 4618 3539 4669 et
3570 4618 3690 4669 tur-

2026 4716 2155 4757 rem
2205 4702 2580 4758 immobilem
2631 4717 2754 4757 nou
2811 4702 3007 4769 elisit;
3061 4702 3292 4774 lapides
3350 4702 3583 4773 dejecit,
3630 4708 3689 4759 et

2025 4790 2258 4846 radices
2281 4806 2405 4846 non
2426 4790 2622 4846 evellit
2645 4808 2659 4857 ;
2692 4791 3036 4847 unctionem
3059 4790 3223 4857 vidit,
3252 4795 3309 4847 et
3332 4791 3538 4863 templi
3565 4792 3686 4847 for-

2024 4878 2337 4935 titudinem
2361 4894 2500 4932 mox
2528 4877 2806 4933 deseruit.
2842 4880 3063 4949 Lugeat
3111 4895 3180 4936 ac
3237 4878 3552 4936 erubescat
3589 4894 3687 4935 ve-

2024 4971 2297 5023 ternosus
2317 4964 2523 5037 prado
2551 4965 2821 5038 pradam
2853 4967 3143 5037 amisisse,
3175 4966 3319 5040 quia
3370 4966 3684 5040 impletum

2024 5055 2299 5111 videmus
2349 5054 2516 5125 quod
2566 5056 2864 5127 propheta
2910 5057 3269 5113 vaticinante
3320 5056 3679 5112 audivimus.

2028 5142 2314 5215 Equidem
2373 5141 2586 5215 inquit,
2633 5144 2945 5217 captivitas
2998 5162 3034 5202 a
3107 5146 3255 5201 forte
3311 5145 3566 5211 tolletur,
3626 5148 3684 5200 et

2022 5232 2189 5304 quod
2219 5231 2489 5288 ablatum
2520 5232 2730 5301 fuerat,
2764 5250 2801 5291 a
2833 5234 3080 5291 robusto
3113 5235 3457 5291 salvabitur.
3520 5233 3683 5291 Dica-

2023 5336 2160 5376 mus
2216 5335 2361 5376 sane
2420 5337 2671 5378 omnes:
2731 5324 2942 5380 Gloria
2994 5326 3056 5380 in
3088 5325 3338 5380 excelsis
3357 5325 3497 5380 Deo.
3528 5329 3582 5379 et
3615 5324 3680 5379 in

2024 5414 2189 5465 terra
2215 5423 2342 5479 pax
2368 5410 2703 5466 hominibus
2738 5412 2905 5471 bona
2926 5414 3253 5468 voluntatis
3286 5414 3449 5483 (Luc.
3478 5426 3536 5475 η,
3569 5411 3681 5483 tt.)

2026 5497 2382 5568 Evigilemus
2412 5514 2659 5571 prorsus
2691 5505 2747 5555 et
2803 5515 2934 5569 nos,
2958 5501 3062 5573 qui
3077 5500 3287 5557 habitu
3308 5500 3403 5556 vel
3432 5504 3679 5571 aspectu

2024 5586 2179 5643 hanc
2200 5587 2716 5643 conversationem
2737 5588 3072 5659 angelicam
3100 5589 3566 5661 promeruimus,
3618 5582 3685 5645 et-

2025 5675 2192 5732 nullo
2218 5674 2403 5732 modo
2423 5691 2459 5733 a
2487 5677 2788 5750 speranda
2807 5676 3141 5745 clementia,
3162 5678 3454 5751 quoniam
3466 5677 3678 5752 primi-
