3988 6182
343 216 477 267 1455

797 210 1102 266 DOMlNlCl
1147 211 1514 265 PATBIARC.
1559 206 2041 275 AQUILEIENSIS
2083 204 2293 260 EPIST.
2335 206 2428 259 AD
2468 203 2753 261 PETRUM
2790 204 3309 261 ANTIOCHENUM.

3627 212 3764 264 1456

337 335 560 390 cerium
585 334 938 403 angelorum
961 336 1017 389 et
1039 331 1252 388 Christi
1280 331 1643 388 mirabilium
1675 332 1994 406 primatem
2034 332 2081 384 A
2111 331 2376 401 Sponsus
2407 343 2546 384 cum
2573 328 2834 384 claritate
2860 331 2915 385 et
2935 327 3379 397 magniﬁcentia
3408 331 3468 386 in
3492 331 3762 388 thalamo

337 422 410 476 de
428 422 524 476 die
542 423 603 476 in
623 421 783 476 diem
803 421 1078 494 quisquis
1099 423 1371 476 nostrum
1391 421 1778 493 contemplari
1805 420 1989 485 valet;

339 527 373 568 a
395 526 516 583 quo
537 510 713 566 totius
725 509 865 565 tidei
881 514 1099 566 nostrae
1113 509 1289 564 unius
1300 510 1574 566 beneficii
1587 510 1836 583 praemia
1859 524 1994 564 con-

337 600 552 668 quirat,
613 603 669 654 et
733 598 929 654 omnis
1013 598 1465 670 conquisitionis
1537 598 1876 671 proﬂigatio
1934 597 1994 652 in

341 688 616 743 omnium
646 703 848 743 rerum
895 687 1223 743 viventium
1251 704 1320 743 ac
1352 704 1473 743 non
1507 688 1849 752 viventium,
1892 687 1998 741 im-

338 777 673 833 mobiluum
705 793 947 850 quoque
977 783 1033 833 et
1061 779 1288 833 moveri
1345 772 1690 846 valentium,
1748 791 1996 849 corpore

341 867 427 920 vel
458 867 672 938 specie,
706 866 900 922 forma
932 867 1024 920 vel
1055 881 1268 935 genere
1299 866 1684 935 famulantes,
1716 865 1999 921 concordi

340 955 684 1010 deﬁnitione
753 960 1030 1027 optemus
1079 960 1143 1010 ut
1199 955 1510 1027 proprium
1558 955 1847 1026 vigorem,
1894 955 1999 1010 sed

337 1044 574 1116 proprie
633 1045 722 1100 vel
774 1044 1047 1099 ordinem
1094 1060 1408 1113 magnum,
1480 1044 1603 1099 sive
1675 1042 2000 1099 honestatis

342 1132 838 1187 consuetudinem
867 1131 1104 1198 relevet,
1135 1135 1192 1187 et
1250 1131 1530 1200 angelicae
1582 1131 1851 1202 dignitati
1909 1131 2000 1186 vel

341 1221 623 1276 humanae
654 1221 958 1276 devotioni
985 1221 1206 1293 ubique
1237 1238 1358 1293 pax
1381 1226 1437 1277 et
1454 1222 1667 1277 veritas
1683 1221 1998 1276 custodiat.

353 1312 631 1364 Nostrum
686 1309 864 1365 etiam
924 1325 1102 1381 posse
1161 1315 1216 1365 et
1262 1326 1502 1364 necesse
1534 1311 1592 1365 in
1647 1311 1775 1380 ejus
1823 1309 2000 1366 laude

343 1402 400 1454 et
447 1399 838 1455 admiratione
895 1403 1085 1455 totum
1157 1399 1559 1466 sublevemus,
1615 1399 2001 1472 corporisque

343 1486 507 1541 visus
537 1491 594 1541 et
619 1487 834 1543 mentis
854 1503 1126 1542 recessus
1157 1488 1272 1543 huc
1295 1487 1554 1560 illucque
1585 1503 1705 1543 non
1754 1487 2004 1542 diverta-

349 1592 509 1641 mus,
539 1581 604 1631 ut
623 1576 937 1632 diversitas
965 1576 1342 1632 saecularium
1374 1577 1452 1633 ab
1477 1577 1763 1632 electione
1818 1575 2003 1631 unita-

2101 417 2337 483 residet,
2363 421 2577 472 etcum
2591 416 2812 487 gaudio
2833 417 3118 473 intrantes
3137 417 3362 490 recipit.
3395 420 3760 492 Priusquam

2097 507 2300 577 janum
2333 505 2708 572 claudantur,
2738 506 3039 562 velocitate
3067 507 3299 578 pedum
3329 508 3491 579 apud
3544 509 3760 582 princi-

2103 611 2242 667 pem
2273 599 2549 650 nostrum
2575 611 3026 664 concurramus,
3057 612 3130 650 ne
3160 596 3343 652 nobis
3371 596 3507 651 foris
3565 612 3763 652 rema-

2105 699 2245 739 nere
2273 683 2598 752 contingat.
2632 683 2904 739 Libenter
2928 685 3086 739 enim
3119 685 3502 757 splendorem
3559 686 3764 756 gloriae

2105 773 2484 844 figuramque
2508 774 2854 830 substantiae
2877 773 2934 828 in
2951 774 3166 829 sanctis
3193 774 3319 828 suis
3337 774 3762 843 gloriﬁcemus,

2107 869 2163 918 et
2189 864 2267 919 ob
2286 863 2725 936 reparationem
2748 879 2969 935 panem
2999 869 3057 919 et
3084 864 3288 918 vinum
3318 880 3487 936 aqua
3515 866 3764 920 mistum

2109 951 2546 1008 assumendum
2578 952 2637 1006 in
2659 951 2917 1006 formam
2945 952 3250 1024 pristinam
3281 953 3340 1007 in
3369 952 3586 1008 divino
3600 969 3766 1008 amo-

2107 1056 2170 1096 re
2197 1040 2642 1112 participemus,
2676 1056 2745 1096 ac
2772 1041 2906 1095 totis
2951 1040 3255 1095 desideriis
3303 1041 3465 1096 illum
3525 1042 3590 1096 in
3651 1057 3767 1113 quo

2111 1135 2248 1185 sunt
2275 1129 2481 1186 omnia
2509 1146 2802 1197 amemus,
2844 1131 3016 1200 cujus
3073 1130 3370 1201 passionis
3424 1131 3766 1187 imitatione

2110 1218 2402 1275 immolati
2433 1223 2489 1274 et
2509 1218 2776 1274 coronati
2793 1217 3027 1275 suntilli
3047 1234 3310 1290 quorum
3338 1219 3610 1290 quotidie
3626 1234 3768 1291 prte-

2112 1307 2363 1362 sentiam
2388 1323 2766 1362 veneramur.
2789 1306 3092 1363 Celebrem
3113 1306 3172 1361 in
3193 1306 3604 1362 anniversaria
3629 1313 3770 1364 tem-

2111 1396 2192 1467 pli
2221 1400 2530 1468 portemus
2560 1395 2957 1463 festivitatem,
2988 1399 3045 1450 et
3075 1395 3349 1450 distincte
3401 1395 3614 1451 choros
3673 1414 3770 1452 re-

2111 1485 2435 1541 boantibus
2461 1486 2702 1557 hymnis
2730 1483 3242 1557 lampadibusque
3263 1485 3532 1540 accensis
3561 1485 3620 1541 in
3642 1487 3766 1542 lau-

2111 1573 2251 1629 dem
2279 1579 2626 1630 sanctorum
2657 1574 2974 1646 pulchram
3001 1589 3212 1629 vocem
3227 1573 3498 1629 levemus
3519 1579 3577 1630 et
3597 1591 3762 1630 men-

340 1665 414 1719 tis
466 1669 684 1720 nostrae
738 1666 1011 1721 omnium
1063 1666 1396 1723 voluntates
1450 1671 1628 1738 atque
1675 1681 2002 1721 consensus
2039 1678 2083 1730 Β
2111 1665 2232 1717 tem
2260 1661 2340 1717 ad
2368 1678 2508 1718 eum
2536 1662 2641 1734 qui
2670 1679 2810 1718 cum
2835 1662 3004 1718 Patre
3042 1666 3099 1716 et
3131 1660 3349 1734 Spiritu
3389 1666 3617 1731 sancto,
3671 1663 3760 1718 tri-

341 1754 666 1826 perdurare
683 1759 1012 1824 cognoscat
1035 1774 1047 1822 ;
1070 1755 1248 1810 hodie
1265 1771 1509 1827 quoque
1527 1755 1740 1810 celsius
1755 1753 2003 1827 quando

343 1846 462 1898 Rex
484 1859 693 1913 regum
710 1844 787 1899 ad
806 1843 931 1898 Filii
962 1844 1052 1899 sui
1077 1844 1318 1917 nuptias
1347 1844 1612 1900 invitavit
1634 1861 1746 1900 nos
1775 1843 2000 1915 Nuptia:

342 1936 564 2002 paratae
614 1937 770 1999 sunt,
825 1932 1034 2003 inquit,
1092 1937 1149 1987 et
1195 1932 1376 1987 altilia
1432 1938 1634 1988 nostra
1668 1931 1998 1997 immolata,

2110 1767 2225 1806 nus
2255 1755 2310 1807 et
2336 1767 2493 1807 unus
2526 1754 2700 1818 Deus,
2723 1751 2866 1807 vivit
2895 1754 2952 1807 et
2977 1754 3188 1822 regnat
3233 1749 3294 1806 in
3355 1766 3553 1807 arvum
3605 1759 3661 1807 et
3703 1752 3760 1807 in

2111 1841 2316 1896 omnia
2343 1840 2562 1896 saecula
2592 1840 2969 1896 saeculorum.
3001 1845 3210 1896 Amen.

359 2033 3752 2067 π

1680 2117 1838 2155 ClRCA
1881 2115 2087 2154 ΜΕῡίιῖὒί

2129 2115 2410 2154 SBCULUM.

1312 2211 2796 2358 DOMINlCUS

874 2421 1264 2476 GRADENSIS
1332 2422 1416 2475 ET
1477 2418 1959 2485 AQUILEIENSIS
2001 2420 2066 2472 IN
2109 2416 2398 2472 DlTlONE
2439 2417 2710 2470 VENETA
2749 2414 3224 2471 PATRIARCHA.

1839 2541 2269 2556 _—

999 2552 3160 2736 nommcﬁpis'rona

767 2797 831 2903 Α
842 2818 910 2902 D

1031 2816 1484 2903 PETRUM
1610 2814 2409 2902 PATRIARCHAM
2541 2811 3324 2900 ANTIOCHENUM

1148 2979 1365 3049 (Edidit
1402 2982 1765 3048 Corsmnurs,
1807 2978 2090 3035 Εοριεείω
2119 2977 2613 3047 θνωορΜοηιιηιη
2659 2978 2722 3044 ll,
2774 2976 2920 3043 108.)

425 3171 945 3228 Excellentissimzr.
1005 3177 1222 3228 sanctae
1268 3173 1424 3227 sedis
1481 3171 1752 3227 Ecclesiae
1810 3172 2005 3229 Antio-
2045 3174 2085 3228 C
2117 3176 2299 3227 stram
2331 3172 2635 3244 pervenire
2657 3170 3010 3226 festinamus
3039 3188 3051 3237 ;
3081 3170 3768 3244 charitatemperfectam

348 3262 658 3317 chensium
689 3261 926 3334 prasidi
953 3261 1236 3317 eminenti
1267 3261 1642 3334 patriarchae,
1689 3277 1916 3331 magno
1946 3267 2001 3318 et

340 3350 672 3423 apostolico
699 3350 845 3417 viro,
883 3353 1186 3406 Dommccs
1221 3350 1318 3405 Dei
1351 3349 1540 3419 gratia
1572 3349 1887 3406 Gradensis
1945 3354 2001 3406 et

340 3439 740 3511 Aquileiensis
771 3438 1040 3494 Ecclesia!
1068 3438 1429 3510 patriarcha.

416 3533 462 3583 t.
497 3528 929 3597 Admonemus,
967 3527 1163 3582 omnis
1212 3527 1493 3583 desiderii
1533 3543 1602 3582 ac
1658 3527 1998 3583 reverentiae

337 3622 496 3681 voto,
522 3633 659 3671 cum
680 3617 992 3689 proposito
1013 3616 1650 3689 ﬁdelissimiobsequii,
1674 3621 1890 3672 nostrae
1913 3633 1998 3672 re-

333 3705 597 3760 verentia
617 3709 672 3758 et
688 3704 946 3760 amicitia
960 3705 1244 3759 honorari
1264 3709 1320 3760 et
1339 3705 1452 3759 coli
1471 3705 1794 3760 Ecclesiam
1809 3709 1996 3778 tuam,

349 3797 713 3867 quaanostrre
746 3791 949 3848 matris
982 3794 1264 3848 Romanae
1315 3791 1586 3847 Ecclesiae
1645 3808 1814 3848 soror
1869 3809 1996 3849 esse

336 3883 732 3953 cognoscitur,
761 3887 938 3954 atque
969 3881 1302 3938 fundatoris
1336 3881 1427 3936 sui
1448 3881 1692 3952 meritis,
1729 3882 1872 3937 Petri
1913 3883 1996 3938 vi-

333 3974 544 4030 delicet
575 3971 989 4044 apostolorum
1011 3971 1316 4043 principis,
1335 3976 1475 4043 post
1503 3971 1834 4027 secundam
1853 3988 1998 4043 pree-

339 4063 598 4118 dicatur.
633 4061 728 4117 His
757 4061 936 4130 igitur
962 4060 1222 4129 omissis,
1254 4060 1416 4116 fama
1445 4061 1677 4132 pietatis
1707 4064 1840 4125 ture,
1877 4061 1995 4117 ﬁde

337 4168 404 4205 ac
433 4166 611 4221 opere
634 4150 808 4221 plene
839 4149 1037 4221 ipsam
1064 4165 1125 4203 se
1152 4147 1376 4220 ubique
1400 4148 1804 4220 proclamans,
1840 4150 1998 4219 cogit

335 4255 447 4294 nos
478 4238 768 4294 humilem
799 4237 902 4292 tibi
932 4237 1327 4294 reverentiam
1353 4236 1602 4292 reddere
1635 4253 1657 4302 .·
1707 4253 1816 4298 nec
1873 4255 1994 4295 non

337 4332 389 4383 te
419 4342 526 4399 per
553 4326 714 4381 viam
743 4324 979 4379 Domini
1005 4325 1335 4392 incedente,
1361 4325 1610 4396 vestigia
1647 4331 1749 4381 tua
1802 4327 1991 4398 sequi.

411 4421 460 4472 '2.
517 4419 632 4471 Nos
692 4428 834 4483 ergo
906 4412 966 4467 in
1026 4414 1471 4484 septentrionali
1516 4431 1668 4471 zona
1717 4415 1995 4486 longissi-

2108 3262 2259 3316 inter
2289 3277 2400 3316 nos
2433 3261 2737 3316 fundaturi
2766 3276 2948 3332 supra
2971 3276 3158 3332 quam
3187 3260 3250 3315 in
3272 3267 3579 3332 posterum
3635 3278 3768 3334 quas

2112 3351 2208 3407 Dei
2242 3355 2381 3407 sunt
2419 3351 2716 3406 excelsius
2740 3349 3196 3406 zediﬁcabimus.

2179 3446 2229 3496 3.
2265 3443 2537 3496 Attamen
2589 3440 2703 3494 hoc
2763 3438 3101 3511 paternitati
3148 3442 3351 3493 vestrae
3415 3444 3610 3494 tacere
3641 3455 3766 3496 non

2106 3545 2452 3601 possumus,
2481 3529 2648 3602 quod
2672 3545 2707 3584 a
2735 3528 2893 3584 clero
2918 3527 3558 3596 tionstantinopolitano
3610 3543 3754 3581 san-

2107 3622 2265 3673 ctam
2295 3621 2626 3672 Romanam
2659 3615 2985 3671 Ecclesiam
3029 3611 3327 3684 vituperari
3378 3610 3747 3670 audivimus.

2107 3703 2568 3775 Reprehendunt
2592 3703 2770 3773 igitur
2797 3701 3196 3758 sacratissima
3247 3714 3479 3771 azyma,
3529 3712 3673 3770 quis
3699 3698 3764 3752 in

2105 3808 2354 3865 corpore
2375 3792 3046 3849 Christisanctificamus
3074 3795 3132 3845 et
3155 3791 3479 3855 sumimus;
3505 3791 3689 3860 atque
3709 3787 3771 3842 in

2104 3883 2218 3937 hoc
2247 3898 2358 3938 nos
2383 3886 2655 3954 expertes
2684 3881 2841 3936 illius
2903 3880 3175 3952 corporis
3231 3883 3530 3944 astruunt,
3583 3883 3644 3931 et
3697 3876 3771 3931 ab

2104 3970 2327 4025 unitate
2345 3970 2612 4025 Ecclesiaa
2628 3969 2902 4041 judicant
2919 3973 3230 4040 separatos
3258 3987 3270 4035 ;
3292 3965 3460 4038 quod
3487 3965 3772 4020 nimirum

2105 4057 2335 4129 absque
2367 4057 2643 4113 mistione
2674 4057 2946 4112 fermenti
2979 4055 3413 4112 Eucharistiam
3475 4053 3772 4108 sacriﬁce-

2105 4163 2261 4216 mus,
2289 4147 2393 4202 ubi
2425 4163 2535 4202 nos
2566 4147 2855 4202 unitatem
2885 4145 3195 4201 catholicae
3229 4143 3502 4199 Ecclesiae
3534 4157 3770 4198 servare

2106 4237 2233 4292 sine
2266 4235 2534 4308 quolibet
2590 4237 2906 4292 schismate
2936 4235 3282 4308 cupientes;
3341 4233 3609 4288 maxime
3647 4249 3768 4302 azy-

2103 4341 2343 4381 morum
2363 4325 2880 4392 consuetudinem,
2914 4340 3035 4380 non
3068 4324 3266 4379 solum
3297 4321 3632 4394 apostolica
3661 4319 3752 4373 sed

2104 4415 2282 4470 etiam
2306 4414 2562 4486 ipsamet
2584 4413 2814 4470 Domini
2843 4413 3168 4468 retinemus
3191 4411 3537 4466 traditione.
3557 4413 3759 4465 Tamen

336 4507 449 4562 mis
480 4511 647 4562 terra;
711 4503 1014 4575 marisque
1068 4501 1391 4557 intervallis
1440 4503 1631 4571 divisi,
1674 4505 1860 4561 animi
1909 4511 1996 4561 ta-
2036 4523 2078 4574 Ι)
2110 4503 2254 4576 quia
2281 4502 2617 4559 fermentati
2643 4502 2816 4575 panis
2838 4518 3008 4558 sacra
3036 4499 3378 4556 commistio
3405 4515 3443 4553 a
3467 4496 3766 4553 sanctissi-

336 4611 476 4651 men
509 4610 712 4650 amore
771 4592 1094 4664 conjuncti,
1128 4595 1336 4646 vestrae
1405 4592 1732 4648 sanctitatis
1779 4595 1996 4650 notitiae

338 4684 696 4755 agglutinari
747 4683 1047 4755 cupimus,
1102 4682 1296 4736 mutui
1351 4679 1573 4736 amoris
1629 4681 1805 4736 nobis
1860 4699 1996 4755 par-

336 4773 744 4846 ticipationem
795 4770 1164 4844 rependenti.
1225 4773 1598 4843 Quapropter
1662 4769 1998 4827 indicamus

337 4869 604 4918 nostram
667 4861 988 4917 Ecclesiam
1051 4878 1086 4916 a
1161 4861 1319 4916 beati
1385 4860 1559 4916 Marci
1623 4860 1997 4930 evangelistae

335 4951 638 5026 praeconio
691 4947 1015 5022 sumpsisse
1066 4949 1359 5020 originem
1411 4969 1422 5016 ;
1483 4950 1623 5005 item
1675 4949 1851 5006 beato
1903 4952 1997 5006 Pe-

337 5048 428 5098 tro
494 5041 904 5107 constituente,
988 5041 1280 5095 honorem
1348 5039 1669 5111 patriarchi
1735 5039 1996 5095 nominis

335 5131 491 5187 intra
558 5128 779 5185 Italiam
819 5132 1111 5184 duntaxat
1147 5129 1432 5185 habuisse
1467 5133 1561 5192 ;et
1615 5129 1675 5184 in
1727 5133 1996 5185 Romano

339 5222 654 5283 conventu,
704 5217 1150 5274 consessionem
1220 5217 1572 5274 cecumenici
1630 5234 1806 5290 papae
1851 5217 1994 5273 dex-

338 5317 494 5368 tram
523 5307 869 5374 obtinuisse,
905 5307 1085 5378 Cujus
1106 5307 1352 5378 quidem
1383 5306 1466 5362 rei
1499 5306 1772 5363 ordinem
1825 5306 1997 5362 vobis

339 5399 574 5471 plenius
603 5398 801 5453 futuro
831 5400 1098 5467 tempore
1120 5395 1528 5463 ostendemus,
1555 5401 1878 5468 postquam
1925 5413 1991 5453 ex

341 5493 550 5542 mutuo
580 5486 845 5559 rescripti
871 5502 999 5548 usu.
1029 5485 1103 5540 de
1129 5485 1198 5540 iis
1219 5502 1354 5558 quae
1385 5485 1466 5540 ad
1485 5485 1668 5540 ﬁdem
1700 5485 1999 5557 pertinent

342 5572 421 5628 ad
441 5573 695 5630 invicem
724 5573 1247 5631 declaraverimus.
1281 5573 1452 5630 Modo
1503 5578 1732 5629 tantum
1786 5578 1997 5628 vestrae

341 5658 653 5734 probitatis
702 5679 906 5718 amore
955 5663 1131 5734 capti,
1183 5663 1258 5719 ad
1318 5663 1507 5719 solam
1563 5662 1836 5718 notitiam
1893 5679 1989 5717 ve-

2108 4594 2221 4648 mis
2253 4591 2720 4664 orthodoxisque
2746 4590 3014 4646 Patribus
3053 4588 3448 4644 Orientalium
3493 4585 3772 4641 Ecclesia-

2107 4697 2242 4736 rum
2273 4684 2518 4752 accepta
2549 4680 2828 4748 creditur,
2857 4695 2927 4734 ac
2959 4677 3216 4747 legitime
3250 4681 3417 4731 tanta
3456 4679 3775 4745 utramque

2107 4768 2605 4826 consuetudinem
2634 4765 3322 4834 ﬁdeliterintelligamus.
3352 4762 3776 4834 intellectuque

2108 4857 2358 4930 spiritali
2379 4856 2693 4913 salubriter
2718 4855 3166 4911 conﬁrmemus.
3201 4857 3349 4909 Nam
3383 4851 3662 4907 fermenti
3725 4857 3776 4904 et

2106 4947 2308 5003 farinae
2339 4944 2694 5009 commistio,
2728 4960 2849 5016 qua
2882 4943 3132 4999 Orientis
3167 4947 3414 4997 utuntur
3472 4939 3774 5007 Ecclesiae,

2105 5036 2396 5092 incarnati
2457 5033 2628 5089 Verbi
2690 5033 2953 5089 declarat
3003 5031 3447 5094 substantiam;
3515 5027 3778 5100 simplex

2106 5141 2247 5180 vero
2320 5140 2519 5179 massa
2587 5139 2941 5194 azymorum
3000 5137 3185 5193 quam
3267 5122 3535 5174 Romana
3619 5121 3781 5171 tenet

2107 5215 2389 5282 Ecclesia,
2449 5213 2768 5287 puritatem
2826 5213 3110 5267 humanae
3161 5209 3378 5275 carnis,
3412 5222 3600 5279 quam
3650 5205 3782 5277 pla.

2105 5304 2226 5360 cuit
2275 5301 2570 5358 divinitati
2622 5299 2731 5356 sibi
2779 5299 2969 5366 unire;
2999 5299 3146 5355 citra
3178 5295 3653 5353 controversiam
3688 5309 3783 5348 re-

2105 5396 2441 5465 praesentat.
3453 5455 3464 5466 ,

2174 5485 2226 5537 4.
2252 5481 2456 5553 Itaque
2481 5477 2756 5548 redargui
2811 5476 3034 5532 debent
3085 5493 3121 5532 a
3174 5480 3370 5529 vestra
3418 5471 3786 5546 paternitate

2105 5572 2206 5645 qui
2239 5571 2392 5628 adeo
2407 5569 2787 5643 impudenter
2816 5567 3003 5623 sacris
3025 5564 3487 5638 apostolicisque
3513 5562 3790 5618 sanatio»

2100 5663 2277 5718 nibus
2289 5661 2736 5726 contradicunt;
2769 5657 3030 5730 etinquo
3043 5655 3335 5712 aediﬁcare
3371 5654 3788 5711 arbitrantur-
