  <div class='ocr_page' id='page_1' title='image "/cluster/home/n/w/nwhite01/storage/ocr_20150623/141/hvd.32044054760012/738.png"; bbox 0 0 4020 6176; ppageno 0'>
   <div class='ocr_carea' id='block_1_1' title="bbox 272 460 408 514">
    <p class='ocr_par' dir='ltr' id='par_1_1' title="bbox 272 460 408 514">
     <span class='ocr_line' id='line_1_1' title="bbox 272 460 408 514; baseline 0.022 -3"><span class='ocrx_word' id='word_1_1' title='bbox 272 461 292 511; x_wconf 74' lang='grc'><strong>1</strong></span> <span class='ocrx_word' id='word_1_2' title='bbox 302 460 408 514; x_wconf 72' lang='grc'><strong>469</strong></span> 
     </span>
    </p>
   </div>
   <div class='ocr_carea' id='block_1_2' title="bbox 265 577 1925 648">
    <p class='ocr_par' dir='ltr' id='par_1_2' title="bbox 265 577 1925 648">
     <span class='ocr_line' id='line_1_2' title="bbox 265 577 1925 648; baseline 0.002 -18"><span class='ocrx_word' id='word_1_3' title='bbox 265 581 347 633; x_wconf 76' lang='lat' dir='ltr'><strong>sis</strong></span> <span class='ocrx_word' id='word_1_4' title='bbox 381 581 450 632; x_wconf 82' lang='lat' dir='ltr'><strong>ad</strong></span> <span class='ocrx_word' id='word_1_5' title='bbox 483 580 839 634; x_wconf 81' lang='lat' dir='ltr'><strong>Benedictum</strong></span> <span class='ocrx_word' id='word_1_6' title='bbox 867 577 962 643; x_wconf 84' lang='lat' dir='ltr'><strong>IX,</strong></span> <span class='ocrx_word' id='word_1_7' title='bbox 999 593 1279 630; x_wconf 80' lang='lat' dir='ltr'><strong>summum</strong></span> <span class='ocrx_word' id='word_1_8' title='bbox 1309 578 1630 646; x_wconf 82' lang='lat' dir='ltr'><strong>pontiﬁcem</strong></span> <span class='ocrx_word' id='word_1_9' title='bbox 1651 596 1755 648; x_wconf 79' lang='lat' dir='ltr'><strong>pro</strong></span> <span class='ocrx_word' id='word_1_10' title='bbox 1783 581 1925 636; x_wconf 87' lang='lat' dir='ltr'><strong>obti-</strong></span> 
     </span>
    </p>
   </div>
   <div class='ocr_carea' id='block_1_3' title="bbox 266 648 1916 732">
    <p class='ocr_par' dir='ltr' id='par_1_3' title="bbox 266 648 1916 732">
     <span class='ocr_line' id='line_1_3' title="bbox 266 648 1916 732; baseline 0.001 -30"><span class='ocrx_word' id='word_1_11' title='bbox 266 652 453 703; x_wconf 79' lang='lat' dir='ltr'><strong>nenda</strong></span> <span class='ocrx_word' id='word_1_12' title='bbox 503 650 927 706; x_wconf 79' lang='lat' dir='ltr'><strong>canonizatione</strong></span> <span class='ocrx_word' id='word_1_13' title='bbox 979 648 1125 701; x_wconf 81' lang='lat' dir='ltr'>beati</span> <span class='ocrx_word' id='word_1_14' title='bbox 1178 648 1462 702; x_wconf 84' lang='lat' dir='ltr'><strong>Simeonis</strong></span> <span class='ocrx_word' id='word_1_15' title='bbox 1512 648 1718 703; x_wconf 79' lang='lat' dir='ltr'><strong>reclusi</strong></span> <span class='ocrx_word' id='word_1_16' title='bbox 1769 653 1916 732; x_wconf 45' lang='lat' dir='ltr'><strong>signo</strong></span> 
     </span>
    </p>
   </div>
   <div class='ocr_carea' id='block_1_4' title="bbox 265 721 1918 916">
    <p class='ocr_par' dir='ltr' id='par_1_4' title="bbox 265 721 1918 916">
     <span class='ocr_line' id='line_1_4' title="bbox 265 721 1918 916; baseline 0.002 -71"><span class='ocrx_word' id='word_1_17' title='bbox 265 721 724 848; x_wconf 50' lang='grc' dir='ltr'><strong>ΤἫἘἏΕῘΒΕΗ</strong></span> <span class='ocrx_word' id='word_1_18' title='bbox 732 790 873 844; x_wconf 79' lang='lat' dir='ltr'><em>ms</em></span> <span class='ocrx_word' id='word_1_19' title='bbox 930 789 1279 916; x_wconf 47' lang='lat' dir='ltr'><strong>2200511):ng</strong></span> <span class='ocrx_word' id='word_1_20' title='bbox 1286 790 1616 847; x_wconf 89' lang='lat' dir='ltr'><strong>TTENSIS</strong></span> <span class='ocrx_word' id='word_1_21' title='bbox 1652 722 1918 848; x_wconf 58' lang='lat'><strong>121311-368</strong></span> 
     </span>
    </p>
   </div>
   <div class='ocr_carea' id='block_1_5' title="bbox 339 929 1917 990">
    <p class='ocr_par' dir='ltr' id='par_1_5' title="bbox 339 929 1917 990">
     <span class='ocr_line' id='line_1_5' title="bbox 339 929 1917 990; baseline 0.002 -4"><span class='ocrx_word' id='word_1_22' title='bbox 339 929 728 986; x_wconf 85' lang='lat' dir='ltr'><strong>HERIBERTI</strong></span> <span class='ocrx_word' id='word_1_23' title='bbox 771 930 1031 984; x_wconf 86' lang='lat' dir='ltr'><strong>HYMNI.</strong></span> <span class='ocrx_word' id='word_1_24' title='bbox 1783 934 1917 990; x_wconf 87' lang='lat'><strong>1369</strong></span> 
     </span>
    </p>
   </div>
   <div class='ocr_carea' id='block_1_6' title="bbox 339 1001 1916 1060">
    <p class='ocr_par' dir='ltr' id='par_1_6' title="bbox 339 1001 1916 1060">
     <span class='ocr_line' id='line_1_6' title="bbox 339 1001 1916 1060; baseline 0.003 -4"><span class='ocrx_word' id='word_1_25' title='bbox 339 1004 378 1058; x_wconf 91' lang='grc' dir='ltr'><strong>Ι.</strong></span> <span class='ocrx_word' id='word_1_26' title='bbox 412 1036 478 1045; x_wconf 92' lang='lat'><strong>-—</strong></span> <span class='ocrx_word' id='word_1_27' title='bbox 506 1006 594 1054; x_wconf 80' lang='lat' dir='ltr'><strong>De</strong></span> <span class='ocrx_word' id='word_1_28' title='bbox 611 1001 820 1055; x_wconf 83' lang='lat' dir='ltr'><strong>Sancta.</strong></span> <span class='ocrx_word' id='word_1_29' title='bbox 847 1017 1028 1055; x_wconf 84' lang='lat' dir='ltr'><strong>cruce.</strong></span> <span class='ocrx_word' id='word_1_30' title='bbox 1783 1005 1916 1060; x_wconf 87' lang='lat'><strong>1369</strong></span> 
     </span>
    </p>
   </div>
   <div class='ocr_carea' id='block_1_7' title="bbox 339 1071 1908 1132">
    <p class='ocr_par' dir='ltr' id='par_1_7' title="bbox 339 1071 1908 1132">
     <span class='ocr_line' id='line_1_7' title="bbox 339 1071 1908 1132; baseline 0.003 -7"><span class='ocrx_word' id='word_1_31' title='bbox 339 1074 404 1126; x_wconf 93' lang='lat' dir='ltr'>II.</span> <span class='ocrx_word' id='word_1_32' title='bbox 435 1105 499 1114; x_wconf 89' lang='lat'><strong>-—-</strong></span> <span class='ocrx_word' id='word_1_33' title='bbox 530 1073 608 1125; x_wconf 89' lang='lat' dir='ltr'><strong>De</strong></span> <span class='ocrx_word' id='word_1_34' title='bbox 638 1072 694 1126; x_wconf 91' lang='lat' dir='ltr'><strong>S.</strong></span> <span class='ocrx_word' id='word_1_35' title='bbox 727 1071 1068 1126; x_wconf 82' lang='lat' dir='ltr'><strong>Wilibaldo.</strong></span> <span class='ocrx_word' id='word_1_36' title='bbox 1779 1076 1908 1132; x_wconf 98' lang='grc'><strong>1371</strong></span> 
     </span>
    </p>
   </div>
   <div class='ocr_carea' id='block_1_8' title="bbox 338 1143 1916 1210">
    <p class='ocr_par' dir='ltr' id='par_1_8' title="bbox 338 1143 1916 1210">
     <span class='ocr_line' id='line_1_8' title="bbox 338 1143 1916 1210; baseline 0.003 -14"><span class='ocrx_word' id='word_1_37' title='bbox 338 1145 410 1197; x_wconf 90' lang='lat' dir='ltr'>III</span> <span class='ocrx_word' id='word_1_38' title='bbox 450 1175 518 1182; x_wconf 97' lang='lat'><strong>—</strong></span> <span class='ocrx_word' id='word_1_39' title='bbox 547 1145 623 1196; x_wconf 88' lang='lat' dir='ltr'><strong>De</strong></span> <span class='ocrx_word' id='word_1_40' title='bbox 643 1144 700 1196; x_wconf 91' lang='lat' dir='ltr'><strong>S.</strong></span> <span class='ocrx_word' id='word_1_41' title='bbox 736 1143 1084 1210; x_wconf 79' lang='lat' dir='ltr'><strong>Walburgo.</strong></span> <span class='ocrx_word' id='word_1_42' title='bbox 1780 1147 1916 1201; x_wconf 77' lang='lat'><strong>1372</strong></span> 
     </span>
    </p>
   </div>
   <div class='ocr_carea' id='block_1_9' title="bbox 336 1214 1908 1274">
    <p class='ocr_par' dir='ltr' id='par_1_9' title="bbox 336 1214 1908 1274">
     <span class='ocr_line' id='line_1_9' title="bbox 336 1214 1908 1274; baseline 0.004 -8"><span class='ocrx_word' id='word_1_43' title='bbox 336 1214 426 1268; x_wconf 89' lang='lat' dir='ltr'><strong>IV.</strong></span> <span class='ocrx_word' id='word_1_44' title='bbox 463 1247 529 1253; x_wconf 96' lang='lat'><strong>—</strong></span> <span class='ocrx_word' id='word_1_45' title='bbox 558 1215 634 1266; x_wconf 91' lang='lat' dir='ltr'><strong>De</strong></span> <span class='ocrx_word' id='word_1_46' title='bbox 661 1215 716 1268; x_wconf 91' lang='lat' dir='ltr'><strong>S.</strong></span> <span class='ocrx_word' id='word_1_47' title='bbox 743 1214 1070 1268; x_wconf 83' lang='lat' dir='ltr'><strong>Laurentio.</strong></span> <span class='ocrx_word' id='word_1_48' title='bbox 1780 1217 1908 1274; x_wconf 88' lang='grc'><strong>1371</strong></span> 
     </span>
    </p>
   </div>
   <div class='ocr_carea' id='block_1_10' title="bbox 338 1283 1904 1342">
    <p class='ocr_par' dir='ltr' id='par_1_10' title="bbox 338 1283 1904 1342">
     <span class='ocr_line' id='line_1_10' title="bbox 338 1283 1904 1342; baseline 0.005 -7"><span class='ocrx_word' id='word_1_49' title='bbox 338 1285 405 1337; x_wconf 91' lang='lat' dir='ltr'><strong>V.</strong></span> <span class='ocrx_word' id='word_1_50' title='bbox 435 1316 507 1325; x_wconf 93' lang='lat'><strong>—</strong></span> <span class='ocrx_word' id='word_1_51' title='bbox 536 1287 614 1338; x_wconf 91' lang='lat' dir='ltr'><strong>De</strong></span> <span class='ocrx_word' id='word_1_52' title='bbox 644 1289 910 1338; x_wconf 85' lang='lat' dir='ltr'><strong>omnibus</strong></span> <span class='ocrx_word' id='word_1_53' title='bbox 941 1283 1180 1338; x_wconf 81' lang='lat' dir='ltr'><strong>Sanctis.</strong></span> <span class='ocrx_word' id='word_1_54' title='bbox 1779 1288 1904 1342; x_wconf 87' lang='grc'><strong>1371</strong></span> 
     </span>
    </p>
   </div>
   <div class='ocr_carea' id='block_1_11' title="bbox 336 1353 1914 1422">
    <p class='ocr_par' dir='ltr' id='par_1_11' title="bbox 336 1353 1914 1422">
     <span class='ocr_line' id='line_1_11' title="bbox 336 1353 1914 1422; baseline 0.004 -15"><span class='ocrx_word' id='word_1_55' title='bbox 336 1356 428 1410; x_wconf 77' lang='lat' dir='ltr'>V&#39;I.</span> <span class='ocrx_word' id='word_1_56' title='bbox 460 1387 528 1396; x_wconf 92' lang='lat'><strong>——</strong></span> <span class='ocrx_word' id='word_1_57' title='bbox 554 1358 633 1409; x_wconf 93' lang='lat' dir='ltr'><strong>De</strong></span> <span class='ocrx_word' id='word_1_58' title='bbox 664 1358 992 1410; x_wconf 84' lang='lat' dir='ltr'><strong>inventione</strong></span> <span class='ocrx_word' id='word_1_59' title='bbox 1021 1356 1076 1408; x_wconf 91' lang='lat' dir='ltr'><strong>S.</strong></span> <span class='ocrx_word' id='word_1_60' title='bbox 1108 1353 1400 1422; x_wconf 82' lang='lat' dir='ltr'><strong>Stephani.</strong></span> <span class='ocrx_word' id='word_1_61' title='bbox 1778 1360 1914 1416; x_wconf 86' lang='lat'><strong>1372</strong></span> 
     </span>
    </p>
   </div>
   <div class='ocr_carea' id='block_1_12' title="bbox 547 1425 1622 1484">
    <p class='ocr_par' dir='ltr' id='par_1_12' title="bbox 547 1425 1622 1484">
     <span class='ocr_line' id='line_1_12' title="bbox 547 1425 1622 1484; baseline 0.002 -2"><span class='ocrx_word' id='word_1_62' title='bbox 547 1428 781 1482; x_wconf 85' lang='grc' dir='ltr'><strong>ΕΜΜΑ</strong></span> <span class='ocrx_word' id='word_1_63' title='bbox 823 1425 1120 1483; x_wconf 83' lang='lat' dir='ltr'><strong>REGINA</strong></span> <span class='ocrx_word' id='word_1_64' title='bbox 1171 1425 1622 1484; x_wconf 81' lang='lat' dir='ltr'><strong>ANGLORUM.</strong></span> 
     </span>
    </p>
   </div>
   <div class='ocr_carea' id='block_1_13' title="bbox 334 1499 1912 1558">
    <p class='ocr_par' dir='ltr' id='par_1_13' title="bbox 334 1499 1912 1558">
     <span class='ocr_line' id='line_1_13' title="bbox 334 1499 1912 1558; baseline 0.004 -7"><span class='ocrx_word' id='word_1_65' title='bbox 334 1499 659 1552; x_wconf 88' lang='lat' dir='ltr'><strong>Encomium</strong></span> <span class='ocrx_word' id='word_1_66' title='bbox 693 1499 922 1552; x_wconf 80' lang='lat' dir='ltr'><strong>Emmae.</strong></span> <span class='ocrx_word' id='word_1_67' title='bbox 1775 1502 1912 1558; x_wconf 87' lang='lat'><strong>1373</strong></span> 
     </span>
    </p>
   </div>
   <div class='ocr_carea' id='block_1_14' title="bbox 335 1565 1907 1640">
    <p class='ocr_par' dir='ltr' id='par_1_14' title="bbox 335 1565 1907 1640">
     <span class='ocr_line' id='line_1_14' title="bbox 335 1565 1907 1640; baseline 0.003 -18"><span class='ocrx_word' id='word_1_68' title='bbox 335 1571 546 1623; x_wconf 80' lang='lat' dir='ltr'><strong>Emmae</strong></span> <span class='ocrx_word' id='word_1_69' title='bbox 576 1572 789 1637; x_wconf 82' lang='lat' dir='ltr'><strong>reginae</strong></span> <span class='ocrx_word' id='word_1_70' title='bbox 815 1569 1062 1640; x_wconf 75' lang='lat' dir='ltr'><strong>epistola</strong></span> <span class='ocrx_word' id='word_1_71' title='bbox 1092 1567 1161 1620; x_wconf 83' lang='lat' dir='ltr'>ad</span> <span class='ocrx_word' id='word_1_72' title='bbox 1191 1565 1346 1620; x_wconf 87' lang='lat' dir='ltr'><strong>ﬁlios</strong></span> <span class='ocrx_word' id='word_1_73' title='bbox 1379 1585 1517 1623; x_wconf 80' lang='lat' dir='ltr'><strong>suos</strong></span> <span class='ocrx_word' id='word_1_74' title='bbox 1572 1571 1907 1626; x_wconf 81' lang='lat' dir='ltr'><strong>Edwardum</strong></span> 
     </span>
    </p>
   </div>
   <div class='ocr_carea' id='block_1_15' title="bbox 258 1640 1909 1701">
    <p class='ocr_par' dir='ltr' id='par_1_15' title="bbox 258 1640 1909 1701">
     <span class='ocr_line' id='line_1_15' title="bbox 258 1640 1909 1701; baseline 0.004 -9"><span class='ocrx_word' id='word_1_75' title='bbox 258 1645 318 1693; x_wconf 89' lang='lat' dir='ltr'><strong>et</strong></span> <span class='ocrx_word' id='word_1_76' title='bbox 347 1640 649 1695; x_wconf 80' lang='lat' dir='ltr'><strong>Alfridum.</strong></span> <span class='ocrx_word' id='word_1_77' title='bbox 1775 1644 1909 1701; x_wconf 84' lang='lat'><strong>1397</strong></span> 
     </span>
    </p>
   </div>
   <div class='ocr_carea' id='block_1_16' title="bbox 298 1707 1868 1772">
    <p class='ocr_par' dir='ltr' id='par_1_16' title="bbox 298 1707 1868 1772">
     <span class='ocr_line' id='line_1_16' title="bbox 298 1707 1868 1772; baseline 0.003 -8"><span class='ocrx_word' id='word_1_78' title='bbox 298 1711 557 1767; x_wconf 88' lang='grc' dir='ltr'><em>ΡΟΡΡΟ</em></span> <span class='ocrx_word' id='word_1_79' title='bbox 598 1712 750 1768; x_wconf 82' lang='lat' dir='ltr'><strong>TRE’</strong></span> <span class='ocrx_word' id='word_1_80' title='bbox 763 1710 1124 1768; x_wconf 82' lang='lat' dir='ltr'><strong>VIRENSIS</strong></span> <span class='ocrx_word' id='word_1_81' title='bbox 1161 1707 1868 1772; x_wconf 84' lang='lat' dir='ltr'><strong>ARCHIEPISC’OPUS.</strong></span> 
     </span>
    </p>
   </div>
   <div class='ocr_carea' id='block_1_17' title="bbox 334 1783 1909 1843">
    <p class='ocr_par' dir='ltr' id='par_1_17' title="bbox 334 1783 1909 1843">
     <span class='ocr_line' id='line_1_17' title="bbox 334 1783 1909 1843; baseline 0.006 -10"><span class='ocrx_word' id='word_1_82' title='bbox 334 1783 550 1835; x_wconf 74' lang='lat' dir='ltr'><strong>Notitia</strong></span> <span class='ocrx_word' id='word_1_83' title='bbox 579 1785 879 1837; x_wconf 85' lang='lat' dir='ltr'><strong>historica.</strong></span> <span class='ocrx_word' id='word_1_84' title='bbox 1777 1787 1909 1843; x_wconf 85' lang='grc'><strong>1397</strong></span> 
     </span>
    </p>
   </div>
   <div class='ocr_carea' id='block_1_18' title="bbox 333 1853 1909 1983">
    <p class='ocr_par' dir='ltr' id='par_1_18' title="bbox 333 1853 1909 1983">
     <span class='ocr_line' id='line_1_18' title="bbox 333 1853 1909 1983; baseline 0.002 -76"><span class='ocrx_word' id='word_1_85' title='bbox 333 1853 674 1978; x_wconf 48' lang='lat' dir='ltr'><strong>39:150le</strong></span> <span class='ocrx_word' id='word_1_86' title='bbox 735 1855 1082 1910; x_wconf 82' lang='lat' dir='ltr'><strong>EPISTOLA</strong></span> <span class='ocrx_word' id='word_1_87' title='bbox 1141 1857 1236 1908; x_wconf 93' lang='lat' dir='ltr'><strong>AD</strong></span> <span class='ocrx_word' id='word_1_88' title='bbox 1296 1853 1909 1983; x_wconf 66' lang='lat' dir='ltr'><strong>BENEDICTUMMIOXl</strong></span> 
     </span>
    </p>
   </div>
   <div class='ocr_carea' id='block_1_19' title="bbox 1370 445 2606 521">
    <p class='ocr_par' dir='ltr' id='par_1_19' title="bbox 1370 445 2606 521">
     <span class='ocr_line' id='line_1_19' title="bbox 1370 445 2606 521; baseline 0.006 -11"><span class='ocrx_word' id='word_1_89' title='bbox 1370 445 1530 521; x_wconf 65' lang='lat' dir='ltr'><strong>QUAE</strong></span> <span class='ocrx_word' id='word_1_90' title='bbox 1571 459 1637 512; x_wconf 85' lang='lat' dir='ltr'>IN</span> <span class='ocrx_word' id='word_1_91' title='bbox 1677 456 1815 513; x_wconf 83' lang='lat' dir='ltr'><strong>HOC</strong></span> <span class='ocrx_word' id='word_1_92' title='bbox 1852 457 2042 514; x_wconf 73' lang='lat' dir='ltr'><strong>TOMO</strong></span> <span class='ocrx_word' id='word_1_93' title='bbox 2081 457 2606 518; x_wconf 79' lang='lat' dir='ltr'><strong>CONTINENTUR.</strong></span> 
     </span>
    </p>
   </div>
   <div class='ocr_carea' id='block_1_20' title="bbox 2032 579 3703 654">
    <p class='ocr_par' dir='ltr' id='par_1_20' title="bbox 2032 579 3703 654">
     <span class='ocr_line' id='line_1_20' title="bbox 2032 579 3703 654; baseline 0.013 -21"><span class='ocrx_word' id='word_1_94' title='bbox 2032 579 2653 640; x_wconf 81' lang='lat' dir='ltr'><strong>ANGELRANNUS</strong></span> <span class='ocrx_word' id='word_1_95' title='bbox 2688 586 2960 646; x_wconf 87' lang='lat' dir='ltr'><strong><em>ABBAS</em></strong></span> <span class='ocrx_word' id='word_1_96' title='bbox 2995 592 3055 648; x_wconf 91' lang='lat' dir='ltr'><strong>S.</strong></span> <span class='ocrx_word' id='word_1_97' title='bbox 3102 595 3470 653; x_wconf 81' lang='lat' dir='ltr'><strong>RICHARII</strong></span> <span class='ocrx_word' id='word_1_98' title='bbox 3515 598 3703 654; x_wconf 85' lang='lat' dir='ltr'><strong>CEN-</strong></span> 
     </span>
    </p>
   </div>
   <div class='ocr_carea' id='block_1_21' title="bbox 2679 658 3084 720">
    <p class='ocr_par' dir='ltr' id='par_1_21' title="bbox 2679 658 3084 720">
     <span class='ocr_line' id='line_1_21' title="bbox 2679 658 3084 720; baseline 0.015 -8"><span class='ocrx_word' id='word_1_99' title='bbox 2679 658 3084 720; x_wconf 86' lang='lat' dir='ltr'><strong>TULENSIS.</strong></span> 
     </span>
    </p>
   </div>
   <div class='ocr_carea' id='block_1_22' title="bbox 2096 737 3695 808">
    <p class='ocr_par' dir='ltr' id='par_1_22' title="bbox 2096 737 3695 808">
     <span class='ocr_line' id='line_1_22' title="bbox 2096 737 3695 808; baseline 0.012 -19"><span class='ocrx_word' id='word_1_100' title='bbox 2096 737 2334 792; x_wconf 82' lang='lat' dir='ltr'><strong>Notitia</strong></span> <span class='ocrx_word' id='word_1_101' title='bbox 2363 740 2670 796; x_wconf 78' lang='lat' dir='ltr'><strong>historica.</strong></span> <span class='ocrx_word' id='word_1_102' title='bbox 3565 754 3695 808; x_wconf 91' lang='grc'><strong>1401</strong></span> 
     </span>
    </p>
   </div>
   <div class='ocr_carea' id='block_1_23' title="bbox 2097 808 3700 881">
    <p class='ocr_par' dir='ltr' id='par_1_23' title="bbox 2097 808 3700 881">
     <span class='ocr_line' id='line_1_23' title="bbox 2097 808 3700 881; baseline 0.013 -22"><span class='ocrx_word' id='word_1_103' title='bbox 2097 808 2233 881; x_wconf 51' lang='lat' dir='ltr'><strong>Yiga</strong></span> <span class='ocrx_word' id='word_1_104' title='bbox 2261 810 2663 881; x_wconf 12' lang='lat' dir='ltr'><strong>rAngelranni.</strong></span> <span class='ocrx_word' id='word_1_105' title='bbox 3563 825 3700 881; x_wconf 86' lang='grc'><strong>1403</strong></span> 
     </span>
    </p>
   </div>
   <div class='ocr_carea' id='block_1_24' title="bbox 2096 879 3696 1021">
    <p class='ocr_par' dir='ltr' id='par_1_24' title="bbox 2096 879 3696 1021">
     <span class='ocr_line' id='line_1_24' title="bbox 2096 879 3696 1021; baseline 0.014 -92"><span class='ocrx_word' id='word_1_106' title='bbox 2096 879 2285 932; x_wconf 84' lang='lat' dir='ltr'><strong>VITA</strong></span> <span class='ocrx_word' id='word_1_107' title='bbox 2328 880 2385 936; x_wconf 90' lang='lat' dir='ltr'><strong>s.</strong></span> <span class='ocrx_word' id='word_1_108' title='bbox 2430 881 2761 940; x_wconf 83' lang='lat' dir='ltr'><strong>RICHARII</strong></span> <span class='ocrx_word' id='word_1_109' title='bbox 2801 891 3141 947; x_wconf 84' lang='lat' dir='ltr'><strong>AUCTORE</strong></span> <span class='ocrx_word' id='word_1_110' title='bbox 3179 879 3696 1021; x_wconf 56' lang='lat' dir='ltr'><strong>ANGELRANIIIg.</strong></span> 
     </span>
    </p>
   </div>
   <div class='ocr_carea' id='block_1_25' title="bbox 2394 1042 3331 1110">
    <p class='ocr_par' dir='ltr' id='par_1_25' title="bbox 2394 1042 3331 1110">
     <span class='ocr_line' id='line_1_25' title="bbox 2394 1042 3331 1110; baseline 0.013 -14"><span class='ocrx_word' id='word_1_111' title='bbox 2394 1042 2698 1102; x_wconf 85' lang='lat' dir='ltr'><strong>PAPIAS</strong></span> <span class='ocrx_word' id='word_1_112' title='bbox 2746 1047 3079 1106; x_wconf 79' lang='lat' dir='ltr'><strong>GRAMMA</strong></span> <span class='ocrx_word' id='word_1_113' title='bbox 3091 1053 3173 1107; x_wconf 88' lang='lat' dir='ltr'>TI</span> <span class='ocrx_word' id='word_1_114' title='bbox 3171 1053 3331 1110; x_wconf 87' lang='lat' dir='ltr'><strong>CUS.</strong></span> 
     </span>
    </p>
   </div>
   <div class='ocr_carea' id='block_1_26' title="bbox 2095 1128 3693 1202">
    <p class='ocr_par' dir='ltr' id='par_1_26' title="bbox 2095 1128 3693 1202">
     <span class='ocr_line' id='line_1_26' title="bbox 2095 1128 3693 1202; baseline 0.01 -19"><span class='ocrx_word' id='word_1_115' title='bbox 2095 1128 2317 1183; x_wconf 83' lang='lat' dir='ltr'><strong>Notitia</strong></span> <span class='ocrx_word' id='word_1_116' title='bbox 2350 1137 2408 1184; x_wconf 85' lang='lat' dir='ltr'><strong>et</strong></span> <span class='ocrx_word' id='word_1_117' title='bbox 2431 1134 2731 1202; x_wconf 70' lang='lat' dir='ltr'><strong>prologue.</strong></span> <span class='ocrx_word' id='word_1_118' title='bbox 3557 1144 3693 1199; x_wconf 83' lang='lat'><strong>1437</strong></span> 
     </span>
    </p>
   </div>
   <div class='ocr_carea' id='block_1_27' title="bbox 2076 1216 3632 1288">
    <p class='ocr_par' dir='ltr' id='par_1_27' title="bbox 2076 1216 3632 1288">
     <span class='ocr_line' id='line_1_27' title="bbox 2076 1216 3632 1288; baseline 0.01 -17"><span class='ocrx_word' id='word_1_119' title='bbox 2076 1216 2552 1278; x_wconf 83' lang='lat' dir='ltr'><strong><em>ROTBERTUS</em></strong></span> <span class='ocrx_word' id='word_1_120' title='bbox 2587 1223 3136 1286; x_wconf 84' lang='lat' dir='ltr'><strong>LONDINENSIS</strong></span> <span class='ocrx_word' id='word_1_121' title='bbox 3165 1229 3632 1288; x_wconf 85' lang='lat' dir='ltr'><strong>EPISCOPUS.</strong></span> 
     </span>
    </p>
   </div>
   <div class='ocr_carea' id='block_1_28' title="bbox 2093 1289 3681 1357">
    <p class='ocr_par' dir='ltr' id='par_1_28' title="bbox 2093 1289 3681 1357">
     <span class='ocr_line' id='line_1_28' title="bbox 2093 1289 3681 1357; baseline 0.009 -16"><span class='ocrx_word' id='word_1_122' title='bbox 2093 1289 2320 1344; x_wconf 83' lang='lat' dir='ltr'><strong>Notitia</strong></span> <span class='ocrx_word' id='word_1_123' title='bbox 2355 1291 2651 1350; x_wconf 82' lang='lat' dir='ltr'><strong>historica.</strong></span> <span class='ocrx_word' id='word_1_124' title='bbox 3555 1303 3681 1357; x_wconf 86' lang='grc'><strong>1441</strong></span> 
     </span>
    </p>
   </div>
   <div class='ocr_carea' id='block_1_29' title="bbox 2093 1359 3680 1427">
    <p class='ocr_par' dir='ltr' id='par_1_29' title="bbox 2093 1359 3680 1427">
     <span class='ocr_line' id='line_1_29' title="bbox 2093 1359 3680 1427; baseline 0.009 -15"><span class='ocrx_word' id='word_1_125' title='bbox 2093 1359 2466 1416; x_wconf 85' lang='lat' dir='ltr'><strong>ROTBERTI</strong></span> <span class='ocrx_word' id='word_1_126' title='bbox 2505 1364 2826 1420; x_wconf 86' lang='lat' dir='ltr'><strong>CHARTA.</strong></span> <span class='ocrx_word' id='word_1_127' title='bbox 3551 1373 3680 1427; x_wconf 87' lang='grc'><strong>1441</strong></span> 
     </span>
    </p>
   </div>
   <div class='ocr_carea' id='block_1_30' title="bbox 2146 1449 3567 1516">
    <p class='ocr_par' dir='ltr' id='par_1_30' title="bbox 2146 1449 3567 1516">
     <span class='ocr_line' id='line_1_30' title="bbox 2146 1449 3567 1516; baseline 0.008 -11"><span class='ocrx_word' id='word_1_128' title='bbox 2146 1449 2498 1508; x_wconf 78' lang='lat' dir='ltr'><strong>GARCIAS</strong></span> <span class='ocrx_word' id='word_1_129' title='bbox 2527 1454 2974 1512; x_wconf 82' lang='lat' dir='ltr'><strong>MONACHUS</strong></span> <span class='ocrx_word' id='word_1_130' title='bbox 3010 1457 3073 1512; x_wconf 92' lang='lat' dir='ltr'><strong>S.</strong></span> <span class='ocrx_word' id='word_1_131' title='bbox 3114 1458 3567 1516; x_wconf 84' lang='lat' dir='ltr'><strong>MICHAELIS</strong></span> 
     </span>
    </p>
   </div>
   <div class='ocr_carea' id='block_1_31' title="bbox 2596 1525 3117 1585">
    <p class='ocr_par' dir='ltr' id='par_1_31' title="bbox 2596 1525 3117 1585">
     <span class='ocr_line' id='line_1_31' title="bbox 2596 1525 3117 1585; baseline 0.008 -5"><span class='ocrx_word' id='word_1_132' title='bbox 2596 1525 3117 1585; x_wconf 72' lang='lat' dir='ltr'><strong>CUXASENSIS.</strong></span> 
     </span>
    </p>
   </div>
   <div class='ocr_carea' id='block_1_32' title="bbox 2089 1608 3684 1674">
    <p class='ocr_par' dir='ltr' id='par_1_32' title="bbox 2089 1608 3684 1674">
     <span class='ocr_line' id='line_1_32' title="bbox 2089 1608 3684 1674; baseline 0.006 -12"><span class='ocrx_word' id='word_1_133' title='bbox 2089 1608 2456 1666; x_wconf 85' lang='lat' dir='ltr'><strong>EPISTOLA</strong></span> <span class='ocrx_word' id='word_1_134' title='bbox 2517 1613 2614 1666; x_wconf 87' lang='lat' dir='ltr'><strong>AD</strong></span> <span class='ocrx_word' id='word_1_135' title='bbox 2671 1613 2950 1668; x_wconf 86' lang='lat' dir='ltr'><strong>OLIVAM</strong></span> <span class='ocrx_word' id='word_1_136' title='bbox 3012 1616 3422 1674; x_wconf 62' lang='lat' dir='ltr'><strong>EPISCOPIIM</strong></span> <span class='ocrx_word' id='word_1_137' title='bbox 3472 1619 3684 1674; x_wconf 82' lang='lat' dir='ltr'><strong>AUSO-</strong></span> 
     </span>
    </p>
   </div>
   <div class='ocr_carea' id='block_1_33' title="bbox 2017 1680 3681 1746">
    <p class='ocr_par' dir='ltr' id='par_1_33' title="bbox 2017 1680 3681 1746">
     <span class='ocr_line' id='line_1_33' title="bbox 2017 1680 3681 1746; baseline 0.006 -13"><span class='ocrx_word' id='word_1_138' title='bbox 2017 1680 2328 1736; x_wconf 84' lang='lat' dir='ltr'><strong>NENSEM.</strong></span> <span class='ocrx_word' id='word_1_139' title='bbox 2349 1714 2416 1722; x_wconf 93' lang='lat'><strong>-—</strong></span> <span class='ocrx_word' id='word_1_140' title='bbox 2447 1683 2527 1737; x_wconf 88' lang='lat' dir='ltr'><strong>De</strong></span> <span class='ocrx_word' id='word_1_141' title='bbox 2554 1684 2739 1738; x_wconf 82' lang='lat' dir='ltr'><strong>initiis</strong></span> <span class='ocrx_word' id='word_1_142' title='bbox 2769 1689 3104 1740; x_wconf 84' lang='lat' dir='ltr'><strong>monasterii</strong></span> <span class='ocrx_word' id='word_1_143' title='bbox 3132 1689 3497 1746; x_wconf 83' lang='lat' dir='ltr'><strong>Cuxasensis.</strong></span> <span class='ocrx_word' id='word_1_144' title='bbox 3530 1698 3588 1746; x_wconf 86' lang='lat' dir='ltr'><strong>et</strong></span> <span class='ocrx_word' id='word_1_145' title='bbox 3613 1693 3681 1745; x_wconf 92' lang='lat' dir='ltr'><strong>de</strong></span> 
     </span>
    </p>
   </div>
   <div class='ocr_carea' id='block_1_34' title="bbox 2017 1753 3681 1824">
    <p class='ocr_par' dir='ltr' id='par_1_34' title="bbox 2017 1753 3681 1824">
     <span class='ocr_line' id='line_1_34' title="bbox 2017 1753 3681 1824; baseline 0.008 -20"><span class='ocrx_word' id='word_1_146' title='bbox 2017 1753 2198 1806; x_wconf 81' lang='lat' dir='ltr'><strong>sacris</strong></span> <span class='ocrx_word' id='word_1_147' title='bbox 2231 1753 2494 1824; x_wconf 85' lang='lat' dir='ltr'><strong>reliquiis</strong></span> <span class='ocrx_word' id='word_1_148' title='bbox 2526 1755 2582 1808; x_wconf 92' lang='lat' dir='ltr'><strong>in</strong></span> <span class='ocrx_word' id='word_1_149' title='bbox 2613 1773 2679 1809; x_wconf 91' lang='lat' dir='ltr'><strong>eo</strong></span> <span class='ocrx_word' id='word_1_150' title='bbox 2711 1758 3038 1811; x_wconf 80' lang='lat' dir='ltr'><strong>custoditis.</strong></span> <span class='ocrx_word' id='word_1_151' title='bbox 3547 1762 3681 1818; x_wconf 88' lang='grc'><strong>1443</strong></span> 
     </span>
    </p>
   </div>
   <div class='ocr_carea' id='block_1_35' title="bbox 2086 1842 3602 1906">
    <p class='ocr_par' dir='ltr' id='par_1_35' title="bbox 2086 1842 3602 1906">
     <span class='ocr_line' id='line_1_35' title="bbox 2086 1842 3602 1906; baseline 0.007 -10"><span class='ocrx_word' id='word_1_152' title='bbox 2086 1842 2536 1900; x_wconf 84' lang='lat' dir='ltr'><strong>DOMINICUS</strong></span> <span class='ocrx_word' id='word_1_153' title='bbox 2573 1847 3027 1906; x_wconf 82' lang='lat' dir='ltr'><strong>GRADENSIS</strong></span> <span class='ocrx_word' id='word_1_154' title='bbox 3063 1849 3167 1903; x_wconf 89' lang='lat' dir='ltr'><strong>PA</strong></span> <span class='ocrx_word' id='word_1_155' title='bbox 3179 1850 3602 1906; x_wconf 81' lang='lat' dir='ltr'><strong>TRIARCHA.</strong></span> 
     </span>
    </p>
   </div>
   <div class='ocr_carea' id='block_1_36' title="bbox 2017 1929 3678 1993">
    <p class='ocr_par' dir='ltr' id='par_1_36' title="bbox 2017 1929 3678 1993">
     <span class='ocr_line' id='line_1_36' title="bbox 2017 1929 3678 1993; baseline 0.005 -9"><span class='ocrx_word' id='word_1_156' title='bbox 2017 1929 2366 1986; x_wconf 85' lang='lat' dir='ltr'><strong>EPISTOLA</strong></span> <span class='ocrx_word' id='word_1_157' title='bbox 2405 1932 2504 1986; x_wconf 81' lang='lat' dir='ltr'><strong>AD</strong></span> <span class='ocrx_word' id='word_1_158' title='bbox 2542 1931 2854 1990; x_wconf 83' lang='lat' dir='ltr'><strong>PETRUM</strong></span> <span class='ocrx_word' id='word_1_159' title='bbox 2892 1935 3438 1992; x_wconf 83' lang='lat' dir='ltr'><strong>ANTIOCHENUM.</strong></span> <span class='ocrx_word' id='word_1_160' title='bbox 3540 1938 3678 1993; x_wconf 80' lang='grc'><strong>1455</strong></span> 
     </span>
    </p>
   </div>
   <div class='ocr_carea' id='block_1_37' title="bbox 1163 3277 2748 3345">
    <p class='ocr_par' dir='ltr' id='par_1_37' title="bbox 1163 3277 2748 3345">
     <span class='ocr_line' id='line_1_37' title="bbox 1163 3277 2748 3345; baseline 0.003 -14"><span class='ocrx_word' id='word_1_161' title='bbox 1163 3277 1338 3333; x_wconf 83' lang='lat' dir='ltr'>FINIS</span> <span class='ocrx_word' id='word_1_162' title='bbox 1377 3278 1542 3333; x_wconf 81' lang='lat' dir='ltr'><strong>TOMI</strong></span> <span class='ocrx_word' id='word_1_163' title='bbox 1581 3280 1939 3336; x_wconf 76' lang='lat' dir='ltr'><strong>CENTESIMI</strong></span> <span class='ocrx_word' id='word_1_164' title='bbox 1979 3280 2502 3345; x_wconf 76' lang='lat' dir='ltr'><strong>QUADRAGESIMI</strong></span> <span class='ocrx_word' id='word_1_165' title='bbox 2541 3284 2748 3339; x_wconf 78' lang='lat' dir='ltr'><strong>PRIMI.</strong></span> 
     </span>
    </p>
   </div>
   <div class='ocr_carea' id='block_1_38' title="bbox 2295 5895 3552 5970">
    <p class='ocr_par' dir='ltr' id='par_1_38' title="bbox 2295 5895 3552 5970">
     <span class='ocr_line' id='line_1_38' title="bbox 2295 5895 3552 5970; baseline 0.012 -21"><span class='ocrx_word' id='word_1_166' title='bbox 2295 5895 2378 5950; x_wconf 84' lang='lat' dir='ltr'><strong>Ex</strong></span> <span class='ocrx_word' id='word_1_167' title='bbox 2406 5895 2577 5970; x_wconf 70' lang='lat' dir='ltr'><strong>typis</strong></span> <span class='ocrx_word' id='word_1_168' title='bbox 2606 5899 2667 5953; x_wconf 89' lang='lat' dir='ltr'><strong>E.</strong></span> <span class='ocrx_word' id='word_1_169' title='bbox 2707 5899 2933 5969; x_wconf 71' lang='lat' dir='ltr'><strong>JAMIN,</strong></span> <span class='ocrx_word' id='word_1_170' title='bbox 2966 5899 3029 5958; x_wconf 90' lang='lat' dir='ltr'><strong>in</strong></span> <span class='ocrx_word' id='word_1_171' title='bbox 3059 5895 3552 5963; x_wconf 65' lang='lat' dir='ltr'><strong>Vallem</strong></span> 
     </span>
    </p>
   </div>
  </div>
