4152 6502
215 469 278 537 ιι
1332 474 1433 536 DE
1476 473 1773 537 UNIONE
1814 462 2371 537 ECCLESIARUM.
3448 469 3519 531 42

216 598 545 647 consensus,
588 582 736 639 inter
802 582 1057 638 nationes
1085 591 1139 638 et
1199 583 1351 637 viros
1394 598 1426 637 a
1486 582 1709 639 Christo
1777 582 2057 638 communi
2127 581 2353 636 nomine
2432 576 2806 648 compellalos,

2894 578 3198 645 intercedit,
3299 588 3378 634 ιοι
3454 596 3519 640 ac

214 678 372 745 alia,
403 680 516 735 imo
549 694 732 750 neque
773 687 875 745 tot,
920 694 1044 734 cum
1076 686 1131 733 et
1165 679 1271 733 alia
1301 678 1535 733 aliorum
1570 678 1838 748 permulta
1876 678 2005 745 sint,
2046 693 2169 748 quae
2216 677 2288 732 ob
2316 676 2685 746 prolixitatem
2711 674 2937 729 nimiam
2972 690 3078 729 non
3122 674 3514 749 exscribimus.

293 779 389 826 ια’.
435 771 590 826 ἐπεὶ
636 771 694 823 δὲ
721 772 758 842 ἠ
794 769 891 824 τοῦ
933 770 1175 841 μεγάλου
1220 769 1544 824 Ἀθανασίου
1574 769 1827 840 ὑποθήκη
1856 778 1905 833 Α

214 862 331 916 τῶν
366 861 544 915 ἄλλων
590 861 969 932 προτέτακαι,
1016 861 1101 914 δεῖ
1132 860 1428 931 ξσκοπῆσαι
1468 861 1641 930 ἡμᾶς,
1690 859 1824 928 ὅσην

216 949 337 1023 εἶχε
368 952 634 1022 διαφορὰν
667 953 805 1022 πρὸς
860 954 961 1022 τὴν
993 950 1162 1017 λέξιν,
1185 951 1244 1019 ἐξ
1275 947 1343 1023 ἧς
1371 951 1432 1004 τὸ
1465 952 1631 1022 μέσον
1663 950 1825 1022 ἡμῶν

223 1062 291 1098 τε
337 1045 439 1099 καὶ
483 1028 707 1097 Ἰταλῶν
732 1043 1037 1098 σκάνδαλον
1076 1045 1382 1115 ἀνερῤάγη,
1425 1045 1458 1112 ἡ
1489 1044 1601 1097 τῶν
1627 1043 1826 1108 λέξεων

218 1136 735 1207 ἑκείνων“’δύναμις,
765 1134 854 1205 ἐφ’
884 1130 973 1199 αῖς
1016 1138 1044 1189 ὁ
1086 1136 1372 1205 ἰσὰγγελος
1405 1130 1558 1199 οὗτος
1595 1134 1829 1189 Ἀθανά-

222 1247 344 1292 σιος
398 1230 501 1299 τὴν
551 1229 905 1301 καταλλαγὴν
946 1231 1059 1283 τῶν
1111 1231 1452 1299 Ἐκκλησιῶν
1490 1233 1821 1299 ἐποιήσατο·

228 1322 326 1374 καὶ
365 1321 430 1373 τὸ
460 1319 527 1389 δὴ
551 1320 891 1388 θαυμαστὸν,
923 1321 1007 1374 ὅτι
1052 1322 1171 1392 οὐχὶ
1202 1321 1401 1386 ἄλλων,
1435 1320 1578 1381 ἀλλὰ
1619 1320 1824 1374 τούτων

222 1413 411 1467 αὐτῶν
452 1413 629 1466 ἐθνῶν
663 1429 721 1465 τε
766 1413 864 1466 καὶ
897 1413 1232 1485 ἐκκλησιῶν,
1266 1414 1397 1484 περὶ
1442 1409 1517 1469 ὧν
1560 1413 1656 1469 νῦν
1684 1423 1711 1466 ο
1742 1412 1829 1466 λό-

218 1520 317 1572 γος
376 1506 534 1573 ἡμῖν.
590 1502 663 1556 Τὸ
709 1503 818 1573 γὰρ
870 1504 1114 1565 ἐκείνους
1174 1504 1272 1572 μὲν
1338 1502 1471 1572 μίαν
1524 1502 1827 1554 ὑπόστασιν

222 1593 433 1661 λέγειν,
462 1593 591 1655 τους
627 1592 672 1645 δ’
702 1592 1010 1663 ἡμετέρους
1032 1594 1183 1663 τρεῖς
1216 1593 1313 1647 ἐπὶ
1345 1594 1442 1662 τῆς
1465 1593 1699 1664 Τριὰδος
1728 1592 1827 1655 τὰς

223 1685 566 1749 ὑποστάσεις
598 1683 920 1756 κηρύττειν,
950 1686 1013 1738 τὸ
1045 1685 1454 1756 διαφορώτατον
1483 1685 1593 1740 τῶν
1621 1686 1828 1755 δογμά-

219 1796 333 1831 ⁶των
350 1779 549 1833 ἐδόκει.
576 1779 1047 1849 Σαὸελλιανισμὸς
1081 1781 1190 1849 γὰρ
1223 1785 1319 1835 καὶ
1358 1781 1742 1851 Ἀρειανισμὸς
1759 1775 1828 1851 ἦν

222 1870 284 1921 τὸ
334 1870 803 1942 ὑποπτευόμενον.
846 1871 988 1926 Ἀλλ’
1034 1875 1063 1925 ό
1108 1873 1273 1937 καλὸς
1304 1866 1461 1937 οὗτος
1502 1873 1609 1926 τῶν
1640 1871 1831 1941 ψυχῶν

221 1963 515 2033 οἰκονόμος
552 1963 616 2016 οὐ
657 1963 797 2035 πρὸς
845 1967 944 2029 τὰς
987 1965 1186 2029 λέξεις,
1222 1965 1357 2020 ἀλλὰ
1395 1965 1533 2037 πρὸς
1579 1965 1678 2036 τὴν
1716 1957 1831 2018 διά.

222 2073 378 2109 νοιαν
423 2057 607 2127 βάψας
638 2058 732 2112 τὸν
761 2060 909 2125 νοῦν,
939 2061 1181 2114 τοσαῦτα
1218 2062 1312 2115 καί
1341 2058 1486 2128 εἷπε,
1539 2061 1633 2115 καὶ
1664 2060 1831 2132 ἔγρα-

226 2153 352 2222 ψεν,
396 2150 499 2203 ὅσα
541 2150 607 2221 δὴ
642 2151 738 2205 καὶ
763 2152 1267 2221 προανατέτακται.
1319 2151 1590 2208 Ἐνταῦθα
1621 2152 1681 2205 δὲ
1714 2155 1824 2217 τοῖς

231 2239 603 2309 ἀφιλονείκως
659 2242 971 2296 ὲνδιαιτῶσι
1046 2244 1126 2312 τῷ
1179 2243 1471 2313 πράγματι
1531 2241 1736 2313 πολλὴν
1792 2244 1827 2313 ἡ

226 2330 546 2402 λέξιςνὲχει
606 2334 745 2402 πρὸς
792 2336 894 2405 τὴν
942 2336 1297 2407 καταλλαγὴν
1330 2335 1430 2407 τὴν
1483 2339 1678 2406 ῥοπήν.
1718 2334 1830 2389 Καὶ

226 2425 396 2479 τοῦτο
431 2427 671 2479 συνιδεῖν
706 2428 824 2481 ἔστι
867 2429 985 2492 τοῖς
1040 2430 1558 2500 προσεκτικώτερον
1607 2428 1827 2481 διασκο-

226 2521 356 2571 πεῖν
406 2516 784 2588 βουλομένοις,
831 2519 885 2573 τε
926 2521 1027 2590 μὲν
1068 2522 1127 2572 ai
1167 2520 1345 2585 λέξεις
1377 2523 1587 2573 ἐκεῖναι
1627 2521 1722 2573 ἐπὶ
1761 2523 1829 2592 τῇ

224 2610 330 2679 τῆς
370 2611 606 2680 Τριάδος
639 2610 893 2683 θεολογῐᾳ
936 2612 1226 2682 ἠδύναντο,
1268 2606 1344 2668 ὧν
1372 2613 1473 2683 τὴν
1507 2613 1826 2683 ὲκφώνησιν

222 2704 498 2774 παριδὼν,
538 2704 638 2774 τὴν
669 2707 880 2758 ἑννοιαν
914 2707 996 2769 εἰς
1032 2706 1384 2778 καταλλαγὴν
1416 2706 1694 2777 παρέλαϐε
1720 2706 1829 2759 τῶν

221 2797 540 2867 ικκλησιῶν
582 2797 610 2848 6
641 2798 740 2866 τῆς
779 2797 1114 2861 ’Δθανοισίας
1147 2799 1437 2869 ἐπώνυμος
1471 2816 1485 2831 ο
1527 2800 1579 2851 τί
1626 2799 1685 2851 δὲ
1733 2799 1830 2852 καὶ

217 2894 277 2947 αι
344 2892 528 2957 λέξεις
594 2888 757 2946 αὗται
806 2892 1070 2962 διάφορον
1126 2892 1344 2965 ἔχουσιν
1397 2892 1485 2960 ἐφ’
1524 2889 1613 2957 αἷς
1643 2893 1740 2948 νῦν
1771 2895 1829 2947 αἱ

218 2977 728 3049 οὐταὶἘκκλησίαι
760 2982 840 3038 είς
876 2980 1144 3034 ἄσπονδον
1171 2981 1368 3035 τὸκατ’
1387 2981 1634 3053 ἀλλήλων
1670 2985 1830 3052 μῖσος

221 3071 581 3141 ἀνὴφθησαν.
632 3072 784 3126 Ἐκεῖ
827 3074 928 3142 μὲν
967 3074 1080 3143 γὰρ
1123 3073 1301 3145 δόγμα
1341 3074 1518 3127 ἐδόκει
1567 3091 1826 3145 παρασα-

224 3164 491 3217 λεύεσθαι
548 3164 1022 3235 δεδοκιμασμένον
1087 3166 1193 3218 ὑπὸ
1254 3167 1537 3238 Πατὲρων,
1594 3167 1689 3219 καὶ
1742 3166 1825 3229 εἰς

215 3256 677 3326 ὁμολογουμένην
729 3258 996 3327 διαφορὰν
1053 3261 1121 3328 τῇ
1176 3257 1475 3327 Ἐκκλησία
1518 3255 1826 3327 παραδοθὲν

217 3349 349 3419 (τίς
374 3353 485 3421 γὰρ
517 3350 628 3403 τῶν
686 3350 810 3403 τότε
864 3351 992 3420 μίαν
1027 3350 1220 3403 οὐσίαν
1257 3350 1351 3403 καὶ
1392 3353 1543 3422 τρεῖς
1586 3350 1825 3403 ὑποστά-

220 3458 343 3505 σεις
369 3446 463 3497 ἐπὶ
492 3446 595 3514 τῆς
626 3446 790 3513 ἁγίας
823 3442 1054 3514 Τριάδος
1080 3444 1321 3508 ἁκούων,
1347 3445 1407 3497 τὸ
1440 3444 1543 3514 τῆς
1584 3444 1824 3498 ὑποστὰ-
1851 3478 1894 3535 C

218 3552 365 3598 σεως
410 3538 506 3589 καὶ
544 3536 740 3600 οὐσίας
785 3537 888 3590 οὐκ
922 3538 1038 3608 ᾔδει
1088 3537 1388 3608 διάφορον;
1426 3537 1444 3605 )
1488 3538 1726 3603 ἐνταῦθα
1763 3539 1822 3590 δὲ

214 3626 402 3687 οὐδεὶς
444 3626 704 3682 οὐδέποτε
766 3627 876 3680 τῶν
924 3628 1058 3698 παρ’
1091 3630 1228 3699 ἡμῖν
1278 3628 1548 3695 θεολόγων
1586 3625 1730 3694 εἷπε,
1761 3627 1824 3681 τὸ

220 3720 331 3789 μὲν
357 3719 826 3785 ἐκπορεύεσθαι,
854 3719 917 3772 τὸ
955 3720 1233 3783 οὐσιωδῶς
1280 3721 1346 3772 ὲκ
1384 3718 1522 3772 Θεοῦ
1554 3719 1823 3789 ὑπάρχειν

215 3814 281 3863 τὸ
328 3808 558 3880 Πνεῦμα
587 3810 785 3879 δηλοῦν
811 3827 823 3839 ’
866 3811 928 3863 τὸ
951 3810 1007 3864 δὲ
1037 3810 1288 3881 προϊέναι
1321 3826 1401 3877 τε,
1432 3811 1528 3864 καὶ
1564 3813 1826 3882 προέρχε-

221 3904 376 3966 σθας,
405 3902 733 3973 προχεῖσθαί
760 3920 817 3955 τε
849 3905 944 3955 καὶ
960 3902 1374 3972 ἐκπέμπεσθαι,
1402 3902 1535 3957 ἄλλο
1557 3921 1608 3955 τι
1626 3902 1822 3971 δηλοῦν

224 3999 384 4070 παρὰ
438 4000 500 4051 τὸ
566 3998 844 4063 οὐσιωδῶς
896 3998 1168 4069 ὑπάρχειν
1218 3998 1278 4049 to
1328 3998 1556 4067 Πνεῦμα
1598 3999 1663 4049 ὲκ
1724 3996 1819 4050 τοῦ

222 4093 387 4145 θεοῦ.
430 4090 579 4143 Ἀλλ’
615 4091 767 4159 ὅμως
791 4089 935 4141 οὕτω
964 4087 1063 4157 τῆς
1096 4088 1366 4158 διαφορᾶς
1407 4080 1598 4151 οὐσίας
1632 4104 1691 4141 τε
1728 4087 1822 4140 καὶ

224 4186 588 4246 ὑποστάσεως
612 4182 1129 4252 ἀνομολογουμένης
1159 4183 1271 4245 τοῖς
1300 4181 1420 4234 τότε
1449 4182 1477 4232 ὁ
1517 4180 1821 4245 θεοείκελος

234 4277 565 4336 Ἀθανάσιος
604 4275 705 4339 τὴν
733 4273 995 4341 τοιαύτην
1029 4271 1296 4342 διαφορὰν
1320 4272 1453 4341 παρ’
1487 4270 1719 4337 ἐκείνοις
1742 4272 1823 4333 εἰς

224 4370 493 4441 διαφορὰν
534 4368 717 4436 ἀφῆκε
758 4365 1096 4433 λογίζεσθαι,
1149 4367 1282 4435 παρ’
1315 4359 1398 4428 οἷς
1452 4365 1550 4418 καὶ
1589 4366 1669 4428 είς
1707 4364 1823 4417 δια-

227 4465 406 4533 φορὰν
460 4459 612 4525 ἅπαξ
668 4456 921 4525 ἐγνώσθη
984 4456 1081 4509 καὶ
1135 4456 1393 4527 ἐλογίσθη
1459 4455 1547 4508 διὰ
1603 4456 1663 4509 τὸ
1720 4455 1823 4526 τῆς

225 4556 480 4625 γλώσσης
521 4547 847 4605 πλατύ.*Ων
892 4550 950 4603 δὲ
985 4550 1046 4601 τὸ
1077 4550 1484 4621 ἑτερόγλωσσον
1526 4544 1713 4601 στενόν
1759 4564 1820 4600 τε

222 4650 325 4717 τῆς
355 4650 640 4720 προφορᾶς
668 4645 933 4715 παραίτια
970 4644 1145 4711 ἱὸικῆς
1193 4642 1302 4695 τῶν
1330 4642 1533 4707 λέξεων
1563 4644 1815 4714 χρήσεως

224 4742 397 4814 ᾔδειν
430 4741 563 4794 ἀλλᾶ
620 4740 836 4802 τούτοις
902 4737 1130 4807 ἡμέρως
1211 4737 1665 4807 προσφερόμενος
1720 4738 1818 4789 καὶ

2008 771 2098 825 li.
2136 771 2523 826 Verumtamen
2556 782 2681 822 cum
2705 764 2889 836 magni
2921 765 3210 821 Athanasii
3246 768 3516 821 monitum

1926 864 2156 934 reliquis
2188 863 2544 934 praepositum
2589 861 2682 926 sit,
2718 859 3183 915 considerandum
3232 870 3316 915 est
3354 874 3384 913 a
3420 876 3520 914 no-

1928 956 2034 1021 bis,
2061 971 2320 1026 quamam
2360 951 2831 1011 essetdiﬂ‘erentia
2870 955 3012 1006 inter
3033 967 3215 1007 Vocem
3242 953 3312 1007 ob
3353 969 3519 1022 quam

1927 1048 2249 1104 scandalum
2292 1062 2396 1102 nos
2451 1054 2616 1114 atque
2688 1045 2852 1100 Italos
2901 1045 3131 1099 turbans
3189 1046 3517 1099 suscitatum

1929 1147 2035 1205 est,
2068 1148 2119 1195 et
2152 1154 2343 1194 earum
2374 1153 2574 1193 vocum
2638 1137 2747 1190 vim
2792 1137 2996 1205 quibus
3044 1138 3253 1205 angelis
3295 1152 3522 1206 compar

1930 1232 2216 1305 proﬂigato
2248 1230 2477 1286 dissidio
2514 1229 2789 1286 Ecclesias
2819 1230 3235 1296 reconciliavit;
3268 1241 3343 1295 et,
3369 1231 3522 1299 quod

1931 1340 2037 1380 non
2090 1324 2209 1379 sine
2257 1322 2623 1378 admiratione
2677 1321 2902 1383 dicitur,
2964 1338 3068 1375 non
3124 1323 3381 1387 aliarum,
3418 1322 3518 1377 sed

1930 1420 2124 1474 harum
2182 1409 2495 1490 nationum,
2527 1426 2580 1470 et
2634 1416 3031 1481 Ecclesiarum,
3065 1417 3133 1471 de
3166 1417 3369 1486 quibus
3418 1432 3523 1471 nos

1930 1526 2240 1568 sermonem
2274 1509 2637 1564 instituimus.
2664 1506 2910 1576 Namque
2940 1523 3045 1564 eos
3068 1524 3229 1562 tinam
3258 1508 3525 1578 byposta-

1930 1605 2059 1670 sim,
2094 1612 2318 1659 nostros
2362 1611 2475 1657 tres
2523 1604 2578 1655 in
2610 1599 2809 1654 Triade
2867 1616 3143 1665 asserere,
3197 1602 3517 1671 dogmatum

1929 1685 2163 1768 eamque
2216 1695 2515 1749 maximam
2589 1693 2954 1749 diﬁ‘erentiam
3011 1694 3310 1764 importare
3368 1694 3521 1749 vide-

1928 1787 2112 1844 batur.
2184 1785 2643 1840 Sabellianismus
2714 1783 2918 1838 etenim
2992 1784 3079 1836 vel
3143 1783 3517 1848 Arianismus,

1931 1880 2078 1949 quod
2115 1878 2521 1948 suspicabatur,
2555 1884 2696 1933 erat.
2733 1874 2842 1930 Sed
2880 1874 3125 1944 prudens
3171 1874 3260 1929 hic
3302 1875 3519 1928 anima-

1933 1987 2055 2026 rum
2098 1978 2322 2026 curator
2368 1985 2478 2024 non
2532 1968 2599 2023 ad
2653 1966 3032 2045 voculas,sed
3090 1967 3157 2021 ad
3194 1967 3519 2021 sententiam

1935 2074 2171 2119 mentem
2204 2062 2517 2125 intendens,
2552 2070 2632 2116 tot
2667 2059 2997 2126 enuntiavit,
3026 2069 3081 2115 et
3110 2060 3357 2130 scripsit,
3385 2073 3524 2131 quot

1931 2170 2098 2226 supra
2148 2154 2437 2225 designata
2484 2162 2633 2208 sunt.
2689 2150 2788 2206 llic
2823 2166 2975 2218 vero,
3012 2153 3103 2219 qui
3139 2152 3345 2219 absque
3388 2168 3523 2208 con—

1930 2249 2180 2303 tentione
2233 2256 2288 2301 ct
2320 2247 2436 2300 rixa
2493 2261 2578 2300 res
2623 2252 2914 2314 peragunt.
2950 2243 3180 2298 multum
3220 2245 3287 2299 ad
3334 2246 3525 2299 conci-

1929 2339 2171 2393 liandam
2217 2352 2407 2408 pacem
2461 2336 2630 2389 dictio
2684 2334 2918 2400 confert,
2955 2337 3171 2403 hocque
3220 2334 3523 2404 dt-preben-

1929 2428 2062 2483 dere
2109 2436 2359 2497 possunt,
2420 2426 2686 2480 attentius
2728 2424 3009 2495 negotium
3063 2426 3368 2494 dijudicare
3415 2441 3526 2479 non

1932 2528 2270 2585 recusantes,
2307 2533 2445 2588 quas
2482 2532 2646 2572 voces
2681 2516 2807 2581 illae,
2833 2519 2965 2572 dum
2996 2516 3064 2572 de
3097 2514 3301 2571 Triade
3332 2532 3529 2587 agere-

1929 2621 2041 2677 tur,
2068 2611 2213 2667 vires
2264 2611 2565 2676 habebant,
2598 2625 2832 2681 quorum
2865 2609 3375 2680 pronuntiationem
3396 2624 3528 2665 con-

1932 2714 2209 2768 temnens,
2258 2703 2591 2758 sententiam
2626 2701 2696 2756 ad
2734 2702 3009 2770 pacandas
3054 2685 3329 2756 Ecclesias
3383 2701 3527 2755 arri-

1931 2797 2073 2867 puit,
2130 2796 2221 2851 cui
2281 2796 2352 2850 ab
2416 2793 2833 2849 immortalitate
2873 2808 3075 2856 nomen
3136 2801 3241 2854 est,
3298 2802 3353 2848 et
3410 2810 3522 2864 quo

1930 2892 2256 2950 discrimine
2289 2892 2680 2961 disiunguntur
2712 2890 2816 2955 bar,
2856 2904 2955 2959 pro
2989 2888 3190 2959 quibus
3231 2904 3381 2943 nunc
3413 2904 3524 2944 eae-

1931 2985 2055 3040 dem
2088 2982 2369 3048 Ecclesiae,
2403 2982 2457 3036 in
2492 2982 2577 3038 sui
2638 2982 2827 3038 odium
2887 2980 3000 3036 fere
3054 2980 3386 3051 inexpiabile
3436 2981 3525 3037 ln—

1929 3078 2299 3133 ﬂammantur.
2335 3075 2584 3147 Namque
2618 3076 2695 3131 ibi
2726 3077 2921 3147 dogma
2955 3074 3245 3128 videbatur
3270 3088 3523 3144 compro-

1929 3168 2116 3228 batum
2160 3187 2191 3226 a
2226 3169 2510 3234 Patribus,
2542 3178 2592 3224 et
2623 3168 2946 3223 indubitatae
2977 3177 3251 3237 certaeque
3283 3178 3426 3222 notae
3465 3167 3522 3221 in

1930 3263 2199 3329 Ecclesia,
2236 3262 2461 3317 dimovi.
2521 3260 2680 3333 (Quis
2729 3261 2878 3313 enim
2930 3259 2986 3314 id
3040 3261 3301 3329 temporis
3355 3276 3522 3315 unam

1929 3354 2226 3409 essentiam
2256 3362 2311 3406 et
2342 3362 2454 3407 tres
2501 3351 2823 3423 bypostases
2855 3350 2911 3404 in
2963 3363 3151 3405 sancta
3177 3350 3378 3405 Triade
3423 3367 3525 3405 au-

1929 3444 2123 3505 diens.
2192 3443 2554 3514 bypostaseos
2610 3451 2665 3496 et
2720 3442 2977 3497 essentia:
3039 3441 3340 3497 discrimen
3408 3458 3518 3498 non

1930 3534 2319 3605 agnoscebat?)
2356 3543 2414 3587 at
2447 3533 2535 3587 hic
2565 3546 2725 3586 nemo
2760 3547 3001 3603 unquam
3037 3547 3101 3587 ex
3134 3535 3339 3588 nostris
3368 3535 3522 3587 tltco-

1927 3628 2065 3697 l0gis
2106 3626 2435 3692 afﬁrmavit,
2468 3625 2779 3690 Procedere,
2813 3625 2960 3694 quod
3012 3640 3076 3679 ex
3112 3624 3223 3680 Deo
3258 3626 3525 3679 essentia-

1928 3718 2050 3772 liter
2082 3719 2350 3788 spiratum
2388 3731 2513 3771 esse
2579 3717 2781 3783 innuit,
2842 3716 3097 3785 progredi
3130 3730 3282 3783 vero,
3329 3732 3528 3786 prove-

1927 3811 2068 3874 nire,
2112 3809 2433 3879 eliundique
2469 3819 2523 3864 et
2561 3808 2737 3863 emitti
2791 3808 2940 3862 aliud
2976 3810 3256 3879 quidpiam
3310 3820 3522 3879 notare,

1928 3918 2095 3972 quam
2131 3902 2503 3957 essentialiter
2535 3916 2660 3956 esse
2693 3901 2961 3970 Spiritum
2994 3916 3059 3955 ex
3097 3900 3281 3956 Patre.
3314 3900 3526 3956 Nihilo-

1927 3994 2113 4047 minus
2145 3993 2402 4047 essentia:
2453 4001 2621 4063 atque
2675 3991 2987 4062 bypestasis
3029 3991 3341 4046 diil‘ercntia
3385 3994 3521 4049 nulli

1928 4100 1993 4139 ex
2022 4084 2109 4149 iis,
2140 4085 2233 4155 qui
2267 4093 2383 4138 tum
2418 4094 2594 4153 erant,
2617 4097 2993 4151 controversa,
3019 4086 3240 4142 divinus
3278 4088 3519 4143 Athana-

1928 4178 2046 4233 sius
2073 4177 2443 4235 diﬂ'erentiam
2497 4177 2832 4248 apprehendi
2870 4180 3168 4243 concessit,
3202 4182 3344 4251 apud
3381 4196 3520 4250 quos

1927 4270 2239 4326 differentia
2295 4270 2466 4325 semel
2520 4284 2641 4324 esse
2708 4270 3050 4337 innotuerat,
3103 4279 3159 4325 et
3218 4273 3524 4329 ini-aluerat

1926 4376 2148 4434 propter
2169 4362 2374 4427 linguae
2403 4361 2821 4427 abundantiam,
2858 4376 3096 4432 quorum
3119 4378 3247 4418 vero
3278 4365 3517 4436 linguam

1927 4466 2153 4526 propter
2218 4453 2303 4508 sui
2369 4454 2610 4523 inopiam
2684 4453 3015 4523 peculiarem
3075 4469 3267 4508 earum
3324 4472 3519 4511 wcum

1927 4563 2083 4602 usum
2110 4546 2399 4601 induxisse
2422 4554 2780 4616 cognoverat,
2818 4561 2944 4600 cum
2975 4547 3082 4602 illis
3109 4557 3299 4616 pacate
3323 4548 3524 4604 {mter-

1926 4651 2107 4706 neque
2146 4651 2207 4691 se
2249 4652 2468 4707 gerens,
2506 4651 2703 4690 vocum
2758 4638 3091 4692 sententiam
3130 4640 3519 4710 investigabat,

1925 4740 1979 4785 et
2028 4730 2357 4800 prolationis
2415 4744 2612 4785 sonum
2664 4731 2891 4785 minime
2931 4748 3156 4796 curans,
3201 4733 3520 4789 intentionis

222 4834 554 4904 ἁδεὶφικῶς,
589 4832 683 4884 τὸν
711 4830 839 4883 νοῦν
877 4830 987 4881 τῶν
1017 4828 1218 4894 λέξεων
1264 4829 1564 4899 ἀνηρεύνα,
1596 4828 1692 4879 καὶ
1727 4828 1819 4880 τὸν

1927 4824 2167 4879 fructum
2201 4822 2554 4891 decerpebat,
2587 4836 2724 4890 opus
2759 4822 2919 4892 plane
2954 4823 3179 4877 molitus
3226 4824 3323 4877 Viri
3364 4825 3520 4878 Chri-

225 4929 324 4997 τῆς
376 4929 747 4994 ὲκφωνήσεως
796 4922 1058 4992 παρορῶν
1104 4916 1262 4992 ἦχον,
1300 4921 1393 4973 τὸν
1426 4921 1521 4990 τῆς
1572 4920 1818 4982 διανοίας

225 5020 435 5089 ἑτρύγα
474 5016 709 5085 καρπὸν,
749 5014 911 5083 ἔργον
934 5004 1101 5065 ⁴’τοῦτο
1134 5012 1305 5066 ποιῶν
1341 5012 1535 5081 ἀνδρὸς
1579 5012 1815 5080 Χριστὸν

229 5114 600 5183 μιμουμένου,
666 5109 817 5160 λίθον
857 5110 947 5159 τὸν
1006 5107 1429 5176 ἀκρογωνιαίον,
1463 5106 1555 5158 τὸν
1598 5107 1663 5157 τὰ
1705 5105 1815 5156 διε-

224 5208 410 5261 στῶτα
449 5203 790 5272 συνδήσαντα
837 5199 931 5253 καὶ
969 5200 1310 5268 συνάψαντα.
1359 5196 1496 5253 Ἀλλ’
1555 5199 1671 5251 ἐκεῖ
1714 5196 1814 5265 μὲν

221 5305 251 5355 ὃ
286 5320 342 5354 τι
378 5298 806 5369 ἀνακρινόμενοι
838 5294 1161 5367 παρ’ἒαύτοῦ
1216 5292 1410 5345 Ἰταλοὶ
1436 5292 1813 5361 ἀπελογήσαν-

220 5413 327 5458 to;
397 5394 734 5446 Ὑπόστασιν
802 5389 903 5460 μὲν
974 5390 1210 5459 λέγομεν
1258 5385 1553 5457 ἡγούμενοι
1614 5383 1812 5437 ταυτὸν

217 5490 362 5545 εἶναι
392 5489 571 5542 εἰπεῖν
614 5486 915 5539 ὑπόστασιν
948 5485 1045 5538 καὶ
1066 5482 1256 5535 οὐσίαν
1282 5496 1296 5511 °
1332 5481 1457 5551 μίαν
1484 5480 1539 5532 δὲ
1581 5479 1811 5550 φρονοῦ-

224 5602 325 5657 μεν
383 5583 477 5635 διὰ
516 5583 578 5634 τὸ
629 5582 695 5633 ἐκ
734 5581 835 5649 τῆς
894 5578 1083 5641 οὐσίας
1142 5576 1236 5630 τοῦ
1272 5574 1486 5645 Πατρδς
1542 5570 1682 5625 εἶναι
1722 5572 1814 5625 τὸν

220 5679 376 5739 Υἱδν,
412 5677 509 5730 καὶ
545 5672 634 5727 διὰ
659 5674 757 5741 τὴν
779 5672 1092 5739 ταυτότητα
1118 5669 1220 5740 τῆς
1250 5668 1492 5739 φύσεως,
1526 5665 1813 5728 ἀσπασίως

220 5772 247 5824 δ
281 5772 479 5836 Ἀγιος
520 5769 619 5836 τὴν
653 5764 957 5832 ἀπολογίαν
996 5763 1319 5833 προσήκατο
1344 5802 1360 5819 .
1408 5759 1501 5812 καὶ
1538 5758 1637 5828 τὴν
1685 5758 1817 5825 παρ’

222 5868 355 5933 ἡμῖν
386 5860 902 5929 δεδογματισμένην
931 5856 1031 5925 τῆς
1070 5854 1263 5918 οὐσίας
1316 5855 1411 5907 καὶ
1457 5851 1814 5913 ὑποστάσεως

222 5956 493 6027 διασορὰν
547 5949 817 6023 παριδὼν,
864 5951 965 6017 τὴν
1006 5947 1100 6000 ἐπὶ
1144 5945 1224 6017 τῷ
1256 5945 1537 6017 συμφώνῳ
1581 5942 1675 6012 τῆς
1730 5942 1815 5994 ἐν-

546 6048 821 6111 Paeon.
855 6042 973 6106 ϐα.
1008 6040 1210 6104 CXLI.

1922 4926 2068 4971 stum
2103 4914 2435 4976 aemulantis,
2461 4914 2782 4984 angularem
2819 4913 3078 4984 lapidem,
3107 4916 3201 4984 qni
3243 4916 3513 4985 disjnncta

1922 5008 2218 5079 colligavit,
2255 5008 2661 5077 ecpulavitque.
2717 5005 2785 5060 Et
2809 5006 2908 5071 ibi,
2946 5007 3073 5076 quid
3101 5008 3417 5077 interrogati
3449 5010 3516 5061 ab
3565 5040 3567 5042 -

1921 5103 2114 5158 eodem
2160 5100 2283 5155 Itali
2344 5100 2788 5169 responderunt?
2844 5098 3196 5169 Hypostusim
3256 5102 3512 5167 dicimus,

1922 5195 2065 5249 idem
2104 5208 2227 5248 esse
2262 5194 2608 5263 liypostasim
2656 5203 2709 5244 et
2755 5191 3053 5245 essentiam
3109 5192 3515 5258 existimantes,

1926 5301 2088 5339 unam
2124 5299 2253 5338 vero
2281 5294 2554 5347 lcncnttts,
2588 5283 2733 5351 quod
2764 5298 2827 5337 ex
2862 5283 3102 5338 essentia
3140 5282 3315 5337 Patris
3342 5283 3515 5338 Filius

1924 5387 2031 5444 est,
2089 5386 2145 5431 et
2203 5384 2430 5447 propter
2463 5376 2708 5429 eamdem
2766 5384 3046 5429 naturam.
3098 5373 3281 5442 Equo
3331 5377 3516 5430 animo

1926 5482 2152 5527 sanctus
2195 5469 2609 5538 responsionem
2656 5468 2899 5533 admisit,
2936 5471 3027 5537 et;
3056 5468 3203 5538 quod
3238 5471 3377 5538 apud
3412 5486 3514 5522 nos

1924 5577 2044 5620 erat
2092 5565 2397 5627 decretum,
2443 5563 2700 5616 essentia:
2749 5572 2801 5616 et
2853 5561 3170 5631 hypostasis
3212 5560 3512 5615 discrimen

1922 5656 2226 5726 negligens,
2271 5670 2396 5709 cum
2440 5654 2721 5707 sententia:
2758 5653 3212 5717 concordassent,
3250 5650 3512 5705 Ecclesia-

1920 5765 2041 5804 rum
2076 5750 2332 5803 unionem
2368 5748 2455 5817 pie
2487 5746 2739 5817 perfecit.
2776 5745 2877 5799 llic
2921 5756 3105 5800 autem
3140 5760 3266 5800 cum
3300 5745 3512 5799 nullum

1925 5860 1953 5898 a
1985 5844 2243 5900 Patribus
2275 5839 2559 5898 asseratur
2598 5843 2901 5901 discrimen
2962 5840 3016 5894 in
3054 5840 3381 5911 explicando
3422 5855 3519 5891 na-

1925 5936 2175 5993 turaliter
2221 5946 2276 5991 et
2324 5937 2691 5993 essentialiter
2727 5935 2991 6007 Spiritum
3026 5950 3145 5990 esse
3189 5948 3253 5988 cx
3296 5932 3426 5997 Deo,
3459 5934 3511 5987 in

3073 6030 3112 6091 2
