4152 6450
715 405 787 468 ιτ
1785 405 1995 468 ΙΟἈΝ.
2041 406 2256 469 VECCI

2376 412 2404 469 ι.
2449 407 2959 469 ΡΑΤΒΙΔΠΠΗΕ
3905 409 3983 478 ιο

713 523 881 577 nomii
910 522 1195 576 intentioni
1223 529 1471 578 sanctum
1510 519 1952 590 respondentem,
1991 522 2270 576 dictioneu

2392 523 2511 576 ἀλλ’
2564 525 2918 578 ἀκουέτωσαν
2972 523 3048 587 ὡς
3095 525 3231 594 πρὸς
3287 523 3384 595 τὴν
3439 525 3710 590 Εὑνομίου
3764 523 3982 579 ιννοιαν

710 615 858 667 illam
905 628 1225 681 usurpasse,
1255 612 1413 682 quasi
1448 613 1654 665 diceret
1684 632 1696 663 :
1743 609 1928 664 Etiam
1959 608 2006 665 si
2035 622 2288 666 creatura

707 705 831 760 Filii
863 715 1011 760 esset
1037 704 1302 773 Spiritus,
1336 715 1395 757 ut
1425 711 1482 756 tu
1509 703 1713 770 inquis,
1745 702 2006 767 Eunomi,
2037 719 2146 756 non
2183 703 2287 758 soli

709 793 1003 863 Unigenito
1023 810 1190 848 causa
1226 794 1373 848 illius
1401 791 1744 862 appiugenda
1772 802 1939 856 esset,
1964 795 2111 862 quod
2143 795 2288 848 nulla

708 889 960 958 operatio
986 886 1106 942 Filii
1131 899 1216 941 est
1239 903 1270 940 a
1323 886 1482 940 l‘atre
1531 885 1799 948 abscissa,
1825 895 1882 939 et
1911 888 2058 954 quod
2087 901 2118 940 a
2153 885 2291 942 Filio

705 980 826 1032 ﬁeri
856 979 1080 1041 dicitur,
1109 977 1176 1031 ad
1211 978 1444 1046 primam
1477 990 1699 1031 causam
1745 976 2067 1031 relationem
2097 978 2287 1033 habet.

708 1069 778 1125 Et
799 1071 915 1126 hac
942 1057 1188 1139 quidem,
1215 1069 1361 1138 quod
1395 1069 1734 1136 amplissima
1766 1070 1838 1122 sit
1863 1068 2051 1124 Basilii
2095 1080 2292 1125 aucto-

701 1161 865 1226 ritas,
898 1161 1046 1216 hunc
1084 1162 1139 1214 in
1198 1162 1441 1224 modum,
1503 1177 1626 1228 quae
1685 1161 1750 1213 ad
1781 1176 2004 1215 causam
2048 1162 2288 1232 Spiritus

707 1253 963 1316 attinent,
991 1253 1358 1321 explanantis.
1401 1252 1620 1307 abumle
1677 1253 1820 1307 dicta
1852 1269 1975 1308 esse
2012 1255 2285 1320 videntur,

706 1346 774 1399 ad
804 1345 1213 1410 stabiliendum,
1252 1362 1360 1400 non
1397 1345 1626 1414 intelligi
1653 1345 1794 1399 duas
1841 1360 2040 1400 causas
2070 1344 2286 1401 Patrem

705 1447 759 1490 et
802 1436 1002 1492 Filium
1049 1437 1318 1506 Spiritus,
1355 1453 1479 1491 cum
1529 1437 1654 1506 quis
1710 1453 1775 1491 ex
1829 1437 1990 1493 Patre
2046 1450 2101 1495 et
2150 1438 2288 1496 Filio

707 1530 974 1597 Spiritum
999 1539 1253 1584 sanctum
1287 1543 1410 1584 esse
1450 1527 1701 1585 afﬁrmat.

773 1807 864 1862 1⁵5.
897 1805 1035 1861 Cum
1064 1820 1197 1860 vero
1258 1819 1360 1875 pro
1387 1805 1743 1875 responsione
1794 1807 2056 1862 Italorum
2108 1809 2286 1864 oratio

2396 615 2425 666 ὁ
2453 614 2609 681 ἃγιος
2650 614 2932 679 ἀπαντῶν,
2976 615 3076 683 τὴν
3118 614 3270 679 λέξιν
3303 616 3495 684 εἴρηκε
3531 614 3757 684 ταύτην.
3809 616 3982 668 οίονεὶ

2396 703 2574 772 λέγων
2603 705 2702 770 ὡς,
2739 705 2796 759 Ei
2836 709 2927 758 καὶ
2962 707 3178 774 ποίημα
3211 702 3278 773 ἦν
3326 707 3419 758 τοῦ
3451 706 3580 759 Υἰοῦ
3617 705 3679 759 te
3728 708 3979 776 Πνεῦμα.

2398 797 2653 866 Εὐνόμιε,
2692 799 2834 851 κατὰ
2868 799 2948 862 at,
2985 798 3100 851 ἀλλ’
3133 798 3255 869 οὐχὶ
3283 800 3430 868 μόνῳ
3449 800 3528 868 τῷ
3553 801 3853 864 Mavors-aet
3870 801 3984 853 ἔδει

2397 889 2748 958 προστιθέναι
2803 891 2903 959 τὴν
2958 892 3139 944 αἰτίαν
3197 890 3390 950 αὑτοῦ,
3441 891 3532 944 διὰ
3583 893 3646 942 τὸ
3705 892 3985 960 μηδεμίαν

2396 982 2680 1049 ἐνέργειαν
2711 980 2807 1034 τοῦ
2845 981 2973 1034 Υίοῦ
2996 983 3456 1053 ἀποτετμημένην
3479 981 3575 1035 τοῦ
3596 982 3807 1052 Πατρὸς
3838 979 3984 1034 εἶναι

2398 1075 2494 1124 καὶ
2527 1072 2617 1129 διὰ
2646 1073 2714 1125 τὸ
2743 1075 2873 1136 πᾶν,
2914 1074 2973 1125 τὸ
3005 1073 3156 1143 παρᾶ
3185 1075 3278 1126 τοῦ
3309 1073 3438 1127 Υίοῦ
3463 1073 3791 1142 γεγενῆσθαι
3822 1075 3880 1126 λε
3893 1074 3986 1139 γε·

2400 1181 2582 1232 μενον,
2605 1164 2743 1234 πρὸς
2768 1165 2868 1233 τὴν
2895 1166 3122 1235 πρώτην
3152 1167 3334 1219 αἰτίαν
3372 1167 3777 1236 τὴνὰναφορὰν
3810 1147 3980 1234 ἒχειν.

2397 1255 2506 1307 Καὶ
2532 1255 2708 1310 ταῦτα
2751 1258 2849 1325 μὲν
2872 1258 2961 1310 διὰ
2989 1262 3050 1310 τὸ
3090 1259 3185 1311 τοῦ
3222 1254 3464 1330 μεγάλου
3513 1259 3796 1311 Βασιλείου
3827 1259 3984 1322 ἀξιό-

2397 1362 2613 1408 πιστον.
2669 1346 2816 1400 οὕτω
2865 1349 2933 1401 τὰ
2982 1349 3110 1417 περὶ
3163 1349 3263 1418 τῆς
3312 1349 3408 1401 τοῦ
3451 1341 3765 1419 Πνεύματος
3797 1350 3983 1413 αἰτίας

2394 1436 2787 1506 ἐξηγουμένου,
2829 1439 3148 1508 ἀρκούντως
3180 1440 3280 1508 μὲν
3319 1440 3469 1493 δοκεῖ
3496 1441 3644 1508 ἔχειν
3676 1443 3756 1503 είς
3786 1441 3976 1509 παρὰ·

2396 1544 2587 1580 στασιν
2618 1529 2710 1581 τοῦ
2748 1532 2822 1599 μὴ
2871 1531 2966 1583 δύο
3012 1533 3194 1594 αίτίας
3247 1534 3487 1585 νοεῖσθαι
3518 1536 3614 1585 τοῦ
3648 1532 3969 1602 Πνεύματος

2393 1616 2488 1667 τὸν
2522 1617 2747 1686 Πατέρα
2778 1622 2872 1672 καὶ
2904 1621 2994 1674 τὸν
3039 1622 3187 1688 Υίὸν,
3227 1622 3357 1675 ὅταν
3389 1640 3473 1685 τις
3511 1628 3574 1675 ἐκ
3615 1622 3708 1675 τοῦ
3749 1626 3973 1694 Πατρὶς

2393 1705 2609 1759 καὶτοῦ
2644 1708 2774 1762 Υίοῦ
2815 1706 2958 1765 εἶναι
2981 1712 3115 1783 λέγῃ
3142 1713 3204 1764 τδ
3239 1712 3468 1780 Πνεῦμα
3496 1714 3558 1765 τὸ
3592 1714 3768 1780 ἅγιον.

2464 1799 2557 1865 ιγ’.
2605 1800 2758 1854 Ἐπεὶ
2786 1803 2842 1855 δὲ
2874 1807 2956 1866 είς
2985 1805 3286 1872 ἀπολογίαν
3304 1806 3432 1857 ’τῶν
3480 1805 3699 1858 Ἰταλῶν
3740 1808 3768 1859 ὀ
3814 1805 3980 1875 λόγος

694 1909 973 1970 proponat
1024 1900 1285 1955 dictionis
1317 1901 1603 1969 procedere
1643 1916 1933 1970 compares
1977 1906 2124 1959 vires
2153 1920 2270 1959 cum

2389 1894 2752 1964 προϐάλλεται
2786 1895 2850 1946 τὸ
2878 1896 2976 1964 τῆς
2999 1897 3431 1965 ἐκπορεύεσθαι
3483 1898 3680 1962 λέξεως
3728 1901 3977 1954 ίσοδύνα-

697 1994 832 2058 illis,
890 1995 1161 2062 provenire
1208 2002 1264 2047 et
1306 1995 1577 2064 progredi,
1624 1993 1947 2063 digerantur
2004 1998 2093 2050 hic
2137 2013 2166 2050 a
2198 2013 2285 2053 me

698 2085 848 2138 dicta
904 2094 1248 2147 sanctorum,
1307 2085 1512 2154 quibus
1545 2085 1875 2146 innutescat,
1930 2102 2038 2140 nou
2071 2097 2282 2142 tantum

2391 2003 2491 2056 μον
2528 1987 2667 2056 πρὸς
2700 1988 2761 2040 τὸ
2789 1990 3061 2055 προϊέναι
3093 2007 3150 2041 τε
3190 1991 3283 2043 καὶ
3332 1991 3751 2060 προέρχεσθαι,
3799 1999 3977 2046 κατα-

2387 2076 2688 2148 στρωθήτω
2725 2096 2816 2149 μοι
2849 2074 2952 2134 ὦδε
2986 2084 3079 2134 καὶ
3116 2080 3184 2133 τὰ
3222 2081 3333 2135 τῶν
3376 2083 3548 2149 ἁγίων
3590 2085 3751 2152 ῥητὰ,
3790 2086 3850 2150 ἐξ
3898 2079 3975 2138 ὧν

699 2176 1072 2246 praeessionis
1105 2191 1330 2241 nomen,
1387 2177 1482 2230 sed
1515 2185 1568 2229 et
1598 2176 1736 2230 alias
1769 2181 2034 2246 quasdam
2091 2181 2270 2237 dictio-

2388 2188 2481 2231 μοι
2512 2171 2902 2237 διαγινώσκειν
2943 2174 3222 2240 ἐγγίνεται
3253 2175 3330 2236 ὡς
3378 2175 3502 2244 οὐχὶ
3549 2179 3711 2245 μόνον
3758 2178 3818 2229 τὸ
3869 2179 3976 2247 τῆς

700 2283 800 2322 nes
825 2267 1190 2336 apertissime,
1222 2275 1277 2319 et
1325 2266 1448 2321 sine
1497 2267 1606 2321 ullo
1659 2269 1930 2324 velamine
1981 2274 2048 2326 de
2080 2275 2197 2341 ipsa
2217 2291 2282 2329 ex

695 2361 863 2414 Patre
882 2359 1167 2414 essentiali
1203 2358 1444 2428 Spiritus
1475 2359 1791 2414 exsistentia
1820 2364 2049 2414 assumi.
2084 2361 2281 2420 Statim

683 2453 845 2506 enim
879 2466 1111 2521 magnus
1136 2450 1453 2504 Basilius-in
1482 2451 1725 2504 secundo
1747 2452 1812 2503 ad
1835 2453 2280 2520 Amphilochium

697 2545 877 2615 capite
925 2545 1067 2599 inter
1105 2544 1244 2598 alias
1274 2543 1478 2597 multas
1535 2544 1829 2608 dictiones,
1866 2547 2072 2614 quibus
2106 2547 2282 2616 Spiri—

695 2653 785 2694 tua
806 2655 931 2693 cum
963 2640 1120 2712 Patre
1151 2647 1208 2693 et
1251 2637 1388 2691 Filio
1421 2638 1867 2692 communionem
1893 2641 2139 2709 exponit,
2168 2643 2284 2698 haec

682 2745 912 2801 quoque
947 2729 1130 2784 addit:
1159 2747 1178 2780 ι
1218 2727 1407 2798 Neque
1437 2729 1566 2784 hinc
1607 2730 1788 2784 solum
1827 2733 2095 2786 naturalis
2127 2750 2279 2788 com-

691 2822 974 2888 munionis
1011 2821 1427 2884 demonstratio,
1487 2822 1582 2874 sed
1622 2822 1785 2874 etiam
1844 2822 1988 2892 quod
2034 2840 2100 2878 ex
2171 2823 2280 2881 Deo

691 2931 813 2970 esse
839 2916 1062 2977 dicitur,
1104 2929 1210 2968 non
1229 2923 1301 2967 .ut
1333 2913 1516 2968 omnia
1570 2929 1636 2967 ex
1680 2913 1814 2979 Deo,
1851 2917 1945 2969 sed
2003 2918 2170 2970 veluti
2206 2933 2276 2972 ex

690 3004 873 3070 Patre,
905 3020 1182 3075 egressus,
1216 3019 1326 3058 non
1368 3005 1588 3074 genitus
1618 3013 1676 3058 ut
1709 3003 1903 3070 Filius,
1938 3007 2034 3060 sed
2059 3019 2116 3062 ut
2149 3010 2273 3079 Spi-

693 3099 830 3152 ritus
860 3099 982 3152 oris-
998 3099 1139 3164 ejus.
1168 3095 1330 3151 Hisce
1356 3096 1710 3152 familiaritas
1735 3108 1794 3152 et
1840 3101 2113 3154 connexio
2141 3118 2275 3172 ape-

691 3189 852 3254 ritur,
885 3189 981 3244 sed
1015 3189 1209 3242 modus
1241 3187 1581 3242 exsistentize
1604 3188 1830 3243 silentio
1891 3191 2208 3246 involvitur.
2248 3211 2268 3244 ι

688 3377 843 3432 bisce
887 3376 1206 3440 dictionem,
1244 3391 1264 3425 ι
1331 3375 1517 3444 egredi
1568 3374 1838 3444 Spiritum
1873 3391 1941 3431 ex
1998 3378 2108 3431 Deo
2159 3393 2268 3432 non

687 3465 936 3533 genitum
963 3473 1023 3518 ut
1053 3461 1278 3526 Filium,
1300 3463 1396 3516 sed
1428 3473 1484 3515 ut
1516 3460 1786 3531 Spiritum
1819 3465 1932 3517 oris
1955 3465 2100 3533 ejus,
2143 3483 2162 3515 ι
2203 3480 2270 3519 ex

686 3555 852 3612 Patre
903 3556 1279 3618 essentialem,
1309 3563 1368 3610 et
1397 3555 1709 3609 naturalem
1765 3558 1940 3626 ipsius
1997 3557 2269 3612 essisten-

685 3648 819 3702 tiam
850 3648 1178 3704 connotari?
1205 3647 1438 3716 Magnus
1459 3659 1513 3702 et
1561 3647 2017 3703 admirandorum
2049 3650 2270 3704 effector

684 3739 982 3810 Gregorius
1009 3737 1474 3795 Neocaesariensis
1500 3740 1792 3807 episcopus
1821 3742 2269 3810 oratioue,cujus

672 3831 1045 3901 .principiutn,
1081 3847 1102 3882 ι
1145 3830 1523 3885 Inimicissimi
1564 3841 1618 3885 et
1647 3831 1813 3886 alieni
1860 3833 1929 3886 ab
1966 3835 2266 3901 apostolica

681 3924 1038 3979 confessione
1080 3933 1232 3989 sunt,
1287 3924 1382 3991 qui
1445 3921 1646 3977 Filium
1706 3939 1771 3978 ex
1831 3924 1925 3990 iis,
1977 3941 2101 3994 quae
2156 3941 2266 3980 non

680 4027 920 4081 exstant,
949 4025 1224 4078 asserunt,
1257 4016 1472 4084 inquit:
1505 4017 1715 4070 Domini
1749 4016 1909 4070 Pater
1936 4018 2265 4086 principium

679 4120 786 4172 est,
815 4108 886 4162 ab
913 4117 1122 4162 interno
1169 4123 1295 4162 eum
1325 4121 1618 4177 generans,
1647 4118 1701 4160 et
1741 4105 2005 4162 Dominus
2035 4120 2119 4161 est
2145 4123 2269 4175 pro-

681 4211 906 4271 totypus
927 4199 1184 4269 Spiritus.
1230 4217 1248 4249 »
1277 4197 1344 4251 Et
1372 4207 1494 4282 post
1524 4215 1698 4267 pauca
1730 4199 1962 4253 ibidem:
1997 4217 2018 4255 ι
2047 4199 2265 4268 Ingeni-

683 4303 776 4347 tus
816 4307 940 4346 cum
975 4293 1046 4345 sit
1067 4289 1249 4356 Pater,
1289 4295 1510 4360 genitus
1545 4306 1674 4344 vero
1703 4307 1769 4344 ex
1796 4289 1956 4345 Patre
1987 4291 2181 4355 Filius,
2213 4301 2266 4345 et

685 4382 927 4453 Spititus
949 4399 1014 4436 ex
1045 4383 1281 4436 essentia
1322 4381 1498 4435 Patris
1529 4373 1624 4449 per
1676 4379 1875 4434 Filium
1928 4382 2265 4450 sempiterne

693 4478 958 4530 emissus.
997 4494 1015 4528 ι
1051 4475 1187 4540 Quis
1238 4475 1290 4526 in
1325 4476 1553 4527 dubium
1598 4475 1846 4536 verterit,
1885 4477 2113 4528 emissus
2160 4476 2264 4528 hoc

2392 2263 2772 2333 txrropstiaeoi;
2819 2265 3024 2333 ὄνομα..
3084 2265 3221 2319 ἀλλὰ
3264 2266 3356 2319 καὶ
3397 2267 3555 2321 ἄλλαι
3607 2268 3749 2330 τινὲς
3795 2269 3976 2332 λέξεις

2382 2351 2656 2420 λαμπρῶς
2692 2353 2788 2405 καὶ
2816 2347 3259 2418 ἀνεπισκιὰστως
3292 2356 3383 2409 ἐπ’
3414 2357 3588 2425 αὐτῆς
3626 2357 3723 2426 τῆς
3762 2360 3826 2410 ὲκ
3873 2358 3974 2411 τοῦ

2384 2442 2601 2513 Πατρδς
2623 2443 2916 2508 οὐσιὼδους
2937 2445 3034 2498 τοῦ
3085 2447 3405 2518 Πνεύματος
3442 2448 3731 2517 ὑπάρξεως
3763 2449 3976 2520 ἐκλαμ-

2381 2536 2671 2591 6ἀνονται.
2737 2538 2944 2591 Λύτίκα
3004 2542 3113 2610 γὰρ
3164 2543 3193 2593 ὁ
3248 2543 3420 2610 μέγας
3465 2542 3747 2604 Βασίλειοῖ
3785 2545 3845 2594 έν
3893 2542 3975 2614 τῷ

2382 2627 2597 2697 ὲὸδόμῳ
2625 2629 2732 2681 τῶν
2755 2630 2900 2700 Πρὸς
2938 2631 3289 2702 ’Δμφιλόχιον
3312 2634 3644 2703 κεφαλαίων,
3663 2636 3800 2703 μετὰ
3823 2637 3888 2688 τὸ
3913 2639 3975 2689 ἐν

2383 2721 2575 2784 ἄλλαις
2605 2723 2829 2785 πολλαῖς
2863 2725 3042 2790 λέξεσι
3075 2729 3410 2796 παρατίθησι
3437 2727 3537 2798 τὴν
3575 2728 3670 2780 τοῦ
3717 2730 3977 2798 Πνεῦμα·

2382 2830 2476 2874 τος
2513 2816 2801 2868 κοινωνίαν
2831 2817 2964 2884 πρὸς
3003 2817 3094 2868 τὸν
3145 2819 3367 2887 Πατέρα
3397 2820 3494 2872 καὶ
3533 2819 3626 2871 τὸν
3667 2820 3818 2882 Υίὸν,
3873 2823 3974 2875 καὶ

2380 2907 2552 2959 ταῦτὰ
2582 2925 2750 2978 φησιν
2782 2923 2796 2938 ο
2832 2927 2848 2960 ι
2891 2908 3003 2960 Καὶ
3039 2910 3140 2961 οὐκ
3175 2909 3427 2963 ἐντεῦθεν
3461 2913 3624 2978 μόνον
3676 2913 3778 2980 τῆς
3822 2918 3976 2968 κατὰ

2381 2999 2481 3068 τὴν
2513 2999 2674 3067 φύσιν
2702 3000 2985 3062 κοινωνίας
3014 3003 3046 3070 ἡ
3074 3001 3369 3066 ἀπόδειξις,
3398 3002 3516 3055 ἀλλ’
3540 3006 3624 3056 ὅτι
3649 3004 3741 3056 καὶ
3773 3005 3838 3055 ἐκ
3869 3004 3974 3058 τοῦ

2384 3093 2523 3145 θεοῦ
2569 3088 2711 3156 εἶναι
2740 3093 2984 3160 λέγεται,
3016 3094 3114 3162 οὐχ
3147 3094 3221 3154 ὡς
3253 3096 3322 3145 τὰ
3358 3094 3537 3146 πάντα
3570 3097 3635 3148 ἐκ
3675 3095 3768 3146 τοῦ
3803 3096 3971 3162 Θεοῦ,

2380 3187 2499 3239 ἀλλ’
2553 3187 2629 3248 ὡς
2659 3189 2722 3238 ἐκ
2770 3185 2864 3237 τοῦ
2904 3185 3041 3238 Θεοῦ
3081 3185 3367 3254 προελοὸν,
3414 3187 3476 3238 οὐ
3523 3188 3801 3263 γεννητῶς.
3828 3188 3903 3250 ὡς
3941 3194 3972 3243 ὁ

573 3267 578 3270 ’
683 3281 917 3352 ‘Eritque
991 3296 1062 3335 ne
1117 3280 1437 3333 mortalium
1500 3281 1760 3349 cuiquam
1827 3281 2149 3346 obscurum,
2214 3285 2269 3338 in

2378 3279 2526 3346 Υίδς,
2580 3277 2694 3331 ἀλλ’
2731 3276 2805 3341 ὠς
2853 3277 3078 3344 Πνεῦμα
3125 3277 3395 3346 στόματος
3442 3277 3611 3330 αὑτοῦ
3648 3294 3662 3307 ·
3706 3260 3807 3348 τῆς
3860 3281 3971 3350 μὲν

2376 3373 2715 3442 οἰκειότητος
2743 3370 3088 3439 δηλουμένης
3119 3368 3377 3436 ἐνταῦθα,
3408 3369 3504 3421 τοῦ
3543 3369 3600 3422 δὲ
3628 3372 3831 3439 τρόπου
3859 3373 3969 3444 τῆς

2374 3467 2665 3536 ὑπάρξεως
2692 3465 2937 3534 ἀρῤήτου
2974 3461 3410 3530 φυλασσομένου.
3447 3462 3567 3514 Τίνι
3598 3465 3708 3516 τῶν
3741 3467 3969 3520 πάντων

2375 3557 2574 3626 ἄδηλον
2603 3556 2676 3617 ὡς
2705 3554 2943 3607 ἐνταῦθα
2988 3557 3020 3623 η
3069 3553 3216 3616 λέξις
3249 3555 3282 3622 ή
3313 3552 3408 3605 τοῦ
3470 3573 3488 3604 ι
3522 3537 3841 3621 προέλθεῖν
3893 3560 3968 3612 τὸ

2370 3649 2616 3717 Πνεῦμα
2639 3649 2708 3701 ἐκ
2736 3647 2842 3700 τοῦ
2876 3646 3026 3700 Θεοῦ
3060 3647 3131 3700 οὐ
3153 3645 3458 3714 γεννητῶς
3477 3648 3558 3712 ὡς
3582 3651 3616 3702 δ
3647 3651 3800 3714 Υὶδςο
3820 3651 3967 3706 ἀλλ’

2370 3741 2446 3804 ὼς
2475 3739 2716 3807 Πνεῦμα
2748 3741 3047 3806 στόματος
3072 3735 3315 3803 αὑτοῦ,ι
3333 3737 3504 3806 αὐτὴν
3525 3740 3625 3809 τὴν
3653 3742 3716 3792 ὲκ
3746 3741 3967 3811 Πατρὸς

2353 3830 2604 3910 δοὺσιὼδη
2652 3835 2750 3884 καὶ⁴
2807 3831 3046 3899 φυσικὴν
3104 3829 3260 3899 δηλοῖ
3314 3831 3481 3885 αὑτοῦ
3531 3822 3772 3900 ὓπαρξιν
3812 3849 3834 3897 ;
3898 3834 3966 3890 ’0

2373 3919 2548 3988 μέγας
2578 3917 2673 3970 καὶ
2713 3918 3145 3988 Θαυματουργὸς
3172 3919 3498 3990 Γρηγόριος,
3519 3921 3964 3992 Νεοκαισαρείας

2368 4013 2691 4076 ἐπίσκοπος,
2731 4014 2788 4065 ἐν
2819 4011 2897 4081 τῷ
2927 4011 3096 4081 λόγῳ,
3128 4006 3190 4064 οὖ
3220 4014 3253 4081 ἡ
3296 4015 3461 4083 ἀρχὴ,
3499 4033 3517 4064 ι
3553 4015 3834 4084 Ἔχθιστοι
3864 4021 3966 4071 καὶ

2369 4105 2646 4172 ἀλλότριοι
2683 4107 2784 4175 τῆς
2817 4105 3185 4175 ἀποστολικῆς
3222 4106 3517 4176 ὁμολογίας
3563 4109 3612 4158 οἱ
3662 4109 3760 4160 τὸν
3829 4109 3964 4163 Υίὺν

2369 4197 2430 4261 ἐξ
2457 4199 2559 4250 οὐκ
2586 4198 2758 4250 ὄντων
2799 4197 3104 4266 λέγοντες,ι
3139 4200 3306 4268 φησὶν
3338 4199 3445 4263 ὅτι,
3482 4199 3640 4253 ιιΤοῦ
3683 4202 3892 4269 Κυρίου
3933 4207 3964 4257 ὁ

2371 4289 2565 4359 Πατὴρ
2592 4289 2760 4359 ἀρχὴ.
2793 4289 2980 4351 ἁῖδίως
3020 4289 3184 4343 αὑτὸν
3211 4291 3504 4361 γεννήσας,
3548 4293 3642 4346 καὶ
3673 4295 3964 4362 πρωτότυ-

2370 4398 2470 4443 πος
2496 4381 2591 4433 τοῦ
2619 4380 2940 4446 Πνεύματος
2973 4384 3000 4434 ὁ
3027 4382 3256 4451 Κύριος.
3286 4401 3306 4433 ι
3346 4384 3458 4436 Kal.
3481 4384 3622 4451 μετά
3646 4403 3765 4437 τινα
3797 4389 3855 4438 ὲν
3877 4389 3960 4458 τῷ

2368 4473 2520 4541 αὐτῷ
2545 4486 2560 4499 ·
2600 4489 2620 4522 ι
2667 4471 2996 4541 ’Δγεννήτου
3021 4476 3121 4542 μὲν
3151 4474 3304 4536 ὄντος
3337 4473 3431 4526 τοῦ
3468 4476 3706 4548 Πατρὸς,
3756 4492 3958 4549 γεννη-

690 4581 748 4619 tn
787 4565 928 4627 loco,
962 4577 1071 4617 non
1126 4571 1290 4614 tanta:
1337 4575 1459 4616 esse
1493 4563 1734 4626 virtutis,
1785 4562 1852 4615 ad
1909 4564 2258 4618 essentialctn

2376 4565 2558 4626 Βέντος
2597 4563 2653 4617 δὲ
2690 4563 2784 4617 τοῦ
2821 4563 2952 4616 Υίοῦ
2998 4566 3060 4615 ἐκ
3116 4565 3354 4633 Πατρδς,
3401 4565 3496 4618 τοῦ
3529 4583 3586 4618 τε
3632 4568 3956 4636 Πηεύματος

679 4658 920 4726 Spiritus
962 4653 1336 4710 cxsistentiam
1369 4654 1934 4715 eommonstrandam,
1999 4668 2258 4723 quantum

681 4753 930 4810 haberet,
952 4749 996 4801 si
1027 4749 1342 4816 appositum
1395 4745 1612 4807 fuisset,
1657 4748 1944 4813 procedens
1965 4747 1990 4797 .9
2025 4745 2261 4798 Theolo-

676 4861 778 4915 gus
811 4843 1110 4914 Gregorius
1135 4843 1415 4896 nonnullis
1440 4858 1666 4894 suarum
1689 4841 2058 4910 scriptionum
2101 4842 2258 4904 locis,

682 4964 698 4990 ι
733 4939 912 4993 Audis
947 4936 1408 5007 generationem?
1443 4934 1668 4987 modum
1703 4947 1771 4986 ne
1799 4934 2075 4986 curiosius
2106 4937 2246 4985 iuve-

676 5031 900 5097 Slig::l0.
941 5027 1112 5081 Audis
1138 5025 1407 5095 Spiritum
1453 5041 1517 5079 ex
1555 5023 1712 5077 Patre
1749 5023 2048 5093 progredi?
2095 5025 2258 5076 ratio-

676 5135 798 5170 nem
834 5133 902 5174 ne
924 5116 1085 5170 anxie
1111 5116 1396 5183 inquirito.
1437 5113 1591 5179 Quod
1617 5114 1660 5165 si
1697 5111 1816 5165 Filii
1848 5113 2254 5181 generationem

673 5220 726 5263 ei
766 5211 1008 5278 Spiritus
1064 5222 1418 5277 progressum
1462 5205 1731 5261 sollicitus
1779 5204 2120 5265 exterebras,
2153 5219 2254 5273 ego

673 5319 890 5372 quoque
930 5317 960 5356 a
1012 5314 1061 5355 te
1103 5301 1479 5370 pervestigabo
1526 5313 1724 5363 antma:
1778 5306 1833 5350 et
1873 5297 2122 5365 corporis
2154 5300 2256 5348 mi-

674 5396 934 5449 Sliottcm.
986 5413 1005 5445 ι
1041 5394 1176 5458 Quis
1231 5393 1321 5446 hic
1388 5390 1642 5454 audiens,
1678 5388 1943 5456 Spiritum
2003 5388 2254 5455 pragredi

671 5501 702 5537 ιι
734 5482 919 5547 Patre,
949 5483 1095 5536 aliud
1130 5482 1428 5535 dicti0nem
1481 5492 1674 5532 nmare
1700 5477 2053 5540 existimabit,
2087 5492 2251 5544 quant

669 5576 802 5628 illud
825 5576 991 5636 idem,
1015 5574 1060 5627 si
1098 5575 1386 5628 locoiltius
1429 5572 1785 5625 substitutum
1823 5570 2036 5633 luisset,
2069 5583 2252 5635 procc-

666 5671 819 5732 τίετε,
853 5669 1024 5734 ipsam
1061 5665 1272 5718 scilicet
1309 5680 1373 5716 ex
1408 5661 1568 5715 Patre
1603 5661 1950 5716 essentialem
1987 5669 2039 5712 et
2089 5670 2250 5713 natu-

672 5762 838 5811 ratum
900 5757 1137 5826 Spiritus
1193 5753 1616 5810 exsistentiam?
1680 5753 1824 5807 lJezn
1875 5752 2127 5806 oratione
2183 5752 2248 5803 at!

669 5849 941 5906 Neronem
974 5847 1366 5920 phiIOSOplium
1395 5851 1513 5902 ait:
1555 5866 1571 5898 ι
1610 5844 1753 5912 Quin
1793 5846 2015 5916 pietatis
2047 5854 2248 5898 nostra:

2367 4658 2431 4708 ὲκ
2456 4655 2559 4724 τῆς
2581 4657 2768 4718 οὐσίας
2797 4654 2893 4708 τοῦ
2930 4656 3144 4725 Πατρὸς
3182 4656 3425 4710 8t‘1‘i05
3473 4657 3661 4720 ἁῖδίως
3697 4659 3956 4729 ἔκπεμφη

2367 4748 2606 4809 θέντος.»
2632 4746 2725 4810 Τίς
2749 4748 3052 4816 ἀμφιϐαλεί
3072 4749 3153 4799 ὅτι
3174 4748 3234 4800 τὸ
3249 4747 3954 4817 ἐκπεμφθέντοςὲνταῦϐα

2362 4840 2634 4908 τοσαύτην
2666 4841 2818 4908 ἰσχὺν
2864 4840 2979 4909 ἔχει
3010 4841 3091 4901 είς
3132 4838 3232 4908 τὴν
3282 4841 3381 4903 τῆς
3433 4843 3728 4904 οὐσιώδους
3769 4844 3954 4917 ὑπάρ-

2363 4934 2498 4996 ξεως
2521 4932 2614 4984 τοῦ
2645 4934 2961 5002 Πνεύματος
2997 4932 3257 5002 δήλωσιν,
3294 4934 3427 5002 ὅσην
3470 4936 3537 4986 ἂν
3582 4932 3725 5004 εἶχεν
3762 4940 3810 4988 εἰ
3853 4944 3950 4993 καὶ

2361 5026 2421 5076 τὸ
2453 5025 2927 5092 ἑκπορευθὲντος
2971 5025 3192 5090 teuto;
3242 5023 3304 5078 Ὀ
3336 5025 3598 5091 Θεολόγος
3640 5029 3949 5100 Γρηγόριος

2361 5115 2418 5167 ἐν
2442 5131 2551 5166 τισι
2590 5117 2698 5167 τῶν
2733 5118 2900 5168 αὐτοῦ
2923 5115 3098 5178 οὕτως
3136 5117 3239 5187 ἔφη
3261 5131 3279 5148 ⁶
3323 5137 3340 5168 ι
3367 5119 3611 5182 Ἀκούεις
3646 5125 3903 5191 γέννησιν
3928 5142 3945 5188 ;

2359 5207 2420 5258 τὸ
2468 5207 2585 5268 πῶς
2657 5207 2732 5276 μὴ
2789 5208 3183 5276 περιεργάζου.
3249 5211 3499 5272 Ἀκούεις
3569 5213 3651 5264 ὅτι
3714 5214 3948 5284 Πνεῦμα

2362 5299 2551 5372 προζὸν
2604 5295 2668 5346 ἐκ
2706 5294 2800 5347 τοῦ
2840 5297 3053 5365 Πατρός
3087 5314 3101 5361 ;
3145 5297 3206 5350 τὸ
3239 5300 3391 5362 ὅπως
3430 5301 3506 5370 μὴ
3548 5303 3947 5374 πολυπραγμόο

2358 5403 2460 5439 νει.
2528 5388 2590 5438 Εἰ
2642 5387 2698 5438 δὲ
2750 5389 3241 5458 πολυπραγμονεῖς
3301 5393 3432 5445 Υίοῦ
3491 5395 3781 5463 γέννησιν,
3851 5401 3945 5452 καὶ

2359 5479 2679 5544 Πνεῦματος
2735 5480 2983 5549 πρόοδον,
3051 5483 3205 5548 κάγώ
3251 5501 3346 5536 σου
3389 5487 3836 5556 πολυπραγμονὼ
3883 5492 3944 5543 τὸ

2360 5572 2548 5639 κρᾶμα
2596 5572 2774 5640 ψυχῆς
2823 5573 2917 5624 καὶ
2983 5573 3257 5644 σώματος.
3291 5578 3385 5638 Τίς
3441 5580 3656 5632 ἀκούων
3704 5583 3942 5638 ἐνταῦθα

2358 5665 2549 5728 προϊὸν
2580 5662 2641 5714 τὸ
2675 5663 2902 5732 Πνεῦμα
2933 5665 2998 5716 ἐκ
3040 5665 3134 5716 τοῦ
3182 5666 3420 5735 Πατρὸς,
3463 5668 3592 5720 ἄλλο
3633 5687 3685 5721 τι
3736 5672 3941 5739 δηλοῦν

2359 5754 2460 5822 τὴν
2506 5753 2655 5818 λέξιν
2686 5758 2952 5823 οἰήσεται,
2991 5758 3229 5827 ἠὲκεῖνο
3263 5761 3401 5830 ὅπερ
3436 5764 3501 5814 ἂν
3544 5765 3591 5813 εξ
3636 5765 3728 5816 καὶ
3755 5769 3816 5816 τὺ
3849 5768 3940 5819 ὲκ-

2354 5845 2729 5916 πορευόμενον
2763 5849 2959 5915 ἔκειτο,
3009 5849 3181 5920 αὐτὴν
3227 5850 3428 5923 δηλαδὴ
3465 5852 3563 5925 τὴν
3610 5855 3672 5906 ὲκ
3723 5855 3939 5925 Πατρὸς
