  <div class='ocr_page' id='page_1' title='image "/cluster/home/n/w/nwhite01/storage/ocr_20150623/141/pst.000005714575/033.png"; bbox 0 0 4152 6446; ppageno 0'>
   <div class='ocr_carea' id='block_1_1' title="bbox 688 403 3968 479">
    <p class='ocr_par' dir='ltr' id='par_1_1' title="bbox 688 403 3968 479">
     <span class='ocr_line' id='line_1_1' title="bbox 688 403 3968 479; baseline 0.003 -12"><span class='ocrx_word' id='word_1_1' title='bbox 688 411 748 468; x_wconf 76' lang='lat' dir='ltr'><strong>.&#39;-l</strong></span> <span class='ocrx_word' id='word_1_2' title='bbox 1756 403 1971 466; x_wconf 69' lang='lat' dir='ltr'>JOAN.</span> <span class='ocrx_word' id='word_1_3' title='bbox 2007 403 2221 466; x_wconf 77' lang='lat' dir='ltr'><strong>VECCI</strong></span> <span class='ocrx_word' id='word_1_4' title='bbox 2262 405 2369 466; x_wconf 74' lang='grc' dir='ltr'><strong>(ΣΡ.</strong></span> <span class='ocrx_word' id='word_1_5' title='bbox 2420 406 2939 470; x_wconf 68' lang='grc' dir='ltr'><strong>ΡᾹΤΒΙΑΒΟΗᾸΞ</strong></span> <span class='ocrx_word' id='word_1_6' title='bbox 3893 417 3968 479; x_wconf 73' lang='lat'><strong>53</strong></span> 
     </span>
    </p>
   </div>
   <div class='ocr_carea' id='block_1_2' title="bbox 686 509 2277 595">
    <p class='ocr_par' dir='ltr' id='par_1_2' title="bbox 686 509 2268 589">
     <span class='ocr_line' id='line_1_2' title="bbox 686 509 2268 589; baseline 0.01 -31"><span class='ocrx_word' id='word_1_7' title='bbox 686 523 750 562; x_wconf 72' lang='lat' dir='ltr'><strong>ex</strong></span> <span class='ocrx_word' id='word_1_8' title='bbox 787 509 999 564; x_wconf 83' lang='lat' dir='ltr'><strong>duabus</strong></span> <span class='ocrx_word' id='word_1_9' title='bbox 1023 511 1208 567; x_wconf 74' lang='lat' dir='ltr'><strong>causis</strong></span> <span class='ocrx_word' id='word_1_10' title='bbox 1231 511 1384 567; x_wconf 88' lang='lat' dir='ltr'><strong>illum</strong></span> <span class='ocrx_word' id='word_1_11' title='bbox 1407 523 1462 569; x_wconf 91' lang='lat' dir='ltr'><strong>et</strong></span> <span class='ocrx_word' id='word_1_12' title='bbox 1485 517 1763 588; x_wconf 68' lang='lat' dir='ltr'><strong>progredi.</strong></span> <span class='ocrx_word' id='word_1_13' title='bbox 1795 527 1847 573; x_wconf 92' lang='lat' dir='ltr'><strong>et</strong></span> <span class='ocrx_word' id='word_1_14' title='bbox 1870 521 2181 589; x_wconf 80' lang='lat' dir='ltr'><strong>provenire,</strong></span> <span class='ocrx_word' id='word_1_15' title='bbox 2215 530 2268 574; x_wconf 90' lang='lat' dir='ltr'><strong>et</strong></span> 
     </span>
    </p>
   </div>
   <div class='ocr_carea' id='block_1_3' title="bbox 2383 509 3970 595">
    <p class='ocr_par' dir='ltr' id='par_1_3' title="bbox 2383 518 3970 595">
     <span class='ocr_line' id='line_1_3' title="bbox 2383 518 3970 595; baseline 0.008 -25"><span class='ocrx_word' id='word_1_16' title='bbox 2383 518 2469 571; x_wconf 70' lang='grc' dir='ltr'>[ἀν</span> <span class='ocrx_word' id='word_1_17' title='bbox 2492 525 2518 573; x_wconf 87' lang='grc' dir='ltr'><strong>ό</strong></span> <span class='ocrx_word' id='word_1_18' title='bbox 2545 521 2722 590; x_wconf 74' lang='grc' dir='ltr'>λέγων</span> <span class='ocrx_word' id='word_1_19' title='bbox 2746 525 2810 577; x_wconf 69' lang='grc' dir='ltr'><strong>ἐκ</strong></span> <span class='ocrx_word' id='word_1_20' title='bbox 2829 524 2922 579; x_wconf 89' lang='grc' dir='ltr'><strong>τοῦ</strong></span> <span class='ocrx_word' id='word_1_21' title='bbox 2952 526 3169 595; x_wconf 81' lang='grc' dir='ltr'>Πατρὸς</span> <span class='ocrx_word' id='word_1_22' title='bbox 3192 529 3289 581; x_wconf 78' lang='grc' dir='ltr'>καὶ</span> <span class='ocrx_word' id='word_1_23' title='bbox 3327 527 3423 583; x_wconf 88' lang='grc' dir='ltr'><strong>τοῦ</strong></span> <span class='ocrx_word' id='word_1_24' title='bbox 3465 529 3595 583; x_wconf 82' lang='grc' dir='ltr'>Υἱοῦ</span> <span class='ocrx_word' id='word_1_25' title='bbox 3625 529 3758 586; x_wconf 76' lang='grc' dir='ltr'>αύτδ</span> <span class='ocrx_word' id='word_1_26' title='bbox 3801 530 3970 583; x_wconf 72' lang='lat' dir='ltr'><strong>hmo-</strong></span> 
     </span>
    </p>
   </div>
   <div class='ocr_carea' id='block_1_4' title="bbox 688 602 2266 683">
    <p class='ocr_par' dir='ltr' id='par_1_4' title="bbox 688 602 2266 683">
     <span class='ocr_line' id='line_1_4' title="bbox 688 602 2266 683; baseline 0.008 -32"><span class='ocrx_word' id='word_1_27' title='bbox 688 602 865 655; x_wconf 78' lang='lat' dir='ltr'><strong>emitti</strong></span> <span class='ocrx_word' id='word_1_28' title='bbox 926 604 1133 658; x_wconf 83' lang='lat' dir='ltr'><strong>dicere.</strong></span> <span class='ocrx_word' id='word_1_29' title='bbox 1191 605 1294 660; x_wconf 88' lang='lat' dir='ltr'><strong>Sed</strong></span> <span class='ocrx_word' id='word_1_30' title='bbox 1340 622 1524 674; x_wconf 90' lang='lat' dir='ltr'><strong>nemo,</strong></span> <span class='ocrx_word' id='word_1_31' title='bbox 1562 609 1863 665; x_wconf 89' lang='lat' dir='ltr'><strong>dummodo</strong></span> <span class='ocrx_word' id='word_1_32' title='bbox 1900 612 2158 683; x_wconf 94' lang='lat' dir='ltr'><strong>pietatem</strong></span> <span class='ocrx_word' id='word_1_33' title='bbox 2212 613 2266 664; x_wconf 91' lang='lat' dir='ltr'><strong>in</strong></span> 
     </span>
    </p>
   </div>
   <div class='ocr_carea' id='block_1_5' title="bbox 685 696 2268 772">
    <p class='ocr_par' dir='ltr' id='par_1_5' title="bbox 685 696 2268 772">
     <span class='ocr_line' id='line_1_5' title="bbox 685 696 2268 772; baseline 0.01 -30"><span class='ocrx_word' id='word_1_34' title='bbox 685 703 907 755; x_wconf 76' lang='lat' dir='ltr'><strong>pectore</strong></span> <span class='ocrx_word' id='word_1_35' title='bbox 942 696 1104 764; x_wconf 75' lang='lat' dir='ltr'><strong>gerit,</strong></span> <span class='ocrx_word' id='word_1_36' title='bbox 1128 712 1195 750; x_wconf 79' lang='lat' dir='ltr'><strong>ex</strong></span> <span class='ocrx_word' id='word_1_37' title='bbox 1227 697 1442 752; x_wconf 85' lang='lat' dir='ltr'><strong>duabus</strong></span> <span class='ocrx_word' id='word_1_38' title='bbox 1483 702 1667 756; x_wconf 84' lang='lat' dir='ltr'><strong>causis</strong></span> <span class='ocrx_word' id='word_1_39' title='bbox 1707 715 1802 755; x_wconf 87' lang='lat' dir='ltr'><strong>aut</strong></span> <span class='ocrx_word' id='word_1_40' title='bbox 1834 704 2146 772; x_wconf 79' lang='lat' dir='ltr'><strong>provenire,</strong></span> <span class='ocrx_word' id='word_1_41' title='bbox 2176 716 2268 758; x_wconf 86' lang='lat' dir='ltr'><strong>aut</strong></span> 
     </span>
    </p>
   </div>
   <div class='ocr_carea' id='block_1_6' title="bbox 688 786 2268 863">
    <p class='ocr_par' dir='ltr' id='par_1_6' title="bbox 688 786 2268 863">
     <span class='ocr_line' id='line_1_6' title="bbox 688 786 2268 863; baseline 0.011 -27"><span class='ocrx_word' id='word_1_42' title='bbox 688 786 967 853; x_wconf 77' lang='lat' dir='ltr'><strong>progredi,</strong></span> <span class='ocrx_word' id='word_1_43' title='bbox 998 796 1090 841; x_wconf 90' lang='lat' dir='ltr'><strong>aut</strong></span> <span class='ocrx_word' id='word_1_44' title='bbox 1143 789 1320 842; x_wconf 90' lang='lat' dir='ltr'><strong>emitti</strong></span> <span class='ocrx_word' id='word_1_45' title='bbox 1358 789 1528 858; x_wconf 79' lang='lat' dir='ltr'><strong>dicet.</strong></span> <span class='ocrx_word' id='word_1_46' title='bbox 1566 792 1634 848; x_wconf 79' lang='lat' dir='ltr'><strong>Et</strong></span> <span class='ocrx_word' id='word_1_47' title='bbox 1677 795 1899 863; x_wconf 86' lang='lat' dir='ltr'><strong>quidem</strong></span> <span class='ocrx_word' id='word_1_48' title='bbox 1937 811 1967 849; x_wconf 87' lang='lat' dir='ltr'><strong>a</strong></span> <span class='ocrx_word' id='word_1_49' title='bbox 2007 798 2268 853; x_wconf 82' lang='lat' dir='ltr'><strong>Romanis</strong></span> 
     </span>
    </p>
   </div>
   <div class='ocr_carea' id='block_1_7' title="bbox 685 873 2266 956">
    <p class='ocr_par' dir='ltr' id='par_1_7' title="bbox 685 873 2266 956">
     <span class='ocr_line' id='line_1_7' title="bbox 685 873 2266 956; baseline 0.012 -35"><span class='ocrx_word' id='word_1_50' title='bbox 685 877 739 923; x_wconf 78' lang='lat' dir='ltr'><strong>iu</strong></span> <span class='ocrx_word' id='word_1_51' title='bbox 770 873 893 928; x_wconf 83' lang='lat' dir='ltr'><strong>ihlei</strong></span> <span class='ocrx_word' id='word_1_52' title='bbox 941 874 1203 946; x_wconf 84' lang='lat' dir='ltr'><strong>Symbolo</strong></span> <span class='ocrx_word' id='word_1_53' title='bbox 1248 876 1511 935; x_wconf 78' lang='lat' dir='ltr'><strong>dictionis</strong></span> <span class='ocrx_word' id='word_1_54' title='bbox 1558 882 1918 951; x_wconf 87' lang='lat' dir='ltr'><strong>additionem,</strong></span> <span class='ocrx_word' id='word_1_55' title='bbox 1983 901 2109 939; x_wconf 90' lang='lat' dir='ltr'><strong>cum</strong></span> <span class='ocrx_word' id='word_1_56' title='bbox 2154 887 2266 956; x_wconf 87' lang='lat' dir='ltr'><strong>jam</strong></span> 
     </span>
    </p>
   </div>
   <div class='ocr_carea' id='block_1_8' title="bbox 686 964 2267 1035">
    <p class='ocr_par' dir='ltr' id='par_1_8' title="bbox 686 964 2267 1035">
     <span class='ocr_line' id='line_1_8' title="bbox 686 964 2267 1035; baseline 0.014 -23"><span class='ocrx_word' id='word_1_57' title='bbox 686 964 831 1018; x_wconf 70' lang='lat' dir='ltr'><strong>facta</strong></span> <span class='ocrx_word' id='word_1_58' title='bbox 858 967 949 1031; x_wconf 91' lang='lat' dir='ltr'><strong>sit,</strong></span> <span class='ocrx_word' id='word_1_59' title='bbox 1009 984 1116 1022; x_wconf 92' lang='lat' dir='ltr'><strong>non</strong></span> <span class='ocrx_word' id='word_1_60' title='bbox 1177 972 1315 1027; x_wconf 74' lang='lat' dir='ltr'><strong>bene</strong></span> <span class='ocrx_word' id='word_1_61' title='bbox 1363 972 1560 1028; x_wconf 79' lang='lat' dir='ltr'><strong>factam</strong></span> <span class='ocrx_word' id='word_1_62' title='bbox 1605 991 1727 1031; x_wconf 87' lang='lat' dir='ltr'><strong>esse</strong></span> <span class='ocrx_word' id='word_1_63' title='bbox 1781 977 2014 1033; x_wconf 76' lang='lat' dir='ltr'><strong>dixero?</strong></span> <span class='ocrx_word' id='word_1_64' title='bbox 2063 981 2267 1035; x_wconf 91' lang='lat' dir='ltr'><strong>bonum</strong></span> 
     </span>
    </p>
   </div>
   <div class='ocr_carea' id='block_1_9' title="bbox 689 1057 2265 1135">
    <p class='ocr_par' dir='ltr' id='par_1_9' title="bbox 689 1057 2265 1135">
     <span class='ocr_line' id='line_1_9' title="bbox 689 1057 2265 1135; baseline 0.011 -27"><span class='ocrx_word' id='word_1_65' title='bbox 689 1057 831 1108; x_wconf 82' lang='lat' dir='ltr'><strong>haud</strong></span> <span class='ocrx_word' id='word_1_66' title='bbox 872 1059 1162 1114; x_wconf 89' lang='lat' dir='ltr'><strong>dicendum</strong></span> <span class='ocrx_word' id='word_1_67' title='bbox 1219 1073 1323 1128; x_wconf 87' lang='lat' dir='ltr'><strong>est,</strong></span> <span class='ocrx_word' id='word_1_68' title='bbox 1354 1067 1620 1135; x_wconf 81' lang='lat' dir='ltr'><strong>quidquid</strong></span> <span class='ocrx_word' id='word_1_69' title='bbox 1679 1068 1944 1124; x_wconf 78' lang='lat' dir='ltr'><strong>fratribus</strong></span> <span class='ocrx_word' id='word_1_70' title='bbox 1975 1070 2265 1125; x_wconf 90' lang='lat' dir='ltr'><strong>dissidium</strong></span> 
     </span>
    </p>
   </div>
   <div class='ocr_carea' id='block_1_10' title="bbox 687 1146 2267 1222">
    <p class='ocr_par' dir='ltr' id='par_1_10' title="bbox 687 1146 2267 1222">
     <span class='ocr_line' id='line_1_10' title="bbox 687 1146 2267 1222; baseline 0.012 -24"><span class='ocrx_word' id='word_1_71' title='bbox 687 1146 862 1202; x_wconf 57' lang='grc' dir='ltr'>μασι-ι.</span> <span class='ocrx_word' id='word_1_72' title='bbox 897 1149 1029 1204; x_wconf 81' lang='lat' dir='ltr'><strong>Mihi</strong></span> <span class='ocrx_word' id='word_1_73' title='bbox 1073 1169 1295 1222; x_wconf 89' lang='lat' dir='ltr'><strong>quoque</strong></span> <span class='ocrx_word' id='word_1_74' title='bbox 1340 1165 1518 1211; x_wconf 88' lang='lat' dir='ltr'><strong>tecum</strong></span> <span class='ocrx_word' id='word_1_75' title='bbox 1581 1160 1696 1213; x_wconf 60' lang='lat' dir='ltr'><strong>hate</strong></span> <span class='ocrx_word' id='word_1_76' title='bbox 1747 1161 1949 1214; x_wconf 85' lang='lat' dir='ltr'><strong>dicenti</strong></span> <span class='ocrx_word' id='word_1_77' title='bbox 1985 1164 2267 1217; x_wconf 78' lang='lat' dir='ltr'><strong>convenit.</strong></span> 
     </span>
    </p>
   </div>
   <div class='ocr_carea' id='block_1_11' title="bbox 686 1240 2271 1320">
    <p class='ocr_par' dir='ltr' id='par_1_11' title="bbox 686 1240 2271 1320">
     <span class='ocr_line' id='line_1_11' title="bbox 686 1240 2271 1320; baseline 0.012 -31"><span class='ocrx_word' id='word_1_78' title='bbox 686 1240 1081 1297; x_wconf 66' lang='lat' dir='ltr'><strong>Verumtamen</strong></span> <span class='ocrx_word' id='word_1_79' title='bbox 1145 1263 1270 1299; x_wconf 90' lang='lat' dir='ltr'><strong>cum</strong></span> <span class='ocrx_word' id='word_1_80' title='bbox 1332 1247 1592 1304; x_wconf 73' lang='lat' dir='ltr'><strong>dictionis</strong></span> <span class='ocrx_word' id='word_1_81' title='bbox 1624 1251 1851 1320; x_wconf 84' lang='lat' dir='ltr'><strong>hujusce</strong></span> <span class='ocrx_word' id='word_1_82' title='bbox 1908 1253 2117 1307; x_wconf 88' lang='lat' dir='ltr'><strong>additio</strong></span> <span class='ocrx_word' id='word_1_83' title='bbox 2167 1271 2271 1310; x_wconf 88' lang='lat' dir='ltr'><strong>suo</strong></span> 
     </span>
    </p>
   </div>
   <div class='ocr_carea' id='block_1_12' title="bbox 687 1333 2268 1410">
    <p class='ocr_par' dir='ltr' id='par_1_12' title="bbox 687 1333 2268 1410">
     <span class='ocr_line' id='line_1_12' title="bbox 687 1333 2268 1410; baseline 0.011 -28"><span class='ocrx_word' id='word_1_84' title='bbox 687 1345 854 1384; x_wconf 79' lang='lat' dir='ltr'><strong>sensu</strong></span> <span class='ocrx_word' id='word_1_85' title='bbox 889 1333 1145 1399; x_wconf 70' lang='lat' dir='ltr'><strong>pietatem</strong></span> <span class='ocrx_word' id='word_1_86' title='bbox 1177 1337 1340 1392; x_wconf 91' lang='lat' dir='ltr'><strong>nobis</strong></span> <span class='ocrx_word' id='word_1_87' title='bbox 1373 1341 1627 1395; x_wconf 84' lang='lat' dir='ltr'><strong>traditam</strong></span> <span class='ocrx_word' id='word_1_88' title='bbox 1654 1343 1968 1398; x_wconf 88' lang='lat' dir='ltr'><strong>nullatenus</strong></span> <span class='ocrx_word' id='word_1_89' title='bbox 1991 1346 2268 1410; x_wconf 79' lang='lat' dir='ltr'><strong>vulneret,</strong></span> 
     </span>
    </p>
   </div>
   <div class='ocr_carea' id='block_1_13' title="bbox 685 1423 2272 1506">
    <p class='ocr_par' dir='ltr' id='par_1_13' title="bbox 685 1423 2272 1506">
     <span class='ocr_line' id='line_1_13' title="bbox 685 1423 2272 1506; baseline 0.012 -33"><span class='ocrx_word' id='word_1_90' title='bbox 685 1423 892 1492; x_wconf 67' lang='lat' dir='ltr'><strong>{neque</strong></span> <span class='ocrx_word' id='word_1_91' title='bbox 922 1427 1067 1479; x_wconf 88' lang='lat' dir='ltr'><strong>enim</strong></span> <span class='ocrx_word' id='word_1_92' title='bbox 1108 1444 1277 1483; x_wconf 92' lang='lat' dir='ltr'><strong>unum</strong></span> <span class='ocrx_word' id='word_1_93' title='bbox 1321 1435 1595 1498; x_wconf 61' lang='lat' dir='ltr'><strong>essentia,</strong></span> <span class='ocrx_word' id='word_1_94' title='bbox 1634 1451 1813 1504; x_wconf 88' lang='lat' dir='ltr'><strong>neque</strong></span> <span class='ocrx_word' id='word_1_95' title='bbox 1856 1436 2060 1490; x_wconf 92' lang='lat' dir='ltr'><strong>trinum</strong></span> <span class='ocrx_word' id='word_1_96' title='bbox 2103 1437 2272 1506; x_wconf 79' lang='lat' dir='ltr'><strong>hypo-</strong></span> 
     </span>
    </p>
   </div>
   <div class='ocr_carea' id='block_1_14' title="bbox 686 1519 2270 1592">
    <p class='ocr_par' dir='ltr' id='par_1_14' title="bbox 686 1519 2270 1592">
     <span class='ocr_line' id='line_1_14' title="bbox 686 1519 2270 1592; baseline 0.012 -27"><span class='ocrx_word' id='word_1_97' title='bbox 686 1524 910 1569; x_wconf 85' lang='lat' dir='ltr'><strong>staseon</strong></span> <span class='ocrx_word' id='word_1_98' title='bbox 945 1519 1136 1588; x_wconf 70' lang='lat' dir='ltr'><strong>laedit),</strong></span> <span class='ocrx_word' id='word_1_99' title='bbox 1188 1520 1452 1580; x_wconf 76' lang='lat' dir='ltr'><strong>fratribus</strong></span> <span class='ocrx_word' id='word_1_100' title='bbox 1488 1527 1699 1580; x_wconf 81' lang='lat' dir='ltr'><strong>veniam</strong></span> <span class='ocrx_word' id='word_1_101' title='bbox 1753 1529 1845 1592; x_wconf 90' lang='lat' dir='ltr'><strong>do,</strong></span> <span class='ocrx_word' id='word_1_102' title='bbox 1900 1537 1956 1582; x_wconf 92' lang='lat' dir='ltr'><strong>et</strong></span> <span class='ocrx_word' id='word_1_103' title='bbox 2011 1529 2270 1584; x_wconf 90' lang='lat' dir='ltr'><strong>dictionis</strong></span> 
     </span>
    </p>
   </div>
   <div class='ocr_carea' id='block_1_15' title="bbox 688 1606 2264 1681">
    <p class='ocr_par' dir='ltr' id='par_1_15' title="bbox 688 1606 2264 1681">
     <span class='ocr_line' id='line_1_15' title="bbox 688 1606 2264 1681; baseline 0.01 -23"><span class='ocrx_word' id='word_1_104' title='bbox 688 1606 1023 1663; x_wconf 85' lang='lat' dir='ltr'><strong>additionem</strong></span> <span class='ocrx_word' id='word_1_105' title='bbox 1063 1617 1400 1681; x_wconf 71' lang='lat' dir='ltr'><strong>praeteriens,</strong></span> <span class='ocrx_word' id='word_1_106' title='bbox 1454 1620 1890 1674; x_wconf 81' lang='lat' dir='ltr'><strong>consentientem</strong></span> <span class='ocrx_word' id='word_1_107' title='bbox 1938 1621 2264 1674; x_wconf 85' lang='lat' dir='ltr'><strong>sententiam</strong></span> 
     </span>
    </p>
   </div>
   <div class='ocr_carea' id='block_1_16' title="bbox 688 1699 2269 1776">
    <p class='ocr_par' dir='ltr' id='par_1_16' title="bbox 688 1699 2269 1776">
     <span class='ocr_line' id='line_1_16' title="bbox 688 1699 2269 1776; baseline 0.011 -28"><span class='ocrx_word' id='word_1_108' title='bbox 688 1699 916 1767; x_wconf 87' lang='lat' dir='ltr'><strong>arripio,</strong></span> <span class='ocrx_word' id='word_1_109' title='bbox 979 1703 1389 1776; x_wconf 87' lang='lat' dir='ltr'><strong>discipulusque</strong></span> <span class='ocrx_word' id='word_1_110' title='bbox 1452 1709 1666 1765; x_wconf 79' lang='lat' dir='ltr'><strong>efﬁcior</strong></span> <span class='ocrx_word' id='word_1_111' title='bbox 1723 1726 1911 1765; x_wconf 87' lang='lat' dir='ltr'><strong>eorum</strong></span> <span class='ocrx_word' id='word_1_112' title='bbox 1959 1712 2269 1775; x_wconf 88' lang='lat' dir='ltr'><strong>doctorum,</strong></span> 
     </span>
    </p>
   </div>
   <div class='ocr_carea' id='block_1_17' title="bbox 687 1787 2272 1871">
    <p class='ocr_par' dir='ltr' id='par_1_17' title="bbox 687 1787 2272 1871">
     <span class='ocr_line' id='line_1_17' title="bbox 687 1787 2272 1871; baseline 0.009 -31"><span class='ocrx_word' id='word_1_113' title='bbox 687 1787 872 1854; x_wconf 86' lang='lat' dir='ltr'><strong>quiin</strong></span> <span class='ocrx_word' id='word_1_114' title='bbox 931 1791 1265 1851; x_wconf 85' lang='lat' dir='ltr'><strong>dictionibus</strong></span> <span class='ocrx_word' id='word_1_115' title='bbox 1317 1798 1723 1856; x_wconf 84' lang='lat' dir='ltr'><strong>discordantias</strong></span> <span class='ocrx_word' id='word_1_116' title='bbox 1781 1801 2141 1871; x_wconf 77' lang='lat' dir='ltr'><strong>negligentes,</strong></span> <span class='ocrx_word' id='word_1_117' title='bbox 2200 1805 2272 1855; x_wconf 88' lang='lat' dir='ltr'><strong>ob</strong></span> 
     </span>
    </p>
   </div>
   <div class='ocr_carea' id='block_1_18' title="bbox 687 1884 2198 1961">
    <p class='ocr_par' dir='ltr' id='par_1_18' title="bbox 687 1884 2198 1961">
     <span class='ocr_line' id='line_1_18' title="bbox 687 1884 2198 1961; baseline 0.01 -31"><span class='ocrx_word' id='word_1_118' title='bbox 687 1884 1108 1940; x_wconf 86' lang='lat' dir='ltr'><strong>consensionem</strong></span> <span class='ocrx_word' id='word_1_119' title='bbox 1144 1891 1429 1944; x_wconf 70' lang='lat' dir='ltr'><strong>sententiae</strong></span> <span class='ocrx_word' id='word_1_120' title='bbox 1460 1906 1647 1959; x_wconf 89' lang='lat' dir='ltr'><strong>pacem</strong></span> <span class='ocrx_word' id='word_1_121' title='bbox 1704 1892 2198 1961; x_wconf 80' lang='lat' dir='ltr'><strong>amplectebantur.</strong></span> 
     </span>
    </p>
   </div>
   <div class='ocr_carea' id='block_1_19' title="bbox 2374 615 3976 694">
    <p class='ocr_par' dir='ltr' id='par_1_19' title="bbox 2374 615 3976 694">
     <span class='ocr_line' id='line_1_19' title="bbox 2374 615 3976 694; baseline 0.007 -31"><span class='ocrx_word' id='word_1_122' title='bbox 2374 615 2494 682; x_wconf 83' lang='grc' dir='ltr'>ρεύε</span> <span class='ocrx_word' id='word_1_123' title='bbox 2507 615 2630 666; x_wconf 89' lang='grc' dir='ltr'>σθαι</span> <span class='ocrx_word' id='word_1_124' title='bbox 2667 616 2761 668; x_wconf 86' lang='grc' dir='ltr'><strong>δύο</strong></span> <span class='ocrx_word' id='word_1_125' title='bbox 2791 618 2886 669; x_wconf 88' lang='grc' dir='ltr'><strong>τοῦ</strong></span> <span class='ocrx_word' id='word_1_126' title='bbox 2918 617 3238 685; x_wconf 80' lang='grc' dir='ltr'>Πνεύματος</span> <span class='ocrx_word' id='word_1_127' title='bbox 3266 619 3416 673; x_wconf 73' lang='grc' dir='ltr'>αἴτια</span> <span class='ocrx_word' id='word_1_128' title='bbox 3452 620 3606 694; x_wconf 77' lang='grc' dir='ltr'>λέγῃ,</span> <span class='ocrx_word' id='word_1_129' title='bbox 3630 621 3721 673; x_wconf 81' lang='grc' dir='ltr'><strong>τδν</strong></span> <span class='ocrx_word' id='word_1_130' title='bbox 3749 621 3976 690; x_wconf 80' lang='grc' dir='ltr'>Πατέρα</span> 
     </span>
    </p>
   </div>
   <div class='ocr_carea' id='block_1_20' title="bbox 2375 705 3970 781">
    <p class='ocr_par' dir='ltr' id='par_1_20' title="bbox 2375 705 3970 781">
     <span class='ocr_line' id='line_1_20' title="bbox 2375 705 3970 781; baseline 0.004 -25"><span class='ocrx_word' id='word_1_131' title='bbox 2375 708 2470 757; x_wconf 76' lang='grc' dir='ltr'>καὶ</span> <span class='ocrx_word' id='word_1_132' title='bbox 2503 707 2593 756; x_wconf 81' lang='grc' dir='ltr'><strong>τὸν</strong></span> <span class='ocrx_word' id='word_1_133' title='bbox 2629 705 2779 769; x_wconf 83' lang='grc' dir='ltr'>Υἱδν,</span> <span class='ocrx_word' id='word_1_134' title='bbox 2813 708 2909 760; x_wconf 85' lang='grc' dir='ltr'>καὶ</span> <span class='ocrx_word' id='word_1_135' title='bbox 2941 711 2969 760; x_wconf 92' lang='grc' dir='ltr'><strong>ό</strong></span> <span class='ocrx_word' id='word_1_136' title='bbox 3015 711 3078 761; x_wconf 79' lang='grc' dir='ltr'>ἐκ</span> <span class='ocrx_word' id='word_1_137' title='bbox 3109 709 3204 762; x_wconf 82' lang='grc' dir='ltr'><strong>τοῦ</strong></span> <span class='ocrx_word' id='word_1_138' title='bbox 3265 712 3479 781; x_wconf 61' lang='grc' dir='ltr'>Πατρδς</span> <span class='ocrx_word' id='word_1_139' title='bbox 3535 714 3628 765; x_wconf 73' lang='grc' dir='ltr'><strong>καὶ</strong></span> <span class='ocrx_word' id='word_1_140' title='bbox 3671 712 3769 764; x_wconf 87' lang='grc' dir='ltr'><strong>τοῦ</strong></span> <span class='ocrx_word' id='word_1_141' title='bbox 3834 711 3970 766; x_wconf 80' lang='grc' dir='ltr'>Υίοῦ</span> 
     </span>
    </p>
   </div>
   <div class='ocr_carea' id='block_1_21' title="bbox 2372 797 3971 872">
    <p class='ocr_par' dir='ltr' id='par_1_21' title="bbox 2372 797 3971 872">
     <span class='ocr_line' id='line_1_21' title="bbox 2372 797 3971 872; baseline 0.005 -26"><span class='ocrx_word' id='word_1_142' title='bbox 2372 797 2764 865; x_wconf 76' lang='grc' dir='ltr'>προέρχεσθαι,</span> <span class='ocrx_word' id='word_1_143' title='bbox 2831 799 2863 869; x_wconf 68' lang='grc' dir='ltr'>ἢ</span> <span class='ocrx_word' id='word_1_144' title='bbox 2929 801 3202 869; x_wconf 79' lang='grc' dir='ltr'>προϊέναι,</span> <span class='ocrx_word' id='word_1_145' title='bbox 3261 802 3293 872; x_wconf 74' lang='grc' dir='ltr'>ἢ</span> <span class='ocrx_word' id='word_1_146' title='bbox 3352 802 3738 869; x_wconf 74' lang='grc' dir='ltr'><strong>ἐκπέμπεσθαι</strong></span> <span class='ocrx_word' id='word_1_147' title='bbox 3787 803 3971 870; x_wconf 76' lang='grc' dir='ltr'>λέγων</span> 
     </span>
    </p>
   </div>
   <div class='ocr_carea' id='block_1_22' title="bbox 2370 888 3968 964">
    <p class='ocr_par' dir='ltr' id='par_1_22' title="bbox 2370 888 3968 964">
     <span class='ocr_line' id='line_1_22' title="bbox 2370 888 3968 964; baseline 0.005 -25"><span class='ocrx_word' id='word_1_148' title='bbox 2370 888 2530 951; x_wconf 66' lang='grc' dir='ltr'>αὐτ),</span> <span class='ocrx_word' id='word_1_149' title='bbox 2562 890 2624 940; x_wconf 83' lang='grc' dir='ltr'>ὲκ</span> <span class='ocrx_word' id='word_1_150' title='bbox 2657 889 2749 941; x_wconf 87' lang='grc' dir='ltr'><strong>δύο</strong></span> <span class='ocrx_word' id='word_1_151' title='bbox 2781 890 2969 942; x_wconf 88' lang='grc' dir='ltr'>αἰτίων</span> <span class='ocrx_word' id='word_1_152' title='bbox 2998 892 3092 944; x_wconf 70' lang='grc' dir='ltr'>καὶ</span> <span class='ocrx_word' id='word_1_153' title='bbox 3130 893 3409 962; x_wconf 77' lang='grc' dir='ltr'><strong>προϊέναι,</strong></span> <span class='ocrx_word' id='word_1_154' title='bbox 3437 896 3533 945; x_wconf 78' lang='grc' dir='ltr'><strong>καὶ</strong></span> <span class='ocrx_word' id='word_1_155' title='bbox 3567 895 3968 964; x_wconf 71' lang='grc' dir='ltr'>προέρχεσθαι,</span> 
     </span>
    </p>
   </div>
   <div class='ocr_carea' id='block_1_23' title="bbox 2373 981 3970 1056">
    <p class='ocr_par' dir='ltr' id='par_1_23' title="bbox 2373 981 3970 1056">
     <span class='ocr_line' id='line_1_23' title="bbox 2373 981 3970 1056; baseline 0.004 -25"><span class='ocrx_word' id='word_1_156' title='bbox 2373 981 2468 1031; x_wconf 78' lang='grc' dir='ltr'>καὶ</span> <span class='ocrx_word' id='word_1_157' title='bbox 2532 982 2926 1048; x_wconf 74' lang='grc' dir='ltr'><strong>ἐκπέμπεσθαι</strong></span> <span class='ocrx_word' id='word_1_158' title='bbox 2981 982 3131 1050; x_wconf 81' lang='grc' dir='ltr'><strong>λέγει</strong></span> <span class='ocrx_word' id='word_1_159' title='bbox 3178 986 3331 1038; x_wconf 84' lang='grc' dir='ltr'>αὐτό.</span> <span class='ocrx_word' id='word_1_160' title='bbox 3386 985 3548 1038; x_wconf 71' lang='grc' dir='ltr'><strong>⁹Δ).λά</strong></span> <span class='ocrx_word' id='word_1_161' title='bbox 3597 988 3704 1056; x_wconf 79' lang='grc' dir='ltr'>μὴν</span> <span class='ocrx_word' id='word_1_162' title='bbox 3762 987 3970 1050; x_wconf 63' lang='grc' dir='ltr'>οὐδεὶς,</span> 
     </span>
    </p>
   </div>
   <div class='ocr_carea' id='block_1_24' title="bbox 2374 1068 3975 1145">
    <p class='ocr_par' dir='ltr' id='par_1_24' title="bbox 2374 1068 3975 1145">
     <span class='ocr_line' id='line_1_24' title="bbox 2374 1068 3975 1145; baseline 0.006 -25"><span class='ocrx_word' id='word_1_163' title='bbox 2374 1068 2700 1137; x_wconf 83' lang='grc' dir='ltr'>βουλόμενος</span> <span class='ocrx_word' id='word_1_164' title='bbox 2733 1071 2979 1124; x_wconf 76' lang='grc' dir='ltr'>εὐσεϐεῖν</span> <span class='ocrx_word' id='word_1_165' title='bbox 3034 1074 3110 1135; x_wconf 85' lang='grc' dir='ltr'>ὡς</span> <span class='ocrx_word' id='word_1_166' title='bbox 3141 1076 3203 1126; x_wconf 82' lang='grc' dir='ltr'>ὲκ</span> <span class='ocrx_word' id='word_1_167' title='bbox 3271 1076 3366 1128; x_wconf 76' lang='grc' dir='ltr'><strong>δύο</strong></span> <span class='ocrx_word' id='word_1_168' title='bbox 3411 1077 3605 1130; x_wconf 81' lang='grc' dir='ltr'>αίτίων</span> <span class='ocrx_word' id='word_1_169' title='bbox 3634 1078 3664 1145; x_wconf 77' lang='grc' dir='ltr'>ἢ</span> <span class='ocrx_word' id='word_1_170' title='bbox 3698 1081 3975 1145; x_wconf 76' lang='grc' dir='ltr'>προϊέναι,</span> 
     </span>
    </p>
   </div>
   <div class='ocr_carea' id='block_1_25' title="bbox 2372 1160 3973 1238">
    <p class='ocr_par' dir='ltr' id='par_1_25' title="bbox 2372 1160 3973 1238">
     <span class='ocr_line' id='line_1_25' title="bbox 2372 1160 3973 1238; baseline 0.007 -28"><span class='ocrx_word' id='word_1_171' title='bbox 2372 1160 2405 1228; x_wconf 77' lang='grc' dir='ltr'>ἢ</span> <span class='ocrx_word' id='word_1_172' title='bbox 2449 1162 2819 1230; x_wconf 77' lang='grc' dir='ltr'>προέρχεσθαι</span> <span class='ocrx_word' id='word_1_173' title='bbox 2847 1164 2905 1214; x_wconf 69' lang='grc' dir='ltr'><strong>τὸ</strong></span> <span class='ocrx_word' id='word_1_174' title='bbox 2943 1164 3167 1232; x_wconf 76' lang='grc' dir='ltr'>Πνεῦμα</span> <span class='ocrx_word' id='word_1_175' title='bbox 3195 1168 3329 1234; x_wconf 78' lang='grc' dir='ltr'>ἐρεῖ.</span> <span class='ocrx_word' id='word_1_176' title='bbox 3358 1168 3467 1219; x_wconf 75' lang='grc' dir='ltr'><strong>Καὶ</strong></span> <span class='ocrx_word' id='word_1_177' title='bbox 3495 1168 3576 1220; x_wconf 84' lang='grc' dir='ltr'>ὅτι</span> <span class='ocrx_word' id='word_1_178' title='bbox 3615 1168 3770 1238; x_wconf 74' lang='grc' dir='ltr'>μὶνὴ</span> <span class='ocrx_word' id='word_1_179' title='bbox 3815 1172 3973 1238; x_wconf 78' lang='grc' dir='ltr'><strong>παρά</strong></span> 
     </span>
    </p>
   </div>
   <div class='ocr_carea' id='block_1_26' title="bbox 2373 1252 3974 1328">
    <p class='ocr_par' dir='ltr' id='par_1_26' title="bbox 2373 1252 3974 1328">
     <span class='ocr_line' id='line_1_26' title="bbox 2373 1252 3974 1328; baseline 0.006 -25"><span class='ocrx_word' id='word_1_180' title='bbox 2373 1252 2484 1303; x_wconf 86' lang='grc' dir='ltr'><strong>τῶν</strong></span> <span class='ocrx_word' id='word_1_181' title='bbox 2534 1253 2827 1321; x_wconf 86' lang='grc' dir='ltr'>Ῥωμαίων</span> <span class='ocrx_word' id='word_1_182' title='bbox 2862 1259 3122 1321; x_wconf 81' lang='grc' dir='ltr'>γεγονυῖα</span> <span class='ocrx_word' id='word_1_183' title='bbox 3162 1257 3256 1310; x_wconf 74' lang='grc' dir='ltr'><strong>ἐπὶ</strong></span> <span class='ocrx_word' id='word_1_184' title='bbox 3292 1258 3368 1326; x_wconf 82' lang='grc' dir='ltr'>τῷ</span> <span class='ocrx_word' id='word_1_185' title='bbox 3397 1259 3496 1328; x_wconf 79' lang='grc' dir='ltr'>τῆς</span> <span class='ocrx_word' id='word_1_186' title='bbox 3538 1261 3779 1321; x_wconf 82' lang='grc' dir='ltr'>πίστεως</span> <span class='ocrx_word' id='word_1_187' title='bbox 3819 1260 3974 1328; x_wconf 85' lang='grc' dir='ltr'>Συμ-</span> 
     </span>
    </p>
   </div>
   <div class='ocr_carea' id='block_1_27' title="bbox 2373 1345 3977 1418">
    <p class='ocr_par' dir='ltr' id='par_1_27' title="bbox 2373 1345 3977 1418">
     <span class='ocr_line' id='line_1_27' title="bbox 2373 1345 3977 1418; baseline 0.004 -21"><span class='ocrx_word' id='word_1_188' title='bbox 2373 1345 2518 1415; x_wconf 75' lang='grc' dir='ltr'>ϐόλῳ</span> <span class='ocrx_word' id='word_1_189' title='bbox 2544 1345 2834 1414; x_wconf 75' lang='grc' dir='ltr'><strong>προσθήκη</strong></span> <span class='ocrx_word' id='word_1_190' title='bbox 2870 1347 2971 1407; x_wconf 82' lang='grc' dir='ltr'>τῆς</span> <span class='ocrx_word' id='word_1_191' title='bbox 3003 1347 3226 1410; x_wconf 78' lang='grc' dir='ltr'>λέξεως,</span> <span class='ocrx_word' id='word_1_192' title='bbox 3281 1352 3364 1402; x_wconf 83' lang='grc' dir='ltr'>ὅτι</span> <span class='ocrx_word' id='word_1_193' title='bbox 3408 1353 3501 1403; x_wconf 84' lang='grc' dir='ltr'>καὶ</span> <span class='ocrx_word' id='word_1_194' title='bbox 3546 1351 3686 1412; x_wconf 74' lang='grc' dir='ltr'>ὅλως</span> <span class='ocrx_word' id='word_1_195' title='bbox 3719 1352 3977 1418; x_wconf 75' lang='grc' dir='ltr'>γέγονεν,</span> 
     </span>
    </p>
   </div>
   <div class='ocr_carea' id='block_1_28' title="bbox 2372 1438 3985 1505">
    <p class='ocr_par' dir='ltr' id='par_1_28' title="bbox 2372 1438 3985 1505">
     <span class='ocr_line' id='line_1_28' title="bbox 2372 1438 3985 1505; baseline 0.003 -15"><span class='ocrx_word' id='word_1_196' title='bbox 2372 1439 2433 1490; x_wconf 85' lang='grc' dir='ltr'>οὐ</span> <span class='ocrx_word' id='word_1_197' title='bbox 2475 1438 2655 1497; x_wconf 77' lang='grc' dir='ltr'>καλῶς</span> <span class='ocrx_word' id='word_1_198' title='bbox 2683 1439 2908 1505; x_wconf 79' lang='grc' dir='ltr'>γέγονεν</span> <span class='ocrx_word' id='word_1_199' title='bbox 2937 1441 3111 1500; x_wconf 77' lang='grc' dir='ltr'>εῐπως</span> <span class='ocrx_word' id='word_1_200' title='bbox 3147 1440 3311 1492; x_wconf 77' lang='grc' dir='ltr'>καλὸν</span> <span class='ocrx_word' id='word_1_201' title='bbox 3357 1443 3457 1494; x_wconf 83' lang='grc' dir='ltr'>οὐκ</span> <span class='ocrx_word' id='word_1_202' title='bbox 3489 1442 3634 1494; x_wconf 75' lang='grc' dir='ltr'>ἔστιν</span> <span class='ocrx_word' id='word_1_203' title='bbox 3661 1445 3838 1496; x_wconf 70' lang='grc' dir='ltr'>εἰπεῖν</span> <span class='ocrx_word' id='word_1_204' title='bbox 3873 1445 3985 1496; x_wconf 80' lang='grc' dir='ltr'>πᾶν</span> 
     </span>
    </p>
   </div>
   <div class='ocr_carea' id='block_1_29' title="bbox 2371 1528 3985 1606">
    <p class='ocr_par' dir='ltr' id='par_1_29' title="bbox 2371 1528 3985 1606">
     <span class='ocr_line' id='line_1_29' title="bbox 2371 1528 3985 1606; baseline 0.004 -27"><span class='ocrx_word' id='word_1_205' title='bbox 2371 1529 2434 1579; x_wconf 77' lang='grc' dir='ltr'>τὸ</span> <span class='ocrx_word' id='word_1_206' title='bbox 2473 1528 2757 1581; x_wconf 72' lang='grc' dir='ltr'>διάστασιν</span> <span class='ocrx_word' id='word_1_207' title='bbox 2809 1533 2923 1593; x_wconf 78' lang='grc' dir='ltr'>τοῖς</span> <span class='ocrx_word' id='word_1_208' title='bbox 2953 1532 3203 1600; x_wconf 80' lang='grc' dir='ltr'>ἀδελφοῖς</span> <span class='ocrx_word' id='word_1_209' title='bbox 3239 1534 3556 1601; x_wconf 81' lang='grc' dir='ltr'>προξενοῦν·</span> <span class='ocrx_word' id='word_1_210' title='bbox 3593 1534 3857 1606; x_wconf 83' lang='grc' dir='ltr'>σύμφημί</span> <span class='ocrx_word' id='word_1_211' title='bbox 3895 1551 3985 1587; x_wconf 78' lang='grc' dir='ltr'><strong>σοι</strong></span> 
     </span>
    </p>
   </div>
   <div class='ocr_carea' id='block_1_30' title="bbox 2373 1620 3983 1697">
    <p class='ocr_par' dir='ltr' id='par_1_30' title="bbox 2373 1620 3983 1697">
     <span class='ocr_line' id='line_1_30' title="bbox 2373 1620 3983 1697; baseline 0.006 -26"><span class='ocrx_word' id='word_1_212' title='bbox 2373 1620 2453 1688; x_wconf 84' lang='grc' dir='ltr'>τῷ</span> <span class='ocrx_word' id='word_1_213' title='bbox 2495 1620 2716 1688; x_wconf 81' lang='grc' dir='ltr'>λέγοντι</span> <span class='ocrx_word' id='word_1_214' title='bbox 2748 1622 2844 1674; x_wconf 75' lang='grc' dir='ltr'>καὶ</span> <span class='ocrx_word' id='word_1_215' title='bbox 2883 1623 3049 1685; x_wconf 83' lang='grc' dir='ltr'>αὐτός</span> <span class='ocrx_word' id='word_1_216' title='bbox 3072 1641 3086 1652; x_wconf 90' lang='grc'><strong>·</strong></span> <span class='ocrx_word' id='word_1_217' title='bbox 3119 1625 3202 1677; x_wconf 86' lang='grc' dir='ltr'>ὅτι</span> <span class='ocrx_word' id='word_1_218' title='bbox 3238 1626 3294 1677; x_wconf 79' lang='grc' dir='ltr'>δὲ</span> <span class='ocrx_word' id='word_1_219' title='bbox 3330 1628 3361 1695; x_wconf 77' lang='grc' dir='ltr'>ἡ</span> <span class='ocrx_word' id='word_1_220' title='bbox 3410 1628 3510 1696; x_wconf 80' lang='grc' dir='ltr'>τῆς</span> <span class='ocrx_word' id='word_1_221' title='bbox 3541 1626 3742 1691; x_wconf 84' lang='grc' dir='ltr'>λέξεων</span> <span class='ocrx_word' id='word_1_222' title='bbox 3772 1628 3983 1697; x_wconf 78' lang='grc' dir='ltr'><strong>ταύτης</strong></span> 
     </span>
    </p>
   </div>
   <div class='ocr_carea' id='block_1_31' title="bbox 2381 1713 3983 1789">
    <p class='ocr_par' dir='ltr' id='par_1_31' title="bbox 2381 1713 3983 1789">
     <span class='ocr_line' id='line_1_31' title="bbox 2381 1713 3983 1789; baseline 0.006 -26"><span class='ocrx_word' id='word_1_223' title='bbox 2381 1713 2675 1783; x_wconf 78' lang='grc' dir='ltr'><strong>προσθήκη</strong></span> <span class='ocrx_word' id='word_1_224' title='bbox 2707 1714 2859 1766; x_wconf 77' lang='grc' dir='ltr'>οὐδέν</span> <span class='ocrx_word' id='word_1_225' title='bbox 2888 1732 2941 1766; x_wconf 87' lang='grc' dir='ltr'><strong>τι</strong></span> <span class='ocrx_word' id='word_1_226' title='bbox 2974 1717 3420 1786; x_wconf 85' lang='grc' dir='ltr'>παρατιτρώσκει</span> <span class='ocrx_word' id='word_1_227' title='bbox 3466 1717 3604 1788; x_wconf 79' lang='grc' dir='ltr'>πρὸς</span> <span class='ocrx_word' id='word_1_228' title='bbox 3634 1719 3849 1772; x_wconf 78' lang='grc' dir='ltr'>ἔννοιαν</span> <span class='ocrx_word' id='word_1_229' title='bbox 3879 1720 3983 1789; x_wconf 78' lang='grc' dir='ltr'>τὴν</span> 
     </span>
    </p>
   </div>
   <div class='ocr_carea' id='block_1_32' title="bbox 2376 1805 3986 1881">
    <p class='ocr_par' dir='ltr' id='par_1_32' title="bbox 2376 1805 3986 1881">
     <span class='ocr_line' id='line_1_32' title="bbox 2376 1805 3986 1881; baseline 0.005 -25"><span class='ocrx_word' id='word_1_230' title='bbox 2376 1805 2509 1872; x_wconf 77' lang='grc' dir='ltr'>ἡμῖν</span> <span class='ocrx_word' id='word_1_231' title='bbox 2541 1805 2939 1872; x_wconf 74' lang='grc' dir='ltr'><strong>παραδοθεῖσαν</strong></span> <span class='ocrx_word' id='word_1_232' title='bbox 2964 1807 3247 1861; x_wconf 75' lang='grc' dir='ltr'>εὐσέϐειαν</span> <span class='ocrx_word' id='word_1_233' title='bbox 3269 1827 3281 1839; x_wconf 90' lang='grc'><strong>·</strong></span> <span class='ocrx_word' id='word_1_234' title='bbox 3314 1809 3566 1881; x_wconf 76' lang='grc' dir='ltr'>οὔτεγὰρ</span> <span class='ocrx_word' id='word_1_235' title='bbox 3600 1811 3662 1862; x_wconf 84' lang='grc' dir='ltr'><strong>τό</strong></span> <span class='ocrx_word' id='word_1_236' title='bbox 3696 1812 3986 1880; x_wconf 69' lang='grc' dir='ltr'>μοναδικὲν</span> 
     </span>
    </p>
   </div>
   <div class='ocr_carea' id='block_1_33' title="bbox 2300 1879 3985 1972">
    <p class='ocr_par' dir='ltr' id='par_1_33' title="bbox 2300 1879 3985 1972">
     <span class='ocr_line' id='line_1_33' title="bbox 2300 1879 3985 1972; baseline 0.01 -32"><span class='ocrx_word' id='word_1_237' title='bbox 2300 1879 2351 1940; x_wconf 75' lang='grc' dir='ltr'><strong>Β</strong></span> <span class='ocrx_word' id='word_1_238' title='bbox 2379 1894 2444 1964; x_wconf 84' lang='grc' dir='ltr'>τῆ</span> <span class='ocrx_word' id='word_1_239' title='bbox 2457 1913 2473 1947; x_wconf 90' lang='lat'>:</span> <span class='ocrx_word' id='word_1_240' title='bbox 2488 1894 2677 1957; x_wconf 79' lang='grc' dir='ltr'>οὐσίας</span> <span class='ocrx_word' id='word_1_241' title='bbox 2691 1894 3016 1965; x_wconf 73' lang='grc' dir='ltr'><strong>λυμαίνεται</strong></span> <span class='ocrx_word' id='word_1_242' title='bbox 3036 1899 3158 1952; x_wconf 75' lang='grc' dir='ltr'>οὔτε</span> <span class='ocrx_word' id='word_1_243' title='bbox 3172 1899 3233 1952; x_wconf 75' lang='grc' dir='ltr'>τὸ</span> <span class='ocrx_word' id='word_1_244' title='bbox 3252 1900 3361 1954; x_wconf 86' lang='grc' dir='ltr'><strong>τῶν</strong></span> <span class='ocrx_word' id='word_1_245' title='bbox 3379 1879 3734 1956; x_wconf 76' lang='grc' dir='ltr'>ὑποστάσεων</span> <span class='ocrx_word' id='word_1_246' title='bbox 3769 1903 3985 1972; x_wconf 83' lang='grc' dir='ltr'>τριαδι..</span> 
     </span>
    </p>
   </div>
   <div class='ocr_carea' id='block_1_34' title="bbox 691 1977 3984 2068">
    <p class='ocr_par' dir='ltr' id='par_1_34' title="bbox 691 1977 3984 2068">
     <span class='ocr_line' id='line_1_34' title="bbox 691 1977 3984 2068; baseline 0.009 -39"><span class='ocrx_word' id='word_1_247' title='bbox 691 1980 787 2027; x_wconf 79' lang='grc' dir='ltr'><strong>κόν</strong></span> <span class='ocrx_word' id='word_1_248' title='bbox 815 1977 1225 2047; x_wconf 67' lang='grc' dir='ltr'>’ζσσγγινὼσκω</span> <span class='ocrx_word' id='word_1_249' title='bbox 1262 1989 1371 2048; x_wconf 75' lang='grc' dir='ltr'>τοῖς</span> <span class='ocrx_word' id='word_1_250' title='bbox 1413 1988 1689 2056; x_wconf 78' lang='grc' dir='ltr'>ἀδελφοῖς,</span> <span class='ocrx_word' id='word_1_251' title='bbox 1737 1989 1830 2040; x_wconf 73' lang='grc' dir='ltr'>καὶ</span> <span class='ocrx_word' id='word_1_252' title='bbox 1879 1987 2202 2057; x_wconf 82' lang='grc' dir='ltr'><strong>προσθήκην</strong></span> <span class='ocrx_word' id='word_1_253' title='bbox 2239 1989 2436 2056; x_wconf 80' lang='grc' dir='ltr'>λέξεως</span> <span class='ocrx_word' id='word_1_254' title='bbox 2481 1993 2866 2061; x_wconf 84' lang='grc' dir='ltr'>παρατρέχων,</span> <span class='ocrx_word' id='word_1_255' title='bbox 2904 1995 2963 2047; x_wconf 81' lang='grc' dir='ltr'>τὸ</span> <span class='ocrx_word' id='word_1_256' title='bbox 3005 1996 3299 2065; x_wconf 82' lang='grc' dir='ltr'>σύμφωνον</span> <span class='ocrx_word' id='word_1_257' title='bbox 3336 2001 3436 2068; x_wconf 79' lang='grc' dir='ltr'>τῆς</span> <span class='ocrx_word' id='word_1_258' title='bbox 3481 1997 3692 2060; x_wconf 72' lang='grc' dir='ltr'>ἑννοίας</span> <span class='ocrx_word' id='word_1_259' title='bbox 3723 1999 3984 2066; x_wconf 66' lang='grc' dir='ltr'>ἁρπάζων</span> 
     </span>
    </p>
   </div>
   <div class='ocr_carea' id='block_1_35' title="bbox 692 2073 3983 2162">
    <p class='ocr_par' dir='ltr' id='par_1_35' title="bbox 692 2073 3983 2162">
     <span class='ocr_line' id='line_1_35' title="bbox 692 2073 3983 2162; baseline 0.009 -37"><span class='ocrx_word' id='word_1_260' title='bbox 692 2073 789 2126; x_wconf 68' lang='grc' dir='ltr'><strong>καὶ</strong></span> <span class='ocrx_word' id='word_1_261' title='bbox 835 2076 1086 2147; x_wconf 77' lang='grc' dir='ltr'>μαθητὴς</span> <span class='ocrx_word' id='word_1_262' title='bbox 1123 2079 1461 2136; x_wconf 80' lang='grc' dir='ltr'>διδασκάλων</span> <span class='ocrx_word' id='word_1_263' title='bbox 1503 2085 1749 2148; x_wconf 78' lang='grc' dir='ltr'>ἐκείνων,</span> <span class='ocrx_word' id='word_1_264' title='bbox 1786 2083 1836 2137; x_wconf 79' lang='grc' dir='ltr'>οἶ</span> <span class='ocrx_word' id='word_1_265' title='bbox 1885 2085 1944 2138; x_wconf 70' lang='grc' dir='ltr'>τὸ</span> <span class='ocrx_word' id='word_1_266' title='bbox 1986 2085 2046 2138; x_wconf 82' lang='grc' dir='ltr'><strong>έν</strong></span> <span class='ocrx_word' id='word_1_267' title='bbox 2092 2083 2270 2150; x_wconf 79' lang='grc' dir='ltr'>λέξεσι</span> <span class='ocrx_word' id='word_1_268' title='bbox 2314 2087 2666 2157; x_wconf 79' lang='grc' dir='ltr'>παρορῶντες</span> <span class='ocrx_word' id='word_1_269' title='bbox 2711 2087 3044 2159; x_wconf 72' lang='grc' dir='ltr'>ἀσύμφωνον</span> <span class='ocrx_word' id='word_1_270' title='bbox 3076 2091 3179 2154; x_wconf 87' lang='grc' dir='ltr'>τὴν</span> <span class='ocrx_word' id='word_1_271' title='bbox 3217 2092 3310 2144; x_wconf 76' lang='grc' dir='ltr'><strong>ἐπὶ</strong></span> <span class='ocrx_word' id='word_1_272' title='bbox 3339 2091 3417 2162; x_wconf 81' lang='grc' dir='ltr'><strong>τῷ</strong></span> <span class='ocrx_word' id='word_1_273' title='bbox 3458 2093 3741 2162; x_wconf 82' lang='grc' dir='ltr'>συμφώνῳ</span> <span class='ocrx_word' id='word_1_274' title='bbox 3769 2091 3983 2154; x_wconf 68' lang='grc' dir='ltr'>ἑννοίας</span> 
     </span>
    </p>
   </div>
   <div class='ocr_carea' id='block_1_36' title="bbox 691 2167 1291 2238">
    <p class='ocr_par' dir='ltr' id='par_1_36' title="bbox 691 2167 1291 2238">
     <span class='ocr_line' id='line_1_36' title="bbox 691 2167 1291 2238; baseline 0.013 -19"><span class='ocrx_word' id='word_1_275' title='bbox 691 2167 918 2236; x_wconf 74' lang='grc' dir='ltr'>εἰρήνην</span> <span class='ocrx_word' id='word_1_276' title='bbox 957 2170 1291 2238; x_wconf 67' lang='grc' dir='ltr'>ἠσπάζοντο.</span> 
     </span>
    </p>
   </div>
   <div class='ocr_carea' id='block_1_37' title="bbox 765 2263 2264 2330">
    <p class='ocr_par' dir='ltr' id='par_1_37' title="bbox 765 2263 2264 2330">
     <span class='ocr_line' id='line_1_37' title="bbox 765 2263 2264 2330; baseline 0.009 -14"><span class='ocrx_word' id='word_1_277' title='bbox 765 2264 855 2318; x_wconf 74' lang='grc'><strong>15.</strong></span> <span class='ocrx_word' id='word_1_278' title='bbox 891 2263 988 2325; x_wconf 86' lang='lat' dir='ltr'><strong>Sat</strong></span> <span class='ocrx_word' id='word_1_279' title='bbox 1005 2266 1120 2320; x_wconf 90' lang='lat' dir='ltr'><strong>scio</strong></span> <span class='ocrx_word' id='word_1_280' title='bbox 1153 2277 1205 2321; x_wconf 89' lang='lat' dir='ltr'><strong>te</strong></span> <span class='ocrx_word' id='word_1_281' title='bbox 1233 2284 1451 2324; x_wconf 91' lang='lat' dir='ltr'><strong>rursum</strong></span> <span class='ocrx_word' id='word_1_282' title='bbox 1472 2272 2010 2328; x_wconf 83' lang='lat' dir='ltr'><strong>contradictionibus</strong></span> <span class='ocrx_word' id='word_1_283' title='bbox 2035 2274 2264 2330; x_wconf 89' lang='lat' dir='ltr'><strong>studen-</strong></span> 
     </span>
    </p>
   </div>
   <div class='ocr_carea' id='block_1_38' title="bbox 693 2355 2276 2434">
    <p class='ocr_par' dir='ltr' id='par_1_38' title="bbox 693 2355 2276 2434">
     <span class='ocr_line' id='line_1_38' title="bbox 693 2355 2276 2434; baseline 0.009 -28"><span class='ocrx_word' id='word_1_284' title='bbox 693 2365 827 2419; x_wconf 87' lang='lat' dir='ltr'><strong>tem,</strong></span> <span class='ocrx_word' id='word_1_285' title='bbox 857 2355 1125 2424; x_wconf 76' lang='lat' dir='ltr'><strong>ingerere,</strong></span> <span class='ocrx_word' id='word_1_286' title='bbox 1157 2368 1211 2412; x_wconf 92' lang='lat' dir='ltr'><strong>et</strong></span> <span class='ocrx_word' id='word_1_287' title='bbox 1238 2365 1519 2430; x_wconf 85' lang='lat' dir='ltr'><strong>quomodo</strong></span> <span class='ocrx_word' id='word_1_288' title='bbox 1559 2365 1950 2434; x_wconf 86' lang='lat' dir='ltr'><strong>proprietatem</strong></span> <span class='ocrx_word' id='word_1_289' title='bbox 1997 2365 2276 2422; x_wconf 77' lang='lat' dir='ltr'><strong>confusio-</strong></span> 
     </span>
    </p>
   </div>
   <div class='ocr_carea' id='block_1_39' title="bbox 695 2450 2280 2528">
    <p class='ocr_par' dir='ltr' id='par_1_39' title="bbox 695 2450 2280 2528">
     <span class='ocr_line' id='line_1_39' title="bbox 695 2450 2280 2528; baseline 0.01 -30"><span class='ocrx_word' id='word_1_290' title='bbox 695 2462 817 2500; x_wconf 90' lang='lat' dir='ltr'><strong>nem</strong></span> <span class='ocrx_word' id='word_1_291' title='bbox 852 2465 960 2503; x_wconf 93' lang='lat' dir='ltr'><strong>non</strong></span> <span class='ocrx_word' id='word_1_292' title='bbox 992 2450 1320 2516; x_wconf 83' lang='lat' dir='ltr'><strong>introdm-et,</strong></span> <span class='ocrx_word' id='word_1_293' title='bbox 1368 2454 1460 2524; x_wconf 90' lang='lat' dir='ltr'><strong>qui</strong></span> <span class='ocrx_word' id='word_1_294' title='bbox 1514 2458 1734 2524; x_wconf 85' lang='lat' dir='ltr'><strong>asserit,</strong></span> <span class='ocrx_word' id='word_1_295' title='bbox 1780 2459 2077 2527; x_wconf 84' lang='lat' dir='ltr'><strong>procedere</strong></span> <span class='ocrx_word' id='word_1_296' title='bbox 2105 2458 2280 2528; x_wconf 85' lang='lat' dir='ltr'><strong>Spiri-</strong></span> 
     </span>
    </p>
   </div>
   <div class='ocr_carea' id='block_1_40' title="bbox 694 2539 2274 2614">
    <p class='ocr_par' dir='ltr' id='par_1_40' title="bbox 694 2539 2274 2614">
     <span class='ocr_line' id='line_1_40' title="bbox 694 2539 2274 2614; baseline 0.007 -25"><span class='ocrx_word' id='word_1_297' title='bbox 694 2548 810 2590; x_wconf 87' lang='lat' dir='ltr'><strong>tum</strong></span> <span class='ocrx_word' id='word_1_298' title='bbox 841 2547 895 2592; x_wconf 91' lang='lat' dir='ltr'><strong>et</strong></span> <span class='ocrx_word' id='word_1_299' title='bbox 917 2554 983 2593; x_wconf 73' lang='lat' dir='ltr'><strong>ex</strong></span> <span class='ocrx_word' id='word_1_300' title='bbox 1007 2539 1185 2595; x_wconf 79' lang='lat' dir='ltr'><strong>Filio?</strong></span> <span class='ocrx_word' id='word_1_301' title='bbox 1210 2541 1322 2610; x_wconf 74' lang='lat' dir='ltr'><strong>Ego</strong></span> <span class='ocrx_word' id='word_1_302' title='bbox 1355 2544 1452 2597; x_wconf 88' lang='lat' dir='ltr'><strong>tibi</strong></span> <span class='ocrx_word' id='word_1_303' title='bbox 1483 2545 1690 2614; x_wconf 90' lang='lat' dir='ltr'><strong>scripto</strong></span> <span class='ocrx_word' id='word_1_304' title='bbox 1722 2546 1938 2601; x_wconf 89' lang='lat' dir='ltr'><strong>traditis</strong></span> <span class='ocrx_word' id='word_1_305' title='bbox 1966 2547 2274 2600; x_wconf 84' lang='lat' dir='ltr'><strong>auctorita-</strong></span> 
     </span>
    </p>
   </div>
   <div class='ocr_carea' id='block_1_41' title="bbox 693 2629 2281 2706">
    <p class='ocr_par' dir='ltr' id='par_1_41' title="bbox 693 2629 2281 2706">
     <span class='ocr_line' id='line_1_41' title="bbox 693 2629 2281 2706; baseline 0.009 -26"><span class='ocrx_word' id='word_1_306' title='bbox 693 2629 861 2695; x_wconf 85' lang='lat' dir='ltr'><strong>tibus,</strong></span> <span class='ocrx_word' id='word_1_307' title='bbox 889 2629 1107 2687; x_wconf 87' lang='lat' dir='ltr'><strong>Triadis</strong></span> <span class='ocrx_word' id='word_1_308' title='bbox 1154 2635 1567 2703; x_wconf 86' lang='lat' dir='ltr'><strong>propriissimas</strong></span> <span class='ocrx_word' id='word_1_309' title='bbox 1611 2639 1974 2706; x_wconf 80' lang='lat' dir='ltr'><strong>proprietates</strong></span> <span class='ocrx_word' id='word_1_310' title='bbox 2005 2638 2108 2692; x_wconf 85' lang='lat' dir='ltr'><strong>tria</strong></span> <span class='ocrx_word' id='word_1_311' title='bbox 2165 2638 2281 2694; x_wconf 69' lang='lat' dir='ltr'><strong>haec</strong></span> 
     </span>
    </p>
   </div>
   <div class='ocr_carea' id='block_1_42' title="bbox 694 2724 2266 2799">
    <p class='ocr_par' dir='ltr' id='par_1_42' title="bbox 694 2724 2266 2799">
     <span class='ocr_line' id='line_1_42' title="bbox 694 2724 2266 2799; baseline 0.008 -27"><span class='ocrx_word' id='word_1_312' title='bbox 694 2724 918 2776; x_wconf 80' lang='lat' dir='ltr'><strong>nomina</strong></span> <span class='ocrx_word' id='word_1_313' title='bbox 961 2739 1107 2788; x_wconf 86' lang='lat' dir='ltr'><strong>esse,</strong></span> <span class='ocrx_word' id='word_1_314' title='bbox 1139 2725 1400 2794; x_wconf 61' lang='lat' dir='ltr'><strong>{Patrem</strong></span> <span class='ocrx_word' id='word_1_315' title='bbox 1453 2727 1680 2794; x_wconf 82' lang='lat' dir='ltr'><strong>Filium,</strong></span> <span class='ocrx_word' id='word_1_316' title='bbox 1710 2739 1765 2784; x_wconf 88' lang='lat' dir='ltr'><strong>et</strong></span> <span class='ocrx_word' id='word_1_317' title='bbox 1810 2728 2074 2799; x_wconf 89' lang='lat' dir='ltr'><strong>Spiritum</strong></span> <span class='ocrx_word' id='word_1_318' title='bbox 2108 2747 2266 2785; x_wconf 84' lang='lat' dir='ltr'><strong>eom-</strong></span> 
     </span>
    </p>
   </div>
   <div class='ocr_carea' id='block_1_43' title="bbox 697 2818 2268 2878">
    <p class='ocr_par' dir='ltr' id='par_1_43' title="bbox 697 2818 2268 2878">
     <span class='ocr_line' id='line_1_43' title="bbox 697 2818 2268 2878; baseline 0.009 -15"><span class='ocrx_word' id='word_1_319' title='bbox 697 2822 1034 2878; x_wconf 87' lang='lat' dir='ltr'><strong>monstraus,</strong></span> <span class='ocrx_word' id='word_1_320' title='bbox 1073 2825 1222 2869; x_wconf 91' lang='lat' dir='ltr'><strong>tuam</strong></span> <span class='ocrx_word' id='word_1_321' title='bbox 1257 2818 1398 2873; x_wconf 79' lang='lat' dir='ltr'><strong>hunc</strong></span> <span class='ocrx_word' id='word_1_322' title='bbox 1417 2819 1910 2875; x_wconf 89' lang='lat' dir='ltr'><strong>contradictionem</strong></span> <span class='ocrx_word' id='word_1_323' title='bbox 1937 2822 2268 2877; x_wconf 67' lang='lat' dir='ltr'><strong>convellam.</strong></span> 
     </span>
    </p>
   </div>
   <div class='ocr_carea' id='block_1_44' title="bbox 690 2898 2280 2980">
    <p class='ocr_par' dir='ltr' id='par_1_44' title="bbox 690 2898 2280 2980">
     <span class='ocr_line' id='line_1_44' title="bbox 690 2898 2280 2980; baseline 0.008 -26"><span class='ocrx_word' id='word_1_324' title='bbox 690 2898 906 2955; x_wconf 75' lang='lat' dir='ltr'><strong>Etenim</strong></span> <span class='ocrx_word' id='word_1_325' title='bbox 920 2905 964 2958; x_wconf 86' lang='lat' dir='ltr'><strong>si</strong></span> <span class='ocrx_word' id='word_1_326' title='bbox 987 2920 1109 2959; x_wconf 81' lang='lat' dir='ltr'><strong>vera</strong></span> <span class='ocrx_word' id='word_1_327' title='bbox 1127 2909 1430 2976; x_wconf 86' lang='lat' dir='ltr'><strong>proprietas</strong></span> <span class='ocrx_word' id='word_1_328' title='bbox 1448 2908 1710 2979; x_wconf 85' lang='lat' dir='ltr'><strong>Spiritus,</strong></span> <span class='ocrx_word' id='word_1_329' title='bbox 1729 2911 1828 2966; x_wconf 92' lang='lat' dir='ltr'><strong>hoc</strong></span> <span class='ocrx_word' id='word_1_330' title='bbox 1852 2911 2028 2980; x_wconf 89' lang='lat' dir='ltr'><strong>ipsum</strong></span> <span class='ocrx_word' id='word_1_331' title='bbox 2048 2921 2153 2977; x_wconf 89' lang='lat' dir='ltr'><strong>est,</strong></span> <span class='ocrx_word' id='word_1_332' title='bbox 2174 2927 2280 2967; x_wconf 93' lang='lat' dir='ltr'><strong>non</strong></span> 
     </span>
    </p>
   </div>
   <div class='ocr_carea' id='block_1_45' title="bbox 692 2996 2269 3072">
    <p class='ocr_par' dir='ltr' id='par_1_45' title="bbox 692 2996 2269 3072">
     <span class='ocr_line' id='line_1_45' title="bbox 692 2996 2269 3072; baseline 0.01 -26"><span class='ocrx_word' id='word_1_333' title='bbox 692 3009 817 3048; x_wconf 88' lang='lat' dir='ltr'><strong>esse</strong></span> <span class='ocrx_word' id='word_1_334' title='bbox 849 3011 974 3051; x_wconf 90' lang='lat' dir='ltr'><strong>eum</strong></span> <span class='ocrx_word' id='word_1_335' title='bbox 1019 2996 1258 3066; x_wconf 88' lang='lat' dir='ltr'><strong>Patrem,</strong></span> <span class='ocrx_word' id='word_1_336' title='bbox 1308 3018 1486 3072; x_wconf 89' lang='lat' dir='ltr'><strong>neque</strong></span> <span class='ocrx_word' id='word_1_337' title='bbox 1513 3002 1734 3066; x_wconf 73' lang='lat' dir='ltr'><strong>Filium,</strong></span> <span class='ocrx_word' id='word_1_338' title='bbox 1765 3007 1856 3059; x_wconf 90' lang='lat' dir='ltr'><strong>sed</strong></span> <span class='ocrx_word' id='word_1_339' title='bbox 1893 3006 2269 3061; x_wconf 82' lang='lat' dir='ltr'><strong>tantummodo</strong></span> 
     </span>
    </p>
   </div>
   <div class='ocr_carea' id='block_1_46' title="bbox 696 3084 2274 3166">
    <p class='ocr_par' dir='ltr' id='par_1_46' title="bbox 696 3084 2274 3166">
     <span class='ocr_line' id='line_1_46' title="bbox 696 3084 2274 3166; baseline 0.01 -30"><span class='ocrx_word' id='word_1_340' title='bbox 696 3084 989 3152; x_wconf 81' lang='lat' dir='ltr'><strong>Spiritum,</strong></span> <span class='ocrx_word' id='word_1_341' title='bbox 1023 3098 1076 3143; x_wconf 87' lang='lat' dir='ltr'><strong>et</strong></span> <span class='ocrx_word' id='word_1_342' title='bbox 1108 3090 1370 3160; x_wconf 89' lang='lat' dir='ltr'><strong>Spiritum</strong></span> <span class='ocrx_word' id='word_1_343' title='bbox 1416 3092 1590 3147; x_wconf 86' lang='lat' dir='ltr'><strong>Patris</strong></span> <span class='ocrx_word' id='word_1_344' title='bbox 1620 3106 1673 3149; x_wconf 89' lang='lat' dir='ltr'><strong>et</strong></span> <span class='ocrx_word' id='word_1_345' title='bbox 1714 3094 1859 3160; x_wconf 83' lang='lat' dir='ltr'><strong>Filii,</strong></span> <span class='ocrx_word' id='word_1_346' title='bbox 1890 3097 2096 3166; x_wconf 88' lang='lat' dir='ltr'><strong>poteris</strong></span> <span class='ocrx_word' id='word_1_347' title='bbox 2145 3096 2274 3151; x_wconf 88' lang='lat' dir='ltr'><strong>hinc</strong></span> 
     </span>
    </p>
   </div>
   <div class='ocr_carea' id='block_1_47' title="bbox 2469 2273 3982 2359">
    <p class='ocr_par' dir='ltr' id='par_1_47' title="bbox 2469 2273 3982 2359">
     <span class='ocr_line' id='line_1_47' title="bbox 2469 2273 3982 2359; baseline 0.001 -30"><span class='ocrx_word' id='word_1_348' title='bbox 2469 2283 2554 2332; x_wconf 84' lang='grc' dir='ltr'>ιε’.</span> <span class='ocrx_word' id='word_1_349' title='bbox 2581 2273 2711 2331; x_wconf 74' lang='grc' dir='ltr'>Οἶδα</span> <span class='ocrx_word' id='word_1_350' title='bbox 2744 2277 2827 2331; x_wconf 79' lang='grc' dir='ltr'>ὅτι</span> <span class='ocrx_word' id='word_1_351' title='bbox 2848 2277 3013 2332; x_wconf 79' lang='grc' dir='ltr'>πάλιν</span> <span class='ocrx_word' id='word_1_352' title='bbox 3046 2276 3371 2359; x_wconf 57' lang='grc' dir='ltr'>βουλόμενος</span> <span class='ocrx_word' id='word_1_353' title='bbox 3397 2277 3701 2344; x_wconf 73' lang='grc' dir='ltr'>ἀντιλέγειν</span> <span class='ocrx_word' id='word_1_354' title='bbox 3736 2294 3850 2344; x_wconf 88' lang='grc' dir='ltr'>μοι,</span> <span class='ocrx_word' id='word_1_355' title='bbox 3887 2277 3982 2331; x_wconf 56' lang='grc' dir='ltr'><strong>καλ</strong></span> 
     </span>
    </p>
   </div>
   <div class='ocr_carea' id='block_1_48' title="bbox 2401 2368 3983 2439">
    <p class='ocr_par' dir='ltr' id='par_1_48' title="bbox 2401 2368 3983 2439">
     <span class='ocr_line' id='line_1_48' title="bbox 2401 2368 3983 2439; baseline 0 -18"><span class='ocrx_word' id='word_1_356' title='bbox 2401 2369 2542 2435; x_wconf 66' lang='grc' dir='ltr'>πῶς»</span> <span class='ocrx_word' id='word_1_357' title='bbox 2575 2373 2791 2439; x_wconf 72' lang='grc' dir='ltr'>φήσεις,</span> <span class='ocrx_word' id='word_1_358' title='bbox 2826 2371 2885 2422; x_wconf 83' lang='grc' dir='ltr'><strong>ού</strong></span> <span class='ocrx_word' id='word_1_359' title='bbox 2923 2370 3183 2439; x_wconf 80' lang='grc' dir='ltr'>σύγχυσις</span> <span class='ocrx_word' id='word_1_360' title='bbox 3221 2370 3329 2424; x_wconf 86' lang='grc' dir='ltr'><strong>τῶν</strong></span> <span class='ocrx_word' id='word_1_361' title='bbox 3364 2370 3641 2439; x_wconf 77' lang='grc' dir='ltr'>ίδιοτήτων</span> <span class='ocrx_word' id='word_1_362' title='bbox 3701 2368 3857 2421; x_wconf 80' lang='grc' dir='ltr'>ἐσται</span> <span class='ocrx_word' id='word_1_363' title='bbox 3923 2369 3983 2421; x_wconf 60' lang='grc' dir='ltr'><strong>τὺ</strong></span> 
     </span>
    </p>
   </div>
   <div class='ocr_carea' id='block_1_49' title="bbox 2389 2459 3981 2532">
    <p class='ocr_par' dir='ltr' id='par_1_49' title="bbox 2389 2459 3981 2532">
     <span class='ocr_line' id='line_1_49' title="bbox 2389 2459 3981 2532; baseline 0.001 -19"><span class='ocrx_word' id='word_1_364' title='bbox 2389 2461 2569 2528; x_wconf 86' lang='grc' dir='ltr'>λέγειν</span> <span class='ocrx_word' id='word_1_365' title='bbox 2609 2461 3009 2532; x_wconf 76' lang='grc' dir='ltr'>ἐκπορεύεσθαι</span> <span class='ocrx_word' id='word_1_366' title='bbox 3056 2463 3118 2515; x_wconf 76' lang='grc' dir='ltr'>τὸ</span> <span class='ocrx_word' id='word_1_367' title='bbox 3161 2461 3387 2531; x_wconf 81' lang='grc' dir='ltr'>Πνεῦμα</span> <span class='ocrx_word' id='word_1_368' title='bbox 3414 2463 3510 2515; x_wconf 78' lang='grc' dir='ltr'>καὶ</span> <span class='ocrx_word' id='word_1_369' title='bbox 3540 2463 3604 2515; x_wconf 68' lang='grc' dir='ltr'>ἐκ</span> <span class='ocrx_word' id='word_1_370' title='bbox 3650 2459 3749 2515; x_wconf 83' lang='grc' dir='ltr'><strong>τοῦ</strong></span> <span class='ocrx_word' id='word_1_371' title='bbox 3805 2459 3981 2525; x_wconf 77' lang='grc' dir='ltr'>Υἱοῦς</span> 
     </span>
    </p>
   </div>
   <div class='ocr_carea' id='block_1_50' title="bbox 2403 2536 3985 2624">
    <p class='ocr_par' dir='ltr' id='par_1_50' title="bbox 2403 2536 3985 2624">
     <span class='ocr_line' id='line_1_50' title="bbox 2403 2536 3985 2624; baseline 0.001 -20"><span class='ocrx_word' id='word_1_372' title='bbox 2403 2551 2547 2620; x_wconf 81' lang='grc' dir='ltr'><strong>Ἐγὼ</strong></span> <span class='ocrx_word' id='word_1_373' title='bbox 2581 2553 2637 2605; x_wconf 88' lang='grc' dir='ltr'><strong>δέ</strong></span> <span class='ocrx_word' id='word_1_374' title='bbox 2674 2569 2757 2606; x_wconf 92' lang='grc' dir='ltr'><strong>σοι</strong></span> <span class='ocrx_word' id='word_1_375' title='bbox 2781 2553 2869 2607; x_wconf 73' lang='grc' dir='ltr'><strong>διὰ</strong></span> <span class='ocrx_word' id='word_1_376' title='bbox 2897 2536 3191 2624; x_wconf 67' lang='grc' dir='ltr'>γραφικῶν</span> <span class='ocrx_word' id='word_1_377' title='bbox 3237 2556 3599 2622; x_wconf 76' lang='grc' dir='ltr'>παραστήσας</span> <span class='ocrx_word' id='word_1_378' title='bbox 3658 2551 3985 2623; x_wconf 84' lang='grc' dir='ltr'>μαρτυριῶν</span> 
     </span>
    </p>
   </div>
   <div class='ocr_carea' id='block_1_51' title="bbox 2389 2631 3982 2716">
    <p class='ocr_par' dir='ltr' id='par_1_51' title="bbox 2389 2631 3982 2716">
     <span class='ocr_line' id='line_1_51' title="bbox 2389 2631 3982 2716; baseline 0 -20"><span class='ocrx_word' id='word_1_379' title='bbox 2389 2643 2467 2706; x_wconf 84' lang='grc' dir='ltr'><strong>ὡς</strong></span> <span class='ocrx_word' id='word_1_380' title='bbox 2497 2644 2553 2696; x_wconf 82' lang='grc' dir='ltr'><strong>αι</strong></span> <span class='ocrx_word' id='word_1_381' title='bbox 2584 2644 2684 2712; x_wconf 86' lang='grc' dir='ltr'>τῆς</span> <span class='ocrx_word' id='word_1_382' title='bbox 2714 2645 2947 2713; x_wconf 83' lang='grc' dir='ltr'>Τριάδος</span> <span class='ocrx_word' id='word_1_383' title='bbox 2976 2644 3185 2716; x_wconf 86' lang='grc' dir='ltr'>κυρίως</span> <span class='ocrx_word' id='word_1_384' title='bbox 3233 2647 3498 2714; x_wconf 72' lang='grc' dir='ltr'>ἰδιότητες</span> <span class='ocrx_word' id='word_1_385' title='bbox 3519 2631 3586 2698; x_wconf 81' lang='grc' dir='ltr'><strong>τά</strong></span> <span class='ocrx_word' id='word_1_386' title='bbox 3619 2643 3748 2714; x_wconf 88' lang='grc' dir='ltr'>τρία</span> <span class='ocrx_word' id='word_1_387' title='bbox 3803 2644 3982 2698; x_wconf 86' lang='grc' dir='ltr'>ταῦτα</span> 
     </span>
    </p>
   </div>
   <div class='ocr_carea' id='block_1_52' title="bbox 2386 2733 3983 2806">
    <p class='ocr_par' dir='ltr' id='par_1_52' title="bbox 2386 2733 3983 2806">
     <span class='ocr_line' id='line_1_52' title="bbox 2386 2733 3983 2806; baseline -0.001 -19"><span class='ocrx_word' id='word_1_388' title='bbox 2386 2735 2797 2804; x_wconf 85' lang='grc' dir='ltr'>ὀνόματά·είσι,</span> <span class='ocrx_word' id='word_1_389' title='bbox 2829 2735 2888 2792; x_wconf 74' lang='grc' dir='ltr'><strong>τὸ</strong></span> <span class='ocrx_word' id='word_1_390' title='bbox 2921 2735 3132 2806; x_wconf 77' lang='grc' dir='ltr'>Πατὴρ,</span> <span class='ocrx_word' id='word_1_391' title='bbox 3168 2734 3298 2798; x_wconf 80' lang='grc' dir='ltr'>Υίός</span> <span class='ocrx_word' id='word_1_392' title='bbox 3320 2751 3400 2797; x_wconf 84' lang='grc' dir='ltr'><strong>τε,</strong></span> <span class='ocrx_word' id='word_1_393' title='bbox 3438 2737 3533 2787; x_wconf 73' lang='grc' dir='ltr'>καὶ</span> <span class='ocrx_word' id='word_1_394' title='bbox 3588 2733 3841 2803; x_wconf 86' lang='grc' dir='ltr'>Πνεῦμα,</span> <span class='ocrx_word' id='word_1_395' title='bbox 3879 2733 3983 2803; x_wconf 78' lang='grc' dir='ltr'>τὴν</span> 
     </span>
    </p>
   </div>
   <div class='ocr_carea' id='block_1_53' title="bbox 2391 2826 3954 2899">
    <p class='ocr_par' dir='ltr' id='par_1_53' title="bbox 2391 2826 3954 2899">
     <span class='ocr_line' id='line_1_53' title="bbox 2391 2826 3954 2899; baseline -0.001 -19"><span class='ocrx_word' id='word_1_396' title='bbox 2391 2826 2492 2897; x_wconf 79' lang='grc' dir='ltr'>σὴν</span> <span class='ocrx_word' id='word_1_397' title='bbox 2521 2827 2729 2899; x_wconf 86' lang='grc' dir='ltr'>ταύτην</span> <span class='ocrx_word' id='word_1_398' title='bbox 2755 2829 3082 2899; x_wconf 76' lang='grc' dir='ltr'>ἀντίρρησιν</span> <span class='ocrx_word' id='word_1_399' title='bbox 3114 2828 3526 2896; x_wconf 78' lang='grc' dir='ltr'>ἀποτρέψομαιο</span> <span class='ocrx_word' id='word_1_400' title='bbox 3554 2830 3604 2880; x_wconf 84' lang='grc' dir='ltr'><strong>εί</strong></span> <span class='ocrx_word' id='word_1_401' title='bbox 3635 2830 3743 2898; x_wconf 79' lang='grc' dir='ltr'><strong>γὰρ</strong></span> <span class='ocrx_word' id='word_1_402' title='bbox 3782 2828 3817 2896; x_wconf 75' lang='grc' dir='ltr'><strong>ἡ</strong></span> <span class='ocrx_word' id='word_1_403' title='bbox 3883 2843 3954 2879; x_wconf 73' lang='lat' dir='ltr'><strong>xu</strong></span> 
     </span>
    </p>
   </div>
   <div class='ocr_carea' id='block_1_54' title="bbox 2391 2917 3981 2989">
    <p class='ocr_par' dir='ltr' id='par_1_54' title="bbox 2391 2917 3981 2989">
     <span class='ocr_line' id='line_1_54' title="bbox 2391 2917 3981 2989; baseline 0 -19"><span class='ocrx_word' id='word_1_404' title='bbox 2391 2917 2522 2988; x_wconf 89' lang='grc' dir='ltr'>ρίως</span> <span class='ocrx_word' id='word_1_405' title='bbox 2555 2918 2755 2988; x_wconf 74' lang='grc' dir='ltr'>ἰδιότης</span> <span class='ocrx_word' id='word_1_406' title='bbox 2781 2919 2876 2972; x_wconf 81' lang='grc' dir='ltr'><strong>τοῦ</strong></span> <span class='ocrx_word' id='word_1_407' title='bbox 2933 2918 3251 2989; x_wconf 87' lang='grc' dir='ltr'>Πνεύματος</span> <span class='ocrx_word' id='word_1_408' title='bbox 3306 2920 3442 2973; x_wconf 80' lang='grc' dir='ltr'>αὐτὸ</span> <span class='ocrx_word' id='word_1_409' title='bbox 3485 2917 3653 2972; x_wconf 85' lang='grc' dir='ltr'>τοῦτό</span> <span class='ocrx_word' id='word_1_410' title='bbox 3709 2922 3851 2980; x_wconf 74' lang='grc' dir='ltr'>ἐστι,</span> <span class='ocrx_word' id='word_1_411' title='bbox 3916 2918 3981 2970; x_wconf 81' lang='grc' dir='ltr'><strong>τδ</strong></span> 
     </span>
    </p>
   </div>
   <div class='ocr_carea' id='block_1_55' title="bbox 2392 3008 3982 3081">
    <p class='ocr_par' dir='ltr' id='par_1_55' title="bbox 2392 3008 3982 3081">
     <span class='ocr_line' id='line_1_55' title="bbox 2392 3008 3982 3081; baseline 0.001 -19"><span class='ocrx_word' id='word_1_412' title='bbox 2392 3012 2533 3081; x_wconf 83' lang='grc' dir='ltr'>μήτε</span> <span class='ocrx_word' id='word_1_413' title='bbox 2569 3010 2793 3078; x_wconf 75' lang='grc' dir='ltr'>Πατέρα</span> <span class='ocrx_word' id='word_1_414' title='bbox 2831 3008 2974 3064; x_wconf 79' lang='grc' dir='ltr'>εἶναι</span> <span class='ocrx_word' id='word_1_415' title='bbox 3019 3011 3176 3075; x_wconf 78' lang='grc' dir='ltr'>αὐτὸ,</span> <span class='ocrx_word' id='word_1_416' title='bbox 3227 3013 3365 3081; x_wconf 73' lang='grc' dir='ltr'>μήτε</span> <span class='ocrx_word' id='word_1_417' title='bbox 3426 3010 3578 3071; x_wconf 80' lang='grc' dir='ltr'>Υίδν,</span> <span class='ocrx_word' id='word_1_418' title='bbox 3625 3010 3764 3063; x_wconf 80' lang='grc' dir='ltr'>ἀλλὰ</span> <span class='ocrx_word' id='word_1_419' title='bbox 3817 3009 3982 3078; x_wconf 87' lang='grc' dir='ltr'>μόνον</span> 
     </span>
    </p>
   </div>
   <div class='ocr_carea' id='block_1_56' title="bbox 2390 3099 3977 3172">
    <p class='ocr_par' dir='ltr' id='par_1_56' title="bbox 2390 3099 3977 3172">
     <span class='ocr_line' id='line_1_56' title="bbox 2390 3099 3977 3172; baseline -0.001 -17"><span class='ocrx_word' id='word_1_420' title='bbox 2390 3101 2642 3171; x_wconf 82' lang='grc' dir='ltr'>Πνεῦμα,</span> <span class='ocrx_word' id='word_1_421' title='bbox 2672 3102 2768 3154; x_wconf 77' lang='grc' dir='ltr'>καὶ</span> <span class='ocrx_word' id='word_1_422' title='bbox 2806 3102 3038 3172; x_wconf 84' lang='grc' dir='ltr'>Πνεῦμα</span> <span class='ocrx_word' id='word_1_423' title='bbox 3064 3103 3279 3172; x_wconf 78' lang='grc' dir='ltr'>Πατρὸς</span> <span class='ocrx_word' id='word_1_424' title='bbox 3310 3102 3402 3156; x_wconf 77' lang='grc' dir='ltr'>καὶ</span> <span class='ocrx_word' id='word_1_425' title='bbox 3440 3101 3595 3164; x_wconf 86' lang='grc' dir='ltr'>Υἱοῦ,</span> <span class='ocrx_word' id='word_1_426' title='bbox 3621 3102 3766 3170; x_wconf 75' lang='grc' dir='ltr'>ἔχεις</span> <span class='ocrx_word' id='word_1_427' title='bbox 3790 3099 3977 3155; x_wconf 75' lang='grc' dir='ltr'>ἐντεῦ-</span> 
     </span>
    </p>
   </div>
   <div class='ocr_carea' id='block_1_57' title="bbox 695 3180 2277 3264">
    <p class='ocr_par' dir='ltr' id='par_1_57' title="bbox 695 3180 2277 3256">
     <span class='ocr_line' id='line_1_57' title="bbox 695 3180 2277 3256; baseline 0.008 -27"><span class='ocrx_word' id='word_1_428' title='bbox 695 3191 951 3235; x_wconf 72' lang='lat' dir='ltr'><strong>accurate</strong></span> <span class='ocrx_word' id='word_1_429' title='bbox 984 3180 1329 3251; x_wconf 75' lang='lat' dir='ltr'><strong>dignoscere,</strong></span> <span class='ocrx_word' id='word_1_430' title='bbox 1375 3199 1439 3240; x_wconf 88' lang='lat' dir='ltr'><strong>ea</strong></span> <span class='ocrx_word' id='word_1_431' title='bbox 1487 3187 1701 3240; x_wconf 89' lang='lat' dir='ltr'><strong>ratione</strong></span> <span class='ocrx_word' id='word_1_432' title='bbox 1741 3203 1850 3256; x_wconf 88' lang='lat' dir='ltr'><strong>qua</strong></span> <span class='ocrx_word' id='word_1_433' title='bbox 1897 3187 2133 3256; x_wconf 86' lang='lat' dir='ltr'><strong>Spiritus</strong></span> <span class='ocrx_word' id='word_1_434' title='bbox 2166 3187 2277 3242; x_wconf 83' lang='lat' dir='ltr'><strong>Pa-</strong></span> 
     </span>
    </p>
   </div>
   <div class='ocr_carea' id='block_1_58' title="bbox 2383 3180 3980 3264">
    <p class='ocr_par' dir='ltr' id='par_1_58' title="bbox 2393 3191 3980 3264">
     <span class='ocr_line' id='line_1_58' title="bbox 2393 3191 3980 3264; baseline -0.002 -19"><span class='ocrx_word' id='word_1_435' title='bbox 2393 3193 2486 3246; x_wconf 87' lang='grc' dir='ltr'><strong>θεν</strong></span> <span class='ocrx_word' id='word_1_436' title='bbox 2519 3192 2767 3262; x_wconf 76' lang='grc' dir='ltr'>ἀκριϐῶς</span> <span class='ocrx_word' id='word_1_437' title='bbox 2793 3192 3088 3259; x_wconf 84' lang='grc' dir='ltr'>διαγνῶναι</span> <span class='ocrx_word' id='word_1_438' title='bbox 3123 3194 3227 3260; x_wconf 78' lang='grc' dir='ltr'>ὅτι,</span> <span class='ocrx_word' id='word_1_439' title='bbox 3253 3192 3445 3264; x_wconf 87' lang='grc' dir='ltr'>ῶσπερ</span> <span class='ocrx_word' id='word_1_440' title='bbox 3479 3191 3707 3261; x_wconf 83' lang='grc' dir='ltr'>Πνεῦμα</span> <span class='ocrx_word' id='word_1_441' title='bbox 3737 3191 3980 3262; x_wconf 81' lang='grc' dir='ltr'>Πατρδς,</span> 
     </span>
    </p>
   </div>
   <div class='ocr_carea' id='block_1_59' title="bbox 696 3270 2287 3348">
    <p class='ocr_par' dir='ltr' id='par_1_59' title="bbox 696 3270 2287 3348">
     <span class='ocr_line' id='line_1_59' title="bbox 696 3270 2287 3348; baseline 0.009 -27"><span class='ocrx_word' id='word_1_442' title='bbox 696 3270 818 3333; x_wconf 88' lang='lat' dir='ltr'><strong>tris,</strong></span> <span class='ocrx_word' id='word_1_443' title='bbox 855 3279 909 3325; x_wconf 89' lang='lat' dir='ltr'><strong>et</strong></span> <span class='ocrx_word' id='word_1_444' title='bbox 944 3273 1184 3342; x_wconf 88' lang='lat' dir='ltr'><strong>Spiritus</strong></span> <span class='ocrx_word' id='word_1_445' title='bbox 1231 3273 1353 3329; x_wconf 84' lang='lat' dir='ltr'><strong>Filii</strong></span> <span class='ocrx_word' id='word_1_446' title='bbox 1405 3284 1629 3332; x_wconf 82' lang='lat' dir='ltr'><strong>sanctus</strong></span> <span class='ocrx_word' id='word_1_447' title='bbox 1677 3278 1918 3348; x_wconf 88' lang='lat' dir='ltr'><strong>Spiritus</strong></span> <span class='ocrx_word' id='word_1_448' title='bbox 1956 3280 2185 3344; x_wconf 88' lang='lat' dir='ltr'><strong>dicitur,</strong></span> <span class='ocrx_word' id='word_1_449' title='bbox 2229 3289 2287 3335; x_wconf 91' lang='lat' dir='ltr'><strong>et</strong></span> 
     </span>
    </p>
   </div>
   <div class='ocr_carea' id='block_1_60' title="bbox 696 3361 2287 3436">
    <p class='ocr_par' dir='ltr' id='par_1_60' title="bbox 696 3361 2287 3436">
     <span class='ocr_line' id='line_1_60' title="bbox 696 3361 2287 3436; baseline 0.009 -23"><span class='ocrx_word' id='word_1_450' title='bbox 696 3361 1068 3432; x_wconf 75' lang='lat' dir='ltr'><strong>hypostaseon</strong></span> <span class='ocrx_word' id='word_1_451' title='bbox 1092 3366 1458 3434; x_wconf 88' lang='lat' dir='ltr'><strong>proprietates</strong></span> <span class='ocrx_word' id='word_1_452' title='bbox 1489 3382 1599 3422; x_wconf 93' lang='lat' dir='ltr'><strong>non</strong></span> <span class='ocrx_word' id='word_1_453' title='bbox 1625 3368 2066 3436; x_wconf 81' lang='lat' dir='ltr'><strong>confunduntur,</strong></span> <span class='ocrx_word' id='word_1_454' title='bbox 2094 3373 2287 3427; x_wconf 84' lang='lat' dir='ltr'><strong>eadem</strong></span> 
     </span>
    </p>
   </div>
   <div class='ocr_carea' id='block_1_61' title="bbox 696 3455 2289 3534">
    <p class='ocr_par' dir='ltr' id='par_1_61' title="bbox 696 3455 2289 3534">
     <span class='ocr_line' id='line_1_61' title="bbox 696 3455 2289 3534; baseline 0.007 -26"><span class='ocrx_word' id='word_1_455' title='bbox 696 3469 822 3532; x_wconf 86' lang='lat' dir='ltr'><strong>cum</strong></span> <span class='ocrx_word' id='word_1_456' title='bbox 857 3468 888 3508; x_wconf 94' lang='lat' dir='ltr'><strong>a</strong></span> <span class='ocrx_word' id='word_1_457' title='bbox 921 3455 1080 3510; x_wconf 86' lang='lat' dir='ltr'><strong>nobis</strong></span> <span class='ocrx_word' id='word_1_458' title='bbox 1105 3471 1180 3534; x_wconf 8' lang='lat' dir='ltr'><strong>ex,</strong></span> <span class='ocrx_word' id='word_1_459' title='bbox 1223 3458 1387 3511; x_wconf 87' lang='lat' dir='ltr'><strong>Patre</strong></span> <span class='ocrx_word' id='word_1_460' title='bbox 1428 3460 1725 3528; x_wconf 88' lang='lat' dir='ltr'><strong>procedere</strong></span> <span class='ocrx_word' id='word_1_461' title='bbox 1759 3462 1984 3528; x_wconf 88' lang='lat' dir='ltr'><strong>dicitur,</strong></span> <span class='ocrx_word' id='word_1_462' title='bbox 2019 3473 2072 3532; x_wconf 82' lang='lat' dir='ltr'><strong>et</strong></span> <span class='ocrx_word' id='word_1_463' title='bbox 2113 3479 2144 3519; x_wconf 89' lang='lat' dir='ltr'><strong>a</strong></span> <span class='ocrx_word' id='word_1_464' title='bbox 2180 3465 2289 3519; x_wconf 76' lang='lat' dir='ltr'><strong>Ro-</strong></span> 
     </span>
    </p>
   </div>
   <div class='ocr_carea' id='block_1_62' title="bbox 696 3550 2278 3626">
    <p class='ocr_par' dir='ltr' id='par_1_62' title="bbox 696 3550 2278 3626">
     <span class='ocr_line' id='line_1_62' title="bbox 696 3550 2278 3626; baseline 0.007 -25"><span class='ocrx_word' id='word_1_465' title='bbox 696 3550 886 3605; x_wconf 80' lang='lat' dir='ltr'><strong>manis</strong></span> <span class='ocrx_word' id='word_1_466' title='bbox 902 3565 968 3603; x_wconf 80' lang='lat' dir='ltr'><strong>ex</strong></span> <span class='ocrx_word' id='word_1_467' title='bbox 997 3551 1158 3605; x_wconf 87' lang='lat' dir='ltr'><strong>Patre</strong></span> <span class='ocrx_word' id='word_1_468' title='bbox 1186 3561 1242 3607; x_wconf 82' lang='lat' dir='ltr'><strong>et</strong></span> <span class='ocrx_word' id='word_1_469' title='bbox 1273 3551 1435 3616; x_wconf 85' lang='lat' dir='ltr'><strong>Filio,</strong></span> <span class='ocrx_word' id='word_1_470' title='bbox 1481 3553 1837 3610; x_wconf 79' lang='lat' dir='ltr'><strong>inconfusutn</strong></span> <span class='ocrx_word' id='word_1_471' title='bbox 1879 3557 2278 3626; x_wconf 84' lang='lat' dir='ltr'><strong>proprietatum</strong></span> 
     </span>
    </p>
   </div>
   <div class='ocr_carea' id='block_1_63' title="bbox 696 3644 2283 3720">
    <p class='ocr_par' dir='ltr' id='par_1_63' title="bbox 696 3644 2283 3720">
     <span class='ocr_line' id='line_1_63' title="bbox 696 3644 2283 3720; baseline 0.008 -25"><span class='ocrx_word' id='word_1_472' title='bbox 696 3645 1036 3699; x_wconf 70' lang='lat' dir='ltr'><strong>censen-ari.</strong></span> <span class='ocrx_word' id='word_1_473' title='bbox 1073 3644 1142 3696; x_wconf 82' lang='lat' dir='ltr'><strong>At</strong></span> <span class='ocrx_word' id='word_1_474' title='bbox 1187 3660 1440 3714; x_wconf 70' lang='lat' dir='ltr'><strong>quaenam</strong></span> <span class='ocrx_word' id='word_1_475' title='bbox 1491 3655 1621 3700; x_wconf 90' lang='lat' dir='ltr'><strong>sunt</strong></span> <span class='ocrx_word' id='word_1_476' title='bbox 1665 3647 1898 3717; x_wconf 85' lang='lat' dir='ltr'><strong>hujusce</strong></span> <span class='ocrx_word' id='word_1_477' title='bbox 1929 3650 2283 3720; x_wconf 79' lang='lat' dir='ltr'><strong>preprietatis</strong></span> 
     </span>
    </p>
   </div>
   <div class='ocr_carea' id='block_1_64' title="bbox 694 3735 2285 3806">
    <p class='ocr_par' dir='ltr' id='par_1_64' title="bbox 694 3735 2285 3806">
     <span class='ocr_line' id='line_1_64' title="bbox 694 3735 2285 3806; baseline 0.003 -14"><span class='ocrx_word' id='word_1_478' title='bbox 694 3736 905 3804; x_wconf 78' lang='lat' dir='ltr'><strong>scripta</strong></span> <span class='ocrx_word' id='word_1_479' title='bbox 952 3735 1321 3797; x_wconf 62' lang='lat' dir='ltr'><strong>testimonia?</strong></span> <span class='ocrx_word' id='word_1_480' title='bbox 1367 3735 1678 3806; x_wconf 85' lang='lat' dir='ltr'><strong>Nyssenus,</strong></span> <span class='ocrx_word' id='word_1_481' title='bbox 1714 3739 1956 3794; x_wconf 88' lang='lat' dir='ltr'><strong>secunda</strong></span> <span class='ocrx_word' id='word_1_482' title='bbox 2021 3743 2285 3796; x_wconf 87' lang='lat' dir='ltr'><strong>adversus</strong></span> 
     </span>
    </p>
   </div>
   <div class='ocr_carea' id='block_1_65' title="bbox 698 3824 2285 3899">
    <p class='ocr_par' dir='ltr' id='par_1_65' title="bbox 698 3824 2285 3899">
     <span class='ocr_line' id='line_1_65' title="bbox 698 3824 2285 3899; baseline 0.004 -19"><span class='ocrx_word' id='word_1_483' title='bbox 698 3827 1029 3880; x_wconf 80' lang='lat' dir='ltr'><strong>Eunomium</strong></span> <span class='ocrx_word' id='word_1_484' title='bbox 1061 3825 1310 3880; x_wconf 89' lang='lat' dir='ltr'><strong>oratione</strong></span> <span class='ocrx_word' id='word_1_485' title='bbox 1339 3842 1354 3880; x_wconf 90' lang='lat'><strong>:</strong></span> <span class='ocrx_word' id='word_1_486' title='bbox 1382 3844 1400 3878; x_wconf 78' lang='grc' dir='ltr'><strong>ι</strong></span> <span class='ocrx_word' id='word_1_487' title='bbox 1432 3824 1837 3897; x_wconf 84' lang='lat' dir='ltr'><strong>Hypostascon,</strong></span> <span class='ocrx_word' id='word_1_488' title='bbox 1861 3829 1960 3894; x_wconf 84' lang='lat' dir='ltr'><strong>ait,</strong></span> <span class='ocrx_word' id='word_1_489' title='bbox 1978 3832 2285 3899; x_wconf 86' lang='lat' dir='ltr'><strong>proprietas</strong></span> 
     </span>
    </p>
   </div>
   <div class='ocr_carea' id='block_1_66' title="bbox 697 3917 2286 3988">
    <p class='ocr_par' dir='ltr' id='par_1_66' title="bbox 697 3917 2286 3988">
     <span class='ocr_line' id='line_1_66' title="bbox 697 3917 2286 3988; baseline 0.004 -16"><span class='ocrx_word' id='word_1_490' title='bbox 697 3929 946 3987; x_wconf 80' lang='lat' dir='ltr'><strong>apertam</strong></span> <span class='ocrx_word' id='word_1_491' title='bbox 981 3928 1035 3972; x_wconf 88' lang='lat' dir='ltr'><strong>et</strong></span> <span class='ocrx_word' id='word_1_492' title='bbox 1082 3917 1429 3972; x_wconf 76' lang='lat' dir='ltr'><strong>inconfusam</strong></span> <span class='ocrx_word' id='word_1_493' title='bbox 1475 3918 1642 3972; x_wconf 80' lang='lat' dir='ltr'><strong>emcit</strong></span> <span class='ocrx_word' id='word_1_494' title='bbox 1675 3935 2040 3988; x_wconf 87' lang='lat' dir='ltr'><strong>personarum</strong></span> <span class='ocrx_word' id='word_1_495' title='bbox 2086 3922 2286 3978; x_wconf 87' lang='lat' dir='ltr'><strong>distiu-</strong></span> 
     </span>
    </p>
   </div>
   <div class='ocr_carea' id='block_1_67' title="bbox 696 4008 2286 4082">
    <p class='ocr_par' dir='ltr' id='par_1_67' title="bbox 696 4008 2286 4082">
     <span class='ocr_line' id='line_1_67' title="bbox 696 4008 2286 4082; baseline 0.002 -17"><span class='ocrx_word' id='word_1_496' title='bbox 696 4013 962 4075; x_wconf 75' lang='lat' dir='ltr'><strong>Ctionem,</strong></span> <span class='ocrx_word' id='word_1_497' title='bbox 996 4009 1198 4075; x_wconf 88' lang='lat' dir='ltr'><strong>Patris,</strong></span> <span class='ocrx_word' id='word_1_498' title='bbox 1243 4010 1492 4079; x_wconf 82' lang='lat' dir='ltr'><strong>inquam,</strong></span> <span class='ocrx_word' id='word_1_499' title='bbox 1528 4019 1581 4064; x_wconf 91' lang='lat' dir='ltr'><strong>et</strong></span> <span class='ocrx_word' id='word_1_500' title='bbox 1611 4008 1756 4076; x_wconf 82' lang='lat' dir='ltr'><strong>Filii,</strong></span> <span class='ocrx_word' id='word_1_501' title='bbox 1791 4021 1845 4066; x_wconf 90' lang='lat' dir='ltr'><strong>et</strong></span> <span class='ocrx_word' id='word_1_502' title='bbox 1889 4011 2130 4082; x_wconf 86' lang='lat' dir='ltr'><strong>Spiritus</strong></span> <span class='ocrx_word' id='word_1_503' title='bbox 2159 4029 2286 4068; x_wconf 85' lang='lat' dir='ltr'><strong>san-</strong></span> 
     </span>
    </p>
   </div>
   <div class='ocr_carea' id='block_1_68' title="bbox 696 4103 2280 4172">
    <p class='ocr_par' dir='ltr' id='par_1_68' title="bbox 696 4103 2280 4172">
     <span class='ocr_line' id='line_1_68' title="bbox 696 4103 2280 4172; baseline 0.002 -14"><span class='ocrx_word' id='word_1_504' title='bbox 696 4106 769 4159; x_wconf 88' lang='lat' dir='ltr'><strong>cti</strong></span> <span class='ocrx_word' id='word_1_505' title='bbox 818 4123 831 4159; x_wconf 83' lang='lat'>;</span> <span class='ocrx_word' id='word_1_506' title='bbox 887 4105 974 4159; x_wconf 87' lang='lat' dir='ltr'><strong>his</strong></span> <span class='ocrx_word' id='word_1_507' title='bbox 1011 4104 1158 4158; x_wconf 78' lang='lat' dir='ltr'><strong>enim</strong></span> <span class='ocrx_word' id='word_1_508' title='bbox 1220 4103 1740 4172; x_wconf 80' lang='lat' dir='ltr'><strong>compellationibus</strong></span> <span class='ocrx_word' id='word_1_509' title='bbox 1793 4119 1903 4159; x_wconf 95' lang='lat' dir='ltr'><strong>non</strong></span> <span class='ocrx_word' id='word_1_510' title='bbox 1961 4114 2280 4161; x_wconf 85' lang='lat' dir='ltr'><strong>naturarum</strong></span> 
     </span>
    </p>
   </div>
   <div class='ocr_carea' id='block_1_69' title="bbox 697 4194 2284 4266">
    <p class='ocr_par' dir='ltr' id='par_1_69' title="bbox 697 4194 2284 4266">
     <span class='ocr_line' id='line_1_69' title="bbox 697 4194 2284 4266; baseline -0.001 -15"><span class='ocrx_word' id='word_1_511' title='bbox 697 4196 997 4252; x_wconf 85' lang='lat' dir='ltr'><strong>discrimen</strong></span> <span class='ocrx_word' id='word_1_512' title='bbox 1074 4194 1418 4260; x_wconf 80' lang='lat' dir='ltr'><strong>edocemur,</strong></span> <span class='ocrx_word' id='word_1_513' title='bbox 1505 4195 1602 4250; x_wconf 88' lang='lat' dir='ltr'><strong>sed</strong></span> <span class='ocrx_word' id='word_1_514' title='bbox 1689 4195 1839 4250; x_wconf 89' lang='lat' dir='ltr'><strong>solas</strong></span> <span class='ocrx_word' id='word_1_515' title='bbox 1915 4194 2284 4266; x_wconf 87' lang='lat' dir='ltr'><strong>bypostaseon</strong></span> 
     </span>
    </p>
   </div>
   <div class='ocr_carea' id='block_1_70' title="bbox 696 4287 2285 4359">
    <p class='ocr_par' dir='ltr' id='par_1_70' title="bbox 696 4287 2285 4359">
     <span class='ocr_line' id='line_1_70' title="bbox 696 4287 2285 4359; baseline -0.001 -15"><span class='ocrx_word' id='word_1_516' title='bbox 696 4289 1011 4359; x_wconf 77' lang='lat' dir='ltr'><strong>exploratas</strong></span> <span class='ocrx_word' id='word_1_517' title='bbox 1074 4287 1451 4358; x_wconf 73' lang='lat' dir='ltr'><strong>proprietates.</strong></span> <span class='ocrx_word' id='word_1_518' title='bbox 1485 4287 1914 4358; x_wconf 83' lang='lat' dir='ltr'><strong>Chrysostemus</strong></span> <span class='ocrx_word' id='word_1_519' title='bbox 1941 4289 2128 4342; x_wconf 83' lang='lat' dir='ltr'><strong>inuno</strong></span> <span class='ocrx_word' id='word_1_520' title='bbox 2154 4302 2285 4343; x_wconf 85' lang='lat' dir='ltr'><strong>suo-</strong></span> 
     </span>
    </p>
   </div>
   <div class='ocr_carea' id='block_1_71' title="bbox 696 4377 2282 4449">
    <p class='ocr_par' dir='ltr' id='par_1_71' title="bbox 696 4377 2282 4449">
     <span class='ocr_line' id='line_1_71' title="bbox 696 4377 2282 4449; baseline -0.001 -13"><span class='ocrx_word' id='word_1_521' title='bbox 696 4397 821 4436; x_wconf 81' lang='lat' dir='ltr'><strong>rum</strong></span> <span class='ocrx_word' id='word_1_522' title='bbox 857 4393 1175 4435; x_wconf 87' lang='lat' dir='ltr'><strong>sermonum</strong></span> <span class='ocrx_word' id='word_1_523' title='bbox 1221 4379 1336 4434; x_wconf 67' lang='lat' dir='ltr'><strong>haec</strong></span> <span class='ocrx_word' id='word_1_524' title='bbox 1364 4379 1543 4448; x_wconf 90' lang='lat' dir='ltr'><strong>inquit</strong></span> <span class='ocrx_word' id='word_1_525' title='bbox 1575 4395 1589 4432; x_wconf 89' lang='lat'><strong>:</strong></span> <span class='ocrx_word' id='word_1_526' title='bbox 1631 4398 1651 4430; x_wconf 79' lang='grc' dir='ltr'><strong>ι</strong></span> <span class='ocrx_word' id='word_1_527' title='bbox 1690 4377 2084 4449; x_wconf 81' lang='lat' dir='ltr'><strong>Proprietatem</strong></span> <span class='ocrx_word' id='word_1_528' title='bbox 2133 4381 2282 4436; x_wconf 86' lang='lat' dir='ltr'><strong>enim</strong></span> 
     </span>
    </p>
   </div>
   <div class='ocr_carea' id='block_1_72' title="bbox 698 4468 2284 4540">
    <p class='ocr_par' dir='ltr' id='par_1_72' title="bbox 698 4468 2284 4540">
     <span class='ocr_line' id='line_1_72' title="bbox 698 4468 2284 4540; baseline -0.001 -15"><span class='ocrx_word' id='word_1_529' title='bbox 698 4489 823 4527; x_wconf 78' lang='lat' dir='ltr'><strong>rum</strong></span> <span class='ocrx_word' id='word_1_530' title='bbox 841 4472 1054 4538; x_wconf 69' lang='lat' dir='ltr'><strong>dixero,</strong></span> <span class='ocrx_word' id='word_1_531' title='bbox 1079 4469 1295 4526; x_wconf 83' lang='lat' dir='ltr'><strong>Patrem</strong></span> <span class='ocrx_word' id='word_1_532' title='bbox 1318 4468 1533 4524; x_wconf 86' lang='lat' dir='ltr'><strong>Patrem</strong></span> <span class='ocrx_word' id='word_1_533' title='bbox 1556 4469 1867 4540; x_wconf 70' lang='lat' dir='ltr'><strong>intelligito,</strong></span> <span class='ocrx_word' id='word_1_534' title='bbox 1900 4479 1955 4525; x_wconf 88' lang='lat' dir='ltr'><strong>et</strong></span> <span class='ocrx_word' id='word_1_535' title='bbox 1975 4468 2173 4525; x_wconf 83' lang='lat' dir='ltr'><strong>Filium</strong></span> <span class='ocrx_word' id='word_1_536' title='bbox 2195 4469 2284 4524; x_wconf 76' lang='lat' dir='ltr'><strong>Fi-</strong></span> 
     </span>
    </p>
   </div>
   <div class='ocr_carea' id='block_1_73' title="bbox 2396 3282 3982 3353">
    <p class='ocr_par' dir='ltr' id='par_1_73' title="bbox 2396 3282 3982 3353">
     <span class='ocr_line' id='line_1_73' title="bbox 2396 3282 3982 3353; baseline -0.002 -15"><span class='ocrx_word' id='word_1_537' title='bbox 2396 3285 2491 3338; x_wconf 78' lang='grc' dir='ltr'>καὶ</span> <span class='ocrx_word' id='word_1_538' title='bbox 2522 3282 2746 3352; x_wconf 80' lang='grc' dir='ltr'>Πνεῦμα</span> <span class='ocrx_word' id='word_1_539' title='bbox 2774 3284 2905 3337; x_wconf 87' lang='grc' dir='ltr'>Υίοῦ</span> <span class='ocrx_word' id='word_1_540' title='bbox 2941 3283 3001 3337; x_wconf 82' lang='grc' dir='ltr'>τὸ</span> <span class='ocrx_word' id='word_1_541' title='bbox 3030 3283 3186 3353; x_wconf 76' lang='grc' dir='ltr'>ἅγιον</span> <span class='ocrx_word' id='word_1_542' title='bbox 3217 3285 3437 3352; x_wconf 75' lang='grc' dir='ltr'>λέγεται</span> <span class='ocrx_word' id='word_1_543' title='bbox 3474 3283 3718 3353; x_wconf 87' lang='grc' dir='ltr'>Πνεῦμα,</span> <span class='ocrx_word' id='word_1_544' title='bbox 3772 3291 3866 3336; x_wconf 80' lang='grc' dir='ltr'><strong>και</strong></span> <span class='ocrx_word' id='word_1_545' title='bbox 3921 3282 3982 3336; x_wconf 80' lang='grc' dir='ltr'>αι</span> 
     </span>
    </p>
   </div>
   <div class='ocr_carea' id='block_1_74' title="bbox 2392 3373 3982 3448">
    <p class='ocr_par' dir='ltr' id='par_1_74' title="bbox 2392 3373 3982 3448">
     <span class='ocr_line' id='line_1_74' title="bbox 2392 3373 3982 3448; baseline 0 -22"><span class='ocrx_word' id='word_1_546' title='bbox 2392 3373 2504 3427; x_wconf 90' lang='grc' dir='ltr'><strong>τῶν</strong></span> <span class='ocrx_word' id='word_1_547' title='bbox 2537 3375 2896 3428; x_wconf 84' lang='grc' dir='ltr'>ύποστάσεων</span> <span class='ocrx_word' id='word_1_548' title='bbox 2916 3375 3178 3448; x_wconf 82' lang='grc' dir='ltr'>ἰδιότητες</span> <span class='ocrx_word' id='word_1_549' title='bbox 3199 3375 3262 3428; x_wconf 85' lang='grc' dir='ltr'><strong>ού</strong></span> <span class='ocrx_word' id='word_1_550' title='bbox 3285 3375 3682 3444; x_wconf 84' lang='grc' dir='ltr'>συγκέχυνται,</span> <span class='ocrx_word' id='word_1_551' title='bbox 3713 3373 3859 3427; x_wconf 81' lang='grc' dir='ltr'>οὕτω</span> <span class='ocrx_word' id='word_1_552' title='bbox 3880 3374 3982 3427; x_wconf 76' lang='grc' dir='ltr'>καὶ</span> 
     </span>
    </p>
   </div>
   <div class='ocr_carea' id='block_1_75' title="bbox 2391 3465 3980 3537">
    <p class='ocr_par' dir='ltr' id='par_1_75' title="bbox 2391 3465 3980 3537">
     <span class='ocr_line' id='line_1_75' title="bbox 2391 3465 3980 3537; baseline -0.001 -18"><span class='ocrx_word' id='word_1_553' title='bbox 2391 3466 2521 3520; x_wconf 77' lang='grc' dir='ltr'>ὅταν</span> <span class='ocrx_word' id='word_1_554' title='bbox 2543 3467 2663 3521; x_wconf 82' lang='grc' dir='ltr'>καθ’</span> <span class='ocrx_word' id='word_1_555' title='bbox 2694 3468 2844 3537; x_wconf 76' lang='grc' dir='ltr'>ἡμᾶς</span> <span class='ocrx_word' id='word_1_556' title='bbox 2878 3468 2979 3536; x_wconf 85' lang='grc' dir='ltr'>μὲν</span> <span class='ocrx_word' id='word_1_557' title='bbox 3004 3469 3068 3520; x_wconf 74' lang='grc' dir='ltr'>ὲκ</span> <span class='ocrx_word' id='word_1_558' title='bbox 3110 3466 3326 3537; x_wconf 79' lang='grc' dir='ltr'>Πατρδς</span> <span class='ocrx_word' id='word_1_559' title='bbox 3357 3466 3760 3536; x_wconf 82' lang='grc' dir='ltr'>ἐκπορεύεσθαι</span> <span class='ocrx_word' id='word_1_560' title='bbox 3810 3465 3980 3535; x_wconf 80' lang='grc' dir='ltr'>λέγη-</span> 
     </span>
    </p>
   </div>
   <div class='ocr_carea' id='block_1_76' title="bbox 2388 3555 3978 3627">
    <p class='ocr_par' dir='ltr' id='par_1_76' title="bbox 2388 3555 3978 3627">
     <span class='ocr_line' id='line_1_76' title="bbox 2388 3555 3978 3627; baseline 0 -19"><span class='ocrx_word' id='word_1_561' title='bbox 2388 3572 2506 3621; x_wconf 85' lang='grc' dir='ltr'>ται,</span> <span class='ocrx_word' id='word_1_562' title='bbox 2552 3557 2696 3609; x_wconf 82' lang='grc' dir='ltr'><strong>κατά</strong></span> <span class='ocrx_word' id='word_1_563' title='bbox 2745 3556 2803 3609; x_wconf 78' lang='grc' dir='ltr'><strong>δε</strong></span> <span class='ocrx_word' id='word_1_564' title='bbox 2847 3557 2976 3618; x_wconf 80' lang='grc' dir='ltr'>τοὺς</span> <span class='ocrx_word' id='word_1_565' title='bbox 3018 3555 3328 3627; x_wconf 84' lang='grc' dir='ltr'>Ῥωμαίους</span> <span class='ocrx_word' id='word_1_566' title='bbox 3363 3559 3425 3611; x_wconf 76' lang='grc' dir='ltr'>ὲκ</span> <span class='ocrx_word' id='word_1_567' title='bbox 3451 3557 3667 3626; x_wconf 81' lang='grc' dir='ltr'>Πατρδς</span> <span class='ocrx_word' id='word_1_568' title='bbox 3697 3558 3790 3610; x_wconf 73' lang='grc' dir='ltr'>καὶ</span> <span class='ocrx_word' id='word_1_569' title='bbox 3817 3555 3978 3622; x_wconf 77' lang='grc' dir='ltr'>Υιοῦ,</span> 
     </span>
    </p>
   </div>
   <div class='ocr_carea' id='block_1_77' title="bbox 2391 3646 3980 3719">
    <p class='ocr_par' dir='ltr' id='par_1_77' title="bbox 2391 3646 3980 3719">
     <span class='ocr_line' id='line_1_77' title="bbox 2391 3646 3980 3719; baseline 0.001 -20"><span class='ocrx_word' id='word_1_570' title='bbox 2391 3647 2453 3699; x_wconf 82' lang='grc' dir='ltr'>τὸ</span> <span class='ocrx_word' id='word_1_571' title='bbox 2491 3646 2806 3716; x_wconf 80' lang='grc' dir='ltr'>ἀσύγχυτον</span> <span class='ocrx_word' id='word_1_572' title='bbox 2828 3646 2940 3700; x_wconf 85' lang='grc' dir='ltr'><strong>τῶν</strong></span> <span class='ocrx_word' id='word_1_573' title='bbox 2976 3646 3261 3716; x_wconf 84' lang='grc' dir='ltr'>ίδιοτήτων</span> <span class='ocrx_word' id='word_1_574' title='bbox 3295 3650 3620 3719; x_wconf 77' lang='grc' dir='ltr'>τετήρηται.</span> <span class='ocrx_word' id='word_1_575' title='bbox 3646 3648 3802 3710; x_wconf 80' lang='grc' dir='ltr'>Τίνες</span> <span class='ocrx_word' id='word_1_576' title='bbox 3828 3647 3886 3700; x_wconf 68' lang='grc' dir='ltr'>δὲ</span> <span class='ocrx_word' id='word_1_577' title='bbox 3919 3649 3980 3700; x_wconf 81' lang='grc' dir='ltr'><strong>αι</strong></span> 
     </span>
    </p>
   </div>
   <div class='ocr_carea' id='block_1_78' title="bbox 2389 3737 3979 3810">
    <p class='ocr_par' dir='ltr' id='par_1_78' title="bbox 2389 3737 3979 3810">
     <span class='ocr_line' id='line_1_78' title="bbox 2389 3737 3979 3810; baseline 0.002 -19"><span class='ocrx_word' id='word_1_578' title='bbox 2389 3740 2665 3809; x_wconf 76' lang='grc' dir='ltr'>γραφικαὶ</span> <span class='ocrx_word' id='word_1_579' title='bbox 2722 3739 2823 3808; x_wconf 84' lang='grc' dir='ltr'><strong>τῆς</strong></span> <span class='ocrx_word' id='word_1_580' title='bbox 2876 3737 3139 3809; x_wconf 81' lang='grc' dir='ltr'>τοιαύτης</span> <span class='ocrx_word' id='word_1_581' title='bbox 3192 3739 3458 3809; x_wconf 75' lang='grc' dir='ltr'>ἰδιότητος</span> <span class='ocrx_word' id='word_1_582' title='bbox 3533 3741 3868 3810; x_wconf 82' lang='grc' dir='ltr'>μαρτυρίαις</span> <span class='ocrx_word' id='word_1_583' title='bbox 3916 3741 3979 3794; x_wconf 86' lang='lat'><strong>&#39;0</strong></span> 
     </span>
    </p>
   </div>
   <div class='ocr_carea' id='block_1_79' title="bbox 2391 3829 3975 3902">
    <p class='ocr_par' dir='ltr' id='par_1_79' title="bbox 2391 3829 3975 3902">
     <span class='ocr_line' id='line_1_79' title="bbox 2391 3829 3975 3902; baseline -0.001 -20"><span class='ocrx_word' id='word_1_584' title='bbox 2391 3830 2619 3898; x_wconf 87' lang='grc' dir='ltr'>Νύσσης</span> <span class='ocrx_word' id='word_1_585' title='bbox 2660 3831 2718 3882; x_wconf 80' lang='grc' dir='ltr'><strong>έν</strong></span> <span class='ocrx_word' id='word_1_586' title='bbox 2745 3829 2825 3900; x_wconf 83' lang='grc' dir='ltr'>τῷ</span> <span class='ocrx_word' id='word_1_587' title='bbox 2852 3829 2977 3882; x_wconf 84' lang='grc' dir='ltr'>κατ’</span> <span class='ocrx_word' id='word_1_588' title='bbox 3009 3830 3278 3899; x_wconf 82' lang='grc' dir='ltr'>Εὐνομίου</span> <span class='ocrx_word' id='word_1_589' title='bbox 3305 3829 3547 3902; x_wconf 83' lang='grc' dir='ltr'>δευτέρῳ</span> <span class='ocrx_word' id='word_1_590' title='bbox 3585 3832 3729 3900; x_wconf 80' lang='grc' dir='ltr'>λόγῳ</span> <span class='ocrx_word' id='word_1_591' title='bbox 3780 3829 3975 3894; x_wconf 81' lang='grc' dir='ltr'>αὐτοῦ,</span> 
     </span>
    </p>
   </div>
   <div class='ocr_carea' id='block_1_80' title="bbox 2397 3917 3979 3990">
    <p class='ocr_par' dir='ltr' id='par_1_80' title="bbox 2397 3917 3979 3990">
     <span class='ocr_line' id='line_1_80' title="bbox 2397 3917 3979 3990; baseline -0.001 -18"><span class='ocrx_word' id='word_1_592' title='bbox 2397 3938 2416 3972; x_wconf 81' lang='grc' dir='ltr'><strong>ι</strong></span> <span class='ocrx_word' id='word_1_593' title='bbox 2439 3920 2506 3973; x_wconf 82' lang='grc' dir='ltr'><strong>Ἠ</strong></span> <span class='ocrx_word' id='word_1_594' title='bbox 2526 3920 2637 3971; x_wconf 88' lang='grc' dir='ltr'><strong>τῶν</strong></span> <span class='ocrx_word' id='word_1_595' title='bbox 2671 3918 3083 3985; x_wconf 72' lang='grc' dir='ltr'>ὑποστάσεων,ι</span> <span class='ocrx_word' id='word_1_596' title='bbox 3123 3918 3315 3988; x_wconf 76' lang='grc' dir='ltr'>φησὶν,</span> <span class='ocrx_word' id='word_1_597' title='bbox 3355 3935 3375 3970; x_wconf 82' lang='grc' dir='ltr'><strong>ε</strong></span> <span class='ocrx_word' id='word_1_598' title='bbox 3410 3919 3611 3990; x_wconf 70' lang='grc' dir='ltr'>ἰδιότης</span> <span class='ocrx_word' id='word_1_599' title='bbox 3643 3921 3852 3990; x_wconf 79' lang='grc' dir='ltr'>τρανὴν</span> <span class='ocrx_word' id='word_1_600' title='bbox 3878 3917 3979 3972; x_wconf 77' lang='grc' dir='ltr'>καὶ</span> 
     </span>
    </p>
   </div>
   <div class='ocr_carea' id='block_1_81' title="bbox 2389 4008 3975 4080">
    <p class='ocr_par' dir='ltr' id='par_1_81' title="bbox 2389 4008 3975 4080">
     <span class='ocr_line' id='line_1_81' title="bbox 2389 4008 3975 4080; baseline -0.003 -15"><span class='ocrx_word' id='word_1_601' title='bbox 2389 4009 2702 4080; x_wconf 85' lang='grc' dir='ltr'>ἀσύγχυτον</span> <span class='ocrx_word' id='word_1_602' title='bbox 2739 4012 2977 4062; x_wconf 81' lang='grc' dir='ltr'>ποιεῖται</span> <span class='ocrx_word' id='word_1_603' title='bbox 3007 4008 3111 4079; x_wconf 80' lang='grc' dir='ltr'>τὴν</span> <span class='ocrx_word' id='word_1_604' title='bbox 3131 4009 3243 4063; x_wconf 88' lang='grc' dir='ltr'><strong>τῶν</strong></span> <span class='ocrx_word' id='word_1_605' title='bbox 3295 4009 3610 4079; x_wconf 82' lang='grc' dir='ltr'>προσώπων</span> <span class='ocrx_word' id='word_1_606' title='bbox 3659 4008 3975 4079; x_wconf 81' lang='grc' dir='ltr'>διαστολὴν,</span> 
     </span>
    </p>
   </div>
   <div class='ocr_carea' id='block_1_82' title="bbox 2388 4083 3978 4171">
    <p class='ocr_par' dir='ltr' id='par_1_82' title="bbox 2388 4083 3978 4171">
     <span class='ocr_line' id='line_1_82' title="bbox 2388 4083 3978 4171; baseline -0.002 -17"><span class='ocrx_word' id='word_1_607' title='bbox 2388 4101 2602 4171; x_wconf 80' lang='grc' dir='ltr'>Πατρδς</span> <span class='ocrx_word' id='word_1_608' title='bbox 2632 4100 2776 4168; x_wconf 75' lang='grc' dir='ltr'>λέγω</span> <span class='ocrx_word' id='word_1_609' title='bbox 2805 4101 2901 4154; x_wconf 69' lang='grc' dir='ltr'>καὶ</span> <span class='ocrx_word' id='word_1_610' title='bbox 2952 4099 3109 4161; x_wconf 77' lang='grc' dir='ltr'>Υῑοῦ.</span> <span class='ocrx_word' id='word_1_611' title='bbox 3166 4101 3260 4153; x_wconf 81' lang='grc' dir='ltr'>καὶ</span> <span class='ocrx_word' id='word_1_612' title='bbox 3287 4101 3450 4167; x_wconf 83' lang='grc' dir='ltr'>ἀγίου</span> <span class='ocrx_word' id='word_1_613' title='bbox 3495 4099 3846 4169; x_wconf 87' lang='grc' dir='ltr'>Πνεύματος.</span> <span class='ocrx_word' id='word_1_614' title='bbox 3871 4083 3978 4152; x_wconf 81' lang='grc' dir='ltr'>Διά</span> 
     </span>
    </p>
   </div>
   <div class='ocr_carea' id='block_1_83' title="bbox 2389 4189 3975 4263">
    <p class='ocr_par' dir='ltr' id='par_1_83' title="bbox 2389 4189 3975 4263">
     <span class='ocr_line' id='line_1_83' title="bbox 2389 4189 3975 4263; baseline -0.001 -17"><span class='ocrx_word' id='word_1_615' title='bbox 2389 4194 2501 4263; x_wconf 80' lang='grc' dir='ltr'>γὰρ</span> <span class='ocrx_word' id='word_1_616' title='bbox 2526 4193 2639 4245; x_wconf 87' lang='grc' dir='ltr'><strong>τῶν</strong></span> <span class='ocrx_word' id='word_1_617' title='bbox 2675 4192 2921 4262; x_wconf 70' lang='grc' dir='ltr'>κλήσεων</span> <span class='ocrx_word' id='word_1_618' title='bbox 2944 4189 3154 4245; x_wconf 86' lang='grc' dir='ltr'>τούτων</span> <span class='ocrx_word' id='word_1_619' title='bbox 3188 4191 3251 4244; x_wconf 84' lang='grc' dir='ltr'>οὐ</span> <span class='ocrx_word' id='word_1_620' title='bbox 3279 4191 3498 4260; x_wconf 86' lang='grc' dir='ltr'>φύσεων</span> <span class='ocrx_word' id='word_1_621' title='bbox 3524 4190 3795 4260; x_wconf 72' lang='grc' dir='ltr'>διαφορὰν</span> <span class='ocrx_word' id='word_1_622' title='bbox 3825 4191 3975 4244; x_wconf 82' lang='grc' dir='ltr'>διδα-</span> 
     </span>
    </p>
   </div>
   <div class='ocr_carea' id='block_1_84' title="bbox 2391 4284 3974 4355">
    <p class='ocr_par' dir='ltr' id='par_1_84' title="bbox 2391 4284 3974 4355">
     <span class='ocr_line' id='line_1_84' title="bbox 2391 4284 3974 4355; baseline -0.002 -16"><span class='ocrx_word' id='word_1_623' title='bbox 2391 4287 2661 4355; x_wconf 81' lang='grc' dir='ltr'>σκόμεθα,</span> <span class='ocrx_word' id='word_1_624' title='bbox 2699 4285 2837 4339; x_wconf 81' lang='grc' dir='ltr'>ἀλλὰ</span> <span class='ocrx_word' id='word_1_625' title='bbox 2857 4285 3030 4351; x_wconf 87' lang='grc' dir='ltr'>μόνας</span> <span class='ocrx_word' id='word_1_626' title='bbox 3055 4285 3159 4347; x_wconf 84' lang='grc' dir='ltr'><strong>τὰς</strong></span> <span class='ocrx_word' id='word_1_627' title='bbox 3180 4285 3292 4338; x_wconf 85' lang='grc' dir='ltr'><strong>τῶν</strong></span> <span class='ocrx_word' id='word_1_628' title='bbox 3345 4284 3705 4338; x_wconf 82' lang='grc' dir='ltr'>ὑποστάσεων</span> <span class='ocrx_word' id='word_1_629' title='bbox 3767 4299 3974 4352; x_wconf 85' lang='grc' dir='ltr'>γνωρι-</span> 
     </span>
    </p>
   </div>
   <div class='ocr_carea' id='block_1_85' title="bbox 2389 4377 3974 4449">
    <p class='ocr_par' dir='ltr' id='par_1_85' title="bbox 2389 4377 3974 4449">
     <span class='ocr_line' id='line_1_85' title="bbox 2389 4377 3974 4449; baseline -0.003 -16"><span class='ocrx_word' id='word_1_630' title='bbox 2389 4381 2582 4443; x_wconf 86' lang='grc' dir='ltr'>στικάς</span> <span class='ocrx_word' id='word_1_631' title='bbox 2616 4380 2913 4449; x_wconf 73' lang='grc' dir='ltr'>ἰδιότητας.</span> <span class='ocrx_word' id='word_1_632' title='bbox 2944 4397 2964 4431; x_wconf 73' lang='grc' dir='ltr'><strong>ι</strong></span> <span class='ocrx_word' id='word_1_633' title='bbox 3012 4379 3074 4432; x_wconf 88' lang='grc' dir='ltr'><strong>Ὀ</strong></span> <span class='ocrx_word' id='word_1_634' title='bbox 3103 4379 3491 4448; x_wconf 85' lang='grc' dir='ltr'>Χρυσόστομος</span> <span class='ocrx_word' id='word_1_635' title='bbox 3519 4378 3578 4431; x_wconf 79' lang='grc' dir='ltr'>ιν</span> <span class='ocrx_word' id='word_1_636' title='bbox 3599 4395 3708 4430; x_wconf 88' lang='grc' dir='ltr'>τινι</span> <span class='ocrx_word' id='word_1_637' title='bbox 3737 4377 3847 4430; x_wconf 87' lang='grc' dir='ltr'><strong>τῶν</strong></span> <span class='ocrx_word' id='word_1_638' title='bbox 3870 4379 3974 4430; x_wconf 73' lang='grc' dir='ltr'><strong>αὐ·</strong></span> 
     </span>
    </p>
   </div>
   <div class='ocr_carea' id='block_1_86' title="bbox 2388 4469 3971 4541">
    <p class='ocr_par' dir='ltr' id='par_1_86' title="bbox 2388 4469 3971 4541">
     <span class='ocr_line' id='line_1_86' title="bbox 2388 4469 3971 4541; baseline -0.001 -17"><span class='ocrx_word' id='word_1_639' title='bbox 2388 4470 2484 4524; x_wconf 84' lang='grc' dir='ltr'><strong>τοῦ</strong></span> <span class='ocrx_word' id='word_1_640' title='bbox 2515 4471 2692 4537; x_wconf 83' lang='grc' dir='ltr'>λόγων</span> <span class='ocrx_word' id='word_1_641' title='bbox 2721 4470 2864 4525; x_wconf 79' lang='grc' dir='ltr'>οὕτω</span> <span class='ocrx_word' id='word_1_642' title='bbox 2895 4470 3086 4541; x_wconf 87' lang='grc' dir='ltr'>φησίν·</span> <span class='ocrx_word' id='word_1_643' title='bbox 3125 4488 3144 4523; x_wconf 81' lang='grc' dir='ltr'><strong>ι</strong></span> <span class='ocrx_word' id='word_1_644' title='bbox 3197 4470 3466 4539; x_wconf 81' lang='grc' dir='ltr'>ἰδιότητα</span> <span class='ocrx_word' id='word_1_645' title='bbox 3487 4470 3598 4539; x_wconf 82' lang='grc' dir='ltr'><strong>γάρ</strong></span> <span class='ocrx_word' id='word_1_646' title='bbox 3637 4469 3770 4523; x_wconf 76' lang='grc' dir='ltr'>ὅταν</span> <span class='ocrx_word' id='word_1_647' title='bbox 3804 4469 3971 4536; x_wconf 73' lang='grc' dir='ltr'>εἴπω,</span> 
     </span>
    </p>
   </div>
   <div class='ocr_carea' id='block_1_87' title="bbox 697 4561 2277 4635">
    <p class='ocr_par' dir='ltr' id='par_1_87' title="bbox 697 4562 2277 4635">
     <span class='ocr_line' id='line_1_87' title="bbox 697 4562 2277 4635; baseline -0.001 -13"><span class='ocrx_word' id='word_1_648' title='bbox 697 4570 812 4622; x_wconf 90' lang='lat' dir='ltr'><strong>ium</strong></span> <span class='ocrx_word' id='word_1_649' title='bbox 839 4580 936 4634; x_wconf 88' lang='lat' dir='ltr'><strong>,et</strong></span> <span class='ocrx_word' id='word_1_650' title='bbox 959 4565 1222 4635; x_wconf 87' lang='lat' dir='ltr'><strong>Spiritum</strong></span> <span class='ocrx_word' id='word_1_651' title='bbox 1263 4573 1516 4620; x_wconf 88' lang='lat' dir='ltr'><strong>sanctum</strong></span> <span class='ocrx_word' id='word_1_652' title='bbox 1567 4562 1828 4633; x_wconf 88' lang='lat' dir='ltr'><strong>Spiritum</strong></span> <span class='ocrx_word' id='word_1_653' title='bbox 1874 4573 2152 4619; x_wconf 88' lang='lat' dir='ltr'><strong>sanctum.</strong></span> <span class='ocrx_word' id='word_1_654' title='bbox 2192 4564 2277 4620; x_wconf 66' lang='lat' dir='ltr'><strong>Ha</strong></span> 
     </span>
    </p>
   </div>
   <div class='ocr_carea' id='block_1_88' title="bbox 2383 4561 3974 4635">
    <p class='ocr_par' dir='ltr' id='par_1_88' title="bbox 2391 4561 3974 4635">
     <span class='ocr_line' id='line_1_88' title="bbox 2391 4561 3974 4635; baseline -0.003 -17"><span class='ocrx_word' id='word_1_655' title='bbox 2391 4565 2481 4618; x_wconf 75' lang='grc' dir='ltr'>τὸν</span> <span class='ocrx_word' id='word_1_656' title='bbox 2509 4563 2730 4632; x_wconf 78' lang='grc' dir='ltr'>Πατέρα</span> <span class='ocrx_word' id='word_1_657' title='bbox 2756 4563 2980 4634; x_wconf 81' lang='grc' dir='ltr'>Πατέρα</span> <span class='ocrx_word' id='word_1_658' title='bbox 3017 4566 3237 4631; x_wconf 88' lang='grc' dir='ltr'>νόησον,</span> <span class='ocrx_word' id='word_1_659' title='bbox 3263 4562 3357 4635; x_wconf 74' lang='grc' dir='ltr'>τὸν</span> <span class='ocrx_word' id='word_1_660' title='bbox 3391 4561 3522 4614; x_wconf 75' lang='grc' dir='ltr'>Υίδν</span> <span class='ocrx_word' id='word_1_661' title='bbox 3585 4562 3733 4624; x_wconf 84' lang='grc' dir='ltr'>Υἰδν,</span> <span class='ocrx_word' id='word_1_662' title='bbox 3782 4561 3877 4614; x_wconf 75' lang='grc' dir='ltr'>καὶ</span> <span class='ocrx_word' id='word_1_663' title='bbox 3913 4565 3974 4615; x_wconf 70' lang='grc' dir='ltr'>τὸ</span> 
     </span>
    </p>
   </div>
   <div class='ocr_carea' id='block_1_89' title="bbox 697 4653 2280 4728">
    <p class='ocr_par' dir='ltr' id='par_1_89' title="bbox 697 4653 2280 4728">
     <span class='ocr_line' id='line_1_89' title="bbox 697 4653 2280 4728; baseline -0.004 -13"><span class='ocrx_word' id='word_1_664' title='bbox 697 4660 844 4716; x_wconf 89' lang='lat' dir='ltr'><strong>enim</strong></span> <span class='ocrx_word' id='word_1_665' title='bbox 879 4659 1238 4728; x_wconf 88' lang='lat' dir='ltr'><strong>proprietates</strong></span> <span class='ocrx_word' id='word_1_666' title='bbox 1267 4671 1375 4710; x_wconf 87' lang='lat' dir='ltr'><strong>non</strong></span> <span class='ocrx_word' id='word_1_667' title='bbox 1402 4664 1814 4710; x_wconf 83' lang='lat' dir='ltr'><strong>convertuntur.</strong></span> <span class='ocrx_word' id='word_1_668' title='bbox 1851 4653 1987 4710; x_wconf 82' lang='lat' dir='ltr'><strong>Nam</strong></span> <span class='ocrx_word' id='word_1_669' title='bbox 2047 4671 2153 4711; x_wconf 92' lang='lat' dir='ltr'><strong>non</strong></span> <span class='ocrx_word' id='word_1_670' title='bbox 2181 4673 2280 4728; x_wconf 89' lang='lat' dir='ltr'><strong>po-</strong></span> 
     </span>
    </p>
   </div>
   <div class='ocr_carea' id='block_1_90' title="bbox 701 4747 2284 4822">
    <p class='ocr_par' dir='ltr' id='par_1_90' title="bbox 701 4747 2284 4822">
     <span class='ocr_line' id='line_1_90' title="bbox 701 4747 2284 4822; baseline -0.001 -16"><span class='ocrx_word' id='word_1_671' title='bbox 701 4761 807 4806; x_wconf 77' lang='lat' dir='ltr'><strong>test</strong></span> <span class='ocrx_word' id='word_1_672' title='bbox 831 4753 989 4807; x_wconf 88' lang='lat' dir='ltr'><strong>Pater</strong></span> <span class='ocrx_word' id='word_1_673' title='bbox 1021 4748 1190 4805; x_wconf 85' lang='lat' dir='ltr'><strong>Filius</strong></span> <span class='ocrx_word' id='word_1_674' title='bbox 1214 4765 1360 4811; x_wconf 89' lang='lat' dir='ltr'><strong>esse,</strong></span> <span class='ocrx_word' id='word_1_675' title='bbox 1393 4757 1488 4802; x_wconf 87' lang='lat' dir='ltr'><strong>aut</strong></span> <span class='ocrx_word' id='word_1_676' title='bbox 1508 4747 1680 4804; x_wconf 85' lang='lat' dir='ltr'><strong>Filius</strong></span> <span class='ocrx_word' id='word_1_677' title='bbox 1710 4747 1892 4822; x_wconf 49' lang='lat' dir='ltr'><strong>Pater,</strong></span> <span class='ocrx_word' id='word_1_678' title='bbox 1919 4759 2014 4805; x_wconf 90' lang='lat' dir='ltr'><strong>aut</strong></span> <span class='ocrx_word' id='word_1_679' title='bbox 2046 4748 2284 4818; x_wconf 88' lang='lat' dir='ltr'><strong>Spiritus</strong></span> 
     </span>
    </p>
   </div>
   <div class='ocr_carea' id='block_1_91' title="bbox 699 4839 2284 4905">
    <p class='ocr_par' dir='ltr' id='par_1_91' title="bbox 699 4839 2284 4905">
     <span class='ocr_line' id='line_1_91' title="bbox 699 4839 2284 4905; baseline 0 -8"><span class='ocrx_word' id='word_1_680' title='bbox 699 4851 930 4898; x_wconf 79' lang='lat' dir='ltr'><strong>sanctus</strong></span> <span class='ocrx_word' id='word_1_681' title='bbox 959 4841 1160 4905; x_wconf 81' lang='lat' dir='ltr'><strong>Pater,</strong></span> <span class='ocrx_word' id='word_1_682' title='bbox 1208 4849 1298 4895; x_wconf 89' lang='lat' dir='ltr'><strong>aut</strong></span> <span class='ocrx_word' id='word_1_683' title='bbox 1330 4839 1526 4896; x_wconf 80' lang='lat' dir='ltr'><strong>Filius.</strong></span> <span class='ocrx_word' id='word_1_684' title='bbox 1563 4859 1583 4893; x_wconf 74' lang='grc' dir='ltr'><strong>ι</strong></span> <span class='ocrx_word' id='word_1_685' title='bbox 1636 4842 1704 4896; x_wconf 85' lang='lat' dir='ltr'><strong>Et</strong></span> <span class='ocrx_word' id='word_1_686' title='bbox 1745 4842 1917 4897; x_wconf 78' lang='lat' dir='ltr'><strong>abbas</strong></span> <span class='ocrx_word' id='word_1_687' title='bbox 1963 4841 2284 4897; x_wconf 83' lang='lat' dir='ltr'><strong>Theodorus</strong></span> 
     </span>
    </p>
   </div>
   <div class='ocr_carea' id='block_1_92' title="bbox 699 4931 2284 5008">
    <p class='ocr_par' dir='ltr' id='par_1_92' title="bbox 699 4931 2284 5008">
     <span class='ocr_line' id='line_1_92' title="bbox 699 4931 2284 5008; baseline -0.002 -19"><span class='ocrx_word' id='word_1_688' title='bbox 699 4935 1082 5005; x_wconf 74' lang='lat' dir='ltr'><strong>philosophus,</strong></span> <span class='ocrx_word' id='word_1_689' title='bbox 1113 4950 1132 4985; x_wconf 83' lang='grc' dir='ltr'><strong>ι</strong></span> <span class='ocrx_word' id='word_1_690' title='bbox 1162 4932 1290 4988; x_wconf 65' lang='lat' dir='ltr'><strong>Eme</strong></span> <span class='ocrx_word' id='word_1_691' title='bbox 1313 4934 1422 5008; x_wconf 14' lang='lat' dir='ltr'><strong>tria.</strong></span> <span class='ocrx_word' id='word_1_692' title='bbox 1441 4931 1616 5002; x_wconf 86' lang='lat' dir='ltr'><strong>nibilo</strong></span> <span class='ocrx_word' id='word_1_693' title='bbox 1645 4933 1786 4988; x_wconf 89' lang='lat' dir='ltr'><strong>inter</strong></span> <span class='ocrx_word' id='word_1_694' title='bbox 1800 4947 1919 4989; x_wconf 81' lang='lat' dir='ltr'><strong>sese</strong></span> <span class='ocrx_word' id='word_1_695' title='bbox 1948 4933 2284 4997; x_wconf 91' lang='lat' dir='ltr'><strong>discordant,</strong></span> 
     </span>
    </p>
   </div>
   <div class='ocr_carea' id='block_1_93' title="bbox 703 5023 2285 5104">
    <p class='ocr_par' dir='ltr' id='par_1_93' title="bbox 703 5023 2285 5104">
     <span class='ocr_line' id='line_1_93' title="bbox 703 5023 2285 5104; baseline 0.003 -26"><span class='ocrx_word' id='word_1_696' title='bbox 703 5027 806 5083; x_wconf 86' lang='lat' dir='ltr'><strong>nisi</strong></span> <span class='ocrx_word' id='word_1_697' title='bbox 839 5024 1194 5083; x_wconf 86' lang='lat' dir='ltr'><strong>solummodo</strong></span> <span class='ocrx_word' id='word_1_698' title='bbox 1226 5026 1578 5104; x_wconf 83' lang='lat' dir='ltr'><strong>proprietate,</strong></span> <span class='ocrx_word' id='word_1_699' title='bbox 1615 5023 1760 5080; x_wconf 75' lang='lat' dir='ltr'><strong>hunc</strong></span> <span class='ocrx_word' id='word_1_700' title='bbox 1787 5026 1999 5082; x_wconf 88' lang='lat' dir='ltr'><strong>scilicet</strong></span> <span class='ocrx_word' id='word_1_701' title='bbox 2024 5042 2147 5082; x_wconf 89' lang='lat' dir='ltr'><strong>esse</strong></span> <span class='ocrx_word' id='word_1_702' title='bbox 2180 5025 2285 5081; x_wconf 88' lang='lat' dir='ltr'><strong>Pa-</strong></span> 
     </span>
    </p>
   </div>
   <div class='ocr_carea' id='block_1_94' title="bbox 702 5115 2173 5187">
    <p class='ocr_par' dir='ltr' id='par_1_94' title="bbox 702 5115 2173 5187">
     <span class='ocr_line' id='line_1_94' title="bbox 702 5115 2173 5187; baseline -0.004 -13"><span class='ocrx_word' id='word_1_703' title='bbox 702 5127 866 5187; x_wconf 78' lang='lat' dir='ltr'><strong>trem,</strong></span> <span class='ocrx_word' id='word_1_704' title='bbox 895 5118 1043 5174; x_wconf 81' lang='lat' dir='ltr'><strong>hunc</strong></span> <span class='ocrx_word' id='word_1_705' title='bbox 1094 5115 1316 5180; x_wconf 81' lang='lat' dir='ltr'><strong>Filium,</strong></span> <span class='ocrx_word' id='word_1_706' title='bbox 1349 5115 1505 5172; x_wconf 88' lang='lat' dir='ltr'><strong>illum</strong></span> <span class='ocrx_word' id='word_1_707' title='bbox 1551 5116 1815 5173; x_wconf 77' lang='lat' dir='ltr'><strong>Spiritum</strong></span> <span class='ocrx_word' id='word_1_708' title='bbox 1839 5127 2112 5175; x_wconf 87' lang='lat' dir='ltr'><strong>sanctum.</strong></span> <span class='ocrx_word' id='word_1_709' title='bbox 2155 5137 2173 5168; x_wconf 72' lang='grc' dir='ltr'><strong>ι</strong></span> 
     </span>
    </p>
   </div>
   <div class='ocr_carea' id='block_1_95' title="bbox 777 5296 2290 5368">
    <p class='ocr_par' dir='ltr' id='par_1_95' title="bbox 777 5296 2290 5368">
     <span class='ocr_line' id='line_1_95' title="bbox 777 5296 2290 5368; baseline -0.004 -13"><span class='ocrx_word' id='word_1_710' title='bbox 777 5301 869 5356; x_wconf 73' lang='grc'><strong>16.</strong></span> <span class='ocrx_word' id='word_1_711' title='bbox 913 5297 1083 5355; x_wconf 72' lang='lat' dir='ltr'><strong>Visne</strong></span> <span class='ocrx_word' id='word_1_712' title='bbox 1110 5306 1164 5354; x_wconf 88' lang='lat' dir='ltr'><strong>et</strong></span> <span class='ocrx_word' id='word_1_713' title='bbox 1203 5297 1353 5352; x_wconf 73' lang='lat' dir='ltr'><strong>aliud</strong></span> <span class='ocrx_word' id='word_1_714' title='bbox 1381 5311 1530 5352; x_wconf 83' lang='lat' dir='ltr'><strong>nunc</strong></span> <span class='ocrx_word' id='word_1_715' title='bbox 1570 5297 1624 5352; x_wconf 91' lang='lat' dir='ltr'><strong>in</strong></span> <span class='ocrx_word' id='word_1_716' title='bbox 1672 5312 1903 5352; x_wconf 73' lang='lat' dir='ltr'><strong>examen</strong></span> <span class='ocrx_word' id='word_1_717' title='bbox 1938 5296 2290 5368; x_wconf 80' lang='lat' dir='ltr'><strong>proponere?</strong></span> 
     </span>
    </p>
   </div>
   <div class='ocr_carea' id='block_1_96' title="bbox 704 5391 2285 5463">
    <p class='ocr_par' dir='ltr' id='par_1_96' title="bbox 704 5391 2285 5463">
     <span class='ocr_line' id='line_1_96' title="bbox 704 5391 2285 5463; baseline -0.006 -13"><span class='ocrx_word' id='word_1_718' title='bbox 704 5395 818 5456; x_wconf 82' lang='lat' dir='ltr'><strong>Ait.</strong></span> <span class='ocrx_word' id='word_1_719' title='bbox 845 5393 1071 5463; x_wconf 68' lang='lat' dir='ltr'><strong>eﬂ&#39;ttndi,</strong></span> <span class='ocrx_word' id='word_1_720' title='bbox 1119 5391 1400 5461; x_wconf 78' lang='lat' dir='ltr'><strong>progredi,</strong></span> <span class='ocrx_word' id='word_1_721' title='bbox 1437 5407 1710 5457; x_wconf 79' lang='lat' dir='ltr'><strong>emanare,</strong></span> <span class='ocrx_word' id='word_1_722' title='bbox 1749 5401 1804 5444; x_wconf 89' lang='lat' dir='ltr'><strong>et</strong></span> <span class='ocrx_word' id='word_1_723' title='bbox 1842 5391 2066 5454; x_wconf 85' lang='lat' dir='ltr'><strong>similia,</strong></span> <span class='ocrx_word' id='word_1_724' title='bbox 2093 5391 2285 5451; x_wconf 78' lang='lat' dir='ltr'><strong>etsi,in</strong></span> 
     </span>
    </p>
   </div>
   <div class='ocr_carea' id='block_1_97' title="bbox 704 5479 2287 5551">
    <p class='ocr_par' dir='ltr' id='par_1_97' title="bbox 704 5479 2287 5551">
     <span class='ocr_line' id='line_1_97' title="bbox 704 5479 2287 5551; baseline -0.004 -11"><span class='ocrx_word' id='word_1_725' title='bbox 704 5483 986 5540; x_wconf 81' lang='lat' dir='ltr'><strong>nonnullis</strong></span> <span class='ocrx_word' id='word_1_726' title='bbox 1031 5481 1170 5538; x_wconf 87' lang='lat' dir='ltr'><strong>locis</strong></span> <span class='ocrx_word' id='word_1_727' title='bbox 1218 5481 1566 5551; x_wconf 86' lang='lat' dir='ltr'><strong>reperiuntur</strong></span> <span class='ocrx_word' id='word_1_728' title='bbox 1613 5481 1682 5537; x_wconf 85' lang='lat' dir='ltr'><strong>de</strong></span> <span class='ocrx_word' id='word_1_729' title='bbox 1717 5479 1924 5551; x_wconf 86' lang='lat' dir='ltr'><strong>Spiritu</strong></span> <span class='ocrx_word' id='word_1_730' title='bbox 1961 5491 2170 5536; x_wconf 85' lang='lat' dir='ltr'><strong>asserta</strong></span> <span class='ocrx_word' id='word_1_731' title='bbox 2219 5495 2287 5535; x_wconf 66' lang='lat' dir='ltr'><strong>ex</strong></span> 
     </span>
    </p>
   </div>
   <div class='ocr_carea' id='block_1_98' title="bbox 706 5567 2281 5637">
    <p class='ocr_par' dir='ltr' id='par_1_98' title="bbox 706 5567 2281 5637">
     <span class='ocr_line' id='line_1_98' title="bbox 706 5567 2281 5637; baseline -0.002 -8"><span class='ocrx_word' id='word_1_732' title='bbox 706 5576 890 5637; x_wconf 87' lang='lat' dir='ltr'><strong>Patre,</strong></span> <span class='ocrx_word' id='word_1_733' title='bbox 923 5567 1276 5628; x_wconf 86' lang='lat' dir='ltr'><strong>essentialem</strong></span> <span class='ocrx_word' id='word_1_734' title='bbox 1308 5572 1552 5628; x_wconf 85' lang='lat' dir='ltr'><strong>indicant</strong></span> <span class='ocrx_word' id='word_1_735' title='bbox 1596 5581 1651 5628; x_wconf 91' lang='lat' dir='ltr'><strong>et</strong></span> <span class='ocrx_word' id='word_1_736' title='bbox 1698 5573 2008 5629; x_wconf 83' lang='lat' dir='ltr'><strong>naturalem</strong></span> <span class='ocrx_word' id='word_1_737' title='bbox 2045 5572 2192 5628; x_wconf 87' lang='lat' dir='ltr'><strong>illius</strong></span> <span class='ocrx_word' id='word_1_738' title='bbox 2215 5586 2281 5627; x_wconf 80' lang='lat' dir='ltr'><strong>ex</strong></span> 
     </span>
    </p>
   </div>
   <div class='ocr_carea' id='block_1_99' title="bbox 706 5665 2288 5744">
    <p class='ocr_par' dir='ltr' id='par_1_99' title="bbox 706 5665 2288 5744">
     <span class='ocr_line' id='line_1_99' title="bbox 706 5665 2288 5744; baseline -0.004 -20"><span class='ocrx_word' id='word_1_739' title='bbox 706 5666 869 5724; x_wconf 85' lang='lat' dir='ltr'><strong>Patre</strong></span> <span class='ocrx_word' id='word_1_740' title='bbox 888 5665 1265 5744; x_wconf 78' lang='lat' dir='ltr'><strong>exsistentiam</strong></span> <span class='ocrx_word' id='word_1_741' title='bbox 1290 5682 1306 5721; x_wconf 86' lang='lat'><strong>:</strong></span> <span class='ocrx_word' id='word_1_742' title='bbox 1329 5680 1438 5720; x_wconf 91' lang='lat' dir='ltr'><strong>non</strong></span> <span class='ocrx_word' id='word_1_743' title='bbox 1469 5679 1625 5735; x_wconf 72' lang='lat' dir='ltr'><strong>aeque</strong></span> <span class='ocrx_word' id='word_1_744' title='bbox 1659 5680 1813 5733; x_wconf 82' lang='lat' dir='ltr'><strong>vero,</strong></span> <span class='ocrx_word' id='word_1_745' title='bbox 1840 5681 1966 5720; x_wconf 88' lang='lat' dir='ltr'><strong>cum</strong></span> <span class='ocrx_word' id='word_1_746' title='bbox 1997 5680 2060 5722; x_wconf 89' lang='lat' dir='ltr'><strong>ea</strong></span> <span class='ocrx_word' id='word_1_747' title='bbox 2087 5665 2288 5720; x_wconf 87' lang='lat' dir='ltr'><strong>dicun-</strong></span> 
     </span>
    </p>
   </div>
   <div class='ocr_carea' id='block_1_100' title="bbox 708 5756 2280 5826">
    <p class='ocr_par' dir='ltr' id='par_1_100' title="bbox 708 5756 2280 5826">
     <span class='ocr_line' id='line_1_100' title="bbox 708 5756 2280 5826; baseline 0 -12"><span class='ocrx_word' id='word_1_748' title='bbox 708 5771 800 5816; x_wconf 87' lang='lat' dir='ltr'><strong>tur</strong></span> <span class='ocrx_word' id='word_1_749' title='bbox 827 5775 891 5815; x_wconf 71' lang='grc' dir='ltr'><strong>επ</strong></span> <span class='ocrx_word' id='word_1_750' title='bbox 940 5757 1103 5826; x_wconf 71' lang='lat' dir='ltr'><strong>Filio,</strong></span> <span class='ocrx_word' id='word_1_751' title='bbox 1151 5756 1416 5823; x_wconf 77' lang='lat' dir='ltr'><strong>inferunt,</strong></span> <span class='ocrx_word' id='word_1_752' title='bbox 1461 5757 1785 5814; x_wconf 84' lang='lat' dir='ltr'><strong>naturaliter</strong></span> <span class='ocrx_word' id='word_1_753' title='bbox 1815 5767 1870 5813; x_wconf 91' lang='lat' dir='ltr'><strong>et</strong></span> <span class='ocrx_word' id='word_1_754' title='bbox 1909 5756 2280 5814; x_wconf 86' lang='lat' dir='ltr'><strong>essentialiter</strong></span> 
     </span>
    </p>
   </div>
   <div class='ocr_carea' id='block_1_101' title="bbox 711 5850 2284 5921">
    <p class='ocr_par' dir='ltr' id='par_1_101' title="bbox 711 5850 2284 5921">
     <span class='ocr_line' id='line_1_101' title="bbox 711 5850 2284 5921; baseline 0 -15"><span class='ocrx_word' id='word_1_755' title='bbox 711 5851 978 5918; x_wconf 76' lang='lat' dir='ltr'><strong>Spiritum</strong></span> <span class='ocrx_word' id='word_1_756' title='bbox 1011 5866 1135 5908; x_wconf 78' lang='lat' dir='ltr'><strong>esse</strong></span> <span class='ocrx_word' id='word_1_757' title='bbox 1172 5867 1239 5909; x_wconf 79' lang='lat' dir='ltr'><strong>ex</strong></span> <span class='ocrx_word' id='word_1_758' title='bbox 1267 5850 1429 5920; x_wconf 81' lang='lat' dir='ltr'><strong>Filio,</strong></span> <span class='ocrx_word' id='word_1_759' title='bbox 1454 5851 1549 5908; x_wconf 84' lang='lat' dir='ltr'><strong>sed</strong></span> <span class='ocrx_word' id='word_1_760' title='bbox 1577 5865 1645 5908; x_wconf 76' lang='lat' dir='ltr'><strong>ex</strong></span> <span class='ocrx_word' id='word_1_761' title='bbox 1684 5864 1752 5908; x_wconf 91' lang='lat' dir='ltr'><strong>eo</strong></span> <span class='ocrx_word' id='word_1_762' title='bbox 1789 5850 2122 5921; x_wconf 81' lang='lat' dir='ltr'><strong>spiritalium</strong></span> <span class='ocrx_word' id='word_1_763' title='bbox 2162 5865 2284 5906; x_wconf 87' lang='lat' dir='ltr'><strong>mu-</strong></span> 
     </span>
    </p>
   </div>
   <div class='ocr_carea' id='block_1_102' title="bbox 2391 4634 3972 4725">
    <p class='ocr_par' dir='ltr' id='par_1_102' title="bbox 2391 4634 3972 4725">
     <span class='ocr_line' id='line_1_102' title="bbox 2391 4634 3972 4725; baseline 0 -19"><span class='ocrx_word' id='word_1_764' title='bbox 2391 4655 2620 4724; x_wconf 90' lang='grc' dir='ltr'>Πνεῦμα</span> <span class='ocrx_word' id='word_1_765' title='bbox 2648 4658 2710 4708; x_wconf 74' lang='grc' dir='ltr'><strong>τδ</strong></span> <span class='ocrx_word' id='word_1_766' title='bbox 2733 4655 2891 4722; x_wconf 73' lang='grc' dir='ltr'>ἅγιον</span> <span class='ocrx_word' id='word_1_767' title='bbox 2921 4654 3148 4725; x_wconf 78' lang='grc' dir='ltr'>Πνεῦμα</span> <span class='ocrx_word' id='word_1_768' title='bbox 3174 4634 3351 4723; x_wconf 68' lang='grc' dir='ltr'>ᾰγιὸν.</span> <span class='ocrx_word' id='word_1_769' title='bbox 3385 4647 3557 4709; x_wconf 72' lang='grc' dir='ltr'>Λῦται</span> <span class='ocrx_word' id='word_1_770' title='bbox 3581 4654 3692 4723; x_wconf 83' lang='grc' dir='ltr'><strong>γὰρ</strong></span> <span class='ocrx_word' id='word_1_771' title='bbox 3749 4653 3806 4707; x_wconf 83' lang='grc' dir='ltr'><strong>αί</strong></span> <span class='ocrx_word' id='word_1_772' title='bbox 3847 4653 3972 4706; x_wconf 74' lang='grc' dir='ltr'>ἰδιό-</span> 
     </span>
    </p>
   </div>
   <div class='ocr_carea' id='block_1_103' title="bbox 2386 4745 3974 4816">
    <p class='ocr_par' dir='ltr' id='par_1_103' title="bbox 2386 4745 3974 4816">
     <span class='ocr_line' id='line_1_103' title="bbox 2386 4745 3974 4816; baseline 0.001 -20"><span class='ocrx_word' id='word_1_773' title='bbox 2386 4761 2548 4814; x_wconf 80' lang='grc' dir='ltr'>τητες</span> <span class='ocrx_word' id='word_1_774' title='bbox 2573 4746 2672 4798; x_wconf 88' lang='grc' dir='ltr'><strong>ούκ</strong></span> <span class='ocrx_word' id='word_1_775' title='bbox 2703 4747 3149 4815; x_wconf 66' lang='grc' dir='ltr'>ἀναστρέφονται</span> <span class='ocrx_word' id='word_1_776' title='bbox 3171 4762 3186 4778; x_wconf 87' lang='grc'><strong>·</strong></span> <span class='ocrx_word' id='word_1_777' title='bbox 3211 4747 3272 4798; x_wconf 87' lang='grc' dir='ltr'>οὐ</span> <span class='ocrx_word' id='word_1_778' title='bbox 3303 4745 3529 4799; x_wconf 87' lang='grc' dir='ltr'>δύναται</span> <span class='ocrx_word' id='word_1_779' title='bbox 3562 4745 3672 4816; x_wconf 85' lang='grc' dir='ltr'><strong>γάρ</strong></span> <span class='ocrx_word' id='word_1_780' title='bbox 3697 4747 3728 4799; x_wconf 84' lang='grc' dir='ltr'><strong>δ</strong></span> <span class='ocrx_word' id='word_1_781' title='bbox 3781 4745 3974 4816; x_wconf 81' lang='grc' dir='ltr'>Πατὴρ</span> 
     </span>
    </p>
   </div>
   <div class='ocr_carea' id='block_1_104' title="bbox 2387 4834 3974 4908">
    <p class='ocr_par' dir='ltr' id='par_1_104' title="bbox 2387 4834 3974 4908">
     <span class='ocr_line' id='line_1_104' title="bbox 2387 4834 3974 4908; baseline 0 -18"><span class='ocrx_word' id='word_1_782' title='bbox 2387 4837 2517 4900; x_wconf 74' lang='grc' dir='ltr'>Υἱὸς</span> <span class='ocrx_word' id='word_1_783' title='bbox 2556 4834 2722 4902; x_wconf 78' lang='grc' dir='ltr'>εἶναι,</span> <span class='ocrx_word' id='word_1_784' title='bbox 2753 4837 2784 4906; x_wconf 78' lang='grc' dir='ltr'>ἢ</span> <span class='ocrx_word' id='word_1_785' title='bbox 2815 4839 2842 4890; x_wconf 86' lang='grc' dir='ltr'><strong>ό</strong></span> <span class='ocrx_word' id='word_1_786' title='bbox 2871 4838 3003 4900; x_wconf 84' lang='grc' dir='ltr'>Υίδς</span> <span class='ocrx_word' id='word_1_787' title='bbox 3037 4837 3248 4908; x_wconf 79' lang='grc' dir='ltr'>Πατὴρ,</span> <span class='ocrx_word' id='word_1_788' title='bbox 3278 4837 3311 4906; x_wconf 75' lang='grc' dir='ltr'>ἢ</span> <span class='ocrx_word' id='word_1_789' title='bbox 3353 4838 3412 4890; x_wconf 81' lang='grc' dir='ltr'>τὸ</span> <span class='ocrx_word' id='word_1_790' title='bbox 3441 4835 3670 4907; x_wconf 79' lang='grc' dir='ltr'>Πνεῦμα</span> <span class='ocrx_word' id='word_1_791' title='bbox 3696 4837 3760 4889; x_wconf 79' lang='grc' dir='ltr'>τὸ</span> <span class='ocrx_word' id='word_1_792' title='bbox 3813 4838 3974 4905; x_wconf 73' lang='grc' dir='ltr'>ἅγιον</span> 
     </span>
    </p>
   </div>
   <div class='ocr_carea' id='block_1_105' title="bbox 2388 4927 3976 5007">
    <p class='ocr_par' dir='ltr' id='par_1_105' title="bbox 2388 4927 3976 5007">
     <span class='ocr_line' id='line_1_105' title="bbox 2388 4927 3976 5007; baseline -0.001 -26"><span class='ocrx_word' id='word_1_793' title='bbox 2388 4927 2528 5007; x_wconf 52' lang='grc' dir='ltr'>εἶναι</span> <span class='ocrx_word' id='word_1_794' title='bbox 2560 4928 2772 5000; x_wconf 71' lang='grc' dir='ltr'>Πατὴρ,</span> <span class='ocrx_word' id='word_1_795' title='bbox 2803 4927 2836 4999; x_wconf 81' lang='grc' dir='ltr'>ἢ</span> <span class='ocrx_word' id='word_1_796' title='bbox 2869 4928 3021 4992; x_wconf 82' lang='grc' dir='ltr'>Υἱός.</span> <span class='ocrx_word' id='word_1_797' title='bbox 3091 4948 3110 4981; x_wconf 73' lang='grc' dir='ltr'><strong>ι</strong></span> <span class='ocrx_word' id='word_1_798' title='bbox 3148 4929 3260 4982; x_wconf 74' lang='grc' dir='ltr'><strong>Καὶ</strong></span> <span class='ocrx_word' id='word_1_799' title='bbox 3297 4928 3328 4981; x_wconf 77' lang='grc' dir='ltr'><strong>ὁ</strong></span> <span class='ocrx_word' id='word_1_800' title='bbox 3383 4928 3558 4990; x_wconf 74' lang='grc' dir='ltr'>ἀσσςὶς</span> <span class='ocrx_word' id='word_1_801' title='bbox 3616 4927 3895 4998; x_wconf 82' lang='grc' dir='ltr'>Θεόδωρος</span> <span class='ocrx_word' id='word_1_802' title='bbox 3943 4929 3976 4980; x_wconf 77' lang='grc' dir='ltr'><strong><em>ὁ</em></strong></span> 
     </span>
    </p>
   </div>
   <div class='ocr_carea' id='block_1_106' title="bbox 2389 5019 3973 5092">
    <p class='ocr_par' dir='ltr' id='par_1_106' title="bbox 2389 5019 3973 5092">
     <span class='ocr_line' id='line_1_106' title="bbox 2389 5019 3973 5092; baseline 0.002 -19"><span class='ocrx_word' id='word_1_803' title='bbox 2389 5021 2700 5090; x_wconf 80' lang='grc' dir='ltr'>φιλόσοφος,</span> <span class='ocrx_word' id='word_1_804' title='bbox 2745 5040 2764 5073; x_wconf 82' lang='grc' dir='ltr'><strong>ε</strong></span> <span class='ocrx_word' id='word_1_805' title='bbox 2805 5019 3011 5088; x_wconf 85' lang='grc' dir='ltr'>Ταῦτα,</span> <span class='ocrx_word' id='word_1_806' title='bbox 3056 5021 3214 5092; x_wconf 72' lang='grc' dir='ltr'>φησὶ,</span> <span class='ocrx_word' id='word_1_807' title='bbox 3245 5020 3313 5074; x_wconf 82' lang='grc' dir='ltr'><strong>τὰ</strong></span> <span class='ocrx_word' id='word_1_808' title='bbox 3367 5021 3495 5090; x_wconf 83' lang='grc' dir='ltr'>τρία</span> <span class='ocrx_word' id='word_1_809' title='bbox 3535 5019 3690 5074; x_wconf 72' lang='grc' dir='ltr'>ούδὶν</span> <span class='ocrx_word' id='word_1_810' title='bbox 3724 5019 3973 5092; x_wconf 82' lang='grc' dir='ltr'>ἀλλήλων</span> 
     </span>
    </p>
   </div>
   <div class='ocr_carea' id='block_1_107' title="bbox 2386 5111 3976 5184">
    <p class='ocr_par' dir='ltr' id='par_1_107' title="bbox 2386 5111 3976 5184">
     <span class='ocr_line' id='line_1_107' title="bbox 2386 5111 3976 5184; baseline 0.003 -20"><span class='ocrx_word' id='word_1_811' title='bbox 2386 5111 2738 5183; x_wconf 80' lang='grc' dir='ltr'>διαφέρουσιν</span> <span class='ocrx_word' id='word_1_812' title='bbox 2784 5115 2836 5165; x_wconf 82' lang='grc' dir='ltr'>εἰ</span> <span class='ocrx_word' id='word_1_813' title='bbox 2872 5113 2947 5184; x_wconf 74' lang='grc' dir='ltr'><strong>μὴ</strong></span> <span class='ocrx_word' id='word_1_814' title='bbox 2986 5114 3146 5183; x_wconf 87' lang='grc' dir='ltr'>μόνον</span> <span class='ocrx_word' id='word_1_815' title='bbox 3188 5113 3332 5166; x_wconf 87' lang='grc' dir='ltr'><strong>κατά</strong></span> <span class='ocrx_word' id='word_1_816' title='bbox 3365 5113 3434 5166; x_wconf 82' lang='grc' dir='ltr'>τὰ</span> <span class='ocrx_word' id='word_1_817' title='bbox 3465 5113 3751 5183; x_wconf 70' lang='grc' dir='ltr'>ἰδιώματα,</span> <span class='ocrx_word' id='word_1_818' title='bbox 3789 5116 3884 5168; x_wconf 70' lang='grc' dir='ltr'>καὶ</span> <span class='ocrx_word' id='word_1_819' title='bbox 3910 5114 3976 5169; x_wconf 72' lang='grc' dir='ltr'>τὸ</span> 
     </span>
    </p>
   </div>
   <div class='ocr_carea' id='block_1_108' title="bbox 2386 5203 3903 5277">
    <p class='ocr_par' dir='ltr' id='par_1_108' title="bbox 2386 5203 3903 5277">
     <span class='ocr_line' id='line_1_108' title="bbox 2386 5203 3903 5277; baseline -0.001 -19"><span class='ocrx_word' id='word_1_820' title='bbox 2386 5208 2480 5259; x_wconf 63' lang='grc' dir='ltr'><strong>τὸν</strong></span> <span class='ocrx_word' id='word_1_821' title='bbox 2515 5206 2614 5273; x_wconf 80' lang='grc' dir='ltr'>μὲν</span> <span class='ocrx_word' id='word_1_822' title='bbox 2638 5203 2780 5259; x_wconf 67' lang='grc' dir='ltr'>εἶναι</span> <span class='ocrx_word' id='word_1_823' title='bbox 2811 5206 3055 5275; x_wconf 83' lang='grc' dir='ltr'>Πατέρα,</span> <span class='ocrx_word' id='word_1_824' title='bbox 3093 5205 3186 5260; x_wconf 78' lang='grc' dir='ltr'>τὸν</span> <span class='ocrx_word' id='word_1_825' title='bbox 3217 5206 3274 5260; x_wconf 81' lang='grc' dir='ltr'>δὲ</span> <span class='ocrx_word' id='word_1_826' title='bbox 3290 5206 3442 5268; x_wconf 82' lang='grc' dir='ltr'>Υίὸν,</span> <span class='ocrx_word' id='word_1_827' title='bbox 3467 5205 3527 5260; x_wconf 87' lang='grc' dir='ltr'><strong>τδ</strong></span> <span class='ocrx_word' id='word_1_828' title='bbox 3548 5204 3606 5258; x_wconf 70' lang='grc' dir='ltr'>δὲ</span> <span class='ocrx_word' id='word_1_829' title='bbox 3625 5205 3867 5277; x_wconf 84' lang='grc' dir='ltr'>Πνεῦμα.</span> <span class='ocrx_word' id='word_1_830' title='bbox 3884 5225 3903 5257; x_wconf 67' lang='grc' dir='ltr'><strong><em>υ</em></strong></span> 
     </span>
    </p>
   </div>
   <div class='ocr_carea' id='block_1_109' title="bbox 2464 5296 3972 5368">
    <p class='ocr_par' dir='ltr' id='par_1_109' title="bbox 2464 5296 3972 5368">
     <span class='ocr_line' id='line_1_109' title="bbox 2464 5296 3972 5368; baseline 0.001 -18"><span class='ocrx_word' id='word_1_831' title='bbox 2464 5298 2563 5362; x_wconf 81' lang='grc' dir='ltr'>ις’.</span> <span class='ocrx_word' id='word_1_832' title='bbox 2596 5298 2662 5350; x_wconf 85' lang='grc' dir='ltr'>Τί</span> <span class='ocrx_word' id='word_1_833' title='bbox 2693 5296 2874 5366; x_wconf 79' lang='grc' dir='ltr'>βούλει</span> <span class='ocrx_word' id='word_1_834' title='bbox 2904 5297 3114 5368; x_wconf 83' lang='grc' dir='ltr'>ἀπάρτι</span> <span class='ocrx_word' id='word_1_835' title='bbox 3141 5299 3236 5351; x_wconf 81' lang='grc' dir='ltr'>καὶ</span> <span class='ocrx_word' id='word_1_836' title='bbox 3265 5298 3456 5368; x_wconf 78' lang='grc' dir='ltr'>ἓτερον</span> <span class='ocrx_word' id='word_1_837' title='bbox 3509 5296 3834 5368; x_wconf 75' lang='grc' dir='ltr'>προσθεῖναι</span> <span class='ocrx_word' id='word_1_838' title='bbox 3888 5300 3972 5364; x_wconf 81' lang='grc' dir='ltr'><strong>είς</strong></span> 
     </span>
    </p>
   </div>
   <div class='ocr_carea' id='block_1_110' title="bbox 2390 5388 3971 5460">
    <p class='ocr_par' dir='ltr' id='par_1_110' title="bbox 2390 5388 3971 5460">
     <span class='ocr_line' id='line_1_110' title="bbox 2390 5388 3971 5460; baseline 0.001 -17"><span class='ocrx_word' id='word_1_839' title='bbox 2390 5391 2619 5460; x_wconf 78' lang='grc' dir='ltr'>σκέψινς</span> <span class='ocrx_word' id='word_1_840' title='bbox 2651 5390 2756 5456; x_wconf 87' lang='grc' dir='ltr'>ὅτι,</span> <span class='ocrx_word' id='word_1_841' title='bbox 2792 5392 2947 5459; x_wconf 70' lang='grc' dir='ltr'>φησὶ,</span> <span class='ocrx_word' id='word_1_842' title='bbox 2999 5391 3061 5443; x_wconf 84' lang='grc' dir='ltr'>τὸ</span> <span class='ocrx_word' id='word_1_843' title='bbox 3094 5390 3472 5459; x_wconf 74' lang='grc' dir='ltr'>προχεῖσθαι,</span> <span class='ocrx_word' id='word_1_844' title='bbox 3521 5388 3818 5458; x_wconf 70' lang='lat' dir='ltr'><strong>xpoi‘érat,</strong></span> <span class='ocrx_word' id='word_1_845' title='bbox 3873 5393 3971 5446; x_wconf 79' lang='grc' dir='ltr'>καὶ</span> 
     </span>
    </p>
   </div>
   <div class='ocr_carea' id='block_1_111' title="bbox 2388 5477 3968 5552">
    <p class='ocr_par' dir='ltr' id='par_1_111' title="bbox 2388 5477 3968 5552">
     <span class='ocr_line' id='line_1_111' title="bbox 2388 5477 3968 5552; baseline 0.001 -17"><span class='ocrx_word' id='word_1_846' title='bbox 2388 5480 2764 5544; x_wconf 71' lang='grc' dir='ltr'>ἀναϐλύζειν,</span> <span class='ocrx_word' id='word_1_847' title='bbox 2793 5483 2888 5533; x_wconf 76' lang='grc' dir='ltr'>καὶ</span> <span class='ocrx_word' id='word_1_848' title='bbox 2921 5482 2989 5534; x_wconf 86' lang='grc' dir='ltr'><strong>τά</strong></span> <span class='ocrx_word' id='word_1_849' title='bbox 3017 5480 3262 5542; x_wconf 81' lang='grc' dir='ltr'>τοιαῦτα,</span> <span class='ocrx_word' id='word_1_850' title='bbox 3295 5481 3346 5533; x_wconf 79' lang='grc' dir='ltr'><strong>εί</strong></span> <span class='ocrx_word' id='word_1_851' title='bbox 3389 5481 3483 5533; x_wconf 71' lang='grc' dir='ltr'>καὶ</span> <span class='ocrx_word' id='word_1_852' title='bbox 3527 5478 3678 5533; x_wconf 72' lang='grc' dir='ltr'>ἔστιν</span> <span class='ocrx_word' id='word_1_853' title='bbox 3703 5477 3767 5536; x_wconf 78' lang='grc' dir='ltr'><strong>οῦ</strong></span> <span class='ocrx_word' id='word_1_854' title='bbox 3811 5483 3968 5552; x_wconf 81' lang='grc' dir='ltr'>λεγό-</span> 
     </span>
    </p>
   </div>
   <div class='ocr_carea' id='block_1_112' title="bbox 2392 5571 3968 5650">
    <p class='ocr_par' dir='ltr' id='par_1_112' title="bbox 2392 5571 3968 5650">
     <span class='ocr_line' id='line_1_112' title="bbox 2392 5571 3968 5650; baseline 0 -21"><span class='ocrx_word' id='word_1_855' title='bbox 2392 5592 2531 5646; x_wconf 87' lang='grc' dir='ltr'>μενα</span> <span class='ocrx_word' id='word_1_856' title='bbox 2554 5576 2685 5643; x_wconf 82' lang='grc' dir='ltr'>περὶ</span> <span class='ocrx_word' id='word_1_857' title='bbox 2705 5571 2802 5627; x_wconf 86' lang='grc' dir='ltr'><strong>τοῦ</strong></span> <span class='ocrx_word' id='word_1_858' title='bbox 2841 5573 3162 5642; x_wconf 86' lang='grc' dir='ltr'>Πνεύματος</span> <span class='ocrx_word' id='word_1_859' title='bbox 3206 5576 3273 5628; x_wconf 80' lang='grc' dir='ltr'>ὲκ</span> <span class='ocrx_word' id='word_1_860' title='bbox 3303 5573 3539 5644; x_wconf 83' lang='grc' dir='ltr'>Πατρὸς,</span> <span class='ocrx_word' id='word_1_861' title='bbox 3569 5575 3846 5640; x_wconf 83' lang='grc' dir='ltr'>ούσιωδῶς</span> <span class='ocrx_word' id='word_1_862' title='bbox 3873 5577 3968 5650; x_wconf 84' lang='grc' dir='ltr'>δη·</span> 
     </span>
    </p>
   </div>
   <div class='ocr_carea' id='block_1_113' title="bbox 2389 5665 3968 5737">
    <p class='ocr_par' dir='ltr' id='par_1_113' title="bbox 2389 5665 3968 5737">
     <span class='ocr_line' id='line_1_113' title="bbox 2389 5665 3968 5737; baseline 0 -17"><span class='ocrx_word' id='word_1_863' title='bbox 2389 5666 2540 5720; x_wconf 87' lang='grc' dir='ltr'>λοῦσι</span> <span class='ocrx_word' id='word_1_864' title='bbox 2573 5665 2668 5720; x_wconf 71' lang='grc' dir='ltr'>καὶ</span> <span class='ocrx_word' id='word_1_865' title='bbox 2693 5665 2963 5733; x_wconf 82' lang='grc' dir='ltr'>φυσικῶς,</span> <span class='ocrx_word' id='word_1_866' title='bbox 3006 5666 3277 5736; x_wconf 81' lang='grc' dir='ltr'>ὑπάρχειν</span> <span class='ocrx_word' id='word_1_867' title='bbox 3309 5665 3444 5718; x_wconf 73' lang='grc' dir='ltr'>αὐτὸ</span> <span class='ocrx_word' id='word_1_868' title='bbox 3473 5665 3537 5717; x_wconf 75' lang='grc' dir='ltr'>ὲκ</span> <span class='ocrx_word' id='word_1_869' title='bbox 3563 5665 3797 5737; x_wconf 77' lang='grc' dir='ltr'>Πατρός·</span> <span class='ocrx_word' id='word_1_870' title='bbox 3852 5667 3968 5720; x_wconf 82' lang='grc' dir='ltr'>ἀλλ’</span> 
     </span>
    </p>
   </div>
   <div class='ocr_carea' id='block_1_114' title="bbox 2391 5752 3967 5823">
    <p class='ocr_par' dir='ltr' id='par_1_114' title="bbox 2391 5752 3967 5823">
     <span class='ocr_line' id='line_1_114' title="bbox 2391 5752 3967 5823; baseline -0.004 -11"><span class='ocrx_word' id='word_1_871' title='bbox 2391 5757 2492 5812; x_wconf 85' lang='grc' dir='ltr'>οὐκ</span> <span class='ocrx_word' id='word_1_872' title='bbox 2520 5757 2659 5810; x_wconf 72' lang='grc' dir='ltr'>ὲπάν</span> <span class='ocrx_word' id='word_1_873' title='bbox 2680 5755 2951 5823; x_wconf 82' lang='grc' dir='ltr'>λέγωνται</span> <span class='ocrx_word' id='word_1_874' title='bbox 2979 5754 3153 5808; x_wconf 87' lang='grc' dir='ltr'>ταῦτα</span> <span class='ocrx_word' id='word_1_875' title='bbox 3181 5756 3275 5809; x_wconf 75' lang='grc' dir='ltr'>καὶ</span> <span class='ocrx_word' id='word_1_876' title='bbox 3309 5757 3372 5807; x_wconf 83' lang='grc' dir='ltr'>ὲκ</span> <span class='ocrx_word' id='word_1_877' title='bbox 3396 5752 3491 5808; x_wconf 87' lang='grc' dir='ltr'><strong>τοῦ</strong></span> <span class='ocrx_word' id='word_1_878' title='bbox 3538 5753 3692 5818; x_wconf 83' lang='grc' dir='ltr'>Υίοῦ,</span> <span class='ocrx_word' id='word_1_879' title='bbox 3742 5755 3967 5823; x_wconf 85' lang='grc' dir='ltr'>δηλοῦσι</span> 
     </span>
    </p>
   </div>
   <div class='ocr_carea' id='block_1_115' title="bbox 2391 5844 3966 5917">
    <p class='ocr_par' dir='ltr' id='par_1_115' title="bbox 2391 5844 3966 5917">
     <span class='ocr_line' id='line_1_115' title="bbox 2391 5844 3966 5917; baseline -0.001 -14"><span class='ocrx_word' id='word_1_880' title='bbox 2391 5848 2452 5903; x_wconf 57' lang='lat' dir='ltr'><strong>ei</strong></span> <span class='ocrx_word' id='word_1_881' title='bbox 2484 5848 2728 5914; x_wconf 78' lang='grc' dir='ltr'>φυσικῶς</span> <span class='ocrx_word' id='word_1_882' title='bbox 2759 5848 2854 5902; x_wconf 77' lang='grc' dir='ltr'>καὶ</span> <span class='ocrx_word' id='word_1_883' title='bbox 2898 5846 3170 5911; x_wconf 83' lang='grc' dir='ltr'>ούσιωδῶς</span> <span class='ocrx_word' id='word_1_884' title='bbox 3213 5847 3484 5917; x_wconf 82' lang='grc' dir='ltr'>ὑπάρχειν</span> <span class='ocrx_word' id='word_1_885' title='bbox 3520 5844 3582 5899; x_wconf 75' lang='grc' dir='ltr'>τὸ</span> <span class='ocrx_word' id='word_1_886' title='bbox 3616 5844 3840 5917; x_wconf 87' lang='grc' dir='ltr'>Πνεῦμα</span> <span class='ocrx_word' id='word_1_887' title='bbox 3875 5849 3966 5902; x_wconf 70' lang='grc' dir='ltr'>καὶ</span> 
     </span>
    </p>
   </div>
  </div>
