4152 6450
702 385 770 449 55

1771 395 1979 455 JOAN.
2021 396 2231 455 l'EfTLIl
2278 395 2388 454 ΕΡ.
2431 398 2937 460 ΡᾹΤίὶίᾹέίίΓΙΙΔΕ

3895 394 3968 456 εδ

696 499 940 568 propria,
988 509 1042 553 et
1080 499 1191 568 jam
1231 500 1570 571 intelligatur
1606 503 1912 557 secundum
1969 519 2028 557 se
2074 504 2271 572 ipsum,

2387 505 2552 573 ίδικῇ,
2594 508 2685 557 καὶ
2725 506 2788 575 δὴ
2841 508 3043 560 νοεῖται
3106 507 3228 561 καθ’
3261 507 3445 571 ἑαυτὸ,
3474 505 3594 558 καθ’
3650 507 3678 558 ὃ
3734 507 3967 575 Πνεῦμα

698 605 803 658 qua
840 588 1077 659 Spiritus
1104 601 1218 657 estr
1253 602 1309 646 et
1341 609 1446 646 non
1509 594 1701 661 Filius,
1745 605 2123 648 verumtamen
2171 611 2276 648 non

697 681 1018 736 rstalieuns
1061 683 1130 736 ab
1154 699 1259 749 eo;
1307 683 1546 754 Spiritus
1578 685 1726 740 enim
1771 686 2019 740 veritatis
2049 686 2280 754 appella—

699 781 787 826 tus
810 786 912 837 est,
939 786 992 829 et
1021 784 1101 830 est
1131 776 1381 832 Christus
1398 781 1622 842 veritas,
1647 791 1700 833 et
1723 779 2036 834 effunditur
2065 780 2131 833 ab
2154 779 2278 849 ipso

699 867 912 928 eadem.
956 884 1064 937 qua
1119 880 1173 923 et
1213 886 1243 923 a
1296 871 1454 925 Patre
1494 872 1729 927 ratione.
1768 890 1787 923 ι
1837 872 1983 938 Quid
2028 872 2118 924 hic
2151 872 2280 926 ais?

697 953 998 1012 Videturne
1037 959 1173 1022 tibi,
1230 958 1300 1014 de
1345 963 1628 1016 essentiali
1663 963 1989 1018 exsistrntia
2038 961 2280 1032 Spiritus

696 1061 758 1098 ex
815 1045 955 1101 Fiiio
1010 1063 1318 1102 sermonem
1362 1050 1595 1115 haberi,
1655 1068 1777 1107 cum
1839 1060 2062 1108 sanctus
2125 1053 2274 1118 dicit,

695 1137 899 1192 effundi
944 1139 1205 1208 Spiritum
1253 1158 1282 1195 a
1311 1142 1449 1198 Filio
1467 1160 1635 1215 ,mque
1671 1157 1832 1216 atque
1863 1147 2163 1201 effunditur
2210 1150 2279 1202 ab

696 1232 814 1296 ipso
852 1231 1047 1285 Patre?
1079 1249 1147 1286 an
1199 1249 1333 1289 vero
1381 1236 1449 1291 de
1492 1237 1764 1292 donorum
1813 1239 2278 1309 dispensatione?

695 1322 840 1374 Idem
875 1323 1013 1376 libro
1058 1325 1304 1380 secundo
1336 1324 1774 1392 Thesaurorum,
1807 1344 2060 1384 sermone
2120 1329 2276 1394 cujus

697 1412 787 1464 illa
839 1413 1135 1483 epigraphe
1181 1424 1288 1481 est,
1336 1435 1354 1468 ι
1395 1416 1474 1470 Ex
1526 1418 1767 1472 essentia
1819 1415 2000 1471 Patris
2039 1425 2093 1470 et
2140 1416 2272 1474 Filii

698 1500 962 1570 Spiritum
1009 1513 1264 1558 sanctum
1319 1521 1462 1572 esse,
1501 1525 1518 1559 ι
1559 1508 1670 1561 ait:
1713 1525 1732 1560 ι
1773 1507 1911 1561 Cum
1944 1508 2127 1575 itaque
2158 1504 2278 1575 Spi-

694 1591 837 1647 ritus
865 1605 1087 1650 sanctus
1111 1596 1176 1651 ad
1220 1593 1322 1652 nos
1350 1599 1640 1665 accedens,
1672 1599 1992 1654 conformes
2026 1614 2127 1654 nos
2161 1597 2276 1652 elli-

696 1685 770 1736 rit
832 1683 959 1745 Deo,
1001 1687 1343 1757 progreditur
1391 1705 1526 1744 vero
1584 1699 1640 1746 et
1703 1706 1768 1745 ex
1827 1690 1988 1746 Patre
2020 1701 2074 1745 et
2109 1690 2271 1754 Filio,

695 1777 1050 1834 manifestum
1081 1793 1166 1836 est
1202 1782 1356 1837 illum
1391 1784 1589 1839 divinae
1629 1787 1884 1840 essentiae
1913 1801 2054 1850 esse,
2085 1800 2273 1840 essen-

696 1869 896 1926 tialitcr
926 1873 978 1925 in
1019 1872 1135 1938 ipsa
1170 1885 1225 1927 et
1253 1890 1318 1928 ex
1352 1875 1466 1944 ipsa
1500 1877 1968 1946 progredientem,
2013 1877 2278 1947 quemad-

696 1961 918 2015 modum
975 1978 1169 2033 nempe
1217 1980 1281 2020 ex
1330 1970 1572 2022 humano
1620 1984 1714 2022 ore
1744 1968 1906 2023 flatus
1955 1983 2276 2033 excurrens,

699 2051 825 2104 licet
854 2051 1138 2120 pusillum,
1174 2069 1274 2108 nec
1305 2065 1470 2110 tanta:
1520 2055 1805 2126 dignitatis
1837 2063 2148 2126 exemplmn
2183 2059 2274 2112 sit.

695 2140 872 2210 Super
901 2144 1041 2197 enim
1067 2145 1250 2199 omnia
1270 2144 1411 2202 Deus
1433 2157 1535 2202 est.
1563 2167 1580 2199 ι
1611 2147 1914 2204 Considera
1945 2149 2033 2204 hic
2061 2163 2280 2219 quoque

695 2238 976 2303 quomodo
1011 2237 1218 2291 scribat
1275 2240 1662 2295 sanctissimus
1699 2241 1958 2311 Cyrillns,
1993 2260 2010 2292 ι
2051 2239 2279 2310 Progre-

694 2324 843 2378 ditur
897 2324 1135 2394 Spiritus
1190 2343 1253 2382 ex
1303 2327 1463 2384 Patre
1518 2339 1572 2385 et
1621 2331 1782 2393 Filio,
1826 2350 1843 2382 ι
1894 2340 1948 2385 et
1987 2331 2275 2399 intelligis,

693 2415 1062 2471 cssentialiter
1094 2433 1219 2472 eum
1274 2420 1526 2489 progredi
1555 2431 1609 2476 et
1637 2437 1702 2476 ex
1735 2421 1896 2487 Filio,
1929 2437 2054 2476 cum
2090 2432 2145 2476 et
2183 2438 2276 2478 es-

694 2506 995 2559 sentialiter
1045 2509 1273 2575 prodeat
1323 2511 1484 2564 etiam
1547 2527 1610 2564 ex
1672 2510 1856 2568 Patre.
1916 2511 1983 2567 Et
2018 2513 2274 2582 profundi

693 2597 935 2664 quidem,
972 2599 1244 2668 progredi,
1271 2609 1323 2652 et
1350 2617 1626 2666 emanare,
1659 2610 1822 2672 atque
1853 2604 2056 2658 similia
2088 2619 2278 2659 essen-

694 2690 874 2743 tialem
897 2689 1132 2758 Spiritus
1160 2706 1225 2745 ex
1256 2691 1414 2747 Patre
1447 2703 1499 2748 et
1531 2693 1669 2748 Filio
1700 2695 2078 2750 ersistentiam
2107 2697 2277 2751 deno-

696 2792 833 2847 tare,
871 2782 985 2850 jam
1019 2783 1207 2846 dictis,
1257 2795 1494 2856 utputo,
1539 2787 1868 2843 testimoniis
1919 2790 2056 2844 satis
2105 2792 2278 2844 abun-

694 2876 875 2944 deque
908 2881 1349 2932 demonstratum
1387 2890 1490 2936 est.

768 2967 854 3020 Π.
913 2968 1070 3033 Quod
1115 2985 1246 3024 vero
1283 2973 1721 3029 consideratione
1749 2976 1972 3046 dignum
2016 2979 2180 3043 duco,
2214 2978 2266 3033 id

692 3074 842 3113 nunc
908 3062 1118 3115 tradam
1174 3065 1439 3118 orationi.
1493 3084 1510 3116 ι
1545 3064 1922 3136 Progreditur,
1955 3071 2095 3124 dixit
2146 3087 2274 3126 san-

2383 599 2476 649 καὶ
2503 599 2599 666 οὐχ
2637 599 2785 662 Υἱὸς,
2819 600 2936 652 ἀλλ’
2969 596 3062 652 οῦν
3097 601 3244 652 ἐστιν
3283 601 3386 653 οὐκ
3433 600 3718 668 ἀλλότριον
3767 599 3966 653 αὑτοῦ.

2383 686 2608 758 Πνεῦμα
2643 690 2752 759 γὰρ
2798 690 3056 758 ἀληθείας
3084 691 3540 760 ὠνόμασται,καί
3576 690 3693 742 ἔστι
3727 689 3968 759 Χρισιῦς

2380 785 2412 851 ἡ
2448 782 2693 848 ἀλήθεια,
2726 783 2821 834 καὶ⁵
2851 785 3139 852 προχεῖται
3161 782 3292 852 παρ’
3323 781 3514 846 αὑτοῦ,
3545 782 3799 852 καθάπερ
3828 783 3971 851 ἁμέ-

2380 875 2462 927 λει
2494 875 2685 926 καὶ-,ἐκ
2709 873 2802 925 τοῦ
2837 874 3070 943 Πατρός.
3107 894 3125 926 ι
3160 875 3225 928 Τί
3261 875 3365 946 φὴς
3421 874 3657 928 ἐνταῦθα
3699 876 3828 941 περὶ
3869 872 3968 926 τοῦ

2381 964 2656 1022 ούσιωδῶ;
2684 963 2954 1033 ὑπάρχειν
2987 965 3051 1017 τὸ
3083 964 3312 1035 Πνεῦμα
3342 965 3403 1030 ἐξ
3436 964 3610 1030 Υίοῦς
3659 967 3821 1016 Δοκεῖ
3881 980 3972 1017 σοι

2382 1056 2657 1108 ποιεῖσθαι
2692 1056 2967 1124 τὸνλόγον
3009 1057 3038 1108 ό
3079 1055 3260 1124 ἅγιος,
3315 1055 3646 1126 προχεῖσθαι
3691 1055 3870 1121 λέγων
3909 1057 3974 1106 τὸ

2380 1147 2606 1216 Πνεῦμα
2643 1148 2794 1218 παρά
2824 1147 2916 1200 τοῦ
2950 1147 3102 1212 Υίοῦ,
3137 1148 3395 1216 καθάπερ
3423 1149 3623 1217 ἀμέλει
3655 1148 3751 1199 καὶ
3782 1146 3844 1210 ἐξ
3868 1147 3974 1200 αὖ·

2377 1240 2475 1293 τοῦ
2507 1240 2602 1293 τοῦ
2636 1240 2873 1310 Πατρὸς,
2912 1241 2945 1310 ἢ
2978 1240 3110 1309 περὶ
3139 1241 3501 1310 χαρισμάτων
3547 1237 3854 1308 Sinop/71;;
3907 1234 3974 1290 Ὀ

2379 1334 2544 1395 αὐτὸς
2578 1336 2635 1386 ἐν
2663 1333 2742 1402 τῷ
2787 1333 3032 1402 δευτέρῳ
3063 1333 3172 1385 τῶν
3219 1332 3548 1402 Θησαυρῶν,
3595 1332 3654 1383 ἐν
3713 1330 3789 1399 τῷ
3824 1329 3975 1397 λόγῳ

2378 1419 2503 1494 οῦη
2543 1425 2849 1492 ἐπιγραφὴ,
2888 1441 2906 1474 ι
2941 1422 3067 1476 Ὀτι
3096 1425 3160 1476 ἐκ
3188 1425 3290 1492 τῆς
3346 1424 3547 1485 οὐσίας
3603 1422 3699 1474 τοῦ
3751 1420 3975 1488 Πατρός

2380 1516 2474 1568 καὶ
2499 1514 2590 1566 τοῦ
2628 1514 2756 1566 Υίοῦ
2797 1514 2857 1565 τὸ
2884 1513 3112 1583 Πνεῦμα
3142 1513 3203 1566 τό
3232 1515 3412 1581 ἅγιον,
3457 1532 3478 1565 ι
3535 1512 3701 1582 φησίν
3724 1525 3738 1540 ⁸
3773 1529 3793 1561 ι
3838 1511 3973 1563 Ὅτε

2377 1605 2558 1657 τοίνυν
2594 1605 2655 1655 τὸ
2692 1603 2918 1672 Πνεῦμα
2943 1605 3003 1656 τὸ
3025 1604 3184 1671 ἆγιον
3221 1607 3279 1657 ἐν
3311 1605 3444 1675 ἡμῖν
3474 1604 3767 1673 γινόμενον
3822 1619 3971 1670 συμο

2383 1693 2627 1764 μόρφους
2663 1695 2810 1764 ἡμᾶς
2844 1693 3196 1746 ἀποδεικνύει
3219 1694 3380 1760 Θεοῦ,
3410 1694 3626 1764 πρόεισι
3659 1692 3716 1744 δὲ
3750 1692 3849 1744 καὶ
3905 1693 3977 1743 ἐκ

2382 1785 2597 1855 Πατρός
2627 1786 2720 1837 καὶ
2756 1785 2911 1850 Υίοῦ,
2953 1785 3220 1856 πρόδηλον
3240 1787 3323 1837 ὅτι
3355 1786 3456 1852 τῆς
3489 1784 3641 1846 θείας
3675 1783 3827 1834 ἐστὶν
3864 1783 3963 1834 ού·

2385 1877 2526 1942 σίας,
2559 1877 2830 1940 ούσιωδῶς
2857 1880 2914 1930 ἐν
2941 1879 3078 1947 αὐτῇ
3117 1880 3212 1930 καὶ
3247 1877 3306 1942 ἐξ
3332 1877 3504 1946 αὐτῆς
3534 1876 3747 1946 προῖόν·
3775 1873 3975 1943 ῶσπερ

2384 1968 2478 2025 οῦν
2505 1972 2697 2040 ἀμέλει
2727 1971 2822 2022 καὶ
2850 1969 2910 2021 τὸ
2937 1968 2996 2032 ἐξ
3022 1969 3368 2037 ἀνθρωπείου
3405 1969 3677 2036 στόματος
3704 1966 3974 2034 ἐκτρέχον

2383 2062 2710 2132 ἐμφύσημα,
2746 2061 2794 2114 εί
2829 2061 2925 2114 καὶ
2961 2061 3160 2129 μικρὸν
3200 2059 3296 2112 καὶ
3330 2059 3432 2112 ούκ
3485 2057 3638 2122 ἀξιον
3678 2057 3773 2109 τοῦ
3806 2057 3975 2122 λόγου

2383 2155 2444 2205 τὸ
2469 2154 2798 2222 ὑπόδειγμαο
2845 2151 3024 2204 πάντα
3053 2152 3163 2222 γὰρ
3215 2149 3477 2221 ὑπερέχει
3527 2149 3693 2210 Θεός.
3742 2166 3760 2198 ι
3820 2147 3978 2216 Ὅρα

2385 2245 2667 2300 κάνταῦθα
2706 2245 2823 2306 πῶς
2848 2261 3013 2314 φησιν
3045 2246 3072 2297 ὁ
3109 2244 3285 2312 μέγας
3332 2244 3391 2295 ἐν
3448 2239 3625 2308 ἁγίοις
3674 2239 3978 2308 Κύριλὶος,

2387 2356 2405 2387 ι
2450 2337 2670 2408 Πρόεισι
2696 2337 2757 2388 τὸ
2782 2335 3005 2404 Πνεῦμα
3029 2336 3092 2388 ἐκ
3115 2333 3327 2404 Πατρδς
3365 2333 3459 2386 καὶ
3497 2331 3656 2396 Υίοῦ,
3693 2349 3712 2381 ι
3755 2329 3849 2382 καὶ
3877 2327 3979 2380 σύ-

2381 2445 2469 2492 νες
2499 2417 2770 2489 ούσιωδῶς
2805 2426 2939 2480 αύτδ
2969 2424 3235 2496 προϊέναι
3267 2428 3362 2477 καὶ
3398 2424 3462 2475 ἐκ
3490 2420 3586 2474 τοῦ
3619 2417 3774 2485 Υίοῦ,
3812 2419 3977 2470 ἐπει-

2379 2521 2554 2591 δήπερ
2592 2519 2866 2595 οὐσιρδῶς
2896 2518 3111 2588 πρόεισι
3146 2519 3243 2571 καὶ
3273 2517 3337 2568 ἐκ
3399 2513 3637 2585 Πατρός.
3704 2511 3851 2564 Ἀλλ’
3882 2510 3974 2562 ὅτι

2383 2613 2481 2682 μὲν
2509 2611 2568 2665 τὸ
2605 2609 2980 2678 προχεῖσθαι,
3009 2610 3104 2662 καὶ
3133 2607 3429 2677 προϊέναι,
3457 2607 3548 2658 καὶ
3576 2601 3975 2664 ἀναϐλύζειν,

2380 2706 2473 2756 καὶ
2500 2705 2569 2756 τὰ
2598 2703 2846 2768 τοιαῦτα,
2885 2703 2944 2756 τὸ
2988 2702 3267 2765 ούσιωδῶς
3294 2701 3564 2772 ὑπάρχειν
3615 2699 3676 2751 τὸ
3741 2697 3976 2766 Πνεῦμα

2379 2797 2637 2866 δηλοῦσιν
2675 2799 2742 2850 ἐκ
2785 2779 2998 2866 Πατρός
3034 2795 3131 2848 καὶ
3185 2794 3342 2862 Υίοῦ,
3391 2795 3480 2847 διὰ.
3518 2793 3629 2846 τῶν
3671 2791 3974 2864 ρηθεισῶν,

2379 2889 2456 2954 ὡς
2482 2886 2657 2960 οἶμαι,
2687 2909 2757 2959 μα
2771 2888 3011 2962 ρτυριῶν
3037 2887 3238 2950 ἱκανῶς
3275 2887 3680 2940 ἀποδέδεικται.

2453 2983 2538 3047 ιζ’.
2584 2982 2650 3035 '0
2683 2981 2738 3034 δέ
2771 2997 2866 3050 μοι
2899 2978 3135 3033 ἐνταῦθα
3158 2977 3483 3040 ἐπιστασίας
3515 2975 3772 3046 ἠξίωται,
3803 2973 3968 3027 τοῦτο

2376 3076 2536 3131 δώσω
2570 3075 2646 3145 τῷ
2671 3075 2836 3145 λόγῳ.
2869 3092 2887 3125 ι
2918 3071 3178 3138 Πρόεισιν
3201 3067 3358 3125 εἶπεν
3390 3072 3419 3122 ὁ
3446 3069 3604 3137 ἅγιος
3649 3068 3709 3120 τὸ
3734 3066 3973 3135 Πνεῦμα

692 3159 836 3213 ctus,
899 3148 1134 3217 Spiritus
1186 3168 1251 3206 ex
1307 3153 1467 3208 Patre
1537 3167 1590 3212 et
1653 3158 1808 3224 Filio,
1844 3179 1860 3211 ι
1926 3170 1979 3215 et
2034 3162 2266 3216 duarum

2380 3163 2696 3238 ἐκἨατρὺς
2723 3168 2815 3220 καὶ
2846 3165 3002 3230 Υίοῦ,
3035 3185 3054 3218 ι
3085 3165 3179 3217 καὶ
3211 3163 3308 3217 δύο
3345 3161 3558 3215 τούτων
3606 3159 3973 3212 ὑποστάσεων

695 3240 891 3292 harum
956 3240 1325 3311 hypostaseon
1381 3243 1559 3298 Patris
1621 3255 1676 3300 ct
1742 3247 1860 3301 Filii
1933 3249 2309 3310 mentionem,

691 3330 862 3394 fecit;
919 3340 1034 3386 tum
1085 3347 1153 3388 ne
1201 3336 1325 3404 quis
1386 3351 1484 3406 per
1542 3337 1640 3392 has
1707 3337 1843 3394 duas
1902 3341 2267 3410 hypostascs,

691 3428 829 3481 duas
873 3426 1110 3498 Spiritus
1163 3446 1359 3486 causas
1400 3430 1590 3486 inferri
1631 3434 2034 3501 suspicaretur,
2086 3437 2269 3488 statim

692 3521 1000 3590 subjunxit,
1043 3541 1062 3574 σ
1105 3523 1258 3578 illum
1291 3525 1491 3579 divina:
1530 3541 1653 3580 esse
1688 3529 1965 3590 essentize,
1996 3528 2269 3581 essentia-

694 3613 890 3667 litoriu
925 3615 1064 3684 ipsa,
1110 3623 1164 3670 et
1205 3633 1269 3670 ex
1306 3619 1420 3687 ipsa
1449 3619 1859 3688 provenientcm
1888 3638 1902 3685 ;
1931 3639 1948 3670 ι
1984 3621 2035 3672 in
2080 3620 2268 3688 singu-

688 3705 789 3758 lari
847 3720 1079 3760 numero
1115 3706 1370 3772 efferens,
1422 3709 1555 3762 nihil
1588 3707 1740 3763 aliud
1802 3723 2031 3777 prorsus
2081 3718 2270 3762 osten-

689 3796 791 3860 dit,
822 3812 1013 3866 quam,
1052 3813 1174 3852 cum
1204 3813 1268 3853 ex
1300 3799 1459 3854 Patre
1489 3810 1543 3854 et
1574 3799 1712 3854 Filio
1741 3800 1946 3858 diceret
1975 3799 2266 3870 Spiritum,

689 3903 803 3941 non
852 3897 1112 3957 tanquam
1184 3904 1251 3944 ex
1287 3891 1522 3969 _duabus
1578 3891 1760 3947 causis
1815 3906 1940 3945 eum
1995 3904 2269 3944 asserere.

690 3981 885 4034 Adhuc
937 3980 1103 4034 etiam
1156 3981 1500 4037 manifestius
1567 3997 1758 4037 rursus
1816 3982 2216 4036 demonstrarit
2250 4021 2264 4045 ,

692 4087 803 4126 non
835 4087 953 4126 esse
981 4075 1116 4127 duas
1154 4058 1392 4142 Spiritus
1432 4089 1653 4138 causas,
1691 4089 1817 4128 cum
1873 4075 1963 4128 ille
1995 4090 2062 4128 ex
2111 4074 2271 4129 Patre

693 4172 747 4215 et
774 4161 914 4217 Filio
943 4165 1280 4233 progeditur,
1309 4165 1439 4219 dum
1488 4165 1696 4232 subdit,
1748 4182 1766 4215 ι
1807 4165 2269 4234 quemadmodum

694 4271 890 4325 nempe
919 4266 968 4310 et
1001 4272 1064 4310 ex
1099 4257 1339 4310 humano
1390 4271 1486 4312 ore
1522 4256 1683 4312 flatus
1714 4272 2036 4311 excurrens.
2073 4276 2092 4309 ι
2129 4256 2268 4311 Cum

693 4349 838 4402 enim
878 4359 1035 4403 antea
1080 4349 1326 4414 dixisset,
1363 4368 1380 4402 ι
1412 4365 1476 4404 ex
1524 4351 1700 4405 Patre-
1733 4360 1788 4405 et
1843 4349 1980 4404 Filio
2020 4349 2269 4420 progredi

694 4439 979 4508 Spiritum,
1019 4459 1038 4492 ι
1075 4457 1182 4495 non
1214 4443 1475 4497 adnexuit
1524 4443 1858 4510 inductioni,
1907 4445 2268 4510 quetnadmo-

2376 3261 2595 3332 Πατρδς
2621 3261 2714 3312 καὶ
2741 3258 2872 3312 Υίοῦ
2911 3255 3343 3326 ἐμνημόνευσεν·
3375 3249 3492 3306 εἶτα
3521 3252 3596 3321 μή
3629 3267 3714 3312 τις
3763 3249 3855 3302 διὰ
3906 3249 3970 3302 τδ

2375 3353 2563 3407 δυϊκὸν
2597 3351 2705 3404 τῶν
2737 3349 3093 3402 ὑποστάσεων
3132 3346 3207 3409 ὡς
3240 3346 3304 3397 ἐκ
3351 3343 3446 3396 δύο
3477 3341 3668 3395 αἰτίων
3702 3335 3844 3393 εἶναι
3907 3339 3974 3392 τὸ

2377 3446 2608 3514 Πνεῦμα
2637 3443 2908 3512 οίήσαιτο,
2948 3440 3199 3509 ἐπήγαγε
3228 3435 3508 3506 παρευθὺς
3551 3435 3632 3486 ὅτι
3680 3435 3780 3501 τῆς
3816 3431 3971 3495 θείας

2375 3537 2522 3592 ἐστὶν
2541 3535 2754 3599 οὐσίας,
2787 3531 3062 3594 ούσιωὸῶς
3086 3533 3141 3582 ἐν
3171 3531 3308 3598 αὐτῇ
3337 3529 3432 3580 καὶ
3463 3526 3521 3592 ἐξ
3543 3527 3718 3596 αὐτῆς
3743 3524 3964 3593 προϊὸν,

2375 3627 2571 3690 ἑνικῶς
2601 3625 2760 3679 τοῦτο
2789 3625 2980 3688 εἰπὼν,
3037 3622 3193 3674 οὐδὲν
3249 3620 3379 3674 ἄλλο
3444 3618 3665 3680 πάντως
3712 3614 3970 3668 ἐντεῦθεν

2375 3718 2685 3790 ἐμφαίνων,
2738 3717 2772 3786 ἢ
2826 3715 2910 3768 ὅτι
2967 3714 3032 3766 ἐκ
3087 3711 3308 3783 Πατρδς
3333 3712 3428 3763 καὶ
3486 3707 3617 3761 Υίοῦ
3675 3706 3849 3775 λέγων
3903 3706 3971 3759 τὸ

2375 3810 2621 3878 Πνεῦμα,
2649 3809 2747 3877 οὐχ
2773 3807 2849 3871 ὡς
2885 3809 2947 3860 ἐκ
2979 3805 3072 3858 δύο
3103 3804 3294 3857 αἰτίων
3347 3801 3495 3868 λέγει
3542 3799 3697 3853 αὐτό.
3733 3799 3844 3852 Καὶ
3878 3797 3968 3852 ἐτι

2374 3901 2432 3954 δὲ
2460 3899 2848 3970 ἀριδηλότερον
2877 3896 3040 3952 πάλιν
3092 3895 3323 3962 ἐνέφηνε
3366 3893 3442 3964 μὴ
3505 3890 3600 3945 δύο
3656 3885 3798 3943 εἷναι
3863 3889 3968 3953 τὰς

2367 3980 2556 4054 ἀἰτίας
2583 3990 2678 4043 τοῦ
2709 3988 2853 4044 Πνεύ
2865 4005 3059 4058 ματος,
3092 3987 3234 4040 κατά
3263 3985 3324 4038 τὸ
3357 3986 3421 4037 ἐκ
3445 3983 3658 4052 Πατρός
3701 3982 3796 4034 καὶ⁵
3827 3979 3967 4034 Υίοῦ

2377 4085 2632 4155 προϊέναι
2663 4083 2817 4142 αὐτὸ,
2845 4082 2902 4135 ἐν
2925 4079 3004 4147 τῷ
3035 4080 3363 4147 ἐπαγαγεῖν,
3424 4076 3674 4144 (Ὠσπερ
3702 4072 3796 4137 οῦν
3826 4073 3970 4142 ape.

2374 4174 2457 4226 λει
2495 4174 2590 4226 καὶ
2624 4173 2684 4225 τὸ
2711 4172 2769 4237 ἐξ
2799 4170 3152 4240 ἀνθρωπείου
3218 4168 3492 4236 στόματος
3546 4164 3807 4234 ἐκτρέχον
3861 4165 3969 4230 ἐμ-

2375 4264 2628 4336 φύσημα.
2662 4284 2680 4316 ι
2713 4263 2900 4317 Εἰπὼν
2939 4263 3050 4332 γὰρ
3089 4260 3361 4331 πρότερον
3423 4277 3441 4309 ι
3498 4259 3562 4310 ἐκ
3596 4256 3810 4325 Πατρὸς
3864 4255 3969 4308 καὶ

2374 4356 2506 4410 Υίοῦ
2539 4355 2793 4426 προϊέναι
2815 4354 2873 4406 τὸ
2902 4353 3149 4422 Πνεῦμα,
3188 4369 3206 4402 ι
3259 4351 3320 4403 οὐ
3356 4347 3666 4418 προσέθηκε
3722 4349 3787 4416 τῇ
3829 4349 3965 4398 ἑπα-

2375 4451 2556 4520 γωγῇ,
2593 4447 2784 4516 ῶσπερ
2824 4441 2918 4498 οῦν
2947 4445 3043 4498 καὶ
3071 4445 3132 4496 τὸ
3165 4443 3224 4508 ἐξ
3254 4441 3612 4512 ἀνθρωπείων
3647 4431 3962 4506 στομάτων,

690 4530 823 4583 dum
863 4546 926 4584 ex
962 4531 1218 4585 humanis
1269 4532 1480 4597 oribus,
1531 4550 1548 4583 ι
1580 4532 1676 4588 sed
1710 4548 1774 4587 ex
1807 4534 2054 4588 humano
2087 4548 2206 4597 ore,
2245 4551 2262 4583 ι

2377 4540 2512 4594 ἀλλά
2545 4539 2605 4590 τὸ
2627 4538 2686 4602 ἐξ
2716 4535 3068 4606 ἀνθρωπείου
3094 4535 3368 4603 στόματος
3402 4551 3419 4582 ι
3457 4530 3674 4592 ἐνικῶς.
3709 4530 3824 4598 Τὴν
3852 4544 3967 4580 τοι-

691 4638 921 4676 numero
947 4623 1230 4688 singulari,
1259 4632 1313 4679 et
1333 4625 1578 4694 ejusdem
1600 4626 1819 4681 unionis
1856 4626 2086 4695 speciem
2114 4626 2268 4680 exhi-

689 4717 844 4779 bens,
877 4717 1006 4770 dum
1046 4732 1112 4770 ex
1141 4717 1297 4794 Patre
1343 4727 1394 4772 et
1439 4717 1576 4772 Filio
1619 4715 1854 4786 Spiritus
1904 4717 2264 4788 progreditur.

690 4807 802 4861 lloc
822 4808 964 4861 idem
996 4808 1141 4861 aliud
1180 4809 1360 4878 magni
1394 4808 1585 4863 Basilii
1619 4809 1832 4862 dictum
1866 4809 2128 4876 scriptum
2175 4809 2267 4863 tibi

689 4900 1056 4953 confirmabit.
1103 4900 1203 4953 Hic
1258 4915 1494 4969 namque
1577 4899 1630 4952 in
1683 4915 1794 4953 uno
1855 4900 2067 4966 capite,
2112 4899 2269 4968 cujus

688 4991 823 5043 inscn
842 4990 993 5059 iptio,
1016 4989 1290 5043 «Divinam
1317 5000 1563 5044 naturam
1582 5004 1702 5044 esse
1723 4988 2038 5059 Spiritum,»
2071 4990 2266 5043 tradit:

688 5079 923 5151 Spiritus
956 5081 1100 5134 enim
1127 5095 1249 5136 cum
1292 5081 1492 5135 Viventi
1526 5066 1704 5136 Verbo
1755 5082 1808 5135 in
1839 5083 2030 5135 eodum
2079 5079 2269 5136 ordine

687 5175 1062 5228 collocaturad
1083 5175 1399 5240 creandum,
1427 5176 1548 5230 viva
1568 5175 1765 5238 virtus,
1782 5184 1835 5228 et
1853 5185 2042 5228 natura
2062 5174 2264 5237 divina,

689 5266 1003 5330 ineffabilis,
1022 5281 1088 5320 ex
1111 5265 1368 5320 ineffabili
1391 5282 1485 5320 ore
1503 5265 1777 5322 exsistens
1798 5265 2054 5321 ineffabili
2081 5266 2263 5327 modo,

687 5367 741 5412 et
772 5372 865 5423 per
897 5356 1142 5410 inflatum
1187 5356 1241 5410 in
1267 5356 1546 5414 hominem
1583 5359 1770 5421 missa,
1807 5373 1928 5426 qua).
1956 5358 2261 5411 secundum

687 5464 1014 5518 rorporeum
1038 5464 1067 5502 a
1100 5449 1317 5503 Christo
1365 5460 1576 5520 typum,
1625 5459 1932 5514 ostensum,
1969 5464 2160 5502 rursus
2193 5448 2263 5502 ab

686 5556 754 5594 eo
801 5554 895 5608 per
926 5538 1169 5593 inﬂatum
1202 5540 1471 5594 restituta.
1528 5539 1871 5596 Concurrere
1921 5539 2066 5593 enim
2104 5539 2266 5594 debet

685 5649 808 5686 cum
833 5632 1008 5701 prima
1039 5632 1301 5697 novitate,
1335 5647 1396 5685 ea
1428 5648 1547 5700 qure
1583 5647 1726 5687 nunc
1760 5633 1816 5686 fit
1869 5633 2164 5688 inuovatio.
2199 5630 2263 5683 Et

685 5739 1016 5778 concursum
1035 5725 1302 5792 expressit
1321 5723 1567 5788 sufflans,
1587 5724 1724 5779 idem
1749 5724 1836 5778 ille
1850 5724 2140 5790 exsistcns,
2166 5725 2260 5793 qui

686 5831 715 5871 a
751 5815 1019 5886 ptinripio
1059 5813 1377 5882 insufflaiit,
1438 5814 1702 5886 idemque,
1740 5829 1832 5884 per
1890 5832 2053 5885 quem
2110 5817 2256 5872 Deus

2379 4633 2553 4701 αύτην
2587 4631 2686 4698 τῆς
2714 4630 2970 4697 ἐνότητος
3001 4627 3262 4695 ἔμφασιν,
3292 4627 3351 4677 ἐν
3383 4623 3460 4693 τῷ
3503 4625 3565 4674 ἐκ
3600 4619 3816 4688 Πατρδς
3866 4620 3968 4672 καὶ

2379 4723 2511 4777 Υίοῦ
2550 4723 2803 4790 προϊέναι
2830 4719 2889 4771 τὸ
2921 4719 3171 4786 Πνεῦμα,
3208 4718 3311 4769 καὶ·
3351 4715 3514 4785 ἑτέρα
3562 4730 3646 4776 τις
3706 4711 3961 4782 γραφικὴ

2380 4819 2540 4888 ῥῆσις
2583 4812 2676 4866 τοῦ
2715 4812 2955 4882 μεγάλου
2989 4809 3276 4864 Βασιλείου
3312 4804 3600 4878 βεϐαιώσει
3653 4818 3758 4856 σοι·
3802 4794 3962 4864 οὗτος

2378 4907 2598 4974 καὶγὰρ
2625 4909 2681 4958 ἐν
2700 4907 2780 4956 ἐνὶ
2801 4903 2910 4954 τῶν
2939 4901 3277 4970 κεφαλαίων,
3301 4893 3410 4968 οὗὴ
3435 4895 3742 4967 ἐπιγραφὴ,
3779 4911 3799 4944 ι
3831 4893 3961 4946 "On

2377 4999 2492 5052 θεία
2515 4996 2676 5065 φύσις
2694 4994 2752 5046 τὸ
2771 4993 3047 5058 Πνεῦμα,›
3070 4991 3227 5061 φησί’
3256 5009 3274 5042 ι
3301 4988 3522 5056 Πνεῦμα
3549 4991 3659 5056 γὰρ
3690 4984 3766 5055 τῷ
3792 4983 3962 5048 ζῶντι

2377 5091 2533 5158 Λόγῳ
2560 5085 2992 5158 συντεταγμένον
3038 5084 3118 5145 είς
3141 5084 3201 5134 τδ
3251 5082 3626 5151 δημιουργεϊν,
3679 5076 3830 5142 ζῶσα
3861 5076 3962 5128 δύ-

2375 5197 2560 5249 ναμις,
2599 5177 2695 5254 κα).
2729 5176 2849 5228 θεία
2880 5178 3065 5244 φύσις,
3095 5175 3335 5244 ἅρῤητος
3358 5171 3418 5235 ἐξ
3458 5171 3703 5242 ἀρρήτου
3751 5167 3961 5235 στόμα-

2370 5287 2465 5330 τος
2491 5268 2787 5337 πεφηνυία,
2815 5266 3094 5337 ἀρρήτως,
3124 5265 3219 5317 καὶ
3243 5261 3385 5315 κατά
3410 5260 3510 5330 τὴν
3533 5259 3847 5330 ἐμφύσησιν
3871 5259 3955 5320 εἰς

2371 5358 2462 5411 τὸν
2488 5357 2780 5427 ἄνθρωπον
2810 5355 3222 5425 ἀπεσταλμένη,
3266 5355 3361 5407 καὶ
3415 5352 3560 5404 κατά
3586 5351 3677 5404 τδν
3704 5365 3956 5418 σωματι-

2374 5449 2484 5512 κῶς
2509 5448 2613 5502 ὑπὸ
2653 5449 2747 5502 τοῦ
2780 5447 2986 5517 Κυρίου
3011 5446 3292 5517 δειχθέντα
3317 5446 3509 5511 τύπον,
3538 5439 3697 5505 αὖθις
3724 5441 3820 5494 ὑπ’
3855 5441 3957 5493 αὐ-

2371 5542 2466 5595 τοῦ
2516 5543 2582 5594 δι’
2647 5542 3014 5611 ἐμφυσήσεως
3064 5537 3552 5606 ἀποκαθισταμένη
3609 5531 3953 5602 (συντρέχειν

2371 5635 2480 5703 γὰρ
2513 5634 2594 5686 δεῖ
2622 5636 2687 5702 τῇ
2728 5631 2871 5685 κατά
2904 5631 3079 5700 ἀρχὴν
3122 5629 3404 5698 καινότητι
3440 5628 3539 5695 τὴν
3579 5623 3677 5678 νῦν
3711 5622 3947 5676 ἀνακαί·

2373 5725 2535 5792 νισιν)
2567 5726 2660 5778 καὶ
2711 5724 2809 5794 τὴν
2857 5723 3167 5792 συνδρομὴν
3203 5721 3550 5784 ἐξετύπωσεν
3598 5717 3947 5787 ἐμφυσήσας,

2371 5817 2468 5887 οὐχ
2494 5816 2577 5871 Ere
2589 5833 2676 5886 ρος
2703 5817 2780 5868 ὢν
2814 5815 2963 5886 παρὰ
2984 5815 3076 5881 τὸν
3104 5813 3163 5878 ἐξ
3182 5813 3359 5884 ἀρχῆς
3376 5811 3799 5883 ἐμφυσήσαντα,
3822 5809 3944 5865 ἀλλ’
