  <div class='ocr_page' id='page_1' title='image "/cluster/home/n/w/nwhite01/storage/ocr_20150623/141/pst.000005714575/040.png"; bbox 0 0 4152 6472; ppageno 0'>
   <div class='ocr_carea' id='block_1_1' title="bbox 121 429 1719 501">
    <p class='ocr_par' dir='ltr' id='par_1_1' title="bbox 121 431 1719 501">
     <span class='ocr_line' id='line_1_1' title="bbox 121 431 1719 501; baseline -0.007 0"><span class='ocrx_word' id='word_1_1' title='bbox 121 437 182 501; x_wconf 76' lang='lat'><em>65</em></span> <span class='ocrx_word' id='word_1_2' title='bbox 1174 498 1179 501; x_wconf 23' lang='grc' dir='ltr'><strong>ν</strong></span> <span class='ocrx_word' id='word_1_3' title='bbox 1232 434 1327 495; x_wconf 87' lang='lat' dir='ltr'><strong>DE</strong></span> <span class='ocrx_word' id='word_1_4' title='bbox 1368 431 1667 494; x_wconf 78' lang='lat' dir='ltr'><strong>UNIONE</strong></span> <span class='ocrx_word' id='word_1_5' title='bbox 1706 431 1719 489; x_wconf 84' lang='lat' dir='ltr'><strong>i</strong></span> 
     </span>
    </p>
   </div>
   <div class='ocr_carea' id='block_1_2' title="bbox 1826 429 3413 501">
    <p class='ocr_par' dir='ltr' id='par_1_2' title="bbox 1826 429 3413 493">
     <span class='ocr_line' id='line_1_2' title="bbox 1826 429 3413 493; baseline 0.001 -2"><span class='ocrx_word' id='word_1_6' title='bbox 1826 429 2267 492; x_wconf 73' lang='grc' dir='ltr'>ιιεειΑιιυΜ.</span> <span class='ocrx_word' id='word_1_7' title='bbox 3342 429 3413 493; x_wconf 77' lang='grc'>66</span> 
     </span>
    </p>
   </div>
   <div class='ocr_carea' id='block_1_3' title="bbox 173 538 1719 621">
    <p class='ocr_par' dir='ltr' id='par_1_3' title="bbox 173 543 1714 621">
     <span class='ocr_line' id='line_1_3' title="bbox 173 543 1714 621; baseline -0.003 -20"><span class='ocrx_word' id='word_1_8' title='bbox 173 550 254 621; x_wconf 76' lang='grc' dir='ltr'><strong>ιβ.</strong></span> <span class='ocrx_word' id='word_1_9' title='bbox 284 550 407 603; x_wconf 80' lang='grc' dir='ltr'>Ὀτι</span> <span class='ocrx_word' id='word_1_10' title='bbox 442 549 503 603; x_wconf 71' lang='grc' dir='ltr'>δὲ</span> <span class='ocrx_word' id='word_1_11' title='bbox 535 549 604 603; x_wconf 80' lang='grc' dir='ltr'>οὗ</span> <span class='ocrx_word' id='word_1_12' title='bbox 639 547 839 619; x_wconf 91' lang='grc' dir='ltr'>μόναις</span> <span class='ocrx_word' id='word_1_13' title='bbox 861 546 982 608; x_wconf 74' lang='grc' dir='ltr'><strong>ταῖς</strong></span> <span class='ocrx_word' id='word_1_14' title='bbox 1001 543 1383 614; x_wconf 76' lang='grc' dir='ltr'>θεολογούσαις</span> <span class='ocrx_word' id='word_1_15' title='bbox 1403 545 1463 597; x_wconf 78' lang='grc' dir='ltr'><strong>τὸ</strong></span> <span class='ocrx_word' id='word_1_16' title='bbox 1487 543 1714 613; x_wconf 81' lang='grc' dir='ltr'><strong>Πνεῦμα</strong></span> 
     </span>
    </p>
   </div>
   <div class='ocr_carea' id='block_1_4' title="bbox 1826 538 3414 621">
    <p class='ocr_par' dir='ltr' id='par_1_4' title="bbox 1889 538 3414 612">
     <span class='ocr_line' id='line_1_4' title="bbox 1889 538 3414 612; baseline 0.003 -18"><span class='ocrx_word' id='word_1_17' title='bbox 1889 540 1981 595; x_wconf 73' lang='grc'><strong>22.</strong></span> <span class='ocrx_word' id='word_1_18' title='bbox 2009 539 2200 610; x_wconf 79' lang='lat' dir='ltr'><strong>Neque</strong></span> <span class='ocrx_word' id='word_1_19' title='bbox 2229 538 2404 607; x_wconf 85' lang='lat' dir='ltr'><strong>solas,</strong></span> <span class='ocrx_word' id='word_1_20' title='bbox 2425 553 2548 610; x_wconf 73' lang='lat' dir='ltr'><strong>quae</strong></span> <span class='ocrx_word' id='word_1_21' title='bbox 2571 539 2646 597; x_wconf 82' lang='lat' dir='ltr'><strong>de.</strong></span> <span class='ocrx_word' id='word_1_22' title='bbox 2671 539 2879 612; x_wconf 77' lang='lat' dir='ltr'><strong>Spiritu</strong></span> <span class='ocrx_word' id='word_1_23' title='bbox 2910 551 3414 612; x_wconf 78' lang='lat' dir='ltr'><strong>pertractaverunt,</strong></span> 
     </span>
    </p>
   </div>
   <div class='ocr_carea' id='block_1_5' title="bbox 124 635 1716 711">
    <p class='ocr_par' dir='ltr' id='par_1_5' title="bbox 124 635 1716 711">
     <span class='ocr_line' id='line_1_5' title="bbox 124 635 1716 711; baseline -0.006 -15"><span class='ocrx_word' id='word_1_24' title='bbox 124 645 313 711; x_wconf 69' lang='grc' dir='ltr'><strong>φωναῖς</strong></span> <span class='ocrx_word' id='word_1_25' title='bbox 354 643 389 711; x_wconf 78' lang='grc' dir='ltr'>ἡ</span> <span class='ocrx_word' id='word_1_26' title='bbox 434 641 687 711; x_wconf 74' lang='grc' dir='ltr'>δήλωσις</span> <span class='ocrx_word' id='word_1_27' title='bbox 738 638 925 691; x_wconf 71' lang='grc' dir='ltr'>ἔνεστι</span> <span class='ocrx_word' id='word_1_28' title='bbox 986 636 1081 690; x_wconf 73' lang='grc' dir='ltr'>τοῦ</span> <span class='ocrx_word' id='word_1_29' title='bbox 1126 635 1351 706; x_wconf 80' lang='grc' dir='ltr'>ἁμέσως</span> <span class='ocrx_word' id='word_1_30' title='bbox 1389 636 1453 688; x_wconf 80' lang='grc' dir='ltr'><strong>ὲκ</strong></span> <span class='ocrx_word' id='word_1_31' title='bbox 1502 637 1716 705; x_wconf 77' lang='grc' dir='ltr'>Πατρός</span> 
     </span>
    </p>
   </div>
   <div class='ocr_carea' id='block_1_6' title="bbox 123 726 1717 801">
    <p class='ocr_par' dir='ltr' id='par_1_6' title="bbox 123 726 1717 801">
     <span class='ocr_line' id='line_1_6' title="bbox 123 726 1717 801; baseline -0.004 -16"><span class='ocrx_word' id='word_1_32' title='bbox 123 729 253 786; x_wconf 72' lang='grc' dir='ltr'>εἶναι</span> <span class='ocrx_word' id='word_1_33' title='bbox 288 732 350 784; x_wconf 78' lang='grc' dir='ltr'><strong>τὸ</strong></span> <span class='ocrx_word' id='word_1_34' title='bbox 388 731 659 801; x_wconf 86' lang='grc' dir='ltr'>Πνεῦμα,</span> <span class='ocrx_word' id='word_1_35' title='bbox 691 729 833 784; x_wconf 77' lang='grc' dir='ltr'>ἀλλὰ</span> <span class='ocrx_word' id='word_1_36' title='bbox 864 726 1060 781; x_wconf 76' lang='grc' dir='ltr'>πολλαὶ</span> <span class='ocrx_word' id='word_1_37' title='bbox 1089 729 1186 782; x_wconf 75' lang='grc' dir='ltr'><strong>καὶ</strong></span> <span class='ocrx_word' id='word_1_38' title='bbox 1215 727 1376 782; x_wconf 72' lang='grc' dir='ltr'>ἄλλαι</span> <span class='ocrx_word' id='word_1_39' title='bbox 1440 726 1717 797; x_wconf 80' lang='grc' dir='ltr'>γραφικαὶ</span> 
     </span>
    </p>
   </div>
   <div class='ocr_carea' id='block_1_7' title="bbox 124 819 1715 895">
    <p class='ocr_par' dir='ltr' id='par_1_7' title="bbox 124 819 1715 895">
     <span class='ocr_line' id='line_1_7' title="bbox 124 819 1715 895; baseline -0.011 -5"><span class='ocrx_word' id='word_1_40' title='bbox 124 825 333 895; x_wconf 74' lang='grc' dir='ltr'>χρήσεις</span> <span class='ocrx_word' id='word_1_41' title='bbox 364 826 482 887; x_wconf 81' lang='grc' dir='ltr'>τοῖς</span> <span class='ocrx_word' id='word_1_42' title='bbox 518 824 605 886; x_wconf 76' lang='grc' dir='ltr'>εἰς</span> <span class='ocrx_word' id='word_1_43' title='bbox 635 822 803 893; x_wconf 74' lang='grc' dir='ltr'>βάθος</span> <span class='ocrx_word' id='word_1_44' title='bbox 826 822 1237 891; x_wconf 82' lang='grc' dir='ltr'><strong>διανοουμένοις</strong></span> <span class='ocrx_word' id='word_1_45' title='bbox 1268 821 1330 872; x_wconf 79' lang='grc' dir='ltr'><strong>τὸ</strong></span> <span class='ocrx_word' id='word_1_46' title='bbox 1346 819 1481 873; x_wconf 79' lang='grc' dir='ltr'><strong>αὐτὸ</strong></span> <span class='ocrx_word' id='word_1_47' title='bbox 1533 826 1715 891; x_wconf 84' lang='grc' dir='ltr'>νόημα</span> 
     </span>
    </p>
   </div>
   <div class='ocr_carea' id='block_1_8' title="bbox 125 910 1718 983">
    <p class='ocr_par' dir='ltr' id='par_1_8' title="bbox 125 910 1718 983">
     <span class='ocr_line' id='line_1_8' title="bbox 125 910 1718 983; baseline -0.002 -16"><span class='ocrx_word' id='word_1_48' title='bbox 125 914 482 983; x_wconf 70' lang='grc' dir='ltr'>παριστῶσιν,</span> <span class='ocrx_word' id='word_1_49' title='bbox 515 913 768 983; x_wconf 78' lang='grc' dir='ltr'>δηλώσει</span> <span class='ocrx_word' id='word_1_50' title='bbox 844 914 913 965; x_wconf 81' lang='grc' dir='ltr'><strong>τὰ</strong></span> <span class='ocrx_word' id='word_1_51' title='bbox 947 910 1319 983; x_wconf 76' lang='grc' dir='ltr'>ῥηθησόμενα.</span> <span class='ocrx_word' id='word_1_52' title='bbox 1379 911 1446 964; x_wconf 92' lang='grc' dir='ltr'>Τί</span> <span class='ocrx_word' id='word_1_53' title='bbox 1478 912 1589 982; x_wconf 82' lang='grc' dir='ltr'>γὰρ</span> <span class='ocrx_word' id='word_1_54' title='bbox 1650 910 1718 965; x_wconf 82' lang='grc' dir='ltr'><strong>ἂν</strong></span> 
     </span>
    </p>
   </div>
   <div class='ocr_carea' id='block_1_9' title="bbox 125 1002 1720 1075">
    <p class='ocr_par' dir='ltr' id='par_1_9' title="bbox 125 1002 1720 1075">
     <span class='ocr_line' id='line_1_9' title="bbox 125 1002 1720 1075; baseline -0.003 -15"><span class='ocrx_word' id='word_1_55' title='bbox 125 1007 241 1061; x_wconf 68' lang='grc' dir='ltr'>ἄλλο</span> <span class='ocrx_word' id='word_1_56' title='bbox 302 1006 679 1075; x_wconf 73' lang='grc' dir='ltr'>διανοήσαιτό</span> <span class='ocrx_word' id='word_1_57' title='bbox 713 1022 817 1068; x_wconf 87' lang='grc' dir='ltr'>τις,</span> <span class='ocrx_word' id='word_1_58' title='bbox 850 1004 933 1073; x_wconf 85' lang='grc' dir='ltr'>τῷ</span> <span class='ocrx_word' id='word_1_59' title='bbox 977 1003 1397 1073; x_wconf 82' lang='grc' dir='ltr'>Θαυματουργῷ</span> <span class='ocrx_word' id='word_1_60' title='bbox 1426 1002 1720 1074; x_wconf 84' lang='grc' dir='ltr'>Γρηγορίῳ</span> 
     </span>
    </p>
   </div>
   <div class='ocr_carea' id='block_1_10' title="bbox 126 1095 1717 1168">
    <p class='ocr_par' dir='ltr' id='par_1_10' title="bbox 126 1095 1717 1168">
     <span class='ocr_line' id='line_1_10' title="bbox 126 1095 1717 1168; baseline -0.001 -16"><span class='ocrx_word' id='word_1_61' title='bbox 126 1099 325 1166; x_wconf 68' lang='grc' dir='ltr'>λέγοντι</span> <span class='ocrx_word' id='word_1_62' title='bbox 379 1098 769 1167; x_wconf 68' lang='grc' dir='ltr'>ἐντυγχάνων,</span> <span class='ocrx_word' id='word_1_63' title='bbox 813 1097 917 1160; x_wconf 84' lang='grc' dir='ltr'>ὅτι,</span> <span class='ocrx_word' id='word_1_64' title='bbox 962 1114 981 1147; x_wconf 81' lang='grc' dir='ltr'><strong>ι</strong></span> <span class='ocrx_word' id='word_1_65' title='bbox 1019 1095 1128 1149; x_wconf 86' lang='grc' dir='ltr'>Τοῦ</span> <span class='ocrx_word' id='word_1_66' title='bbox 1169 1097 1377 1168; x_wconf 80' lang='grc' dir='ltr'>Κυρίου</span> <span class='ocrx_word' id='word_1_67' title='bbox 1441 1099 1470 1150; x_wconf 98' lang='lat'><strong>6</strong></span> <span class='ocrx_word' id='word_1_68' title='bbox 1518 1097 1717 1168; x_wconf 79' lang='grc' dir='ltr'><strong>Πατὴρ</strong></span> 
     </span>
    </p>
   </div>
   <div class='ocr_carea' id='block_1_11' title="bbox 128 1189 1716 1274">
    <p class='ocr_par' dir='ltr' id='par_1_11' title="bbox 128 1189 1716 1274">
     <span class='ocr_line' id='line_1_11' title="bbox 128 1189 1716 1274; baseline -0.004 -28"><span class='ocrx_word' id='word_1_69' title='bbox 128 1194 281 1264; x_wconf 74' lang='grc' dir='ltr'>ἁρχὴ,</span> <span class='ocrx_word' id='word_1_70' title='bbox 311 1191 503 1254; x_wconf 74' lang='grc' dir='ltr'>ἀϊδίως</span> <span class='ocrx_word' id='word_1_71' title='bbox 548 1192 726 1245; x_wconf 81' lang='grc' dir='ltr'>αὑτὸν</span> <span class='ocrx_word' id='word_1_72' title='bbox 776 1190 1071 1261; x_wconf 75' lang='grc' dir='ltr'><strong>γεννήσας,</strong></span> <span class='ocrx_word' id='word_1_73' title='bbox 1101 1192 1196 1243; x_wconf 77' lang='grc' dir='ltr'><strong>καὶ</strong></span> <span class='ocrx_word' id='word_1_74' title='bbox 1236 1189 1598 1261; x_wconf 76' lang='grc' dir='ltr'>πρωτότυπης</span> <span class='ocrx_word' id='word_1_75' title='bbox 1621 1190 1716 1274; x_wconf 65' lang='grc' dir='ltr'>τοῦ</span> 
     </span>
    </p>
   </div>
   <div class='ocr_carea' id='block_1_12' title="bbox 130 1277 1719 1351">
    <p class='ocr_par' dir='ltr' id='par_1_12' title="bbox 130 1277 1719 1351">
     <span class='ocr_line' id='line_1_12' title="bbox 130 1277 1719 1351; baseline -0.004 -14"><span class='ocrx_word' id='word_1_76' title='bbox 130 1285 435 1351; x_wconf 83' lang='grc' dir='ltr'>Πνεῦματος</span> <span class='ocrx_word' id='word_1_77' title='bbox 457 1285 487 1336; x_wconf 86' lang='lat'><strong>6</strong></span> <span class='ocrx_word' id='word_1_78' title='bbox 513 1282 735 1351; x_wconf 79' lang='grc' dir='ltr'>Κύριος</span> <span class='ocrx_word' id='word_1_79' title='bbox 761 1295 777 1345; x_wconf 91' lang='lat'><strong>;</strong></span> <span class='ocrx_word' id='word_1_80' title='bbox 807 1299 827 1331; x_wconf 74' lang='grc' dir='ltr'><strong>ι</strong></span> <span class='ocrx_word' id='word_1_81' title='bbox 857 1279 980 1341; x_wconf 85' lang='grc' dir='ltr'><strong>Πῶς</strong></span> <span class='ocrx_word' id='word_1_82' title='bbox 1012 1280 1339 1349; x_wconf 82' lang='grc' dir='ltr'>νοηθήσεται</span> <span class='ocrx_word' id='word_1_83' title='bbox 1374 1280 1435 1332; x_wconf 81' lang='grc' dir='ltr'><strong>τὸ</strong></span> <span class='ocrx_word' id='word_1_84' title='bbox 1491 1277 1719 1349; x_wconf 75' lang='grc' dir='ltr'>Πνεῦμα</span> 
     </span>
    </p>
   </div>
   <div class='ocr_carea' id='block_1_13' title="bbox 127 1368 1719 1447">
    <p class='ocr_par' dir='ltr' id='par_1_13' title="bbox 127 1368 1719 1447">
     <span class='ocr_line' id='line_1_13' title="bbox 127 1368 1719 1447; baseline -0.003 -18"><span class='ocrx_word' id='word_1_85' title='bbox 127 1374 214 1429; x_wconf 78' lang='grc' dir='ltr'><strong>τοῦ</strong></span> <span class='ocrx_word' id='word_1_86' title='bbox 247 1376 454 1447; x_wconf 78' lang='grc' dir='ltr'>Κυρίου</span> <span class='ocrx_word' id='word_1_87' title='bbox 488 1376 884 1445; x_wconf 83' lang='grc' dir='ltr'>πρωτότυπον,</span> <span class='ocrx_word' id='word_1_88' title='bbox 918 1374 967 1425; x_wconf 83' lang='grc' dir='ltr'>εί</span> <span class='ocrx_word' id='word_1_89' title='bbox 994 1372 1092 1426; x_wconf 72' lang='grc' dir='ltr'><strong>καῖ</strong></span> <span class='ocrx_word' id='word_1_90' title='bbox 1119 1372 1180 1426; x_wconf 80' lang='grc' dir='ltr'><strong>τὸ</strong></span> <span class='ocrx_word' id='word_1_91' title='bbox 1209 1368 1455 1442; x_wconf 64' lang='grc' dir='ltr'><strong>Πνεῦμα</strong></span> <span class='ocrx_word' id='word_1_92' title='bbox 1489 1373 1719 1443; x_wconf 77' lang='grc' dir='ltr'>ἀμέσως</span> 
     </span>
    </p>
   </div>
   <div class='ocr_carea' id='block_1_14' title="bbox 129 1464 1719 1539">
    <p class='ocr_par' dir='ltr' id='par_1_14' title="bbox 129 1464 1719 1539">
     <span class='ocr_line' id='line_1_14' title="bbox 129 1464 1719 1539; baseline -0.001 -18"><span class='ocrx_word' id='word_1_93' title='bbox 129 1469 194 1532; x_wconf 81' lang='grc' dir='ltr'>ὡς</span> <span class='ocrx_word' id='word_1_94' title='bbox 238 1467 413 1531; x_wconf 81' lang='grc' dir='ltr'>όΥίὸς</span> <span class='ocrx_word' id='word_1_95' title='bbox 460 1471 529 1521; x_wconf 73' lang='lat' dir='ltr'><strong>hc</strong></span> <span class='ocrx_word' id='word_1_96' title='bbox 568 1468 830 1539; x_wconf 84' lang='grc' dir='ltr'>Πατρός;</span> <span class='ocrx_word' id='word_1_97' title='bbox 888 1466 956 1519; x_wconf 83' lang='grc' dir='ltr'>Ἣ</span> <span class='ocrx_word' id='word_1_98' title='bbox 988 1464 1108 1529; x_wconf 82' lang='grc' dir='ltr'>πῶς</span> <span class='ocrx_word' id='word_1_99' title='bbox 1137 1466 1481 1537; x_wconf 81' lang='grc' dir='ltr'>Ινοηθήσεται</span> <span class='ocrx_word' id='word_1_100' title='bbox 1532 1467 1562 1519; x_wconf 90' lang='lat'><strong>6</strong></span> <span class='ocrx_word' id='word_1_101' title='bbox 1616 1465 1719 1536; x_wconf 85' lang='grc' dir='ltr'><strong>μὲν</strong></span> 
     </span>
    </p>
   </div>
   <div class='ocr_carea' id='block_1_15' title="bbox 128 1557 1717 1631">
    <p class='ocr_par' dir='ltr' id='par_1_15' title="bbox 128 1557 1717 1631">
     <span class='ocr_line' id='line_1_15' title="bbox 128 1557 1717 1631; baseline -0.001 -18"><span class='ocrx_word' id='word_1_102' title='bbox 128 1559 249 1623; x_wconf 79' lang='grc' dir='ltr'>Υίδς</span> <span class='ocrx_word' id='word_1_103' title='bbox 286 1563 451 1613; x_wconf 76' lang='grc' dir='ltr'>εἰκὼν</span> <span class='ocrx_word' id='word_1_104' title='bbox 482 1560 585 1613; x_wconf 79' lang='grc' dir='ltr'><strong>τοῦ</strong></span> <span class='ocrx_word' id='word_1_105' title='bbox 620 1560 863 1631; x_wconf 70' lang='grc' dir='ltr'>ιΙατρὸς,</span> <span class='ocrx_word' id='word_1_106' title='bbox 896 1559 959 1612; x_wconf 82' lang='grc' dir='ltr'><strong>τὸ</strong></span> <span class='ocrx_word' id='word_1_107' title='bbox 1006 1557 1064 1611; x_wconf 79' lang='grc' dir='ltr'>δὲ</span> <span class='ocrx_word' id='word_1_108' title='bbox 1116 1558 1345 1628; x_wconf 79' lang='grc' dir='ltr'><strong>Πνεῦμα</strong></span> <span class='ocrx_word' id='word_1_109' title='bbox 1401 1559 1567 1612; x_wconf 76' lang='lat' dir='ltr'><strong>sbtth</strong></span> <span class='ocrx_word' id='word_1_110' title='bbox 1618 1558 1717 1612; x_wconf 85' lang='grc' dir='ltr'>τοῦ</span> 
     </span>
    </p>
   </div>
   <div class='ocr_carea' id='block_1_16' title="bbox 130 1649 1719 1721">
    <p class='ocr_par' dir='ltr' id='par_1_16' title="bbox 130 1649 1719 1721">
     <span class='ocr_line' id='line_1_16' title="bbox 130 1649 1719 1721; baseline -0.001 -17"><span class='ocrx_word' id='word_1_111' title='bbox 130 1652 288 1718; x_wconf 82' lang='grc' dir='ltr'>Υἱοῦ;</span> <span class='ocrx_word' id='word_1_112' title='bbox 325 1653 396 1705; x_wconf 79' lang='grc' dir='ltr'><strong>’Π</strong></span> <span class='ocrx_word' id='word_1_113' title='bbox 421 1652 545 1715; x_wconf 81' lang='grc' dir='ltr'>πῶς</span> <span class='ocrx_word' id='word_1_114' title='bbox 578 1651 915 1721; x_wconf 78' lang='grc' dir='ltr'>νοηϐήσεται</span> <span class='ocrx_word' id='word_1_115' title='bbox 952 1650 980 1700; x_wconf 88' lang='grc' dir='ltr'><strong>ό</strong></span> <span class='ocrx_word' id='word_1_116' title='bbox 1011 1650 1111 1720; x_wconf 72' lang='grc' dir='ltr'><strong>μὲν</strong></span> <span class='ocrx_word' id='word_1_117' title='bbox 1138 1650 1329 1721; x_wconf 79' lang='grc' dir='ltr'>Πατὴρ</span> <span class='ocrx_word' id='word_1_118' title='bbox 1355 1649 1719 1721; x_wconf 86' lang='grc' dir='ltr'>προεπινοού-</span> 
     </span>
    </p>
   </div>
   <div class='ocr_carea' id='block_1_17' title="bbox 130 1742 1718 1814">
    <p class='ocr_par' dir='ltr' id='par_1_17' title="bbox 130 1742 1718 1814">
     <span class='ocr_line' id='line_1_17' title="bbox 130 1742 1718 1814; baseline 0.001 -18"><span class='ocrx_word' id='word_1_119' title='bbox 130 1760 279 1813; x_wconf 79' lang='grc' dir='ltr'>μενος</span> <span class='ocrx_word' id='word_1_120' title='bbox 308 1745 403 1797; x_wconf 85' lang='grc' dir='ltr'>τοῦ</span> <span class='ocrx_word' id='word_1_121' title='bbox 424 1744 565 1799; x_wconf 86' lang='grc' dir='ltr'>Υἱοῦ</span> <span class='ocrx_word' id='word_1_122' title='bbox 615 1744 700 1814; x_wconf 80' lang='grc' dir='ltr'><strong>τῷ</strong></span> <span class='ocrx_word' id='word_1_123' title='bbox 745 1743 926 1813; x_wconf 80' lang='grc' dir='ltr'>αίτίῳ,</span> <span class='ocrx_word' id='word_1_124' title='bbox 971 1742 1083 1796; x_wconf 71' lang='grc' dir='ltr'>όδὲ</span> <span class='ocrx_word' id='word_1_125' title='bbox 1120 1743 1247 1806; x_wconf 80' lang='grc' dir='ltr'><strong>Υἱὸς</strong></span> <span class='ocrx_word' id='word_1_126' title='bbox 1299 1743 1445 1796; x_wconf 78' lang='grc' dir='ltr'><strong>κατὰ</strong></span> <span class='ocrx_word' id='word_1_127' title='bbox 1495 1744 1588 1797; x_wconf 78' lang='grc' dir='ltr'><strong>τὸν</strong></span> <span class='ocrx_word' id='word_1_128' title='bbox 1618 1746 1718 1812; x_wconf 85' lang='grc' dir='ltr'><strong>τῆς</strong></span> 
     </span>
    </p>
   </div>
   <div class='ocr_carea' id='block_1_18' title="bbox 128 1833 1715 1908">
    <p class='ocr_par' dir='ltr' id='par_1_18' title="bbox 128 1833 1715 1908">
     <span class='ocr_line' id='line_1_18' title="bbox 128 1833 1715 1908; baseline -0.001 -20"><span class='ocrx_word' id='word_1_129' title='bbox 128 1837 296 1901; x_wconf 81' lang='grc' dir='ltr'>αίτίας</span> <span class='ocrx_word' id='word_1_130' title='bbox 318 1837 483 1907; x_wconf 75' lang='grc' dir='ltr'>λόγον</span> <span class='ocrx_word' id='word_1_131' title='bbox 538 1835 1052 1908; x_wconf 76' lang='grc' dir='ltr'>προεπινοοῦμενος</span> <span class='ocrx_word' id='word_1_132' title='bbox 1111 1835 1213 1904; x_wconf 84' lang='grc' dir='ltr'><strong>τῆς</strong></span> <span class='ocrx_word' id='word_1_133' title='bbox 1234 1833 1350 1903; x_wconf 62' lang='grc' dir='ltr'><strong>⁵διίοῦ</strong></span> <span class='ocrx_word' id='word_1_134' title='bbox 1388 1834 1715 1904; x_wconf 85' lang='grc' dir='ltr'>Πνεύματος</span> 
     </span>
    </p>
   </div>
   <div class='ocr_carea' id='block_1_19' title="bbox 1822 635 3414 705">
    <p class='ocr_par' dir='ltr' id='par_1_19' title="bbox 1822 635 3414 705">
     <span class='ocr_line' id='line_1_19' title="bbox 1822 635 3414 705; baseline 0.001 -16"><span class='ocrx_word' id='word_1_135' title='bbox 1822 648 1986 689; x_wconf 72' lang='lat' dir='ltr'><strong>voces</strong></span> <span class='ocrx_word' id='word_1_136' title='bbox 2013 644 2202 703; x_wconf 82' lang='lat' dir='ltr'><strong>aperte</strong></span> <span class='ocrx_word' id='word_1_137' title='bbox 2232 639 2479 698; x_wconf 88' lang='lat' dir='ltr'><strong>notasse,</strong></span> <span class='ocrx_word' id='word_1_138' title='bbox 2506 646 2613 687; x_wconf 91' lang='lat' dir='ltr'><strong>non</strong></span> <span class='ocrx_word' id='word_1_139' title='bbox 2644 647 2769 688; x_wconf 88' lang='lat' dir='ltr'><strong>esse</strong></span> <span class='ocrx_word' id='word_1_140' title='bbox 2800 635 3119 690; x_wconf 90' lang='lat' dir='ltr'><strong>immediate</strong></span> <span class='ocrx_word' id='word_1_141' title='bbox 3146 635 3414 705; x_wconf 77' lang='lat' dir='ltr'><strong>Spiritum</strong></span> 
     </span>
    </p>
   </div>
   <div class='ocr_carea' id='block_1_20' title="bbox 1819 726 3412 795">
    <p class='ocr_par' dir='ltr' id='par_1_20' title="bbox 1819 726 3412 795">
     <span class='ocr_line' id='line_1_20' title="bbox 1819 726 3412 795; baseline 0.001 -13"><span class='ocrx_word' id='word_1_142' title='bbox 1819 743 1882 782; x_wconf 73' lang='lat' dir='ltr'><strong>ex</strong></span> <span class='ocrx_word' id='word_1_143' title='bbox 1909 726 2213 790; x_wconf 85' lang='lat' dir='ltr'><strong>Patre,sed</strong></span> <span class='ocrx_word' id='word_1_144' title='bbox 2244 726 2416 783; x_wconf 88' lang='lat' dir='ltr'><strong>multa</strong></span> <span class='ocrx_word' id='word_1_145' title='bbox 2455 726 2562 780; x_wconf 78' lang='lat' dir='ltr'><strong>alia</strong></span> <span class='ocrx_word' id='word_1_146' title='bbox 2594 726 2803 795; x_wconf 87' lang='lat' dir='ltr'><strong>scripto</strong></span> <span class='ocrx_word' id='word_1_147' title='bbox 2832 728 3035 782; x_wconf 84' lang='lat' dir='ltr'><strong>tradita</strong></span> <span class='ocrx_word' id='word_1_148' title='bbox 3074 729 3412 795; x_wconf 82' lang='lat' dir='ltr'><strong>testimonia,</strong></span> 
     </span>
    </p>
   </div>
   <div class='ocr_carea' id='block_1_21' title="bbox 1808 817 3415 889">
    <p class='ocr_par' dir='ltr' id='par_1_21' title="bbox 1808 817 3415 889">
     <span class='ocr_line' id='line_1_21' title="bbox 1808 817 3415 889; baseline 0.003 -17"><span class='ocrx_word' id='word_1_149' title='bbox 1808 817 1951 882; x_wconf 85' lang='lat' dir='ltr'><strong>illis,</strong></span> <span class='ocrx_word' id='word_1_150' title='bbox 1983 819 2079 887; x_wconf 90' lang='lat' dir='ltr'><strong>qui</strong></span> <span class='ocrx_word' id='word_1_151' title='bbox 2130 820 2480 878; x_wconf 79' lang='lat' dir='ltr'><strong>sententiam</strong></span> <span class='ocrx_word' id='word_1_152' title='bbox 2519 832 2713 872; x_wconf 90' lang='lat' dir='ltr'><strong>eorum</strong></span> <span class='ocrx_word' id='word_1_153' title='bbox 2768 829 3025 873; x_wconf 83' lang='lat' dir='ltr'><strong>accurate</strong></span> <span class='ocrx_word' id='word_1_154' title='bbox 3083 819 3415 889; x_wconf 80' lang='lat' dir='ltr'><strong>percipiunt.</strong></span> 
     </span>
    </p>
   </div>
   <div class='ocr_carea' id='block_1_22' title="bbox 1820 908 3415 976">
    <p class='ocr_par' dir='ltr' id='par_1_22' title="bbox 1820 908 3415 976">
     <span class='ocr_line' id='line_1_22' title="bbox 1820 908 3415 976; baseline 0.001 -12"><span class='ocrx_word' id='word_1_155' title='bbox 1820 910 2214 976; x_wconf 79' lang='lat' dir='ltr'><strong>conﬁrmasse,</strong></span> <span class='ocrx_word' id='word_1_156' title='bbox 2254 908 2397 965; x_wconf 82' lang='lat' dir='ltr'><strong>infra</strong></span> <span class='ocrx_word' id='word_1_157' title='bbox 2453 910 2685 966; x_wconf 80' lang='lat' dir='ltr'><strong>dicenda</strong></span> <span class='ocrx_word' id='word_1_158' title='bbox 2736 910 3046 965; x_wconf 88' lang='lat' dir='ltr'><strong>ostendent.</strong></span> <span class='ocrx_word' id='word_1_159' title='bbox 3080 909 3234 975; x_wconf 87' lang='lat' dir='ltr'><strong>&#39;Quid</strong></span> <span class='ocrx_word' id='word_1_160' title='bbox 3268 913 3415 965; x_wconf 90' lang='lat' dir='ltr'><strong>enim</strong></span> 
     </span>
    </p>
   </div>
   <div class='ocr_carea' id='block_1_23' title="bbox 1820 1001 3405 1073">
    <p class='ocr_par' dir='ltr' id='par_1_23' title="bbox 1820 1001 3405 1073">
     <span class='ocr_line' id='line_1_23' title="bbox 1820 1001 3405 1073; baseline 0.003 -18"><span class='ocrx_word' id='word_1_161' title='bbox 1820 1002 1967 1057; x_wconf 80' lang='lat' dir='ltr'><strong>aliud</strong></span> <span class='ocrx_word' id='word_1_162' title='bbox 2001 1014 2182 1058; x_wconf 89' lang='lat' dir='ltr'><strong>mente</strong></span> <span class='ocrx_word' id='word_1_163' title='bbox 2204 1003 2601 1073; x_wconf 87' lang='lat' dir='ltr'><strong>apprchendet,</strong></span> <span class='ocrx_word' id='word_1_164' title='bbox 2635 1002 2729 1071; x_wconf 88' lang='lat' dir='ltr'><strong>qui</strong></span> <span class='ocrx_word' id='word_1_165' title='bbox 2757 1001 3239 1073; x_wconf 86' lang='lat' dir='ltr'><strong>Thaumaturgum</strong></span> <span class='ocrx_word' id='word_1_166' title='bbox 3284 1003 3405 1059; x_wconf 87' lang='lat' dir='ltr'><strong>Grc-</strong></span> 
     </span>
    </p>
   </div>
   <div class='ocr_carea' id='block_1_24' title="bbox 1821 1093 3407 1165">
    <p class='ocr_par' dir='ltr' id='par_1_24' title="bbox 1821 1093 3407 1165">
     <span class='ocr_line' id='line_1_24' title="bbox 1821 1093 3407 1165; baseline 0.002 -19"><span class='ocrx_word' id='word_1_167' title='bbox 1821 1093 2036 1164; x_wconf 87' lang='lat' dir='ltr'><strong>gorium</strong></span> <span class='ocrx_word' id='word_1_168' title='bbox 2063 1094 2395 1150; x_wconf 81' lang='lat' dir='ltr'><strong>scribentem</strong></span> <span class='ocrx_word' id='word_1_169' title='bbox 2421 1096 2697 1163; x_wconf 87' lang='lat' dir='ltr'><strong>percurrit</strong></span> <span class='ocrx_word' id='word_1_170' title='bbox 2725 1105 2740 1152; x_wconf 86' lang='lat'><strong>:</strong></span> <span class='ocrx_word' id='word_1_171' title='bbox 2780 1113 2799 1145; x_wconf 79' lang='grc' dir='ltr'><strong>ι</strong></span> <span class='ocrx_word' id='word_1_172' title='bbox 2830 1093 3056 1157; x_wconf 83' lang='lat' dir='ltr'><strong>Domini</strong></span> <span class='ocrx_word' id='word_1_173' title='bbox 3088 1094 3247 1149; x_wconf 91' lang='lat' dir='ltr'><strong>Pater</strong></span> <span class='ocrx_word' id='word_1_174' title='bbox 3270 1096 3407 1165; x_wconf 88' lang='lat' dir='ltr'><strong>priu-</strong></span> 
     </span>
    </p>
   </div>
   <div class='ocr_carea' id='block_1_25' title="bbox 1820 1186 3417 1258">
    <p class='ocr_par' dir='ltr' id='par_1_25' title="bbox 1820 1186 3417 1258">
     <span class='ocr_line' id='line_1_25' title="bbox 1820 1186 3417 1258; baseline 0.001 -17"><span class='ocrx_word' id='word_1_175' title='bbox 1820 1186 2049 1254; x_wconf 88' lang='lat' dir='ltr'><strong>cipium,</strong></span> <span class='ocrx_word' id='word_1_176' title='bbox 2098 1187 2169 1241; x_wconf 89' lang='lat' dir='ltr'><strong>ab</strong></span> <span class='ocrx_word' id='word_1_177' title='bbox 2208 1196 2420 1241; x_wconf 63' lang='grc' dir='ltr'>αξιοι-[ιο</span> <span class='ocrx_word' id='word_1_178' title='bbox 2468 1189 2649 1255; x_wconf 86' lang='lat' dir='ltr'><strong>ipsum</strong></span> <span class='ocrx_word' id='word_1_179' title='bbox 2688 1204 2984 1258; x_wconf 73' lang='lat' dir='ltr'><strong>generatis,</strong></span> <span class='ocrx_word' id='word_1_180' title='bbox 3040 1196 3098 1241; x_wconf 84' lang='lat' dir='ltr'><strong>et</strong></span> <span class='ocrx_word' id='word_1_181' title='bbox 3148 1186 3417 1242; x_wconf 81' lang='lat' dir='ltr'><strong>Dominus</strong></span> 
     </span>
    </p>
   </div>
   <div class='ocr_carea' id='block_1_26' title="bbox 1820 1277 3417 1350">
    <p class='ocr_par' dir='ltr' id='par_1_26' title="bbox 1820 1277 3417 1350">
     <span class='ocr_line' id='line_1_26' title="bbox 1820 1277 3417 1350; baseline 0.001 -20"><span class='ocrx_word' id='word_1_182' title='bbox 1820 1278 2148 1350; x_wconf 81' lang='lat' dir='ltr'><strong>prototypus</strong></span> <span class='ocrx_word' id='word_1_183' title='bbox 2178 1277 2461 1348; x_wconf 82' lang='lat' dir='ltr'><strong>Spiritus?</strong></span> <span class='ocrx_word' id='word_1_184' title='bbox 2494 1283 2518 1330; x_wconf 74' lang='grc' dir='ltr'>ι’</span> <span class='ocrx_word' id='word_1_185' title='bbox 2569 1278 2636 1334; x_wconf 88' lang='grc' dir='ltr'>Ει</span> <span class='ocrx_word' id='word_1_186' title='bbox 2668 1294 2911 1349; x_wconf 88' lang='lat' dir='ltr'><strong>quanam</strong></span> <span class='ocrx_word' id='word_1_187' title='bbox 2944 1279 3159 1334; x_wconf 83' lang='lat' dir='ltr'><strong>ratione</strong></span> <span class='ocrx_word' id='word_1_188' title='bbox 3189 1279 3417 1349; x_wconf 75' lang='lat' dir='ltr'><strong>intelligi</strong></span> 
     </span>
    </p>
   </div>
   <div class='ocr_carea' id='block_1_27' title="bbox 1820 1370 3409 1451">
    <p class='ocr_par' dir='ltr' id='par_1_27' title="bbox 1820 1370 3409 1451">
     <span class='ocr_line' id='line_1_27' title="bbox 1820 1370 3409 1451; baseline 0.002 -29"><span class='ocrx_word' id='word_1_189' title='bbox 1820 1373 2028 1440; x_wconf 87' lang='lat' dir='ltr'><strong>poterit</strong></span> <span class='ocrx_word' id='word_1_190' title='bbox 2052 1370 2268 1427; x_wconf 91' lang='lat' dir='ltr'><strong>Domini</strong></span> <span class='ocrx_word' id='word_1_191' title='bbox 2294 1381 2629 1443; x_wconf 86' lang='lat' dir='ltr'><strong>prototypon</strong></span> <span class='ocrx_word' id='word_1_192' title='bbox 2658 1388 2789 1441; x_wconf 87' lang='lat' dir='ltr'><strong>erga</strong></span> <span class='ocrx_word' id='word_1_193' title='bbox 2823 1371 3117 1442; x_wconf 89' lang='lat' dir='ltr'><strong>Spiritum,</strong></span> <span class='ocrx_word' id='word_1_194' title='bbox 3141 1372 3188 1426; x_wconf 89' lang='lat' dir='ltr'><strong>si</strong></span> <span class='ocrx_word' id='word_1_195' title='bbox 3212 1380 3266 1427; x_wconf 91' lang='lat' dir='ltr'><strong>et</strong></span> <span class='ocrx_word' id='word_1_196' title='bbox 3285 1371 3409 1451; x_wconf 29' lang='lat' dir='ltr'><strong>[Spi-</strong></span> 
     </span>
    </p>
   </div>
   <div class='ocr_carea' id='block_1_28' title="bbox 1820 1452 3414 1536">
    <p class='ocr_par' dir='ltr' id='par_1_28' title="bbox 1820 1452 3414 1536">
     <span class='ocr_line' id='line_1_28' title="bbox 1820 1452 3414 1536; baseline 0.001 -21"><span class='ocrx_word' id='word_1_197' title='bbox 1820 1462 1961 1517; x_wconf 89' lang='lat' dir='ltr'><strong>ritus</strong></span> <span class='ocrx_word' id='word_1_198' title='bbox 1994 1462 2316 1519; x_wconf 82' lang='lat' dir='ltr'><strong>immediate</strong></span> <span class='ocrx_word' id='word_1_199' title='bbox 2368 1464 2449 1518; x_wconf 93' lang='lat' dir='ltr'><strong>uti</strong></span> <span class='ocrx_word' id='word_1_200' title='bbox 2498 1474 2561 1518; x_wconf 89' lang='lat' dir='ltr'><strong>et</strong></span> <span class='ocrx_word' id='word_1_201' title='bbox 2584 1463 2759 1519; x_wconf 86' lang='lat' dir='ltr'><strong>Filius</strong></span> <span class='ocrx_word' id='word_1_202' title='bbox 2792 1452 2861 1519; x_wconf 82' lang='lat' dir='ltr'><strong>ex</strong></span> <span class='ocrx_word' id='word_1_203' title='bbox 2919 1465 3119 1521; x_wconf 83' lang='lat' dir='ltr'><strong>Patre?</strong></span> <span class='ocrx_word' id='word_1_204' title='bbox 3153 1464 3248 1519; x_wconf 85' lang='lat' dir='ltr'><strong>Vel</strong></span> <span class='ocrx_word' id='word_1_205' title='bbox 3280 1480 3414 1536; x_wconf 52' lang='lat' dir='ltr'><strong>quoi-</strong></span> 
     </span>
    </p>
   </div>
   <div class='ocr_carea' id='block_1_29' title="bbox 1820 1556 3417 1631">
    <p class='ocr_par' dir='ltr' id='par_1_29' title="bbox 1820 1556 3417 1631">
     <span class='ocr_line' id='line_1_29' title="bbox 1820 1556 3417 1631; baseline 0.003 -22"><span class='ocrx_word' id='word_1_206' title='bbox 1820 1556 1990 1610; x_wconf 89' lang='lat' dir='ltr'><strong>modo</strong></span> <span class='ocrx_word' id='word_1_207' title='bbox 2039 1556 2382 1629; x_wconf 73' lang='lat' dir='ltr'><strong>intelligetur</strong></span> <span class='ocrx_word' id='word_1_208' title='bbox 2424 1556 2601 1613; x_wconf 84' lang='lat' dir='ltr'><strong>Filius</strong></span> <span class='ocrx_word' id='word_1_209' title='bbox 2630 1558 2813 1629; x_wconf 91' lang='lat' dir='ltr'><strong>imago</strong></span> <span class='ocrx_word' id='word_1_210' title='bbox 2843 1557 3045 1627; x_wconf 78' lang='lat' dir='ltr'><strong>Patris,</strong></span> <span class='ocrx_word' id='word_1_211' title='bbox 3087 1568 3142 1613; x_wconf 92' lang='lat' dir='ltr'><strong>et</strong></span> <span class='ocrx_word' id='word_1_212' title='bbox 3169 1558 3417 1631; x_wconf 78' lang='lat' dir='ltr'><strong>Spiritus</strong></span> 
     </span>
    </p>
   </div>
   <div class='ocr_carea' id='block_1_30' title="bbox 1820 1646 3420 1721">
    <p class='ocr_par' dir='ltr' id='par_1_30' title="bbox 1820 1646 3420 1721">
     <span class='ocr_line' id='line_1_30' title="bbox 1820 1646 3420 1721; baseline 0.003 -20"><span class='ocrx_word' id='word_1_213' title='bbox 1820 1646 2003 1718; x_wconf 88' lang='lat' dir='ltr'><strong>imago</strong></span> <span class='ocrx_word' id='word_1_214' title='bbox 2019 1646 2181 1705; x_wconf 86' lang='lat' dir='ltr'><strong>Filii?</strong></span> <span class='ocrx_word' id='word_1_215' title='bbox 2206 1649 2303 1705; x_wconf 89' lang='lat' dir='ltr'><strong>Vel</strong></span> <span class='ocrx_word' id='word_1_216' title='bbox 2327 1651 2607 1719; x_wconf 89' lang='lat' dir='ltr'><strong>quomodo</strong></span> <span class='ocrx_word' id='word_1_217' title='bbox 2626 1650 2963 1721; x_wconf 77' lang='lat' dir='ltr'><strong>intelligetur</strong></span> <span class='ocrx_word' id='word_1_218' title='bbox 2986 1650 3149 1705; x_wconf 89' lang='lat' dir='ltr'><strong>Pater</strong></span> <span class='ocrx_word' id='word_1_219' title='bbox 3172 1660 3231 1705; x_wconf 88' lang='grc' dir='ltr'><strong>ιιι</strong></span> <span class='ocrx_word' id='word_1_220' title='bbox 3254 1667 3420 1706; x_wconf 88' lang='lat' dir='ltr'><strong>causa</strong></span> 
     </span>
    </p>
   </div>
   <div class='ocr_carea' id='block_1_31' title="bbox 1820 1739 3419 1813">
    <p class='ocr_par' dir='ltr' id='par_1_31' title="bbox 1820 1739 3419 1813">
     <span class='ocr_line' id='line_1_31' title="bbox 1820 1739 3419 1813; baseline 0.004 -19"><span class='ocrx_word' id='word_1_221' title='bbox 1820 1739 1996 1808; x_wconf 87' lang='lat' dir='ltr'><strong>prius,</strong></span> <span class='ocrx_word' id='word_1_222' title='bbox 2033 1757 2197 1811; x_wconf 89' lang='lat' dir='ltr'><strong>quam</strong></span> <span class='ocrx_word' id='word_1_223' title='bbox 2233 1740 2444 1809; x_wconf 83' lang='lat' dir='ltr'><strong>Filius;</strong></span> <span class='ocrx_word' id='word_1_224' title='bbox 2498 1742 2833 1813; x_wconf 76' lang='lat' dir='ltr'><strong>percipielur</strong></span> <span class='ocrx_word' id='word_1_225' title='bbox 2886 1756 2942 1798; x_wconf 91' lang='lat' dir='ltr'><strong>et</strong></span> <span class='ocrx_word' id='word_1_226' title='bbox 2971 1743 3150 1800; x_wconf 84' lang='lat' dir='ltr'><strong>Filius</strong></span> <span class='ocrx_word' id='word_1_227' title='bbox 3200 1745 3419 1800; x_wconf 84' lang='lat' dir='ltr'><strong>ratione</strong></span> 
     </span>
    </p>
   </div>
   <div class='ocr_carea' id='block_1_32' title="bbox 1822 1834 3422 1906">
    <p class='ocr_par' dir='ltr' id='par_1_32' title="bbox 1822 1834 3422 1906">
     <span class='ocr_line' id='line_1_32' title="bbox 1822 1834 3422 1906; baseline 0.005 -21"><span class='ocrx_word' id='word_1_228' title='bbox 1822 1846 2006 1887; x_wconf 67' lang='lat' dir='ltr'><strong>causa:</strong></span> <span class='ocrx_word' id='word_1_229' title='bbox 2035 1842 2163 1888; x_wconf 91' lang='lat' dir='ltr'><strong>ante</strong></span> <span class='ocrx_word' id='word_1_230' title='bbox 2193 1834 2530 1905; x_wconf 86' lang='lat' dir='ltr'><strong>hypostasim</strong></span> <span class='ocrx_word' id='word_1_231' title='bbox 2584 1834 2760 1904; x_wconf 85' lang='lat' dir='ltr'><strong>ipsam</strong></span> <span class='ocrx_word' id='word_1_232' title='bbox 2817 1834 3096 1906; x_wconf 77' lang='lat' dir='ltr'><strong>Spiritus?</strong></span> <span class='ocrx_word' id='word_1_233' title='bbox 3141 1835 3240 1891; x_wconf 91' lang='lat' dir='ltr'><strong>Vel</strong></span> <span class='ocrx_word' id='word_1_234' title='bbox 3287 1851 3422 1906; x_wconf 90' lang='lat' dir='ltr'><strong>quo-</strong></span> 
     </span>
    </p>
   </div>
   <div class='ocr_carea' id='block_1_33' title="bbox 129 1894 1719 2000">
    <p class='ocr_par' dir='ltr' id='par_1_33' title="bbox 129 1894 1713 1999">
     <span class='ocr_line' id='line_1_33' title="bbox 129 1894 1713 1999; baseline -0.002 -19"><span class='ocrx_word' id='word_1_235' title='bbox 129 1894 469 1995; x_wconf 63' lang='grc' dir='ltr'>ὕκοσταοειος</span> <span class='ocrx_word' id='word_1_236' title='bbox 494 1948 525 1999; x_wconf 89' lang='lat'><strong>;_</strong></span> <span class='ocrx_word' id='word_1_237' title='bbox 551 1894 629 1983; x_wconf 70' lang='grc' dir='ltr'><strong>’ἱι</strong></span> <span class='ocrx_word' id='word_1_238' title='bbox 666 1930 787 1993; x_wconf 78' lang='grc' dir='ltr'><strong>πῶς</strong></span> <span class='ocrx_word' id='word_1_239' title='bbox 806 1894 1133 1999; x_wconf 43' lang='lat' dir='ltr'><strong>varioque—tat</strong></span> <span class='ocrx_word' id='word_1_240' title='bbox 1167 1894 1319 1997; x_wconf 35' lang='grc' dir='ltr'>ό-μὲν</span> <span class='ocrx_word' id='word_1_241' title='bbox 1355 1894 1554 1997; x_wconf 47' lang='grc' dir='ltr'><strong>Πατὴρ·</strong></span> <span class='ocrx_word' id='word_1_242' title='bbox 1589 1894 1713 1996; x_wconf 55' lang='lat' dir='ltr'><strong>pel;</strong></span> 
     </span>
    </p>
   </div>
   <div class='ocr_carea' id='block_1_34' title="bbox 1826 1894 3422 2000">
    <p class='ocr_par' dir='ltr' id='par_1_34' title="bbox 1826 1894 3422 2000">
     <span class='ocr_line' id='line_1_34' title="bbox 1826 1894 3422 2000; baseline 0.005 -23"><span class='ocrx_word' id='word_1_243' title='bbox 1826 1924 1989 1978; x_wconf 90' lang='lat' dir='ltr'><strong>modo</strong></span> <span class='ocrx_word' id='word_1_244' title='bbox 2021 1894 2365 1998; x_wconf 65' lang='lat' dir='ltr'><strong>intelligetur</strong></span> <span class='ocrx_word' id='word_1_245' title='bbox 2389 1927 2550 1983; x_wconf 88' lang='lat' dir='ltr'><strong>Pater</strong></span> <span class='ocrx_word' id='word_1_246' title='bbox 2571 1929 2747 1998; x_wconf 89' lang='lat' dir='ltr'><strong>major</strong></span> <span class='ocrx_word' id='word_1_247' title='bbox 2769 1894 2933 1997; x_wconf 80' lang='lat' dir='ltr'><strong>Filio,</strong></span> <span class='ocrx_word' id='word_1_248' title='bbox 2968 1942 3019 1985; x_wconf 89' lang='lat' dir='ltr'><strong>et</strong></span> <span class='ocrx_word' id='word_1_249' title='bbox 3042 1928 3217 1986; x_wconf 86' lang='lat' dir='ltr'><strong>Filius</strong></span> <span class='ocrx_word' id='word_1_250' title='bbox 3247 1930 3422 2000; x_wconf 82' lang='lat' dir='ltr'><strong>major</strong></span> 
     </span>
    </p>
   </div>
   <div class='ocr_carea' id='block_1_35' title="bbox 131 2018 1714 2092">
    <p class='ocr_par' dir='ltr' id='par_1_35' title="bbox 131 2018 1714 2092">
     <span class='ocr_line' id='line_1_35' title="bbox 131 2018 1714 2092; baseline -0.002 -16"><span class='ocrx_word' id='word_1_251' title='bbox 131 2021 229 2085; x_wconf 76' lang='grc' dir='ltr'><strong>ζων</strong></span> <span class='ocrx_word' id='word_1_252' title='bbox 269 2023 363 2077; x_wconf 81' lang='grc' dir='ltr'><strong>τοῦ</strong></span> <span class='ocrx_word' id='word_1_253' title='bbox 394 2024 557 2089; x_wconf 85' lang='grc' dir='ltr'>Υίοῦ,</span> <span class='ocrx_word' id='word_1_254' title='bbox 594 2025 625 2077; x_wconf 89' lang='lat'><strong>6</strong></span> <span class='ocrx_word' id='word_1_255' title='bbox 651 2024 707 2076; x_wconf 78' lang='grc' dir='ltr'>δὲ</span> <span class='ocrx_word' id='word_1_256' title='bbox 741 2023 871 2085; x_wconf 76' lang='grc' dir='ltr'>Υίὸς</span> <span class='ocrx_word' id='word_1_257' title='bbox 896 2021 1098 2092; x_wconf 79' lang='grc' dir='ltr'>μείζων</span> <span class='ocrx_word' id='word_1_258' title='bbox 1123 2019 1603 2091; x_wconf 50' lang='grc' dir='ltr'>τοῦδῖινεύματοςς</span> <span class='ocrx_word' id='word_1_259' title='bbox 1642 2018 1714 2073; x_wconf 86' lang='grc' dir='ltr'><strong>Ἦ</strong></span> 
     </span>
    </p>
   </div>
   <div class='ocr_carea' id='block_1_36' title="bbox 131 2110 1714 2185">
    <p class='ocr_par' dir='ltr' id='par_1_36' title="bbox 131 2110 1714 2185">
     <span class='ocr_line' id='line_1_36' title="bbox 131 2110 1714 2185; baseline -0.001 -19"><span class='ocrx_word' id='word_1_260' title='bbox 131 2112 234 2176; x_wconf 67' lang='grc' dir='ltr'><strong>πῶς</strong></span> <span class='ocrx_word' id='word_1_261' title='bbox 286 2115 631 2185; x_wconf 78' lang='grc' dir='ltr'>νοηθήσεται</span> <span class='ocrx_word' id='word_1_262' title='bbox 656 2115 719 2167; x_wconf 82' lang='grc' dir='ltr'><strong>τὸ</strong></span> <span class='ocrx_word' id='word_1_263' title='bbox 747 2112 975 2183; x_wconf 82' lang='grc' dir='ltr'><strong>Πνεῦμα</strong></span> <span class='ocrx_word' id='word_1_264' title='bbox 1019 2112 1109 2166; x_wconf 83' lang='grc' dir='ltr'><strong>διὰ</strong></span> <span class='ocrx_word' id='word_1_265' title='bbox 1142 2111 1238 2166; x_wconf 88' lang='grc' dir='ltr'>τοῦ</span> <span class='ocrx_word' id='word_1_266' title='bbox 1255 2110 1388 2167; x_wconf 85' lang='grc' dir='ltr'>Υἰοῦ</span> <span class='ocrx_word' id='word_1_267' title='bbox 1439 2111 1714 2167; x_wconf 84' lang='grc' dir='ltr'>συναπτό-</span> 
     </span>
    </p>
   </div>
   <div class='ocr_carea' id='block_1_37' title="bbox 135 2208 661 2280">
    <p class='ocr_par' dir='ltr' id='par_1_37' title="bbox 135 2208 661 2280">
     <span class='ocr_line' id='line_1_37' title="bbox 135 2208 661 2280; baseline 0.002 -20"><span class='ocrx_word' id='word_1_268' title='bbox 135 2223 282 2275; x_wconf 70' lang='grc' dir='ltr'><strong>μενον</strong></span> <span class='ocrx_word' id='word_1_269' title='bbox 324 2208 401 2277; x_wconf 80' lang='grc' dir='ltr'><strong>τῷ</strong></span> <span class='ocrx_word' id='word_1_270' title='bbox 428 2209 617 2280; x_wconf 80' lang='grc' dir='ltr'><strong>Πατρξ</strong></span> <span class='ocrx_word' id='word_1_271' title='bbox 645 2225 661 2271; x_wconf 89' lang='grc'>;</span> 
     </span>
    </p>
   </div>
   <div class='ocr_carea' id='block_1_38' title="bbox 193 2298 1716 2370">
    <p class='ocr_par' dir='ltr' id='par_1_38' title="bbox 193 2298 1716 2370">
     <span class='ocr_line' id='line_1_38' title="bbox 193 2298 1716 2370; baseline 0.002 -23"><span class='ocrx_word' id='word_1_272' title='bbox 193 2302 292 2363; x_wconf 80' lang='grc' dir='ltr'><strong>κγ’.</strong></span> <span class='ocrx_word' id='word_1_273' title='bbox 338 2299 503 2352; x_wconf 79' lang='grc' dir='ltr'>Ἀλλὰ</span> <span class='ocrx_word' id='word_1_274' title='bbox 535 2298 726 2363; x_wconf 82' lang='grc' dir='ltr'>πάλιν,</span> <span class='ocrx_word' id='word_1_275' title='bbox 750 2301 798 2352; x_wconf 83' lang='grc' dir='ltr'><strong>εί</strong></span> <span class='ocrx_word' id='word_1_276' title='bbox 828 2299 921 2353; x_wconf 78' lang='grc' dir='ltr'><strong>καὶ</strong></span> <span class='ocrx_word' id='word_1_277' title='bbox 967 2299 1264 2365; x_wconf 76' lang='grc' dir='ltr'>οὐσιωὸὦς,</span> <span class='ocrx_word' id='word_1_278' title='bbox 1297 2299 1485 2370; x_wconf 73' lang='grc' dir='ltr'>φασὶν,</span> <span class='ocrx_word' id='word_1_279' title='bbox 1512 2299 1577 2352; x_wconf 81' lang='grc' dir='ltr'><strong>ὲκ</strong></span> <span class='ocrx_word' id='word_1_280' title='bbox 1600 2298 1716 2350; x_wconf 87' lang='grc' dir='ltr'><strong>Πα-</strong></span> 
     </span>
    </p>
   </div>
   <div class='ocr_carea' id='block_1_39' title="bbox 133 2390 1716 2467">
    <p class='ocr_par' dir='ltr' id='par_1_39' title="bbox 133 2390 1716 2467">
     <span class='ocr_line' id='line_1_39' title="bbox 133 2390 1716 2467; baseline 0.004 -27"><span class='ocrx_word' id='word_1_281' title='bbox 133 2390 246 2458; x_wconf 72' lang='grc' dir='ltr'>τρὸς</span> <span class='ocrx_word' id='word_1_282' title='bbox 275 2390 341 2443; x_wconf 78' lang='grc' dir='ltr'>δι’</span> <span class='ocrx_word' id='word_1_283' title='bbox 392 2390 530 2445; x_wconf 84' lang='grc' dir='ltr'>Υίοῦ</span> <span class='ocrx_word' id='word_1_284' title='bbox 599 2392 838 2467; x_wconf 67' lang='grc' dir='ltr'>ὑπαρχει</span> <span class='ocrx_word' id='word_1_285' title='bbox 883 2394 943 2447; x_wconf 83' lang='grc' dir='ltr'><strong>τὸ</strong></span> <span class='ocrx_word' id='word_1_286' title='bbox 974 2393 1224 2464; x_wconf 78' lang='grc' dir='ltr'><strong>Πνεῦμα,</strong></span> <span class='ocrx_word' id='word_1_287' title='bbox 1254 2393 1340 2457; x_wconf 85' lang='grc' dir='ltr'>τίς</span> <span class='ocrx_word' id='word_1_288' title='bbox 1396 2396 1425 2447; x_wconf 91' lang='lat'><strong>6</strong></span> <span class='ocrx_word' id='word_1_289' title='bbox 1464 2394 1621 2461; x_wconf 88' lang='grc' dir='ltr'>λόγος</span> <span class='ocrx_word' id='word_1_290' title='bbox 1657 2395 1716 2447; x_wconf 83' lang='grc' dir='ltr'><strong>ὲν</strong></span> 
     </span>
    </p>
   </div>
   <div class='ocr_carea' id='block_1_40' title="bbox 134 2483 1718 2555">
    <p class='ocr_par' dir='ltr' id='par_1_40' title="bbox 134 2483 1718 2555">
     <span class='ocr_line' id='line_1_40' title="bbox 134 2483 1718 2555; baseline 0.003 -22"><span class='ocrx_word' id='word_1_291' title='bbox 134 2485 239 2546; x_wconf 75' lang='grc' dir='ltr'><strong>ταις</strong></span> <span class='ocrx_word' id='word_1_292' title='bbox 266 2483 405 2553; x_wconf 76' lang='grc' dir='ltr'>ὑπὲρ</span> <span class='ocrx_word' id='word_1_293' title='bbox 432 2486 624 2539; x_wconf 80' lang='grc' dir='ltr'>πᾶσαν</span> <span class='ocrx_word' id='word_1_294' title='bbox 653 2485 811 2549; x_wconf 78' lang='grc' dir='ltr'>τάξιν</span> <span class='ocrx_word' id='word_1_295' title='bbox 829 2485 1236 2554; x_wconf 81' lang='grc' dir='ltr'>θεωρουμέναις</span> <span class='ocrx_word' id='word_1_296' title='bbox 1261 2486 1596 2539; x_wconf 81' lang='grc' dir='ltr'><strong>ὑποστάσεσι</strong></span> <span class='ocrx_word' id='word_1_297' title='bbox 1615 2489 1718 2555; x_wconf 77' lang='grc' dir='ltr'><strong>τῆς</strong></span> 
     </span>
    </p>
   </div>
   <div class='ocr_carea' id='block_1_41' title="bbox 137 2562 1716 2651">
    <p class='ocr_par' dir='ltr' id='par_1_41' title="bbox 137 2562 1716 2651">
     <span class='ocr_line' id='line_1_41' title="bbox 137 2562 1716 2651; baseline 0.005 -26"><span class='ocrx_word' id='word_1_298' title='bbox 137 2574 368 2645; x_wconf 75' lang='grc' dir='ltr'><strong>τριάδος,</strong></span> <span class='ocrx_word' id='word_1_299' title='bbox 388 2580 489 2649; x_wconf 79' lang='grc' dir='ltr'><strong>τὴν</strong></span> <span class='ocrx_word' id='word_1_300' title='bbox 520 2577 622 2630; x_wconf 89' lang='grc' dir='ltr'>τοῦ</span> <span class='ocrx_word' id='word_1_301' title='bbox 652 2576 785 2631; x_wconf 81' lang='grc' dir='ltr'>Υίοῦ</span> <span class='ocrx_word' id='word_1_302' title='bbox 817 2579 1117 2632; x_wconf 81' lang='grc' dir='ltr'>ὑπόστασιν</span> <span class='ocrx_word' id='word_1_303' title='bbox 1153 2562 1323 2651; x_wconf 77' lang='grc' dir='ltr'>μέσοῦ</span> <span class='ocrx_word' id='word_1_304' title='bbox 1371 2580 1589 2649; x_wconf 71' lang='grc' dir='ltr'>Πατρός</span> <span class='ocrx_word' id='word_1_305' title='bbox 1621 2582 1716 2633; x_wconf 81' lang='grc' dir='ltr'><strong>καὶ</strong></span> 
     </span>
    </p>
   </div>
   <div class='ocr_carea' id='block_1_42' title="bbox 140 2668 1710 2743">
    <p class='ocr_par' dir='ltr' id='par_1_42' title="bbox 140 2668 1710 2743">
     <span class='ocr_line' id='line_1_42' title="bbox 140 2668 1710 2743; baseline 0.003 -22"><span class='ocrx_word' id='word_1_306' title='bbox 140 2668 435 2737; x_wconf 80' lang='grc' dir='ltr'>Ηνεύματος</span> <span class='ocrx_word' id='word_1_307' title='bbox 465 2672 678 2739; x_wconf 78' lang='grc' dir='ltr'>λέγειν,</span> <span class='ocrx_word' id='word_1_308' title='bbox 705 2669 781 2735; x_wconf 79' lang='grc' dir='ltr'>ὥς</span> <span class='ocrx_word' id='word_1_309' title='bbox 822 2674 1359 2743; x_wconf 78' lang='grc' dir='ltr'><strong>κατηναγκασμένης</strong></span> <span class='ocrx_word' id='word_1_310' title='bbox 1403 2674 1583 2727; x_wconf 75' lang='grc' dir='ltr'><strong>ἐκεῖσε</strong></span> <span class='ocrx_word' id='word_1_311' title='bbox 1613 2672 1710 2726; x_wconf 83' lang='grc' dir='ltr'>οῦ-</span> 
     </span>
    </p>
   </div>
   <div class='ocr_carea' id='block_1_43' title="bbox 142 2760 1717 2836">
    <p class='ocr_par' dir='ltr' id='par_1_43' title="bbox 142 2760 1717 2836">
     <span class='ocr_line' id='line_1_43' title="bbox 142 2760 1717 2836; baseline 0.005 -25"><span class='ocrx_word' id='word_1_312' title='bbox 142 2775 229 2827; x_wconf 52' lang='lat' dir='ltr'><strong>st,;</strong></span> <span class='ocrx_word' id='word_1_313' title='bbox 252 2760 346 2829; x_wconf 80' lang='grc' dir='ltr'><strong>τῆς</strong></span> <span class='ocrx_word' id='word_1_314' title='bbox 370 2761 584 2827; x_wconf 75' lang='grc' dir='ltr'><strong>τάξεως</strong></span> <span class='ocrx_word' id='word_1_315' title='bbox 641 2763 779 2833; x_wconf 79' lang='grc' dir='ltr'><strong>Περὶ</strong></span> <span class='ocrx_word' id='word_1_316' title='bbox 808 2766 907 2833; x_wconf 82' lang='grc' dir='ltr'><strong>τῆς</strong></span> <span class='ocrx_word' id='word_1_317' title='bbox 934 2764 1143 2830; x_wconf 79' lang='grc' dir='ltr'><strong>τάξεως</strong></span> <span class='ocrx_word' id='word_1_318' title='bbox 1179 2764 1386 2836; x_wconf 81' lang='grc' dir='ltr'><strong>ταύτης</strong></span> <span class='ocrx_word' id='word_1_319' title='bbox 1414 2765 1568 2819; x_wconf 79' lang='grc' dir='ltr'>οὐδὲν</span> <span class='ocrx_word' id='word_1_320' title='bbox 1603 2766 1717 2833; x_wconf 73' lang='grc' dir='ltr'><strong>ἐγὼ</strong></span> 
     </span>
    </p>
   </div>
   <div class='ocr_carea' id='block_1_44' title="bbox 140 2844 1717 2927">
    <p class='ocr_par' dir='ltr' id='par_1_44' title="bbox 140 2844 1717 2927">
     <span class='ocr_line' id='line_1_44' title="bbox 140 2844 1717 2927; baseline 0.005 -26"><span class='ocrx_word' id='word_1_321' title='bbox 140 2849 240 2918; x_wconf 72' lang='grc' dir='ltr'>ἐρῶ</span> <span class='ocrx_word' id='word_1_322' title='bbox 263 2869 344 2905; x_wconf 88' lang='grc' dir='ltr'><strong>σοι</strong></span> <span class='ocrx_word' id='word_1_323' title='bbox 384 2853 483 2906; x_wconf 79' lang='grc' dir='ltr'><strong>ἀπ’</strong></span> <span class='ocrx_word' id='word_1_324' title='bbox 541 2853 811 2922; x_wconf 63' lang='grc' dir='ltr'>ἐμαυτοῦ,</span> <span class='ocrx_word' id='word_1_325' title='bbox 847 2844 1045 2917; x_wconf 76' lang='grc' dir='ltr'>αὖτοὺς</span> <span class='ocrx_word' id='word_1_326' title='bbox 1079 2853 1124 2907; x_wconf 87' lang='grc' dir='ltr'>δ’</span> <span class='ocrx_word' id='word_1_327' title='bbox 1155 2856 1403 2918; x_wconf 75' lang='grc' dir='ltr'>ἐκείνους</span> <span class='ocrx_word' id='word_1_328' title='bbox 1432 2857 1559 2919; x_wconf 78' lang='grc' dir='ltr'>τοὺς</span> <span class='ocrx_word' id='word_1_329' title='bbox 1585 2858 1717 2927; x_wconf 77' lang='grc' dir='ltr'>περὶ</span> 
     </span>
    </p>
   </div>
   <div class='ocr_carea' id='block_1_45' title="bbox 141 2946 1717 3019">
    <p class='ocr_par' dir='ltr' id='par_1_45' title="bbox 141 2946 1717 3019">
     <span class='ocr_line' id='line_1_45' title="bbox 141 2946 1717 3019; baseline 0.005 -24"><span class='ocrx_word' id='word_1_330' title='bbox 141 2947 328 3016; x_wconf 77' lang='grc' dir='ltr'>ταύτης</span> <span class='ocrx_word' id='word_1_331' title='bbox 358 2948 628 3016; x_wconf 71' lang='grc' dir='ltr'>εἰρηκότα</span> <span class='ocrx_word' id='word_1_332' title='bbox 666 2988 683 3004; x_wconf 93' lang='grc'>.</span> <span class='ocrx_word' id='word_1_333' title='bbox 720 2946 972 3019; x_wconf 82' lang='grc' dir='ltr'>Πατέρας</span> <span class='ocrx_word' id='word_1_334' title='bbox 1000 2947 1347 3018; x_wconf 79' lang='grc' dir='ltr'>προθήσομαί</span> <span class='ocrx_word' id='word_1_335' title='bbox 1381 2966 1464 3002; x_wconf 92' lang='grc' dir='ltr'><strong>σοι</strong></span> <span class='ocrx_word' id='word_1_336' title='bbox 1497 2950 1592 3002; x_wconf 74' lang='grc' dir='ltr'><strong>ἐπὶ</strong></span> <span class='ocrx_word' id='word_1_337' title='bbox 1619 2950 1717 3004; x_wconf 91' lang='grc' dir='ltr'>τοῦ</span> 
     </span>
    </p>
   </div>
   <div class='ocr_carea' id='block_1_46' title="bbox 145 3036 1717 3110">
    <p class='ocr_par' dir='ltr' id='par_1_46' title="bbox 145 3036 1717 3110">
     <span class='ocr_line' id='line_1_46' title="bbox 145 3036 1717 3110; baseline 0.003 -22"><span class='ocrx_word' id='word_1_338' title='bbox 145 3036 315 3103; x_wconf 61' lang='grc' dir='ltr'>μέσου,</span> <span class='ocrx_word' id='word_1_339' title='bbox 337 3039 413 3101; x_wconf 79' lang='grc' dir='ltr'><strong>ὡς</strong></span> <span class='ocrx_word' id='word_1_340' title='bbox 444 3040 682 3102; x_wconf 71' lang='grc' dir='ltr'><strong>ἔκαστος</strong></span> <span class='ocrx_word' id='word_1_341' title='bbox 709 3039 804 3092; x_wconf 71' lang='grc' dir='ltr'><strong>ἐπὶ</strong></span> <span class='ocrx_word' id='word_1_342' title='bbox 866 3039 1063 3103; x_wconf 80' lang='grc' dir='ltr'>λέξεως</span> <span class='ocrx_word' id='word_1_343' title='bbox 1143 3043 1389 3110; x_wconf 77' lang='grc' dir='ltr'>εἴρηκεν.</span> <span class='ocrx_word' id='word_1_344' title='bbox 1448 3040 1657 3094; x_wconf 82' lang='grc' dir='ltr'><strong>Αὐτίκα</strong></span> <span class='ocrx_word' id='word_1_345' title='bbox 1688 3042 1717 3093; x_wconf 87' lang='lat'><strong>6</strong></span> 
     </span>
    </p>
   </div>
   <div class='ocr_carea' id='block_1_47' title="bbox 144 3127 1716 3202">
    <p class='ocr_par' dir='ltr' id='par_1_47' title="bbox 144 3127 1716 3202">
     <span class='ocr_line' id='line_1_47' title="bbox 144 3127 1716 3202; baseline 0.004 -22"><span class='ocrx_word' id='word_1_346' title='bbox 144 3128 345 3198; x_wconf 79' lang='grc' dir='ltr'>Νύσσης</span> <span class='ocrx_word' id='word_1_347' title='bbox 404 3132 713 3202; x_wconf 82' lang='grc' dir='ltr'>Γρηγόριος</span> <span class='ocrx_word' id='word_1_348' title='bbox 742 3134 801 3185; x_wconf 73' lang='grc' dir='ltr'>ὲν</span> <span class='ocrx_word' id='word_1_349' title='bbox 837 3130 915 3201; x_wconf 82' lang='grc' dir='ltr'><strong>τῷ</strong></span> <span class='ocrx_word' id='word_1_350' title='bbox 963 3133 1102 3200; x_wconf 79' lang='grc' dir='ltr'>πρὸς</span> <span class='ocrx_word' id='word_1_351' title='bbox 1146 3132 1433 3187; x_wconf 77' lang='grc' dir='ltr'>’Δὸλὰδιον</span> <span class='ocrx_word' id='word_1_352' title='bbox 1463 3133 1629 3201; x_wconf 58' lang='grc' dir='ltr'>λόγῳ,</span> <span class='ocrx_word' id='word_1_353' title='bbox 1654 3127 1716 3188; x_wconf 75' lang='grc' dir='ltr'><strong>οὗ</strong></span> 
     </span>
    </p>
   </div>
   <div class='ocr_carea' id='block_1_48' title="bbox 144 3222 1718 3295">
    <p class='ocr_par' dir='ltr' id='par_1_48' title="bbox 144 3222 1718 3295">
     <span class='ocr_line' id='line_1_48' title="bbox 144 3222 1718 3295; baseline 0.001 -19"><span class='ocrx_word' id='word_1_354' title='bbox 144 3222 172 3289; x_wconf 74' lang='grc' dir='ltr'>ὴ</span> <span class='ocrx_word' id='word_1_355' title='bbox 222 3224 379 3295; x_wconf 76' lang='grc' dir='ltr'>ἀρχὴ,</span> <span class='ocrx_word' id='word_1_356' title='bbox 444 3243 465 3277; x_wconf 81' lang='grc' dir='ltr'><strong>ι</strong></span> <span class='ocrx_word' id='word_1_357' title='bbox 498 3226 686 3293; x_wconf 82' lang='grc' dir='ltr'><strong>Ύμᾶς</strong></span> <span class='ocrx_word' id='word_1_358' title='bbox 718 3225 819 3295; x_wconf 82' lang='grc' dir='ltr'><strong>μὲν</strong></span> <span class='ocrx_word' id='word_1_359' title='bbox 858 3225 1068 3278; x_wconf 80' lang='grc' dir='ltr'>δίκαιον</span> <span class='ocrx_word' id='word_1_360' title='bbox 1116 3226 1245 3289; x_wconf 79' lang='grc' dir='ltr'>τοὺς</span> <span class='ocrx_word' id='word_1_361' title='bbox 1275 3224 1629 3295; x_wconf 76' lang='grc' dir='ltr'><strong>ἀκμάζοντας</strong></span> <span class='ocrx_word' id='word_1_362' title='bbox 1659 3227 1718 3278; x_wconf 76' lang='grc' dir='ltr'><strong>ἐν</strong></span> 
     </span>
    </p>
   </div>
   <div class='ocr_carea' id='block_1_49' title="bbox 148 3315 1722 3389">
    <p class='ocr_par' dir='ltr' id='par_1_49' title="bbox 148 3315 1722 3389">
     <span class='ocr_line' id='line_1_49' title="bbox 148 3315 1722 3389; baseline 0.003 -22"><span class='ocrx_word' id='word_1_363' title='bbox 148 3315 283 3387; x_wconf 64' lang='grc' dir='ltr'><strong>πασῃ</strong></span> <span class='ocrx_word' id='word_1_364' title='bbox 318 3317 548 3387; x_wconf 79' lang='grc' dir='ltr'>δυνάμει</span> <span class='ocrx_word' id='word_1_365' title='bbox 606 3317 1083 3386; x_wconf 74' lang='grc' dir='ltr'>διαγωνίζεσθαι,ι</span> <span class='ocrx_word' id='word_1_366' title='bbox 1118 3317 1295 3388; x_wconf 83' lang='grc' dir='ltr'>φησί’</span> <span class='ocrx_word' id='word_1_367' title='bbox 1335 3318 1439 3370; x_wconf 80' lang='grc' dir='ltr'><strong>«Τὸ</strong></span> <span class='ocrx_word' id='word_1_368' title='bbox 1473 3318 1722 3389; x_wconf 79' lang='grc' dir='ltr'>ἀπαράλ-</span> 
     </span>
    </p>
   </div>
   <div class='ocr_carea' id='block_1_50' title="bbox 148 3405 1723 3481">
    <p class='ocr_par' dir='ltr' id='par_1_50' title="bbox 148 3405 1723 3481">
     <span class='ocr_line' id='line_1_50' title="bbox 148 3405 1723 3481; baseline 0.003 -22"><span class='ocrx_word' id='word_1_369' title='bbox 148 3405 328 3462; x_wconf 72' lang='grc' dir='ltr'>λακτον</span> <span class='ocrx_word' id='word_1_370' title='bbox 352 3410 450 3481; x_wconf 77' lang='grc' dir='ltr'><strong>τῆς</strong></span> <span class='ocrx_word' id='word_1_371' title='bbox 474 3411 702 3481; x_wconf 76' lang='grc' dir='ltr'>φύσεως</span> <span class='ocrx_word' id='word_1_372' title='bbox 734 3407 1147 3479; x_wconf 83' lang='grc' dir='ltr'>ὁμολογοῦντες,</span> <span class='ocrx_word' id='word_1_373' title='bbox 1175 3408 1274 3480; x_wconf 77' lang='grc' dir='ltr'><strong>τὴν</strong></span> <span class='ocrx_word' id='word_1_374' title='bbox 1295 3410 1438 3463; x_wconf 80' lang='grc' dir='ltr'><strong>κατὰ</strong></span> <span class='ocrx_word' id='word_1_375' title='bbox 1460 3410 1523 3464; x_wconf 79' lang='grc' dir='ltr'><strong>τὸ</strong></span> <span class='ocrx_word' id='word_1_376' title='bbox 1548 3410 1631 3464; x_wconf 82' lang='grc' dir='ltr'><strong>αίτ</strong></span> <span class='ocrx_word' id='word_1_377' title='bbox 1642 3428 1723 3464; x_wconf 87' lang='grc' dir='ltr'><strong>ιον</strong></span> 
     </span>
    </p>
   </div>
   <div class='ocr_carea' id='block_1_51' title="bbox 151 3498 1724 3577">
    <p class='ocr_par' dir='ltr' id='par_1_51' title="bbox 151 3498 1724 3577">
     <span class='ocr_line' id='line_1_51' title="bbox 151 3498 1724 3577; baseline 0.006 -28"><span class='ocrx_word' id='word_1_378' title='bbox 151 3499 233 3550; x_wconf 75' lang='grc' dir='ltr'><strong>καὶ</strong></span> <span class='ocrx_word' id='word_1_379' title='bbox 261 3501 496 3555; x_wconf 82' lang='grc' dir='ltr'>αίτιατδν</span> <span class='ocrx_word' id='word_1_380' title='bbox 520 3502 794 3572; x_wconf 77' lang='grc' dir='ltr'>διαφορὰν</span> <span class='ocrx_word' id='word_1_381' title='bbox 820 3502 922 3555; x_wconf 80' lang='grc' dir='ltr'><strong>οὐκ</strong></span> <span class='ocrx_word' id='word_1_382' title='bbox 973 3502 1313 3571; x_wconf 85' lang='grc' dir='ltr'><strong>ἀρνούμεθα.</strong></span> <span class='ocrx_word' id='word_1_383' title='bbox 1362 3502 1452 3557; x_wconf 86' lang='grc' dir='ltr'>Ἐν</span> <span class='ocrx_word' id='word_1_384' title='bbox 1496 3498 1541 3573; x_wconf 87' lang='grc' dir='ltr'>ᾧ</span> <span class='ocrx_word' id='word_1_385' title='bbox 1574 3507 1724 3577; x_wconf 85' lang='grc' dir='ltr'><strong>μόνῳ</strong></span> 
     </span>
    </p>
   </div>
   <div class='ocr_carea' id='block_1_52' title="bbox 151 3590 1725 3669">
    <p class='ocr_par' dir='ltr' id='par_1_52' title="bbox 151 3590 1725 3669">
     <span class='ocr_line' id='line_1_52' title="bbox 151 3590 1725 3669; baseline 0.006 -26"><span class='ocrx_word' id='word_1_386' title='bbox 151 3590 503 3662; x_wconf 74' lang='grc' dir='ltr'>ὃιακρένεσθαι</span> <span class='ocrx_word' id='word_1_387' title='bbox 542 3594 605 3648; x_wconf 74' lang='grc' dir='ltr'><strong>τὸ</strong></span> <span class='ocrx_word' id='word_1_388' title='bbox 658 3595 848 3665; x_wconf 69' lang='grc' dir='ltr'>ἕτερον</span> <span class='ocrx_word' id='word_1_389' title='bbox 902 3594 997 3648; x_wconf 88' lang='grc' dir='ltr'><strong>τοῦ</strong></span> <span class='ocrx_word' id='word_1_390' title='bbox 1053 3596 1242 3664; x_wconf 81' lang='grc' dir='ltr'>ἐτέρου</span> <span class='ocrx_word' id='word_1_391' title='bbox 1298 3597 1725 3669; x_wconf 66' lang='grc' dir='ltr'>καταλαμϐάνοι</span> 
     </span>
    </p>
   </div>
   <div class='ocr_carea' id='block_1_53' title="bbox 157 3684 1723 3759">
    <p class='ocr_par' dir='ltr' id='par_1_53' title="bbox 157 3684 1723 3759">
     <span class='ocr_line' id='line_1_53' title="bbox 157 3684 1723 3759; baseline 0.007 -24"><span class='ocrx_word' id='word_1_392' title='bbox 157 3702 262 3750; x_wconf 74' lang='grc' dir='ltr'>μεν,</span> <span class='ocrx_word' id='word_1_393' title='bbox 310 3687 386 3758; x_wconf 78' lang='grc' dir='ltr'><strong>τῷ</strong></span> <span class='ocrx_word' id='word_1_394' title='bbox 410 3691 472 3743; x_wconf 81' lang='grc' dir='ltr'><strong>τὸ</strong></span> <span class='ocrx_word' id='word_1_395' title='bbox 501 3691 606 3759; x_wconf 81' lang='grc' dir='ltr'><strong>μὲν</strong></span> <span class='ocrx_word' id='word_1_396' title='bbox 628 3689 805 3744; x_wconf 79' lang='grc' dir='ltr'>αἴτιον</span> <span class='ocrx_word' id='word_1_397' title='bbox 863 3689 1140 3743; x_wconf 76' lang='grc' dir='ltr'>πιστεύειν</span> <span class='ocrx_word' id='word_1_398' title='bbox 1174 3684 1337 3756; x_wconf 79' lang='grc' dir='ltr'>εῖναι,</span> <span class='ocrx_word' id='word_1_399' title='bbox 1370 3692 1430 3744; x_wconf 77' lang='grc' dir='ltr'><strong>τὸ</strong></span> <span class='ocrx_word' id='word_1_400' title='bbox 1451 3691 1507 3745; x_wconf 78' lang='grc' dir='ltr'>δὲ</span> <span class='ocrx_word' id='word_1_401' title='bbox 1537 3695 1601 3746; x_wconf 84' lang='grc' dir='ltr'><strong>ὲκ</strong></span> <span class='ocrx_word' id='word_1_402' title='bbox 1624 3692 1723 3746; x_wconf 90' lang='grc' dir='ltr'>τοῦ</span> 
     </span>
    </p>
   </div>
   <div class='ocr_carea' id='block_1_54' title="bbox 156 3770 1725 3853">
    <p class='ocr_par' dir='ltr' id='par_1_54' title="bbox 156 3770 1725 3853">
     <span class='ocr_line' id='line_1_54' title="bbox 156 3770 1725 3853; baseline 0.007 -26"><span class='ocrx_word' id='word_1_403' title='bbox 156 3778 330 3833; x_wconf 77' lang='grc' dir='ltr'>αἰτίου·</span> <span class='ocrx_word' id='word_1_404' title='bbox 364 3782 459 3835; x_wconf 79' lang='grc' dir='ltr'><strong>καὶ</strong></span> <span class='ocrx_word' id='word_1_405' title='bbox 496 3781 596 3835; x_wconf 85' lang='grc' dir='ltr'><strong>τοῦ</strong></span> <span class='ocrx_word' id='word_1_406' title='bbox 632 3780 692 3847; x_wconf 72' lang='grc' dir='ltr'>ἐξ</span> <span class='ocrx_word' id='word_1_407' title='bbox 726 3783 907 3845; x_wconf 77' lang='grc' dir='ltr'>αἰτίας</span> <span class='ocrx_word' id='word_1_408' title='bbox 939 3770 1095 3846; x_wconf 81' lang='grc' dir='ltr'>όντος</span> <span class='ocrx_word' id='word_1_409' title='bbox 1145 3781 1314 3852; x_wconf 78' lang='grc' dir='ltr'>ἄλλην</span> <span class='ocrx_word' id='word_1_410' title='bbox 1346 3783 1511 3837; x_wconf 81' lang='grc' dir='ltr'>πάλιν</span> <span class='ocrx_word' id='word_1_411' title='bbox 1538 3784 1725 3853; x_wconf 78' lang='grc' dir='ltr'>διαφο-</span> 
     </span>
    </p>
   </div>
   <div class='ocr_carea' id='block_1_55' title="bbox 160 3872 1728 3947">
    <p class='ocr_par' dir='ltr' id='par_1_55' title="bbox 160 3872 1728 3947">
     <span class='ocr_line' id='line_1_55' title="bbox 160 3872 1728 3947; baseline 0.002 -22"><span class='ocrx_word' id='word_1_412' title='bbox 160 3872 245 3938; x_wconf 68' lang='grc' dir='ltr'>ρὰν</span> <span class='ocrx_word' id='word_1_413' title='bbox 282 3874 587 3944; x_wconf 63' lang='grc' dir='ltr'><strong>ἐννοοῦμεν.</strong></span> <span class='ocrx_word' id='word_1_414' title='bbox 645 3872 722 3927; x_wconf 86' lang='lat' dir='ltr'><em>T6</em></span> <span class='ocrx_word' id='word_1_415' title='bbox 750 3875 847 3945; x_wconf 85' lang='grc' dir='ltr'>μὲν</span> <span class='ocrx_word' id='word_1_416' title='bbox 876 3876 985 3944; x_wconf 78' lang='grc' dir='ltr'>γὰρ</span> <span class='ocrx_word' id='word_1_417' title='bbox 1017 3874 1304 3945; x_wconf 85' lang='grc' dir='ltr'>προσεχῶς</span> <span class='ocrx_word' id='word_1_418' title='bbox 1342 3876 1407 3928; x_wconf 75' lang='grc' dir='ltr'><strong>ἐκ</strong></span> <span class='ocrx_word' id='word_1_419' title='bbox 1439 3876 1535 3928; x_wconf 87' lang='grc' dir='ltr'><strong>τοῦ</strong></span> <span class='ocrx_word' id='word_1_420' title='bbox 1569 3876 1728 3947; x_wconf 69' lang='grc' dir='ltr'><strong>τειρώο⁸</strong></span> 
     </span>
    </p>
   </div>
   <div class='ocr_carea' id='block_1_56' title="bbox 158 3950 1725 4039">
    <p class='ocr_par' dir='ltr' id='par_1_56' title="bbox 158 3950 1725 4039">
     <span class='ocr_line' id='line_1_56' title="bbox 158 3950 1725 4039; baseline 0.006 -23"><span class='ocrx_word' id='word_1_421' title='bbox 158 3981 259 4025; x_wconf 86' lang='grc' dir='ltr'>του,</span> <span class='ocrx_word' id='word_1_422' title='bbox 288 3967 345 4019; x_wconf 69' lang='grc' dir='ltr'><strong>τὸ</strong></span> <span class='ocrx_word' id='word_1_423' title='bbox 372 3968 430 4020; x_wconf 72' lang='grc' dir='ltr'><strong>δι</strong></span> <span class='ocrx_word' id='word_1_424' title='bbox 461 3969 556 4023; x_wconf 69' lang='grc' dir='ltr'>διὰ</span> <span class='ocrx_word' id='word_1_425' title='bbox 589 3969 685 4021; x_wconf 90' lang='grc' dir='ltr'><strong>τοῦ</strong></span> <span class='ocrx_word' id='word_1_426' title='bbox 726 3968 1010 4038; x_wconf 79' lang='grc' dir='ltr'>προσεχῶς</span> <span class='ocrx_word' id='word_1_427' title='bbox 1033 3970 1097 4021; x_wconf 71' lang='grc' dir='ltr'><strong>ἐκ</strong></span> <span class='ocrx_word' id='word_1_428' title='bbox 1136 3969 1233 4021; x_wconf 91' lang='grc' dir='ltr'>τοῦ</span> <span class='ocrx_word' id='word_1_429' title='bbox 1280 3950 1523 4039; x_wconf 73' lang='grc' dir='ltr'>στρώτου.</span> <span class='ocrx_word' id='word_1_430' title='bbox 1559 3972 1725 4026; x_wconf 82' lang='grc' dir='ltr'>Ὥστε</span> 
     </span>
    </p>
   </div>
   <div class='ocr_carea' id='block_1_57' title="bbox 159 4057 1723 4137">
    <p class='ocr_par' dir='ltr' id='par_1_57' title="bbox 159 4057 1723 4137">
     <span class='ocr_line' id='line_1_57' title="bbox 159 4057 1723 4137; baseline 0.009 -29"><span class='ocrx_word' id='word_1_431' title='bbox 159 4057 241 4109; x_wconf 67' lang='grc' dir='ltr'><strong>καὶ</strong></span> <span class='ocrx_word' id='word_1_432' title='bbox 263 4058 317 4110; x_wconf 74' lang='grc' dir='ltr'><strong>τὸ</strong></span> <span class='ocrx_word' id='word_1_433' title='bbox 365 4060 657 4130; x_wconf 74' lang='grc' dir='ltr'>μονογενὲς</span> <span class='ocrx_word' id='word_1_434' title='bbox 692 4062 1066 4130; x_wconf 81' lang='grc' dir='ltr'>ἀναμφίῦολον</span> <span class='ocrx_word' id='word_1_435' title='bbox 1097 4064 1190 4118; x_wconf 76' lang='grc' dir='ltr'><strong>ἐπὶ</strong></span> <span class='ocrx_word' id='word_1_436' title='bbox 1220 4065 1314 4118; x_wconf 86' lang='grc' dir='ltr'>τοῦ</span> <span class='ocrx_word' id='word_1_437' title='bbox 1350 4066 1480 4120; x_wconf 83' lang='grc' dir='ltr'>Υίοῦ</span> <span class='ocrx_word' id='word_1_438' title='bbox 1514 4068 1723 4137; x_wconf 80' lang='grc' dir='ltr'>μένειν,</span> 
     </span>
    </p>
   </div>
   <div class='ocr_carea' id='block_1_58' title="bbox 160 4150 1729 4230">
    <p class='ocr_par' dir='ltr' id='par_1_58' title="bbox 160 4150 1729 4230">
     <span class='ocr_line' id='line_1_58' title="bbox 160 4150 1729 4230; baseline 0.01 -31"><span class='ocrx_word' id='word_1_439' title='bbox 160 4150 241 4201; x_wconf 72' lang='grc' dir='ltr'><strong>καὶ</strong></span> <span class='ocrx_word' id='word_1_440' title='bbox 283 4153 337 4203; x_wconf 59' lang='grc' dir='ltr'><strong>τὶ</strong></span> <span class='ocrx_word' id='word_1_441' title='bbox 379 4155 439 4205; x_wconf 75' lang='grc' dir='ltr'><strong>ὲκ</strong></span> <span class='ocrx_word' id='word_1_442' title='bbox 500 4152 600 4205; x_wconf 92' lang='grc' dir='ltr'>τοῦ</span> <span class='ocrx_word' id='word_1_443' title='bbox 651 4154 865 4223; x_wconf 78' lang='grc' dir='ltr'><strong>[ἰατρὸς</strong></span> <span class='ocrx_word' id='word_1_444' title='bbox 890 4150 1119 4209; x_wconf 80' lang='grc' dir='ltr'>εἶναιτὸ</span> <span class='ocrx_word' id='word_1_445' title='bbox 1176 4156 1401 4227; x_wconf 86' lang='grc' dir='ltr'><strong>Πνεῦμα</strong></span> <span class='ocrx_word' id='word_1_446' title='bbox 1449 4160 1523 4229; x_wconf 80' lang='grc' dir='ltr'><strong>μὴ</strong></span> <span class='ocrx_word' id='word_1_447' title='bbox 1553 4162 1729 4230; x_wconf 81' lang='grc' dir='ltr'>ἀμφι-</span> 
     </span>
    </p>
   </div>
   <div class='ocr_carea' id='block_1_59' title="bbox 162 4242 1727 4323">
    <p class='ocr_par' dir='ltr' id='par_1_59' title="bbox 162 4242 1727 4323">
     <span class='ocr_line' id='line_1_59' title="bbox 162 4242 1727 4323; baseline 0.007 -28"><span class='ocrx_word' id='word_1_448' title='bbox 162 4242 498 4317; x_wconf 48' lang='lat' dir='ltr'><strong>summa;</strong></span> <span class='ocrx_word' id='word_1_449' title='bbox 529 4246 627 4300; x_wconf 89' lang='grc' dir='ltr'><strong>τοῦ</strong></span> <span class='ocrx_word' id='word_1_450' title='bbox 659 4246 788 4299; x_wconf 77' lang='grc' dir='ltr'>Υίοῦ</span> <span class='ocrx_word' id='word_1_451' title='bbox 841 4249 1125 4317; x_wconf 83' lang='grc' dir='ltr'>μεσιτείας</span> <span class='ocrx_word' id='word_1_452' title='bbox 1165 4251 1261 4304; x_wconf 73' lang='grc' dir='ltr'><strong>καὶ</strong></span> <span class='ocrx_word' id='word_1_453' title='bbox 1296 4252 1476 4322; x_wconf 75' lang='grc' dir='ltr'><strong>ἑαυτῷ</strong></span> <span class='ocrx_word' id='word_1_454' title='bbox 1515 4252 1577 4305; x_wconf 72' lang='grc' dir='ltr'><strong>τὸ</strong></span> <span class='ocrx_word' id='word_1_455' title='bbox 1631 4271 1727 4323; x_wconf 71' lang='grc' dir='ltr'>μου</span> 
     </span>
    </p>
   </div>
   <div class='ocr_carea' id='block_1_60' title="bbox 163 4339 1727 4417">
    <p class='ocr_par' dir='ltr' id='par_1_60' title="bbox 163 4339 1727 4417">
     <span class='ocr_line' id='line_1_60' title="bbox 163 4339 1727 4417; baseline 0.009 -30"><span class='ocrx_word' id='word_1_456' title='bbox 163 4340 353 4404; x_wconf 52' lang='lat' dir='ltr'><strong>vorsu};</strong></span> <span class='ocrx_word' id='word_1_457' title='bbox 398 4339 800 4408; x_wconf 72' lang='grc' dir='ltr'>φυλαττούσης,</span> <span class='ocrx_word' id='word_1_458' title='bbox 864 4342 958 4395; x_wconf 84' lang='grc' dir='ltr'><strong>καὶ</strong></span> <span class='ocrx_word' id='word_1_459' title='bbox 993 4343 1055 4395; x_wconf 82' lang='grc' dir='ltr'><strong>τὸ</strong></span> <span class='ocrx_word' id='word_1_460' title='bbox 1080 4344 1307 4413; x_wconf 81' lang='grc' dir='ltr'><strong>Πνεῦμα</strong></span> <span class='ocrx_word' id='word_1_461' title='bbox 1340 4348 1440 4416; x_wconf 82' lang='grc' dir='ltr'><strong>τῆς</strong></span> <span class='ocrx_word' id='word_1_462' title='bbox 1486 4348 1727 4417; x_wconf 77' lang='grc' dir='ltr'>φυσικῆς</span> 
     </span>
    </p>
   </div>
   <div class='ocr_carea' id='block_1_61' title="bbox 167 4429 1728 4507">
    <p class='ocr_par' dir='ltr' id='par_1_61' title="bbox 167 4429 1728 4507">
     <span class='ocr_line' id='line_1_61' title="bbox 167 4429 1728 4507; baseline 0.01 -30"><span class='ocrx_word' id='word_1_463' title='bbox 167 4429 283 4497; x_wconf 56' lang='grc' dir='ltr'>προς</span> <span class='ocrx_word' id='word_1_464' title='bbox 328 4432 413 4482; x_wconf 64' lang='grc' dir='ltr'><strong>τὸν</strong></span> <span class='ocrx_word' id='word_1_465' title='bbox 478 4434 700 4501; x_wconf 53' lang='grc' dir='ltr'>Ποτέρα</span> <span class='ocrx_word' id='word_1_466' title='bbox 736 4436 974 4503; x_wconf 79' lang='grc' dir='ltr'>σχέσεως</span> <span class='ocrx_word' id='word_1_467' title='bbox 1007 4434 1085 4506; x_wconf 84' lang='grc' dir='ltr'><strong>μὴ</strong></span> <span class='ocrx_word' id='word_1_468' title='bbox 1131 4437 1531 4507; x_wconf 83' lang='grc' dir='ltr'>ἀπειργούσης.</span> <span class='ocrx_word' id='word_1_469' title='bbox 1575 4458 1592 4490; x_wconf 72' lang='grc' dir='ltr'><strong>ι</strong></span> <span class='ocrx_word' id='word_1_470' title='bbox 1632 4442 1728 4505; x_wconf 77' lang='grc' dir='ltr'>Τίς</span> 
     </span>
    </p>
   </div>
   <div class='ocr_carea' id='block_1_62' title="bbox 167 4519 1722 4603">
    <p class='ocr_par' dir='ltr' id='par_1_62' title="bbox 167 4519 1722 4603">
     <span class='ocr_line' id='line_1_62' title="bbox 167 4519 1722 4603; baseline 0.012 -36"><span class='ocrx_word' id='word_1_471' title='bbox 167 4519 260 4570; x_wconf 80' lang='grc' dir='ltr'><strong>τῶν</strong></span> <span class='ocrx_word' id='word_1_472' title='bbox 309 4521 472 4587; x_wconf 77' lang='grc' dir='ltr'>ἁγίων</span> <span class='ocrx_word' id='word_1_473' title='bbox 531 4524 918 4592; x_wconf 63' lang='grc' dir='ltr'>ἀριδηλότερον</span> <span class='ocrx_word' id='word_1_474' title='bbox 968 4529 1320 4597; x_wconf 78' lang='grc' dir='ltr'>παραστήσει</span> <span class='ocrx_word' id='word_1_475' title='bbox 1400 4531 1501 4599; x_wconf 86' lang='grc' dir='ltr'><strong>τὴν</strong></span> <span class='ocrx_word' id='word_1_476' title='bbox 1538 4533 1596 4583; x_wconf 84' lang='grc' dir='ltr'><strong>ὲν</strong></span> <span class='ocrx_word' id='word_1_477' title='bbox 1654 4534 1722 4603; x_wconf 77' lang='grc' dir='ltr'><strong>τῇ</strong></span> 
     </span>
    </p>
   </div>
   <div class='ocr_carea' id='block_1_63' title="bbox 1828 2007 3420 2093">
    <p class='ocr_par' dir='ltr' id='par_1_63' title="bbox 1828 2007 3420 2093">
     <span class='ocr_line' id='line_1_63' title="bbox 1828 2007 3420 2093; baseline 0.008 -27"><span class='ocrx_word' id='word_1_478' title='bbox 1828 2007 2075 2081; x_wconf 74' lang='lat' dir='ltr'><strong>Spiritu?</strong></span> <span class='ocrx_word' id='word_1_479' title='bbox 2099 2015 2197 2072; x_wconf 90' lang='lat' dir='ltr'><strong>Vel</strong></span> <span class='ocrx_word' id='word_1_480' title='bbox 2229 2021 2512 2089; x_wconf 90' lang='lat' dir='ltr'><strong>quomodo</strong></span> <span class='ocrx_word' id='word_1_481' title='bbox 2550 2022 2889 2092; x_wconf 81' lang='lat' dir='ltr'><strong>intelligetur</strong></span> <span class='ocrx_word' id='word_1_482' title='bbox 2926 2022 3167 2093; x_wconf 86' lang='lat' dir='ltr'><strong>Spiritus</strong></span> <span class='ocrx_word' id='word_1_483' title='bbox 3210 2039 3303 2093; x_wconf 87' lang='lat' dir='ltr'><strong>per</strong></span> <span class='ocrx_word' id='word_1_484' title='bbox 3338 2022 3420 2078; x_wconf 81' lang='lat' dir='ltr'><strong>Fi-</strong></span> 
     </span>
    </p>
   </div>
   <div class='ocr_carea' id='block_1_64' title="bbox 1824 2106 2595 2169">
    <p class='ocr_par' dir='ltr' id='par_1_64' title="bbox 1824 2106 2595 2169">
     <span class='ocr_line' id='line_1_64' title="bbox 1824 2106 2595 2169; baseline 0.009 -9"><span class='ocrx_word' id='word_1_485' title='bbox 1824 2106 1957 2162; x_wconf 90' lang='lat' dir='ltr'><strong>lium</strong></span> <span class='ocrx_word' id='word_1_486' title='bbox 1982 2107 2131 2164; x_wconf 83' lang='lat' dir='ltr'><strong>Patri</strong></span> <span class='ocrx_word' id='word_1_487' title='bbox 2168 2112 2595 2169; x_wconf 66' lang='lat' dir='ltr'><strong>adhaerescens?</strong></span> 
     </span>
    </p>
   </div>
   <div class='ocr_carea' id='block_1_65' title="bbox 1894 2290 3409 2372">
    <p class='ocr_par' dir='ltr' id='par_1_65' title="bbox 1894 2290 3409 2372">
     <span class='ocr_line' id='line_1_65' title="bbox 1894 2290 3409 2372; baseline 0.007 -23"><span class='ocrx_word' id='word_1_488' title='bbox 1894 2293 1989 2359; x_wconf 73' lang='lat'><strong>25.</strong></span> <span class='ocrx_word' id='word_1_489' title='bbox 2022 2294 2128 2351; x_wconf 86' lang='lat' dir='ltr'><strong>Sed</strong></span> <span class='ocrx_word' id='word_1_490' title='bbox 2161 2313 2375 2361; x_wconf 82' lang='lat' dir='ltr'><strong>rursus.</strong></span> <span class='ocrx_word' id='word_1_491' title='bbox 2419 2299 2548 2357; x_wconf 87' lang='lat' dir='ltr'><strong>licet</strong></span> <span class='ocrx_word' id='word_1_492' title='bbox 2594 2290 2989 2366; x_wconf 83' lang='lat' dir='ltr'><strong>essentialitcr,</strong></span> <span class='ocrx_word' id='word_1_493' title='bbox 3024 2301 3302 2372; x_wconf 84' lang='lat' dir='ltr'><strong>inquiunt,</strong></span> <span class='ocrx_word' id='word_1_494' title='bbox 3340 2321 3409 2360; x_wconf 75' lang='lat' dir='ltr'><strong>ex</strong></span> 
     </span>
    </p>
   </div>
   <div class='ocr_carea' id='block_1_66' title="bbox 1825 2386 3422 2463">
    <p class='ocr_par' dir='ltr' id='par_1_66' title="bbox 1825 2386 3422 2463">
     <span class='ocr_line' id='line_1_66' title="bbox 1825 2386 3422 2463; baseline 0.007 -21"><span class='ocrx_word' id='word_1_495' title='bbox 1825 2386 1987 2443; x_wconf 84' lang='lat' dir='ltr'><strong>Patre</strong></span> <span class='ocrx_word' id='word_1_496' title='bbox 2020 2404 2117 2457; x_wconf 90' lang='lat' dir='ltr'><strong>per</strong></span> <span class='ocrx_word' id='word_1_497' title='bbox 2150 2388 2351 2445; x_wconf 80' lang='lat' dir='ltr'><strong>Filium</strong></span> <span class='ocrx_word' id='word_1_498' title='bbox 2380 2392 2623 2461; x_wconf 89' lang='lat' dir='ltr'><strong>Spiritus</strong></span> <span class='ocrx_word' id='word_1_499' title='bbox 2654 2403 2760 2459; x_wconf 88' lang='lat' dir='ltr'><strong>est,</strong></span> <span class='ocrx_word' id='word_1_500' title='bbox 2802 2411 2927 2463; x_wconf 74' lang='lat' dir='ltr'><strong>qua:</strong></span> <span class='ocrx_word' id='word_1_501' title='bbox 2970 2397 3112 2451; x_wconf 87' lang='lat' dir='ltr'><strong>ratio</strong></span> <span class='ocrx_word' id='word_1_502' title='bbox 3143 2397 3330 2463; x_wconf 70' lang='lat' dir='ltr'><strong>tulerit,</strong></span> <span class='ocrx_word' id='word_1_503' title='bbox 3367 2400 3422 2453; x_wconf 91' lang='lat' dir='ltr'><strong>in</strong></span> 
     </span>
    </p>
   </div>
   <div class='ocr_carea' id='block_1_67' title="bbox 1825 2476 3423 2553">
    <p class='ocr_par' dir='ltr' id='par_1_67' title="bbox 1825 2476 3423 2553">
     <span class='ocr_line' id='line_1_67' title="bbox 1825 2476 3423 2553; baseline 0.007 -21"><span class='ocrx_word' id='word_1_504' title='bbox 1825 2476 2048 2537; x_wconf 84' lang='lat' dir='ltr'><strong>Triadis</strong></span> <span class='ocrx_word' id='word_1_505' title='bbox 2076 2482 2469 2552; x_wconf 79' lang='lat' dir='ltr'><strong>hypostasibus</strong></span> <span class='ocrx_word' id='word_1_506' title='bbox 2498 2499 2663 2553; x_wconf 85' lang='lat' dir='ltr'><strong>supra</strong></span> <span class='ocrx_word' id='word_1_507' title='bbox 2692 2500 2913 2541; x_wconf 90' lang='lat' dir='ltr'><strong>omnem</strong></span> <span class='ocrx_word' id='word_1_508' title='bbox 2957 2488 3204 2542; x_wconf 87' lang='lat' dir='ltr'><strong>ordinem</strong></span> <span class='ocrx_word' id='word_1_509' title='bbox 3237 2494 3423 2545; x_wconf 76' lang='lat' dir='ltr'><strong>consi-</strong></span> 
     </span>
    </p>
   </div>
   <div class='ocr_carea' id='block_1_68' title="bbox 1825 2572 3427 2650">
    <p class='ocr_par' dir='ltr' id='par_1_68' title="bbox 1825 2572 3427 2650">
     <span class='ocr_line' id='line_1_68' title="bbox 1825 2572 3427 2650; baseline 0.007 -24"><span class='ocrx_word' id='word_1_510' title='bbox 1825 2572 2033 2650; x_wconf 72' lang='lat' dir='ltr'><strong>deratis</strong></span> <span class='ocrx_word' id='word_1_511' title='bbox 2066 2574 2195 2628; x_wconf 81' lang='lat' dir='ltr'><strong>Filii</strong></span> <span class='ocrx_word' id='word_1_512' title='bbox 2228 2576 2574 2647; x_wconf 88' lang='lat' dir='ltr'><strong>bypostasim</strong></span> <span class='ocrx_word' id='word_1_513' title='bbox 2641 2580 2881 2633; x_wconf 78' lang='lat' dir='ltr'><strong>mediam</strong></span> <span class='ocrx_word' id='word_1_514' title='bbox 2942 2582 3087 2636; x_wconf 88' lang='lat' dir='ltr'><strong>inter</strong></span> <span class='ocrx_word' id='word_1_515' title='bbox 3123 2582 3340 2637; x_wconf 86' lang='lat' dir='ltr'><strong>Patrem</strong></span> <span class='ocrx_word' id='word_1_516' title='bbox 3372 2594 3427 2638; x_wconf 89' lang='lat' dir='ltr'><strong>et</strong></span> 
     </span>
    </p>
   </div>
   <div class='ocr_carea' id='block_1_69' title="bbox 1826 2665 3428 2743">
    <p class='ocr_par' dir='ltr' id='par_1_69' title="bbox 1826 2665 3428 2743">
     <span class='ocr_line' id='line_1_69' title="bbox 1826 2665 3428 2743; baseline 0.006 -24"><span class='ocrx_word' id='word_1_517' title='bbox 1826 2665 2096 2743; x_wconf 85' lang='lat' dir='ltr'><strong>Spiritum</strong></span> <span class='ocrx_word' id='word_1_518' title='bbox 2128 2667 2313 2730; x_wconf 84' lang='lat' dir='ltr'><strong>fateri,</strong></span> <span class='ocrx_word' id='word_1_519' title='bbox 2349 2669 2508 2738; x_wconf 87' lang='lat' dir='ltr'><strong>quasi</strong></span> <span class='ocrx_word' id='word_1_520' title='bbox 2558 2671 2879 2724; x_wconf 86' lang='lat' dir='ltr'><strong>necessario</strong></span> <span class='ocrx_word' id='word_1_521' title='bbox 2930 2671 3011 2726; x_wconf 89' lang='lat' dir='ltr'><strong>ibi</strong></span> <span class='ocrx_word' id='word_1_522' title='bbox 3085 2673 3222 2728; x_wconf 89' lang='lat' dir='ltr'><strong>ordo</strong></span> <span class='ocrx_word' id='word_1_523' title='bbox 3258 2675 3428 2729; x_wconf 63' lang='lat' dir='ltr'><strong>intro-u-</strong></span> 
     </span>
    </p>
   </div>
   <div class='ocr_carea' id='block_1_70' title="bbox 1826 2756 3429 2832">
    <p class='ocr_par' dir='ltr' id='par_1_70' title="bbox 1826 2756 3429 2832">
     <span class='ocr_line' id='line_1_70' title="bbox 1826 2756 3429 2832; baseline 0.004 -22"><span class='ocrx_word' id='word_1_524' title='bbox 1826 2756 2113 2811; x_wconf 88' lang='lat' dir='ltr'><strong>ducendus</strong></span> <span class='ocrx_word' id='word_1_525' title='bbox 2134 2756 2248 2812; x_wconf 87' lang='lat' dir='ltr'><strong>sit?</strong></span> <span class='ocrx_word' id='word_1_526' title='bbox 2285 2757 2361 2812; x_wconf 85' lang='lat' dir='ltr'><strong>De</strong></span> <span class='ocrx_word' id='word_1_527' title='bbox 2392 2759 2497 2813; x_wconf 89' lang='lat' dir='ltr'><strong>hoc</strong></span> <span class='ocrx_word' id='word_1_528' title='bbox 2528 2760 2727 2814; x_wconf 88' lang='lat' dir='ltr'><strong>ordine</strong></span> <span class='ocrx_word' id='word_1_529' title='bbox 2755 2760 2891 2814; x_wconf 81' lang='lat' dir='ltr'><strong>nihil</strong></span> <span class='ocrx_word' id='word_1_530' title='bbox 2940 2763 3156 2832; x_wconf 78' lang='lat' dir='ltr'><strong>ipsede</strong></span> <span class='ocrx_word' id='word_1_531' title='bbox 3188 2778 3312 2817; x_wconf 91' lang='lat' dir='ltr'><strong>meo</strong></span> <span class='ocrx_word' id='word_1_532' title='bbox 3346 2764 3429 2817; x_wconf 83' lang='lat' dir='ltr'><strong>al-</strong></span> 
     </span>
    </p>
   </div>
   <div class='ocr_carea' id='block_1_71' title="bbox 1826 2848 3429 2920">
    <p class='ocr_par' dir='ltr' id='par_1_71' title="bbox 1826 2848 3429 2920">
     <span class='ocr_line' id='line_1_71' title="bbox 1826 2848 3429 2920; baseline 0.004 -18"><span class='ocrx_word' id='word_1_533' title='bbox 1826 2848 2026 2914; x_wconf 67' lang='lat' dir='ltr'><strong>teram,</strong></span> <span class='ocrx_word' id='word_1_534' title='bbox 2078 2850 2179 2904; x_wconf 83' lang='lat' dir='ltr'><strong>sed</strong></span> <span class='ocrx_word' id='word_1_535' title='bbox 2207 2849 2399 2906; x_wconf 86' lang='lat' dir='ltr'><strong>Patres</strong></span> <span class='ocrx_word' id='word_1_536' title='bbox 2427 2852 2577 2915; x_wconf 90' lang='lat' dir='ltr'><strong>illos,</strong></span> <span class='ocrx_word' id='word_1_537' title='bbox 2607 2852 2701 2920; x_wconf 91' lang='lat' dir='ltr'><strong>qui</strong></span> <span class='ocrx_word' id='word_1_538' title='bbox 2750 2852 2818 2907; x_wconf 93' lang='lat' dir='ltr'><strong>de</strong></span> <span class='ocrx_word' id='word_1_539' title='bbox 2854 2868 2922 2907; x_wconf 90' lang='lat' dir='ltr'><strong>eo</strong></span> <span class='ocrx_word' id='word_1_540' title='bbox 2973 2868 3282 2908; x_wconf 86' lang='lat' dir='ltr'><strong>sermonem</strong></span> <span class='ocrx_word' id='word_1_541' title='bbox 3335 2858 3429 2909; x_wconf 77' lang='lat' dir='ltr'><strong>lia—</strong></span> 
     </span>
    </p>
   </div>
   <div class='ocr_carea' id='block_1_72' title="bbox 1828 2940 3426 3010">
    <p class='ocr_par' dir='ltr' id='par_1_72' title="bbox 1828 2940 3426 3010">
     <span class='ocr_line' id='line_1_72' title="bbox 1828 2940 3426 3010; baseline 0.004 -17"><span class='ocrx_word' id='word_1_542' title='bbox 1828 2940 2022 3004; x_wconf 86' lang='lat' dir='ltr'><strong>buere,</strong></span> <span class='ocrx_word' id='word_1_543' title='bbox 2083 2941 2141 2993; x_wconf 89' lang='lat' dir='ltr'><strong>in</strong></span> <span class='ocrx_word' id='word_1_544' title='bbox 2204 2942 2447 2994; x_wconf 82' lang='lat' dir='ltr'><strong>medium</strong></span> <span class='ocrx_word' id='word_1_545' title='bbox 2511 2941 2819 3010; x_wconf 84' lang='lat' dir='ltr'><strong>producam</strong></span> <span class='ocrx_word' id='word_1_546' title='bbox 2884 2945 3174 3008; x_wconf 77' lang='lat' dir='ltr'><strong>verbatim,</strong></span> <span class='ocrx_word' id='word_1_547' title='bbox 3225 2954 3281 2999; x_wconf 90' lang='lat' dir='ltr'><strong>ut</strong></span> <span class='ocrx_word' id='word_1_548' title='bbox 3349 2948 3426 2999; x_wconf 88' lang='lat' dir='ltr'><strong>illi</strong></span> 
     </span>
    </p>
   </div>
   <div class='ocr_carea' id='block_1_73' title="bbox 1827 3032 3430 3108">
    <p class='ocr_par' dir='ltr' id='par_1_73' title="bbox 1827 3032 3430 3108">
     <span class='ocr_line' id='line_1_73' title="bbox 1827 3032 3430 3108; baseline 0.002 -21"><span class='ocrx_word' id='word_1_549' title='bbox 1827 3034 2217 3087; x_wconf 89' lang='lat' dir='ltr'><strong>euuutiaruut.</strong></span> <span class='ocrx_word' id='word_1_550' title='bbox 2254 3035 2468 3088; x_wconf 76' lang='lat' dir='ltr'><strong>l‘rimus</strong></span> <span class='ocrx_word' id='word_1_551' title='bbox 2516 3032 2805 3108; x_wconf 81' lang='lat' dir='ltr'><strong>Nyssenus</strong></span> <span class='ocrx_word' id='word_1_552' title='bbox 2839 3033 3142 3105; x_wconf 76' lang='lat' dir='ltr'><strong>Gregorius</strong></span> <span class='ocrx_word' id='word_1_553' title='bbox 3176 3037 3430 3091; x_wconf 80' lang='lat' dir='ltr'><strong>oratione</strong></span> 
     </span>
    </p>
   </div>
   <div class='ocr_carea' id='block_1_74' title="bbox 1829 3125 3431 3196">
    <p class='ocr_par' dir='ltr' id='par_1_74' title="bbox 1829 3125 3431 3196">
     <span class='ocr_line' id='line_1_74' title="bbox 1829 3125 3431 3196; baseline 0.002 -18"><span class='ocrx_word' id='word_1_554' title='bbox 1829 3126 1896 3178; x_wconf 87' lang='lat' dir='ltr'><strong>ad</strong></span> <span class='ocrx_word' id='word_1_555' title='bbox 1933 3125 2246 3190; x_wconf 83' lang='lat' dir='ltr'><strong>Ablabium,</strong></span> <span class='ocrx_word' id='word_1_556' title='bbox 2302 3128 2463 3195; x_wconf 88' lang='lat' dir='ltr'><strong>cujus</strong></span> <span class='ocrx_word' id='word_1_557' title='bbox 2507 3125 2640 3179; x_wconf 91' lang='lat' dir='ltr'><strong>illud</strong></span> <span class='ocrx_word' id='word_1_558' title='bbox 2691 3127 3026 3196; x_wconf 87' lang='lat' dir='ltr'><strong>principium</strong></span> <span class='ocrx_word' id='word_1_559' title='bbox 3068 3138 3194 3181; x_wconf 86' lang='lat' dir='ltr'><strong>est:</strong></span> <span class='ocrx_word' id='word_1_560' title='bbox 3235 3145 3256 3178; x_wconf 80' lang='grc' dir='ltr'><strong>ι</strong></span> <span class='ocrx_word' id='word_1_561' title='bbox 3301 3125 3431 3182; x_wconf 80' lang='lat' dir='ltr'><strong>Jus-</strong></span> 
     </span>
    </p>
   </div>
   <div class='ocr_carea' id='block_1_75' title="bbox 1829 3216 3428 3287">
    <p class='ocr_par' dir='ltr' id='par_1_75' title="bbox 1829 3216 3428 3287">
     <span class='ocr_line' id='line_1_75' title="bbox 1829 3216 3428 3287; baseline 0.003 -20"><span class='ocrx_word' id='word_1_562' title='bbox 1829 3224 1945 3269; x_wconf 92' lang='lat' dir='ltr'><strong>tum</strong></span> <span class='ocrx_word' id='word_1_563' title='bbox 1978 3223 2063 3269; x_wconf 87' lang='lat' dir='ltr'><strong>est</strong></span> <span class='ocrx_word' id='word_1_564' title='bbox 2092 3217 2351 3285; x_wconf 85' lang='lat' dir='ltr'><strong>equidem</strong></span> <span class='ocrx_word' id='word_1_565' title='bbox 2393 3230 2513 3283; x_wconf 83' lang='lat' dir='ltr'><strong>vos,</strong></span> <span class='ocrx_word' id='word_1_566' title='bbox 2552 3216 2647 3286; x_wconf 89' lang='lat' dir='ltr'><strong>qui</strong></span> <span class='ocrx_word' id='word_1_567' title='bbox 2687 3216 2901 3270; x_wconf 83' lang='lat' dir='ltr'><strong>viribus</strong></span> <span class='ocrx_word' id='word_1_568' title='bbox 2940 3218 3164 3287; x_wconf 87' lang='lat' dir='ltr'><strong>polletis</strong></span> <span class='ocrx_word' id='word_1_569' title='bbox 3190 3218 3242 3271; x_wconf 92' lang='lat' dir='ltr'><strong>in</strong></span> <span class='ocrx_word' id='word_1_570' title='bbox 3275 3218 3428 3273; x_wconf 88' lang='lat' dir='ltr'><strong>omni</strong></span> 
     </span>
    </p>
   </div>
   <div class='ocr_carea' id='block_1_76' title="bbox 1830 3308 3432 3382">
    <p class='ocr_par' dir='ltr' id='par_1_76' title="bbox 1830 3308 3432 3382">
     <span class='ocr_line' id='line_1_76' title="bbox 1830 3308 3432 3382; baseline 0.002 -21"><span class='ocrx_word' id='word_1_571' title='bbox 1830 3308 2024 3362; x_wconf 85' lang='lat' dir='ltr'><strong>robore</strong></span> <span class='ocrx_word' id='word_1_572' title='bbox 2038 3309 2343 3373; x_wconf 81' lang='lat' dir='ltr'><strong>decertare,</strong></span> <span class='ocrx_word' id='word_1_573' title='bbox 2390 3310 2631 3363; x_wconf 66' lang='lat' dir='ltr'><strong>&#39;Z’Cribil:</strong></span> <span class='ocrx_word' id='word_1_574' title='bbox 2659 3329 2676 3360; x_wconf 82' lang='grc' dir='ltr'><strong>ι</strong></span> <span class='ocrx_word' id='word_1_575' title='bbox 2703 3309 3107 3366; x_wconf 86' lang='lat' dir='ltr'><strong>lmmutabilem</strong></span> <span class='ocrx_word' id='word_1_576' title='bbox 3128 3320 3182 3367; x_wconf 89' lang='lat' dir='ltr'><strong>et</strong></span> <span class='ocrx_word' id='word_1_577' title='bbox 3194 3327 3293 3382; x_wconf 88' lang='lat' dir='ltr'><strong>per</strong></span> <span class='ocrx_word' id='word_1_578' title='bbox 3311 3327 3432 3365; x_wconf 80' lang='lat' dir='ltr'><strong>om-</strong></span> 
     </span>
    </p>
   </div>
   <div class='ocr_carea' id='block_1_77' title="bbox 1825 3401 3428 3469">
    <p class='ocr_par' dir='ltr' id='par_1_77' title="bbox 1825 3401 3428 3469">
     <span class='ocr_line' id='line_1_77' title="bbox 1825 3401 3428 3469; baseline 0.002 -15"><span class='ocrx_word' id='word_1_579' title='bbox 1825 3401 1918 3454; x_wconf 84' lang='lat' dir='ltr'><strong>nia</strong></span> <span class='ocrx_word' id='word_1_580' title='bbox 1949 3401 2190 3455; x_wconf 83' lang='lat' dir='ltr'><strong>similem</strong></span> <span class='ocrx_word' id='word_1_581' title='bbox 2225 3410 2487 3456; x_wconf 88' lang='lat' dir='ltr'><strong>naturam</strong></span> <span class='ocrx_word' id='word_1_582' title='bbox 2523 3402 2874 3469; x_wconf 83' lang='lat' dir='ltr'><strong>conﬁtentes,</strong></span> <span class='ocrx_word' id='word_1_583' title='bbox 2908 3404 3428 3464; x_wconf 63' lang='lat' dir='ltr'><strong>discrimen-causae</strong></span> 
     </span>
    </p>
   </div>
   <div class='ocr_carea' id='block_1_78' title="bbox 1826 3484 3431 3569">
    <p class='ocr_par' dir='ltr' id='par_1_78' title="bbox 1826 3484 3431 3569">
     <span class='ocr_line' id='line_1_78' title="bbox 1826 3484 3431 3569; baseline 0.004 -22"><span class='ocrx_word' id='word_1_584' title='bbox 1826 3484 2148 3549; x_wconf 71' lang='lat' dir='ltr'><strong>et&#39;ell‘ectus</strong></span> <span class='ocrx_word' id='word_1_585' title='bbox 2175 3511 2285 3549; x_wconf 93' lang='lat' dir='ltr'><strong>non</strong></span> <span class='ocrx_word' id='word_1_586' title='bbox 2314 3495 2652 3563; x_wconf 73' lang='lat' dir='ltr'><strong>inﬁciamur,</strong></span> <span class='ocrx_word' id='word_1_587' title='bbox 2704 3499 2757 3551; x_wconf 90' lang='lat' dir='ltr'><strong>in</strong></span> <span class='ocrx_word' id='word_1_588' title='bbox 2806 3512 2920 3567; x_wconf 89' lang='lat' dir='ltr'><strong>quo</strong></span> <span class='ocrx_word' id='word_1_589' title='bbox 2967 3486 3147 3553; x_wconf 83' lang='lat' dir='ltr'><strong>solum</strong></span> <span class='ocrx_word' id='word_1_590' title='bbox 3186 3499 3431 3569; x_wconf 76' lang='lat' dir='ltr'><strong>disjungi</strong></span> 
     </span>
    </p>
   </div>
   <div class='ocr_carea' id='block_1_79' title="bbox 1833 3584 3430 3655">
    <p class='ocr_par' dir='ltr' id='par_1_79' title="bbox 1833 3584 3430 3655">
     <span class='ocr_line' id='line_1_79' title="bbox 1833 3584 3430 3655; baseline 0.004 -18"><span class='ocrx_word' id='word_1_591' title='bbox 1833 3584 2073 3639; x_wconf 89' lang='lat' dir='ltr'><strong>alterum</strong></span> <span class='ocrx_word' id='word_1_592' title='bbox 2106 3584 2175 3637; x_wconf 90' lang='lat' dir='ltr'><strong>ab</strong></span> <span class='ocrx_word' id='word_1_593' title='bbox 2203 3586 2380 3639; x_wconf 90' lang='lat' dir='ltr'><strong>altero</strong></span> <span class='ocrx_word' id='word_1_594' title='bbox 2425 3587 2924 3655; x_wconf 78' lang='lat' dir='ltr'><strong>deprehendimus;</strong></span> <span class='ocrx_word' id='word_1_595' title='bbox 2970 3604 3095 3643; x_wconf 88' lang='lat' dir='ltr'><strong>cum</strong></span> <span class='ocrx_word' id='word_1_596' title='bbox 3131 3591 3430 3644; x_wconf 76' lang='lat' dir='ltr'><strong>credamus</strong></span> 
     </span>
    </p>
   </div>
   <div class='ocr_carea' id='block_1_80' title="bbox 1827 3676 3420 3747">
    <p class='ocr_par' dir='ltr' id='par_1_80' title="bbox 1827 3676 3420 3747">
     <span class='ocr_line' id='line_1_80' title="bbox 1827 3676 3420 3747; baseline 0.002 -16"><span class='ocrx_word' id='word_1_597' title='bbox 1827 3676 1933 3731; x_wconf 85' lang='lat' dir='ltr'><strong>hoc</strong></span> <span class='ocrx_word' id='word_1_598' title='bbox 1959 3678 2183 3746; x_wconf 84' lang='lat' dir='ltr'><strong>quidem</strong></span> <span class='ocrx_word' id='word_1_599' title='bbox 2215 3692 2443 3733; x_wconf 86' lang='lat' dir='ltr'><strong>causam</strong></span> <span class='ocrx_word' id='word_1_600' title='bbox 2470 3694 2613 3747; x_wconf 80' lang='lat' dir='ltr'><strong>esse,</strong></span> <span class='ocrx_word' id='word_1_601' title='bbox 2640 3679 2773 3732; x_wconf 88' lang='lat' dir='ltr'><strong>illud</strong></span> <span class='ocrx_word' id='word_1_602' title='bbox 2802 3696 2870 3733; x_wconf 81' lang='lat' dir='ltr'><strong>ex</strong></span> <span class='ocrx_word' id='word_1_603' title='bbox 2908 3681 3078 3734; x_wconf 77' lang='lat' dir='ltr'><strong>caus&#39;a</strong></span> <span class='ocrx_word' id='word_1_604' title='bbox 3116 3696 3130 3733; x_wconf 86' lang='lat'><strong>:</strong></span> <span class='ocrx_word' id='word_1_605' title='bbox 3164 3691 3219 3734; x_wconf 87' lang='lat' dir='ltr'><strong>ct</strong></span> <span class='ocrx_word' id='word_1_606' title='bbox 3246 3681 3420 3746; x_wconf 81' lang='lat' dir='ltr'><strong>illius,</strong></span> 
     </span>
    </p>
   </div>
   <div class='ocr_carea' id='block_1_81' title="bbox 1828 3770 3435 3842">
    <p class='ocr_par' dir='ltr' id='par_1_81' title="bbox 1828 3770 3435 3842">
     <span class='ocr_line' id='line_1_81' title="bbox 1828 3770 3435 3842; baseline 0.004 -20"><span class='ocrx_word' id='word_1_607' title='bbox 1828 3771 1977 3839; x_wconf 90' lang='lat' dir='ltr'><strong>quod</strong></span> <span class='ocrx_word' id='word_1_608' title='bbox 2011 3784 2079 3823; x_wconf 77' lang='lat' dir='ltr'><strong>ex</strong></span> <span class='ocrx_word' id='word_1_609' title='bbox 2104 3783 2273 3824; x_wconf 90' lang='lat' dir='ltr'><strong>causa</strong></span> <span class='ocrx_word' id='word_1_610' title='bbox 2312 3778 2418 3835; x_wconf 80' lang='lat' dir='ltr'><strong>est,</strong></span> <span class='ocrx_word' id='word_1_611' title='bbox 2456 3770 2604 3824; x_wconf 86' lang='lat' dir='ltr'><strong>aliud</strong></span> <span class='ocrx_word' id='word_1_612' title='bbox 2642 3786 2841 3826; x_wconf 87' lang='lat' dir='ltr'><strong>rursus</strong></span> <span class='ocrx_word' id='word_1_613' title='bbox 2868 3772 3161 3827; x_wconf 87' lang='lat' dir='ltr'><strong>discrimen</strong></span> <span class='ocrx_word' id='word_1_614' title='bbox 3183 3788 3435 3842; x_wconf 63' lang='lat' dir='ltr'><strong>comprev</strong></span> 
     </span>
    </p>
   </div>
   <div class='ocr_carea' id='block_1_82' title="bbox 1829 3862 3432 3935">
    <p class='ocr_par' dir='ltr' id='par_1_82' title="bbox 1829 3862 3432 3935">
     <span class='ocr_line' id='line_1_82' title="bbox 1829 3862 3432 3935; baseline 0.002 -16"><span class='ocrx_word' id='word_1_615' title='bbox 1829 3862 2152 3919; x_wconf 78' lang='lat' dir='ltr'><strong>liendimus.</strong></span> <span class='ocrx_word' id='word_1_616' title='bbox 2182 3862 2437 3933; x_wconf 80' lang='lat' dir='ltr'><strong>Namque</strong></span> <span class='ocrx_word' id='word_1_617' title='bbox 2485 3864 2589 3918; x_wconf 88' lang='lat' dir='ltr'><strong>hoc</strong></span> <span class='ocrx_word' id='word_1_618' title='bbox 2636 3866 2858 3935; x_wconf 88' lang='lat' dir='ltr'><strong>quidem</strong></span> <span class='ocrx_word' id='word_1_619' title='bbox 2895 3874 2982 3921; x_wconf 90' lang='lat' dir='ltr'><strong>cst</strong></span> <span class='ocrx_word' id='word_1_620' title='bbox 3036 3866 3354 3922; x_wconf 83' lang='lat' dir='ltr'><strong>immediate</strong></span> <span class='ocrx_word' id='word_1_621' title='bbox 3399 3884 3432 3922; x_wconf 89' lang='lat' dir='ltr'><strong>a</strong></span> 
     </span>
    </p>
   </div>
   <div class='ocr_carea' id='block_1_83' title="bbox 1827 3956 3430 4028">
    <p class='ocr_par' dir='ltr' id='par_1_83' title="bbox 1827 3956 3430 4028">
     <span class='ocr_line' id='line_1_83' title="bbox 1827 3956 3430 4028; baseline 0.002 -18"><span class='ocrx_word' id='word_1_622' title='bbox 1827 3958 2032 4027; x_wconf 89' lang='lat' dir='ltr'><strong>primo,</strong></span> <span class='ocrx_word' id='word_1_623' title='bbox 2068 3957 2175 4011; x_wconf 87' lang='lat' dir='ltr'><strong>hoc</strong></span> <span class='ocrx_word' id='word_1_624' title='bbox 2222 3971 2354 4010; x_wconf 84' lang='lat' dir='ltr'><strong>vero</strong></span> <span class='ocrx_word' id='word_1_625' title='bbox 2394 3971 2461 4009; x_wconf 79' lang='lat' dir='ltr'><strong>ex</strong></span> <span class='ocrx_word' id='word_1_626' title='bbox 2514 3958 2775 4027; x_wconf 87' lang='lat' dir='ltr'><strong>contiguo</strong></span> <span class='ocrx_word' id='word_1_627' title='bbox 2832 3972 2863 4011; x_wconf 89' lang='lat' dir='ltr'><strong>a</strong></span> <span class='ocrx_word' id='word_1_628' title='bbox 2915 3960 3117 4028; x_wconf 91' lang='lat' dir='ltr'><strong>primo.</strong></span> <span class='ocrx_word' id='word_1_629' title='bbox 3181 3956 3334 4014; x_wconf 82' lang='lat' dir='ltr'><strong>Adeo</strong></span> <span class='ocrx_word' id='word_1_630' title='bbox 3373 3969 3430 4014; x_wconf 75' lang='lat' dir='ltr'><strong>ut</strong></span> 
     </span>
    </p>
   </div>
   <div class='ocr_carea' id='block_1_84' title="bbox 1830 4048 3432 4121">
    <p class='ocr_par' dir='ltr' id='par_1_84' title="bbox 1830 4048 3432 4121">
     <span class='ocr_line' id='line_1_84' title="bbox 1830 4048 3432 4121; baseline 0.002 -18"><span class='ocrx_word' id='word_1_631' title='bbox 1830 4048 2177 4118; x_wconf 76' lang='lat' dir='ltr'><strong>unigenitum</strong></span> <span class='ocrx_word' id='word_1_632' title='bbox 2237 4048 2611 4121; x_wconf 85' lang='lat' dir='ltr'><strong>indubitatum</strong></span> <span class='ocrx_word' id='word_1_633' title='bbox 2666 4060 2887 4104; x_wconf 90' lang='lat' dir='ltr'><strong>maneat</strong></span> <span class='ocrx_word' id='word_1_634' title='bbox 2926 4050 2983 4105; x_wconf 93' lang='lat' dir='ltr'><strong>in</strong></span> <span class='ocrx_word' id='word_1_635' title='bbox 3050 4050 3210 4118; x_wconf 84' lang='lat' dir='ltr'><strong>Filio,</strong></span> <span class='ocrx_word' id='word_1_636' title='bbox 3263 4061 3318 4107; x_wconf 89' lang='lat' dir='ltr'><strong>et</strong></span> <span class='ocrx_word' id='word_1_637' title='bbox 3363 4068 3432 4107; x_wconf 78' lang='lat' dir='ltr'><strong>ex</strong></span> 
     </span>
    </p>
   </div>
   <div class='ocr_carea' id='block_1_85' title="bbox 1828 4138 3433 4214">
    <p class='ocr_par' dir='ltr' id='par_1_85' title="bbox 1828 4138 3433 4214">
     <span class='ocr_line' id='line_1_85' title="bbox 1828 4138 3433 4214; baseline 0.004 -21"><span class='ocrx_word' id='word_1_638' title='bbox 1828 4138 1992 4195; x_wconf 88' lang='lat' dir='ltr'><strong>Patre</strong></span> <span class='ocrx_word' id='word_1_639' title='bbox 2044 4155 2169 4195; x_wconf 89' lang='lat' dir='ltr'><strong>esse</strong></span> <span class='ocrx_word' id='word_1_640' title='bbox 2209 4139 2504 4209; x_wconf 86' lang='lat' dir='ltr'><strong>Spiritum,</strong></span> <span class='ocrx_word' id='word_1_641' title='bbox 2558 4138 2684 4195; x_wconf 86' lang='lat' dir='ltr'><strong>Filii</strong></span> <span class='ocrx_word' id='word_1_642' title='bbox 2742 4143 3104 4209; x_wconf 85' lang='lat' dir='ltr'><strong>mediatione,</strong></span> <span class='ocrx_word' id='word_1_643' title='bbox 3168 4144 3272 4198; x_wconf 84' lang='lat' dir='ltr'><strong>sibi</strong></span> <span class='ocrx_word' id='word_1_644' title='bbox 3327 4144 3433 4214; x_wconf 86' lang='lat' dir='ltr'><strong>ipsi</strong></span> 
     </span>
    </p>
   </div>
   <div class='ocr_carea' id='block_1_86' title="bbox 1829 4235 3431 4304">
    <p class='ocr_par' dir='ltr' id='par_1_86' title="bbox 1829 4235 3431 4304">
     <span class='ocr_line' id='line_1_86' title="bbox 1829 4235 3431 4304; baseline 0.003 -16"><span class='ocrx_word' id='word_1_645' title='bbox 1829 4235 2184 4304; x_wconf 70' lang='lat' dir='ltr'><strong>unigenitum</strong></span> <span class='ocrx_word' id='word_1_646' title='bbox 2220 4237 2631 4299; x_wconf 85' lang='lat' dir='ltr'><strong>conservantis,</strong></span> <span class='ocrx_word' id='word_1_647' title='bbox 2658 4246 2713 4291; x_wconf 90' lang='lat' dir='ltr'><strong>et</strong></span> <span class='ocrx_word' id='word_1_648' title='bbox 2736 4235 3005 4304; x_wconf 89' lang='lat' dir='ltr'><strong>Spiritum</strong></span> <span class='ocrx_word' id='word_1_649' title='bbox 3028 4252 3057 4291; x_wconf 88' lang='lat' dir='ltr'><strong>a</strong></span> <span class='ocrx_word' id='word_1_650' title='bbox 3094 4239 3336 4295; x_wconf 86' lang='lat' dir='ltr'><strong>naturali</strong></span> <span class='ocrx_word' id='word_1_651' title='bbox 3362 4239 3431 4293; x_wconf 88' lang='lat' dir='ltr'><strong>ad</strong></span> 
     </span>
    </p>
   </div>
   <div class='ocr_carea' id='block_1_87' title="bbox 1828 4327 3433 4396">
    <p class='ocr_par' dir='ltr' id='par_1_87' title="bbox 1828 4327 3433 4396">
     <span class='ocr_line' id='line_1_87' title="bbox 1828 4327 3433 4396; baseline 0.002 -13"><span class='ocrx_word' id='word_1_652' title='bbox 1828 4327 2047 4383; x_wconf 78' lang='lat' dir='ltr'><strong>Patrem</strong></span> <span class='ocrx_word' id='word_1_653' title='bbox 2089 4328 2419 4383; x_wconf 84' lang='lat' dir='ltr'><strong>habitudine</strong></span> <span class='ocrx_word' id='word_1_654' title='bbox 2449 4343 2557 4383; x_wconf 91' lang='lat' dir='ltr'><strong>non</strong></span> <span class='ocrx_word' id='word_1_655' title='bbox 2589 4331 2855 4385; x_wconf 84' lang='lat' dir='ltr'><strong>arcentis.</strong></span> <span class='ocrx_word' id='word_1_656' title='bbox 2894 4349 2913 4382; x_wconf 74' lang='grc' dir='ltr'><strong>ι</strong></span> <span class='ocrx_word' id='word_1_657' title='bbox 2954 4328 3091 4396; x_wconf 84' lang='lat' dir='ltr'><strong>Quis</strong></span> <span class='ocrx_word' id='word_1_658' title='bbox 3134 4346 3200 4387; x_wconf 83' lang='lat' dir='ltr'><strong>ex</strong></span> <span class='ocrx_word' id='word_1_659' title='bbox 3251 4332 3433 4386; x_wconf 85' lang='lat' dir='ltr'><strong>Patri-</strong></span> 
     </span>
    </p>
   </div>
   <div class='ocr_carea' id='block_1_88' title="bbox 1828 4420 3436 4493">
    <p class='ocr_par' dir='ltr' id='par_1_88' title="bbox 1828 4420 3436 4493">
     <span class='ocr_line' id='line_1_88' title="bbox 1828 4420 3436 4493; baseline 0.002 -17"><span class='ocrx_word' id='word_1_660' title='bbox 1828 4420 1936 4477; x_wconf 82' lang='lat' dir='ltr'><strong>bus</strong></span> <span class='ocrx_word' id='word_1_661' title='bbox 1962 4422 2232 4491; x_wconf 82' lang='lat' dir='ltr'><strong>apertius,</strong></span> <span class='ocrx_word' id='word_1_662' title='bbox 2267 4422 2361 4491; x_wconf 87' lang='lat' dir='ltr'><strong>qui</strong></span> <span class='ocrx_word' id='word_1_663' title='bbox 2395 4423 2448 4475; x_wconf 89' lang='lat' dir='ltr'><strong>in</strong></span> <span class='ocrx_word' id='word_1_664' title='bbox 2488 4420 2689 4477; x_wconf 87' lang='lat' dir='ltr'><strong>Triade</strong></span> <span class='ocrx_word' id='word_1_665' title='bbox 2734 4431 2840 4485; x_wconf 88' lang='lat' dir='ltr'><strong>est,</strong></span> <span class='ocrx_word' id='word_1_666' title='bbox 2873 4424 3125 4478; x_wconf 81' lang='lat' dir='ltr'><strong>ordinem</strong></span> <span class='ocrx_word' id='word_1_667' title='bbox 3172 4426 3436 4493; x_wconf 73' lang='lat' dir='ltr'><strong>explana-</strong></span> 
     </span>
    </p>
   </div>
   <div class='ocr_carea' id='block_1_89' title="bbox 1832 4515 3437 4584">
    <p class='ocr_par' dir='ltr' id='par_1_89' title="bbox 1832 4515 3437 4584">
     <span class='ocr_line' id='line_1_89' title="bbox 1832 4515 3437 4584; baseline 0.002 -15"><span class='ocrx_word' id='word_1_668' title='bbox 1832 4515 1934 4581; x_wconf 90' lang='lat' dir='ltr'><strong>bit,</strong></span> <span class='ocrx_word' id='word_1_669' title='bbox 1968 4526 2023 4569; x_wconf 90' lang='lat' dir='ltr'><strong>et</strong></span> <span class='ocrx_word' id='word_1_670' title='bbox 2080 4531 2313 4584; x_wconf 87' lang='lat' dir='ltr'><strong>prorsus</strong></span> <span class='ocrx_word' id='word_1_671' title='bbox 2367 4516 2739 4571; x_wconf 85' lang='lat' dir='ltr'><strong>necessariam</strong></span> <span class='ocrx_word' id='word_1_672' title='bbox 2793 4516 2859 4570; x_wconf 89' lang='lat' dir='ltr'><strong>ad</strong></span> <span class='ocrx_word' id='word_1_673' title='bbox 2900 4515 3119 4571; x_wconf 84' lang='lat' dir='ltr'><strong>Patrem</strong></span> <span class='ocrx_word' id='word_1_674' title='bbox 3154 4529 3209 4572; x_wconf 89' lang='lat' dir='ltr'><strong>et</strong></span> <span class='ocrx_word' id='word_1_675' title='bbox 3260 4517 3437 4583; x_wconf 88' lang='lat' dir='ltr'><strong>Spiri-</strong></span> 
     </span>
    </p>
   </div>
   <div class='ocr_carea' id='block_1_90' title="bbox 167 4606 1719 4687">
    <p class='ocr_par' dir='ltr' id='par_1_90' title="bbox 167 4606 1719 4687">
     <span class='ocr_line' id='line_1_90' title="bbox 167 4606 1719 4687; baseline 0.009 -31"><span class='ocrx_word' id='word_1_676' title='bbox 167 4606 334 4675; x_wconf 67' lang='grc' dir='ltr'>Τριάδι</span> <span class='ocrx_word' id='word_1_677' title='bbox 362 4613 534 4679; x_wconf 76' lang='grc' dir='ltr'>τάξιν,</span> <span class='ocrx_word' id='word_1_678' title='bbox 554 4616 647 4666; x_wconf 69' lang='grc' dir='ltr'><strong>καὶ</strong></span> <span class='ocrx_word' id='word_1_679' title='bbox 672 4612 773 4681; x_wconf 76' lang='grc' dir='ltr'><strong>τὴν</strong></span> <span class='ocrx_word' id='word_1_680' title='bbox 796 4612 937 4664; x_wconf 80' lang='grc' dir='ltr'><strong>κατά</strong></span> <span class='ocrx_word' id='word_1_681' title='bbox 968 4613 1150 4666; x_wconf 81' lang='grc' dir='ltr'>πᾶσαν</span> <span class='ocrx_word' id='word_1_682' title='bbox 1184 4617 1436 4687; x_wconf 76' lang='grc' dir='ltr'>ἀνάγκην</span> <span class='ocrx_word' id='word_1_683' title='bbox 1463 4618 1598 4687; x_wconf 72' lang='grc' dir='ltr'>πρὸς</span> <span class='ocrx_word' id='word_1_684' title='bbox 1632 4619 1719 4669; x_wconf 84' lang='grc' dir='ltr'><strong>τὸν</strong></span> 
     </span>
    </p>
   </div>
   <div class='ocr_carea' id='block_1_91' title="bbox 1826 4606 3431 4687">
    <p class='ocr_par' dir='ltr' id='par_1_91' title="bbox 1834 4607 3431 4676">
     <span class='ocr_line' id='line_1_91' title="bbox 1834 4607 3431 4676; baseline 0.002 -12"><span class='ocrx_word' id='word_1_685' title='bbox 1834 4618 1949 4664; x_wconf 92' lang='lat' dir='ltr'><strong>tum</strong></span> <span class='ocrx_word' id='word_1_686' title='bbox 1992 4607 2117 4662; x_wconf 87' lang='lat' dir='ltr'><strong>Filii</strong></span> <span class='ocrx_word' id='word_1_687' title='bbox 2159 4610 2590 4664; x_wconf 84' lang='lat' dir='ltr'><strong>mediationcm?</strong></span> <span class='ocrx_word' id='word_1_688' title='bbox 2629 4608 2784 4676; x_wconf 84' lang='lat' dir='ltr'><strong>Quod</strong></span> <span class='ocrx_word' id='word_1_689' title='bbox 2844 4610 2890 4665; x_wconf 82' lang='lat' dir='ltr'><strong>si</strong></span> <span class='ocrx_word' id='word_1_690' title='bbox 2935 4610 3003 4665; x_wconf 87' lang='lat' dir='ltr'><strong>ad</strong></span> <span class='ocrx_word' id='word_1_691' title='bbox 3038 4613 3431 4667; x_wconf 87' lang='lat' dir='ltr'><strong>stabiliendum</strong></span> 
     </span>
    </p>
   </div>
   <div class='ocr_carea' id='block_1_92' title="bbox 172 4694 1727 4774">
    <p class='ocr_par' dir='ltr' id='par_1_92' title="bbox 172 4694 1727 4774">
     <span class='ocr_line' id='line_1_92' title="bbox 172 4694 1727 4774; baseline 0.008 -24"><span class='ocrx_word' id='word_1_692' title='bbox 172 4694 361 4769; x_wconf 74' lang='grc' dir='ltr'><strong>Πατέρα</strong></span> <span class='ocrx_word' id='word_1_693' title='bbox 389 4706 481 4758; x_wconf 80' lang='grc' dir='ltr'><strong>καὶ</strong></span> <span class='ocrx_word' id='word_1_694' title='bbox 541 4704 602 4757; x_wconf 83' lang='grc' dir='ltr'><strong>τὸ</strong></span> <span class='ocrx_word' id='word_1_695' title='bbox 655 4702 879 4773; x_wconf 84' lang='grc' dir='ltr'><strong>Πνεῦμα</strong></span> <span class='ocrx_word' id='word_1_696' title='bbox 914 4706 1199 4774; x_wconf 81' lang='grc' dir='ltr'>μεσιτείαν</span> <span class='ocrx_word' id='word_1_697' title='bbox 1226 4707 1322 4759; x_wconf 86' lang='grc' dir='ltr'>τοῦ</span> <span class='ocrx_word' id='word_1_698' title='bbox 1372 4708 1540 4774; x_wconf 81' lang='grc' dir='ltr'>Υίοῦ;</span> <span class='ocrx_word' id='word_1_699' title='bbox 1569 4709 1631 4761; x_wconf 85' lang='grc' dir='ltr'>Εἰ</span> <span class='ocrx_word' id='word_1_700' title='bbox 1668 4709 1727 4762; x_wconf 74' lang='grc' dir='ltr'>δὲ</span> 
     </span>
    </p>
   </div>
   <div class='ocr_carea' id='block_1_93' title="bbox 171 4795 1726 4872">
    <p class='ocr_par' dir='ltr' id='par_1_93' title="bbox 171 4795 1726 4872">
     <span class='ocr_line' id='line_1_93' title="bbox 171 4795 1726 4872; baseline 0.006 -26"><span class='ocrx_word' id='word_1_701' title='bbox 171 4795 237 4855; x_wconf 75' lang='grc' dir='ltr'><strong>εις</strong></span> <span class='ocrx_word' id='word_1_702' title='bbox 282 4798 613 4864; x_wconf 77' lang='grc' dir='ltr'>παράστασιν</span> <span class='ocrx_word' id='word_1_703' title='bbox 640 4797 741 4866; x_wconf 81' lang='grc' dir='ltr'><strong>τῆς</strong></span> <span class='ocrx_word' id='word_1_704' title='bbox 765 4798 823 4849; x_wconf 78' lang='grc' dir='ltr'><strong>ὲν</strong></span> <span class='ocrx_word' id='word_1_705' title='bbox 853 4800 917 4867; x_wconf 74' lang='grc' dir='ltr'><strong>τῇ</strong></span> <span class='ocrx_word' id='word_1_706' title='bbox 945 4797 1136 4869; x_wconf 83' lang='grc' dir='ltr'>Τριάδι</span> <span class='ocrx_word' id='word_1_707' title='bbox 1196 4800 1403 4866; x_wconf 76' lang='grc' dir='ltr'><strong>τάξεως</strong></span> <span class='ocrx_word' id='word_1_708' title='bbox 1437 4804 1465 4853; x_wconf 88' lang='lat'><strong>6</strong></span> <span class='ocrx_word' id='word_1_709' title='bbox 1503 4801 1726 4872; x_wconf 84' lang='grc' dir='ltr'>Νύσσης</span> 
     </span>
    </p>
   </div>
   <div class='ocr_carea' id='block_1_94' title="bbox 174 4883 1725 4963">
    <p class='ocr_par' dir='ltr' id='par_1_94' title="bbox 174 4883 1725 4963">
     <span class='ocr_line' id='line_1_94' title="bbox 174 4883 1725 4963; baseline 0.01 -29"><span class='ocrx_word' id='word_1_710' title='bbox 174 4883 441 4957; x_wconf 77' lang='grc' dir='ltr'>Γρηγόριος</span> <span class='ocrx_word' id='word_1_711' title='bbox 492 4891 595 4943; x_wconf 76' lang='grc' dir='ltr'><strong>οὐκ</strong></span> <span class='ocrx_word' id='word_1_712' title='bbox 648 4890 832 4958; x_wconf 78' lang='grc' dir='ltr'>ἀρκεῖ,</span> <span class='ocrx_word' id='word_1_713' title='bbox 876 4894 1425 4963; x_wconf 81' lang='grc' dir='ltr'>συνεπιμαρτυρήσει</span> <span class='ocrx_word' id='word_1_714' title='bbox 1472 4896 1627 4963; x_wconf 82' lang='grc' dir='ltr'><strong>αὐτῷ</strong></span> <span class='ocrx_word' id='word_1_715' title='bbox 1656 4896 1725 4949; x_wconf 81' lang='grc' dir='ltr'><strong>τὰ</strong></span> 
     </span>
    </p>
   </div>
   <div class='ocr_carea' id='block_1_95' title="bbox 174 4981 1729 5053">
    <p class='ocr_par' dir='ltr' id='par_1_95' title="bbox 174 4981 1729 5053">
     <span class='ocr_line' id='line_1_95' title="bbox 174 4981 1729 5053; baseline 0.008 -24"><span class='ocrx_word' id='word_1_716' title='bbox 174 4981 393 5049; x_wconf 78' lang='grc' dir='ltr'>περὶτῆς</span> <span class='ocrx_word' id='word_1_717' title='bbox 418 4983 624 5047; x_wconf 78' lang='grc' dir='ltr'><strong>τάξεως</strong></span> <span class='ocrx_word' id='word_1_718' title='bbox 674 4982 770 5036; x_wconf 76' lang='grc' dir='ltr'><strong>καὶ</strong></span> <span class='ocrx_word' id='word_1_719' title='bbox 802 4984 831 5035; x_wconf 84' lang='lat'><strong>6</strong></span> <span class='ocrx_word' id='word_1_720' title='bbox 870 4984 1041 5053; x_wconf 88' lang='grc' dir='ltr'>μέγας</span> <span class='ocrx_word' id='word_1_721' title='bbox 1085 4985 1391 5048; x_wconf 71' lang='grc' dir='ltr'>Βασίλειος.</span> <span class='ocrx_word' id='word_1_722' title='bbox 1428 4982 1597 5049; x_wconf 71' lang='grc' dir='ltr'>Οὗτος</span> <span class='ocrx_word' id='word_1_723' title='bbox 1631 4988 1729 5041; x_wconf 79' lang='grc' dir='ltr'><strong>καὶ</strong></span> 
     </span>
    </p>
   </div>
   <div class='ocr_carea' id='block_1_96' title="bbox 176 5072 1727 5150">
    <p class='ocr_par' dir='ltr' id='par_1_96' title="bbox 176 5072 1727 5150">
     <span class='ocr_line' id='line_1_96' title="bbox 176 5072 1727 5150; baseline 0.008 -29"><span class='ocrx_word' id='word_1_724' title='bbox 176 5072 267 5138; x_wconf 70' lang='grc' dir='ltr'>γὰρ</span> <span class='ocrx_word' id='word_1_725' title='bbox 294 5073 346 5124; x_wconf 76' lang='grc' dir='ltr'>ἐν</span> <span class='ocrx_word' id='word_1_726' title='bbox 369 5074 441 5143; x_wconf 80' lang='grc' dir='ltr'><strong>τῷ</strong></span> <span class='ocrx_word' id='word_1_727' title='bbox 476 5074 683 5144; x_wconf 82' lang='grc' dir='ltr'><strong>πρώτῳ</strong></span> <span class='ocrx_word' id='word_1_728' title='bbox 701 5074 812 5127; x_wconf 83' lang='grc' dir='ltr'><strong>τῶν</strong></span> <span class='ocrx_word' id='word_1_729' title='bbox 842 5077 979 5145; x_wconf 80' lang='grc' dir='ltr'>πρὸς</span> <span class='ocrx_word' id='word_1_730' title='bbox 996 5078 1261 5147; x_wconf 75' lang='grc' dir='ltr'>Εὐνόμιον</span> <span class='ocrx_word' id='word_1_731' title='bbox 1295 5080 1727 5150; x_wconf 75' lang='grc' dir='ltr'>Ἀντιρρητικῶν</span> 
     </span>
    </p>
   </div>
   <div class='ocr_carea' id='block_1_97' title="bbox 177 5160 1729 5239">
    <p class='ocr_par' dir='ltr' id='par_1_97' title="bbox 177 5160 1729 5239">
     <span class='ocr_line' id='line_1_97' title="bbox 177 5160 1729 5239; baseline 0.008 -28"><span class='ocrx_word' id='word_1_732' title='bbox 177 5162 317 5233; x_wconf 69' lang='grc' dir='ltr'>λόγῳ.</span> <span class='ocrx_word' id='word_1_733' title='bbox 347 5160 404 5219; x_wconf 78' lang='grc' dir='ltr'><strong>οῦ</strong></span> <span class='ocrx_word' id='word_1_734' title='bbox 432 5170 464 5236; x_wconf 80' lang='grc' dir='ltr'>ἡ</span> <span class='ocrx_word' id='word_1_735' title='bbox 490 5165 655 5237; x_wconf 77' lang='grc' dir='ltr'>ἁρχὴ,</span> <span class='ocrx_word' id='word_1_736' title='bbox 704 5186 721 5218; x_wconf 84' lang='grc' dir='ltr'><strong>ι</strong></span> <span class='ocrx_word' id='word_1_737' title='bbox 750 5168 815 5220; x_wconf 79' lang='grc' dir='ltr'><strong>Εἰ</strong></span> <span class='ocrx_word' id='word_1_738' title='bbox 871 5168 971 5237; x_wconf 78' lang='grc' dir='ltr'><strong>μὲν</strong></span> <span class='ocrx_word' id='word_1_739' title='bbox 1032 5169 1321 5223; x_wconf 76' lang='grc' dir='ltr'>ἐϐούλοντο</span> <span class='ocrx_word' id='word_1_740' title='bbox 1376 5174 1600 5235; x_wconf 78' lang='grc' dir='ltr'>πάντες,</span> <span class='ocrx_word' id='word_1_741' title='bbox 1632 5174 1697 5239; x_wconf 67' lang='grc' dir='ltr'>ἐρ</span> <span class='ocrx_word' id='word_1_742' title='bbox 1716 5174 1729 5195; x_wconf 86' lang='grc'>’</span> 
     </span>
    </p>
   </div>
   <div class='ocr_carea' id='block_1_98' title="bbox 178 5247 1725 5331">
    <p class='ocr_par' dir='ltr' id='par_1_98' title="bbox 178 5247 1725 5331">
     <span class='ocr_line' id='line_1_98' title="bbox 178 5247 1725 5331; baseline 0.008 -28"><span class='ocrx_word' id='word_1_743' title='bbox 178 5247 243 5314; x_wconf 74' lang='grc' dir='ltr'>οἷς</span> <span class='ocrx_word' id='word_1_744' title='bbox 286 5256 336 5306; x_wconf 66' lang='grc' dir='ltr'><strong>τὸ</strong></span> <span class='ocrx_word' id='word_1_745' title='bbox 368 5260 535 5327; x_wconf 63' lang='grc' dir='ltr'>ὄνομα</span> <span class='ocrx_word' id='word_1_746' title='bbox 583 5256 677 5310; x_wconf 85' lang='grc' dir='ltr'>τοῦ</span> <span class='ocrx_word' id='word_1_747' title='bbox 719 5257 859 5310; x_wconf 80' lang='grc' dir='ltr'>Θεοῦ</span> <span class='ocrx_word' id='word_1_748' title='bbox 918 5259 1014 5311; x_wconf 69' lang='grc' dir='ltr'><strong>καὶ⁵</strong></span> <span class='ocrx_word' id='word_1_749' title='bbox 1071 5260 1321 5331; x_wconf 77' lang='grc' dir='ltr'>Σωτῆρος</span> <span class='ocrx_word' id='word_1_750' title='bbox 1346 5263 1511 5331; x_wconf 82' lang='grc' dir='ltr'><strong>ἡμῶν</strong></span> <span class='ocrx_word' id='word_1_751' title='bbox 1548 5260 1725 5331; x_wconf 78' lang='grc' dir='ltr'>Ἰησοῦ</span> 
     </span>
    </p>
   </div>
   <div class='ocr_carea' id='block_1_99' title="bbox 180 5344 1727 5425">
    <p class='ocr_par' dir='ltr' id='par_1_99' title="bbox 180 5344 1727 5425">
     <span class='ocr_line' id='line_1_99' title="bbox 180 5344 1727 5425; baseline 0.007 -27"><span class='ocrx_word' id='word_1_752' title='bbox 180 5344 383 5413; x_wconf 71' lang='grc' dir='ltr'>Χριστοῦ</span> <span class='ocrx_word' id='word_1_753' title='bbox 410 5350 827 5421; x_wconf 78' lang='grc' dir='ltr'><strong>ὲπικέκληται,›</strong></span> <span class='ocrx_word' id='word_1_754' title='bbox 884 5352 1049 5421; x_wconf 81' lang='grc' dir='ltr'>φησίν</span> <span class='ocrx_word' id='word_1_755' title='bbox 1078 5369 1089 5382; x_wconf 92' lang='grc'><strong>·</strong></span> <span class='ocrx_word' id='word_1_756' title='bbox 1122 5371 1140 5402; x_wconf 85' lang='grc' dir='ltr'><strong>ι</strong></span> <span class='ocrx_word' id='word_1_757' title='bbox 1166 5354 1328 5407; x_wconf 71' lang='grc' dir='ltr'>Ἀλλὰ</span> <span class='ocrx_word' id='word_1_758' title='bbox 1358 5355 1512 5419; x_wconf 78' lang='grc' dir='ltr'>τάξις</span> <span class='ocrx_word' id='word_1_759' title='bbox 1564 5357 1596 5425; x_wconf 80' lang='grc' dir='ltr'>ἡ</span> <span class='ocrx_word' id='word_1_760' title='bbox 1629 5355 1727 5424; x_wconf 82' lang='grc' dir='ltr'><strong>μὲν</strong></span> 
     </span>
    </p>
   </div>
   <div class='ocr_carea' id='block_1_100' title="bbox 182 5441 1726 5516">
    <p class='ocr_par' dir='ltr' id='par_1_100' title="bbox 182 5441 1726 5516">
     <span class='ocr_line' id='line_1_100' title="bbox 182 5441 1726 5516; baseline 0.006 -28"><span class='ocrx_word' id='word_1_761' title='bbox 182 5444 356 5511; x_wconf 70' lang='grc' dir='ltr'>ςυτική</span> <span class='ocrx_word' id='word_1_762' title='bbox 375 5442 451 5505; x_wconf 79' lang='grc' dir='ltr'>τίς</span> <span class='ocrx_word' id='word_1_763' title='bbox 473 5443 645 5507; x_wconf 78' lang='grc' dir='ltr'>ἐστιν,</span> <span class='ocrx_word' id='word_1_764' title='bbox 674 5444 707 5512; x_wconf 78' lang='grc' dir='ltr'>ἡ</span> <span class='ocrx_word' id='word_1_765' title='bbox 732 5441 790 5495; x_wconf 80' lang='grc' dir='ltr'>δὲ</span> <span class='ocrx_word' id='word_1_766' title='bbox 822 5458 927 5496; x_wconf 83' lang='grc' dir='ltr'><strong>κατ</strong></span> <span class='ocrx_word' id='word_1_767' title='bbox 967 5443 1337 5514; x_wconf 58' lang='grc' dir='ltr'>ἐπιτήδευσιν</span> <span class='ocrx_word' id='word_1_768' title='bbox 1372 5448 1578 5516; x_wconf 80' lang='grc' dir='ltr'>φυσικὴ</span> <span class='ocrx_word' id='word_1_769' title='bbox 1606 5448 1726 5516; x_wconf 78' lang='grc' dir='ltr'>μὲν,</span> 
     </span>
    </p>
   </div>
   <div class='ocr_carea' id='block_1_101' title="bbox 181 5531 1730 5610">
    <p class='ocr_par' dir='ltr' id='par_1_101' title="bbox 181 5531 1730 5610">
     <span class='ocr_line' id='line_1_101' title="bbox 181 5531 1730 5610; baseline 0 -17"><span class='ocrx_word' id='word_1_770' title='bbox 181 5531 239 5593; x_wconf 73' lang='grc' dir='ltr'><strong>ὡς</strong></span> <span class='ocrx_word' id='word_1_771' title='bbox 293 5536 321 5603; x_wconf 73' lang='grc' dir='ltr'>ἡ</span> <span class='ocrx_word' id='word_1_772' title='bbox 381 5536 487 5589; x_wconf 80' lang='grc' dir='ltr'><strong>τῶν</strong></span> <span class='ocrx_word' id='word_1_773' title='bbox 541 5537 870 5606; x_wconf 78' lang='grc' dir='ltr'><strong>κτισμάτων</strong></span> <span class='ocrx_word' id='word_1_774' title='bbox 917 5537 1062 5590; x_wconf 84' lang='grc' dir='ltr'><strong>κατὰ</strong></span> <span class='ocrx_word' id='word_1_775' title='bbox 1122 5540 1253 5603; x_wconf 66' lang='grc' dir='ltr'>τοὺς</span> <span class='ocrx_word' id='word_1_776' title='bbox 1296 5540 1730 5610; x_wconf 83' lang='grc' dir='ltr'>δημιουργικοὺς</span> 
     </span>
    </p>
   </div>
   <div class='ocr_carea' id='block_1_102' title="bbox 185 5624 1730 5698">
    <p class='ocr_par' dir='ltr' id='par_1_102' title="bbox 185 5624 1730 5698">
     <span class='ocr_line' id='line_1_102' title="bbox 185 5624 1730 5698; baseline 0.007 -26"><span class='ocrx_word' id='word_1_777' title='bbox 185 5624 343 5687; x_wconf 65' lang='grc' dir='ltr'>Λόγους</span> <span class='ocrx_word' id='word_1_778' title='bbox 361 5628 640 5697; x_wconf 78' lang='grc' dir='ltr'>ταχθεῖσα,</span> <span class='ocrx_word' id='word_1_779' title='bbox 676 5629 770 5680; x_wconf 78' lang='grc' dir='ltr'><strong>καὶ</strong></span> <span class='ocrx_word' id='word_1_780' title='bbox 787 5629 821 5697; x_wconf 72' lang='grc' dir='ltr'>ἡ</span> <span class='ocrx_word' id='word_1_781' title='bbox 853 5630 948 5681; x_wconf 90' lang='grc' dir='ltr'><strong>τοῦ</strong></span> <span class='ocrx_word' id='word_1_782' title='bbox 970 5628 1206 5698; x_wconf 82' lang='grc' dir='ltr'>ἀριθμοῦ</span> <span class='ocrx_word' id='word_1_783' title='bbox 1231 5629 1404 5696; x_wconf 79' lang='grc' dir='ltr'>Θέσις,</span> <span class='ocrx_word' id='word_1_784' title='bbox 1440 5632 1533 5682; x_wconf 77' lang='grc' dir='ltr'><strong>καὶ</strong></span> <span class='ocrx_word' id='word_1_785' title='bbox 1556 5632 1588 5698; x_wconf 80' lang='grc' dir='ltr'><strong>ὴ</strong></span> <span class='ocrx_word' id='word_1_786' title='bbox 1621 5629 1730 5683; x_wconf 80' lang='grc' dir='ltr'><strong>τῶν</strong></span> 
     </span>
    </p>
   </div>
   <div class='ocr_carea' id='block_1_103' title="bbox 184 5716 1729 5792">
    <p class='ocr_par' dir='ltr' id='par_1_103' title="bbox 184 5716 1729 5792">
     <span class='ocr_line' id='line_1_103' title="bbox 184 5716 1729 5792; baseline 0.008 -29"><span class='ocrx_word' id='word_1_787' title='bbox 184 5728 211 5760; x_wconf 83' lang='grc' dir='ltr'><strong>α</strong></span> <span class='ocrx_word' id='word_1_788' title='bbox 233 5716 339 5768; x_wconf 78' lang='grc' dir='ltr'>τίων</span> <span class='ocrx_word' id='word_1_789' title='bbox 374 5722 507 5790; x_wconf 67' lang='grc' dir='ltr'>πρὸς</span> <span class='ocrx_word' id='word_1_790' title='bbox 534 5721 603 5776; x_wconf 76' lang='grc' dir='ltr'><strong>τὰ</strong></span> <span class='ocrx_word' id='word_1_791' title='bbox 628 5722 852 5773; x_wconf 70' lang='grc' dir='ltr'><strong>αἱτιατὰ</strong></span> <span class='ocrx_word' id='word_1_792' title='bbox 906 5722 1112 5791; x_wconf 73' lang='grc' dir='ltr'>σχέσις,</span> <span class='ocrx_word' id='word_1_793' title='bbox 1166 5724 1380 5774; x_wconf 73' lang='grc' dir='ltr'>ἐκείνου</span> <span class='ocrx_word' id='word_1_794' title='bbox 1415 5721 1729 5792; x_wconf 76' lang='grc' dir='ltr'>προδιωμο·</span> 
     </span>
    </p>
   </div>
   <div class='ocr_carea' id='block_1_104' title="bbox 187 5800 1731 5886">
    <p class='ocr_par' dir='ltr' id='par_1_104' title="bbox 187 5800 1731 5886">
     <span class='ocr_line' id='line_1_104' title="bbox 187 5800 1731 5886; baseline 0.005 -25"><span class='ocrx_word' id='word_1_795' title='bbox 187 5800 449 5876; x_wconf 68' lang='grc' dir='ltr'>ὶοζγίμένου</span> <span class='ocrx_word' id='word_1_796' title='bbox 510 5812 605 5865; x_wconf 85' lang='grc' dir='ltr'><strong>τοῦ</strong></span> <span class='ocrx_word' id='word_1_797' title='bbox 662 5814 763 5865; x_wconf 77' lang='grc' dir='ltr'><strong>καὶ</strong></span> <span class='ocrx_word' id='word_1_798' title='bbox 827 5812 928 5882; x_wconf 78' lang='grc' dir='ltr'><strong>τῆς</strong></span> <span class='ocrx_word' id='word_1_799' title='bbox 955 5814 1171 5880; x_wconf 71' lang='grc' dir='ltr'>φύσεως</span> <span class='ocrx_word' id='word_1_800' title='bbox 1193 5814 1362 5883; x_wconf 76' lang='grc' dir='ltr'>αὐτῆς</span> <span class='ocrx_word' id='word_1_801' title='bbox 1391 5816 1621 5886; x_wconf 76' lang='grc' dir='ltr'>ποιητὴν</span> <span class='ocrx_word' id='word_1_802' title='bbox 1655 5812 1731 5868; x_wconf 82' lang='grc' dir='ltr'><strong>εἷ-</strong></span> 
     </span>
    </p>
   </div>
   <div class='ocr_carea' id='block_1_105' title="bbox 189 5905 1730 5978">
    <p class='ocr_par' dir='ltr' id='par_1_105' title="bbox 189 5905 1730 5978">
     <span class='ocr_line' id='line_1_105' title="bbox 189 5905 1730 5978; baseline 0.01 -33"><span class='ocrx_word' id='word_1_803' title='bbox 189 5912 257 5949; x_wconf 71' lang='lat' dir='ltr'><strong>n;</strong></span> <span class='ocrx_word' id='word_1_804' title='bbox 284 5908 364 5955; x_wconf 68' lang='grc' dir='ltr'><strong>καὶ</strong></span> <span class='ocrx_word' id='word_1_805' title='bbox 390 5906 721 5976; x_wconf 65' lang='grc' dir='ltr'>δημιουργὸν</span> <span class='ocrx_word' id='word_1_806' title='bbox 745 5907 836 5959; x_wconf 74' lang='grc' dir='ltr'><strong>τὸν</strong></span> <span class='ocrx_word' id='word_1_807' title='bbox 861 5906 1012 5959; x_wconf 77' lang='grc' dir='ltr'>Θεόν·</span> <span class='ocrx_word' id='word_1_808' title='bbox 1046 5905 1513 5978; x_wconf 67' lang='grc' dir='ltr'>ἐπ.·.ε;ηδευμένη</span> <span class='ocrx_word' id='word_1_809' title='bbox 1547 5907 1601 5960; x_wconf 75' lang='grc' dir='ltr'>δὲ</span> <span class='ocrx_word' id='word_1_810' title='bbox 1635 5909 1730 5961; x_wconf 70' lang='grc' dir='ltr'><strong>καὶ</strong></span> 
     </span>
    </p>
   </div>
   <div class='ocr_carea' id='block_1_106' title="bbox 1830 4694 3430 4773">
    <p class='ocr_par' dir='ltr' id='par_1_106' title="bbox 1830 4694 3430 4773">
     <span class='ocr_line' id='line_1_106' title="bbox 1830 4694 3430 4773; baseline 0.003 -21"><span class='ocrx_word' id='word_1_811' title='bbox 1830 4700 1887 4753; x_wconf 91' lang='lat' dir='ltr'><strong>in</strong></span> <span class='ocrx_word' id='word_1_812' title='bbox 1931 4694 2137 4754; x_wconf 82' lang='lat' dir='ltr'><strong>Triade</strong></span> <span class='ocrx_word' id='word_1_813' title='bbox 2171 4701 2424 4754; x_wconf 79' lang='lat' dir='ltr'><strong>ordinem</strong></span> <span class='ocrx_word' id='word_1_814' title='bbox 2471 4698 2770 4770; x_wconf 80' lang='lat' dir='ltr'><strong>Gregorius</strong></span> <span class='ocrx_word' id='word_1_815' title='bbox 2814 4700 3101 4773; x_wconf 86' lang='lat' dir='ltr'><strong>Nyssenus</strong></span> <span class='ocrx_word' id='word_1_816' title='bbox 3146 4705 3283 4758; x_wconf 88' lang='lat' dir='ltr'><strong>satis</strong></span> <span class='ocrx_word' id='word_1_817' title='bbox 3320 4721 3430 4758; x_wconf 88' lang='lat' dir='ltr'><strong>non</strong></span> 
     </span>
    </p>
   </div>
   <div class='ocr_carea' id='block_1_107' title="bbox 1830 4794 3437 4864">
    <p class='ocr_par' dir='ltr' id='par_1_107' title="bbox 1830 4794 3437 4864">
     <span class='ocr_line' id='line_1_107' title="bbox 1830 4794 3437 4864; baseline 0.001 -17"><span class='ocrx_word' id='word_1_818' title='bbox 1830 4802 1938 4856; x_wconf 89' lang='lat' dir='ltr'><strong>est,</strong></span> <span class='ocrx_word' id='word_1_819' title='bbox 1969 4802 2169 4846; x_wconf 88' lang='lat' dir='ltr'><strong>testem</strong></span> <span class='ocrx_word' id='word_1_820' title='bbox 2201 4810 2261 4847; x_wconf 88' lang='lat' dir='ltr'><strong>se</strong></span> <span class='ocrx_word' id='word_1_821' title='bbox 2287 4796 2529 4847; x_wconf 87' lang='lat' dir='ltr'><strong>alterum</strong></span> <span class='ocrx_word' id='word_1_822' title='bbox 2558 4796 2624 4849; x_wconf 89' lang='lat' dir='ltr'><strong>de</strong></span> <span class='ocrx_word' id='word_1_823' title='bbox 2656 4795 2760 4849; x_wconf 88' lang='lat' dir='ltr'><strong>hoc</strong></span> <span class='ocrx_word' id='word_1_824' title='bbox 2790 4795 2983 4848; x_wconf 89' lang='lat' dir='ltr'><strong>ordine</strong></span> <span class='ocrx_word' id='word_1_825' title='bbox 3015 4811 3248 4864; x_wconf 86' lang='lat' dir='ltr'><strong>magnus</strong></span> <span class='ocrx_word' id='word_1_826' title='bbox 3280 4794 3437 4850; x_wconf 61' lang='lat' dir='ltr'><strong>Basi-</strong></span> 
     </span>
    </p>
   </div>
   <div class='ocr_carea' id='block_1_108' title="bbox 1831 4884 3428 4956">
    <p class='ocr_par' dir='ltr' id='par_1_108' title="bbox 1831 4884 3428 4956">
     <span class='ocr_line' id='line_1_108' title="bbox 1831 4884 3428 4956; baseline 0.002 -18"><span class='ocrx_word' id='word_1_827' title='bbox 1831 4884 1940 4939; x_wconf 90' lang='lat' dir='ltr'><strong>lius</strong></span> <span class='ocrx_word' id='word_1_828' title='bbox 1974 4886 2257 4955; x_wconf 86' lang='lat' dir='ltr'><strong>adjuuget.</strong></span> <span class='ocrx_word' id='word_1_829' title='bbox 2300 4886 2375 4938; x_wconf 88' lang='lat' dir='ltr'><strong>Ita</strong></span> <span class='ocrx_word' id='word_1_830' title='bbox 2406 4887 2554 4940; x_wconf 89' lang='lat' dir='ltr'><strong>enim</strong></span> <span class='ocrx_word' id='word_1_831' title='bbox 2590 4888 2770 4956; x_wconf 88' lang='lat' dir='ltr'><strong>primo</strong></span> <span class='ocrx_word' id='word_1_832' title='bbox 2798 4886 3064 4941; x_wconf 86' lang='lat' dir='ltr'><strong>adversus</strong></span> <span class='ocrx_word' id='word_1_833' title='bbox 3098 4886 3428 4941; x_wconf 77' lang='lat' dir='ltr'><strong>Eunomium</strong></span> 
     </span>
    </p>
   </div>
   <div class='ocr_carea' id='block_1_109' title="bbox 1831 4978 3433 5049">
    <p class='ocr_par' dir='ltr' id='par_1_109' title="bbox 1831 4978 3433 5049">
     <span class='ocr_line' id='line_1_109' title="bbox 1831 4978 3433 5049; baseline 0.002 -17"><span class='ocrx_word' id='word_1_834' title='bbox 1831 4979 2220 5043; x_wconf 89' lang='lat' dir='ltr'><strong>antirrhetico,</strong></span> <span class='ocrx_word' id='word_1_835' title='bbox 2258 4980 2420 5048; x_wconf 90' lang='lat' dir='ltr'><strong>cujus</strong></span> <span class='ocrx_word' id='word_1_836' title='bbox 2460 4980 2815 5049; x_wconf 84' lang='lat' dir='ltr'><strong>principium,</strong></span> <span class='ocrx_word' id='word_1_837' title='bbox 2850 4998 2869 5031; x_wconf 83' lang='grc' dir='ltr'><strong>ι</strong></span> <span class='ocrx_word' id='word_1_838' title='bbox 2911 4978 3193 5047; x_wconf 88' lang='lat' dir='ltr'><strong>Siquidem</strong></span> <span class='ocrx_word' id='word_1_839' title='bbox 3235 4994 3433 5035; x_wconf 81' lang='lat' dir='ltr'><strong>omnes</strong></span> 
     </span>
    </p>
   </div>
   <div class='ocr_carea' id='block_1_110' title="bbox 1835 5069 3432 5141">
    <p class='ocr_par' dir='ltr' id='par_1_110' title="bbox 1835 5069 3432 5141">
     <span class='ocr_line' id='line_1_110' title="bbox 1835 5069 3432 5141; baseline 0.001 -18"><span class='ocrx_word' id='word_1_840' title='bbox 1835 5070 2060 5136; x_wconf 82' lang='lat' dir='ltr'><strong>vellent,</strong></span> <span class='ocrx_word' id='word_1_841' title='bbox 2095 5086 2262 5141; x_wconf 83' lang='lat' dir='ltr'><strong>super</strong></span> <span class='ocrx_word' id='word_1_842' title='bbox 2297 5086 2440 5141; x_wconf 88' lang='lat' dir='ltr'><strong>quos</strong></span> <span class='ocrx_word' id='word_1_843' title='bbox 2469 5086 2671 5125; x_wconf 89' lang='lat' dir='ltr'><strong>nomen</strong></span> <span class='ocrx_word' id='word_1_844' title='bbox 2699 5069 2793 5123; x_wconf 88' lang='lat' dir='ltr'><strong>Dei</strong></span> <span class='ocrx_word' id='word_1_845' title='bbox 2828 5081 2881 5125; x_wconf 91' lang='lat' dir='ltr'><strong>et</strong></span> <span class='ocrx_word' id='word_1_846' title='bbox 2918 5072 3229 5126; x_wconf 75' lang='lat' dir='ltr'><strong>Servatoris</strong></span> <span class='ocrx_word' id='word_1_847' title='bbox 3257 5074 3432 5127; x_wconf 88' lang='lat' dir='ltr'><strong>nostri</strong></span> 
     </span>
    </p>
   </div>
   <div class='ocr_carea' id='block_1_111' title="bbox 1831 5162 3435 5229">
    <p class='ocr_par' dir='ltr' id='par_1_111' title="bbox 1831 5162 3435 5229">
     <span class='ocr_line' id='line_1_111' title="bbox 1831 5162 3435 5229; baseline 0.001 -12"><span class='ocrx_word' id='word_1_848' title='bbox 1831 5162 1959 5219; x_wconf 82' lang='lat' dir='ltr'><strong>Jesu</strong></span> <span class='ocrx_word' id='word_1_849' title='bbox 1988 5162 2196 5219; x_wconf 86' lang='lat' dir='ltr'><strong>Christi</strong></span> <span class='ocrx_word' id='word_1_850' title='bbox 2241 5164 2555 5219; x_wconf 81' lang='lat' dir='ltr'><strong>invocatum</strong></span> <span class='ocrx_word' id='word_1_851' title='bbox 2581 5169 2736 5229; x_wconf 69' lang='lat' dir='ltr'><strong>est,;»</strong></span> <span class='ocrx_word' id='word_1_852' title='bbox 2774 5162 2978 5227; x_wconf 84' lang='lat' dir='ltr'><strong>tradit;</strong></span> <span class='ocrx_word' id='word_1_853' title='bbox 3018 5164 3111 5217; x_wconf 90' lang='lat' dir='ltr'><strong>sed</strong></span> <span class='ocrx_word' id='word_1_854' title='bbox 3142 5164 3276 5217; x_wconf 88' lang='lat' dir='ltr'><strong>ordo</strong></span> <span class='ocrx_word' id='word_1_855' title='bbox 3298 5163 3435 5218; x_wconf 86' lang='lat' dir='ltr'><strong>alter</strong></span> 
     </span>
    </p>
   </div>
   <div class='ocr_carea' id='block_1_112' title="bbox 1833 5252 3433 5328">
    <p class='ocr_par' dir='ltr' id='par_1_112' title="bbox 1833 5252 3433 5328">
     <span class='ocr_line' id='line_1_112' title="bbox 1833 5252 3433 5328; baseline 0.001 -18"><span class='ocrx_word' id='word_1_856' title='bbox 1833 5258 2108 5311; x_wconf 85' lang='lat' dir='ltr'><strong>naturalis</strong></span> <span class='ocrx_word' id='word_1_857' title='bbox 2158 5266 2283 5321; x_wconf 89' lang='lat' dir='ltr'><strong>est,</strong></span> <span class='ocrx_word' id='word_1_858' title='bbox 2360 5258 2499 5310; x_wconf 88' lang='lat' dir='ltr'><strong>alter</strong></span> <span class='ocrx_word' id='word_1_859' title='bbox 2555 5255 2919 5310; x_wconf 81' lang='lat' dir='ltr'><strong>artiﬁciosus.</strong></span> <span class='ocrx_word' id='word_1_860' title='bbox 2965 5252 3280 5322; x_wconf 78' lang='lat' dir='ltr'><strong>Naturalis,</strong></span> <span class='ocrx_word' id='word_1_861' title='bbox 3338 5258 3433 5328; x_wconf 88' lang='lat' dir='ltr'><strong>qui</strong></span> 
     </span>
    </p>
   </div>
   <div class='ocr_carea' id='block_1_113' title="bbox 1833 5350 3432 5419">
    <p class='ocr_par' dir='ltr' id='par_1_113' title="bbox 1833 5350 3432 5419">
     <span class='ocr_line' id='line_1_113' title="bbox 1833 5350 3432 5419; baseline -0.001 -13"><span class='ocrx_word' id='word_1_862' title='bbox 1833 5360 2229 5406; x_wconf 73' lang='lat' dir='ltr'><strong>creaturarum</strong></span> <span class='ocrx_word' id='word_1_863' title='bbox 2252 5350 2410 5419; x_wconf 80' lang='lat' dir='ltr'><strong>juxta</strong></span> <span class='ocrx_word' id='word_1_864' title='bbox 2443 5350 2667 5403; x_wconf 84' lang='lat' dir='ltr'><strong>creandi</strong></span> <span class='ocrx_word' id='word_1_865' title='bbox 2701 5350 2949 5404; x_wconf 86' lang='lat' dir='ltr'><strong>rationes</strong></span> <span class='ocrx_word' id='word_1_866' title='bbox 2979 5350 3283 5418; x_wconf 85' lang='lat' dir='ltr'><strong>dispositus</strong></span> <span class='ocrx_word' id='word_1_867' title='bbox 3324 5361 3432 5411; x_wconf 85' lang='lat' dir='ltr'><strong>est,</strong></span> 
     </span>
    </p>
   </div>
   <div class='ocr_carea' id='block_1_114' title="bbox 1831 5443 3432 5515">
    <p class='ocr_par' dir='ltr' id='par_1_114' title="bbox 1831 5443 3432 5515">
     <span class='ocr_line' id='line_1_114' title="bbox 1831 5443 3432 5515; baseline -0.001 -16"><span class='ocrx_word' id='word_1_868' title='bbox 1831 5454 1887 5499; x_wconf 90' lang='lat' dir='ltr'><strong>et</strong></span> <span class='ocrx_word' id='word_1_869' title='bbox 1919 5445 2124 5515; x_wconf 88' lang='lat' dir='ltr'><strong>positio</strong></span> <span class='ocrx_word' id='word_1_870' title='bbox 2156 5444 2402 5509; x_wconf 75' lang='lat' dir='ltr'><strong>numeri,</strong></span> <span class='ocrx_word' id='word_1_871' title='bbox 2439 5452 2494 5498; x_wconf 85' lang='lat' dir='ltr'><strong>et</strong></span> <span class='ocrx_word' id='word_1_872' title='bbox 2521 5458 2819 5497; x_wconf 88' lang='lat' dir='ltr'><strong>causarum</strong></span> <span class='ocrx_word' id='word_1_873' title='bbox 2850 5445 2916 5497; x_wconf 88' lang='lat' dir='ltr'><strong>ad</strong></span> <span class='ocrx_word' id='word_1_874' title='bbox 2947 5443 3177 5499; x_wconf 72' lang='lat' dir='ltr'><strong>elfectus</strong></span> <span class='ocrx_word' id='word_1_875' title='bbox 3213 5444 3432 5507; x_wconf 87' lang='lat' dir='ltr'><strong>relatio.</strong></span> 
     </span>
    </p>
   </div>
   <div class='ocr_carea' id='block_1_115' title="bbox 1835 5535 3436 5607">
    <p class='ocr_par' dir='ltr' id='par_1_115' title="bbox 1835 5535 3436 5607">
     <span class='ocr_line' id='line_1_115' title="bbox 1835 5535 3436 5607; baseline 0 -16"><span class='ocrx_word' id='word_1_876' title='bbox 1835 5547 1963 5591; x_wconf 86' lang='lat' dir='ltr'><strong>ante</strong></span> <span class='ocrx_word' id='word_1_877' title='bbox 2020 5537 2209 5607; x_wconf 83' lang='lat' dir='ltr'><strong>omnia</strong></span> <span class='ocrx_word' id='word_1_878' title='bbox 2271 5552 2397 5589; x_wconf 82' lang='lat' dir='ltr'><strong>cum</strong></span> <span class='ocrx_word' id='word_1_879' title='bbox 2456 5536 2586 5589; x_wconf 90' lang='lat' dir='ltr'><strong>illud</strong></span> <span class='ocrx_word' id='word_1_880' title='bbox 2646 5536 2700 5589; x_wconf 91' lang='lat' dir='ltr'><strong>in</strong></span> <span class='ocrx_word' id='word_1_881' title='bbox 2756 5535 3031 5591; x_wconf 84' lang='lat' dir='ltr'><strong>confessis</strong></span> <span class='ocrx_word' id='word_1_882' title='bbox 3089 5536 3201 5601; x_wconf 89' lang='lat' dir='ltr'><strong>sit,</strong></span> <span class='ocrx_word' id='word_1_883' title='bbox 3260 5536 3436 5606; x_wconf 88' lang='lat' dir='ltr'><strong>ipsius</strong></span> 
     </span>
    </p>
   </div>
   <div class='ocr_carea' id='block_1_116' title="bbox 1834 5630 3435 5700">
    <p class='ocr_par' dir='ltr' id='par_1_116' title="bbox 1834 5630 3435 5700">
     <span class='ocr_line' id='line_1_116' title="bbox 1834 5630 3435 5700; baseline 0.001 -15"><span class='ocrx_word' id='word_1_884' title='bbox 1834 5641 2049 5685; x_wconf 77' lang='lat' dir='ltr'><strong>natura:</strong></span> <span class='ocrx_word' id='word_1_885' title='bbox 2082 5630 2251 5685; x_wconf 84' lang='lat' dir='ltr'><strong>Deum</strong></span> <span class='ocrx_word' id='word_1_886' title='bbox 2289 5641 2345 5684; x_wconf 82' lang='lat' dir='ltr'><strong>et</strong></span> <span class='ocrx_word' id='word_1_887' title='bbox 2382 5639 2691 5685; x_wconf 89' lang='lat' dir='ltr'><strong>creatorem</strong></span> <span class='ocrx_word' id='word_1_888' title='bbox 2724 5640 2779 5685; x_wconf 90' lang='lat' dir='ltr'><strong>et</strong></span> <span class='ocrx_word' id='word_1_889' title='bbox 2812 5630 3065 5700; x_wconf 76' lang='lat' dir='ltr'><strong>opificem</strong></span> <span class='ocrx_word' id='word_1_890' title='bbox 3104 5647 3247 5687; x_wconf 88' lang='lat' dir='ltr'><strong>esse.</strong></span> <span class='ocrx_word' id='word_1_891' title='bbox 3282 5632 3435 5685; x_wconf 80' lang='lat' dir='ltr'><strong>Arti-</strong></span> 
     </span>
    </p>
   </div>
   <div class='ocr_carea' id='block_1_117' title="bbox 1836 5724 3435 5794">
    <p class='ocr_par' dir='ltr' id='par_1_117' title="bbox 1836 5724 3435 5794">
     <span class='ocr_line' id='line_1_117' title="bbox 1836 5724 3435 5794; baseline 0.003 -18"><span class='ocrx_word' id='word_1_892' title='bbox 1836 5726 2067 5779; x_wconf 87' lang='lat' dir='ltr'><strong>liciosus</strong></span> <span class='ocrx_word' id='word_1_893' title='bbox 2112 5740 2242 5778; x_wconf 76' lang='lat' dir='ltr'><strong>vero</strong></span> <span class='ocrx_word' id='word_1_894' title='bbox 2293 5732 2346 5779; x_wconf 89' lang='lat' dir='ltr'><strong>et</strong></span> <span class='ocrx_word' id='word_1_895' title='bbox 2396 5724 2671 5780; x_wconf 73' lang='lat' dir='ltr'><strong>indusuia</strong></span> <span class='ocrx_word' id='word_1_896' title='bbox 2724 5724 3014 5779; x_wconf 85' lang='lat' dir='ltr'><strong>hominum</strong></span> <span class='ocrx_word' id='word_1_897' title='bbox 3063 5725 3435 5794; x_wconf 77' lang='lat' dir='ltr'><strong>excogitatus,</strong></span> 
     </span>
    </p>
   </div>
   <div class='ocr_carea' id='block_1_118' title="bbox 1837 5818 3439 5887">
    <p class='ocr_par' dir='ltr' id='par_1_118' title="bbox 1837 5818 3439 5887">
     <span class='ocr_line' id='line_1_118' title="bbox 1837 5818 3439 5887; baseline 0 -18"><span class='ocrx_word' id='word_1_898' title='bbox 1837 5820 1933 5887; x_wconf 90' lang='lat' dir='ltr'><strong>qui</strong></span> <span class='ocrx_word' id='word_1_899' title='bbox 1968 5819 2021 5870; x_wconf 87' lang='lat' dir='ltr'><strong>in</strong></span> <span class='ocrx_word' id='word_1_900' title='bbox 2058 5818 2379 5878; x_wconf 82' lang='lat' dir='ltr'><strong>structuris.</strong></span> <span class='ocrx_word' id='word_1_901' title='bbox 2417 5828 2472 5871; x_wconf 86' lang='lat' dir='ltr'><strong>et</strong></span> <span class='ocrx_word' id='word_1_902' title='bbox 2504 5818 2839 5884; x_wconf 81' lang='lat' dir='ltr'><strong>disciplinis,</strong></span> <span class='ocrx_word' id='word_1_903' title='bbox 2878 5827 2932 5873; x_wconf 83' lang='lat' dir='ltr'><strong>et</strong></span> <span class='ocrx_word' id='word_1_904' title='bbox 2958 5818 3350 5887; x_wconf 81' lang='lat' dir='ltr'><strong>dignitatibus,</strong></span> <span class='ocrx_word' id='word_1_905' title='bbox 3383 5826 3439 5871; x_wconf 89' lang='lat' dir='ltr'><strong>et</strong></span> 
     </span>
    </p>
   </div>
   <div class='ocr_carea' id='block_1_119' title="bbox 1835 5909 3439 5983">
    <p class='ocr_par' dir='ltr' id='par_1_119' title="bbox 1835 5909 3439 5983">
     <span class='ocr_line' id='line_1_119' title="bbox 1835 5909 3439 5983; baseline -0.001 -18"><span class='ocrx_word' id='word_1_906' title='bbox 1835 5926 2094 5983; x_wconf 84' lang='lat' dir='ltr'><strong>numero,</strong></span> <span class='ocrx_word' id='word_1_907' title='bbox 2144 5919 2197 5965; x_wconf 89' lang='lat' dir='ltr'><strong>et</strong></span> <span class='ocrx_word' id='word_1_908' title='bbox 2252 5909 2547 5966; x_wconf 76' lang='lat' dir='ltr'><strong>similibus.</strong></span> <span class='ocrx_word' id='word_1_909' title='bbox 2590 5910 2801 5968; x_wconf 86' lang='lat' dir='ltr'><strong>Horum</strong></span> <span class='ocrx_word' id='word_1_910' title='bbox 2851 5913 3093 5981; x_wconf 85' lang='lat' dir='ltr'><strong>primum</strong></span> <span class='ocrx_word' id='word_1_911' title='bbox 3146 5912 3439 5966; x_wconf 80' lang='lat' dir='ltr'><strong>occultans</strong></span> 
     </span>
    </p>
   </div>
  </div>
