4152 6496
658 422 728 488 7i
1727 415 1937 476 JOAN.
1981 411 2192 474 VECCI
2233 411 2341 471 CP.
2384 407 2900 469 PATRIARCH£
3872 400 3948 464 ’ῖὲ

662 537 830 595 ritus,
881 539 936 586 et
991 529 1151 584 Pater
1185 528 1475 583 duntaxat.
1509 545 1528 578 ι
1584 523 1651 579 Et
1700 525 1901 578 iterum
1949 523 2002 575 iu
2036 520 2256 574 decimo

2373 517 2592 587 Πνεῦμα
2649 515 2726 586 τῷ
2766 513 2882 582 Υἱῷ
2943 510 3328 575 συντέτακται,
3371 510 3398 563 ὅ
3443 509 3500 564 δὲ
3560 509 3688 572 Υίδς
3716 509 3798 578 τῷ
3831 509 3952 562 Πα-

663 632 863 678 octaro
925 621 1103 690 capite
1155 621 1223 672 ad
1285 617 1538 672 eumdem
1584 631 1600 669 :
1647 632 1665 666 ι
1705 611 1860 668 Unus
1923 620 1977 666 et
2027 616 2250 663 sanctus

2373 613 2468 681 :p‘t,
2530 609 2627 662 καὶ
2659 610 2720 661 ab
2789 606 3019 676 Πνεῦμα
3047 606 3128 674 τῷ
3155 606 3334 673 [lat-pi.
3395 603 3666 673 δηλονότι.
3699 621 3718 654 ι
3769 602 3859 655 Ἐν
3892 601 3950 654 δὲ

671 713 935 784 Spiritus,
971 726 1066 779 per
1096 724 1265 763 unum
1300 705 1497 762 Filium
1531 705 1626 759 uni
1659 703 1805 758 Patri
1839 701 2199 771 coniunctus;
2229 717 2247 749 ι

665 805 722 858 Si
769 820 899 873 ergo
947 810 1115 856 testes
1165 801 1269 856 tide
1321 799 1468 868 digiti
1522 809 1653 852 sunt
1725 810 1821 866 per
1873 794 2070 848 Filium
2126 806 2252 846 cum

669 897 831 951 Patre
856 892 1268 964 conjunctiouis
1293 891 1534 960 Spiritus
1569 886 1904 942 Athanasius
1928 895 1986 940 et
2021 883 2256 938 Basilius

672 985 882 1056 magni,
929 988 1149 1054 planum
1197 993 1302 1045 est,
1357 980 1822 1051 quemadmodum
1867 976 2255 1031 mediationem

672 1077 800 1132 Filii
840 1075 942 1130 Per
980 1074 1298 1146 prapositi‘o
1339 1074 1392 1126 in
1439 1071 1615 1126 simili
1667 1069 2056 1138 conjunctione
2091 1065 2260 1119 deno-

675 1179 776 1236 tat,
812 1170 886 1222 ita
923 1179 977 1221 et
1007 1169 1061 1220 in
1099 1167 1341 1237 Spiritus
1375 1180 1440 1218 ex
1484 1164 1644 1217 Patre
1680 1177 1773 1231 per
1804 1160 2004 1214 Filium
2039 1171 2260 1227 proces-

671 1263 873 1324 sioue,
926 1260 995 1313 ab
1043 1260 1235 1313 eadem
1288 1257 1390 1311 Ρα-
1445 1255 1794 1318 essentialem
1851 1251 2254 1306 meditationem

673 1352 975 1423 signiﬁcari
1009 1369 1023 1404 :
1060 1363 1112 1407 et
1139 1350 1349 1404 insulse
1383 1343 1602 1418 quidem
1638 1347 1730 1414 qui
1761 1343 1923 1398 simul
1945 1356 2135 1396 vocem
2167 1355 2260 1410 per

673 1444 877 1499 Filium
907 1454 1098 1498 notare
1119 1443 1420 1505 aﬂirmant,
1453 1440 1587 1493 illud
1615 1438 1895 1507 accepisse
1922 1452 1988 1490 ex
2019 1435 2108 1500 iis,
2138 1448 2261 1505 quae

673 1525 942 1603 diximus,
976 1545 1036 1591 ut
1067 1551 1212 1599 reor,
1241 1533 1457 1588 abunde
1484 1541 1768 1586 ostensum
1795 1537 1900 1584 est.

743 1813 836 1869 25.
888 1812 992 1878 Qui
1035 1825 1166 1865 vero
1219 1807 1686 1864 contradictiones
1720 1805 2098 1874 intempestive
2147 1819 2262 1858 am-

674 1907 836 1962 biunt
861 1914 916 1959 et
936 1904 1170 1974 iactant,
1198 1917 1388 1956 rursus
1420 1900 1678 1968 inquiunt
1704 1915 1716 1951 :
1744 1897 1811 1952 Et
1841 1897 1970 1968 quid
2002 1897 2126 1950 novi
2153 1905 2256 1959 est,

673 2000 724 2051 si
778 1995 1054 2065 Nyssenus
1105 1991 1401 2062 Gregorius
1452 1990 1504 2044 in
1551 1990 1787 2058 quadam
1847 2002 1946 2041 sua
2008 1985 2256 2040 oratione
2297 2063 2300 2066 ἢ

678 2089 857 2142 dixit:
893 2104 910 2137 ι
938 2085 1292 2154 Ρταιὶηιριίίεἰ
1335 2083 1562 2153 quidem
1599 2080 1738 2136 Filio
1780 2081 1994 2135 Patrem
2047 2079 2259 2133 ratione

677 2193 881 2239 causae.
915 2176 1262 2246 praeintelligi
1308 2190 1438 2229 vero
1469 2172 1669 2228 Filium
1722 2171 1927 2241 Spiritu
1957 2177 2259 2225 secundum

675 2285 861 2323 causae
906 2269 1219 2322 rationem?
1258 2285 1277 2318 ι
1333 2265 1466 2332 Quae
1511 2267 1657 2319 enim
1713 2265 1766 2316 in
1821 2262 2117 2316 universali
2168 2276 2265 2336 au-

677 2360 882 2413 dientia
927 2358 1119 2428 synodi
1169 2372 1202 2411 a
1234 2358 1450 2411 dicente
1497 2371 1604 2409 non
1656 2341 1786 2409 sunt
1820 2355 2128 2418 enuntiata,
2167 2352 2262 2406 sed

680 2451 735 2503 iu
763 2449 1002 2517 angulis,
1034 2458 1089 2500 et
1110 2447 1521 2500 commentariis
1547 2445 1804 2514 privatim
1841 2445 2096 2512 digestis,
2127 2443 2262 2497 nihil

681 2543 809 2595 novi
843 2541 1024 2604 fuerit,
1061 2541 1105 2594 si
1134 2555 1197 2593 ea
1235 2554 1336 2593 nos
1370 2537 1794 2607 neglexerimus.
1836 2534 2261 2602 Quid‘inquitis,

684 2631 920 2685 fratres?
953 2630 1098 2684 Nihil
1137 2628 1262 2682 novi
1295 2627 1480 2692 fuerit,
1519 2629 1723 2698 scripta
1759 2627 1988 2698 Nysseni
2024 2626 2265 2696 negligi?

681 2702 950 2792 Nysseni‘!
991 2721 1164 2785 illius,
1211 2721 1371 2798 cujus
1404 2735 1502 2791 ego
1535 2721 1740 2774 nullam
1782 2719 2262 2788 compellationem

682 2829 868 2882 parem
924 2814 1132 2880 habeo;
1181 2815 1331 2882 quod
1384 2811 1764 2866 laudationum
1811 2823 1969 2865 extra
2027 2819 2261 2878 tempus,

682 2915 900 2969 tempus
957 2901 1134 2978 nobis
1181 2915 1290 2954 non
1351 2907 1642 2969 suppetat,
1698 2914 1873 2968 neque
1927 2899 1984 2951 in
2049 2896 2101 2951 id
2150 2907 2267 2951 stu-

680 2994 831 3046 dium
908 2991 1232 3047 incumbere
1302 3003 1548 3060 praesens
1629 3000 2014 3061 argumentum
2082 2988 2264 3052 sinit,

682 3092 744 3137 ut
802 3083 1184 3137 excellentiam
1249 3084 1397 3145 viri,
1454 3083 1498 3135 si
1563 3083 1726 3136 modo
1786 3086 1872 3135 vir
1921 3081 2010 3135 ille
2065 3095 2269 3134 vocan-

2354 702 2434 771 τῷ
2491 700 2706 769 δεκάτῳ
2753 699 2927 768 ὀγδόῳ
2978 697 3143 751 πάλιν
3197 696 3309 748 τῶν
3365 694 3550 750 αὐτῶν
3608 693 3947 762 κεφαλαίων·

2363 814 2382 847 t
2412 794 2510 848 Ἐν
2531 794 2589 847 δὲ
2624 795 2720 846 καὶ
2754 793 2815 846 τὸ
2851 792 3008 858 ᾶγιον
3072 789 3320 858 Πνεῦμα,
3350 787 3418 840 δι’
3448 787 3567 850 ἑνὸς
3596 787 3730 840 Υίοῦ
3759 786 3839 857 τῷ
3871 788 3956 839 ἑνὶ

2357 887 2536 956 Πατρὶ
2566 885 2998 953 συναπτόμενον.
3019 901 3037 932 ι
3076 883 3139 934 Et
3169 880 3302 952 γοῦν
3334 880 3638 944 ἀξιόπιστοι
3674 879 3958 950 μάρτυρὲς

2358 985 2467 1035 είσι
2500 982 2600 1050 τῆς
2635 980 2726 1034 διὰ
2770 979 2865 1034 τοῦ
2927 979 3058 1032 Υίοῦ
3093 979 3231 1049 πρὸς
3270 977 3361 1031 τὸν
3391 976 3618 1045 Πατέρα
3649 976 3956 1042 συναφείας

2358 1074 2452 1127 τοῦ
2482 1071 2803 1141 Πνεύματος
2873 1070 3218 1133 Ἀθανάσιος,
3255 1068 3352 1122 καὶ
3377 1067 3665 1129 Βασίλειος
3693 1067 3743 1118 oi
3779 1066 3962 1134 μεγά-

2358 1164 2464 1228 λοι,
2500 1163 2724 1232 εῦδηλον
2756 1164 2840 1216 ὅτι
2872 1162 3061 1231 ὥσπερ
3099 1162 3388 1230 μεσιτείαν
3431 1159 3528 1211 τοῦ
3576 1157 3710 1211 Υἰοῦ
3763 1159 3797 1226 ἡ
3854 1157 3962 1210 διὰ

2362 1257 2625 1326 πρόθεσις
2684 1257 2742 1308 ἐν
2777 1257 2845 1326 τῇ
2873 1255 3102 1324 τοιαύτῃ
3153 1251 3426 1322 συναφείά
3471 1249 3644 1319 δηλοῖ,
3681 1249 3825 1302 οὕτω
3859 1249 3964 1302 καὶ

2363 1351 2420 1402 ἑν
2448 1352 2514 1418 τῇ
2549 1349 2614 1400 ὲκ
2641 1349 2856 1418 Πατρὸς
2897 1346 2965 1399 δι’
2995 1345 3124 1398 Υίοῦ
3154 1344 3484 1416 ἐκπορεύσει
3503 1340 3599 1394 τοῦ
3632 1341 3966 1410 Πνεῦματος

2354 1443 2394 1512 ,ὴ
2426 1441 2564 1510 αὑτὴ
2583 1440 2683 1494 διὰ
2709 1439 2945 1509 οὑσιώδη
2982 1437 3263 1507 μεσιτείαν
3301 1436 3472 1505 δηλοῖ.
3527 1433 3632 1486 Καὶ
3658 1435 3742 1485 ὅτι
3773 1433 3878 1501 μὲν
3905 1432 3965 1484 οι

2360 1537 2422 1588 τὸ
2447 1535 2568 1604 ἅμα
2629 1534 2921 1604 σημαίνειν
2968 1533 3071 1601 τὴν
3127 1530 3202 1582 δι’
3230 1529 3365 1582 Υιοῦ
3422 1526 3608 1596 φωνὴν
3666 1527 3966 1595 εἰρηκότες

2363 1625 2549 1686 κακῶς
2588 1624 2719 1676 αὐτὸ
2781 1621 3128 1686 ὲξελάὅοντο,
3153 1621 3218 1671 ὲκ
3242 1616 3351 1670 τῶν
3405 1613 3746 1685 εἰρημένων,
3769 1611 3845 1674 ὡς
3879 1607 3969 1664 οἷ-

2367 1732 2491 1784 μαι,
2531 1713 2732 1775 ἱκανῶς
2765 1711 3169 1765 ἀποδέδεικται.

2436 1815 2535 1861 κε’.
2571 1809 2635 1860 Οί
2658 1807 2714 1861 δὲ
2745 1808 2866 1869 ταῖς
2907 1804 3248 1873 ἀντιλογίαις
3279 1803 3528 1872 ἀκαίρως
3561 1797 3969 1870 φιλοτιμούμε-

2365 1918 2446 1954 νοι
2469 1903 2562 1954 καὶ
2590 1900 2756 1953 πάλιν
2780 1901 2932 1968 φασί⁶
2972 1899 3082 1951 Καὶ
3105 1897 3161 1950 τί
3202 1897 3389 1950 καινὸν
3412 1898 3460 1948 εί
3491 1897 3519 1947 ὁ
3563 1893 3787 1964 Νύσσης
3814 1892 3971 1962 Γρη-

2365 1992 2547 2061 γόριος
2575 1990 2632 2044 ἐν
2657 2007 2768 2043 ⁴τινι
2797 1989 2907 2041 τῶν
2954 1989 3121 2042 αὑτοῦ
3181 1989 3358 2056 λόγων
3390 1987 3579 2056 ἔφη,ξι
3614 1984 3970 2055 Προθεωρεῖ-

2364 2087 2493 2137 σθαι
2527 2085 2626 2153 μὲν
2657 2081 2750 2135 τοῦ
2775 2083 2910 2135 Υξοῦ
2963 2081 3056 2134 τὸν
3082 2083 3305 2151 Πατέρα
3348 2079 3428 2149 τῷ
3449 2081 3550 2149 τῆς
3576 2078 3762 2141 αίτίας
3783 2077 3958 2145 λόγῳ,

2363 2177 2807 2246 προθεωρείσθαι
2841 2177 2896 2227 δὲ
2946 2175 3042 2227 τοῦ
3104 2173 3426 2243 Πνεύματος
3479 2174 3574 2226 τὸν
3644 2172 3775 2225 Υἰὸν
3810 2172 3968 2224 κατὰ

2361 2267 2453 2319 τὸν
2484 2269 2580 2336 τῆς
2613 2267 2796 2327 αἰτίας
2822 2267 2979 2334 λόγον
3005 2282 3055 2331 ς»
3102 2267 3168 2317 "A
3192 2265 3300 2336 γὰρ
3327 2265 3427 2318 οῦκ
3450 2267 3526 2327 είς
3557 2263 3735 2317 κοινὸν
3754 2265 3976 2333 ἀκροαο

2362 2359 2553 2427 τήριον
2584 2358 2809 2410 συνόδου
2867 2357 3020 2424 παρὰ
3063 2355 3156 2408 τοῦ
3184 2357 3436 2417 εἰπόντος
3474 2356 3703 2424 appear},
3737 2353 3854 2407 ἀλλ’
3896 2356 3962 2405 ἐν

2365 2448 2540 2517 γωνίᾳ.
2595 2447 2689 2500 καὶ
2721 2447 3156 2516 συγγράμμασιν
3212 2445 3397 2506 ἱδικῶς
3427 2445 3756 2508 ἐκτεθεῖσιν,
3802 2443 3970 2496 οὐδέν

2363 2557 2416 2592 τι
2451 2541 2659 2598 καινὸν.
2693 2541 2740 2592 εί
2774 2540 3061 2607 παροπτέα
3083 2538 3259 2590 ταῦτα
3311 2539 3469 2607 ἡμῖν.
3499 2537 3566 2589 Τί
3598 2554 3762 2606 φατε,
3794 2537 3962 2590 ἀδελ-

2367 2630 2466 2698 φοί
2507 2647 2522 2696 ;
2574 2630 2742 2696 Οὐδέν
2775 2647 2826 2682 τι
2885 2629 3071 2682 καινὸν
3129 2630 3199 2682 τὰ
3235 2628 3328 2682 τοῦ
3387 2627 3613 2700 Νῦσσης
3666 2630 3973 2699 παροπτεα,

2367 2722 2660 2790 γενέσθαι;
2707 2722 2803 2775 τοῦ
2865 2721 3130 2789 Νύσσηςς
3192 2723 3311 2786 τοῦ,
3345 2723 3406 2776 ὃν
3460 2721 3579 2784 πῶς
3624 2720 3695 2776 ἂν
3743 2721 3974 2775 καλέσω

2368 2816 2468 2869 οὐκ
2504 2814 2648 2883 ἔχω·
2705 2815 2786 2866 ὅτι
2841 2814 2976 2884 μηδὲ
3036 2814 3316 2885 παροδίων
3360 2815 3555 2884 καιρὸς
3603 2816 3740 2882 ἡμῖν
3777 2817 3974 2880 ἐγκω-

2372 2909 2531 2977 μίων,
2561 2907 2683 2960 οὐδὲ
2735 2906 2943 2977 σπουδὴ
2997 2908 3158 2977 ἡμῶν
3189 2909 3250 2959 τὸ
3276 2909 3649 2978 προκείμενον
3674 2908 3734 2960 τὸ
3793 2925 3978 2977 μεγα-

2371 3000 2518 3052 λεῖον
2558 2998 2651 3052 τοῦ
2683 2999 2878 3068 ἀνδρὸς
2901 2999 3208 3064 ἀποδεῖξαι,
3238 3001 3358 3068 εῖγε
3388 3001 3558 3070 ἄνδρα
3586 3001 3747 3053 αὑτὸν
3777 3002 3977 3052 καλεῖν

2371 3093 2496 3162 χρὴ.
2521 3095 2618 3145 καὶ
2647 3093 2750 3145 οὐκ
2800 3091 3055 3158 ἄγγελον.
3105 3092 3268 3144 Ἀλλὰ
3314 3095 3476 3162 μόνον
3515 3094 3599 3146 ὅτι
3634 3093 3804 3155 αὐτὸς
3833 3093 3975 3160 ἔφη.

681 3177 787 3228 dus
829 3183 932 3240 est,
987 3187 1040 3226 et
1072 3189 1181 3226 non
1227 3174 1479 3243 angelus,
1506 3171 1886 3227 ostendamus.
1931 3171 2036 3226 Sed
2084 3170 2263 3226 solum

2374 3185 2470 3236 καὶ
2528 3184 2821 3252 παροπτέα
2850 3185 2919 3234 τὰ
2945 3183 3192 3253 ῥήματα,
3227 3185 3306 3237 ὅτι
3335 3184 3524 3237 αὑτοῦ.
3557 3185 3623 3236 Τί
3659 3187 3768 3257 γὰρ
3821 3187 3968 3255 ἡμῖν

678 3268 812 3334 quia
884 3267 1001 3334 ipse
1042 3264 1220 3330 dixit,
1275 3279 1452 3336 neque
1498 3263 1797 3332 rejicienda
1847 3266 2057 3327 verba,
2125 3263 2269 3332 quod

685 3359 833 3411 illius
858 3365 1007 3410 sunt.
1039 3355 1181 3422 de
1211 3355 1355 3410 enim
1397 3371 1426 3408 a
1471 3355 1632 3409 nobis
1693 3353 1974 3424 despectui
2037 3353 2268 3423 dignum

683 3447 1010 3517 judicatur?
1065 3446 1219 3512 Quod
1267 3461 1409 3500 unus
1471 3455 1576 3513 est,
1629 3445 1913 3522 aiuntket
1962 3445 2108 3514 quod
2161 3461 2271 3500 non

685 3539 846 3606 plena
889 3539 1101 3605 synodo
1148 3536 1240 3590 illa
1297 3535 1539 3590 dictavit.
1589 3535 1872 3601 Sedenim,
1922 3550 2098 3604 neque
2154 3544 2275 3589 tau-

2373 3277 2468 3329 καὶ
2500 3276 2863 3344 παροράσεως
2891 3275 3137 3344 κρίνεται
3159 3293 3174 3341 ;
3199 3277 3325 3330 Ὀτι
3349 3274 3453 3341 εἷς,
3484 3278 3641 3347 φασὶ,
3667 3281 3763 3331 καὶ
3789 3279 3872 3330 ὅτι
3905 3281 3976 3333 οὐ

2374 3365 2672 3429 συνοδικῶς
2703 3368 2898 3439 εἴρηκε
2947 3368 3142 3422 ταῦτα.
3183 3369 3324 3422 Ἀλλ’
3362 3370 3573 3438 ὅτιμὲν
3613 3371 3710 3441 οὐχ
3739 3370 3816 3433 ὠς
3871 3372 3978 3426 ἕνα

2372 3457 2482 3510 τῶν
2509 3458 2727 3511 πολλῶν
2775 3460 2886 3513 ἔδει
2950 3461 3047 3514 καὶ
3095 3461 3186 3513 τὸν
3242 3451 3711 3527 θεολογικώτατον
3742 3463 3977 3532 Νύσσης

2371 3551 2470 3604 Eva
2519 3552 2730 3621 λέγειν,
2785 3555 2929 3622 ὑμᾶς
2959 3554 3158 3617 αὐτοὺς
3203 3554 3479 3625 διακρῖναι
3524 3556 3695 3625 ζητῶ,
3727 3557 3822 3608 καὶ
3855 3557 3963 3626 τὴν

682 3644 854 3698 quam
882 3645 1052 3682 unum
1084 3644 1151 3683 ex
1195 3629 1390 3682 multis
1426 3630 1789 3698 reputantium
1823 3645 1944 3684 esse
1967 3626 2269 3699 Nyssenunt

2375 3645 2508 3711 παρ’
2538 3643 2714 3698 ἄλλων
2763 3646 2864 3696 οὒκ
2913 3645 3218 3715 ἐκδέχομαι
3269 3645 3454 3715 ψῆφον
3478 3661 3497 3677 ο
3545 3647 3627 3699 ὅτι
3661 3647 3721 3700 δὲ
3753 3647 3853 3716 οὐχ
3882 3637 3972 3711 εἷς

687 3721 740 3774 in
760 3720 927 3776 rebus
946 3721 1276 3791 theologicis
1304 3722 1705 3790 pertractandis
1728 3721 2272 3787 excellentissimum,

685 3829 783 3870 vos
817 3815 965 3882 ipsos
991 3814 1295 3885 dijudicare
1327 3815 1572 3884 postulo,
1605 3823 1654 3869 et
1685 3815 1918 3870 aliorum
1956 3811 2136 3868 abnuo
2159 3813 2272 3868 cal-

686 3907 896 3960 culum.
919 3905 1308 3961 Verumtamen
1343 3922 1451 3961 non
1484 3922 1680 3974 unum,
1710 3909 1805 3963 sed
1837 3917 1947 3962 tres
1967 3923 1995 3960 a
2029 3906 2277 3977 Nysseno

687 3999 833 4053 dicta
867 3999 1183 4063 tradidisse,
1220 3999 1298 4052 illi
1339 3999 1469 4052 mihi
1516 4001 1890 4054 testimonium
1934 3999 2274 4069 praebebunt,

689 4090 781 4159 qui
805 4089 1049 4144 eamdem
1083 4106 1274 4144 eorum
1319 4090 1561 4146 virorum
1591 4099 2036 4161 :etatemjtenent,
2076 4091 2280 4159 ipsius-

695 4191 804 4235 met
837 4181 1070 4252 Nysscni
1102 4182 1350 4252 inquam,
1407 4185 1634 4238 maximi
1683 4186 1961 4257 Gregorii,
2003 4197 2057 4242 et
2090 4184 2275 4245 Basilii

690 4271 1130 4342 praeclarissimi,
1175 4283 1226 4328 et
1251 4274 1345 4344 qui
1378 4276 1697 4331 eorumdem
1727 4279 1890 4333 rebus
1921 4279 1972 4332 in
2020 4283 2278 4339 omnibus

695 4381 864 4419 unam
899 4377 1134 4420 mentem
1168 4376 1223 4420 et
1253 4347 1553 4424 concordes
1581 4369 1797 4425 animos
1843 4385 1952 4425 non
2001 4373 2276 4445 ignorant.

693 4457 838 4522 Quid
871 4473 935 4511 ex
970 4458 1079 4512 illis
1109 4459 1286 4513 tribus
1320 4461 1598 4530 quispiam
1633 4461 1792 4528 dixit,
1817 4464 1962 4532 quod
2000 4480 2123 4519 cum
2153 4467 2274 4522 aliis

2375 3730 2465 3803 ἦν,
2499 3736 2636 3788 ἀλλά
2665 3739 2817 3806 τρεῖς
2848 3738 2897 3788 oi
2944 3737 3212 3799 εἰπόντες,
3276 3740 3424 3809 ἇσπερ
3480 3735 3636 3792 εἶπεν
3661 3738 3689 3791 ὁ
3715 3738 3970 3808 Nimim.

2380 3829 2583 3880 ἐκεῖνοί
2615 3847 2707 3898 μοι
2751 3828 2830 3898 τῷ
2881 3830 3026 3899 λόγῳ
3089 3832 3684 3902 συμμαρτυρήσουσιν,
3744 3833 3861 3885 ὅσοι
3912 3842 3980 3886 τὸ

2379 3919 2684 3987 σάγχρονον
2737 3917 2916 3972 οίδασι
2965 3919 3075 3971 τῶν
3108 3919 3346 3989 ἀνδρῶν,
3381 3921 3549 3973 αὑτοῦ
3605 3939 3664 3975 τε
3693 3921 3787 3975 τοῦ
3823 3923 3983 3977 Νύσ-

2380 4028 2506 4080 σης,
2536 4017 2702 4079 φημὶ,
2737 4011 2835 4062 καὶ
2857 4010 2952 4062 τοῦ
3007 4011 3270 4079 μεγίστου
3314 4012 3644 4082 Γρηγορίου,
3678 4016 3774 4069 καὶ
3811 4016 3984 4069 Bact-

2376 4097 2644 4150 lslouxoﬁ
2671 4100 2835 4161 πάνυ,
2883 4099 2973 4151 καὶ
3023 4101 3142 4152 ὅσοι
3199 4101 3300 4154 οὐκ
3345 4103 3608 4171 ἀγνοοῦσι
3645 4108 3704 4157 τὸ
3736 4107 3829 4159 ἐπὶ
3865 4112 3981 4162 πᾶ-

2382 4203 2467 4238 σιν
2495 4187 2778 4254 ὀμόπνουν
2807 4190 2989 4260 αὐτῶν
3017 4193 3111 4244 καὶ
3139 4179 3434 4263 ὀμόψυχοῦ.
3465 4195 3530 4246 Τί
3554 4197 3662 4266 γὰρ
3684 4198 3750 4251 ἄν
3771 4216 3858 4262 τις
3878 4206 3984 4256 καὶ

2380 4278 2570 4350 εἴρηκε
2629 4281 2738 4333 τῶν
2794 4281 2982 4349 τριῶν,
3025 4284 3163 4352 ὅπερ
3218 4286 3293 4354 μὴ
3342 4288 3674 4343 ἐκοινώσατο
3714 4295 3807 4345 καὶ
3861 4297 3981 4359 τοῖς

2385 4372 2614 4440 ἄλλοις;
2670 4373 2800 4426 είδέ
2857 4391 2962 4426 τινι
3015 4375 3162 4427 δοκεῖ
3222 4372 3366 4432 εἶναί
3421 4396 3544 4432 τινα
3576 4382 3706 4445 ἴσως
3737 4385 3983 4453 ρηθέντα

2383 4465 2537 4535 παρὰ
2571 4464 2666 4517 τοῦ
2707 4467 3003 4536 ἐσύστερον
3038 4468 3117 4538 τῷ
3166 4467 3265 4540 βίῳ
3328 4473 3818 4544 ἐναπομείναντος,
3877 4480 3984 4547 ἐφ’

693 4565 805 4604 non
836 4551 1489 4618 communicavit?Quod
1543 4553 1589 4609 si
1633 4553 1847 4609 videtur
1893 4573 1999 4611 non
2047 4561 2269 4624 nemini,

2383 4554 2464 4621 οἷς
2491 4563 2518 4612 ὁ
2541 4559 2713 4613 εἰπὼν
2767 4562 3106 4631 σκεμμάτων
3136 4563 3216 4632 τῷ
3247 4569 3633 4638 προοιχομένῳ
3687 4572 3788 4625 οὑκ
3827 4575 3983 4628 ἐκοι-

695 4642 946 4711 quaedam
984 4643 1217 4699 fortasse
1249 4661 1373 4701 esse
1413 4647 1609 4701 dictata
1636 4663 1667 4701 a
1719 4650 2036 4717 posteriori,
2090 4653 2182 4721 qui
2223 4653 2275 4706 in

697 4732 806 4784 Vita
863 4746 1203 4788 remanserat
1275 4745 1330 4788 et
1405 4738 1908 4793 considerationum
1957 4740 2276 4797 defunctum

695 4834 855 4879 antea
890 4828 1207 4896 participem
1234 4844 1339 4882 non
1373 4829 1584 4894 fecisse,
1619 4841 1674 4886 at
1702 4849 1825 4887 cum
1867 4844 1923 4889 et
1951 4835 2134 4890 adhuc
2151 4851 2276 4891 cum

697 4919 964 4982 viverent,
1001 4921 1068 4972 ab
1101 4919 1293 4973 eodem
1359 4920 1564 4990 Spiritu
1597 4923 1792 4987 inﬂati,
1844 4926 1911 4980 de
1952 4929 2115 4983 rebus
2156 4933 2278 4998 Spi-

695 5010 835 5064 ritus
869 5013 1252 5077 decernerent,
1295 5023 1349 5066 et
1379 5016 1481 5066 line.
1515 5015 1636 5069 vita:
1677 5018 1876 5085 posito,
1908 5022 2096 5073 eodem
2129 5023 2282 5077 colli-

693 5113 949 5173 garentur
992 5103 1218 5173 Spiritu,
1262 5107 1687 5175 noujadmiscro
1737 5126 1975 5179 unquam
2016 5128 2136 5182 ego,
2184 5114 2277 5167 uui

697 5198 903 5268 aliquid
950 5200 1283 5268 inspiratum
1345 5202 1511 5254 etiam
1561 5203 1788 5272 reliquis
1823 5205 1930 5259 vita
1977 5207 2274 5272 defunctis,

696 5291 842 5360 quod
877 5306 906 5344 a
942 5299 1124 5344 mente
1158 5306 1372 5354 eorum,
1412 5293 1504 5360 qui
1537 5303 1696 5346 antea
1749 5306 1980 5348 mortem
2008 5298 2277 5362 obierant,

697 5397 807 5436 non
843 5381 1026 5436 fuerit.
1061 5381 1120 5436 Si
1173 5391 1350 5438 autem
1409 5385 1552 5453 quod
1593 5385 1748 5454 plena
1808 5390 2014 5456 synodo
2052 5389 2282 5457 hujusce

698 5468 784 5522 vel
817 5469 1045 5539 hujusce
1074 5471 1206 5524 dicti
1243 5472 1582 5525 audientiam
1619 5492 1724 5529 non
1770 5475 1919 5542 fecit,
1974 5479 2116 5532 dit-ta
2150 5496 2282 5534 cou-

698 5560 1068 5624 demnantur,
1115 5577 1217 5632 ego
1274 5565 1642 5619 universalem
1700 5583 1889 5621 eorum
1946 5571 2281 5625 audientiam

698 5652 870 5706 fuisse
903 5656 1195 5709 contendo.
1235 5655 1562 5725 thuanam
1621 5660 1834 5714 ratione
1863 5661 2144 5731 despectui
2185 5665 2279 5718 ha-

694 5745 873 5798 benda
936 5758 1086 5810 sunt,
1150 5763 1272 5817 quae
1320 5749 1724 5806 uuiversalibus
1773 5753 2062 5807 audientiis
2119 5755 2280 5825 digna

700 5837 890 5898 fuere?
920 5855 983 5892 ex
1018 5855 1082 5896 eo
1115 5839 1386 5911 siquidem
1421 5851 1668 5912 tempore
1716 5845 1784 5900 ad
1850 5849 1988 5902 hanc
2039 5863 2280 5906 nostrain

2383 4651 2644 4722 νώνησεν*
2673 4652 2786 4705 ἀλλ’
2818 4656 2941 4706 ἐπεὶ
2972 4656 3068 4708 καὶ
3096 4656 3299 4720 ζῶντες
3331 4660 3410 4729 τῷ
3435 4662 3584 4730 αὐτῷ
3611 4665 3979 4734 ὲμπνεόμενοι

2386 4743 2665 4812 Πνεῦματι
2695 4744 2758 4796 τὰ
2806 4745 2944 4814 ὑπὲρ
2975 4745 3068 4798 τοῦ
3103 4747 3421 4818 Πνεῦματος
3449 4753 3838 4821 ἐδογμάτιζον,
3877 4761 3980 4810 καὶ

2387 4837 2529 4906 μετὰ
2563 4838 2662 4907 τὴν
2696 4838 2911 4892 ἐνθένδε
2946 4839 3098 4910 λῆξιν
3130 4841 3208 4913 τῷ
3237 4844 3388 4915 αὐτῷ
3434 4847 3776 4901 συνδέδενται
3804 4850 3984 4904 Πνεῦ-

2385 4946 2543 4998 ματι,
2580 4930 2638 4980 οῦ
2669 4929 2898 4999 δέχομαι
2932 4931 3112 4999 ἔγωγε
3136 4934 3558 5005 ἐμπνευσθῆναί
3589 4956 3638 4990 τι
3666 4939 3744 5010 τῷ
3767 4941 3848 4994 ἐνὶ
3882 4961 3985 5019 καὶ

2389 5023 2526 5091 μετά
2551 5023 2783 5076 θάνατον
2840 5025 2949 5077 τῶν
2979 5026 3203 5092 λοιπῶν,
3247 5029 3387 5100 ὅπερ
3427 5033 3549 5100 οὐχὶ
3599 5033 3696 5085 καὶ
3735 5034 3836 5103 τῆς
3867 5037 3985 5092 τῶν

2389 5115 2802 5184 προοιχομένων
2817 5118 3046 5188 γνώμης
3082 5117 3379 5189 ἐξήρτητο.
3411 5123 3472 5175 ΕΞ
3502 5125 3558 5177 δὲ
3606 5127 3687 5178 ὅτι
3721 5129 3797 5197 μὴ
3826 5145 3986 5182 συνο-

2383 5206 2531 5258 δικὸν
2575 5207 2796 5261 ἐκάθισε
2855 5207 3010 5260 τοῦδε
3081 5210 3114 5280 ἢ
3173 5211 3330 5264 τοῦδε
3397 5214 3488 5266 τοῦ
3550 5217 3716 5284 ῥητοῦ
3769 5220 3981 5288 ἀκροα-

2385 5299 2600 5368 τήριον,
2655 5301 2722 5352 τὰ
2763 5301 2904 5370 ρητά
2960 5302 3138 5355 ταῦτα
3186 5304 3247 5356 τὸ
3305 5309 3697 5377 παρεωρᾶσθαι
3753 5314 3985 5367 καταδι-

2388 5391 2652 5457 κάζεται,
2709 5393 2822 5445 ἀλλ’
2863 5393 2975 5460 ἐγὼ
3011 5396 3398 5465 οἰ›.ουμενικ³ιν
3469 5405 3612 5470 φημὶ
3668 5404 3730 5457 τὸ
3773 5409 3985 5461 τούτων

2389 5485 2777 5554 ἀκροατήριον.
2840 5487 2951 5539 Καὶ
3008 5487 3125 5550 πῶς
3208 5508 3247 5542 π
3292 5494 3498 5558 ροπτέα
3558 5495 3628 5547 τὰ
3673 5498 3985 5568 οἰκουμενι-

2390 5579 2504 5632 κῶν
2575 5578 2876 5642 ἀξιωθέντα
2957 5581 3378 5652 ἀκροατηρίων;
3454 5585 3512 5650 ἐξ
3587 5587 3798 5640 ἐκείνου
3875 5593 3982 5664 γὰρ

2389 5670 2486 5722 καὶ
2511 5669 2590 5732 εἰς
2619 5669 2778 5739 δεῦρο
2819 5671 2942 5722 ὅσαι
2972 5671 3061 5722 διὰ
3125 5673 3291 5740 μέσου
3349 5675 3446 5726 καὶ
3479 5676 3858 5745 οίκουμενικαὶ
3888 5683 3984 5735 καὶ

2391 5763 2618 5817 τοπικαὶ
2647 5765 2908 5830 γεγόνασι
2937 5765 3166 5828 σύνοδοι,
3189 5768 3274 5830 τίς
3296 5767 3598 5836 ἀμφιϐαλεῖ
3630 5773 3704 5833 ὡς
3731 5772 3983 5835 ἐδέξαντο

2406 5857 2564 5925 αὐτὰ,
2621 5857 2716 5909 καὶ
2757 5859 3093 5927 ἠσπάσαντο,
3151 5862 3242 5912 καὶ
3296 5860 3486 5931 ῶσπερ
3547 5871 3666 5917 τινὰ
3705 5866 3981 5936 θησαυρὸν
