  <div class='ocr_page' id='page_1' title='image "/cluster/home/n/w/nwhite01/storage/ocr_20150623/141/pst.000005714575/056.png"; bbox 0 0 4152 6468; ppageno 0'>
   <div class='ocr_carea' id='block_1_1' title="bbox 172 469 3458 548">
    <p class='ocr_par' dir='ltr' id='par_1_1' title="bbox 172 469 3458 548">
     <span class='ocr_line' id='line_1_1' title="bbox 172 469 3458 548; baseline -0.006 -1"><span class='ocrx_word' id='word_1_1' title='bbox 172 482 238 548; x_wconf 69' lang='grc' dir='ltr'><strong><em>οἳ</em></strong></span> <span class='ocrx_word' id='word_1_2' title='bbox 1325 475 1429 538; x_wconf 82' lang='lat' dir='ltr'><strong>DE</strong></span> <span class='ocrx_word' id='word_1_3' title='bbox 1468 469 1765 538; x_wconf 78' lang='lat' dir='ltr'><strong>UNIONE</strong></span> <span class='ocrx_word' id='word_1_4' title='bbox 1804 473 2365 543; x_wconf 71' lang='lat' dir='ltr'><strong>ECCLESIARUM.</strong></span> <span class='ocrx_word' id='word_1_5' title='bbox 3387 477 3458 542; x_wconf 82' lang='lat'><strong>93</strong></span> 
     </span>
    </p>
   </div>
   <div class='ocr_carea' id='block_1_2' title="bbox 173 590 1772 670">
    <p class='ocr_par' dir='ltr' id='par_1_2' title="bbox 173 594 1765 670">
     <span class='ocr_line' id='line_1_2' title="bbox 173 594 1765 670; baseline 0.001 -19"><span class='ocrx_word' id='word_1_6' title='bbox 173 600 284 662; x_wconf 61' lang='lat' dir='ltr'><strong>sig</strong></span> <span class='ocrx_word' id='word_1_7' title='bbox 309 594 567 661; x_wconf 66' lang='lat' dir='ltr'><strong>tuM-nt,</strong></span> <span class='ocrx_word' id='word_1_8' title='bbox 600 597 679 663; x_wconf 77' lang='grc' dir='ltr'><strong>μή</strong></span> <span class='ocrx_word' id='word_1_9' title='bbox 708 596 794 649; x_wconf 81' lang='grc' dir='ltr'><strong>τοί</strong></span> <span class='ocrx_word' id='word_1_10' title='bbox 825 613 893 664; x_wconf 66' lang='grc' dir='ltr'><strong>γε</strong></span> <span class='ocrx_word' id='word_1_11' title='bbox 927 597 1046 664; x_wconf 74' lang='grc' dir='ltr'><strong>καὶ,</strong></span> <span class='ocrx_word' id='word_1_12' title='bbox 1073 597 1364 670; x_wconf 78' lang='grc' dir='ltr'><strong>’συστάδην</strong></span> <span class='ocrx_word' id='word_1_13' title='bbox 1384 599 1765 669; x_wconf 79' lang='grc' dir='ltr'><strong>ἀνταγωνίσα·</strong></span> 
     </span>
    </p>
   </div>
   <div class='ocr_carea' id='block_1_3' title="bbox 1874 590 3459 670">
    <p class='ocr_par' dir='ltr' id='par_1_3' title="bbox 1874 590 3459 669">
     <span class='ocr_line' id='line_1_3' title="bbox 1874 590 3459 669; baseline 0 -16"><span class='ocrx_word' id='word_1_14' title='bbox 1874 598 2068 655; x_wconf 87' lang='lat' dir='ltr'><strong>intueri</strong></span> <span class='ocrx_word' id='word_1_15' title='bbox 2098 607 2284 669; x_wconf 74' lang='lat' dir='ltr'><strong>posse,</strong></span> <span class='ocrx_word' id='word_1_16' title='bbox 2311 603 2526 650; x_wconf 87' lang='lat' dir='ltr'><strong>tantum</strong></span> <span class='ocrx_word' id='word_1_17' title='bbox 2561 591 2739 656; x_wconf 88' lang='lat' dir='ltr'><strong>abest,</strong></span> <span class='ocrx_word' id='word_1_18' title='bbox 2804 600 2866 646; x_wconf 90' lang='lat' dir='ltr'><strong>ut</strong></span> <span class='ocrx_word' id='word_1_19' title='bbox 2893 590 3147 650; x_wconf 86' lang='lat' dir='ltr'><strong>cominus</strong></span> <span class='ocrx_word' id='word_1_20' title='bbox 3177 603 3234 650; x_wconf 86' lang='lat' dir='ltr'><strong>et</strong></span> <span class='ocrx_word' id='word_1_21' title='bbox 3269 598 3459 655; x_wconf 52' lang='lat' dir='ltr'><strong>&#39;veluti</strong></span> 
     </span>
    </p>
   </div>
   <div class='ocr_carea' id='block_1_4' title="bbox 175 687 1767 761">
    <p class='ocr_par' dir='ltr' id='par_1_4' title="bbox 175 687 1767 761">
     <span class='ocr_line' id='line_1_4' title="bbox 175 687 1767 761; baseline -0.001 -18"><span class='ocrx_word' id='word_1_22' title='bbox 175 690 304 744; x_wconf 73' lang='grc' dir='ltr'><strong>σθαι</strong></span> <span class='ocrx_word' id='word_1_23' title='bbox 353 691 385 742; x_wconf 68' lang='grc' dir='ltr'><strong>ὁ</strong></span> <span class='ocrx_word' id='word_1_24' title='bbox 429 689 704 759; x_wconf 68' lang='grc' dir='ltr'><strong>ἡμέτερος</strong></span> <span class='ocrx_word' id='word_1_25' title='bbox 740 687 933 758; x_wconf 74' lang='grc' dir='ltr'><strong>ἴσχυσε</strong></span> <span class='ocrx_word' id='word_1_26' title='bbox 958 687 1141 758; x_wconf 81' lang='grc' dir='ltr'><strong>λόγος.</strong></span> <span class='ocrx_word' id='word_1_27' title='bbox 1189 689 1346 742; x_wconf 82' lang='grc' dir='ltr'><strong>Ἐπεὶ</strong></span> <span class='ocrx_word' id='word_1_28' title='bbox 1385 690 1442 742; x_wconf 82' lang='grc' dir='ltr'><strong>δὲ</strong></span> <span class='ocrx_word' id='word_1_29' title='bbox 1466 691 1646 761; x_wconf 79' lang='grc' dir='ltr'><strong>πάσης</strong></span> <span class='ocrx_word' id='word_1_30' title='bbox 1676 706 1767 742; x_wconf 87' lang='grc' dir='ltr'><strong>σο-</strong></span> 
     </span>
    </p>
   </div>
   <div class='ocr_carea' id='block_1_5' title="bbox 174 777 1766 852">
    <p class='ocr_par' dir='ltr' id='par_1_5' title="bbox 174 777 1766 852">
     <span class='ocr_line' id='line_1_5' title="bbox 174 777 1766 852; baseline 0 -18"><span class='ocrx_word' id='word_1_31' title='bbox 174 784 304 850; x_wconf 76' lang='grc' dir='ltr'><strong>φίας</strong></span> <span class='ocrx_word' id='word_1_32' title='bbox 333 781 398 834; x_wconf 77' lang='grc' dir='ltr'><strong>τὸ</strong></span> <span class='ocrx_word' id='word_1_33' title='bbox 431 779 739 848; x_wconf 74' lang='grc' dir='ltr'><strong>ἀκρότατον</strong></span> <span class='ocrx_word' id='word_1_34' title='bbox 776 783 809 850; x_wconf 85' lang='grc' dir='ltr'><strong>ἠ</strong></span> <span class='ocrx_word' id='word_1_35' title='bbox 835 781 1089 850; x_wconf 83' lang='grc' dir='ltr'><strong>ἀλήθεια,</strong></span> <span class='ocrx_word' id='word_1_36' title='bbox 1112 777 1196 836; x_wconf 77' lang='grc' dir='ltr'><strong>ὅτι</strong></span> <span class='ocrx_word' id='word_1_37' title='bbox 1222 783 1323 836; x_wconf 75' lang='grc' dir='ltr'><strong>καὶ</strong></span> <span class='ocrx_word' id='word_1_38' title='bbox 1357 781 1522 852; x_wconf 81' lang='grc' dir='ltr'><strong>μόνος</strong></span> <span class='ocrx_word' id='word_1_39' title='bbox 1542 783 1766 851; x_wconf 28' lang='grc' dir='ltr'><strong>,σοφδςό</strong></span> 
     </span>
    </p>
   </div>
   <div class='ocr_carea' id='block_1_6' title="bbox 173 871 1765 944">
    <p class='ocr_par' dir='ltr' id='par_1_6' title="bbox 173 871 1765 944">
     <span class='ocr_line' id='line_1_6' title="bbox 173 871 1765 944; baseline 0 -18"><span class='ocrx_word' id='word_1_40' title='bbox 173 874 272 943; x_wconf 77' lang='grc' dir='ltr'><strong>τῆς</strong></span> <span class='ocrx_word' id='word_1_41' title='bbox 334 872 604 943; x_wconf 74' lang='grc' dir='ltr'><strong>ἀληθείας</strong></span> <span class='ocrx_word' id='word_1_42' title='bbox 625 871 758 934; x_wconf 76' lang='grc' dir='ltr'><strong>Θεός</strong></span> <span class='ocrx_word' id='word_1_43' title='bbox 794 874 964 937; x_wconf 70' lang='grc' dir='ltr'><strong>ἐστιν,</strong></span> <span class='ocrx_word' id='word_1_44' title='bbox 996 873 1150 942; x_wconf 78' lang='grc' dir='ltr'><strong>αὐτῷ</strong></span> <span class='ocrx_word' id='word_1_45' title='bbox 1176 873 1244 944; x_wconf 84' lang='grc' dir='ltr'><strong>δὴ</strong></span> <span class='ocrx_word' id='word_1_46' title='bbox 1271 873 1351 944; x_wconf 82' lang='grc' dir='ltr'><strong>τῷ</strong></span> <span class='ocrx_word' id='word_1_47' title='bbox 1384 874 1483 944; x_wconf 85' lang='grc' dir='ltr'><strong>τῆς</strong></span> <span class='ocrx_word' id='word_1_48' title='bbox 1501 873 1765 942; x_wconf 78' lang='grc' dir='ltr'><strong>ἀληθείας</strong></span> 
     </span>
    </p>
   </div>
   <div class='ocr_carea' id='block_1_7' title="bbox 172 962 1766 1036">
    <p class='ocr_par' dir='ltr' id='par_1_7' title="bbox 172 962 1766 1036">
     <span class='ocr_line' id='line_1_7' title="bbox 172 962 1766 1036; baseline 0.004 -22"><span class='ocrx_word' id='word_1_49' title='bbox 172 963 294 1035; x_wconf 66' lang='grc' dir='ltr'><strong>Θεῷ</strong></span> <span class='ocrx_word' id='word_1_50' title='bbox 343 965 446 1026; x_wconf 67' lang='grc' dir='ltr'><strong>τὰς</strong></span> <span class='ocrx_word' id='word_1_51' title='bbox 483 963 713 1027; x_wconf 63' lang='grc' dir='ltr'><strong>ἑλπίδας</strong></span> <span class='ocrx_word' id='word_1_52' title='bbox 747 962 1077 1032; x_wconf 77' lang='grc' dir='ltr'><strong>ἀνάψαντες,</strong></span> <span class='ocrx_word' id='word_1_53' title='bbox 1117 965 1217 1033; x_wconf 85' lang='grc' dir='ltr'><strong>τῆς</strong></span> <span class='ocrx_word' id='word_1_54' title='bbox 1251 967 1390 1036; x_wconf 68' lang='grc' dir='ltr'><strong>πρὸς</strong></span> <span class='ocrx_word' id='word_1_55' title='bbox 1415 967 1509 1019; x_wconf 77' lang='grc' dir='ltr'><strong>τὸν</strong></span> <span class='ocrx_word' id='word_1_56' title='bbox 1538 965 1766 1036; x_wconf 70' lang='grc' dir='ltr'><strong>ἔλεγχον</strong></span> 
     </span>
    </p>
   </div>
   <div class='ocr_carea' id='block_1_8' title="bbox 175 1053 1762 1129">
    <p class='ocr_par' dir='ltr' id='par_1_8' title="bbox 175 1053 1762 1129">
     <span class='ocr_line' id='line_1_8' title="bbox 175 1053 1762 1129; baseline 0.001 -22"><span class='ocrx_word' id='word_1_57' title='bbox 175 1053 499 1119; x_wconf 75' lang='grc' dir='ltr'><strong>εὐοδὺσεως</strong></span> <span class='ocrx_word' id='word_1_58' title='bbox 559 1056 654 1109; x_wconf 64' lang='grc' dir='ltr'><strong>ἐπὶ</strong></span> <span class='ocrx_word' id='word_1_59' title='bbox 715 1057 809 1108; x_wconf 70' lang='grc' dir='ltr'><strong>τὸν</strong></span> <span class='ocrx_word' id='word_1_60' title='bbox 859 1057 1006 1110; x_wconf 86' lang='grc' dir='ltr'><strong>κατά</strong></span> <span class='ocrx_word' id='word_1_61' title='bbox 1059 1058 1176 1111; x_wconf 82' lang='grc' dir='ltr'><strong>τῶν</strong></span> <span class='ocrx_word' id='word_1_62' title='bbox 1233 1059 1311 1128; x_wconf 77' lang='grc' dir='ltr'><strong>μὴ</strong></span> <span class='ocrx_word' id='word_1_63' title='bbox 1379 1058 1762 1129; x_wconf 79' lang='grc' dir='ltr'><strong>ἀληθευόντων</strong></span> 
     </span>
    </p>
   </div>
   <div class='ocr_carea' id='block_1_9' title="bbox 174 1144 1768 1218">
    <p class='ocr_par' dir='ltr' id='par_1_9' title="bbox 174 1144 1768 1218">
     <span class='ocr_line' id='line_1_9' title="bbox 174 1144 1768 1218; baseline 0.002 -23"><span class='ocrx_word' id='word_1_64' title='bbox 174 1145 372 1211; x_wconf 76' lang='grc' dir='ltr'><strong>ἀγῶνα</strong></span> <span class='ocrx_word' id='word_1_65' title='bbox 443 1144 755 1214; x_wconf 76' lang='grc' dir='ltr'><strong>χωροῦμεν.</strong></span> <span class='ocrx_word' id='word_1_66' title='bbox 821 1146 931 1199; x_wconf 80' lang='grc' dir='ltr'><strong>Καὶ</strong></span> <span class='ocrx_word' id='word_1_67' title='bbox 991 1149 1118 1200; x_wconf 64' lang='grc' dir='ltr'><strong>ἐπεὶ</strong></span> <span class='ocrx_word' id='word_1_68' title='bbox 1151 1147 1292 1201; x_wconf 83' lang='grc' dir='ltr'><strong>Θεοῦ</strong></span> <span class='ocrx_word' id='word_1_69' title='bbox 1348 1150 1443 1202; x_wconf 78' lang='grc' dir='ltr'><strong>καὶ</strong></span> <span class='ocrx_word' id='word_1_70' title='bbox 1505 1147 1768 1218; x_wconf 77' lang='grc' dir='ltr'><strong>ἀληθείας</strong></span> 
     </span>
    </p>
   </div>
   <div class='ocr_carea' id='block_1_10' title="bbox 176 1233 1769 1310">
    <p class='ocr_par' dir='ltr' id='par_1_10' title="bbox 176 1233 1769 1310">
     <span class='ocr_line' id='line_1_10' title="bbox 176 1233 1769 1310; baseline 0.004 -26"><span class='ocrx_word' id='word_1_71' title='bbox 176 1233 538 1303; x_wconf 70' lang='grc' dir='ltr'><strong>ὶμνήσθημεν</strong></span> <span class='ocrx_word' id='word_1_72' title='bbox 592 1235 670 1295; x_wconf 85' lang='grc' dir='ltr'><strong>είς</strong></span> <span class='ocrx_word' id='word_1_73' title='bbox 729 1236 899 1305; x_wconf 81' lang='grc' dir='ltr'><strong>αὐτὴν</strong></span> <span class='ocrx_word' id='word_1_74' title='bbox 949 1238 1161 1309; x_wconf 79' lang='grc' dir='ltr'><strong>ταύτην</strong></span> <span class='ocrx_word' id='word_1_75' title='bbox 1209 1238 1309 1310; x_wconf 71' lang='grc' dir='ltr'><strong>τὴν</strong></span> <span class='ocrx_word' id='word_1_76' title='bbox 1351 1239 1641 1310; x_wconf 76' lang='grc' dir='ltr'><strong>ἀλήθειαν,</strong></span> <span class='ocrx_word' id='word_1_77' title='bbox 1673 1237 1769 1291; x_wconf 75' lang='grc' dir='ltr'><strong>καὶ</strong></span> 
     </span>
    </p>
   </div>
   <div class='ocr_carea' id='block_1_11' title="bbox 176 1325 1771 1404">
    <p class='ocr_par' dir='ltr' id='par_1_11' title="bbox 176 1325 1771 1404">
     <span class='ocr_line' id='line_1_11' title="bbox 176 1325 1771 1404; baseline 0.004 -27"><span class='ocrx_word' id='word_1_78' title='bbox 176 1328 255 1388; x_wconf 79' lang='grc' dir='ltr'><strong>είς</strong></span> <span class='ocrx_word' id='word_1_79' title='bbox 298 1325 434 1378; x_wconf 77' lang='grc' dir='ltr'><strong>ἀλλο</strong></span> <span class='ocrx_word' id='word_1_80' title='bbox 511 1325 679 1396; x_wconf 68' lang='grc' dir='ltr'><strong>μηδὲν</strong></span> <span class='ocrx_word' id='word_1_81' title='bbox 723 1327 1022 1398; x_wconf 75' lang='grc' dir='ltr'><strong>ὁρκίζομεν</strong></span> <span class='ocrx_word' id='word_1_82' title='bbox 1092 1325 1224 1394; x_wconf 75' lang='grc' dir='ltr'><strong>τοὺς</strong></span> <span class='ocrx_word' id='word_1_83' title='bbox 1289 1331 1587 1404; x_wconf 59' lang='grc' dir='ltr'><strong>ὲσομὲνοιξς</strong></span> <span class='ocrx_word' id='word_1_84' title='bbox 1647 1330 1771 1383; x_wconf 76' lang='grc' dir='ltr'><strong>’διαι-</strong></span> 
     </span>
    </p>
   </div>
   <div class='ocr_carea' id='block_1_12' title="bbox 178 1415 1770 1489">
    <p class='ocr_par' dir='ltr' id='par_1_12' title="bbox 178 1415 1770 1489">
     <span class='ocr_line' id='line_1_12' title="bbox 178 1415 1770 1489; baseline 0.001 -21"><span class='ocrx_word' id='word_1_85' title='bbox 178 1416 478 1486; x_wconf 81' lang='grc' dir='ltr'><strong>τνὼμονας</strong></span> <span class='ocrx_word' id='word_1_86' title='bbox 531 1417 813 1486; x_wconf 65' lang='grc' dir='ltr'><strong>ἑκατέρων</strong></span> <span class='ocrx_word' id='word_1_87' title='bbox 862 1418 972 1470; x_wconf 76' lang='grc' dir='ltr'><strong>τῶν</strong></span> <span class='ocrx_word' id='word_1_88' title='bbox 1024 1418 1206 1487; x_wconf 77' lang='grc' dir='ltr'><strong>λόγων</strong></span> <span class='ocrx_word' id='word_1_89' title='bbox 1252 1419 1631 1489; x_wconf 80' lang='grc' dir='ltr'><strong>ἀπροσπαθῶς</strong></span> <span class='ocrx_word' id='word_1_90' title='bbox 1676 1415 1770 1471; x_wconf 67' lang='grc' dir='ltr'><strong>ἐπὶ</strong></span> 
     </span>
    </p>
   </div>
   <div class='ocr_carea' id='block_1_13' title="bbox 179 1507 1770 1583">
    <p class='ocr_par' dir='ltr' id='par_1_13' title="bbox 179 1507 1770 1583">
     <span class='ocr_line' id='line_1_13' title="bbox 179 1507 1770 1583; baseline 0.006 -27"><span class='ocrx_word' id='word_1_91' title='bbox 179 1511 278 1577; x_wconf 74' lang='grc' dir='ltr'><strong>τὴν</strong></span> <span class='ocrx_word' id='word_1_92' title='bbox 307 1507 603 1575; x_wconf 73' lang='grc' dir='ltr'><strong>διάγνωσιν</strong></span> <span class='ocrx_word' id='word_1_93' title='bbox 634 1509 915 1578; x_wconf 73' lang='grc' dir='ltr'><strong>ἔρχεσθαι,</strong></span> <span class='ocrx_word' id='word_1_94' title='bbox 947 1511 1109 1564; x_wconf 85' lang='grc' dir='ltr'><strong>τοῦτο</strong></span> <span class='ocrx_word' id='word_1_95' title='bbox 1137 1512 1384 1583; x_wconf 77' lang='grc' dir='ltr'><strong>ἀκριϐῶς</strong></span> <span class='ocrx_word' id='word_1_96' title='bbox 1405 1512 1619 1575; x_wconf 76' lang='grc' dir='ltr'><strong>εἰδότας</strong></span> <span class='ocrx_word' id='word_1_97' title='bbox 1637 1552 1652 1573; x_wconf 89' lang='grc'><strong>,</strong></span> <span class='ocrx_word' id='word_1_98' title='bbox 1693 1511 1770 1576; x_wconf 82' lang='grc' dir='ltr'><strong>ὡς</strong></span> 
     </span>
    </p>
   </div>
   <div class='ocr_carea' id='block_1_14' title="bbox 178 1594 1770 1673">
    <p class='ocr_par' dir='ltr' id='par_1_14' title="bbox 178 1594 1770 1673">
     <span class='ocr_line' id='line_1_14' title="bbox 178 1594 1770 1673; baseline 0.001 -21"><span class='ocrx_word' id='word_1_99' title='bbox 178 1600 208 1651; x_wconf 76' lang='grc' dir='ltr'><strong>ὁ</strong></span> <span class='ocrx_word' id='word_1_100' title='bbox 228 1602 338 1662; x_wconf 70' lang='grc' dir='ltr'><strong>πᾶς</strong></span> <span class='ocrx_word' id='word_1_101' title='bbox 367 1601 501 1669; x_wconf 70' lang='grc' dir='ltr'><strong>ἡμῖν</strong></span> <span class='ocrx_word' id='word_1_102' title='bbox 533 1603 696 1663; x_wconf 75' lang='grc' dir='ltr'><strong>πόνος</strong></span> <span class='ocrx_word' id='word_1_103' title='bbox 721 1600 864 1671; x_wconf 80' lang='grc' dir='ltr'><strong>ὑπὲρ</strong></span> <span class='ocrx_word' id='word_1_104' title='bbox 897 1594 1148 1667; x_wconf 72' lang='grc' dir='ltr'><strong>ἑνώσεώς</strong></span> <span class='ocrx_word' id='word_1_105' title='bbox 1203 1605 1352 1656; x_wconf 68' lang='grc' dir='ltr'><strong>ἐστιν</strong></span> <span class='ocrx_word' id='word_1_106' title='bbox 1404 1603 1770 1673; x_wconf 84' lang='grc' dir='ltr'><strong>Ἐκκλησιῶν,</strong></span> 
     </span>
    </p>
   </div>
   <div class='ocr_carea' id='block_1_15' title="bbox 177 1682 1774 1768">
    <p class='ocr_par' dir='ltr' id='par_1_15' title="bbox 177 1682 1774 1768">
     <span class='ocr_line' id='line_1_15' title="bbox 177 1682 1774 1768; baseline 0.003 -26"><span class='ocrx_word' id='word_1_107' title='bbox 177 1682 254 1742; x_wconf 73' lang='grc' dir='ltr'><strong>ὧν</strong></span> <span class='ocrx_word' id='word_1_108' title='bbox 280 1691 316 1761; x_wconf 71' lang='grc' dir='ltr'><strong>ἡ</strong></span> <span class='ocrx_word' id='word_1_109' title='bbox 339 1690 627 1768; x_wconf 70' lang='grc' dir='ltr'><strong>διάστασις</strong></span> <span class='ocrx_word' id='word_1_110' title='bbox 649 1692 852 1761; x_wconf 79' lang='grc' dir='ltr'><strong>πολλὴν</strong></span> <span class='ocrx_word' id='word_1_111' title='bbox 881 1693 1092 1764; x_wconf 79' lang='grc' dir='ltr'><strong>ζημίαν</strong></span> <span class='ocrx_word' id='word_1_112' title='bbox 1122 1698 1193 1765; x_wconf 74' lang='grc' dir='ltr'><strong>τῇ</strong></span> <span class='ocrx_word' id='word_1_113' title='bbox 1249 1694 1502 1765; x_wconf 75' lang='grc' dir='ltr'><strong>εὐσεϐείᾳ</strong></span> <span class='ocrx_word' id='word_1_114' title='bbox 1546 1693 1774 1763; x_wconf 79' lang='grc' dir='ltr'><strong>προεξὲ-</strong></span> 
     </span>
    </p>
   </div>
   <div class='ocr_carea' id='block_1_16' title="bbox 179 1782 1771 1856">
    <p class='ocr_par' dir='ltr' id='par_1_16' title="bbox 179 1782 1771 1856">
     <span class='ocr_line' id='line_1_16' title="bbox 179 1782 1771 1856; baseline 0.002 -23"><span class='ocrx_word' id='word_1_115' title='bbox 179 1797 316 1849; x_wconf 73' lang='grc' dir='ltr'><strong>νησσ</strong></span> <span class='ocrx_word' id='word_1_116' title='bbox 345 1798 362 1814; x_wconf 78' lang='grc' dir='ltr'>ο</span> <span class='ocrx_word' id='word_1_117' title='bbox 400 1782 551 1836; x_wconf 79' lang='grc' dir='ltr'><strong>καὶὸ</strong></span> <span class='ocrx_word' id='word_1_118' title='bbox 609 1783 746 1852; x_wconf 80' lang='grc' dir='ltr'><strong>πρὸς</strong></span> <span class='ocrx_word' id='word_1_119' title='bbox 811 1785 972 1853; x_wconf 81' lang='grc' dir='ltr'><strong>χάριν</strong></span> <span class='ocrx_word' id='word_1_120' title='bbox 1023 1785 1276 1839; x_wconf 70' lang='grc' dir='ltr'><strong>ἐντεῦθεν</strong></span> <span class='ocrx_word' id='word_1_121' title='bbox 1325 1785 1771 1856; x_wconf 81' lang='grc' dir='ltr'><strong>διαγνωσόμενος</strong></span> 
     </span>
    </p>
   </div>
   <div class='ocr_carea' id='block_1_17' title="bbox 181 1872 1769 1945">
    <p class='ocr_par' dir='ltr' id='par_1_17' title="bbox 181 1872 1769 1945">
     <span class='ocr_line' id='line_1_17' title="bbox 181 1872 1769 1945; baseline 0.003 -22"><span class='ocrx_word' id='word_1_122' title='bbox 181 1872 244 1924; x_wconf 68' lang='grc' dir='ltr'><strong>τὸ</strong></span> <span class='ocrx_word' id='word_1_123' title='bbox 282 1872 384 1926; x_wconf 89' lang='grc' dir='ltr'><strong>τοῦ</strong></span> <span class='ocrx_word' id='word_1_124' title='bbox 439 1873 1008 1943; x_wconf 77' lang='grc' dir='ltr'><strong>καταϐρασεύσαντος</strong></span> <span class='ocrx_word' id='word_1_125' title='bbox 1037 1876 1412 1943; x_wconf 72' lang='grc' dir='ltr'><strong>ιπισπάσετιι</strong></span> <span class='ocrx_word' id='word_1_126' title='bbox 1451 1876 1632 1945; x_wconf 83' lang='grc' dir='ltr'><strong>κρίμα</strong></span> <span class='ocrx_word' id='word_1_127' title='bbox 1663 1876 1769 1928; x_wconf 67' lang='grc' dir='ltr'><strong>οὐκ</strong></span> 
     </span>
    </p>
   </div>
   <div class='ocr_carea' id='block_1_18' title="bbox 181 1941 1845 2039">
    <p class='ocr_par' dir='ltr' id='par_1_18' title="bbox 181 1941 1845 2039">
     <span class='ocr_line' id='line_1_18' title="bbox 181 1941 1845 2039; baseline 0.003 -25"><span class='ocrx_word' id='word_1_128' title='bbox 181 1963 276 2014; x_wconf 67' lang='grc' dir='ltr'><strong>ἐπί</strong></span> <span class='ocrx_word' id='word_1_129' title='bbox 306 1980 420 2016; x_wconf 88' lang='grc' dir='ltr'><strong>τισι</strong></span> <span class='ocrx_word' id='word_1_130' title='bbox 447 1965 558 2017; x_wconf 83' lang='grc' dir='ltr'><strong>τῶν</strong></span> <span class='ocrx_word' id='word_1_131' title='bbox 624 1941 952 2039; x_wconf 78' lang='grc' dir='ltr'><strong>σωματικὴν</strong></span> <span class='ocrx_word' id='word_1_132' title='bbox 989 1967 1124 2031; x_wconf 74' lang='grc' dir='ltr'><strong>ἴσως</strong></span> <span class='ocrx_word' id='word_1_133' title='bbox 1183 1941 1302 2039; x_wconf 22' lang='grc' dir='ltr'><strong>τὴν.</strong></span> <span class='ocrx_word' id='word_1_134' title='bbox 1353 1941 1570 2037; x_wconf 73' lang='grc' dir='ltr'><strong>ζημίαν</strong></span> <span class='ocrx_word' id='word_1_135' title='bbox 1617 1967 1767 2036; x_wconf 81' lang='grc' dir='ltr'><strong>ὲχόν-</strong></span> <span class='ocrx_word' id='word_1_136' title='bbox 1804 1941 1845 1997; x_wconf 73' lang='grc' dir='ltr'><strong>Β</strong></span> 
     </span>
    </p>
   </div>
   <div class='ocr_carea' id='block_1_19' title="bbox 183 2052 1771 2129">
    <p class='ocr_par' dir='ltr' id='par_1_19' title="bbox 183 2052 1771 2129">
     <span class='ocr_line' id='line_1_19' title="bbox 183 2052 1771 2129; baseline 0.004 -23"><span class='ocrx_word' id='word_1_137' title='bbox 183 2071 316 2118; x_wconf 76' lang='grc' dir='ltr'><strong>των,</strong></span> <span class='ocrx_word' id='word_1_138' title='bbox 348 2055 471 2109; x_wconf 78' lang='grc' dir='ltr'><strong>ἀλλ’</strong></span> <span class='ocrx_word' id='word_1_139' title='bbox 494 2057 584 2109; x_wconf 60' lang='grc' dir='ltr'><strong>ἔπ’</strong></span> <span class='ocrx_word' id='word_1_140' title='bbox 605 2056 813 2121; x_wconf 75' lang='grc' dir='ltr'><strong>αὐτοῖς,</strong></span> <span class='ocrx_word' id='word_1_141' title='bbox 851 2055 931 2121; x_wconf 79' lang='grc' dir='ltr'><strong>οἷς</strong></span> <span class='ocrx_word' id='word_1_142' title='bbox 965 2052 1099 2122; x_wconf 79' lang='grc' dir='ltr'><strong>Θεὸς</strong></span> <span class='ocrx_word' id='word_1_143' title='bbox 1124 2058 1200 2122; x_wconf 79' lang='grc' dir='ltr'><strong>ὡς</strong></span> <span class='ocrx_word' id='word_1_144' title='bbox 1241 2059 1571 2129; x_wconf 69' lang='grc' dir='ltr'><strong>ἠδικημένος</strong></span> <span class='ocrx_word' id='word_1_145' title='bbox 1598 2059 1771 2127; x_wconf 81' lang='grc' dir='ltr'><strong>ἁγανο</strong></span> 
     </span>
    </p>
   </div>
   <div class='ocr_carea' id='block_1_20' title="bbox 183 2141 1771 2222">
    <p class='ocr_par' dir='ltr' id='par_1_20' title="bbox 183 2141 1771 2222">
     <span class='ocr_line' id='line_1_20' title="bbox 183 2141 1771 2222; baseline 0.002 -22"><span class='ocrx_word' id='word_1_146' title='bbox 183 2149 438 2216; x_wconf 77' lang='grc' dir='ltr'><strong>ακτήσιι.</strong></span> <span class='ocrx_word' id='word_1_147' title='bbox 501 2146 661 2202; x_wconf 82' lang='grc' dir='ltr'><strong>Οὕτω</strong></span> <span class='ocrx_word' id='word_1_148' title='bbox 725 2141 1020 2221; x_wconf 78' lang='grc' dir='ltr'><strong>τοιγαροῦν</strong></span> <span class='ocrx_word' id='word_1_149' title='bbox 1064 2153 1134 2205; x_wconf 79' lang='grc' dir='ltr'><strong>τὰ</strong></span> <span class='ocrx_word' id='word_1_150' title='bbox 1176 2152 1273 2206; x_wconf 91' lang='grc' dir='ltr'><strong>τοῦ</strong></span> <span class='ocrx_word' id='word_1_151' title='bbox 1324 2153 1488 2222; x_wconf 80' lang='grc' dir='ltr'>λόγου</span> <span class='ocrx_word' id='word_1_152' title='bbox 1551 2152 1644 2204; x_wconf 69' lang='grc' dir='ltr'><strong>ἐπὶ</strong></span> <span class='ocrx_word' id='word_1_153' title='bbox 1693 2147 1771 2221; x_wconf 73' lang='grc' dir='ltr'><strong>τῷ</strong></span> 
     </span>
    </p>
   </div>
   <div class='ocr_carea' id='block_1_21' title="bbox 183 2237 1770 2316">
    <p class='ocr_par' dir='ltr' id='par_1_21' title="bbox 183 2237 1770 2316">
     <span class='ocr_line' id='line_1_21' title="bbox 183 2237 1770 2316; baseline 0.006 -26"><span class='ocrx_word' id='word_1_154' title='bbox 183 2237 429 2308; x_wconf 64' lang='grc' dir='ltr'><strong>δευτέρῳ</strong></span> <span class='ocrx_word' id='word_1_155' title='bbox 456 2240 622 2293; x_wconf 84' lang='grc' dir='ltr'><strong>αὐτοῦ</strong></span> <span class='ocrx_word' id='word_1_156' title='bbox 650 2240 784 2294; x_wconf 80' lang='grc' dir='ltr'><strong>ετδει</strong></span> <span class='ocrx_word' id='word_1_157' title='bbox 811 2245 1394 2316; x_wconf 78' lang='grc' dir='ltr'><strong>προκαταστήσαντες,</strong></span> <span class='ocrx_word' id='word_1_158' title='bbox 1428 2245 1524 2298; x_wconf 81' lang='grc' dir='ltr'><strong>καὶ</strong></span> <span class='ocrx_word' id='word_1_159' title='bbox 1545 2245 1613 2316; x_wconf 78' lang='grc' dir='ltr'><strong>δὴ</strong></span> <span class='ocrx_word' id='word_1_160' title='bbox 1651 2263 1770 2316; x_wconf 67' lang='grc' dir='ltr'><strong>ρχω-</strong></span> 
     </span>
    </p>
   </div>
   <div class='ocr_carea' id='block_1_22' title="bbox 187 2331 1772 2408">
    <p class='ocr_par' dir='ltr' id='par_1_22' title="bbox 187 2331 1772 2408">
     <span class='ocr_line' id='line_1_22' title="bbox 187 2331 1772 2408; baseline 0.008 -25"><span class='ocrx_word' id='word_1_161' title='bbox 187 2331 393 2403; x_wconf 83' lang='grc' dir='ltr'><strong>ροῦμεν</strong></span> <span class='ocrx_word' id='word_1_162' title='bbox 444 2335 542 2387; x_wconf 65' lang='lat' dir='ltr'><strong>hri</strong></span> <span class='ocrx_word' id='word_1_163' title='bbox 569 2335 631 2388; x_wconf 78' lang='grc' dir='ltr'><strong>τὸ</strong></span> <span class='ocrx_word' id='word_1_164' title='bbox 664 2336 868 2404; x_wconf 73' lang='grc' dir='ltr'><strong>λέγειν.</strong></span> <span class='ocrx_word' id='word_1_165' title='bbox 914 2337 1054 2390; x_wconf 78' lang='grc' dir='ltr'><strong>’Δλλ’</strong></span> <span class='ocrx_word' id='word_1_166' title='bbox 1075 2339 1495 2408; x_wconf 68' lang='grc' dir='ltr'><strong>ἐπαναληπτέον</strong></span> <span class='ocrx_word' id='word_1_167' title='bbox 1537 2341 1633 2394; x_wconf 75' lang='grc' dir='ltr'><strong>καὶ</strong></span> <span class='ocrx_word' id='word_1_168' title='bbox 1665 2341 1772 2395; x_wconf 83' lang='grc' dir='ltr'><strong>πά-</strong></span> 
     </span>
    </p>
   </div>
   <div class='ocr_carea' id='block_1_23' title="bbox 186 2422 1416 2510">
    <p class='ocr_par' dir='ltr' id='par_1_23' title="bbox 186 2422 1416 2510">
     <span class='ocr_line' id='line_1_23' title="bbox 186 2422 1416 2510; baseline 0.009 -35"><span class='ocrx_word' id='word_1_169' title='bbox 186 2422 271 2478; x_wconf 83' lang='grc' dir='ltr'><strong>λιν</strong></span> <span class='ocrx_word' id='word_1_170' title='bbox 314 2423 416 2479; x_wconf 73' lang='grc' dir='ltr'><strong>τὸν</strong></span> <span class='ocrx_word' id='word_1_171' title='bbox 450 2428 1002 2498; x_wconf 75' lang='grc' dir='ltr'><strong>προανατεταγμένον</strong></span> <span class='ocrx_word' id='word_1_172' title='bbox 1031 2429 1416 2510; x_wconf 64' lang='grc' dir='ltr'><strong>συλλοχισμόν.</strong></span> 
     </span>
    </p>
   </div>
   <div class='ocr_carea' id='block_1_24' title="bbox 260 2631 1770 2707">
    <p class='ocr_par' dir='ltr' id='par_1_24' title="bbox 260 2631 1770 2707">
     <span class='ocr_line' id='line_1_24' title="bbox 260 2631 1770 2707; baseline 0.007 -23"><span class='ocrx_word' id='word_1_173' title='bbox 260 2631 378 2695; x_wconf 83' lang='grc' dir='ltr'><strong>λς’.</strong></span> <span class='ocrx_word' id='word_1_174' title='bbox 420 2651 440 2682; x_wconf 82' lang='grc' dir='ltr'><strong>ι</strong></span> <span class='ocrx_word' id='word_1_175' title='bbox 479 2631 544 2685; x_wconf 80' lang='lat' dir='ltr'><strong>El</strong></span> <span class='ocrx_word' id='word_1_176' title='bbox 575 2633 792 2688; x_wconf 81' lang='grc' dir='ltr'><strong>ἁπλοῦν</strong></span> <span class='ocrx_word' id='word_1_177' title='bbox 845 2635 967 2706; x_wconf 78' lang='grc' dir='ltr'><strong>μὲν,</strong></span> <span class='ocrx_word' id='word_1_178' title='bbox 993 2637 1246 2706; x_wconf 48' lang='grc' dir='ltr'><strong>φησὶλτδ</strong></span> <span class='ocrx_word' id='word_1_179' title='bbox 1285 2638 1538 2707; x_wconf 80' lang='grc' dir='ltr'><strong>Πνεῦμα,</strong></span> <span class='ocrx_word' id='word_1_180' title='bbox 1571 2640 1636 2692; x_wconf 82' lang='grc' dir='ltr'><strong>ὲκ</strong></span> <span class='ocrx_word' id='word_1_181' title='bbox 1674 2640 1770 2694; x_wconf 81' lang='grc' dir='ltr'><strong>τοῦ</strong></span> 
     </span>
    </p>
   </div>
   <div class='ocr_carea' id='block_1_25' title="bbox 195 2725 1770 2800">
    <p class='ocr_par' dir='ltr' id='par_1_25' title="bbox 195 2725 1770 2800">
     <span class='ocr_line' id='line_1_25' title="bbox 195 2725 1770 2800; baseline 0.006 -24"><span class='ocrx_word' id='word_1_182' title='bbox 195 2725 405 2794; x_wconf 77' lang='grc' dir='ltr'><strong>Πατρὸς</strong></span> <span class='ocrx_word' id='word_1_183' title='bbox 434 2726 489 2777; x_wconf 83' lang='grc' dir='ltr'><strong>δὲ</strong></span> <span class='ocrx_word' id='word_1_184' title='bbox 518 2726 611 2780; x_wconf 76' lang='grc' dir='ltr'><strong>καὶ</strong></span> <span class='ocrx_word' id='word_1_185' title='bbox 658 2728 729 2780; x_wconf 66' lang='grc' dir='ltr'><strong>ἑκ</strong></span> <span class='ocrx_word' id='word_1_186' title='bbox 779 2727 876 2780; x_wconf 90' lang='grc' dir='ltr'><strong>τοῦ</strong></span> <span class='ocrx_word' id='word_1_187' title='bbox 921 2726 1055 2781; x_wconf 86' lang='grc' dir='ltr'><strong>Υίοῦ</strong></span> <span class='ocrx_word' id='word_1_188' title='bbox 1109 2730 1502 2800; x_wconf 75' lang='grc' dir='ltr'><strong>ἐκπορεύεται,</strong></span> <span class='ocrx_word' id='word_1_189' title='bbox 1555 2733 1770 2796; x_wconf 79' lang='grc' dir='ltr'><strong>πάντως</strong></span> 
     </span>
    </p>
   </div>
   <div class='ocr_carea' id='block_1_26' title="bbox 191 2810 1772 2891">
    <p class='ocr_par' dir='ltr' id='par_1_26' title="bbox 191 2810 1772 2891">
     <span class='ocr_line' id='line_1_26' title="bbox 191 2810 1772 2891; baseline 0.008 -25"><span class='ocrx_word' id='word_1_190' title='bbox 191 2813 247 2866; x_wconf 71' lang='grc' dir='ltr'><strong>ιν</strong></span> <span class='ocrx_word' id='word_1_191' title='bbox 287 2816 352 2868; x_wconf 85' lang='grc' dir='ltr'><strong>ἀν</strong></span> <span class='ocrx_word' id='word_1_192' title='bbox 386 2810 534 2870; x_wconf 76' lang='grc' dir='ltr'><strong>οὗτοι</strong></span> <span class='ocrx_word' id='word_1_193' title='bbox 581 2818 892 2888; x_wconf 84' lang='grc' dir='ltr'><strong>νομισθείεν</strong></span> <span class='ocrx_word' id='word_1_194' title='bbox 953 2821 1247 2891; x_wconf 85' lang='grc' dir='ltr'><strong>πρόσωπον</strong></span> <span class='ocrx_word' id='word_1_195' title='bbox 1271 2862 1286 2886; x_wconf 90' lang='grc'><strong>,</strong></span> <span class='ocrx_word' id='word_1_196' title='bbox 1329 2823 1626 2877; x_wconf 86' lang='grc' dir='ltr'><strong>κάντεῦθεν</strong></span> <span class='ocrx_word' id='word_1_197' title='bbox 1654 2827 1772 2877; x_wconf 73' lang='lat' dir='ltr'><strong>elc-</strong></span> 
     </span>
    </p>
   </div>
   <div class='ocr_carea' id='block_1_27' title="bbox 204 2909 1773 2986">
    <p class='ocr_par' dir='ltr' id='par_1_27' title="bbox 204 2909 1773 2986">
     <span class='ocr_line' id='line_1_27' title="bbox 204 2909 1773 2986; baseline 0.008 -25"><span class='ocrx_word' id='word_1_198' title='bbox 204 2909 503 2976; x_wconf 73' lang='grc' dir='ltr'><strong>ἀχθήσεται</strong></span> <span class='ocrx_word' id='word_1_199' title='bbox 553 2911 854 2986; x_wconf 78' lang='grc' dir='ltr'><strong>συναλοιφὴ</strong></span> <span class='ocrx_word' id='word_1_200' title='bbox 884 2913 1226 2980; x_wconf 75' lang='grc' dir='ltr'><strong>Σαὸέλλιιος,</strong></span> <span class='ocrx_word' id='word_1_201' title='bbox 1265 2917 1298 2986; x_wconf 73' lang='grc' dir='ltr'><strong>ἢ</strong></span> <span class='ocrx_word' id='word_1_202' title='bbox 1343 2917 1544 2984; x_wconf 80' lang='grc' dir='ltr'><strong>μᾶλλον</strong></span> <span class='ocrx_word' id='word_1_203' title='bbox 1599 2919 1773 2974; x_wconf 78' lang='grc' dir='ltr'><strong>εἰπεῖν</strong></span> 
     </span>
    </p>
   </div>
   <div class='ocr_carea' id='block_1_28' title="bbox 194 2997 709 3066">
    <p class='ocr_par' dir='ltr' id='par_1_28' title="bbox 194 2997 709 3066">
     <span class='ocr_line' id='line_1_28' title="bbox 194 2997 709 3066; baseline 0.004 -16"><span class='ocrx_word' id='word_1_204' title='bbox 194 2997 640 3066; x_wconf 70' lang='grc' dir='ltr'><strong>ἡμισαθέλλειος.</strong></span> <span class='ocrx_word' id='word_1_205' title='bbox 689 3018 709 3052; x_wconf 76' lang='grc' dir='ltr'><strong>ι</strong></span> 
     </span>
    </p>
   </div>
   <div class='ocr_carea' id='block_1_29' title="bbox 260 3090 1774 3169">
    <p class='ocr_par' dir='ltr' id='par_1_29' title="bbox 260 3090 1774 3169">
     <span class='ocr_line' id='line_1_29' title="bbox 260 3090 1774 3169; baseline 0.006 -26"><span class='ocrx_word' id='word_1_206' title='bbox 260 3090 323 3143; x_wconf 89' lang='grc' dir='ltr'><strong>οι</strong></span> <span class='ocrx_word' id='word_1_207' title='bbox 366 3092 502 3160; x_wconf 75' lang='grc' dir='ltr'><strong>πρὸς</strong></span> <span class='ocrx_word' id='word_1_208' title='bbox 543 3091 643 3153; x_wconf 81' lang='grc' dir='ltr'><strong>τὰς</strong></span> <span class='ocrx_word' id='word_1_209' title='bbox 675 3091 764 3144; x_wconf 80' lang='grc' dir='ltr'><strong>διὰ</strong></span> <span class='ocrx_word' id='word_1_210' title='bbox 793 3090 1174 3164; x_wconf 81' lang='grc' dir='ltr'><strong>συλλογισμῶν</strong></span> <span class='ocrx_word' id='word_1_211' title='bbox 1207 3095 1514 3161; x_wconf 80' lang='grc' dir='ltr'><strong>ἀποδείξεις</strong></span> <span class='ocrx_word' id='word_1_212' title='bbox 1539 3098 1774 3169; x_wconf 78' lang='grc' dir='ltr'><strong>ἐρχόμε-</strong></span> 
     </span>
    </p>
   </div>
   <div class='ocr_carea' id='block_1_30' title="bbox 193 3181 1771 3261">
    <p class='ocr_par' dir='ltr' id='par_1_30' title="bbox 193 3181 1771 3261">
     <span class='ocr_line' id='line_1_30' title="bbox 193 3181 1771 3261; baseline 0.008 -29"><span class='ocrx_word' id='word_1_213' title='bbox 193 3197 271 3232; x_wconf 84' lang='grc' dir='ltr'><strong>νοι</strong></span> <span class='ocrx_word' id='word_1_214' title='bbox 307 3181 670 3246; x_wconf 81' lang='grc' dir='ltr'><strong>διαλεκτικῶς</strong></span> <span class='ocrx_word' id='word_1_215' title='bbox 703 3185 903 3247; x_wconf 81' lang='grc' dir='ltr'><strong>παντὸς</strong></span> <span class='ocrx_word' id='word_1_216' title='bbox 935 3185 1100 3238; x_wconf 80' lang='grc' dir='ltr'>ἄλλου</span> <span class='ocrx_word' id='word_1_217' title='bbox 1132 3185 1374 3240; x_wconf 79' lang='grc' dir='ltr'><strong>τίθενται</strong></span> <span class='ocrx_word' id='word_1_218' title='bbox 1435 3191 1771 3261; x_wconf 81' lang='grc' dir='ltr'><strong>προὺργιαξ-</strong></span> 
     </span>
    </p>
   </div>
   <div class='ocr_carea' id='block_1_31' title="bbox 1868 679 3462 752">
    <p class='ocr_par' dir='ltr' id='par_1_31' title="bbox 1868 679 3462 752">
     <span class='ocr_line' id='line_1_31' title="bbox 1868 679 3462 752; baseline -0.001 -9"><span class='ocrx_word' id='word_1_219' title='bbox 1868 689 2084 744; x_wconf 72' lang='lat' dir='ltr'><strong>statarii</strong></span> <span class='ocrx_word' id='word_1_220' title='bbox 2113 688 2318 744; x_wconf 88' lang='lat' dir='ltr'><strong>milites</strong></span> <span class='ocrx_word' id='word_1_221' title='bbox 2343 700 2471 741; x_wconf 91' lang='lat' dir='ltr'><strong>cum</strong></span> <span class='ocrx_word' id='word_1_222' title='bbox 2507 681 2611 739; x_wconf 80' lang='lat' dir='ltr'><strong>illis</strong></span> <span class='ocrx_word' id='word_1_223' title='bbox 2639 679 2934 752; x_wconf 82' lang='lat' dir='ltr'><strong>conﬂigere</strong></span> <span class='ocrx_word' id='word_1_224' title='bbox 2986 683 3226 740; x_wconf 86' lang='lat' dir='ltr'><strong>dicendo</strong></span> <span class='ocrx_word' id='word_1_225' title='bbox 3254 689 3462 742; x_wconf 83' lang='lat' dir='ltr'><strong>audea-</strong></span> 
     </span>
    </p>
   </div>
   <div class='ocr_carea' id='block_1_32' title="bbox 1867 774 3459 847">
    <p class='ocr_par' dir='ltr' id='par_1_32' title="bbox 1867 774 3459 847">
     <span class='ocr_line' id='line_1_32' title="bbox 1867 774 3459 847; baseline 0.001 -12"><span class='ocrx_word' id='word_1_226' title='bbox 1867 795 2017 835; x_wconf 86' lang='lat' dir='ltr'><strong>mus.</strong></span> <span class='ocrx_word' id='word_1_227' title='bbox 2048 774 2190 833; x_wconf 80' lang='lat' dir='ltr'><strong>Cum</strong></span> <span class='ocrx_word' id='word_1_228' title='bbox 2248 776 2704 847; x_wconf 78' lang='lat' dir='ltr'><strong>vero-sapientiae</strong></span> <span class='ocrx_word' id='word_1_229' title='bbox 2731 776 3008 831; x_wconf 68' lang='lat' dir='ltr'><strong>universae</strong></span> <span class='ocrx_word' id='word_1_230' title='bbox 3041 785 3228 831; x_wconf 78' lang='lat' dir='ltr'><strong>vertex</strong></span> <span class='ocrx_word' id='word_1_231' title='bbox 3254 780 3459 836; x_wconf 81' lang='lat' dir='ltr'><strong>veritas</strong></span> 
     </span>
    </p>
   </div>
   <div class='ocr_carea' id='block_1_33' title="bbox 1868 865 3462 943">
    <p class='ocr_par' dir='ltr' id='par_1_33' title="bbox 1868 865 3462 943">
     <span class='ocr_line' id='line_1_33' title="bbox 1868 865 3462 943; baseline 0 -17"><span class='ocrx_word' id='word_1_232' title='bbox 1868 872 1966 935; x_wconf 83' lang='lat' dir='ltr'><strong>sit,</strong></span> <span class='ocrx_word' id='word_1_233' title='bbox 1997 871 2144 941; x_wconf 82' lang='lat' dir='ltr'><strong>quod</strong></span> <span class='ocrx_word' id='word_1_234' title='bbox 2180 878 2242 943; x_wconf 78' lang='lat' dir='ltr'><strong>et</strong></span> <span class='ocrx_word' id='word_1_235' title='bbox 2291 870 2447 925; x_wconf 83' lang='lat' dir='ltr'><strong>solus</strong></span> <span class='ocrx_word' id='word_1_236' title='bbox 2501 869 2723 937; x_wconf 85' lang='lat' dir='ltr'><strong>sapiens</strong></span> <span class='ocrx_word' id='word_1_237' title='bbox 2763 868 3012 922; x_wconf 73' lang='lat' dir='ltr'><strong>veritatis</strong></span> <span class='ocrx_word' id='word_1_238' title='bbox 3042 865 3208 930; x_wconf 81' lang='lat' dir='ltr'><strong>Deus.</strong></span> <span class='ocrx_word' id='word_1_239' title='bbox 3250 870 3306 933; x_wconf 86' lang='lat' dir='ltr'><strong>in</strong></span> <span class='ocrx_word' id='word_1_240' title='bbox 3341 870 3462 937; x_wconf 84' lang='lat' dir='ltr'><strong>ipso</strong></span> 
     </span>
    </p>
   </div>
   <div class='ocr_carea' id='block_1_34' title="bbox 1873 957 3453 1029">
    <p class='ocr_par' dir='ltr' id='par_1_34' title="bbox 1873 957 3453 1029">
     <span class='ocr_line' id='line_1_34' title="bbox 1873 957 3453 1029; baseline -0.004 -11"><span class='ocrx_word' id='word_1_241' title='bbox 1873 962 2128 1022; x_wconf 73' lang='lat' dir='ltr'><strong>veritatis</strong></span> <span class='ocrx_word' id='word_1_242' title='bbox 2157 960 2270 1015; x_wconf 83' lang='lat' dir='ltr'><strong>Deo</strong></span> <span class='ocrx_word' id='word_1_243' title='bbox 2302 959 2682 1029; x_wconf 82' lang='lat' dir='ltr'><strong>specollocata</strong></span> <span class='ocrx_word' id='word_1_244' title='bbox 2713 957 2832 1026; x_wconf 82' lang='lat' dir='ltr'><strong>jam</strong></span> <span class='ocrx_word' id='word_1_245' title='bbox 2863 957 2931 1010; x_wconf 91' lang='lat' dir='ltr'><strong>ad</strong></span> <span class='ocrx_word' id='word_1_246' title='bbox 2970 971 3067 1010; x_wconf 86' lang='lat' dir='ltr'><strong>eos</strong></span> <span class='ocrx_word' id='word_1_247' title='bbox 3100 957 3453 1022; x_wconf 81' lang='lat' dir='ltr'><strong>refellendos,</strong></span> 
     </span>
    </p>
   </div>
   <div class='ocr_carea' id='block_1_35' title="bbox 1868 1030 3460 1126">
    <p class='ocr_par' dir='ltr' id='par_1_35' title="bbox 1868 1030 3460 1126">
     <span class='ocr_line' id='line_1_35' title="bbox 1868 1030 3460 1126; baseline -0.002 -18"><span class='ocrx_word' id='word_1_248' title='bbox 1868 1032 1962 1126; x_wconf 88' lang='lat' dir='ltr'><strong>qui</strong></span> <span class='ocrx_word' id='word_1_249' title='bbox 1990 1052 2296 1109; x_wconf 77' lang='lat' dir='ltr'><strong>mendaciis</strong></span> <span class='ocrx_word' id='word_1_250' title='bbox 2326 1050 2532 1106; x_wconf 82' lang='lat' dir='ltr'><strong>addicti</strong></span> <span class='ocrx_word' id='word_1_251' title='bbox 2573 1030 2861 1104; x_wconf 73' lang='lat' dir='ltr'><strong>veritatem</strong></span> <span class='ocrx_word' id='word_1_252' title='bbox 2907 1049 3246 1111; x_wconf 78' lang='lat' dir='ltr'><strong>convellunt,</strong></span> <span class='ocrx_word' id='word_1_253' title='bbox 3283 1052 3460 1105; x_wconf 85' lang='lat' dir='ltr'><strong>ventis</strong></span> 
     </span>
    </p>
   </div>
   <div class='ocr_carea' id='block_1_36' title="bbox 1870 1139 3461 1207">
    <p class='ocr_par' dir='ltr' id='par_1_36' title="bbox 1870 1139 3461 1207">
     <span class='ocr_line' id='line_1_36' title="bbox 1870 1139 3461 1207; baseline -0.003 -7"><span class='ocrx_word' id='word_1_254' title='bbox 1870 1144 2132 1201; x_wconf 83' lang='lat' dir='ltr'><strong>secundis</strong></span> <span class='ocrx_word' id='word_1_255' title='bbox 2165 1144 2221 1197; x_wconf 87' lang='lat' dir='ltr'><strong>in</strong></span> <span class='ocrx_word' id='word_1_256' title='bbox 2250 1152 2530 1197; x_wconf 82' lang='lat' dir='ltr'><strong>certamen</strong></span> <span class='ocrx_word' id='word_1_257' title='bbox 2553 1141 2964 1195; x_wconf 82' lang='lat' dir='ltr'><strong>descendimus.</strong></span> <span class='ocrx_word' id='word_1_258' title='bbox 3003 1140 3069 1193; x_wconf 87' lang='lat' dir='ltr'><strong>Et</strong></span> <span class='ocrx_word' id='word_1_259' title='bbox 3107 1141 3327 1207; x_wconf 85' lang='lat' dir='ltr'><strong>quando</strong></span> <span class='ocrx_word' id='word_1_260' title='bbox 3363 1139 3461 1197; x_wconf 85' lang='lat' dir='ltr'><strong>Dei</strong></span> 
     </span>
    </p>
   </div>
   <div class='ocr_carea' id='block_1_37' title="bbox 1869 1233 3471 1301">
    <p class='ocr_par' dir='ltr' id='par_1_37' title="bbox 1869 1233 3471 1301">
     <span class='ocr_line' id='line_1_37' title="bbox 1869 1233 3471 1301; baseline -0.004 -8"><span class='ocrx_word' id='word_1_261' title='bbox 1869 1246 1927 1293; x_wconf 88' lang='lat' dir='ltr'><strong>et</strong></span> <span class='ocrx_word' id='word_1_262' title='bbox 1957 1237 2208 1292; x_wconf 79' lang='lat' dir='ltr'><strong>veritatis</strong></span> <span class='ocrx_word' id='word_1_263' title='bbox 2246 1236 2455 1296; x_wconf 79' lang='lat' dir='ltr'><strong>mentio</strong></span> <span class='ocrx_word' id='word_1_264' title='bbox 2507 1233 2730 1288; x_wconf 89' lang='lat' dir='ltr'><strong>inducta</strong></span> <span class='ocrx_word' id='word_1_265' title='bbox 2771 1241 2875 1298; x_wconf 88' lang='lat' dir='ltr'><strong>est,</strong></span> <span class='ocrx_word' id='word_1_266' title='bbox 2913 1247 3011 1301; x_wconf 87' lang='lat' dir='ltr'><strong>per</strong></span> <span class='ocrx_word' id='word_1_267' title='bbox 3036 1234 3288 1287; x_wconf 84' lang='lat' dir='ltr'><strong>eamdem</strong></span> <span class='ocrx_word' id='word_1_268' title='bbox 3313 1233 3471 1287; x_wconf 67' lang='lat' dir='ltr'><strong>veri-</strong></span> 
     </span>
    </p>
   </div>
   <div class='ocr_carea' id='block_1_38' title="bbox 1871 1325 3461 1405">
    <p class='ocr_par' dir='ltr' id='par_1_38' title="bbox 1871 1325 3461 1405">
     <span class='ocr_line' id='line_1_38' title="bbox 1871 1325 3461 1405; baseline -0.005 -21"><span class='ocrx_word' id='word_1_269' title='bbox 1871 1338 2059 1396; x_wconf 86' lang='lat' dir='ltr'><strong>tatem,</strong></span> <span class='ocrx_word' id='word_1_270' title='bbox 2089 1344 2189 1384; x_wconf 88' lang='lat' dir='ltr'><strong>nec</strong></span> <span class='ocrx_word' id='word_1_271' title='bbox 2248 1327 2414 1382; x_wconf 80' lang='lat' dir='ltr'><strong>alium</strong></span> <span class='ocrx_word' id='word_1_272' title='bbox 2448 1333 2641 1382; x_wconf 88' lang='lat' dir='ltr'><strong>testem</strong></span> <span class='ocrx_word' id='word_1_273' title='bbox 2675 1333 2731 1380; x_wconf 88' lang='lat' dir='ltr'><strong>et</strong></span> <span class='ocrx_word' id='word_1_274' title='bbox 2786 1325 3070 1405; x_wconf 71' lang='lat' dir='ltr'><strong>conscium</strong></span> <span class='ocrx_word' id='word_1_275' title='bbox 3103 1337 3461 1379; x_wconf 80' lang='lat' dir='ltr'><strong>sacramento</strong></span> 
     </span>
    </p>
   </div>
   <div class='ocr_carea' id='block_1_39' title="bbox 1871 1412 3455 1494">
    <p class='ocr_par' dir='ltr' id='par_1_39' title="bbox 1871 1412 3455 1494">
     <span class='ocr_line' id='line_1_39' title="bbox 1871 1412 3455 1494; baseline -0.004 -16"><span class='ocrx_word' id='word_1_276' title='bbox 1871 1423 2234 1494; x_wconf 82' lang='lat' dir='ltr'><strong>astringimus</strong></span> <span class='ocrx_word' id='word_1_277' title='bbox 2285 1421 2575 1480; x_wconf 86' lang='lat' dir='ltr'><strong>ambarum</strong></span> <span class='ocrx_word' id='word_1_278' title='bbox 2628 1419 2866 1488; x_wconf 84' lang='lat' dir='ltr'><strong>partium</strong></span> <span class='ocrx_word' id='word_1_279' title='bbox 2925 1412 3455 1472; x_wconf 78' lang='lat' dir='ltr'><strong>commentariorum</strong></span> 
     </span>
    </p>
   </div>
   <div class='ocr_carea' id='block_1_40' title="bbox 1871 1511 3456 1587">
    <p class='ocr_par' dir='ltr' id='par_1_40' title="bbox 1871 1511 3456 1587">
     <span class='ocr_line' id='line_1_40' title="bbox 1871 1511 3456 1587; baseline -0.002 -19"><span class='ocrx_word' id='word_1_280' title='bbox 1871 1514 2186 1582; x_wconf 70' lang='lat' dir='ltr'><strong>cognitores</strong></span> <span class='ocrx_word' id='word_1_281' title='bbox 2219 1513 2459 1577; x_wconf 81' lang='lat' dir='ltr'><strong>futuros,</strong></span> <span class='ocrx_word' id='word_1_282' title='bbox 2516 1520 2578 1566; x_wconf 90' lang='lat' dir='ltr'><strong>ut</strong></span> <span class='ocrx_word' id='word_1_283' title='bbox 2628 1511 2796 1564; x_wconf 87' lang='lat' dir='ltr'><strong>animi</strong></span> <span class='ocrx_word' id='word_1_284' title='bbox 2847 1511 3046 1587; x_wconf 82' lang='lat' dir='ltr'><strong>aﬂ&#39;ectu</strong></span> <span class='ocrx_word' id='word_1_285' title='bbox 3083 1511 3354 1580; x_wconf 85' lang='lat' dir='ltr'><strong>deposito,</strong></span> <span class='ocrx_word' id='word_1_286' title='bbox 3385 1516 3456 1565; x_wconf 83' lang='lat' dir='ltr'><strong>ad</strong></span> 
     </span>
    </p>
   </div>
   <div class='ocr_carea' id='block_1_41' title="bbox 1872 1602 3460 1675">
    <p class='ocr_par' dir='ltr' id='par_1_41' title="bbox 1872 1602 3460 1675">
     <span class='ocr_line' id='line_1_41' title="bbox 1872 1602 3460 1675; baseline -0.001 -17"><span class='ocrx_word' id='word_1_287' title='bbox 1872 1606 1952 1658; x_wconf 87' lang='lat' dir='ltr'><strong>rei</strong></span> <span class='ocrx_word' id='word_1_288' title='bbox 2001 1605 2368 1675; x_wconf 76' lang='lat' dir='ltr'><strong>cognitionem</strong></span> <span class='ocrx_word' id='word_1_289' title='bbox 2419 1604 2708 1668; x_wconf 77' lang='lat' dir='ltr'><strong>accedant,</strong></span> <span class='ocrx_word' id='word_1_290' title='bbox 2741 1602 2889 1657; x_wconf 88' lang='lat' dir='ltr'><strong>illius</strong></span> <span class='ocrx_word' id='word_1_291' title='bbox 2948 1603 3110 1670; x_wconf 84' lang='lat' dir='ltr'><strong>plane</strong></span> <span class='ocrx_word' id='word_1_292' title='bbox 3143 1603 3323 1671; x_wconf 84' lang='lat' dir='ltr'><strong>gnari,</strong></span> <span class='ocrx_word' id='word_1_293' title='bbox 3357 1619 3460 1656; x_wconf 89' lang='lat' dir='ltr'><strong>nos</strong></span> 
     </span>
    </p>
   </div>
   <div class='ocr_carea' id='block_1_42' title="bbox 1873 1682 3457 1763">
    <p class='ocr_par' dir='ltr' id='par_1_42' title="bbox 1873 1682 3457 1763">
     <span class='ocr_line' id='line_1_42' title="bbox 1873 1682 3457 1763; baseline -0.003 -15"><span class='ocrx_word' id='word_1_294' title='bbox 1873 1710 2092 1750; x_wconf 91' lang='lat' dir='ltr'><strong>omnem</strong></span> <span class='ocrx_word' id='word_1_295' title='bbox 2141 1691 2290 1748; x_wconf 84' lang='lat' dir='ltr'><strong>hunc</strong></span> <span class='ocrx_word' id='word_1_296' title='bbox 2321 1695 2565 1749; x_wconf 84' lang='lat' dir='ltr'><strong>laborem</strong></span> <span class='ocrx_word' id='word_1_297' title='bbox 2629 1709 2732 1763; x_wconf 92' lang='lat' dir='ltr'><strong>pro</strong></span> <span class='ocrx_word' id='word_1_298' title='bbox 2784 1693 2991 1747; x_wconf 86' lang='lat' dir='ltr'><strong>unione</strong></span> <span class='ocrx_word' id='word_1_299' title='bbox 3050 1682 3457 1756; x_wconf 74' lang='lat' dir='ltr'><strong>Ecclesiarum,</strong></span> 
     </span>
    </p>
   </div>
   <div class='ocr_carea' id='block_1_43' title="bbox 1873 1785 3462 1858">
    <p class='ocr_par' dir='ltr' id='par_1_43' title="bbox 1873 1785 3462 1858">
     <span class='ocr_line' id='line_1_43' title="bbox 1873 1785 3462 1858; baseline 0.001 -20"><span class='ocrx_word' id='word_1_300' title='bbox 1873 1785 2111 1854; x_wconf 83' lang='lat' dir='ltr'><strong>quarum</strong></span> <span class='ocrx_word' id='word_1_301' title='bbox 2143 1785 2439 1858; x_wconf 74' lang='lat' dir='ltr'><strong>dissidium</strong></span> <span class='ocrx_word' id='word_1_302' title='bbox 2481 1799 2840 1855; x_wconf 81' lang='lat' dir='ltr'><strong>summepere</strong></span> <span class='ocrx_word' id='word_1_303' title='bbox 2863 1786 3052 1855; x_wconf 85' lang='lat' dir='ltr'><strong>pietati</strong></span> <span class='ocrx_word' id='word_1_304' title='bbox 3086 1785 3299 1848; x_wconf 89' lang='lat' dir='ltr'><strong>nocuit,</strong></span> <span class='ocrx_word' id='word_1_305' title='bbox 3333 1801 3462 1839; x_wconf 86' lang='lat' dir='ltr'><strong>sus-</strong></span> 
     </span>
    </p>
   </div>
   <div class='ocr_carea' id='block_1_44' title="bbox 1875 1877 3463 1949">
    <p class='ocr_par' dir='ltr' id='par_1_44' title="bbox 1875 1877 3463 1949">
     <span class='ocr_line' id='line_1_44' title="bbox 1875 1877 3463 1949; baseline -0.003 -16"><span class='ocrx_word' id='word_1_306' title='bbox 1875 1881 2117 1949; x_wconf 72' lang='lat' dir='ltr'><strong>cepisse;</strong></span> <span class='ocrx_word' id='word_1_307' title='bbox 2149 1888 2204 1933; x_wconf 89' lang='lat' dir='ltr'><strong>et</strong></span> <span class='ocrx_word' id='word_1_308' title='bbox 2227 1880 2322 1948; x_wconf 88' lang='lat' dir='ltr'><strong>qui</strong></span> <span class='ocrx_word' id='word_1_309' title='bbox 2343 1879 2517 1948; x_wconf 87' lang='lat' dir='ltr'><strong>gratia</strong></span> <span class='ocrx_word' id='word_1_310' title='bbox 2539 1887 2636 1933; x_wconf 85' lang='lat' dir='ltr'><strong>aut</strong></span> <span class='ocrx_word' id='word_1_311' title='bbox 2662 1893 2852 1933; x_wconf 85' lang='lat' dir='ltr'><strong>amore</strong></span> <span class='ocrx_word' id='word_1_312' title='bbox 2877 1879 3287 1947; x_wconf 75' lang='lat' dir='ltr'><strong>dijudi‘caverit,</strong></span> <span class='ocrx_word' id='word_1_313' title='bbox 3311 1877 3463 1947; x_wconf 84' lang='lat' dir='ltr'><strong>judi-</strong></span> 
     </span>
    </p>
   </div>
   <div class='ocr_carea' id='block_1_45' title="bbox 1873 1968 3459 2040">
    <p class='ocr_par' dir='ltr' id='par_1_45' title="bbox 1873 1968 3459 2040">
     <span class='ocr_line' id='line_1_45' title="bbox 1873 1968 3459 2040; baseline -0.002 -15"><span class='ocrx_word' id='word_1_314' title='bbox 1873 1974 2019 2025; x_wconf 89' lang='lat' dir='ltr'><strong>cium</strong></span> <span class='ocrx_word' id='word_1_315' title='bbox 2058 1970 2110 2024; x_wconf 89' lang='lat' dir='ltr'><strong>in</strong></span> <span class='ocrx_word' id='word_1_316' title='bbox 2144 1986 2205 2026; x_wconf 89' lang='lat' dir='ltr'><strong>se</strong></span> <span class='ocrx_word' id='word_1_317' title='bbox 2230 1970 2610 2030; x_wconf 74' lang='lat' dir='ltr'><strong>defraudantis</strong></span> <span class='ocrx_word' id='word_1_318' title='bbox 2652 1970 2882 2040; x_wconf 64' lang='lat' dir='ltr'><strong>praemio</strong></span> <span class='ocrx_word' id='word_1_319' title='bbox 2945 1969 3209 2032; x_wconf 82' lang='lat' dir='ltr'><strong>attrahet,</strong></span> <span class='ocrx_word' id='word_1_320' title='bbox 3250 1983 3357 2022; x_wconf 92' lang='lat' dir='ltr'><strong>non</strong></span> <span class='ocrx_word' id='word_1_321' title='bbox 3405 1968 3459 2022; x_wconf 89' lang='lat' dir='ltr'><strong>in</strong></span> 
     </span>
    </p>
   </div>
   <div class='ocr_carea' id='block_1_46' title="bbox 1873 2059 3459 2132">
    <p class='ocr_par' dir='ltr' id='par_1_46' title="bbox 1873 2059 3459 2132">
     <span class='ocr_line' id='line_1_46' title="bbox 1873 2059 3459 2132; baseline 0.001 -20"><span class='ocrx_word' id='word_1_322' title='bbox 1873 2061 2076 2132; x_wconf 84' lang='lat' dir='ltr'><strong>quibus</strong></span> <span class='ocrx_word' id='word_1_323' title='bbox 2109 2061 2247 2116; x_wconf 80' lang='lat' dir='ltr'><strong>forte</strong></span> <span class='ocrx_word' id='word_1_324' title='bbox 2281 2061 2672 2115; x_wconf 88' lang='lat' dir='ltr'><strong>detrimentum</strong></span> <span class='ocrx_word' id='word_1_325' title='bbox 2717 2061 2933 2131; x_wconf 80' lang='lat' dir='ltr'><strong>corpori</strong></span> <span class='ocrx_word' id='word_1_326' title='bbox 3013 2060 3093 2125; x_wconf 84' lang='lat' dir='ltr'><strong>ﬁt,</strong></span> <span class='ocrx_word' id='word_1_327' title='bbox 3129 2062 3222 2114; x_wconf 87' lang='lat' dir='ltr'><strong>sed</strong></span> <span class='ocrx_word' id='word_1_328' title='bbox 3259 2064 3311 2112; x_wconf 87' lang='lat' dir='ltr'><strong>in</strong></span> <span class='ocrx_word' id='word_1_329' title='bbox 3351 2059 3459 2119; x_wconf 84' lang='lat' dir='ltr'><strong>illis</strong></span> 
     </span>
    </p>
   </div>
   <div class='ocr_carea' id='block_1_47' title="bbox 1874 2152 3462 2228">
    <p class='ocr_par' dir='ltr' id='par_1_47' title="bbox 1874 2152 3462 2228">
     <span class='ocr_line' id='line_1_47' title="bbox 1874 2152 3462 2228; baseline -0.003 -17"><span class='ocrx_word' id='word_1_330' title='bbox 1874 2155 2034 2228; x_wconf 86' lang='lat' dir='ltr'><strong>ipsis,</strong></span> <span class='ocrx_word' id='word_1_331' title='bbox 2062 2170 2162 2225; x_wconf 90' lang='lat' dir='ltr'><strong>pro</strong></span> <span class='ocrx_word' id='word_1_332' title='bbox 2207 2156 2412 2227; x_wconf 85' lang='lat' dir='ltr'><strong>quibus</strong></span> <span class='ocrx_word' id='word_1_333' title='bbox 2469 2154 2673 2225; x_wconf 85' lang='lat' dir='ltr'><strong>injuria</strong></span> <span class='ocrx_word' id='word_1_334' title='bbox 2703 2152 2848 2208; x_wconf 88' lang='lat' dir='ltr'><strong>Deus</strong></span> <span class='ocrx_word' id='word_1_335' title='bbox 2885 2154 3112 2208; x_wconf 76' lang='lat' dir='ltr'><strong>affectus</strong></span> <span class='ocrx_word' id='word_1_336' title='bbox 3151 2154 3462 2222; x_wconf 84' lang='lat' dir='ltr'><strong>indignabi-</strong></span> 
     </span>
    </p>
   </div>
   <div class='ocr_carea' id='block_1_48' title="bbox 1875 2246 3460 2320">
    <p class='ocr_par' dir='ltr' id='par_1_48' title="bbox 1875 2246 3460 2320">
     <span class='ocr_line' id='line_1_48' title="bbox 1875 2246 3460 2320; baseline -0.004 -17"><span class='ocrx_word' id='word_1_337' title='bbox 1875 2259 1985 2303; x_wconf 86' lang='lat' dir='ltr'><strong>tur.</strong></span> <span class='ocrx_word' id='word_1_338' title='bbox 2020 2247 2338 2320; x_wconf 73' lang='lat' dir='ltr'><strong>Hocitaque</strong></span> <span class='ocrx_word' id='word_1_339' title='bbox 2371 2257 2534 2318; x_wconf 86' lang='lat' dir='ltr'><strong>pacto</strong></span> <span class='ocrx_word' id='word_1_340' title='bbox 2568 2261 2668 2316; x_wconf 91' lang='lat' dir='ltr'><strong>pro</strong></span> <span class='ocrx_word' id='word_1_341' title='bbox 2701 2247 2944 2301; x_wconf 83' lang='lat' dir='ltr'><strong>secunda</strong></span> <span class='ocrx_word' id='word_1_342' title='bbox 2977 2246 3126 2300; x_wconf 89' lang='lat' dir='ltr'><strong>illius</strong></span> <span class='ocrx_word' id='word_1_343' title='bbox 3151 2254 3305 2313; x_wconf 85' lang='lat' dir='ltr'><strong>parte</strong></span> <span class='ocrx_word' id='word_1_344' title='bbox 3329 2259 3460 2298; x_wconf 86' lang='lat' dir='ltr'><strong>nra-</strong></span> 
     </span>
    </p>
   </div>
   <div class='ocr_carea' id='block_1_49' title="bbox 1875 2333 3459 2407">
    <p class='ocr_par' dir='ltr' id='par_1_49' title="bbox 1875 2333 3459 2407">
     <span class='ocr_line' id='line_1_49' title="bbox 1875 2333 3459 2407; baseline -0.004 -12"><span class='ocrx_word' id='word_1_345' title='bbox 1875 2341 2024 2395; x_wconf 87' lang='lat' dir='ltr'><strong>tioue</strong></span> <span class='ocrx_word' id='word_1_346' title='bbox 2043 2350 2204 2393; x_wconf 83' lang='lat' dir='ltr'><strong>antea</strong></span> <span class='ocrx_word' id='word_1_347' title='bbox 2230 2339 2522 2406; x_wconf 88' lang='lat' dir='ltr'><strong>disposita,</strong></span> <span class='ocrx_word' id='word_1_348' title='bbox 2555 2351 2669 2392; x_wconf 89' lang='lat' dir='ltr'><strong>rem</strong></span> <span class='ocrx_word' id='word_1_349' title='bbox 2697 2338 2872 2406; x_wconf 82' lang='lat' dir='ltr'><strong>ipsam</strong></span> <span class='ocrx_word' id='word_1_350' title='bbox 2909 2337 3319 2407; x_wconf 77' lang='lat' dir='ltr'><strong>aggrediamur.</strong></span> <span class='ocrx_word' id='word_1_351' title='bbox 3352 2333 3459 2388; x_wconf 84' lang='lat' dir='ltr'><strong>Sed</strong></span> 
     </span>
    </p>
   </div>
   <div class='ocr_carea' id='block_1_50' title="bbox 1873 2429 3462 2500">
    <p class='ocr_par' dir='ltr' id='par_1_50' title="bbox 1873 2429 3462 2500">
     <span class='ocr_line' id='line_1_50' title="bbox 1873 2429 3462 2500; baseline -0.003 -16"><span class='ocrx_word' id='word_1_352' title='bbox 1873 2445 2022 2484; x_wconf 92' lang='lat' dir='ltr'><strong>nunc</strong></span> <span class='ocrx_word' id='word_1_353' title='bbox 2052 2429 2232 2484; x_wconf 88' lang='lat' dir='ltr'><strong>denuo</strong></span> <span class='ocrx_word' id='word_1_354' title='bbox 2293 2429 2658 2485; x_wconf 86' lang='lat' dir='ltr'><strong>resumendus</strong></span> <span class='ocrx_word' id='word_1_355' title='bbox 2709 2439 2796 2484; x_wconf 89' lang='lat' dir='ltr'><strong>est</strong></span> <span class='ocrx_word' id='word_1_356' title='bbox 2852 2429 3204 2500; x_wconf 78' lang='lat' dir='ltr'><strong>syllogismus</strong></span> <span class='ocrx_word' id='word_1_357' title='bbox 3245 2435 3462 2497; x_wconf 59' lang='lat' dir='ltr'><strong>prapo-</strong></span> 
     </span>
    </p>
   </div>
   <div class='ocr_carea' id='block_1_51' title="bbox 1873 2523 2039 2578">
    <p class='ocr_par' dir='ltr' id='par_1_51' title="bbox 1873 2523 2039 2578">
     <span class='ocr_line' id='line_1_51' title="bbox 1873 2523 2039 2578; baseline -0.012 0"><span class='ocrx_word' id='word_1_358' title='bbox 1873 2523 2039 2578; x_wconf 90' lang='lat' dir='ltr'><strong>situs.</strong></span> 
     </span>
    </p>
   </div>
   <div class='ocr_carea' id='block_1_52' title="bbox 1945 2611 3463 2682">
    <p class='ocr_par' dir='ltr' id='par_1_52' title="bbox 1945 2611 3463 2682">
     <span class='ocr_line' id='line_1_52' title="bbox 1945 2611 3463 2682; baseline 0.001 -14"><span class='ocrx_word' id='word_1_359' title='bbox 1945 2611 2037 2668; x_wconf 76' lang='lat'><strong>36.</strong></span> <span class='ocrx_word' id='word_1_360' title='bbox 2073 2629 2102 2664; x_wconf 91' lang='grc'><em>‹</em></span> <span class='ocrx_word' id='word_1_361' title='bbox 2126 2613 2182 2667; x_wconf 91' lang='lat' dir='ltr'><strong>Si</strong></span> <span class='ocrx_word' id='word_1_362' title='bbox 2215 2613 2472 2682; x_wconf 74' lang='lat' dir='ltr'><strong>simplex,</strong></span> <span class='ocrx_word' id='word_1_363' title='bbox 2532 2612 2730 2682; x_wconf 88' lang='lat' dir='ltr'><strong>inquit,</strong></span> <span class='ocrx_word' id='word_1_364' title='bbox 2767 2612 3006 2682; x_wconf 83' lang='lat' dir='ltr'><strong>Spiritus</strong></span> <span class='ocrx_word' id='word_1_365' title='bbox 3053 2625 3155 2679; x_wconf 85' lang='lat' dir='ltr'><strong>est,</strong></span> <span class='ocrx_word' id='word_1_366' title='bbox 3188 2628 3254 2669; x_wconf 79' lang='lat' dir='ltr'><strong>ex</strong></span> <span class='ocrx_word' id='word_1_367' title='bbox 3301 2613 3463 2669; x_wconf 77' lang='lat' dir='ltr'><strong>Patre</strong></span> 
     </span>
    </p>
   </div>
   <div class='ocr_carea' id='block_1_53' title="bbox 1874 2706 3465 2775">
    <p class='ocr_par' dir='ltr' id='par_1_53' title="bbox 1874 2706 3465 2775">
     <span class='ocr_line' id='line_1_53' title="bbox 1874 2706 3465 2775; baseline -0.001 -15"><span class='ocrx_word' id='word_1_368' title='bbox 1874 2721 2004 2760; x_wconf 82' lang='lat' dir='ltr'><strong>vero</strong></span> <span class='ocrx_word' id='word_1_369' title='bbox 2035 2721 2089 2760; x_wconf 92' lang='lat' dir='ltr'><strong>et</strong></span> <span class='ocrx_word' id='word_1_370' title='bbox 2125 2706 2263 2759; x_wconf 89' lang='lat' dir='ltr'><strong>Filio</strong></span> <span class='ocrx_word' id='word_1_371' title='bbox 2293 2707 2558 2775; x_wconf 82' lang='lat' dir='ltr'><strong>procedit,</strong></span> <span class='ocrx_word' id='word_1_372' title='bbox 2595 2707 2825 2759; x_wconf 88' lang='lat' dir='ltr'><strong>omnino</strong></span> <span class='ocrx_word' id='word_1_373' title='bbox 2854 2706 2908 2759; x_wconf 89' lang='lat' dir='ltr'><strong>hi</strong></span> <span class='ocrx_word' id='word_1_374' title='bbox 2965 2722 3072 2759; x_wconf 88' lang='lat' dir='ltr'><strong>una</strong></span> <span class='ocrx_word' id='word_1_375' title='bbox 3123 2722 3356 2774; x_wconf 86' lang='lat' dir='ltr'><strong>persona</strong></span> <span class='ocrx_word' id='word_1_376' title='bbox 3383 2723 3465 2760; x_wconf 89' lang='lat' dir='ltr'><strong>re-</strong></span> 
     </span>
    </p>
   </div>
   <div class='ocr_carea' id='block_1_54' title="bbox 1874 2794 3462 2869">
    <p class='ocr_par' dir='ltr' id='par_1_54' title="bbox 1874 2794 3462 2869">
     <span class='ocr_line' id='line_1_54' title="bbox 1874 2794 3462 2869; baseline 0.001 -16"><span class='ocrx_word' id='word_1_377' title='bbox 1874 2799 2237 2868; x_wconf 87' lang='lat' dir='ltr'><strong>putabuntur,</strong></span> <span class='ocrx_word' id='word_1_378' title='bbox 2261 2799 2499 2869; x_wconf 87' lang='lat' dir='ltr'><strong>indeque</strong></span> <span class='ocrx_word' id='word_1_379' title='bbox 2530 2799 2835 2853; x_wconf 86' lang='lat' dir='ltr'><strong>contractio</strong></span> <span class='ocrx_word' id='word_1_380' title='bbox 2862 2797 3197 2864; x_wconf 76' lang='lat' dir='ltr'><strong>Sabellian‘a,</strong></span> <span class='ocrx_word' id='word_1_381' title='bbox 3234 2811 3328 2854; x_wconf 88' lang='lat' dir='ltr'><strong>aut</strong></span> <span class='ocrx_word' id='word_1_382' title='bbox 3366 2794 3462 2869; x_wconf 83' lang='lat' dir='ltr'><strong>po-</strong></span> 
     </span>
    </p>
   </div>
   <div class='ocr_carea' id='block_1_55' title="bbox 1879 2891 2993 2958">
    <p class='ocr_par' dir='ltr' id='par_1_55' title="bbox 1879 2891 2993 2958">
     <span class='ocr_line' id='line_1_55' title="bbox 1879 2891 2993 2958; baseline -0.005 -10"><span class='ocrx_word' id='word_1_383' title='bbox 1879 2897 1986 2948; x_wconf 83' lang='lat' dir='ltr'><strong>tius</strong></span> <span class='ocrx_word' id='word_1_384' title='bbox 2016 2892 2494 2958; x_wconf 86' lang='lat' dir='ltr'><strong>semisabelliana,</strong></span> <span class='ocrx_word' id='word_1_385' title='bbox 2528 2891 2929 2946; x_wconf 82' lang='lat' dir='ltr'><strong>introducetur.</strong></span> <span class='ocrx_word' id='word_1_386' title='bbox 2973 2909 2993 2942; x_wconf 68' lang='grc' dir='ltr'><strong>ι</strong></span> 
     </span>
    </p>
   </div>
   <div class='ocr_carea' id='block_1_56' title="bbox 1947 3077 3461 3149">
    <p class='ocr_par' dir='ltr' id='par_1_56' title="bbox 1947 3077 3461 3149">
     <span class='ocr_line' id='line_1_56' title="bbox 1947 3077 3461 3149; baseline 0.001 -17"><span class='ocrx_word' id='word_1_387' title='bbox 1947 3077 2052 3144; x_wconf 87' lang='lat' dir='ltr'><strong>Qui</strong></span> <span class='ocrx_word' id='word_1_388' title='bbox 2093 3078 2160 3134; x_wconf 89' lang='lat' dir='ltr'><strong>ad</strong></span> <span class='ocrx_word' id='word_1_389' title='bbox 2187 3077 2690 3133; x_wconf 88' lang='lat' dir='ltr'><strong>demonstrationes</strong></span> <span class='ocrx_word' id='word_1_390' title='bbox 2720 3093 2817 3147; x_wconf 89' lang='lat' dir='ltr'><strong>per</strong></span> <span class='ocrx_word' id='word_1_391' title='bbox 2867 3078 3220 3149; x_wconf 86' lang='lat' dir='ltr'><strong>syllogismos</strong></span> <span class='ocrx_word' id='word_1_392' title='bbox 3284 3079 3461 3134; x_wconf 88' lang='lat' dir='ltr'><strong>diale-</strong></span> 
     </span>
    </p>
   </div>
   <div class='ocr_carea' id='block_1_57' title="bbox 1876 3173 3460 3243">
    <p class='ocr_par' dir='ltr' id='par_1_57' title="bbox 1876 3173 3460 3243">
     <span class='ocr_line' id='line_1_57' title="bbox 1876 3173 3460 3243; baseline 0 -16"><span class='ocrx_word' id='word_1_393' title='bbox 1876 3173 2148 3227; x_wconf 88' lang='lat' dir='ltr'><strong>cticorum</strong></span> <span class='ocrx_word' id='word_1_394' title='bbox 2207 3187 2363 3227; x_wconf 91' lang='lat' dir='ltr'><strong>more</strong></span> <span class='ocrx_word' id='word_1_395' title='bbox 2409 3175 2733 3241; x_wconf 92' lang='lat' dir='ltr'><strong>procedunt,</strong></span> <span class='ocrx_word' id='word_1_396' title='bbox 2766 3183 2896 3227; x_wconf 89' lang='lat' dir='ltr'><strong>ante</strong></span> <span class='ocrx_word' id='word_1_397' title='bbox 2949 3173 3132 3226; x_wconf 91' lang='lat' dir='ltr'><strong>omnia</strong></span> <span class='ocrx_word' id='word_1_398' title='bbox 3197 3181 3460 3243; x_wconf 87' lang='lat' dir='ltr'><strong>tanquam</strong></span> 
     </span>
    </p>
   </div>
   <div class='ocr_carea' id='block_1_58' title="bbox 193 3264 1772 3348">
    <p class='ocr_par' dir='ltr' id='par_1_58' title="bbox 193 3274 1767 3348">
     <span class='ocr_line' id='line_1_58' title="bbox 193 3274 1767 3348; baseline 0.01 -27"><span class='ocrx_word' id='word_1_399' title='bbox 193 3274 471 3341; x_wconf 64' lang='grc' dir='ltr'><strong>τεροψτὸν</strong></span> <span class='ocrx_word' id='word_1_400' title='bbox 529 3274 632 3340; x_wconf 76' lang='grc' dir='ltr'><strong>τῆς</strong></span> <span class='ocrx_word' id='word_1_401' title='bbox 688 3277 1022 3346; x_wconf 75' lang='grc' dir='ltr'><strong>ἐγκειμένης</strong></span> <span class='ocrx_word' id='word_1_402' title='bbox 1073 3280 1356 3348; x_wconf 79' lang='grc' dir='ltr'><strong>σημασίας</strong></span> <span class='ocrx_word' id='word_1_403' title='bbox 1410 3283 1535 3344; x_wconf 81' lang='grc' dir='ltr'><strong>ταῖς</strong></span> <span class='ocrx_word' id='word_1_404' title='bbox 1582 3283 1767 3347; x_wconf 78' lang='grc' dir='ltr'><strong>λέξεσι</strong></span> 
     </span>
    </p>
   </div>
   <div class='ocr_carea' id='block_1_59' title="bbox 1874 3264 3459 3348">
    <p class='ocr_par' dir='ltr' id='par_1_59' title="bbox 1877 3264 3459 3334">
     <span class='ocr_line' id='line_1_59' title="bbox 1877 3264 3459 3334; baseline 0 -14"><span class='ocrx_word' id='word_1_405' title='bbox 1877 3264 2236 3320; x_wconf 88' lang='lat' dir='ltr'><strong>utilissimum</strong></span> <span class='ocrx_word' id='word_1_406' title='bbox 2270 3272 2595 3334; x_wconf 71' lang='lat' dir='ltr'><strong>praeponth</strong></span> <span class='ocrx_word' id='word_1_407' title='bbox 2630 3268 2934 3329; x_wconf 68' lang='lat' dir='ltr'><strong>sententiae,</strong></span> <span class='ocrx_word' id='word_1_408' title='bbox 2961 3281 3083 3334; x_wconf 76' lang='lat' dir='ltr'><strong>qua:</strong></span> <span class='ocrx_word' id='word_1_409' title='bbox 3116 3266 3170 3322; x_wconf 90' lang='lat' dir='ltr'><strong>in</strong></span> <span class='ocrx_word' id='word_1_410' title='bbox 3190 3266 3459 3320; x_wconf 69' lang='lat' dir='ltr'><strong>&quot;dictioni-</strong></span> 
     </span>
    </p>
   </div>
   <div class='ocr_carea' id='block_1_60' title="bbox 195 3363 1774 3441">
    <p class='ocr_par' dir='ltr' id='par_1_60' title="bbox 195 3363 1774 3441">
     <span class='ocr_line' id='line_1_60' title="bbox 195 3363 1774 3441; baseline 0.01 -29"><span class='ocrx_word' id='word_1_411' title='bbox 195 3363 638 3432; x_wconf 79' lang='grc' dir='ltr'><strong>προσδιορισμδν,</strong></span> <span class='ocrx_word' id='word_1_412' title='bbox 681 3363 768 3417; x_wconf 70' lang='grc' dir='ltr'><strong>ἵνα</strong></span> <span class='ocrx_word' id='word_1_413' title='bbox 815 3365 893 3437; x_wconf 82' lang='grc' dir='ltr'><strong>μὴ</strong></span> <span class='ocrx_word' id='word_1_414' title='bbox 939 3366 1018 3436; x_wconf 84' lang='grc' dir='ltr'><strong>τῷ</strong></span> <span class='ocrx_word' id='word_1_415' title='bbox 1049 3367 1359 3441; x_wconf 85' lang='grc' dir='ltr'><strong>πολυσήμῳ</strong></span> <span class='ocrx_word' id='word_1_416' title='bbox 1406 3371 1517 3424; x_wconf 82' lang='grc' dir='ltr'><strong>τῶν</strong></span> <span class='ocrx_word' id='word_1_417' title='bbox 1571 3373 1774 3441; x_wconf 76' lang='grc' dir='ltr'><strong>λέξεων</strong></span> 
     </span>
    </p>
   </div>
   <div class='ocr_carea' id='block_1_61' title="bbox 194 3453 1770 3532">
    <p class='ocr_par' dir='ltr' id='par_1_61' title="bbox 194 3453 1770 3532">
     <span class='ocr_line' id='line_1_61' title="bbox 194 3453 1770 3532; baseline 0.009 -28"><span class='ocrx_word' id='word_1_418' title='bbox 194 3453 265 3504; x_wconf 68' lang='grc' dir='ltr'><strong>τὸ·</strong></span> <span class='ocrx_word' id='word_1_419' title='bbox 294 3454 396 3522; x_wconf 82' lang='grc' dir='ltr'><strong>τῆς</strong></span> <span class='ocrx_word' id='word_1_420' title='bbox 425 3456 760 3520; x_wconf 78' lang='grc' dir='ltr'><strong>ἀποδείξεως</strong></span> <span class='ocrx_word' id='word_1_421' title='bbox 800 3458 1212 3526; x_wconf 74' lang='grc' dir='ltr'><strong>ὑποκλεπτηται</strong></span> <span class='ocrx_word' id='word_1_422' title='bbox 1253 3461 1490 3531; x_wconf 81' lang='grc' dir='ltr'><strong>ἀληθές..</strong></span> <span class='ocrx_word' id='word_1_423' title='bbox 1519 3464 1590 3517; x_wconf 68' lang='grc' dir='ltr'><strong>Σὺ</strong></span> <span class='ocrx_word' id='word_1_424' title='bbox 1617 3464 1770 3532; x_wconf 86' lang='grc' dir='ltr'><strong>γοῦν,</strong></span> 
     </span>
    </p>
   </div>
   <div class='ocr_carea' id='block_1_62' title="bbox 197 3537 1771 3628">
    <p class='ocr_par' dir='ltr' id='par_1_62' title="bbox 197 3537 1771 3628">
     <span class='ocr_line' id='line_1_62' title="bbox 197 3537 1771 3628; baseline 0.009 -33"><span class='ocrx_word' id='word_1_425' title='bbox 197 3544 471 3612; x_wconf 74' lang='grc' dir='ltr'><strong>σοφώτατε</strong></span> <span class='ocrx_word' id='word_1_426' title='bbox 515 3548 715 3612; x_wconf 62' lang='lat' dir='ltr'><strong>Odi-rte,</strong></span> <span class='ocrx_word' id='word_1_427' title='bbox 757 3551 885 3612; x_wconf 75' lang='grc' dir='ltr'><strong>τοὺς</strong></span> <span class='ocrx_word' id='word_1_428' title='bbox 910 3552 1018 3621; x_wconf 78' lang='grc' dir='ltr'><strong>γὰρ</strong></span> <span class='ocrx_word' id='word_1_429' title='bbox 1055 3552 1190 3621; x_wconf 82' lang='grc' dir='ltr'><strong>πρὸς</strong></span> <span class='ocrx_word' id='word_1_430' title='bbox 1215 3537 1286 3604; x_wconf 67' lang='grc' dir='ltr'><strong>σε</strong></span> <span class='ocrx_word' id='word_1_431' title='bbox 1305 3554 1495 3621; x_wconf 82' lang='grc' dir='ltr'><strong>λόγους</strong></span> <span class='ocrx_word' id='word_1_432' title='bbox 1529 3556 1604 3620; x_wconf 84' lang='grc' dir='ltr'><strong>ὡς</strong></span> <span class='ocrx_word' id='word_1_433' title='bbox 1633 3558 1771 3628; x_wconf 81' lang='grc' dir='ltr'><strong>πρὸς</strong></span> 
     </span>
    </p>
   </div>
   <div class='ocr_carea' id='block_1_63' title="bbox 195 3640 1774 3720">
    <p class='ocr_par' dir='ltr' id='par_1_63' title="bbox 195 3640 1774 3720">
     <span class='ocr_line' id='line_1_63' title="bbox 195 3640 1774 3720; baseline 0.009 -31"><span class='ocrx_word' id='word_1_434' title='bbox 195 3640 447 3709; x_wconf 67' lang='grc' dir='ltr'><strong>παρόντι</strong></span> <span class='ocrx_word' id='word_1_435' title='bbox 469 3642 797 3711; x_wconf 76' lang='grc' dir='ltr'><strong>ποιήσομαι,</strong></span> <span class='ocrx_word' id='word_1_436' title='bbox 826 3641 905 3708; x_wconf 83' lang='grc' dir='ltr'><strong>τῷ</strong></span> <span class='ocrx_word' id='word_1_437' title='bbox 953 3645 1232 3698; x_wconf 66' lang='grc' dir='ltr'><strong>ἐκτεθέντι</strong></span> <span class='ocrx_word' id='word_1_438' title='bbox 1261 3645 1342 3716; x_wconf 82' lang='grc' dir='ltr'><strong>τῷ</strong></span> <span class='ocrx_word' id='word_1_439' title='bbox 1369 3648 1573 3718; x_wconf 79' lang='grc' dir='ltr'><strong>πρώτῳ</strong></span> <span class='ocrx_word' id='word_1_440' title='bbox 1597 3651 1774 3720; x_wconf 85' lang='grc' dir='ltr'><strong>τούτῳ</strong></span> 
     </span>
    </p>
   </div>
   <div class='ocr_carea' id='block_1_64' title="bbox 196 3731 1777 3809">
    <p class='ocr_par' dir='ltr' id='par_1_64' title="bbox 196 3731 1777 3809">
     <span class='ocr_line' id='line_1_64' title="bbox 196 3731 1777 3809; baseline 0.009 -28"><span class='ocrx_word' id='word_1_441' title='bbox 196 3731 565 3802; x_wconf 77' lang='grc' dir='ltr'><strong>συλλογισμῷ,</strong></span> <span class='ocrx_word' id='word_1_442' title='bbox 616 3733 957 3798; x_wconf 83' lang='grc' dir='ltr'><strong>ὑποθετικῶς</strong></span> <span class='ocrx_word' id='word_1_443' title='bbox 986 3738 1332 3809; x_wconf 75' lang='grc' dir='ltr'><strong>πλεκομένῳ,</strong></span> <span class='ocrx_word' id='word_1_444' title='bbox 1365 3743 1415 3791; x_wconf 84' lang='grc' dir='ltr'><strong>εἰ</strong></span> <span class='ocrx_word' id='word_1_445' title='bbox 1441 3740 1519 3791; x_wconf 75' lang='grc' dir='ltr'><strong>’ὲκ</strong></span> <span class='ocrx_word' id='word_1_446' title='bbox 1539 3737 1635 3794; x_wconf 81' lang='grc' dir='ltr'><strong>τοῦ</strong></span> <span class='ocrx_word' id='word_1_447' title='bbox 1661 3742 1777 3794; x_wconf 89' lang='grc' dir='ltr'><strong>Πα-</strong></span> 
     </span>
    </p>
   </div>
   <div class='ocr_carea' id='block_1_65' title="bbox 195 3822 1776 3899">
    <p class='ocr_par' dir='ltr' id='par_1_65' title="bbox 195 3822 1776 3899">
     <span class='ocr_line' id='line_1_65' title="bbox 195 3822 1776 3899; baseline 0.009 -28"><span class='ocrx_word' id='word_1_448' title='bbox 195 3822 338 3887; x_wconf 47' lang='lat' dir='ltr'><strong>am,</strong></span> <span class='ocrx_word' id='word_1_449' title='bbox 364 3825 521 3890; x_wconf 72' lang='grc' dir='ltr'><strong>ἔφης,</strong></span> <span class='ocrx_word' id='word_1_450' title='bbox 538 3825 634 3875; x_wconf 78' lang='grc' dir='ltr'><strong>καὶ</strong></span> <span class='ocrx_word' id='word_1_451' title='bbox 654 3825 750 3876; x_wconf 90' lang='grc' dir='ltr'><strong>τοῦ</strong></span> <span class='ocrx_word' id='word_1_452' title='bbox 771 3823 900 3877; x_wconf 86' lang='grc' dir='ltr'><strong>Υίοῦ</strong></span> <span class='ocrx_word' id='word_1_453' title='bbox 914 3824 976 3878; x_wconf 77' lang='grc' dir='ltr'><strong>τὸ</strong></span> <span class='ocrx_word' id='word_1_454' title='bbox 999 3827 1221 3897; x_wconf 81' lang='grc' dir='ltr'><strong>Πνεῦμα</strong></span> <span class='ocrx_word' id='word_1_455' title='bbox 1249 3830 1634 3899; x_wconf 67' lang='grc' dir='ltr'><strong>ἐκπορεύεται,</strong></span> <span class='ocrx_word' id='word_1_456' title='bbox 1653 3834 1776 3885; x_wconf 69' lang='grc' dir='ltr'><strong>ἐπεὶ</strong></span> 
     </span>
    </p>
   </div>
   <div class='ocr_carea' id='block_1_66' title="bbox 197 3915 1772 3995">
    <p class='ocr_par' dir='ltr' id='par_1_66' title="bbox 197 3915 1772 3995">
     <span class='ocr_line' id='line_1_66' title="bbox 197 3915 1772 3995; baseline 0.008 -31"><span class='ocrx_word' id='word_1_457' title='bbox 197 3917 252 3965; x_wconf 82' lang='grc' dir='ltr'><strong>τὸ</strong></span> <span class='ocrx_word' id='word_1_458' title='bbox 285 3915 511 3984; x_wconf 83' lang='grc' dir='ltr'><strong>Πνεῦμα</strong></span> <span class='ocrx_word' id='word_1_459' title='bbox 552 3915 764 3968; x_wconf 79' lang='grc' dir='ltr'><strong>ἁπλοῦν</strong></span> <span class='ocrx_word' id='word_1_460' title='bbox 793 3916 985 3970; x_wconf 77' lang='grc' dir='ltr'><strong>ἕπεται</strong></span> <span class='ocrx_word' id='word_1_461' title='bbox 1017 3919 1366 3992; x_wconf 63' lang='grc' dir='ltr'><strong>ἐξάνάγκης</strong></span> <span class='ocrx_word' id='word_1_462' title='bbox 1429 3926 1496 3995; x_wconf 73' lang='grc' dir='ltr'><strong>τῇ</strong></span> <span class='ocrx_word' id='word_1_463' title='bbox 1557 3926 1621 3976; x_wconf 82' lang='grc' dir='ltr'><strong>ὲκ</strong></span> <span class='ocrx_word' id='word_1_464' title='bbox 1679 3923 1772 3978; x_wconf 88' lang='grc' dir='ltr'><strong>τοῦ</strong></span> 
     </span>
    </p>
   </div>
   <div class='ocr_carea' id='block_1_67' title="bbox 198 4005 1775 4087">
    <p class='ocr_par' dir='ltr' id='par_1_67' title="bbox 198 4005 1775 4087">
     <span class='ocr_line' id='line_1_67' title="bbox 198 4005 1775 4087; baseline 0.008 -28"><span class='ocrx_word' id='word_1_465' title='bbox 198 4005 407 4076; x_wconf 66' lang='grc' dir='ltr'><strong>[ἰατρὸς</strong></span> <span class='ocrx_word' id='word_1_466' title='bbox 429 4011 528 4061; x_wconf 77' lang='grc' dir='ltr'><strong>καὶ</strong></span> <span class='ocrx_word' id='word_1_467' title='bbox 554 4008 649 4062; x_wconf 88' lang='grc' dir='ltr'><strong>τοῦ</strong></span> <span class='ocrx_word' id='word_1_468' title='bbox 689 4009 818 4062; x_wconf 86' lang='grc' dir='ltr'><strong>Υίοῦ</strong></span> <span class='ocrx_word' id='word_1_469' title='bbox 853 4011 1187 4083; x_wconf 80' lang='grc' dir='ltr'><strong>ὲκπορεύσει</strong></span> <span class='ocrx_word' id='word_1_470' title='bbox 1241 4014 1336 4067; x_wconf 85' lang='grc' dir='ltr'><strong>τοῦ</strong></span> <span class='ocrx_word' id='word_1_471' title='bbox 1364 4015 1686 4087; x_wconf 85' lang='grc' dir='ltr'><strong>Πνεύματος</strong></span> <span class='ocrx_word' id='word_1_472' title='bbox 1713 4017 1775 4071; x_wconf 75' lang='grc' dir='ltr'><strong>τὸ</strong></span> 
     </span>
    </p>
   </div>
   <div class='ocr_carea' id='block_1_68' title="bbox 201 4098 1772 4178">
    <p class='ocr_par' dir='ltr' id='par_1_68' title="bbox 201 4098 1772 4178">
     <span class='ocr_line' id='line_1_68' title="bbox 201 4098 1772 4178; baseline 0.011 -32"><span class='ocrx_word' id='word_1_473' title='bbox 201 4098 624 4166; x_wconf 72' lang='grc' dir='ltr'><strong>σύναλοίφεσθαι</strong></span> <span class='ocrx_word' id='word_1_474' title='bbox 669 4099 894 4164; x_wconf 83' lang='grc' dir='ltr'><strong>τούτους</strong></span> <span class='ocrx_word' id='word_1_475' title='bbox 923 4105 1004 4166; x_wconf 80' lang='grc' dir='ltr'><strong>είς</strong></span> <span class='ocrx_word' id='word_1_476' title='bbox 1031 4105 1333 4174; x_wconf 77' lang='grc' dir='ltr'><strong>,πρόσωπον</strong></span> <span class='ocrx_word' id='word_1_477' title='bbox 1357 4105 1438 4172; x_wconf 86' lang='grc' dir='ltr'><strong>ἒν,</strong></span> <span class='ocrx_word' id='word_1_478' title='bbox 1471 4108 1608 4178; x_wconf 82' lang='grc' dir='ltr'><strong>ὅπερ</strong></span> <span class='ocrx_word' id='word_1_479' title='bbox 1673 4110 1772 4164; x_wconf 80' lang='grc' dir='ltr'><strong>καὶ</strong></span> 
     </span>
    </p>
   </div>
   <div class='ocr_carea' id='block_1_69' title="bbox 200 4189 1770 4271">
    <p class='ocr_par' dir='ltr' id='par_1_69' title="bbox 200 4189 1770 4271">
     <span class='ocr_line' id='line_1_69' title="bbox 200 4189 1770 4271; baseline 0.008 -30"><span class='ocrx_word' id='word_1_480' title='bbox 200 4189 520 4243; x_wconf 78' lang='grc' dir='ltr'><strong>Σασέλλειον</strong></span> <span class='ocrx_word' id='word_1_481' title='bbox 581 4189 678 4244; x_wconf 75' lang='grc' dir='ltr'><strong>καὶ</strong></span> <span class='ocrx_word' id='word_1_482' title='bbox 726 4193 1150 4261; x_wconf 77' lang='grc' dir='ltr'><strong>ήμισαὸἐλλειον</strong></span> <span class='ocrx_word' id='word_1_483' title='bbox 1201 4197 1421 4266; x_wconf 76' lang='grc' dir='ltr'><strong>αἵρεσιν</strong></span> <span class='ocrx_word' id='word_1_484' title='bbox 1469 4200 1770 4271; x_wconf 81' lang='grc' dir='ltr'><strong>ἀποφαίνῃ.</strong></span> 
     </span>
    </p>
   </div>
   <div class='ocr_carea' id='block_1_70' title="bbox 210 4279 1770 4354">
    <p class='ocr_par' dir='ltr' id='par_1_70' title="bbox 210 4279 1770 4354">
     <span class='ocr_line' id='line_1_70' title="bbox 210 4279 1770 4354; baseline 0.004 -21"><span class='ocrx_word' id='word_1_485' title='bbox 210 4280 363 4333; x_wconf 74' lang='grc' dir='ltr'><strong>Ἐπεὶ</strong></span> <span class='ocrx_word' id='word_1_486' title='bbox 380 4279 523 4347; x_wconf 56' lang='grc' dir='ltr'><strong>ἳοῦν</strong></span> <span class='ocrx_word' id='word_1_487' title='bbox 559 4282 658 4352; x_wconf 75' lang='grc' dir='ltr'><strong>τὴν</strong></span> <span class='ocrx_word' id='word_1_488' title='bbox 691 4281 799 4349; x_wconf 78' lang='grc' dir='ltr'><strong>τῶν</strong></span> <span class='ocrx_word' id='word_1_489' title='bbox 831 4282 928 4335; x_wconf 87' lang='grc' dir='ltr'><strong>δύο</strong></span> <span class='ocrx_word' id='word_1_490' title='bbox 958 4285 1271 4354; x_wconf 81' lang='grc' dir='ltr'><strong>προσώπων</strong></span> <span class='ocrx_word' id='word_1_491' title='bbox 1299 4290 1381 4350; x_wconf 77' lang='grc' dir='ltr'><strong>είς</strong></span> <span class='ocrx_word' id='word_1_492' title='bbox 1409 4286 1468 4338; x_wconf 85' lang='grc' dir='ltr'><strong>ἓν</strong></span> <span class='ocrx_word' id='word_1_493' title='bbox 1521 4289 1770 4341; x_wconf 84' lang='grc' dir='ltr'><strong>συναλοι-</strong></span> 
     </span>
    </p>
   </div>
   <div class='ocr_carea' id='block_1_71' title="bbox 201 4372 1771 4447">
    <p class='ocr_par' dir='ltr' id='par_1_71' title="bbox 201 4372 1771 4447">
     <span class='ocr_line' id='line_1_71' title="bbox 201 4372 1771 4447; baseline -0.012 -10"><span class='ocrx_word' id='word_1_494' title='bbox 201 4372 302 4440; x_wconf 68' lang='grc' dir='ltr'><strong>φὴν</strong></span> <span class='ocrx_word' id='word_1_495' title='bbox 337 4373 656 4430; x_wconf 73' lang='grc' dir='ltr'><strong>ἀκολουθεῖν</strong></span> <span class='ocrx_word' id='word_1_496' title='bbox 685 4373 744 4439; x_wconf 73' lang='grc' dir='ltr'>ἐξ</span> <span class='ocrx_word' id='word_1_497' title='bbox 794 4376 1039 4445; x_wconf 78' lang='grc' dir='ltr'><strong>ἀνάγκης</strong></span> <span class='ocrx_word' id='word_1_498' title='bbox 1072 4375 1232 4447; x_wconf 73' lang='grc' dir='ltr'><strong>ἔφης,</strong></span> <span class='ocrx_word' id='word_1_499' title='bbox 1263 4379 1360 4430; x_wconf 78' lang='grc' dir='ltr'><strong>ὲάν</strong></span> <span class='ocrx_word' id='word_1_500' title='bbox 1403 4397 1487 4440; x_wconf 73' lang='grc' dir='ltr'><strong>τις</strong></span> <span class='ocrx_word' id='word_1_501' title='bbox 1554 4382 1620 4432; x_wconf 75' lang='grc' dir='ltr'><strong>ὲκ</strong></span> <span class='ocrx_word' id='word_1_502' title='bbox 1676 4380 1771 4433; x_wconf 72' lang='grc' dir='ltr'><strong>τοῦ</strong></span> 
     </span>
    </p>
   </div>
   <div class='ocr_carea' id='block_1_72' title="bbox 205 4464 1774 4540">
    <p class='ocr_par' dir='ltr' id='par_1_72' title="bbox 205 4464 1774 4540">
     <span class='ocr_line' id='line_1_72' title="bbox 205 4464 1774 4540; baseline 0.007 -26"><span class='ocrx_word' id='word_1_503' title='bbox 205 4464 412 4534; x_wconf 62' lang='lat' dir='ltr'><strong>Harpe;</strong></span> <span class='ocrx_word' id='word_1_504' title='bbox 447 4466 545 4517; x_wconf 75' lang='grc' dir='ltr'><strong>καὶ</strong></span> <span class='ocrx_word' id='word_1_505' title='bbox 577 4464 672 4517; x_wconf 85' lang='grc' dir='ltr'><strong>τοῦ</strong></span> <span class='ocrx_word' id='word_1_506' title='bbox 707 4465 838 4518; x_wconf 86' lang='grc' dir='ltr'><strong>Υἱοῦ</strong></span> <span class='ocrx_word' id='word_1_507' title='bbox 861 4469 920 4517; x_wconf 79' lang='grc' dir='ltr'><strong>τὸ</strong></span> <span class='ocrx_word' id='word_1_508' title='bbox 954 4468 1180 4539; x_wconf 83' lang='grc' dir='ltr'><strong>Πνεῦμα</strong></span> <span class='ocrx_word' id='word_1_509' title='bbox 1213 4470 1619 4540; x_wconf 69' lang='grc' dir='ltr'><strong>ἐκπορεύεσθαι</strong></span> <span class='ocrx_word' id='word_1_510' title='bbox 1669 4473 1774 4525; x_wconf 81' lang='grc' dir='ltr'><strong>δώ-</strong></span> 
     </span>
    </p>
   </div>
   <div class='ocr_carea' id='block_1_73' title="bbox 205 4552 1771 4631">
    <p class='ocr_par' dir='ltr' id='par_1_73' title="bbox 205 4552 1771 4631">
     <span class='ocr_line' id='line_1_73' title="bbox 205 4552 1771 4631; baseline 0.004 -25"><span class='ocrx_word' id='word_1_511' title='bbox 205 4571 301 4619; x_wconf 86' lang='grc' dir='ltr'><strong>σει,</strong></span> <span class='ocrx_word' id='word_1_512' title='bbox 345 4555 438 4608; x_wconf 81' lang='grc' dir='ltr'><strong>διά</strong></span> <span class='ocrx_word' id='word_1_513' title='bbox 470 4557 530 4607; x_wconf 80' lang='grc' dir='ltr'><strong>τὺ</strong></span> <span class='ocrx_word' id='word_1_514' title='bbox 571 4555 777 4609; x_wconf 86' lang='grc' dir='ltr'><strong>ἀπλοῦν</strong></span> <span class='ocrx_word' id='word_1_515' title='bbox 811 4552 957 4610; x_wconf 73' lang='grc' dir='ltr'><strong>εἶναι</strong></span> <span class='ocrx_word' id='word_1_516' title='bbox 999 4559 1061 4609; x_wconf 85' lang='grc' dir='ltr'><strong>τὸ</strong></span> <span class='ocrx_word' id='word_1_517' title='bbox 1095 4559 1342 4628; x_wconf 77' lang='grc' dir='ltr'><strong>Πνεῦμα,</strong></span> <span class='ocrx_word' id='word_1_518' title='bbox 1366 4561 1632 4631; x_wconf 73' lang='grc' dir='ltr'><strong>ζητητέον</strong></span> <span class='ocrx_word' id='word_1_519' title='bbox 1655 4563 1771 4613; x_wconf 76' lang='grc' dir='ltr'><strong>ἐστὶ</strong></span> 
     </span>
    </p>
   </div>
   <div class='ocr_carea' id='block_1_74' title="bbox 1875 3354 3462 3428">
    <p class='ocr_par' dir='ltr' id='par_1_74' title="bbox 1875 3354 3462 3428">
     <span class='ocr_line' id='line_1_74' title="bbox 1875 3354 3462 3428; baseline -0.001 -17"><span class='ocrx_word' id='word_1_520' title='bbox 1875 3354 1983 3411; x_wconf 80' lang='lat' dir='ltr'><strong>bus</strong></span> <span class='ocrx_word' id='word_1_521' title='bbox 2005 3365 2110 3418; x_wconf 91' lang='lat' dir='ltr'><strong>est,</strong></span> <span class='ocrx_word' id='word_1_522' title='bbox 2142 3356 2681 3421; x_wconf 86' lang='lat' dir='ltr'><strong>determinationem,</strong></span> <span class='ocrx_word' id='word_1_523' title='bbox 2699 3372 2768 3411; x_wconf 87' lang='lat' dir='ltr'><strong>ne</strong></span> <span class='ocrx_word' id='word_1_524' title='bbox 2792 3355 3092 3412; x_wconf 89' lang='lat' dir='ltr'><strong>dictionum</strong></span> <span class='ocrx_word' id='word_1_525' title='bbox 3117 3358 3266 3410; x_wconf 86' lang='lat' dir='ltr'><strong>varia</strong></span> <span class='ocrx_word' id='word_1_526' title='bbox 3287 3359 3462 3428; x_wconf 86' lang='lat' dir='ltr'><strong>signi-</strong></span> 
     </span>
    </p>
   </div>
   <div class='ocr_carea' id='block_1_75' title="bbox 1877 3448 3460 3524">
    <p class='ocr_par' dir='ltr' id='par_1_75' title="bbox 1877 3448 3460 3524">
     <span class='ocr_line' id='line_1_75' title="bbox 1877 3448 3460 3524; baseline 0.003 -23"><span class='ocrx_word' id='word_1_527' title='bbox 1877 3448 2150 3524; x_wconf 70' lang='lat' dir='ltr'><strong>ﬁcatione,</strong></span> <span class='ocrx_word' id='word_1_528' title='bbox 2180 3449 2383 3502; x_wconf 80' lang='lat' dir='ltr'><strong>veritas</strong></span> <span class='ocrx_word' id='word_1_529' title='bbox 2419 3448 2769 3502; x_wconf 88' lang='lat' dir='ltr'><strong>obscuretur.</strong></span> <span class='ocrx_word' id='word_1_530' title='bbox 2804 3448 3072 3514; x_wconf 80' lang='lat' dir='ltr'><strong>Tu&#39;vero,</strong></span> <span class='ocrx_word' id='word_1_531' title='bbox 3113 3450 3460 3519; x_wconf 81' lang='lat' dir='ltr'><strong>sapientissi-</strong></span> 
     </span>
    </p>
   </div>
   <div class='ocr_carea' id='block_1_76' title="bbox 1877 3541 3462 3612">
    <p class='ocr_par' dir='ltr' id='par_1_76' title="bbox 1877 3541 3462 3612">
     <span class='ocr_line' id='line_1_76' title="bbox 1877 3541 3462 3612; baseline 0.003 -17"><span class='ocrx_word' id='word_1_532' title='bbox 1877 3557 1965 3596; x_wconf 83' lang='lat' dir='ltr'><strong>me</strong></span> <span class='ocrx_word' id='word_1_533' title='bbox 1993 3541 2172 3606; x_wconf 86' lang='lat' dir='ltr'><strong>Photl,</strong></span> <span class='ocrx_word' id='word_1_534' title='bbox 2207 3556 2448 3612; x_wconf 86' lang='lat' dir='ltr'><strong>namque</strong></span> <span class='ocrx_word' id='word_1_535' title='bbox 2475 3542 2544 3596; x_wconf 89' lang='lat' dir='ltr'><strong>ad</strong></span> <span class='ocrx_word' id='word_1_536' title='bbox 2595 3551 2646 3597; x_wconf 91' lang='lat' dir='ltr'><strong>te</strong></span> <span class='ocrx_word' id='word_1_537' title='bbox 2670 3544 2836 3596; x_wconf 83' lang='lat' dir='ltr'><strong>veluti</strong></span> <span class='ocrx_word' id='word_1_538' title='bbox 2890 3557 3214 3612; x_wconf 69' lang='lat' dir='ltr'><strong>praesentem</strong></span> <span class='ocrx_word' id='word_1_539' title='bbox 3252 3548 3462 3600; x_wconf 87' lang='lat' dir='ltr'><strong>oratio-</strong></span> 
     </span>
    </p>
   </div>
   <div class='ocr_carea' id='block_1_77' title="bbox 1878 3633 3462 3706">
    <p class='ocr_par' dir='ltr' id='par_1_77' title="bbox 1878 3633 3462 3706">
     <span class='ocr_line' id='line_1_77' title="bbox 1878 3633 3462 3706; baseline 0.004 -22"><span class='ocrx_word' id='word_1_540' title='bbox 1878 3646 2000 3684; x_wconf 85' lang='lat' dir='ltr'><strong>nem</strong></span> <span class='ocrx_word' id='word_1_541' title='bbox 2028 3643 2317 3696; x_wconf 72' lang='lat' dir='ltr'><strong>cenrerto,</strong></span> <span class='ocrx_word' id='word_1_542' title='bbox 2349 3634 2402 3685; x_wconf 90' lang='lat' dir='ltr'><strong>in</strong></span> <span class='ocrx_word' id='word_1_543' title='bbox 2437 3633 2687 3702; x_wconf 89' lang='lat' dir='ltr'><strong>apposito</strong></span> <span class='ocrx_word' id='word_1_544' title='bbox 2748 3635 2924 3703; x_wconf 91' lang='lat' dir='ltr'><strong>primo</strong></span> <span class='ocrx_word' id='word_1_545' title='bbox 2961 3635 3065 3689; x_wconf 85' lang='lat' dir='ltr'><strong>h0c</strong></span> <span class='ocrx_word' id='word_1_546' title='bbox 3119 3636 3462 3706; x_wconf 83' lang='lat' dir='ltr'><strong>syllogismo,</strong></span> 
     </span>
    </p>
   </div>
   <div class='ocr_carea' id='block_1_78' title="bbox 1875 3724 3461 3796">
    <p class='ocr_par' dir='ltr' id='par_1_78' title="bbox 1875 3724 3461 3796">
     <span class='ocr_line' id='line_1_78' title="bbox 1875 3724 3461 3796; baseline 0.005 -21"><span class='ocrx_word' id='word_1_547' title='bbox 1875 3732 1927 3776; x_wconf 90' lang='lat' dir='ltr'><strong>et</strong></span> <span class='ocrx_word' id='word_1_548' title='bbox 1982 3724 2084 3778; x_wconf 87' lang='lat' dir='ltr'><strong>sub</strong></span> <span class='ocrx_word' id='word_1_549' title='bbox 2141 3725 2457 3779; x_wconf 81' lang='lat' dir='ltr'><strong>conditione</strong></span> <span class='ocrx_word' id='word_1_550' title='bbox 2507 3725 2962 3796; x_wconf 89' lang='lat' dir='ltr'><strong>circumplicato,</strong></span> <span class='ocrx_word' id='word_1_551' title='bbox 3029 3729 3076 3783; x_wconf 91' lang='lat' dir='ltr'><strong>si</strong></span> <span class='ocrx_word' id='word_1_552' title='bbox 3149 3745 3215 3782; x_wconf 83' lang='lat' dir='ltr'><strong>ex</strong></span> <span class='ocrx_word' id='word_1_553' title='bbox 3277 3728 3461 3795; x_wconf 83' lang='lat' dir='ltr'><strong>Patre,</strong></span> 
     </span>
    </p>
   </div>
   <div class='ocr_carea' id='block_1_79' title="bbox 1875 3814 3463 3890">
    <p class='ocr_par' dir='ltr' id='par_1_79' title="bbox 1875 3814 3463 3890">
     <span class='ocr_line' id='line_1_79' title="bbox 1875 3814 3463 3890; baseline 0.006 -24"><span class='ocrx_word' id='word_1_554' title='bbox 1875 3814 1979 3878; x_wconf 86' lang='lat' dir='ltr'><strong>ais,</strong></span> <span class='ocrx_word' id='word_1_555' title='bbox 2047 3823 2102 3868; x_wconf 91' lang='lat' dir='ltr'><strong>et</strong></span> <span class='ocrx_word' id='word_1_556' title='bbox 2154 3814 2294 3870; x_wconf 78' lang='lat' dir='ltr'><strong>Filio</strong></span> <span class='ocrx_word' id='word_1_557' title='bbox 2383 3814 2624 3886; x_wconf 85' lang='lat' dir='ltr'><strong>Spiritus</strong></span> <span class='ocrx_word' id='word_1_558' title='bbox 2704 3820 2982 3887; x_wconf 70' lang='lat' dir='ltr'><strong>procedit,</strong></span> <span class='ocrx_word' id='word_1_559' title='bbox 3040 3835 3166 3874; x_wconf 85' lang='lat' dir='ltr'><strong>cum</strong></span> <span class='ocrx_word' id='word_1_560' title='bbox 3225 3820 3463 3890; x_wconf 89' lang='lat' dir='ltr'><strong>Spiritus</strong></span> 
     </span>
    </p>
   </div>
   <div class='ocr_carea' id='block_1_80' title="bbox 1876 3903 3465 3980">
    <p class='ocr_par' dir='ltr' id='par_1_80' title="bbox 1876 3903 3465 3980">
     <span class='ocr_line' id='line_1_80' title="bbox 1876 3903 3465 3980; baseline 0.004 -19"><span class='ocrx_word' id='word_1_561' title='bbox 1876 3907 2104 3976; x_wconf 79' lang='lat' dir='ltr'><strong>simplex</strong></span> <span class='ocrx_word' id='word_1_562' title='bbox 2141 3909 2232 3970; x_wconf 88' lang='lat' dir='ltr'><strong>sit,</strong></span> <span class='ocrx_word' id='word_1_563' title='bbox 2270 3910 2581 3964; x_wconf 86' lang='lat' dir='ltr'><strong>necessario</strong></span> <span class='ocrx_word' id='word_1_564' title='bbox 2631 3911 2883 3980; x_wconf 88' lang='lat' dir='ltr'><strong>sequitur</strong></span> <span class='ocrx_word' id='word_1_565' title='bbox 2907 3952 2922 3976; x_wconf 90' lang='lat'><strong>,</strong></span> <span class='ocrx_word' id='word_1_566' title='bbox 2952 3927 3016 3966; x_wconf 82' lang='lat' dir='ltr'><strong>ex</strong></span> <span class='ocrx_word' id='word_1_567' title='bbox 3051 3913 3209 3968; x_wconf 88' lang='lat' dir='ltr'><strong>Patre</strong></span> <span class='ocrx_word' id='word_1_568' title='bbox 3239 3923 3292 3968; x_wconf 92' lang='lat' dir='ltr'><strong>et</strong></span> <span class='ocrx_word' id='word_1_569' title='bbox 3325 3903 3465 3969; x_wconf 76' lang='lat' dir='ltr'><strong>Filio</strong></span> 
     </span>
    </p>
   </div>
   <div class='ocr_carea' id='block_1_81' title="bbox 1879 3999 3466 4077">
    <p class='ocr_par' dir='ltr' id='par_1_81' title="bbox 1879 3999 3466 4077">
     <span class='ocr_line' id='line_1_81' title="bbox 1879 3999 3466 4077; baseline 0.006 -26"><span class='ocrx_word' id='word_1_570' title='bbox 1879 3999 2118 4067; x_wconf 85' lang='lat' dir='ltr'><strong>Spiritus</strong></span> <span class='ocrx_word' id='word_1_571' title='bbox 2146 4003 2499 4069; x_wconf 89' lang='lat' dir='ltr'><strong>processione</strong></span> <span class='ocrx_word' id='word_1_572' title='bbox 2547 4003 2800 4055; x_wconf 88' lang='lat' dir='ltr'><strong>contrahi</strong></span> <span class='ocrx_word' id='word_1_573' title='bbox 2837 4003 3002 4058; x_wconf 86' lang='lat' dir='ltr'><strong>hosce</strong></span> <span class='ocrx_word' id='word_1_574' title='bbox 3047 4003 3102 4057; x_wconf 89' lang='lat' dir='ltr'><strong>in</strong></span> <span class='ocrx_word' id='word_1_575' title='bbox 3152 4021 3466 4077; x_wconf 82' lang='lat' dir='ltr'><strong>unamper-</strong></span> 
     </span>
    </p>
   </div>
   <div class='ocr_carea' id='block_1_82' title="bbox 1875 4092 3461 4163">
    <p class='ocr_par' dir='ltr' id='par_1_82' title="bbox 1875 4092 3461 4163">
     <span class='ocr_line' id='line_1_82' title="bbox 1875 4092 3461 4163; baseline 0.002 -14"><span class='ocrx_word' id='word_1_576' title='bbox 1875 4109 2105 4158; x_wconf 83' lang='lat' dir='ltr'><strong>sonam,</strong></span> <span class='ocrx_word' id='word_1_577' title='bbox 2165 4092 2313 4163; x_wconf 92' lang='lat' dir='ltr'><strong>quod</strong></span> <span class='ocrx_word' id='word_1_578' title='bbox 2365 4092 2732 4149; x_wconf 86' lang='lat' dir='ltr'><strong>Sabellianam</strong></span> <span class='ocrx_word' id='word_1_579' title='bbox 2803 4105 2900 4149; x_wconf 92' lang='lat' dir='ltr'><strong>aut</strong></span> <span class='ocrx_word' id='word_1_580' title='bbox 2954 4097 3461 4154; x_wconf 82' lang='lat' dir='ltr'><strong>Seruisabellianam</strong></span> 
     </span>
    </p>
   </div>
   <div class='ocr_carea' id='block_1_83' title="bbox 1876 4185 3462 4260">
    <p class='ocr_par' dir='ltr' id='par_1_83' title="bbox 1876 4185 3462 4260">
     <span class='ocr_line' id='line_1_83' title="bbox 1876 4185 3462 4260; baseline 0.004 -20"><span class='ocrx_word' id='word_1_581' title='bbox 1876 4186 2128 4240; x_wconf 69' lang='lat' dir='ltr'><strong>haeresim</strong></span> <span class='ocrx_word' id='word_1_582' title='bbox 2166 4185 2454 4256; x_wconf 86' lang='lat' dir='ltr'><strong>indigetas.</strong></span> <span class='ocrx_word' id='word_1_583' title='bbox 2499 4186 2636 4240; x_wconf 85' lang='lat' dir='ltr'><strong>Cum</strong></span> <span class='ocrx_word' id='word_1_584' title='bbox 2690 4187 2873 4257; x_wconf 90' lang='lat' dir='ltr'><strong>itaque</strong></span> <span class='ocrx_word' id='word_1_585' title='bbox 2908 4189 3144 4244; x_wconf 87' lang='lat' dir='ltr'><strong>duarum</strong></span> <span class='ocrx_word' id='word_1_586' title='bbox 3194 4205 3462 4260; x_wconf 86' lang='lat' dir='ltr'><strong>persona-</strong></span> 
     </span>
    </p>
   </div>
   <div class='ocr_carea' id='block_1_84' title="bbox 1875 4279 3466 4353">
    <p class='ocr_par' dir='ltr' id='par_1_84' title="bbox 1875 4279 3466 4353">
     <span class='ocr_line' id='line_1_84' title="bbox 1875 4279 3466 4353; baseline 0.004 -22"><span class='ocrx_word' id='word_1_587' title='bbox 1875 4295 1996 4332; x_wconf 90' lang='lat' dir='ltr'><strong>rum</strong></span> <span class='ocrx_word' id='word_1_588' title='bbox 2031 4279 2085 4331; x_wconf 92' lang='lat' dir='ltr'><strong>in</strong></span> <span class='ocrx_word' id='word_1_589' title='bbox 2110 4294 2272 4331; x_wconf 90' lang='lat' dir='ltr'><strong>unam</strong></span> <span class='ocrx_word' id='word_1_590' title='bbox 2320 4281 2752 4334; x_wconf 89' lang='lat' dir='ltr'><strong>contractionem</strong></span> <span class='ocrx_word' id='word_1_591' title='bbox 2793 4283 3107 4337; x_wconf 87' lang='lat' dir='ltr'><strong>necessario</strong></span> <span class='ocrx_word' id='word_1_592' title='bbox 3135 4286 3290 4353; x_wconf 88' lang='lat' dir='ltr'><strong>sequi</strong></span> <span class='ocrx_word' id='word_1_593' title='bbox 3323 4286 3466 4340; x_wconf 68' lang='lat' dir='ltr'><strong>aﬂir~</strong></span> 
     </span>
    </p>
   </div>
   <div class='ocr_carea' id='block_1_85' title="bbox 1876 4369 3464 4445">
    <p class='ocr_par' dir='ltr' id='par_1_85' title="bbox 1876 4369 3464 4445">
     <span class='ocr_line' id='line_1_85' title="bbox 1876 4369 3464 4445; baseline 0.008 -23"><span class='ocrx_word' id='word_1_594' title='bbox 1876 4384 2013 4434; x_wconf 88' lang='lat' dir='ltr'><strong>ruas,</strong></span> <span class='ocrx_word' id='word_1_595' title='bbox 2049 4370 2095 4423; x_wconf 83' lang='lat' dir='ltr'><strong>si</strong></span> <span class='ocrx_word' id='word_1_596' title='bbox 2136 4371 2260 4439; x_wconf 87' lang='lat' dir='ltr'><strong>quis</strong></span> <span class='ocrx_word' id='word_1_597' title='bbox 2305 4383 2371 4422; x_wconf 80' lang='lat' dir='ltr'><strong>ex</strong></span> <span class='ocrx_word' id='word_1_598' title='bbox 2416 4369 2577 4424; x_wconf 83' lang='lat' dir='ltr'><strong>Patre</strong></span> <span class='ocrx_word' id='word_1_599' title='bbox 2611 4383 2665 4424; x_wconf 91' lang='lat' dir='ltr'><strong>et</strong></span> <span class='ocrx_word' id='word_1_600' title='bbox 2711 4371 2849 4426; x_wconf 89' lang='lat' dir='ltr'><strong>Filio</strong></span> <span class='ocrx_word' id='word_1_601' title='bbox 2873 4375 3135 4442; x_wconf 86' lang='lat' dir='ltr'><strong>Spiritum</strong></span> <span class='ocrx_word' id='word_1_602' title='bbox 3170 4381 3464 4445; x_wconf 71' lang='lat' dir='ltr'><strong>protedere</strong></span> 
     </span>
    </p>
   </div>
   <div class='ocr_carea' id='block_1_86' title="bbox 1876 4463 3458 4537">
    <p class='ocr_par' dir='ltr' id='par_1_86' title="bbox 1876 4463 3458 4537">
     <span class='ocr_line' id='line_1_86' title="bbox 1876 4463 3458 4537; baseline 0.006 -22"><span class='ocrx_word' id='word_1_603' title='bbox 1876 4464 2169 4529; x_wconf 80' lang='lat' dir='ltr'><strong>concedet,</strong></span> <span class='ocrx_word' id='word_1_604' title='bbox 2220 4465 2363 4532; x_wconf 91' lang='lat' dir='ltr'><strong>quod</strong></span> <span class='ocrx_word' id='word_1_605' title='bbox 2415 4463 2652 4532; x_wconf 89' lang='lat' dir='ltr'><strong>Spiritus</strong></span> <span class='ocrx_word' id='word_1_606' title='bbox 2699 4467 2929 4536; x_wconf 81' lang='lat' dir='ltr'><strong>simplex</strong></span> <span class='ocrx_word' id='word_1_607' title='bbox 2977 4469 3067 4533; x_wconf 91' lang='lat' dir='ltr'><strong>sit,</strong></span> <span class='ocrx_word' id='word_1_608' title='bbox 3105 4473 3458 4537; x_wconf 81' lang='lat' dir='ltr'><strong>quaerendum</strong></span> 
     </span>
    </p>
   </div>
   <div class='ocr_carea' id='block_1_87' title="bbox 1873 4555 3464 4627">
    <p class='ocr_par' dir='ltr' id='par_1_87' title="bbox 1873 4555 3464 4627">
     <span class='ocr_line' id='line_1_87' title="bbox 1873 4555 3464 4627; baseline 0.008 -20"><span class='ocrx_word' id='word_1_609' title='bbox 1873 4555 2030 4624; x_wconf 88' lang='lat' dir='ltr'><strong>plane</strong></span> <span class='ocrx_word' id='word_1_610' title='bbox 2058 4563 2160 4620; x_wconf 89' lang='lat' dir='ltr'><strong>est,</strong></span> <span class='ocrx_word' id='word_1_611' title='bbox 2189 4556 2292 4609; x_wconf 91' lang='lat' dir='ltr'><strong>hoc</strong></span> <span class='ocrx_word' id='word_1_612' title='bbox 2317 4558 2593 4621; x_wconf 83' lang='lat' dir='ltr'><strong>procedere</strong></span> <span class='ocrx_word' id='word_1_613' title='bbox 2620 4573 2857 4627; x_wconf 88' lang='lat' dir='ltr'><strong>quonam</strong></span> <span class='ocrx_word' id='word_1_614' title='bbox 2893 4559 3203 4627; x_wconf 76' lang='lat' dir='ltr'><strong>signiﬁcatu</strong></span> <span class='ocrx_word' id='word_1_615' title='bbox 3235 4565 3323 4618; x_wconf 91' lang='lat' dir='ltr'><strong>hic</strong></span> <span class='ocrx_word' id='word_1_616' title='bbox 3353 4584 3380 4615; x_wconf 87' lang='lat' dir='ltr'><strong>a</strong></span> <span class='ocrx_word' id='word_1_617' title='bbox 3412 4575 3464 4619; x_wconf 88' lang='lat' dir='ltr'><strong>te</strong></span> 
     </span>
    </p>
   </div>
   <div class='ocr_carea' id='block_1_88' title="bbox 203 4645 1772 4723">
    <p class='ocr_par' dir='ltr' id='par_1_88' title="bbox 203 4645 1772 4723">
     <span class='ocr_line' id='line_1_88' title="bbox 203 4645 1772 4723; baseline 0.006 -25"><span class='ocrx_word' id='word_1_618' title='bbox 203 4645 259 4698; x_wconf 82' lang='grc' dir='ltr'><strong>τὸ</strong></span> <span class='ocrx_word' id='word_1_619' title='bbox 303 4649 686 4717; x_wconf 67' lang='grc' dir='ltr'><strong>ἐκπορεύεται</strong></span> <span class='ocrx_word' id='word_1_620' title='bbox 721 4650 901 4716; x_wconf 88' lang='grc' dir='ltr'><strong>τοῦτο,</strong></span> <span class='ocrx_word' id='word_1_621' title='bbox 939 4653 1055 4714; x_wconf 80' lang='grc' dir='ltr'><strong>πῶς</strong></span> <span class='ocrx_word' id='word_1_622' title='bbox 1109 4654 1516 4723; x_wconf 79' lang='grc' dir='ltr'><strong>ἐκλαμϐάνεταί</strong></span> <span class='ocrx_word' id='word_1_623' title='bbox 1573 4672 1657 4708; x_wconf 82' lang='grc' dir='ltr'><strong>σοι</strong></span> <span class='ocrx_word' id='word_1_624' title='bbox 1685 4659 1772 4708; x_wconf 80' lang='grc' dir='ltr'><strong>ὲν-</strong></span> 
     </span>
    </p>
   </div>
   <div class='ocr_carea' id='block_1_89' title="bbox 1874 4645 3465 4723">
    <p class='ocr_par' dir='ltr' id='par_1_89' title="bbox 1883 4646 3465 4717">
     <span class='ocr_line' id='line_1_89' title="bbox 1883 4646 3465 4717; baseline 0.004 -15"><span class='ocrx_word' id='word_1_625' title='bbox 1883 4657 2215 4702; x_wconf 83' lang='lat' dir='ltr'><strong>assumatur.</strong></span> <span class='ocrx_word' id='word_1_626' title='bbox 2263 4646 2511 4717; x_wconf 84' lang='lat' dir='ltr'><strong>Namque</strong></span> <span class='ocrx_word' id='word_1_627' title='bbox 2538 4649 2686 4702; x_wconf 87' lang='lat' dir='ltr'><strong>dices</strong></span> <span class='ocrx_word' id='word_1_628' title='bbox 2722 4650 2968 4715; x_wconf 89' lang='lat' dir='ltr'><strong>omnino,</strong></span> <span class='ocrx_word' id='word_1_629' title='bbox 2995 4667 3061 4706; x_wconf 81' lang='lat' dir='ltr'><strong>ex</strong></span> <span class='ocrx_word' id='word_1_630' title='bbox 3105 4654 3215 4709; x_wconf 86' lang='lat' dir='ltr'><strong>Deo</strong></span> <span class='ocrx_word' id='word_1_631' title='bbox 3239 4665 3465 4710; x_wconf 74' lang='lat' dir='ltr'><strong>natura-</strong></span> 
     </span>
    </p>
   </div>
   <div class='ocr_carea' id='block_1_90' title="bbox 204 4739 1769 4810">
    <p class='ocr_par' dir='ltr' id='par_1_90' title="bbox 204 4739 1769 4810">
     <span class='ocr_line' id='line_1_90' title="bbox 204 4739 1769 4810; baseline 0.003 -21"><span class='ocrx_word' id='word_1_632' title='bbox 204 4739 389 4792; x_wconf 81' lang='grc' dir='ltr'><strong>ταῦθα.</strong></span> <span class='ocrx_word' id='word_1_633' title='bbox 426 4739 654 4801; x_wconf 74' lang='grc' dir='ltr'><strong>Πάντως</strong></span> <span class='ocrx_word' id='word_1_634' title='bbox 683 4739 793 4809; x_wconf 82' lang='grc' dir='ltr'><strong>γὰρ</strong></span> <span class='ocrx_word' id='word_1_635' title='bbox 823 4740 928 4808; x_wconf 81' lang='grc' dir='ltr'><strong>τὴν</strong></span> <span class='ocrx_word' id='word_1_636' title='bbox 958 4741 1022 4796; x_wconf 69' lang='grc' dir='ltr'><strong>ἐκ</strong></span> <span class='ocrx_word' id='word_1_637' title='bbox 1056 4740 1194 4794; x_wconf 86' lang='grc' dir='ltr'><strong>Θεοῦ</strong></span> <span class='ocrx_word' id='word_1_638' title='bbox 1235 4742 1476 4810; x_wconf 80' lang='grc' dir='ltr'><strong>φυσικὴν</strong></span> <span class='ocrx_word' id='word_1_639' title='bbox 1533 4744 1629 4795; x_wconf 80' lang='grc' dir='ltr'><strong>καὶ</strong></span> <span class='ocrx_word' id='word_1_640' title='bbox 1675 4744 1769 4794; x_wconf 79' lang='grc' dir='ltr'><strong>ού-</strong></span> 
     </span>
    </p>
   </div>
   <div class='ocr_carea' id='block_1_91' title="bbox 207 4829 1771 4904">
    <p class='ocr_par' dir='ltr' id='par_1_91' title="bbox 207 4829 1771 4904">
     <span class='ocr_line' id='line_1_91' title="bbox 207 4829 1771 4904; baseline 0.003 -23"><span class='ocrx_word' id='word_1_641' title='bbox 207 4833 365 4901; x_wconf 72' lang='grc' dir='ltr'><strong>σιώόη</strong></span> <span class='ocrx_word' id='word_1_642' title='bbox 399 4830 493 4884; x_wconf 86' lang='grc' dir='ltr'><strong>τοῦ</strong></span> <span class='ocrx_word' id='word_1_643' title='bbox 549 4829 870 4900; x_wconf 78' lang='grc' dir='ltr'><strong>Πνεύματος</strong></span> <span class='ocrx_word' id='word_1_644' title='bbox 929 4831 1168 4901; x_wconf 79' lang='grc' dir='ltr'><strong>ὓπαρξιν</strong></span> <span class='ocrx_word' id='word_1_645' title='bbox 1217 4833 1415 4903; x_wconf 81' lang='grc' dir='ltr'><strong>δηλοῦν</strong></span> <span class='ocrx_word' id='word_1_646' title='bbox 1474 4835 1621 4904; x_wconf 70' lang='grc' dir='ltr'><strong>ἐρεῖς</strong></span> <span class='ocrx_word' id='word_1_647' title='bbox 1671 4836 1771 4904; x_wconf 82' lang='grc' dir='ltr'><strong>τὴν</strong></span> 
     </span>
    </p>
   </div>
   <div class='ocr_carea' id='block_1_92' title="bbox 205 4921 1772 4994">
    <p class='ocr_par' dir='ltr' id='par_1_92' title="bbox 205 4921 1772 4994">
     <span class='ocr_line' id='line_1_92' title="bbox 205 4921 1772 4994; baseline 0.004 -23"><span class='ocrx_word' id='word_1_648' title='bbox 205 4923 547 4993; x_wconf 72' lang='grc' dir='ltr'><strong>ἑκπόρευσιν,</strong></span> <span class='ocrx_word' id='word_1_649' title='bbox 574 4921 670 4974; x_wconf 81' lang='grc' dir='ltr'><strong>καὶ</strong></span> <span class='ocrx_word' id='word_1_650' title='bbox 728 4921 858 4974; x_wconf 80' lang='grc' dir='ltr'><strong>ἀλλο</strong></span> <span class='ocrx_word' id='word_1_651' title='bbox 885 4940 938 4975; x_wconf 88' lang='grc' dir='ltr'><strong>τι</strong></span> <span class='ocrx_word' id='word_1_652' title='bbox 966 4924 1120 4993; x_wconf 78' lang='grc' dir='ltr'><strong>παρὰ</strong></span> <span class='ocrx_word' id='word_1_653' title='bbox 1143 4924 1348 4994; x_wconf 84' lang='grc' dir='ltr'><strong>ταύτην</strong></span> <span class='ocrx_word' id='word_1_654' title='bbox 1399 4925 1577 4980; x_wconf 80' lang='grc' dir='ltr'><strong>οὐδέν.</strong></span> <span class='ocrx_word' id='word_1_655' title='bbox 1631 4925 1772 4978; x_wconf 83' lang='grc' dir='ltr'><strong>’Δλλ’</strong></span> 
     </span>
    </p>
   </div>
   <div class='ocr_carea' id='block_1_93' title="bbox 205 5014 1770 5086">
    <p class='ocr_par' dir='ltr' id='par_1_93' title="bbox 205 5014 1770 5086">
     <span class='ocr_line' id='line_1_93' title="bbox 205 5014 1770 5086; baseline 0.003 -21"><span class='ocrx_word' id='word_1_656' title='bbox 205 5015 497 5086; x_wconf 74' lang='grc' dir='ltr'><strong>ηῦπαρξις</strong></span> <span class='ocrx_word' id='word_1_657' title='bbox 546 5014 687 5081; x_wconf 81' lang='grc' dir='ltr'><strong>αὕτη</strong></span> <span class='ocrx_word' id='word_1_658' title='bbox 725 5014 826 5067; x_wconf 76' lang='grc' dir='ltr'><strong>οὐκ</strong></span> <span class='ocrx_word' id='word_1_659' title='bbox 873 5015 961 5067; x_wconf 71' lang='grc' dir='ltr'><strong>ἀεὶ</strong></span> <span class='ocrx_word' id='word_1_660' title='bbox 1017 5018 1076 5068; x_wconf 80' lang='grc' dir='ltr'><strong>ἐν</strong></span> <span class='ocrx_word' id='word_1_661' title='bbox 1119 5019 1184 5086; x_wconf 83' lang='grc' dir='ltr'><strong>τῇ</strong></span> <span class='ocrx_word' id='word_1_662' title='bbox 1217 5017 1310 5068; x_wconf 90' lang='grc' dir='ltr'><strong>τοῦ</strong></span> <span class='ocrx_word' id='word_1_663' title='bbox 1371 5015 1770 5085; x_wconf 75' lang='grc' dir='ltr'><strong>ἐκπορεύεσθαι</strong></span> 
     </span>
    </p>
   </div>
   <div class='ocr_carea' id='block_1_94' title="bbox 208 5104 1768 5179">
    <p class='ocr_par' dir='ltr' id='par_1_94' title="bbox 208 5104 1768 5179">
     <span class='ocr_line' id='line_1_94' title="bbox 208 5104 1768 5179; baseline -0.008 -11"><span class='ocrx_word' id='word_1_664' title='bbox 208 5110 337 5179; x_wconf 71' lang='grc' dir='ltr'><strong>μόνῃ</strong></span> <span class='ocrx_word' id='word_1_665' title='bbox 364 5107 695 5176; x_wconf 80' lang='grc' dir='ltr'><strong>σημαίνεται</strong></span> <span class='ocrx_word' id='word_1_666' title='bbox 723 5104 890 5169; x_wconf 79' lang='grc' dir='ltr'><strong>λέξει,</strong></span> <span class='ocrx_word' id='word_1_667' title='bbox 914 5105 1051 5158; x_wconf 74' lang='grc' dir='ltr'><strong>ἀλλὰ</strong></span> <span class='ocrx_word' id='word_1_668' title='bbox 1096 5109 1192 5159; x_wconf 76' lang='grc' dir='ltr'><strong>καὶ</strong></span> <span class='ocrx_word' id='word_1_669' title='bbox 1231 5109 1290 5160; x_wconf 72' lang='grc' dir='ltr'><strong>ὲν</strong></span> <span class='ocrx_word' id='word_1_670' title='bbox 1318 5106 1508 5169; x_wconf 76' lang='grc' dir='ltr'><strong>ἄλλαις</strong></span> <span class='ocrx_word' id='word_1_671' title='bbox 1524 5106 1768 5174; x_wconf 68' lang='grc' dir='ltr'><strong>πολλαῖς,</strong></span> 
     </span>
    </p>
   </div>
   <div class='ocr_carea' id='block_1_95' title="bbox 204 5195 1771 5271">
    <p class='ocr_par' dir='ltr' id='par_1_95' title="bbox 204 5195 1771 5271">
     <span class='ocr_line' id='line_1_95' title="bbox 204 5195 1771 5271; baseline 0.001 -20"><span class='ocrx_word' id='word_1_672' title='bbox 204 5195 270 5252; x_wconf 70' lang='grc' dir='ltr'><strong>ὧν</strong></span> <span class='ocrx_word' id='word_1_673' title='bbox 310 5207 427 5252; x_wconf 68' lang='grc' dir='ltr'><strong>ἐστι</strong></span> <span class='ocrx_word' id='word_1_674' title='bbox 469 5203 565 5253; x_wconf 73' lang='grc' dir='ltr'><strong>καὶ</strong></span> <span class='ocrx_word' id='word_1_675' title='bbox 590 5200 650 5251; x_wconf 79' lang='grc' dir='ltr'><strong>τὸ</strong></span> <span class='ocrx_word' id='word_1_676' title='bbox 677 5200 976 5267; x_wconf 71' lang='grc' dir='ltr'><strong>προϊέναι,</strong></span> <span class='ocrx_word' id='word_1_677' title='bbox 1020 5201 1114 5253; x_wconf 82' lang='grc' dir='ltr'><strong>καὶ</strong></span> <span class='ocrx_word' id='word_1_678' title='bbox 1145 5201 1205 5253; x_wconf 86' lang='grc' dir='ltr'><strong>τὸ</strong></span> <span class='ocrx_word' id='word_1_679' title='bbox 1245 5199 1627 5271; x_wconf 70' lang='grc' dir='ltr'><strong>προχεῖσθαι,</strong></span> <span class='ocrx_word' id='word_1_680' title='bbox 1679 5201 1771 5252; x_wconf 77' lang='grc' dir='ltr'><strong>καὶ</strong></span> 
     </span>
    </p>
   </div>
   <div class='ocr_carea' id='block_1_96' title="bbox 205 5289 1772 5362">
    <p class='ocr_par' dir='ltr' id='par_1_96' title="bbox 205 5289 1772 5362">
     <span class='ocr_line' id='line_1_96' title="bbox 205 5289 1772 5362; baseline -0.002 -18"><span class='ocrx_word' id='word_1_681' title='bbox 205 5294 592 5360; x_wconf 66' lang='grc' dir='ltr'><strong>κροᾶρχεσθαι</strong></span> <span class='ocrx_word' id='word_1_682' title='bbox 615 5294 762 5346; x_wconf 83' lang='grc' dir='ltr'><strong>αὐτὸ</strong></span> <span class='ocrx_word' id='word_1_683' title='bbox 787 5292 856 5347; x_wconf 72' lang='grc' dir='ltr'><strong>ἐκ</strong></span> <span class='ocrx_word' id='word_1_684' title='bbox 883 5294 1134 5360; x_wconf 79' lang='grc' dir='ltr'><strong>Πατρός.</strong></span> <span class='ocrx_word' id='word_1_685' title='bbox 1163 5289 1402 5359; x_wconf 73' lang='grc' dir='ltr'><strong>Οἴδαμεν</strong></span> <span class='ocrx_word' id='word_1_686' title='bbox 1425 5293 1482 5346; x_wconf 65' lang='grc' dir='ltr'><strong>δὲ</strong></span> <span class='ocrx_word' id='word_1_687' title='bbox 1511 5293 1651 5345; x_wconf 82' lang='grc' dir='ltr'><strong>κατὰ</strong></span> <span class='ocrx_word' id='word_1_688' title='bbox 1671 5293 1772 5362; x_wconf 73' lang='grc' dir='ltr'><strong>τὴν</strong></span> 
     </span>
    </p>
   </div>
   <div class='ocr_carea' id='block_1_97' title="bbox 207 5379 1774 5456">
    <p class='ocr_par' dir='ltr' id='par_1_97' title="bbox 207 5379 1774 5456">
     <span class='ocr_line' id='line_1_97' title="bbox 207 5379 1774 5456; baseline 0.001 -20"><span class='ocrx_word' id='word_1_689' title='bbox 207 5385 384 5456; x_wconf 79' lang='grc' dir='ltr'><strong>κοινὴν</strong></span> <span class='ocrx_word' id='word_1_690' title='bbox 426 5380 618 5456; x_wconf 73' lang='grc' dir='ltr'><strong>ὥσπερ</strong></span> <span class='ocrx_word' id='word_1_691' title='bbox 687 5379 1071 5456; x_wconf 76' lang='grc' dir='ltr'><strong>ὁμολογεῖσθαι</strong></span> <span class='ocrx_word' id='word_1_692' title='bbox 1126 5387 1226 5456; x_wconf 82' lang='grc' dir='ltr'><strong>τὴν</strong></span> <span class='ocrx_word' id='word_1_693' title='bbox 1277 5386 1487 5439; x_wconf 78' lang='grc' dir='ltr'><strong>ἔννοιαν</strong></span> <span class='ocrx_word' id='word_1_694' title='bbox 1530 5389 1596 5456; x_wconf 76' lang='grc' dir='ltr'><strong>τῇ</strong></span> <span class='ocrx_word' id='word_1_695' title='bbox 1651 5387 1774 5438; x_wconf 82' lang='grc' dir='ltr'><strong>καθ’</strong></span> 
     </span>
    </p>
   </div>
   <div class='ocr_carea' id='block_1_98' title="bbox 205 5479 1772 5551">
    <p class='ocr_par' dir='ltr' id='par_1_98' title="bbox 205 5479 1772 5551">
     <span class='ocr_line' id='line_1_98' title="bbox 205 5479 1772 5551; baseline -0.002 -17"><span class='ocrx_word' id='word_1_696' title='bbox 205 5481 342 5550; x_wconf 69' lang='grc' dir='ltr'><strong>ἡμᾶς</strong></span> <span class='ocrx_word' id='word_1_697' title='bbox 405 5479 705 5551; x_wconf 60' lang='grc' dir='ltr'><strong>Ἐκκλησία</strong></span> <span class='ocrx_word' id='word_1_698' title='bbox 757 5482 821 5533; x_wconf 78' lang='grc' dir='ltr'><strong>ὲκ</strong></span> <span class='ocrx_word' id='word_1_699' title='bbox 849 5481 1058 5550; x_wconf 81' lang='grc' dir='ltr'><strong>Πατρδς</strong></span> <span class='ocrx_word' id='word_1_700' title='bbox 1088 5481 1181 5532; x_wconf 73' lang='grc' dir='ltr'><strong>καὶ</strong></span> <span class='ocrx_word' id='word_1_701' title='bbox 1207 5479 1337 5532; x_wconf 82' lang='grc' dir='ltr'><strong>Υἱοῦ</strong></span> <span class='ocrx_word' id='word_1_702' title='bbox 1398 5479 1570 5533; x_wconf 90' lang='grc' dir='ltr'><strong>ταῦτα</strong></span> <span class='ocrx_word' id='word_1_703' title='bbox 1597 5481 1772 5532; x_wconf 83' lang='grc' dir='ltr'><strong>πάντα</strong></span> 
     </span>
    </p>
   </div>
   <div class='ocr_carea' id='block_1_99' title="bbox 207 5569 1775 5644">
    <p class='ocr_par' dir='ltr' id='par_1_99' title="bbox 207 5569 1775 5644">
     <span class='ocr_line' id='line_1_99' title="bbox 207 5569 1775 5644; baseline -0.001 -18"><span class='ocrx_word' id='word_1_704' title='bbox 207 5575 288 5626; x_wconf 67' lang='grc' dir='ltr'><strong>επ.</strong></span> <span class='ocrx_word' id='word_1_705' title='bbox 316 5573 411 5627; x_wconf 84' lang='grc' dir='ltr'><strong>τοῦ</strong></span> <span class='ocrx_word' id='word_1_706' title='bbox 441 5573 615 5626; x_wconf 82' lang='grc' dir='ltr'><strong>ἁπλοῦ</strong></span> <span class='ocrx_word' id='word_1_707' title='bbox 651 5573 905 5641; x_wconf 82' lang='grc' dir='ltr'><strong>λέγεσθαι</strong></span> <span class='ocrx_word' id='word_1_708' title='bbox 961 5573 1300 5642; x_wconf 81' lang='grc' dir='ltr'><strong>Πνεῦματος,</strong></span> <span class='ocrx_word' id='word_1_709' title='bbox 1358 5575 1454 5626; x_wconf 79' lang='grc' dir='ltr'><strong>καὶ</strong></span> <span class='ocrx_word' id='word_1_710' title='bbox 1486 5575 1585 5644; x_wconf 82' lang='grc' dir='ltr'><strong>τὴν</strong></span> <span class='ocrx_word' id='word_1_711' title='bbox 1607 5569 1775 5626; x_wconf 83' lang='grc' dir='ltr'><strong>αὑτοῦ</strong></span> 
     </span>
    </p>
   </div>
   <div class='ocr_carea' id='block_1_100' title="bbox 206 5651 1772 5736">
    <p class='ocr_par' dir='ltr' id='par_1_100' title="bbox 206 5651 1772 5736">
     <span class='ocr_line' id='line_1_100' title="bbox 206 5651 1772 5736; baseline 0.001 -19"><span class='ocrx_word' id='word_1_712' title='bbox 206 5666 480 5736; x_wconf 68' lang='grc' dir='ltr'><strong>τηρεῖσθαι</strong></span> <span class='ocrx_word' id='word_1_713' title='bbox 509 5665 812 5735; x_wconf 67' lang='grc' dir='ltr'><strong>ἁπλότητι,</strong></span> <span class='ocrx_word' id='word_1_714' title='bbox 853 5666 947 5716; x_wconf 78' lang='grc' dir='ltr'><strong>καὶ</strong></span> <span class='ocrx_word' id='word_1_715' title='bbox 977 5665 1256 5733; x_wconf 81' lang='grc' dir='ltr'><strong>μηδεμίαν</strong></span> <span class='ocrx_word' id='word_1_716' title='bbox 1286 5665 1521 5718; x_wconf 85' lang='grc' dir='ltr'><strong>ἐνταῦθα</strong></span> <span class='ocrx_word' id='word_1_717' title='bbox 1557 5651 1772 5735; x_wconf 64' lang='lat' dir='ltr'><strong>Harpe;</strong></span> 
     </span>
    </p>
   </div>
   <div class='ocr_carea' id='block_1_101' title="bbox 209 5757 1774 5828">
    <p class='ocr_par' dir='ltr' id='par_1_101' title="bbox 209 5757 1774 5828">
     <span class='ocr_line' id='line_1_101' title="bbox 209 5757 1774 5828; baseline -0.001 -18"><span class='ocrx_word' id='word_1_718' title='bbox 209 5761 295 5810; x_wconf 71' lang='grc' dir='ltr'><strong>καὶ</strong></span> <span class='ocrx_word' id='word_1_719' title='bbox 377 5758 509 5810; x_wconf 78' lang='grc' dir='ltr'><strong>Υἱοῦ</strong></span> <span class='ocrx_word' id='word_1_720' title='bbox 570 5757 900 5826; x_wconf 57' lang='grc' dir='ltr'><strong>συναλοιξὴν</strong></span> <span class='ocrx_word' id='word_1_721' title='bbox 958 5757 1375 5825; x_wconf 73' lang='grc' dir='ltr'><strong>ἀναφαίνεσθαι.</strong></span> <span class='ocrx_word' id='word_1_722' title='bbox 1438 5759 1547 5811; x_wconf 74' lang='grc' dir='ltr'><strong>Καὶ</strong></span> <span class='ocrx_word' id='word_1_723' title='bbox 1593 5759 1774 5828; x_wconf 77' lang='grc' dir='ltr'><strong>σαφὴς</strong></span> 
     </span>
    </p>
   </div>
   <div class='ocr_carea' id='block_1_102' title="bbox 210 5835 1773 5918">
    <p class='ocr_par' dir='ltr' id='par_1_102' title="bbox 210 5835 1773 5918">
     <span class='ocr_line' id='line_1_102' title="bbox 210 5835 1773 5918; baseline 0 -16"><span class='ocrx_word' id='word_1_724' title='bbox 210 5850 358 5902; x_wconf 71' lang='grc' dir='ltr'><strong>τοῦτο</strong></span> <span class='ocrx_word' id='word_1_725' title='bbox 383 5853 532 5901; x_wconf 78' lang='grc' dir='ltr'><strong>ἐστιν</strong></span> <span class='ocrx_word' id='word_1_726' title='bbox 563 5835 862 5912; x_wconf 68' lang='grc' dir='ltr'><strong>ἀπόδειξίς,</strong></span> <span class='ocrx_word' id='word_1_727' title='bbox 902 5849 964 5899; x_wconf 75' lang='grc' dir='ltr'><strong>τὸ</strong></span> <span class='ocrx_word' id='word_1_728' title='bbox 1011 5847 1097 5918; x_wconf 77' lang='grc' dir='ltr'><strong>μή·</strong></span> <span class='ocrx_word' id='word_1_729' title='bbox 1117 5849 1175 5898; x_wconf 80' lang='grc' dir='ltr'><strong>τὺ</strong></span> <span class='ocrx_word' id='word_1_730' title='bbox 1204 5847 1400 5900; x_wconf 81' lang='grc' dir='ltr'><strong>δοκοῦν</strong></span> <span class='ocrx_word' id='word_1_731' title='bbox 1425 5865 1505 5899; x_wconf 82' lang='grc' dir='ltr'><strong>σοι</strong></span> <span class='ocrx_word' id='word_1_732' title='bbox 1539 5849 1773 5902; x_wconf 68' lang='grc' dir='ltr'><strong>ἀκολου-</strong></span> 
     </span>
    </p>
   </div>
   <div class='ocr_carea' id='block_1_103' title="bbox 213 5933 1772 6013">
    <p class='ocr_par' dir='ltr' id='par_1_103' title="bbox 213 5933 1772 6013">
     <span class='ocr_line' id='line_1_103' title="bbox 213 5933 1772 6013; baseline 0.002 -18"><span class='ocrx_word' id='word_1_733' title='bbox 213 5943 562 6010; x_wconf 74' lang='grc' dir='ltr'><strong>οείνάτοπον,</strong></span> <span class='ocrx_word' id='word_1_734' title='bbox 610 5944 705 5997; x_wconf 71' lang='grc' dir='ltr'><strong>ἐὰν</strong></span> <span class='ocrx_word' id='word_1_735' title='bbox 734 5945 796 5995; x_wconf 76' lang='grc' dir='ltr'><strong>ὲκ</strong></span> <span class='ocrx_word' id='word_1_736' title='bbox 860 5941 1072 6012; x_wconf 68' lang='grc' dir='ltr'><strong>Πατρός</strong></span> <span class='ocrx_word' id='word_1_737' title='bbox 1114 5942 1212 5997; x_wconf 74' lang='grc' dir='ltr'><strong>καὶ</strong></span> <span class='ocrx_word' id='word_1_738' title='bbox 1263 5940 1390 5994; x_wconf 81' lang='grc' dir='ltr'><strong>Υῐοῦ</strong></span> <span class='ocrx_word' id='word_1_739' title='bbox 1417 5943 1464 5993; x_wconf 84' lang='grc' dir='ltr'><strong>οἱ</strong></span> <span class='ocrx_word' id='word_1_740' title='bbox 1507 5933 1772 6013; x_wconf 76' lang='grc' dir='ltr'><strong>Ῥωμαῖοι</strong></span> 
     </span>
    </p>
   </div>
   <div class='ocr_carea' id='block_1_104' title="bbox 1876 4738 3458 4815">
    <p class='ocr_par' dir='ltr' id='par_1_104' title="bbox 1876 4738 3458 4815">
     <span class='ocr_line' id='line_1_104' title="bbox 1876 4738 3458 4815; baseline 0.007 -23"><span class='ocrx_word' id='word_1_741' title='bbox 1876 4741 1980 4793; x_wconf 90' lang='lat' dir='ltr'><strong>lem</strong></span> <span class='ocrx_word' id='word_1_742' title='bbox 2023 4750 2078 4794; x_wconf 84' lang='lat' dir='ltr'><strong>et</strong></span> <span class='ocrx_word' id='word_1_743' title='bbox 2115 4741 2460 4795; x_wconf 87' lang='lat' dir='ltr'><strong>essentialem</strong></span> <span class='ocrx_word' id='word_1_744' title='bbox 2503 4738 2740 4806; x_wconf 85' lang='lat' dir='ltr'><strong>Spiritus</strong></span> <span class='ocrx_word' id='word_1_745' title='bbox 2781 4743 3193 4809; x_wconf 80' lang='lat' dir='ltr'><strong>cxsistentiam,</strong></span> <span class='ocrx_word' id='word_1_746' title='bbox 3236 4763 3458 4815; x_wconf 87' lang='lat' dir='ltr'><strong>proces-</strong></span> 
     </span>
    </p>
   </div>
   <div class='ocr_carea' id='block_1_105' title="bbox 1875 4834 3462 4904">
    <p class='ocr_par' dir='ltr' id='par_1_105' title="bbox 1875 4834 3462 4904">
     <span class='ocr_line' id='line_1_105' title="bbox 1875 4834 3462 4904; baseline 0.006 -19"><span class='ocrx_word' id='word_1_747' title='bbox 1875 4834 2060 4898; x_wconf 86' lang='lat' dir='ltr'><strong>sione,</strong></span> <span class='ocrx_word' id='word_1_748' title='bbox 2101 4849 2202 4888; x_wconf 86' lang='lat' dir='ltr'><strong>nec</strong></span> <span class='ocrx_word' id='word_1_749' title='bbox 2245 4835 2392 4888; x_wconf 92' lang='lat' dir='ltr'><strong>aliud</strong></span> <span class='ocrx_word' id='word_1_750' title='bbox 2429 4835 2708 4904; x_wconf 87' lang='lat' dir='ltr'><strong>quidpiam</strong></span> <span class='ocrx_word' id='word_1_751' title='bbox 2759 4837 2959 4889; x_wconf 90' lang='lat' dir='ltr'><strong>notari.</strong></span> <span class='ocrx_word' id='word_1_752' title='bbox 3032 4836 3103 4890; x_wconf 79' lang='lat' dir='ltr'><strong>At</strong></span> <span class='ocrx_word' id='word_1_753' title='bbox 3141 4843 3462 4894; x_wconf 81' lang='lat' dir='ltr'><strong>exsistentia</strong></span> 
     </span>
    </p>
   </div>
   <div class='ocr_carea' id='block_1_106' title="bbox 1876 4927 3457 5001">
    <p class='ocr_par' dir='ltr' id='par_1_106' title="bbox 1876 4927 3457 5001">
     <span class='ocr_line' id='line_1_106' title="bbox 1876 4927 3457 5001; baseline 0.004 -22"><span class='ocrx_word' id='word_1_754' title='bbox 1876 4927 1992 4980; x_wconf 68' lang='lat' dir='ltr'><strong>hac</strong></span> <span class='ocrx_word' id='word_1_755' title='bbox 2027 4943 2135 4981; x_wconf 89' lang='lat' dir='ltr'><strong>non</strong></span> <span class='ocrx_word' id='word_1_756' title='bbox 2167 4943 2382 4997; x_wconf 86' lang='lat' dir='ltr'><strong>semper</strong></span> <span class='ocrx_word' id='word_1_757' title='bbox 2413 4930 2527 4982; x_wconf 86' lang='lat' dir='ltr'><strong>sola</strong></span> <span class='ocrx_word' id='word_1_758' title='bbox 2558 4929 2935 4997; x_wconf 89' lang='lat' dir='ltr'><strong>processiouis</strong></span> <span class='ocrx_word' id='word_1_759' title='bbox 2967 4929 3207 4985; x_wconf 88' lang='lat' dir='ltr'><strong>dictione</strong></span> <span class='ocrx_word' id='word_1_760' title='bbox 3252 4933 3457 5001; x_wconf 79' lang='lat' dir='ltr'><strong>signiﬁ-</strong></span> 
     </span>
    </p>
   </div>
   <div class='ocr_carea' id='block_1_107' title="bbox 1875 5022 3457 5092">
    <p class='ocr_par' dir='ltr' id='par_1_107' title="bbox 1875 5022 3457 5092">
     <span class='ocr_line' id='line_1_107' title="bbox 1875 5022 3457 5092; baseline 0.001 -18"><span class='ocrx_word' id='word_1_761' title='bbox 1875 5031 2052 5087; x_wconf 88' lang='lat' dir='ltr'><strong>catur,</strong></span> <span class='ocrx_word' id='word_1_762' title='bbox 2110 5023 2206 5075; x_wconf 88' lang='lat' dir='ltr'><strong>sed</strong></span> <span class='ocrx_word' id='word_1_763' title='bbox 2251 5031 2305 5075; x_wconf 88' lang='lat' dir='ltr'><strong>et</strong></span> <span class='ocrx_word' id='word_1_764' title='bbox 2366 5022 2644 5092; x_wconf 77' lang='lat' dir='ltr'><strong>plerisque</strong></span> <span class='ocrx_word' id='word_1_765' title='bbox 2691 5022 2850 5085; x_wconf 88' lang='lat' dir='ltr'><strong>aliis,</strong></span> <span class='ocrx_word' id='word_1_766' title='bbox 2903 5024 3042 5075; x_wconf 90' lang='lat' dir='ltr'><strong>inter</strong></span> <span class='ocrx_word' id='word_1_767' title='bbox 3087 5039 3226 5092; x_wconf 90' lang='lat' dir='ltr'><strong>quas</strong></span> <span class='ocrx_word' id='word_1_768' title='bbox 3277 5025 3457 5076; x_wconf 88' lang='lat' dir='ltr'><strong>locum</strong></span> 
     </span>
    </p>
   </div>
   <div class='ocr_carea' id='block_1_108' title="bbox 1876 5112 3459 5184">
    <p class='ocr_par' dir='ltr' id='par_1_108' title="bbox 1876 5112 3459 5184">
     <span class='ocr_line' id='line_1_108' title="bbox 1876 5112 3459 5184; baseline 0.003 -20"><span class='ocrx_word' id='word_1_769' title='bbox 1876 5113 2120 5175; x_wconf 83' lang='lat' dir='ltr'><strong>habent,</strong></span> <span class='ocrx_word' id='word_1_770' title='bbox 2163 5114 2407 5182; x_wconf 83' lang='lat' dir='ltr'><strong>progredi</strong></span> <span class='ocrx_word' id='word_1_771' title='bbox 2433 5155 2446 5178; x_wconf 87' lang='lat'><strong>,</strong></span> <span class='ocrx_word' id='word_1_772' title='bbox 2476 5112 2754 5182; x_wconf 77' lang='lat' dir='ltr'><strong>profundi,</strong></span> <span class='ocrx_word' id='word_1_773' title='bbox 2781 5115 3155 5184; x_wconf 79' lang='lat' dir='ltr'><strong>provenireque</strong></span> <span class='ocrx_word' id='word_1_774' title='bbox 3189 5118 3359 5183; x_wconf 77' lang='lat' dir='ltr'><strong>ipsum</strong></span> <span class='ocrx_word' id='word_1_775' title='bbox 3394 5132 3459 5168; x_wconf 77' lang='lat' dir='ltr'><strong>ea:</strong></span> 
     </span>
    </p>
   </div>
   <div class='ocr_carea' id='block_1_109' title="bbox 1877 5205 3464 5279">
    <p class='ocr_par' dir='ltr' id='par_1_109' title="bbox 1877 5205 3464 5279">
     <span class='ocr_line' id='line_1_109' title="bbox 1877 5205 3464 5279; baseline 0.003 -21"><span class='ocrx_word' id='word_1_776' title='bbox 1877 5205 2059 5259; x_wconf 82' lang='lat' dir='ltr'><strong>Patre.</strong></span> <span class='ocrx_word' id='word_1_777' title='bbox 2111 5206 2329 5260; x_wconf 90' lang='lat' dir='ltr'><strong>Scimus</strong></span> <span class='ocrx_word' id='word_1_778' title='bbox 2361 5216 2622 5279; x_wconf 70' lang='lat' dir='ltr'><strong>praetcrea</strong></span> <span class='ocrx_word' id='word_1_779' title='bbox 2659 5208 2974 5271; x_wconf 87' lang='lat' dir='ltr'><strong>communi,</strong></span> <span class='ocrx_word' id='word_1_780' title='bbox 3015 5219 3072 5262; x_wconf 92' lang='lat' dir='ltr'><strong>ut</strong></span> <span class='ocrx_word' id='word_1_781' title='bbox 3115 5211 3169 5262; x_wconf 92' lang='lat' dir='ltr'><strong>in</strong></span> <span class='ocrx_word' id='word_1_782' title='bbox 3206 5209 3464 5264; x_wconf 72' lang='lat' dir='ltr'><strong>confesso</strong></span> 
     </span>
    </p>
   </div>
   <div class='ocr_carea' id='block_1_110' title="bbox 1877 5299 3461 5365">
    <p class='ocr_par' dir='ltr' id='par_1_110' title="bbox 1877 5299 3461 5365">
     <span class='ocr_line' id='line_1_110' title="bbox 1877 5299 3461 5365; baseline 0.002 -13"><span class='ocrx_word' id='word_1_783' title='bbox 1877 5310 2000 5363; x_wconf 89' lang='lat' dir='ltr'><strong>est,</strong></span> <span class='ocrx_word' id='word_1_784' title='bbox 2044 5299 2315 5353; x_wconf 81' lang='lat' dir='ltr'><strong>sententia</strong></span> <span class='ocrx_word' id='word_1_785' title='bbox 2361 5310 2562 5352; x_wconf 76' lang='lat' dir='ltr'><strong>nostra:</strong></span> <span class='ocrx_word' id='word_1_786' title='bbox 2592 5300 2888 5365; x_wconf 67' lang='lat' dir='ltr'><strong>Ecclesiae,</strong></span> <span class='ocrx_word' id='word_1_787' title='bbox 2922 5317 2983 5354; x_wconf 82' lang='lat' dir='ltr'><strong>ex</strong></span> <span class='ocrx_word' id='word_1_788' title='bbox 3023 5301 3181 5355; x_wconf 86' lang='lat' dir='ltr'><strong>Patre</strong></span> <span class='ocrx_word' id='word_1_789' title='bbox 3215 5313 3267 5356; x_wconf 85' lang='lat' dir='ltr'><strong>et</strong></span> <span class='ocrx_word' id='word_1_790' title='bbox 3321 5300 3461 5355; x_wconf 86' lang='lat' dir='ltr'><strong>Filio</strong></span> 
     </span>
    </p>
   </div>
   <div class='ocr_carea' id='block_1_111' title="bbox 1876 5386 3461 5462">
    <p class='ocr_par' dir='ltr' id='par_1_111' title="bbox 1876 5386 3461 5462">
     <span class='ocr_line' id='line_1_111' title="bbox 1876 5386 3461 5462; baseline 0.002 -18"><span class='ocrx_word' id='word_1_791' title='bbox 1876 5392 1993 5445; x_wconf 70' lang='lat' dir='ltr'><strong>lucc</strong></span> <span class='ocrx_word' id='word_1_792' title='bbox 2038 5392 2222 5446; x_wconf 88' lang='lat' dir='ltr'><strong>omnia</strong></span> <span class='ocrx_word' id='word_1_793' title='bbox 2258 5393 2323 5446; x_wconf 90' lang='lat' dir='ltr'><strong>de</strong></span> <span class='ocrx_word' id='word_1_794' title='bbox 2365 5393 2599 5460; x_wconf 90' lang='lat' dir='ltr'><strong>simplici</strong></span> <span class='ocrx_word' id='word_1_795' title='bbox 2642 5391 2846 5462; x_wconf 89' lang='lat' dir='ltr'><strong>Spiritu</strong></span> <span class='ocrx_word' id='word_1_796' title='bbox 2882 5395 3026 5458; x_wconf 89' lang='lat' dir='ltr'><strong>dici,</strong></span> <span class='ocrx_word' id='word_1_797' title='bbox 3058 5405 3113 5449; x_wconf 90' lang='lat' dir='ltr'><strong>et</strong></span> <span class='ocrx_word' id='word_1_798' title='bbox 3154 5397 3299 5450; x_wconf 83' lang='lat' dir='ltr'><strong>illius</strong></span> <span class='ocrx_word' id='word_1_799' title='bbox 3331 5386 3461 5448; x_wconf 88' lang='lat' dir='ltr'><strong>sim-</strong></span> 
     </span>
    </p>
   </div>
   <div class='ocr_carea' id='block_1_112' title="bbox 1876 5471 3460 5557">
    <p class='ocr_par' dir='ltr' id='par_1_112' title="bbox 1876 5471 3460 5557">
     <span class='ocr_line' id='line_1_112' title="bbox 1876 5471 3460 5557; baseline 0.003 -19"><span class='ocrx_word' id='word_1_800' title='bbox 1876 5485 2177 5556; x_wconf 82' lang='lat' dir='ltr'><strong>plicitatem</strong></span> <span class='ocrx_word' id='word_1_801' title='bbox 2222 5487 2577 5552; x_wconf 78' lang='lat' dir='ltr'><strong>conservari,</strong></span> <span class='ocrx_word' id='word_1_802' title='bbox 2634 5487 2950 5557; x_wconf 77' lang='lat' dir='ltr'><strong>nullamque</strong></span> <span class='ocrx_word' id='word_1_803' title='bbox 3008 5471 3136 5542; x_wconf 81' lang='lat' dir='ltr'><strong>inde</strong></span> <span class='ocrx_word' id='word_1_804' title='bbox 3187 5487 3364 5542; x_wconf 69' lang='lat' dir='ltr'><strong>Patris</strong></span> <span class='ocrx_word' id='word_1_805' title='bbox 3406 5500 3460 5542; x_wconf 79' lang='lat' dir='ltr'><strong>et</strong></span> 
     </span>
    </p>
   </div>
   <div class='ocr_carea' id='block_1_113' title="bbox 1878 5577 3459 5652">
    <p class='ocr_par' dir='ltr' id='par_1_113' title="bbox 1878 5577 3459 5652">
     <span class='ocr_line' id='line_1_113' title="bbox 1878 5577 3459 5652; baseline 0.001 -21"><span class='ocrx_word' id='word_1_806' title='bbox 1878 5577 1999 5631; x_wconf 85' lang='lat' dir='ltr'><strong>Filii</strong></span> <span class='ocrx_word' id='word_1_807' title='bbox 2043 5581 2472 5632; x_wconf 87' lang='lat' dir='ltr'><strong>contractionem</strong></span> <span class='ocrx_word' id='word_1_808' title='bbox 2528 5581 2816 5636; x_wconf 82' lang='lat' dir='ltr'><strong>insinuari.</strong></span> <span class='ocrx_word' id='word_1_809' title='bbox 2865 5583 3174 5652; x_wconf 76' lang='lat' dir='ltr'><strong>Apertaquc</strong></span> <span class='ocrx_word' id='word_1_810' title='bbox 3213 5581 3326 5634; x_wconf 68' lang='grc' dir='ltr'><strong>ιιωο</strong></span> <span class='ocrx_word' id='word_1_811' title='bbox 3375 5593 3459 5633; x_wconf 74' lang='lat' dir='ltr'><strong>est</strong></span> 
     </span>
    </p>
   </div>
   <div class='ocr_carea' id='block_1_114' title="bbox 1876 5672 3462 5740">
    <p class='ocr_par' dir='ltr' id='par_1_114' title="bbox 1876 5672 3462 5740">
     <span class='ocr_line' id='line_1_114' title="bbox 1876 5672 3462 5740; baseline 0.001 -16"><span class='ocrx_word' id='word_1_812' title='bbox 1876 5673 2293 5734; x_wconf 87' lang='lat' dir='ltr'><strong>demonstratio,</strong></span> <span class='ocrx_word' id='word_1_813' title='bbox 2323 5675 2467 5740; x_wconf 87' lang='lat' dir='ltr'><strong>quod</strong></span> <span class='ocrx_word' id='word_1_814' title='bbox 2500 5672 2596 5726; x_wconf 88' lang='lat' dir='ltr'><strong>tibi</strong></span> <span class='ocrx_word' id='word_1_815' title='bbox 2621 5674 2918 5728; x_wconf 87' lang='lat' dir='ltr'><strong>absurdum</strong></span> <span class='ocrx_word' id='word_1_816' title='bbox 2951 5674 3200 5737; x_wconf 80' lang='lat' dir='ltr'><strong>videtur,</strong></span> <span class='ocrx_word' id='word_1_817' title='bbox 3239 5690 3340 5727; x_wconf 92' lang='lat' dir='ltr'><strong>uou</strong></span> <span class='ocrx_word' id='word_1_818' title='bbox 3377 5689 3462 5726; x_wconf 88' lang='lat' dir='ltr'><strong>sc-</strong></span> 
     </span>
    </p>
   </div>
   <div class='ocr_carea' id='block_1_115' title="bbox 1878 5749 3456 5834">
    <p class='ocr_par' dir='ltr' id='par_1_115' title="bbox 1878 5749 3456 5834">
     <span class='ocr_line' id='line_1_115' title="bbox 1878 5749 3456 5834; baseline -0.001 -17"><span class='ocrx_word' id='word_1_819' title='bbox 1878 5763 1994 5832; x_wconf 84' lang='lat' dir='ltr'><strong>qui,</strong></span> <span class='ocrx_word' id='word_1_820' title='bbox 2027 5765 2070 5818; x_wconf 90' lang='lat' dir='ltr'><strong>si</strong></span> <span class='ocrx_word' id='word_1_821' title='bbox 2100 5780 2162 5834; x_wconf 68' lang='lat' dir='ltr'><strong>es</strong></span> <span class='ocrx_word' id='word_1_822' title='bbox 2198 5763 2356 5818; x_wconf 86' lang='lat' dir='ltr'><strong>Patre</strong></span> <span class='ocrx_word' id='word_1_823' title='bbox 2383 5773 2437 5817; x_wconf 91' lang='lat' dir='ltr'><strong>et</strong></span> <span class='ocrx_word' id='word_1_824' title='bbox 2461 5761 2598 5817; x_wconf 75' lang='lat' dir='ltr'><strong>Filio</strong></span> <span class='ocrx_word' id='word_1_825' title='bbox 2631 5765 2862 5817; x_wconf 81' lang='lat' dir='ltr'><strong>Romani</strong></span> <span class='ocrx_word' id='word_1_826' title='bbox 2895 5749 3186 5834; x_wconf 87' lang='lat' dir='ltr'><strong>procedere</strong></span> <span class='ocrx_word' id='word_1_827' title='bbox 3219 5768 3456 5818; x_wconf 85' lang='lat' dir='ltr'><strong>tradunt.</strong></span> 
     </span>
    </p>
   </div>
   <div class='ocr_carea' id='block_1_116' title="bbox 1880 5855 3462 5924">
    <p class='ocr_par' dir='ltr' id='par_1_116' title="bbox 1880 5855 3462 5924">
     <span class='ocr_line' id='line_1_116' title="bbox 1880 5855 3462 5924; baseline -0.001 -15"><span class='ocrx_word' id='word_1_828' title='bbox 1880 5856 2017 5909; x_wconf 69' lang='lat' dir='ltr'><strong>Nam</strong></span> <span class='ocrx_word' id='word_1_829' title='bbox 2047 5859 2128 5911; x_wconf 84' lang='lat' dir='ltr'><strong>vel</strong></span> <span class='ocrx_word' id='word_1_830' title='bbox 2163 5866 2273 5907; x_wconf 92' lang='lat' dir='ltr'><strong>tum</strong></span> <span class='ocrx_word' id='word_1_831' title='bbox 2310 5855 2495 5918; x_wconf 81' lang='lat' dir='ltr'><strong>etiam,</strong></span> <span class='ocrx_word' id='word_1_832' title='bbox 2524 5871 2647 5910; x_wconf 90' lang='lat' dir='ltr'><strong>cum</strong></span> <span class='ocrx_word' id='word_1_833' title='bbox 2682 5857 3052 5924; x_wconf 81' lang='lat' dir='ltr'><strong>progreditur,</strong></span> <span class='ocrx_word' id='word_1_834' title='bbox 3085 5865 3139 5910; x_wconf 89' lang='lat' dir='ltr'><strong>et</strong></span> <span class='ocrx_word' id='word_1_835' title='bbox 3167 5857 3462 5910; x_wconf 88' lang='lat' dir='ltr'><strong>ell&#39;unditur</strong></span> 
     </span>
    </p>
   </div>
   <div class='ocr_carea' id='block_1_117' title="bbox 1879 5944 3460 6018">
    <p class='ocr_par' dir='ltr' id='par_1_117' title="bbox 1879 5944 3460 6018">
     <span class='ocr_line' id='line_1_117' title="bbox 1879 5944 3460 6018; baseline -0.004 -15"><span class='ocrx_word' id='word_1_836' title='bbox 1879 5947 2108 6018; x_wconf 75' lang='lat' dir='ltr'><strong>simplex</strong></span> <span class='ocrx_word' id='word_1_837' title='bbox 2142 5945 2378 6015; x_wconf 88' lang='lat' dir='ltr'><strong>Spiritus</strong></span> <span class='ocrx_word' id='word_1_838' title='bbox 2408 5961 2472 6000; x_wconf 76' lang='lat' dir='ltr'><strong>ex</strong></span> <span class='ocrx_word' id='word_1_839' title='bbox 2529 5944 2689 6002; x_wconf 89' lang='lat' dir='ltr'><strong>Patre</strong></span> <span class='ocrx_word' id='word_1_840' title='bbox 2729 5955 2791 6001; x_wconf 77' lang='grc' dir='ltr'><strong>ει</strong></span> <span class='ocrx_word' id='word_1_841' title='bbox 2818 5945 2996 6012; x_wconf 83' lang='lat' dir='ltr'><strong>Filio,</strong></span> <span class='ocrx_word' id='word_1_842' title='bbox 3052 5950 3104 6000; x_wconf 86' lang='lat' dir='ltr'><strong>in</strong></span> <span class='ocrx_word' id='word_1_843' title='bbox 3149 5961 3313 6000; x_wconf 87' lang='lat' dir='ltr'><strong>unam</strong></span> <span class='ocrx_word' id='word_1_844' title='bbox 3365 5959 3460 5998; x_wconf 85' lang='lat' dir='ltr'><strong>eos</strong></span> 
     </span>
    </p>
   </div>
  </div>
