4118 6444
164 482 255 545 301
387 523 394 528 -
1021 484 1121 544 AD
1153 482 1646 544 THEODORUM
1687 482 2034 544 SUGD/E/E
2072 479 2310 540 EPISC.
2349 479 2501 541 LIB.
2539 478 2588 539 ῐ.

3333 475 3437 539 302

169 595 318 663 ριῶν,
348 595 438 663 ἐφ’
466 589 543 657 οἷς
578 596 629 647 οἱ
661 594 728 647 δι’
759 595 1010 658 ἐναντίας
1040 595 1138 658 τὰς
1170 596 1523 666 παραλόγους
1555 597 1750 664 διαφο-

1859 596 2296 664 comprobatuni,
2346 593 2415 645 de
2461 592 2528 645 iis
2575 590 2645 644 ob
2675 606 2796 661 quae
2828 593 3128 646 adversarii
3173 592 3441 648 absurdus

173 689 269 756 ρὰς
294 688 409 741 τῶν
435 685 950 757 ἀναγεγραμμένων
979 685 1182 752 λέξεων
1212 686 1565 749 πλάττονται

239 873 304 936 ζ’.
349 877 424 927 Ἀ
456 874 508 926 δὲ
533 873 783 941 καὶπερὶ
811 871 912 941 τῆς
945 888 965 922 ι
991 869 1292 941 πεφηνέναι
1323 887 1343 920 ι
1376 868 1580 934 λέξεως
1608 871 1751 924 κατὰ

168 965 425 1034 δεύτερον
457 965 546 1017 τὸν
583 964 716 1034 πρὸς
758 965 904 1033 ἡμᾶς
939 962 1099 1031 λόγον
1140 960 1327 1030 λέγειν
1357 962 1494 1032 ἔφης
1527 962 1750 1028 αὐτοὺς,

173 1056 309 1126 μηδὲ
360 1056 537 1126 αὐτὴν
583 1055 666 1118 εἰς
706 1053 963 1122 δήλωσιιν
1016 1052 1306 1122 ὑπάρξεως
1355 1051 1750 1123 ἐκδεχομένους

171 1148 264 1200 τοῦ
293 1147 621 1216 Πνεῦματος
653 1149 679 1199 ὁ
707 1147 903 1217 μέγας,
932 1146 1228 1213 ἀπελέγξει
1251 1146 1348 1200 καὶ
1385 1145 1558 1200 ταῦτα
1589 1145 1754 1198 Baul-

170 1256 332 1306 λειος,
367 1242 430 1292 ὲν
466 1238 566 1308 μὲν
602 1239 684 1292 ἑνὶ
725 1239 837 1292 τῶν
886 1238 1220 1307 κεφαλαίων,
1251 1231 1393 1308 pii-ii
1439 1236 1750 1307 ιπιγραφὴ,

174 1349 193 1381 ι
224 1330 352 1384 ὀτι
388 1331 510 1384 θεία
548 1330 710 1400 φύσις
754 1331 816 1382 τὸ
863 1329 1121 1400 Πνεῦμα,
1160 1348 1178 1380 ι
1219 1330 1427 1397 λέγων·
1468 1347 1490 1382 ι
1526 1329 1752 1399 Πνεῦμα

169 1423 277 1493 γὰρ
330 1423 414 1492 τῷ
467 1423 626 1488 ζῶντι
679 1422 842 1491 Λόγῳ
897 1421 1338 1490 συντεταγμένον
1391 1423 1475 1484 εις
1538 1421 1605 1474 τὸ
1659 1421 1754 1492 δη-

173 1519 481 1586 μιουργεῖν,
520 1516 670 1580 ζῶσα
708 1515 961 1584 δύναμις,
997 1516 1094 1568 καὶ
1147 1513 1272 1566 θεία
1311 1512 1475 1582 φύσις
1508 1513 1754 1585 ἄρῤητος

170 1608 230 1672 ἐξ
261 1607 504 1679 ἀρρήτου
548 1608 818 1677 στόματος
847 1608 1142 1675 πεφηνυῖα.
1189 1623 1208 1657 ι
1252 1605 1340 1658 Ἐν
1387 1603 1446 1656 δι
1471 1604 1539 1675 τῇ
1571 1604 1751 1673 ἑρμη-

172 1700 289 1770 νεία
327 1699 429 1752 τοῦ
468 1697 799 1768 τριακοστοῦ
839 1698 1104 1768 τετάρτου
1131 1695 1378 1767 ψαλμοῦ,
1410 1714 1430 1748 ι
1480 1695 1572 1760 Ὠς
1594 1692 1690 1750 οῦν
1725 1697 1755 1748 ὁ

168 1793 502 1862 δημιουργὸς
536 1793 708 1860 Λόγος
737 1791 1039 1861 ἔστερέωσε
1069 1791 1160 1844 τδν
1187 1789 1439 1861 οὐρανὸν,
1476 1789 1624 1843 οὕτω
1660 1790 1753 1843 καὶ

168 1885 230 1938 τδ
279 1886 506 1957 Πνεῦμα
554 1885 649 1939 τοῦ
707 1883 918 1948 Θεοῦ,ὃ
953 1885 1106 1954 παρὰ
1157 1884 1252 1936 τοῦ
1310 1882 1521 1953 Πατρὸς
1585 1885 1753 1936 timo-5

171 1977 416 2047 ρεύεται,
445 1978 722 2030 τουτέστιν
751 1978 817 2030 ὲκ
836 1976 931 2031 τοῦ
966 1976 1234 2044 στόματος
1259 1974 1448 2028 αὑτοῦ.
1476 1993 1494 2023 ι
1516 1974 1578 2026 Ὀ
1615 1971 1748 2042 γὰρ,

168 2069 259 2122 νῦν
288 2069 396 2138 μιν
435 2072 495 2122 ὲκ
541 2068 636 2122 τοῦ
684 2069 831 2121 θείου
886 2070 1158 2138 στόματος
1209 2066 1540 2136 πεφηνέναι,
1565 2064 1660 2118 νῦν
1693 2065 1750 2118 δὲ

171 2162 232 2216 ἑκ
255 2162 353 2216 τοῦ
379 2161 541 2216 αὑτοῦ
567 2162 834 2232 στόματος
861 2157 1265 2228 ἐκπορεύεσθαι
1291 2157 1468 2226 λέγων
1489 2157 1550 2209 τὸ
1578 2155 1749 2210 Πνεῦο

177 2267 276 2323 μα,
309 2254 567 2322 οὐδεμίαν
596 2251 706 2306 τῶν
736 2251 996 2305 τοιούτων
1014 2249 1227 2316 λέξεων
1246 2249 1511 2320 διαφορὰν
1536 2265 1750 2318 συγχω-

180 2351 261 2415 ρεῖ
305 2345 724 2414 ἀναφαίνεσθαι.
783 2346 893 2397 Καὶ
950 2343 1016 2396 σὺ
1069 2342 1258 2394 λοιπὸν
1328 2343 1444 2404 τοῖς
1507 2339 1752 2410 ῥηθεῖσιν

174 2421 350 2492 ἅπασι
408 2437 541 2507 πρὸς
589 2434 870 2501 ἀπόδειξιν
919 2434 1039 2505 χρῶ
1079 2433 1175 2487 τοῦ
1227 2431 1398 2504 μηδὲν
1450 2432 1753 2500 ἐπισφαλὲς

177 2550 241 2583 πε
256 2533 519 2603 πραχέναι
544 2531 669 2592 τοὺς
705 2531 771 2581 ὲκ
810 2528 1025 2597 Πατρδς
1055 2528 1148 2580 καὶ
1180 2524 1310 2578 Υἱοῦ
1345 2525 1620 2595 προϊέναι,
1655 2526 1750 2577 καὶ

174 2623 524 2693 προχεῖσθαι,
587 2622 685 2675 καὶ
747 2619 1094 2682 ἀναὸλύζειν,
1157 2619 1240 2671 ἔτι
1304 2617 1361 2670 δὲ
1448 2618 1751 2687 πεφηνέναι

175 2715 607 2784 ὁμολογοῦντας,
661 2713 743 2766 ὅτι
791 2729 855 2782 γε
914 2712 1016 2781 τὴν
1087 2712 1226 2780 μετὰ
1275 2710 1375 2778 τῆς
1437 2708 1752 2778 Ῥωμαῖκῆς

190 2805 515 2877 ἰ-Σκιιλησεας
549 2808 869 2874 ἠσπάσαντο
894 2804 1108 2869 ἕνωσιν,
1155 2805 1221 2872 τῇ
1246 2802 1344 2870 τῆς
1367 2801 1754 2870 ὲκπορεύσεως

180 2900 318 2964 λέξει
350 2901 439 2954 διὰ
463 2901 522 2952 τὸ
553 2899 740 2953 στενὸν
785 2899 913 2959 ἴσως
962 2896 1062 2966 τῆς
1093 2896 1342 2964 γλώττης
1392 2894 1512 2945 ἀντὶ
1557 2893 1750 2947 πασῶν

180 3011 231 3062 κζ
248 2995 469 3065 ωμ-ένης
495 2995 604 3047 τῶν
632 2991 855 3059 λέξεων.

243 3091 314 3156 η’.
354 3087 505 3139 Ἐπεὶ
546 3087 605 3139 δὲ
654 3087 797 3138 κατὰ
840 3085 1036 3158 τρίτην
1079 3086 1313 3158 προὲθου
1363 3088 1656 3160 ἐρώτησιν,
1700 3091 1750 3142 εἰ

187 3182 256 3247 μὴ
320 3181 680 3251 πλημμελῶς,
735 3180 1073 3251 βλαστρήμως
1122 3181 1180 3233 δὲ
1233 3181 1456 3251 μᾶλλον,
1524 3182 1750 3253 ἀμέσως

1855 687 2254 755 descriptarum
2330 682 2636 737 dictionum
2721 680 3055 736 dilferentias
3152 684 3441 739 commini-

1855 787 2101 832 πριιιιιυτ.

1928 871 1981 924 7.
2023 868 2155 935 Qua:
2185 883 2350 938 porro
2381 868 2449 922 de
2473 881 2731 936 apparere
2753 866 3016 931 dictione,
3045 863 3288 921 secundo
3318 867 3440 921 loco

1855 962 1910 1016 in
1938 976 2191 1016 sermone
2217 972 2313 1016 tuo
2339 960 2406 1014 ad
2459 975 2562 1014 nos
2608 959 2759 1022 dato,
2810 959 3073 1028 proponis
3109 959 3438 1029 scribisque.

1855 1051 1987 1105 dum
2023 1060 2299 1112 asserunt,
2343 1063 2578 1118 eamque
2624 1047 2692 1102 ad
2746 1047 3134 1103 insinuandam
3161 1048 3442 1102 exsisten-

1857 1143 1989 1196 tiam
2022 1157 2128 1196 non
2161 1141 2462 1210 accipiunt,
2496 1155 2592 1196 eos
2623 1140 2704 1194 vel
2744 1141 2988 1194 maxime
3020 1154 3250 1209 magnus
3285 1138 3444 1193 refel-

1858 1239 1931 1292 let
1953 1237 2213 1300 Basilius,
2243 1238 2297 1291 in
2325 1252 2392 1291 eo
2423 1238 2603 1307 capite
2635 1236 2795 1304 cujus
2832 1237 3118 1305 inscriptio
3157 1243 3262 1301 est,
3301 1252 3321 1286 ι
3356 1236 3445 1287 Di-

1857 1333 2037 1385 vinam
2071 1328 2317 1398 Spiritus
2356 1344 2478 1384 esse
2505 1338 2756 1384 naturam
2787 1347 2802 1392 ;
2841 1330 3083 1398 Spiritus
3119 1331 3264 1382 enim
3314 1344 3441 1383 eum

1856 1422 2072 1476 vivente
2105 1419 2279 1476 Verbo
2305 1422 2357 1474 in
2377 1420 2569 1475 eodem
2593 1421 2787 1476 ordine
2818 1421 3124 1477 collocatus
3148 1423 3214 1476 ad
3240 1437 3406 1476 crean
3426 1451 3440 1462 -

1857 1515 2011 1580 dum,
2071 1514 2261 1568 vivens
2303 1523 2544 1583 potestas
2614 1521 2670 1568 et
2716 1514 2898 1568 divina
2959 1522 3180 1579 natura,
3250 1512 3445 1567 incll'a-

1857 1605 1988 1660 bilis
2039 1620 2108 1660 οι
2161 1603 2420 1658 inell'abili
2474 1619 2571 1660 ore
2626 1620 2914 1676 apparens.
2969 1624 2988 1656 ι
3050 1603 3118 1658 Et
3171 1605 3224 1657 in
3275 1599 3446 1672 exp'o-

1857 1699 2057 1754 sitione
2110 1698 2306 1769 psalmi
2385 1697 2791 1769 quadragesimi
2855 1697 3034 1767 quarti
3093 1712 3108 1751 :
3166 1715 3185 1746 ι
3225 1694 3446 1765 Quem-

1857 1791 2154 1845 admodum
2201 1790 2387 1861 itaque
2426 1804 2622 1845 creans
2648 1787 2893 1844 Verbum
2937 1788 3173 1843 ﬁrmavit
3218 1788 3442 1856 omium,

1860 1883 1933 1936 ita
1963 1893 2018 1936 et
2060 1881 2297 1952 Spiritus
2327 1880 2442 1945 Dei,
2495 1880 2588 1951 qui
2621 1896 2686 1934 ex
2720 1878 2882 1934 Patre
2913 1880 3178 1950 procedit,
3214 1881 3318 1936 lioc
3361 1890 3447 1934 est

1858 1987 1922 2026 ex
1975 1987 2072 2026 ore
2137 1972 2305 2027 illius.
2367 1991 2386 2024 ι
2436 1970 2542 2037 Qui
2592 1971 2738 2025 enim
2787 1988 2932 2028 nunc
2993 1988 3058 2026 ex
3107 1974 3292 2026 divino
3350 1987 3448 2027 ore

1854 2077 2156 2131 apparere,
2227 2077 2374 2118 nunc
2437 2077 2502 2116 ex
2554 2062 2704 2116 illius
2761 2078 2855 2118 ore
2909 2063 3203 2134 procedere
3264 2063 3444 2133 Spiri-

1855 2163 1970 2208 tum
2022 2154 2244 2220 asscrit,
2278 2153 2487 2209 nullam
2520 2148 2793 2220 [similium
2843 2155 3142 2216 dictionum
3184 2156 3445 2213 iliﬂ‘eren-

1856 2249 1983 2301 tiam
2024 2246 2109 2301 vel
2152 2246 2441 2316 imaginari
2482 2261 2813 2319 queinquam
2850 2250 3136 2319 permittit.
3164 2248 3243 2304 Tu
3273 2267 3441 2320 porro

1855 2338 2113 2393 omnibus
2137 2339 2253 2408 jam
2276 2339 2439 2394 dictis
2471 2339 2538 2393 ad
2569 2341 3058 2396 demonstrandum
3091 2353 3264 2407 utere,
3293 2345 3444 2397 nullo

1854 2446 2042 2486 errore
2096 2446 2218 2487 sese
2269 2430 2580 2501 implicasse
2629 2449 2744 2497 eos,
2799 2435 2894 2503 qui
2942 2449 3005 2488 ex
3055 2433 3237 2496 Patre,
3274 2447 3328 2492 et
3373 2453 3442 2492 ex

1855 2523 2017 2590 Filio,
2055 2541 2403 2596 promanere,
2456 2526 2737 2595 profundi,
2793 2538 2848 2582 et
2893 2530 3141 2594 exsilire,
3177 2546 3280 2585 nec
3329 2548 3438 2587 non

1856 2632 2140 2687 apparere,
2172 2621 2517 2689 profitentur,
2552 2621 2698 2690 quod
2729 2637 2852 2674 eum
2885 2620 3132 2677 Romana
3163 2621 3433 2685 Ecclesia,

1857 2725 1976 2778 quae
2027 2709 2326 2765 dictionem
2379 2712 2773 2781 processionis,
2824 2714 2896 2766 ob
2940 2715 3249 2783 angustiam
3302 2716 3440 2770 forte

1856 2803 2074 2873 linguze,
2126 2819 2236 2874 pra:
2301 2805 2424 2860 aliis
2482 2806 2814 2860 dictionibus
2865 2820 3113 2876 usurpat,
3176 2811 3435 2864 unionem

1857 2895 2150 2965 aniplexali
2183 2908 2330 2953 sunt.

1928 3090 1982 3145 8.
2024 3089 2162 3146 Cum
2200 3107 2332 3147 vero
2365 3100 2417 3146 et
2451 3092 2605 3147 tertia
2643 3103 2732 3148 tua
2770 3093 3198 3164 interrogatione
3243 3114 3444 3168 propo-

1857 3199 1979 3249 nas,
2020 3200 2088 3239 an
2115 3184 2398 3247 aberrent,
2437 3185 2520 3239 vel
2554 3185 2936 3255 blaspliement
2969 3190 3174 3258 potius,
3211 3193 3303 3260 qui
3340 3196 3445 3245 im.-

180 3263 321 3325 οὗτοι
351 3275 445 3324 καὶ
467 3272 748 3343 προσεχῶς
774 3269 912 3324 εἶναι
939 3274 1000 3325 τὸ
1036 3272 1262 3342 Πνεῦμα
1310 3274 1375 3326 ἐκ
1402 3273 1495 3327 τοῦ
1536 3275 1752 3346 Πατρὺς

1861 3277 2098 3331 mediate
2133 3287 2188 3332 et
2231 3279 2573 3332 continenter
2603 3278 2866 3345 Spiritum
2910 3296 3033 3337 esse
3065 3297 3128 3339 ex
3160 3283 3318 3338 Patre
3348 3300 3447 3338 au-

181 3360 564 3429 διενὶστανται,
590 3363 737 3432 ἔχεις
773 3362 883 3415 ἀπὸ
922 3363 1115 3415 πασῶν
1157 3362 1353 3426 αὐτοὺς
1395 3365 1751 3436 ἐπιστομίσαι

182 3454 288 3506 τῶν
349 3457 582 3526 ῥήσεων,
635 3457 760 3508 ὅσαι
813 3454 913 3525 τὴν
973 3456 1042 3509 δι’
1087 3455 1220 3509 Υἱοῦ
1263 3459 1328 3510 ἐκ
1381 3459 1600 3527 Πατρὺς
1656 3460 1753 3512 τοῦ

182 3549 448 3615 παναγίου
496 3548 819 3617 Πνεῦματος
869 3548 1330 3619 τεθεολογήκασιν
1380 3551 1638 3621 ὓπαρξιν.
1691 3555 1754 3605 Εἰ

182 3637 284 3707 γὰρ
307 3639 548 3708 ἀμέσως,
581 3640 704 3708 οὒχὶ
722 3639 791 3692 δι’
830 3640 985 3704 Υἱοῦ,
1019 3644 1114 3694 καὶ
1143 3645 1193 3694 εἰ
1227 3641 1297 3694 δι’
1336 3641 1470 3695 Υἰοῦ
1507 3646 1748 3708 πάντως,

182 3730 278 3783 fax
327 3732 582 3800 ἀμέσως·
637 3733 762 3784 ἐπεὶ
808 3732 992 3784 ’ταῦτα
1063 3734 1436 3804 συνυπάρχειν
1497 3733 1753 3804 ἀλλήλοις

182 3821 458 3878 ἀδύνατον.
500 3824 642 3878 Ἀλλ’
698 3826 919 3893 ἁμέσως
978 3826 1078 3894 μὲν
1137 3827 1238 3878 οὐκ
1294 3827 1362 3879 ἂν
1395 3825 1532 3900 εὕρῃ
1575 3845 1661 3890 τις
1695 3830 1755 3881 τὸ

187 3914 404 3984 Πνεῦμα
432 3917 700 3986 ὑπάρχον,
731 3918 764 3987 ἢ
797 3918 1237 3988 ἐκπορευόμενον
1278 3920 1342 3971 ἐκ
1381 3916 1619 3990 Πατρὸς,
1649 3920 1754 3974 κᾶν

189 4011 350 4076 μυρία
387 4011 538 4081 κάμῃ
565 4010 749 4062 πᾶσαν
778 4008 1141 4064 θεὸπνευστον
1167 4011 1468 4081 ἀνιχνεύων
1506 4013 1750 4084 Γραφὴν,

185 4099 247 4151 δι’
273 4101 398 4155 Υἰοῦ
421 4103 475 4155 δὲ
504 4105 595 4156 καὶ
621 4107 680 4155 ὲν
718 4103 933 4166 πολλοῖς
963 4105 1058 4157 καὶ
1086 4105 1370 4167 πολλάκις.
1409 4104 1622 4158 Λύτίκα
1643 4107 1752 4177 γὰρ

185 4193 210 4242 ὁ
237 4195 376 4260 θεῖος
433 4197 528 4249 καὶ
556 4198 732 4266 μέγας
768 4197 983 4266 ἀληθῶς
1024 4197 1340 4259 Ἀθανάσιο,
1373 4200 1430 4249 ἐν
1468 4197 1546 4267 τῷ
1587 4199 1750 4267 λόγῳ,

187 4284 238 4346 ὃς
272 4288 702 4356 ἐπιγέγραπται,
749 4307 767 4338 ι
792 4288 1055 4357 Ἔλεγχος
1085 4291 1434 4361 ὑποκρίσεως
1481 4290 1591 4342 τῶν
1623 4295 1754 4359 περὶ

188 4377 461 4443 Ηελέτιον,
496 4389 594 4433 καὶ
627 4379 910 4443 Εὑαέὸιον,
955 4401 974 4433 ι
1014 4376 1075 4435 οὗ
1103 4387 1135 4452 ἡ
1167 4386 1332 4454 ἁρχὴ,
1367 4405 1383 4436 ι
1432 4385 1702 4455 "Ai/Optare
1725 4401 1752 4447 ς

192 4473 302 4525 καθ’
336 4476 597 4542 ὁμοίωσιν
628 4475 764 4527 Θεοῦ
795 4475 1014 4542 γέγονε,
1053 4494 1072 4525 ι
1110 4480 1277 4546 φησιν
1303 4493 1315 4506 ·
1355 4497 1373 4528 ι
1400 4473 1506 4530 ἹΙν
1537 4481 1592 4529 δὲ
1621 4479 1752 4529 ἁδύ-

190 4580 338 4618 νατον
366 4570 422 4618 ὲν
445 4571 509 4637 τῇ
529 4568 626 4636 τῆς
653 4565 880 4638 Τριάδος
905 4569 1032 4639 δόξῃ
1066 4571 1126 4621 τὸ
1161 4571 1386 4639 Πνεῦμα
1409 4569 1752 4636 δοξάζεσθαι,

1861 3378 2106 3429 tumant;
2136 3385 2329 3423 eorum
2365 3371 2613 3423 omnium
2659 3386 2753 3424 ora
2788 3371 3031 3427 freiialiis
3065 3375 3229 3428 dictis
3268 3382 3447 3432 omni-

1861 3460 1990 3524 bus,
2024 3476 2167 3531 quae,
2193 3476 2287 3529 per
2309 3459 2507 3514 Filium
2535 3477 2600 3514 ex
2631 3459 2812 3528 Patre,
2839 3467 3177 3522 sanctissimi
3210 3467 3448 3540 Spiritus

1858 3553 2234 3608 extistentiam
2271 3554 2579 3610 stabiliunt.
2608 3553 2849 3621 Etenim,
2882 3560 2928 3614 si
2961 3558 3297 3626 immediate,
3335 3582 3444 3619 non

1860 3648 2050 3716 utique
2079 3662 2178 3716 per
2219 3644 2417 3702 Filium
2450 3667 2463 3715 ;
2496 3657 2570 3709 et,
2613 3649 2656 3704 si
2688 3665 2785 3718 per
2823 3650 3037 3713 Filium,
3074 3670 3299 3724 prorsus
3337 3671 3443 3710 non

1860 3740 2206 3804 immediate;
2241 3755 2365 3794 cum
2396 3740 2507 3796 hinc
2538 3757 2644 3795 una
2675 3742 2835 3796 simul
2868 3759 2990 3799 esse
3021 3757 3315 3813 nequeant,
3350 3752 3446 3804 sed

1859 3830 2172 3884 immediate
2214 3831 2481 3901 Spiritum
2515 3835 2800 3896 exsistere,
2839 3845 2934 3889 aut
2969 3853 3034 3890 ev
3071 3836 3231 3892 Patre
3269 3840 3445 3910 Spiri-

1861 3932 1973 3976 tum
2019 3925 2344 3992 procedere,
2385 3925 2511 3978 licet
2544 3927 2850 3981 delassetur
2878 3928 3092 3984 divinas
3128 3931 3444 4002 Srripinras

1859 4013 2278 4080 investigando,
2331 4030 2616 4084 nunquam
2671 4019 2949 4087 quispiam
3001 4026 3297 4089 repererit;
3353 4042 3448 4093 per

1859 4105 2057 4160 Filium
2096 4123 2223 4161 vero
2250 4109 2312 4180 in
2353 4110 2540 4164 multis
2573 4121 2630 4164 et
2661 4113 2988 4181 saepissime.
3026 4115 3274 4178 l'rinius,
3309 4120 3446 4171 divi-

1859 4215 1964 4254 nus
1992 4215 2056 4253 ac
2083 4215 2211 4254 vere
2247 4217 2483 4270 magnus
2513 4203 2870 4270 Athanasius,
2905 4207 3174 4271 oratione,
3209 4213 3291 4264 rui
3322 4213 3448 4264 iitu-
3484 4249 3486 4252 ι

1863 4293 1966 4356 lus,
2007 4313 2024 4344 ι
2065 4291 2342 4348 Relntatio
2377 4297 2748 4352 simulationis
2788 4315 3003 4361 eorum,
3039 4303 3132 4371 qui
3170 4302 3444 4359 Meleiiuiu

1859 4395 2024 4453 atque
2075 4383 2372 4440 Eusebium
2421 4398 2748 4456 sequuntur.
2799 4409 2817 4442 ι
2858 4400 2912 4444 et
2960 4394 3290 4460 principium
3343 4411 3445 4457 esi,

1867 4496 1885 4527 ι
1935 4476 2108 4531 ΙΙοιιιο
2169 4479 2236 4532 ad
2295 4482 2586 4551 imaginem
2639 4481 2730 4538 Dei
2779 4486 2957 4541 l'acuis
3003 4500 3105 4552 esi,
3142 4508 3158 4537 ›
3210 4492 3446 4546 εει-,ιλιι

1866 4589 1882 4620 ι
1924 4569 2077 4623 Haud
2131 4571 2245 4625 lieri
2298 4582 2545 4641 poterat,
2599 4575 2650 4628 in
2707 4575 2923 4630 Ti'iadis
2968 4579 3133 4646 gloria
3186 4583 3446 4651 Spil'illlill

198 4659 266 4729 μὴ
298 4660 601 4730 πριοδικῶς
627 4661 686 4713 ὃν
717 4664 784 4715 ἐκ
823 4662 960 4715 Θεοῦ
992 4664 1061 4716 δι’
1102 4663 1254 4726 ficii,
1282 4665 1418 4717 ἀλλὰ
1451 4666 1752 4734 ποιητικῶς

1860 4662 2190 4730 gloi-ilicari,
2237 4666 2288 4716 ni
2333 4666 2650 4733 procederet
2688 4684 2753 4722 ex
2803 4668 2910 4722 Deo
2947 4687 3042 4737 per
3082 4646 3310 4737 Filiuin,
3355 4680 3450 4730 sed

195 4753 250 4804 ὲκ
278 4755 412 4808 Θεοῦ
440 4756 684 4822 γεγονὸς,
711 4754 786 4818 ὡς
818 4755 1087 4823 λέγουσιν.
1129 4774 1148 4806 ι
1190 4759 1248 4810 '0
1278 4759 1454 4826 μέγας
1477 4756 1755 4817 Basiliam;

194 4847 246 4896 ιν
291 4851 371 4900 ἑνὶ
400 4851 508 4902 τῶν
566 4849 899 4916 κεφαλαίων,
945 4843 1008 4902 οὗ
1046 4852 1078 4919 η
1137 4850 1444 4920 ἐπιγραφὴ,
1488 4850 1641 4904 Διατί
1680 4850 1755 4919 μὴ

199 4942 280 4991 καὶ
305 4942 364 4992 τὸ
398 4940 619 5009 Πνεῦμα
650 4940 775 5004 Υἱὸς
812 4940 908 4996 τοῦ
941 4943 1068 4994 Υῑοῦ
1089 4958 1105 4972 ·
1158 4961 1179 4993 ι
1214 4944 1286 4994 Τὸ
1313 4945 1412 5011 μὲν
1441 4945 1505 4996 ὲκ
1532 4943 1668 4995 Θεοῦ
1697 4945 1757 4995 τὸ

200 5033 408 5104 Πνεῦμα
453 5031 616 5095 εἶναι,
663 5053 680 5082 ι
716 5035 874 5103 φησὶ,
934 5055 952 5086 ι
987 5037 1200 5106 τρανῶς
1241 5036 1510 5105 ἐκήρυξεν
1544 5039 1572 5088 ὁ
1603 5036 1760 5088 Ἀπό-

199 5128 368 5188 στολες
398 5129 590 5194 λέγων,
635 5145 654 5178 ι
707 5127 780 5178 Τὸ
825 5128 1050 5198 Πνεῦμα
1083 5132 1146 5182 τὸ
1180 5131 1242 5182 ἐκ
1273 5119 1366 5182 τοῦ
1405 5131 1542 5183 Θεοῦ
1572 5130 1759 5183 ἐλάϐο-

200 5235 308 5285 μεν,
343 5239 360 5268 ι
392 5223 486 5275 καὶ
505 5221 566 5272 τὸ
596 5219 663 5272 δι’
692 5220 823 5272 Υἱοῦ
871 5222 1175 5292 πεφηνέναι
1219 5224 1390 5290 σαφὲς
1429 5222 1754 5291 πεποίηκεν,

203 5311 319 5368 Υἰοῦ
361 5316 583 5386 Πνεῦμα
617 5318 893 5386 ὀνομάσας
950 5319 1108 5380 αὐτὴ,
1143 5320 1396 5388 καθάπερ
1448 5318 1609 5384 Θεοῦ,
1664 5323 1758 5371 καὶ

196 5408 306 5460 νοῦν
339 5397 576 5479 Χριστοῦ
600 5413 936 5479 προσειπὼν,
960 5411 1213 5483 καθάπερ
1250 5415 1343 5465 καὶ
1365 5414 1501 5466 Θεοῦ
1532 5415 1755 5483 Πνεῦμα

198 5498 259 5562 ὥς
299 5501 392 5552 τοῦ
436 5501 744 5572 ἀνθρώπου,
805 5497 932 5556 ι’⁹0
962 5504 1186 5575 Νύσσης
1239 5505 1540 5577 Γρηγὸριος
1575 5509 1633 5559 ἐν
1677 5507 1757 5577 τῷ

200 5596 321 5661 πρὸς
356 5593 643 5646 Ἀϐλάϐιον
671 5595 836 5662 λόγῳ,
877 5613 894 5645 ι
923 5597 996 5648 'i‘b
1029 5598 1480 5666 ἀπαράλλακτον,
1536 5617 1554 5648 ι
1595 5601 1755 5666 φησὶ,

203 5690 346 5754 «τῆς
404 5687 620 5751 φύσεως
676 5687 1088 5756 ὁμολογοῦντες,
1129 5692 1228 5758 τὴν
1288 5694 1431 5742 κατὰ
1472 5691 1532 5742 τὸ
1584 5692 1757 5743 αἴτιον

200 5782 277 5829 καί
323 5779 562 5830 αἰτιατὲν
591 5780 855 5848 διαφορὰν
895 5783 995 5834 οὒκ
1037 5783 1376 5852 ἀρνούμεθα,
1408 5787 1464 5836 ἐν
1494 5784 1572 5852 τῷ
1608 5785 1756 5853 μόνῳ

196 5867 554 5938 διακρίνεσθαι
582 5871 642 5921 τδ
665 5870 855 5942 ἕτερον
880 5872 975 5925 τοῦ
1010 5874 1199 5944 ἑτέρου
1230 5875 1755 5946 καταλαμϐάνομεν,

201 5962 262 6027 τῴ
301 5963 372 6013 τὸς
418 5961 522 6028 μὲν
570 5963 745 6016 αἴτιον
808 5965 1085 6017 πιστεύειν
1140 5963 1302 6030 εἶναι,
1342 5966 1402 6018 τὸ
1451 5967 1506 6019 δὲ
1552 5969 1616 6020 ὲκ
1662 5969 1754 6022 τοῦ

1865 4758 2042 4809 lactus
2076 4756 2271 4810 fuiSSet
2310 4774 2376 4811 ex
2411 4758 2519 4812 Deo
2544 4799 2558 4822 ,
2609 4771 2666 4812 ut
2705 4762 2944 4818 tradunt.
2985 4785 3002 4814 ι
3039 4763 3263 4835 Magnus
3300 4768 3452 4822 Basi-

1865 4848 1992 4910 lius,
2025 4850 2078 4900 io
2113 4850 2291 4917 capite
2321 4852 2480 4920 cujus
2523 4854 2804 4923 inscriptio
2835 4867 2939 4918 est,
2978 4876 2995 4908 ι
3038 4861 3218 4925 Quare
3259 4877 3364 4914 non
3399 4875 3452 4917 et

1862 4941 2036 4994 Filius
2056 4939 2177 4995 Filii
2217 4941 2456 5012 Spiritus
2483 4964 2495 4999 :
2520 4945 2765 5001 «Scilicet
2787 4949 3055 5019 Spiritum
3074 4969 3138 5005 ex
3169 4953 3279 5008 Deo
3301 4971 3446 5018 esse,

1862 5046 2048 5103 aperte
2071 5037 2706 5107 etiuntiavitAposlolus,
2728 5043 2950 5096 dicens:
2975 5042 3258 5112 Spiritum,
3277 5053 3368 5116 qui
3385 5067 3448 5102 ex

1865 5133 1976 5190 Deo
2007 5147 2112 5202 est,
2153 5137 2507 5206 accepimus;
2540 5149 2593 5192 et
2625 5155 2717 5207 per
2753 5138 2951 5193 Filium
2986 5156 3272 5210 apparere,
3307 5146 3451 5200 clare

1863 5232 2217 5299 signiﬁcavit,
2265 5249 2390 5288 cum
2434 5235 2585 5288 illuni
2621 5235 2888 5304 Spiritum
2926 5235 3046 5290 Filii
3090 5243 3447 5308 nuncupavit,

1863 5325 1941 5376 uti
1980 5325 2095 5388 Dei,
2127 5336 2180 5379 et
2211 5339 2450 5380 mentem
2484 5327 2692 5382 Christi
2725 5330 3060 5397 compellans
3118 5341 3170 5384 ct
3206 5333 3293 5385 lli-i
3329 5336 3449 5401 Spi-

1861 5421 2052 5483 ritum,
2092 5419 2171 5472 uti
2200 5429 2255 5473 et
2287 5421 2549 5475 lioniiiiis.
2591 5440 2608 5470 ι
2647 5419 2946 5489 Gregorius
2979 5420 3286 5491 Nyssenus,
3327 5443 3443 5480 ora-

1861 5513 2011 5565 tione
2039 5512 2108 5565 ad
2141 5513 2426 5567 Ablabiuui
2454 5531 2468 5566 :
2499 5533 2516 5564 ι
2553 5513 3052 5568 lininutabilitalcm
3087 5528 3294 5570 natura:
3319 5538 3449 5575 eon-

1862 5607 2097 5669 ﬁtcntes,
2155 5620 2261 5659 non
2317 5605 2461 5658 imus
2511 5606 2722 5660 inﬁcias
2775 5610 3074 5660 secundum
3123 5627 3347 5663 rituum
3397 5623 3448 5668 ει

1861 5707 2148 5749 causamin
2181 5696 2544 5748 differentiam
2582 5700 2633 5748 in
2666 5712 2771 5764 qua
2804 5698 2917 5748 sola
2953 5699 3159 5749 liit‘l‘l'lll
3197 5703 3341 5753 aliud
3376 5699 3449 5756 ali

1863 5785 1969 5836 alio
1997 5783 2496 5852 deprehendimus;
2530 5801 2653 5839 cuni
2688 5786 2793 5839 hoc
2823 5788 3040 5854 quidem
3073 5806 3294 5844 i-ausain
3331 5811 3452 5850 σε.

1862 5877 2056 5930 damus
2082 5891 2225 5940 t‘Ssc,
2256 5876 2386 5929 illud
2419 5892 2484 5930 ex
2515 5893 2702 5938 causa,
2744 5889 2795 5928 ct
2829 5881 2972 5933 illius
3010 5881 3171 5929 ι-ιιοιη
3209 5886 3353 5944 quod
3379 5897 3446 5940 εχ

1866 5988 2030 6024 causa
2060 5980 2166 6034 esi,
2196 5986 2386 6023 rursus
2418 5969 2561 6023 aliud
2592 5971 2887 6023 discrimen
2915 5975 3270 6029 observamus
3299 5991 3310 6027 :
3349 5972 3453 6029 hoc
