4118 6440
694 382 801 446 315

696 602 726 639 a
765 584 925 651 Filio,
962 602 1057 655 per
1086 587 1243 649 illud,
1286 606 1304 639 t
1334 589 1480 657 quod
1516 587 1583 642 ab
1616 603 1682 643 eo
1716 588 1897 651 habet,
1930 587 2073 657 quod
2102 589 2197 649 sit.
2222 598 2275 641 et

696 676 767 728 alt
795 692 860 730 eo
888 677 1107 744 accipit,
1164 687 1220 732 et
1274 679 1432 732 nobis
1484 680 1808 745 annuntiat;
1841 698 1859 730 ι
1913 687 2124 732 tantum
2164 694 2273 731 non

694 767 905 827 dicens.
934 779 1224 837 propterea
1258 769 1402 837 quod
1437 786 1500 825 ex
1538 771 1678 825 Filio
1706 780 1810 835 est,
1844 769 1965 823 ideo
1996 769 2275 823 secundus

697 871 727 908 a
762 855 898 909 Filio
922 865 1027 911 est.
1066 855 1131 911 Et
1158 858 1203 911 si
1238 859 1336 911 tibi
1366 860 1418 913 in
1452 862 1637 914 animo
1666 870 1774 925 est,
1798 861 2121 931 quicunque
2146 871 2267 914 tan-

694 946 819 999 dem
855 945 1049 1013 fueris,
1083 948 1176 1017 qui
1222 949 1540 1019 refragaris,
1580 966 1937 1022 cognoscere,
1973 953 2017 1007 sl
2062 971 2089 1003 ει
2130 952 2273 1007 Filio

694 1049 802 1087 non
840 1044 1008 1099 esset,
1048 1050 1227 1106 neque
1252 1039 1527 1093 secundus
1562 1053 1593 1094 a
1629 1038 1769 1093 Filio
1792 1053 2018 1109 prorsus
2045 1052 2274 1097 vocatus

692 1124 909 1187 inisset,
938 1125 1106 1181 deme
1132 1127 1342 1181 dictum
1387 1129 1510 1192 hoc,
1541 1129 1760 1198 assigna
1795 1129 1952 1184 nobis
1984 1130 2145 1184 aliam
2176 1147 2271 1184 ra-

692 1215 900 1270 tionem
933 1233 1044 1285 qna
1095 1232 1125 1272 a
1172 1218 1312 1273 Filio
1342 1218 1581 1288 Spiritus
1658 1222 1931 1276 secundus
1968 1234 2267 1277 asseratur.

690 1303 906 1360 Etenim
942 1323 1053 1376 prze
1105 1308 1207 1363 bac
1245 1325 1352 1364 una
1404 1311 1521 1366 sola
1577 1313 1810 1376 ratione,
1858 1324 1951 1368 aut
1988 1317 2269 1386 temporali

692 1396 1004 1463 intervallo,
1039 1409 1132 1454 aut
1168 1401 1221 1455 in
1266 1405 1509 1458 sedendo
1564 1403 1811 1459 inferiori
1861 1407 2146 1473 subsellio,
2179 1420 2274 1464 aut

691 1487 877 1556 gloriae
905 1490 1226 1559 indigentia,
1263 1494 1519 1549 secunde
1555 1495 1635 1549 ba
1663 1505 1847 1565 partes
1874 1495 2114 1567 Spiritus
2137 1516 2272 1552 con-

689 1579 981 1648 cipientur.
1014 1582 1070 1636 Si
1133 1584 1317 1653 itaque
1369 1586 1573 1641 dictum
1628 1602 1904 1652 asserens,
1957 1607 1975 1640 ι
2008 1589 2271 1658 dignitate

690 1680 997 1727 secundum
1032 1689 1157 1729 esse
1188 1691 1219 1730 a
1254 1676 1396 1731 Filio
1422 1676 1713 1747 Spiritum,
1748 1698 1768 1731 ι
1805 1695 1872 1733 ει
1899 1680 2155 1736 oratione
2180 1684 2268 1738 illa

690 1764 945 1819 universa
1005 1766 1330 1833 erasissent,
1384 1770 1481 1836 qui
1530 1770 1676 1823 aliud
1726 1771 1903 1840 palam
1976 1782 2268 1843 aperteque

688 1857 1007 1920 cnuntians.
1048 1877 1069 1910 ι
1099 1860 1168 1914 ab
1197 1874 1287 1925 eo,
1312 1862 1459 1930 quod
1492 1862 1587 1927 sit,
1622 1862 1805 1929 habet,
1838 1880 1862 1915 ι
1935 1866 2265 1921 obliterare-

686 1953 838 2009 runt,
876 1945 1016 2003 forte
1052 1958 1167 2004 tum
1200 1950 1392 2005 eorum
1422 1952 1768 2022 improbitas,
1803 1965 1865 2010 ut
1896 1956 2005 2012 illis
2038 1960 2267 2013 collubi-

689 2045 803 2091 tum
835 2048 975 2105 erat,
1001 2039 1163 2095 linem
1197 2053 1449 2098 assecuta
1480 2046 1697 2101 luisset.
1736 2045 1844 2102 Sed
1879 2064 2026 2103 nunc
2065 2052 2267 2106 verita-

686 2130 760 2184 tis
802 2131 998 2199 spiritu
1048 2147 1239 2188 eorum
1288 2136 1650 2205 cogitationes
1692 2140 2072 2206 subvertente,
2110 2142 2265 2208 illud,

693 2237 710 2269 ι
762 2235 792 2273 a
843 2220 985 2274 Filio
1043 2237 1167 2277 esse
1249 2222 1538 2293 Spiritum,
1620 2246 1639 2277 ι
1673 2227 2045 2297 abrogarunt;
2119 2248 2137 2280 ι
2171 2231 2263 2283 sed

684 2310 989 2366 secundum
1025 2328 1151 2369 esse
1197 2330 1321 2370 eunt
1355 2332 1405 2383 a,
1437 2315 1602 2383 Filio,
1660 2337 1678 2369 ι
1722 2321 1775 2372 in
1805 2322 2065 2375 omnibus
2115 2321 2266 2376 libris

612 2392 623 2397 ’
684 2402 1024 2472 descriptum
1099 2406 1462 2475 reliquerunt.
1517 2406 1780 2479 Indeque,
1839 2414 1932 2481 qui
1992 2414 2265 2481 sapientes

671 2495 1043 2560 apprehendit
1075 2496 1129 2549 in
1155 2498 1471 2553 callidiilate
1506 2514 1721 2560 eorum.
1754 2502 2043 2572 diligenter
2065 2505 2265 2559 similia

682 2582 1151 2651 examinantibus,
1204 2587 1451 2643 fraudem
1490 2592 1956 2661 cowprehendere
1990 2597 2263 2653 concedit.

680 2669 750 2726 Et
785 2675 932 2728 nulla
978 2677 1081 2730 alia
1118 2680 1331 2733 ratione
1380 2680 1655 2734 dicturum
1707 2698 1943 2751 unquam
2000 2683 2262 2741 Basilium

682 2763 964 2845 Magnum,
1009 2766 1274 2837 Spiritum
1327 2771 1631 2826 secundum
1682 2787 1803 2827 esse
1846 2790 1875 2826 a
1911 2774 2070 2839 Filio,
2101 2792 2265 2847 argu-

682 2857 915 2907 mentari
945 2856 1069 2909 licet
1100 2872 1165 2913 ex
1197 2857 1306 2924 his,
1336 2874 1457 2926 qum
1482 2861 1598 2928 ipsc
1626 2861 1789 2916 dictis
1818 2861 2095 2919 adnectit:
2123 2866 2265 2922 infra

681 2945 826 2998 enim
874 2946 987 3000 haec
1023 2947 1225 3003 habet:
1265 2967 1284 3000 ι
1328 2948 1570 3015 Etenim,
1598 2953 2065 3018 quemadmodum
2094 2955 2265 3013 Filius

681 3032 874 3086 ordine
913 3033 1258 3103 etdignitate
1308 3051 1338 3091 a
1382 3037 1541 3092 Patre
1589 3040 1863 3097 secundus
1904 3052 2026 3111 est;
2076 3046 2266 3102 ordine

1725 389 1933 451 JOAN.
1973 388 2188 449 VECCI
2231 388 2343 447 CP.
2388 390 2896 455 PA'l‘llIARCHB

697 511 822 549 nem
864 509 994 550 vero
1018 495 1189 561 illius,
1222 495 1485 564 Spiritum
1518 497 1785 566 dignitate
1810 514 1933 553 esse
1967 497 2265 552 secundum

2378 498 2614 567 χρῆσθαι
2643 499 2743 553 οὒκ
2771 500 2887 553 ἔστι
2919 500 3098 568 λέγειν
3134 500 3289 554 αὑτό.
3327 520 3345 552 ι
3378 498 3491 569 τὴν
3514 498 3570 551 δὲ
3605 497 4006 565 κατασκευὴν

3886 387 4019 447 ϐίόῖ

2375 587 2468 639 τοῦ
2524 590 2583 641 τὸ
2625 590 2849 659 Πνεῦμα
2910 591 3249 661 δευτερεύειν
3306 590 3440 643 Υἱοῦ
3497 588 3575 658 τῷ
3647 587 3997 657 ἀξιώματι.

2375 681 2485 731 ἀπὸ
2512 682 2608 732 τοῦ
2645 700 2664 732 ι
2709 683 2843 752 παρ’
2872 682 3038 736 αὑτοῦ
3084 683 3144 735 τὸ
3174 676 3315 735 εἶναι
3358 681 3526 751 ἔχειν,
3567 680 3662 733 καὶ
3698 679 3859 748 παρ’
3892 676 4047 752 αὐ-Ξ

2374 770 2468 822 τοῦ
2517 770 2840 839 λαμϐάνειν,
2885 772 2979 824 καὶ
3014 771 3374 838 ἀναγγέλλειν
3407 773 3559 841 ἡμῖν,
3601 789 3620 821 ι
3657 770 3999 837 μονονουχὶ

2376 860 2601 927 φάσκων
2623 862 2697 925 ὡς
2726 863 2814 919 διά
2830 864 2891 916 τὸ
2921 865 2984 917 ἐκ
3012 863 3103 915 τοῦ
3135 863 3266 915 Υίοῧ
3299 859 3460 925 εἶναι,
3490 865 3584 913 καί
3608 859 3998 929 δευτερεύειν
4030 894 4033 897 -

2376 950 2565 1004 αὑτοῦ.
2592 953 2701 1006 Καὶ
2723 955 2771 1005 εί
2796 953 2995 1021 βούλει,
3023 954 3171 1015 ὅστις
3199 949 3319 1005 ποτ’
3343 953 3410 1005 ἀν
3445 953 3539 1003 καὶ
3572 951 3688 1019 εῐης
3717 953 3751 1003 ὁ
3820 950 3991 1001 διεν-
4030 990 4035 991 ν

2377 1044 2689 1109 ιττάμινος,
2748 1042 2969 1109 γνῶναι,
3033 1042 3129 1109 ὡς,
3158 1043 3205 1094 ει
3271 1042 3345 1111 μὴ
3379 1044 3529 1109 παρὰ
3552 1040 3645 1093 τοῦ
3687 1040 3735 1092 Υ
3775 1038 3853 1091 οὗ
3888 1034 3995 1106 ἦν.
4040 1042 4041 1045 “

2372 1132 2496 1185 οὐδὲ
2531 1132 2852 1201 δευτερεῦον
2894 1134 2961 1186 ἂν
3005 1134 3143 1195 ὅλως
3183 1132 3385 1203 ἐρρέθη
3411 1131 3608 1183 αὐτοῦ’
3648 1129 3837 1199 ἄφελε
3875 1129 3995 1187 τὴν

2375 1225 2532 1293 ρῆσιν
2571 1225 2779 1294 ταύτην
2823 1226 2918 1277 καὶ
2963 1226 3051 1288 δὸς
3096 1226 3229 1294 ἡμῖν
3280 1227 3345 1277 σὺ
3374 1224 3562 1293 ἕτερον
3590 1222 3751 1288 λόγον
3808 1223 3985 1281 τινὰ,

2373 1315 2492 1367 καθ’
2527 1316 2586 1368 ὃν
2632 1318 2725 1369 τοῦ
2750 1316 2881 1370 Υίοῦ
2934 1316 3245 1386 δευτερεύει
3288 1315 3348 1367 ea
3378 1313 3626 1382 Πνεῦμα.
3656 1312 3833 1380 Παρά
3861 1312 3993 1379 γάρ

2369 1405 2461 1458 τὸν
2490 1406 2733 1459 τοιοῦτον
2758 1406 2916 1473 λόγον
2946 1408 2979 1477 ἢ
3011 1406 3341 1475 διαστήματι
3374 1406 3589 1475 χρόνον,
3619 1403 3652 1473 ἢ
3678 1402 3991 1473 καθέδρας
4050 1402 4067 1465 Ξ

2370 1497 2619 1566 ὑφεδρίᾳ,
2654 1498 2686 1567 ἢ
2721 1498 2884 1565 δίξης
2917 1498 3116 1569 ἐνδείᾳ.
3149 1498 3209 1549 τὸ
3238 1496 3546 1564 δευτερεῖον
3581 1494 3978 1565 νοηθήσεται.
4050 1518 4061 1537 ε

2370 1589 2432 1641 Et
2470 1590 2568 1653 μὲν
2604 1586 2698 1641 οὖν
2738 1590 2836 1641 καὶ
2874 1589 2973 1658 τὴν
3019 1591 3287 1655 λέγουσαν
3326 1590 3485 1658 ῥῆσιν
3542 1606 3560 1637 ι
3602 1584 3985 1655 δευτερεύειν

2368 1679 2643 1744 ἀξιώματι
2700 1680 2801 1733 τοῦ
2837 1680 2967 1733 Υἱοῦ
3028 1681 3089 1732 τὸ
3142 1680 3391 1747 Πνεῦμα,
3445 1698 3464 1730 ι
3500 1678 3807 1745 διέγραφον
3871 1675 3983 1726 τοῦ

2368 1772 2569 1835 παντὸς
2598 1772 2754 1840 λόγου
2784 1774 2833 1825 oi
2886 1773 2986 1842 τὴν
3031 1773 3161 1843 παρ’
3194 1771 3363 1825 αὑτοῦ
3397 1770 3461 1822 τὸ
3500 1766 3642 1822 εἶναι
3683 1769 3818 1837 ἔχον
3846 1766 3983 1818 δια-

2371 1864 2744 1932 γραψάμενοι,
2780 1864 2938 1935 ἔσχον
2966 1865 3034 1918 ἀν
3060 1868 3190 1928 ἴσως
3222 1864 3280 1917 τὸ
3308 1864 3408 1933 τῆς
3436 1864 3707 1933 πονηρῖας
3743 1860 3981 1920 αὐτῶν,

2367 1956 2506 2025 ὅπερ
2540 1955 2823 2010 δὸούλοντο
2853 1956 3212 2024 ἀποτέλεσμα
3232 1972 3246 1987 ·
3293 1954 3389 2007 νῦν
3422 1954 3466 2007 δ’
3488 1956 3575 2006 ὅτε
3604 1954 3666 2005 τὸ
3688 1953 3788 2021 τῆς
3820 1951 3971 2017 ἀλη-

2369 2046 2522 2109 θείας
2550 2047 2777 2115 Πνεῦμα
2808 2048 2910 2117 τὴν
2962 2046 3147 2100 αὐτῶν
3180 2046 3422 2099 διάνοιαν
3450 2043 3709 2114 ἔσφαλλε,
3752 2044 3819 2093 τὸ
3862 2041 3975 2109 μὲν

2376 2159 2395 2191 ι
2434 2140 2587 2212 παρὰ
2620 2140 2717 2193 τοῦ
2770 2141 2902 2193 Υίοῦ
2946 2136 3088 2193 εἶναι
3141 2140 3205 2192 τὸ
3263 2138 3511 2205 Πνεῦμα,
3572 2156 3591 2187 ι
3628 2134 3729 2188 τοῦ
3784 2134 3973 2200 λόγου

2366 2230 2688 2302 διέγραψαν.
2729 2251 2747 2283 ι
2786 2232 3125 2295 δευτερεύειν
3149 2231 3205 2283 δὲ
3229 2230 3360 2283 αὐτὸ
3390 2230 3489 2282 τοῦ
3514 2228 3667 2290 Υίοῦ,
3695 2250 3713 2279 ι
3755 2229 3818 2279 ὲν
3857 2227 3977 2277 πὶ-

2368 2337 2492 2383 σαις
2521 2320 2747 2389 ἀφῆκαν
2772 2324 2894 2385 ταῖς
2924 2321 3127 2392 βίϐλοις
3167 2322 3542 2390 ἀνάγραπτον.
3578 2317 3911 2371 Κάντεῦθεν
3940 2315 3972 2366 6

2366 2415 2492 2476 τοὺς
2525 2414 2725 2483 σοφοὺς
2776 2414 3147 2483 δρασσόμενος
3206 2416 3265 2465 ἐν
3300 2416 3363 2481 τῇ
3421 2400 3730 2481 πανουργία
3756 2400 3967 2462 αὐτῶν

2365 2499 2550 2553 δίδωσι
2576 2502 2690 2563 τοῖς
2732 2500 2801 2553 τά
2851 2501 3081 2556 τοιαῦτα
3128 2501 3407 2571 ἐπιμελῶς
3445 2501 3966 2567 διασκοπουμὲνοις

2365 2593 2655 2645 κατανοεῖν
2680 2592 2741 2644 τὸ
2766 2592 3135 2661 σκιιωρηοέν.
3169 2593 3274 2645 Καὶ
3301 2591 3382 2657 In
3419 2591 3498 2653 δὲ,
3529 2591 3612 2643 δτι
3659 2590 3785 2642 κατ’
3818 2587 3965 2639 οὑδ-

2369 2680 2469 2735 ένα
2527 2680 2716 2749 ἕτερον
2738 2681 2899 2749 λόγον
2933 2682 3147 2751 είρήχει
3175 2680 3239 2733 ἄν
3286 2696 3417 2735 ποτε
3445 2679 3505 2733 τὺ
3557 2679 3791 2746 Πνεῦμα
3825 2674 3965 2729 δεύ-

2366 2789 2525 2843 τερον
2554 2772 2647 2825 τοῦ
2678 2772 2807 2826 Υίοῦ
2836 2776 2864 2826 ό
2893 2772 3067 2844 μέγας
3107 2772 3414 2835 Βασίλειοξ,
3451 2770 3769 2839 λογίσισοαι
3828 2772 3960 2822 ἐστι

2366 2865 2461 2918 καὶ
2494 2863 2554 2929 ἐξ
2583 2859 2657 2917 ὧν
2686 2858 2845 2927 οὗτος
2896 2865 3008 2926 τοῖς
3044 2862 3362 2933 εἰρημένοις
3395 2864 3631 2928 ἐπάγει·
3670 2861 3809 2929 φησὶ
3838 2860 3963 2927 γάρ

2366 2956 2752 3020 ὑποκαταϐὰς·
2786 2974 2805 3007 ι
2856 2956 2945 3018 Ὧς
2974 2956 3083 3029 γὰρ
3114 2958 3141 3008 ὀ
3186 2954 3313 3017 Υἱὸς
3334 2954 3495 3019 τάξει
3534 2954 3627 3007 καὶ
3664 2952 3960 3020 ἀξιώματι

2364 3048 2618 3117 δεύτερος
2672 3046 2771 3100 τοῦ
2836 3046 3073 3115 Πατρός,
3131 3045 3289 3110 τάξει
3327 3046 3431 3114 μὲν
3449 3034 3533 3098 ὅτι
3569 3044 3664 3096 ἀπ’
3700 3044 3955 3101 ἐκείνου,

4028 92 4065 1437 ᾗ

681 3122 925 3213 quidem,
949 3126 1095 3195 quod
1129 3141 1195 3182 ex
1228 3144 1294 3183 eo
1323 3138 1443 3194 cst;
1472 3131 1734 3201 dignitate
1762 3148 1913 3199 vero,
1935 3136 2082 3206 quod
2109 3138 2263 3206 prin-

2368 3141 2463 3193 καὶ
2500 3138 2797 3207 ἀξιώματι,
2832 3138 2914 3191 ὅτι
2943 3138 3086 3209 ἀρχὴ
3120 3140 3215 3191 καὶ
3240 3138 3389 3190 αίτία
3426 3136 3523 3189 τοῦ
3549 3131 3687 3188 εἶναι
3716 3135 3959 3203 Πατέρα

683 3203 899 3282 cipiunt.
921 3227 971 3271 et
998 3233 1163 3273 causa
1196 3220 1341 3275 illius
1372 3220 1537 3277 Pater
1569 3233 1672 3288 est,
1702 3236 1755 3280 et
1782 3226 1925 3294 quod
1952 3203 2062 3298 per
2084 3203 2263 3298 ipsum

682 3320 939 3364 accessus
970 3319 1024 3363 et
1054 3310 1313 3366 adductio
1346 3312 1411 3367 ad
1450 3314 1618 3367 Deum
1662 3312 1912 3383 Patrem;
1947 3328 2140 3373 natura
2170 3336 2267 3375 au-

683 3406 792 3451 tem
829 3399 982 3453 nullo
1012 3403 1175 3455 modo
1209 3402 1508 3467 secundus,
1544 3405 1687 3471 quod
1728 3405 1907 3461 Deitas
1940 3408 1993 3460 in
2034 3420 2265 3480 utroque

682 3502 833 3543 una:
868 3492 983 3558 pari
1028 3491 1240 3546 ratione
1288 3494 1559 3556 videlicet,
1616 3503 1671 3548 et
1720 3492 1959 3564 Spiritus
2008 3509 2261 3568 sanctus,

682 3580 810 3635 licet
842 3583 1054 3646 ordine,
1110 3595 1167 3659 et
1207 3586 1471 3653 dignitate
1526 3586 1754 3641 inferior
1787 3598 1892 3652 est,
1936 3605 2044 3644 non
2083 3599 2262 3646 tamen

683 3673 810 3727 inde
835 3675 1225 3740 t'erisimjliter,
1257 3676 1453 3731 aliena:
1476 3692 1597 3733 esse
1622 3689 1852 3746 natura,
1877 3683 2031 3750 sequi
2059 3683 2265 3737 dixeri-

688 3778 833 3819 mus.
868 3783 887 3816 ι
942 3764 1266 3820 Consideret
1310 3767 1397 3821 cui
1452 3767 1507 3820 id
1560 3768 1860 3822 collibitum
1904 3769 2095 3836 fuerit,
2152 3788 2262 3826 non

684 3856 925 3925 alienum
956 3871 1080 3912 esse
1122 3872 1152 3910 a
1201 3858 1417 3925 pietatis
1451 3860 1661 3912 ratione
1698 3860 1997 3915 secundum
2030 3877 2151 3917 esse
2182 3863 2266 3917 di-

688 3947 893 4015 gnitate
918 3961 945 4000 a
978 3946 1119 4001 Filio
1151 3948 1438 4016 Spiritum,
1464 3950 1611 4017 quod
1646 3963 1707 4002 ex
1745 3951 2118 4019 proportione,
2144 3966 2265 4020 quire

684 4048 768 4093 est
801 4035 925 4103 Filii
960 4040 1028 4091 ad
1057 4037 1299 4107 Patrem,
1348 4041 1478 4094 dum
1524 4038 1699 4093 Filius
1734 4044 2005 4097 secundas
2044 4058 2075 4095 a
2106 4042 2265 4099 Patre

684 4157 870 4226 partes
900 4147 1165 4215 possidet,
1198 4146 1613 4215 comprobatur.
1644 4144 1736 4199 Ait
1767 4146 1911 4199 enim
1942 4163 1955 4199 :
1989 4144 2140 4202 Licet
2175 4165 2265 4203 or-

684 4222 839 4305 dine,
866 4248 919 4293 et
952 4240 1216 4307 dignitate
1247 4237 1387 4291 Filio
1417 4236 1649 4296 inferior
1692 4237 1784 4303 sit,
1822 4254 1929 4291 non
1963 4239 2085 4293 ideo
2128 4240 2263 4295 Filio

684 4331 875 4387 ordine
902 4340 955 4385 et
982 4331 1243 4401 dignitate
1274 4329 1501 4384 inferior
1525 4338 1627 4393 est,
1658 4330 1811 4400 quasi
1838 4332 2029 4385 alienae
2056 4345 2265 4390 naturae

686 4439 914 4494 compos
944 4442 959 4479 :
992 4426 1215 4495 quando
1248 4435 1302 4479 et
1327 4424 1519 4487 Filius,
1549 4424 1675 4478 licet
1717 4438 1747 4478 a
1781 4423 1943 4479 Patre
1986 4427 2262 4481 seCundus

2368 3232 2557 3296 αὑτοῦ,
2585 3232 2680 3284 καὶ
2703 3233 2787 3284 ὅτι
2814 3231 2884 3284 δι’
2907 3228 3132 3300 αὑτοῦὴ
3161 3231 3444 3299 πρόσοδος,
3475 3228 3569 3283 καὶ
3596 3228 3953 3298 προσαγωγή

2365 3326 2504 3395 πρὸς
2535 3324 2627 3378 τὸν
2659 3322 2811 3388 Θεὸν,
2853 3324 2947 3375 καὶ
3000 3323 3240 3393 Πατέρα,
3292 3323 3453 3390 φύσει
3486 3321 3541 3373 δὲ
3572 3323 3671 3375 οὐκ
3703 3321 3786 3373 ἔτι
3823 3312 3957 3373 δεύ-

2364 3433 2542 3485 τερος,
2572 3416 2708 3469 διότι
2737 3416 2770 3485 ἡ
2809 3415 3000 3486 θεότης
3022 3416 3077 3466 ὲν
3107 3414 3355 3484 ἑκατέρῳ
3384 3414 3483 3483 μίι
3512 3430 3527 3445 ο
3558 3413 3701 3466 οὕτω
3746 3414 3953 3483 δηλον-

2380 3511 2463 3562 ότι
2520 3509 2616 3563 atat
2644 3508 2704 3561 τὸ
2740 3507 2962 3576 Πνεῦμα
2988 3507 3047 3561 τὸ
3076 3508 3254 3575 ἅγιον,
3287 3510 3338 3561 εί
3378 3508 3476 3560 καὶ
3506 3506 3819 3575 ὑποδέδηκε
3853 3507 3953 3557 τδν

2365 3600 2495 3653 Υίὸν
2523 3604 2590 3671 τῇ
2620 3600 2775 3664 τάξει
2807 3601 2903 3654 καὶ
2934 3599 3012 3669 τῷ
3052 3598 3349 3669 ἀξιώματι,
3380 3598 3481 3650 οὐκ
3507 3597 3587 3649 ἔτι
3615 3598 3680 3650 ἂν
3712 3598 3952 3658 εἰκότως

2364 3693 2441 3755 ὡς
2460 3687 2745 3763 ἀλλοτρίας
2771 3692 3017 3761 ὑπάρχον
3039 3691 3253 3759 φύσεως
3271 3688 3585 3743 ἀκολουθεῖν
3606 3690 3881 3757 εἴποιμεν.
3923 3706 3943 3737 ι

2365 3784 2647 3837 Σκοπείτω
2697 3784 2724 3834 ό
2778 3783 3096 3852 βουλόμενος
3142 3780 3237 3833 τοῦ
3286 3780 3387 3849 τῆς
3437 3779 3723 3841 εὐσεϐείας
3771 3780 3946 3847 λόγου

2368 3873 2441 3943 μὴ
2487 3874 2706 3927 ἀποδεῖν
2752 3874 2812 3927 τὸ
2844 3871 3185 3941 δευτερεύειν
3242 3870 3520 3941 ἀξιώματι
3578 3871 3675 3923 τοῦ
3712 3870 3845 3922 Υἱοῦ
3880 3870 3945 3923 τὸ

2366 3965 2592 4036 Πνεῦμα
2616 3985 2629 3998 ·
2662 3969 2726 4019 ὲκ
2752 3970 2851 4037 τῆς
2897 3966 3186 4033 ἀναλογίας
3226 3964 3321 4017 τοῦ
3377 3964 3514 4034 πρὸς
3567 3964 3658 4017 τὸν
3694 3963 3945 4033 Πατέρα,

2364 4057 2679 4126 δευτερεῖον
2714 4058 2812 4108 τοῦ
2848 4054 2978 4109 Υίοῦ
3011 4057 3297 4127 συνίστησι
3326 4055 3505 4107 τοῦτο.
3536 4055 3673 4124 Φησὶ
3704 4054 3813 4123 γάρ
3837 4056 3940 4117 ὡς,

2365 4151 2429 4202 El
2494 4152 2587 4202 καὶ
2619 4149 2929 4218 ὑποδέδηκε
2958 4148 3051 4201 τὸν
3083 4148 3210 4200 Υἱδν
3240 4149 3303 4217 τῇ
3335 4147 3485 4212 τάξει
3531 4152 3625 4200 καὶ
3653 4148 3732 4219 τῷ
3768 4148 3944 4212 ἀξιώ-

2368 4260 2522 4312 ματι,
2553 4243 2653 4293 οὑκ
2685 4239 2767 4293 ἔτι
2801 4241 2868 4294 ἂν
2932 4241 3008 4303 ὠς
3065 4239 3353 4309 ἀλλοτρίας
3412 4240 3655 4311 ὑπάρχον
3700 4241 3944 4309 φύσεως,

2366 4330 2709 4400 ὑπσὸέόηκεν
2737 4330 2901 4383 αὑτὸν
2928 4333 2995 4400 τῇ
3028 4328 3181 4393 τάξει
3212 4329 3309 4382 καὶ
3344 4328 3422 4397 τῷ
3462 4327 3755 4399 ἀξιώματι.
3784 4330 3945 4385 Ἐπεὶ

2364 4426 2458 4477 καὶ
2498 4425 2526 4476 ὁ
2558 4424 2682 4486 Υἱὸς
2740 4422 2994 4493 δεύτερος
3028 4421 3103 4475 ὣν
3153 4422 3247 4475 τοῦ
3301 4422 3516 4488 Πατρὸς
3560 4422 3712 4486 τάξει
3746 4442 3805 4478 τε
3846 4426 3944 4479 καὶ

686 4518 759 4573 sit
789 4517 983 4572 ordine
1034 4527 1088 4573 et
1132 4518 1415 4587 dignitate,
1444 4534 1551 4572 non
1596 4527 1683 4573 est
1730 4527 2015 4588 propterea
2065 4528 2261 4573 natura

2368 4518 2661 4587 ἀξιώματι,
2716 4517 2905 4569 οὐκέτι
2965 4516 3059 4568 καὶ
3117 4514 3278 4583 φύσει
3341 4515 3462 4566 ἐστὶ
3516 4515 3805 4585 δεύτερος’
3844 4517 3945 4570 καὶ

684 4610 961 4664 secundus
992 4628 1005 4664 :
1036 4619 1093 4665 et
1120 4626 1401 4680 exponens
1430 4620 1654 4666 sanctus
1687 4612 1913 4675 dictum,
1943 4626 2053 4678 quo
2088 4610 2259 4668 Filius

688 4715 719 4752 a
757 4700 917 4757 llatre
943 4704 1215 4757 secundus
1240 4714 1355 4758 est:
1388 4722 1405 4754 ι
1428 4701 1631 4757 Ordine
1647 4703 1899 4772 quidem,
1936 4703 2135 4771 inquit,
2165 4719 2254 4757 se-

686 4794 900 4847 cundus
930 4803 1016 4849 est
1064 4810 1093 4849 a
1130 4796 1309 4857 Patre,
1353 4796 1587 4865 quodex
1628 4796 1728 4849 illo
1753 4805 1857 4859 est,
1892 4806 1945 4850 et
1971 4797 2258 4863 dignitate,

685 4886 833 4955 quod
870 4886 1201 4957 principium
1227 4896 1280 4940 et
1320 4903 1507 4953 causa,
1536 4887 1680 4957 quod
1705 4888 1796 4942 ille
1828 4889 1918 4949 sit.
1953 4887 2112 4941 Pater
2138 4898 2259 4953 est;

685 4986 739 5031 et
766 4979 911 5047 quod
959 4994 1055 5049 per
1097 4996 1220 5034 cum
1263 4995 1524 5035 accessus
1568 4992 1623 5035 et
1686 4980 1948 5034 adductio
1976 4980 2041 5033 ad
2090 4979 2257 5035 Deum

687 5072 923 5126 Patrem.
968 5091 986 5124 ι

762 5160 814 5214 5.
845 5162 950 5215 Sed
982 5163 1105 5230 quis
1144 5161 1268 5226 scit,
1307 5162 1561 5231 inquiunt
1605 5162 1923 5228 adversarii,
1956 5178 2024 5217 an
2067 5178 2265 5223 secun-

688 5253 786 5309 das
843 5263 1025 5323 partes
1074 5252 1311 5321 Spiritus
1381 5265 1634 5323 respectu
1697 5253 1857 5316 Filii,
1910 5256 2265 5323 proportione

688 5344 935 5415 quidem,
970 5346 1303 5413 reSpondere
1324 5356 1547 5399 sanctus
1577 5344 1828 5413 opinetur
1850 5346 2111 5400 secundis
2143 5345 2262 5399 Filii

693 5436 961 5505 partibus,
1010 5446 1259 5503 respectu
1307 5434 1524 5489 Patris?
1563 5435 1697 5502 Quis
1729 5436 1869 5489 scit?
1916 5435 2016 5502 Qui
2056 5437 2263 5491 theolo-

691 5534 811 5602 gica
846 5531 989 5585 dicta
1031 5530 1319 5599 diligenter
1350 5532 1643 5600 percurrit,
1671 5532 1875 5599 quibus
1910 5532 2107 5586 similis
2136 5547 2263 5601 pro-

694 5622 873 5691 portio
923 5622 1082 5691 planc
1131 5622 1443 5687 innotescit.
1475 5621 1609 5687 Quae
1663 5623 1790 5676 licet
1831 5622 2085 5692 pleraque
2130 5624 2263 5689 sint,

694 5728 867 5781 pauca
889 5714 1241 5768 nihilominus
1264 5714 1353 5768 hic
1380 5729 1734 5798 apponetnus,
1760 5718 2002 5768 contenti
2028 5722 2265 5768 tanturn-

696 5806 855 5861 tnodo
907 5805 1067 5861 dietis
1124 5807 1303 5876 magni
1358 5804 1662 5874 Athanasii,
1720 5822 1839 5876 qtue
1891 5821 2119 5878 magnus
2176 5808 2265 5863 ille

2364 4606 2757 4677 ὲφερμηνεύων
2792 4610 2819 4658 ὁ
2850 4608 3005 4673 ἀγιος
3054 4605 3144 4658 τὸν
3176 4605 3357 4673 λόγον,
3411 4604 3535 4656 καθ’
3574 4605 3632 4657 ὃν
3664 4598 3782 4657 ἐστί
3809 4606 3935 4660 ass.

2362 4717 2518 4768 τερος
2568 4699 2663 4753 τοῦ
2724 4701 2938 4768 Πατρός
2989 4703 3017 4749 ό
3071 4698 3220 4761 Υἱὸς,
3280 4715 3298 4748 ι
3363 4696 3525 4760 Τάξει
3567 4698 3685 4767 μὲν,
3727 4718 3746 4751 ι
3783 4701 3942 4771 φησι,

2369 4810 2388 4844 ι
2428 4792 2523 4845 τοῦ
2576 4791 2789 4861 Πατρός
2838 4793 2957 4843 ἐστι
2987 4787 3265 4858 δεύτερος,
3316 4789 3401 4839 ὅτι
3455 4787 3549 4838 ἀπ’
3581 4788 3814 4854 ἐκείνου,
3847 4789 3944 4842 καὶ

2362 4884 2661 4956 ἀξιώματι,
2692 4886 2774 4937 ὅτι
2807 4884 2973 4954 ἀρχὴ,
2998 4886 3091 4936 καὶ
3130 4880 3281 4934 αἰτία
3309 4879 3387 4948 τῷ
3420 4876 3561 4933 εἶναι
3590 4882 3811 4949 Πατέρα
3840 4882 3942 4935 αὑ-

2364 4978 2457 5030 τοῦ
2510 4978 2605 5029 καὶ
2657 4977 2738 5027 ὃτι
2775 4975 2842 5028 δι’
2870 4975 3035 5028 αὑτοῦ
3088 4974 3417 5044 ἡπρόσοδος
3472 4974 3565 5027 καὶ
3601 4977 3940 5045 προσαγωγὴ

2366 5070 2503 5139 πρὸς
2533 5070 2627 5121 τὸν
2657 5068 2789 5121 Θεὸν
2822 5070 2916 5121 καὶ
2950 5069 3188 5137 Πατέρα.
3234 5089 3252 5122 ι

2437 5161 2498 5216 ε’.
2548 5160 2708 5215 Ἀλλά
2744 5162 2827 5223 τίς
2881 5157 3012 5226 οἶδε,
3063 5164 3225 5229 φασὶν
3269 5164 3317 5215 οἱ
3346 5163 3721 5230 ἀντιλέγοντες
3780 5164 3831 5214 εί
3880 5161 3942 5215 τὸ

2364 5252 2459 5305 τοῦ
2492 5250 2809 5320 Πνεύματος
2838 5253 2974 5322 πρῦς
3018 5253 3109 5303 τὸν
3166 5253 3292 5305 Υἱῖν
3321 5255 3625 5323 δευτερεῖον
3674 5254 3940 5320 ἀνάλογον

2365 5342 2394 5395 ὀ
2426 5342 2578 5406 ἅγιος
2605 5340 2781 5394 οῐεται
2821 5339 2900 5409 τῷ
2947 5342 3208 5408 τρδςτὸν
3248 5344 3468 5413 Πατέρα
3513 5344 3802 5414 δευτερείῳ
3842 5344 3937 5397 τοῦ

2368 5432 2537 5495 Υἱοῦ;
2590 5431 2688 5493 Τίς
2740 5426 2923 5497 οἷδεν;
2974 5434 3034 5486 ὐ
3063 5435 3131 5486 τά
3160 5434 3445 5503 ϐεολογικὰ
3489 5435 3630 5505 ρητά
3660 5436 3938 5504 ἐπιμελῶς

2368 5523 2746 5594 ἐξερχόμενος,
2799 5525 2859 5591 ἐξ
2890 5518 2965 5577 ὧν
3020 5526 3313 5595 ἡτοιαύτη
3364 5525 3625 5593 ἀναλογία
3678 5526 3793 5596 ἔχει
3837 5527 3939 5598 τὴν

2367 5616 2752 5687 διατράνωσιν,
2780 5610 2855 5669 ὧν
2889 5616 3099 5669 πολλῶν
3139 5615 3311 5670 ὄντων
3334 5617 3594 5685 όλιγάττα
3626 5622 3683 5671 ὲν
3723 5618 3799 5687 τῷ
3830 5637 3938 5671 πα-

2375 5709 2519 5780 ρόντι
2551 5708 2879 5779 ἐκϐήσομεν,
2909 5709 3089 5777 μ’ῖνοις
3127 5712 3238 5772 τοῖς
3280 5710 3375 5762 τοῦ
3414 5711 3654 5777 μεγάλου
3701 5712 3935 5765 Ἀθανα-

2375 5800 2512 5867 σίου,
2546 5794 2625 5864 οἷς
2650 5802 2676 5852 ό
2707 5799 2877 5871 μέγας
2908 5796 3060 5863 οὗτος
3096 5802 3151 5853 ἐν
3196 5803 3262 5871 τῇ
3297 5799 3430 5869 πρὸς
3464 5801 3717 5870 Σεραπὲω
3754 5820 3785 5855 α
3814 5807 3939 5873 περὶ
