4118 6442
127 444 235 505 329
1034 440 1139 507 ΑΙ)
1162 442 1643 508 THEODORUM
1671 446 2013 507 SUGDEJE
2050 445 2284 509 EPIEC.
2326 448 2473 508 LIB.
2522 448 2642 514 III.

3314 452 3419 515 330

128 557 305 626 ιεροῖς
355 548 587 619 δεσμοῖς
652 556 838 627 μόνον,
874 554 1010 610 ἀλλά
1059 555 1157 609 καὶ
1196 556 1499 619 πολιτικοῖς
1548 558 1725 627 ἐπαρ-

1834 572 1997 627 quam
2032 557 2161 613 odio
2201 559 2555 628 prosequitur
2606 568 2660 613 et
2717 558 3048 629 impietatem
3101 562 3422 631 prnpulsa‘n-

128 652 251 704 κεῖν
282 649 624 717 δυνάμενος,
650 650 747 707 καὶ
774 650 836 701 τὸ
872 648 1108 703 ἀτακτον
1130 651 1209 712 είς
1254 648 1410 713 τάξιν
1442 727 1447 731 ι
1459 647 1729 719 psi-a661-

127 742 265 799 λειν.
348 736 527 804 Οὗτος
580 741 609 793 6
662 741 1101 812 κεκαρπωμένος
1172 739 1276 810 τῆς
1343 740 1568 811 Ῥώμης
1631 743 1733 809 ἀρ-

130 834 368 909 χιερεὺς
400 832 493 888 διά
513 833 625 888 τῶν
654 833 821 887 αὑτοῦ
842 832 1280 888 θεοσεϐεστάτων
1305 834 1400 886 καὶ
1430 833 1730 902 περιδόξων

133 925 545 997 τοποτηρητῶν
605 923 845 988 Παύλου,
879 926 976 979 καὶ
1038 925 1322 993 Εὖγενίου,
1363 925 1458 978 καὶ
1517 926 1727 995 Πέτρου

134 1017 248 1072 τῶν
335 1018 653 1089 ἀρχιερέων
681 1057 698 1081 ,
760 1017 855 1071 καὶ
937 1017 1129 1087 ίερέων
1180 1016 1318 1071 Θεοῦ
1378 1018 1437 1070 ἑν
1488 1020 1555 1088 τῇ
1608 1017 1730 1071 καθ’

128 1111 282 1178 ἡμᾶς
348 1111 561 1181 συνόδῳ
616 1109 1101 1181 παραγεγονότων,
1146 1109 1224 1173 ὡς
1262 1110 1297 1180 ή
1332 1109 1601 1179 καθολικὴ
1629 1110 1726 1163 τοῦ

129 1204 273 1258 Θεοῦ
312 1203 643 1275 Ἐκκλησία,
676 1202 774 1257 καὶ
795 1205 845 1257 ot
875 1202 984 1267 πρὸ
1014 1203 1182 1258 αὐτοῦ
1225 1203 1325 1268 τῆς
1366 1202 1592 1273 Ῥώμης
1628 1204 1731 1274 άρ-

126 1299 375 1367 χιερεῖς.
409 1297 472 1349 τὺ
524 1297 624 1365 τῆς
675 1295 916 1358 πίστεως
965 1295 1370 1367 ἀποδεχόμενος
1424 1293 1726 1364 Σύμϐολον,

129 1388 337 1461 γνώμῃ
366 1388 467 1442 καὶ
502 1386 729 1461 γλώσσῃ
762 1388 860 1441 καὶ
889 1389 1081 1459 χερσὶν
1127 1389 1303 1457 ίεραῖς
1345 1386 1455 1440 τῶν
1507 1388 1729 1458 εἰρημέ-

128 1500 239 1535 νων
278 1483 783 1553 περεφανεστάτων
834 1481 934 1534 καὶ
984 1481 1311 1549 θαυμασίων
1345 1479 1559 1552 ἀνδρῶν
1592 1481 1728 1533 ὺπέ-

127 1574 318 1645 γραψά
384 1592 447 1629 τε
497 1575 595 1629 καὶ
644 1574 1109 1645 ἐπεσφραγίσατο.
1148 1592 1170 1627 ι
1233 1573 1423 1628 Ταῦτα
1495 1573 1729 1642 λέγοντα

127 1665 344 1719 οὑτωσὶ
375 1665 725 1736 εὑρίσκοντες
743 1664 953 1717 Φώτιον
984 1664 1035 1717 οι
1072 1664 1207 1734 πρὸς
1255 1662 1351 1726 οὓς
1378 1663 1542 1735 ήμεῖς
1600 1666 1728 1727 τοὺς

124 1758 329 1827 λόγους
365 1757 694 1827 ποιούμεθα.
731 1758 937 1810 οῐονται
976 1756 1080 1824 τῆς
1119 1755 1323 1826 ἔχθρας
1370 1755 1469 1825 τὴν
1499 1755 1727 1825 εἰρήνην

124 1850 297 1904 αὐτὸν
358 1848 835 1914 ἀνταλλάξασθαι,
891 1849 953 1901 τὸ
995 1847 1086 1900 διὰ
1166 1846 1295 1909 τοὺς
1350 1845 1447 1900 τοῦ
1523 1846 1729 1900 πάππα

1834 648 1957 700 dam
1994 646 2245 712 idoneus,
2274 658 2329 703 et
2361 664 2461 703 nec
2495 650 2669 705 sacris
2719 650 3027 706 cauonibos
3054 661 3290 718 tantum,
3324 656 3421 709 sed

1834 748 1891 791 et
1924 739 2177 795 civilibus
2208 740 2419 808 legibus
2446 755 2606 810 opem
2658 740 2823 806 l‘erre,
2854 752 2908 797 et
2948 745 3096 813 quod
3141 744 3422 800 inordina-

1836 840 1950 882 tum
1981 842 2089 894 est,
2141 831 2196 884 in
2248 832 2497 885 ordinem
2547 834 2811 903 redigere,
2867 835 3159 903 plurimum
3204 848 3418 906 potens.

1836 917 1932 973 llic
1956 922 2229 991 gratiosus
2264 922 2543 977 Romanus
2584 924 2825 993 pontifex
2858 941 2952 995 per
2985 941 3117 981 suos
3141 928 3420 994 piissimos

1833 1022 1887 1068 et
1906 1013 2332 1084 gloriosissimos
2351 1016 2527 1070 locum
2545 1028 2793 1073 tenentes
2814 1020 3065 1087 Paulum,
3090 1003 3417 1093 Eugenium,

1832 1112 1887 1156 et
1913 1103 2135 1158 Petrum
2172 1106 2454 1174 praesules,
2516 1119 2571 1163 et
2603 1113 2913 1165 sacerdmes
2950 1111 3067 1173 Dei.
3094 1115 3187 1182 qui
3229 1115 3282 1167 in
3317 1131 3419 1168 no-

1832 1203 1999 1250 stram
2019 1197 2288 1265 synodum
2310 1212 2637 1265 convenere,
2657 1202 3117 1267 quemadmodum
3149 1206 3367 1259 catholi:
3388 1223 3417 1259 a

1833 1286 1926 1342 Dei
1964 1288 2225 1355 Ecclesia,
2256 1301 2309 1346 et
2343 1294 2773 1360 praedecessores
2801 1297 2920 1365 ejus
2967 1298 3197 1353 anani
3239 1302 3423 1369 ponti-

1834 1378 1987 1442 lices,
2023 1379 2341 1450 Symbolmn
2386 1382 2509 1437 ﬁdei
2534 1426 2535 1431 η
2560 1400 2874 1455 acceptans,
2914 1403 3093 1442 tltettle
3120 1400 3173 1443 et
3209 1392 3417 1460 lingua,

1832 1471 2115 1542 sacrisque
2168 1473 2442 1529 dictorum
2490 1477 3014 1541 illustrissimortun,
3057 1492 3111 1535 et
3142 1484 3421 1537 admiran-

1832 1560 2029 1617 dorum
2060 1564 2343 1624 hominum
2378 1569 2633 1625 manibus
2670 1572 3018 1642 subscripsit,
3066 1584 3120 1628 et
3161 1577 3420 1644 obsigna-

1832 1654 1932 1711 vit.
1974 1676 1993 1708 ι
2031 1655 2159 1713 Hac
2196 1673 2323 1713 cum
2356 1660 2637 1715 inveniant
2676 1662 2929 1717 Photium
2958 1665 3286 1721 scribentem
3316 1668 3417 1731 illi,

1830 1763 1957 1802 cum
1991 1751 2193 1819 quibus
2232 1751 2391 1806 nobis
2415 1768 2596 1808 sermo
2624 1763 2728 1817 est,
2763 1755 3057 1825 opinantur
3101 1759 3418 1813 inimicitias

1833 1852 1958 1892 cum
2010 1854 2144 1909 pace
2173 1854 2570 1906 commutasse,
2612 1846 2758 1913 quod
2802 1861 2955 1915 papae
2982 1846 3211 1901 Joannis
3236 1849 3305 1916 pii
3339 1849 3421 1902 lo-

138 1942 404 1994 Ίωαννου
435 1940 710 2003 θεοσεϐεῖς
740 1940 1121 2010 τοποτηρητάς
1150 1938 1212 1991 τὸ
1256 1938 1381 2008 δίχα
1427 1937 1527 2009 τῆς
1561 1954 1725 2008 προσ·

1837 1942 1963 1983 cum
1996 1938 2266 1993 tenentes,
2296 1934 2504 2003 absque
2537 1914 2839 2003 additione,
2865 1914 3008 2006 quod
3040 1941 3183 2007 apud
3207 1914 3306 1995 nos
3338 1941 3414 1995 le-

127 2036 309 2105 θήκης
362 2035 887 2102 ἀναγινωσκόμενοι)
946 2033 1085 2101 παρ’
1148 2032 1281 2101 ήμῖν
1339 2030 1443 2101 τῆς
1485 2030 1730 2093 πίστεως

128 2122 423 2193 Σύμϐολον
455 2120 778 2193 ὑπογράψαι
828 2136 890 2173 τε
923 2122 1023 2173 καὶ
1080 2120 1617 2189 ἐπισφραγίσασθαι.
1652 2120 1729 2175 Τὸ

126 2215 172 2267 δ’
210 2216 323 2267 οὐκ
380 2215 444 2269 ἄν
492 2231 582 2277 τις
610 2213 718 2267 τῶν
766 2212 1073 2276 εὐθυϐὀλως
1124 2212 1440 2267 ἐπιϐάλλειν
1481 2213 1727 2280 εἰδότων,

131 2307 331 2377 ῥᾴδιον
358 2308 438 2369 είς
470 2307 655 2359 πίστιν
684 2308 961 2375 ήγήσαιτο
1004 2304 1134 2358 ἐπεὶ
1184 2305 1323 2375 μηδὲ
1389 2305 1729 2377 δογματικός

126 2417 215 2454 τις
247 2401 418 2471 λόγος
451 2395 520 2455 ἰν
546 2402 614 2469 τῇ
645 2398 783 2469 πρὸς
811 2400 1042 2469 είρήνην
1071 2400 1345 2470 γενομένῃ
1375 2400 1494 2453 τότε
1521 2401 1727 2471 συνόδῳ

130 2492 461 2563 εὑρίσκεται
536 2490 826 2561 κινηθεὶς,
879 2489 997 2545 ἀλλ’
1056 2492 1360 2561 ὲπίκρυψις
1410 2493 1570 2546 τοῦτο
1627 2496 1731 2563 τῆς

132 2579 381 2648 ἀληθοῦς
431 2576 502 2650 ἦν
557 2580 766 2643 αἰτίας,
828 2579 963 2633 καθι
1011 2582 1143 2651 ήνή
1181 2584 1325 2634 κατά
1382 2584 1566 2653 πάσης
1625 2584 1729 2651 τῆς

143 2660 471 2745 Ῥωμαῖκῆς
511 2672 843 2743 Ἐκκλησίας
893 2673 1117 2744 ἀνήφθη
1167 2672 1246 2744 τῷ
1303 2673 1495 2744 Φωτίῳ
1530 2675 1733 2743 δυσμέ-

134 2783 280 2822 νεια.
316 2767 421 2822 Τὸν
450 2766 563 2837 γάρ
587 2764 647 2830 ἐξ
676 2766 933 2820 ἀπάντων
984 2765 1155 2835 ψόγον
1210 2766 1569 2837 ὑφορώμενος
1617 2767 1730 2820 Φώ-

134 2877 253 2923 τιος
285 2859 375 2929 ἐφ’
414 2855 499 2923 οἷς
542 2859 638 2912 τοῦ
674 2860 774 2929 μὶν
800 2859 1005 2913 πάππα
1027 2858 1301 2913 Νικολάου
1327 2859 1407 2931 μὴ
1438 2862 1730 2932 προσιεμέ-

136 2966 237 3002 νου
268 2952 460 3016 αὑτὸν,
488 2952 671 3003 πᾶσαν
692 2949 792 3021 τήν
828 2948 1155 3022 Ῥωμαϊκήν
1212 2952 1549 3021 Ἐκκλησίαν
1589 2954 1727 3024 πρὸς

136 3040 204 3092 τὸ
232 3039 381 3095 θεῖον
436 3039 858 3109 ίξυϐρίζουσαν,
904 3043 999 3093 καὶ
1048 3041 1379 3109 ἀσεϐοῦσαν,
1421 3045 1515 3097 καὶ⁸
1544 3060 1726 3115 παρα·

137 3128 428 3199 νομοῦσαν
454 3130 527 3181 τά
559 3128 767 3199 ἔσχατα
797 3128 1069 3182 ἀπεκάλει
1100 3129 1197 3184 τοῦ
1221 3130 1280 3183 δὲ
1314 3131 1518 3185 πάππα
1545 3131 1728 3186 Ἰωάν-

136 3238 233 3275 νου
271 3222 374 3293 τήν
431 3223 515 3285 είς
558 3221 654 3274 τὸν
696 3223 1102 3293 πατριαρχικδν
1156 3222 1350 3291 θρόνον
1402 3220 1726 3294 καθίδρυσιν

1831 2020 1994 2090 gitur,
2048 2020 2367 2095 Symbolum
2392 2028 2842 2097 subscripserint,
2892 2039 2946 2085 et
2984 2032 3412 2101 obsignat/crint.

1833 2107 1948 2165 Hoc
1984 2128 2115 2167 vero
2165 2130 2329 2169 nemo
2368 2132 2433 2170 ex
2472 2118 2561 2180 iis,
2591 2118 2683 2187 qui
2716 2122 2785 2174 ad
2826 2121 2963 2175 bene
2993 2121 3414 2191 conjectandnm

1832 2202 2012 2258 idonei
2037 2216 2187 2271 sunt,
2227 2207 2389 2261 l'acile
2419 2208 2523 2263 sibi
2553 2211 2881 2264 credendum
2906 2224 3259 2282 proponeret,
3288 2230 3414 2269 cuni

1834 2311 1935 2351 nec
1979 2297 2289 2368 dogntatica
2327 2300 2435 2355 ulla
2488 2304 2662 2357 oratio
2700 2304 2754 2357 in
2785 2318 2850 2357 ea
2901 2305 3134 2375 synodo.
3168 2322 3291 2375 qua:
3317 2323 3417 2376 pro

1832 2403 1967 2457 pace
2005 2394 2299 2446 sancienda
2330 2404 2517 2449 coacta
2547 2394 2744 2456 fuerat.
2770 2399 3281 2465 reperiatur'edita.
3310 2401 3413 2454 Sed

1832 2497 1978 2537 verae
2014 2498 2196 2538 causae
2248 2486 2380 2539 illud
2438 2498 2555 2541 erat
2606 2490 2922 2557 occultatio,
2973 2503 3191 2561 propter
3247 2508 3413 2562 quam

1832 2589 1960 2629 cum
1997 2578 2252 2633 universa
2301 2577 2547 2635 Romana
2589 2582 2829 2639 Ecclesia
2865 2584 3171 2641 simultates
3218 2601 3280 2640 ac
3312 2586 3414 2639 ini-

1832 2669 2054 2724 micitiae
2100 2668 2297 2725 Pbotio
2326 2681 2529 2727 exorta:
2569 2674 2807 2730 fuerant.
2839 2674 2977 2729 Cum
3014 2677 3159 2730 enim
3192 2693 3410 2732 verere-

1834 2769 1944 2825 tur,
1976 2777 2046 2819 na
2071 2765 2318 2817 omnium
2357 2766 2839 2834 reprehensionem
2886 2768 3210 2836 incurreret,
3243 2773 3411 2840 quod,

1832 2867 1957 2906 cum
1989 2869 2125 2923 papa
2157 2870 2282 2908 eum
2312 2852 2567 2911 Nicolaus
2598 2872 2703 2910 non
2739 2858 3071 2919 admitteret.
3108 2858 3413 2919 Romanam

1836 2943 2135 3000 lacclesiam
2169 2944 2484 3001 universam
2525 2950 2578 3001 in
2609 2949 2822 3003 Numen
2858 2950 3136 3017 iniuriam,
3168 2953 3413 3022 impiam.

1831 3045 1886 3090 et
1937 3036 2117 3106 legunt
2172 3039 2412 3093 maxime
2452 3040 2968 3109 praevaricatrieem,
3034 3057 3411 3112 nuncuparet;

1830 3137 2054 3183 etcum
2102 3145 2240 3199 papa
2293 3128 2536 3187 Joannes
2585 3133 2637 3184 in
2683 3134 2941 3186 thronum
2986 3136 3410 3202 patriarchaletn

1835 3222 2166 3275 restitutioni
2226 3224 2372 3278 illius
2426 3240 2717 3278 assensum
2760 3227 3108 3294 pra-buisset,
3160 3228 3407 3281 eamdem

137 3311 333 3363 τούτου
382 3309 873 3384 επευδοκήσαντος,
903 3312 1071 3379 ἁγίαν
1095 3311 1301 3382 ταύτην
1330 3313 1426 3365 καὶ
1444 3312 1725 3375 εὐσεϐείας

1833 3322 2081 3365 sanctam
2106 3323 2159 3366 ct
2185 3312 2402 3382 pietatis
2443 3318 2757 3383 magistram
2780 3317 3118 3384 praedicaret,
3149 3334 3248 3386 pro
3278 3334 3412 3386 pace

138 3398 462 3454 διδάσκαλον
488 3400 855 3471 ἀνεκήρυττεν
880 3401 1072 3471 ὥσπερ
1102 3404 1226 3457 τινὰ
1260 3404 1558 3467 ἀπολογίαν
1584 3405 1725 3475 ὑπὲρ

142 3489 243 3553 εἰς
268 3490 412 3562 πρὸς
451 3489 545 3543 τὸν
606 3492 838 3543 πάππαν
885 3490 1138 3561 Ἰωάννην
1170 3486 1394 3565 είρήνης
1430 3494 1730 3565 προϐάλλε-

144 3596 238 3634 ται
261 3582 321 3636 τὸ
352 3580 444 3635 διὰ
464 3581 577 3635 τῶν
604 3581 817 3636 ἐκείνου
842 3584 1235 3654 τοποτηρητῶν
1264 3586 1325 3637 τὸ
1358 3586 1455 3656 τῆς
1491 3589 1727 3650 πίστεως

140 3669 348 3725 ικεῖνον
412 3669 784 3736 ἀποδέξασθαι
852 3670 1147 3741 σύμϐολον,
1215 3678 1311 3729 καὶ
1361 3674 1557 3747 γνώμῃ
1633 3677 1726 3729 καὶ

139 3764 366 3839 γλώσσῃ
394 3765 488 3817 καὶ
516 3758 709 3835 ίερσὶν
736 3765 911 3833 ἱεραῖς
942 3764 1055 3817 τῶν
1113 3766 1373 3822 τοιούτων
1425 3786 1728 3852 περιφανε-

142 3859 360 3913 στάτων
414 3857 513 3910 καὶ
561 3856 887 3927 θαυμασίων
953 3858 1169 3930 ἀνδρῶν
1222 3860 1545 3931 ὑπογράψαι
1594 3864 1727 3916 αὐτὸ

141 3952 232 4004 καὶ
268 3949 806 4022 επισφραγίσασθαι.
871 3949 1046 4004 Τοῦτο
1075 3950 1134 4003 δδ
1168 3950 1312 4004 οὕτω
1357 3959 1727 4025 πεποιήκασιν

143 4038 309 4108 οὗτοι,
336 4044 431 4099 8ιά
500 4044 561 4097 τὸ
627 4044 723 4097 καὶ
757 4043 887 4107 τοὺς
933 4044 1042 4114 πρὸ
1086 4044 1183 4098 τοῦ
1240 4046 1443 4100 πάππα
1480 4046 1726 4103 Ἰωάννου

140 4136 227 4190 τὸν
252 4133 724 4204 διπλήσιαστικδν
750 4135 850 4203 τῆς
916 4133 1139 4205 Ῥώμης
1171 4133 1367 4204 θρόνον
1395 4138 1726 4205 κοσμοῦντες

138 4225 196 4278 τὸ
236 4222 462 4279 τοιοῦτο
511 4221 801 4293 Σύμϐολον
852 4222 1012 4291 ἆγιον
1059 4225 1152 4277 καὶ
1201 4225 1491 4290 εὐσεϐείας
1520 4228 1725 4300 πλῆρες

141 4322 454 4391 ὁμολογεῖν.
513 4318 693 4387 Ὅπερ
717 4316 814 4372 οὖν
844 4316 943 4374 καὶ
980 4317 1031 4369 οί
1064 4315 1125 4381 ιξ
1176 4316 1390 4370 ἐκείνου
1423 4312 1587 4390 μέχρι
1627 4321 1723 4373 τοῦ

138 4410 231 4463 νῦν
289 4410 395 4465 καὶ
440 4407 639 4479 γνώμῃ
696 4407 993 4476 στέργουσι
1027 4408 1121 4459 καὶ
1141 4406 1364 4478 γλώσσῃ
1407 4410 1726 4481 ἀνακηρύτ-

138 4518 315 4556 τουσι.
344 4498 767 4569 Καὶρπόδειξίς
798 4514 893 4568 μοι
926 4496 1023 4550 τοῦ
1060 4498 1223 4565 λόγου
1248 4497 1311 4551 τὸ
1340 4499 1450 4551 τῶν
1481 4499 1726 4567 Εὑαγγε.

1832 3420 1956 3457 cum
1993 3402 2205 3459 Joanne
2236 3408 2396 3468 inita,
2428 3408 2588 3477 quasi
2622 3410 2925 3478 apologiam
2958 3421 3279 3475 contexens.
3310 3429 3408 3483 per

1830 3510 1962 3549 suos
1995 3496 2432 3553 loenmtenentes
2458 3490 2728 3554 Joannem
2760 3503 3040 3571 accepisse
3060 3502 3407 3574 Symbolum,

1828 3596 1883 3640 et
1912 3599 2114 3653 mente,
2154 3598 2206 3642 et
2251 3588 2459 3657 lingua,
2510 3601 2563 3646 et
2606 3594 2783 3647 sacris
2829 3594 3329 3652 illustrissimorum
3356 3610 3413 3653 et

1830 3679 2283 3735 admirandorum
2349 3682 2634 3736 hominum
2684 3685 2939 3741 manibus
2987 3688 3406 3758 subscripsisw.

1829 3770 2282 3841 obsiguasseque.
2316 3771 2432 3828 Hoc
2456 3786 2637 3829 autem
2681 3779 2753 3829 ita
2788 3778 2877 3832 isti
2910 3782 3210 3847 perlecere,
3245 3784 3405 3840 veluti

1826 3862 2063 3931 quiante
2086 3879 2277 3934 papam
2295 3864 2558 3919 Joannem
2587 3867 2889 3923 Romanam
2915 3871 3098 3926 sedem
3118 3888 3407 3940 ornaruut,

1830 3955 1934 4011 hoc
1964 3969 2213 4012 sanetum
2252 3957 2595 4029 Symbolum,
2628 3972 2682 4015 et
2712 3962 2911 4031 pietate
2946 3964 3162 4033 plenum
3188 3970 3410 4039 proﬁte-

1827 4046 2049 4111 bantur,
2080 4058 2137 4103 et
2161 4050 2256 4117 qui
2280 4058 2403 4117 post
2424 4066 2549 4107 eum
2570 4054 2636 4106 ad
2668 4056 2782 4108 haec
2805 4069 2978 4125 usque
3009 4066 3255 4125 tempora
3281 4073 3407 4112 sue-

1826 4152 2066 4205 cessere,
2096 4150 2151 4195 et
2192 4155 2376 4197 mente
2420 4146 2849 4215 amplectuntur,
2884 4157 2939 4201 et
2985 4147 3169 4217 lingua
3202 4150 3409 4219 deprae-

1825 4233 2027 4288 dicant.
2081 4233 2145 4288 Et
2185 4236 2391 4290 dictum
2432 4252 2614 4291 meum
2649 4239 3045 4296 demonstrabit
3086 4240 3411 4311 Evangelia-

1825 4338 1947 4377 rum
2010 4325 2156 4378 nulla
2209 4324 2353 4382 facta
2401 4331 2780 4394 commutatio,
2835 4344 2891 4385 et
2935 4332 3117 4385 omnia
3182 4334 3405 4389 Patrum

1826 4418 2052 4485 scripta,
2086 4435 2209 4488 quae
2242 4419 2506 4489 Spiritum
2550 4425 2771 4477 tradunt
2803 4441 2868 4478 ex
2916 4424 3076 4480 Patre
3109 4430 3405 4496 procedere

1826 4510 2035 4578 absque
2066 4510 2347 4566 additione
2396 4514 2507 4567 ulla
2555 4528 2618 4568 ea
2650 4515 2797 4585 apud
2831 4516 2951 4571 illos
2983 4522 3051 4571 ad
3087 4519 3234 4575 hunc
3262 4519 3403 4575 diem

144 4594 273 4650 λίων
298 4594 733 4665 ἀμεταποίητον,
764 4592 858 4644 καὶ
884 4593 1035 4644 πᾶσα
1066 4590 1255 4662 γραφή
1306 4593 1572 4679 πατρική,
1604 4594 1637 4663 ή
1662 4593 1721 4645 τὸ

1829 4608 1875 4652 et
1908 4602 2033 4670 legi,
2064 4612 2119 4656 et
2150 4606 2465 4673 approbari.

143 4688 367 4759 Πνεῦμα
422 4686 665 4755 λέγουσα
710 4685 775 4737 ἐκ
844 4682 1059 4753 Πατρὸς
1120 4682 1548 4755 εκπορεύεσθαι,
1597 4685 1724 4755 δίχα
1791 4694 2109 4764 προσθήκης
2164 4695 2297 4765 παρ’
2352 4697 2539 4761 αὐτοῖς
2604 4699 2699 4753 καὶ
2758 4700 3249 4777 ἀναγινωσκομένη
3314 4710 3406 4760 καὶ

139 4787 406 4857 (apale-{au
415 4782 573 4854 μένη.

204 4884 270 4939 ε’.
303 4881 517 4952 tum;
564 4871 688 4943 ὧδε,
740 4876 894 4940 ὅπως
960 4876 1058 4929 καὶ
1102 4876 1214 4929 άπδ
1253 4876 1423 4947 μόνης
1475 4878 1720 4949 ἱστορίας

1900 4882 1955 4937 5.
2000 4881 2243 4949 Modum,
2276 4900 2387 4955 quo
2414 4888 2498 4942 vel
2523 4903 2590 4943 ex
2622 4890 2738 4944 sola
2777 4890 3005 4946 historia
3037 4898 3247 4963 poteris
3269 4916 3406 4955 etm-

144 4979 295 5034 ἐσται
327 4993 414 5029 σοι
443 4973 777 5029 ἀντιϐαίνειν
802 4970 921 5033 τοῖς
951 4970 1094 5023 κατά
1118 4969 1180 5022 τὸ
1207 4970 1495 5023 πείθεσθαι
1524 4970 1715 5040 Φωτίῳ

146 5072 525 5140 ἀντιλέγουσιν
548 5068 683 5135 ήμῖν
708 5063 1012 5135 παραδοὺς,
1065 5064 1275 5134 ἀπάρτι
1326 5063 1423 5117 καὶ
1486 5064 1578 5115 τὸν
1610 5064 1719 5118 άπὸ

145 5165 248 5219 τῶν
282 5161 519 5233 Γραφῶν
551 5159 697 5213 κατά
719 5158 781 5212 τὸ
814 5158 1049 5228 σύνηθες
1103 5157 1403 5226 προσθήσω
1452 5174 1536 5210 σοι
1566 5157 1720 5224 ελεγ-

147 5274 256 5328 κον.
304 5254 420 5326 Ἐφ’
477 5248 580 5318 οἷς,
618 5252 695 5313 ὡς
748 5252 808 5304 εν
858 5252 972 5313 τοῖς
1005 5249 1103 5302 νῦν
1153 5251 1287 5319 ήμῖν
1315 5250 1719 5319 διακομισθεῐσι

142 5350 450 5420 δεδήλωκας
478 5345 826 5416 γράμμασιν,
855 5343 906 5394 ot
931 5342 1009 5413 τῷ
1042 5340 1196 5411 αύτῷ
1223 5342 1415 5409 Φωτίῳ
1446 5341 1713 5411 πειθόμε-

148 5459 222 5495 νοι
250 5440 525 5505 λέγουσιν.
553 5429 721 5503 Οὗτος
754 5433 849 5487 καὶ
886 5432 954 5499 γά
964 5451 995 5503 ρ
1020 5433 1112 5485 ἐπὶ
1145 5431 1365 5493 πολλαῖς
1410 5433 1519 5485 τῶν
1578 5448 1720 5501 γρα-

146 5536 315 5607 ςικῶν
348 5535 562 5606 ῥήσεων
594 5528 925 5611 ἀπενανείας
984 5530 1105 5589 ταῖς
1129 5528 1239 5579 τῶν
1289 5527 1550 5599 Πατέρων
1602 5528 1715 5582 οεο.

145 5629 348 5701 λογίαις
394 5625 520 5685 τοὺς
549 5623 782 5683 οίκείους
822 5620 1016 5688 λόγους
1067 5618 1435 5688 προενεγκὼν,
1496 5621 1723 5690 Πνεῦμα

149 5717 386 5792 Χριστοῦ
414 5716 475 5769 τδ
508 5716 664 5782 ᾶγιον
692 5712 950 5781 λέγεσθαί
971 5728 1105 5782 φησι
1154 5711 1401 5782 Πνεῦμα,
1464 5712 1544 5765 ὅτι
1575 5716 1720 5785 χρίει

147 5815 327 5869 αὐτόν.
361 5809 476 5865 Καὶ
510 5807 674 5877 μέχρι
701 5805 893 5856 τούτου
934 5802 1115 5867 καλῶς
1150 5804 1394 5873 παράγει
1422 5804 1513 5859 τὸν
1536 5806 1719 5873 λόγον.

150 5908 262 5963 Ὀτι
287 5905 346 5960 δι
378 5901 541 5959 ἀλλον
569 5899 772 5968 τρόπον
797 5894 1057 5962 λέγεσθαι
1085 5894 1180 5949 τοῦ
1212 5896 1446 5965 Χριστοῦ
1478 5899 1627 5968 λέγει
1658 5902 1718 5954 τὸ

454 6000 541 6062 ΡΑ
556 6011 726 6057 rnOL.
772 5996 884 6055 Gn.
924 5994 1014 6053 CX
1030 5993 1123 6054 ω.

1825 4976 2091 5032 tradicere
2148 4980 2234 5043 iis,
2277 4982 2370 5048 qui
2416 4978 2611 5036 Photio
2654 4982 2817 5036 [idem
2853 4987 3193 5054 adhibentes,
3244 4996 3404 5050 nobis

1824 5069 2208 5134 adversantur,
2251 5088 2375 5127 cum
2409 5074 2521 5144 jam
2572 5080 2921 5155 exposuerim
2958 5096 3145 5135 :nuue
3176 5092 3230 5137 et
3260 5100 3397 5140 scrt-

1826 5168 1935 5233 ptis
1968 5167 2297 5222 testimoniis
2328 5184 2426 5237 pro
2456 5184 2607 5223 more
2658 5169 3044 5227 refutationem
3079 5176 3131 5229 in
3162 5182 3401 5237 medium

1825 5257 2050 5311 all’eram
2086 5275 2297 5322 eorum,
2326 5277 2468 5330 quae,
2502 5276 2561 5316 ut
2592 5265 2642 5317 in
2685 5266 2793 5317 tuis
2823 5267 2886 5318 ad
2916 5283 3013 5321 nos
3044 5285 3193 5325 nunc
3222 5275 3404 5331 reddiL

1828 5350 1897 5402 tis
1927 5350 2126 5405 litteris
2152 5352 2489 5419 signiﬁcas“.
2524 5355 2616 5423 qui
2645 5358 2848 5411 Photio‘
2885 5361 3042 5413 lidetn
3088 5380 3194 5417 non
3236 5368 3374 5425 dene

1824 5453 1973 5511 gant,
2028 5443 2361 5511 producunt.
2408 5445 2506 5499 llic
2536 5454 2736 5500 etenim
2768 5448 2821 5501 in
2890 5451 3164 5523 plerisque
3199 5464 3403 5530 scripto

1825 5534 2043 5589 traditis
2093 5538 2383 5591 sententiis
2428 5536 2648 5593 Patrum
2710 5541 3032 5612 theologicis
3074 5551 3404 5611 testimoniis

1824 5643 1888 5681 ex
1930 5628 2161 5683 adverso
2185 5630 2433 5696 proprios
2460 5646 2742 5686 sermones
2771 5635 3095 5701 producens,
3136 5638 3401 5711 Spiritum

1824 5731 2076 5777 sanctum
2111 5718 2317 5774 Christi
2356 5720 2460 5774 dici
2508 5736 2808 5787 asseverat,
2841 5726 2985 5793 quod
3017 5729 3199 5798 ipsum
3238 5734 3401 5791 inun.

1826 5821 1938 5879 gat.
1970 5822 2024 5865 et
2058 5813 2141 5869 his
2170 5814 2276 5867 huc
2307 5830 2481 5885 usque
2504 5827 2648 5869 recte
2677 5818 2943 5871 rationem
2976 5824 3243 5889 explicat:
3278 5845 3401 5881 com

1826 5920 1955 5961 ποι-υ
1993 5906 2101 5961 alio
2136 5908 2299 5962 modo
2339 5906 2443 5961 dici
2481 5906 2745 5976 Spiritum
2780 5909 2982 5963 Christi
3017 5915 3265 5983 aﬂirtnat,
3299 5925 3401 5982 alio

2934 6005 2996 6066 ll
