4118 6460
191 483 290 546 36⁸]

1319 490 1418 551 AD
1460 492 2070 558 CONSTANTINUM
2111 498 2266 556 LIB:
2307 496 2392 554 ΙΙ.

3356 482 3463 545 δτι)

191 592 282 646 καὶ
314 591 379 644 rb
413 593 550 663 πρὸς
583 593 682 665 τὴν
710 593 1018 666 ὑπηρεσίαν
1058 596 1412 654 παντάπασιν
1435 598 1761 674 ¹ἀνιιγχώρη-

1877 605 2224 661 iistribuendi
2245 604 2561 660 facultatem
2585 616 2737 670 atque
2757 598 2904 655 Patri
2925 597 3184 662 tribuant,
3205 609 3267 651 ac
3284 593 3448 651 Filio.

192 700 277 736 τον
303 725 317 749 ,
366 685 466 738 lari
503 686 600 756 τὴν
641 686 901 758 τοιαύτην
951 689 1150 753 αὐτοὺς
1201 691 1378 745 πείθει
1433 694 1610 748 νεύειν
1639 698 1772 765 όμοο-

192 774 418 841 λογίαν·
481 776 634 848 τρίτη
693 794 776 830 σοι
835 779 971 850 πρὸς
1031 781 1230 845 αὐτοὺς
1289 782 1430 838 ἔστω
1476 786 1772 858 ἐρώτησις,

192 865 350 934 εἴπερ
394 865 530 920 αὐτὸ
574 867 636 920 τὸ
685 871 827 923 κατὰ
856 870 1018 936 φύσιν
1048 871 1430 943 διανεμητικὸν
1461 877 1658 946 ἐπίσης
1695 878 1774 948 τῷ

191 956 366 1026 Harp).
401 958 601 1011 διδόασι
639 960 732 1013 καὶ
762 959 838 1030 τῷ
872 960 1016 1033 mp,
1036 962 1226 1034 ῶσπερ
1257 966 1382 1018 ὅταν
1409 967 1594 1030 ἁπλῶς
1646 970 1772 1038 περὶ

193 1047 283 1098 τοῦ
336 1048 734 1118 διανεμητικοῦ
764 1051 953 1105 τούτου
984 1069 1049 1120 γε
1085 1055 1396 1123 ἢρωτῶντο.
1431 1058 1544 1111 Ka‘t
1586 1061 1771 1112 reisu-

190 1138 352 1192 ταίαν
415 1140 476 1210 ἰὴ
508 1143 602 1193 καὶ
648 1140 749 1211 τὴν
779 1142 871 1196 ἐπὶ
890 1144 1104 1207 τούτοις
1147 1145 1435 1215 ὁμολογίαν
1475 1149 1678 1205 λαόὠνο
1715 1152 1772 1213 ἐς

191 1229 451 1284 τοσοῦτον
499 1233 607 1301 γὰρ
641 1233 701 1286 τὸ
749 1234 890 1287 κατὰ
932 1234 1094 1302 φύσιν
1145 1235 1529 1310 διανεμητικὸν
1575 1240 1773 1310 ἐπίσης

191 1321 401 1376 διδόασι
440 1324 515 1393 τῷ
557 1326 737 1396 Πατρὶ
778 1327 874 1381 καὶ
915 1328 992 1398 τῷ
1018 1327 1153 1398 Υίῷ,
1194 1330 1364 1400 μόνης
1409 1333 1508 1400 τῆς
1537 1333 1676 1386 κατὰ
1709 1333 1772 1386 τὺ

193 1411 415 1480 πρῶτον
448 1415 540 1468 καὶ
567 1416 797 1487 ἀρχικὸν
849 1419 1022 1472 αἴτιον
1053 1419 1330 1492 διαφορᾶς
1348 1424 1492 1476 κατὰ
1512 1423 1771 1492 ’θεολογι-

188 1500 294 1561 ad;
347 1505 694 1573 τηρουμένης
763 1505 842 1576 τῷ
900 1508 1078 1580 Πατρὶ
1139 1512 1490 1579 παραδόσεις,
1543 1513 1620 1577 ὡς
1676 1514 1771 1568 καὶ

193 1592 438 1660 χορηγὸν
464 1594 556 1646 ἕνα
582 1597 677 1649 καὶ
705 1596 907 1665 δοτῆρα
935 1599 1033 1654 ἕνα
1067 1602 1162 1654 τοῦ
1193 1604 1514 1674 Πνεύματος
1540 1607 1632 1658 τὸν
1662 1593 1776 1659 Πα-

191 1681 329 1752 τέρα
359 1683 542 1751 λέγειν
577 1685 672 1740 καὶ
724 1687 814 1741 τὸν
847 1688 978 1742 Υῐδν
1019 1691 1271 1767 οὐδαμῶς
1301 1693 1501 1758 αὐτοὺς
1534 1697 1774 1751 ἀναϐάλ-

191 1769 420 1827 λεσθαιο
457 1775 620 1856 ,ἔχειν
665 1779 853 1833 λοιπὸν
901 1781 1000 1852 ἤδη
1043 1782 1102 1834 τὸ
1148 1785 1259 1838 πᾶν
1295 1785 1396 1855 τῆς
1443 1787 1772 1854 ἀποδείξεως

191 1865 453 1927 γίνωσκε.
502 1868 679 1940 Ἐρεῖς
727 1871 836 1941 γὰρ
897 1875 962 1925 ἐκ
1031 1875 1140 1930 τῶν
1205 1878 1509 1947 ὁμολογιῶν
1565 1882 1772 1936 τούτων

192 1954 368 2019 ἀδεῶς
415 1959 548 2027 πρὸς
583 1961 780 2024 αὐτοὺς
810 1963 902 2016 τὸν
927 1962 1086 2033 λόγον
1117 1943 1534 2040 ἀποτεινόμενος
1564 1973 1771 2038 ἔκτοτε,
1806 1943 1847 1998 Β

192 2042 268 2105 ὡς
300 2046 474 2120 Εἴπερ
493 2051 552 2103 τὸ
572 2050 665 2104 τοῦ
690 2053 1006 2124 Πνεῦματος
1043 2057 1186 2111 κατὰ
1210 2059 1369 2129 φύσιν
1391 2061 1774 2133 διανεμητικὸν

192 2137 448 2192 τοσοῦτον
502 2140 682 2195 ἑνεστι
727 2143 808 2213 τῷ
860 2145 998 2215 Υἰῷ,
1047 2149 1243 2203 ὁπόσον
1290 2156 1387 2206 καὶ
1435 2153 1514 2224 τῷ
1570 2156 1770 2228 Πατρὶ,

193 2223 353 2279 δεῦτε
403 2229 464 2300 δὴ
501 2233 630 2300 περὶ
658 2234 758 2304 τῆς
787 2237 928 2289 κατὰ
962 2237 1126 2307 φύσιν
1162 2243 1426 2313 χορηγίας
1449 2223 1542 2299 καὶ
1575 2223 1774 2312 δόσεως

193 2317 289 2369 τοῦ
322 2319 644 2389 Πνεύματος
679 2327 743 2378 ἐκ
777 2329 995 2399 Πατρδς
1031 2331 1392 2389 ἐπισκεπτέον
1433 2339 1616 2407 ἡμᾶς,
1661 2339 1771 2393 εἴτε

201 2408 238 2501 ἡ,
256 2411 404 2464 κατὰ
423 2414 583 2480 φύσιν
610 2417 845 2486 χορηγία
867 2422 962 2474 καὶ
985 2423 1129 2489 δόσις
1158 2425 1296 2498 αὕτη
1330 2426 1425 2481 τοῦ
1453 2431 1772 2501 Πνεύμτος

193 2500 418 2595 αξηθῶς
465 2507 671 2576 ὑστέρα
722 2512 821 2580 τῆς
869 2513 936 2567 ὲκ
991 2516 1206 2590 Harpe;
1273 2521 1448 2573 αὐτοῦ
1486 2500 1773 2595 ὑπάρξεως

195 2590 331 2645 οὖσα
363 2595 513 2663 ὅμως
540 2603 868 2672 -συστατική
901 2603 987 2666 τίς
1014 2606 1129 2660 ἐστι
1160 2609 1260 2678 τῆς
1292 2611 1552 2683 τοιαύτης
1595 2590 1775 2686 δικᾱιρὲ

197 2679 355 2776 ξεως,
404 2685 512 2737 εἴτε
551 2689 665 2757 μής
724 2691 830 2743 Καὶ
866 2693 1224 2773 ἀνανεύοντας
1257 2699 1355 2767 μὲν
1404 2679 1541 2771 πρὸ-ς
1577 2705 1678 2776 τὴν
1710 2679 1774 2760 έκ

198 2774 378 2862 κοινῆς
407 2779 679 2847 συνθήκῃ
701 2782 984 2852 ἐπίσκεψιν
1008 2786 1223 2854 βλέπων
1244 2791 1459 2856 αὖτοὺς,
1491 2774 1762 2862 οἰμώζειν

197 2861 280 2924 ἔα,
313 2866 408 2918 καὶ
434 2868 493 2930 ἐς
514 2868 759 2938 κόρακας
783 2873 1082 2945 ἀπόπεμπε
1112 2879 1355 2948 οἴχεσθαι
1378 2895 1391 2910 '
1417 2861 1773 2952 ὶπινεύοντας

200 2952 255 3005 δὲ
288 2957 425 3026 πρὸς
455 2959 615 3013 τοῦτο
654 2963 950 3031 εὑρίσκων,
985 2967 1164 3035 ἐρώτα
1201 2972 1327 3041 περὶ
1364 2975 1557 3028 τούτου
1589 2977 1774 3032 λοιπὸν

204 3045 299 3098 σὺν
340 3048 526 3113 αὐτοῖς
554 3052 1044 3110 πάντα·όντιναοῦν
1073 3059 1181 3112 τῶν
1223 3061 1321 3132 τῆς
1343 3064 1571 3135 Τριάδος
1599 3087 1774 3140 προσο

205 3138 471 3226 κυνητῶν,
515 3135 560 3208 ᾧ
609 3143 705 3198 καὶ
748 3146 1098 3215 ἀμωσγέπως
1147 3151 1298 3219 μέλει
1332 3135 1774 3226 θεολογίας,καὶ

201 3225 389 3321 οὐδένα
416 3231 668 3302 οὐδαμῶς
718 3236 972 3308 εὑρήσεις
1022 3239 1302 3308 τοιοῦτον,
1332 3244 1436 3300 κᾶν
1485 3244 1613 3321 ἄχρι
1655 3253 1770 3321 χεί-

1876 697 1955 752 uti
1986 713 2110 753 cum
2149 698 2217 753 de
2248 697 2505 752 facultate
2534 696 2642 749 ista
2676 691 3003 762 simpliciter
3034 689 3459 760 interrogaban-

1875 801 1984 846 tur.
2003 789 2069 843 Et
2090 799 2422 859 postremam
2449 785 2762 841 eorumdem
2787 782 3028 838 dehisce
3051 780 3452 836 confessionem

1874 889 2197 951 acceptans;
2247 879 2553 934 naturalem
2585 875 2850 946 siquidem
2881 872 3245 929 distribuendi
3282 871 3456 926 facul-

1874 981 2039 1028 tatem
2074 973 2192 1042 pari
2249 971 2410 1025 modo
2442 968 2589 1024 Patri
2631 976 2684 1022 et
2729 964 2870 1020 Filio
2918 965 3247 1025 attribuunt.
3283 963 3356 1017 ita
3399 970 3459 1016 ut

1873 1063 1988 1117 sola
2014 1061 2313 1116 secundum
2351 1058 2732 1130 primigeniam
2767 1061 2996 1112 causam
3017 1065 3069 1110 et
3096 1054 3454 1125 principalem

1873 1151 2222 1217 differentia,
2275 1149 2351 1204 uti
2406 1149 2722 1219 theologica;
2754 1145 3078 1201 traditiones
3134 1144 3459 1203 decernunt,

1873 1240 2022 1294 Patri
2052 1247 2427 1300 conservetur,
2466 1237 2657 1306 sicque
2691 1235 3153 1305 suppeditatorem
3190 1249 3358 1287 unum
3390 1249 3456 1289 ac

1872 1329 2114 1383 datorem
2139 1326 2373 1398 Spiritus
2396 1332 2641 1382 asserere
2665 1323 2877 1379 Patrem
2906 1333 2958 1379 et
2992 1324 3188 1378 Filium
3216 1337 3324 1376 non
3373 1337 3460 1377 re—

1873 1429 2120 1490 spuunt:
2165 1421 2276 1489 jam
2323 1433 2538 1473 omnem
2572 1418 3093 1473 demonstrationem
3150 1416 3352 1470 habere
3407 1423 3459 1468 te

1874 1511 2114 1566 noscito.
2168 1510 2302 1564 Nam
2335 1526 2398 1564 ex
2441 1510 2527 1564 bis
2574 1507 2844 1564 confessis
2899 1507 3169 1577 intrepide
3220 1505 3272 1560 in
3330 1521 3451 1561 eos-

1873 1602 1996 1658 dem
2032 1612 2146 1658 tum
2170 1613 2492 1658 convertens
2522 1601 2826 1657 orationem
2847 1600 3029 1656 dices:
3064 1598 3118 1653 Si
3144 1598 3444 1654 secundum

1872 1701 2124 1756 naturam
2184 1692 2421 1761 Spiritus
2477 1691 2795 1745 distributio
2851 1696 3000 1744 tanta
3045 1695 3131 1743 est
3177 1688 3233 1742 in
3293 1685 3454 1740 Patre

1873 1791 2076 1850 quanta
2130 1784 2183 1836 in
2213 1782 2388 1846 Filio,
2434 1783 2578 1853 agite
2619 1783 3030 1844 consideremus
3069 1787 3124 1834 et
3151 1778 3457 1833 naturalem

1873 1875 2361 1944 suppeditationem
2407 1884 2460 1929 et
2491 1875 2764 1950 dationem
2802 1872 3039 1942 Spiritus
3081 1890 3093 1925 :
3144 1887 3210 1926 an
3252 1871 3459 1926 scilicet

1881 1964 2143 2019 naturalis
2170 1964 2537 2035 suppeditatio
2565 1965 2826 2032 datioque
2872 1964 2972 2018 ista
3021 1963 3258 2032 Spiritus
3283 2001 3296 2023 ,
3339 1976 3460 2030 quae

1880 2067 2006 2108 vere
2030 2053 2299 2122 posterior
2326 2063 2426 2125 est_
2441 2053 2587 2110 illius
2631 2070 2697 2108 ex
2737 2052 2898 2108 Patre
2949 2049 3294 2116 exsistentia,
3325 2065 3460 2104 con-

1880 2146 2068 2200 stituat
2101 2146 2458 2202 nihilominus
2491 2146 2724 2201 similem
2767 2144 3166 2209 exsistentiam,
3193 2142 3280 2197 vel
3328 2157 3458 2196 non.

1879 2247 1934 2292 et
1966 2239 2012 2292 si
2051 2237 2315 2307 repereris
2353 2238 2514 2308 ipsos
2562 2237 2883 2303 abnuentes,
2912 2245 2968 2290 et
3003 2235 3280 2291 communi
3327 2250 3459 2289 con-

1881 2345 2044 2385 sensu
2094 2331 2446 2405 approbatum
2511 2330 2833 2385 sententiam
2896 2337 3244 2397 respuentes,
3297 2327 3461 2383 sinito

1880 2435 1976 2477 cos
2013 2418 2310 2490 infeliciter
2342 2437 2521 2491 agere,
2555 2431 2607 2477 et
2642 2422 2708 2477 ad
2735 2437 2932 2478 corvos
2967 2421 3226 2477 dimittito
3268 2434 3284 2473 :
3316 2419 3460 2489 quod

1881 2513 1926 2567 si
1959 2521 2202 2568 annuent
2223 2513 2290 2567 ad
2318 2513 2444 2580 hoc,
2475 2514 2751 2583 interroga
2783 2513 2999 2567 interim
3027 2528 3092 2566 ex
3111 2511 3243 2581 ipsis
3275 2526 3461 2580 (luem-

1881 2621 2101 2676 cunque
2146 2605 2244 2661 tibi
2279 2605 2496 2661 obviam
2539 2603 2765 2669 factum,
2805 2603 3102 2658 dummodo
3134 2603 3181 2657 is
3205 2600 3459 2655 Triadem

1882 2698 2057 2762 colat,
2090 2707 2146 2763 et
2179 2698 2232 2750 in
2266 2697 2428 2752 rebus
2455 2697 2776 2768 theologicis
2793 2697 2876 2750 vel
2900 2697 3186 2750 minimum
3216 2702 3462 2747 versatus

1886 2791 1976 2850 sit.
2003 2799 2058 2844 et
2083 2789 2291 2842 nullum
2313 2804 2538 2858 prorsus
2567 2789 2831 2853 invenies,
2850 2787 2943 2856 qui
2964 2786 3043 2841 vel
3059 2786 3287 2842 summis
3305 2784 3463 2838 labiis

1883 2875 2136 2930 errtctare
2151 2875 2390 2940 audebit,
2414 2877 2457 2930 si
2487 2877 2839 2942 concedatur,
2867 2875 3077 2930 Patrem
3103 2883 3462 2930 essenaturzs-

1886 2968 1990 3023 lem
2025 2969 2489 3039 suppeditatorem
2514 2978 2567 3024 et
2598 2968 2894 3023 naturalem
2929 2968 3174 3023 datorem
3205 2965 3462 3036 Spiritus,

1882 3058 2008 3113 inde
2027 3061 2192 3114 etiam
2216 3075 2444 3130 prorsus
2466 3059 2833 3115 necessarium
2858 3073 2998 3125 esse,
3019 3059 3461 3118 etexsistentiam

1881 3148 2029 3204 illius
2051 3149 2299 3221 intelligi.
2325 3149 2392 3222 Et
2420 3152 2470 3205 id
2492 3145 2585 3232 ubi
2609 3151 2661 3206 in
2682 3150 2856 3207 lucem
2878 3150 3109 3216 venerit,
3136 3148 3278 3204 facili
3301 3163 3461 3217 nego-

1882 3239 1981 3302 tio‘,
2016 3241 2164 3310 quod
2196 3242 2466 3312 reliquum
2497 3250 2580 3297 est
2636 3251 2694 3297 et,
2719 3243 2899 3313 plane,
2934 3255 3043 3294 non
3079 3238 3459 3295 methodorum

206 3313 323 3380 λεος
382 3322 552 3392 ἄκρου
613 3325 958 3398 τολμήσοντά
1014 3348 1147 3385 ποτε
1199 3311 1771 3414 ἀπερεύξασθαιξμὴ

1877 3311 2328 3400 pertractatione,
2351 3348 2456 3386 non
2493 3342 2939 3404 argumentorum
2972 3329 3188 3395 robore,
3237 3344 3344 3382 non
3380 3342 3463 3382 re-

207 3411 388 3465 πᾶσαν
440 3412 579 3470 εἷναι
630 3418 897 3489 ἀνάγκην,
933 3421 1217 3492 διδομένου
1265 3427 1359 3480 τοῦ
1411 3428 1504 3482 τδν
1550 3411 1773 3504 Πατέρα

206 3506 431 3569 φυσικὸν
447 3509 680 3580 χορηγὸν
702 3513 800 3566 καὶ
825 3515 1054 3580 φυσικὸν
1081 3515 1283 3588 δοτῆρα
1315 3513 1454 3573 εἶναι
1482 3519 1575 3574 τοῦ
1604 3524 1774 3577 Πνεύ-

209 3611 396 3662 ματος,
430 3599 523 3652 καὶ
558 3601 659 3669 τὴν
690 3602 749 3667 ἐξ
776 3603 945 3657 αὐτοῦ.
983 3605 1236 3661 ἐντεῦθεν
1268 3607 1502 3682 ὓπαρξιν
1527 3614 1771 3669 νοεῖσθαι

207 3687 387 3742 αὐτοῦ.
414 3691 620 3746 Τούτου
642 3695 696 3748 δὲ
725 3696 1180 3766 ἀναφαινομένου,
1208 3701 1451 3772 εὐχερῶς
1482 3705 1544 3769 τὸ
1568 3705 1776 3772 λοιπὸν,

207 3779 296 3857 καὶ
328 3782 502 3851 πάντη
527 3781 590 3852 γε
615 3785 854 3864 ὁμαλῶς,
879 3789 942 3840 οὗ
970 3788 1207 3857 μεθόδων
1245 3795 1644 3864 μεταχειρίσει,
1676 3799 1779 3850 οὐκ

213 3870 665 3944 ιπιχειρημὰτων
712 3878 1004 3948 ἰσχύῖ,ὀὺκ
1049 3881 1332 3950 ἐργασιῶν
1362 3885 1559 3956 πλήθει
1585 3928 1600 3953 ,
1641 3889 1779 3946 ἀλλὰ

212 3964 343 4036 μόνῃ
373 3968 509 4038 αὐτῇ
538 3968 645 4022 τῶν
679 3970 1098 4026 ἀντιδικούντων
1140 3976 1320 4029 αὐτῶν
1380 3979 1448 4048 τῇ
1509 3980 1654 4034 κατὰ
1718 3983 1779 4035 τὸ

208 4059 380 4110 κοινὸν
415 4063 512 4128 τῆς
540 4063 778 4131 φυσικῆς
814 4062 1018 4128 δόσεώς
1057 4083 1116 4121 τε
1146 4068 1243 4123 καὶ
1293 4070 1778 4141 χορηγίαςόμοὶοι

1881 3423 2172 3491 petitarum
2205 3425 2584 3497 probationum
2609 3423 2852 3489 cumulo,
2874 3423 2967 3477 sed
2997 3421 3110 3476 sola
3134 3422 3246 3490 ipsa
3269 3419 3462 3473 adver-

1883 3512 2165 3566 sari-orum
2180 3512 2528 3570 confessione
2548 3514 2614 3568 de
2635 3512 2912 3568 communi
2931 3522 2984 3565 ct
3010 3509 3244 3565 naturali
3267 3523 3464 3578 suppe-

1884 3602 2153 3664 ditatione
2183 3619 2250 3659 ac
2290 3604 2527 3671 datione,
2554 3620 2660 3673 qua
2700 3605 2916 3674 quidem
2950 3601 3085 3656 nihil
3117 3599 3369 3661 validius,
3405 3609 3462 3652 nt

1885 3702 2044 3750 antea
2066 3696 2493 3762 insinuaveram,
2518 3696 2586 3751 ab
2607 3696 2736 3760 illis,
2758 3696 2851 3766 qui
2876 3695 3150 3751 similibus
3167 3693 3358 3748 sedulo
3377 3693 3462 3746 in-

1880 3787 2164 3852 cumbunt,
2201 3788 2494 3861 echgitari
2525 3796 2725 3859 potest,
2775 3787 3011 3858 Spiritus
3039 3802 3105 3840 ex
3149 3785 3288 3840 Filio
3316 3785 3462 3838 exsi-

1881 3880 2134 3933 stentiam
2175 3881 2612 3951 suppeditatione
2661 3887 2716 3935 ct
2767 3879 2988 3934 datione
3037 3877 3458 3940 demonstrahis,

1883 3969 2025 4023 unde
2046 3969 2224 4024 Patris
2252 3981 2305 4026 et
2325 3970 2448 4026 Filii
2470 3972 2525 4026 in
2546 3971 2779 4042 Spiritus
2800 3984 2964 4026 causa
2989 3970 3168 4025 unitas
3187 3969 3318 4023 adeo
3343 3983 3458 4021 ma-

1879 4059 2078 4116 nifesta
2111 4065 2380 4133 provenit,
2416 4074 2475 4118 ut
2505 4077 2667 4118 nemo
2726 4063 2802 4117 illi
2835 4062 3210 4117 contradicere
3240 4060 3455 4116 audeat.

207 4147 317 4247 Υξᾳ.
347 4145 416 4221 ἧς
452 4153 603 4205 οὐδὲν
657 4155 1144 4247 ἰσχυρότερρνν-ὼς
1192 4161 1283 4212 καὶ
1336 4160 1552 4226 φθάσας
1609 4163 1768 4236 ἔφην,
1808 4172 1920 4235 τοῖς
1964 4175 2091 4243 περὶ
2138 4177 2206 4229 τὰ
2272 4177 2499 4230 τοιαῦτα
2544 4176 2945 4242 ἐσπουδακόσιν
2997 4175 3327 4247 ἠκρίὸωται,
3362 4176 3460 4245 τὴν

209 4239 262 4302 ἐξ
297 4241 426 4326 Υἱοῦ
458 4244 551 4296 τοῦ
585 4243 903 4314 Πνεύμτος
934 4246 1193 4318 ὓπαρξιν,
1228 4253 1322 4303 καὶ
1369 4253 1427 4318 ἐξ
1471 4253 1643 4324 αὐτῆς
1671 4259 1768 4327 τῆς
1810 4239 2075 4334 χορηγίοις
2103 4268 2196 4321 καὶ
2251 4269 2451 4332 δόσεως
2508 4239 2836 4332 ἀποδείξεις,
2858 4239 3103 4336 enecari]
3127 4267 3222 4319 τοῦ
3249 4239 3459 4340 Πατρός

209 4331 293 4382 καὶ
325 4334 453 4386 ἰ’ίοῧ
486 4336 578 4386 ἐπὶ
627 4338 693 4406 τῇ
732 4335 827 4390 τοῦ
859 4338 1354 4414 Πνεύματοςκαίτία
1382 4345 1572 4416 ἑνότης
1608 4348 1876 4414 λαμϐάνει
1905 4331 1969 4409 τδ
2002 4359 2416 4432 ἀναντίρρητον.

274 4427 336 4483 θ’.
372 4429 480 4481 Καὶ
517 4429 658 4484 οὕτω
700 4429 796 4498 τὴν
826 4434 894 4485 ἐκ
926 4433 1024 4504 τῆς
1057 4437 1580 4505 ὰντιπαραοτάσεως
1612 4443 1764 4517 πρώ-

207 4534 298 4582 την
322 4522 655 4591 διαπεράνας
680 4523 978 4591 ἀπόδειξιν,
1013 4525 1112 4596 τὴν
1144 4529 1210 4581 ἐκ
1233 4527 1342 4581 τῶν
1371 4533 1618 4599 φυσικῶς
1645 4537 1769 4588 καθ’

1950 4453 1994 4506 9.
2027 4453 2093 4509 Ει
2113 4455 2212 4527 sic,
2236 4471 2301 4510 e1
2323 4457 2558 4511 secunda
2580 4457 2854 4524 instantia,
2876 4459 3340 4516 demonstratione
3360 4461 3457 4516 ab-

1878 4543 2077 4612 soluta,
2102 4561 2222 4616 quae
2245 4562 2308 4602 ex
2332 4549 2674 4605 naturalibus
2697 4550 2929 4619 singulis
2952 4551 3146 4608 diebus
3166 4553 3430 4607 obvenien

209 4603 438 4680 ἑκάστην
479 4612 804 4680 γινομένων,
833 4613 1092 4687 δευτέραν
1123 4614 1291 4674 οὖσαν
1334 4623 1526 4693 αὐτῆς,
1561 4624 1642 4679 ἔτι
1671 4644 1768 4680 πε-

1877 4635 2038 4702 tibus,
2057 4647 2106 4691 et
2125 4637 2192 4693 ab
2209 4639 2299 4693 illa
2317 4640 2616 4696 secundum
2639 4642 2813 4696 locum
2833 4644 3226 4713 occupantibus
3245 4643 3456 4698 facilius

213 4707 386 4767 ρανεῖς
415 4703 827 4774 εὐχερέστερον,
871 4706 966 4759 ἅτε
1003 4711 1095 4762 καὶ
1123 4713 1188 4764 ἐκ
1223 4712 1332 4766 τῶν
1384 4717 1551 4771 πᾶσιν
1599 4721 1769 4786 ἐγνω-

212 4793 413 4857 σμένων
454 4794 873 4867 λαμϐανομένην
924 4817 1027 4855 σοι.
1080 4800 1143 4855 Ἦ
1173 4805 1280 4874 γὰρ
1330 4809 1484 4877 πηγὴ
1525 4812 1772 4876 φυσικῶς

209 4883 507 4951 χορηγοῦσα
539 4885 598 4936 τὸ
619 4880 792 4956 ὕδωρ,
843 4891 935 4942 καὶ
971 4893 1120 4945 αἰτία
1151 4894 1243 4948 τοῦ
1276 4895 1468 4960 ὕδατός
1510 4901 1649 4965 ἐστι,
1678 4904 1772 4954 καὶ

209 4973 260 5022 τὸ
287 4975 395 5044 πῦρ
428 4978 676 5045 φυσικῶς
703 4979 764 5031 τὸ
796 4981 909 5049 φῶς
935 4985 1227 5053 χορηγοῦν,
1262 4991 1357 5042 καὶ
1397 4993 1576 5045 αῐτιον
1603 4994 1770 5048 αὑτοῦ

207 5063 347 5119 ἐστιν
373 5084 385 5097 ·
411 5070 678 5142 ὡσαύτως
701 5073 758 5125 δὲ
779 5075 883 5126 ’καὶ
912 5077 972 5127 τὸ
1003 5077 1220 5145 δένδρον
1249 5083 1493 5147 φυσικῶς
1513 5085 1605 5139 τὸν
1635 5104 1774 5158 καρο

211 5158 303 5212 πδν
353 5180 646 5231 χορηγουν,
697 5167 791 5218 καὶ
827 5167 1002 5219 αἴτιον
1035 5170 1201 5224 αὐτοῦ
1236 5174 1408 5227 ἐστιν.
1457 5177 1564 5229 Καὶ
1599 5181 1774 5232 ταῦτα

214 5246 417 5314 ἀγνοῶν
466 5253 573 5304 τῶν
614 5255 872 5308 ἁπάντων
903 5257 1048 5310 ἔστιν
1086 5261 1233 5322 ὅστις
1283 5263 1485 5327 οὐδείς.
1518 5267 1674 5323 Οὕτω
1711 5270 1774 5340 δὴ

211 5342 296 5391 καὶ
326 5342 375 5394 οἱ
408 5342 498 5395 δύο
529 5346 719 5413 τρόποι
750 5349 847 5415 τῆς
870 5349 1012 5403 κατὰ
1037 5351 1513 5422 ἀντιπαράστασιν
1543 5361 1774 5429 προϐαί-

213 5445 381 5496 νοντες
407 5435 765 5502 γάποδεὶξεως,
811 5440 912 5508 τῆς
942 5443 1041 5511 μὲν
1083 5446 1218 5513 πρὸς
1251 5446 1310 5497 τὸ
1342 5449 1515 5519 παρὸν
1574 5454 1775 5520 ἡμετέ-

212 5535 299 5587 ρας
332 5525 665 5593 προθέσεως,
698 5528 898 5602 καθ’ἥν
918 5533 980 5584 τό
1010 5549 1068 5586 τε
1110 5536 1420 5604 παράλογον
1450 5541 1560 5593 τῶν
1588 5544 1677 5596 ἐπὶ
1705 5547 1770 5614 τῇ

212 5614 264 5665 ἐκ
314 5617 530 5685 Harpe;
583 5619 651 5672 δι’
699 5621 828 5675 Υἰοῦ
895 5626 1224 5694 ὲκπορεὸσει
1284 5631 1379 5684 τοῦ
1450 5633 1772 5705 [Ινεύματος

210 5704 517 5776 ἐξηγήσεων
567 5713 843 5780 ὑποδεῖξαί
880 5733 960 5775 σοι
1009 5721 1374 5790 προεθέμεθα,
1407 5726 1515 5778 τῶν
1547 5746 1602 5780 τε
1637 5729 1770 5796 ψευ-

209 5795 298 5849 δῶν
344 5803 677 5872 ὁμωνυμιῶν
714 5806 813 5876 τὴν
855 5808 1165 5882 διαγραφὴν
1225 5815 1560 5886 ὑπεθέμεθα,
1598 5795 1770 5886 πέρας

211 5905 277 5942 σοι
308 5895 556 5960 γίνονται
591 5911 603 5926 ⁸
633 5896 730 5967 τὴν
759 5899 813 5952 δέ
841 5918 901 5968 γε
927 5904 1017 5961 καὶ
1047 5906 1126 5968 εἰς
1148 5907 1204 5961 τὸ
1228 5907 1352 5978 ἑξῆς
1379 5912 1436 5964 οὐ
1466 5914 1769 5972 κωλύουσιν

1873 4743 1985 4784 rem
2000 4731 2372 4800 cxtricaveris,
2389 4742 2642 4803 tanquam
2659 4748 2776 4804 quae
2791 4750 2850 4789 ex
2875 4737 3018 4792 notis
3031 4736 3300 4806 certisque
3315 4739 3453 4805 apud

1872 4834 2063 4874 omnes
2085 4822 2407 4880 desumitur.
2428 4824 2572 4880 Fons
2600 4826 2867 4894 siquidem
2896 4829 3216 4882 naturaliter
3249 4844 3450 4898 aquam

1874 4911 2246 4978 suppeditans,
2273 4927 2438 4968 causa
2462 4928 2678 4984 quoque
2703 4929 2858 4983 aqua:
2880 4925 2986 4981 est,
3041 4923 3095 4968 et
3127 4916 3264 4986 ignis
3297 4929 3454 4971 natu-

1875 4999 2061 5054 raliter
2091 5001 2272 5055 lumen
2312 5003 2649 5067 ministrans,
2679 5019 2840 5060 causa
2875 5005 3096 5068 luminis
3129 5019 3247 5073 est;
3301 5007 3454 5063 simi—

1871 5088 1998 5145 liter
2029 5100 2083 5145 et
2112 5091 2276 5146 arbor
2331 5095 2655 5149 naturaliter
2704 5096 2944 5151 fructum
2988 5097 3180 5160 edens,
3238 5098 3452 5155 fructus

1875 5196 2039 5236 causa
2089 5193 2192 5238 est.
2245 5184 2311 5239 Et
2365 5187 2482 5241 hzrc
2537 5201 2696 5242 nemo
2742 5203 2970 5258 prorsus
3017 5197 3136 5252 est,
3191 5189 3283 5259 qni
3345 5206 3448 5246 non

1875 5287 2154 5343 agnoscat.
2221 5276 2286 5330 Et
2332 5279 2410 5332 sic
2460 5280 2567 5334 duo
2613 5280 2756 5333 modi
2812 5280 3303 5337 demonstrationis
3356 5299 3451 5353 per

1875 5367 2174 5421 secundam
2214 5369 2530 5424 instantiam
2563 5372 2940 5440 procedentes,
2990 5373 3213 5428 alterius
3244 5376 3309 5435 ad
3363 5392 3452 5430 no-

1875 5467 2000 5512 stra:
2021 5459 2410 5528 propositionis
2443 5463 2732 5528 intentum,
2763 5479 2868 5534 qua
2897 5464 3074 5520 media
3107 5481 3322 5531 eorum,
3348 5469 3443 5536 qui

1873 5565 1936 5601 cx
1971 5550 2131 5605 Patre
2172 5566 2270 5619 per
2297 5550 2491 5606 Filium
2527 5555 2926 5623 processionem
2979 5572 3144 5626 prave
3178 5559 3449 5627 interpre-

1876 5652 2079 5704 tantur,
2137 5644 2526 5700 absurditatem
2578 5649 2939 5713 ostendimus,
2973 5661 3025 5703 et
3049 5653 3446 5705 commcntTtia-

1875 5747 1993 5786 rum
2030 5733 2500 5806 liomonymiarum
2535 5739 2955 5809 descriptionem
2991 5743 3290 5811 posuimus,
3331 5744 3467 5809 jam.

1874 5828 1937 5880 aii
1971 5827 2127 5882 linem
2161 5832 2503 5899 perveniunt.
2558 5834 2622 5885 [it
2657 5833 2770 5887 haec
2819 5835 2870 5888 in
2915 5845 3198 5902 posterum
3233 5835 3444 5890 deside-

1872 5920 2012 5975 rium
2065 5928 2218 5976 tuum
2268 5938 2377 5979 non
2429 5924 2864 5992 interrumpunt,
2919 5927 2997 5980 sic
3042 5927 3182 5981 enim
3227 5937 3438 5984 numer
