4118 6452
111 419 218 482 385

1200 423 1301 483 ΑΙ)
1341 421 1938 483 CONSTA‘NTl-NUM
1975 424 2124 486 ΠΒ.
2170 426 2292 486 IlI.

3268 428 3375 492 386

113 529 356 599 ἀληθείας
394 529 556 584 οὐδέν
583 547 638 585 τι
687 531 894 610 γένοιτο
915 529 1320 604 εὐπορώτερον.
1343 531 1564 602 ’Ἐρώτα
1596 530 1684 584 οὖν

1793 531 1887 584 tibi
1925 548 2186 603 responsa
2223 544 2410 597 nostca
2465 551 2575 591 non
2627 537 2884 604 aderunt,
2929 537 3106 594 donec
3148 538 3377 594 veritate

115 623 198 677 καὶ
232 621 394 676 πάλιν
415 639 429 652 ·
463 624 666 694 ἀπόροι
696 623 789 678 καὶ
829 623 1015 678 πάλιν.
1051 623 1205 676 Τὸδδ
1236 622 1332 677 νῦν
1381 623 1503 692 ἔχον
1537 621 1692 674 insl-

115 733 208 788 περ
237 718 375 772 ἄττα
413 718 726 788 διακορεῖς,
757 717 856 783 οὐχ
879 717 954 782 ῶς
981 717 1195 786 φρονῶν
1219 716 1360 771 αὑτά
1392 717 1484 771 καὶ
1501 717 1690 771 διαπο-

113 809 388 877 gemam
420 809 537 865 τῶν
569 812 670 881 τῆς
699 807 955 879 ἀληθείας
987 808 1530 879 καταστοχαζόμενος
1552 809 1692 876 ιπη-

114 904 366 968 ρεαστῶν.
401 905 561 966 ὅπως
589 903 658 956 ἂν
682 904 775 956 ἐπὶ
810 905 947 956 πᾶσι
996 901 1076 975 τὸ,
1097 903 1234 974 πρὸς
1289 900 1689 972 δπιστομισμὸν

109 996 274 1048 αὐτῶν
301 996 531 1066 ἕτοιμόν
560 1012 643 1049 σοι
670 978 1118 1064 ἀποταμιεύοιτο,
1168 993 1265 1046 καὶ
1295 993 1364 1046 τὰ
1396 992 1687 1062 ἠπορημέ-

108 1103 183 1147 να,
207 1085 302 1137 καὶ
331 1086 390 1138 αἰ
420 1085 536 1138 τῶν
566 1084 936 1155 ἠπορημένων
984 1084 1368 1152 διασαφήσεις,
1390 1083 1469 1146 εἰς
1514 1082 1686 1136 τύπον

105 1173 312 1240 ῶηγίας
341 1191 429 1228 σοι
466 1161 1070 1240 διεκτιθέσθωσαν,τίνι
1121 1175 1186 1228 ἂν
1218 1175 1311 1248 Im"
1351 1175 1535 1237 αὐτοῖς
1585 1175 1686 1226 καὶ

107 1266 308 1329 γένοιτό
344 1283 432 1320 σοι
458 1268 540 1338 τῷ
571 1267 764 1338 τρόπῳ
819 1267 1198 1338 ἐπιστομίζειν
1239 1269 1464 1336 σύμπαν
1486 1268 1556 1321 τὸ
1589 1269 1687 1321 ἀν-

105 1357 585 1430 τικαθιστάμινον.
608 1357 905 1437 κινοῦνται
937 1359 1038 1428 μιν
1064 1359 1176 1428 γὰρ
1204 1359 1297 1411 καὶ
1347 1360 1513 1412 πάλιν
1544 1363 1684 1430 ἡμῖν

103 1448 193 1518 τὴν
223 1449 352 1519 χθές
382 1467 494 1503 ¹που
532 1451 628 1503 καὶ
661 1451 925 1521 πρότριτα
954 1449 1201 1517 συνήθως
1235 1449 1385 1518 λόγοι
1415 1452 1560 1520 περὶ
1587 1449 1681 1504 τοῦ

104 1539 382 1608 δόγματος.
412 1541 575 1608 ’Δγει
602 1539 659 1592 δᾶ
699 1541 835 1610 πρὸς
875 1542 1094 1611 μνήμην
1119 1542 1147 1592 ό
1200 1539 1357 1610 λόγος
1405 1541 1552 1610 ἡμᾶς
1586 1541 1685 1609 τῆς

107 1630 231 1696 πρὸς
260 1633 522 1702 Μαρῐνον
552 1632 647 1686 τοῦ
687 1631 834 1684 Θείου
882 1632 1131 1700 Μαξίμου
1189 1631 1472 1701 ἐπιστολὴ,
1503 1637 1560 1685 ὲν
1655 1634 1683 1686 ὁ

106 1720 494 1792 μεγαλώνυμος
523 1717 679 1786 οὗτος
708 1723 900 1792 Πατὴρ
928 1724 1027 1791 τὴν
1063 1721 1205 1792 ὑπὲρ
1238 1722 1347 1775 τῶν
1381 1722 1675 1792 Ῥωμαίων

110 1812 284 1883 Exi-.13
316 1816 384 1867 ἐκ
423 1815 641 1887 Πατρδς
663 1815 756 1868 καὶ
788 1815 915 1867 Υἰοῦ
942 1814 1268 1883 ὲκπορεύσει
1301 1813 1396 1867 τοῦ
1429 1816 1683 1883 Πνεύμα-
1708 1867 1779 1887 ,ν

104 1920 187 1966 τος
247 1905 603 1973 δεφινδιυσιν
654 1907 888 1970 διεξιὼν,
911 1906 992 1970 τὺ,
1033 1922 1060 1957 ι.
1098 1905 1190 1969 Ἐξ
1223 1899 1298 1959 ὧν
1339 1906 1438 1958 οὐκ
1495 1907 1678 1959 αἰτίαν

105 1994 188 2047 τοῦ
230 1997 680 2067 Πνεῦματος-τὸν
712 1997 840 2051 Υἱδν
900 1995 1192 2059 ποιοῦντας
1251 1999 1390 2066 σφᾶς
1450 1997 1680 2060 ἑαυτοὺς

103 2085 410 2155 ἀπίδειξαν,
431 2105 451 2138 ι
489 2087 700 2158 ιτρηκε.
732 2089 842 2141 Καὶ
865 2087 1046 2141 τοίνυν
1089 2086 1177 2138 διὰ
1207 2085 1267 2139 τὸ
1321 2087 1544 2157 πρῶτον
1584 2089 1682 2141 καὶ

105 2181 345 2248 ἀρχικὸν,
367 2182 509 2252 ὅπερ
532 2170 750 2251 ἀληθῶς
786 2181 933 2251 μόνῳ
961 2181 1038 2250 τῷ
1070 2179 1251 2250 Πατρὶ
1283 2179 1578 2251 πρόσεστιν
1599 2179 1682 2233 εἴ-

109 2273 314 2339 ρῆσθαι,
338 2274 410 2347 τὰ
456 2274 727 2344 είρημένα
754 2274 832 2343 τῷ
861 2273 992 2343 θείῳ
1023 2273 1262 2344 Μαξίμῳ
1296 2273 1700 2343 ἐξηγουμένωνκ

109 2362 274 2431 ἡμῶν,
322 2367 390 2417 σὺ
424 2366 483 2418 δὲ
521 2371 581 2418 τὸ
613 2367 724 2419 τῶν
775 2365 1066 2419 ἀντιδίκων
1115 2367 1315 2428 ὑποδὺς
1364 2367 1680 2433 πρόσωπον,

113 2455 375 2526 ἁλλ’διστι
407 2457 499 2511 τὸν
548 2457 896 2528 βουλόμενον,
937 2457 1096 2529 ῐφης,
1140 2461 1323 2511 εἰπεῖν
1369 2457 1470 2524 ὡς,
1496 2459 1545 2509 εἰ
1583 2457 1681 2527 μὲν

109 2546 213 2606 τοῖς
248 2547 601 2616 αἰτιωμένοις
638 2548 943 2619 Ῥωμαίους
999 2550 1130 2622 περὶ
1184 2549 1416 2620 ἀρχικοῦ
1464 2550 1558 2603 καὶ
1606 2548 1682 2620 μὴ

114 2637 333 2706 ἀρχικοῦ
357 2641 532 2694 αἰτίου
569 2642 964 2712 ήκαταιτίασις
996 2638 1065 2713 ἦν
1086 2684 1102 2709 ,
1123 2637 1272 2712 εἶχον
1303 2642 1370 2696 ἂν
1397 2642 1453 2695 αἰ
1483 2639 1686 2711 ἐξηγή-

116 2745 218 2790 σεις
265 2732 328 2784 τὸ
388 2733 753 2800 εὖλογοφανὲς
779 2749 796 2766 ·
839 2734 962 2785 ἐπεὶ
989 2733 1046 2786 δὲ
1083 2735 1288 2786 ἐκεῖνοι
1347 2733 1484 2802 πρὸς
1513 2733 1684 2803 αὐτὴν

111 2821 199 2890 τὴν
244 2823 304 2888 ιξ
332 2824 468 2878 Υίοῠ
517 2824 849 2895 ἑκττόρευσιν
917 2825 1284 2893 ἀντιλέγουσι,
1337 2827 1514 2894 πάντη
1566 2827 1683 2878 ἐστὶ

113 2909 256 2975 δῆλον
284 2915 413 2986 μήτ’
448 2915 675 2978 ὲκείνοις
717 2915 857 2984 μήτε
881 2915 960 2985 τῷ
988 2915 1430 2987 ὑπερηγοροῦντι
1453 2917 1562 2970 τῶν
1588 2917 1680 2970 ὑπ’

113 3006 340 3058 αἰτίασιν
411 3009 541 3076 περὶ
588 3006 824 3077 ἀρχικοῦ
861 3008 956 3059 καὶ
991 3006 1088 3076 μὴ,
1123 3009 1257 3077 περὶ
1285 3008 1342 3061 δὲ
1385 3011 1482 3078 τῆς
1543 3009 1680 3074 ὅλως

113 3095 281 3158 αἰτίας
308 3098 402 3150 τὸν
439 3097 597 3165 λόγον
635 3099 854 3150 ᾶπαντα
876 3098 1147 3165 γίνεσθλι.

1796 624 1917 694 ipsa
1971 626 2275 693 parabilius
2335 637 2430 683 aut
2486 629 2764 684 liberalius
2822 630 3030 698 aliquid
3087 629 3366 698 quispiam

1793 716 2201 786 excogitaverit.
2234 719 2419 785 Quare
2467 736 2663 775 rursus
2712 720 3245 788 interrogationibus
3289 715 3372 772 iri-

1792 819 1900 873 sta,
1945 825 2142 865 rursus
2188 811 2622 866 dubitationibus
2653 827 2785 882 urge
2825 809 3214 866 Verumtamen
3245 827 3371 866 cum

1792 900 1846 955 in
1879 903 2171 972 praesentia
2207 918 2329 972 qua:
2368 905 2756 968 controvertis,
2791 919 2903 957 non
2952 904 3033 957 uti
3065 904 3216 957 illius
3249 919 3376 959 sen-

1791 994 1978 1048 tentia:
2003 995 2103 1060 sis,
2133 997 2526 1058 controvertis,
2564 997 2664 1050 sed
2695 996 2761 1050 ad
2794 997 3042 1049 veritatis
3073 998 3376 1052 calumnia-

1791 1093 1938 1140 tores
1964 1087 2208 1140 animum
2246 1087 2557 1152 intendens,
2593 1101 2652 1142 υι
2677 1083 2731 1140 in
2768 1089 3026 1141 omnibus
3060 1099 3371 1157 promptum

1789 1177 1886 1230 tibi
1929 1177 1996 1230 ad
2028 1191 2218 1231 eorum
2251 1194 2346 1232 ora
2379 1179 2717 1233 obstruenda
2751 1194 3023 1240 reserves,
3083 1180 3274 1242 dubia,
3317 1189 3373 1231 et

1789 1266 2197 1331 dubitationum
2214 1271 2630 1339 explicationes,
2653 1285 2790 1337 quas
2803 1270 2958 1338 sequi
2978 1271 3202 1335 debeas,
3221 1271 3373 1337 ὠμά

1787 1369 2004 1422 rantur,
2040 1361 2240 1428 quibus
2280 1361 2349 1414 ad
2388 1375 2483 1413 ora
2527 1359 2792 1414 frenanda
2842 1376 2962 1414 sese
3008 1364 3173 1414 rebus
3203 1361 3361 1415 sitni-

1789 1449 1933 1502 libus
1975 1451 2394 1519 opponentium,
2439 1467 2548 1505 non
2584 1452 2903 1519 imparatus
2935 1452 3373 1520 comprehenda-

1785 1540 1886 1594 ris.
1913 1539 2210 1596 Moventur
2241 1543 2512 1611 siquidem
2548 1542 2772 1604 iterum,
2804 1544 2894 1611 qui
2922 1554 2975 1596 et
3003 1543 3142 1608 beri,
3170 1553 3224 1596 et
3261 1560 3366 1595 nu-

1784 1631 1908 1685 dius
1963 1633 2180 1696 tertius,
2235 1636 2314 1686 uti
2369 1633 2592 1696 assolet,
2650 1647 2937 1688 sermones
2984 1635 3052 1686 tle
3085 1635 3369 1702 dogmate,

1784 1735 2074 1791 sermoque
2106 1723 2261 1777 nobis
2311 1724 2633 1776 memoriam
2669 1722 2891 1777 refricat
2925 1722 3098 1777 divini
3145 1723 3370 1776 Maximi

1785 1813 1850 1864 ad
1891 1811 2157 1865 Marinum
2192 1813 2440 1881 epistola,
2473 1829 2577 1881 qua
2610 1815 2790 1882 magni
2820 1814 3060 1867 nominis
3086 1813 3246 1867 Pater
3271 1831 3372 1884 pro

1783 1900 2042 1956 Romanis
2072 1903 2138 1956 de
2171 1900 2408 1971 Spiritus
2458 1918 2522 1958 ex
2571 1903 2728 1957 Patre
2768 1916 2819 1957 ct.
2851 1903 2989 1956 Filio
3016 1906 3372 1973 proccssionc

1782 1993 2158 2048 defensionem
2199 1996 2515 2056 instituens,
2537 1995 2687 2058 illud,
2721 2011 2816 2048 «ex
2848 1995 3048 2063 quibu‘s
3070 2012 3176 2050 non
3202 2003 3372 2051 causa

1785 2083 2022 2154 Spiritus
2045 2086 2238 2140 Filium
2265 2102 2531 2151 asserere,
2557 2102 2677 2141 sese
2701 2087 2772 2139 illi
2796 2086 3204 2150 ostenderunt,t
3229 2088 3369 2141 scri-

1790 2181 1918 2244 psit.
1947 2174 2012 2229 Et
2043 2176 2158 2230 haec
2187 2190 2308 2229 cum
2337 2192 2437 2230 nos
2457 2186 2673 2246 propter
2691 2177 3008 2245 primarium
3034 2189 3196 2247 atque
3217 2180 3368 2246 prin-

1784 2267 1980 2337 cipale,
2011 2269 2154 2336 quod
2191 2271 2320 2322 vere
2341 2270 2443 2323 soli
2473 2269 2615 2322 Patri
2643 2273 2806 2332 inest,
2839 2270 3045 2322 dictata
3076 2284 3219 2332 esse,
3248 2284 3371 2335 quas

1793 2375 1959 2428 supra
1999 2360 2284 2413 attulimus
2317 2375 2380 2412 ex
2412 2371 2602 2414 sancto
2631 2359 2889 2425 Maximo,
2921 2359 3368 2428 interpretemur,

1791 2459 1846 2504 tu
1903 2451 2344 2506 adversariorum
2395 2466 2686 2519 personam
2737 2451 2994 2516 iuduens,
3054 2465 3217 2520 posse
3264 2450 3367 2514 ais,

1790 2545 2097 2612 cuicunque
2171 2543 2224 2597 id
2287 2544 2676 2612 complacitum
2731 2543 2917 2608 fuerit,
2962 2557 3258 2612 opponere,
3323 2544 3369 2598 si

1787 2631 1881 2700 qui
1920 2630 2196 2685 Romanos
2223 2632 2276 2686 in
2313 2633 2520 2685 crimen
2551 2634 2842 2696 vocabant,
2874 2633 2982 2686 illis
3011 2633 3078 2685 de
3110 2632 3368 2700 primaria

1786 2732 1841 2778 et
1871 2723 2160 2793 principali
2181 2739 2344 2777 causa
2367 2724 2683 2778 criminatio
2709 2725 2919 2787 luisset,
2959 2723 3171 2777 similes
3195 2738 3369 2792 expo-

1785 2815 2014 2868 sitiones
2051 2815 2281 2868 rationis
2317 2815 2523 2884 aliquid
2558 2816 2612 2867 in
2640 2830 2699 2868 se
2728 2815 3014 2868 continere
3049 2815 3370 2882 judicaren-

1787 2915 1874 2958 tur
1909 2924 1923 2958 :
1958 2907 2052 2960 sed
2108 2921 2233 2960 cum
2294 2906 2369 2960 illi
2425 2907 2600 2976 ipsam
2647 2921 2716 2960 ex
2770 2904 2908 2960 Filio
2955 2908 3368 2976 processionem

1783 3007 2114 3067 oppugnent,
2171 2997 2428 3052 omnibus
2469 2997 2822 3052 manifestum
2872 3007 3138 3060 remanet,
3190 3010 3370 3065 neque

1781 3092 1848 3144 ab
1889 3091 2019 3154 illis,
2065 3105 2243 3159 neque
2303 3091 2371 3143 ab
2407 3089 2531 3144 aliis
2580 3090 2675 3158 qui
2733 3104 2924 3144 eorum
2984 3088 3367 3144 defensionem

113 3191 438 3259 suscipiunt,
503 3191 572 3244 de
622 3190 884 3260 primaria
929 3203 982 3246 et
1030 3192 1320 3264 principali
1363 3209 1531 3250 causa
1597 3201 1978 3267 quaestionem,
2028 3203 2123 3258 sed
2191 3204 2254 3258 de
2299 3203 2454 3258 totali
2505 3218 2674 3258 causa
2722 3217 3007 3259 sermones
3081 3205 3369 3258 universos

111 3284 335 3351 jactatos
369 3286 559 3343 fuisse.

181 3381 245 3450 β’.
265 3385 436 3438 Τοῦτο
458 3388 492 3456 ἡ
522 3387 747 3458 ἀπορία.
784 3385 974 3456 Ἡμεῖς
995 3387 1050 3440 δὲ
1077 3388 1176 3457 τὴν
1197 3385 1372 3451 λύσιν,
1395 3387 1453 3439 ὃν
1475 3387 1684 3459 εἴρηται

1868 3386 1924 3441 2.
1970 3387 2095 3443 Haec
2147 3386 2491 3442 addubitatio
2538 3396 2640 3442 est.
2678 3385 2791 3441 Nos
2822 3402 2984 3456 porro
3017 3389 3365 3461 solutionem,

115 3477 300 3544 τρόπον
322 3479 563 3546 ὁδηγίας,
581 3481 674 3531 ἐπὶ
689 3479 767 3550 τῷ
786 3479 929 3549 ἔχειν
948 3496 1006 3532 σε
1025 3481 1148 3542 τοὺς
1165 3479 1336 3534 ταῦτα
1355 3481 1681 3549 φρονοῦντας

118 3571 496 3640 ἐπιστομίζειν,
541 3571 849 3626 διαθέσθαι
904 3571 1241 3641 βουλόμενοι,
1282 3571 1425 3625 οὕτω
1476 3572 1541 3642 δὴ
1585 3575 1680 3627 καὶ

118 3660 502 3732 ὄιεκτιθέμεθα.
533 3661 696 3725 Οἶδας
742 3662 814 3723 ὡς
865 3663 1006 3725 τινὲς
1048 3664 1145 3732 μὲν
1193 3664 1416 3728 τούτων,
1461 3663 1550 3714 ὑπ’
1582 3665 1682 3734 ἀρ-

120 3755 259 3824 χηγῴ
286 3755 518 3825 Κυπρίῳ
551 3755 898 3821 ταττόμενοι,
930 3755 1064 3825 πρὸς
1095 3748 1172 3816 οἷς
1207 3754 1388 3818 ἄλλοις
1421 3754 1562 3807 κατά
1584 3744 1682 3807 τοῦ

122 3847 358 3911 εὐσεϐοῦς
387 3863 516 3916 φασι
558 3847 850 3915 δόγματος,
885 3849 976 3898 καὶ
1007 3848 1087 3910 εἰς
1115 3847 1437 3915 ὁμωνυμίαν
1464 3847 1681 3900 διαϐάλ-

121 3935 256 3991 λουσι
285 3940 386 4010 τὴν
427 3939 782 4008 ικπόρευσινο
813 3940 956 4001 τινὲς
989 3938 1044 3991 δὲ
1087 3940 1197 4000 τοῖς
1235 3939 1495 4001 τοιούτοις
1541 3940 1680 3993 κατά

121 4028 176 4080 τὸ
209 4034 270 4083 ὲκ
319 4031 532 4102 υατρδς
583 4031 812 4099 διαιρεῖν
838 4030 928 4083 τὸν
965 4029 1106 4082 ’Υίὸν
1153 4029 1247 4082 ἐπὶ
1277 4032 1341 4099 τῇ
1383 4029 1531 4102 αἰτίᾳ
1583 4029 1678 4082 τοῦ

126 4121 424 4191 Uva-ipso;
475 4125 914 4193 συμφωνοῦντες,
948 4123 1043 4177 τοῦ
1095 4125 1231 4187 τέως
1274 4125 1433 4193 μόνον
1478 4127 1682 4192 εὐγνω-

129 4217 365 4281 μονοῦσιν
391 4218 674 4287 ὁμολογεῖν
710 4217 805 4288 τὴν
837 4219 1182 4287 ὲκπόρευσιν,
1211 4219 1412 4286 τρόπον
1439 4219 1540 4288 τῆς
1581 4215 1676 4270 τὸῦ

126 4307 425 4377 Πνεύματος
479 4309 765 4379 ὑπάρξεως
811 4310 995 4379 μόνον,
1029 4312 1124 4363 καὶ
1180 4311 1341 4364 πλέον
1390 4312 1679 4380 σημαίνειν

127 4399 298 4465 μηδὲν·
331 4400 440 4471 Τῆς
473 4401 685 4470 ρήσεως
715 4397 845 4464 γοῦν
871 4398 974 4451 ὑπὸ
1002 4399 1220 4454 πάντων
1243 4400 1680 4472 ὁμολογουμένης

125 4494 287 4560 κοινῇ·
327 4493 387 4543 τὺ
413 4492 542 4562 γὰρ,
587 4508 606 4540 ι
656 4489 744 4553 Ἐξ
789 4483 865 4542 ὦν
893 4489 992 4542 οὑκ
1025 4490 1204 4544 αἰτίαν
1231 4490 1322 4543 τοῦ
1365 4492 1680 4562 Πνεῦματος

125 4579 201 4630 τὸν
227 4581 351 4652 Ῑὶδν
401 4581 687 4644 ποιοῦντας
723 4582 864 4648 σφᾶς
910 4580 1135 4644 ἑαυτοὺς
1181 4579 1493 4649 ἀπέδειξαν,
1525 4601 1544 4634 ι
1580 4585 1679 4654 τὴν

129 4674 286 4728 αὐτῶν
336 4675 626 4741 -Ζιποθέλγον
665 4675 840 4743 ῥοπὴν
883 4673 1020 4742 πρὸς
1063 4672 1353 4742 ὁμολογίαν
1397 4673 1544 4730 ῑλκει
1577 4676 1676 4727 αὐ·

1788 3489 1842 3532 ut
1876 3479 2108 3543 habeas,
2143 3479 2303 3532 modo
2329 3493 2440 3547 quo
2464 3478 2668 3532 dictum
2701 3486 2800 3540 est,
2829 3491 3134 3548 promptam
3171 3483 3239 3536 ad
3271 3499 3366 3537 ora

1788 3571 1991 3626 similia
2038 3570 2391 3624 sentientium
2417 3569 2707 3635 frenanda,
2741 3585 3015 3638 exponere
3056 3575 3364 3640 cupientes,

1787 3665 1864 3718 sic
1909 3679 2029 3717 eam
2067 3663 2390 3732 digerimus.
2435 3660 2532 3716 Sat
2567 3662 2714 3717 nosti
2748 3677 2815 3717 ex
2851 3663 3002 3718 hisce
3046 3667 3366 3731 nonnullos,

1785 3754 1978 3807 ducem
2012 3751 2273 3823 Cyprium
2321 3761 2633 3821 sequentes,
2683 3756 2824 3806 inter
2856 3753 2985 3817 alia,
3023 3770 3145 3823 qua:
3176 3758 3366 3810 adver-

1786 3860 1880 3898 sus
1915 3845 2113 3912 degma
2141 3843 2289 3912 pium
2338 3853 2661 3913 rectumque
2706 3843 3001 3908 blaterant,
3049 3848 3366 3914 processio-

1787 3951 1910 3989 nem
1961 3948 2180 4005 quoque
2230 3933 2608 3999 criminantes,
2648 3934 3008 4005 bomonymiae
3061 3935 3359 3992 obnoxiam

1785 4027 1965 4082 facere
2002 4043 2016 4080 :
2053 4027 2192 4081 alios
2236 4040 2372 4094 νει-ο
2419 4026 2611 4080 iisdem
2667 4027 2722 4080 in
2777 4029 3122 4096 separatione
3165 4027 3289 4082 Filii
3332 4045 3364 4084 a

1784 4121 1946 4175 Patre
1977 4119 2032 4173 in
2062 4133 2229 4174 causa
2259 4118 2498 4189 Spiritus
2526 4120 2949 4182 concordantes,
2981 4120 3052 4171 ita
3085 4135 3271 4189 aequos
3303 4135 3365 4176 se

1786 4222 2099 4284 praestasse.
2139 4221 2196 4264 ut
2240 4211 2647 4279 processiOnem
2697 4213 2920 4265 modum
2955 4222 3166 4266 tantum
3211 4213 3366 4269 exsi-

1783 4305 1999 4358 stentia:
2053 4303 2293 4372 Spiritus
2347 4311 2403 4356 et
2446 4302 2585 4356 nihil
2633 4302 2779 4355 aliud
2830 4315 3131 4358 connotare
3195 4306 3366 4359 dieta-

1785 4403 1926 4448 rent.
1964 4394 2100 4448 Dico
2127 4409 2254 4447 vero
2289 4393 2456 4447 simili
2491 4408 2721 4448 assensu
2771 4395 3054 4449 communi
3089 4405 3361 4462 excepto;

1783 4502 2016 4552 namque
2055 4487 2185 4540 illud
2221 4504 2235 4540 :
2268 4504 2287 4537 ι
2321 4486 2396 4539 Ex
2443 4486 2643 4556 quibus
2694 4502 2802 4541 non
2847 4501 3072 4542 causam
3124 4485 3364 4558 Spiritus

1781 4577 1982 4633 Filium
2019 4578 2196 4632 facere
2231 4592 2350 4632 sese
2375 4579 2452 4631 illi
2485 4579 2864 4639 ostenderunt,
2904 4597 2923 4631 ι
2958 4593 3146 4632 eorum
3185 4582 3364 4633 emol-

1788 4673 1925 4724 liens
1981 4672 2244 4740 impetum
2280 4671 2345 4722 ad
2393 4669 2745 4738 praebendum
2793 4684 3078 4723 assensum
3127 4671 3360 4725 inducit.

377 4768 486 4835 γὰρ
513 4723 602 4831 a'v,
637 4723 687 4817 εἰ
724 4723 809 4834 μὴ⁸
841 4723 1019 4830 τοῦτο,
1045 4723 1164 4816 οῦδὲ
1182 4723 1408 4836 ταύτην,
1439 4767 1513 4828 ὡς
1547 4767 1680 4819 πολ-

1786 4761 2002 4815 Etcnim
2034 4762 2078 4815 si
2116 4762 2167 4813 id
2197 4777 2301 4814 non
2345 4770 2511 4823 esset,
2548 4762 2652 4814 hoc
2702 4762 2779 4815 uti
2819 4761 3078 4830 pleraque
3124 4763 3362 4816 aliorum

133 4851 214 4916 ἱμὰς
231 4856 334 4908 τῶν
373 4855 548 4909 ἄλλων
585 4855 844 4924 Πατὲρων
873 4851 1176 4920 Θιολογίας,
1206 4852 1477 4906 διασαλείν
1498 4852 1678 4924 ὤκνη-

133 4957 232 5000 σαν.
292 4947 433 5017 Ὅρα
479 4949 626 5010 ὅπως
674 4947 772 4999 καὶ
822 4945 954 5016 πρὸς
986 4944 1154 5014 ἄμφω
1203 4943 1567 5015 διαλεγομένῳ
1613 4945 1681 4999 τὰ

135 5039 256 5110 μέρη
283 5041 453 5093 ταῦτα
511 5039 744 5109 ἰσχυρῶς
775 5038 1152 5090 ἀποδεικνύειν
1201 5036 1414 5101 ἐξέσται
1449 5055 1552 5102 σοι,
1592 5037 1682 5092 διὰ

133 5132 181 5183 τὺ
211 5133 411 5202 πρῶτον
445 5134 538 5185 καὶ
570 5131 796 5202 ἀρχικὸν
838 5129 1016 5183 αἴτιον
1059 5128 1275 5199 ἀληθῶς
1305 5130 1554 5202 Μάξιμον
1598 5135 1681 5184 εί-

138 5227 338 5290 ρηκέναι
389 5224 480 5275 τῦν
517 5219 912 5290 μεγαλώνυμον
942 5218 1029 5284 τὸ,
1067 5235 1088 5274 ι
1133 5219 1224 5283 Ἐξ
1249 5214 1333 5288 ,ὧν
1371 5221 1468 5274 οὐκ
1499 5221 1682 5275 αἰτίαν

135 5311 214 5366 τοῦ
260 5314 575 5382 Πνιύματος
619 5312 712 5363 τὸν
758 5310 884 5363 Υἰὸν
923 5311 1215 5373 ποιοῦντας
1261 5312 1402 5380 σφᾶς
1457 5314 1682 5376 ἑαυτοὺς

140 5401 422 5470 ἀπέδειξαν.
463 5420 482 5453 ι
519 5401 859 5455 Γινέσθωσάν
911 5418 994 5454 σοι
1029 5402 1246 5472 πρῶτον
1293 5405 1342 5454 οἰ
1386 5405 1486 5473 τὴν
1521 5403 1684 5456 ἐκπό-

137 5507 301 5561 ρουσιν
326 5493 747 5565 ὁρθοτομοῦντες
785 5493 1153 5564 διαλεγόμενοι
1182 5509 1196 5523 ο
1229 5499 1680 5564 προτεινέτωσαν,

136 5583 249 5657 ὅπερ
291 5590 340 5642 οἰ
366 5586 784 5658 ὁμωνυμοῦντες
819 5587 1076 5640 οὐδέποτε
1116 5587 1198 5651 τὺ,
1230 5587 1281 5639 εί
1313 5589 1412 5657 μὲν
1454 5589 1568 5651 τοῖς
1597 5589 1683 5640 αἰ·

135 5683 398 5751 τιωμένοις
444 5680 735 5750 Ῥωμαίοις
767 5683 896 5752 περὶ
943 5679 1179 5752 ἀρχικοῦ
1223 5681 1316 5734 καὶ
1347 5681 1421 5751 μὴ
1450 5678 1681 5750 ἀρχικοῦ

141 5769 292 5824 αἰτίου
321 5774 354 5842 ἡ
393 5774 732 5834 καταιτίασις
783 5771 871 5845 ἦν,
901 5769 1047 5842 εἶχον
1090 5773 1245 5826 ἃναί
1297 5773 1584 5844 ἐξηγήσεις
1622 5775 1683 5827 τὸ

140 5862 468 5934 ιὺλογοφανές
496 5882 507 5894 ·
540 5866 658 5916 ἐπεὶ
695 5863 740 5915 δ’
767 5866 960 5916 ἐκεῖνοι
992 5863 1125 5934 πρὸς
1149 5864 1245 5934 τὴν
1272 5865 1329 5930 ιε
1360 5861 1488 5916 TBG}
1519 5864 1681 5918 ἐκπό-

1789 4852 2014 4907 Patrum
2058 4853 2366 4922 theologica
2419 4852 2562 4906 dicta
2613 4865 2876 4905 accusare
2924 4866 3035 4904 non
3089 4853 3365 4920 neglexis¢

1783 4953 1926 5000 sent.
1953 4945 2188 5000 Attende
2213 4960 2376 5016 porro
2410 4955 2486 5008 tu,
2521 4958 2630 5013 qua
2665 4948 2894 5008 ratione,
2927 4959 3052 4998 cum
3095 4945 3364 4999 ambabus

1785 5035 1940 5090 hisce
1989 5037 2237 5104 partibus
2287 5035 2626 5104 colloquium
2675 5048 2997 5100 conserens,
3035 5035 3213 5088 valide
3264 5034 3362 5088 de-

1788 5137 2095 5183 monstrare
2126 5128 2351 5197 poteris,
2389 5135 2611 5196 propter
2639 5125 2957 5195 primariam
2987 5135 3046 5179 et
3076 5126 3357 5195 principa-

1784 5217 1890 5271 lem
1931 5231 2155 5272 causam
2188 5232 2311 5271 νει-ο
2357 5218 2539 5285 ωειεηὶ
2579 5217 2821 5272 nominis
2871 5215 3168 5269 Maximum
3222 5219 3365 5271 scri-

1784 5309 1985 5379 psisse,
2043 5325 2063 5359 ι
2095 5307 2173 5366 Ex
2203 5309 2400 5378 quibus
2431 5323 2538 5364 non
2584 5324 2805 5364 causam
2855 5307 3092 5372 Spiritus
3157 5306 3353 5362 Fliilllll

1785 5403 1964 5458 facere
2001 5417 2124 5457 sese
2157 5403 2235 5456 illi
2265 5403 2639 5458 ostenderunt.
2685 5421 2704 5454 ι
2760 5405 2823 5456 Ει
2853 5407 3093 5473 primum
3137 5403 3357 5472 quidem

1783 5509 1909 5549 cum
1933 5509 2216 5550 sermones
2238 5507 2626 5559 conseruntur,
2652 5497 2745 5565 qui
2770 5499 3178 5566 processionem
3213 5509 3360 5551 recte

1785 5596 2042 5653 tractant,
2075 5597 2404 5658 proponant,
2436 5591 2583 5658 quod
2616 5603 2919 5659 nunquam,
2954 5593 3048 5659 qui
3097 5590 3363 5664 homony-

1786 5681 1952 5735 miam
2006 5681 2310 5746 insinuant,
2368 5681 2693 5745 concedent,
2733 5684 2779 5738 si
2827 5685 2923 5752 qui
2973 5683 3250 5736 Romanos
3303 5685 3359 5736 in

1783 5774 1994 5827 crimen
2043 5774 2334 5837 vocabant,
2389 5775 2496 5829 illis
2547 5777 2613 5829 de
2663 5777 2920 5844 primaria
2975 5786 3028 5828 et
3074 5775 3359 5843 principali

1785 5879 1950 5920 causa
1989 5867 2300 5922 criminatio
2331 5867 2546 5932 fuisset,
2604 5869 2808 5923 s‘milcs
2853 5867 3235 5930 expositiones-
3276 5886 3362 5920 ru-
