4148 6456
769 381 868 441 521

1783 374 1996 445 JOAN.
2035 375 2251 439 νιεει
2292 377 2401 440 CP.
2442 372 2951 441 PKTRIARCHB

762 508 861 558 ego
921 489 1106 559 utique
1158 500 1495 551 assererem,
1557 484 2017 557 quemadmodum
2069 488 2321 567 proprius

2424 506 2589 559 φημι,
2622 490 2705 545 ὅτι
2746 491 2935 563 ὥσπερ
2995 492 3128 546 ἴδιον
3164 491 3260 547 τοῦ
3300 494 3529 566 Πατρδς,
3557 495 3647 549 διά
3680 495 3743 550 τδ
3784 496 3860 551 he
3910 498 4016 550 τοῦ

765 579 940 633 Patris
972 587 1076 642 est,
1132 576 1276 645 quod
1322 573 1587 629 eLPatre
1615 583 1719 639 est,
1762 575 1836 629 ita
1872 576 2161 644 pr0prium
2199 592 2321 632 esse

766 670 908 735 Filii,
953 667 1098 736 quod
1149 681 1246 736 per
1274 664 1489 733 Filium
1516 673 1619 723 est.
1669 662 1736 718 Et
1757 662 1838 719 sic
1880 664 2167 734 utriusque
2198 679 2325 735 pro-

763 759 914 829 prius
971 756 1247 827 Spiritus,
1307 754 1450 824 quod
1499 768 1568 808 ex
1638 762 1873 824 utroque
1922 753 2319 825 progrediatur.

762 850 918 919 Quod
943 851 1015 912 si,
1044 857 1101 902 ut
1140 858 1193 901 tu
1231 860 1451 915 quoque
1480 846 1707 910 astruis,
1742 845 1995 915 proprius
2026 843 2248 899 estFiIii
2271 854 2353 917 et_

764 944 940 997 Patris
1006 941 1242 1010 Spiritus
1286 947 1505 1007 propter
1544 952 1714 991 unum
1781 935 2034 1004 idemque
2082 942 2319 997 natura.

762 1037 892 1089 mihi
928 1032 1170 1103 proiecto
1218 1046 1394 1099 neque
1433 1028 1487 1083 id
1534 1026 1804 1097 displicet.
1839 1026 1976 1085 Cum
2006 1027 2151 1081 enim
2194 1041 2322 1095 pro-

762 1128 938 1195 prium
993 1123 1301 1189 utriusque,
1363 1118 1509 1191 quod
1559 1133 1625 1172 ex
1673 1112 1904 1186 utroque
1953 1115 2322 1185 progreditur,

760 1219 887 1285 quia
908 1228 1043 1269 .vero
1075 1213 1143 1266 ab
1171 1220 1403 1279 utroque
1428 1206 1792 1279 progreditur,
1819 1206 1939 1261 ideo
1981 1213 2067 1260 est
2095 1211 2150 1259 et
2173 1202 2320 1258 Patri

759 1319 813 1363 et
862 1306 999 1363 Filio
1051 1300 1556 1363 consubstantialis,
1600 1299 1694 1367 qui
1741 1297 1819 1351 ait
1860 1297 2139 1366 proprium
2168 1295 2321 1349 illum

760 1398 937 1453 Patris
964 1403 1019 1450 et
1048 1391 1169 1448 Filii
1202 1400 1425 1462 propter
1457 1404 1625 1443 unum
1660 1389 1910 1457 idemque
1932 1397 2163 1451 natura,
2186 1384 2331 1452 nihil

758 1488 975 1541 aberrat
1004 1499 1035 1538 a
1066 1482 1317 1547 veritate,
1354 1480 1520 1533 etiam
1560 1477 1735 1546 magis
1765 1475 2137 1544 sophistarum
2172 1482 2333 1544 morej

758 1592 1065 1633 sermonem
1109 1575 1429 1643 disponens,
1482 1571 1607 1625 inde
1637 1569 1994 1637 comprobare
2032 1566 2166 1632 ruit,
2210 1579 2321 1620 non

757 1684 879 1726 esse
904 1667 1166 1737 Spiritum
1198 1664 1362 1718 etiam
1392 1677 1457 1717 ex
1494 1662 1650 1717 Filio.

1120 1753 1375 1825 Ejusdem
1402 1769 1467 1807 ea:
1490 1755 1670 1807 eadem
1699 1753 1957 1807 oratione.

2421 580 2636 652 ματρὸς
2671 576 2835 648 εἶναι,
2863 581 3037 645 οὕτως
3060 581 3193 652 ῐδιον
3215 585 3310 638 καὶ
3328 582 3433 637 ’τοῦ
3464 584 3615 651 Υἰοῦ,
3640 585 3731 640 διά
3762 587 3827 640 τὺ
3856 582 4013 639 εῖναι

2421 668 2489 722 δι’
2519 669 2671 743 ficti,
2727 675 2823 725 xui.
2870 672 3055 725 λοιπὸν
3099 675 3228 727 [διον
3276 676 3479 745 ἀμφοῖν
3514 675 3576 727 τὺ
3624 676 3884 748 Πνεῦμα,
3931 679 4015 739 ὡς

2422 761 2613 830 προῖδν
2657 762 2715 828 ιε
2765 763 2987 832 ἀμφοῖν.
3049 765 3110 816 EI
3142 765 3199 817 δι
3237 769 3331 819 καὶ
3359 766 3434 826 ὼς
3470 767 3535 819 σὺ
3564 765 3669 836 φὴς
3695 767 3833 824 ἴδιον
3864 767 4011 821 Υῑοῦ

2423 851 2517 905 καὶ
2552 850 2764 921 Πατρδς
2805 852 2867 904 τὸ
2901 852 3121 922 Πνεῦμα
3142 854 3229 921 διά
3277 856 3336 908 τὸ
3369 857 3569 909 ινιαῖον
3618 856 3718 925 τῆς
3745 861 4009 925 φύσεως,

2421 938 2543 993 οὐδὲ
2564 940 2724 993 τοῦτό
2751 958 2843 1011 μοι
2872 943 3271 1010 ἀωράδεειτον.
3289 945 3446 998 Ἐπεὶ
3478 946 3587 1015 γὰρ
3609 946 3740 999 ωιον
3756 949 4008 1015 ἀμφοῖν,

2420 1026 2502 1079 δτι
2536 1026 2780 1096 πρόεισιν
2806 1028 2865 1094 ἑξ
2893 1028 3117 1098 ἀμφοῖν,
3136 1030 3225 1083 διὰ
3252 1032 3309 1084 δὲ
3324 1036 3385 1084 τὸ
3404 1033 3465 1097 ἐξ
3490 1035 3691 1103 ἀμφοῖν
3717 1039 4009 1106 προϊέναι,

2420 1116 2709 1185 όμοούσιόν
2755 1120 2873 1172 ιστι
2906 1120 3083 1189 ﬂetth
3114 1123 3205 1174 καὶ
3238 1121 3416 1191 Υίῷ,ό
3457 1125 3630 1192 λέγων
3675 1125 3830 1192 ῐδιον,
3857 1126 4013 1179 αὐτὸ

2422 1208 2632 1279 [Ιατρὸς
2660 1210 2754 1261 και
2784 1210 2916 1264 Υίοῦ
2945 1211 3034 1263 διά
3061 1207 3127 1264 ea
3153 1214 3353 1266 ἑνιαῖον
3382 1216 3481 1282 τῆς
3513 1202 3729 1283 φύσεως
3752 1217 3924 1270 οὐδέν
3950 1233 4011 1269 τι

2420 1288 2779 1367 δὶαμαρτάνει
2814 1300 2915 1370 τῆς
2955 1300 3230 1371 ἀληθείας,
3276 1305 3323 1355 ei
3380 1305 3490 1369 καὶ,
3527 1306 4011 1375 σοφιστικώτερον

2424 1389 2823 1457 μετερχόμενος
2878 1391 2969 1443 τὶν
3031 1392 3208 1459 λόγον,
3250 1394 3498 1447 ἐντεῦθεν
3526 1395 3797 1464 ,βούλεται
3847 1398 4012 1465 τάχα

2421 1478 2829 1531 κατασκευάσαι
2886 1480 2966 1550 μὴ
3036 1475 3175 1534 εἶναι
3230 1482 3293 1534 τὸ
3342 1483 3566 1553 Πνεῦμα
3616 1485 3713 1537 καὶ
3768 1486 3833 1538 ἐκ
3900 1486 4009 1537 τοῦ

2421 1562 2571 1619 ϊὶοὖ.

2809 1756 2920 1809 Τοῦ
2945 1758 3133 1813 αὐτοῦ
3158 1760 3228 1813 ἐκ
3267 1762 3373 1815 τοῦ
3395 1764 3602 1817 αὐτοῦ.

824 1848 1011 1905 XCIII.
1051 1867 1070 1900 ι
1105 1844 1304 1919 sancta
1332 1856 1510 1901 autem
1544 1850 1821 1913 Scriptura
1846 1858 1941 1898 nos
1961 1843 2271 1912 aIquuente
2302 1859 2314 1896 :

2490 1844 2606 1911 ιιΓ.
2659 1864 2678 1897 ε
2729 1846 2897 1918 Ἱεροῦ
2938 1850 2993 1902 δὲ
3028 1851 3159 1919 ἡμῖν
3197 1852 3594 1919 ιπεφωνοῦντος
3635 1856 4002 1927 γράμματος,

761 1961 778 1993 ι
815 1938 989 1996 Omne
1022 1939 1226 1993 donum
1259 1936 1497 2003 bonum,
1530 1943 1582 1989 et
1606 1950 1769 1989 omne
1798 1947 1993 1989 manus
2018 1933 2320 2003 perfectum

758 2050 779 2083 ε
818 2031 1109 2086 desursum
1172 2034 1279 2093 est,
1332 2025 1670 2082 descendens
1714 2040 1746 2078 a
1806 2024 1966 2080 Patre
2023 2027 2315 2089 luminum,

761 2143 781 2176 ε
818 2122 960 2194 apud
986 2135 1149 2191 quem
1188 2134 1297 2174 non
1328 2129 1412 2175 est
1450 2116 1855 2183 transmutatio,
1887 2118 1970 2173 vel
2008 2118 2321 2174 conversio-

763 2233 780 2264 ι
823 2214 909 2267 nis
938 2209 1280 2266 adumbratio
1309 2208 1380 2274 ",
1415 2226 1435 2260 ι
1472 2208 1617 2262 unde
1641 2216 1801 2277 putas
1829 2208 1946 2277 ipse
1979 2206 2323 2263 distributio-

761 2322 781 2357 ι
822 2319 945 2358 nem
969 2302 1285 2357 divinarum
1312 2300 1612 2370 gratiarum
1643 2299 1801 2354 nobis
1826 2299 1983 2355 ﬁeri?
2024 2299 2211 2355 Herm.
2240 2298 2319 2354 Ex

764 2414 782 2445 ε
826 2393 933 2448 Deo
968 2391 1125 2445 Patre
1154 2391 1381 2446 scilicet.
1416 2388 1587 2459 Cyril.
1621 2386 1762 2455 Quin
1784 2399 1841 2445 et
1870 2391 2077 2446 sanctis
2104 2398 2321 2459 aposto-

762 2509 779 2539 ε
821 2489 888 2541 lis
949 2486 1280 2539 auctoritate
1347 2498 1449 2538 sua
1520 2483 1687 2538 dabat
1748 2482 2003 2539 Christus
2064 2483 2316 2537 virtutem

761 2597 779 2628 ε
816 2586 1005 2631 contra
1036 2574 1261 2643 spiritus
1308 2573 1641 2639 immundos,
1666 2572 1741 2625 ita
1785 2580 1845 2627 ut
1883 2573 2146 2642 ejicerent
2174 2573 2317 2635 illos,

762 2687 780 2720 ε
816 2676 873 2721 et
906 2675 1159 2721 curarent
1193 2679 1385 2719 omnes
1436 2664 1681 2727 morbos,
1716 2673 1772 2717 et
1805 2676 1996 2718 omnes
2027 2663 2317 2732 languorea

761 2778 778 2809 ι
816 2760 871 2811 in
898 2756 1118 2826 p0pulo,
1147 2764 1200 2808 et
1239 2754 1389 2823 quod
1430 2754 1517 2808 his
1550 2753 1906 2809 excellentius
1928 2760 2036 2816 est,
2063 2753 2229 2807 etiam
2258 2759 2318 2806 ut

760 2868 778 2899 ε
813 2855 1039 2917 possent
1083 2846 1258 2915 ipsam
1288 2857 1517 2899 mortem
1548 2846 1766 2899 vincere
1794 2844 2133 2899 divinissime
2162 2858 2315 2913 pra:-

761 2960 777 2989 ι
814 2939 957 3007 repit
990 2937 1179 2991 dicens
1208 2952 1223 2990 :
1277 2954 1296 2987 ι
1330 2935 1581 2990 Inﬁrmus
1610 2944 1819 3000 curate,
1860 2944 1914 2988 et
1948 2942 2196 2988 mortuos
2221 2948 2317 3005 su-

2428 1954 2447 1987 ι
2484 1937 2639 1991 Πᾶσα
2666 1939 2810 2002 δόσις
2832 1941 3027 2015 ἀγαθὴ,
3059 1941 3154 1994 καὶ
3175 1945 3280 1996 τῶν
3293 1943 3520 2015 δώρημα
3547 1946 3753 2000 τέλειον
3777 1947 4006 2002 ἀνωθεν

2428 2030 2601 2081 Han
2626 2031 2955 2085 msaBatvov
2972 2014 3043 2086 ἐκ
3060 2032 3154 2085 τοῦ
3181 2014 3392 2105 Πατρὸς
3411 2014 3520 2089 sint
3541 2036 3755 2103 φώτων,
3786 2038 3927 2109 παρ’
3954 2032 4008 2104 ᾧ

2426 2138 2445 2172 ι
2478 2120 2577 2173 οὐκ
2599 2120 2714 2173 [tm
2748 2122 3071 2192 παραλλαγὴ
3102 2123 3135 2193 ἢ
3164 2126 3371 2195 τροπῆς
3410 2112 3789 2196 ἀίιιοσκίασμα,
3816 2128 3995 2181 πόθεν

2426 2228 2447 2261 ε
2488 2211 2554 2265 ἀν
2586 2211 2771 2281 ᾠήθης
2803 2212 2962 2275 αὐτὸς
2986 2214 3084 2282 τὴν
3130 2214 3240 2267 τῶν
3268 2214 3426 2268 θείων
3466 2218 3599 2285 ἡμῖν
3630 2219 4001 2286 χαρισμάτων

2426 2320 2444 2353 ι
2492 2302 2825 2371 πράττεσθαι
2854 2303 3152 2372 διανομήνς
3203 2306 3491 2373 Ἑρμείας.
3536 2306 3630 2359 Ἕκ
3674 2307 3813 2360 Θεοῦ
3868 2308 4003 2359 Πα-

2426 2407 2445 2440 ι
2496 2390 2895 2467 τρρςιδηλονότι.
2920 2392 3234 2458 Κύριουος.
3260 2394 3367 2446 Καὶ
3394 2394 3499 2462 μὴν
3519 2396 3631 2456 τοῖς
3654 2393 3833 2461 ἁγίοις
3851 2395 4001 2446 ἀει-ιο.

2423 2499 2442 2532 ι
2496 2482 2703 2541 στόλοις
2729 2482 2817 2533 ἐπ’
2840 2480 3089 2545 ἐξουσίας
3120 2482 3289 2535 ἐδίδου
3339 2487 3435 2553 τὴν
3473 2484 3615 2536 κατά
3655 2483 3998 2557 πνευμάτων

2425 2589 2444 2623 ε
2486 2571 2810 2641 ἀκαθάρτων
2839 2572 3151 2626 εὐσθένειαν
3183 2575 3210 2625 ό
3240 2573 3498 2642 Χριστὸς,
3526 2572 3666 2626 ὥστε
3695 2573 3996 2626 ικσάλλειν

2424 2682 2443 2715 ι
2488 2663 2628 2717 αὐτά
2650 2663 2746 2717 καὶ
2774 2663 3099 2731 θεραπεύειν
3128 2664 3312 2716 πᾶσαν
3346 2664 3519 2723 νόσον,
3546 2663 3640 2715 καὶ
3666 2664 3846 2716 πᾶσαν
3876 2681 3996 2731 μα-

2422 2771 2451 2806 ε
2484 2754 2675 2807 λακίαν
2704 2755 2764 2807 εν
2790 2754 2869 2822 τῷ
2900 2753 3034 2822 λαῷ,
3068 2756 3161 2806 καὶ
3189 2756 3253 2805 τὸ
3273 2753 3355 2805 ἔτι
3387 2755 3591 2806 τούτων
3618 2751 3993 2823 ὑπερτεροῦν,

2420 2860 2442 2895 ι
2487 2847 2580 2898 καὶ
2602 2844 3043 2913 αὐτοῦιδύνασθαι
3064 2844 3352 2897 καταθλεῖν
3375 2844 3606 2898 θανάτοιο
3625 2844 3993 2907 διεκελεύετο,

2421 2954 2441 2987 ε
2489 2925 3144 3006 θεοπρετιέσταταῖέγων,
3171 2958 3188 2987 ι
3214 2935 3599 2998 Ἀσθενοῦντας
3630 2936 3995 3006 θεραπεύετε,

758 3048 777 3081 ι
820 3031 1034 3093 scitate,
1068 3030 1319 3096 leprosos
1344 3025 1625 3093 mundate,
1664 3026 1932 3083 daemonia
1963 3024 2147 3093 ejicite
2170 3024 2255 3089 ";
2291 3041 2309 3073 ι

2423 3044 2439 3078 ι
2486 3027 2581 3080 καὶ
2610 3027 2837 3099 νεκροὺς
2866 3027 3128 3096 ιγείρετε,
3162 3026 3395 3095 λεπροὺς
3427 3026 3773 3094 καθαρίζετε,
3794 3026 3997 3094 δαιμό-

759 3141 775 3168 σ
813 3119 1097 3174 confessus
1129 3126 1213 3171 est
1240 3126 1419 3171 autem
1450 3130 1706 3186 perquam
1744 3115 2029 3169 manifeste
2076 3114 2313 3176 Joannes

2423 3135 2440 3168 ι
2487 3134 2575 3171 νια
2598 3116 2910 3181 ἑαὸάλλετε,
2948 3117 2970 3169 ὁ
2997 3116 3371 3186 διωμολότηκί
3404 3132 3465 3169 τε
3499 3117 3591 3170 καὶ
3623 3117 3768 3185 μάλα
3793 3116 3993 3185 σαφῶς

758 3231 773 3261 ε
809 3212 992 3265 dicens
1033 3226 1048 3263 :
1099 3226 1119 3260 ι
1153 3208 1230 3263 De
1265 3208 1601 3278 plenitudiue
1645 3206 1764 3276 ejus
1808 3221 1909 3261 nos
1934 3221 2125 3260 omnes
2156 3221 2313 3261 acce-

2423 3226 2438 3260 l
2482 3210 2511 3261 δ
2543 3208 2840 3275 θεσπέσιοςι
2854 3207 3102 3276 Ἰωάννης
3129 3208 3325 3275 λέγων,
3353 3208 3437 3260 δτι
3474 3226 3495 3258 ε
3520 3208 3613 3260 Ἐκ
3639 3205 3732 3260 τοῦ
3758 3206 3992 3276 πληρώ-

760 3326 776 3353 ε
819 3303 997 3374 pimus
1028 3299 1097 3356 ”.
1168 3319 1186 3352 ι
1249 3298 1459 3353 Donum
1518 3310 1698 3353 autem
1754 3301 1980 3362 bonum,
2017 3308 2073 3351 et
2115 3313 2313 3350 munus

2423 3318 2438 3352 ι
2489 3316 2655 3369 ματος
2689 3300 2854 3351 αὑτοῦ
2878 3301 3077 3362 πάντες
3106 3301 3267 3369 ἡμεῖς
3316 3300 3605 3369 ὲλάσομεν.
3636 3316 3656 3350 ι
3685 3325 3689 3328 -
3717 3301 3874 3360 Δόσις
3935 3299 3993 3350 δὲ

759 3414 777 3446 ε
816 3393 1113 3464 perfectum
1154 3391 1331 3445 eritne
1372 3389 1518 3446 aliud
1561 3389 1863 3458 quidpiam,
1899 3388 2050 3457 quod
2103 3387 2199 3440 tibi
2236 3388 2313 3438 vi-

2423 3408 2438 3441 t
2486 3388 2665 3459 ἀγαθὴ
2691 3391 2781 3441 καὶ
2804 3388 3032 3458 δώρημα
3061 3389 3263 3441 τέλειον
3293 3390 3379 3457 ειη
3414 3389 3479 3441 ἀν
3504 3388 3691 3458 Ξτερόν
3736 3404 3809 3454 τι,
3839 3387 3997 3440 κατά

760 3504 777 3535 ι
820 3486 999 3546 detur,
1054 3497 1216 3551 quam
1272 3480 1591 3550 participem
1640 3480 1757 3533 lieri
1818 3480 2058 3547 Spiritus
2100 3478 2314 3531 sancti?

2423 3500 2440 3533 t
2484 3497 2546 3549 γε
2569 3482 2633 3547 τὺ
2662 3479 2808 3549 αὐτῷ
2840 3496 2925 3532 σοι
2952 3480 3165 3543 δοκοῦν,
3188 3481 3328 3549 πλὴν
3357 3482 3439 3533 ὅτι
3468 3496 3547 3532 τοι
3570 3480 3630 3531 τὸ
3660 3479 3993 3548 μεταλαχεῖν

758 3595 785 3627 ι
823 3574 1009 3629 Herm.
1034 3572 1189 3627 Nullo
1216 3574 1399 3626 modo.
1421 3570 1593 3639 οντα.
1622 3570 1855 3624 Proinde
1884 3572 2024 3633 vide,
2062 3570 2310 3630 obsecro.

758 3685 776 3716 ε
818 3668 1011 3729 amice,
1034 3667 1198 3719 etiam
1230 3678 1297 3717 ex
1334 3664 1420 3715 his
1450 3660 1648 3715 Filium
1682 3664 1963 3732 proprium
1988 3677 2148 3716 suum
2180 3662 2313 3719 insi-

761 3774 777 3804 ε
826 3766 958 3817 tum,
992 3756 1063 3808 ita
1094 3762 1153 3808 ut
1175 3768 1278 3805 non
1314 3752 1626 3825 adjiciatur,
1655 3750 1917 3820 Spiritum
1953 3763 2228 3817 sanctum,
2262 3764 2316 3809 et

758 3862 776 3893 ι
818 3858 915 3911 per
970 3858 1131 3911 quem
1166 3856 1327 3895 omne
1372 3842 1574 3895 donum
1620 3841 1825 3894 bonum
1860 3849 1962 3895 est.
2001 3841 2139 3893 Nam
2171 3854 2317 3909 post-

762 3954 779 3983 ι
815 3949 979 4003 quam
1010 3936 1307 3987 resurrexit
1334 3934 1613 3987 destructa
1642 3933 2015 4001 corruptione,
2056 3930 2316 3989 rint-uiis-

762 4046 779 4077 ε
815 4039 924 4093 que
975 4024 1165 4078 mortis
1209 4023 1458 4092 abjectis,
1499 4023 1765 4078 reducens
1805 4038 1904 4078 nos
1953 4027 2018 4079 ad
2074 4024 2316 4080 sanctifi-

2419 3591 2439 3624 ε
2484 3573 2639 3640 ἁγίου
2658 3572 2971 3641 Πνεῦματος
2996 3587 3011 3637 ;
3040 3572 3335 3640 Ἑρμείας.
3356 3571 3640 3637 Οὐδαμῶς.
3663 3571 3994 3637 Κύριλλος.

2420 3684 2438 3717 ι
2488 3666 2676 3734 ’Δθρει
2700 3665 2763 3735 δὴ
2795 3658 2889 3717 οὖν
2922 3666 3014 3718 καὶ
3040 3665 3127 3716 διά
3151 3664 3377 3733 τούτων,
3410 3656 3454 3715 ὦ
3483 3664 3617 3732 ἡμῖν
3650 3663 3896 3731 φιλότης,
3934 3663 3994 3725 ἐξ

2421 3775 2439 3808 ι
2487 3756 2620 3810 ίδίου
2636 3755 3024 3828 ξπληρώματος
3058 3758 3315 3824 προϊέντα
3341 3754 3433 3809 τὸν
3464 3754 3591 3807 Υίδν
3622 3754 3683 3806 τὸ
3720 3753 3849 3806 ἴδιον
3887 3756 3996 3807 ati-

2420 3869 2441 3901 ε
2484 3849 2600 3914 τοῦ,
2633 3850 2725 3901 καὶ
2753 3846 3139 3917 ἀναποὸλήτως
3186 3846 3505 3917 ἐμπεφυκὸς
3552 3846 3706 3914 ἅγιον
3734 3846 3991 3915 Πνεῦμα,

2420 3960 2440 3993 ι
2486 3940 2556 3994 δι’
2589 3935 2649 3993 οὖ
2684 3942 2831 3993 πᾶσα
2860 3939 3007 4000 δόσις
3050 3937 3253 4007 ἀγαθή,
3292 3938 3448 3990 Ἐπεὶ
3479 3936 3588 4005 γάρ
3638 3935 3855 4001 ἀνεϐίω,
3893 3953 3998 3987 κα-

2423 4050 2443 4083 ι
2488 4030 2852 4105 ταλύσαςιτὴν
2882 4028 3108 4097 φθορὰν,
3139 4031 3233 4081 οιαὶ
3268 4030 3377 4089 τοῖς
3428 4024 3554 4095 τοῦ,
3585 4026 3819 4079 θανάτου
3868 4026 3997 4077 δεσυ

762 4132 779 4164 ι
816 4113 1085 4167 cationem
1121 4120 1174 4164 et
1221 4112 1531 4179 primaevam
1563 4120 1772 4165 natura:
1820 4112 2272 4181 pulchritudinem
2298 4151 2314 4177 ,

2424 4142 2443 4175 ε
2489 4125 2612 4191 μοῖς
2662 4120 2937 4189 ὲρρωσθαι
3003 4118 3240 4189 φράσας,
3262 4119 3638 4189 ⁸ἁνιίικομίζων
3701 4116 3847 4186 ἡμᾶς
3915 4120 3997 4179 είς

760 4223 775 4253 ε
815 4201 1277 4272 quemadmodum
1324 4203 1377 4255 in
1406 4202 1685 4271 principio.
1704 4204 1915 4271 generis
1945 4204 2169 4262 humani
2214 4213 2317 4257 tra-

2423 4229 2442 4261 ι
2484 4212 2762 4278 ἀγιασμὸν
2790 4212 2883 4261 καὶ
2910 4209 2974 4261 τὸ
2995 4196 3225 4278 ἀρχαῖον
3254 4211 3351 4278 τῆς
3386 4207 3600 4275 φύσεως
3652 4208 3875 4279 καλλος,
3901 4225 4000 4261 κα·

764 4315 780 4345 ε
818 4296 953 4347 dens
1006 4293 1274 4361 apostolis
1326 4291 1618 4348 insumavit
1677 4294 1731 4346 in
1786 4292 1979 4347 faciem
2016 4309 2201 4348 eorum
2233 4295 2317 4348 di-

2423 4322 2441 4354 ι
2490 4303 2669 4373 θάπερ
2694 4306 2749 4355 ἐν
2775 4304 2999 4372 ἀπαρχῇ
3032 4302 3126 4354 τοῦ
3156 4303 3347 4370 γένους
3395 4302 3633 4363 ἀντιθεὶς
3688 4303 3801 4363 τοῖς
3854 4304 3997 4355 ἀπο·

770 4406 787 4434 ε
828 4400 957 4438 cens
992 4402 1004 4436 :
1057 4402 1075 4434 ι
1108 4383 1347 4452 Accipite
1389 4383 1653 4452 Spiritum
1700 4394 1950 4438 sanctum
1992 4384 2062 4438 ³⁸.
2106 4402 2124 4435 ι
2162 4384 2315 4449 Quod

2423 4411 2443 4445 r
2491 4394 2718 4459 στόλοις,
2737 4393 3068 4462 ἐνεφύσησεν
3090 4396 3169 4456 είς
3192 4393 3250 4445 τὸ
3268 4394 3556 4463 πρόσωπον
3578 4393 3759 4446 αὐτῶν
3780 4393 3838 4445 λέ
3852 4410 3961 4460 των
3980 4410 3996 4423 ⁸

764 4494 781 4526 ε
821 4475 866 4527 si
911 4485 993 4528 est
1040 4488 1275 4541 superne
1324 4484 1378 4526 et
1423 4490 1451 4526 a
1506 4472 1665 4527 Patre
1710 4488 1871 4535 omne
1912 4475 2113 4529 donum
2146 4474 2319 4545 perfe-

2428 4501 2446 4534 ι
2492 4483 2701 4537 Λάϐετε
2730 4484 2952 4552 Πνεῦμα
2998 4484 3172 4551 ἅγιον.
3202 4503 3219 4534 ε
3266 4483 3406 4536 Ἀλλ’
3437 4484 3594 4553 εἴπερ
3612 4484 3759 4537 ἐστὶν
3786 4484 3998 4547 ἄνωθέν

760 4589 777 4618 ε
814 4579 987 4629 ctum,
1014 4576 1271 4636 cperatur
1307 4575 1489 4619 autem
1526 4567 1718 4620 horum
1747 4567 2185 4622 distributionem
2216 4583 2320 4621 non

2423 4594 2443 4627 ε
2492 4591 2553 4627 τε
2584 4577 2679 4628 καὶ
2738 4577 2887 4645 παρὰ
2921 4574 3015 4626 τοῦ
3072 4576 3283 4645 [ἰατρὸς
3341 4578 3449 4630 πᾶν
3480 4576 3714 4647 δώρημα
3765 4577 3996 4641 τέλειον,

760 4679 779 4711 ε
821 4668 879 4713 ιιι
906 4660 1153 4712 minister
1186 4658 1375 4720 Filius,
1410 4658 1512 4711 sed
1540 4659 1868 4712 auctoritate
1910 4659 2090 4726 potius
2115 4660 2319 4724 divina,

2426 4684 2445 4718 ε
2490 4666 2705 4735 ἑνεργεῖ
2733 4665 2790 4717 δὲ
2818 4666 2917 4733 τὴν
2940 4665 3148 4717 τούτων
3178 4659 3447 4733 διανομὴν
3499 4668 3561 4718 οὐ
3613 4667 3944 4727 διακονικῶς
3972 4668 3999 4717 ό

759 4770 777 4800 ι
819 4764 1053 4819 quonam
1094 4750 1252 4815 modo
1286 4758 1469 4818 postea
1513 4749 1777 4813 cessabit,
1814 4757 1873 4802 ut
1919 4764 2029 4802 non
2064 4750 2135 4804 sit
2178 4748 2322 4819 quod

2425 4773 2443 4806 ι
2490 4755 2638 4819 Υἱὸς,
2666 4758 2725 4807 ὲν
2774 4754 2989 4823 ἐξουσίᾳ
3034 4754 3090 4807 δὲ
3146 4756 3346 4823 μᾶλλον
3379 4759 3445 4826 τῇ
3500 4755 3819 4825 θεοπρεπεί,
3856 4758 4001 4809 κατά

762 4861 779 4893 ε
816 4844 898 4895 cst
921 4842 1217 4897 secundum
1250 4850 1522 4905 naturam,
1580 4840 1632 4893 id
1666 4843 1811 4909 quod
1858 4850 1942 4896 est
1973 4842 2042 4904 is,
2072 4843 2163 4911 Qui
2197 4856 2322 4895 eum

2426 4864 2445 4897 ι
2490 4846 2615 4899 τίνα
2646 4844 2711 4913 δὴ
2739 4846 2848 4913 ἄρα
2899 4843 3101 4905 λοιπὸν
3139 4843 3435 4912 ἀφεστήξει
3491 4845 3727 4912 τρόπον,
3775 4844 3873 4895 τοῦ
3925 4846 4001 4913 μὴ

759 4953 777 4985 ι
810 4935 1023 5003 genuit,
1080 4948 1239 4985 verus
1293 4933 1501 4987 scilicet
1551 4932 1717 4997 Deus,
1749 4943 1802 4986 et
1858 4949 1961 4986 non
1995 4934 2316 4988 adulterinis

2428 4957 2445 4989 ι
2489 4933 2627 4991 εἶναι
2659 4940 2797 4989 κατὰ
2828 4936 2988 5005 φύσιν
3006 4935 3150 4988 τοῦθ’
3169 4936 3308 5004 ὅπερ
3358 4934 3504 4987 ἐστὶν
3538 4936 3566 4985 ό
3611 4937 3878 5005 γεννήσας
3900 4939 4002 4989 αὺ-

760 5045 777 5075 ι
814 5024 1143 5092 quibusdam
1200 5022 1501 5077 honoribus
1556 5021 1721 5075 veluti
1780 5022 1835 5074 in
1886 5023 2067 5075 tabula
2122 5020 2317 5084 obuiu-

2430 5046 2448 5078 ι
2492 5028 2605 5087 τὸν,
2636 5027 2889 5096 ἀληθινὸς
2932 5027 3172 5095 δηλονότι
3206 5026 3359 5089 Θεὸς,
3406 5025 3499 5077 καὶ
3534 5026 3595 5077 οὐ
3637 5026 3809 5096 νόθοις
3864 5025 3999 5090 τισὶ,

762 5137 776 5163 ι
822 5124 1023 5167 brutus.
1065 5133 1084 5165 ι
2434 5137 2452 5169 ι
2498 5118 2747 5187 καθάπερ
2793 5121 2850 5171 ὲν
2886 5119 3075 5171 πίνακι
3109 5116 3614 5187 κατακεχρισμὲνος
3644 5118 3832 5184 τιμαῖς
3858 5132 3874 5181 ;
3902 5133 3923 5165 ι

3025 5210 3403 5263 Ἐπιστασία.
3448 5212 3455 5215 “

2507 5320 2526 5351 ι
2563 5300 2849 5368 Νουνεχῶς
2879 5300 3110 5353 ἄκουσον
3158 5298 3363 5352 ἄνωθεν
3397 5300 3493 5368 μὶν
3541 5294 3681 5351 εἶναι
3726 5295 3879 5367 παρὰ
3904 5297 3999 5350 τοῦ

2438 5410 2455 5442 ι
2497 5391 2708 5458 Harpe;
2770 5392 2893 5461 πᾶν,
2930 5391 3159 5462 δώρημα
3206 5390 3450 5455 τέλειον,
3504 5392 3752 5459 ἐνεργεῖν
3798 5388 3860 5441 δὲ
3899 5388 4002 5457 τὴν

2440 5500 2459 5533 ι
2499 5485 2703 5533 τούτων
2731 5481 3015 5550 διανομὴν
3047 5481 3140 5533 τὸν
3200 5480 3349 5547 Υίὸν,
3407 5481 3467 5532 οὑ
3500 5477 3845 5546 διακονικῶς,
3884 5478 4002 5533 ἀλλ’

2443 5589 2461 5622 ι
2501 5569 2945 5633 ὲξουσιαστικῶς,
2977 5569 3050 5632 ὠς
3076 5570 3225 5624 Θεόν.
3260 5588 3281 5621 ›

1312 5204 1542 5258 Αηὶιηαά
1551 5205 1739 5258 venia.

830 5316 848 5347 ε
890 5298 1113 5352 Attento
1139 5298 1493 5373 unimodicta
1524 5298 1897 5361 considerato,
1938 5299 2169 5365 desuper
2204 5312 2326 5351 esse

767 5411 780 5437 ι
824 5408 853 5443 a
880 5388 1041 5443 Patre
1061 5404 1223 5442 omne
1254 5403 1456 5443 munus
1487 5387 1810 5459 perfectum,
1834 5403 2023 5441 eorum
2054 5404 2179 5443 vero
2211 5388 2325 5441 dis-

767 5502 780 5530 ι
822 5480 1168 5533 tributionem
1214 5479 1412 5534 Filium
1441 5495 1558 5557 'non
1614 5480 1689 5533 uti
1737 5480 2073 5545 ministrum,
2108 5480 2197 5533 sed
2232 5494 2327 5531 an-

765 5594 781 5621 ι
825 5571 1069 5626 ctoritale
1092 5588 1189 5626 sua
1224 5572 1301 5626 uti
1328 5570 1499 5626 Deum
1530 5571 1767 5639 operari.
1808 5590 1823 5621 ι

832 5750 1085 5803 "Jarnb.
1123 5767 1157 5816 t,
1195 5750 1284 5807 l7.
1361 5752 1406 5784 ⁸⁸
1430 5750 1615 5804 Matth.
1660 5765 1711 5813 χ,
1744 5750 1796 5802 8.
1875 5748 2101 5803 “Junii.
2126 5765 2169 5812 t,
2202 5747 2282 5802 ιϐ.
2381 5745 2423 5776 ⁵ο
2448 5742 2604 5799 Juan.
2650 5760 2735 5799 xx.
2770 5745 2860 5799 2‘2.
