4148 6448
712 390 817 453 535
1723 405 1932 466 ῙΟΑΝ.
1968 408 2182 468 VECCI
2222 411 2272 469 ρ]

2372 416 2881 482 ΡΑΤΗῙΑΒΟΗΒ
3823 428 3947 495 5⁸ἴῦ

719 520 737 551 ε
780 501 958 571 telligo
1007 505 1073 558 ad
1106 515 1325 562 sanctos
1378 511 1652 578 apostolos
1702 512 1954 581 proferri.
2011 535 2029 567 ε
2088 519 2272 574 Adhuc

2387 543 2407 578 t
2444 531 2556 592 τοῖς
2588 512 2764 598 ἁγίοις
2806 544 3124 599 αποστόλοις
3154 553 3169 569 θ
3224 558 3243 591 ι
3286 540 3403 592 Ἔτι
3448 537 3616 592 πολλὰ
3668 538 3776 608 (xor
3804 538 3946 607 ὑμῖν

715 611 735 642 ε
779 594 949 648 multa
990 595 1163 651 habeo
1188 598 1341 653 vobis
1372 599 1573 665 dicere,
1606 604 1697 656 sed
1730 619 1837 658 non
1868 608 2097 675 potestis
2138 624 2266 677 por-

2382 635 2399 666 ε
2439 594 2647 685 λέγειν,
2675 621 2791 675 ἀλλ’
2811 624 2871 675 ού
2904 594 3133 678 δύνασθε
3163 627 3449 696 βαστάζειν
3474 630 3620 696 ἄρτι.
3670 594 3949 680 ’ὃταίδᾶ

712 702 731 734 ε
773 694 890 739 tare
920 687 1081 741 modo
1108 687 1156 722 "
1181 704 1196 741 :
1237 708 1256 740 ι
1289 719 1359 729 -—
1389 708 1409 741 ι
1445 706 1567 745 cum
1590 708 1714 747 vero
1740 697 1948 752 venerit
1995 698 2084 753 ille
2111 698 2271 752 Para-

2378 722 2397 755 t
2437 704 2563 777 ἔλθῃ
2598 710 2801 771 ἐκεῖνος
2835 714 2862 764 6
2891 687 3249 785 Παράκλητος
3288 687 3361 767 τὺ.
3389 687 3609 784 Πνεῦμα
3654 719 3753 784 τῆς
3802 715 3944 783 ἀλη-

715 792 734 822 ε
781 774 972 839 cletus,
1010 774 1245 845 Spiritus
1303 780 1635 844 veritatis",
1699 802 1717 833 ι
1753 786 2021 840 conducet
2071 804 2166 841 vos
2215 789 2267 841 in

715 884 733 917 ε
780 880 996 919 omnem
1026 869 1344 923 veritatem:
1385 889 1404 920 ι
1457 887 1563 925 non
1593 875 1734 927 enim
1780 890 1844 930 ex
1891 892 1949 931 se
1998 878 2265 946 loquetur,

711 975 730 1006 ε
776 962 868 1010 sed
899 973 1236 1030 quacunque
1280 962 1460 1015 audiet
1491 962 1762 1030 loquetur,
1794 976 1846 1020 et
1891 983 2012 1037 quae
2044 978 2266 1022 ventura

712 1066 729 1095 ε
774 1055 921 1112 sunt,
956 1050 1300 1104 annuntiabit
1332 1052 1506 1105 vobis.
1536 1053 1631 1106 Ille
1660 1071 1741 1108 me
1761 1056 2099 1124 gloriﬁcabit,
2137 1058 2264 1126 quia

712 1158 729 1186 ε
786 1140 849 1192 de
868 1153 987 1192 meo
1022 1141 1269 1211 accipiet,
1306 1151 1371 1199 et.
1389 1144 1731 1197 annuntiabit
1791 1147 1943 1200 vobis
1966 1149 2033 1199 ".
2075 1166 2093 1197 ι
2153 1149 2265 1199 Λιι-

712 1247 731 1274 ε
784 1243 889 1281 non
918 1229 1013 1282 tibi
1037 1230 1147 1298 jam
1181 1240 1327 1300 patet
1355 1234 1497 1301 quod
1528 1244 1683 1289 antea
1736 1238 1956 1290 allatum
2011 1248 2093 1291 est
2147 1238 2261 1292 elo-

710 1337 727 1361 σ
777 1319 1007 1387 quium?
1057 1320 1221 1377 Vides
1278 1322 1539 1393 Spiritum
1624 1329 1866 1381 veritatis
1924 1330 2261 1386 Paracletum

708 1426 727 1456 ε
780 1413 1158 1480 nuncupasse?
1188 1413 1244 1467 id
1279 1429 1406 1467 vero
1428 1416 1683 1477 insinuat.
1717 1434 1838 1471 cum
1870 1434 1935 1471 ex
1965 1417 2120 1473 Patre
2142 1433 2267 1488 pro-

705 1514 728 1547 ‹
780 1499 953 1566 gredi,
994 1516 1335 1573 quacunque
1382 1505 1559 1561 Patris
1589 1517 1733 1562 sunt.
1766 1509 1867 1564 sibi
1904 1511 2116 1580 propria
2144 1524 2264 1566 esse

706 1605 727 1638 ι
773 1589 1146 1648 manifestans.
1180 1614 1199 1646 ε

1280 1689 1701 1745 Animadversio.

778 1790 798 1825 ε
839 1772 939 1829 Hic
975 1790 1167 1829 rursus
1228 1776 1469 1847 Spiritus
1522 1783 1958 1850 progressionem
2000 1800 2066 1839 ex
2104 1786 2261 1841 Patre

711 1881 729 1913 ι
775 1863 930 1918 docet
961 1881 975 1917 :
1005 1844 1283 1935 proprium
1313 1883 1441 1924 vero
1474 1844 1704 1924 ill—um‘et
1736 1870 1857 1925 Filii
1879 1874 2093 1937 asserit,
2119 1875 2259 1945 quod
2294 1844 2335 1900 Β

707 1969 726 2001 ε
774 1956 932 2009 unius
960 1956 1315 2023 ejusdemque
1347 1972 1469 2011 cum
1507 1960 1597 2015 illo
1627 1969 1832 2015 natura
1859 1970 1964 2016 est.
2006 1982 2023 2013 ι

1395 2144 1685 2214 Refutatio.

772 2252 1236 2317 Quemadmodum
1278 2267 1443 2311 antea
1496 2261 1701 2329 digesta
1748 2261 2001 2329 pericope
2043 2271 2260 2331 prapter

699 2342 1032 2401 identitatem
1066 2346 1346 2402 eﬂ'usionis
1376 2358 1430 2402 et
1458 2352 1822 2417 processionis
1846 2353 2167 2406 ostendebat
2192 2368 2259 2407 ex

698 2435 860 2490 Patre
886 2446 941 2491 et
973 2436 1112 2492 Filio
1136 2453 1255 2494 esse
1301 2438 1561 2509 Spiritum
1592 2459 1606 2493 :
1641 2445 1839 2495 etenim
1905 2442 1949 2496 si
1982 2444 2122 2498 idem
2176 2452 2259 2497 est

698 2529 755 2583 in
801 2528 959 2586 Patre
1010 2532 1211 2587 edundi
1264 2544 1318 2588 et
1350 2536 1671 2604 procedere.
1704 2553 1873 2606 quare
1909 2552 2015 2591 non
2047 2540 2149 2592 erit
2191 2554 2258 2592 ex

701 2632 941 2689 utroque
987 2624 1131 2690 quod
1166 2638 1232 2678 ex
1292 2635 1521 2695 utroque
1553 2626 1885 2683 eﬂ‘unditur?
1917 2628 2038 2683 Pari
2098 2631 2257 2684 modo

696 2723 773 2775 et,
808 2728 929 2781 qua
969 2730 1114 2768 nunc
1139 2714 1299 2769 allata
1335 2725 1440 2782 est,
1473 2718 1575 2772 hoc
1619 2719 1760 2773 idem
1795 2728 2078 2785 monstrat,
2131 2736 2253 2773 cum

696 2803 838 2856 enim
861 2814 1081 2860 sanctus
1110 2809 1452 2876 interrogans
1482 2812 1626 2867 dicat
1658 2826 1670 2860 :
1704 2810 1840 2864 Num
1868 2812 2050 2867 vidisti
2085 2811 2259 2880 Spiri-

696 2907 812 2951 tum
848 2898 1094 2953 veritatis
1125 2898 1466 2955 Paracletum
1500 2904 1884 2969 nuncupasse?
1926 2903 1982 2959 ω
2016 2919 2145 2958 vero
2176 2905 2257 2957 iu-

694 2990 894 3052 sinuat,
922 3002 1045 3043 cum
1078 2990 1153 3042 ait
1181 3005 1305 3045 eum
1335 3007 1399 3045 ex
1440 2992 1599 3047 Patre
1629 2994 1900 3063 progredi.
1932 2993 2083 3060 Quod
2107 2996 2253 3050 enim

697 3079 944 3134 Salvator
998 3086 1294 3147 procedere,
1357 3084 1605 3153 progredi
1648 3094 1872 3140 sanctus
1930 3086 2250 3150 nominavit,

2376 815 2395 847 ε
2435 798 2607 862 θείας,
2644 800 2899 871 ὁδηγήσει
2951 804 3097 873 ὑμᾶς
3151 808 3229 869 εἰς
3278 809 3457 861 πᾶσαν
3501 807 3601 877 τὴν
3649 806 3940 877 ἀλήθειαν.

2375 904 2394 937 σ
2438 888 2511 943 Οὺ
2553 890 2662 960 γὰρ
2695 892 2917 960 λαλήσει
2964 894 3059 963 ἀφ’
3088 896 3305 962 ἑαυτοῦ,
3350 896 3466 950 ἀλλ’
3490 898 3604 951 ὅσα
3630 896 3696 949 ἂν
3720 897 3938 967 ἀκούσῃ

2374 995 2394 1028 ι
2436 979 2815 1057 λαλήσει,μκαὶ
2848 984 2913 1038 τὰ
2934 986 3204 1055 ἐρχόμενα
3235 988 3532 1054 ἀναγγελεῖ
3552 988 3710 1054 ὑμῖν.
3754 984 3935 1039 Ἐκεῖ-

2374 1087 2393 1120 ι
2433 1087 2519 1129 νος
2550 1072 2649 1141 ἐμὲ
2697 1072 2932 1139 δοξάσει,
2982 1077 3063 1128 ὅτι
3105 1078 3169 1128 ἐκ
3210 1077 3306 1129 τοῦ
3360 1076 3494 1147 ἐμοῦ
3550 1077 3804 1146 λήψεται,
3837 1080 3939 1130 καὶ

2372 1181 2391 1211 ε
2433 1163 2720 1229 ἀναγγελεῖ
2736 1166 2881 1234 ὑμῖν,
2911 1183 2931 1216 ι
2958 1160 3104 1237 Ἀρά
3125 1185 3206 1220 σοι
3235 1170 3401 1235 σαφὲς
3439 1169 3498 1220 τὸ
3523 1168 3817 1237 παροισθέν
3844 1184 3934 1220 σοι

2372 1270 2392 1303 ε
2433 1239 2649 1319 λόγιον;
2690 1257 2797 1307 Καὶ
2830 1258 3226 1326 προσδιδορκας
3255 1258 3335 1311 ὅτι
3385 1258 3606 1326 Πνεῦμα
3650 1258 3749 1326 μὶν
3791 1258 3937 1326 ἁλη-

2373 1364 2391 1395 ε
2433 1345 2581 1407 θείας
2609 1348 2965 1415 κατωνόμασε
2994 1348 3084 1400 τὸν
3118 1349 3475 1419 Παράκλητον
3502 1364 3517 1413 ;
3555 1349 3698 1417 Ἔφη
3729 1364 3791 1415 γε
3822 1348 3937 1417 μὴν

2373 1454 2390 1486 ι
2432 1436 2505 1497 ὡς
2532 1437 2810 1506 πρόσεισιν
2835 1438 2898 1489 ιιι
2922 1437 3154 1508 Πατρδς,
3193 1438 3303 1491 [δια
3343 1439 3521 1491 πάντα
3556 1434 3771 1500 δεικνὺς
3800 1438 3937 1489 ἑαυ-

2374 1546 2391 1577 t
2433 1526 2525 1579 τοῦ
2548 1528 2613 1579 τὸ,
2638 1529 2733 1581 τοῦ
2764 1530 2998 1592 Πατρός.
3035 1549 3054 1582 ε

2962 1718 3335 1772 ἐπιστασία.

2438 1822 2457 1853 ε
2505 1802 2764 1856 Ἐνταῦθα
2787 1803 2841 1857 δδ
2872 1803 3034 1858 πάλιν
3063 1806 3163 1875 τὴν
3184 1806 3409 1877 πρόοδον
3435 1806 3533 1876 μὲν
3555 1801 3646 1859 τοῦ
3676 1804 3934 1872 Πνεῦμα-

2374 1916 2392 1948 ε
2430 1913 2519 1958 τος
2548 1896 2787 1949 διδάσκει
2824 1897 2885 1950 ἐκ
2917 1896 3008 1948 τοῦ
3042 1897 3273 1967 Πατρὸς,
3324 1898 3453 1952 ῐδιον
3489 1896 3547 1951 δὲ
3597 1896 3733 1953 αὐτὸ
3773 1896 3932 1964 λέγει

2371 2006 2390 2038 ι
2430 1989 2521 2040 καὶ
2564 1985 2659 2039 τοῦ
2708 1986 2840 2040 Υῖοῦ
2886 1987 2975 2041 διὰ
3016 1987 3077 2040 τδ
3126 1990 3257 2057 μιᾶς
3313 1990 3408 2043 καὶ
3460 1987 3561 2057 τῆς
3585 1987 3756 2055 αὐτῆς
3784 1985 3930 2040 εἶναι

2371 2096 2389 2127 ε
2429 2078 2660 2147 φύσεως.
2711 2096 2729 2128 ι

2956 2170 3317 2238 Ἀντίρῤησις
3329 2209 3343 2223 .

2436 2286 2646 2350 Ὠσπερ
2682 2285 2716 2353 ἡ
2748 2276 3123 2353 προρρηθεῖσα
3166 2281 3441 2352 περικοπὴ
3483 2282 3569 2336 διὰ
3600 2283 3701 2351 τῆς
3731 2283 3936 2335 ταυτόο

2360 2393 2521 2444 τητος
2558 2374 2649 2427 τοῦ
2702 2374 3019 2445 προχεῖσθαι
3066 2375 3160 2427 καὶ
3236 2372 3626 2442 ἐκπορεύεσθαι
3686 2372 3929 2425 ἐδείκνυε

2360 2469 2422 2517 τὸ
2455 2468 2519 2518 ὲκ
2564 2466 2777 2534 Πατρδς
2833 2464 2927 2516 καὶ
2979 2462 3112 2516 Υῐοῦ
3165 2459 3305 2515 εἶναι
3352 2462 3412 2513 τδ
3446 2458 3688 2528 Πνεῦμω
3732 2462 3780 2510 εἰ
3816 2459 3932 2527 γὰρ

2359 2556 2555 2608 ταυτὸν
2583 2556 2674 2607 επὶ
2706 2552 2800 2607 τοῦ
2859 2552 3173 2621 Πνεύματος
3223 2552 3285 2604 τὸ
3316 2548 3635 2620 προχεῖσθαι
3680 2550 3776 2600 καὶ
3824 2549 3929 2600 ἐκ·

2361 2645 2703 2710 πορεύεσθαι,
2764 2644 2882 2706 πῶς
2933 2644 3033 2696 οὐκ
3095 2642 3155 2707 ἐξ
3182 2643 3385 2710 ἀμφοῖν
3444 2641 3503 2694 τὸ
3557 2638 3929 2708 προχεόμενου

2359 2740 2420 2803 ἐξ
2448 2740 2651 2817 ἀμφοῖν
2671 2756 2683 2801 ;
2703 2736 2847 2791 οὕτω
2910 2736 3006 2789 καὶ
3034 2737 3068 2804 ἡ
3099 2734 3194 2787 νῦν
3226 2726 3452 2803 ρηθείσα
3480 2730 3752 2799 περικοπὴ
3780 2730 3931 2780 ἀπο-

2357 2831 2592 2884 δεικνύει
2621 2831 2683 2881 τὸ
2710 2828 2863 2890 αὐτὸ,
2892 2827 2989 2880 τοῦ
3016 2826 3172 2893 ἁγίου
3202 2825 3324 2901 κατ’
3353 2823 3623 2891 ἐρώτησιν
3640 2819 3925 2886 λέγοντος.

2356 2920 2503 2994 *Αρα
2530 2920 2947 2993 προσδεδορκας,
2976 2918 3060 2971 δτι
3092 2915 3316 2981 Πνεῦμα
3339 2915 3441 2985 μὲν
3454 2913 3712 2982 ἀληθείας
3742 2928 3928 2965 κατω-

2356 3016 2562 3083 νόμασε
2609 3014 2700 3066 τδν
2736 3010 3123 3082 Παράχλητον;
3158 3007 3301 3077 Ἔφη
3330 3022 3395 3074 γε
3419 3004 3524 3075 μὴν
3558 3004 3634 3067 ὡς
3679 3005 3931 3074 πρόεισιν

2357 3107 2421 3159 εκ
2452 3102 2678 3171 Πατρός.
2701 3104 2767 3155 ’⁸0
2795 3101 2900 3171 γὰρ
2920 3099 3321 3167 ἐκπορεύεται,
3348 3098 3377 3149 6
3401 3095 3590 3165 Σωτὴρ
3619 3093 3747 3163 ἔφη,
3772 3097 3928 3162 πρό-

697 3169 906 3225 nullum
933 3171 1075 3229 inter
1099 3172 1262 3229 hasce
1295 3173 1565 3228 dictiones
1598 3176 1891 3234 discrimen
1928 3184 2247 3246 agnoscens.

2365 3212 2509 3251 ςισιν
2537 3169 2748 3261 όήᾶγιος
2778 3169 2922 3255 εἷπε,
2958 3188 3125 3261 μηδὲν
3151 3188 3395 3255 οἰόμενος
3425 3185 3706 3256 διαφέρειν
3757 3185 3927 3254 ἀλλή-

694 3379 781 3433 Ea:
809 3380 986 3434 eodem
1018 3378 1088 3435 ad
1121 3377 1395 3435 Hermian:
1437 3388 1666 3435 tractatu
1706 3382 1769 3435 de
1794 3381 2001 3443 Spiritu
2044 3395 2254 3441 sancto.

764 3564 970 3624 XCVII.
1010 3586 1029 3619 ι
1054 3568 1131 3623 Ita
1152 3579 1253 3632 est,
1283 3568 1360 3624 ait
1385 3586 1400 3624 :
1430 3570 1595 3625 Deum
1625 3571 1945 3640 agnovimus
1972 3571 2179 3627 Patrem
2204 3583 2259 3629 et

701 3682 718 3710 ε
765 3657 984 3723 Filium,
1030 3666 1087 3713 at
1116 3673 1222 3714 non
1268 3660 1393 3712 item
1442 3658 1722 3730 Spiritum.
1756 3658 1955 3715 Verum
2003 3678 2100 3716 nos
2149 3678 2256 3715 non

704 3770 722 3804 ι
780 3751 927 3813 illos,
962 3750 1054 3817 qui
1087 3759 1266 3805 mente
1299 3751 1554 3805 excaacati
1588 3758 1740 3814 sunt,
1778 3751 1830 3803 in
1864 3751 2097 3805 medium
2129 3751 2258 3806 aﬂ‘e-

691 3849 717 3894 ἐ
781 3855 983 3895 remus.
1010 3838 1124 3891 Non
1144 3840 1287 3893 enim
1325 3839 1613 3907 spiritibus
1640 3839 1947 3903 erronibus,
2010 3849 2070 3894 ut
2119 3840 2260 3895 Scri-

702 3955 718 3984 ε
767 3943 923 4002 ptura
969 3932 1063 3993 ait,
1093 3932 1453 3995 attendemus,
1494 3933 1677 3987 inesse
1704 3947 1834 3986 vero
1882 3933 2084 4003 potius,
2119 3945 2173 3988 et
2203 3935 2254 3987 i'n

704 4044 721 4073 ε
780 4023 888 4078 Deo
910 4022 1174 4077 exsistere
1197 4023 1561 4077 essentialiter
1582 4021 1840 4088 Spiritum
1869 4032 2115 4079 sanctum
2137 4038 2255 4078 cre-

703 4137 721 4166 ε
768 4116 981 4179 demus,
1024 4114 1481 4181 quemadmodum
1513 4123 1568 4167 et
1609 4114 1662 4167 in
1693 4115 1906 4168 homine
1940 4116 2258 4167 humanum.

698 4227 717 4255 ε
773 4204 839 4259 Et
892 4206 1343 4274 quemadmodum
1406 4206 1450 4259 si
1512 4207 1635 4275 quis
1682 4206 1836 4261 nobis
1875 4215 1968 4261 aut
2019 4207 2256 4271 Petrum,

707 4318 723 4344 ε
770 4306 862 4349 aut
883 4294 1142 4352 Joannem
1178 4294 1313 4349 forte
1361 4294 1740 4363 nominaverit,
1772 4311 1878 4350 una
1928 4298 2089 4351 simul
2132 4312 2255 4351 cum

702 4407 722 4442 ‹
772 4386 902 4454 ipsis
932 4394 984 4439 et
1016 4386 1263 4454 spiritum
1319 4400 1506 4438 eorum
1539 4386 1843 4454 proprium,
1883 4388 1975 4455 qui
2012 4388 2091 4441 Ain
2150 4387 2259 4442 illis

2357 3290 2467 3343 λων
2495 3288 2665 3340 ταῦτα
2702 3284 2774 3337 τὰ
2809 3285 3053 3354 ῥήματα.

2364 3395 2477 3449 Τοῦ
2502 3394 2689 3449 αὐτοῦ
2716 3393 2786 3447 ἐκ
2816 3392 2924 3445 τοῦ
2949 3390 3020 3444 ἐν
3045 3388 3121 3457 τῇ
3146 3389 3296 3457 πρὸς
3334 3387 3611 3457 Ἑρμείαν·
3651 3400 3926 3453 πραγμα-

2498 3468 2623 3531 τείᾳ
2652 3462 2784 3530 περὶ
2832 3460 2938 3515 τοῦ
2976 3461 3150 3529 ἁγίου
3184 3461 3529 3527 Πνεύμαεος
3568 3457 3776 3525 λόγου.

2429 3571 2539 3640 1.,Ζ’.
2580 3592 2599 3623 t
2636 3572 2764 3633 Ναὶ,
2837 3571 2991 3641 φησὶ,
3028 3569 3161 3623 Θεὸν
3209 3568 3531 3636 ἐγνώκαμεν
3577 3564 3670 3617 τὸν
3701 3563 3928 3631 Πατέρα

2364 3684 2382 3717 ι
2428 3666 2521 3717 καὶ⁴
2550 3663 2639 3715 τὸν
2670 3662 2830 3715 Υῖόν·
2877 3662 2996 3731 οὐχὶ
3039 3660 3095 3714 δὲ
3130 3654 3205 3729 δὴ
3247 3659 3357 3712 καὶι
3389 3658 3450 3709 τὸ
3483 3656 3727 3725 Πνεῦμα.
3780 3654 3927 3707 Ἀλλ’

2365 3778 2383 3810 ε
2428 3758 2489 3810 οὐ
2535 3758 2646 3819 τοῖς
2674 3754 2981 3824 διεφθορόσι
3028 3754 3119 3807 τδν
3182 3752 3318 3806 ῐδιον
3372 3748 3499 3802 νοῦν
3536 3748 3925 3818 μυσταγωγοῖς

2364 3870 2382 3901 ι
2432 3846 2764 3920 χρησόμεθα.
2788 3844 3198 3915 Προσεῖξομενδὶ
3239 3842 3364 3911 οὐχὶ
3388 3839 3658 3909 πνεύμασι
3700 3838 3929 3898 πλάνοις

2365 3960 2383 3992 ι
2437 3942 2577 3995 κατὰ
2623 3939 2721 4001 τὰς
2772 3938 3025 4008 Γραφαςο
3060 3937 3261 3988 ὲνεῖναι
3315 3933 3371 3986 δὲ
3414 3931 3615 4002 μᾶλλον
3648 3930 3742 3982 καὶ
3793 3930 3928 3980 svu-

2364 4018 2383 4085 ἶ
2431 4034 2662 4101 πάρχειν
2682 4028 2955 4092 οὑσιωδῶς
2977 4025 3339 4094 πιστεύσομεν
3364 4020 3442 4091 τῷ
3456 4021 3575 4090 Θεῷ
3602 4019 3661 4072 τὸ
3695 4016 3928 4085 Πνεῦμα

2366 4144 2383 4177 ι
2431 4124 2493 4175 τὸ
2540 4124 2716 4189 ἅγιον,
2779 4119 2919 4172 καθὰ
2957 4117 3051 4171 καὶ
3107 4114 3383 4184 ἀνθρώπῳ
3436 4112 3497 4165 τὸ
3552 4110 3925 4180 ἀνθρώπινον.

2365 4234 2382 4265 ε
2425 4213 2535 4267 Καὶ
2570 4211 2758 4279 ὥσπερ
2785 4209 2839 4262 εἴ
2875 4226 2959 4272 τις
2991 4207 3025 4277 ἢ
3052 4207 3258 4276 Πέτρον
3286 4206 3417 4274 ἡμῖν
3446 4202 3479 4273 ἢ
3524 4201 3777 4269 Ἰωάννην
3799 4198 3925 4251 ὀνο-

2367 4324 2386 4356 ι
2435 4305 2595 4373 μάσοι
2648 4302 2832 4370 τυχὸν,
2889 4296 3231 4369 συνεσημανέ
3292 4312 3393 4348 που
3452 4293 3636 4354 αὐτοῖς
3691 4290 3790 4342 καὶ
3854 4289 3919 4341 τδ

2366 4414 2383 4445 ε
2430 4395 2563 4447 ῖδιον
2602 4392 2803 4454 αὐτῶν,
2837 4392 2930 4443 καὶ
2961 4391 3019 4443 ὲν
3046 4389 3228 4451 αὐταῖς
3260 4385 3502 4455 πνεῦμα,
3533 4383 3627 4437 καὶ
3660 4380 3755 4434 τοῦ
3786 4397 3923 4433 παν-

702 4496 723 4531 ι
773 4485 875 4540 est,
906 4476 1184 4539 indicavit,
1234 4487 1285 4530 et
1316 4476 1582 4544 integrum
1615 4477 1814 4530 animal
1846 4485 2254 4542 commonstrat,

2368 4507 2384 4539 ι
2430 4487 2520 4548 τὸς
2576 4484 2718 4549 ζώου
2776 4484 3012 4535 ποιεῖται
3061 4479 3157 4549 τὴν
3194 4477 3446 4547 δήλωσιν,
3500 4474 3595 4528 καὶ
3631 4472 3724 4573 τδν
3757 4470 3921 4576 off-rbi:

604 4594 607 4595 ν
700 4588 720 4619 ε
775 4569 957 4622 eadem
980 4570 1172 4635 opinor
1207 4568 1416 4631 ratione
1448 4569 1515 4620 de
1540 4565 1696 4622 Patre
1729 4578 1783 4622 et
1815 4566 1953 4622 Filio
1985 4569 2257 4625 disseren-

2370 4596 2388 4627 ι
2430 4572 2583 4645 οἶμαι
2610 4573 2808 4643 τρόπον
2840 4572 2931 4622 επὶ
2961 4569 3056 4623 τοῦ
3095 4567 3306 4636 Πατρδς
3336 4565 3431 4619 καὶ
3457 4564 3550 4619 τοῦ
3576 4561 3727 4616 Υιοῦ.
3784 4560 3923 4628 Συγ-

704 4681 722 4713 ε
772 4661 900 4718 dum
960 4669 1043 4714 est
1071 4678 1085 4714 :
1118 4661 1279 4715 simul
1311 4658 1454 4712 enim
1502 4674 1625 4714 cum
1672 4675 2005 4731 unoquoque
2034 4678 2100 4716 ex
2132 4663 2265 4731 ipsis

2371 4687 2388 4720 ι
2433 4666 2901 4736 κατασημαίνεται
2950 4662 3058 4731 γὰρ
3101 4658 3347 4739 ὲκατέριρ
3410 4656 3470 4709 τὺ
3514 4654 3770 4729 Πνεῦμα,
3826 4652 3921 4705 καὶ

700 4772 721 4809 ι
770 4761 824 4808 et
854 4753 1079 4820 spiritus
1101 4751 1392 4815 indicatur,
1430 4766 1536 4809 non
1568 4762 1825 4822 tanquam
1850 4754 1995 4809 illius
2017 4755 2262 4823 pars,§uti

2368 4778 2385 4809 ε
2434 4760 2529 4827 οὺχ
2560 4758 2633 4820 ὡς
2670 4756 2834 4825 μέρος
2870 4753 2930 4807 ὃν
2966 4750 3159 4815 αὑτοῦ,
3190 4746 3450 4827 καθα-καὶ
3479 4746 3566 4799 ἔπ’
3616 4744 3920 4815 ἀνθρώπιον

703 4867 723 4901 ι
770 4849 825 4903 in
857 4845 1168 4902 hominibus
1213 4845 1576 4914 concipimus.
1629 4843 1891 4901 Subsistit
1934 4846 2078 4900 enim
2139 4832 2265 4915 pro-

2368 4869 2385 4901 ι
2433 4848 2681 4919 νοοῦμεν.
2733 4846 3038 4914 ’Υφέστηκε
3080 4842 3200 4912 γὰρ
3234 4838 3468 4902 ,ιδικῶς,
3520 4838 3616 4891 καὶ
3683 4835 3912 4905 προΐησι

701 4960 719 4993 ι
776 4940 912 5006 prie,
942 4947 995 4992 et
1029 4938 1369 5006 progreditur
1396 4953 1459 4990 ex
1504 4937 1717 5005 propria
1766 4946 1981 5003 natura,
2010 4937 2261 5006 suppedi-

701 5054 720 5087 ε
773 5042 851 5090 tat
878 5046 1006 5088 vero
1037 5030 1214 5096 dignis
1242 5040 1297 5087 et
1326 5029 1439 5091 ipse
1470 5028 1658 5083 Filius.
1701 5048 1719 5079 ι

1259 5141 1681 5196 Animadversio.

770 5257 791 5290 ε
839 5236 1039 5293 Diseito
1068 5236 1481 5305 exhisqnoque
1510 5234 1714 5288 aPatre
1741 5235 1956 5302 quidem
1991 5233 2249 5303 Spiritum

702 5350 723 5384 ε
780 5328 1050 5401 progredi,
1085 5345 1115 5382 a
1139 5326 1278 5381 Filio
1306 5341 1436 5380 vero
1467 5325 1821 5393 suppeditari.
1858 5343 1874 5374 ι

1338 5438 1627 5507 Refutatt'o.

770 5534 827 5589 Si
853 5549 961 5588 non
998 5533 1265 5587 invenires
1294 5533 1597 5585 innumeris
1634 5546 1799 5599 prope
1852 5529 2257 5598 Scripturarum

699 5628 834 5685 locis
881 5640 910 5678 a
944 5622 1082 5679 Filio
1112 5623 1369 5692 Spiritum
1423 5623 1693 5692 progredi,
1745 5631 1868 5693 apte
1932 5623 2145 5690 quidem
2181 5623 2252 5675 di-

2367 4963 2385 4993 ε
2435 4944 2533 5012 μὲν
2561 4942 2617 5008 ὲξ
2669 4941 2803 5003 ιδίας
2848 4940 2983 4992 αὐτὸ
3034 4936 3251 5006 φύσεως
3278 4934 3308 4989 6
3337 4931 3546 5001 Πατὴρ,
3603 4928 3830 5000 χορηγεῖ
3856 4924 3915 4979 δὲ

2365 5056 2381 5086 ε
2426 5038 2537 5097 τοῖς
2572 5032 2741 5099 ἀξίοις
2784 5032 2880 5085 καὶ
2912 5029 3072 5091 αὐτὸς
3102 5030 3131 5080 6
3163 5026 3307 5089 Υἱός.
3350 5044 3369 5076 ι

2958 5142 3330 5197 Ἐπιστασία.

2440 5260 2458 5291 ε
2501 5239 2756 5294 Μάνθανε
2813 5236 3091 5291 κάνταῦθα
3131 5233 3387 5305 προϊέντα
3446 5230 3541 5299 μὲν
3598 5228 3657 5280 τὸ
3687 5223 3915 5297 Πνεῦμα

2363 5350 2380 5382 r
2428 5334 2515 5385 τὸν
2548 5332 2784 5401 Πατέρα,
2819 5328 3158 5399 χορηγοῦντα
3194 5325 3253 5378 δὲ
3277 5324 3369 5377 τὸν
3388 5321 3535 5377 Υῐόν.
3575 5340 3594 5370 ι

2929 5442 3312 5509 ἉντΙρῤησις.

2432 5537 2493 5587 Ei
2529 5536 2625 5603 μὲν
2664 5535 2737 5602 μὴ
2769 5528 2925 5603 εὗρες
2970 5528 3236 5601 μυριαχοῦ
3272 5527 3371 5595 τῆς
3395 5522 3615 5595 Γραφῆς
3671 5520 3766 5572 καὶ
3820 5518 3912 5572 τὸν

2362 5628 2488 5681 Υἱδν
2520 5627 2777 5693 προϊέντα
2807 5625 2866 5677 τὸ
2895 5622 3140 5688 Πνεῦμα,
3173 5618 3355 5681 καλῶς
3385 5616 3450 5671 ἂν
3481 5611 3667 5668 ἐποιοῦ
3698 5611 3914 5664 διαστο-

786 5812 831 5847 ⁸⁵
855 5810 1009 5867 Joan.
1044 5823 1154 5873 xvi,
1189 5808 1274 5861 ιε.
1310 5806 1356 5838 ’⁸
1382 5806 1512 5861 ibid.
1542 5822 1629 5870 xv,
1657 5806 1745 5862 εδ.
1824 5805 2021 5860 "ibid.
2058 5822 2164 5871 xw,
2205 5806 2270 5861 13
2295 5820 2416 5873 NQ-
