4148 6462
172 445 298 511 531
1170 446 1255 508 IN
1294 445 1689 508 CAMATERI
1732 447 2482 516 ANIMADVERSIONES.

165 562 294 626 λάς
359 558 460 615 τοῦ
511 557 758 628 προϊέναι
807 559 900 613 καὶ
947 555 1204 628 χορηγεῖν
1233 577 1248 590 ·
1295 558 1421 612 επεὶ
1475 551 1533 612 δῖ
1565 559 1642 628 πῆ
1679 558 1776 628 μὲν

1887 563 2134 619 scrimina
2167 568 2568 636 progressionis
2606 567 3057 624 commentareris
3110 588 3123 622 :

165 653 545 722 γέγραπται,
600 649 676 712 ὡς
722 649 788 702 ἐκ
840 649 942 720 τῆς
982 646 1114 709 ίδίας
1170 647 1385 715 φύσεως
1437 647 1498 700 τὸ
1553 647 1779 716 Πνεῦμα

168 743 469 811 προϊησιν
499 743 528 793 ὁ
560 739 772 810 Πατὴρ,
801 740 877 808 πῆ
934 738 990 792 δὲ
1034 738 1108 802 ὡς
1135 739 1199 791 ἐκ
1229 738 1326 807 τῆς
1359 738 1494 800 ἰδίας
1552 738 1778 808 προΐησι

169 833 428 905 φύσεως
466 832 600 893 αύτδ
629 831 776 886 καὶὸ
811 831 960 894 Υἱὸς,
1019 830 1071 882 τί
1116 828 1217 890 τὰς
1262 827 1362 882 ,τοῦ
1400 829 1651 898 προϊέναι
1685 830 1779 881 καὶ

167 929 468 998 χορηγεῖν
495 925 812 996 άναπλάττῃ
841 921 1129 985 διαστολάς
1153 938 1169 986 ;

590 1016 702 1072 Τοῦ
727 1014 917 1070 αὑτοῦ
975 1014 1044 1067 ἐκ
1079 1015 1185 1072 τοῦ
1216 1011 1420 1066 αὑτοῦ.

257 1105 404 1175 ιιΗἎ
462 1125 482 1158 ι
513 1107 683 1160 Οὐδὲν
710 1101 801 1159 οὖν
829 1105 939 1174 ἄρα
983 1104 1044 1156 τὸ
1074 1102 1364 1172 παρωθοῦν
1408 1101 1502 1154 καὶ
1533 1103 1777 1169 ἐξεῖργον

177 1221 202 1256 ε
256 1200 362 1254 ιτι
393 1200 490 1254 τοῦ
547 1203 649 1268 τῆς
678 1197 824 1258 θείας
877 1194 1092 1263 φύσεως
1148 1189 1602 1257 εἶναιηπιστεὺειν
1645 1191 1778 1245 ίδιον

178 1311 203 1344 ε
259 1292 341 1346 τδ
399 1289 461 1355 ἔξ
523 1289 696 1357 αὐτῆς
749 1303 809 1339 τε
865 1283 962 1337 καὶ
1021 1285 1079 1334 ἐν
1131 1282 1266 1351 αὐτῇ
1320 1280 1566 1349 φυσικῶς
1619 1280 1776 1348 ἅγιον

3362 461 3465 526 638

3176 584 3298 622 Clllll
3336 585 3465 626 vero

1891 654 2189 724 aliquando
2215 659 2489 713 scribatur
2514 674 2577 713 ex
2609 659 2822 729 propria
2848 667 3043 713 natura
3080 657 3256 712 Patris
3288 659 3468 726 Spiri-

1896 755 2009 798 tum
2053 748 2328 817 progredi,
2377 751 2674 819 aliquando
2717 766 2783 805 ex
2838 750 3053 819 propria
3095 759 3285 803 natura
3341 749 3464 806 Filii

1885 839 2161 908 progredi,
2194 841 2322 906 quid
2345 841 2505 895 nobis
2530 842 2930 912 pregressionis
2963 853 3126 911 atque
3154 844 3465 910 processio-

1884 928 1971 983 nis
1996 929 2318 985 discrimina
2358 931 2666 992 conﬁngis?

2519 1023 2604 1077 Ea:
2627 1025 2829 1078 eodem.

1952 1108 2187 1189 XCVIII.
2210 1130 2229 1162 ε
2259 1110 2405 1166 Nihil
2428 1113 2610 1181 itaque
2627 1122 2710 1167 est
2735 1113 2880 1180 quod
2903 1127 3003 1167 nos
3024 1115 3361 1175 submoveat,
3387 1121 3467 1177 at—

1889 1219 1908 1252 ‹
1946 1202 2368 1271 que’impediat,
2407 1203 2608 1274 divina:
2637 1211 2843 1256 naturae
2880 1207 3157 1272 proprium
3195 1218 3317 1258 esse
3350 1218 3466 1256 cre-

1890 1310 1910 1342 (
1957 1291 2104 1357 dere,
2119 1293 2211 1362 qni
2229 1309 2293 1353 ex
2312 1294 2426 1362 ipsa
2446 1303 2551 1354 est,
2569 1294 2691 1348 etin
2711 1295 2850 1362 ipsa,
2868 1296 3184 1348 naturaliter
3202 1295 3463 1362 Spiritum

181 1403 207 1436 ε
263 1379 533 1451 Πνεῦμα,
567 1380 670 1433 κᾶν
699 1380 746 1430 εἱ
782 1377 919 1447 μήτε
946 1375 1158 1442 Πατὴρ,
1209 1373 1345 1440 μήτε
1379 1368 1487 1440 μὴν
1514 1369 1641 1432 Υἱὸς
1688 1369 1772 1439 εἴη

182 1494 207 1527 ε
264 1476 351 1529 ἂν
381 1471 500 1527 ἀλλ’
537 1472 660 1541 ἥτις
692 1468 820 1521 ποτέ
856 1470 1003 1519 ὲστιν
1032 1467 1064 1534 ὴ
1099 1463 1190 1516 τοῦ
1239 1460 1556 1528 Πνεύματος
1589 1463 1773 1529 φύσις,

184 1585 212 1618 ε
267 1560 761 1631 πολυπραγμονεῖν
808 1550 1126 1628 ἀναγκαῖον,
1187 1552 1287 1622 τὴν
1332 1551 1440 1604 τῶν
1497 1551 1775 1620 ὀνομάτων

188 1676 213 1708 ε
272 1655 528 1720 ἰδιότητα
566 1649 827 1721 μεθέντας
863 1648 942 1708 είς
967 1645 1028 1697 τὸ
1061 1642 1255 1711 παρὸν,
1289 1642 1410 1712 οὐχὶ
1454 1642 1555 1711 τῆς
1587 1639 1776 1712 θεότη-

189 1763 216 1798 ε
260 1761 375 1807 τος
403 1739 570 1796 οὖσαν
620 1739 918 1808 δεικτικὴν,
965 1735 1082 1789 ἀλλ’
1131 1735 1362 1788 ἑκάστου
1411 1732 1520 1785 τῶν
1563 1732 1778 1804 ὠνομα-

1888 1402 1928 1434 ε·
1955 1393 2226 1447 sanctum,
2255 1387 2388 1439 licet
2424 1400 2601 1454 neque
2631 1385 2818 1448 Pater,-
2843 1387 3020 1453 neque
3052 1383 3226 1440 Filius
3253 1387 3342 1451 sit,
3371 1387 3464 1440 sed

1890 1491 1908 1521 ε
1958 1487 2293 1543 quacunque
2319 1475 2408 1529 illa
2439 1477 2510 1530 sit
2538 1475 2772 1545 Spiritus
2798 1486 3010 1539 natura,
3047 1475 3463 1546 disquirendum

1890 1567 1912 1609 ε’
1954 1567 2060 1625 est,
2088 1562 2370 1617 nominum
2414 1566 2758 1633 proprietate
2784 1566 3146 1634 inpraesentia
3205 1566 3465 1634 neglecta,

1889 1669 1907 1700 ‹
1959 1667 2080 1720 quae
2112 1667 2220 1707 non
2279 1655 2535 1710 deitatem
2584 1657 2842 1718 ostendit,
2881 1659 2973 1711 sed
3005 1658 3338 1728 singulorum
3371 1672 3468 1711 no-

1889 1761 1908 1792 ι
1959 1745 2308 1811 minatorum,
2336 1745 2875 1815 qualisjexsistentite
2908 1750 3045 1802 ratio
3070 1763 3099 1802 a
3133 1748 3290 1803 nobis
3330 1763 3465 1805 con-

187 1857 214 1890 c
271 1835 527 1905 σμένων,
548 1833 631 1896 τίς
655 1830 722 1885 ἂν
739 1833 919 1883 νοοῖτο
961 1827 1096 1898 πρὸς
1123 1828 1155 1895 ἡ
1166 1825 1278 1894 μῶν
1307 1828 1336 1878 ὁ
1364 1824 1776 1900 τῆς.ύπάρξεως

1891 1852 1910 1884 ε
1953 1833 2183 1901 cipiatur
2206 1836 2453 1904 apprime
2494 1839 2738 1892 denotat.
2771 1837 3072 1894 Generasse
3090 1839 3234 1892 enim
3263 1851 3462 1891 nomen

189 1949 212 1981 ε
267 1902 484 1999 τρόπος
529 1921 597 1979 εὖ
623 1925 770 1992 μάλα
815 1921 1350 1989 κατασημαίνουσαν.
1408 1916 1530 1970 Ὅτι
1559 1917 1666 1986 γὰρ
1696 1915 1776 1968 τέ-

1896 1942 1914 1973 (
1960 1923 2135 1979 Patris
2163 1902 2388 1991 indicat,
2421 1937 2739 1997 generatum
2763 1915 2888 1984 esse
2937 1927 3405 1984 Filiiamanifestat
3444 1946 3461 1982 :

190 2037 218 2070 ε
270 2033 411 2080 coxa
446 2016 599 2085 δηλοῖ
621 2013 704 2079 τὸ,
755 2012 965 2082 Πατὴρ,
1001 2012 1096 2064 καὶ
1124 2012 1206 2063 ὅτι
1236 2007 1562 2076 γεγέννηται
1591 2007 1780 2061 διεσά-

191 2129 218 2161 ε
275 2125 428 2177 φησι
453 2104 535 2170 τὸ,
571 2105 715 2167 Υίός.
751 2104 860 2156 Καὶ
897 2102 1004 2173 μὴν
1030 2102 1110 2154 ὅτι
1133 2100 1194 2153 τὸ
1248 2098 1473 2168 Πνεῦμά
1525 2100 1674 2151 ἐστιν
1710 2097 1776 2150 ὲκ

193 2220 220 2252 ε
275 2199 421 2253 Θεοῦ
447 2199 540 2250 καὶ
597 2195 832 2264 Πατρδς,
864 2194 998 2247 ῐδιον
1029 2193 1083 2245 δὲ
1115 2193 1212 2246 καὶ
1267 2190 1434 2244 αὑτοῦ
1473 2188 1579 2243 τοῦ,
1626 2188 1778 2251 Υίοῦ,

196 2313 220 2344 ε
273 2291 442 2359 δίκην
469 2289 566 2342 τοῦ
597 2287 723 2341 καθ’
750 2288 917 2356 ἡμᾶς,
947 2288 1043 2338 καὶ
1072 2283 1416 2352 ἀνθρωπίνου
1450 2279 1780 2349 πνεύματος,

198 2403 223 2434 ε
281 2383 334 2435 εί
357 2381 455 2434 καὶ
495 2382 554 2433 ὲν
587 2379 886 2432 ὑποστάσει
921 2378 1096 2429 νοεῖτο
1128 2375 1225 2428 καὶ
1256 2373 1503 2442 ὑπάρχον
1536 2370 1778 2443 άληθῶς,

203 2494 227 2526 ι
285 2472 702 2543 διαμεμήνυκεν
727 2472 762 2541 ἡ
791 2469 1007 2538 κλῆσις.
1047 2484 1067 2517 ι

806 2557 1181 2614 Ἐπιστασία.

285 2675 310 2710 ε
353 2655 491 2710 Μετ’
521 2651 849 2713 ἐπιστασίας
880 2648 1182 2720 ὲμσάθυνον
1226 2649 1294 2718 τῇ
1335 2645 1588 2718 παρούσῃ
1621 2661 1780 2714 περι-

201 2768 228 2802 ε
281 2749 454 2817 κοπῇ.
512 2745 796 2814 Γλαφυρόν
842 2760 897 2796 τι
950 2743 1060 2812 γὰρ
1093 2739 1188 2794 καὶ
1243 2739 1303 2805 ιε
1335 2738 1510 2804 αὐτῆς
1541 2736 1778 2807 δυνηθῇς

203 2860 229 2893 ε
280 2837 674 2902 ἀναλέξασθαι,
709 2834 806 2888 καὶ
832 2833 1137 2900 θαυμάσεις
1165 2830 1267 2895 τὴν
1297 2829 1393 2881 τοῦ
1424 2828 1586 2894 ἁγίου
1621 2827 1780 2896 ἀκρί-

201 2949 228 2983 ε
281 2931 462 2984 σειαν.
517 2928 629 2996 Τῆς
674 2925 782 2994 γάρ
837 2924 998 2984 θείας
1033 2920 1247 2991 φύσεως
1301 2920 1471 2972 εἰπὼν
1525 2914 1665 2975 είναί
1719 2919 1779 2971 τὸ

206 3043 231 3076 ε
284 3021 513 3090 Πνεῦμα
541 3019 604 3071 τὸ
634 3018 813 3084 άγιον,
847 3007 942 3068 καὶ
970 3013 1144 3075 οὕτως
1167 3011 1462 3079 ἀπαγαγὼν
1488 3011 1547 3064 τὸ
1575 3011 1656 3078 ἐξ.
1674 3013 1780 3073 αὐ-

205 3133 229 3166 ε
278 3111 396 3179 τῆς
419 3110 511 3163 καὶ
529 3108 600 3161 ἐν
627 3104 805 3173 αὐτῇ,
835 3105 930 3157 καὶ
959 3102 1048 3156 διὰ
1073 3101 1170 3171 μὲν
1191 3099 1284 3153 τοῦ
1315 3099 1386 3166 ἐξ
1410 3098 1602 3166 αὐτῆς
1630 3099 1689 3151 τὸ
1713 3102 1779 3152 ὲκ

208 3226 233 3258 ε
279 3203 378 3258 τοῦ
403 3201 636 3266 Πατρδς,
669 3198 758 3252 διὰ
806 3196 862 3249 δὲ
890 3195 984 3248 τοῦ
1014 3195 1084 3248 ἐν
1110 3193 1288 3261 αὐτῇ,
1332 3191 1396 3243 τὸ
1441 3193 1499 3243 ὲν
1527 3189 1605 3259 τῷ
1633 3189 1773 3258 «Υίῷ,

208 3319 230 3350 ι
275 3297 357 3358 ὡς
390 3295 516 3364 ἐμοὶ
548 3293 684 3354 τὲως
719 3288 1028 3359 νομίζεται,
1064 3284 1142 3357 μὴ
1170 3284 1342 3337 θέλων
1371 3282 1452 3344 είς
1486 3280 1654 3343 άλλας
1682 3281 1775 3332 καὶ

206 3408 232 3441 ε
277 3386 446 3447 ἄλλας
477 3382 688 3444 ἑννοίας
733 3379 1034 3445 ἐπαγαγεῖν
1079 3377 1169 3428 τὸν
1196 3372 1647 3440 ἀναγινώσκοντα
1687 3370 1776 3423 διὰ

209 3499 250 3531 «ι
281 3488 386 3546 την
415 3477 705 3542 ἀσάφειαν,
757 3473 823 3524 ἑκ
873 3468 982 3522 τῶν
1015 3466 1214 3536 ἑφεξῆς
1247 3465 1310 3517 τὸ
1353 3462 1606 3516 τοιοῦτον
1639 3462 1778 3515 ἀσα-

208 3592 234 3625 ε
281 3569 383 3638 φὶς
403 3565 806 3638 διηυκρίνησεν,
833 3560 1004 3614 είπὼν
1029 3557 1279 3629 φανερῶς
1306 3558 1385 3609 ὅτι
1415 3573 1433 3605 ι
1468 3554 1528 3606 τὺ
1553 3552 1778 3624 Πνεῦμά

218 3682 239 3713 ε
295 3663 445 3712 ἐστιν
480 3662 543 3711 ὲκ
566 3654 702 3709 θεοῦ
734 3654 827 3708 καὶ
854 3651 1089 3714 Πατρδς,
1125 3649 1255 3702 ῐδιον
1281 3647 1338 3700 δὲ
1363 3647 1456 3699 καὶ
1481 3642 1648 3698 αὑτοῦ
1681 3641 1776 3695 τοῦ

211 3774 234 3806 ε
287 3749 443 3804 Υὶοῦ.
478 3767 498 3801 ι

821 3836 1210 3903 Ἀντίρῤησις.

283 3935 401 3989 οὐκ
433 3932 700 4001 εὐστόχως
746 3929 808 3981 τὸ
838 3930 936 3997 τῆς
989 3925 1247 3995 ῥηθείσης
1281 3923 1591 3993 περικοπῆς
1637 3923 1773 3989 γλα-

205 4028 386 4094 φυρὸν
415 4018 774 4084 ἀναλέξασθαι
801 4016 1086 4086 ἐδυνήθης.
1142 4015 1216 4064 Τὸ
1245 4013 1355 4082 γὰρ
1387 4011 1602 4080 άληθῶς
1642 4011 1775 4077 γλα-

206 4114 387 4183 φυρὸν
436 4109 593 4162 τοῦτό
642 4109 789 4160 ἐστιν
838 4107 898 4157 ὲν
953 4107 1019 4174 τῇ
1075 4102 1447 4173 προρῤηθείσῃ
1499 4102 1774 4168 περικοπῇ

206 4201 426 4258 ἐνεῖναι
452 4199 528 4269 τῷ
567 4197 686 4267 Θεῷ
714 4196 775 4248 τὸ
812 4193 1044 4263 Πνεῦμα
1078 4196 1105 4245 ὁ
1135 4191 1292 4275 ἅγιος
1322 4192 1449 4261 ἔφη,
1480 4189 1627 4242 καθὰ
1683 4189 1777 4240 καὶ

205 4288 487 4360 ἀνθρώπῳ
521 4289 580 4340 τὸ
606 4284 968 4356 ἀνθρώπινον.
1014 4282 1103 4334 Ἐν
1157 4283 1215 4333 δὲ
1262 4283 1328 4349 τῇ
1388 4280 1494 4348 ἥδη
1547 4277 1774 4347 ῥηθείσῃ

206 4382 488 4452 περικοπῇ
519 4378 649 4432 (διον
675 4378 767 4430 καί
789 4374 882 4427 τοῦ
909 4374 1036 4425 Υἱοῦ
1061 4373 1168 4439 ἔφη
1196 4370 1325 4422 αὐτὸ
1345 4369 1502 4438 δίκην
1528 4366 1620 4419 τοῦ
1652 4365 1775 4419 καθ’

206 4477 361 4548 ἡμᾶς
395 4474 488 4525 καὶ⁵
545 4469 884 4538 ἀνθρωπίνου
942 4465 1278 4545 Πνεύματος.
1327 4461 1436 4512 Καὶ
1481 4459 1775 4526 συνάγεται

1890 2031 1909 2064 ι
1959 2015 2037 2069 sic
2064 2015 2228 2070 etiam
2291 2017 2557 2096 Spiritum
2609 2033 2732 2076 esse
2774 2036 2839 2075 ex
2870 2020 2982 2076 Deo
3035 2029 3095 2074 st
3120 2019 3300 2083 Patre,
3343 2032 3467 2088 pro-

1888 2120 1907 2152 ‹
1961 2105 2138 2172 prium
2168 2121 2296 2161 vero
2317 2105 2470 2172 Filii,
2505 2110 2678 2164 instar
2709 2110 2882 2164 nostri
2931 2110 3265 2179 humanique
3287 2109 3465 2179 Spiri-

1887 2211 1906 2243 ι
1955 2202 2063 2260 tus,
2089 2196 2212 2250 licet
2242 2197 2609 2268 in‘hypostasi
2650 2200 3007 2270 intelligatur,
3051 2210 3108 2256 et
3162 2216 3288 2257 vere
3321 2200 3467 2256 exsi-

1889 2302 1908 2335 ι
1958 2293 2085 2351 stat,
2121 2291 2458 2359 nuncupatio
2486 2290 2604 2361 ipsa
2641 2290 2877 2361 Spiritus
2902 2292 3144 2349 denotat.
3183 2310 3203 2344 ›

2466 2563 2887 2622 Animadvertit).

1965 2674 1982 2705 ι
2021 2657 2261 2721 Auente,
2314 2667 2678 2726 accurateque
2735 2658 2864 2712 huic
2923 2672 3190 2728 pertcopre
3229 2668 3465 2714 mentem

1891 2767 1908 2799 ε
1963 2749 2131 2817 tigito.
2157 2746 2398 2817 Namque
2426 2763 2492 2801 ex
2521 2747 2636 2815 ipsa
2669 2735 3007 2803 concinnum
3036 2749 3320 2819 quidpiam
3350 2750 3467 2804 col-

1892 2857 1910 2888 σ
1964 2840 2131 2908 ligere
2162 2839 2387 2907 poteris,
2441 2847 2496 2892 et
2523 2846 2774 2894 exactam
2800 2838 2979 2894 sancti
3004 2840 3342 2909 diligentiam
3367 2841 3467 2894 ad-

1893 2950 1910 2981 ε
1971 2929 2279 2984 miraberis.
2307 2927 2442 2984 Cum
2464 2931 2608 2983 enim
2632 2928 2863 2984 dixisset
2891 2930 3087 2985 divinae
3105 2946 3228 2986 esse
3258 2941 3467 2985 natura:

1892 3038 1909 3069 ι
1954 3019 2212 3088 Spiritum
2241 3027 2513 3084 sanctum,
2544 3028 2597 3072 et
2619 3020 2697 3074 sic
2729 3019 3048 3085 addidisset,
3083 3020 3214 3074 illud
3245 3036 3314 3074 ex
3344 3021 3465 3088 ipsa

1891 3128 1910 3160 ‹
1968 3117 2021 3164 et
2061 3111 2116 3163 in
2145 3111 2280 3177 ipsa,
2317 3117 2371 3163 et
2404 3125 2500 3179 per
2531 3110 2660 3164 illud
2697 3125 2760 3164 ea:
2796 3113 2910 3178 ipsa
2937 3126 3002 3165 ex
3041 3109 3223 3175 Patre,
3279 3127 3374 3179 per
3404 3112 3468 3164 il-

1891 3220 1910 3252 r
1968 3202 2059 3255 Iud
2088 3216 2220 3256 vero
2267 3201 2322 3254 in
2359 3201 2475 3268 ipsa
2530 3201 2583 3254 in
2621 3201 2781 3266 Filio,
2818 3211 2879 3256 ut
2925 3203 3044 3271 ipse
3095 3202 3260 3271 plane
3318 3216 3462 3265 reor,

1892 3311 1909 3342 ι
1957 3292 2148 3345 nolens
2187 3293 2241 3345 in
2274 3293 2410 3346 alias
2466 3301 2630 3359 atque
2671 3292 2808 3347 alias
2844 3295 3147 3349 sententias
3198 3296 3463 3363 legentem

1890 3401 1907 3431 ε
1966 3379 2237 3436 attrahere
2260 3391 2482 3451 prapter
2516 3383 2926 3449 obscuritatem,
2952 3399 3016 3438 ex
3057 3385 3448 3454 subsequenti-

1890 3490 1909 3522 ε
1961 3473 2080 3537 bus,
2112 3471 2254 3541 quod
2297 3474 2592 3529 obscurum
2654 3475 2831 3532 fuerat
2883 3477 3219 3546 explanavit.
3277 3482 3464 3544 aperto

1893 3581 1910 3613 ι
1968 3563 2157 3619 dicens
2188 3563 2452 3632 Spiritum
2485 3580 2606 3620 esse
2630 3580 2694 3623 ex
2731 3565 2842 3621 Deo
2867 3577 2920 3622 et
2944 3568 3151 3632 -Patre,-
3181 3564 3458 3636 proprium

1890 3673 1908 3706 ι
1969 3670 2095 3711 vero
2129 3655 2499 3726 etiam-ipsius
2532 3655 2677 3711 Filii.
2718 3675 2737 3708 ι

2507 3841 2801 3912 ΒεῙυιοιιο.

1953 3932 2105 3987 Haud
2142 3933 2278 3990 scite
2306 3933 2774 4004 dictaepericopes
2830 3936 3159 3992 concinnum
3205 3939 3459 4009 colligere

1882 4025 2126 4093 potuisti.
2173 4024 2328 4089 Quod
2359 4025 2502 4079 enim
2543 4042 2672 4080 vere
2706 4028 3039 4082 concinnum
3083 4029 3138 4083 in
3190 4029 3330 4085 dicta
3366 4049 3455 4100 pe-

1882 4115 2066 4180 ricope
2093 4116 2426 4180 continetur,
2457 4123 2560 4180 est,
2588 4116 2851 4186 Spiritum
2887 4129 3164 4184 sanctum,
3189 4121 3269 4175 sic
3312 4124 3456 4175 enim

1884 4213 2106 4260 sanctus
2140 4205 2357 4270 astruit,
2391 4220 2512 4260 esse
2541 4205 2595 4259 in
2645 4205 2778 4272 Deo,
2821 4210 3276 4276 quemadmodum
3321 4224 3372 4266 et
3404 4213 3455 4266 in

1882 4294 2102 4349 homine
2126 4296 2422 4362 humanus,
2449 4297 2501 4349 in
2526 4312 2632 4366 qua
2659 4298 2818 4352 etiam
2841 4302 3118 4370 pmprium
3156 4302 3302 4356 illum
3335 4319 3457 4357 esse

1882 4384 2002 4438 Filii
2033 4387 2267 4440 asseruit
2305 4387 2477 4441 instar
2508 4389 2728 4441 humani
2767 4391 3012 4458 spiritus.
3050 4390 3115 4444 Et
3145 4393 3266 4445 inde
3304 4395 3458 4447 colli-

1883 4472 2025 4543 gitur
2057 4475 2124 4528 ab
2151 4490 2238 4536 eo.
2271 4477 2361 4541 qui
2395 4488 2518 4530 vere
2548 4477 2694 4531 hisce
2730 4479 2999 4548 pericopis
3044 4490 3277 4533 mentem
3326 4482 3455 4551 ﬁgit,

208 4542 472 4618 έντεῦθεν
502 4562 581 4630 τῷ
612 4560 827 4628 ἀληθῶς
859 4557 1085 4617 ταύταις
1113 4542 1233 4616 ταῖς
1291 4554 1620 4622 περικοπαῖς
1676 4551 1775 4632 ἐμ.-

1887 4542 2144 4632 Spiritum
2194 4567 2366 4620 Patris
2389 4569 2666 4636 esse,quia
2702 4542 2764 4622 ex
2797 4542 2955 4623 Patre
2986 4579 3089 4633 est,
3118 4581 3170 4624 et
3197 4542 3454 4640 Spiritum

208 4654 499 4708 ϐαθύνοντι
531 4653 615 4704 ὅτι
645 4651 738 4702 καὶ
776 4647 1000 4716 Πνεῦμα
1028 4644 1242 4714 Πατρός
1271 4644 1443 4706 ἐστιν,
1475 4643 1555 4692 ὅτι
1590 4640 1654 4692 ἐκ
1680 4639 1775 4692 τοῦ

1887 4656 2029 4716 Filii.
2052 4659 2178 4726 quia
2207 4673 2302 4725 per
2319 4657 2514 4712 Filium
2541 4669 2594 4714 et
2626 4675 2689 4714 ex
2711 4659 2849 4714 Filio
2878 4670 2981 4715 est.
3010 4663 3169 4725 Cum,
3195 4639 3249 4715 ut
3275 4680 3459 4715 exeni-

209 4747 446 4816 Πατρὸς,
486 4743 582 4795 καὶ
620 4740 844 4808 Πνεῦμα
876 4737 1027 4800 Υἰοῡ,
1054 4737 1135 4788 ὃτι
1162 4734 1249 4787 διὰ
1279 4733 1373 4786 τοῦ
1404 4731 1536 4784 Υίοῦ
1591 4748 1651 4782 τε
1684 4732 1780 4784 καὶ

207 4842 278 4892 ὲκ
328 4836 423 4889 τοῦ
453 4836 605 4888 Υίοῦ.
647 4833 800 4886 Ἐπεὶ
854 4831 994 4884 κατά
1051 4829 1109 4881 τὸ
1141 4828 1492 4898 παράδειγμα
1540 4826 1635 4894 καὶ
1670 4827 1778 4876 πᾶν

207 4925 545 4997 ἀνθρώπινον
573 4922 808 4991 πνεῦμα,
850 4921 938 4973 διὰ
959 4920 1053 4972 τοῦ
1087 4919 1427 4988 ἀνθρωπείου
1479 4916 1512 4984 ἦ
1569 4919 1631 4969 ὲκ
1683 4913 1775 4966 τοῦ

207 5012 548 5085 ἀνθρωπείου
582 5012 697 5064 ἐστὶ
738 5009 1136 5079 προερχόμενον
1168 5009 1453 5074 στόματος,

613 5101 722 5154 Τοῦ
744 5099 932 5152 αὐτοῦ
965 5099 1034 5149 ἐκ
1067 5095 1172 5150 τοῦ
1197 5097 1405 5150 αὐτοῦ.

284 5193 401 5261 ιβ’.
427 5194 591 5263 ιΠερδ.
612 5194 668 5244 δέ
696 5209 759 5260 γε
787 5191 880 5243 τοῦ
910 5187 1226 5257 Πνεύματος
1261 5191 1371 5249 τοῖς
1401 5187 1577 5254 ἁγίοις
1602 5186 1777 5255 μαθη-

216 5307 234 5338 ε
277 5290 397 5348 ταῖς
455 5303 620 5355 φησιν
649 5298 663 5312 ⁸
727 5302 748 5334 ‹
785 5283 952 5335 Ὅταν
1001 5280 1058 5333 δὲ
1091 5279 1218 5350 ἔλθῃ
1248 5282 1276 5332 ὁ
1301 5279 1672 5349 Παράκλητος,
1713 5277 1771 5332 ὃν

215 5401 230 5431 ι
282 5379 394 5444 ἐγὼ
424 5378 626 5447 πέμψω
669 5377 797 5445 ὑμῖν
852 5373 1004 5444 παρὰ
1055 5373 1148 5424 τοῦ
1197 5375 1429 5443 Πατρὸς,
1462 5373 1522 5424 τὸ
1551 5372 1771 5440 Πνεῦμα

215 5492 232 5522 ι
281 5472 379 5539 τῆς
405 5468 682 5539 ἀληθείας,
735 5466 763 5518 ὃ
813 5467 962 5536 παρὰ
983 5465 1078 5518 τοῦ
1112 5466 1326 5534 Πατρὸς
1379 5464 1767 5533 ἐκπορεύεται,

213 5585 230 5616 ι
273 5564 478 5624 ἐκεῖνος
541 5560 879 5630 μαρτυρήσει
910 5560 1039 5627 περὶ
1069 5557 1221 5627 ἐμοῦ.
1259 5577 1276 5608 ι
1308 5553 1432 5627 Ἆρ’
1466 5557 1586 5624 οὐχ),
1639 5556 1771 5618 Θεὸς

209 5677 232 5708 ε
277 5652 527 5719 ἐναργῶς
555 5652 617 5704 τὸ
643 5651 719 5714 ὡς
770 5651 906 5713 Θεὸς
964 5651 1328 5719 ιγνωσμὼον,
1384 5651 1479 5702 καὶ
1525 5648 1768 5703 ἐνοικοῦν

272 5837 318 5869 ﬂ
340 5835 497 5884 .Inau.
528 5851 612 5887 xv.
641 5833 727 5888 26.

1883 4749 2030 4818 plum
2067 4749 2286 4813 evincit,
2318 4749 2498 4803 omnis
2524 4750 2798 4804 humanus
2856 4751 3084 4819 spiritus
3116 4768 3209 4822 per
3250 4753 3445 4806 buma-

1884 4855 2036 4900 num,
2061 4840 2176 4895 sive
2195 4855 2262 4895 ex
2293 4840 2532 4895 humano
2554 4841 2836 4911 egreditur
2866 4857 2982 4897 ore.

2546 5118 2630 5172 Ex
2654 5123 2853 5176 cadent.

1951 5208 2137 5264 XCIX.
2187 5230 2204 5262 ι
2239 5210 2314 5266 De
2343 5210 2543 5288 Spiritu
2576 5225 2703 5265 vero
2737 5213 2945 5268 sanctis
2987 5213 3270 5285 discipulis
3320 5219 3392 5268 ait
3437 5236 3449 5271 :

1888 5319 1906 5350 ‹
1965 5318 1983 5351 ι
2016 5302 2148 5355 Cum
2177 5316 2303 5356 vero
2325 5301 2532 5358 venerit
2557 5300 2896 5366 Paracletus,
2923 5317 3082 5372 quem
3115 5320 3215 5374 ego
3243 5306 3449 5358 mittam

1884 5411 1904 5443 ε
1948 5386 2123 5456 vobis,
2149 5392 2407 5462 Spiritum
2428 5393 2694 5458 veritatis,
2714 5396 2804 5463 qui
2824 5409 2855 5448 ε
2873 5396 3034 5449 Patre
3056 5398 3316 5463 procedit,
3340 5399 3451 5466 ipse

1884 5504 1902 5534 ο
1949 5484 2635 5553 testimonium‘perhibebit
2657 5485 2723 5539 de
2747 5501 2833 5540 me
2854 5486 2922 5538 ⁸⁸.
2960 5505 2982 5538 ι
3012 5488 3204 5541 Annon
3226 5490 3447 5543 eviden-

1884 5597 1904 5625 ο
1956 5583 2036 5628 ter
2067 5577 2208 5630 Deus
2232 5585 2333 5642 est,
2368 5576 2458 5646 qui
2489 5579 2575 5630 uti.
2595 5576 2736 5631 Deus
2758 5580 3095 5648 agnoscitur,
3120 5589 3175 5635 et
3203 5583 3256 5634 in
3292 5582 3446 5636 nobis

1884 5687 1902 5719 ι
1947 5667 2235 5734 inhabitat,
2262 5683 2368 5723 non
2392 5668 2466 5723 uti
2491 5678 2762 5736 creatura,
2802 5677 2856 5725 et
2878 5669 3079 5737 lactus,
3103 5679 3157 5727 et
3174 5671 3444 5735 servituti,
