4148 6456
237 430 362 496 N5

323 651 475 704 PB'.
515 649 716 704 «Ὅταν
737 649 793 702 δὲ
817 647 949 719 λόγῃ
970 647 1096 718 περὶ
1125 646 1221 701 τοῦ
1247 648 1586 718 Πνεῦματος,
1616 664 1634 699 ι
1665 646 1846 700 Ἐκεῖ·

245 760 266 791 ι
331 757 441 803 νος
481 741 579 810 ἐμὲ
603 739 842 804 δοξάσει,
877 757 896 791 ι
933 737 1182 801 νοοῦντες
1214 739 1415 807 ὀρθῶς,
1441 738 1546 807 οὐχ
1577 738 1652 798 ὡς
1686 738 1845 807 δόξης

244 849 264 879 ε
318 823 541 884 ἐπιδεᾶ
571 830 675 900 τῆς
695 831 827 899 παρ’
855 829 1050 899 ἑτέρου
1084 829 1263 898 φαμὲν
1309 827 1402 879 τὸν
1465 828 1562 880 ἕνα
1606 827 1846 896 Χριστὸν

248 940 268 971 ι
321 924 434 974 καὶ
467 923 618 986 Υίὺν,
669 922 769 990 τὴν
799 922 949 990 παρά
988 920 1085 973 τοῦ
1124 920 1282 986 ἁγίου
1337 917 1656 987 Πνεύματος
1689 917 1848 989 δόξαν

244 1033 266 1062 ε
326 1013 500 1083 ἔχειν
544 1016 626 1066 ὅτι
661 1013 796 1083 μηδὲ
829 1015 1076 1083 κρεῖττον
1119 1011 1260 1081 ὑπὲρ
1300 1009 1462 1063 αὐτὸν
1503 1009 1563 1062 τὸ
1623 1005 1887 1076 Πνεῦμα’

248 1124 270 1154 σ
321 1104 534 1160 αὐτοῦ.
585 1105 736 1157 Ἐπεὶ
767 1103 824 1156 δὲ
871 1105 952 1166 είς
981 1102 1206 1166 ἔνδειξιν
1238 1103 1338 1170 τῆς
1370 1099 1538 1155 αὑτοῦ
1596 1099 1848 1166 θεότητος

248 1214 271 1248 ε
330 1196 556 1266 εχρῆτο
583 1194 661 1264 τῷ
716 1194 1175 1265 ίδίῳΙΠνεὺματι
1230 1192 1368 1262 πρὸς
1420 1189 1845 1268 μεγαλουργίαν,

246 1306 272 1340 ι
323 1288 662 1353 δεδοξάσθαι
712 1289 845 1360 παρ’
874 1288 1044 1341 αὑτοῦ
1099 1286 1614 1372 φησινν-ὦσπεράν
1649 1287 1698 1336 εί
1755 1285 1848 1337 καί

251 1398 274 1430 ι
326 1397 434 1442 τις
462 1379 597 1450 λέγῃ
621 1378 730 1430 τῶν
757 1377 879 1431 καθ’
910 1379 1059 1446 ἡμᾶς
1091 1379 1346 1448 περὶ-τῆς
1378 1376 1606 1443 ἐνούσης
1662 1375 1849 1444 ῖσχύρς

251 1489 274 1522 ι
329 1469 500 1540 αὐτῷ
525 1469 709 1544 τυχὸν.
758 1469 792 1538 ἢ
831 1466 962 1536 γοῦν
1013 1469 1326 1536 ἐπιστήμης
1371 1467 1467 1536 τῆς
1500 1465 1588 1534 ἐφ’
1621 1465 1844 1535 ὁτῳοῦν.

249 1578 274 1613 ε
336 1561 437 1614 δτι
468 1561 793 1624 Δοξάσουσιν
822 1561 942 1628 ἐμέ.
970 1553 1036 1610 Et
1066 1559 1174 1631 γὰρ
1206 1558 1300 1612 καὶ
1326 1557 1478 1630 ἐστιν
1519 1559 1578 1609 ἑν
1617 1557 1848 1610 ὕποστά·

252 1669 274 1701 ι
327 1666 431 1703 σει
461 1649 522 1702 τὸ
547 1648 770 1718 Πνεῦμα
801 1648 968 1717 ίδικῇ,
991 1647 1084 1699 καὶ
1118 1645 1467 1720 νοεῖταιηκαθ⁹
1500 1643 1686 1707 ἑαυτὸ,
1713 1642 1851 1722 καθδ

237 1759 272 1815 ,ι
328 1738 568 1808 Πνεῦμα
592 1741 706 1790 ἐστι
733 1737 828 1788 καὶ
853 1735 951 1804 οὐχ
981 1730 1129 1801 Υἱὸς,
1163 1733 1280 1787 ἀλλ’
1305 1731 1422 1801 οὖν,
1449 1733 1548 1785 οὐκ
1571 1731 1851 1800 ἀλλότριόν

250 1847 273 1878 ι
338 1829 500 1880 ἑστιν
534 1825 726 1880 αὐτοῦ.
763 1824 987 1892 Πνεῦμα
1034 1825 1145 1894 γὰρ
1191 1821 1451 1890 ἀληθείας
1502 1820 1843 1890 ὠνόμασται,

247 1937 270 1970 ι
330 1918 595 1988 καθάπερ
620 1917 816 1991 ἀμέλει
846 1917 940 1968 καὶ
989 1917 1054 1968 ἐκ
1117 1913 1210 1968 τοῦ
1262 1912 1401 1966 Θεοῦ
1457 1913 1552 1965 καὶ
1601 1913 1836 1982 Πατρός.

247 2029 271 2060 ο
345 1995 692 2078 Ἒνεργῆσαν
719 2007 1009 2079 τοιγαροῦν
1037 2008 1101 2059 τὸ
1121 2005 1348 2074 Πνεῦμα
1387 2005 1481 2057 καὶ
1515 2004 1604 2057 διὰ
1639 2004 1841 2073 χειρῶν

250 2120 274 2151 ι
326 2099 449 2152 τῶν
475 2099 646 2167 ἁγίων
667 2099 982 2152 ἀποστόλων
1007 2099 1075 2151 τὰ
1102 2097 1401 2167 παράδοξα,
1436 2095 1577 2166 μετά
1597 2095 1658 2149 τὸ
1687 2096 1839 2149 ἀνελ-

246 2209 273 2244 ο
340 2192 466 2244 θεῖν
493 2191 586 2243 τὸν
641 2188 848 2258 Κύριον
877 2189 1034 2258 ήμῶν
1080 2188 1287 2258 Ἰησοῦν
1331 2187 1567 2257 Χριστὸν
1621 2187 1700 2248 είς
1746 2186 1841 2238 τὸν

251 2302 273 2336 ι
324 2281 590 2352 οὐρανὸν,
652 2279 905 2345 ἐδόξασεν
952 2278 1138 2332 αὐτόν.
1199 2277 1534 2346 Ἐπιστεύθη
1597 2278 1706 2345 γάρ
1753 2277 1837 2328 ὅτι

251 2393 273 2424 ο
332 2373 472 2434 Θεὸς
504 2371 644 2425 κατὰ
682 2370 843 2439 φύσιν
868 2372 1003 2424 ἐστί.
1045 2371 1213 2426 Πάλιν
1261 2371 1422 2434 αὐτὸς
1478 2369 1719 2438 ἐνεργῶν
1749 2368 1835 2422 διὰ

252 2483 276 2527 ς
332 2463 434 2517 τοῦ
465 2465 619 2531 ἁγίου
656 2463 976 2533 Πνεῦματος
1009 2463 1245 2535 ἔφασκεν
1272 2465 1355 2516 ὅτι
1389 2482 1408 2514 ι
1461 2461 1556 2516 Ἐκ
1577 2461 1670 2515 τοῦ
1697 2458 1834 2531 ἐμοῦ

255 2573 276 2604 ι
334 2551 570 2622 λήψεται
604 2555 697 2605 καὶ
728 2553 1020 2620 ἀναγγελεῖ
1051 2553 1199 2622 ὑμῖν.
1237 2548 1256 2604 δ
1290 2554 1402 2606 Καὶ
1428 2551 1544 2604 οὔτι
1595 2553 1699 2603 πού
1732 2567 1837 2619 φα-

258 2667 278 2694 ι
341 2660 446 2714 μεν
479 2645 551 2708 ὡς
585 2647 651 2697 ὲκ
680 2638 915 2714 μετοχῆς
947 2644 1014 2706 τὸν
1041 2645 1267 2714 Πνεῦμά
1299 2646 1438 2709 ἐστι,
1471 2643 1634 2713 σοφόν
1662 2659 1720 2696 τε
1745 2643 1841 2696 καὶ

259 2755 278 2785 ι
331 2735 562 2787 δυνατόν
586 2747 601 2763 ο
628 2734 948 2786 παντέλειον
975 2734 1083 2803 γὰρ
1114 2739 1210 2786 καὶ
1233 2732 1531 2801 ἀπροσδεές
1557 2733 1674 2782 ἐστι
1705 2749 1840 2784 παν.

261 2845 282 2876 ι
329 2825 430 2888 τὸς
461 2823 687 2891 ἀγαθοῦ.
732 2824 886 2876 Ἐπεὶ
915 2824 995 2894 δὲη
1023 2824 1123 2893 τῆς
1165 2822 1262 2875 τοῦ
1291 2823 1506 2892 Πατρὸς
1557 2822 1841 2891 δυνάμεως

263 2935 286 2967 ς
341 2916 438 2968 καὶ
469 2916 679 2983 σοφίας,
709 2915 956 2968 τουτέστι
986 2913 1081 2966 τοῦ
1111 2912 1242 2966 Υίοῦ
1274 2911 1501 2983 Πνεῦμα
1529 2914 1700 2976 ἐστιν,
1739 2915 1841 2965 αὑ-

261 3025 285 3057 (
331 3009 589 3076 τόχρημα
617 3007 781 3075 σοφία
813 3008 932 3058 ἐστὶ
959 3007 1054 3058 καὶ
1080 3003 1332 3074 δύναμις.
1370 3023 1390 3057 ι

264 3116 284 3147 ι
329 3099 536 3152 tionem
587 3101 807 3168 sapiens
858 3105 954 3151 aut
1007 3104 1200 3165 potens
1245 3095 1317 3149 sit
1375 3112 1392 3149 :

489 515 493 518 γ
1227 425 1312 487 IN
1353 423 1743 486 CAMATERI
1782 424 2022 486 ANIMA
2033 425 2530 489 DVERSIONES.

243 537 376 594 τοῦ
405 537 605 594 αὐτοῦ
634 537 704 592 ὲκ
734 534 842 605 τῆς
870 536 1019 605 πρὸς
1047 535 1379 606 Νεστόριον
1399 533 1448 606 γ’
1483 533 1857 616 ἐπιστολῆς..
1879 543 1924 597 Α

3418 429 3524 495 546

2095 533 2351 603 Ejusdem
2390 552 2456 591 ea:
2479 535 2707 604 epistola
2741 536 2900 590 tertia
2935 536 3004 589 ad
3048 533 3375 590 Nestorium.

2021 646 2134 702 Cll.
2190 667 2208 700 ι
2241 647 2376 703 Cum
2428 649 2496 704 de
2553 647 2762 716 Spiritu
2825 658 3016 704 sancto
3069 649 3144 703 ait
3183 662 3254 702 τ’(
3287 647 3380 704 Ille
3435 666 3525 705 me

1958 757 1976 790 σ
2014 727 2407 807 ειοτίίῖοοιήιδ,
2443 758 2462 792 ι
2534 741 2638 794 nisi
2710 756 2894 795 errare
2927 742 3181 803 velimus,
3239 740 3519 796 Christum

1959 850 1977 880 ι
2018 829 2110 884 Dei
2134 829 2332 884 Filium
2366 831 2530 885 veluti
2561 831 2766 896 gloriae,
2794 847 2917 899 qua
2958 817 3180 886 aliunde
3218 831 3522 900 proﬁcisci—

1958 938 1976 971 ι
2021 929 2126 986 tur,
2163 921 2404 991 indigum
2458 938 2485 975 a
2520 922 2725 991 Spiritu
2776 931 2973 976 sancto
3015 922 3379 990 gloriﬁcatum
3420 937 3517 976 ne.

1957 1029 1976 1060 ‹
2013 1025 2289 1080 quaquam
2323 1012 2593 1067 dicemus.
2630 1011 2913 1081 Siquidem
2961 1009 3202 1079 Spiritus
3230 1012 3379 1065 illius
3422 1027 3522 1066 ne-

1955 1120 1974 1152 c
2013 1116 2121 1170 que
2167 1103 2532 1167 illo-melior,
2599 1118 2776 1172 neque
2825 1103 2917 1155 illo
2962 1119 3182 1156 rursum
3229 1105 3523 1158 sublimior

1956 1211 1974 1244 ι
2014 1202 2121 1248 est.
2163 1193 2362 1247 Verum
2400 1194 2546 1262 quod
2571 1196 2637 1248 ad
2669 1194 2974 1249 divinitatis
3022 1211 3135 1250 suae
3166 1196 3525 1264 significatio-

1959 1301 1977 1334 ι
2010 1298 2132 1336 nem
2173 1299 2275 1338 suo
2305 1284 2540 1338 subinde
2600 1282 2808 1350 Spiritu
2860 1285 2915 1336 in
2965 1285 3262 1354 insignium
3293 1302 3523 1356 operum

1957 1391 1976 1424 ι
2019 1376 2422 1444 perpetratione’
2455 1385 2720 1441 uteretur,
2765 1376 2836 1431 ob
2867 1377 2922 1431 id
2967 1394 3026 1432 se
3061 1378 3130 1432 ab
3173 1379 3268 1432 illo
3314 1381 3524 1446 gloria-

1956 1483 1978 1517 ι
2008 1467 2138 1519 cari
2159 1467 2540 1535 profitebatur,
2576 1469 2802 1537 perinde
2831 1465 2896 1523 ac
2939 1471 2984 1523 si
3013 1471 3134 1538 quis
3178 1480 3425 1524 nostrum
3458 1472 3528 1525 de

1956 1573 1976 1607 ι
2017 1571 2112 1610 sua
2146 1555 2491 1624 fortitudine,
2524 1568 2620 1613 aut
2665 1561 2914 1630 cujusvis
2947 1561 3044 1614 .rei
3079 1560 3307 1614 scientia
3336 1561 3522 1614 dicat:

1930 1664 1979 1716 Α
2017 1645 2135 1699 Mea
2167 1661 2251 1700 me
2274 1647 2474 1714 virtus,
2509 1657 2604 1702 aut
2633 1650 2863 1716 scientia
2895 1650 3244 1719 glorificabit.
3284 1648 3420 1704 Nam
3469 1659 3527 1702 et

1958 1753 1977 1785 ι
2015 1735 2062 1790 si
2093 1732 2329 1804 Spiritus
2361 1737 2415 1790 in
2446 1739 2664 1807 propria
2691 1753 2924 1807 persona
2948 1739 3234 1805 subsistat,
3268 1749 3525 1794 eatenus-

1965 1842 1983 1875 ι
2019 1840 2128 1894 que
2180 1827 2234 1878 in
2267 1839 2328 1881 se
2366 1828 2485 1895 ipso
2527 1829 2929 1894 consideretur,
2963 1829 3526 1899 quatenusSpiritus

1953 1933 1971 1966 ι
2008 1926 2094 1969 est
2120 1925 2173 1970 et
2212 1932 2320 1970 non
2359 1917 2556 1980 Filius,
2584 1933 2693 1972 non
2737 1929 3026 1973 esttamen
3067 1920 3136 1973 ab
3170 1933 3234 1973 eo
3265 1920 3475 1974 alienus
3505 1935 3522 1973 :

1956 2024 1974 2058 ι
2012 2008 2450 2076 quandoquidem
2478 2007 2713 2078 Spiritus
2738 2011 2983 2064 veritatis
3007 2011 3341 2063 nominatur.
3361 2009 3524 2063 Citri-

1958 2117 1976 2150 ι
2013 2111 2136 2154 stus
2169 2111 2350 2153 autem
2383 2102 2584 2154 veritas
2607 2112 2726 2167 est;
2757 2102 2852 2155 sed
2878 2111 2935 2155 et
2964 2103 3190 2170 perinde
3210 2116 3428 2171 quoque
3454 2101 3524 2156 ab

1962 2208 1980 2240 ι
2020 2189 2114 2242 illo
2147 2201 2312 2257 atque
2347 2205 2376 2242 a
2408 2188 2517 2243 Deo
2543 2188 2703 2243 Patre
2745 2191 3117 2258 profunditur.
3141 2192 3294 2244 .Cum
3337 2191 3523 2259 itaque

1953 2298 1971 2331 ι
2009 2278 2244 2334 Domino
2300 2292 2492 2336 nostro
2560 2284 2626 2335 ad
2679 2282 2878 2336 ccelum
2941 2294 3227 2352 assumpto
3287 2283 3524 2350 Spiritus

1951 2389 1971 2422 ι
2010 2380 2233 2427 sanctus
2272 2373 2535 2441 Stupenda
2591 2372 2839 2440 prodigia
2884 2386 2978 2440 per
3031 2384 3347 2426 sanctorum
3393 2385 3532 2439 apo-_

1951 2480 1969 2512 ι
2006 2463 2272 2516 stolorum
2308 2478 2502 2516 manus
2547 2461 2752 2529 ederet,
2797 2473 2929 2516 tunc
2963 2478 3089 2516 vere
3130 2463 3284 2516 illum
3320 2461 3526 2532 glorifi-

1952 2575 1970 2603 ι
2009 2555 2174 2607 cavit.
2217 2553 2494 2608 Creditum
2540 2563 2622 2607 est
2661 2555 2806 2607 enim
2843 2555 2991 2623 quod
3037 2554 3177 2608 Deus
3216 2555 3514 2608 secundum

1950 2638 1970 2694 ἱ
2013 2652 2262 2702 naturam
2299 2654 2465 2707 esset,
2505 2659 2603 2712 per
2658 2643 2922 2714 Spiritum
2959 2662 3115 2702 suum
3161 2647 3313 2700 illum
3343 2647 3524 2701 denuo

1952 2751 1972 2784 ι
2013 2735 2250 2802 operari.
2320 2734 2612 2804 Propterea
2674 2752 2896 2806 quoque
2964 2737 3230 2792 Dominus
3265 2738 3446 2792 aiebat
3503 2755 3517 2794 :

1953 2843 1970 2873 ι
2011 2822 2280 2888 Quoniam
2336 2826 2403 2879 de
2448 2842 2568 2880 meo
2621 2828 2874 2896 accipiet,
2924 2839 2977 2882 et
3029 2828 3377 2882 annuutiabit
3423 2842 3524 2882 vo-

1955 2933 1973 2965 ι
2013 2916 2163 2968 bis'.
2202 2933 2220 2965 ι
2287 2917 2401 2969 Hoc
2461 2925 2638 2971 tamen
2689 2933 2796 2972 non
2849 2920 2924 2972 ita
2965 2919 3344 2986 accipiendum
3393 2928 3519 2982 est,

1956 3023 1976 3055 ι
2019 3008 2174 3074 quasi
2212 3009 2452 3075 Spiritus
2497 3020 2723 3062 sanctus
2755 3025 2850 3077 per
2882 3011 3177 3077 quamdam
3219 3009 3519 3078 participa-

1449 3103 1535 3168 est
1581 3095 1726 3148 enim
1789 3095 1878 3149 ille
1932 3098 2178 3150 numeris
2239 3099 2494 3154 omnibus
2555 3098 2855 3167 perfectus,
2909 3102 3224 3169 nulliusque
3300 3099 3519 3168 penitus

261 3211 286 3244 ι
333 3192 552 3260 indigus
588 3207 602 3244 :
634 3204 822 3245 verum
883 3192 1013 3259 quia
1107 3190 1416 3259 potentiae;
1465 3198 1522 3245 et
1584 3191 1869 3260 sapientiae
1932 3189 2134 3257 Patris,
2176 3191 2281 3248 hoc
2325 3204 2409 3247 est
2473 3191 2596 3247 Filii
2639 3194 2873 3261 Spiritus
2933 3203 3036 3260 est,
3079 3196 3208 3249 biuc
3277 3206 3333 3248 et
3388 3193 3506 3258 ipse

267 3307 288 3340 ι
335 3299 558 3356 quoque
589 3300 648 3339 re
677 3284 792 3356 ipsa
834 3284 1075 3353 petentia
1099 3293 1156 3338 et
1187 3284 1456 3354 sapientia
1489 3292 1592 3340 est.
1627 3302 1647 3336 ι

879 3377 1262 3430 Ἐπιστασια.

348 3487 368 3521 ι
415 3466 660 3531 Συνετῶς
690 3467 790 3536 τῆς
824 3468 1130 3538 περικοπῆς
1180 3467 1386 3538 ταύτης
1417 3469 1606 3533 ἄκουε,
1637 3470 1734 3524 καὶ
1767 3467 1846 3541 μὴ

2523 3376 2935 3428 Animadversio.

2026 3488 2044 3522 ι
2083 3468 2379 3524 Prudenter
2401 3469 2543 3524 banc
2574 3472 2882 3538 pet‘icupettt
2910 3468 3226 3537 intelligito,
3256 3484 3431 3536 neque
3463 3479 3518 3526 te

262 3579 283 3610 ι
337 3558 569 3628 θροείτω
596 3575 656 3610 σε
682 3559 743 3611 τὸ
769 3558 950 3626 λέγειν
982 3559 1074 3612 τὸν
1106 3562 1263 3627 ἀγιον
1290 3563 1349 3612 ἐν
1397 3560 1575 3632 ταύτῃ
1622 3562 1844 3630 προχεῖ-

1954 3579 1974 3612 ι
2013 3561 2215 3626 turbet,
2247 3577 2368 3613 cum
2402 3560 2457 3612 in
2503 3575 2566 3614 ea
2598 3569 2824 3614 sanctus
2872 3561 3006 3613 dicit
3039 3559 3293 3628 profundi
3343 3561 3518 3629 Spiri-

263 3673 285 3703 ι
335 3652 461 3704 σθαι
485 3653 544 3704 τὸ
567 3650 789 3721 Πνεῦμα
819 3653 968 3720 παρὰ
988 3651 1081 3704 τοῦ
1109 3649 1261 3718 Υἱοῦ,
1300 3651 1549 3722 καθάπερ
1576 3655 1666 3704 καὶ
1693 3654 1844 3723 παρά

1952 3663 2120 3707 tium
2172 3668 2202 3706 a
2251 3650 2412 3716 Filio,
2460 3652 2684 3721 perinde
2731 3663 2894 3720 atque
2936 3668 2967 3706 a
3019 3653 3128 3705 Deo
3179 3653 3356 3706 l'atre.
3409 3651 3516 3708 Sed

266 3765 286 3796 ι
336 3743 432 3798 τοῖ
469 3744 678 3813 Πατρός
702 3759 717 3774 ·
765 3743 900 3797 ἀλλά
921 3745 1018 3806 τὰς
1056 3745 1182 3806 ὅλας
1209 3743 1369 3806 εὐθὺς
1399 3745 1718 3812 ἀναλογίζου
1746 3744 1839 3798 τοῦ

268 3857 287 3887 ι
349 3835 515 3888 αὑτοῦ
561 3835 654 3886 καὶ
689 3833 806 3897 ἐνὸς
853 3835 1006 3902 ἁγίου
1059 3836 1382 3905 περικοπὰς,
1424 3836 1522 3898 τὰς
1583 3836 1842 3905 ἀνωτέρω

268 3948 290 3979 ι
344 3925 850 3997 καταστρωθείσας,
877 3928 971 3978 καὶ
995 3928 1266 3993 εὑρίσκων
1288 3931 1344 3980 ὲν
1361 3928 1596 3991 ἐκείναις
1617 3929 1840 3992 πόσαις,

274 4036 294 4069 ι
355 4019 424 4070 εκ
450 4017 544 4069 τοῦ
572 4017 785 4085 Πατρδς
811 4019 1267 4086 μαρτυρουμένην
1285 4017 1380 4085 τὴν
1403 4018 1494 4070 τοῦ
1524 4019 1840 4086 Πνεῦματος

276 4129 296 4159 ‹
358 4111 712 4176 ὲκπόρευσιν,
737 4108 834 4175 τὴν
864 4108 919 4159 δὲ
952 4109 1119 4172 δόσιν,
1152 4108 1184 4176 ἢ
1232 4113 1330 4177 τὴν
1362 4110 1644 4179 χορηγίαν,
1682 4109 1713 4175 ἢ
1740 4110 1839 4174 τὴν

276 4223 294 4254 ι
355 4202 682 4268 ἀποστολὴν,
720 4201 814 4252 καὶ⁵
839 4200 907 4252 τά
933 4200 1142 4260 τούτοις
1169 4203 1328 4269 ὃμοια
1379 4202 1529 4269 παρὰ
1560 4198 1653 4252 τοῦ
1681 4199 1836 4264 Υἰοῦ,

278 4315 295 4346 t
361 4295 470 4345 νόει
504 4291 782 4358 κάνταῦθα
837 4291 933 4361 τὴν
991 4291 1252 4360 πρόχυσιν
1285 4291 1641 4351 ἀδιαστίκτως
1670 4288 1813 4341 οὕτω

276 4407 293 4438 ι
357 4384 629 4446 τεθεῖσαν,
684 4382 809 4435 ἄλλο
839 4401 890 4435 τι
946 4383 1096 4452 παρά
1137 4372 1234 4452 τὴν
1295 4384 1643 4452 ὲκπόρευσιν,
1690 4381 1838 4435 δόσιν

277 4498 294 4528 ι
345 4479 525 4546 τυχὸν,
557 4477 589 4545 ἢ
627 4474 951 4544 ἀποστολὴν,
987 4474 1019 4542 ἢ
1053 4474 1241 4542 ἕτερον
1265 4477 1465 4542 ὅμοιον.
1507 4492 1526 4524 ι

869 4565 1255 4632 Ἀντιξρῤησις.

353 4655 410 4706 ⁸0
438 4653 594 4721 ἀγιος
647 4653 880 4705 ἐνταῦθα
926 4653 1246 4721 προχεῖσθαι
1302 4653 1450 4720 λέγει
1500 4654 1562 4705 τὸ
1607 4652 1834 4722 Πνεῦμα

1950 3767 1970 3800 ι
2013 3763 2205 3804 omnes
2238 3740 2422 3803 statim
2449 3749 2692 3819 ejusdem
2723 3756 2994 3818 uniusque
3029 3751 3201 3803 sancti
3235 3751 3518 3818 pericopas

1949 3859 1966 3892 ι
2006 3841 2059 3894 in
2116 3846 2350 3893 mentem
2400 3854 2594 3894 revoca
2649 3856 2813 3908 supra
2873 3843 3133 3910 digestas,
3177 3852 3230 3894 et
3277 3857 3400 3894 cum
3461 3841 3519 3894 in

1949 3949 1966 3980 ι
2009 3931 2117 3982 illis
2147 3929 2401 3983 omnibus
2435 3931 2675 3998 reperies
2711 3928 2952 3998 Spiritus
2987 3931 3396 3998 processionem
3437 3945 3506 3984 ex

1949 4042 1967 4074 ι
2006 4021 2163 4075 Patre
2202 4028 2581 4083 contestatam,
2619 4022 2894 4074 dationem
2936 4033 3140 4086 autem,
3193 4022 3281 4075 vri
3307 4038 3510 4091 suppe-

1948 4132 1966 4164 r
2003 4114 2348 4176 dilationem,
2404 4117 2486 4164 vel
2546 4111 2859 4165 missionem
2909 4122 2964 4165 et
3014 4111 3214 4167 similia
3263 4129 3292 4166 a
3353 4113 3515 4174 Filio.

1947 4221 1964 4253 ι
2004 4204 2291 4272 intelligito
2345 4200 2432 4254 hic
2468 4216 2688 4269 quoque
2739 4203 3134 4270 profusionem,
3190 4205 3269 4256 sic
3312 4205 3520 4272 absque

1948 4310 1966 4342 ι
2007 4293 2115 4345 ulla
2161 4291 2511 4346 distinctione
2553 4293 2858 4358 appositam
2916 4292 3062 4344 aliud
3113 4293 3394 4360 quidpiam
3449 4301 3518 4344 ab

1947 4401 1964 4433 ι
2000 4383 2116 4451 ipsa
2167 4382 2516 4451 processione
2576 4383 2825 4444 innuere,
2881 4382 3158 4436 dationem
3208 4382 3368 4447 forte,
3417 4398 3511 4438 aut

1946 4490 1964 4521 ι
2005 4473 2349 4534 missionem,
2383 4480 2477 4522 ant
2504 4469 2648 4522 aliud
2683 4471 2885 4524 simile.
2926 4490 2944 4522 ι

2572 4559 2876 4625 Refutatio.

2015 4647 2248 4704 Sanctus
2308 4649 2394 4703 hic
2440 4653 2636 4703 astruit
2689 4650 2950 4719 Spiritum
2999 4651 3252 4720 profundi
3299 4666 3328 4704 a
3380 4650 3517 4705 Filio

271 4746 422 4813 παρὰ
453 4743 546 4796 τοῦ
585 4743 739 4807 Υίοῦ,
793 4743 1046 4810 καθάπερ
1102 4746 1293 4811 ἀμέλει
1337 4745 1431 4796 καὶ
1473 4745 1538 4795 ἐκ
1567 4742 1661 4795 τοῦ
1705 4741 1841 4795 Θεοῦ

1951 4743 2171 4809 perinde
2216 4753 2381 4809 atque
2429 4757 2459 4793 a
2511 4741 2622 4794 Deo
2652 4740 2834 4795 Patre.
2880 4740 2936 4795 Si
2982 4744 3187 4810 itaque,
3219 4751 3280 4795 ut
3325 4753 3378 4795 tu
3413 4749 3518 4804 ais,

272 4835 368 4887 καὶ
398 4834 630 4902 Πατρός.
660 4835 720 4884 El
757 4833 909 4900 γοῦν,
943 4834 1016 4894 ὡς
1057 4833 1122 4884 σὺ
1155 4833 1280 4902 φῂς,
1330 4835 1428 4901 τὴν
1474 4834 1620 4884 δόσιν
1649 4837 1836 4904 τυχὸν,

1940 4835 2213 4887 (lationem
2251 4833 2411 4896 forte,
2447 4843 2537 4886 aut
2599 4835 2920 4888 missionem
2974 4835 3222 4904 profusio
3273 4837 3519 4895 denotat,

271 4928 305 4996 ἢ
333 4927 430 4994 τὴν
454 4924 760 4995 ἀποστολὴν
789 4925 1046 4992 ἐμφαίνει
1076 4925 1111 4992 ή
1147 4925 1431 4993 πρόχυσις,
1459 4923 1520 4976 τὸ
1549 4923 1604 4988 ἐξ
1636 4924 1840 4991 ἀμφοῖν

1951 4925 2084 4994 quod
2132 4941 2196 4978 ex
2227 4936 2459 4991 utr0que
2495 4925 2868 4992 profunditur,
2911 4942 2972 4979 ex
3024 4938 3259 4994 utroque
3308 4929 3518 4988 datum,

273 5017 635 5087 προχεόμενον
693 5018 750 5082 ἐξ
781 5018 993 5086 ἀμφοῖν
1021 5015 1316 5085 διδόμενον,
1373 5016 1406 5084 ἢ
1441 5016 1843 5084 ἀποστελλόμε-

272 5125 362 5160 νον
391 5109 565 5160 ἔσται.
602 5111 710 5161 Καὶ
740 5109 786 5158 εί
817 5108 916 5176 μὲν
943 5108 1162 5176 νοηθείη
1199 5108 1260 5159 τὸ
1311 5093 1535 5175 Πνεῦμα
1566 5107 1842 5176 διδόμενον

271 5200 307 5268 ἢ
341 5199 803 5263 ἀποστελλόμενον
865 5197 922 5261 ἐξ
953 5198 1175 5264 ἀμφοῖν,
1217 5195 1292 5256 ὡς
1333 5197 1391 5260 ἐξ
1425 5198 1626 5264 ἀμφοῖν
1662 5197 1842 5264 ὑπάρ-

272 5309 390 5362 χον,
413 5293 496 5356 τὸ,
527 5291 1011 5360 ζητούμενονὴμῖν
1045 5289 1297 5342 ἐντεῦθεν
1332 5290 1668 5354 συνίσταται,
1697 5291 1836 5360 ὅπερ

273 5386 391 5436 εστὶ
419 5384 477 5436 τὸ
529 5385 629 5454 τὴν
683 5384 741 5446 ἐξ
770 5385 971 5452 ἀμφοῖν
1005 5383 1150 5435 δόσιν
1183 5398 1239 5434 τε
1276 5382 1368 5442 καὶ
1408 5381 1718 5450 ἀποστολὴν
1768 5385 1836 5451 τῇ

274 5476 333 5537 εξ
371 5467 574 5543 ἀμφοῖν
607 5474 836 5538 ὑπάρξει
867 5473 957 5525 τοῦ
983 5473 1300 5542 Πνεύματος
1329 5472 1679 5526 ἀκολουθεῖν·
1708 5474 1755 5525 εί
1780 5474 1837 5526 δὲ

270 5570 553 5635 διὸόμενον
584 5566 676 5618 καὶ
707 5567 1172 5633 ἀποστελλόμενον
1198 5563 1412 5632 νοηθείη
1443 5563 1504 5628 ἐξ
1528 5565 1731 5632 ἀμφοῖν
1761 5565 1836 5626 ὼς

273 5663 542 5730 ὑπάρχον,
581 5657 842 5728 οῦμενουν
875 5658 934 5721 ἐξ
968 5661 1189 5728 ἀμφοῖν,
1226 5657 1356 5712 ἀλλο
1409 5659 1559 5727 παρά
1599 5659 1667 5711 τὰ
1708 5656 1837 5726 τρία

341 5821 363 5847 ⁸
385 5819 541 5873 Joan.
573 5830 688 5878 xw,
723 5814 806 5868 Η.
884 5815 903 5844 ⁸
932 5812 1063 5868 ibid.

1943 5028 2034 5071 aut
2066 5019 2294 5071 missum
2339 5019 2504 5070 fuerit
2535 5036 2546 5070 :
2585 5028 2639 5071 et
2685 5019 2727 5070 si
2764 5015 2999 5085 Spiritus
3036 5020 3374 5086 intelligatur
3425 5021 3524 5072 da-

1943 5110 2318 5172 tus,.missus,
2367 5118 2462 5162 aut
2493 5111 2652 5162 datus
2707 5108 2776 5161 ab
2834 5119 3090 5177 utroque,
3138 5107 3398 5178 tanquam
3450 5113 3521 5164 ab

1945 5211 2178 5267 utroque
2227 5201 2539 5265 exsistens,
2597 5201 2740 5266 quod
2801 5204 3102 5268 quaerimus
3161 5203 3285 5255 inde
3351 5203 3518 5256 etiam

1944 5292 2413 5358 comprobabitur,
2448 5292 2593 5357 quod
2637 5300 2741 5356 est,
2795 5307 2860 5345 ex
2889 5273 3128 5360 utroque.
3161 5294 3436 5348 dationem
3466 5304 3521 5348 tt

1949 5382 2288 5444 missionem,
2346 5395 2408 5434 ex
2457 5389 2693 5450 utroque
2730 5385 3105 5436 exsistentiam
3151 5385 3387 5452 Spiritus
3436 5401 3521 5437 se-

1947 5472 2064 5539 qui.
2094 5473 2248 5536 Quod
2277 5473 2319 5530 si
2347 5474 2505 5525 datus
2534 5485 2585 5526 et
2615 5476 2814 5526 missus
2853 5477 2923 5527 ab
2956 5488 3189 5544 utroque
3251 5475 3522 5543 intelligu-

1948 5573 2035 5616 tur
2104 5580 2212 5617 non
2244 5569 2513 5631 tanquam
2558 5565 2626 5616 ab
2664 5573 2897 5631 utroque
2935 5571 3228 5632 exsistens,
3265 5583 3376 5635 pra:
3419 5580 3517 5618 ιιι-

1945 5657 2047 5711 bus
2085 5657 2232 5710 hisce
2257 5655 2556 5710 diiiuitatis
2582 5658 2830 5728 personis
2861 5659 2965 5710 alia
2992 5671 3284 5727 qua-retur,
3317 5674 3384 5712 ex
3414 5673 3521 5729 qua
