4148 6452
95 464 234 531 593

1121 475 1209 539 IN
1249 478 1638 541 CAMATERI
1679 481 2432 547 ANIMADVERSIONES.

3321 492 3426 556 594

92 584 288 656 ἅπερ
332 587 515 657 φασὶν
547 588 579 642 6
610 586 785 660 μίγας
822 588 1164 665 Ἀθανάσιος,
1188 595 1217 649 6
1249 595 1426 665 μέγας
1451 594 1733 670 Κῦριλλος,

1845 602 2118 675 Cyrillus,
2178 600 2467 677 -l\'yssenus
2517 601 2849 674 Gregorius,
2900 608 3124 675 sapiens
3178 609 3421 666 Joannes

91 677 443 750 ὀ-Νὔσσης
476 680 798 757 Γρηγόριος,
824 682 925 747 οὐκ
953 681 1021 746 ᾇν
1047 687 1077 739 6
1109 685 1274 756 σοφδς
1319 689 1578 761 Ἰωάννης
1595 691 1746 746 ἀντι-

95 765 483 837 sensum,
543 772 658 827 ἀλλ’
717 775 836 843 δρεῐ
875 775 972 829 καὶ⁵
1021 777 1187 839 αὐτὸς
1219 779 1306 840 δτι
1349 779 1496 835 οὕτω
1540 783 1636 836 καὶ
1683 785 1748 838 ἐκ

93 858 221 914 τοῦ
271 861 430 945 Υῑοῦ
465 863 524 916 τὸ
576 863 839 937 Πνεῦμα·
866 865 957 921 διὰ
1005 869 1101 923 τοῦ
1146 868 1278 923 Υίοδ
1323 872 1430 942 γάρ
1468 890 1603 943 φησι
1656 873 1750 928 καὶ

94 950 350 1021 αὐτὸς,
377 955 456 1026 ὥς
485 956 913 1032 ισοδυναμούσης
941 961 1044 1032 τῆς
1068 961 1167 1017 διὰ
1215 963 1312 1032 καὶ.
1333 965 1434 1033 τῆς
1452 964 1541 1032 ἐξ.
1593 966 1657 1020 El
1691 967 1749 1022 66

94 1045 198 1109 ὡς
263 1047 356 1100 6a:
394 1039 621 1121 πρώτης
679 1051 864 1119 αἰτίας
909 1055 1003 1106 καὶ
1035 1055 1102 1108 ὲκ
1134 1055 1230 1107 τοῦ
1280 1052 1413 1125 nos?
1443 1057 1595 1122 λέγει
1639 1074 1746 1125 τις,

97 1135 288 1208 ὅπερ
326 1133 456 1192 εἷπε
487 1140 596 1194 τῶν
626 1140 804 1210 ἁγίων
841 1144 1039 1211 οὐδεὶς,
1073 1147 1171 1200 καὶ⁸
1197 1131 1616 1216 ἀντιφθέγξεται
1654 1149 1749 1202 καὶ

103 1231 305 1299 μέγα
361 1232 575 1304 βοήσει,
612 1233 786 1288 ταῦτα
817 1237 898 1297 είς
952 1237 1034 1303 τὸ,
1084 1255 1104 1289 ι
1149 1239 1213 1291 ὲκ
1260 1237 1357 1291 τοῦ
1413 1237 1542 1292 Υίοῦ
1596 1239 1749 1294 δὲτὸ

103 1319 392 1392 Πνεῦμα
423 1323 486 1376 οὐ
528 1322 783 1396 λέγομεν,
830 1343 849 1377 ι
891 1327 1083 1396 ἐτέρου
1127 1327 1236 1397 πρὸ
1280 1329 1439 1399 ὴμῶν
1465 1330 1746 1400 εἰρηκότος

101 1413 326 1480 σοφοῦ
356 1413 428 1472 τὰ
453 1415 598 1480 θεῖα,
625 1416 720 1471 καὶ
745 1418 952 1488 ὑψηλοῦ
976 1418 1076 1490 τὴν
1097 1420 1362 1488 διάνοιαν,
1387 1422 1550 1476 πλέον
1579 1423 1744 1494 ἡμεῖς

97 1503 395 1575 ἐροῦμεν
420 1507 617 1569 οὐδέν,
650 1510 778 1564 Ὅτι
809 1511 868 1564 66
899 1514 1261 1583 σημειοῦσθαι
1321 1513 1503 1583 λέγεις
1554 1515 1649 1569 καὶ
1685 1515 1748 1568 τὸ

102 1595 344 1665 ῥητῶς
382 1596 755 1670 ἀπαγορεύειν
804 1601 900 1655 τὸν
941 1602 1100 1672 ἅγιον
1149 1603 1412 1673 λέγεσθαι
1462 1605 1555 1659 τδν
1613 1606 1745 1659 Υίὺν

103 1685 353 1753 αἴτιον,
379 1689 718 1746 ὴειθὲτωσάν
748 1709 810 1746 σε
844 1694 900 1747 αί
934 1694 1201 1767 πολλαχοῦ
1225 1679 1338 1766 ⁵τῆς
1385 1696 1611 1769 Γραφῆς
1653 1697 1746 1766 δη-

103 1776 347 1831 λοῦσαι
385 1774 574 1850 ῥήσεις
601 1783 694 1842 τὸν
731 1785 955 1855 Πατέρα
986 1785 1162 1844 αἴτιον
1189 1788 1410 1842 πάντων
1446 1789 1540 1844 καὶ
1566 1788 1744 1861 ἀρχὴν

107 1867 379 1922 πάντων
414 1870 490 1942 μὴ
515 1863 654 1942 πρδς
673 1873 962 1944 διαστολὴν
992 1878 1085 1931 τοῦ
1111 1878 1244 1932 Υίοῦ
1273 1879 1530 1948 λέγεσθαι
1556 1880 1738 1947 τοῦτο,

1851 711 1953 751 nec
1996 704 2188 753 contra
2237 697 2451 760 hiscere
2496 697 2743 764 auderet,
2784 696 2879 754 sed
2933 698 3113 753 modis
3163 701 3425 760 omnibus

1851 782 2186 851 enuntiaret,
2221 789 2335 859 pari
2369 788 2536 844 modo
2558 805 2625 844 ex
2649 787 2789 845 Filio
2822 804 2947 845 esse
2979 788 3248 859 Spiritum
3280 809 3295 846 :
3323 806 3420 862 per

1851 875 2051 956 Filium
2109 880 2256 935 enim
2317 895 2442 937 esse
2498 897 2600 936 nec
2651 881 2767 952 ipse
2832 887 3032 951 negat;
3088 896 3213 938 cum
3264 897 3425 952 pares

1849 958 1994 1027 vires
2026 970 2261 1028 habeant
2286 972 2697 1043 praepositiones
2734 988 2802 1028 ea:
2827 982 2878 1029 et
2909 990 3019 1041 per.
3053 972 3207 1041 Quod
3237 975 3284 1030 si
3312 975 3424 1030 vel-

1855 1062 1932 1117 uti
1972 1078 2039 1118 ex
2080 1062 2256 1133 prima
2322 1078 2490 1120 causa
2529 1061 2666 1120 Filio
2695 1065 2967 1136 quispiam
3007 1064 3229 1132 dicerit,
3275 1065 3427 1136 quod

1850 1154 2035 1210 nullus
2076 1169 2144 1209 ex
2185 1153 2444 1211 Patribus
2477 1156 2738 1222 asseruit,
2777 1162 2971 1212 contra
3009 1172 3130 1213 sese
3158 1169 3420 1227 opponet,

1851 1260 2220 1316 magnumque
2259 1245 2544 1305 clamabit.
2578 1249 2706 1302 Hec
2739 1261 2866 1303 cum
2903 1247 2960 1304 in
2991 1248 3147 1315 illud,
3183 1234 3202 1299 ι
3237 1249 3304 1304 ex
3330 1239 3430 1302 Fi-

1849 1337 1923 1394 lio
1970 1335 2234 1407 Spit-itum
2291 1353 2399 1394 non
2457 1339 2716 1404 dicimus,
2753 1358 2771 1391 ι
2828 1340 2970 1396 alius
3027 1341 3306 1410 quispiam
3363 1340 3422 1396 in

1849 1429 2016 1485 rebus
2045 1429 2248 1485 divinis
2290 1431 2586 1487 admodum
2633 1440 2925 1501 praestans,
2973 1440 3030 1488 et
3060 1433 3310 1488 sublimis
3343 1433 3428 1486 in-

1847 1521 1990 1593 genii
2025 1521 2130 1590 vir,
2179 1530 2308 1578 ante
2349 1538 2450 1579 nos
2496 1523 2891 1594 interpretatus
2920 1524 3105 1591 fuerit,
3145 1541 3248 1580 nos
3279 1527 3421 1580 nihil

1847 1615 1987 1670 ultra
2008 1614 2293 1671 addemus.
2321 1615 2477 1682 Quod
2513 1632 2641 1672 vero
2686 1625 2865 1684 notas,
2899 1619 3084 1674 verbis
3121 1619 3418 1688 ipsissimis

1846 1714 2032 1763 vetare
2063 1719 2343 1775 sanctum,
2377 1723 2447 1763 ne
2491 1707 2664 1766 Filius
2695 1711 2912 1765 dicatur
2937 1726 3124 1776 causa,
3159 1712 3426 1768 suadeant

1847 1799 1971 1867 tibi,
2002 1815 2126 1871 quae
2153 1801 2342 1858 multis
2381 1804 2436 1856 in
2462 1803 2595 1858 locis
2623 1803 2951 1873 scriptorum
2985 1804 3132 1859 dicta
3171 1805 3424 1875 inspersa

1847 1899 1996 1956 sunt,
2022 1891 2434 1962 patefacientia.
2477 1895 2694 1950 Patrem
2737 1896 2984 1949 omnium
3023 1909 3244 1952 causam
3275 1912 3421 1962 esse,

109 1956 298 2010 ἀλλὰ
334 1961 473 2030 πρὸς
501 1962 740 2031 δήλωσιν
780 1965 874 2018 τοῦ
928 1967 1094 2021 αὐτὸν
1137 1969 1349 2024 ἐκεῖνον
1377 1970 1471 2025 τὸν
1520 1971 1733 2040 Πατέρα

1846 1956 2202 2054 omniumque
2233 1985 2587 2055 principium,
2639 2000 2748 2041 non
2782 1987 2851 2042 ad
2893 1987 3295 2044 excludendum
3334 1956 3424 2043 Fi;

109 2048 336 2121 ἀρχὴν
373 2052 470 2105 καὶ
505 2055 664 2123 ῥίζαν
689 2057 788 2126 τῆς
828 2056 1085 2113 ἁπάντων
1135 2062 1318 2125 αἰτίας
1358 2059 1525 2127 εῖναι,
1560 2063 1611 2117 εί
1647 2063 1743 2116 καὶ

112 2137 234 2191 διὰ
267 2139 371 2193 τοῦ
403 2140 533 2222 Υιοῦ
562 2142 633 2197 τὰ
658 2146 836 2198 πάντα
870 2146 934 2200 ὲκ
960 2146 1054 2201 τοῦ
1089 2148 1304 2222 Πατρὸς
1327 2146 1467 2203 εἶναι
1497 2150 1739 2218 λέγεται.

115 2228 265 2282 Καὶ
298 2221 578 2303 συνίστησι
599 2234 698 2304 τὴν
723 2235 930 2290 ἔννοιαν
955 2237 1162 2309 ταύτην
1185 2221 1281 2293 καὶ
1306 2241 1468 2305 αὐτὸς
1500 2241 1528 2293 ό
1561 2241 1738 2310 ἆγιος.

112 2315 355 2387 λέγων·
382 2321 440 2374 ὲν
476 2322 544 2393 τῇ
599 2324 831 2398 ῥηθείσῃ
886 2332 1194 2400 περικοπῇ·
1225 2331 1332 2384 Τὸν
1378 2331 1434 2385 δὲ
1489 2332 1619 2386 Υίδν
1677 2332 1738 2385 οὐ

116 2407 390 2480 λέγομεν
453 2414 629 2469 αῐτιον
689 2418 813 2472 οῦδὲ
873 2417 1127 2491 Πατέρα·
1192 2421 1358 2484 οἱονεὶ
1421 2423 1538 2494 γὰρ
1581 2423 1741 2479 τοῦτο

118 2502 439 2572 ἐμφαίνων
472 2507 619 2561 ἐστίν
643 2527 657 2541 ·
685 2512 714 2564 ὁ
737 2511 796 2566 66
838 2512 984 2578 Υίὸς,
1015 2515 1205 2586 ὥσπερ
1241 2517 1341 2569 οὐκ
1372 2514 1487 2570 ἐστι
1529 2517 1739 2587 Πατὴρ,

117 2595 278 2648 οὐδὲ
322 2597 496 2664 αἴτιος
525 2602 666 2657 κατὰ
693 2604 786 2659 τδν
835 2607 1056 2678 Πατέρα
1094 2610 1236 2673 ἐστὶ,
1289 2612 1575 2664 τουτέστιν
1620 2611 1741 2681 οὐχ).

124 2685 321 2751 αὑτός
355 2690 502 2746 ἑπιν
533 2693 567 2764 ἡ
600 2693 699 2764 τῆς
729 2696 910 2761 αίτίας
949 2698 1076 2768 ῥίζα
1102 2714 1172 2752 τε
1191 2699 1283 2752 καὶ
1310 2700 1474 2773 ἀρχή.

140 2874 270 2930 ἐκ
292 2875 401 2931 τοῦ
424 2876 496 2946 ιγ’
521 2880 856 2949 κεφαλαίου
876 2881 986 2936 τοῦ
1009 2882 1144 2952 περὶ
1190 2886 1366 2939 θείων
1406 2884 1737 2955 ὀνομάτων.

219 3057 405 3114 PMB.
441 3076 461 3111 ι
495 3059 667 3115 ὀταν
685 3062 795 3134 γὰρ
813 3063 1054 3137 ἑννοήσω
1069 3067 1197 3137 μίαν
1223 3067 1335 3124 τῶν
1363 3068 1736 3136 ὑποστάσεων,

143 3169 169 3203 ι
229 3148 437 3205 τέλειον
467 3151 599 3206 Θεὸν
624 3156 800 3227 αὐτὴν
831 3154 968 3225 οἶδα,
1001 3159 1212 3214 τελείαν
1240 3161 1448 3216 οὐσίαν.
1475 3162 1648 3216 Ὅταν
1679 3163 1738 3216 66

138 3262 163 3296 ι
215 3243 444 3314 συνάψω
471 3245 565 3299 καὶ
589 3247 982 3323 συναριθμήσω
1007 3252 1076 3306 τὰ
1126 3252 1273 3325 τρία,
1299 3254 1415 3324 λένα
1457 3256 1590 3311 Θεὸν
1617 3252 1737 3310 οῖδα

138 3355 164 3388 ι
217 3333 448 3391 τιλειον.
492 3338 567 3392 Οὐ
598 3337 856 3397 σύνθετόν
889 3343 1037 3399 ἐστιν
1062 3346 1096 3417 ἡ
1121 3346 1336 3418 θεότης,
1361 3347 1478 3401 ἀλλ’
1508 3349 1567 3403 ἐν
1583 3348 1734 3418 τρισὶ

141 3444 165 3478 ς
218 3425 453 3490 τελείοις
476 3427 536 3482 ἓν
562 3429 793 3498 τέλειον,
829 3434 1038 3506 ἀμερὲς
1072 3438 1169 3492 καὶ
1201 3438 1513 3494 ἀσύνθετον.
1562 3441 1733 3495 Ὅταν

144 3537 168 3570 0
217 3518 282 3574 δὲ
306 3520 407 3591 τὴν
429 3523 566 3594 πρὸς
590 3523 797 3596 ἄλληλα
825 3528 1013 3598 σχέσιν
1037 3529 1144 3584 τῶν
1168 3527 1526 3586 ὑποστάσεων
1549 3532 1734 3604 ἐννοή-

143 3633 166 3666 ι
216 3629 327 3682 σω,
357 3609 474 3670 οἴδα
531 3618 616 3673 ὅτι
668 3621 816 3673 ἐστὶν
846 3617 1099 3694 όΠατὴρ
1147 3623 1496 3695 ὑπερούσιος,
1555 3624 1729 3695 ἥλιος,

143 3729 168 3760 σ
220 3709 380 3781 πηγὴ
405 3701 768 3784 ἀγαθότητος,
793 3713 1032 3779 ἄϐυσσος
1050 3718 1262 3782 οὐσίας,
1294 3718 1482 3787 λόγου,
1515 3719 1730 3786 σοφίας,

143 3820 170 3852 ι
208 3801 521 3873 δυνάμεως,
545 3807 768 3874 ¹φωτός,
814 3806 1069 3880 θεότητος
1110 3810 1263 3881 πηγὴ
1304 3810 1600 3880 γεννητικὴ
1638 3811 1731 3864 καὶ

145 3911 168 3943 ι
218 3892 566 3976 προδλητικὴ
599 3895 696 3949 τοῦ
725 3897 786 3949 6v
827 3897 967 3968 αὐτῇ
1007 3898 1242 3968 κρυφίου
1273 3899 1507 3969 ἀγαθοῦ.
1554 3902 1729 3966 Δὺτὸς

151 4004 169 4035 ι
224 3981 329 4054 μὲν
351 3981 443 4037 οὖν
469 3986 586 4038 ἐστι
620 3985 765 4051 νοῦς,
788 3987 1046 4054 ἄϐυσσος,
1084 3990 1264 4057 Λόγου
1291 3993 1602 4064 γεννήτωρ,
1633 3993 1729 4048 καὶ

149 4095 169 4129 ι
221 4075 312 4129 διὰ
359 4077 536 4144 Λόγου
583 4078 879 4148 προϐολεὺς
931 4082 1331 4154 ὲκφαντορικοῦ
1383 4086 1725 4157 Πνεῦματος,

149 4189 170 4221 σ
220 4167 315 4223 καὶ
341 4169 428 4223 ῑνα
454 4169 530 4242 μὴ
558 4171 731 4225 πολλὰ
757 4171 920 4241 λέγω,
952 4173 1052 4228 οὐκ
1080 4175 1198 4230 ἐστι
1223 4176 1302 4248 τῷ
1334 4179 1508 4248 Πατρὶ
1533 4179 1725 4249 Λόγος,

149 4281 169 4313 ι
221 4263 405 4332 σοφία,
444 4262 699 4335 δύναμις,
741 4265 965 4336 θέλησις
995 4270 1044 4320 εί
1080 4269 1158 4340 μὴ
1182 4272 1210 4322 ὁ
1237 4271 1385 4338 Υἱὸς,
1420 4274 1478 4336 ὃς
1509 4275 1661 4328 ἐστιν
1691 4279 1724 4348 ἡ

149 4368 168 4400 ι
223 4351 363 4420 μόνη
403 4351 636 4421 δύναμις
664 4351 760 4407 τοῦ
793 4356 1034 4427 Πατρὸς,
1063 4359 1101 4428 ἡ
1139 4365 1595 4438 προκαταρκτικὴ
1629 4371 1726 4435 τῆς

148 4463 168 4494 ι
218 4440 330 4494 τῶν
362 4443 579 4497 πάντων
611 4447 903 4518 ποιήσεως.
934 4444 1129 4517 Οὗτος,
1165 4454 1241 4516 ὡς
1274 4454 1459 4509 τελεία
1489 4458 1728 4512 ὑπόστα-

147 4550 166 4582 ι
213 4534 304 4596 σις
334 4534 696 4606 γεννώμενος,
730 4539 805 4602 ὡς
837 4537 979 4594 οἶδεν
1021 4544 1209 4609 αὐτὸς,
1236 4545 1365 4610 Υἱός
1399 4550 1516 4603 ἐστί
1549 4569 1606 4604 τε
1633 4552 1726 4604 καὶ

1844 2073 1978 2130 lium
2006 2075 2097 2131 illa
2138 2077 2392 2148 proferri,
2427 2079 2522 2134 sed
2558 2079 2626 2134 ad
2669 2077 3131 2136 manifestandum
3165 2081 3422 2136 eumdem

1845 2168 2024 2234 ipsum
2076 2168 2294 2224 Patrem
2344 2171 2696 2241 principium,
2740 2170 3031 2243 originem,
3090 2185 3145 2227 et
3190 2187 3420 2228 causam

1843 2258 2089 2314 omnium
2123 2275 2268 2324 esse,
2311 2259 2440 2316 licet
2477 2276 2573 2332 per
2617 2261 2819 2316 Filium
2867 2261 3124 2317 universa
3168 2261 3423 2318 dicantur

1844 2368 1989 2409 esse.
2027 2353 2098 2409 Et
2128 2354 2272 2409 hanc
2301 2356 2630 2410 sententiam
2679 2354 2972 2410 conﬁrmat
3005 2356 3266 2411 idemmet
3293 2372 3423 2412 san-

1845 2451 1967 2500 ctus
2009 2445 2066 2500 in
2100 2446 2289 2502 eadem
2326 2447 2575 2516 pericope
2619 2445 2844 2513 dicens;
2882 2445 3083 2502 Filium
3129 2462 3258 2504 vero
3309 2465 3420 2502 non

1843 2531 2079 2588 dicimus
2111 2547 2359 2597 causam,
2394 2547 2573 2602 neque
2601 2533 2843 2599 Patrem,
2867 2534 2922 2589 id
2953 2535 3110 2605 plane
3143 2551 3244 2593 nec
3271 2535 3422 2592 aliud

1845 2621 2174 2680 insinuans:
2210 2623 2383 2682 Filius
2433 2639 2564 2681 vero
2612 2626 2690 2681 uti
2721 2625 2882 2684 Pater
2938 2643 3046 2683 non
3082 2640 3188 2690 est.
3242 2644 3422 2699 neque

1843 2728 2011 2770 causa
2051 2715 2130 2770 uti
2175 2714 2339 2772 Pater
2381 2727 2509 2771 est:
2544 2730 2654 2773 non
2700 2726 2785 2774 est
2831 2732 3026 2789 nempe
3075 2722 3191 2789 ipse
3237 2734 3427 2776 causa

1842 2806 2020 2878 origo,
2054 2816 2108 2862 et
2137 2807 2488 2879 principium.

1879 2897 2138 2970 Ejttsdem
2199 2915 2265 2955 ex
2334 2902 2535 2956 decimo
2601 2904 2760 2974 tertio
2818 2904 2992 2974 capite
3063 2903 3127 2958 de
3185 2905 3384 2960 divinis

2464 2973 2806 3044 nominibus,
2884 2973 2891 2974 7
3138 2991 3142 2995 '

1911 3084 2115 3143 CXLII.
2146 3106 2166 3142 ι
2202 3084 2336 3142 Nam
2361 3101 2486 3141 cum
2519 3103 2684 3143 unam
2714 3103 2779 3144 ex
2809 3086 2991 3146 tribu!
3009 3089 3257 3160 personis
3280 3105 3419 3146 cou-

1846 3195 1865 3229 ι
1906 3177 2110 3244 sidere,
2141 3175 2439 3247 perfectum
2472 3176 2639 3233 Deum
2689 3193 2753 3233 ac
2802 3177 3101 3249 perfectam
3152 3177 3412 3234 substan-

1845 3290 1864 3324 ι
1899 3271 2032 3327 tiam
2059 3285 2321 3343 agnosco,
2338 3287 2532 3328 rursus
2553 3287 2675 3327 cum
2708 3281 2818 3329 tres
2840 3287 3410 3344 personasgconnecto,

1843 3363 2176 3434 «simulque
2200 3377 2462 3418 recenseo
2491 3362 2660 3418 Deum
2689 3379 2858 3418 unum
2893 3364 3194 3433 perlectum
3237 3378 3415 3435 agno-

1844 3473 1862 3506 ι
1896 3468 2012 3512 sco.
2045 3452 2233 3523 Neque
2259 3454 2404 3509 enim
2439 3454 2804 3523 compositum
2833 3453 3094 3524 quiddam
3117 3454 3414 3509 estdivini-

1844 3564 1862 3598 ι
1901 3545 1986 3600 tas
2011 3561 2026 3598 :
2048 3543 2144 3601 sed
2169 3545 2222 3598 in
2241 3545 2429 3601 tribus
2459 3544 2718 3614 perfectis
2739 3546 2990 3614 personis
3021 3560 3130 3600 una
3151 3544 3415 3616 perleCta,

1841 3656 1859 3690 ι
1902 3637 2156 3706 simplex,
2186 3651 2252 3692 ac
2282 3635 2570 3692 divisionis
2603 3652 2800 3707 expers
2840 3647 3055 3692 natura.
3085 3637 3222 3692 Cum
3257 3639 3412 3693 denit-

1841 3749 1861 3784 ι
1897 3745 2004 3801 que
2035 3741 2278 3786 mutuam
2307 3745 2429 3786 eam
2487 3728 2852 3795 aﬂ‘ectionem,
2885 3744 3008 3796 qua:
3039 3730 3180 3784 inter
3220 3745 3412 3800 perso-

1839 3844 1861 3879 ι
1896 3840 1998 3881 nas
2047 3831 2156 3890 est,
2212 3822 2397 3880 animo
2452 3810 2832 3892 contemplor,
2883 3821 3018 3878 illud
3069 3834 3411 3892 compertum

1840 3937 1858 3970 ι
1901 3916 2096 3981 habeo,
2180 3915 2396 3971 Patrem
2446 3914 2986 3986 superessentialem,
3046 3915 3218 3970 solem
3269 3930 3412 3979 esse,

1839 4027 1858 4061 ι
1895 4008 2155 4064 bonitatis
2211 4006 2441 4071 fontem,
2477 4008 2752 4075 essentize,
2799 4006 3058 4072 rationis,
3105 4007 3410 4076 sapientiae,

1839 4119 1857 4152 ι
1891 4101 2166 4170 potentiae,
2194 4099 2765 4165 luminis,divinitatis
2791 4099 3068 4170 abyssum,
3089 4099 3415 4155 delitescen—

1839 4211 1857 4244 ι
1894 4192 1964 4248 tis
1991 4201 2156 4263 atque
2194 4191 2434 4248 abstrusi
2466 4192 2520 4245 in
2564 4207 2622 4250 se
2652 4191 2779 4246 boni
2810 4190 3154 4260 genitricem,
3187 4207 3251 4247 ac
3281 4207 3412 4262 pros

1837 4303 1855 4337 ι
1890 4285 2189 4341 ductricem
2245 4283 2652 4353 scaturiginem.
2692 4283 2810 4353 Ipse
2848 4283 3052 4354 quippe
3105 4298 3257 4339 meus
3298 4293 3404 4350 est,

1839 4398 1858 4430 ι
1895 4378 2124 4434 rationis
2172 4378 2425 4449 abyssus,
2468 4375 2632 4432 Verbi
2674 4375 2910 4446 genitor,
2953 4375 3408 4446 explanantisque

1838 4488 1855 4520 ι
1897 4467 2136 4538 Spiritus
2172 4483 2266 4537 per
2300 4466 2538 4523 Verbum
2579 4469 2901 4539 productor.
2957 4469 3057 4535 Ac,
3115 4483 3183 4523 ne
3233 4464 3405 4522 multa

1837 4577 1856 4611 ι
1893 4561 2092 4623 dicam,
2147 4557 2295 4613 Patri
2360 4575 2471 4614 non
2504 4560 2648 4615 aliud
2687 4570 2772 4616 est
2812 4560 3080 4626 Verbum,
3137 4578 3247 4617 non
3301 4563 3410 4617 alia

147 4641 166 4674 ι
215 4623 457 4692 λέγεται.
488 4627 560 4681 T6
591 4629 650 4682 66
671 4629 900 4701 Πνεῦμα
928 4633 989 4685 τὸ
1010 4635 1168 4703 ἅγιον
1224 4638 1596 4713 ὲκφαντορικὴ
1627 4645 1722 4698 τοῦ

1841 4650 2181 4719 «sapientia,
2230 4651 2316 4705 vis
2365 4666 2430 4705 ac
2491 4652 2744 4707 voluntas
2794 4661 2992 4722 praeter
3056 4651 3279 4717 Filium,
3315 4655 3410 4722 qui

149 4736 168 4769 ι
220 4718 454 4787 ⁴κρυφίου
499 4719 598 4789 τῆς
648 4720 902 4792 θεότητος
947 4724 1186 4797 δύναμις
1221 4730 1317 4784 τοῦ
1367 4733 1602 4803 Πατρδς,
1658 4738 1723 4790 ὲκ

148 4826 168 4853 ι
230 4807 445 4880 Πατρός
486 4809 588 4880 μὲν
622 4809 693 4866 δι’
736 4813 865 4869 Υίοῦ
896 4816 1333 4891 ἐκπορευομένη,
1364 4825 1440 4887 ὡς
1463 4821 1628 4891 οἶδεν,
1660 4830 1722 4882 οὐ

153 4921 172 4953 ι
225 4901 523 4972 τεννητῶς.
560 4905 653 4959 Διὸ
683 4909 779 4960 καὶ
801 4907 1032 4980 Πνεῦμα
1064 4913 1223 4981 ἅγιον
1253 4916 1313 4969 τὸ
1340 4918 1723 4993 τελεσιουργὸν

152 5016 170 5046 ι
225 4994 324 5064 τῆς
361 4994 473 5049 τῶν
510 4997 768 5054 ἁπάντων
799 5002 1094 5072 ποιήσεως.
1143 5007 1282 5060 Ὅσα
1312 5009 1443 5077 γοῦν
1493 5013 1723 5084 ἁρμόζει

155 5106 173 5136 ι
231 5085 410 5157 αίτίῳ,
463 5090 653 5159 πατρὶ,
699 5095 874 5162 πηγῇ,
908 5098 1219 5166 γεννήτορι,
1253 5099 1330 5170 τῷ
1368 5102 1542 5174 ﬂat-pl.
1577 5106 1724 5176 μόνῳ

156 5198 172 5228 ι
228 5181 650 5251 προσαρμοστέα
676 5198 689 5212 ⁸
740 5184 843 5239 ὅσα
884 5185 942 5238 66
977 5189 1230 5260 αίτιατῷ,
1263 5195 1527 5264 γεννητῷ,
1583 5198 1721 5267 Υίῴ,

155 5287 174 5319 ι
227 5268 704 5362 Λόγῳ,δυνάμει,
750 5285 1204 5353 προκαταρκτικῇ
1256 5284 1494 5354 Θελήσει,
1535 5290 1720 5362 σοφίᾳ,

154 5380 176 5414 ι
229 5361 309 5432 τῷ
338 5362 488 5433 Υιῷο
528 5365 631 5420 ὃσα
674 5367 732 5420 66
782 5371 1034 5440 αἰτιατῷ,
1067 5376 1410 5447 ἐκπορευτῷ,
1457 5381 1724 5449 ἐλεφαντο-

157 5472 175 5504 ι
229 5454 390 5524 ρικῷ,
411 5454 821 5530 τελεσιουργικῇ
851 5461 1102 5533 δυνάμει,
1135 5465 1213 5536 τῷ
1251 5469 1394 5540 ἁγίῳ
1422 5472 1720 5543 Πνεύματι.

157 5567 176 5599 ι
238 5547 296 5601 '0
329 5549 541 5620 Πατὴρ,
578 5550 751 5624 πηγὴ,
786 5553 936 5608 αίτία
969 5554 1100 5609 Υίοῦ
1131 5561 1225 5611 καὶ
1261 5562 1598 5632 Πνεῦμα-τος.
1665 5570 1723 5620 Ὀ

158 5663 174 5691 ι
230 5641 358 5704 Υίὸς
409 5641 557 5710 Υίὺς,
589 5645 785 5713 Λόγος,
850 5648 1042 5716 σοφία,
1085 5652 1179 5704 καὶ
1230 5653 1488 5724 δύναμις,
1534 5661 1719 5724 εἰκὼν,

157 5749 176 5780 ι
226 5731 587 5804 ἀπαύγασμα,
646 5739 936 5809 χαρακτὴρ
985 5740 1079 5792 τοῦ
1115 5743 1352 5813 Πατρὸς,
1388 5747 1482 5799 καὶ
1520 5750 1585 5802 ὲκ
1626 5752 1721 5803 τοῦ

161 5843 177 5876 ι
230 5823 462 5894 Πατρὸς,
502 5827 600 5898 οὐχ
650 5829 772 5894 Υίὺς
803 5829 860 5882 δὲ
891 5831 986 5885 τοῦ
1014 5834 1347 5904 Πνεύματος.
1386 5838 1459 5890 Τὸ
1500 5841 1722 5911 Πνεῦμα

160 5935 179 5971 ι
231 5917 293 5972 τὸ
330 5911 487 5991 ἅγιον
539 5922 765 5997 Πνεῦμα
821 5927 913 5982 τοῦ
974 5931 1204 6002 Παπρὸς,
1258 5932 1332 5998 ὡς
1392 5935 1453 5987 ὲκ
1506 5936 1720 6008 Πατρὸς

1834 4760 1858 4793 ι
1889 4743 2010 4797 sola
2033 4751 2119 4797 est
2156 4739 2338 4797 Patris
2372 4744 2641 4813 potentia,
2694 4758 2726 4798 a
2773 4759 2884 4814 qua
2941 4758 3123 4798 rerum
3159 4745 3406 4799 omnium

1833 4851 1852 4885 ι
1890 4835 2200 4903 procreatio
2232 4835 2446 4889 initium
2483 4835 2721 4905 accepit.
2755 4836 2837 4890 Ad
2890 4837 3038 4892 hunc
3071 4840 3312 4900 modum,
3347 4847 3408 4893 ut

1833 4942 1851 4976 ι
1888 4924 2124 4994 perfecta
2150 4941 2381 4997 persona
2397 4945 2462 4984 ex
2491 4928 2726 4996 perfeCta
2753 4944 2982 4998 persona
3012 4932 3188 4998 genita
3213 4948 3412 5001 quern-

1832 5033 1850 5066 ι
1886 5017 2182 5072 admodum
2214 5018 2329 5087 ipse
2385 5020 2559 5081 novit,
2601 5016 2775 5073 Filius
2829 5028 2932 5081 est,
2973 5033 3038 5073 ac
3066 5021 3288 5074 dicitur.
3321 5025 3400 5076 Ac

1834 5127 1852 5160 ι
1892 5118 2173 5179 postremo
2223 5108 2462 5178 Spiritus
2514 5120 2762 5176 sanctus,
2798 5109 2977 5166 Patris
3029 5114 3271 5181 potentia
3301 5125 3409 5177 est,

1834 5218 1853 5251 ι
1895 5201 2201 5255 divinitatis
2234 5201 2500 5255 latebram
2542 5201 2856 5266 declarans,
2913 5217 2944 5256 a
2999 5204 3160 5259 Patre
3187 5204 3410 5274 quidem

1834 5312 1852 5345 ι
1893 5308 1988 5362 per
2037 5293 2237 5347 Filium
2281 5293 2607 5364 procedens,
2643 5311 2756 5366 quo
2796 5305 2956 5365 pacto
3008 5299 3059 5351 id
3095 5298 3210 5362 llat,
3257 5301 3411 5354 novit

1835 5405 1853 5437 ι
1891 5385 2029 5454 ipse,
2065 5381 2173 5441 non
2235 5397 2413 5448 tamen
2472 5388 2728 5457 gignendi
2785 5390 2968 5443 modo.
3036 5387 3187 5445 Unde
3240 5393 3404 5445 etiam

1835 5497 1853 5528 ι
1894 5477 2132 5546 Spiritus
2194 5489 2423 5533 sanctus
2469 5479 2712 5534 universi
2758 5481 3196 5549 procreationem
3242 5483 3408 5537 veluti

1835 5587 1852 5618 ι
1893 5570 2152 5624 omnibus
2202 5569 2319 5625 suis
2372 5571 2618 5626 numeris
2673 5572 2929 5626 absolvit.
2990 5573 3261 5639 Quocirca
3341 5592 3406 5630 ea

1834 5680 1857 5712 ι
1889 5663 2095 5727 omnia,
2140 5677 2261 5732 qua
2291 5678 2492 5726 causae,
2531 5665 2762 5732 parenti,
2818 5664 2979 5729 fonti,
3005 5667 3237 5737 genitori
3275 5682 3406 5723 con-

1835 5769 1852 5801 ι
1891 5754 2141 5818 veniunt,
2165 5767 2229 5806 ea
2262 5754 2362 5809 soli
2394 5755 2544 5807 Patri
2576 5758 2983 5812 accommodari
3014 5760 3216 5813 debent
3247 5775 3259 5812 :
3286 5776 3407 5828 qua:

1833 5863 1849 5894 ι
1890 5855 2072 5898 autem
2117 5860 2146 5898 a
2188 5861 2353 5900 causa
2410 5847 2652 5914 profecto
2686 5863 2749 5903 ac
2780 5852 2966 5919 genito
3003 5851 3163 5916 Filio,
3201 5851 3401 5916 Verbo,

1836 5953 1853 5987 ι
1895 5937 2237 6006 primordiali
2273 5940 2548 6008 potenticc,
2602 5940 2894 6013 voluntati,
2946 5944 3229 6014 sapientia:
3274 5962 3410 6016 qua-
