4148 6452
742 476 853 543 595
1766 483 1979 551 ῙΟΑΝ.
2016 484 2233 549 VECCI
2270 486 2321 547 Cl

2425 484 2934 547 PATRIARCH/B
3867 480 4007 544 596

749 607 770 643 ι
805 591 988 657 dranl,
1010 608 1072 646 ea
1104 590 1245 649 Filio
1273 592 1557 648 tribuenda
1594 603 1723 649 sunt
1757 611 1771 649 :
1802 607 1867 650 ea
1909 594 2145 665 denique
2195 609 2312 650 om-

2425 612 2435 647 ι
2489 594 2950 666 ὶκπορευόμενον.
3001 594 3242 664 οὐδεμία
3278 594 3388 665 γὰρ
3423 594 3577 665 ὁρμὴ
3627 594 3762 649 ἄνευ
3820 590 4025 649 Ilvati-

751 700 771 733 ε
809 681 897 737 nia
922 697 1045 753 qua
1080 699 1113 753 ᾳ
1141 699 1308 747 causa
1336 698 1431 753 per
1464 684 1873 755 processionem
1926 684 2192 749 mananti,
2222 694 2305 739 at-

2425 703 2439 737 ι
2487 702 2681 756 ματος.
2727 686 2839 740 Καὶ
2870 684 3001 739 Υἰοῦ
3039 685 3097 739 δι
3126 685 3373 754 Πνεῦμα,
3404 688 3504 757 οὐχ
3560 688 3639 751 ὡς
3687 684 3750 750 ἐξ
3800 683 4019 745 αὐτοῦ.

750 790 770 824 ε
806 788 915 843 que
953 774 1189 835 obscura
1223 774 1568 846 patefacieuti
1603 783 1659 831 et
1709 773 2011 845 perdi-ienti
2054 776 2309 847 potentis

2425 794 2440 828 ι
2490 775 2607 828 ἀλλ’
2648 777 2722 837 ῶς
2752 776 2822 829 δι’
2846 775 3011 829 αὐτοῦ
3050 779 3116 829 hc
3144 776 3240 830 τοῦ
3270 778 3485 846 Πατρδς
3517 778 4009 848 ἐκπορευόμενον.

749 881 770 914 ι
809 874 1146 936 congruunt,
1180 864 1408 937 Spiritui
1444 864 1545 921 soli
1578 866 1862 939 assignare
1907 865 2182 922 convenit.
2225 864 2305 921 Ac

2425 888 2436 919 ι
2478 867 2651 931 Μόνος
2680 867 2789 937 γὰρ
2834 868 3005 932 αίτιος
3046 868 3075 920 6
3108 869 3319 940 Πατήρ.
3355 886 3375 921 ι

748 979 768 1013 ε
802 959 964 1016 Pater
1000 962 1219 1033 quidem
1285 962 1408 1019 fons
1452 972 1507 1017 et
1547 974 1740 1019 auctor
1774 969 1878 1029 est,
1911 969 2027 1016 tum
2094 958 2215 1016 Filii
2283 969 2396 1017 tum
2466 952 2707 1031 Spiritus
2753 962 2929 1018 sancti
2970 980 2985 1017 :
3030 962 3204 1020 solius
3249 973 3433 1019 tamen
3482 961 3607 1021 Filii
3660 963 3840 1033 Pater,
3919 979 4008 1020 ac

751 1072 769 1105 r
806 1055 1047 1125 Spiritus
1065 1056 1240 1113 sancti
1273 1061 1590 1128 productor.
1612 1055 1786 1111 Filius
1813 1064 2020 1119 autem.
2074 1062 2129 1109 et
2166 1050 2338 1109 Filius
2399 1061 2454 1109 et
2482 1053 2740 1117 Verbum,
2806 1063 2862 1109 et
2926 1052 3194 1124 sapientia
3222 1062 3277 1109 et
3303 1056 3568 1124 potentia,
3598 1065 3655 1112 et
3701 1057 3910 1127 imago.
3950 1066 4021 1111 et

754 1169 773 1201 ε
814 1148 1093 1219 splendor,
1125 1157 1180 1204 et
1211 1148 1495 1205 character
1515 1145 1697 1203 Patris
1762 1157 1867 1209 est.
1898 1155 1953 1201 et
1978 1158 2044 1202 ex
2079 1145 2258 1201 Patre.
2318 1144 2388 1201 At
2442 1145 2679 1217 Spiritus
2727 1155 2951 1203 sanctus
3006 1162 3112 1203 non
3162 1145 3342 1203 Patris
3404 1147 3599 1212 Filius,
3654 1149 3749 1205 sed
3803 1147 4014 1202 Patris

749 1260 768 1293 ι
804 1238 1046 1312 Spiritus
1090 1248 1195 1302 est.
1238 1250 1297 1296 ut
1342 1240 1435 1311 qui
1467 1255 1536 1295 ex
1577 1238 1742 1295 Patre
1780 1238 2063 1309 procedat.
2122 1235 2317 1294 Nullus
2380 1239 2526 1294 enim
2569 1238 2635 1294 ad
2664 1254 2778 1294 rem
2846 1238 3011 1294 ullam
3050 1241 3171 1295 sine
3225 1237 3435 1309 Spiritu
3491 1248 3683 1295 saneto
3751 1240 4015 1308 impetus

751 1355 769 1385 ε
805 1347 927 1388 esse
973 1341 1172 1405 potest.
1205 1332 1307 1399 Qui
1363 1331 1486 1388 Filii
1532 1346 1756 1404 quoque
1828 1330 2066 1402 Spiritus
2122 1327 2344 1391 dicitur,
2408 1336 2607 1383 nonut
2677 1342 2744 1383 ex
2782 1326 2922 1398 ipso,
2957 1328 3052 1383 sed
3106 1342 3205 1398 per
3276 1326 3460 1398 ipsum
3497 1343 3564 1384 ex
3604 1327 3762 1384 Patre
3789 1342 4011 1398 proce-

751 1447 768 1478 ε
808 1427 967 1484 deus.
1004 1424 1166 1483 Solus
1191 1426 1334 1482 enim
1364 1413 1530 1484 Pater
1554 1441 1717 1483 causa
1740 1434 1845 1482 est.
1880 1444 1899 1477 ι

1313 1516 1737 1570 Animadversio.

818 1637 836 1671 r
875 1612 1237 1673 Considerata
1274 1612 1587 1684 diligenter,
1617 1625 1953 1681 quaecunque
2002 1624 2097 1681 per
2138 1616 2310 1662 totam

749 1729 766 1761 ε
810 1712 949 1765 hanc
976 1709 1286 1779 pericopent
1334 1705 1571 1763 obscure
1624 1703 1769 1760 forte
1826 1703 2041 1757 videtur
2092 1709 2314 1755 sanctus

750 1822 767 1853 ι
804 1800 1113 1869 scripsisse,
1158 1800 1215 1855 in
1263 1798 1370 1853 fine
1404 1796 1554 1854 illius
1584 1808 1640 1853 et
1668 1794 1999 1861 declarasse,
2027 1800 2081 1848 et
2129 1789 2314 1859 capia—

3013 1504 3400 1559 'Exto'taa'la.

2496 1614 2515 1647 ι
2582 1594 2867 1665 Ἐννόησον
2908 1595 3177 1667 ἀκριϐῶς,
3206 1596 3323 1660 πῶς
3352 1597 3453 1650 ὅσα
3493 1598 3564 1652 δι’
3594 1598 3722 1670 ὅλης
3761 1602 3860 1671 τῆς
3893 1620 4017 1657 πε..

2423 1709 2441 1740 ε
2498 1687 2727 1760 ρικοπῆς
2768 1687 2973 1757 ταύτης
3019 1686 3247 1757 ἀσαφῶς
3280 1689 3422 1758 τάχα
3471 1690 3725 1757 φαίνεται
3774 1694 4015 1764 γράψας

2423 1799 2441 1831 ι
2488 1780 2516 1831 6
2548 1776 2725 1846 ἅγιος.
2756 1779 2814 1830 ἐν
2842 1778 2919 1847 τῷ
2948 1779 3093 1832 τέλει
3122 1780 3329 1846 ταύτης
3382 1779 3480 1833 καὶ
3532 1782 3851 1852 ἑσαφήνισε,
3901 1786 4015 1839 καὶ

751 1911 769 1942 ε
805 1905 983 1954 nasse.
1017 1900 1072 1945 et
1128 1905 1224 1959 per
1258 1890 1398 1944 hanc
1445 1899 1501 1943 et
1548 1890 1920 1959 przedigestam
1978 1882 2308 1955 pericopem.

2425 1890 2441 1923 t
2490 1873 2805 1943 ἡρμήνευσε
2831 1888 2845 1903 ·
2878 1871 2965 1924 διὰ
3015 1870 3221 1941 ταύτης
3253 1870 3310 1925 δὲ
3352 1874 3448 1925 καὶ
3476 1872 3573 1944 τὴν
3616 1875 4015 1944 προλαϐοῦσαν

750 1998 768 2031 ι
804 1979 959 2047 Quod
991 1980 1135 2034 enim
1165 1981 1218 2034 in
1260 1979 1349 2033 illa
1382 1979 1521 2033 dixit
1558 1977 1676 2033 :Ex
1706 1978 1844 2033 Filio
1882 1991 2012 2031 vero
2044 1988 2151 2029 non
2182 1972 2317 2027 dit-i-

2427 1982 2444 2014 ι
2492 1963 2822 2031 περικοπὴν.
2860 1960 2927 2017 Ὀ
2962 1962 3071 2033 γὰρ
3097 1964 3155 2015 ιν
3180 1962 3366 2033 ἐκείνῃ
3387 1959 3560 2028 εἷπεν,
3607 1964 3702 2018 Ἐκ
3730 1966 3823 2019 τοῦ
3852 1966 4012 2020 Υἰοῦ

750 2093 767 2124 ε
805 2089 926 2128 mus
954 2072 1241 2141 Spiritum,
1265 2072 1319 2125 in
1344 2073 1447 2126 hac
1472 2071 1767 2126 dilucidius
1796 2065 2314 2139 expiicavitdicens,

751 2182 768 2215 ι
804 2162 871 2217 Et
909 2160 1033 2217 Filii
1082 2161 1338 2232 Spiiitus,
1390 2177 1498 2217 non
1535 2160 1612 2217 uti
1659 2175 1727 2216 ex
1760 2160 1899 2229 ipso,
1947 2158 2044 2214 sed
2095 2157 2175 2211 uti
2222 2169 2317 2225 per

751 2272 770 2306 ε
810 2254 985 2324 ipsum
1019 2269 1085 2309 ex
1115 2252 1276 2310 Patre
1302 2254 1625 2324 procedens.
1650 2250 1892 2307 Tandem
1922 2250 2013 2305 illa
2038 2264 2159 2320 qua:
2186 2247 2317 2304 sub.

753 2365 772 2398 ι
811 2346 997 2409 infert,
1058 2343 1223 2401 Solus
1266 2346 1412 2401 enim
1466 2360 1631 2401 causa
1666 2344 1848 2407 Pater.
1878 2342 2210 2405 universam,
2259 2344 2317 2393 ut

755 2454 773 2487 ε
810 2435 1071 2497 diximus.
1105 2435 1417 2506 pericopem
1451 2437 1816 2493 elucidarunt.
1860 2454 1879 2487 ι

1383 2618 1681 2690 Refutatio.

822 2712 960 2768 Vere
984 2711 1202 2782 quidem
1237 2711 1290 2763 in
1340 2711 1446 2765 line
1471 2711 1717 2766 adducta:
1755 2709 2037 2779 pericopes
2069 2707 2316 2778 apposita

750 2822 779 2859 a
806 2814 1017 2868 sancto,
1048 2800 1473 2859 declarationem
1509 2816 1697 2856 eorum
1730 2802 2036 2865 continent,
2073 2815 2197 2869 qua:
2222 2814 2317 2868 per

750 2896 1064 2956 universam
1097 2894 1298 2952 dictam
1338 2893 1671 2963 pericopem.
1708 2907 1809 2947 nec
1842 2905 1948 2946 non
2006 2890 2060 2944 in
2109 2904 2316 2961 prace-

749 2986 899 3043 denti
923 2985 1250 3057 perobscure
1272 2985 1488 3039 videtur
1514 2983 1826 3053 scripsisse,
1862 2997 1972 3037 non
2023 2996 2089 3037 eo
2136 2990 2316 3035 tamen

754 3079 1121 3149 tnodo,quem
1152 3087 1239 3135 tua
1263 3075 1510 3131 doctrina
1543 3075 1815 3146 proponit,
1845 3076 1941 3131 sed
1974 3071 2316 3145 profundiori

748 3180 805 3226 et
847 3168 1214 3240 exquisitiori.
1256 3167 1389 3223 Nam
1438 3183 1562 3223 cum
1610 3168 1665 3222 in
1723 3166 2064 3238 praecedente
2093 3172 2317 3240 sanctus

2424 2073 2442 2105 ι
2484 2054 2540 2106 δὲ
2574 2054 2635 2106 τὺ
2679 2052 2905 2123 Πνεῦμα
2946 2055 3008 2105 ού
3042 2052 3299 2122 λέγομεν.
3348 2054 3408 2106 ἐν
3436 2054 3612 2126 ταύτῃ
3656 2057 4013 2125 σαφέστερον

2422 2163 2441 2195 ι
2493 2145 2713 2213 εἴρηκεν
2760 2144 2953 2209 εἰπὼν,
3016 2143 3127 2197 Καὶ
3177 2142 3311 2197 Υἰοῦ
3374 2144 3603 2214 Πνεῦμα
3664 2146 3764 2217 οὐχ
3806 2148 3885 2211 ὡς
3938 2148 4013 2215 ἐξ

2423 2254 2441 2287 ι
2492 2236 2824 2301 αὑτοῦ,ἁλλ’
2857 2236 2932 2295 ὡς
2982 2236 3051 2290 δι’
3080 2236 3247 2291 αὑτοῦ
3291 2240 3356 2293 ἑκ
3403 2239 3500 2291 τοῦ
3556 2238 3769 2308 Πατρὸς
3819 2240 4007 2292 ἐκπο-

2423 2344 2442 2376 ‹
2498 2326 2815 2397 ρευόμενον,
2869 2326 2935 2379 Ἦ
2992 2326 3049 2379 δὲ
3087 2327 3205 2391 τοῦ,
3240 2328 3419 2391 Μόνος
3448 2326 3561 2399 γὰρ
3605 2327 3779 2391 αἴτιος
3809 2329 3838 2385 6
3876 2330 4006 2383 Πα-

2424 2435 2442 2468 ι
2498 2419 2624 2489 τὴρ,
2652 2418 2941 2487 ἰπαγωγὴ,
2981 2418 3084 2487 τὴν
3114 2417 3265 2487 ὅλην,
3296 2418 3373 2481 ῶς
3400 2417 3652 2490 εἴπομεν,
3680 2420 4007 2490 περικοπὴν

2428 2525 2445 2558 ι
2491 2509 2843 2578 ἐσαφήνισεν.
2868 2526 2886 2559 ι

3008 2599 3399 2669 Ἄντίρῤησις.

2498 2686 2741 2761 Ἀληθῶς
2773 2690 2875 2759 μὲν
2900 2692 2969 2745 τὰ
3018 2694 3077 2745 ὲν
3098 2691 3177 2761 τῷ
3210 2692 3355 2745 τέλει
3381 2691 3481 2762 τῆς
3537 2691 3795 2762 ῥηθείσης
3828 2708 4006 2763 περι-

2418 2778 2596 2847 κοπῆς
2628 2780 2706 2847 τῷ
2762 2780 2905 2851 ἁγίῳ
2951 2781 3218 2853 εἰρημένα
3260 2782 3563 2851 σαφήνειαν
3605 2796 3729 2833 τινα
3756 2780 4003 2849 φέρουσι

2416 2869 2548 2935 τῶν,
2584 2871 2685 2923 ὅσα
2718 2870 2787 2923 δι’
2833 2871 2966 2940 ὅλης
2997 2874 3096 2941 τῆς
3150 2873 3457 2943 περικοπῆς
3486 2872 3709 2943 ταύτης,
3756 2872 3902 2926 ἀλλὰ
3930 2873 4003 2943 δὴ

2418 2960 2643 3031 καὶτῆς
2695 2961 3075 3033 πρ)λα6ούσης
3121 2962 3350 3030 ἀσαφῶς
3382 2964 3522 3031 τάχα
3571 2965 3819 3032 φαίνεται
3854 2966 4005 3033 γρᾶο

2416 3052 2545 3121 ψας,
2584 3052 2729 3123 πλὴν
2760 3054 2861 3125 οὐχ
2905 3051 2979 3115 ῶς
3023 3054 3057 3123 ἡ
3108 3052 3176 3124 σὴ
3204 3051 3451 3107 διδάσκει
3484 3055 3799 3118 ima-racia,
3843 3055 3999 3110 ἀλλὰ

2424 3144 2725 3216 βαθύτερον
2756 3144 2932 3209 ἄλλως
2977 3149 3072 3202 καὶ
3121 3148 3535 3220 ἀκριϐέστερον.
3580 3146 3767 3201 Εἰπὼν
3796 3148 3915 3219 γὰρ
3964 3149 3999 3202 6

748 3236 1094 3331 scripsisset,
1122 3259 1204 3314 Ex
1256 3257 1395 3314 Filio
1420 3273 1551 3314 vero
1594 3236 1852 3330 Spiritum
1904 3272 2011 3314 non
2056 3236 2317 3321 dicimus,

2427 3240 2583 3308 ἅγιος
2613 3240 2673 3293 ὲν
2692 3240 2759 3311 τῇ
2790 3238 3135 3311 προλαδούσῃ
3174 3241 3476 3310 περικοπῇ,
3515 3239 3612 3292 Ἐκ
3640 3239 3733 3292 τοῦ
3763 3240 3900 3293 Υἰοῦ
3938 3241 4002 3294 δὲ

749 3355 1047 3423 volensque
1070 3352 1123 3405 in
1154 3352 1297 3408 dicta
1325 3348 1575 3420 pericope
1594 3364 1883 3419 exponere,
1904 3350 2058 3417 Illud,
2078 3364 2144 3405 ex
2165 3349 2323 3417 Filio,

754 3444 1063 3501 convellere
1086 3457 1209 3513 qua:
1239 3443 1515 3515 pessimus
1540 3441 1841 3498 Eunomius
1870 3444 2222 3507 decernebat,
2252 3457 2322 3498 ex

754 3536 896 3591 Filio
920 3536 1306 3591 antecedenter
1331 3533 1496 3589 veluti
1526 3548 1591 3589 es
1628 3536 1801 3603 prima
1833 3547 1998 3589 causa
2031 3543 2086 3589 et
2117 3532 2323 3605 princi-

757 3629 849 3698 pio
880 3627 1147 3697 Spiritum
1172 3640 1445 3691 asserens,
1476 3624 1603 3679 non
1625 3640 1755 3679 vero
1784 3640 1876 3694 per
1909 3623 2109 3679 Filium
2175 3638 2324 3678 rece-

758 3728 915 3790 ptum
950 3734 964 3770 :
995 3731 1173 3789 neque
1189 3717 1337 3771 enim
1369 3715 1480 3771 alio
1508 3716 1674 3771 modo
1694 3717 1862 3770 trium
1893 3716 2236 3773 continuum.
2266 3723 2323 3769 et

753 3825 1068 3875 commune,
1110 3808 1255 3881 quod
1305 3809 1360 3864 in
1407 3816 1603 3863 natura
1646 3816 1750 3875 est,
1798 3814 2179 3873 conservatur,
2213 3805 2321 3860 nisi

754 3902 994 3971 Spiritus
1026 3915 1121 3971 per
1154 3897 1353 3954 Filium
1405 3912 1473 3954 ex
1501 3896 1663 3954 Patre
1686 3897 2031 3967 procederet,
2077 3910 2176 3965 pro
2212 3895 2324 3951 cla-

752 3994 936 4056 ritate,
967 4001 1024 4045 et
1070 3989 1434 4061 expositione,
1464 4003 1587 4059 qua
1637 3986 1777 4044 forte
1829 3988 2062 4043 obscure
2109 3986 2323 4057 digesta

756 4092 915 4139 antea
973 4081 1147 4148 fuere,
1202 4082 1487 4151 subjunxit
1539 4079 1595 4135 in
1646 4079 1789 4136 dicta
1828 4078 2100 4149 pericope,
2141 4096 2159 4130 ι
2212 4094 2320 4132 non

755 4184 1018 4245 tanquam
1062 4188 1126 4228 ex
1158 4172 1298 4243 ipso.
1338 4189 1357 4223 ι
1409 4168 1474 4225 Et
1507 4184 1615 4224 una
1659 4168 1825 4225 simul
1856 4183 1888 4224 ιι
1934 4177 2008 4237 te,
2043 4168 2135 4238 qui
2166 4167 2321 4240 legis,

756 4266 890 4323 illud
924 4264 1325 4329 consideretur,
1350 4262 1430 4318 uti
1455 4277 1522 4318 ex
1548 4262 1721 4332 prima
1755 4276 1919 4315 causa
1948 4268 2003 4315 et
2034 4259 2320 4331 principio,

757 4358 851 4416 sed
906 4356 984 4411 uti
1040 4370 1138 4426 per
1179 4353 1357 4424 ipsum
1402 4367 1470 4407 ex
1505 4350 1663 4407 Patre
1692 4350 2013 4421 procedens,
2058 4348 2149 4404 cui
2196 4363 2322 4404 cum

759 4449 954 4508 addit:
992 4466 1011 4499 ι
1054 4445 1219 4502 Solus
1245 4446 1392 4500 enim
1436 4458 1601 4500 causa
1653 4441 1835 4506 Pater,
1874 4460 1894 4494 ι
1927 4440 2320 4505 manifestavit,

2424 3333 2486 3384 τὸ
2517 3329 2745 3400 Πνεῦμα
2792 3331 2856 3385 ού
2896 3331 3153 3401 λέγομεν,
3204 3332 3300 3385 καὶ
3336 3331 3507 3385 θέλων
3535 3333 3594 3384 ιν
3638 3334 3705 3401 τῇ
3760 3331 4003 3402 ῥηθείσῃ

2426 3425 2699 3492 περικοπῇ
2749 3423 3097 3493 παραστῆσαι
3139 3422 3216 3487 ὡς
3251 3424 3429 3477 ἐκεῖνο
3455 3422 3536 3487 τὸ,
3567 3423 3633 3476 εκ
3687 3421 3781 3475 τοῦ
3840 3421 4002 3487 Υἰοῦ,

2422 3513 2659 3581 ἀναιρεῖ,
2689 3512 2828 3583 ὅπερ
2862 3513 2891 3565 6
2922 3511 3182 3575 κάκιστος
3217 3511 3478 3582 Εὑνόμιος
3512 3509 3891 3581 ὲδογμάτιζεν,
3932 3511 4006 3564 ικ

2423 3600 2519 3656 τοῦ
2550 3599 2683 3655 Υἰοῦ
2728 3602 3158 3678 προηγουμένως
3184 3601 3261 3666 ὡς
3302 3603 3369 3655 εκ
3400 3600 3623 3672 πρώτης
3670 3601 3852 3664 αἰτίας
3902 3599 4004 3653 καὶ

2422 3692 2597 3763 ἀρχῆς
2638 3691 2817 3761 λίγων
2864 3691 2925 3745 τὺ
2968 3691 3219 3762 Πνεῦμα,
3254 3692 3520 3762 ούμενουν
3562 3694 3625 3746 τδ
3680 3692 3759 3756 ὡς
3784 3691 3877 3745 διὰ
3902 3691 4004 3745 τοῦ

2423 3784 2558 3839 Υἰοῦ
2618 3783 3219 3856 παραλαμϐανόμενον·
3273 3784 3396 3838 ούδδ
3443 3784 3551 3855 γὰρ
3594 3784 3662 3838 ἂν
3709 3782 3889 3845 ἄλλως
3939 3784 4006 3838 τὺ

2422 3877 2533 3930 τῶν
2569 3876 2740 3946 τριῶν
2797 3876 3021 3946 συνεχὶς
3075 3892 3138 3928 τε
3189 3877 3285 3929 καὶ
3320 3876 3570 3946 συμφυὲς
3604 3875 3901 3948 τηρηθείη,
3950 3879 4003 3929 εἰ

2427 3969 2506 4040 μὴ
2528 3968 2589 4022 τὸ
2606 3968 2833 4038 Πνεῦμα
2858 3968 2948 4022 διὰ
2970 3967 3064 4022 τοῦ
3083 3968 3216 4021 Υἰοῦ
3244 3969 3308 4021 ικ
3331 3967 3426 4022 τοῦ
3456 3968 3667 4039 Πατρδς
3699 3968 4006 4039 ικπορευό-

2428 4074 2589 4129 μενον
2614 4060 2701 4129 εἰη
2719 4059 2813 4113 ἐπὶ
2840 4054 3113 4129 σαφηνείᾴ
3134 4060 3229 4113 καὶ
3258 4058 3526 4130 ἑρμηνείᾳ
3564 4058 3675 4112 τῶν
3697 4060 3840 4130 τάχα
3863 4061 4006 4114 ἀσα-

2426 4152 2541 4221 φῶς
2572 4150 3000 4223 προρρηθέντων
3047 4151 3330 4223 ιπήγαγεν
3386 4154 3541 4221 ὲντῇ
3578 4151 3811 4223 ῥηθείσῃ
3844 4168 4003 4221 περι-

2424 4246 2568 4315 κοπῇ
2602 4242 2663 4298 τὸ
2703 4261 2723 4295 ι
2760 4242 2860 4313 οὐχ
2902 4243 2980 4306 ῶς
3004 4240 3065 4308 ιξ
3091 4240 3285 4296 αὐτοῦ.
3346 4261 3365 4293 ι
3419 4242 3535 4297 Καὶ
3570 4244 4003 4299 ωνεπινοείσθω

2427 4352 2511 4390 σοι
2541 4334 2619 4406 τῷ
2647 4334 3078 4405 ἀναγινώσκοντι
3112 4336 3195 4400 τὸ,
3227 4335 3300 4399 ὡς
3326 4335 3392 4388 ὲκ
3424 4333 3650 4407 πρώτης
3691 4337 3876 4401 αἰτίας
3905 4340 4003 4393 καὶ

2424 4429 2621 4500 ἀρχῆς,
2651 4428 2767 4481 ἀλλ’
2792 4428 2870 4491 ὡς
2908 4427 2977 4480 δι’
3010 4425 3176 4480 αὑτοῦ
3212 4428 3276 4479 εκ
3307 4426 3405 4481 τοῦ
3456 4428 3673 4499 Πατρδς
3697 4430 4003 4497 ἐκπορευό-

758 4552 869 4591 non
890 4548 1015 4593 esse
1031 4548 1257 4589 causam
1282 4531 1603 4604 primarium
1631 4531 1849 4599 Filium,
1875 4544 2065 4587 eorum
2087 4542 2321 4601 quorum

2433 4537 2621 4591 μενοψ
2664 4519 2925 4590 προσθεὶς
2954 4518 3012 4573 δὲ
3059 4518 3158 4573 καὶ
3195 4517 3282 4585 τὸ,
3328 4537 3347 4570 ι
3399 4518 3575 4581 Μόνος
3608 4518 3719 4592 γὰρ
3753 4519 3929 4583 αῐτιος
3971 4523 4003 4574 6

760 4628 877 4697 ipse
907 4640 1081 4683 causa
1108 4589 1426 4681 Pater-est:
1471 4624 1709 4693 itemque
1756 4589 1869 4677 non
1918 4635 2041 4677 esse
2088 4589 2321 4692 primam

2427 4589 2640 4682 Πατὴρ,
2696 4589 2718 4663 ι
2751 4605 3055 4680 δεδήλωκεν
3077 4607 3153 4670 ὡς
3190 4608 3293 4661 οὐκ
3337 4608 3404 4655 ἰιν
3445 4610 3531 4678 εἴη
3561 4589 3737 4661 αῐτιον
3766 4608 4002 4679 ἀρχικὸν

758 4731 1008 4782 causam,
1044 4726 1100 4773 et
1132 4715 1467 4787 principium
1500 4711 1700 4769 Filium
1728 4726 1744 4767 :
1773 4726 1882 4767 non
1925 4724 2080 4777 vero,
2106 4718 2169 4767 ut
2200 4710 2327 4782 qui-

756 4810 883 4866 dam
916 4807 1175 4881 suspicati
1215 4815 1364 4872 sunt,
1399 4815 1684 4876 propterea
1728 4812 1953 4861 sanctus
1979 4804 2150 4860 dixit:
2189 4820 2211 4855 ε
2247 4800 2329 4858 Ex

761 4900 904 4955 Filio
936 4914 1069 4956 vero
1090 4898 1359 4971 Spiritum
1395 4912 1502 4953 non
1523 4896 1783 4963 dicimus,
1825 4914 1845 4949 ι
1881 4905 1943 4953 ιιι
1968 4896 2330 4968 distingueret

761 4988 961 5046 Filium
998 5005 1030 5044 a
1066 4988 1243 5045 Patre.
1276 4987 1411 5043 Nam
1445 4987 1491 5044 si
1531 4987 1584 5041 id
1611 4996 1777 5054 esset,
1832 5001 2112 5057 nunquam
2154 4985 2327 5041 dixis-

760 5094 864 5146 sct,
892 5096 1002 5137 non
1039 5080 1117 5136 uti
1146 5095 1211 5135 ex
1240 5079 1381 5148 ipso,
1412 5076 1507 5133 sed
1536 5085 1597 5133 ut
1641 5091 1737 5147 per
1768 5076 1947 5147 ipsum
2001 5074 2324 5147 procaieus.

763 5176 1050 5245 separatio
1076 5174 1223 5228 enim
1255 5170 1375 5227 Filii
1396 5186 1428 5225 a
1470 5169 1628 5226 Patre
1653 5185 1934 5239 nunquam
1964 5169 2021 5225 in
2055 5169 2328 5225 exsistan-

760 5267 835 5322 tia
881 5265 1114 5337 Spiritus
1146 5280 1176 5320 a
1212 5262 1395 5326 Patre,
1428 5260 1596 5325 illud.
1618 5276 1718 5332 per
1742 5259 1963 5326 Filium,
1998 5259 2325 5317 admitteret.

763 5357 1149 5415 Verumtamen
1168 5355 1321 5422 illud,
1340 5373 1359 5407 ι
1378 5352 1553 5410 Nemo
1569 5355 1746 5409 bonus
1762 5351 1866 5407 nisi
1885 5368 2031 5410 unus
2059 5353 2281 5422 Deus“,
2303 5373 2322 5407 ι

766 5464 1000 5523 magnus
1018 5448 1277 5515 Basilius,
1300 5461 1398 5518 pro
1428 5460 1514 5510 eo,
1534 5442 1639 5501 nisi
1656 5443 1806 5501 solus
1822 5442 2003 5509 Pater,
2026 5458 2329 5514 exponens.

766 5552 822 5599 et
855 5543 1013 5613 plane
1036 5540 1248 5609 dicens,
1275 5538 1569 5595 dictionem
1598 5534 1883 5602 denotare,
1931 5534 2171 5603 primum
2229 5536 2328 5590 bo-

769 5651 899 5690 num
937 5648 1063 5691 esse
1089 5632 1327 5695 Patrem,
1352 5641 1408 5686 et
1456 5628 1586 5685 illud
1608 5669 1623 5694 ,
1672 5646 1692 5680 ι
1727 5626 1900 5685 Nemo
1945 5629 2097 5683 novit
2127 5626 2326 5683 Filium

767 5726 872 5781 nisi
910 5725 1069 5783 Pult‘l‘
1100 5726 1167 5791 ",
1209 5742 1228 5777 ι
1273 5731 1328 5779 et
1380 5721 1435 5777 in
1483 5720 1574 5776 illa
1609 5719 2056 5789 interpretatione
2104 5718 2331 5775 demon-

845 5884 885 5916 "
932 5881 1044 5937 Luc
1093 5894 1248 5945 sun,
1288 5877 1375 5936 l9.
1484 5878 1529 5911 "
1561 5874 1756 5931 Matth.
1789 5891 1865 5941 ιι,
1893 5874 1985 5928 27.

2428 4706 2457 4758 6
2487 4703 2637 4769 Υἰδς,
2676 4697 2754 4757 ῶν
2783 4699 3093 4762 αὐτοαίτιος
3115 4700 3145 4752 6
3170 4698 3379 4770 Πατὴρ,
3409 4700 3504 4767 καὶ
3532 4697 3610 4761 ῶς
3650 4699 3775 4769 οὐχὶ
3806 4699 4000 4771 πρώτη

2430 4797 2578 4853 αἰτία
2606 4797 2703 4851 καὶ
2732 4796 2878 4867 ἁρχὴ
2905 4794 3000 4849 τοῦ
3022 4793 3344 4864 Πνεύματός
3374 4794 3525 4846 ἔστιν
3560 4794 3592 4846 6
3622 4792 4003 4864 Υἱόςοούμεν-

2430 4906 2547 4956 ουν,
2587 4888 2664 4953 ῶς
2713 4903 2860 4952 τινες
2907 4887 3260 4957 ύπειλήφασι,
3293 4885 3383 4939 διὰ
3442 4883 3602 4939 τοῦτο
3628 4885 3658 4938 6
3685 4883 3839 4953 ἅγιος
3868 4885 3999 4957 ἔφη,

2437 4998 2457 5034 ε
2492 4982 2559 5034 ἐκ
2587 4980 2687 5034 τοῦ
2718 4979 2851 5033 Υἰοῦ
2876 4977 2935 5031 δι
2961 4977 3022 5031 τὺ
3048 4976 3274 5047 Πνεῦμα
3302 4975 3366 5031 οὐ
3405 4975 3667 5045 λίγομεν,
3700 4993 3719 5027 ι
3751 4976 3839 5028 ῐνα
3882 4975 4005 5028 δια·

2433 5072 2623 5145 στείλη
2648 5072 2740 5127 τὸν
2774 5070 2905 5126 Υἱδν
2933 5068 3044 5125 ἀπὺ
3064 5067 3158 5124 τοῦ
3203 5068 3436 5138 Πατρός.
3468 5066 3533 5121 Εἰ
3570 5066 3681 5139 γὰρ
3726 5067 3873 5121 τοῦτ’
3902 5063 3996 5139 ἦν,

2431 5165 2532 5221 οὐκ
2567 5165 2634 5221 ἄν
2675 5180 2807 5217 ποτε
2848 5163 2977 5234 εφη,
3002 5160 3203 5232 οὐχῶς
3260 5157 3322 5222 ιε
3371 5157 3562 5222 αὐτοῦ,
3608 5158 3725 5212 ἀλλ’
3788 5160 3866 5223 ὡς
3929 5158 3999 5213 δι’

2432 5255 2602 5311 αὐτοῦ
2660 5254 3118 5325 ὶκπορευόμενον.
3178 5250 3246 5305 ’Π
3310 5250 3423 5322 γὰρ
3470 5249 3581 5304 ἀπὸ
3640 5249 3737 5304 τοῦ
3783 5250 3997 5321 Πατρδς

2435 5346 2687 5419 διαστολὴ
2724 5345 2817 5403 τοῦ
2852 5344 3006 5413 Υἰοῦ,
3047 5345 3149 5399 ούκ
3185 5342 3252 5400 ἄν
3280 5359 3417 5397 ποτε
3461 5343 3523 5396 ιν
3563 5343 3629 5413 τῇ
3678 5342 3744 5395 εκ
3786 5342 3998 5412 Πατρδς

2437 5437 2672 5511 ὑπάρξει
2702 5438 2799 5492 τοῦ
2830 5435 3177 5505 Πνεύματος,
3202 5432 3570 5507 παραδεξαιτο
3611 5432 3673 5486 τδ
3717 5432 3783 5485 δι’
3812 5431 3992 5499 {Tim}.

2445 5533 2610 5589 Ἀλλὰ
2639 5534 2737 5588 καὶ⁸
2758 5532 2843 5598 τὸ,
2891 5549 2911 5584 ε
2955 5530 3147 5594 οὐδεὶς
3173 5528 3380 5597 ἀγαθὸς
3420 5530 3470 5583 εί
3497 5527 3574 5600 μὴ
3611 5522 3693 5592 εἷς
3717 5528 3745 5581 6
3774 5524 3925 5590 θεὸς,
3970 5545 3989 5579 ι

2432 5628 2463 5681 6
2497 5628 2671 5697 μέγας
2698 5624 2980 5689 Βασίλειος
3010 5623 3133 5677 ἀντί
3158 5619 3276 5687 τοῦ,
3307 5620 3373 5675 Ei
3410 5621 3485 5690 μὴ
3512 5619 3693 5690 ιμόνος
3725 5622 3753 5673 6
3784 5617 3993 5688 Πατὴρ,

2434 5716 2823 5788 ἰξηγούμενοςη
2857 5715 2953 5771 καὶ
2996 5713 3183 5786 σαφῶς
3227 5712 3424 5782 λέγων,
3461 5710 3697 5783 δήλωσιν
3736 5707 3883 5780 ἔχειν
3929 5709 3995 5765 τὸ
