4168 6458
131 492 260 558 601
1164 490 1247 552 ΙΝ
1287 487 1680 553 ΟΑΜᾹἸΕΒῘ
1723 483 1785 544 Α]

1899 482 2472 548 lADVERSlONES.
3338 473 3446 540 602

138 625 163 658 1
239 605 322 661 τὸ
357 603 702 676 ὅνοματόδε
732 602 884 674 παρά
912 603 980 672 τῇ
1007 597 1129 670 θεία
1152 598 1368 669 Γραφῇ.
1392 600 1460 652 Δ.
1494 594 1655 650 ’Λλλά
1687 610 1777 662 γε·

1899 612 1903 645 ι
1945 603 2106 666 ptura
2130 596 2235 650 hoc
2269 609 2468 650 nomen
2506 606 2611 649 non
2643 589 2880 647 invenio.
2911 591 2985 645 ιλ.
3022 587 3101 642 An
3167 598 3298 642 vero
3356 603 3452 657 ge-

138 714 160 746 1
219 697 614 768 γεννημένον
638 711 655 762 ;
690 696 754 748 Β.
785 689 1130 747 Οὑόδ-τοῦτο.
1158 689 1225 742 Λ.
1253 687 1363 763 τοῦ
1389 686 1455 756 δὴ
1482 676 1640 756 χάριν
1666 700 1683 751 ;
1711 683 1773 736 Β.

1899 700 1906 740 ι
1944 685 2120 740 nitum
2141 684 2166 740 ἲ
2188 686 2251 738 Β.
2281 685 2393 740 Nec
2424 681 2526 740 hoc
2555 681 2800 754 quidem.
2839 681 3065 748 A.-Quid
3099 681 3214 736 ita?
3256 680 3324 734 Β.
3346 679 3454 736 Nc-

138 807 162 840 1
237 789 394 843 Οὐκ
431 788 717 860 “tuxqu
748 784 868 840 οὖδὶ
889 784 1049 840 τοῦτο
1077 773 1234 852 παρά
1281 775 1398 849 τῆς
1429 777 1676 848 Γραφῆς.
1709 777 1776 830 Α.

1899 799 1905 832 ι
1941 793 2048 846 que
2071 777 2174 833 hoc
2202 793 2233 832 a
2261 791 2420 833 sacra
2446 774 2726 842 Scriptura
2761 773 2946 829 didici.
2979 772 3046 827 Δ.
3067 768 3224 838 Quod
3259 779 3446 826 autem

144 900 168 931 1
233 880 336 934 Τὸ
396 880 466 935 δὲ
509 881 584 951 μὴ
616 875 1032 949 γεγεννημένον
1069 873 1202 945 μηδὲ
1262 870 1581 941 ικτισμένον
1618 867 1779 930 ποίας

1899 888 1905 922 ι
1941 882 2040 926 nec
2064 868 2306 938 genitum
2331 878 2434 934 est,
2463 881 2565 922 nec
2593 872 2863 928 creatum,
2886 877 3049 934 quam
3074 866 3449 931 congruenter

141 992 168 1024 1
239 972 336 1028 ἂν
369 971 614 1036 εἰκότως
631 970 785 1042 τύχοι
817 966 1222 1040 προσηγορίαςς
1250 963 1310 1018 Β.
1334 965 1624 1016 ’Δκτιστον
1646 957 1780 1012 αὐτὸ

1899 959 2362 1032 zappeilationem
2415 957 2687 1028 accipiet?
2730 956 2792 1011 Β.
2845 955 3151 1010 lncreatum
3211 952 3343 1006 illud
3400 959 3456 1006 et

139 1079 170 1118 ο
240 1065 377 1118 καὶ
443 1065 742 1134 ἀγέννητον
792 1059 1156 1132 ὀνομάζομεν.
1194 1057 1263 1112 Α.
1294 1054 1368 1110 Τὸ
1399 1054 1456 1108 δὲ
1513 1052 1780 1129 πανάγιον

143 1174 168 1207 1
230 1155 508 1226 Πνεῦμα
541 1154 665 1210 οὔτε
700 1154 808 1227 μὴν
831 1150 1078 1208 ἐκτίσθαι
1112 1146 1237 1204 οὔτε
1270 1148 1379 1219 μὴν
1413 1140 1780 1215 γεγεννῆσθαί

149 1264 175 1299 1
247 1263 361 1316 φα.
373 1262 506 1316 μιν.
531 1245 594 1300 Β.
622 1226 910 1315 οὐδαμῶς.
944 1245 1010 1302 Α.
1039 1226 1286 1297 καλέσαι
1314 1236 1451 1308 γοῦν
1484 1236 1781 1303 ἀγέννητον

151 1357 176 1392 1
256 1338 593 1410 Θαρῤήσῃς
618 1336 685 1391 ἂν
736 1337 800 1390 τὸ
834 1331 1058 1408 Πνεῦμα
1106 1334 1168 1387 τδ
1191 1333 1393 1400 ἀγιονς
1428 1330 1490 1385 Β.
1520 1329 1597 1383 Οὐ
1621 1328 1779 1398 δῆτα.

151 1448 176 1481 1
257 1432 352 1483 Δ.
394 1427 508 1482 Καὶ
531 1429 586 1480 τί
614 1427 677 1496 δή
710 1441 842 1480 ποτε
873 1427 954 1496 μὴ
993 1424 1185 1486 καλεῖς
1214 1423 1510 1491 ἀγέννητον
1537 1419 1599 1472 τὸ
1623 1417 1782 1472 tm-

152 1539 177 1575 1
261 1536 446 1585 στον,
475 1518 710 1590 μηδαμῆ
761 1517 821 1572 δὲ
847 1510 1282 1586 γεγεννημένονς
1310 1513 1374 1566 Β.
1395 1510 1527 1565 Ὀτι-
1542 1509 1706 1564 τοῦτο
1719 1508 1782 1560 οὐ

155 1631 182 1665 1
265 1597 596 1682 μαμάθηιια
621 1610 772 1679 παρὰ
804 1608 907 1678 τῆς
941 1607 1089 1671 θείας
1143 1603 1389 1675 Γραιρἦ,
1427 1601 1519 1657 καὶ
1576 1599 1784 1670 σφόδρα

156 1720 184 1755 1
250 1700 558 1772 διιμαίνω
591 1700 774 1768 λέγειν
793 1699 862 1753 τὰ
892 1689 1024 1769 παρ’
1045 1696 1263 1768 ἐκείνης
1288 1691 1647 1765 σεσιγημένα.
1688 1709 1709 1742 ι

1899 1714 1913 1748 ι
1946 1699 2067 1766 qua:
2089 1693 2169 1749 ab‘
2189 1692 2284 1747 illa
2305 1691 2526 1747 silentio
2555 1699 2682 1745 sunt
2713 1687 3006 1757 praeterita.
3042 1705 3060 1737 ι

817 1785 1202 1846 Ἐπιστασηία..
2448 1779 2868 1833 Attimadversio.
3238 1829 3241 1834 ,

256 1905 287 1939 1
352 1884 432 1940 re
460 1883 594 1939 αὐτὸ
623 1882 732 1937 κάν
755 1881 820 1950 τῇ
856 1875 1108 1948 παρούσῃ
1139 1871 1498 1944 πραγματείᾳ
1525 1866 1620 1922 τοῦ
1676 1868 1777 1922 αὑ.

1965 1896 1986 1932 1
2025 1876 2225 1932 Eadem
2267 1873 2322 1929 in
2355 1873 2471 1928 hoc
2502 1874 2723 1942 quoque
2745 1877 2982 1926 tractatu
3030 1865 3274 1937 ejusdem
3307 1860 3463 1918 addi-

169 2000 194 2031 1
255 1975 380 2031 τοῦ
438 1974 702 2045 μάνθανε,
753 1971 819 2024 ιιι
869 1966 966 2024 τοῦ
1013 1963 1230 2038 Πατρδς
1275 1963 1420 2036 ἔχειν
1461 1960 1665 2031 δηλαδὴ
1720 1956 1782 2011 τὸ

1899 1987 1910 2023 ι
1953 1969 2114 2033 scito,
2157 1981 2225 2022 ex
2257 1966 2422 2021 Patre
2478 1977 2676 2032 nempe
2735 1974 2890 2017 suam
2943 1958 3146 2013 habere
3194 1951 3463 2010 cxsisten-

170 2088 196 2123 1
253 2065 508 2137 Πνεῦμα
538 2065 640 2138 τὴν
668 2061 928 2135 ὕπαρξιν.
973 2078 999 2112 ι
1887 2077 1908 2111 ι
1937 2059 2099 2113 tiam.
2129 2076 2154 2109 ι

804 2142 1189 2220 Ἀντίρῥησις.

1889 1073 1909 1106 1
1945 1055 2246 1123 ingenitum
2278 1051 2638 1122 appellamus.
2673 1051 2737 1104 Δ.
2783 1047 3047 1118 Spiritum
3090 1058 3258 1115 porro
3328 1058 3458 1098 san-

1889 1164 1910 1198 1
1946 1156 2094 1199 ctum
2116 1145 2227 1199 'nec
2246 1151 2515 1208 creatum,
2547 1155 2648 1196 nec
2670 1141 2911 1211 genitum
2941 1153 3061 1194 esse
3095 1137 3351 1192 dicimus.
3391 1133 3454 1188 Β.

1892 1253 1912 1290 1
1945 1232 2115 1295 Nulla.
2131 1234 2317 1290 modo.
2349 1233 2414 1286 Δ.
2444 1231 2682 1286 Audebis
2708 1231 2874 1298 igitur
2905 1227 3173 1294 Spiritum
3203 1234 3455 1280 sanctum

1891 1345 1910 1380 1
1943 1316 2248 1398 ingenitum
2287 1323 2600 1395 appellare?
2630 1323 2692 1376 Β.
2739 1317 3118 1388 Nequaquam.
3156 1316 3219 1369 A.
3254 1313 3328 1368 Et’
3361 1327 3457 1366 cur

1891 1438 1913 1481 ι
1949 1419 2253 1490 ingenitum
2287 1432 2395 1472 non
2457 1423 2622 1471 vocas
2673 1428 2796 1469 eum
2826 1422 3016 1466 natum
3053 1409 3458 1470 increatum,'et

1893 1531 1912 1573 ι
1947 1512 2100 1567 nullo
2132 1510 2293 1566 modo
2321 1507 2601 1580 genitum?
2648 1505 2714 1560 Β.
2756 1503 2894 1582 Quia
2928 1503 3032 1558 hoc
3065 1516 3096 1555 a
3122 1514 3276 1555 sacra
3312 1495 3458 1552 Scri—

1894 1621 1913 1664 t
1946 1611 2104 1673 ptura
2132 1616 2242 1658 non
2267 1601 2452 1665 didici,
2485 1608 2538 1654 et
2569 1599 2725 1654 valde
2771 1595 3080 1660 reformido
3129 1606 3192 1647 ea
3251 1589 3455 1653 dicere,

804 2142 1189 2220 Ἀντίρῥησις.
2514 2141 2809 2212 Βοίαιαιὲο.

279 2248 463 2304 ’Δλλά
493 2246 590 2302 καὶ
634 2247 700 2300 σὺ
730 2243 832 2314 τὴν
878 2241 1052 2313 αὐτὴν
1081 2241 1174 2295 καὶ
1223 2238 1316 2293 επὶ
1352 2240 1467 2302 τοῖς
1514 2235 1784 2307 παροῦσιν
1895 2295 1897 2297 ,
1954 2240 2018 2295 Et
2047 2246 2102 2294 tu
2135 2249 2354 2308 quoque
2392 2234 2643 2290 eamdem
2693 2231 2809 2286 adit

174 2340 538 2413 ἀντίρρησιν
565 2335 744 2407 δέχου,
766 2335 837 2408 ἢν
870 2333 966 2387 ἐπὶ
997 2335 1064 2404 τῇ
1096 2331 1530 2403 προηγησαμένῃ
1555 2329 1784 2382 ὶπιστα-

176 2434 306 2505 atq
336 2431 696 2501 ἐποιήσαμεν.

1895 2295 1897 2297 ,
1954 2240 2018 2295 Et
2047 2246 2102 2294 tu
2135 2249 2354 2308 quoque
2392 2234 2643 2290 eamdem
2693 2231 2958 2309 adversus
3005 2224 3205 2281 similia
3239 2220 3462 2277 refuta-

1882 2331 2084 2390 tionem
2136 2328 2372 2398 excipite
2397 2339 2566 2397 quam
2626 2324 2684 2387 in
2717 2317 3046 2393 praeedenti
3075 2324 3168 2372 tua
3218 2311 3463 2368 animad-

1881 2422 2134 2477 versione
2153 2421 2528 2491 apposuimus.

181 2545 330 2604 Τοῦ
362 2545 551 2601 αὐτοῦ
579 2544 696 2600 ἀπὸ
727 2541 835 2600 τοῦ
860 2540 1145 2608 δευτέρου
1170 2537 1360 2609 ἒιόγου
1383 2536 1491 2591 τοῦ
1515 2532 1780 2609 βιϐλίαν,

272 2612 356 2675 οὗ
390 2617 430 2683 ἡ
476 2610 802 2687 ἐπιγραφὴ,
859 2605 1269 2679 Ἐλλὴνικῶπ
1294 2605 1663 2677 παθημάτων
1695 2606 1781 2659 θε-

273 2679 641 2753 ροπὲυτικῆζ
693 2679 710 2683 ⁷
1952 2679 2182 2747 scripsit.

280 2796 468 2852 PME’.
519 2813 540 2848 1
601 2772 778 2846 Ἆλλᾶ
805 2790 879 2861 μὴ
915 2785 1253 2858 Θορυῦεῖσθε,
1301 2782 1368 2839 ἐκ
1414 2781 1508 2838 τοῦ
1567 2779 1784 2851 Πατρὺς

1952 2791 2076 2847 “5.
2120 2808 2140 2842 1
2176 2787 2337 2844 Nulla
2385 2801 2484 2842 vos
2532 2791 2738 2848 autem,
2763 2794 2969 2852 quaso,
3001 2778 3092 2833 hic
3128 2772 3468 2846 perturbatio

195 2906 222 2940 1
282 2886 385 2940 καὶ
405 2886 503 2939 σὺν
521 2884 597 2955 τῷ
615 2883 792 2952 Πατρὶ
818 2881 912 2934 τὸν
937 2879 1111 2948 Λόγον
1137 2876 1494 2956 ἀκοὺααντες.
1529 2874 1653 2929 Τῶν
1675 2873 1785 2942 γὰρ

1899 2903 1912 2939 ι
1950 2867 2166 2948 subeat,
2193 2878 2338 2950 quod
2389 2877 2497 2933 dici
2543 2875 2770 2939 auditis,
2803 2871 3065 2934 Verbum,
3099 2875 3152 2923 et
3179 2881 3264 2930 ,ει
3307 2863 3469 2956 Patre

197 2999 223 3033 1
281 2953 654 3052 ἀτοπωτάτων
685 2972 974 3034 Πλάτωνος
1005 2970 1104 3040 μὲν
1128 2953 1412 3038 ἀνέχεαθε,
1465 2968 1563 3021 καὶ
1604 2967 1783 3020 αττιον

1899 2992 1916 3026 ι
1958 2973 2212 3043 gigni,’et
2244 2961 2368 3026 cum
2410 2968 2573 3024 Patre
2601 2980 2745 3050 esse.
2775 2963 2913 3029 Quae
2941 2966 3085 3018 sunt
3115 2959 3263 3014 enim
3319 2953 3467 3042 apud

199 3091 225 3123 1
289 3067 559 3140 τῆςῦλής
589 3050 686 3122 τδν
733 3066 866 3120 Θεὸν
913 3033 1193 3132 λὲγοντος,
1229 3033 1344 3116 ’παὶ
1384 3033 1660 3114 ὼναῖδιον
1685 3057 1782 3112 τοῦ

1899 3084 1910 3119 ι
1951 3033 2228 3121 ΒΙΞιοιιθω
2275 3045 2686 3128 insulsissima,
2737 3056 2909 3127 aequis
2959 3050 3159 3112 animis
3207 3033 3468 3103 auribus-

203 3181 228 3215 1
275 3159 418 3215 Θεοῦ
451 3159 549 3231 τὴν
572 3156 704 3228 ὕλην
732 3153 1155 3217 ἀποκαλοῦντος.
1181 3154 1276 3225 καὶ
1291 3151 1390 3216 τάς
1422 3151 1564 3214 ἰδέας
1579 3151 1658 3210 ,ὲκ
1686 3149 1780 3202 τοῦ

1899 3174 1912 3209 ι
1948 3171 2053 3225 que
2088 3150 2361 3223 accipitis.
2397 3149 2489 3206 ille
2522 3151 2669 3205 enim
2702 3155 2759 3202 et
2787 3146 2959 3212 Deum
2990 3140 3236 3198 mater-ite
3277 3145 3469 3193 aucto—

204 3273 231 3308 1
291 3252 436 3307 Θεοῦ
464 3252 557 3305 καὶ
581 3251 679 3304 σὺν
699 3250 774 3320 τῷ
799 3247 919 3318 Θεῷ
954 3248 1253 3316 φάο-κοντος
1285 3237 1470 3297 εῐναιον
1487 3241 1581 3296 τόν
1609 3237 1666 3294 δι
1693 3238 1785 3294 τοῦ

1899 3265 1917 3300 ι
1955 3258 2092 3309 rem,
2125 3252 2181 3301 et
2208 3237 2388 3320 tamen
2449 3240 2561 3296 Deo
2610 3247 2949 3297 maternam
2996 3233 3279 3292 materiam
3347 3242 3471 3289 esse

201 3365 233 3399 1
303 3343 442 3397 Θεοῦ
471 3343 643 3409 Λόγον
786 3338 848 3391 τὸ
876 3338 1146 3404 πανάγιον
1171 3334 1398 3403 Πνεῦμα
1428 3335 1504 3405 μὴ
1533 3325 1785 3386 πείθεσθε

1899 3359 1919 3394 1
1955 3340 2211 3395 aﬂirmat.
2241 3317 2498 3406 Idemque
2566 3332 2719 3407 ideas
2773 3345 2840 3386 ex
2895 3327 3009 3390 Deo
3067 3334 3121 3382 et
3181 3339 3308 3382 cum
3357 3323 3471 3378 Deo

211 3455 232 3489 1
281 3437 353 3488 ὲκ
385 3433 477 3487 τοῦ
511 3431 646 3486 Θεοῦ
670 3431 853 3502 φῦναι,
889 3429 980 3483 καὶ
1007 3429 1104 3482 σὺν
1133 3427 1212 3497 τῷ
1237 3425 1357 3495 Θεῷ
1385 3419 1547 3484 εἶναι.
1579 3424 1642 3478 El
1669 3423 1785 3496 γὰρ

1899 3451 1919 3484 1
1952 3427 2258 3486 constituit.
2290 3424 2611 3482 Vosautem
2651 3422 2893 3478 Verbum
2935 3418 3054 3485 Dei,
3093 3419 3471 3486 sanctumque

211 3549 233 3583 1
295 3525 399 3596 τὴν
428 3524 698 3594 ἑτεροφυᾶ
721 3526 814 3577 καὶ
841 3519 1155 3600 ἑτερογενῆ,
1183 3518 1277 3600 θεαὶ
1326 3515 1626 3600 ἀλλόφυλον
1650 3514 1787 3586 ὕλην

211 3641 231 3674 1
295 3619 392 3673 καὶ
425 3621 488 3670 ἐκ
516 3614 608 3670 τοῦ
655 3613 814 3681 Θεοῦ,
865 3598 960 3666 καὶ
1001 3615 1060 3666 ὲν
1109 3596 1339 3680 τῷΘεῷ
1372 3596 1535 3674 εἶναι,
1565 3609 1594 3660 ὁ
1635 3608 1789 3677 φιλό-

215 3732 237 3767 1
306 3727 466 3780 σοῳος
489 3708 616 3779 ἔφη,
651 3705 829 3776 πολλῷ
880 3705 1056 3776 δήπου)
1091 3701 1467 3770 εὐλογώτερον·
1510 3699 1602 3753 καὶ
1656 3699 1789 3771 ἀλη-

215 3825 237 3858 1
292 3803 550 3872 Θίοτερον
582 3799 922 3871 ὑποληπτέον
976 3796 1075 3872 τὸν
1103 3794 1375 3866 ἡμέτερον
1419 3792 1599 3859 λόγον.
1651 3791 1790 3847 Οὐδὲ

214 3916 237 3948 1
303 3896 411 3966 γάρ
440 3865 707 3962 έτεροφυᾶ
725 3865 816 3944 τὸν
831 3891 983 3954 Υῑὸν,
1021 3865 1154 3942 aiat
1175 3885 1238 3939 τδ
1264 3884 1533 3954 πανάγιον
1565 3882 1791 3954 Πνεῦμα

217 4008 239 4040 1
310 3999 490 4054 φαμεν
517 3976 678 4047 εῐναι,
732 3979 866 4034 ἀλλά
920 3975 1051 4049 μίαν
1111 3972 1256 4030 εῖναι
1305 3975 1406 4045 τὴν
1450 3975 1642 4029 οὐσίαν
1689 3974 1790 4044 τῆς

217 4099 238 4132 1
305 4075 533 4146 Τριάδος
559 4071 931 4143 κηρύττομεν.
960 4069 1023 4122 El
1055 4068 1112 4121 δέ
1144 4083 1228 4129 τις
1259 4066 1362 4135 τῆς
1385 4063 1673 4135 ὑπάρξεως
1694 4063 1788 4118 τοῦ

219 4191 240 4223 1
305 4169 438 4224 Υῐοῦ
471 4164 685 4220 καὶτοῦ
715 4165 874 4231 ἁγίου
900 4161 1219 4227 Πνεῦματος
1253 4160 1506 4228 ἐπιζητεῖ
1536 4158 1631 4211 τὸν
1659 4158 1790 4227 τρό-

1885 2534 2140 2608 Ejusdem
2188 2552 2255 2592 ea:
2293 2535 2525 2608 secunda
2557 2533 2798 2608 oratione
2833 2526 3030 2608 ορρήι,
3058 2523 3199 2608 quod
3237 2519 3464 2608 illecti-

1950 2623 2129 2678 νει-ειη
2180 2604 2455 2678 gentilium
2505 2602 2810 2673 ασεειὶοιιεε
2865 2595 3279 2662 therapeuticam
3324 2605 3467 2675 prce-

1899 3635 1919 3670 1
1962 3616 2071 3670 Deo
2100 3611 2344 3670 creditis.
2377 3608 2437 3665 Si
2460 3608 2607 3664 enim
2635 3601 2946 3683 materiam,
2981 3619 3102 3674 quas
3130 3602 3473 3663 alterius‘est

1901 3730 1920 3764 1
1961 3717 2170 3764 natura
2208 3716 2371 3776 quam
2404 3703 2569 3767 Deus,
2599 3700 2929 3772 generisque
2959 3696 3209 3758 alterius,
3241 3710 3329 3757 ac,
3391 3694 3470 3755 uti

1901 3823 1920 3856 1
1959 3803 2032 3857 ita
2060 3799 2316 3862 dixerim,
2348 3795 2649 3864 alienigena
2689 3799 2743 3844 et
2776 3789 3040 3854 extraria,
3075 3795 3129 3841 et
3165 3779 3230 3840 ex
3271 3784 3383 3839 Deo
3413 3791 3469 3838 et

1900 3914 1920 3946 1
1959 3908 2080 3950 cum
2133 3892 2246 3946 Deo
2284 3904 2407 3945 esse
2433 3886 2548 3941 vult
2598 3884 2772 3950 Plato,
2828 3878 2999 3935 muito
3045 3878 3216 3949 magis
3272 3876 3471 3932 rationi

1901 4006 1920 4042 1
1961 3990 2402 4045 consentaneus,
2459 3977 2742 4045 multoque
2801 3973 2982 4027 verior
3041 3984 3222 4026 sermo
3284 3976 3474 4022 noster
3523 3953 3526 3956 ’

1904 4094 1925 4129 1
1960 4075 2236 4147 putandus
2308 4080 2412 4128 est.
2483 4067 2710 4139 Neque.
2753 4066 2900 4122 enim
2979 4061 3180 4116 Filium
3245 4057 3473 4112 alterius

1902 4187 1922 4222 1
1964 4176 2194 4231 naturae,
2240 4180 2417 4233 neque
2473 4169 2726 4217 sanctum
2767 4151 3033 4225 Spiritum
3064 4165 3190 4205 esse
3213 4147 3470 4208 dicimus,

1902 4276 1922 4310 1
1958 4257 2054 4313 sed
2090 4269 2254 4310 unam
2291 4246 2968 4307 Trinitatis’sultstantiam
2995 4239 3375 4313 praedicamus.
3412 4235 3471 4290 Si

1901 4369 1920 4402 1
1962 4349 2086 4418 quis
2138 4359 2320 4401 autem
2372 4351 2615 4399 vestrum
2669 4340 2811 4394 scire
2866 4335 3176 4396 desiderat,
3229 4343 3472 4400 quonam

1903 4459 1922 4493 1
1957 4439 2277 4495 substantias
2325 4435 2488 4490 modo
2523 4433 2593 4488 sit
2639 4429 2809 4484 Filius
2851 4436 2903 4480 et
2940 4424 3176 4496 Spiritus
3225 4427 3470 4481 sanctus,

1905 4552 1922 4584 1
1957 4546 2171 4601 aequum
2199 4542 2329 4585 sane
2364 4535 2467 4590 est,
2501 4534 2560 4579 ut
2587 4524 2635 4578 is
2699 4522 2850 4592 prior
2893 4515 3157 4588 quaerenti
3201 4512 3334 4566 mihi
3383 4523 3472 4564 re-

224 4647 245 4678 1
307 4593 415 4696 γὰρ
441 4625 500 4692 ἐξ
528 4593 698 4677 αἰτίου
730 4593 988 4690 γενέσθαι
1018 4593 1091 4684 τὶ,
1121 4593 1162 4690 ἢ⁷
1187 4593 1443 4690 γεννητὸν
1473 4622 1506 4691 ἢ
1545 4593 1785 4688 κτιστὸν,

1905 4643 1923 4675 1
1968 4593 2254 4692 spondeat,
2282 4633 2443 4688 quem
2496 4613 2713 4670 essendi
2767 4611 2992 4666 modum
3040 4607 3239 4660 habere
3300 4601 3476 4672 possit

310 4277 412 4315 πον
442 4260 658 4331 μαθεῖν,
691 4258 900 4310 εἰπάτω
928 4254 991 4307 δὴ
1022 4254 1286 4324 πρότερος
1320 4253 1414 4306 τὸν
1457 4254 1659 4326 τρόπον
1690 4255 1790 4324 τῆς

305 4353 602 4420 ἀγεννήτου
637 4349 944 4420 ὑπάρξεως,
996 4346 1113 4410 πῶς
1141 4347 1288 4399 ἐστιν
1333 4340 1473 4416 ἔχων
1503 4346 1563 4399 τὸ
1591 4348 1785 4401 αἴτιον.

304 4444 477 4500 Τοῦτο
508 4442 618 4513 γὰρ
644 4443 709 4510 δὴ
739 4439 1020 4501 παντελῶς
1050 4439 1275 4508 ἄπορον,
1311 4439 1404 4492 καὶ
1432 4439 1570 4512 μόνῃ
1603 4457 1667 4506 γε
1719 4442 1787 4510 τῇ

226 4557 247 4589 1
311 4535 471 4605 φύσει
500 4537 566 4605 τῇ
599 4533 817 4602 καθαρᾷ
845 4531 936 4583 καὶ
967 4531 1262 4601 ἀκραιφνεῖ
1290 4528 1555 4600 χωρητόν.
1583 4531 1656 4584 Τὸ
1689 4531 1789 4600 μὲν

1898 3542 1918 3577 1
1958 3522 2222 3592 Spiritum
2276 3531 2456 3588 neque
2483 3531 2551 3572 ex
2583 3514 2696 3572 Deo
2717 3514 2960 3585 prodire,
2992 3523 3170 3580 neque
3196 3520 3319 3565 esse
3342 3523 3468 3562 cum
3558 3577 3562 3582 '

224 4739 243 4769 1
302 4717 503 4781 δέξαιτ’
545 4716 613 4768 ἃν
651 4714 849 4785 ῥᾳδίως
896 4715 924 4767 ό
965 4713 1244 4782 λογισμόςο
1295 4713 1355 4765 τὸ
1405 4711 1462 4765 δὲ
1487 4706 1630 4767 εἶναι
1667 4731 1790 4767 τινα

228 4828 250 4861 1
295 4809 430 4878 ἄτερ
455 4807 632 4862 αἰτίου
662 4805 784 4858 οὐδὲ
814 4803 1101 4872 προσίεται
1140 4801 1422 4870 λογισμὸς,
1453 4805 1505 4855 εἰ
1555 4802 1631 4873 μὴ
1681 4805 1791 4874 ἄρα

232 4917 254 4951 1
296 4900 440 4967 φανῇ
466 4897 564 4965 τῆς
593 4895 830 4956 πίστεως
861 4892 922 4944 τὸ
950 4892 1236 4961 ἐχέγγυον.
1271 4891 1331 4944 Ei
1370 4891 1427 4944 δὲ
1461 4891 1792 4961 πιστεύομεν

232 5009 252 5042 1
309 4985 449 5043 εἶναι
475 5007 526 5041 τι
557 4989 651 5041 καὶ
672 4987 966 5056 ἀγέννητον
991 4985 1088 5037 καὶ
1117 4985 1373 5053 ἄναρχον,
1404 4986 1500 5037 καὶ
1526 4985 1791 5052 ἀναίτιον,

233 5101 252 5132 ι
307 5080 624 5134 πιστευτέον
649 5077 758 5147 ἄρα
783 5077 856 5138 ὡς
890 5078 955 5128 ἐκ
979 5076 1192 5139 τούτου,
1222 5074 1310 5128 νοῦ
1346 5075 1494 5139 ὄντος
1523 5077 1789 5148 ἐγεννήθη

233 5193 250 5226 ι
315 5172 510 5240 Λόγος,
542 5171 637 5224 καὶ
673 5168 913 5239 προῆλθε
949 5167 1008 5219 τὸ
1043 5165 1270 5233 Πνεῦμα
1300 5165 1360 5218 τὸ
1387 5167 1562 5233 ἅγιον.
1595 5187 1614 5220 ι

233 5291 248 5322 ι
282 5283 402 5324 esse
454 5280 583 5321 vero
622 5263 827 5332 aliquid
882 5263 1026 5328 quod
1083 5276 1186 5314 non
1244 5270 1462 5314 emanat
1512 5275 1544 5316 a
1597 5277 1788 5334 causa,
1859 5265 2008 5321 nulla
2070 5262 2210 5318 ratio
2269 5258 2564 5315 assentitur
2609 5273 2623 5310 :

1906 4733 1924 4766 1
1966 4713 2111 4783 quod
2143 4726 2248 4764 non
2294 4717 2374 4763 est
2403 4706 2664 4778 genitum.
2703 4702 2822 4769 Quo
2865 4709 3042 4770 pacto,
3078 4697 3322 4766 inquam,
3364 4700 3471 4756 est,

1907 4828 1926 4862 1
1962 4804 2108 4877 quod
2144 4803 2344 4859 nullam
2365 4799 2547 4862 habet,
2577 4797 2722 4851 unde
2763 4795 2855 4854 sit.
2888 4804 3129 4846 causam.
3169 4786 3292 4844 Hac
3329 4784 3472 4843 enim

1906 4919 1925 4951 1
1959 4895 2190 4968 quaestio
2220 4907 2443 4963 prorsus
2469 4896 2552 4946 est
2578 4887 2768 4952 dubia,
2813 4884 3036 4953 solaque
3080 4879 3206 4934 ﬁdei
3241 4878 3475 4949 puritate

1909 5009 1927 5041 1
1966 4967 2029 5044 ac
2093 4983 2406 5042 sinceritate
2472 4979 2759 5049 capienda,
2817 4975 2960 5030 Fieri
2997 4974 3142 5028 enim
3209 4986 3272 5025 ac
3316 4967 3474 5039 gigni

1909 5100 1928 5133 1
1972 5078 2305 5150 pmcedente
2335 5086 2498 5127 causa
2528 5069 2809 5140 quippiam
2839 5082 3055 5126 eorum,
3095 5077 3216 5132 qua:
3251 5061 3394 5131 gigni
3419 5070 3476 5114 et

1910 5191 1929 5223 1
1970 5168 2141 5226 creari
2189 5171 2438 5236 possunt,
2495 5163 2734 5217 humana
2791 5159 2929 5212 ratio
2982 5156 3141 5210 facile
3188 5152 3472 5207 admittit:

2708 5255 2813 5308 nisi
2899 5251 3038 5306 forte
3133 5250 3474 5303 interventus

234 5387 252 5418 1
290 5364 415 5419 fidei
467 5377 531 5416 ac
573 5359 792 5426 sponsio
839 5357 1155 5412 intercedat.
1188 5355 1392 5422 Quodsi
1452 5371 1574 5412 esse
1612 5359 1820 5430 aliquid
1894 5358 2226 5417 credendum
2284 5362 2389 5421 est,
2439 5367 2536 5409 nec
2583 5350 2694 5405 ullo
2763 5346 2928 5402 modo
2992 5344 3258 5416 genitum,
3297 5357 3398 5398 nec
3447 5357 3475 5396 a

235 5476 251 5508 1
291 5468 456 5510 causa
489 5451 815 5520 proiectum,
856 5463 954 5502 nec
999 5448 1066 5499 ab
1098 5446 1208 5500 ullo
1274 5446 1519 5514 pendens
1581 5451 1864 5519 superiore
1906 5449 2214 5520 principio;
2291 5443 2624 5501 credendum
2666 5441 2856 5512 utique
2943 5439 3050 5494 erit
3095 5437 3162 5504 ab
3200 5438 3302 5492 hoc
3332 5437 3475 5506 ipso,

235 5569 252 5601 1
291 5546 436 5618 quod
461 5543 767 5600 intellectus
808 5541 904 5602 sit,
936 5540 1176 5605 genitum
1217 5553 1338 5593 esse
1371 5537 1631 5607 Verbum,
1666 5553 2028 5616 sanctumque
2050 5539 2392 5615 processisse
2420 5535 2704 5606 Spiritum.
2751 5552 2768 5585 ι

846 5633 1227 5687 Ἐπιστασία.

306 5753 323 5785 ι
394 5709 676 5800 Πρόσαχες
703 5726 817 5788 πῶς
847 5739 940 5780 και
960 5716 1115 5788 οὗτος
1142 5727 1169 5777 ὁ
1216 5724 1486 5794 μακάριος
1514 5724 1574 5776 τὸ
1601 5728 1666 5778 ἐκ
1695 5725 1791 5778 τοῦ

237 5849 254 5879 1
311 5823 445 5879 Θεοῦ
480 5823 602 5875 ἀντὶ
631 5819 725 5872 τοῦ
754 5819 966 5887 Πατρδς
994 5815 1399 5888 ὲκλαμὸἁνεται
1428 5817 1485 5867 ὲν
1513 5810 1595 5878 οἷς
1641 5816 1790 5884 λέγει

239 5937 255 5970 ι
318 5915 412 5969 καὶ
440 5913 531 5967 τὸν
559 5912 652 5966 τοῦ
679 5909 814 5966 Θεοῦ
846 5911 1020 5982 Λόγον
1054 5912 1148 5967 καὶ
1179 5913 1238 5967 τὸ
1279 5911 1543 5977 πανάγιον
1569 5909 1791 5976 Πνεῦμα

2493 5624 2912 5682 Αηίπιαὼυρτείο.

1978 5747 1997 5777 1
2042 5726 2324 5781 Attendito
2353 5721 2630 5793 quomodo
2661 5729 2715 5774 et
2754 5719 2842 5773 hic
2870 5719 3061 5771 beatus
3100 5716 3228 5769 illud
3263 5730 3327 5769 cx
3373 5715 3482 5769 Dco

1911 5838 1931 5871 1
1970 5835 2066 5888 pro
2120 5819 2277 5872 Patre
2331 5815 2583 5883 accipiat,
2631 5828 2754 5867 cum
2807 5811 2959 5874 dicit,
3001 5809 3093 5863 Dei
3147 5807 3383 5864 Verbum
3430 5816 3484 5864 et

1911 5930 1928 5964 1
1969 5912 2375 5969 sanctissimum
2407 5906 2693 5978 Spiritum,
2735 5919 2800 5960 ex
2841 5903 2950 5958 Dco
2991 5902 3230 5972 prodire,
3268 5911 3318 5956 ct
3354 5915 3477 5955 cum
