  <div class='ocr_page' id='page_1' title='image "/cluster/home/n/w/nwhite01/storage/ocr_20150623/141/pst.000005714575/318.png"; bbox 0 0 4168 6480; ppageno 0'>
   <div class='ocr_carea' id='block_1_1' title="bbox 186 509 297 576">
    <p class='ocr_par' dir='ltr' id='par_1_1' title="bbox 186 509 297 576">
     <span class='ocr_line' id='line_1_1' title="bbox 186 509 297 576; baseline 0.036 -3"><span class='ocrx_word' id='word_1_1' title='bbox 186 509 297 576; x_wconf 76' lang='lat'><strong>617</strong></span> 
     </span>
    </p>
   </div>
   <div class='ocr_carea' id='block_1_2' title="bbox 1569 504 2060 565">
    <p class='ocr_par' dir='ltr' id='par_1_2' title="bbox 1569 504 2060 565">
     <span class='ocr_line' id='line_1_2' title="bbox 1569 504 2060 565; baseline -0.004 0"><span class='ocrx_word' id='word_1_2' title='bbox 1569 504 2060 565; x_wconf 63' lang='lat' dir='ltr'><strong>EPIGIIAPH.E.</strong></span> 
     </span>
    </p>
   </div>
   <div class='ocr_carea' id='block_1_3' title="bbox 3345 494 3453 564">
    <p class='ocr_par' dir='ltr' id='par_1_3' title="bbox 3345 494 3453 564">
     <span class='ocr_line' id='line_1_3' title="bbox 3345 494 3453 564; baseline 0.028 -3"><span class='ocrx_word' id='word_1_3' title='bbox 3345 494 3453 564; x_wconf 80' lang='lat'><strong>618</strong></span> 
     </span>
    </p>
   </div>
   <div class='ocr_carea' id='block_1_4' title="bbox 187 605 1771 699">
    <p class='ocr_par' dir='ltr' id='par_1_4' title="bbox 187 615 1771 699">
     <span class='ocr_line' id='line_1_4' title="bbox 187 615 1771 699; baseline -0.007 -17"><span class='ocrx_word' id='word_1_4' title='bbox 187 627 333 699; x_wconf 75' lang='grc' dir='ltr'>πυρὶ</span> <span class='ocrx_word' id='word_1_5' title='bbox 366 623 464 680; x_wconf 75' lang='grc' dir='ltr'>καὶ</span> <span class='ocrx_word' id='word_1_6' title='bbox 490 623 633 695; x_wconf 85' lang='grc' dir='ltr'>ἀγίῳ</span> <span class='ocrx_word' id='word_1_7' title='bbox 669 621 970 692; x_wconf 81' lang='grc' dir='ltr'>Πνεύματι,</span> <span class='ocrx_word' id='word_1_8' title='bbox 1002 619 1059 673; x_wconf 91' lang='grc' dir='ltr'><strong>οὐ</strong></span> <span class='ocrx_word' id='word_1_9' title='bbox 1111 619 1171 671; x_wconf 79' lang='grc' dir='ltr'>τὸ</span> <span class='ocrx_word' id='word_1_10' title='bbox 1215 615 1499 686; x_wconf 81' lang='grc' dir='ltr'>ἀλλότριον</span> <span class='ocrx_word' id='word_1_11' title='bbox 1530 621 1642 681; x_wconf 82' lang='grc' dir='ltr'>τοῖς</span> <span class='ocrx_word' id='word_1_12' title='bbox 1676 619 1771 687; x_wconf 78' lang='grc' dir='ltr'><strong>βα-</strong></span> 
     </span>
    </p>
   </div>
   <div class='ocr_carea' id='block_1_5' title="bbox 1877 605 3451 699">
    <p class='ocr_par' dir='ltr' id='par_1_5' title="bbox 1877 605 3451 685">
     <span class='ocr_line' id='line_1_5' title="bbox 1877 605 3451 685; baseline -0.003 -14"><span class='ocrx_word' id='word_1_13' title='bbox 1877 616 2110 672; x_wconf 89' lang='lat' dir='ltr'><strong>allenum</strong></span> <span class='ocrx_word' id='word_1_14' title='bbox 2154 615 2240 678; x_wconf 89' lang='lat' dir='ltr'><strong>iis,</strong></span> <span class='ocrx_word' id='word_1_15' title='bbox 2295 613 2385 685; x_wconf 87' lang='lat' dir='ltr'><strong>qui</strong></span> <span class='ocrx_word' id='word_1_16' title='bbox 2419 612 2784 684; x_wconf 88' lang='lat' dir='ltr'><strong>baptizantur,</strong></span> <span class='ocrx_word' id='word_1_17' title='bbox 2817 605 3142 680; x_wconf 80' lang='lat' dir='ltr'><strong>injicientem</strong></span> <span class='ocrx_word' id='word_1_18' title='bbox 3166 610 3451 682; x_wconf 84' lang='lat' dir='ltr'><strong>Spiritum,</strong></span> 
     </span>
    </p>
   </div>
   <div class='ocr_carea' id='block_1_6' title="bbox 187 709 1774 786">
    <p class='ocr_par' dir='ltr' id='par_1_6' title="bbox 187 709 1774 786">
     <span class='ocr_line' id='line_1_6' title="bbox 187 709 1774 786; baseline -0.008 -13"><span class='ocrx_word' id='word_1_19' title='bbox 187 717 552 786; x_wconf 71' lang='grc' dir='ltr'><strong>πηξαμένοις</strong></span> <span class='ocrx_word' id='word_1_20' title='bbox 579 715 792 770; x_wconf 82' lang='grc' dir='ltr'>ὲνιέντα</span> <span class='ocrx_word' id='word_1_21' title='bbox 819 713 1043 783; x_wconf 86' lang='grc' dir='ltr'>Πνεῦμα</span> <span class='ocrx_word' id='word_1_22' title='bbox 1073 709 1460 781; x_wconf 81' lang='grc' dir='ltr'>δουλοπρεπῶς</span> <span class='ocrx_word' id='word_1_23' title='bbox 1504 711 1599 764; x_wconf 76' lang='grc' dir='ltr'><strong>καὶ</strong></span> <span class='ocrx_word' id='word_1_24' title='bbox 1632 712 1774 781; x_wconf 83' lang='grc' dir='ltr'>ὐπη-</span> 
     </span>
    </p>
   </div>
   <div class='ocr_carea' id='block_1_7' title="bbox 190 801 1775 882">
    <p class='ocr_par' dir='ltr' id='par_1_7' title="bbox 190 801 1775 882">
     <span class='ocr_line' id='line_1_7' title="bbox 190 801 1775 882; baseline -0.006 -17"><span class='ocrx_word' id='word_1_25' title='bbox 190 810 459 882; x_wconf 79' lang='grc' dir='ltr'>ρετικῶς,</span> <span class='ocrx_word' id='word_1_26' title='bbox 491 809 608 865; x_wconf 74' lang='grc' dir='ltr'>ἀλλ’</span> <span class='ocrx_word' id='word_1_27' title='bbox 647 808 727 872; x_wconf 82' lang='grc' dir='ltr'><strong>ὡς</strong></span> <span class='ocrx_word' id='word_1_28' title='bbox 762 806 896 859; x_wconf 75' lang='grc' dir='ltr'>Θεὸν</span> <span class='ocrx_word' id='word_1_29' title='bbox 953 803 1098 858; x_wconf 86' lang='grc' dir='ltr'><strong>κατά</strong></span> <span class='ocrx_word' id='word_1_30' title='bbox 1143 802 1307 872; x_wconf 81' lang='grc' dir='ltr'>φύσιν</span> <span class='ocrx_word' id='word_1_31' title='bbox 1355 801 1473 873; x_wconf 83' lang='grc' dir='ltr'>μετ’</span> <span class='ocrx_word' id='word_1_32' title='bbox 1523 802 1775 868; x_wconf 76' lang='grc' dir='ltr'>ἐξουσίας</span> 
     </span>
    </p>
   </div>
   <div class='ocr_carea' id='block_1_8' title="bbox 182 893 1772 974">
    <p class='ocr_par' dir='ltr' id='par_1_8' title="bbox 182 893 1772 974">
     <span class='ocr_line' id='line_1_8' title="bbox 182 893 1772 974; baseline -0.008 -16"><span class='ocrx_word' id='word_1_33' title='bbox 182 904 297 974; x_wconf 84' lang='grc' dir='ltr'>τῆς</span> <span class='ocrx_word' id='word_1_34' title='bbox 327 901 618 967; x_wconf 76' lang='grc' dir='ltr'>ἀνωτάτω,</span> <span class='ocrx_word' id='word_1_35' title='bbox 650 900 712 953; x_wconf 84' lang='grc' dir='ltr'>τὸ</span> <span class='ocrx_word' id='word_1_36' title='bbox 747 896 806 964; x_wconf 75' lang='grc' dir='ltr'>ἐξ</span> <span class='ocrx_word' id='word_1_37' title='bbox 839 896 1030 961; x_wconf 87' lang='grc' dir='ltr'>αὐτοῦ,</span> <span class='ocrx_word' id='word_1_38' title='bbox 1076 895 1172 950; x_wconf 76' lang='grc' dir='ltr'><strong>καὶ</strong></span> <span class='ocrx_word' id='word_1_39' title='bbox 1207 894 1338 948; x_wconf 83' lang='grc' dir='ltr'>ίδιον</span> <span class='ocrx_word' id='word_1_40' title='bbox 1385 894 1573 947; x_wconf 61' lang='grc' dir='ltr'>αὐτοῦς</span> <span class='ocrx_word' id='word_1_41' title='bbox 1612 912 1629 945; x_wconf 78' lang='grc' dir='ltr'><strong>ι</strong></span> <span class='ocrx_word' id='word_1_42' title='bbox 1670 893 1772 946; x_wconf 80' lang='grc' dir='ltr'><strong>Εὖ-</strong></span> 
     </span>
    </p>
   </div>
   <div class='ocr_carea' id='block_1_9' title="bbox 183 983 1766 1066">
    <p class='ocr_par' dir='ltr' id='par_1_9' title="bbox 183 983 1766 1066">
     <span class='ocr_line' id='line_1_9' title="bbox 183 983 1766 1066; baseline -0.007 -17"><span class='ocrx_word' id='word_1_43' title='bbox 183 1012 361 1066; x_wconf 87' lang='grc' dir='ltr'>ρηται</span> <span class='ocrx_word' id='word_1_44' title='bbox 401 996 461 1048; x_wconf 72' lang='grc' dir='ltr'>ιν</span> <span class='ocrx_word' id='word_1_45' title='bbox 504 991 856 1061; x_wconf 78' lang='grc' dir='ltr'><strong>παλαιοτάτῳ</strong></span> <span class='ocrx_word' id='word_1_46' title='bbox 883 987 1076 1059; x_wconf 75' lang='grc' dir='ltr'>βιϐλίῳ</span> <span class='ocrx_word' id='word_1_47' title='bbox 1103 1007 1121 1039; x_wconf 76' lang='grc' dir='ltr'><strong>ι</strong></span> <span class='ocrx_word' id='word_1_48' title='bbox 1158 983 1307 1051; x_wconf 71' lang='grc' dir='ltr'><strong>τὸέξ</strong></span> <span class='ocrx_word' id='word_1_49' title='bbox 1345 986 1537 1052; x_wconf 81' lang='grc' dir='ltr'>αὐτοῦ,</span> <span class='ocrx_word' id='word_1_50' title='bbox 1573 987 1667 1040; x_wconf 77' lang='grc' dir='ltr'>καὶ</span> <span class='ocrx_word' id='word_1_51' title='bbox 1701 986 1766 1039; x_wconf 83' lang='grc' dir='ltr'>δι’</span> 
     </span>
    </p>
   </div>
   <div class='ocr_carea' id='block_1_10' title="bbox 187 1076 1772 1153">
    <p class='ocr_par' dir='ltr' id='par_1_10' title="bbox 187 1076 1772 1153">
     <span class='ocr_line' id='line_1_10' title="bbox 187 1076 1772 1153; baseline -0.006 -16"><span class='ocrx_word' id='word_1_52' title='bbox 187 1083 390 1140; x_wconf 84' lang='grc' dir='ltr'>αὐτοῦ.</span> <span class='ocrx_word' id='word_1_53' title='bbox 426 1103 446 1137; x_wconf 75' lang='grc' dir='ltr'><strong>ι</strong></span> <span class='ocrx_word' id='word_1_54' title='bbox 489 1084 599 1141; x_wconf 77' lang='grc' dir='ltr'><strong>Καὶ</strong></span> <span class='ocrx_word' id='word_1_55' title='bbox 632 1083 746 1153; x_wconf 80' lang='grc' dir='ltr'>μετ’</span> <span class='ocrx_word' id='word_1_56' title='bbox 795 1081 954 1148; x_wconf 84' lang='grc' dir='ltr'>ὀλίγα</span> <span class='ocrx_word' id='word_1_57' title='bbox 984 1080 1044 1132; x_wconf 82' lang='grc' dir='ltr'>ὲν</span> <span class='ocrx_word' id='word_1_58' title='bbox 1078 1077 1157 1149; x_wconf 83' lang='grc' dir='ltr'>τῷ</span> <span class='ocrx_word' id='word_1_59' title='bbox 1199 1077 1349 1147; x_wconf 89' lang='grc' dir='ltr'><strong>αὐτῷ</strong></span> <span class='ocrx_word' id='word_1_60' title='bbox 1375 1094 1389 1108; x_wconf 90' lang='grc'><strong>·</strong></span> <span class='ocrx_word' id='word_1_61' title='bbox 1430 1096 1448 1129; x_wconf 82' lang='grc' dir='ltr'><strong>ι</strong></span> <span class='ocrx_word' id='word_1_62' title='bbox 1497 1076 1772 1129; x_wconf 74' lang='grc' dir='ltr'>Ἀπολύων</span> 
     </span>
    </p>
   </div>
   <div class='ocr_carea' id='block_1_11' title="bbox 193 1167 1772 1248">
    <p class='ocr_par' dir='ltr' id='par_1_11' title="bbox 193 1167 1772 1248">
     <span class='ocr_line' id='line_1_11' title="bbox 193 1167 1772 1248; baseline -0.008 -17"><span class='ocrx_word' id='word_1_63' title='bbox 193 1177 483 1248; x_wconf 84' lang='grc' dir='ltr'>ἁμαρτίας</span> <span class='ocrx_word' id='word_1_64' title='bbox 510 1175 601 1228; x_wconf 73' lang='grc' dir='ltr'>τὸν</span> <span class='ocrx_word' id='word_1_65' title='bbox 649 1170 797 1241; x_wconf 85' lang='grc' dir='ltr'>αὐτῷ</span> <span class='ocrx_word' id='word_1_66' title='bbox 832 1169 1230 1240; x_wconf 74' lang='grc' dir='ltr'><strong>προσκείμενον</strong></span> <span class='ocrx_word' id='word_1_67' title='bbox 1291 1167 1366 1238; x_wconf 85' lang='grc' dir='ltr'>τῷ</span> <span class='ocrx_word' id='word_1_68' title='bbox 1422 1167 1536 1238; x_wconf 79' lang='grc' dir='ltr'>ἰδίῳ</span> <span class='ocrx_word' id='word_1_69' title='bbox 1587 1167 1772 1220; x_wconf 78' lang='grc' dir='ltr'>λοιπὸν</span> 
     </span>
    </p>
   </div>
   <div class='ocr_carea' id='block_1_12' title="bbox 191 1259 1773 1338">
    <p class='ocr_par' dir='ltr' id='par_1_12' title="bbox 191 1259 1773 1338">
     <span class='ocr_line' id='line_1_12' title="bbox 191 1259 1773 1338; baseline -0.006 -15"><span class='ocrx_word' id='word_1_70' title='bbox 191 1268 498 1338; x_wconf 75' lang='grc' dir='ltr'>καταχρίει</span> <span class='ocrx_word' id='word_1_71' title='bbox 533 1264 838 1335; x_wconf 87' lang='grc' dir='ltr'>Πνεύματι,</span> <span class='ocrx_word' id='word_1_72' title='bbox 867 1263 1007 1334; x_wconf 85' lang='grc' dir='ltr'>ὅπερ</span> <span class='ocrx_word' id='word_1_73' title='bbox 1054 1262 1231 1332; x_wconf 66' lang='grc' dir='ltr'>ἐνίησι</span> <span class='ocrx_word' id='word_1_74' title='bbox 1259 1259 1359 1331; x_wconf 82' lang='grc' dir='ltr'>μὲν</span> <span class='ocrx_word' id='word_1_75' title='bbox 1387 1261 1570 1314; x_wconf 76' lang='grc' dir='ltr'>αὐτὸς.</span> <span class='ocrx_word' id='word_1_76' title='bbox 1607 1260 1680 1323; x_wconf 84' lang='grc' dir='ltr'>ὡς</span> <span class='ocrx_word' id='word_1_77' title='bbox 1713 1263 1773 1314; x_wconf 78' lang='grc' dir='ltr'>ὲκ</span> 
     </span>
    </p>
   </div>
   <div class='ocr_carea' id='block_1_13' title="bbox 186 1349 1775 1427">
    <p class='ocr_par' dir='ltr' id='par_1_13' title="bbox 186 1349 1775 1427">
     <span class='ocr_line' id='line_1_13' title="bbox 186 1349 1775 1427; baseline -0.006 -16"><span class='ocrx_word' id='word_1_78' title='bbox 186 1358 339 1413; x_wconf 81' lang='grc' dir='ltr'>Θεοῦ</span> <span class='ocrx_word' id='word_1_79' title='bbox 375 1356 592 1427; x_wconf 88' lang='grc' dir='ltr'>Πατρὸς</span> <span class='ocrx_word' id='word_1_80' title='bbox 619 1355 814 1422; x_wconf 79' lang='grc' dir='ltr'>Λόγος,</span> <span class='ocrx_word' id='word_1_81' title='bbox 859 1354 953 1406; x_wconf 75' lang='grc' dir='ltr'>καὶ</span> <span class='ocrx_word' id='word_1_82' title='bbox 983 1351 1042 1418; x_wconf 76' lang='grc' dir='ltr'><strong>ἐξ</strong></span> <span class='ocrx_word' id='word_1_83' title='bbox 1087 1351 1224 1414; x_wconf 83' lang='grc' dir='ltr'>ίδίας</span> <span class='ocrx_word' id='word_1_84' title='bbox 1251 1352 1383 1420; x_wconf 77' lang='grc' dir='ltr'>ἡμῖν</span> <span class='ocrx_word' id='word_1_85' title='bbox 1433 1349 1775 1418; x_wconf 56' lang='grc' dir='ltr'>ἀιᾱπηγάζει</span> 
     </span>
    </p>
   </div>
   <div class='ocr_carea' id='block_1_14' title="bbox 190 1451 496 1522">
    <p class='ocr_par' dir='ltr' id='par_1_14' title="bbox 190 1451 496 1522">
     <span class='ocr_line' id='line_1_14' title="bbox 190 1451 496 1522; baseline -0.013 -16"><span class='ocrx_word' id='word_1_86' title='bbox 190 1451 437 1522; x_wconf 68' lang='grc' dir='ltr'>φύσεως.</span> <span class='ocrx_word' id='word_1_87' title='bbox 479 1469 496 1502; x_wconf 79' lang='grc' dir='ltr'><strong>ι</strong></span> 
     </span>
    </p>
   </div>
   <div class='ocr_carea' id='block_1_15' title="bbox 276 1533 1774 1611">
    <p class='ocr_par' dir='ltr' id='par_1_15' title="bbox 276 1533 1774 1611">
     <span class='ocr_line' id='line_1_15' title="bbox 276 1533 1774 1611; baseline -0.008 -13"><span class='ocrx_word' id='word_1_88' title='bbox 276 1542 339 1597; x_wconf 79' lang='grc' dir='ltr'>ὐ</span> <span class='ocrx_word' id='word_1_89' title='bbox 368 1543 527 1611; x_wconf 74' lang='grc' dir='ltr'>ἅγιος,</span> <span class='ocrx_word' id='word_1_90' title='bbox 551 1539 827 1610; x_wconf 83' lang='grc' dir='ltr'>Κύριλλος</span> <span class='ocrx_word' id='word_1_91' title='bbox 869 1539 928 1590; x_wconf 81' lang='grc' dir='ltr'>ὲν</span> <span class='ocrx_word' id='word_1_92' title='bbox 975 1539 1088 1598; x_wconf 81' lang='grc' dir='ltr'>τοῖς</span> <span class='ocrx_word' id='word_1_93' title='bbox 1131 1535 1269 1606; x_wconf 83' lang='grc' dir='ltr'>πρὸς</span> <span class='ocrx_word' id='word_1_94' title='bbox 1301 1533 1598 1587; x_wconf 82' lang='grc' dir='ltr'><strong>Παλλάδιον</strong></span> <span class='ocrx_word' id='word_1_95' title='bbox 1634 1533 1774 1586; x_wconf 74' lang='grc' dir='ltr'>κατὰ</span> 
     </span>
    </p>
   </div>
   <div class='ocr_carea' id='block_1_16' title="bbox 189 1627 1774 1702">
    <p class='ocr_par' dir='ltr' id='par_1_16' title="bbox 189 1627 1774 1702">
     <span class='ocr_line' id='line_1_16' title="bbox 189 1627 1774 1702; baseline -0.011 -12"><span class='ocrx_word' id='word_1_96' title='bbox 189 1636 396 1690; x_wconf 82' lang='grc' dir='ltr'><strong>πεῦσιν</strong></span> <span class='ocrx_word' id='word_1_97' title='bbox 427 1636 520 1688; x_wconf 77' lang='grc' dir='ltr'>καὶ</span> <span class='ocrx_word' id='word_1_98' title='bbox 545 1632 841 1702; x_wconf 80' lang='grc' dir='ltr'>ἀπόκρισιν</span> <span class='ocrx_word' id='word_1_99' title='bbox 871 1629 1050 1698; x_wconf 73' lang='grc' dir='ltr'>λόγοις</span> <span class='ocrx_word' id='word_1_100' title='bbox 1096 1628 1323 1696; x_wconf 74' lang='grc' dir='ltr'>ἔγγιστα</span> <span class='ocrx_word' id='word_1_101' title='bbox 1347 1628 1446 1697; x_wconf 80' lang='grc' dir='ltr'>τῆς</span> <span class='ocrx_word' id='word_1_102' title='bbox 1467 1627 1641 1697; x_wconf 83' lang='grc' dir='ltr'>ἀρχῆς</span> <span class='ocrx_word' id='word_1_103' title='bbox 1670 1643 1774 1695; x_wconf 83' lang='grc' dir='ltr'>φη-</span> 
     </span>
    </p>
   </div>
   <div class='ocr_carea' id='block_1_17' title="bbox 191 1717 1774 1794">
    <p class='ocr_par' dir='ltr' id='par_1_17' title="bbox 191 1717 1774 1794">
     <span class='ocr_line' id='line_1_17' title="bbox 191 1717 1774 1794; baseline -0.008 -13"><span class='ocrx_word' id='word_1_104' title='bbox 191 1746 284 1781; x_wconf 82' lang='grc' dir='ltr'><strong>σιν</strong></span> <span class='ocrx_word' id='word_1_105' title='bbox 309 1743 325 1758; x_wconf 89' lang='grc'><strong>·</strong></span> <span class='ocrx_word' id='word_1_106' title='bbox 369 1746 387 1779; x_wconf 83' lang='grc' dir='ltr'><strong>ι</strong></span> <span class='ocrx_word' id='word_1_107' title='bbox 407 1725 674 1794; x_wconf 71' lang='grc' dir='ltr'>’Τρεπτδν</span> <span class='ocrx_word' id='word_1_108' title='bbox 710 1723 767 1774; x_wconf 84' lang='grc' dir='ltr'>δὲ</span> <span class='ocrx_word' id='word_1_109' title='bbox 791 1721 910 1774; x_wconf 81' lang='grc' dir='ltr'>οῦτι</span> <span class='ocrx_word' id='word_1_110' title='bbox 935 1738 1040 1773; x_wconf 87' lang='grc' dir='ltr'><strong>που</strong></span> <span class='ocrx_word' id='word_1_111' title='bbox 1068 1718 1129 1771; x_wconf 83' lang='grc' dir='ltr'><strong>τὺ</strong></span> <span class='ocrx_word' id='word_1_112' title='bbox 1163 1717 1391 1788; x_wconf 86' lang='grc' dir='ltr'>Πνεῦμά</span> <span class='ocrx_word' id='word_1_113' title='bbox 1427 1718 1575 1771; x_wconf 78' lang='grc' dir='ltr'>ἐστιν</span> <span class='ocrx_word' id='word_1_114' title='bbox 1601 1734 1610 1748; x_wconf 93' lang='grc'><strong>·</strong></span> <span class='ocrx_word' id='word_1_115' title='bbox 1639 1718 1774 1788; x_wconf 64' lang='lat' dir='ltr'><strong>ﬁet-</strong></span> 
     </span>
    </p>
   </div>
   <div class='ocr_carea' id='block_1_18' title="bbox 189 1797 1773 1888">
    <p class='ocr_par' dir='ltr' id='par_1_18' title="bbox 189 1797 1773 1888">
     <span class='ocr_line' id='line_1_18' title="bbox 189 1797 1773 1888; baseline -0.006 -18"><span class='ocrx_word' id='word_1_116' title='bbox 189 1833 306 1888; x_wconf 79' lang='grc' dir='ltr'><strong>περ</strong></span> <span class='ocrx_word' id='word_1_117' title='bbox 338 1815 400 1868; x_wconf 86' lang='grc' dir='ltr'><strong>τὺ</strong></span> <span class='ocrx_word' id='word_1_118' title='bbox 431 1797 737 1885; x_wconf 75' lang='grc' dir='ltr'>τρέπεσθαι</span> <span class='ocrx_word' id='word_1_119' title='bbox 789 1813 959 1876; x_wconf 84' lang='grc' dir='ltr'>νοσεῖ,</span> <span class='ocrx_word' id='word_1_120' title='bbox 1008 1810 1098 1862; x_wconf 75' lang='grc' dir='ltr'><strong>ἐπ’</strong></span> <span class='ocrx_word' id='word_1_121' title='bbox 1141 1809 1312 1880; x_wconf 81' lang='grc' dir='ltr'>αὐτὴν</span> <span class='ocrx_word' id='word_1_122' title='bbox 1363 1810 1392 1861; x_wconf 84' lang='grc' dir='ltr'>ὁ</span> <span class='ocrx_word' id='word_1_123' title='bbox 1431 1806 1620 1880; x_wconf 79' lang='grc' dir='ltr'>μῶμος</span> <span class='ocrx_word' id='word_1_124' title='bbox 1672 1808 1773 1878; x_wconf 77' lang='grc' dir='ltr'>τὴν</span> 
     </span>
    </p>
   </div>
   <div class='ocr_carea' id='block_1_19' title="bbox 193 1899 1772 1976">
    <p class='ocr_par' dir='ltr' id='par_1_19' title="bbox 193 1899 1772 1976">
     <span class='ocr_line' id='line_1_19' title="bbox 193 1899 1772 1976; baseline -0.006 -15"><span class='ocrx_word' id='word_1_125' title='bbox 193 1908 356 1962; x_wconf 94' lang='grc' dir='ltr'>θείαν</span> <span class='ocrx_word' id='word_1_126' title='bbox 384 1905 783 1976; x_wconf 78' lang='grc' dir='ltr'>ἀναδραμείται</span> <span class='ocrx_word' id='word_1_127' title='bbox 810 1903 996 1969; x_wconf 66' lang='grc' dir='ltr'>φύσιν,</span> <span class='ocrx_word' id='word_1_128' title='bbox 1028 1902 1185 1970; x_wconf 74' lang='grc' dir='ltr'>εἴπερ</span> <span class='ocrx_word' id='word_1_129' title='bbox 1226 1901 1343 1953; x_wconf 72' lang='grc' dir='ltr'>ἐστὶ</span> <span class='ocrx_word' id='word_1_130' title='bbox 1379 1899 1475 1954; x_wconf 89' lang='grc' dir='ltr'><strong>τοῦ</strong></span> <span class='ocrx_word' id='word_1_131' title='bbox 1506 1900 1642 1954; x_wconf 85' lang='grc' dir='ltr'><strong>Θεοῦ</strong></span> <span class='ocrx_word' id='word_1_132' title='bbox 1677 1899 1772 1953; x_wconf 55' lang='grc' dir='ltr'>καῖ</span> 
     </span>
    </p>
   </div>
   <div class='ocr_carea' id='block_1_20' title="bbox 1878 702 3459 768">
    <p class='ocr_par' dir='ltr' id='par_1_20' title="bbox 1878 702 3459 768">
     <span class='ocr_line' id='line_1_20' title="bbox 1878 702 3459 768; baseline -0.003 -6"><span class='ocrx_word' id='word_1_133' title='bbox 1878 709 2018 764; x_wconf 80' lang='lat' dir='ltr'><strong>servi</strong></span> <span class='ocrx_word' id='word_1_134' title='bbox 2051 709 2221 762; x_wconf 87' lang='lat' dir='ltr'><strong>instar</strong></span> <span class='ocrx_word' id='word_1_135' title='bbox 2253 716 2305 761; x_wconf 90' lang='lat' dir='ltr'><strong>et</strong></span> <span class='ocrx_word' id='word_1_136' title='bbox 2354 702 2684 768; x_wconf 78' lang='lat' dir='ltr'><strong>administri,</strong></span> <span class='ocrx_word' id='word_1_137' title='bbox 2739 703 2832 758; x_wconf 90' lang='lat' dir='ltr'><strong>sed</strong></span> <span class='ocrx_word' id='word_1_138' title='bbox 2885 711 2942 756; x_wconf 91' lang='lat' dir='ltr'><strong>ut</strong></span> <span class='ocrx_word' id='word_1_139' title='bbox 2992 702 3160 759; x_wconf 90' lang='lat' dir='ltr'><strong>Deum</strong></span> <span class='ocrx_word' id='word_1_140' title='bbox 3198 720 3322 759; x_wconf 88' lang='lat' dir='ltr'><strong>cum</strong></span> <span class='ocrx_word' id='word_1_141' title='bbox 3363 721 3459 760; x_wconf 84' lang='lat' dir='ltr'><strong>su-</strong></span> 
     </span>
    </p>
   </div>
   <div class='ocr_carea' id='block_1_21' title="bbox 1881 798 3451 872">
    <p class='ocr_par' dir='ltr' id='par_1_21' title="bbox 1881 798 3451 872">
     <span class='ocr_line' id='line_1_21' title="bbox 1881 798 3451 872; baseline -0.004 -17"><span class='ocrx_word' id='word_1_142' title='bbox 1881 816 2064 872; x_wconf 87' lang='lat' dir='ltr'><strong>prema</strong></span> <span class='ocrx_word' id='word_1_143' title='bbox 2100 800 2377 865; x_wconf 78' lang='lat' dir='ltr'><strong>facultate,</strong></span> <span class='ocrx_word' id='word_1_144' title='bbox 2398 799 2488 868; x_wconf 87' lang='lat' dir='ltr'><strong>qui</strong></span> <span class='ocrx_word' id='word_1_145' title='bbox 2530 812 2592 851; x_wconf 79' lang='lat' dir='ltr'><strong>ex</strong></span> <span class='ocrx_word' id='word_1_146' title='bbox 2626 798 2744 866; x_wconf 90' lang='lat' dir='ltr'><strong>ipso</strong></span> <span class='ocrx_word' id='word_1_147' title='bbox 2770 806 2872 863; x_wconf 83' lang='lat' dir='ltr'><strong>est,</strong></span> <span class='ocrx_word' id='word_1_148' title='bbox 2894 805 2947 852; x_wconf 74' lang='lat' dir='ltr'><strong>et</strong></span> <span class='ocrx_word' id='word_1_149' title='bbox 2969 811 3104 851; x_wconf 89' lang='lat' dir='ltr'><strong>suus</strong></span> <span class='ocrx_word' id='word_1_150' title='bbox 3134 798 3408 867; x_wconf 90' lang='lat' dir='ltr'><strong>proprius.</strong></span> <span class='ocrx_word' id='word_1_151' title='bbox 3435 821 3451 849; x_wconf 72' lang='grc' dir='ltr'><strong>ι</strong></span> 
     </span>
    </p>
   </div>
   <div class='ocr_carea' id='block_1_22' title="bbox 1882 885 3456 958">
    <p class='ocr_par' dir='ltr' id='par_1_22' title="bbox 1882 885 3456 958">
     <span class='ocr_line' id='line_1_22' title="bbox 1882 885 3456 958; baseline 0.001 -16"><span class='ocrx_word' id='word_1_152' title='bbox 1882 890 2026 953; x_wconf 65' lang='lat' dir='ltr'><strong>Haec,</strong></span> <span class='ocrx_word' id='word_1_153' title='bbox 2065 909 2082 941; x_wconf 81' lang='grc' dir='ltr'><strong>ι</strong></span> <span class='ocrx_word' id='word_1_154' title='bbox 2130 891 2222 958; x_wconf 91' lang='lat' dir='ltr'><strong>qui</strong></span> <span class='ocrx_word' id='word_1_155' title='bbox 2254 903 2317 942; x_wconf 85' lang='lat' dir='ltr'><strong>ex</strong></span> <span class='ocrx_word' id='word_1_156' title='bbox 2348 888 2489 956; x_wconf 91' lang='lat' dir='ltr'><strong>ipso,</strong></span> <span class='ocrx_word' id='word_1_157' title='bbox 2541 891 2594 940; x_wconf 84' lang='lat' dir='ltr'><strong>et</strong></span> <span class='ocrx_word' id='word_1_158' title='bbox 2611 901 2706 956; x_wconf 84' lang='lat' dir='ltr'><strong>per</strong></span> <span class='ocrx_word' id='word_1_159' title='bbox 2742 885 2941 955; x_wconf 88' lang='lat' dir='ltr'><strong>ipsum,</strong></span> <span class='ocrx_word' id='word_1_160' title='bbox 2974 904 2991 934; x_wconf 83' lang='grc'><strong>›</strong></span> <span class='ocrx_word' id='word_1_161' title='bbox 3029 887 3380 956; x_wconf 86' lang='lat' dir='ltr'><strong>reperiuntur</strong></span> <span class='ocrx_word' id='word_1_162' title='bbox 3407 891 3456 943; x_wconf 91' lang='lat' dir='ltr'><strong>in</strong></span> 
     </span>
    </p>
   </div>
   <div class='ocr_carea' id='block_1_23' title="bbox 1881 976 3465 1052">
    <p class='ocr_par' dir='ltr' id='par_1_23' title="bbox 1881 976 3465 1052">
     <span class='ocr_line' id='line_1_23' title="bbox 1881 976 3465 1052; baseline -0.001 -17"><span class='ocrx_word' id='word_1_163' title='bbox 1881 981 2260 1052; x_wconf 87' lang='lat' dir='ltr'><strong>antiquissimo</strong></span> <span class='ocrx_word' id='word_1_164' title='bbox 2287 980 2583 1034; x_wconf 86' lang='lat' dir='ltr'><strong>volumine.</strong></span> <span class='ocrx_word' id='word_1_165' title='bbox 2617 978 2681 1032; x_wconf 84' lang='lat' dir='ltr'><strong>Et</strong></span> <span class='ocrx_word' id='word_1_166' title='bbox 2707 985 2829 1046; x_wconf 88' lang='lat' dir='ltr'><strong>post</strong></span> <span class='ocrx_word' id='word_1_167' title='bbox 2847 991 3015 1046; x_wconf 87' lang='lat' dir='ltr'><strong>pauca</strong></span> <span class='ocrx_word' id='word_1_168' title='bbox 3047 976 3101 1032; x_wconf 89' lang='lat' dir='ltr'><strong>In</strong></span> <span class='ocrx_word' id='word_1_169' title='bbox 3131 979 3317 1034; x_wconf 88' lang='lat' dir='ltr'><strong>eadem</strong></span> <span class='ocrx_word' id='word_1_170' title='bbox 3344 995 3465 1034; x_wconf 61' lang='lat' dir='ltr'><strong>ora.</strong></span> 
     </span>
    </p>
   </div>
   <div class='ocr_carea' id='block_1_24' title="bbox 1878 1069 3461 1141">
    <p class='ocr_par' dir='ltr' id='par_1_24' title="bbox 1878 1069 3461 1141">
     <span class='ocr_line' id='line_1_24' title="bbox 1878 1069 3461 1141; baseline -0.001 -13"><span class='ocrx_word' id='word_1_171' title='bbox 1878 1074 2025 1128; x_wconf 80' lang='lat' dir='ltr'><strong>tione</strong></span> <span class='ocrx_word' id='word_1_172' title='bbox 2065 1090 2078 1126; x_wconf 91' lang='lat'><strong>:</strong></span> <span class='ocrx_word' id='word_1_173' title='bbox 2121 1091 2138 1123; x_wconf 83' lang='grc' dir='ltr'><strong>ι</strong></span> <span class='ocrx_word' id='word_1_174' title='bbox 2187 1071 2411 1127; x_wconf 77' lang='lat' dir='ltr'><strong>Peccata</strong></span> <span class='ocrx_word' id='word_1_175' title='bbox 2445 1085 2682 1141; x_wconf 83' lang='lat' dir='ltr'><strong>namque</strong></span> <span class='ocrx_word' id='word_1_176' title='bbox 2741 1069 2829 1133; x_wconf 88' lang='lat' dir='ltr'><strong>iis,</strong></span> <span class='ocrx_word' id='word_1_177' title='bbox 2877 1069 2972 1139; x_wconf 89' lang='lat' dir='ltr'><strong>qui</strong></span> <span class='ocrx_word' id='word_1_178' title='bbox 3020 1069 3096 1123; x_wconf 89' lang='lat' dir='ltr'><strong>illi</strong></span> <span class='ocrx_word' id='word_1_179' title='bbox 3159 1070 3461 1136; x_wconf 65' lang='lat' dir='ltr'><strong>adhaerent,</strong></span> 
     </span>
    </p>
   </div>
   <div class='ocr_carea' id='block_1_25' title="bbox 1880 1160 3462 1235">
    <p class='ocr_par' dir='ltr' id='par_1_25' title="bbox 1880 1160 3462 1235">
     <span class='ocr_line' id='line_1_25' title="bbox 1880 1160 3462 1235; baseline -0.001 -14"><span class='ocrx_word' id='word_1_180' title='bbox 1880 1167 2221 1228; x_wconf 86' lang='lat' dir='ltr'><strong>condonans,</strong></span> <span class='ocrx_word' id='word_1_181' title='bbox 2280 1178 2440 1219; x_wconf 89' lang='lat' dir='ltr'><strong>suum</strong></span> <span class='ocrx_word' id='word_1_182' title='bbox 2494 1178 2618 1218; x_wconf 80' lang='lat' dir='ltr'><strong>mox</strong></span> <span class='ocrx_word' id='word_1_183' title='bbox 2664 1160 2931 1232; x_wconf 81' lang='lat' dir='ltr'><strong>Spiritum</strong></span> <span class='ocrx_word' id='word_1_184' title='bbox 2988 1163 3254 1233; x_wconf 85' lang='lat' dir='ltr'><strong>impertit,</strong></span> <span class='ocrx_word' id='word_1_185' title='bbox 3298 1180 3462 1235; x_wconf 68' lang='lat' dir='ltr'><strong>quem</strong></span> 
     </span>
    </p>
   </div>
   <div class='ocr_carea' id='block_1_26' title="bbox 1877 1251 3466 1328">
    <p class='ocr_par' dir='ltr' id='par_1_26' title="bbox 1877 1251 3466 1328">
     <span class='ocr_line' id='line_1_26' title="bbox 1877 1251 3466 1328; baseline 0.001 -16"><span class='ocrx_word' id='word_1_186' title='bbox 1877 1259 2096 1328; x_wconf 90' lang='lat' dir='ltr'><strong>quidem</strong></span> <span class='ocrx_word' id='word_1_187' title='bbox 2139 1257 2363 1312; x_wconf 69' lang='lat' dir='ltr'><strong>Verbum</strong></span> <span class='ocrx_word' id='word_1_188' title='bbox 2420 1265 2694 1326; x_wconf 84' lang='lat' dir='ltr'><strong>quatenus</strong></span> <span class='ocrx_word' id='word_1_189' title='bbox 2729 1261 2792 1310; x_wconf 78' lang='lat' dir='ltr'><strong>ex</strong></span> <span class='ocrx_word' id='word_1_190' title='bbox 2863 1253 2971 1311; x_wconf 92' lang='lat' dir='ltr'><strong>Deo</strong></span> <span class='ocrx_word' id='word_1_191' title='bbox 3014 1251 3174 1311; x_wconf 82' lang='lat' dir='ltr'><strong>Patre</strong></span> <span class='ocrx_word' id='word_1_192' title='bbox 3221 1260 3466 1328; x_wconf 78' lang='lat' dir='ltr'><strong>procedit</strong></span> 
     </span>
    </p>
   </div>
   <div class='ocr_carea' id='block_1_27' title="bbox 1877 1347 3465 1417">
    <p class='ocr_par' dir='ltr' id='par_1_27' title="bbox 1877 1347 3465 1417">
     <span class='ocr_line' id='line_1_27' title="bbox 1877 1347 3465 1417; baseline -0.003 -14"><span class='ocrx_word' id='word_1_193' title='bbox 1877 1351 2095 1412; x_wconf 84' lang='lat' dir='ltr'><strong>emittit,</strong></span> <span class='ocrx_word' id='word_1_194' title='bbox 2126 1359 2176 1403; x_wconf 89' lang='lat' dir='ltr'><strong>et</strong></span> <span class='ocrx_word' id='word_1_195' title='bbox 2197 1365 2260 1404; x_wconf 77' lang='lat' dir='ltr'><strong>ex</strong></span> <span class='ocrx_word' id='word_1_196' title='bbox 2295 1349 2512 1417; x_wconf 85' lang='lat' dir='ltr'><strong>prOpria</strong></span> <span class='ocrx_word' id='word_1_197' title='bbox 2569 1355 2762 1401; x_wconf 87' lang='lat' dir='ltr'><strong>natura</strong></span> <span class='ocrx_word' id='word_1_198' title='bbox 2791 1347 2842 1399; x_wconf 93' lang='lat' dir='ltr'><strong>in</strong></span> <span class='ocrx_word' id='word_1_199' title='bbox 2873 1359 2974 1400; x_wconf 88' lang='lat' dir='ltr'><strong>nos</strong></span> <span class='ocrx_word' id='word_1_200' title='bbox 3017 1348 3173 1412; x_wconf 87' lang='lat' dir='ltr'><strong>quasi</strong></span> <span class='ocrx_word' id='word_1_201' title='bbox 3217 1364 3281 1405; x_wconf 85' lang='lat' dir='ltr'><strong>ex</strong></span> <span class='ocrx_word' id='word_1_202' title='bbox 3317 1353 3465 1403; x_wconf 69' lang='lat' dir='ltr'><strong>fonte</strong></span> 
     </span>
    </p>
   </div>
   <div class='ocr_carea' id='block_1_28' title="bbox 1878 1440 2537 1512">
    <p class='ocr_par' dir='ltr' id='par_1_28' title="bbox 1878 1440 2537 1512">
     <span class='ocr_line' id='line_1_28' title="bbox 1878 1440 2537 1512; baseline -0.005 -18"><span class='ocrx_word' id='word_1_203' title='bbox 1878 1444 2111 1512; x_wconf 84' lang='lat' dir='ltr'><strong>quodam</strong></span> <span class='ocrx_word' id='word_1_204' title='bbox 2148 1440 2496 1496; x_wconf 81' lang='lat' dir='ltr'><strong>transfundit.</strong></span> <span class='ocrx_word' id='word_1_205' title='bbox 2520 1459 2537 1491; x_wconf 74' lang='grc' dir='ltr'><strong>ι</strong></span> 
     </span>
    </p>
   </div>
   <div class='ocr_carea' id='block_1_29' title="bbox 1952 1534 3464 1604">
    <p class='ocr_par' dir='ltr' id='par_1_29' title="bbox 1952 1534 3464 1604">
     <span class='ocr_line' id='line_1_29' title="bbox 1952 1534 3464 1604; baseline 0.001 -16"><span class='ocrx_word' id='word_1_206' title='bbox 1952 1534 2188 1589; x_wconf 89' lang='lat' dir='ltr'><strong>Sanctus</strong></span> <span class='ocrx_word' id='word_1_207' title='bbox 2213 1535 2451 1604; x_wconf 84' lang='lat' dir='ltr'><strong>Cyrillus</strong></span> <span class='ocrx_word' id='word_1_208' title='bbox 2501 1535 2553 1587; x_wconf 92' lang='lat' dir='ltr'><strong>in</strong></span> <span class='ocrx_word' id='word_1_209' title='bbox 2588 1534 2694 1588; x_wconf 84' lang='lat' dir='ltr'><strong>illis</strong></span> <span class='ocrx_word' id='word_1_210' title='bbox 2720 1548 2858 1603; x_wconf 90' lang='lat' dir='ltr'><strong>quas</strong></span> <span class='ocrx_word' id='word_1_211' title='bbox 2891 1540 2954 1588; x_wconf 90' lang='lat' dir='ltr'><strong>ad</strong></span> <span class='ocrx_word' id='word_1_212' title='bbox 2980 1537 3283 1591; x_wconf 84' lang='lat' dir='ltr'><strong>Palladium</strong></span> <span class='ocrx_word' id='word_1_213' title='bbox 3331 1539 3464 1592; x_wconf 74' lang='lat' dir='ltr'><strong>seri-</strong></span> 
     </span>
    </p>
   </div>
   <div class='ocr_carea' id='block_1_30' title="bbox 1879 1623 3461 1698">
    <p class='ocr_par' dir='ltr' id='par_1_30' title="bbox 1879 1623 3461 1698">
     <span class='ocr_line' id='line_1_30' title="bbox 1879 1623 3461 1698; baseline 0.001 -20"><span class='ocrx_word' id='word_1_214' title='bbox 1879 1624 1985 1691; x_wconf 84' lang='lat' dir='ltr'><strong>psit</strong></span> <span class='ocrx_word' id='word_1_215' title='bbox 2032 1626 2332 1677; x_wconf 90' lang='lat' dir='ltr'><strong>secundum</strong></span> <span class='ocrx_word' id='word_1_216' title='bbox 2394 1623 2886 1693; x_wconf 78' lang='lat' dir='ltr'><strong>interrogationem</strong></span> <span class='ocrx_word' id='word_1_217' title='bbox 2944 1637 2995 1682; x_wconf 89' lang='lat' dir='ltr'><strong>et</strong></span> <span class='ocrx_word' id='word_1_218' title='bbox 3053 1628 3461 1698; x_wconf 76' lang='lat' dir='ltr'><strong>responsionem</strong></span> 
     </span>
    </p>
   </div>
   <div class='ocr_carea' id='block_1_31' title="bbox 1881 1717 3462 1787">
    <p class='ocr_par' dir='ltr' id='par_1_31' title="bbox 1881 1717 3462 1787">
     <span class='ocr_line' id='line_1_31' title="bbox 1881 1717 3462 1787; baseline 0.001 -16"><span class='ocrx_word' id='word_1_219' title='bbox 1881 1717 2228 1772; x_wconf 80' lang='lat' dir='ltr'><strong>orationibus</strong></span> <span class='ocrx_word' id='word_1_220' title='bbox 2259 1730 2429 1786; x_wconf 75' lang='lat' dir='ltr'><strong>prope.</strong></span> <span class='ocrx_word' id='word_1_221' title='bbox 2459 1717 2792 1787; x_wconf 91' lang='lat' dir='ltr'><strong>principium</strong></span> <span class='ocrx_word' id='word_1_222' title='bbox 2826 1721 2940 1777; x_wconf 64' lang='lat' dir='ltr'><strong>haec</strong></span> <span class='ocrx_word' id='word_1_223' title='bbox 2976 1720 3137 1777; x_wconf 75' lang='lat' dir='ltr'><strong>tradit</strong></span> <span class='ocrx_word' id='word_1_224' title='bbox 3179 1739 3191 1776; x_wconf 92' lang='lat'><strong>:</strong></span> <span class='ocrx_word' id='word_1_225' title='bbox 3231 1738 3249 1773; x_wconf 81' lang='grc' dir='ltr'><strong>ι</strong></span> <span class='ocrx_word' id='word_1_226' title='bbox 3286 1720 3462 1774; x_wconf 75' lang='lat' dir='ltr'><strong>Muta-</strong></span> 
     </span>
    </p>
   </div>
   <div class='ocr_carea' id='block_1_32' title="bbox 1876 1806 3457 1884">
    <p class='ocr_par' dir='ltr' id='par_1_32' title="bbox 1876 1806 3457 1884">
     <span class='ocr_line' id='line_1_32' title="bbox 1876 1806 3457 1884; baseline 0.001 -21"><span class='ocrx_word' id='word_1_227' title='bbox 1876 1808 2000 1864; x_wconf 91' lang='lat' dir='ltr'><strong>bilis</strong></span> <span class='ocrx_word' id='word_1_228' title='bbox 2024 1823 2154 1863; x_wconf 80' lang='lat' dir='ltr'><strong>vero</strong></span> <span class='ocrx_word' id='word_1_229' title='bbox 2177 1809 2324 1863; x_wconf 86' lang='lat' dir='ltr'><strong>nullo</strong></span> <span class='ocrx_word' id='word_1_230' title='bbox 2354 1807 2514 1862; x_wconf 84' lang='lat' dir='ltr'><strong>modo</strong></span> <span class='ocrx_word' id='word_1_231' title='bbox 2541 1806 2777 1878; x_wconf 81' lang='lat' dir='ltr'><strong>Spiritus</strong></span> <span class='ocrx_word' id='word_1_232' title='bbox 2800 1815 2909 1881; x_wconf 68' lang='lat' dir='ltr'><strong>est];</strong></span> <span class='ocrx_word' id='word_1_233' title='bbox 2929 1811 3070 1884; x_wconf 91' lang='lat' dir='ltr'><strong>quod</strong></span> <span class='ocrx_word' id='word_1_234' title='bbox 3089 1814 3140 1867; x_wconf 80' lang='lat' dir='ltr'><strong>si</strong></span> <span class='ocrx_word' id='word_1_235' title='bbox 3171 1811 3457 1867; x_wconf 80' lang='lat' dir='ltr'><strong>mutationi</strong></span> 
     </span>
    </p>
   </div>
   <div class='ocr_carea' id='block_1_33' title="bbox 1876 1900 3460 1972">
    <p class='ocr_par' dir='ltr' id='par_1_33' title="bbox 1876 1900 3460 1972">
     <span class='ocr_line' id='line_1_33' title="bbox 1876 1900 3460 1972; baseline 0.003 -18"><span class='ocrx_word' id='word_1_236' title='bbox 1876 1901 2150 1956; x_wconf 80' lang='lat' dir='ltr'><strong>obnoxius</strong></span> <span class='ocrx_word' id='word_1_237' title='bbox 2199 1909 2303 1966; x_wconf 86' lang='lat' dir='ltr'><strong>est,</strong></span> <span class='ocrx_word' id='word_1_238' title='bbox 2354 1900 2418 1955; x_wconf 87' lang='lat' dir='ltr'><strong>ad</strong></span> <span class='ocrx_word' id='word_1_239' title='bbox 2449 1900 2620 1970; x_wconf 84' lang='lat' dir='ltr'><strong>ipsam</strong></span> <span class='ocrx_word' id='word_1_240' title='bbox 2669 1901 2909 1956; x_wconf 80' lang='lat' dir='ltr'><strong>divinam</strong></span> <span class='ocrx_word' id='word_1_241' title='bbox 2943 1916 3194 1958; x_wconf 76' lang='lat' dir='ltr'><strong>naturam</strong></span> <span class='ocrx_word' id='word_1_242' title='bbox 3245 1904 3460 1972; x_wconf 88' lang='lat' dir='ltr'><strong>vitupe-</strong></span> 
     </span>
    </p>
   </div>
   <div class='ocr_carea' id='block_1_34' title="bbox 193 1988 1771 2068">
    <p class='ocr_par' dir='ltr' id='par_1_34' title="bbox 193 1990 1771 2068">
     <span class='ocr_line' id='line_1_34' title="bbox 193 1990 1771 2068; baseline -0.006 -16"><span class='ocrx_word' id='word_1_243' title='bbox 193 1995 568 2068; x_wconf 56' lang='grc' dir='ltr'>Πατρδςωιαὶ</span> <span class='ocrx_word' id='word_1_244' title='bbox 602 1995 711 2064; x_wconf 84' lang='grc' dir='ltr'>μὴν</span> <span class='ocrx_word' id='word_1_245' title='bbox 740 1994 834 2059; x_wconf 81' lang='grc' dir='ltr'>καὶ</span> <span class='ocrx_word' id='word_1_246' title='bbox 867 1991 960 2046; x_wconf 88' lang='grc' dir='ltr'><strong>τοῦ</strong></span> <span class='ocrx_word' id='word_1_247' title='bbox 985 1991 1141 2055; x_wconf 84' lang='grc' dir='ltr'>Υίοῦ,</span> <span class='ocrx_word' id='word_1_248' title='bbox 1177 1992 1238 2044; x_wconf 79' lang='grc' dir='ltr'>τὸ</span> <span class='ocrx_word' id='word_1_249' title='bbox 1279 1990 1551 2056; x_wconf 76' lang='grc' dir='ltr'>οὐσιωδῶς</span> <span class='ocrx_word' id='word_1_250' title='bbox 1585 1990 1646 2055; x_wconf 76' lang='grc' dir='ltr'>ἐξ</span> <span class='ocrx_word' id='word_1_251' title='bbox 1674 1992 1771 2062; x_wconf 60' lang='grc' dir='ltr'>ἀμ.</span> 
     </span>
    </p>
   </div>
   <div class='ocr_carea' id='block_1_35' title="bbox 1877 1988 3461 2068">
    <p class='ocr_par' dir='ltr' id='par_1_35' title="bbox 1882 1988 3461 2063">
     <span class='ocr_line' id='line_1_35' title="bbox 1882 1988 3461 2063; baseline 0.001 -18"><span class='ocrx_word' id='word_1_252' title='bbox 1882 1992 2021 2045; x_wconf 84' lang='lat' dir='ltr'><strong>ratio</strong></span> <span class='ocrx_word' id='word_1_253' title='bbox 2048 1999 2313 2054; x_wconf 82' lang='lat' dir='ltr'><strong>recurret,</strong></span> <span class='ocrx_word' id='word_1_254' title='bbox 2341 1990 2384 2046; x_wconf 89' lang='lat' dir='ltr'><strong>si</strong></span> <span class='ocrx_word' id='word_1_255' title='bbox 2417 1997 2502 2044; x_wconf 87' lang='lat' dir='ltr'><strong>est</strong></span> <span class='ocrx_word' id='word_1_256' title='bbox 2528 1988 2621 2044; x_wconf 88' lang='lat' dir='ltr'><strong>Dei</strong></span> <span class='ocrx_word' id='word_1_257' title='bbox 2646 1993 2704 2044; x_wconf 77' lang='lat' dir='ltr'><strong>et</strong></span> <span class='ocrx_word' id='word_1_258' title='bbox 2747 1990 3234 2063; x_wconf 78' lang='lat' dir='ltr'><strong>Patris,.przeterea</strong></span> <span class='ocrx_word' id='word_1_259' title='bbox 3266 1992 3461 2048; x_wconf 75' lang='lat' dir='ltr'><strong>etFilii</strong></span> 
     </span>
    </p>
   </div>
   <div class='ocr_carea' id='block_1_36' title="bbox 190 2081 1327 2157">
    <p class='ocr_par' dir='ltr' id='par_1_36' title="bbox 190 2081 1327 2157">
     <span class='ocr_line' id='line_1_36' title="bbox 190 2081 1327 2157; baseline -0.006 -16"><span class='ocrx_word' id='word_1_260' title='bbox 190 2089 342 2157; x_wconf 66' lang='grc' dir='ltr'>φοῐν,</span> <span class='ocrx_word' id='word_1_261' title='bbox 405 2087 574 2157; x_wconf 68' lang='grc' dir='ltr'>ἦγουν</span> <span class='ocrx_word' id='word_1_262' title='bbox 643 2085 707 2137; x_wconf 71' lang='grc' dir='ltr'>ἐκ</span> <span class='ocrx_word' id='word_1_263' title='bbox 781 2082 997 2154; x_wconf 80' lang='grc' dir='ltr'>Πατρὸς</span> <span class='ocrx_word' id='word_1_264' title='bbox 1060 2083 1129 2136; x_wconf 89' lang='grc' dir='ltr'><strong>δι’</strong></span> <span class='ocrx_word' id='word_1_265' title='bbox 1199 2081 1327 2135; x_wconf 84' lang='grc' dir='ltr'>Υίοῦ</span> 
     </span>
    </p>
   </div>
   <div class='ocr_carea' id='block_1_37' title="bbox 193 2180 504 2250">
    <p class='ocr_par' dir='ltr' id='par_1_37' title="bbox 193 2180 504 2250">
     <span class='ocr_line' id='line_1_37' title="bbox 193 2180 504 2250; baseline -0.013 -17"><span class='ocrx_word' id='word_1_266' title='bbox 193 2180 444 2250; x_wconf 79' lang='grc' dir='ltr'>Πνεῦμα.</span> <span class='ocrx_word' id='word_1_267' title='bbox 486 2196 504 2229; x_wconf 72' lang='grc' dir='ltr'><strong>ι</strong></span> 
     </span>
    </p>
   </div>
   <div class='ocr_carea' id='block_1_38' title="bbox 279 2266 1776 2343">
    <p class='ocr_par' dir='ltr' id='par_1_38' title="bbox 279 2266 1776 2343">
     <span class='ocr_line' id='line_1_38' title="bbox 279 2266 1776 2343; baseline -0.005 -18"><span class='ocrx_word' id='word_1_268' title='bbox 279 2273 342 2325; x_wconf 86' lang='grc' dir='ltr'><strong>Ὀ</strong></span> <span class='ocrx_word' id='word_1_269' title='bbox 356 2273 518 2336; x_wconf 80' lang='grc' dir='ltr'>αὐτὸς</span> <span class='ocrx_word' id='word_1_270' title='bbox 540 2274 597 2326; x_wconf 77' lang='grc' dir='ltr'>ὲν</span> <span class='ocrx_word' id='word_1_271' title='bbox 610 2273 688 2343; x_wconf 83' lang='grc' dir='ltr'><strong>τῷ</strong></span> <span class='ocrx_word' id='word_1_272' title='bbox 704 2271 945 2343; x_wconf 81' lang='grc' dir='ltr'><strong>δευτέρῳ</strong></span> <span class='ocrx_word' id='word_1_273' title='bbox 961 2269 1070 2323; x_wconf 86' lang='grc' dir='ltr'><strong>τῶν</strong></span> <span class='ocrx_word' id='word_1_274' title='bbox 1089 2268 1274 2339; x_wconf 83' lang='grc' dir='ltr'>Θησαυ</span> <span class='ocrx_word' id='word_1_275' title='bbox 1281 2267 1412 2337; x_wconf 86' lang='grc' dir='ltr'>ρῶν,</span> <span class='ocrx_word' id='word_1_276' title='bbox 1435 2269 1491 2320; x_wconf 84' lang='grc' dir='ltr'>ὲν</span> <span class='ocrx_word' id='word_1_277' title='bbox 1509 2268 1584 2336; x_wconf 86' lang='grc' dir='ltr'>τῷ</span> <span class='ocrx_word' id='word_1_278' title='bbox 1631 2266 1776 2337; x_wconf 73' lang='grc' dir='ltr'><strong>λόγῳ</strong></span> 
     </span>
    </p>
   </div>
   <div class='ocr_carea' id='block_1_39' title="bbox 190 2357 1777 2436">
    <p class='ocr_par' dir='ltr' id='par_1_39' title="bbox 190 2357 1777 2436">
     <span class='ocr_line' id='line_1_39' title="bbox 190 2357 1777 2436; baseline -0.004 -18"><span class='ocrx_word' id='word_1_279' title='bbox 190 2357 257 2418; x_wconf 73' lang='grc' dir='ltr'><strong>οὗ</strong></span> <span class='ocrx_word' id='word_1_280' title='bbox 285 2366 320 2436; x_wconf 77' lang='grc' dir='ltr'>ἡ</span> <span class='ocrx_word' id='word_1_281' title='bbox 355 2364 658 2436; x_wconf 66' lang='grc' dir='ltr'>ἐπιγραφὴ,</span> <span class='ocrx_word' id='word_1_282' title='bbox 699 2384 715 2417; x_wconf 84' lang='grc' dir='ltr'><strong>ι</strong></span> <span class='ocrx_word' id='word_1_283' title='bbox 769 2365 896 2416; x_wconf 85' lang='grc' dir='ltr'><strong>Ὀτι</strong></span> <span class='ocrx_word' id='word_1_284' title='bbox 943 2364 1008 2416; x_wconf 85' lang='grc' dir='ltr'>ὲκ</span> <span class='ocrx_word' id='word_1_285' title='bbox 1052 2362 1152 2431; x_wconf 83' lang='grc' dir='ltr'>τῆς</span> <span class='ocrx_word' id='word_1_286' title='bbox 1193 2360 1381 2425; x_wconf 80' lang='grc' dir='ltr'><strong>οὐσίας</strong></span> <span class='ocrx_word' id='word_1_287' title='bbox 1433 2360 1528 2413; x_wconf 88' lang='grc' dir='ltr'><strong>τοῦ</strong></span> <span class='ocrx_word' id='word_1_288' title='bbox 1565 2357 1777 2426; x_wconf 75' lang='grc' dir='ltr'>Πατρδς</span> 
     </span>
    </p>
   </div>
   <div class='ocr_carea' id='block_1_40' title="bbox 195 2453 1776 2527">
    <p class='ocr_par' dir='ltr' id='par_1_40' title="bbox 195 2453 1776 2527">
     <span class='ocr_line' id='line_1_40' title="bbox 195 2453 1776 2527; baseline -0.003 -18"><span class='ocrx_word' id='word_1_289' title='bbox 195 2458 297 2512; x_wconf 76' lang='grc' dir='ltr'>καὶ</span> <span class='ocrx_word' id='word_1_290' title='bbox 323 2459 418 2512; x_wconf 89' lang='grc' dir='ltr'><strong>τοῦ</strong></span> <span class='ocrx_word' id='word_1_291' title='bbox 452 2457 586 2512; x_wconf 84' lang='grc' dir='ltr'>Υίοῦ</span> <span class='ocrx_word' id='word_1_292' title='bbox 614 2457 673 2510; x_wconf 84' lang='grc' dir='ltr'>τὸ</span> <span class='ocrx_word' id='word_1_293' title='bbox 707 2456 935 2527; x_wconf 80' lang='grc' dir='ltr'>Πνεῦμα</span> <span class='ocrx_word' id='word_1_294' title='bbox 963 2455 1026 2508; x_wconf 80' lang='grc' dir='ltr'>τὸ</span> <span class='ocrx_word' id='word_1_295' title='bbox 1053 2454 1232 2522; x_wconf 75' lang='grc' dir='ltr'>ἅγιον,</span> <span class='ocrx_word' id='word_1_296' title='bbox 1277 2473 1296 2504; x_wconf 74' lang='grc' dir='ltr'><strong>ι</strong></span> <span class='ocrx_word' id='word_1_297' title='bbox 1339 2453 1505 2523; x_wconf 84' lang='grc' dir='ltr'>φησίν</span> <span class='ocrx_word' id='word_1_298' title='bbox 1536 2470 1548 2482; x_wconf 90' lang='grc'><strong>·</strong></span> <span class='ocrx_word' id='word_1_299' title='bbox 1585 2471 1600 2504; x_wconf 91' lang='grc'><strong>‹</strong></span> <span class='ocrx_word' id='word_1_300' title='bbox 1645 2455 1776 2506; x_wconf 83' lang='grc' dir='ltr'><strong>Ὅτε</strong></span> 
     </span>
    </p>
   </div>
   <div class='ocr_carea' id='block_1_41' title="bbox 195 2547 1772 2620">
    <p class='ocr_par' dir='ltr' id='par_1_41' title="bbox 195 2547 1772 2620">
     <span class='ocr_line' id='line_1_41' title="bbox 195 2547 1772 2620; baseline -0.003 -18"><span class='ocrx_word' id='word_1_301' title='bbox 195 2549 384 2602; x_wconf 84' lang='grc' dir='ltr'>τοίνυν</span> <span class='ocrx_word' id='word_1_302' title='bbox 444 2550 506 2600; x_wconf 80' lang='grc' dir='ltr'>τὸ</span> <span class='ocrx_word' id='word_1_303' title='bbox 553 2548 784 2620; x_wconf 79' lang='grc' dir='ltr'>Πνεῦμα</span> <span class='ocrx_word' id='word_1_304' title='bbox 830 2547 890 2602; x_wconf 83' lang='grc' dir='ltr'>τὸ</span> <span class='ocrx_word' id='word_1_305' title='bbox 944 2548 1124 2614; x_wconf 76' lang='grc' dir='ltr'>ἅγιον,</span> <span class='ocrx_word' id='word_1_306' title='bbox 1169 2548 1227 2600; x_wconf 80' lang='grc' dir='ltr'>ὲν</span> <span class='ocrx_word' id='word_1_307' title='bbox 1278 2547 1410 2616; x_wconf 73' lang='grc' dir='ltr'>ἡμῖν</span> <span class='ocrx_word' id='word_1_308' title='bbox 1462 2547 1772 2614; x_wconf 88' lang='grc' dir='ltr'>γενόμενον,</span> 
     </span>
    </p>
   </div>
   <div class='ocr_carea' id='block_1_42' title="bbox 197 2635 1776 2710">
    <p class='ocr_par' dir='ltr' id='par_1_42' title="bbox 197 2635 1776 2710">
     <span class='ocr_line' id='line_1_42' title="bbox 197 2635 1776 2710; baseline -0.003 -18"><span class='ocrx_word' id='word_1_309' title='bbox 197 2639 562 2710; x_wconf 81' lang='grc' dir='ltr'><strong>συμμόρφους</strong></span> <span class='ocrx_word' id='word_1_310' title='bbox 595 2640 741 2709; x_wconf 77' lang='grc' dir='ltr'>ἡμᾶς</span> <span class='ocrx_word' id='word_1_311' title='bbox 770 2637 1120 2691; x_wconf 78' lang='grc' dir='ltr'>ἀποδεικνύει</span> <span class='ocrx_word' id='word_1_312' title='bbox 1153 2635 1313 2699; x_wconf 90' lang='grc' dir='ltr'>Θεοῦ,</span> <span class='ocrx_word' id='word_1_313' title='bbox 1345 2636 1567 2706; x_wconf 77' lang='grc' dir='ltr'>πρόεισι</span> <span class='ocrx_word' id='word_1_314' title='bbox 1595 2635 1650 2688; x_wconf 81' lang='grc' dir='ltr'>δὲ</span> <span class='ocrx_word' id='word_1_315' title='bbox 1684 2638 1776 2689; x_wconf 72' lang='grc' dir='ltr'>καὶ</span> 
     </span>
    </p>
   </div>
   <div class='ocr_carea' id='block_1_43' title="bbox 195 2727 1775 2802">
    <p class='ocr_par' dir='ltr' id='par_1_43' title="bbox 195 2727 1775 2802">
     <span class='ocr_line' id='line_1_43' title="bbox 195 2727 1775 2802; baseline -0.001 -20"><span class='ocrx_word' id='word_1_316' title='bbox 195 2732 262 2783; x_wconf 78' lang='grc' dir='ltr'>ὲκ</span> <span class='ocrx_word' id='word_1_317' title='bbox 299 2731 512 2802; x_wconf 80' lang='grc' dir='ltr'>Πατρὸς</span> <span class='ocrx_word' id='word_1_318' title='bbox 536 2732 631 2784; x_wconf 73' lang='grc' dir='ltr'>καὶ</span> <span class='ocrx_word' id='word_1_319' title='bbox 666 2730 819 2797; x_wconf 86' lang='grc' dir='ltr'>Υίοῦ,</span> <span class='ocrx_word' id='word_1_320' title='bbox 867 2729 1138 2799; x_wconf 84' lang='grc' dir='ltr'>πρόδηλον</span> <span class='ocrx_word' id='word_1_321' title='bbox 1167 2730 1250 2781; x_wconf 84' lang='grc' dir='ltr'>ὅτι</span> <span class='ocrx_word' id='word_1_322' title='bbox 1295 2727 1394 2797; x_wconf 83' lang='grc' dir='ltr'>τῆς</span> <span class='ocrx_word' id='word_1_323' title='bbox 1421 2727 1574 2789; x_wconf 83' lang='grc' dir='ltr'>θείας</span> <span class='ocrx_word' id='word_1_324' title='bbox 1625 2729 1775 2780; x_wconf 78' lang='grc' dir='ltr'>ἐστιν</span> 
     </span>
    </p>
   </div>
   <div class='ocr_carea' id='block_1_44' title="bbox 193 2817 1774 2892">
    <p class='ocr_par' dir='ltr' id='par_1_44' title="bbox 193 2817 1774 2892">
     <span class='ocr_line' id='line_1_44' title="bbox 193 2817 1774 2892; baseline -0.002 -19"><span class='ocrx_word' id='word_1_325' title='bbox 193 2822 408 2887; x_wconf 85' lang='grc' dir='ltr'>οὐσίας,</span> <span class='ocrx_word' id='word_1_326' title='bbox 427 2821 698 2885; x_wconf 83' lang='grc' dir='ltr'>οὐοιωδῶς</span> <span class='ocrx_word' id='word_1_327' title='bbox 716 2823 774 2874; x_wconf 79' lang='grc' dir='ltr'>ὲν</span> <span class='ocrx_word' id='word_1_328' title='bbox 796 2822 932 2892; x_wconf 79' lang='grc' dir='ltr'>αὐτῇ</span> <span class='ocrx_word' id='word_1_329' title='bbox 959 2822 1052 2873; x_wconf 78' lang='grc' dir='ltr'>καὶ</span> <span class='ocrx_word' id='word_1_330' title='bbox 1077 2818 1136 2884; x_wconf 81' lang='grc' dir='ltr'>εξ</span> <span class='ocrx_word' id='word_1_331' title='bbox 1157 2818 1328 2888; x_wconf 83' lang='grc' dir='ltr'>αὐτῆς</span> <span class='ocrx_word' id='word_1_332' title='bbox 1349 2817 1560 2887; x_wconf 78' lang='grc' dir='ltr'>προῖόνο</span> <span class='ocrx_word' id='word_1_333' title='bbox 1586 2817 1774 2889; x_wconf 84' lang='grc' dir='ltr'>ὥσπερ</span> 
     </span>
    </p>
   </div>
   <div class='ocr_carea' id='block_1_45' title="bbox 193 2911 1775 2984">
    <p class='ocr_par' dir='ltr' id='par_1_45' title="bbox 193 2911 1775 2984">
     <span class='ocr_line' id='line_1_45' title="bbox 193 2911 1775 2984; baseline -0.002 -16"><span class='ocrx_word' id='word_1_334' title='bbox 193 2911 291 2968; x_wconf 79' lang='grc' dir='ltr'>οὖν</span> <span class='ocrx_word' id='word_1_335' title='bbox 321 2914 516 2984; x_wconf 67' lang='grc' dir='ltr'>ἀμέλει</span> <span class='ocrx_word' id='word_1_336' title='bbox 544 2914 642 2967; x_wconf 83' lang='grc' dir='ltr'>καὶ</span> <span class='ocrx_word' id='word_1_337' title='bbox 689 2913 750 2977; x_wconf 79' lang='grc' dir='ltr'><strong>ἐξ</strong></span> <span class='ocrx_word' id='word_1_338' title='bbox 795 2913 1142 2983; x_wconf 85' lang='grc' dir='ltr'>ἀνθρωπείου</span> <span class='ocrx_word' id='word_1_339' title='bbox 1199 2911 1474 2980; x_wconf 83' lang='grc' dir='ltr'>στόματος</span> <span class='ocrx_word' id='word_1_340' title='bbox 1513 2911 1775 2980; x_wconf 79' lang='grc' dir='ltr'>ἐκτρέχον</span> 
     </span>
    </p>
   </div>
   <div class='ocr_carea' id='block_1_46' title="bbox 193 3001 1776 3076">
    <p class='ocr_par' dir='ltr' id='par_1_46' title="bbox 193 3001 1776 3076">
     <span class='ocr_line' id='line_1_46' title="bbox 193 3001 1776 3076; baseline -0.001 -18"><span class='ocrx_word' id='word_1_341' title='bbox 193 3004 522 3076; x_wconf 70' lang='grc' dir='ltr'>ἐμφύσημα,</span> <span class='ocrx_word' id='word_1_342' title='bbox 551 3008 599 3058; x_wconf 88' lang='grc' dir='ltr'><strong>εί</strong></span> <span class='ocrx_word' id='word_1_343' title='bbox 626 3006 718 3058; x_wconf 78' lang='grc' dir='ltr'>καὶ</span> <span class='ocrx_word' id='word_1_344' title='bbox 751 3005 946 3075; x_wconf 74' lang='grc' dir='ltr'>μικρὸν</span> <span class='ocrx_word' id='word_1_345' title='bbox 982 3005 1076 3056; x_wconf 74' lang='grc' dir='ltr'>καὶ</span> <span class='ocrx_word' id='word_1_346' title='bbox 1100 3004 1201 3057; x_wconf 84' lang='grc' dir='ltr'><strong>οὐκ</strong></span> <span class='ocrx_word' id='word_1_347' title='bbox 1234 3003 1385 3068; x_wconf 79' lang='grc' dir='ltr'>ἀξιον</span> <span class='ocrx_word' id='word_1_348' title='bbox 1407 3001 1501 3057; x_wconf 91' lang='grc' dir='ltr'><strong>τοῦ</strong></span> <span class='ocrx_word' id='word_1_349' title='bbox 1531 3002 1690 3070; x_wconf 80' lang='grc' dir='ltr'>λόγου</span> <span class='ocrx_word' id='word_1_350' title='bbox 1717 3005 1776 3056; x_wconf 74' lang='grc' dir='ltr'>τὸ</span> 
     </span>
    </p>
   </div>
   <div class='ocr_carea' id='block_1_47' title="bbox 194 3095 1431 3166">
    <p class='ocr_par' dir='ltr' id='par_1_47' title="bbox 194 3095 1431 3166">
     <span class='ocr_line' id='line_1_47' title="bbox 194 3095 1431 3166; baseline -0.003 -19"><span class='ocrx_word' id='word_1_351' title='bbox 194 3095 531 3165; x_wconf 73' lang='grc' dir='ltr'><strong>ὑπόδειγμα.</strong></span> <span class='ocrx_word' id='word_1_352' title='bbox 567 3097 755 3148; x_wconf 72' lang='grc' dir='ltr'>Πάντα</span> <span class='ocrx_word' id='word_1_353' title='bbox 789 3099 896 3165; x_wconf 67' lang='grc' dir='ltr'><strong>γὰρ</strong></span> <span class='ocrx_word' id='word_1_354' title='bbox 929 3095 1186 3166; x_wconf 79' lang='grc' dir='ltr'>ὑπερέξει</span> <span class='ocrx_word' id='word_1_355' title='bbox 1224 3096 1378 3157; x_wconf 83' lang='grc' dir='ltr'>Θεός.</span> <span class='ocrx_word' id='word_1_356' title='bbox 1413 3114 1431 3143; x_wconf 72' lang='grc' dir='ltr'><strong>ι</strong></span> 
     </span>
    </p>
   </div>
   <div class='ocr_carea' id='block_1_48' title="bbox 279 3185 1773 3257">
    <p class='ocr_par' dir='ltr' id='par_1_48' title="bbox 279 3185 1773 3257">
     <span class='ocr_line' id='line_1_48' title="bbox 279 3185 1773 3257; baseline -0.001 -17"><span class='ocrx_word' id='word_1_357' title='bbox 279 3187 343 3240; x_wconf 85' lang='grc'><strong>’0</strong></span> <span class='ocrx_word' id='word_1_358' title='bbox 375 3187 548 3255; x_wconf 81' lang='grc' dir='ltr'>μέγας</span> <span class='ocrx_word' id='word_1_359' title='bbox 596 3187 917 3249; x_wconf 76' lang='grc' dir='ltr'>Ἀθανάσιος</span> <span class='ocrx_word' id='word_1_360' title='bbox 965 3187 1023 3237; x_wconf 80' lang='grc' dir='ltr'>ὲν</span> <span class='ocrx_word' id='word_1_361' title='bbox 1087 3185 1164 3255; x_wconf 81' lang='grc' dir='ltr'>τῷ</span> <span class='ocrx_word' id='word_1_362' title='bbox 1217 3187 1347 3255; x_wconf 75' lang='grc' dir='ltr'>περὶ</span> <span class='ocrx_word' id='word_1_363' title='bbox 1382 3187 1480 3256; x_wconf 78' lang='grc' dir='ltr'>τῆς</span> <span class='ocrx_word' id='word_1_364' title='bbox 1507 3188 1773 3257; x_wconf 82' lang='grc' dir='ltr'>ὲνσάρκου</span> 
     </span>
    </p>
   </div>
   <div class='ocr_carea' id='block_1_49' title="bbox 191 3278 1770 3348">
    <p class='ocr_par' dir='ltr' id='par_1_49' title="bbox 191 3278 1770 3348">
     <span class='ocr_line' id='line_1_49' title="bbox 191 3278 1770 3348; baseline -0.001 -16"><span class='ocrx_word' id='word_1_365' title='bbox 191 3280 505 3348; x_wconf 68' lang='grc' dir='ltr'>οἰκονομία,</span> <span class='ocrx_word' id='word_1_366' title='bbox 529 3279 666 3331; x_wconf 75' lang='grc' dir='ltr'>Θεοῦ</span> <span class='ocrx_word' id='word_1_367' title='bbox 698 3279 897 3346; x_wconf 79' lang='grc' dir='ltr'>Λόγου,</span> <span class='ocrx_word' id='word_1_368' title='bbox 919 3296 982 3331; x_wconf 83' lang='grc' dir='ltr'><strong>ου</strong></span> <span class='ocrx_word' id='word_1_369' title='bbox 1003 3280 1036 3346; x_wconf 84' lang='grc' dir='ltr'>ὴ</span> <span class='ocrx_word' id='word_1_370' title='bbox 1078 3279 1242 3348; x_wconf 85' lang='grc' dir='ltr'>ἀρχὴ.</span> <span class='ocrx_word' id='word_1_371' title='bbox 1290 3297 1307 3328; x_wconf 81' lang='grc' dir='ltr'><strong>ι</strong></span> <span class='ocrx_word' id='word_1_372' title='bbox 1335 3279 1397 3330; x_wconf 82' lang='lat' dir='ltr'><strong>Oi</strong></span> <span class='ocrx_word' id='word_1_373' title='bbox 1428 3278 1770 3347; x_wconf 81' lang='grc' dir='ltr'>κακοτέχνως</span> 
     </span>
    </p>
   </div>
   <div class='ocr_carea' id='block_1_50' title="bbox 1409 2083 1775 2154">
    <p class='ocr_par' dir='ltr' id='par_1_50' title="bbox 1409 2083 1775 2154">
     <span class='ocr_line' id='line_1_50' title="bbox 1409 2083 1775 2154; baseline 0.011 -20"><span class='ocrx_word' id='word_1_374' title='bbox 1409 2083 1775 2154; x_wconf 80' lang='grc' dir='ltr'>προχεόμενον</span> 
     </span>
    </p>
   </div>
   <div class='ocr_carea' id='block_1_51' title="bbox 1881 2081 3462 2152">
    <p class='ocr_par' dir='ltr' id='par_1_51' title="bbox 1881 2081 3462 2152">
     <span class='ocr_line' id='line_1_51' title="bbox 1881 2081 3462 2152; baseline 0.002 -16"><span class='ocrx_word' id='word_1_375' title='bbox 1881 2081 2250 2138; x_wconf 88' lang='lat' dir='ltr'><strong>essentialiter</strong></span> <span class='ocrx_word' id='word_1_376' title='bbox 2287 2088 2354 2137; x_wconf 76' lang='lat' dir='ltr'><strong>ei:</strong></span> <span class='ocrx_word' id='word_1_377' title='bbox 2391 2082 2686 2149; x_wconf 84' lang='lat' dir='ltr'><strong>ambobus,</strong></span> <span class='ocrx_word' id='word_1_378' title='bbox 2727 2095 2790 2137; x_wconf 79' lang='lat' dir='ltr'><strong>ex</strong></span> <span class='ocrx_word' id='word_1_379' title='bbox 2833 2083 2993 2140; x_wconf 87' lang='lat' dir='ltr'><strong>Patre</strong></span> <span class='ocrx_word' id='word_1_380' title='bbox 3018 2085 3226 2142; x_wconf 77' lang='lat' dir='ltr'><strong>sciliCct</strong></span> <span class='ocrx_word' id='word_1_381' title='bbox 3252 2101 3346 2152; x_wconf 90' lang='lat' dir='ltr'><strong>per</strong></span> <span class='ocrx_word' id='word_1_382' title='bbox 3371 2085 3462 2139; x_wconf 64' lang='lat' dir='ltr'><strong>Fio</strong></span> 
     </span>
    </p>
   </div>
   <div class='ocr_carea' id='block_1_52' title="bbox 1879 2171 2588 2246">
    <p class='ocr_par' dir='ltr' id='par_1_52' title="bbox 1879 2171 2588 2246">
     <span class='ocr_line' id='line_1_52' title="bbox 1879 2171 2588 2246; baseline 0.006 -22"><span class='ocrx_word' id='word_1_383' title='bbox 1879 2172 2011 2227; x_wconf 91' lang='lat' dir='ltr'><strong>lium</strong></span> <span class='ocrx_word' id='word_1_384' title='bbox 2041 2171 2253 2231; x_wconf 79' lang='lat' dir='ltr'><strong>eil‘usus</strong></span> <span class='ocrx_word' id='word_1_385' title='bbox 2280 2174 2534 2246; x_wconf 89' lang='lat' dir='ltr'><strong>Spiritus.</strong></span> <span class='ocrx_word' id='word_1_386' title='bbox 2569 2196 2588 2228; x_wconf 70' lang='grc' dir='ltr'><strong>ι</strong></span> 
     </span>
    </p>
   </div>
   <div class='ocr_carea' id='block_1_53' title="bbox 1953 2265 3461 2342">
    <p class='ocr_par' dir='ltr' id='par_1_53' title="bbox 1953 2265 3461 2342">
     <span class='ocr_line' id='line_1_53' title="bbox 1953 2265 3461 2342; baseline 0.006 -23"><span class='ocrx_word' id='word_1_387' title='bbox 1953 2265 2100 2320; x_wconf 91' lang='lat' dir='ltr'><strong>Idem</strong></span> <span class='ocrx_word' id='word_1_388' title='bbox 2143 2268 2198 2322; x_wconf 91' lang='lat' dir='ltr'><strong>in</strong></span> <span class='ocrx_word' id='word_1_389' title='bbox 2231 2271 2474 2325; x_wconf 86' lang='lat' dir='ltr'><strong>secundo</strong></span> <span class='ocrx_word' id='word_1_390' title='bbox 2536 2271 2948 2329; x_wconf 88' lang='lat' dir='ltr'><strong>Thesaurorum</strong></span> <span class='ocrx_word' id='word_1_391' title='bbox 2999 2287 3252 2330; x_wconf 86' lang='lat' dir='ltr'><strong>sermone</strong></span> <span class='ocrx_word' id='word_1_392' title='bbox 3305 2272 3461 2342; x_wconf 87' lang='lat' dir='ltr'><strong>cujus</strong></span> 
     </span>
    </p>
   </div>
   <div class='ocr_carea' id='block_1_54' title="bbox 1879 2355 3462 2430">
    <p class='ocr_par' dir='ltr' id='par_1_54' title="bbox 1879 2355 3462 2430">
     <span class='ocr_line' id='line_1_54' title="bbox 1879 2355 3462 2430; baseline 0.007 -22"><span class='ocrx_word' id='word_1_393' title='bbox 1879 2355 1971 2412; x_wconf 83' lang='lat' dir='ltr'><strong>illa</strong></span> <span class='ocrx_word' id='word_1_394' title='bbox 2010 2359 2303 2430; x_wconf 80' lang='lat' dir='ltr'><strong>epigraphe</strong></span> <span class='ocrx_word' id='word_1_395' title='bbox 2339 2374 2443 2420; x_wconf 87' lang='lat' dir='ltr'><strong>est.</strong></span> <span class='ocrx_word' id='word_1_396' title='bbox 2487 2383 2504 2416; x_wconf 85' lang='grc' dir='ltr'><strong>ι</strong></span> <span class='ocrx_word' id='word_1_397' title='bbox 2531 2363 2606 2418; x_wconf 84' lang='lat' dir='ltr'><strong>Ex</strong></span> <span class='ocrx_word' id='word_1_398' title='bbox 2633 2367 2871 2421; x_wconf 87' lang='lat' dir='ltr'><strong>essentia</strong></span> <span class='ocrx_word' id='word_1_399' title='bbox 2904 2365 3082 2422; x_wconf 84' lang='lat' dir='ltr'><strong>Patris</strong></span> <span class='ocrx_word' id='word_1_400' title='bbox 3119 2375 3172 2421; x_wconf 88' lang='lat' dir='ltr'><strong>et</strong></span> <span class='ocrx_word' id='word_1_401' title='bbox 3202 2364 3462 2420; x_wconf 84' lang='lat' dir='ltr'><strong>Filiiesse</strong></span> 
     </span>
    </p>
   </div>
   <div class='ocr_carea' id='block_1_55' title="bbox 1880 2447 3460 2528">
    <p class='ocr_par' dir='ltr' id='par_1_55' title="bbox 1880 2447 3460 2528">
     <span class='ocr_line' id='line_1_55' title="bbox 1880 2447 3460 2528; baseline 0.005 -25"><span class='ocrx_word' id='word_1_402' title='bbox 1880 2447 2140 2518; x_wconf 86' lang='lat' dir='ltr'><strong>Spiritum</strong></span> <span class='ocrx_word' id='word_1_403' title='bbox 2180 2462 2452 2518; x_wconf 88' lang='lat' dir='ltr'><strong>sanctum,</strong></span> <span class='ocrx_word' id='word_1_404' title='bbox 2497 2456 2622 2511; x_wconf 72' lang='lat' dir='ltr'><strong>iait</strong></span> <span class='ocrx_word' id='word_1_405' title='bbox 2659 2475 2673 2511; x_wconf 89' lang='lat'><strong>:</strong></span> <span class='ocrx_word' id='word_1_406' title='bbox 2717 2471 2735 2508; x_wconf 82' lang='grc' dir='ltr'><strong>ι</strong></span> <span class='ocrx_word' id='word_1_407' title='bbox 2798 2455 2936 2514; x_wconf 90' lang='lat' dir='ltr'><strong>Cum</strong></span> <span class='ocrx_word' id='word_1_408' title='bbox 2997 2459 3178 2527; x_wconf 86' lang='lat' dir='ltr'><strong>Itaque</strong></span> <span class='ocrx_word' id='word_1_409' title='bbox 3224 2456 3460 2528; x_wconf 83' lang='lat' dir='ltr'><strong>Spiritus</strong></span> 
     </span>
    </p>
   </div>
   <div class='ocr_carea' id='block_1_56' title="bbox 1881 2543 3460 2613">
    <p class='ocr_par' dir='ltr' id='par_1_56' title="bbox 1881 2543 3460 2613">
     <span class='ocr_line' id='line_1_56' title="bbox 1881 2543 3460 2613; baseline 0.005 -19"><span class='ocrx_word' id='word_1_410' title='bbox 1881 2553 2108 2597; x_wconf 84' lang='lat' dir='ltr'><strong>sanctus</strong></span> <span class='ocrx_word' id='word_1_411' title='bbox 2133 2543 2198 2597; x_wconf 82' lang='lat' dir='ltr'><strong>ad</strong></span> <span class='ocrx_word' id='word_1_412' title='bbox 2224 2559 2326 2599; x_wconf 86' lang='lat' dir='ltr'><strong>nos</strong></span> <span class='ocrx_word' id='word_1_413' title='bbox 2359 2547 2647 2612; x_wconf 80' lang='lat' dir='ltr'><strong>accedens,</strong></span> <span class='ocrx_word' id='word_1_414' title='bbox 2681 2549 3103 2606; x_wconf 73' lang='lat' dir='ltr'><strong>&#39;conl‘ormesnos</strong></span> <span class='ocrx_word' id='word_1_415' title='bbox 3128 2548 3305 2604; x_wconf 74' lang='lat' dir='ltr'><strong>eﬂ‘ecit</strong></span> <span class='ocrx_word' id='word_1_416' title='bbox 3327 2548 3460 2613; x_wconf 86' lang='lat' dir='ltr'><strong>Deo,</strong></span> 
     </span>
    </p>
   </div>
   <div class='ocr_carea' id='block_1_57' title="bbox 1881 2635 3459 2704">
    <p class='ocr_par' dir='ltr' id='par_1_57' title="bbox 1881 2635 3459 2704">
     <span class='ocr_line' id='line_1_57' title="bbox 1881 2635 3459 2704; baseline -0.003 -5"><span class='ocrx_word' id='word_1_417' title='bbox 1881 2635 2226 2700; x_wconf 62' lang='lat' dir='ltr'><strong>Proﬂreditur</strong></span> <span class='ocrx_word' id='word_1_418' title='bbox 2281 2652 2407 2691; x_wconf 80' lang='lat' dir='ltr'><strong>vero</strong></span> <span class='ocrx_word' id='word_1_419' title='bbox 2436 2649 2488 2693; x_wconf 88' lang='lat' dir='ltr'><strong>et</strong></span> <span class='ocrx_word' id='word_1_420' title='bbox 2530 2654 2596 2694; x_wconf 82' lang='lat' dir='ltr'><strong>ex</strong></span> <span class='ocrx_word' id='word_1_421' title='bbox 2643 2639 2804 2696; x_wconf 88' lang='lat' dir='ltr'><strong>Patre</strong></span> <span class='ocrx_word' id='word_1_422' title='bbox 2839 2651 2892 2695; x_wconf 92' lang='lat' dir='ltr'><strong>et</strong></span> <span class='ocrx_word' id='word_1_423' title='bbox 2922 2639 3077 2704; x_wconf 87' lang='lat' dir='ltr'><strong>Filio,</strong></span> <span class='ocrx_word' id='word_1_424' title='bbox 3109 2640 3459 2696; x_wconf 78' lang='lat' dir='ltr'><strong>manifestum</strong></span> 
     </span>
    </p>
   </div>
   <div class='ocr_carea' id='block_1_58' title="bbox 1879 2725 3460 2798">
    <p class='ocr_par' dir='ltr' id='par_1_58' title="bbox 1879 2725 3460 2798">
     <span class='ocr_line' id='line_1_58' title="bbox 1879 2725 3460 2798; baseline 0.005 -22"><span class='ocrx_word' id='word_1_425' title='bbox 1879 2735 1984 2787; x_wconf 88' lang='lat' dir='ltr'><strong>est,</strong></span> <span class='ocrx_word' id='word_1_426' title='bbox 2047 2725 2199 2780; x_wconf 88' lang='lat' dir='ltr'><strong>illum</strong></span> <span class='ocrx_word' id='word_1_427' title='bbox 2242 2727 2438 2783; x_wconf 82' lang='lat' dir='ltr'><strong>divinae</strong></span> <span class='ocrx_word' id='word_1_428' title='bbox 2499 2734 2752 2792; x_wconf 65' lang='lat' dir='ltr'><strong>essentia</strong></span> <span class='ocrx_word' id='word_1_429' title='bbox 2805 2745 2954 2798; x_wconf 86' lang='lat' dir='ltr'><strong>esse,</strong></span> <span class='ocrx_word' id='word_1_430' title='bbox 2997 2731 3360 2788; x_wconf 78' lang='lat' dir='ltr'><strong>essentialiter</strong></span> <span class='ocrx_word' id='word_1_431' title='bbox 3406 2731 3460 2785; x_wconf 90' lang='lat' dir='ltr'><strong>in</strong></span> 
     </span>
    </p>
   </div>
   <div class='ocr_carea' id='block_1_59' title="bbox 1880 2814 3461 2892">
    <p class='ocr_par' dir='ltr' id='par_1_59' title="bbox 1880 2814 3461 2892">
     <span class='ocr_line' id='line_1_59' title="bbox 1880 2814 3461 2892; baseline 0.006 -26"><span class='ocrx_word' id='word_1_432' title='bbox 1880 2814 1996 2884; x_wconf 82' lang='lat' dir='ltr'><strong>ipsa</strong></span> <span class='ocrx_word' id='word_1_433' title='bbox 2064 2827 2241 2888; x_wconf 36' lang='lat' dir='ltr'><strong>et.cx</strong></span> <span class='ocrx_word' id='word_1_434' title='bbox 2282 2820 2399 2888; x_wconf 89' lang='lat' dir='ltr'><strong>ipsa</strong></span> <span class='ocrx_word' id='word_1_435' title='bbox 2460 2823 2924 2892; x_wconf 71' lang='lat' dir='ltr'><strong>progredientem.</strong></span> <span class='ocrx_word' id='word_1_436' title='bbox 2988 2823 3461 2890; x_wconf 84' lang='lat' dir='ltr'><strong>Quemadmodum</strong></span> 
     </span>
    </p>
   </div>
   <div class='ocr_carea' id='block_1_60' title="bbox 1881 2909 3463 2984">
    <p class='ocr_par' dir='ltr' id='par_1_60' title="bbox 1881 2909 3463 2984">
     <span class='ocr_line' id='line_1_60' title="bbox 1881 2909 3463 2984; baseline 0.005 -26"><span class='ocrx_word' id='word_1_437' title='bbox 1881 2921 2076 2976; x_wconf 84' lang='lat' dir='ltr'><strong>nempe</strong></span> <span class='ocrx_word' id='word_1_438' title='bbox 2104 2924 2168 2963; x_wconf 77' lang='lat' dir='ltr'><strong>ex</strong></span> <span class='ocrx_word' id='word_1_439' title='bbox 2196 2909 2438 2970; x_wconf 76' lang='lat' dir='ltr'><strong>humano</strong></span> <span class='ocrx_word' id='word_1_440' title='bbox 2469 2925 2565 2966; x_wconf 89' lang='lat' dir='ltr'><strong>ore</strong></span> <span class='ocrx_word' id='word_1_441' title='bbox 2597 2912 2756 2967; x_wconf 79' lang='lat' dir='ltr'><strong>Datus</strong></span> <span class='ocrx_word' id='word_1_442' title='bbox 2787 2929 3110 2981; x_wconf 84' lang='lat' dir='ltr'><strong>excurrens,</strong></span> <span class='ocrx_word' id='word_1_443' title='bbox 3137 2913 3264 2969; x_wconf 90' lang='lat' dir='ltr'><strong>licet</strong></span> <span class='ocrx_word' id='word_1_444' title='bbox 3291 2913 3463 2984; x_wconf 66' lang='lat' dir='ltr'><strong>pusilo</strong></span> 
     </span>
    </p>
   </div>
   <div class='ocr_carea' id='block_1_61' title="bbox 1879 3000 3458 3075">
    <p class='ocr_par' dir='ltr' id='par_1_61' title="bbox 1879 3000 3458 3075">
     <span class='ocr_line' id='line_1_61' title="bbox 1879 3000 3458 3075; baseline 0.004 -22"><span class='ocrx_word' id='word_1_445' title='bbox 1879 3000 1990 3053; x_wconf 91' lang='lat' dir='ltr'><strong>lum</strong></span> <span class='ocrx_word' id='word_1_446' title='bbox 2017 3015 2117 3053; x_wconf 86' lang='lat' dir='ltr'><strong>nec</strong></span> <span class='ocrx_word' id='word_1_447' title='bbox 2145 3011 2306 3055; x_wconf 67' lang='lat' dir='ltr'><strong>tanta:</strong></span> <span class='ocrx_word' id='word_1_448' title='bbox 2325 3002 2603 3071; x_wconf 76' lang='lat' dir='ltr'><strong>dignitatis</strong></span> <span class='ocrx_word' id='word_1_449' title='bbox 2633 3005 2942 3075; x_wconf 78' lang='lat' dir='ltr'><strong>exemplum</strong></span> <span class='ocrx_word' id='word_1_450' title='bbox 2973 3007 3065 3061; x_wconf 85' lang='lat' dir='ltr'><strong>sit.</strong></span> <span class='ocrx_word' id='word_1_451' title='bbox 3098 3005 3272 3062; x_wconf 88' lang='lat' dir='ltr'><strong>Suoer</strong></span> <span class='ocrx_word' id='word_1_452' title='bbox 3312 3005 3458 3060; x_wconf 89' lang='lat' dir='ltr'><strong>enim</strong></span> 
     </span>
    </p>
   </div>
   <div class='ocr_carea' id='block_1_62' title="bbox 1879 3089 2368 3146">
    <p class='ocr_par' dir='ltr' id='par_1_62' title="bbox 1879 3089 2368 3146">
     <span class='ocr_line' id='line_1_62' title="bbox 1879 3089 2368 3146; baseline 0.004 -2"><span class='ocrx_word' id='word_1_453' title='bbox 1879 3091 2061 3144; x_wconf 91' lang='lat' dir='ltr'><strong>omnia</strong></span> <span class='ocrx_word' id='word_1_454' title='bbox 2097 3089 2238 3145; x_wconf 86' lang='lat' dir='ltr'><strong>Deus</strong></span> <span class='ocrx_word' id='word_1_455' title='bbox 2266 3099 2368 3146; x_wconf 86' lang='lat' dir='ltr'><strong>est.</strong></span> 
     </span>
    </p>
   </div>
   <div class='ocr_carea' id='block_1_63' title="bbox 1949 3179 3460 3258">
    <p class='ocr_par' dir='ltr' id='par_1_63' title="bbox 1949 3179 3460 3258">
     <span class='ocr_line' id='line_1_63' title="bbox 1949 3179 3460 3258; baseline 0.007 -25"><span class='ocrx_word' id='word_1_456' title='bbox 1949 3179 2175 3251; x_wconf 75' lang='lat' dir='ltr'><strong>Magnus</strong></span> <span class='ocrx_word' id='word_1_457' title='bbox 2227 3182 2566 3238; x_wconf 79' lang='lat' dir='ltr'><strong>Athanasius</strong></span> <span class='ocrx_word' id='word_1_458' title='bbox 2617 3187 2869 3241; x_wconf 83' lang='lat' dir='ltr'><strong>oratione</strong></span> <span class='ocrx_word' id='word_1_459' title='bbox 2928 3188 2994 3243; x_wconf 87' lang='lat' dir='ltr'><strong>de</strong></span> <span class='ocrx_word' id='word_1_460' title='bbox 3054 3188 3315 3258; x_wconf 76' lang='lat' dir='ltr'><strong>unigeniti</strong></span> <span class='ocrx_word' id='word_1_461' title='bbox 3366 3189 3460 3243; x_wconf 86' lang='lat' dir='ltr'><strong>Dei</strong></span> 
     </span>
    </p>
   </div>
   <div class='ocr_carea' id='block_1_64' title="bbox 1879 3269 3460 3349">
    <p class='ocr_par' dir='ltr' id='par_1_64' title="bbox 1879 3269 3460 3349">
     <span class='ocr_line' id='line_1_64' title="bbox 1879 3269 3460 3349; baseline 0.005 -24"><span class='ocrx_word' id='word_1_462' title='bbox 1879 3269 2042 3328; x_wconf 75' lang='lat' dir='ltr'><strong>Verbi</strong></span> <span class='ocrx_word' id='word_1_463' title='bbox 2075 3274 2474 3340; x_wconf 75' lang='lat' dir='ltr'><strong>incarnatione,</strong></span> <span class='ocrx_word' id='word_1_464' title='bbox 2508 3292 2630 3346; x_wconf 63' lang='lat' dir='ltr'><strong>quae</strong></span> <span class='ocrx_word' id='word_1_465' title='bbox 2659 3277 2870 3349; x_wconf 87' lang='lat' dir='ltr'><strong>incipit,</strong></span> <span class='ocrx_word' id='word_1_466' title='bbox 2909 3299 2927 3332; x_wconf 84' lang='grc' dir='ltr'><strong>ι</strong></span> <span class='ocrx_word' id='word_1_467' title='bbox 2953 3280 3053 3345; x_wconf 86' lang='lat' dir='ltr'><strong>Qui</strong></span> <span class='ocrx_word' id='word_1_468' title='bbox 3082 3281 3347 3335; x_wconf 88' lang='lat' dir='ltr'><strong>malitiose</strong></span> <span class='ocrx_word' id='word_1_469' title='bbox 3372 3281 3460 3334; x_wconf 88' lang='lat' dir='ltr'><strong>di-</strong></span> 
     </span>
    </p>
   </div>
   <div class='ocr_carea' id='block_1_65' title="bbox 191 3348 1771 3442">
    <p class='ocr_par' dir='ltr' id='par_1_65' title="bbox 191 3369 1771 3442">
     <span class='ocr_line' id='line_1_65' title="bbox 191 3369 1771 3442; baseline -0.001 -19"><span class='ocrx_word' id='word_1_470' title='bbox 191 3375 295 3434; x_wconf 82' lang='grc' dir='ltr'><strong>τάς</strong></span> <span class='ocrx_word' id='word_1_471' title='bbox 325 3370 474 3434; x_wconf 86' lang='grc' dir='ltr'>θείας</span> <span class='ocrx_word' id='word_1_472' title='bbox 495 3371 716 3441; x_wconf 63' lang='grc' dir='ltr'>Γραφὰς</span> <span class='ocrx_word' id='word_1_473' title='bbox 746 3370 1057 3440; x_wconf 85' lang='grc' dir='ltr'>βουλόμενοι</span> <span class='ocrx_word' id='word_1_474' title='bbox 1081 3372 1238 3436; x_wconf 81' lang='grc' dir='ltr'>νοεῖν,</span> <span class='ocrx_word' id='word_1_475' title='bbox 1269 3388 1287 3422; x_wconf 75' lang='grc' dir='ltr'><strong>ι</strong></span> <span class='ocrx_word' id='word_1_476' title='bbox 1312 3370 1477 3442; x_wconf 84' lang='grc' dir='ltr'>φησίν</span> <span class='ocrx_word' id='word_1_477' title='bbox 1500 3387 1513 3401; x_wconf 80' lang='grc' dir='ltr'><strong>ο</strong></span> <span class='ocrx_word' id='word_1_478' title='bbox 1546 3388 1564 3421; x_wconf 83' lang='grc' dir='ltr'><strong>ι</strong></span> <span class='ocrx_word' id='word_1_479' title='bbox 1597 3369 1771 3434; x_wconf 62' lang='grc' dir='ltr'>Αὐτὸς</span> 
     </span>
    </p>
   </div>
   <div class='ocr_carea' id='block_1_66' title="bbox 1877 3348 3460 3442">
    <p class='ocr_par' dir='ltr' id='par_1_66' title="bbox 1882 3348 3460 3442">
     <span class='ocr_line' id='line_1_66' title="bbox 1882 3348 3460 3442; baseline 0.007 -26"><span class='ocrx_word' id='word_1_480' title='bbox 1882 3363 2036 3419; x_wconf 85' lang='lat' dir='ltr'><strong>vinas</strong></span> <span class='ocrx_word' id='word_1_481' title='bbox 2068 3363 2388 3436; x_wconf 87' lang='lat' dir='ltr'><strong>Scripturas</strong></span> <span class='ocrx_word' id='word_1_482' title='bbox 2416 3369 2613 3423; x_wconf 78' lang='lat' dir='ltr'><strong>volunt</strong></span> <span class='ocrx_word' id='word_1_483' title='bbox 2643 3348 2962 3440; x_wconf 80' lang='lat' dir='ltr'><strong>intelligere,</strong></span> <span class='ocrx_word' id='word_1_484' title='bbox 2988 3389 3006 3422; x_wconf 83' lang='grc'><strong>›</strong></span> <span class='ocrx_word' id='word_1_485' title='bbox 3026 3371 3217 3428; x_wconf 83' lang='lat' dir='ltr'><strong>scribit</strong></span> <span class='ocrx_word' id='word_1_486' title='bbox 3247 3389 3259 3424; x_wconf 90' lang='lat'><strong>:</strong></span> <span class='ocrx_word' id='word_1_487' title='bbox 3291 3389 3310 3423; x_wconf 83' lang='grc' dir='ltr'><strong>ι</strong></span> <span class='ocrx_word' id='word_1_488' title='bbox 3341 3371 3460 3442; x_wconf 88' lang='lat' dir='ltr'><strong>Ipse</strong></span> 
     </span>
    </p>
   </div>
   <div class='ocr_carea' id='block_1_67' title="bbox 196 3461 1772 3534">
    <p class='ocr_par' dir='ltr' id='par_1_67' title="bbox 196 3461 1772 3534">
     <span class='ocr_line' id='line_1_67' title="bbox 196 3461 1772 3534; baseline -0.003 -18"><span class='ocrx_word' id='word_1_489' title='bbox 196 3467 313 3534; x_wconf 72' lang='grc' dir='ltr'><strong>γὰρ</strong></span> <span class='ocrx_word' id='word_1_490' title='bbox 339 3463 470 3516; x_wconf 84' lang='grc' dir='ltr'>αὐτὸ</span> <span class='ocrx_word' id='word_1_491' title='bbox 494 3462 701 3515; x_wconf 85' lang='grc' dir='ltr'>ἀνωθεν</span> <span class='ocrx_word' id='word_1_492' title='bbox 735 3461 986 3528; x_wconf 75' lang='grc' dir='ltr'>ἔπεμπεν</span> <span class='ocrx_word' id='word_1_493' title='bbox 1018 3462 1093 3524; x_wconf 83' lang='grc' dir='ltr'>ὡς</span> <span class='ocrx_word' id='word_1_494' title='bbox 1127 3461 1279 3524; x_wconf 85' lang='grc' dir='ltr'>Θεδς,</span> <span class='ocrx_word' id='word_1_495' title='bbox 1320 3462 1412 3513; x_wconf 69' lang='grc' dir='ltr'>καὶ</span> <span class='ocrx_word' id='word_1_496' title='bbox 1438 3461 1601 3523; x_wconf 85' lang='grc' dir='ltr'>αὐτὸς</span> <span class='ocrx_word' id='word_1_497' title='bbox 1639 3462 1772 3514; x_wconf 74' lang='grc' dir='ltr'>αὐτὸ</span> 
     </span>
    </p>
   </div>
   <div class='ocr_carea' id='block_1_68' title="bbox 195 3551 1771 3624">
    <p class='ocr_par' dir='ltr' id='par_1_68' title="bbox 195 3551 1771 3624">
     <span class='ocr_line' id='line_1_68' title="bbox 195 3551 1771 3624; baseline -0.004 -14"><span class='ocrx_word' id='word_1_498' title='bbox 195 3553 447 3610; x_wconf 74' lang='grc' dir='ltr'>κάτωθεν</span> <span class='ocrx_word' id='word_1_499' title='bbox 471 3555 762 3622; x_wconf 80' lang='grc' dir='ltr'>ὑπεδέχετο</span> <span class='ocrx_word' id='word_1_500' title='bbox 792 3555 866 3616; x_wconf 84' lang='grc' dir='ltr'>ὡς</span> <span class='ocrx_word' id='word_1_501' title='bbox 907 3553 1004 3610; x_wconf 84' lang='grc' dir='ltr'><strong>ἀνθ</strong></span> <span class='ocrx_word' id='word_1_502' title='bbox 1017 3570 1221 3624; x_wconf 82' lang='grc' dir='ltr'>ρωπος.</span> <span class='ocrx_word' id='word_1_503' title='bbox 1265 3551 1356 3617; x_wconf 79' lang='grc' dir='ltr'>Ἐξ</span> <span class='ocrx_word' id='word_1_504' title='bbox 1381 3551 1547 3605; x_wconf 83' lang='grc' dir='ltr'>αὐτοῦ</span> <span class='ocrx_word' id='word_1_505' title='bbox 1579 3552 1670 3604; x_wconf 80' lang='grc' dir='ltr'>οὖν</span> <span class='ocrx_word' id='word_1_506' title='bbox 1693 3556 1771 3613; x_wconf 86' lang='grc' dir='ltr'><strong>εἰς</strong></span> 
     </span>
    </p>
   </div>
   <div class='ocr_carea' id='block_1_69' title="bbox 193 3643 1773 3718">
    <p class='ocr_par' dir='ltr' id='par_1_69' title="bbox 193 3643 1773 3718">
     <span class='ocr_line' id='line_1_69' title="bbox 193 3643 1773 3718; baseline -0.004 -16"><span class='ocrx_word' id='word_1_507' title='bbox 193 3649 362 3711; x_wconf 78' lang='grc' dir='ltr'>αὐτὸν</span> <span class='ocrx_word' id='word_1_508' title='bbox 389 3648 603 3718; x_wconf 78' lang='grc' dir='ltr'>κατῄει,</span> <span class='ocrx_word' id='word_1_509' title='bbox 622 3649 686 3699; x_wconf 81' lang='grc' dir='ltr'>ὲκ</span> <span class='ocrx_word' id='word_1_510' title='bbox 708 3647 806 3716; x_wconf 82' lang='grc' dir='ltr'>τῆς</span> <span class='ocrx_word' id='word_1_511' title='bbox 841 3645 1096 3714; x_wconf 80' lang='grc' dir='ltr'><strong>θεότητος</strong></span> <span class='ocrx_word' id='word_1_512' title='bbox 1124 3643 1290 3697; x_wconf 86' lang='grc' dir='ltr'>αὐτοῦ</span> <span class='ocrx_word' id='word_1_513' title='bbox 1323 3647 1402 3706; x_wconf 86' lang='grc' dir='ltr'><strong>είς</strong></span> <span class='ocrx_word' id='word_1_514' title='bbox 1434 3645 1530 3714; x_wconf 78' lang='grc' dir='ltr'>τὴν</span> <span class='ocrx_word' id='word_1_515' title='bbox 1563 3644 1773 3714; x_wconf 87' lang='grc' dir='ltr'>ἀνθρω-</span> 
     </span>
    </p>
   </div>
   <div class='ocr_carea' id='block_1_70' title="bbox 196 3739 683 3811">
    <p class='ocr_par' dir='ltr' id='par_1_70' title="bbox 196 3739 683 3811">
     <span class='ocr_line' id='line_1_70' title="bbox 196 3739 683 3811; baseline -0.008 -16"><span class='ocrx_word' id='word_1_516' title='bbox 196 3743 412 3811; x_wconf 80' lang='grc' dir='ltr'>πότητα</span> <span class='ocrx_word' id='word_1_517' title='bbox 443 3739 628 3794; x_wconf 83' lang='grc' dir='ltr'>αὐτοῦ.</span> <span class='ocrx_word' id='word_1_518' title='bbox 664 3759 683 3792; x_wconf 76' lang='grc' dir='ltr'><strong>ι</strong></span> 
     </span>
    </p>
   </div>
   <div class='ocr_carea' id='block_1_71' title="bbox 281 3822 1767 3904">
    <p class='ocr_par' dir='ltr' id='par_1_71' title="bbox 281 3822 1767 3904">
     <span class='ocr_line' id='line_1_71' title="bbox 281 3822 1767 3904; baseline 0.005 -18"><span class='ocrx_word' id='word_1_519' title='bbox 281 3835 343 3887; x_wconf 87' lang='lat'><strong>&#39;0</strong></span> <span class='ocrx_word' id='word_1_520' title='bbox 384 3834 547 3896; x_wconf 82' lang='grc' dir='ltr'>αὐτὸς</span> <span class='ocrx_word' id='word_1_521' title='bbox 567 3834 625 3886; x_wconf 74' lang='grc' dir='ltr'>ὲν</span> <span class='ocrx_word' id='word_1_522' title='bbox 651 3832 890 3904; x_wconf 76' lang='grc' dir='ltr'>τῷπρδς</span> <span class='ocrx_word' id='word_1_523' title='bbox 912 3831 1212 3902; x_wconf 74' lang='grc' dir='ltr'>Ἀντιοχεῖς</span> <span class='ocrx_word' id='word_1_524' title='bbox 1242 3831 1415 3900; x_wconf 56' lang='grc' dir='ltr'>τόμῳί</span> <span class='ocrx_word' id='word_1_525' title='bbox 1449 3822 1508 3883; x_wconf 70' lang='grc' dir='ltr'><strong>οὗ</strong></span> <span class='ocrx_word' id='word_1_526' title='bbox 1546 3832 1579 3900; x_wconf 81' lang='grc' dir='ltr'><strong>ἠ</strong></span> <span class='ocrx_word' id='word_1_527' title='bbox 1605 3830 1767 3901; x_wconf 72' lang='grc' dir='ltr'>ἀρχὴν</span> 
     </span>
    </p>
   </div>
   <div class='ocr_carea' id='block_1_72' title="bbox 203 3922 1769 3996">
    <p class='ocr_par' dir='ltr' id='par_1_72' title="bbox 203 3922 1769 3996">
     <span class='ocr_line' id='line_1_72' title="bbox 203 3922 1769 3996; baseline -0.004 -17"><span class='ocrx_word' id='word_1_528' title='bbox 203 3946 221 3977; x_wconf 78' lang='grc' dir='ltr'><strong>ι</strong></span> <span class='ocrx_word' id='word_1_529' title='bbox 264 3926 392 3988; x_wconf 83' lang='grc' dir='ltr'><strong>Τοῖς</strong></span> <span class='ocrx_word' id='word_1_530' title='bbox 417 3927 727 3996; x_wconf 73' lang='grc' dir='ltr'>ἀγαπητοῖς</span> <span class='ocrx_word' id='word_1_531' title='bbox 753 3925 849 3980; x_wconf 80' lang='grc' dir='ltr'>καὶ</span> <span class='ocrx_word' id='word_1_532' title='bbox 877 3923 1286 3988; x_wconf 85' lang='grc' dir='ltr'>ποθεινοτάτοις</span> <span class='ocrx_word' id='word_1_533' title='bbox 1317 3922 1568 3990; x_wconf 76' lang='grc' dir='ltr'>ἀδελφοῖς</span> <span class='ocrx_word' id='word_1_534' title='bbox 1604 3923 1769 3977; x_wconf 81' lang='grc' dir='ltr'>Εὐσε-</span> 
     </span>
    </p>
   </div>
   <div class='ocr_carea' id='block_1_73' title="bbox 198 4012 1772 4086">
    <p class='ocr_par' dir='ltr' id='par_1_73' title="bbox 198 4012 1772 4086">
     <span class='ocr_line' id='line_1_73' title="bbox 198 4012 1772 4086; baseline -0.004 -16"><span class='ocrx_word' id='word_1_535' title='bbox 198 4017 299 4086; x_wconf 82' lang='grc' dir='ltr'><strong>ϐίῳ</strong></span> <span class='ocrx_word' id='word_1_536' title='bbox 332 4017 428 4071; x_wconf 76' lang='grc' dir='ltr'>καὶ</span> <span class='ocrx_word' id='word_1_537' title='bbox 450 4014 799 4086; x_wconf 72' lang='grc' dir='ltr'>Δουκιφίρῳ,</span> <span class='ocrx_word' id='word_1_538' title='bbox 844 4033 863 4066; x_wconf 75' lang='grc' dir='ltr'><strong>ι</strong></span> <span class='ocrx_word' id='word_1_539' title='bbox 904 4015 1071 4086; x_wconf 82' lang='grc' dir='ltr'>φησίν</span> <span class='ocrx_word' id='word_1_540' title='bbox 1099 4030 1112 4044; x_wconf 81' lang='grc'><em>’</em></span> <span class='ocrx_word' id='word_1_541' title='bbox 1153 4031 1170 4065; x_wconf 86' lang='grc' dir='ltr'><strong>ι</strong></span> <span class='ocrx_word' id='word_1_542' title='bbox 1213 4016 1304 4066; x_wconf 82' lang='grc' dir='ltr'><strong>Δεῖ</strong></span> <span class='ocrx_word' id='word_1_543' title='bbox 1349 4013 1406 4065; x_wconf 81' lang='grc' dir='ltr'>δὲ</span> <span class='ocrx_word' id='word_1_544' title='bbox 1441 4012 1772 4084; x_wconf 79' lang='grc' dir='ltr'>ἀναθεματί-</span> 
     </span>
    </p>
   </div>
   <div class='ocr_carea' id='block_1_74' title="bbox 200 4103 1770 4180">
    <p class='ocr_par' dir='ltr' id='par_1_74' title="bbox 200 4103 1770 4180">
     <span class='ocr_line' id='line_1_74' title="bbox 200 4103 1770 4180; baseline -0.005 -13"><span class='ocrx_word' id='word_1_545' title='bbox 200 4111 313 4167; x_wconf 70' lang='grc' dir='ltr'>ζειν</span> <span class='ocrx_word' id='word_1_546' title='bbox 345 4109 437 4165; x_wconf 81' lang='grc' dir='ltr'>καὶ</span> <span class='ocrx_word' id='word_1_547' title='bbox 466 4112 594 4175; x_wconf 84' lang='grc' dir='ltr'>τοὺς</span> <span class='ocrx_word' id='word_1_548' title='bbox 617 4110 875 4180; x_wconf 25' lang='grc' dir='ltr'>λιγηοντας</span> <span class='ocrx_word' id='word_1_549' title='bbox 915 4109 1122 4178; x_wconf 81' lang='grc' dir='ltr'>κτίσμα</span> <span class='ocrx_word' id='word_1_550' title='bbox 1173 4103 1314 4160; x_wconf 76' lang='grc' dir='ltr'>εἶναι</span> <span class='ocrx_word' id='word_1_551' title='bbox 1349 4108 1409 4160; x_wconf 83' lang='grc' dir='ltr'>τὸ</span> <span class='ocrx_word' id='word_1_552' title='bbox 1445 4105 1671 4176; x_wconf 87' lang='grc' dir='ltr'>Πνεῦμα</span> <span class='ocrx_word' id='word_1_553' title='bbox 1711 4107 1770 4159; x_wconf 82' lang='grc' dir='ltr'>τὸ</span> 
     </span>
    </p>
   </div>
   <div class='ocr_carea' id='block_1_75' title="bbox 200 4183 1764 4274">
    <p class='ocr_par' dir='ltr' id='par_1_75' title="bbox 200 4183 1764 4274">
     <span class='ocr_line' id='line_1_75' title="bbox 200 4183 1764 4274; baseline -0.004 -17"><span class='ocrx_word' id='word_1_554' title='bbox 200 4203 380 4272; x_wconf 70' lang='grc' dir='ltr'>ἅγιον,</span> <span class='ocrx_word' id='word_1_555' title='bbox 417 4204 513 4260; x_wconf 70' lang='grc' dir='ltr'><strong>καὶ</strong></span> <span class='ocrx_word' id='word_1_556' title='bbox 530 4183 866 4274; x_wconf 76' lang='grc' dir='ltr'>διῃρημένον</span> <span class='ocrx_word' id='word_1_557' title='bbox 894 4203 957 4254; x_wconf 73' lang='lat' dir='ltr'><strong><em>lx</em></strong></span> <span class='ocrx_word' id='word_1_558' title='bbox 986 4202 1086 4271; x_wconf 79' lang='grc' dir='ltr'>τῆς</span> <span class='ocrx_word' id='word_1_559' title='bbox 1111 4201 1296 4264; x_wconf 80' lang='grc' dir='ltr'>οὐσίας</span> <span class='ocrx_word' id='word_1_560' title='bbox 1329 4199 1422 4253; x_wconf 88' lang='grc' dir='ltr'><strong>τοῦ</strong></span> <span class='ocrx_word' id='word_1_561' title='bbox 1454 4200 1713 4269; x_wconf 81' lang='grc' dir='ltr'>Χριστοῦ.</span> <span class='ocrx_word' id='word_1_562' title='bbox 1747 4219 1764 4250; x_wconf 73' lang='grc' dir='ltr'><strong>ι</strong></span> 
     </span>
    </p>
   </div>
   <div class='ocr_carea' id='block_1_76' title="bbox 282 4291 1771 4368">
    <p class='ocr_par' dir='ltr' id='par_1_76' title="bbox 282 4291 1771 4368">
     <span class='ocr_line' id='line_1_76' title="bbox 282 4291 1771 4368; baseline -0.004 -18"><span class='ocrx_word' id='word_1_563' title='bbox 282 4297 767 4368; x_wconf 78' lang='grc' dir='ltr'>ὈοΧρυσόστομος</span> <span class='ocrx_word' id='word_1_564' title='bbox 792 4297 851 4366; x_wconf 73' lang='grc' dir='ltr'>ὲν</span> <span class='ocrx_word' id='word_1_565' title='bbox 884 4293 962 4363; x_wconf 79' lang='grc' dir='ltr'>τῷ</span> <span class='ocrx_word' id='word_1_566' title='bbox 999 4294 1144 4360; x_wconf 83' lang='grc' dir='ltr'><strong>λόγῳ</strong></span> <span class='ocrx_word' id='word_1_567' title='bbox 1175 4297 1252 4355; x_wconf 82' lang='grc' dir='ltr'><strong>είς</strong></span> <span class='ocrx_word' id='word_1_568' title='bbox 1282 4294 1378 4364; x_wconf 76' lang='grc' dir='ltr'>τὴν</span> <span class='ocrx_word' id='word_1_569' title='bbox 1419 4291 1771 4363; x_wconf 80' lang='grc' dir='ltr'>ὲνανθρώπη·</span> 
     </span>
    </p>
   </div>
   <div class='ocr_carea' id='block_1_77' title="bbox 204 4383 1768 4459">
    <p class='ocr_par' dir='ltr' id='par_1_77' title="bbox 204 4383 1768 4459">
     <span class='ocr_line' id='line_1_77' title="bbox 204 4383 1768 4459; baseline -0.005 -16"><span class='ocrx_word' id='word_1_570' title='bbox 204 4409 285 4446; x_wconf 76' lang='grc' dir='ltr'><strong>σιν</strong></span> <span class='ocrx_word' id='word_1_571' title='bbox 308 4390 403 4442; x_wconf 85' lang='grc' dir='ltr'><strong>τοῦ</strong></span> <span class='ocrx_word' id='word_1_572' title='bbox 434 4389 644 4459; x_wconf 82' lang='grc' dir='ltr'>Κυρίου</span> <span class='ocrx_word' id='word_1_573' title='bbox 683 4385 841 4458; x_wconf 85' lang='grc' dir='ltr'>ἡμῶν</span> <span class='ocrx_word' id='word_1_574' title='bbox 894 4387 1070 4458; x_wconf 84' lang='grc' dir='ltr'>Ἰησοῦ</span> <span class='ocrx_word' id='word_1_575' title='bbox 1114 4385 1387 4456; x_wconf 70' lang='grc' dir='ltr'>Χριστοῦ,</span> <span class='ocrx_word' id='word_1_576' title='bbox 1410 4385 1502 4437; x_wconf 75' lang='grc' dir='ltr'>καὶ</span> <span class='ocrx_word' id='word_1_577' title='bbox 1554 4385 1637 4445; x_wconf 85' lang='grc' dir='ltr'><strong>είς</strong></span> <span class='ocrx_word' id='word_1_578' title='bbox 1687 4383 1768 4442; x_wconf 70' lang='grc' dir='ltr'>τὸ.</span> 
     </span>
    </p>
   </div>
   <div class='ocr_carea' id='block_1_78' title="bbox 207 4468 1770 4552">
    <p class='ocr_par' dir='ltr' id='par_1_78' title="bbox 207 4468 1770 4552">
     <span class='ocr_line' id='line_1_78' title="bbox 207 4468 1770 4552; baseline -0.006 -16"><span class='ocrx_word' id='word_1_579' title='bbox 207 4505 224 4536; x_wconf 84' lang='grc' dir='ltr'><strong>ι</strong></span> <span class='ocrx_word' id='word_1_580' title='bbox 273 4485 528 4552; x_wconf 72' lang='grc' dir='ltr'>Ἐκάστῳ</span> <span class='ocrx_word' id='word_1_581' title='bbox 553 4479 779 4551; x_wconf 82' lang='grc' dir='ltr'>κλίματι</span> <span class='ocrx_word' id='word_1_582' title='bbox 830 4479 1258 4548; x_wconf 72' lang='grc' dir='ltr'>ἐφειστήκεισαν</span> <span class='ocrx_word' id='word_1_583' title='bbox 1302 4476 1550 4544; x_wconf 74' lang='grc' dir='ltr'>ἄγγελοι,</span> <span class='ocrx_word' id='word_1_584' title='bbox 1596 4490 1614 4527; x_wconf 72' lang='grc' dir='ltr'><strong>ι</strong></span> <span class='ocrx_word' id='word_1_585' title='bbox 1646 4468 1706 4528; x_wconf 80' lang='grc' dir='ltr'><strong>οὗ</strong></span> <span class='ocrx_word' id='word_1_586' title='bbox 1738 4477 1770 4541; x_wconf 76' lang='grc' dir='ltr'>ἡ</span> 
     </span>
    </p>
   </div>
   <div class='ocr_carea' id='block_1_79' title="bbox 201 4561 1763 4646">
    <p class='ocr_par' dir='ltr' id='par_1_79' title="bbox 201 4561 1763 4646">
     <span class='ocr_line' id='line_1_79' title="bbox 201 4561 1763 4646; baseline -0.01 -18"><span class='ocrx_word' id='word_1_587' title='bbox 201 4575 343 4646; x_wconf 77' lang='grc' dir='ltr'>ἀρχὴ</span> <span class='ocrx_word' id='word_1_588' title='bbox 369 4613 384 4637; x_wconf 87' lang='grc'><strong>,</strong></span> <span class='ocrx_word' id='word_1_589' title='bbox 419 4593 436 4624; x_wconf 87' lang='grc' dir='ltr'><strong>ι</strong></span> <span class='ocrx_word' id='word_1_590' title='bbox 479 4574 689 4635; x_wconf 84' lang='grc' dir='ltr'>Ὄντως</span> <span class='ocrx_word' id='word_1_591' title='bbox 716 4571 964 4639; x_wconf 65' lang='grc' dir='ltr'>ἐπεφάνη</span> <span class='ocrx_word' id='word_1_592' title='bbox 1001 4569 1134 4637; x_wconf 79' lang='grc' dir='ltr'>ἡμῖν</span> <span class='ocrx_word' id='word_1_593' title='bbox 1164 4569 1196 4638; x_wconf 82' lang='grc' dir='ltr'>ἡ</span> <span class='ocrx_word' id='word_1_594' title='bbox 1226 4567 1318 4620; x_wconf 90' lang='grc' dir='ltr'><strong>τοῦ</strong></span> <span class='ocrx_word' id='word_1_595' title='bbox 1355 4561 1498 4620; x_wconf 75' lang='grc' dir='ltr'>Θεοῦ</span> <span class='ocrx_word' id='word_1_596' title='bbox 1529 4567 1711 4637; x_wconf 80' lang='grc' dir='ltr'>χάρις,</span> <span class='ocrx_word' id='word_1_597' title='bbox 1731 4582 1763 4631; x_wconf 19' lang='grc' dir='ltr'><strong>,ι</strong></span> 
     </span>
    </p>
   </div>
   <div class='ocr_carea' id='block_1_80' title="bbox 1876 3459 3460 3536">
    <p class='ocr_par' dir='ltr' id='par_1_80' title="bbox 1876 3459 3460 3536">
     <span class='ocr_line' id='line_1_80' title="bbox 1876 3459 3460 3536; baseline 0.006 -26"><span class='ocrx_word' id='word_1_598' title='bbox 1876 3459 2019 3511; x_wconf 89' lang='lat' dir='ltr'><strong>enim</strong></span> <span class='ocrx_word' id='word_1_599' title='bbox 2059 3459 2207 3513; x_wconf 91' lang='lat' dir='ltr'><strong>illum</strong></span> <span class='ocrx_word' id='word_1_600' title='bbox 2233 3459 2469 3530; x_wconf 87' lang='lat' dir='ltr'><strong>desuper</strong></span> <span class='ocrx_word' id='word_1_601' title='bbox 2515 3463 2784 3523; x_wconf 84' lang='lat' dir='ltr'><strong>mittebat,</strong></span> <span class='ocrx_word' id='word_1_602' title='bbox 2830 3472 2887 3518; x_wconf 93' lang='lat' dir='ltr'><strong>ut</strong></span> <span class='ocrx_word' id='word_1_603' title='bbox 2926 3463 3102 3530; x_wconf 89' lang='lat' dir='ltr'><strong>Dens;</strong></span> <span class='ocrx_word' id='word_1_604' title='bbox 3139 3473 3193 3519; x_wconf 89' lang='lat' dir='ltr'><strong>et</strong></span> <span class='ocrx_word' id='word_1_605' title='bbox 3251 3463 3366 3536; x_wconf 88' lang='lat' dir='ltr'><strong>ipse</strong></span> <span class='ocrx_word' id='word_1_606' title='bbox 3399 3467 3460 3519; x_wconf 89' lang='lat' dir='ltr'><strong>il-</strong></span> 
     </span>
    </p>
   </div>
   <div class='ocr_carea' id='block_1_81' title="bbox 1875 3549 3457 3624">
    <p class='ocr_par' dir='ltr' id='par_1_81' title="bbox 1875 3549 3457 3624">
     <span class='ocr_line' id='line_1_81' title="bbox 1875 3549 3457 3624; baseline 0.006 -24"><span class='ocrx_word' id='word_1_607' title='bbox 1875 3549 1985 3601; x_wconf 89' lang='lat' dir='ltr'><strong>lum</strong></span> <span class='ocrx_word' id='word_1_608' title='bbox 2015 3549 2066 3602; x_wconf 92' lang='lat' dir='ltr'><strong>in</strong></span> <span class='ocrx_word' id='word_1_609' title='bbox 2103 3551 2212 3603; x_wconf 86' lang='lat' dir='ltr'><strong>into</strong></span> <span class='ocrx_word' id='word_1_610' title='bbox 2241 3553 2564 3621; x_wconf 80' lang='lat' dir='ltr'><strong>accipiebat,</strong></span> <span class='ocrx_word' id='word_1_611' title='bbox 2601 3565 2657 3607; x_wconf 89' lang='lat' dir='ltr'><strong>ut</strong></span> <span class='ocrx_word' id='word_1_612' title='bbox 2687 3555 2871 3618; x_wconf 91' lang='lat' dir='ltr'><strong>homo,</strong></span> <span class='ocrx_word' id='word_1_613' title='bbox 2929 3553 3000 3607; x_wconf 81' lang='lat' dir='ltr'><strong>Ex</strong></span> <span class='ocrx_word' id='word_1_614' title='bbox 3040 3555 3157 3623; x_wconf 87' lang='lat' dir='ltr'><strong>ipso</strong></span> <span class='ocrx_word' id='word_1_615' title='bbox 3193 3557 3374 3624; x_wconf 88' lang='lat' dir='ltr'><strong>itaque</strong></span> <span class='ocrx_word' id='word_1_616' title='bbox 3405 3557 3457 3610; x_wconf 91' lang='lat' dir='ltr'><strong>in</strong></span> 
     </span>
    </p>
   </div>
   <div class='ocr_carea' id='block_1_82' title="bbox 1874 3641 3461 3712">
    <p class='ocr_par' dir='ltr' id='par_1_82' title="bbox 1874 3641 3461 3712">
     <span class='ocr_line' id='line_1_82' title="bbox 1874 3641 3461 3712; baseline 0.006 -20"><span class='ocrx_word' id='word_1_617' title='bbox 1874 3641 2053 3708; x_wconf 85' lang='lat' dir='ltr'><strong>ipsum</strong></span> <span class='ocrx_word' id='word_1_618' title='bbox 2090 3641 2478 3709; x_wconf 70' lang='lat' dir='ltr'><strong>descendebat,</strong></span> <span class='ocrx_word' id='word_1_619' title='bbox 2521 3659 2585 3698; x_wconf 78' lang='lat' dir='ltr'><strong>ex</strong></span> <span class='ocrx_word' id='word_1_620' title='bbox 2618 3645 2904 3700; x_wconf 79' lang='lat' dir='ltr'><strong>divinitate</strong></span> <span class='ocrx_word' id='word_1_621' title='bbox 2930 3646 3102 3712; x_wconf 85' lang='lat' dir='ltr'><strong>ipsius</strong></span> <span class='ocrx_word' id='word_1_622' title='bbox 3125 3648 3177 3702; x_wconf 91' lang='lat' dir='ltr'><strong>in</strong></span> <span class='ocrx_word' id='word_1_623' title='bbox 3207 3649 3461 3701; x_wconf 83' lang='lat' dir='ltr'><strong>Immani-</strong></span> 
     </span>
    </p>
   </div>
   <div class='ocr_carea' id='block_1_83' title="bbox 1877 3732 2343 3797">
    <p class='ocr_par' dir='ltr' id='par_1_83' title="bbox 1877 3732 2343 3797">
     <span class='ocr_line' id='line_1_83' title="bbox 1877 3732 2343 3797; baseline 0.009 -15"><span class='ocrx_word' id='word_1_624' title='bbox 1877 3734 2036 3784; x_wconf 87' lang='lat' dir='ltr'><strong>tatem</strong></span> <span class='ocrx_word' id='word_1_625' title='bbox 2071 3732 2262 3797; x_wconf 80' lang='lat' dir='ltr'><strong>ipsius.</strong></span> <span class='ocrx_word' id='word_1_626' title='bbox 2305 3741 2343 3786; x_wconf 61' lang='grc' dir='ltr'><strong>ι</strong></span> 
     </span>
    </p>
   </div>
   <div class='ocr_carea' id='block_1_84' title="bbox 1944 3821 3459 3897">
    <p class='ocr_par' dir='ltr' id='par_1_84' title="bbox 1944 3821 3459 3897">
     <span class='ocr_line' id='line_1_84' title="bbox 1944 3821 3459 3897; baseline 0.009 -24"><span class='ocrx_word' id='word_1_627' title='bbox 1944 3821 2092 3876; x_wconf 91' lang='lat' dir='ltr'><strong>Idem</strong></span> <span class='ocrx_word' id='word_1_628' title='bbox 2127 3833 2274 3879; x_wconf 85' lang='lat' dir='ltr'><strong>lOIIlO</strong></span> <span class='ocrx_word' id='word_1_629' title='bbox 2306 3827 2372 3882; x_wconf 86' lang='lat' dir='ltr'><strong>ad</strong></span> <span class='ocrx_word' id='word_1_630' title='bbox 2407 3823 2800 3890; x_wconf 84' lang='lat' dir='ltr'><strong>Antiocltenos,</strong></span> <span class='ocrx_word' id='word_1_631' title='bbox 2834 3827 2926 3897; x_wconf 91' lang='lat' dir='ltr'><strong>qui</strong></span> <span class='ocrx_word' id='word_1_632' title='bbox 2967 3828 3156 3896; x_wconf 83' lang='lat' dir='ltr'><strong>incipit</strong></span> <span class='ocrx_word' id='word_1_633' title='bbox 3192 3845 3206 3882; x_wconf 93' lang='lat'><strong>:</strong></span> <span class='ocrx_word' id='word_1_634' title='bbox 3251 3841 3269 3881; x_wconf 86' lang='grc' dir='ltr'><strong>ι</strong></span> <span class='ocrx_word' id='word_1_635' title='bbox 3315 3829 3459 3886; x_wconf 64' lang='lat' dir='ltr'><strong>Dile-</strong></span> 
     </span>
    </p>
   </div>
   <div class='ocr_carea' id='block_1_85' title="bbox 1875 3911 3461 3984">
    <p class='ocr_par' dir='ltr' id='par_1_85' title="bbox 1875 3911 3461 3984">
     <span class='ocr_line' id='line_1_85' title="bbox 1875 3911 3461 3984; baseline 0.008 -21"><span class='ocrx_word' id='word_1_636' title='bbox 1875 3911 1976 3965; x_wconf 88' lang='lat' dir='ltr'><strong>ctis</strong></span> <span class='ocrx_word' id='word_1_637' title='bbox 2005 3927 2068 3966; x_wconf 90' lang='lat' dir='ltr'><strong>ac</strong></span> <span class='ocrx_word' id='word_1_638' title='bbox 2104 3916 2588 3973; x_wconf 85' lang='lat' dir='ltr'><strong>desideratissimis</strong></span> <span class='ocrx_word' id='word_1_639' title='bbox 2620 3915 2906 3984; x_wconf 82' lang='lat' dir='ltr'><strong>fratribus,</strong></span> <span class='ocrx_word' id='word_1_640' title='bbox 2941 3918 3180 3974; x_wconf 85' lang='lat' dir='ltr'><strong>Eusebio</strong></span> <span class='ocrx_word' id='word_1_641' title='bbox 3209 3929 3264 3975; x_wconf 89' lang='lat' dir='ltr'><strong>et</strong></span> <span class='ocrx_word' id='word_1_642' title='bbox 3294 3919 3461 3982; x_wconf 85' lang='lat' dir='ltr'><strong>Luci-</strong></span> 
     </span>
    </p>
   </div>
   <div class='ocr_carea' id='block_1_86' title="bbox 1877 4000 3463 4081">
    <p class='ocr_par' dir='ltr' id='par_1_86' title="bbox 1877 4000 3463 4081">
     <span class='ocr_line' id='line_1_86' title="bbox 1877 4000 3463 4081; baseline 0.007 -28"><span class='ocrx_word' id='word_1_643' title='bbox 1877 4000 2012 4064; x_wconf 82' lang='lat' dir='ltr'><strong>fero,</strong></span> <span class='ocrx_word' id='word_1_644' title='bbox 2055 4018 2074 4052; x_wconf 72' lang='grc' dir='ltr'><strong>ι</strong></span> <span class='ocrx_word' id='word_1_645' title='bbox 2111 4003 2224 4058; x_wconf 83' lang='lat' dir='ltr'><strong>ait:</strong></span> <span class='ocrx_word' id='word_1_646' title='bbox 2266 4025 2284 4058; x_wconf 80' lang='grc' dir='ltr'><strong>ι</strong></span> <span class='ocrx_word' id='word_1_647' title='bbox 2322 4008 2833 4065; x_wconf 82' lang='lat' dir='ltr'><strong>Anathematizandi</strong></span> <span class='ocrx_word' id='word_1_648' title='bbox 2858 4023 3021 4078; x_wconf 89' lang='lat' dir='ltr'><strong>porro</strong></span> <span class='ocrx_word' id='word_1_649' title='bbox 3050 4019 3199 4074; x_wconf 88' lang='lat' dir='ltr'><strong>sunt.</strong></span> <span class='ocrx_word' id='word_1_650' title='bbox 3243 4012 3334 4081; x_wconf 93' lang='lat' dir='ltr'><strong>qui</strong></span> <span class='ocrx_word' id='word_1_651' title='bbox 3379 4015 3463 4067; x_wconf 78' lang='lat' dir='ltr'><strong>di.</strong></span> 
     </span>
    </p>
   </div>
   <div class='ocr_carea' id='block_1_87' title="bbox 1874 4101 3457 4175">
    <p class='ocr_par' dir='ltr' id='par_1_87' title="bbox 1874 4101 3457 4175">
     <span class='ocr_line' id='line_1_87' title="bbox 1874 4101 3457 4175; baseline 0.003 -23"><span class='ocrx_word' id='word_1_652' title='bbox 1874 4103 2005 4155; x_wconf 86' lang='lat' dir='ltr'><strong>cunt</strong></span> <span class='ocrx_word' id='word_1_653' title='bbox 2030 4108 2335 4156; x_wconf 88' lang='lat' dir='ltr'><strong>creaturam</strong></span> <span class='ocrx_word' id='word_1_654' title='bbox 2353 4116 2472 4156; x_wconf 90' lang='lat' dir='ltr'><strong>esse</strong></span> <span class='ocrx_word' id='word_1_655' title='bbox 2497 4101 2760 4169; x_wconf 90' lang='lat' dir='ltr'><strong>Spiritum</strong></span> <span class='ocrx_word' id='word_1_656' title='bbox 2778 4115 3050 4169; x_wconf 86' lang='lat' dir='ltr'><strong>sanctum,</strong></span> <span class='ocrx_word' id='word_1_657' title='bbox 3069 4111 3122 4158; x_wconf 85' lang='lat' dir='ltr'><strong>et</strong></span> <span class='ocrx_word' id='word_1_658' title='bbox 3143 4114 3457 4175; x_wconf 83' lang='lat' dir='ltr'><strong>separatum</strong></span> 
     </span>
    </p>
   </div>
   <div class='ocr_carea' id='block_1_88' title="bbox 1875 4195 2549 4252">
    <p class='ocr_par' dir='ltr' id='par_1_88' title="bbox 1875 4195 2549 4252">
     <span class='ocr_line' id='line_1_88' title="bbox 1875 4195 2549 4252; baseline -0.004 -4"><span class='ocrx_word' id='word_1_659' title='bbox 1875 4212 1903 4248; x_wconf 92' lang='lat' dir='ltr'><strong>a</strong></span> <span class='ocrx_word' id='word_1_660' title='bbox 1935 4197 2238 4252; x_wconf 84' lang='lat' dir='ltr'><strong>substantia</strong></span> <span class='ocrx_word' id='word_1_661' title='bbox 2271 4195 2498 4249; x_wconf 86' lang='lat' dir='ltr'><strong>Christi.</strong></span> <span class='ocrx_word' id='word_1_662' title='bbox 2531 4215 2549 4245; x_wconf 72' lang='grc' dir='ltr'><strong>ι</strong></span> 
     </span>
    </p>
   </div>
   <div class='ocr_carea' id='block_1_89' title="bbox 1947 4284 3454 4358">
    <p class='ocr_par' dir='ltr' id='par_1_89' title="bbox 1947 4284 3454 4358">
     <span class='ocr_line' id='line_1_89' title="bbox 1947 4284 3454 4358; baseline 0.005 -17"><span class='ocrx_word' id='word_1_663' title='bbox 1947 4288 2378 4358; x_wconf 81' lang='lat' dir='ltr'><strong>Chrysostomns</strong></span> <span class='ocrx_word' id='word_1_664' title='bbox 2403 4289 2651 4342; x_wconf 86' lang='lat' dir='ltr'><strong>oratione</strong></span> <span class='ocrx_word' id='word_1_665' title='bbox 2685 4289 2735 4342; x_wconf 91' lang='lat' dir='ltr'><strong>in</strong></span> <span class='ocrx_word' id='word_1_666' title='bbox 2776 4290 3212 4348; x_wconf 84' lang='lat' dir='ltr'><strong>Incarnationcm</strong></span> <span class='ocrx_word' id='word_1_667' title='bbox 3241 4284 3454 4353; x_wconf 80' lang='lat' dir='ltr'><strong>Damini</strong></span> 
     </span>
    </p>
   </div>
   <div class='ocr_carea' id='block_1_90' title="bbox 1878 4378 3458 4455">
    <p class='ocr_par' dir='ltr' id='par_1_90' title="bbox 1878 4378 3458 4455">
     <span class='ocr_line' id='line_1_90' title="bbox 1878 4378 3458 4455; baseline 0.008 -25"><span class='ocrx_word' id='word_1_668' title='bbox 1878 4379 2050 4431; x_wconf 83' lang='lat' dir='ltr'><strong>nostri</strong></span> <span class='ocrx_word' id='word_1_669' title='bbox 2083 4378 2209 4432; x_wconf 84' lang='lat' dir='ltr'><strong>Jesn</strong></span> <span class='ocrx_word' id='word_1_670' title='bbox 2245 4379 2473 4443; x_wconf 79' lang='lat' dir='ltr'><strong>Christi,</strong></span> <span class='ocrx_word' id='word_1_671' title='bbox 2516 4379 2645 4432; x_wconf 86' lang='lat' dir='ltr'><strong>etin</strong></span> <span class='ocrx_word' id='word_1_672' title='bbox 2675 4379 2832 4445; x_wconf 89' lang='lat' dir='ltr'><strong>illud,</strong></span> <span class='ocrx_word' id='word_1_673' title='bbox 2865 4398 2883 4433; x_wconf 83' lang='grc' dir='ltr'><strong>ι</strong></span> <span class='ocrx_word' id='word_1_674' title='bbox 2926 4381 2985 4436; x_wconf 90' lang='lat' dir='ltr'><strong>In</strong></span> <span class='ocrx_word' id='word_1_675' title='bbox 3019 4398 3351 4455; x_wconf 87' lang='lat' dir='ltr'><strong>quacunque</strong></span> <span class='ocrx_word' id='word_1_676' title='bbox 3377 4403 3458 4443; x_wconf 87' lang='lat' dir='ltr'><strong>re-</strong></span> 
     </span>
    </p>
   </div>
   <div class='ocr_carea' id='block_1_91' title="bbox 1874 4471 3456 4546">
    <p class='ocr_par' dir='ltr' id='par_1_91' title="bbox 1874 4471 3456 4546">
     <span class='ocr_line' id='line_1_91' title="bbox 1874 4471 3456 4546; baseline 0.007 -25"><span class='ocrx_word' id='word_1_677' title='bbox 1874 4471 2036 4540; x_wconf 76' lang='lat' dir='ltr'><strong>gione</strong></span> <span class='ocrx_word' id='word_1_678' title='bbox 2059 4472 2390 4526; x_wconf 70' lang='lat' dir='ltr'><strong>assistebant</strong></span> <span class='ocrx_word' id='word_1_679' title='bbox 2439 4471 2640 4540; x_wconf 75' lang='lat' dir='ltr'><strong>angeli,</strong></span> <span class='ocrx_word' id='word_1_680' title='bbox 2680 4489 2701 4524; x_wconf 77' lang='grc' dir='ltr'><strong>ι</strong></span> <span class='ocrx_word' id='word_1_681' title='bbox 2756 4471 2915 4542; x_wconf 82' lang='lat' dir='ltr'><strong>cujus</strong></span> <span class='ocrx_word' id='word_1_682' title='bbox 2946 4475 3275 4546; x_wconf 70' lang='lat' dir='ltr'><strong>principium</strong></span> <span class='ocrx_word' id='word_1_683' title='bbox 3333 4492 3456 4534; x_wconf 84' lang='lat' dir='ltr'><strong>est:</strong></span> 
     </span>
    </p>
   </div>
   <div class='ocr_carea' id='block_1_92' title="bbox 1880 4561 3460 4637">
    <p class='ocr_par' dir='ltr' id='par_1_92' title="bbox 1880 4561 3460 4637">
     <span class='ocr_line' id='line_1_92' title="bbox 1880 4561 3460 4637; baseline 0.009 -22"><span class='ocrx_word' id='word_1_684' title='bbox 1880 4582 1898 4615; x_wconf 82' lang='grc' dir='ltr'><strong>ι</strong></span> <span class='ocrx_word' id='word_1_685' title='bbox 1944 4561 2081 4618; x_wconf 78' lang='lat' dir='ltr'><strong>Vere</strong></span> <span class='ocrx_word' id='word_1_686' title='bbox 2113 4566 2363 4632; x_wconf 88' lang='lat' dir='ltr'><strong>apparuit</strong></span> <span class='ocrx_word' id='word_1_687' title='bbox 2405 4564 2564 4618; x_wconf 89' lang='lat' dir='ltr'><strong>nobis</strong></span> <span class='ocrx_word' id='word_1_688' title='bbox 2603 4563 2788 4620; x_wconf 83' lang='lat' dir='ltr'><strong>divina</strong></span> <span class='ocrx_word' id='word_1_689' title='bbox 2826 4568 3021 4637; x_wconf 79' lang='lat' dir='ltr'><strong>gratia,</strong></span> <span class='ocrx_word' id='word_1_690' title='bbox 3055 4581 3074 4620; x_wconf 67' lang='grc' dir='ltr'><strong>ι</strong></span> <span class='ocrx_word' id='word_1_691' title='bbox 3118 4569 3228 4635; x_wconf 87' lang='lat' dir='ltr'><strong>ait;</strong></span> <span class='ocrx_word' id='word_1_692' title='bbox 3265 4589 3284 4624; x_wconf 77' lang='grc' dir='ltr'><strong>ι</strong></span> <span class='ocrx_word' id='word_1_693' title='bbox 3322 4570 3460 4629; x_wconf 88' lang='lat' dir='ltr'><strong>Vere</strong></span> 
     </span>
    </p>
   </div>
   <div class='ocr_carea' id='block_1_93' title="bbox 201 4653 1771 4738">
    <p class='ocr_par' dir='ltr' id='par_1_93' title="bbox 201 4658 1768 4736">
     <span class='ocr_line' id='line_1_93' title="bbox 201 4658 1768 4736; baseline -0.004 -19"><span class='ocrx_word' id='word_1_694' title='bbox 201 4665 370 4736; x_wconf 69' lang='grc' dir='ltr'>φησίν</span> <span class='ocrx_word' id='word_1_695' title='bbox 393 4680 409 4694; x_wconf 74' lang='grc' dir='ltr'><strong><em>ο</em></strong></span> <span class='ocrx_word' id='word_1_696' title='bbox 447 4682 463 4715; x_wconf 82' lang='grc' dir='ltr'><strong>ι</strong></span> <span class='ocrx_word' id='word_1_697' title='bbox 504 4659 678 4716; x_wconf 84' lang='grc' dir='ltr'>Ἦλθε</span> <span class='ocrx_word' id='word_1_698' title='bbox 713 4658 952 4732; x_wconf 82' lang='grc' dir='ltr'>Χριστὸς</span> <span class='ocrx_word' id='word_1_699' title='bbox 986 4660 1094 4731; x_wconf 85' lang='grc' dir='ltr'>πρὸ</span> <span class='ocrx_word' id='word_1_700' title='bbox 1108 4679 1122 4721; x_wconf 85' lang='lat'>;</span> <span class='ocrx_word' id='word_1_701' title='bbox 1160 4661 1328 4730; x_wconf 77' lang='grc' dir='ltr'>ἡμᾶς.</span> <span class='ocrx_word' id='word_1_702' title='bbox 1356 4658 1600 4710; x_wconf 84' lang='grc' dir='ltr'>Ἔδωκεν</span> <span class='ocrx_word' id='word_1_703' title='bbox 1635 4659 1768 4726; x_wconf 81' lang='grc' dir='ltr'>ἡμῖν</span> 
     </span>
    </p>
   </div>
   <div class='ocr_carea' id='block_1_94' title="bbox 1877 4653 3457 4738">
    <p class='ocr_par' dir='ltr' id='par_1_94' title="bbox 1877 4653 3457 4730">
     <span class='ocr_line' id='line_1_94' title="bbox 1877 4653 3457 4730; baseline 0.007 -27"><span class='ocrx_word' id='word_1_704' title='bbox 1877 4654 2022 4708; x_wconf 82' lang='lat' dir='ltr'><strong>venit</strong></span> <span class='ocrx_word' id='word_1_705' title='bbox 2067 4653 2327 4716; x_wconf 83' lang='lat' dir='ltr'><strong>Christus</strong></span> <span class='ocrx_word' id='word_1_706' title='bbox 2378 4656 2442 4706; x_wconf 82' lang='lat' dir='ltr'><strong>ad</strong></span> <span class='ocrx_word' id='word_1_707' title='bbox 2475 4670 2594 4719; x_wconf 74' lang='lat' dir='ltr'><strong>nos,</strong></span> <span class='ocrx_word' id='word_1_708' title='bbox 2659 4654 2882 4710; x_wconf 86' lang='lat' dir='ltr'><strong>tradidit</strong></span> <span class='ocrx_word' id='word_1_709' title='bbox 2912 4657 3084 4722; x_wconf 89' lang='lat' dir='ltr'><strong>nobis,</strong></span> <span class='ocrx_word' id='word_1_710' title='bbox 3115 4659 3209 4728; x_wconf 90' lang='lat' dir='ltr'><strong>qui</strong></span> <span class='ocrx_word' id='word_1_711' title='bbox 3240 4676 3304 4715; x_wconf 81' lang='lat' dir='ltr'><strong>ex</strong></span> <span class='ocrx_word' id='word_1_712' title='bbox 3339 4663 3457 4730; x_wconf 85' lang='lat' dir='ltr'><strong>ipso</strong></span> 
     </span>
    </p>
   </div>
   <div class='ocr_carea' id='block_1_95' title="bbox 202 4747 1770 4821">
    <p class='ocr_par' dir='ltr' id='par_1_95' title="bbox 202 4747 1770 4821">
     <span class='ocr_line' id='line_1_95' title="bbox 202 4747 1770 4821; baseline -0.008 -12"><span class='ocrx_word' id='word_1_713' title='bbox 202 4757 262 4810; x_wconf 76' lang='grc' dir='ltr'>τὸ</span> <span class='ocrx_word' id='word_1_714' title='bbox 297 4754 359 4818; x_wconf 74' lang='grc' dir='ltr'>ἐξ</span> <span class='ocrx_word' id='word_1_715' title='bbox 381 4752 546 4808; x_wconf 86' lang='grc' dir='ltr'>αὐτοῦ</span> <span class='ocrx_word' id='word_1_716' title='bbox 600 4751 849 4821; x_wconf 85' lang='grc' dir='ltr'>Πνεῦμα,</span> <span class='ocrx_word' id='word_1_717' title='bbox 903 4751 998 4803; x_wconf 70' lang='grc' dir='ltr'>καὶ</span> <span class='ocrx_word' id='word_1_718' title='bbox 1050 4748 1345 4802; x_wconf 81' lang='grc' dir='ltr'>ἀνελάὅετο</span> <span class='ocrx_word' id='word_1_719' title='bbox 1393 4747 1453 4800; x_wconf 83' lang='grc' dir='ltr'>τὸ</span> <span class='ocrx_word' id='word_1_720' title='bbox 1501 4747 1770 4817; x_wconf 77' lang='grc' dir='ltr'>ἡμέτερον</span> 
     </span>
    </p>
   </div>
   <div class='ocr_carea' id='block_1_96' title="bbox 202 4848 1068 4917">
    <p class='ocr_par' dir='ltr' id='par_1_96' title="bbox 202 4848 1068 4917">
     <span class='ocr_line' id='line_1_96' title="bbox 202 4848 1068 4917; baseline -0.003 -17"><span class='ocrx_word' id='word_1_721' title='bbox 202 4848 379 4917; x_wconf 73' lang='grc' dir='ltr'>τῶμα.</span> <span class='ocrx_word' id='word_1_722' title='bbox 417 4865 434 4898; x_wconf 77' lang='grc' dir='ltr'><strong>ι</strong></span> <span class='ocrx_word' id='word_1_723' title='bbox 1046 4873 1068 4884; x_wconf 78' lang='grc'><strong>›-</strong></span> 
     </span>
    </p>
   </div>
   <div class='ocr_carea' id='block_1_97' title="bbox 299 4925 1770 5006">
    <p class='ocr_par' dir='ltr' id='par_1_97' title="bbox 299 4925 1770 5006">
     <span class='ocr_line' id='line_1_97' title="bbox 299 4925 1770 5006; baseline -0.007 -16"><span class='ocrx_word' id='word_1_724' title='bbox 299 4944 342 4991; x_wconf 88' lang='grc' dir='ltr'>υ</span> <span class='ocrx_word' id='word_1_725' title='bbox 379 4937 542 5001; x_wconf 79' lang='grc' dir='ltr'>αὐτὸς</span> <span class='ocrx_word' id='word_1_726' title='bbox 564 4939 623 4989; x_wconf 65' lang='grc' dir='ltr'>ἐν</span> <span class='ocrx_word' id='word_1_727' title='bbox 653 4935 732 5006; x_wconf 84' lang='grc' dir='ltr'><strong>τῷ</strong></span> <span class='ocrx_word' id='word_1_728' title='bbox 766 4933 896 5005; x_wconf 65' lang='grc' dir='ltr'><strong>περὶ⁴</strong></span> <span class='ocrx_word' id='word_1_729' title='bbox 930 4931 1162 4985; x_wconf 84' lang='grc' dir='ltr'>τῶνδύο</span> <span class='ocrx_word' id='word_1_730' title='bbox 1196 4929 1484 4999; x_wconf 79' lang='grc' dir='ltr'>Διαθηκῶν</span> <span class='ocrx_word' id='word_1_731' title='bbox 1517 4928 1678 4996; x_wconf 72' lang='grc' dir='ltr'>λόγῳ,</span> <span class='ocrx_word' id='word_1_732' title='bbox 1711 4925 1770 4983; x_wconf 72' lang='grc' dir='ltr'><strong>οὗ</strong></span> 
     </span>
    </p>
   </div>
   <div class='ocr_carea' id='block_1_98' title="bbox 201 5021 1768 5102">
    <p class='ocr_par' dir='ltr' id='par_1_98' title="bbox 201 5021 1768 5102">
     <span class='ocr_line' id='line_1_98' title="bbox 201 5021 1768 5102; baseline -0.008 -17"><span class='ocrx_word' id='word_1_733' title='bbox 201 5033 234 5101; x_wconf 77' lang='grc' dir='ltr'>ἡ</span> <span class='ocrx_word' id='word_1_734' title='bbox 262 5032 428 5102; x_wconf 79' lang='grc' dir='ltr'>ἀρχὴ,</span> <span class='ocrx_word' id='word_1_735' title='bbox 468 5049 487 5083; x_wconf 84' lang='grc' dir='ltr'><strong>ι</strong></span> <span class='ocrx_word' id='word_1_736' title='bbox 526 5031 659 5083; x_wconf 80' lang='grc' dir='ltr'>Θεὸν</span> <span class='ocrx_word' id='word_1_737' title='bbox 710 5026 767 5081; x_wconf 83' lang='grc' dir='ltr'>δὲ</span> <span class='ocrx_word' id='word_1_738' title='bbox 796 5027 892 5080; x_wconf 72' lang='grc' dir='ltr'>ἕνα</span> <span class='ocrx_word' id='word_1_739' title='bbox 924 5025 1141 5079; x_wconf 75' lang='grc' dir='ltr'>καὶτὸν</span> <span class='ocrx_word' id='word_1_740' title='bbox 1185 5023 1350 5076; x_wconf 82' lang='grc' dir='ltr'>αὐτὸν</span> <span class='ocrx_word' id='word_1_741' title='bbox 1400 5021 1768 5091; x_wconf 84' lang='grc' dir='ltr'>δεδηλώκασιν</span> 
     </span>
    </p>
   </div>
   <div class='ocr_carea' id='block_1_99' title="bbox 204 5110 1769 5191">
    <p class='ocr_par' dir='ltr' id='par_1_99' title="bbox 204 5110 1769 5191">
     <span class='ocr_line' id='line_1_99' title="bbox 204 5110 1769 5191; baseline -0.008 -16"><span class='ocrx_word' id='word_1_742' title='bbox 204 5121 452 5191; x_wconf 79' lang='grc' dir='ltr'><strong>ὲξὰρχῆς</strong></span> <span class='ocrx_word' id='word_1_743' title='bbox 474 5121 638 5190; x_wconf 84' lang='grc' dir='ltr'>νόμος</span> <span class='ocrx_word' id='word_1_744' title='bbox 671 5119 764 5172; x_wconf 75' lang='grc' dir='ltr'>καὶ</span> <span class='ocrx_word' id='word_1_745' title='bbox 802 5115 1101 5186; x_wconf 83' lang='grc' dir='ltr'>προφῆται,</span> <span class='ocrx_word' id='word_1_746' title='bbox 1145 5131 1165 5176; x_wconf 66' lang='grc' dir='ltr'><strong>ρ</strong></span> <span class='ocrx_word' id='word_1_747' title='bbox 1222 5129 1386 5182; x_wconf 86' lang='grc' dir='ltr'>φησιν</span> <span class='ocrx_word' id='word_1_748' title='bbox 1411 5125 1423 5139; x_wconf 81' lang='grc'><strong><em>⁸</em></strong></span> <span class='ocrx_word' id='word_1_749' title='bbox 1469 5128 1489 5161; x_wconf 80' lang='grc' dir='ltr'><strong>ι</strong></span> <span class='ocrx_word' id='word_1_750' title='bbox 1535 5110 1631 5162; x_wconf 81' lang='grc' dir='ltr'>Διά</span> <span class='ocrx_word' id='word_1_751' title='bbox 1661 5111 1769 5181; x_wconf 81' lang='grc' dir='ltr'><strong>γὰρ</strong></span> 
     </span>
    </p>
   </div>
   <div class='ocr_carea' id='block_1_100' title="bbox 200 5194 1767 5284">
    <p class='ocr_par' dir='ltr' id='par_1_100' title="bbox 200 5194 1767 5284">
     <span class='ocr_line' id='line_1_100' title="bbox 200 5194 1767 5284; baseline -0.01 -16"><span class='ocrx_word' id='word_1_752' title='bbox 200 5215 260 5268; x_wconf 74' lang='grc' dir='ltr'><strong>τὸ</strong></span> <span class='ocrx_word' id='word_1_753' title='bbox 287 5213 545 5284; x_wconf 66' lang='grc' dir='ltr'>γενέσθαι</span> <span class='ocrx_word' id='word_1_754' title='bbox 570 5213 697 5265; x_wconf 77' lang='grc' dir='ltr'>ναὸν</span> <span class='ocrx_word' id='word_1_755' title='bbox 731 5211 829 5281; x_wconf 84' lang='grc' dir='ltr'>τῆς</span> <span class='ocrx_word' id='word_1_756' title='bbox 863 5208 1013 5271; x_wconf 86' lang='grc' dir='ltr'>θείας</span> <span class='ocrx_word' id='word_1_757' title='bbox 1059 5194 1343 5276; x_wconf 74' lang='grc' dir='ltr'>δυνάμεως</span> <span class='ocrx_word' id='word_1_758' title='bbox 1391 5204 1451 5256; x_wconf 79' lang='grc' dir='ltr'>τὸ</span> <span class='ocrx_word' id='word_1_759' title='bbox 1481 5203 1640 5271; x_wconf 84' lang='grc' dir='ltr'>σῶμα</span> <span class='ocrx_word' id='word_1_760' title='bbox 1673 5202 1767 5255; x_wconf 88' lang='grc' dir='ltr'><strong>τοῦ</strong></span> 
     </span>
    </p>
   </div>
   <div class='ocr_carea' id='block_1_101' title="bbox 204 5292 1767 5378">
    <p class='ocr_par' dir='ltr' id='par_1_101' title="bbox 204 5292 1767 5378">
     <span class='ocr_line' id='line_1_101' title="bbox 204 5292 1767 5378; baseline -0.013 -18"><span class='ocrx_word' id='word_1_761' title='bbox 204 5306 409 5378; x_wconf 80' lang='grc' dir='ltr'>Κυρίου</span> <span class='ocrx_word' id='word_1_762' title='bbox 426 5304 487 5358; x_wconf 83' lang='grc' dir='ltr'><strong>τδ</strong></span> <span class='ocrx_word' id='word_1_763' title='bbox 513 5302 800 5372; x_wconf 81' lang='grc' dir='ltr'>θεοφόρον,</span> <span class='ocrx_word' id='word_1_764' title='bbox 827 5299 957 5370; x_wconf 78' lang='grc' dir='ltr'>γίνῃ</span> <span class='ocrx_word' id='word_1_765' title='bbox 983 5299 1076 5352; x_wconf 66' lang='grc' dir='ltr'><strong>κα)⁸</strong></span> <span class='ocrx_word' id='word_1_766' title='bbox 1106 5299 1170 5351; x_wconf 83' lang='grc' dir='ltr'>σὺ</span> <span class='ocrx_word' id='word_1_767' title='bbox 1194 5297 1320 5358; x_wconf 84' lang='grc' dir='ltr'>ναὸς</span> <span class='ocrx_word' id='word_1_768' title='bbox 1355 5293 1476 5347; x_wconf 81' lang='grc' dir='ltr'>καθ’</span> <span class='ocrx_word' id='word_1_769' title='bbox 1507 5292 1767 5360; x_wconf 83' lang='grc' dir='ltr'>ὁμοίωσιν</span> 
     </span>
    </p>
   </div>
   <div class='ocr_carea' id='block_1_102' title="bbox 202 5388 1770 5468">
    <p class='ocr_par' dir='ltr' id='par_1_102' title="bbox 202 5388 1770 5468">
     <span class='ocr_line' id='line_1_102' title="bbox 202 5388 1770 5468; baseline -0.008 -13"><span class='ocrx_word' id='word_1_770' title='bbox 202 5400 392 5455; x_wconf 86' lang='grc' dir='ltr'>αὐτοῦ.</span> <span class='ocrx_word' id='word_1_771' title='bbox 453 5397 592 5468; x_wconf 78' lang='grc' dir='ltr'><strong>Δέχη</strong></span> <span class='ocrx_word' id='word_1_772' title='bbox 644 5396 754 5466; x_wconf 80' lang='grc' dir='ltr'><strong>γὰρ</strong></span> <span class='ocrx_word' id='word_1_773' title='bbox 807 5391 1232 5464; x_wconf 70' lang='grc' dir='ltr'>ἐκπεμπόμενον</span> <span class='ocrx_word' id='word_1_774' title='bbox 1278 5388 1409 5459; x_wconf 85' lang='grc' dir='ltr'>παρ’</span> <span class='ocrx_word' id='word_1_775' title='bbox 1481 5389 1649 5443; x_wconf 87' lang='grc' dir='ltr'>αὐτοῦ</span> <span class='ocrx_word' id='word_1_776' title='bbox 1708 5391 1770 5442; x_wconf 82' lang='grc' dir='ltr'>τὸ</span> 
     </span>
    </p>
   </div>
   <div class='ocr_carea' id='block_1_103' title="bbox 207 5480 1765 5560">
    <p class='ocr_par' dir='ltr' id='par_1_103' title="bbox 207 5480 1765 5560">
     <span class='ocr_line' id='line_1_103' title="bbox 207 5480 1765 5560; baseline -0.006 -18"><span class='ocrx_word' id='word_1_777' title='bbox 207 5491 449 5560; x_wconf 85' lang='grc' dir='ltr'>Πνεῦμα.</span> <span class='ocrx_word' id='word_1_778' title='bbox 493 5489 585 5552; x_wconf 78' lang='grc' dir='ltr'>Ὠς</span> <span class='ocrx_word' id='word_1_779' title='bbox 616 5485 708 5538; x_wconf 84' lang='grc' dir='ltr'><strong>οῦν</strong></span> <span class='ocrx_word' id='word_1_780' title='bbox 749 5486 984 5555; x_wconf 76' lang='grc' dir='ltr'>Χριστὸν</span> <span class='ocrx_word' id='word_1_781' title='bbox 1013 5480 1272 5550; x_wconf 71' lang='grc' dir='ltr'>ἐπιγνοὺς</span> <span class='ocrx_word' id='word_1_782' title='bbox 1312 5481 1560 5547; x_wconf 70' lang='grc' dir='ltr'>ἐπέγνως</span> <span class='ocrx_word' id='word_1_783' title='bbox 1609 5480 1765 5544; x_wconf 72' lang='grc' dir='ltr'>Θεὸν,</span> 
     </span>
    </p>
   </div>
   <div class='ocr_carea' id='block_1_104' title="bbox 203 5572 1638 5650">
    <p class='ocr_par' dir='ltr' id='par_1_104' title="bbox 203 5572 1638 5650">
     <span class='ocr_line' id='line_1_104' title="bbox 203 5572 1638 5650; baseline -0.007 -14"><span class='ocrx_word' id='word_1_784' title='bbox 203 5583 341 5636; x_wconf 67' lang='grc' dir='ltr'>οὕτω</span> <span class='ocrx_word' id='word_1_785' title='bbox 378 5582 598 5649; x_wconf 82' lang='grc' dir='ltr'>Πνεῦμα</span> <span class='ocrx_word' id='word_1_786' title='bbox 631 5579 866 5650; x_wconf 79' lang='grc' dir='ltr'>Χριστοῦ</span> <span class='ocrx_word' id='word_1_787' title='bbox 895 5577 1206 5646; x_wconf 80' lang='grc' dir='ltr'>δεξάμενος,</span> <span class='ocrx_word' id='word_1_788' title='bbox 1233 5572 1398 5639; x_wconf 70' lang='grc' dir='ltr'>ἐδέξω</span> <span class='ocrx_word' id='word_1_789' title='bbox 1421 5574 1575 5627; x_wconf 80' lang='grc' dir='ltr'>Θεόν.</span> <span class='ocrx_word' id='word_1_790' title='bbox 1620 5593 1638 5626; x_wconf 73' lang='grc' dir='ltr'><strong>ι</strong></span> 
     </span>
    </p>
   </div>
   <div class='ocr_carea' id='block_1_105' title="bbox 278 5756 1769 5842">
    <p class='ocr_par' dir='ltr' id='par_1_105' title="bbox 278 5756 1769 5842">
     <span class='ocr_line' id='line_1_105' title="bbox 278 5756 1769 5842; baseline -0.008 -15"><span class='ocrx_word' id='word_1_791' title='bbox 278 5773 336 5827; x_wconf 87' lang='lat'><strong>&#39;0</strong></span> <span class='ocrx_word' id='word_1_792' title='bbox 397 5774 556 5836; x_wconf 83' lang='grc' dir='ltr'>αὐτος</span> <span class='ocrx_word' id='word_1_793' title='bbox 612 5788 668 5825; x_wconf 89' lang='grc' dir='ltr'><strong>εν</strong></span> <span class='ocrx_word' id='word_1_794' title='bbox 722 5771 798 5842; x_wconf 80' lang='grc' dir='ltr'>τῷ</span> <span class='ocrx_word' id='word_1_795' title='bbox 840 5767 1553 5840; x_wconf 80' lang='grc' dir='ltr'>πρώτῳ-Προφυλακτικῷ,</span> <span class='ocrx_word' id='word_1_796' title='bbox 1612 5756 1674 5817; x_wconf 77' lang='grc' dir='ltr'><strong>οῦ</strong></span> <span class='ocrx_word' id='word_1_797' title='bbox 1733 5765 1769 5834; x_wconf 77' lang='grc' dir='ltr'><strong>η</strong></span> 
     </span>
    </p>
   </div>
   <div class='ocr_carea' id='block_1_106' title="bbox 201 5855 1768 5937">
    <p class='ocr_par' dir='ltr' id='par_1_106' title="bbox 201 5855 1768 5937">
     <span class='ocr_line' id='line_1_106' title="bbox 201 5855 1768 5937; baseline -0.009 -17"><span class='ocrx_word' id='word_1_798' title='bbox 201 5867 362 5937; x_wconf 76' lang='grc' dir='ltr'>ἀρχὴ,</span> <span class='ocrx_word' id='word_1_799' title='bbox 417 5887 432 5918; x_wconf 86' lang='grc' dir='ltr'><strong>ι</strong></span> <span class='ocrx_word' id='word_1_800' title='bbox 484 5865 700 5926; x_wconf 78' lang='grc' dir='ltr'>Ἐπειδὴ</span> <span class='ocrx_word' id='word_1_801' title='bbox 735 5863 812 5931; x_wconf 80' lang='grc' dir='ltr'>τῷ</span> <span class='ocrx_word' id='word_1_802' title='bbox 851 5860 1044 5930; x_wconf 83' lang='grc' dir='ltr'>ἀγαθῷ</span> <span class='ocrx_word' id='word_1_803' title='bbox 1077 5856 1522 5929; x_wconf 65' lang='grc' dir='ltr'>προσερχόμεθα,</span> <span class='ocrx_word' id='word_1_804' title='bbox 1567 5855 1768 5924; x_wconf 78' lang='grc' dir='ltr'>φυλάσ-</span> 
     </span>
    </p>
   </div>
   <div class='ocr_carea' id='block_1_107' title="bbox 204 5946 1755 6026">
    <p class='ocr_par' dir='ltr' id='par_1_107' title="bbox 204 5946 1755 6026">
     <span class='ocr_line' id='line_1_107' title="bbox 204 5946 1755 6026; baseline -0.008 -16"><span class='ocrx_word' id='word_1_805' title='bbox 204 5946 383 6012; x_wconf 59' lang='grc' dir='ltr'>σεσθαι</span> <span class='ocrx_word' id='word_1_806' title='bbox 410 5959 487 6011; x_wconf 84' lang='grc' dir='ltr'><strong>δεῖ</strong></span> <span class='ocrx_word' id='word_1_807' title='bbox 509 5958 600 6010; x_wconf 72' lang='grc' dir='ltr'>τὸν</span> <span class='ocrx_word' id='word_1_808' title='bbox 625 5955 1068 6026; x_wconf 78' lang='grc' dir='ltr'>ἀντιπράσσοντα</span> <span class='ocrx_word' id='word_1_809' title='bbox 1101 5951 1178 6022; x_wconf 82' lang='grc' dir='ltr'>τῷ</span> <span class='ocrx_word' id='word_1_810' title='bbox 1203 5949 1389 6020; x_wconf 77' lang='grc' dir='ltr'>ἀγαθῴ</span> <span class='ocrx_word' id='word_1_811' title='bbox 1421 5947 1690 6014; x_wconf 78' lang='grc' dir='ltr'>διάϐολον,</span> <span class='ocrx_word' id='word_1_812' title='bbox 1735 5964 1755 5998; x_wconf 74' lang='grc' dir='ltr'><strong>ι</strong></span> 
     </span>
    </p>
   </div>
   <div class='ocr_carea' id='block_1_108' title="bbox 505 6047 1153 6112">
    <p class='ocr_par' dir='ltr' id='par_1_108' title="bbox 505 6047 1153 6112">
     <span class='ocr_line' id='line_1_108' title="bbox 505 6047 1153 6112; baseline -0.003 -2"><span class='ocrx_word' id='word_1_813' title='bbox 505 6051 774 6112; x_wconf 62' lang='lat' dir='ltr'><strong>Panos.</strong></span> <span class='ocrx_word' id='word_1_814' title='bbox 801 6049 916 6109; x_wconf 79' lang='lat' dir='ltr'><strong>Gtt.</strong></span> <span class='ocrx_word' id='word_1_815' title='bbox 949 6047 1153 6109; x_wconf 72' lang='lat' dir='ltr'><strong>CXLL</strong></span> 
     </span>
    </p>
   </div>
   <div class='ocr_carea' id='block_1_109' title="bbox 1878 4745 3289 4820">
    <p class='ocr_par' dir='ltr' id='par_1_109' title="bbox 1878 4745 3289 4820">
     <span class='ocr_line' id='line_1_109' title="bbox 1878 4745 3289 4820; baseline 0.004 -21"><span class='ocrx_word' id='word_1_816' title='bbox 1878 4754 1980 4809; x_wconf 90' lang='lat' dir='ltr'><strong>est,</strong></span> <span class='ocrx_word' id='word_1_817' title='bbox 2008 4745 2296 4814; x_wconf 89' lang='lat' dir='ltr'><strong>Spiritum,</strong></span> <span class='ocrx_word' id='word_1_818' title='bbox 2327 4756 2378 4798; x_wconf 80' lang='grc' dir='ltr'><strong>ρι</strong></span> <span class='ocrx_word' id='word_1_819' title='bbox 2411 4755 2653 4799; x_wconf 89' lang='lat' dir='ltr'><strong>nostrum</strong></span> <span class='ocrx_word' id='word_1_820' title='bbox 2683 4760 2884 4816; x_wconf 87' lang='lat' dir='ltr'><strong>corpus</strong></span> <span class='ocrx_word' id='word_1_821' title='bbox 2907 4750 3224 4820; x_wconf 89' lang='lat' dir='ltr'><strong>assumpsit.</strong></span> <span class='ocrx_word' id='word_1_822' title='bbox 3270 4772 3289 4804; x_wconf 75' lang='grc' dir='ltr'><strong>ι</strong></span> 
     </span>
    </p>
   </div>
   <div class='ocr_carea' id='block_1_110' title="bbox 1948 4933 3455 5014">
    <p class='ocr_par' dir='ltr' id='par_1_110' title="bbox 1948 4933 3455 5014">
     <span class='ocr_line' id='line_1_110' title="bbox 1948 4933 3455 5014; baseline 0.009 -29"><span class='ocrx_word' id='word_1_823' title='bbox 1948 4933 2091 4987; x_wconf 91' lang='lat' dir='ltr'><strong>Idem</strong></span> <span class='ocrx_word' id='word_1_824' title='bbox 2118 4933 2365 4987; x_wconf 87' lang='lat' dir='ltr'><strong>oratione</strong></span> <span class='ocrx_word' id='word_1_825' title='bbox 2394 4934 2462 4987; x_wconf 85' lang='lat' dir='ltr'><strong>de</strong></span> <span class='ocrx_word' id='word_1_826' title='bbox 2493 4934 2705 4989; x_wconf 87' lang='lat' dir='ltr'><strong>duobus</strong></span> <span class='ocrx_word' id='word_1_827' title='bbox 2733 4940 3098 5004; x_wconf 82' lang='lat' dir='ltr'><strong>testamentis,</strong></span> <span class='ocrx_word' id='word_1_828' title='bbox 3127 4942 3284 5011; x_wconf 82' lang='lat' dir='ltr'><strong>cujus</strong></span> <span class='ocrx_word' id='word_1_829' title='bbox 3308 4947 3455 5014; x_wconf 69' lang='lat' dir='ltr'><strong>prin-</strong></span> 
     </span>
    </p>
   </div>
   <div class='ocr_carea' id='block_1_111' title="bbox 1874 5025 3454 5105">
    <p class='ocr_par' dir='ltr' id='par_1_111' title="bbox 1874 5025 3454 5105">
     <span class='ocr_line' id='line_1_111' title="bbox 1874 5025 3454 5105; baseline 0.01 -28"><span class='ocrx_word' id='word_1_830' title='bbox 1874 5025 2100 5094; x_wconf 89' lang='lat' dir='ltr'><strong>cipium,</strong></span> <span class='ocrx_word' id='word_1_831' title='bbox 2140 5045 2156 5076; x_wconf 82' lang='grc' dir='ltr'><strong>ι</strong></span> <span class='ocrx_word' id='word_1_832' title='bbox 2193 5025 2360 5085; x_wconf 76' lang='lat' dir='ltr'><strong>Deum</strong></span> <span class='ocrx_word' id='word_1_833' title='bbox 2398 5041 2583 5080; x_wconf 83' lang='lat' dir='ltr'><strong>verum</strong></span> <span class='ocrx_word' id='word_1_834' title='bbox 2608 5029 2968 5100; x_wconf 87' lang='lat' dir='ltr'><strong>eumdemque</strong></span> <span class='ocrx_word' id='word_1_835' title='bbox 2989 5046 3018 5086; x_wconf 77' lang='grc' dir='ltr'><strong>ο</strong></span> <span class='ocrx_word' id='word_1_836' title='bbox 3047 5032 3314 5105; x_wconf 76' lang='lat' dir='ltr'><strong>principio</strong></span> <span class='ocrx_word' id='word_1_837' title='bbox 3342 5051 3454 5092; x_wconf 33' lang='lat' dir='ltr'><strong>mas</strong></span> 
     </span>
    </p>
   </div>
   <div class='ocr_carea' id='block_1_112' title="bbox 1876 5117 3447 5197">
    <p class='ocr_par' dir='ltr' id='par_1_112' title="bbox 1876 5117 3447 5197">
     <span class='ocr_line' id='line_1_112' title="bbox 1876 5117 3447 5197; baseline 0.01 -28"><span class='ocrx_word' id='word_1_838' title='bbox 1876 5117 2202 5172; x_wconf 79' lang='lat' dir='ltr'><strong>nifestarunt</strong></span> <span class='ocrx_word' id='word_1_839' title='bbox 2238 5120 2321 5172; x_wconf 84' lang='lat' dir='ltr'><strong>lex</strong></span> <span class='ocrx_word' id='word_1_840' title='bbox 2343 5130 2395 5171; x_wconf 89' lang='lat' dir='ltr'><strong>et</strong></span> <span class='ocrx_word' id='word_1_841' title='bbox 2448 5121 2742 5188; x_wconf 63' lang='lat' dir='ltr'><strong>prophetae,</strong></span> <span class='ocrx_word' id='word_1_842' title='bbox 2779 5139 2796 5173; x_wconf 74' lang='grc' dir='ltr'><strong>ι</strong></span> <span class='ocrx_word' id='word_1_843' title='bbox 2829 5123 2963 5177; x_wconf 84' lang='lat' dir='ltr'><strong>dicit</strong></span> <span class='ocrx_word' id='word_1_844' title='bbox 3001 5140 3012 5176; x_wconf 92' lang='lat'><strong>:</strong></span> <span class='ocrx_word' id='word_1_845' title='bbox 3077 5141 3094 5176; x_wconf 82' lang='grc' dir='ltr'><strong>ι</strong></span> <span class='ocrx_word' id='word_1_846' title='bbox 3157 5124 3447 5197; x_wconf 77' lang='lat' dir='ltr'><strong>Propterea</strong></span> 
     </span>
    </p>
   </div>
   <div class='ocr_carea' id='block_1_113' title="bbox 1874 5208 3450 5286">
    <p class='ocr_par' dir='ltr' id='par_1_113' title="bbox 1874 5208 3450 5286">
     <span class='ocr_line' id='line_1_113' title="bbox 1874 5208 3450 5286; baseline 0.007 -25"><span class='ocrx_word' id='word_1_847' title='bbox 1874 5210 2024 5261; x_wconf 90' lang='lat' dir='ltr'><strong>enim</strong></span> <span class='ocrx_word' id='word_1_848' title='bbox 2048 5209 2191 5279; x_wconf 89' lang='lat' dir='ltr'><strong>quod</strong></span> <span class='ocrx_word' id='word_1_849' title='bbox 2219 5208 2420 5264; x_wconf 81' lang='lat' dir='ltr'><strong>factum</strong></span> <span class='ocrx_word' id='word_1_850' title='bbox 2451 5220 2531 5265; x_wconf 88' lang='lat' dir='ltr'><strong>est</strong></span> <span class='ocrx_word' id='word_1_851' title='bbox 2559 5211 2755 5265; x_wconf 76' lang='lat' dir='ltr'><strong>divinae</strong></span> <span class='ocrx_word' id='word_1_852' title='bbox 2798 5213 3008 5269; x_wconf 82' lang='lat' dir='ltr'><strong>virtutis</strong></span> <span class='ocrx_word' id='word_1_853' title='bbox 3042 5217 3300 5286; x_wconf 81' lang='lat' dir='ltr'><strong>templum</strong></span> <span class='ocrx_word' id='word_1_854' title='bbox 3332 5235 3450 5274; x_wconf 58' lang='lat' dir='ltr'><strong>cor.</strong></span> 
     </span>
    </p>
   </div>
   <div class='ocr_carea' id='block_1_114' title="bbox 1874 5299 3450 5373">
    <p class='ocr_par' dir='ltr' id='par_1_114' title="bbox 1874 5299 3450 5373">
     <span class='ocr_line' id='line_1_114' title="bbox 1874 5299 3450 5373; baseline 0.006 -19"><span class='ocrx_word' id='word_1_855' title='bbox 1874 5315 1974 5367; x_wconf 90' lang='lat' dir='ltr'><strong>pus</strong></span> <span class='ocrx_word' id='word_1_856' title='bbox 2003 5299 2214 5354; x_wconf 90' lang='lat' dir='ltr'><strong>Domini</strong></span> <span class='ocrx_word' id='word_1_857' title='bbox 2240 5301 2540 5361; x_wconf 78' lang='lat' dir='ltr'><strong>deiferum;</strong></span> <span class='ocrx_word' id='word_1_858' title='bbox 2605 5301 2665 5355; x_wconf 78' lang='lat' dir='ltr'><strong>{is</strong></span> <span class='ocrx_word' id='word_1_859' title='bbox 2691 5312 2746 5357; x_wconf 89' lang='lat' dir='ltr'><strong>et</strong></span> <span class='ocrx_word' id='word_1_860' title='bbox 2771 5312 2825 5358; x_wconf 91' lang='lat' dir='ltr'><strong>tu</strong></span> <span class='ocrx_word' id='word_1_861' title='bbox 2861 5305 3117 5373; x_wconf 90' lang='lat' dir='ltr'><strong>templum</strong></span> <span class='ocrx_word' id='word_1_862' title='bbox 3151 5309 3450 5365; x_wconf 84' lang='lat' dir='ltr'><strong>secundum</strong></span> 
     </span>
    </p>
   </div>
   <div class='ocr_carea' id='block_1_115' title="bbox 1874 5389 3451 5469">
    <p class='ocr_par' dir='ltr' id='par_1_115' title="bbox 1874 5389 3451 5469">
     <span class='ocr_line' id='line_1_115' title="bbox 1874 5389 3451 5469; baseline 0.007 -26"><span class='ocrx_word' id='word_1_863' title='bbox 1874 5389 2026 5446; x_wconf 84' lang='lat' dir='ltr'><strong>illius</strong></span> <span class='ocrx_word' id='word_1_864' title='bbox 2045 5389 2480 5446; x_wconf 86' lang='lat' dir='ltr'><strong>similitudinem.</strong></span> <span class='ocrx_word' id='word_1_865' title='bbox 2527 5392 2747 5462; x_wconf 86' lang='lat' dir='ltr'><strong>Accipis</strong></span> <span class='ocrx_word' id='word_1_866' title='bbox 2780 5393 2923 5448; x_wconf 89' lang='lat' dir='ltr'><strong>enim</strong></span> <span class='ocrx_word' id='word_1_867' title='bbox 2959 5395 3192 5451; x_wconf 89' lang='lat' dir='ltr'><strong>missum</strong></span> <span class='ocrx_word' id='word_1_868' title='bbox 3235 5399 3302 5452; x_wconf 88' lang='lat' dir='ltr'><strong>ab</strong></span> <span class='ocrx_word' id='word_1_869' title='bbox 3333 5400 3451 5469; x_wconf 62' lang='lat' dir='ltr'><strong>ips.»</strong></span> 
     </span>
    </p>
   </div>
   <div class='ocr_carea' id='block_1_116' title="bbox 1875 5481 3448 5561">
    <p class='ocr_par' dir='ltr' id='par_1_116' title="bbox 1875 5481 3448 5561">
     <span class='ocr_line' id='line_1_116' title="bbox 1875 5481 3448 5561; baseline 0.009 -27"><span class='ocrx_word' id='word_1_870' title='bbox 1875 5482 2160 5550; x_wconf 88' lang='lat' dir='ltr'><strong>Spiritum.</strong></span> <span class='ocrx_word' id='word_1_871' title='bbox 2181 5481 2652 5547; x_wconf 84' lang='lat' dir='ltr'><strong>Quemadmodum</strong></span> <span class='ocrx_word' id='word_1_872' title='bbox 2669 5499 2801 5556; x_wconf 80' lang='lat' dir='ltr'><strong>ergo</strong></span> <span class='ocrx_word' id='word_1_873' title='bbox 2827 5484 3109 5544; x_wconf 87' lang='lat' dir='ltr'><strong>Christum</strong></span> <span class='ocrx_word' id='word_1_874' title='bbox 3129 5505 3448 5561; x_wconf 74' lang='lat' dir='ltr'><strong>agnoscens,</strong></span> 
     </span>
    </p>
   </div>
   <div class='ocr_carea' id='block_1_117' title="bbox 1873 5576 3446 5655">
    <p class='ocr_par' dir='ltr' id='par_1_117' title="bbox 1873 5576 3446 5655">
     <span class='ocr_line' id='line_1_117' title="bbox 1873 5576 3446 5655; baseline 0.008 -26"><span class='ocrx_word' id='word_1_875' title='bbox 1873 5576 2042 5630; x_wconf 80' lang='lat' dir='ltr'><strong>Deum</strong></span> <span class='ocrx_word' id='word_1_876' title='bbox 2076 5577 2365 5646; x_wconf 69' lang='lat' dir='ltr'><strong>agnovisti;</strong></span> <span class='ocrx_word' id='word_1_877' title='bbox 2395 5579 2466 5632; x_wconf 90' lang='lat' dir='ltr'><strong>ita</strong></span> <span class='ocrx_word' id='word_1_878' title='bbox 2496 5587 2549 5633; x_wconf 93' lang='lat' dir='ltr'><strong>et</strong></span> <span class='ocrx_word' id='word_1_879' title='bbox 2586 5577 2848 5648; x_wconf 88' lang='lat' dir='ltr'><strong>Spiritum</strong></span> <span class='ocrx_word' id='word_1_880' title='bbox 2899 5580 3103 5638; x_wconf 87' lang='lat' dir='ltr'><strong>Christi</strong></span> <span class='ocrx_word' id='word_1_881' title='bbox 3151 5586 3446 5655; x_wconf 73' lang='lat' dir='ltr'><strong>accipiens.</strong></span> 
     </span>
    </p>
   </div>
   <div class='ocr_carea' id='block_1_118' title="bbox 1872 5667 2415 5739">
    <p class='ocr_par' dir='ltr' id='par_1_118' title="bbox 1872 5667 2415 5739">
     <span class='ocr_line' id='line_1_118' title="bbox 1872 5667 2415 5739; baseline 0.002 -18"><span class='ocrx_word' id='word_1_882' title='bbox 1872 5667 2044 5722; x_wconf 85' lang='lat' dir='ltr'><strong>Deum</strong></span> <span class='ocrx_word' id='word_1_883' title='bbox 2077 5672 2360 5739; x_wconf 83' lang='lat' dir='ltr'><strong>accepisti.</strong></span> <span class='ocrx_word' id='word_1_884' title='bbox 2396 5688 2415 5722; x_wconf 76' lang='grc' dir='ltr'><strong>ι</strong></span> 
     </span>
    </p>
   </div>
   <div class='ocr_carea' id='block_1_119' title="bbox 1947 5759 3449 5843">
    <p class='ocr_par' dir='ltr' id='par_1_119' title="bbox 1947 5759 3449 5843">
     <span class='ocr_line' id='line_1_119' title="bbox 1947 5759 3449 5843; baseline 0.007 -30"><span class='ocrx_word' id='word_1_885' title='bbox 1947 5759 2093 5814; x_wconf 87' lang='lat' dir='ltr'><strong>Idem</strong></span> <span class='ocrx_word' id='word_1_886' title='bbox 2135 5761 2188 5815; x_wconf 91' lang='lat' dir='ltr'><strong>in</strong></span> <span class='ocrx_word' id='word_1_887' title='bbox 2219 5761 2394 5832; x_wconf 88' lang='lat' dir='ltr'><strong>prima</strong></span> <span class='ocrx_word' id='word_1_888' title='bbox 2438 5763 2868 5835; x_wconf 84' lang='lat' dir='ltr'><strong>Prophylactiea,</strong></span> <span class='ocrx_word' id='word_1_889' title='bbox 2901 5771 3057 5841; x_wconf 86' lang='lat' dir='ltr'><strong>cujus</strong></span> <span class='ocrx_word' id='word_1_890' title='bbox 3103 5773 3449 5843; x_wconf 79' lang='lat' dir='ltr'><strong>principium,</strong></span> 
     </span>
    </p>
   </div>
   <div class='ocr_carea' id='block_1_120' title="bbox 1876 5849 3450 5933">
    <p class='ocr_par' dir='ltr' id='par_1_120' title="bbox 1876 5849 3450 5933">
     <span class='ocr_line' id='line_1_120' title="bbox 1876 5849 3450 5933; baseline 0.009 -29"><span class='ocrx_word' id='word_1_891' title='bbox 1876 5871 1895 5904; x_wconf 79' lang='grc' dir='ltr'><strong>ι</strong></span> <span class='ocrx_word' id='word_1_892' title='bbox 1933 5849 2162 5918; x_wconf 80' lang='lat' dir='ltr'><strong>Quando</strong></span> <span class='ocrx_word' id='word_1_893' title='bbox 2193 5854 2261 5908; x_wconf 88' lang='lat' dir='ltr'><strong>ad</strong></span> <span class='ocrx_word' id='word_1_894' title='bbox 2300 5854 2503 5910; x_wconf 90' lang='lat' dir='ltr'><strong>bonum</strong></span> <span class='ocrx_word' id='word_1_895' title='bbox 2537 5859 2854 5915; x_wconf 88' lang='lat' dir='ltr'><strong>accedimus</strong></span> <span class='ocrx_word' id='word_1_896' title='bbox 2889 5877 3194 5929; x_wconf 61' lang='lat' dir='ltr'><strong>praecavere</strong></span> <span class='ocrx_word' id='word_1_897' title='bbox 3216 5874 3450 5933; x_wconf 80' lang='lat' dir='ltr'><strong>oportet.</strong></span> 
     </span>
    </p>
   </div>
   <div class='ocr_carea' id='block_1_121' title="bbox 1871 5944 3453 6024">
    <p class='ocr_par' dir='ltr' id='par_1_121' title="bbox 1871 5944 3453 6024">
     <span class='ocr_line' id='line_1_121' title="bbox 1871 5944 3453 6024; baseline 0.008 -27"><span class='ocrx_word' id='word_1_898' title='bbox 1871 5944 1962 6014; x_wconf 87' lang='lat' dir='ltr'><strong>qui</strong></span> <span class='ocrx_word' id='word_1_899' title='bbox 1992 5945 2136 6003; x_wconf 85' lang='lat' dir='ltr'><strong>bono</strong></span> <span class='ocrx_word' id='word_1_900' title='bbox 2169 5957 2357 6004; x_wconf 88' lang='lat' dir='ltr'><strong>contra</strong></span> <span class='ocrx_word' id='word_1_901' title='bbox 2380 5958 2659 6020; x_wconf 89' lang='lat' dir='ltr'><strong>operatur,</strong></span> <span class='ocrx_word' id='word_1_902' title='bbox 2688 5951 2987 6020; x_wconf 85' lang='lat' dir='ltr'><strong>diabolum,</strong></span> <span class='ocrx_word' id='word_1_903' title='bbox 3027 5973 3045 6008; x_wconf 73' lang='grc' dir='ltr'><strong>ι</strong></span> <span class='ocrx_word' id='word_1_904' title='bbox 3086 5957 3292 6024; x_wconf 85' lang='lat' dir='ltr'><strong>inquit;</strong></span> <span class='ocrx_word' id='word_1_905' title='bbox 3331 5975 3348 6007; x_wconf 80' lang='grc' dir='ltr'><strong>ι</strong></span> <span class='ocrx_word' id='word_1_906' title='bbox 3387 5957 3453 6010; x_wconf 76' lang='lat' dir='ltr'><strong>Et</strong></span> 
     </span>
    </p>
   </div>
   <div class='ocr_carea' id='block_1_122' title="bbox 3014 6046 3088 6109">
    <p class='ocr_par' dir='ltr' id='par_1_122' title="bbox 3014 6046 3088 6109">
     <span class='ocr_line' id='line_1_122' title="bbox 3014 6046 3088 6109; baseline 0.041 -3"><span class='ocrx_word' id='word_1_907' title='bbox 3014 6046 3088 6109; x_wconf 80' lang='lat'><strong>20</strong></span> 
     </span>
    </p>
   </div>
  </div>
