4168 6444
715 454 821 517 619

1748 450 1960 512 JOAN.
1995 448 2206 510 VECCI
2239 450 2346 511 (ΣΡ.
2393 447 2911 519 ΡᾹΤΠΙΛΒΕΠΕ

3859 451 3987 513 630

718 572 817 621 liae
849 570 1059 623 ratione
1108 570 1345 624 servabit
1374 582 1472 624 nos
1522 567 1780 639 Spiritus.
1816 570 1908 636 qni
1968 582 2028 619 ex
2079 565 2295 618 Christo

2401 567 2563 635 φησίν
2585 582 2598 595 ο
2627 584 2646 616 ι
2687 564 2796 617 Καὶ
2820 561 2994 623 οὕτως
3028 562 3173 633 ἡμᾶς
3198 563 3424 631 φυλάεοι
3455 565 3515 615 τὸ
3550 563 3702 634 παρὰ
3730 564 3985 635 Χριστοῦ

714 671 795 715 i-st
849 665 900 716 in
936 663 1078 716 diem
1114 661 1311 717 futura:
1345 660 1762 730 redemptionis.
1809 678 1827 710 ι

786 847 1014 920 Magnus
1037 857 1090 903 et
1118 844 1559 915 Tliaumaturgus
1578 843 1870 915 Gregorius
1893 843 2294 898 Neocaesarleit-

716 943 793 995 sis
815 942 1110 1010 episcopus
1146 937 1416 1001 oratione,
1439 950 1563 1007 qua:
1597 934 1789 1004 incipit
1824 951 1837 985 :
1875 953 1892 985 i
1931 932 2293 987 lniniicissimi

712 1041 765 1083 et
801 1030 962 1083 alieni
996 1042 1025 1083 a
1053 1028 1399 1083 confessione
1423 1024 1726 1097 apostolica
1780 1034 1909 1079 sunt
1968 1025 2060 1092 qui
2108 1024 2296 1077 dicunt

712 1135 829 1173 esse
889 1117 1085 1173 Filium
1146 1117 1310 1173 exiis
1359 1132 1479 1187 qua:
1531 1130 1639 1171 non
1690 1123 1929 1176 exstant.
1988 1133 2007 1165 ι
2059 1114 2291 1169 scribit:

718 1230 735 1259 ε
777 1208 989 1262 Domini
1015 1208 1177 1263 Pater
1199 1206 1528 1277 principium
1559 1216 1643 1261 est
1667 1212 1737 1260 ab
1757 1216 1961 1261 aeterno
1985 1219 2108 1258 eum
2128 1217 2295 1274 gene-

716 1317 858 1364 rans,
891 1311 945 1356 et
974 1300 1236 1355 Dominus
1254 1306 1333 1355 est
1354 1304 1673 1370 prototypus
1706 1294 1960 1365 Spiritus.
2020 1312 2038 1346 ι
2067 1294 2293 1365 Magnus

714 1392 965 1457 Basiiiiis,
1012 1410 1029 1443 i
1059 1389 1369 1447 Genitorem
1406 1398 1461 1445 et
1488 1396 1834 1459 prototypum
1864 1384 1985 1441 Filii
2018 1385 2233 1441 Patrem
2269 1404 2287 1437 ι

713 1492 997 1553 nuncupat
1026 1482 1272 1537 oratione
1294 1488 1486 1550 quarta
1512 1480 1782 1534 adversus
1812 1477 2162 1533 Eunoniium.
2206 1495 2224 1527 ο

782 1668 1019 1720 Sanctus
1049 1663 1289 1735 Cyl-illus
1323 1664 1376 1716 in
1409 1678 1520 1718 uno
1555 1661 1731 1732 capite
1760 1661 1885 1716 libri
1905 1660 2125 1715 secundi
2150 1656 2293 1714 Tlte-

712 1770 1037 1821 saurorum;
1081 1774 1097 1807 t
1133 1753 1428 1826 Proprium
1456 1765 1633 1809 autem
1667 1764 1753 1809 est
1776 1752 2009 1823 Spiritus
2046 1752 2295 1806 essentia:

712 1847 857 1914 Filii,
903 1862 1005 1903 nec
1043 1849 1112 1902 ab
1134 1855 1397 1901 extraneo
1428 1845 1765 1915 Iiypustaslm
1803 1843 1985 1897 liabet.
2020 1858 2039 1892 ι
2097 1838 2154 1894 In
2185 1840 2292 1894 alio

712 1908 905 1994 rursus
940 1956 954 1993 :
992 1957 1011 1990 ι
1046 1938 1182 1993 Cum
1222 1908 1566 2006 itaqueleges
1599 1934 1692 1988 dat
1721 1933 1993 1997 Christus,
2032 1940 2289 2001 tanquam
2328 1908 2368 1963 θ

714 2031 765 2081 in
804 2030 923 2097 ipso
954 2030 1223 2085 exsistens
1276 2025 1514 2096 Spiritus
1549 2026 1695 2079 illius
1724 2026 1869 2093 leges
1901 2024 2014 2078 dat.
2059 2040 2078 2073 ο
2123 2020 2189 2076 Ει
2242 2022 2295 2075 in

711 2120 819 2172 alio
858 2138 870 2171 :
900 2137 917 2169 ι
955 2117 1190 2174 Necesse
1221 2130 1304 2173 est
1330 2129 1460 2187 ergo
1493 2114 1671 2178 fateri,
1703 2113 1852 2167 illum
1871 2126 1991 2167 esse
2011 2127 2077 2166 ex
2108 2127 2299 2168 essen-

713 2212 785 2263 tia
816 2207 937 2262 Filii
967 2220 1021 2265 et
1052 2209 1167 2273 Dei,
1194 2223 1319 2263 cum
1348 2221 1565 2261 omnem
1614 2204 1758 2258 illius
1826 2212 1881 2258 et
1922 2202 2295 2273 operationem

708 2312 761 2355 et
786 2303 1035 2357 virtutem
1064 2300 1358 2370 possideat.
1385 2317 1402 2349 ι
1468 2296 1601 2350 Item
1638 2296 1691 2349 in
1719 2294 1826 2349 alio
1856 2311 1870 2347 :
1909 2312 1927 2345 ι
1964 2292 2051 2349 Uti
2092 2308 2156 2349 ex
2206 2308 2267 2348 es

712 2395 885 2449 sentis
914 2394 1190 2448 exsistens
1242 2388 1642 2460 suppeditantis
1682 2387 1834 2441 illum
1877 2388 2103 2451 sanctis,
2136 2385 2297 2441 Chri-

712 2488 779 2538 sti
811 2484 1080 2541 videlicet.
1116 2503 1135 2537 ι
1180 2486 1309 2538 Item
1343 2484 1395 2536 in
1426 2482 1533 2535 alio
1572 2500 1584 2534 :
1634 2500 1651 2531 i
1686 2481 1907 2537 Nullum
1948 2484 2110 2554 igitur
2134 2490 2294 2535 natu-

713 2589 784 2628 ra:
837 2574 1131 2627 discrimen
1198 2572 1444 2642 agnoscit
1498 2569 1702 2625 Paulus
1753 2570 1895 2635 Filii,
1951 2580 2005 2626 et
2059 2570 2295 2640 Spiritus

712 2664 908 2727 sancti,
938 2665 1029 2718 sed
1064 2663 1232 2717 veluti
1257 2678 1322 2717 es
1358 2662 1497 2733 ipso.
1532 2672 1585 2718 et
1647 2663 1701 2717 in
1726 2664 1841 2729 ipso
1911 2660 2293 2726 exsistetiteiii,

711 2758 863 2811 illum
904 2756 1292 2811 dominationis
1328 2757 1549 2811 nomine
1582 2756 1832 2827 insignit.
1864 2773 1881 2806 ο
1915 2753 2043 2809 Item
2070 2755 2123 2806 in
2157 2753 2293 2806 alio:

718 2866 737 2899 ι
789 2847 1019 2905 Necesse
1074 2856 1154 2903 est
1208 2845 1367 2902 fateri
1430 2846 1689 2914 Spiritum
1774 2862 1841 2899 ex
1890 2844 2123 2900 essentia
2174 2842 2293 2897 Filii

709 2951 851 2993 esse.
897 2954 916 2987 ι
948 2937 1076 2992 Item
1132 2938 1187 2991 in
1215 2937 1320 2993 alio
1351 2954 1362 2989 :
1402 2954 1419 2988 t
1465 2938 1631 3005 Igitur
1664 2950 1729 2991 ex
1748 2934 1992 2991 essentia
2029 2933 2147 2988 Filii
2181 2935 2295 3004 Spi-

712 3030 871 3084 ritus.
917 3047 934 3079 ι

783 3308 933 3362 Idem
967 3304 1318 3377 expositione
1362 3304 1415 3359 in
1456 3304 1805 3374 Evangelium
1846 3301 2091 3367 Joannis,
2140 3304 2190 3358 in
2225 3305 2293 3357 ilo

710 3400 851 3455 Iud:
892 3418 911 3451 ι
946 3397 1014 3453 Ει
1057 3398 1199 3453 Deus
1236 3407 1354 3451 erat
1399 3395 1633 3450 Verbum
1664 3396 1707 3462 ³,
1773 3415 1792 3447 ι
1851 3396 2063 3465 inquit:
2116 3414 2132 3445 t
2176 3394 2294 3449 Non

710 3494 896 3559 itaque
937 3489 1117 3543 minor
1156 3497 1258 3553 est,
1290 3488 1383 3557 qui
1411 3487 1658 3543 eamdem
1701 3487 1970 3543 actionem
2018 3502 2143 3542 cum
2175 3503 2296 3556 per-

714 3585 855 3641 fecto
885 3583 1043 3638 Patre
1077 3583 1335 3652 possidet,
1390 3591 1443 3636 et
1472 3582 1738 3652 genitoris
1768 3580 2032 3651 Spiritum
2081 3589 2139 3634 ut
2170 3597 2295 3651 pro-

714 3679 890 3745 prium
927 3676 1129 3731 bonuni
1162 3688 1271 3727 non
1310 3674 1463 3728 aliter
1498 3684 1665 3738 certe,
1726 3688 1889 3742 quatit
1930 3674 2046 3742 ipse
2084 3674 2299 3743 genitor

717 3767 901 3822 liabet.
946 3785 965 3817 ι

783 3856 926 3910 Idem
964 3860 1015 3909 in
1062 3857 1399 3924 expositione
1454 3855 1729 3925 Evangelii
1782 3855 2082 3912 secundum
2135 3852 2301 3909 Joan-

716 3963 859 4012 nem,
898 3949 950 4002 iii
983 3949 1187 4003 dictum
1220 3965 1233 4001 ;
1267 3966 1285 3999 t
1330 3946 1394 4001 Et
1418 3962 1516 4018 ego
1546 3948 1748 4017 rogabo
1779 3946 2021 4013 Patrem,
2042 3955 2098 4001 et
2133 3946 2297 4000 alium

715 4046 1052 4099 Parneletuni
1081 4043 1231 4097 dabit
1257 4044 1410 4098 vobis
1438 4043 1504 4107 “,
1548 4062 1567 4094 ι
1622 4042 1846 4111 inquit:
1889 4058 1906 4091 i
1971 4038 2107 4094 Nam
2174 4051 2299 4093 cum

718 4156 822 4192 una
865 4154 988 4193 enni
1021 4138 1181 4191 Patre
1213 4137 1556 4190 naturalibus
1597 4136 1818 4191 deitatis
1844 4135 2000 4189 bonis
2048 4132 2302 4186 substan-

718 4232 918 4285 tialiter
952 4229 1121 4283 Filius
1157 4228 1549 4291 communicet,
1610 4228 1800 4281 eodem
1832 4225 1993 4279 modo
2037 4222 2302 4292 Spiritum

716 4323 899 4387 liabet,
932 4336 1039 4388 quo
1058 4318 1213 4372 Pater
1231 4318 1429 4371 habere
1456 4317 1788 4388 intelligitur,
1813 4330 1922 4368 non
1950 4312 2301 4369 adventitiunt

721 4429 897 4481 neque
930 4413 1156 4469 deforis.
1189 4413 1424 4468 Stultum
1455 4408 1602 4464 enim
1639 4417 1802 4475 atque
1831 4406 2095 4460 furiosum
2121 4410 2206 4457 est
2230 4402 2302 4456 ita

718 4506 955 4559 sentire:
992 4502 1085 4558 sed
1116 4499 1578 4573 quemadmodum
1632 4497 2009 4566 unusquisque
2057 4502 2303 4548 nostrum

2400 657 2622 726 Πνεῦμα
2654 658 2733 719 είς
2758 656 2857 725 τὴν
2888 652 3104 723 ἡμέραν
3152 654 3252 724 τῆς
3288 655 3598 725 μελλούσης
3646 658 3985 728 ἀπολυτρώ-

2398 765 2554 810 σεως.
2600 766 2618 798 ι

2479 837 2537 889 ὐ
2572 835 2745 906 μέγας
2776 834 2871 887 καὶ
2920 833 3358 903 Θαυματουργδς
3400 834 3699 906 Γρηγάριος
3734 837 3982 891 Νεοκαι-

2398 926 2624 996 σαρείας
2656 924 2959 987 ιπίσκοπος
2980 926 3043 977 ιν
3073 922 3155 992 τῷ
3176 924 3321 993 λόγῳ
3361 919 3426 979 οὗ
3460 928 3494 995 η
3532 927 3700 998 ἁρχὴ.
3735 945 3754 978 ι
3782 928 3977 999 ἐχθι-

2397 1032 2513 1069 στοι
2546 1016 2643 1068 καὶ
2691 1015 2968 1085 ἀλλότριοι
3023 1016 3124 1083 τῆς
3184 1014 3554 1086 άποστολικῆς
3595 1017 3890 1088 ὁμολογίας
3921 1022 3976 1075 ιι

2395 1111 2485 1163 τὸν
2514 1110 2748 1179 Χριστὸν
2773 1106 2834 1175 ιε
2855 1109 2955 1161 οὐκ
2974 1107 3147 1160 ὄντων
3176 1108 3460 1175 λέγοντες,
3500 1127 3536 1168 ι,
3555 1110 3725 1181 φησίν
3750 1128 3766 1144 ·
3801 1130 3821 1163 ι
3860 1112 3974 1166 Τοῦ

2395 1202 2606 1272 Κυρίου
2640 1205 2666 1253 ὀ
2694 1202 2894 1272 Πατὴρ
2925 1203 3093 1274 ἁρχὴ,
3138 1205 3324 1269 άῖδίως
3354 1203 3518 1259 αὐτὸν
3547 1206 3837 1277 γεννήσας,
3879 1208 3976 1258 καὶ

2396 1292 2757 1360 πρωτότυπος
2786 1291 2882 1346 τοῦ
2913 1293 3237 1365 Πνεῦματος
3266 1297 3296 1349 ὀ
3330 1294 3557 1362 Κύριος.
3612 1313 3632 1347 ι
3685 1296 3746 1350 '0
3793 1297 3975 1363 μέγας

2395 1382 2697 1446 Βασίλειος,
2746 1401 2764 1435 ι
2828 1382 3143 1455 Γεννήτορα
3177 1386 3275 1440 καὶ
3319 1387 3683 1457 πρωτότυπον
3718 1387 3810 1442 τὸν
3857 1388 3968 1441 Πα-

2394 1475 2532 1545 τέρα
2571 1493 2589 1526 ι
2628 1476 2765 1546 φησι
2799 1493 2817 1526 ι
2860 1477 2955 1530 τοῦ
2987 1476 3120 1531 Υίοῦ
3156 1495 3175 1530 ι
3213 1479 3272 1531 ιν
3298 1478 3379 1550 τῷ
3408 1480 3529 1533 κατ’
3566 1479 3839 1551 Εὑνομίου
3880 1497 3961 1534 τε·

2394 1566 2598 1635 τάρτῳ.
2640 1584 2657 1617 ι
3592 1560 3600 1569 ’

2481 1657 2540 1710 '0
2562 1652 2722 1726 ’άγιος
2744 1659 3006 1729 Κὺριλλος
3040 1660 3097 1714 ιν
3128 1661 3214 1715 ινὶ
3239 1661 3349 1715 τῶν
3396 1661 3707 1732 κεφαλαίων
3728 1663 3818 1718 τοῦ
3845 1664 3967 1717 δευ-

2395 1747 2549 1818 τέρου
2572 1747 2683 1805 τῶν
2708 1748 3016 1820 Θησαυρῶν
3044 1765 3058 1785 ο
3088 1770 3107 1804 ι
3144 1752 3303 1806 Ἰθιον
3330 1753 3388 1808 δὲ
3415 1754 3633 1818 πάντως
3657 1754 3721 1808 τὸ
3740 1754 3973 1823 Πνεῦμα

2398 1839 2496 1908 τῆς
2530 1840 2721 1905 οὐσίας
2769 1838 2864 1895 τοῦ
2903 1840 3056 1908 Υίοῦ,
3110 1844 3205 1899 καὶ
3250 1844 3353 1899 οὐκ
3386 1844 3588 1911 ἔξωθεν
3631 1846 3970 1901 ὑποστατόν.

2412 1931 2500 1985 Ἐν
2530 1930 2678 2003 άλλῳ
2708 1933 2906 1987 πάλιν·
2949 1952 2971 1986 ι
3029 1934 3474 2006 Νομοθετοῦντος
3524 1938 3821 2010 τοιγαροῦν
3874 1940 3975 1994 τοῦ

2399 2022 2661 2094 Χριστοῦ,
2686 2024 2761 2087 ὡς
2787 2027 2846 2077 Iv
2869 2024 3023 2095 αὐτῷ
3049 2026 3145 2080 καὶ
3170 2026 3231 2091 ἐξ
3258 2025 3426 2080 αὑτοῦ
3459 2028 3706 2096 φυσικῶς
3724 2029 3980 2100 ὑπάρχον

2395 2114 2457 2167 τδ
2480 2113 2703 2185 Πνεῦμα
2734 2116 2904 2170 αὐτοῦ
2936 2118 3240 2189 νομεθετεῐ.
3288 2139 3307 2171 ι
3346 2118 3456 2174 Καὶ
3484 2120 3649 2174 πάλιν
3675 2122 3736 2174 εν
3784 2122 3936 2193 ἄλλῳ
3955 2139 3974 2153 ο

2403 2224 2421 2257 ι
2471 2206 2716 2276 Ἀνάγκη
2755 2205 2944 2260 λοιπὸν
2975 2208 3041 2260 ἑκ
3087 2210 3186 2279 τῆς
3216 2208 3406 2272 οὐσίας
3462 2210 3735 2281 ὑπάρχειν
3774 2212 3979 2279 ὁμολο-

2399 2299 2518 2364 γεῖν
2552 2297 2683 2351 αὐτὸ
2713 2298 2814 2367 τῆς
2838 2296 2933 2352 τοῦ
2966 2298 3095 2352 Υίοῦ
3131 2301 3225 2352 καὶ
3256 2299 3416 2363 Θεοῦ,
3450 2301 3635 2354 πᾶσαν
3668 2302 3838 2355 αὐτοῦ
3869 2305 3980 2372 τήν

2397 2407 2453 2441 τε
2474 2389 2719 2460 ςδὺναμιν
2745 2391 2840 2444 καὶ
2861 2392 2961 2461 τὴν
2994 2393 3279 2462 ὲνιργειαν
3301 2392 3443 2463 ἕχον.
3489 2412 3508 2444 ι
3555 2394 3667 2448 Καὶ
3716 2396 3887 2448 πάλιν
3913 2397 3979 2449 ιν

2398 2483 2541 2553 ἄλλῳ
2567 2497 2580 2511 ⁸
2622 2504 2641 2537 ι
2685 2483 2769 2548 Ὠς
2802 2483 2909 2553 γάρ
2960 2486 3024 2537 ὲκ
3052 2486 3152 2553 τῆς
3183 2486 3375 2549 οὐσίας
3428 2486 3678 2555 ὑπάρχον
3720 2487 3825 2555 τῆς
3873 2486 3976 2540 τοῦ

2396 2576 2764 2646 χορηγοῦντος
2813 2576 2947 2629 αὐτὸ
3001 2580 3116 2639 τοῖς
3158 2576 3357 2643 ἁγίοις,
3389 2568 3628 2646 Χρίστοῦ
3681 2577 3907 2648 δηλαδή.
3948 2596 3973 2632 s

2399 2669 2508 2721 Kal
2537 2668 2698 2721 πάλιν
2730 2671 2787 2721 ἐν
2813 2666 2959 2738 ἄλλῳ
2979 2683 2993 2697 ·
3027 2686 3046 2718 ι
3078 2667 3353 2739 Οὐδεμίαν
3382 2670 3492 2739 άρα
3524 2669 3740 2739 φύσεως
3783 2671 3979 2738 διαφο-

2400 2761 2498 2829 ρὰν
2532 2754 2674 2813 οἶδεν
2703 2762 2732 2812 ὁ
2770 2759 2982 2821 Παῦλος
3010 2759 3111 2828 τῆς
3142 2759 3237 2813 τοῦ
3276 2758 3405 2812 Υίοῦ
3454 2760 3548 2813 καὶ
3582 2760 3745 2829 ἁγίου
3793 2760 3976 2814 Πνεῦ-

2400 2866 2588 2919 ματος,
2618 2849 2735 2903 ἀλλ’
2759 2850 2833 2913 ὡς
2859 2848 2919 2914 ἐξ
2952 2848 3115 2902 αὑτοῦ
3149 2850 3243 2902 καὶ
3272 2853 3331 2903 ἑν
3352 2850 3499 2921 αὑτῷ
3518 2850 3765 2918 φυσικῶς
3789 2850 3977 2919 ὑπάρ-

2397 2962 2512 3013 χον,
2542 2943 2617 3011 τῷ
2648 2943 2746 3011 τῆς
2780 2943 3106 3010 κυριότητος
3139 2942 3367 3011 ὀνόματι
3398 2942 3577 2999 καλεῖ.
3608 2960 3627 2994 s
3669 2941 3779 2997 Καὶ
3808 2941 3980 2995 πάλιν

2425 3057 2453 3091 ν
2512 3037 2691 3108 ἄλλῳ·
2730 3056 2749 3089 ι
2825 3037 3071 3104 Ἀνάγκη
3115 3038 3176 3090 τὸ
3228 3036 3455 3106 Πνεῦμα
3492 3039 3558 3091 ὲκ
3609 3039 3714 3108 τῆς
3776 3038 3978 3103 οὐσίας

2399 3130 2669 3199 ὑπάρχειν
2710 3128 2995 3198 ὁμολογεῖν
3026 3125 3119 3180 τοῦ
3141 3126 3293 3181 Υίοῦ.
3333 3144 3353 3178 s
3390 3126 3502 3181 Kal
3530 3126 3692 3181 πάλιν
3717 3130 3775 3182 ὲν
3800 3129 3973 3197 άλλιιν

2322 3245 2363 3302 c
2405 3238 2421 3269 ι
2465 3219 2675 3273 Οὐκοῦν
2713 3222 2777 3273 ἔκ
2804 3223 2903 3289 τῆς
2935 3218 3123 3281 οὐσίας
3153 3218 3248 3271 τοῦ
3278 3218 3410 3272 Υίοῦ
3442 3220 3502 3273 τὸ
3536 3220 3783 3291 Πνεῦμα.
3838 3241 3858 3273 s

2482 3315 2542 3367 Ὀ
2581 3309 2742 3373 αὐτὸς
2773 3311 2831 3363 ὲν
2859 3313 2926 3381 τῇ
2958 3310 3224 3382 ἑρμηνείᾳ
3268 3310 3364 3363 τοῦ
3410 3311 3552 3364 κατὰ
3587 3311 3863 3381 Ἰωάννην,
3890 3314 3983 3377 είς

2397 3405 2457 3457 τὸ
2489 3402 2671 3475 ῥητὸν,
2703 3401 2786 3463 τὸ,
2820 3418 2837 3449 ι
2869 3400 2976 3453 Καὶ
3007 3398 3136 3460 Θεὸς
3156 3393 3222 3469 ἦν
3244 3398 3273 3450 6
3307 3400 3533 3467 Λόγος,»
3570 3400 3765 3470 φησίν·
3804 3419 3823 3453 ι
3858 3402 3981 3456 Οὐκ

2399 3498 2508 3566 ἄρα
2546 3493 2783 3546 ἐλάττων
2818 3493 2964 3543 ἐστὶν
2988 3492 3017 3544 ὁ
3063 3494 3161 3561 τὴν
3206 3491 3379 3560 αὐτὴν
3414 3491 3700 3560 ἐνέργειαν
3716 3491 3857 3562 ἔχων
3893 3494 3981 3563 τῷ

2398 3588 2589 3655 τελείῳ
2625 3586 2818 3653 Πατρὶ,
2864 3586 2956 3635 καί
2984 3583 3043 3635 τὸ
3082 3580 3175 3635 τοῦ
3214 3583 3575 3653 γεννήσαντος
3607 3582 3832 3653 Πνεῦμα
3870 3584 3979 3651 φύς

2403 3696 2541 3741 σεως
2590 3680 2726 3741 ιδίας
2786 3677 2927 3747 ἔχων
2982 3676 3208 3744 ἀγαθόν.
3271 3675 3393 3730 Τῶν
3446 3677 3829 3732 ἐνυποστάτων
3879 3676 3982 3732 οὖν

2402 3769 2590 3839 ῶσπερ
2620 3767 2813 3838 ἀμέλει
2850 3767 2942 3820 καὶ
2976 3769 3003 3820 ὸ
3028 3767 3242 3837 Πατήρ.
3282 3785 3302 3818 ι

2484 3862 2543 3913 Ὀ
2601 3860 2762 3921 αὐτὸς
2812 3863 2869 3912 ἐν
2912 3861 2978 3928 τῇ
3010 3859 3275 3929 ἑρμηνείᾳ
3307 3858 3402 3913 τοῦ
3430 3862 3572 3914 κατα
3611 3861 3865 3933 Ἰωάννην
3893 3863 3984 3921 gl;

2402 3953 2461 4004 τὸ
2497 3952 2679 4022 ῥητὸν,
2727 3952 2809 4013 τὸ,
2863 3967 2882 4001 ι
2930 3950 3103 4017 Κάγὼ
3146 3951 3410 4020 ἐρωτήσω
3461 3952 3553 4004 τὸν
3594 3952 3835 4023 Πατέρα,
3884 3955 3983 4006 καὶ

2404 4045 2562 4097 ἄλλον
2604 4042 2959 4112 Παράκλητον
2998 4032 3175 4094 δώσει’
3206 4042 3365 4110 ὑμῖν,
3422 4060 3440 4093 ι
3478 4041 3681 4111 φησίν
3710 4042 3831 4096 Τῶν
3866 4046 3981 4114 γάρ

2370 4136 2497 4209 ατοῦ
2545 4134 2680 4187 Θεοῦ
2737 4136 2832 4185 καὶ
2886 4133 3095 4203 Πατρὸς
3149 4134 3393 4201 φυσικῶν
3443 4132 3664 4200 ἀγαθῶν
3695 4133 3980 4197 eamea;

2408 4228 2669 4297 ὑπάρχων
2688 4229 2715 4277 ὁ
2738 4226 2861 4288 Υἱὸς
2886 4226 3139 4287 κοινωνὸς
3165 4227 3277 4293 ἔχει
3300 4227 3360 4277 τὺ
3385 4226 3606 4295 Πνεῦμα
3624 4226 3769 4279 κατά
3788 4227 3982 4281 τοῦτον

2404 4320 2495 4373 τὸν
2522 4320 2742 4389 τρόπον,
2776 4318 2900 4371 καθ’
2930 4319 3097 4386 ὅνπερ
3131 4318 3196 4370 ἓν
3246 4320 3421 4369 vostro
3446 4318 3535 4371 καὶ
3577 4321 3606 4370 ὁ
3642 4318 3849 4389 Πατὴρ,
3874 4322 3981 4372 οὐκ

2410 4408 2666 4473 ἐπακτὸν,
2696 4407 2816 4460 οὐδὲ
2840 4405 3059 4473 ἔξωθεν.
3091 4405 3299 4475 Εῠηοες
3336 4407 3467 4474 γὰρ,
3499 4406 3698 4475 μᾶλλον
3728 4408 3785 4460 δὲ
3821 4426 3983 4475 μονι-

2410 4502 2503 4555 κδν
2553 4502 2615 4554 τὸ
2668 4500 2812 4553 οῦτω
2868 4499 3123 4568 φρονεῖν’
3187 4498 3302 4551 ἀλλ’
3357 4515 3374 4548 ι
3434 4497 3624 4568 ῶσπερ
3664 4499 3757 4550 καὶ
3819 4498 3982 4567 ἡμῶν

721 4596 997 4664 proprium
1036 4594 1090 4648 in
1122 4567 1303 4663 seipse
1326 4590 1589 4662 Spiritum
1636 4589 1901 4651 continet,
1930 4576 2071 4642 etab
2094 4583 2299 4640 intimis

2406 4592 2635 4655 ῑκαστος
2660 4592 2720 4643 τὸ
2750 4591 2884 4643 ίδιον
2913 4567 2971 4641 ἐν
3007 4588 3187 4657 ἑαυτῷ
3225 4587 3448 4657 Πνεῦμα
3496 4567 3732 4658 συνέχει,
3773 4590 3869 4641 καὶ
3915 4592 3980 4643 ἑκ

608 4700 609 4703 ‘
720 4687 1022 4741 visceribus
1081 4686 1145 4739 ad
1174 4684 1446 4739 exteriora
1505 4680 1783 4752 profundit
1822 4697 1835 4732 :
1872 4688 2150 4748 propterea
2176 4688 2301 4730 cor-

720 4794 881 4848 poree
928 4776 1187 4831 Christus
1238 4772 1565 4836 Insufllavit,
1621 4769 1915 4826 ostendens
1971 4770 2074 4823 lioe
2122 4767 2300 4837 signo,

720 4872 849 4941 quia
878 4866 1339 4939 quemadmodum
1375 4866 1443 4920 ab
1476 4880 1569 4919 ore
1608 4864 1847 4918 bumano
1896 4874 2156 4931 corporee
2198 4860 2300 4913 liu-

723 4975 916 5015 manus
951 4959 1173 5028 spiritus
1197 4957 1460 5027 procedit,
1514 4956 1594 5010 sic
1636 4971 1699 5009 ex
1749 4955 1931 5008 divina
1994 4950 2301 5007 substantia

721 5052 909 5109 deitati
946 5058 1308 5120 congruenter
1343 5047 1600 5117 Spiritus,
1629 5048 1719 5117 qui
1754 5048 1821 5099 ab
1862 5060 1923 5099 ea
1952 5054 2035 5100 est
2079 5046 2307 5113 profuit-

723 5148 888 5200 ditur.
926 5163 944 5196 ι

792 5240 937 5294 Idem
974 5239 1027 5291 in
1079 5243 1231 5291 sexto
1285 5234 1351 5288 ad
1396 5232 1670 5287 Ilermiam
1709 5231 1848 5286 libro
1886 5233 1963 5286 ait
2002 5249 2015 5286 :
2050 5250 2067 5283 ι
2144 5231 2302 5287 Post-

723 5335 946 5385 niodum
979 5328 1255 5399 quomodo
1288 5326 1342 5380 in
1395 5326 1552 5382 nobis
1588 5323 1759 5379 Filius
1792 5340 1889 5394 per
1920 5323 2182 5394 Spiritum
2227 5326 2306 5379 in-

723 5420 966 5477 habitat?
999 5417 1287 5485 Quomodo
1354 5418 1499 5487 quod
1540 5428 1735 5471 natura
1794 5414 2149 5471 excellentius
2197 5425 2302 5481 est,

726 5516 906 5567 minus
932 5511 1248 5566 excellentis
1301 5510 1775 5581 participationem
1841 5508 2304 5562 communicabit?

727 5609 839 5663 Etsi
872 5606 1071 5660 divinat
1118 5613 1326 5657 natura:
1375 5600 1640 5656 cﬂicimur
1686 5599 2000 5668 participes,
2043 5598 2302 5667 Spiritum

728 5698 1078 5763 tiri-ip‘cntes.
1127 5692 1403 5760 quomodo
1438 5687 1677 5744 secundo
1720 5688 1837 5740 loco
1879 5693 2002 5755 post
2040 5684 2302 5754 Spiritum

801 5850 999 5907 'Jnati.
1034 5863 1068 5901 t.
1113 5848 1160 5901 I.
1241 5843 1413 5899 ‘ibid.
1453 5858 1559 5904 Str,
1600 5840 1678 5898 I6.

2409 4682 2517 4735 τῶν
2545 4681 2839 4734 ἐνδοτάτων
2875 4680 3199 4749 σπλάγχνων
3243 4682 3321 4742 είς
3368 4682 3428 4732 τὸ
3458 4680 3562 4745 ἔξω
3595 4682 3815 4750 προχέει
3844 4695 3858 4712 ·
3888 4680 3981 4734 διὰ

2411 4774 2519 4843 γάρ
2560 4789 2643 4825 τοι
2673 4771 2833 4825 τοῦτο
2887 4773 2979 4824 καὶ
3038 4774 3368 4837 σωματικῶς
3413 4771 3546 4825 αὐτὸ
3597 4772 3983 4841 ἐνεφύσησενό

2411 4864 2663 4935 Χριστὸς.
2699 4863 2914 4926 δεικνὺς
2961 4863 3065 4926 ὅτι,
3102 4863 3401 4934 καθώσπερ
3453 4866 3518 4916 ἐκ
3565 4864 3829 4932 στόματος
3884 4864 3980 4917 τοῦ

2410 4954 2752 5024 ἀνθρωπείου
2804 4955 3020 5021 πρόεισι
3072 4953 3130 5005 τὸ
3182 4954 3407 5022 Πνεῦμα
3454 4953 3980 5024 σωματικῶς,οῦτω

2412 5046 2507 5097 καὶ
2545 5046 2611 5096 εκ
2641 5044 2740 5112 τῆς
2765 5042 2917 5105 θείας
2950 5043 3139 5104 οὐσίας
3169 5041 3491 5113 θεοπρεπῶς
3521 5044 3807 5113 προχεῖται
3838 5042 3900 5095 τὸ
3920 5040 3979 5109 ἐξ

2410 5135 2601 5204 αὐτῆς.
2640 5153 2659 5187 s

2493 5227 2551 5280 '0
2578 5225 2759 5289 αὐτὸς,
2788 5222 2848 5280 ἔν
2882 5232 2937 5290 ς’
2964 5227 3073 5279 τῶν
3104 5227 3237 5296 πρὸς
3256 5226 3516 5298 Ἑρμείαν
3548 5225 3711 5295 φησίν
3734 5239 3746 5253 ·
3781 5244 3799 5276 ι
3838 5221 3969 5277 Εἶτα

2413 5317 2525 5380 πῶς
2554 5319 2685 5389 ἡμῖν
2714 5319 2743 5369 ὀ
2772 5316 2899 5379 Υἱὸς
2925 5316 3014 5370 διὰ
3036 5315 3130 5371 τοῦ
3163 5318 3478 5385 Πνεῦματος
3510 5314 3823 5382 αὑλίζεταις
3858 5315 3979 5381 Πῶς

2410 5409 2466 5462 δὲ
2494 5409 2554 5461 τὸ
2577 5408 2799 5478 άμεινον
2830 5409 2973 5462 κατὰ
2992 5407 3153 5477 φύσιν
3173 5411 3273 5480 τὴν
3292 5409 3386 5463 τοῦ
3408 5410 3649 5480 χείρονος
3690 5409 3977 5477 ἑμποιήσει

2416 5500 2632 5570 μέθεξιν
2664 5502 2730 5555 δι’
2758 5500 2967 5566 αὖτοῦ;
2997 5502 3107 5556 Καὶ
3155 5504 3202 5555 εί
3251 5500 3400 5566 θείας
3433 5501 3646 5571 φύσεως
3690 5501 3982 5557 ἀποτελού-

2417 5592 2555 5662 μεθα
2586 5593 2837 5647 κοινωνοὶ
2863 5593 2927 5646 τὸ
2972 5591 3197 5663 Πνεῦμα
3228 5593 3530 5665 δεχόμενοι,
3560 5594 3675 5657 πῶς
3720 5594 3777 5647 ὲν
3800 5592 3982 5646 δευτε-

2414 5702 2529 5755 ροις
2575 5684 2669 5737 τοῦ
2723 5681 3039 5756 Πνεῦματος
3073 5686 3102 5739 ὁ
3130 5685 3293 5751 Υἱόςς
3324 5686 3357 5757 ἣ
3400 5686 3513 5749 πῶς
3545 5687 3769 5757 ἄμεινον
3797 5684 3977 5752 αὑτοῦ,
