4168 6450
118 475 233 540 621

1561 477 2048 544 EPIGRAPHJ'J.

3345 484 3459 553 622

111 591 224 648 καὶ
257 595 410 665 οὐχὶ
449 592 516 667 δὴ
552 591 752 665 μάλίιεν
783 593 859 657 ὥς
886 593 1050 659 αὐτὸς
1083 611 1144 648 τε
1189 595 1285 648 καὶ
1324 595 1454 660 παρ’
1498 591 1665 647 αὐτοῦ
1700 593 1754 644 τὺ

1866 593 2034 648 Frlius
2058 591 2452 650 collocabitur‘!
2486 593 2552 650 Et
2578 609 2685 666 qua
2711 593 2919 654 ratione
2943 594 3082 652 Filio
3115 598 3464 668 prastantior

114 686 389 756 Πνεῦμα
430 687 620 752 αὐτοῦ,
657 688 790 758 ὅλην
831 686 957 759 ἔχον
1003 686 1170 742 αὐτοῦ
1199 686 1301 760 τὴν
1329 685 1636 758 ἐνέργειαν,
1669 686 1761 739 καὶ

110 779 230 850 τὴν
269 778 465 834 αὑτοῦ
508 777 727 848 μέθεξιν
752 777 1047 851 ἱμποιοῦη
1097 798 1117 832 ι

216 961 291 1015 Ὁ
373 963 788 1035 Μεταφραστὴς
841 966 901 1018 ιν
952 961 1033 1034 τῷ
1087 962 1380 1034 μαρτυρίῳ
1437 962 1534 1016 τοῦ
1601 963 1761 1031 ἁγίου

115 1055 460 1109 Διονυσίου
512 1053 610 1109 τοῦ
669 1047 1068 1127 ’Ἀρεοπαγίτου
1121 1054 1184 1120 ιε
1230 1054 1402 1124 αὐτῆς
1430 1054 1530 1125 τῆς
1588 1053 1764 1124 ἀρχῆς

110 1145 228 1200 τοῦ
261 1145 454 1215 λόγου
507 1145 676 1216 φησιν
698 1163 712 1178 ·
754 1164 772 1199 ι
817 1145 995 1202 Πάλαι
1035 1145 1135 1217 μιν
1169 1147 1228 1198 ἐν
1258 1143 1451 1210 τύποις
1477 1139 1548 1216 ἦν
1569 1143 1640 1198 τὰ
1668 1145 1768 1214 τῆς

118 1238 412 1300 πίστεως
437 1241 534 1290 καὶ
564 1237 880 1308 αἰνίγμασι,
917 1237 1012 1291 καὶ
1049 1237 1114 1292 τὸ
1132 1236 1232 1307 τῆς
1258 1224 1521 1309 ἀληθείας
1561 1236 1764 1305 φέγγος

114 1328 211 1400 τῷ
246 1328 375 1398 τῆς
404 1331 568 1394 σκιᾶς
590 1329 743 1398 νέφει
776 1329 1237 1384 συνειαλύπτετο.
1279 1328 1435 1382 Ἐπεὶ
1462 1326 1595 1381 δὲτὸ
1622 1329 1768 1397 μέγα

115 1422 236 1491 τῆς
271 1420 457 1491 ἡμῶν
488 1421 1241 1494 σωτῃίαςῒπραγμᾱτεύθη
1299 1421 1644 1491 μυστήριον,
1671 1420 1766 1473 καὶ

115 1512 449 1576 ὁ-ττλάσας
503 1514 645 1568 κατά
680 1513 852 1583 μόνας
885 1517 986 1577 τὰς
1034 1512 1267 1585 καρδίας
1326 1512 1484 1583 ἡμῶν
1541 1510 1621 1583 τῷ
1663 1511 1767 1580 τῆς

116 1606 373 1670 οἰκείας
411 1607 545 1677 περὶ
574 1607 721 1678 ἡμᾶς
762 1607 931 1678 οῐκτῳ
960 1607 1334 1679 χρηστότητος
1362 1606 1766 1676 ἀναμαρτήτως

121 1698 395 1766 γέγονεν
426 1696 501 1762 ὡς
533 1700 714 1768 ἡμεῖς,
747 1697 921 1752 τᾶλλα
975 1715 1035 1751 τε
1088 1696 1331 1767 ὑπῆλθεν
1365 1698 1467 1752 ὅσα
1515 1698 1615 1768 τῆς
1670 1700 1766 1752 ἀν-

122 1785 452 1858 θρωπίνης
483 1778 632 1842 ἐστὶν
667 1790 975 1854 ἀσθενείας,
1007 1789 1076 1843 ἶν’
1102 1789 1214 1858 ιγὼ
1240 1789 1340 1862 τὴν
1376 1789 1602 1862 πρώτην
1625 1793 1766 1845 ἀπο·

123 1878 307 1932 inde)
349 1879 656 1947 εὐγένειαν,
692 1881 789 1936 καὶ
817 1883 966 1942 τέλος
1003 1882 1094 1935 τὸν
1125 1881 1214 1936 διὰ
1273 1882 1512 1954 σταυροῦ
1538 1882 1768 1938 θάνατον

1867 685 2032 742 fuerit
2057 699 2112 741 et
2135 701 2244 741 non
2265 686 2450 758 potius
2485 695 2542 740 nt
2567 687 2703 757 ipse,
2741 696 2794 743 et
2815 689 2884 744 ab
2916 689 3045 760 ipso
3074 689 3334 760 Spiritus,
3365 691 3460 761 qui

1867 778 2041 846 ipsius
2068 778 2341 834 actionem
2371 778 2688 835 universam
2725 780 2779 836 in
2816 796 2874 836 se
2901 781 3169 848 continet,
3200 788 3257 838 et
3280 779 3376 854 qui
3402 781 3466 838 il-

1869 866 1987 924 lius
2007 871 2480 940 participationem
2509 873 2926 929 communicat?
2965 894 2984 927 ι

1935 963 2328 1031 Metaphrastes
2367 965 2422 1020 in
2473 965 2732 1034 martyrio
2764 964 3003 1037 Dionysii
3039 966 3379 1039 Areopagitas
3408 966 3462 1021 in

1868 1057 1987 1125 ipso
2017 1059 2285 1116 orationis
2305 1057 2553 1125 exordio,
2583 1059 2658 1113 ait
2700 1075 2714 1112 :
2753 1078 2771 1110 ι
2797 1058 2940 1115 Οιὶιη
2973 1045 3197 1130 quidem
3226 1059 3363 1116 fides
3389 1059 3466 1116 si-

1869 1155 1920 1201 ta
1952 1158 2070 1202 erat
2113 1151 2165 1205 in
2195 1149 2368 1219 signis
2401 1157 2455 1204 et
2513 1149 2919 1219 a'nigmatibus.
2974 1161 3029 1206 et
3062 1150 3223 1206 nubat
3268 1149 3465 1206 umbra

1870 1248 2012 1292 tecta
2046 1248 2160 1294 erat
2209 1240 2298 1292 lux
2339 1239 2606 1318 veritatis.
2665 1239 2966 1310 Postquam
3031 1251 3216 1296 autem
3259 1249 3467 1297 nostra

1869 1330 2061 1385 salutis
2086 1345 2338 1400 magnum
2359 1341 2636 1400 peractum
2663 1329 2766 1385 fuit
2785 1331 3132 1403 mysterium,
3165 1342 3218 1387 et
3239 1332 3334 1403 qui
3356 1330 3463 1388 lin-

1872 1420 1950 1473 xit
1970 1421 2288 1492 singillatim
2319 1421 2486 1475 corda
2524 1429 2712 1476 nostra
2742 1436 2857 1477 sua:
2891 1421 3243 1494 benignitatis
3271 1422 3329 1478 in
3361 1437 3463 1479 nos

1871 1512 2274 1579 miserit-ordia,-
2308 1512 2443 1567 citra
2476 1514 2761 1583 peccatum
2792 1523 2954 1569 natus
3001 1523 3087 1569 est
3141 1515 3286 1571 sicut
3337 1529 3462 1582 nos,

1871 1615 1923 1657 et
1952 1603 2056 1657 alia
2101 1603 2291 1668 subiit,
2329 1618 2450 1673 qua:
2483 1613 2614 1660 sunt
2641 1606 2894 1660 humana:
2949 1597 3362 1671 imbecillitatis,
3403 1613 3466 1660 ut

1871 1712 1973 1768 ego
2028 1695 2260 1765 primam
2315 1696 2612 1766 reciperem
2669 1698 3034 1762 nobilitatem,
3090 1706 3146 1754 et
3185 1708 3464 1770 postremo

1872 1788 2268 1843 condemnatus
2281 1787 2384 1843 fuit
2412 1799 2588 1844 morte
2603 1791 2804 1856 erucis,
2827 1801 2880 1846 et
2905 1806 2973 1846 ne
3002 1790 3180 1846 dicam
3205 1791 3460 1861 singula:

1873 1892 2000 1937 sunt
2027 1882 2174 1937 enim
2207 1883 2376 1937 multa
2407 1883 2728 1939 intermedia
2759 1884 3080 1940 economia:
3109 1884 3293 1940 carnis
3326 1898 3461 1940 sus-

129 1971 599 2043 κατακρίνεταιδ
658 1975 752 2028 καὶ
819 1975 906 2028 ἵνα
963 1974 1039 2045 μὴ
1097 1975 1167 2028 τὰ
1221 1975 1541 2029 καθέκαστα
1588 1975 1754 2044 λέγω,

1865 1987 2033 2045 cepta:
2071 1975 2350 2048 mysteria,
2393 1975 2556 2032 linem
2620 1975 2831 2044 accepit
2895 1989 3196 2045 corporeus
3255 1975 3466 2031 adven-

128 2063 342 2118 πολλὰ
381 2064 493 2136 γάρ
522 2065 589 2119 τὰ
619 2069 676 2119 ιν
706 2066 857 2136 μέσῳ
882 2066 981 2135 τῆς
1019 2066 1332 2136 οἰκονομίας
1366 2067 1531 2121 αὐτοῦ
1557 2069 1764 2138 μυστή-

133 2175 270 2229 ρια,
301 2159 488 2232 πέρας
525 2161 595 2214 τὰ
633 2161 734 2230 τῆς
767 2163 1086 2232 σωματικῆς
1119 2163 1387 2232 ἑνδημίας
1415 2163 1660 2234 δέχεται,
1694 2163 1764 2218 τά

129 2248 243 2304 τοῦ
303 2250 633 2323 Πνεῦματος
679 2253 910 2325 ἄρχεται
938 2291 952 2317 ,
1005 2256 1100 2308 καὶ
1149 2258 1230 2319 είς
1263 2255 1525 2327 οὐρανοὺς
1559 2257 1586 2309 6
1631 2257 1762 2326 ἐμὸς

132 2341 405 2413 Χριστὸς
443 2342 796 2416 ἀναφέρεται,
832 2347 926 2399 καὶ
959 2345 1094 2416 πρὸς
1139 2347 1230 2399 τὸν
1274 2347 1539 2418 πατρικὸν
1588 2349 1759 2402 ἀπάν-

133 2450 257 2486 εισι
340 2434 556 2506 θρόνον,
606 2439 698 2491 καὶ
753 2439 816 2492 τὸ
867 2438 1302 2508 ἐκπορευόμενον
1333 2437 1500 2493 αὐτοῦ
1535 2435 1759 2508 Πνεῦμα

137 2523 248 2576 ἰπὶ
281 2527 360 2596 τῇ
396 2526 507 2597 τῷν
554 2527 800 2583 ἀπίστων
833 2527 1034 2596 ιθνῶν,
1107 2529 1481 2601 Καταπέμπω
1563 2531 1676 2593 τοῖς
1742 2527 2016 2601 μαθηταῖς
2061 2527 2279 2602 ὁδηγίᾳ.
2322 2526 2419 2581 Ἐν
2465 2542 2578 2580 τισι
2635 2527 2862 2597 prastat;

149 2613 530 2672 Ἀναστάαιον
563 2619 694 2690 ἔχει.

217 2707 516 2779 Θεόδωρος
559 2713 588 2764 ὁ
617 2712 714 2781 τῆς
774 2713 994 2768 Ῥαῖθοῦ
1052 2715 1425 2788 πρεσϐύτερος
1472 2716 1599 2788 περὶ
1650 2715 1762 2770 τῶν

139 2799 284 2852 καθ’
321 2801 472 2872 ἡμᾶς
512 2790 694 2874 ὀρίῗῶν
723 2806 826 2874 τῆς
853 2808 1115 2878 ἀληθείας
1146 2810 1432 2880 δογμάτων
1463 2809 1754 2878 θεολογῶν,

141 2892 368 2961 φησιν’
406 2910 425 2944 ι
464 2893 572 2947 Τοῦ
610 2895 668 2948 δὲ
699 2896 952 2968 σώματος
981 2901 1040 2954 τὸ
1072 2900 1270 2970 ἰδίωμα
1296 2901 1552 2966 λαϐόντες
1572 2902 1758 2975 παρά-

142 2983 412 3061 δειγμα⁹
462 2987 562 3057 τὴν
614 2985 982 3061 ἀλληλουχίαν
1021 2991 1130 3046 τῶν
1185 2991 1351 3046 θείων
1402 2994 1758 3048 ὑποατάαεων

144 3079 600 3147 παρεστήσαμεν
628 3079 717 3132 διά
748 3081 850 3151 τῆς
878 3083 990 3135 τῶν
1030 3083 1210 3151 μελῶν
1243 3084 1538 3154 ἀναλογίας
1573 3088 1639 3138 τέ
1667 3085 1760 3139 καὶ

145 3164 456 3230 εἰκασίας·
494 3168 668 3242 ταύτῃ
699 3172 810 3242 γὰρ
855 3173 952 3225 καὶ
994 3172 1215 3244 πνεῦμα
1251 3176 1520 3244 στόματος
1567 3175 1760 3243 αὑτοῦ,

1869 2075 1957 2121 tus
1991 2083 2006 2123 :
2043 2066 2235 2137 incipit
2269 2066 2419 2123 clara
2447 2065 2819 2122 manifestatio
2860 2066 3139 2134 veritatis;
3175 2074 3229 2122 et
3263 2064 3316 2121 in
3346 2080 3464 2124 cte-

1869 2157 1980 2212 lum
2027 2157 2272 2212 ascendit
2316 2172 2472 2213 meus
2530 2155 2804 2226 Christus,
2841 2166 2897 2215 et
2947 2157 3014 2213 ad
3048 2159 3231 2214 sedem
3280 2166 3465 2229 pater-

1867 2263 1994 2303 nam
2046 2251 2362 2314 revertitur,
2420 2258 2474 2304 et
2507 2250 2601 2320 qui
2637 2264 2700 2304 ex
2737 2251 2857 2322 ipso
2894 2250 3160 2321 procedit,
3193 2249 3461 2320 Spiritum

1863 2345 2102 2400 demittit
2141 2341 2454 2413 discipulis,
2499 2355 2559 2397 ιιι
2589 2353 2773 2399 essent
2831 2343 2999 2399 duces
3060 2346 3304 2414 gentium
3342 2342 3465 2398 infi-

1863 2439 2090 2496 deiium.
2123 2457 2143 2490 ι

2929 2531 2977 2623 κὴ
3031 2532 3321 2602 ἐπιγραφὴ
3369 2541 3463 2586 τον

1944 2709 2271 2769 Theodorus
2296 2710 2619 2784 Baytltenus
2662 2706 2947 2782 presbyter
2972 2728 3039 2769 oe
3068 2715 3234 2770 rectis
3260 2725 3464 2776 nostra:

1868 2806 1998 2861 iidei
2031 2815 2088 2862 et
2123 2806 2375 2862 veritatis
2413 2804 2765 2874 dogmatibus
2797 2805 3041 2860 decernit
3081 2823 3096 2861 :
3144 2825 3163 2858 ι
3202 2807 3462 2879 Corporis

1862 2914 1986 2955 vere
2010 2897 2394 2970 proprietatem
2410 2896 2466 2952 in
2495 2896 2804 2968 exemplum
2826 2897 3179 2970 accipientes,
3211 2916 3460 2959 mutuam

1861 2991 2177 3046 divinorum
2208 2989 2600 3045 cohaerentiam
2643 3002 2738 3059 per
2797 2979 3170 3045 membrorum
3229 3006 3459 3061 propor-

1863 3083 2065 3137 tionem
2120 3092 2176 3136 et
2225 3079 2680 3136 assimilationem
2737 3081 3253 3150 repraesentavimus
3289 3084 3458 3139 :binc

1865 3183 1922 3232 et
1950 3173 2179 3245 spiritus
2208 3171 2516 3234 orisiilius,
2551 3170 2644 3226 Dcl
2682 3186 2900 3241 nempe,
2931 3172 3158 3235 dicitur,
3195 3176 3282 3228 cui
3319 3173 3453 3230 Uni-

147 3257 411 3329 δηλονότι
456 3259 551 3314 τοῦ
599 3261 774 3328 Θεοῦ,
810 3263 870 3317 τὸ
922 3265 1145 3336 Πνεῦμα
1199 3268 1260 3320 τὸ
1307 3267 1465 3336 ἅγιον
1510 3269 1754 3340 λέγεται,

1861 3265 2078 3336 genitus
2115 3279 2179 3320 os
2208 3273 2313 3332 est,
2345 3264 2589 3334 Spiritus
2617 3273 2846 3320 sanctus
2878 3264 3104 3323 dicitur.
3134 3265 3200 3320 Et
3217 3265 3454 3337 Spiritus

149 3349 439 3420 στόματος
467 3353 620 3417 ὄντος
664 3355 760 3409 τοῦ
800 3357 1162 3428 Μονογενοῦς.
1189 3361 1298 3415 Καὶ
1343 3362 1567 3433 Πνεῦμα
1597 3366 1760 3420 πάλιν

150 3441 219 3507 ἐξ
280 3441 456 3503 αὑτοῦ
515 3445 954 3518 ἐκπορευόμενον
1030 3453 1124 3505 καὶ
1176 3454 1647 3526 ἀποατελλὸμενον
1692 3461 1756 3513 οὑ

154 3533 331 3604 μόνον
359 3537 505 3607 παρά
529 3537 622 3591 τοῦ
659 3541 892 3611 Πατρὸς,
926 3542 1063 3598 ἀλλά
1093 3545 1188 3600 καὶ
1225 3545 1378 3618 παρὰ
1406 3547 1503 3601 τοῦ
1530 3548 1683 3606 Υίοῦ.
1729 3572 1747 3604 ι

151 3625 276 3681 Καὶ
305 3630 447 3698 μετά
463 3647 585 3686 τινα
602 3647 618 3664 ο
656 3649 676 3684 ι
708 3632 819 3686 Καὶ
845 3633 954 3705 μὴν
977 3637 1005 3687 ὁ
1031 3635 1235 3706 Κύριος
1265 3636 1326 3701 ἐξ
1345 3637 1513 3692 αὐτοῦ
1539 3640 1754 3708 δεικνὺς

150 3719 298 3774 αὐτὸ
327 3720 621 3793 ὑπάρχειν,
651 3727 912 3796 ἐμφυσῶν
941 3730 1055 3793 τοῖς
1075 3730 1350 3802 μαθηταῖς
1368 3729 1521 3802 ἔλεγε
1544 3751 1558 3763 ο
1600 3755 1618 3786 ε
1643 3735 1756 3789 Ad-

150 3810 291 3866 σετε
319 3815 538 3886 πνεῦμα
568 3815 745 3886 ἅγιον.
779 3837 796 3870 ι

241 3903 320 3960 '0
339 3906 492 3976 άγιος
532 3909 851 3976 ’Δθανάαιος
883 3916 941 3968 ιν
971 3909 1038 3988 τῇ
1094 3917 1354 3989 ὁμολογίᾳ⁸
1409 3923 1509 3990 τῆς
1575 3922 1748 3977 αὐτοῦ

153 3993 426 4060 πίστεως,
483 3998 648 4068 φησίν
669 4018 681 4031 ·
716 4019 736 4055 ι
762 4001 834 4054 Τὸ
869 4003 1027 4072 ἆγιον
1059 4005 1284 4076 Πνεῦμα
1317 4010 1386 4062 ἐκ
1411 4008 1506 4062 τοῦ
1537 4009 1751 4082 Πατρὸς

156 4087 258 4141 καὶ
306 4090 372 4143 ιχ
413 4090 510 4144 τοῦ
563 4091 698 4146 Υίοῦ
734 4095 906 4162 εστιν,
939 4097 1000 4150 οὐ
1048 4102 1291 4170 ποιητὸν,
1323 4099 1384 4154 οὗ
1425 4103 1662 4172 κτιστδν,
1686 4107 1748 4160 οὐ

155 4181 446 4252 γεννητὸν,
478 4183 594 4238 ἀλλ’
623 4187 1086 4258 ἐκπορευόμενον.
1136 4211 1156 4243 ι

247 4272 308 4327 ’0
353 4275 511 4341 ἀγιος
574 4275 891 4346 Ἐπιφάνιος
922 4281 981 4333 ἐν
1022 4278 1104 4350 τῷ
1133 4280 1274 4351 λόγῳ
1314 4282 1394 4354 τῷ
1429 4283 1748 4356 καλουμένῳ
1811 4267 1815 4273 ’

169 4358 514 4436 Ἀγκυρωτῷ
548 4368 716 4437 φησίν
743 4385 758 4400 ο
798 4387 817 4420 t
847 4370 921 4422 Τὸ
951 4371 1174 4442 Πνεῦμα
1203 4375 1612 4446 ἀκατάληπτον,
1644 4378 1746 4431 οὐκ

1865 3373 2062 3413 rursus
2097 3372 2163 3412 ex
2202 3359 2321 3426 ipso
2366 3357 2689 3426 procedens,
2720 3367 2772 3412 et
2811 3359 3015 3414 missus
3051 3375 3159 3414 non
3190 3369 3396 3414 tantum
3423 3376 3455 3415 a

1863 3449 2023 3508 Patre
2054 3450 2150 3505 sed
2181 3449 2346 3503 etiam
2388 3462 2418 3501 a
2447 3445 2608 3504 Filio.
2645 3468 2664 3500 ι
2703 3449 2768 3504 Et
2811 3461 2934 3520 post
2968 3465 3179 3521 pauca:
3217 3470 3236 3501 ι
3288 3449 3354 3506 Et
3377 3453 3456 3506 ni-

1862 3541 2164 3597 ltilo'minus
2212 3541 2478 3596 Dominus
2506 3558 2571 3596 ex
2627 3555 2687 3598 se
2740 3542 2861 3614 ipso
2903 3548 3168 3600 exsistere
3226 3545 3450 3612 docens,

1860 3633 2148 3704 discipulis,
2178 3631 2464 3689 ittsuiilans
2485 3632 2623 3689 dixit
2658 3651 2673 3690 :
2723 3652 2743 3686 ι
2787 3635 3455 3707 AccipiteSpiritumsatr-

1861 3736 2008 3782 ctum
2040 3728 2086 3782 '.
2129 3745 2146 3777 ›

1937 3907 2176 3966 Sanctus
2238 3911 2578 3968 Athanasius
2634 3912 2691 3968 in
2743 3913 3083 3984 professione
3119 3933 3258 3974 rem
3297 3920 3450 3988 fidei,

1857 4003 1990 4059 dicit
2041 4020 2056 4058 :
2090 4021 2110 4057 ι
2136 4001 2377 4074 Spiritus
2398 4012 2625 4061 sanctus
2667 4021 2734 4061 ex
2767 4003 2950 4074 Patre,
3004 4017 3059 4064 et
3088 4025 3152 4064 ex
3178 4009 3314 4067 Filio
3342 4023 3449 4081 est,

1854 4111 1962 4153 non
1996 4095 2200 4163 factus,
2247 4110 2358 4152 non
2395 4105 2635 4167 creatus,
2677 4113 2784 4155 non
2837 4100 3076 4172 genitus,
3115 4103 3210 4159 sed
3253 4094 3450 4175 prece.

1854 4186 2012 4241 dens.
2052 4204 2072 4236 ι

1923 4276 2264 4349 Epiphanius
2303 4279 2577 4348 oratione,
2607 4281 2695 4337 cui
2742 4295 2945 4340 nomen
3000 4285 3231 4357 prmﬁxit
3267 4288 3449 4362 Ancy-

1849 4378 1992 4434 roto,
2019 4371 2153 4426 dicit
2194 4388 2207 4424 :
2239 4370 2518 4443 «Spiritus
2539 4375 2935 4446 comprehendi
2973 4382 3081 4433 non
3118 4389 3445 4450 potest,non

157 4452 442 4542 ἀλλΰτριον
493 4456 590 4510 τοῦ
646 4459 862 4530 Πατρὸς
914 4465 1007 4515 καὶ
1057 4461 1219 4528 Υἱοῦ,
1268 4465 1389 4521 οὐδὲ
1443 4469 1741 4542 συναλοιφή

1859 4464 2065 4519 alienus
2121 4475 2203 4521 est
2265 4463 2443 4520 Patris
2474 4476 2528 4522 et
2584 4465 2731 4536 Filii,
2785 4483 2960 4538 neque
3008 4474 3319 4528 contractio
3362 4485 3446 4529 est

156 4541 277 4632 Ean
326 4543 540 4616 Πατρὸς
587 4549 681 4602 καὶ
735 4549 897 4614 ’Υἱοῦ,
937 4569 957 4603 ι
991 4552 1128 4605 Μετ’
1183 4553 1376 4622 ἀλίγαθ
1434 4573 1452 4607 ι
1521 4541 1745 4629 Πνεῦμα

1859 4555 2030 4612 Patris
2057 4565 2110 4612 et
2133 4555 2278 4612 Filii.
2323 4577 2342 4610 ι
2375 4557 2443 4612 Ει
2474 4570 2600 4629 post
2628 4575 2802 4630 pauca
2841 4579 2854 4615 :
2902 4581 2920 4613 ε
2960 4562 3199 4632 Spiritus
3219 4575 3445 4621 sanctus

157 4629 320 4701 ἆγιον
353 4634 416 4686 οὐ
459 4636 813 4707 συνάδελφον,
853 4641 914 4693 οὐ
944 4643 1325 4712 πατράδελφον
1347 4678 1364 4706 ί
1406 4645 1527 4698 ἀλλ’
1555 4647 1617 4699 ἑκ
1645 4651 1744 4719 τῆς

1859 4660 1967 4702 non
2015 4645 2186 4703 frater
2213 4648 2420 4716 fratris,
2447 4665 2554 4704 non
2577 4629 2756 4707 Patris
2786 4649 2977 4717 frater,
2999 4629 3101 4709 sed
3154 4670 3221 4709 ex
3252 4657 3440 4712 eadem

156 4726 330 4796 αὐτῆς
381 4729 569 4793 οὐσίας
609 4730 821 4800 Πατρὺς
875 4736 968 4786 καὶ
1016 4734 1172 4789 Υίοῦ.
1225 4737 1333 4788 Καὶ
1370 4737 1537 4801 αὐτὸς
1568 4739 1675 4809 γὰρ
1717 4742 1746 4794 ὁ

158 4812 474 4886 Μονογενὴς
503 4818 680 4888 λέγει,
705 4820 767 4874 τὸ
799 4822 1022 4893 Πνεῦμα
1048 4825 1141 4877 τοῦ
1177 4825 1387 4897 Πατρὸς
1423 4827 1516 4880 καὶ
1546 4831 1610 4880 ὲκ
1649 4828 1744 4881 τοῦ

161 4906 377 4978 Πατρὸς
421 4912 882 4984 ικπορευόμενον,
928 4918 1022 4970 καὶ
1051 4919 1114 4968 ὲκ
1157 4918 1250 4971 τοῦ
1306 4920 1441 4990 ἐμοῦ
1490 4919 1743 4990 λήψεται,

161 4997 250 5051 ἳνα
291 5000 368 5070 μὴ
416 5000 696 5072 memmi
730 5005 1012 5077 νομισθείη
1056 5007 1287 5078 Πατρὸς,
1343 5008 1479 5079 μηδι
1526 5009 1677 5064 Υιοῦ.
1718 5029 1737 5061 ι

161 5089 274 5144 Καὶ
322 5087 440 5161 μετ’
470 5093 665 5162 ὀλίγα’
700 5113 719 5147 ι
770 5096 865 5149 Ἐκ
894 5096 990 5149 τοῦ
1053 5099 1264 5172 Πατρὸς
1323 5102 1415 5153 καὶ
1471 5103 1563 5153 τοῦ
1600 5101 1731 5155 Υἱοῦ

160 5184 342 5253 τρίτον
368 5187 433 5254 τῇ
465 5186 751 5260 ὀνομασίᾳ.
793 5207 811 5240 ι
849 5191 956 5242 Καὶ
978 5192 1116 5259 μετά
1139 5192 1306 5245 πολλά
1334 5193 1475 5246 πάνυ
1502 5210 1516 5224 ο
1558 5212 1576 5244 ι
1601 5193 1734 5263 Ἀμ-

158 5276 358 5346 φότερα
385 5280 634 5330 κατοικεῖ
673 5276 730 5330 ὲν
755 5279 832 5349 τῷ
864 5283 1139 5352 ἀνθρώπῳ
1170 5283 1245 5352 τῷ
1274 5284 1489 5356 δικαίῳ,
1531 5290 1558 5338 ό
1596 5286 1732 5356 Χρι-

160 5367 284 5428 στὸς
331 5371 426 5421 καὶ
485 5371 546 5422 τὸ
606 5371 830 5442 Πνεῦμα
880 5374 1070 5426 αὑτοῦ.
1107 5374 1168 5424 Ei
1200 5375 1256 5426 δὲ
1281 5375 1514 5446 Χριστὸς
1545 5378 1609 5428 ὲκ
1639 5377 1731 5430 τοῦ

158 5457 364 5529 llas-pb;
397 5463 711 5517 πιστεύεται
742 5467 874 5528 θεὸς
909 5467 972 5516 ὲκ
1021 5466 1177 5532 Θεοῦ,
1205 5449 1298 5520 καὶ
1324 5469 1384 5520 τὸ
1418 5469 1638 5539 Πνεῦμα
1670 5471 1735 5524 ὲκ

156 5549 250 5601 τοῦ
287 5551 544 5618 Χριστοῦ,
593 5554 624 5623 ἢ
676 5555 808 5624 παρ’
838 5556 1188 5626 ἀμφοτέρων,
1227 5555 1300 5619 ὣς
1341 5574 1504 5628 φησιν
1530 5561 1557 5610 ὁ
1600 5561 1733 5628 Χρι-

160 5656 301 5703 στις,
347 5644 446 5694 «⁸0
475 5648 626 5713 παρὰ
658 5645 750 5697 τοῦ
781 5646 991 5714 Πατρὸς
1025 5647 1411 5717 ἐκπορεύεται,
1449 5653 1542 5704 καὶ
1578 5646 1734 5717 οὗτος

156 5733 216 5787 ἐκ
257 5751 345 5787 ιον
369 5735 504 5804 ἐμοῦ
535 5736 785 5806 λήψεται.
823 5755 842 5788 ι
883 5738 992 5790 Καὶ
1030 5737 1148 5807 μετ’
1174 5737 1329 5808 ὀλίγα
1353 5757 1364 5770 ’
1408 5760 1426 5793 ι
1451 5741 1590 5795 Ἀλλ’
1619 5747 1737 5815 ἐρεῖ

222 5891 420 5950 'Joan.
455 5912 546 5963 xx,
576 5896 665 5952 22.
815 5899 836 5930 ‘
862 5899 995 5955 ibid.
1031 5915 1121 5970 xv,
1150 5899 1257 5968 26;
1293 5916 1404 5968 xu,
1443 5899 1531 5968 ιι,
1568 5901 1656 5957 i5.

1847 4741 2085 4796 essentia
2136 4738 2314 4796 Patris
2356 4751 2412 4796 et
2441 4740 2588 4796 Filii.
2643 4742 2890 4813 Namque
2941 4746 3058 4814 ipse
3112 4747 3442 4817 Unigenitns

1849 4831 2019 4888 dicit:
2055 4829 2319 4901 Spiritum
2365 4831 2548 4890 Patris
2571 4835 2666 4905 qui
2689 4850 2757 4889 ex
2800 4835 2962 4892 Patre
2993 4839 3260 4907 procedit,
3292 4849 3345 4893 et
3366 4855 3438 4896 ex

1850 4935 1972 4976 meo
2006 4923 2240 4992 accipiet
2267 4923 2311 4989 ⁸,
2347 4943 2366 4976 ι
2405 4939 2475 4980 ne
2503 4925 2715 4982 alienus
2740 4942 2771 4981 a
2793 4927 2955 4983 Patre
2975 4939 3032 4984 et
3057 4927 3201 4984 F.lio
3249 4931 3413 4986 existi

1852 5021 2114 5069 maretur.
2156 5033 2175 5065 ι
2225 5013 2291 5069 Ει
2314 5017 2508 5086 paucis
2538 5018 2885 5089 interjectis:
2922 5039 2941 5073 ι
2975 5022 3052 5076 Ex
3083 5021 3245 5079 Patre
3270 5036 3324 5079 et
3345 5023 3437 5080 Fi-

1843 5104 1916 5158 lio
1955 5107 2148 5162 tertius
2177 5108 2557 5184 appellatione.
2600 5129 2618 5162 ι
2657 5111 2725 5168 Et
2753 5125 2877 5183 post
2905 5115 3144 5184 plurima
3177 5125 3432 5174 anneXa:

1849 5214 1867 5248 ι
1908 5195 2152 5268 Utraque
2174 5198 2486 5255 inhabitant
2512 5202 2570 5255 in
2622 5205 3040 5275 bominejusto,
3096 5207 3355 5267 Christus
3378 5219 3435 5266 et

1843 5286 2081 5358 Spiritus
2118 5289 2292 5359 ipsius
2320 5306 2338 5343 :
2375 5289 2419 5345 si
2452 5305 2580 5347 vero
2602 5291 2856 5349 Christus
2876 5309 2944 5350 ex
2987 5295 3147 5352 Patre
3191 5300 3436 5355 creditur

1841 5378 1985 5433 Deus
2019 5395 2086 5436 ex
2122 5379 2254 5448 Deo,
2303 5390 2358 5436 et
2379 5379 2616 5451 Spiritus
2646 5398 2712 5438 ex
2747 5384 2988 5452 Christo,
3017 5397 3110 5441 aut
3157 5403 3227 5445 ex
3261 5389 3429 5446 utris-

1841 5483 1969 5539 que,
1998 5478 2057 5522 ut
2108 5467 2361 5532 Christus
2396 5472 2662 5541 insinuat,
2714 5476 2807 5546 qui
2839 5491 2906 5532 ex
2944 5476 3106 5533 Patre
3158 5480 3429 5550 procedit,

1839 5573 1892 5617 et
1927 5565 2016 5618 hic
2047 5562 2121 5618 de
2147 5578 2271 5620 meo
2304 5563 2608 5635 accipitrum
2641 5565 2710 5622 Et
2742 5578 2866 5640 post
2889 5585 3064 5640 pauca
3084 5590 3105 5627 :
3148 5591 3169 5627 ι
3210 5572 3318 5629 Sed
3343 5575 3434 5631 dio

1839 5670 1922 5712 cet
1949 5661 2137 5713 nescio
2156 5659 2312 5728 quis:
2352 5678 2370 5712 ι
2406 5658 2574 5732 Igitur
2605 5661 2842 5722 dicimus
2866 5665 3006 5724 duos
3029 5681 3150 5726 esse
3173 5663 3342 5738 illius,
3371 5677 3431 5728 et

1839 5747 2112 5819 quomodo
2147 5747 2514 5821 Unigenitus'i
2563 5753 2738 5827 Atqui
2783 5763 2842 5812 tu
2868 5757 2996 5829 quis
3049 5772 3134 5828 es,
3171 5759 3264 5832 qui
3295 5774 3425 5818 cum
