  <div class='ocr_page' id='page_1' title='image "/cluster/home/n/w/nwhite01/storage/ocr_20150623/141/pst.000005714575/330.png"; bbox 0 0 4168 6458; ppageno 0'>
   <div class='ocr_carea' id='block_1_1' title="bbox 265 458 392 522">
    <p class='ocr_par' dir='ltr' id='par_1_1' title="bbox 265 458 392 522">
     <span class='ocr_line' id='line_1_1' title="bbox 265 458 392 522; baseline -0.024 0"><span class='ocrx_word' id='word_1_1' title='bbox 265 458 392 522; x_wconf 69' lang='lat'><strong>’0&#39;“</strong></span> 
     </span>
    </p>
   </div>
   <div class='ocr_carea' id='block_1_2' title="bbox 1705 462 2187 523">
    <p class='ocr_par' dir='ltr' id='par_1_2' title="bbox 1705 462 2187 523">
     <span class='ocr_line' id='line_1_2' title="bbox 1705 462 2187 523; baseline 0 -1"><span class='ocrx_word' id='word_1_2' title='bbox 1705 462 2187 523; x_wconf 68' lang='lat' dir='ltr'><strong>EPIGHAPH.E.</strong></span> 
     </span>
    </p>
   </div>
   <div class='ocr_carea' id='block_1_3' title="bbox 3459 459 3566 525">
    <p class='ocr_par' dir='ltr' id='par_1_3' title="bbox 3459 459 3566 525">
     <span class='ocr_line' id='line_1_3' title="bbox 3459 459 3566 525; baseline 0.009 -1"><span class='ocrx_word' id='word_1_3' title='bbox 3459 459 3566 525; x_wconf 67' lang='lat'><strong>642</strong></span> 
     </span>
    </p>
   </div>
   <div class='ocr_carea' id='block_1_4' title="bbox 287 576 1876 654">
    <p class='ocr_par' dir='ltr' id='par_1_4' title="bbox 287 578 1870 654">
     <span class='ocr_line' id='line_1_4' title="bbox 287 578 1870 654; baseline 0.001 -22"><span class='ocrx_word' id='word_1_4' title='bbox 287 580 498 647; x_wconf 47' lang='lat' dir='ltr'><strong>ut,“</strong></span> <span class='ocrx_word' id='word_1_5' title='bbox 530 579 606 651; x_wconf 82' lang='grc' dir='ltr'><strong>τῷ</strong></span> <span class='ocrx_word' id='word_1_6' title='bbox 634 580 749 647; x_wconf 85' lang='grc' dir='ltr'><strong>Υίῷ</strong></span> <span class='ocrx_word' id='word_1_7' title='bbox 782 581 931 635; x_wconf 79' lang='grc' dir='ltr'><strong>ἐστιν</strong></span> <span class='ocrx_word' id='word_1_8' title='bbox 962 582 990 635; x_wconf 99' lang='lat'><strong>6</strong></span> <span class='ocrx_word' id='word_1_9' title='bbox 1020 581 1233 650; x_wconf 68' lang='grc' dir='ltr'><strong>Πατὴρ.</strong></span> <span class='ocrx_word' id='word_1_10' title='bbox 1266 581 1363 635; x_wconf 73' lang='grc' dir='ltr'>καὶ</span> <span class='ocrx_word' id='word_1_11' title='bbox 1384 578 1471 654; x_wconf 57' lang='lat'><strong>~“:6</strong></span> <span class='ocrx_word' id='word_1_12' title='bbox 1516 578 1870 650; x_wconf 74' lang='grc' dir='ltr'>Πνεῦμασῦκ</span> 
     </span>
    </p>
   </div>
   <div class='ocr_carea' id='block_1_5' title="bbox 1984 576 3565 654">
    <p class='ocr_par' dir='ltr' id='par_1_5' title="bbox 1984 576 3565 649">
     <span class='ocr_line' id='line_1_5' title="bbox 1984 576 3565 649; baseline -0.002 -12"><span class='ocrx_word' id='word_1_13' title='bbox 1984 595 2059 639; x_wconf 81' lang='lat' dir='ltr'><strong>est</strong></span> <span class='ocrx_word' id='word_1_14' title='bbox 2102 593 2259 638; x_wconf 82' lang='lat' dir='ltr'><strong>extra</strong></span> <span class='ocrx_word' id='word_1_15' title='bbox 2298 580 2557 636; x_wconf 84' lang='lat' dir='ltr'><strong>Verbum.</strong></span> <span class='ocrx_word' id='word_1_16' title='bbox 2601 597 2620 632; x_wconf 69' lang='grc' dir='ltr'>ι</span> <span class='ocrx_word' id='word_1_17' title='bbox 2661 578 2727 633; x_wconf 84' lang='grc' dir='ltr'><strong>Ει</strong></span> <span class='ocrx_word' id='word_1_18' title='bbox 2756 586 2877 649; x_wconf 87' lang='lat' dir='ltr'><strong>post</strong></span> <span class='ocrx_word' id='word_1_19' title='bbox 2918 576 3092 643; x_wconf 60' lang='lat' dir='ltr'><strong>multa</strong></span> <span class='ocrx_word' id='word_1_20' title='bbox 3125 593 3140 631; x_wconf 85' lang='lat'><strong>:</strong></span> <span class='ocrx_word' id='word_1_21' title='bbox 3185 595 3203 629; x_wconf 89' lang='lat' dir='ltr'><strong>t</strong></span> <span class='ocrx_word' id='word_1_22' title='bbox 3242 576 3379 633; x_wconf 83' lang='lat' dir='ltr'><strong>Cum</strong></span> <span class='ocrx_word' id='word_1_23' title='bbox 3419 580 3565 635; x_wconf 87' lang='lat' dir='ltr'><strong>enim</strong></span> 
     </span>
    </p>
   </div>
   <div class='ocr_carea' id='block_1_6' title="bbox 289 675 1870 747">
    <p class='ocr_par' dir='ltr' id='par_1_6' title="bbox 289 675 1870 747">
     <span class='ocr_line' id='line_1_6' title="bbox 289 675 1870 747; baseline -0.001 -18"><span class='ocrx_word' id='word_1_24' title='bbox 289 677 443 729; x_wconf 72' lang='grc' dir='ltr'><strong>εστιν</strong></span> <span class='ocrx_word' id='word_1_25' title='bbox 467 676 629 745; x_wconf 75' lang='grc' dir='ltr'><strong>ἐκτὸς</strong></span> <span class='ocrx_word' id='word_1_26' title='bbox 660 678 753 731; x_wconf 87' lang='grc' dir='ltr'><strong>τοῦ</strong></span> <span class='ocrx_word' id='word_1_27' title='bbox 783 677 961 747; x_wconf 86' lang='grc' dir='ltr'><strong>Λόγου</strong></span> <span class='ocrx_word' id='word_1_28' title='bbox 984 680 1017 709; x_wconf 59' lang='grc' dir='ltr'>ί</span> <span class='ocrx_word' id='word_1_29' title='bbox 1042 695 1062 730; x_wconf 75' lang='grc' dir='ltr'>ι</span> <span class='ocrx_word' id='word_1_30' title='bbox 1094 680 1189 732; x_wconf 80' lang='grc' dir='ltr'>καὶ</span> <span class='ocrx_word' id='word_1_31' title='bbox 1223 676 1364 746; x_wconf 81' lang='grc' dir='ltr'><strong>μετὰ</strong></span> <span class='ocrx_word' id='word_1_32' title='bbox 1396 675 1569 730; x_wconf 79' lang='grc' dir='ltr'>πολλά</span> <span class='ocrx_word' id='word_1_33' title='bbox 1589 694 1603 708; x_wconf 87' lang='grc'><strong>·</strong></span> <span class='ocrx_word' id='word_1_34' title='bbox 1652 694 1672 728; x_wconf 76' lang='lat' dir='ltr'><strong>t</strong></span> <span class='ocrx_word' id='word_1_35' title='bbox 1720 676 1870 737; x_wconf 77' lang='grc' dir='ltr'><strong>Ἐνὸς</strong></span> 
     </span>
    </p>
   </div>
   <div class='ocr_carea' id='block_1_7' title="bbox 289 763 1877 837">
    <p class='ocr_par' dir='ltr' id='par_1_7' title="bbox 289 763 1877 837">
     <span class='ocr_line' id='line_1_7' title="bbox 289 763 1877 837; baseline -0.001 -18"><span class='ocrx_word' id='word_1_36' title='bbox 289 767 404 837; x_wconf 70' lang='grc' dir='ltr'><strong>γὰρ</strong></span> <span class='ocrx_word' id='word_1_37' title='bbox 428 767 579 830; x_wconf 72' lang='grc' dir='ltr'><strong>ὄντος</strong></span> <span class='ocrx_word' id='word_1_38' title='bbox 605 767 701 823; x_wconf 83' lang='grc' dir='ltr'><strong>τοῦ</strong></span> <span class='ocrx_word' id='word_1_39' title='bbox 727 768 859 827; x_wconf 61' lang='lat' dir='ltr'><strong>Tim}</strong></span> <span class='ocrx_word' id='word_1_40' title='bbox 887 768 980 822; x_wconf 90' lang='grc' dir='ltr'><strong>τοῦ</strong></span> <span class='ocrx_word' id='word_1_41' title='bbox 1008 767 1213 833; x_wconf 75' lang='grc' dir='ltr'><strong>ζῶντος</strong></span> <span class='ocrx_word' id='word_1_42' title='bbox 1240 768 1440 835; x_wconf 86' lang='grc' dir='ltr'><strong>Λόγου,</strong></span> <span class='ocrx_word' id='word_1_43' title='bbox 1471 767 1604 837; x_wconf 90' lang='grc' dir='ltr'>μίαν</span> <span class='ocrx_word' id='word_1_44' title='bbox 1628 763 1769 819; x_wconf 78' lang='grc' dir='ltr'>εἶναι</span> <span class='ocrx_word' id='word_1_45' title='bbox 1796 767 1877 819; x_wconf 73' lang='grc' dir='ltr'>δεῖ</span> 
     </span>
    </p>
   </div>
   <div class='ocr_carea' id='block_1_8' title="bbox 291 857 1874 931">
    <p class='ocr_par' dir='ltr' id='par_1_8' title="bbox 291 857 1874 931">
     <span class='ocr_line' id='line_1_8' title="bbox 291 857 1874 931; baseline 0 -21"><span class='ocrx_word' id='word_1_46' title='bbox 291 858 508 911; x_wconf 80' lang='grc' dir='ltr'>τελείαν</span> <span class='ocrx_word' id='word_1_47' title='bbox 540 861 638 913; x_wconf 77' lang='grc' dir='ltr'>καὶ</span> <span class='ocrx_word' id='word_1_48' title='bbox 672 860 857 931; x_wconf 85' lang='grc' dir='ltr'>πλήρη</span> <span class='ocrx_word' id='word_1_49' title='bbox 892 860 993 929; x_wconf 79' lang='grc' dir='ltr'><strong>τὴν</strong></span> <span class='ocrx_word' id='word_1_50' title='bbox 1029 858 1361 929; x_wconf 77' lang='grc' dir='ltr'><strong>άγιαστικὴν</strong></span> <span class='ocrx_word' id='word_1_51' title='bbox 1399 859 1495 913; x_wconf 77' lang='grc' dir='ltr'>καὶ</span> <span class='ocrx_word' id='word_1_52' title='bbox 1532 857 1874 929; x_wconf 79' lang='grc' dir='ltr'><strong>φωτιστικὴν</strong></span> 
     </span>
    </p>
   </div>
   <div class='ocr_carea' id='block_1_9' title="bbox 292 944 1875 1023">
    <p class='ocr_par' dir='ltr' id='par_1_9' title="bbox 292 944 1875 1023">
     <span class='ocr_line' id='line_1_9' title="bbox 292 944 1875 1023; baseline -0.001 -19"><span class='ocrx_word' id='word_1_53' title='bbox 292 950 464 1020; x_wconf 70' lang='grc' dir='ltr'>ζωὴν,</span> <span class='ocrx_word' id='word_1_54' title='bbox 497 948 664 1006; x_wconf 73' lang='grc' dir='ltr'>οὖσαν</span> <span class='ocrx_word' id='word_1_55' title='bbox 700 952 983 1023; x_wconf 63' lang='grc' dir='ltr'><strong>ἐνέργειαν</strong></span> <span class='ocrx_word' id='word_1_56' title='bbox 1026 950 1220 1005; x_wconf 75' lang='grc' dir='ltr'><strong>αὐτοῦ’</strong></span> <span class='ocrx_word' id='word_1_57' title='bbox 1241 952 1338 1004; x_wconf 78' lang='grc' dir='ltr'>καὶ</span> <span class='ocrx_word' id='word_1_58' title='bbox 1376 944 1610 1021; x_wconf 79' lang='grc' dir='ltr'><strong>δωρεάν,</strong></span> <span class='ocrx_word' id='word_1_59' title='bbox 1642 951 1771 1020; x_wconf 74' lang='grc' dir='ltr'><strong>ἥτις</strong></span> <span class='ocrx_word' id='word_1_60' title='bbox 1811 965 1875 1017; x_wconf 84' lang='grc' dir='ltr'><strong>γε</strong></span> 
     </span>
    </p>
   </div>
   <div class='ocr_carea' id='block_1_10' title="bbox 292 1022 1872 1111">
    <p class='ocr_par' dir='ltr' id='par_1_10' title="bbox 292 1022 1872 1111">
     <span class='ocr_line' id='line_1_10' title="bbox 292 1022 1872 1111; baseline -0.001 -18"><span class='ocrx_word' id='word_1_61' title='bbox 292 1042 359 1094; x_wconf 81' lang='grc' dir='ltr'>ὲκ</span> <span class='ocrx_word' id='word_1_62' title='bbox 389 1040 604 1110; x_wconf 68' lang='grc' dir='ltr'><strong>Πατρός</strong></span> <span class='ocrx_word' id='word_1_63' title='bbox 633 1022 856 1111; x_wconf 68' lang='grc' dir='ltr'><strong>λέγεται</strong></span> <span class='ocrx_word' id='word_1_64' title='bbox 893 1036 1315 1111; x_wconf 69' lang='grc' dir='ltr'><strong>ικπορεόεσϐαι,</strong></span> <span class='ocrx_word' id='word_1_65' title='bbox 1353 1039 1545 1111; x_wconf 69' lang='grc' dir='ltr'><strong>ἔτέειδὴ</strong></span> <span class='ocrx_word' id='word_1_66' title='bbox 1588 1040 1739 1109; x_wconf 66' lang='grc' dir='ltr'>παρὰ</span> <span class='ocrx_word' id='word_1_67' title='bbox 1776 1038 1872 1093; x_wconf 89' lang='grc' dir='ltr'><strong>τοῦ</strong></span> 
     </span>
    </p>
   </div>
   <div class='ocr_carea' id='block_1_11' title="bbox 295 1130 1875 1204">
    <p class='ocr_par' dir='ltr' id='par_1_11' title="bbox 295 1130 1875 1204">
     <span class='ocr_line' id='line_1_11' title="bbox 295 1130 1875 1204; baseline 0.001 -22"><span class='ocrx_word' id='word_1_68' title='bbox 295 1130 476 1199; x_wconf 80' lang='grc' dir='ltr'><strong>Λόγου</strong></span> <span class='ocrx_word' id='word_1_69' title='bbox 498 1133 592 1185; x_wconf 87' lang='grc' dir='ltr'><strong>τοῦ</strong></span> <span class='ocrx_word' id='word_1_70' title='bbox 615 1135 679 1186; x_wconf 76' lang='grc' dir='ltr'>ὲκ</span> <span class='ocrx_word' id='word_1_71' title='bbox 713 1132 925 1204; x_wconf 75' lang='grc' dir='ltr'><strong>[ἰατρὸς</strong></span> <span class='ocrx_word' id='word_1_72' title='bbox 949 1130 1387 1203; x_wconf 72' lang='grc' dir='ltr'><strong>ὁμολογουμένου</strong></span> <span class='ocrx_word' id='word_1_73' title='bbox 1445 1131 1744 1200; x_wconf 74' lang='grc' dir='ltr'>ἐκλάμπει,</span> <span class='ocrx_word' id='word_1_74' title='bbox 1778 1131 1875 1185; x_wconf 76' lang='grc' dir='ltr'><strong>καὶ</strong></span> 
     </span>
    </p>
   </div>
   <div class='ocr_carea' id='block_1_12' title="bbox 1982 660 3569 739">
    <p class='ocr_par' dir='ltr' id='par_1_12' title="bbox 1982 660 3569 739">
     <span class='ocr_line' id='line_1_12' title="bbox 1982 660 3569 739; baseline -0.001 -10"><span class='ocrx_word' id='word_1_75' title='bbox 1982 690 2125 730; x_wconf 89' lang='lat' dir='ltr'><strong>unus</strong></span> <span class='ocrx_word' id='word_1_76' title='bbox 2154 671 2439 729; x_wconf 83' lang='lat' dir='ltr'><strong>sit-Filius</strong></span> <span class='ocrx_word' id='word_1_77' title='bbox 2482 671 2673 728; x_wconf 83' lang='lat' dir='ltr'><strong>vivens</strong></span> <span class='ocrx_word' id='word_1_78' title='bbox 2713 684 2930 736; x_wconf 84' lang='lat' dir='ltr'><strong>sermo,</strong></span> <span class='ocrx_word' id='word_1_79' title='bbox 2980 684 3145 737; x_wconf 72' lang='lat' dir='ltr'><strong>unum</strong></span> <span class='ocrx_word' id='word_1_80' title='bbox 3188 660 3406 739; x_wconf 76' lang='lat' dir='ltr'><strong>opertet.</strong></span> <span class='ocrx_word' id='word_1_81' title='bbox 3442 686 3569 727; x_wconf 85' lang='lat' dir='ltr'><strong>esse</strong></span> 
     </span>
    </p>
   </div>
   <div class='ocr_carea' id='block_1_13' title="bbox 1984 750 3572 835">
    <p class='ocr_par' dir='ltr' id='par_1_13' title="bbox 1984 750 3572 835">
     <span class='ocr_line' id='line_1_13' title="bbox 1984 750 3572 835; baseline -0.002 -17"><span class='ocrx_word' id='word_1_82' title='bbox 1984 761 2282 835; x_wconf 75' lang='lat' dir='ltr'><strong>perfectam</strong></span> <span class='ocrx_word' id='word_1_83' title='bbox 2316 774 2369 819; x_wconf 90' lang='lat' dir='ltr'><strong>et</strong></span> <span class='ocrx_word' id='word_1_84' title='bbox 2404 750 2621 833; x_wconf 76' lang='lat' dir='ltr'><strong>plenam</strong></span> <span class='ocrx_word' id='word_1_85' title='bbox 2658 759 3326 830; x_wconf 73' lang='lat' dir='ltr'><strong>sanctificatricem‘illam</strong></span> <span class='ocrx_word' id='word_1_86' title='bbox 3354 770 3413 817; x_wconf 90' lang='lat' dir='ltr'><strong>et</strong></span> <span class='ocrx_word' id='word_1_87' title='bbox 3436 761 3572 816; x_wconf 82' lang='lat' dir='ltr'><strong>illu-</strong></span> 
     </span>
    </p>
   </div>
   <div class='ocr_carea' id='block_1_14' title="bbox 1980 847 3567 921">
    <p class='ocr_par' dir='ltr' id='par_1_14' title="bbox 1980 847 3567 921">
     <span class='ocr_line' id='line_1_14' title="bbox 1980 847 3567 921; baseline -0.002 -13"><span class='ocrx_word' id='word_1_88' title='bbox 1980 855 2328 909; x_wconf 87' lang='lat' dir='ltr'><strong>minatricem</strong></span> <span class='ocrx_word' id='word_1_89' title='bbox 2363 857 2554 917; x_wconf 80' lang='lat' dir='ltr'><strong>vitam,</strong></span> <span class='ocrx_word' id='word_1_90' title='bbox 2590 849 2697 905; x_wconf 82' lang='lat' dir='ltr'><strong>vim</strong></span> <span class='ocrx_word' id='word_1_91' title='bbox 2720 850 2964 915; x_wconf 78' lang='lat' dir='ltr'><strong>scilicet,</strong></span> <span class='ocrx_word' id='word_1_92' title='bbox 2993 847 3399 906; x_wconf 77' lang='lat' dir='ltr'><strong>etfacultatem</strong></span> <span class='ocrx_word' id='word_1_93' title='bbox 3424 848 3567 921; x_wconf 79' lang='lat' dir='ltr'><strong>ejus,</strong></span> 
     </span>
    </p>
   </div>
   <div class='ocr_carea' id='block_1_15' title="bbox 1980 942 3569 1021">
    <p class='ocr_par' dir='ltr' id='par_1_15' title="bbox 1980 942 3569 1021">
     <span class='ocr_line' id='line_1_15' title="bbox 1980 942 3569 1021; baseline -0.006 -17"><span class='ocrx_word' id='word_1_94' title='bbox 1980 960 2034 1004; x_wconf 88' lang='lat' dir='ltr'><strong>et</strong></span> <span class='ocrx_word' id='word_1_95' title='bbox 2081 947 2476 1011; x_wconf 88' lang='lat' dir='ltr'><strong>donationem,</strong></span> <span class='ocrx_word' id='word_1_96' title='bbox 2536 960 2661 1015; x_wconf 78' lang='lat' dir='ltr'><strong>qua:</strong></span> <span class='ocrx_word' id='word_1_97' title='bbox 2706 960 2737 999; x_wconf 89' lang='lat' dir='ltr'><strong>a</strong></span> <span class='ocrx_word' id='word_1_98' title='bbox 2784 944 2943 1000; x_wconf 85' lang='lat' dir='ltr'><strong>Patre</strong></span> <span class='ocrx_word' id='word_1_99' title='bbox 2999 942 3199 998; x_wconf 82' lang='lat' dir='ltr'><strong>dicitur</strong></span> <span class='ocrx_word' id='word_1_100' title='bbox 3249 944 3569 1021; x_wconf 81' lang='lat' dir='ltr'><strong>procedere,</strong></span> 
     </span>
    </p>
   </div>
   <div class='ocr_carea' id='block_1_16' title="bbox 1981 1026 3573 1108">
    <p class='ocr_par' dir='ltr' id='par_1_16' title="bbox 1981 1026 3573 1108">
     <span class='ocr_line' id='line_1_16' title="bbox 1981 1026 3573 1108; baseline -0.003 -15"><span class='ocrx_word' id='word_1_101' title='bbox 1981 1038 2239 1108; x_wconf 88' lang='lat' dir='ltr'><strong>quoniam</strong></span> <span class='ocrx_word' id='word_1_102' title='bbox 2285 1051 2314 1090; x_wconf 84' lang='lat' dir='ltr'><strong>a</strong></span> <span class='ocrx_word' id='word_1_103' title='bbox 2347 1026 2529 1102; x_wconf 84' lang='lat' dir='ltr'><strong>Verbo</strong></span> <span class='ocrx_word' id='word_1_104' title='bbox 2561 1035 2739 1089; x_wconf 84' lang='lat' dir='ltr'><strong>Patris</strong></span> <span class='ocrx_word' id='word_1_105' title='bbox 2767 1033 3055 1099; x_wconf 81' lang='lat' dir='ltr'><strong>desumit,</strong></span> <span class='ocrx_word' id='word_1_106' title='bbox 3111 1033 3348 1088; x_wconf 89' lang='lat' dir='ltr'><strong>mittitur</strong></span> <span class='ocrx_word' id='word_1_107' title='bbox 3385 1039 3441 1087; x_wconf 81' lang='lat' dir='ltr'><strong>et</strong></span> <span class='ocrx_word' id='word_1_108' title='bbox 3468 1031 3573 1088; x_wconf 85' lang='lat' dir='ltr'><strong>du-</strong></span> 
     </span>
    </p>
   </div>
   <div class='ocr_carea' id='block_1_17' title="bbox 1982 1123 3081 1195">
    <p class='ocr_par' dir='ltr' id='par_1_17' title="bbox 1982 1123 3081 1195">
     <span class='ocr_line' id='line_1_17' title="bbox 1982 1123 3081 1195; baseline -0.005 -10"><span class='ocrx_word' id='word_1_109' title='bbox 1982 1139 2148 1185; x_wconf 82' lang='lat' dir='ltr'><strong>natur</strong></span> <span class='ocrx_word' id='word_1_110' title='bbox 2175 1146 2190 1181; x_wconf 88' lang='lat'><strong>:</strong></span> <span class='ocrx_word' id='word_1_111' title='bbox 2226 1127 2397 1182; x_wconf 87' lang='lat' dir='ltr'><strong>Filius</strong></span> <span class='ocrx_word' id='word_1_112' title='bbox 2430 1140 2563 1182; x_wconf 82' lang='lat' dir='ltr'><strong>vero</strong></span> <span class='ocrx_word' id='word_1_113' title='bbox 2594 1124 2858 1195; x_wconf 81' lang='lat' dir='ltr'><strong>Spiritum</strong></span> <span class='ocrx_word' id='word_1_114' title='bbox 2890 1123 3081 1179; x_wconf 86' lang='lat' dir='ltr'><strong>mittit.</strong></span> 
     </span>
    </p>
   </div>
   <div class='ocr_carea' id='block_1_18' title="bbox 297 1215 3573 1295">
    <p class='ocr_par' dir='ltr' id='par_1_18' title="bbox 297 1215 3573 1295">
     <span class='ocr_line' id='line_1_18' title="bbox 297 1215 3573 1295; baseline -0.002 -21"><span class='ocrx_word' id='word_1_115' title='bbox 297 1222 715 1291; x_wconf 75' lang='grc' dir='ltr'><strong>άποστέλλεται,</strong></span> <span class='ocrx_word' id='word_1_116' title='bbox 743 1226 840 1279; x_wconf 80' lang='grc' dir='ltr'>καὶ</span> <span class='ocrx_word' id='word_1_117' title='bbox 870 1223 1113 1279; x_wconf 81' lang='grc' dir='ltr'><strong>δίδοται·</strong></span> <span class='ocrx_word' id='word_1_118' title='bbox 1145 1224 1339 1295; x_wconf 77' lang='grc' dir='ltr'><strong>ἀμέλει</strong></span> <span class='ocrx_word' id='word_1_119' title='bbox 1369 1225 1398 1277; x_wconf 87' lang='lat'><strong>6</strong></span> <span class='ocrx_word' id='word_1_120' title='bbox 1432 1225 1530 1295; x_wconf 74' lang='grc' dir='ltr'><strong>μὲν</strong></span> <span class='ocrx_word' id='word_1_121' title='bbox 1578 1223 1707 1287; x_wconf 73' lang='grc' dir='ltr'><strong>Υἱὸς</strong></span> <span class='ocrx_word' id='word_1_122' title='bbox 1766 1221 1920 1293; x_wconf 77' lang='grc' dir='ltr'><strong>παρὰ</strong></span> <span class='ocrx_word' id='word_1_123' title='bbox 1957 1222 2054 1276; x_wconf 87' lang='grc' dir='ltr'><strong>τοῦ</strong></span> <span class='ocrx_word' id='word_1_124' title='bbox 2116 1220 2332 1292; x_wconf 80' lang='grc' dir='ltr'><strong>Πατρδς</strong></span> <span class='ocrx_word' id='word_1_125' title='bbox 2403 1217 2807 1273; x_wconf 78' lang='grc' dir='ltr'><strong>ἀποστέλλεται</strong></span> <span class='ocrx_word' id='word_1_126' title='bbox 2832 1231 2852 1252; x_wconf 76' lang='grc' dir='ltr'><strong><em>ο</em></strong></span> <span class='ocrx_word' id='word_1_127' title='bbox 2900 1217 2929 1268; x_wconf 91' lang='lat'><strong>6</strong></span> <span class='ocrx_word' id='word_1_128' title='bbox 2973 1215 3034 1269; x_wconf 88' lang='grc' dir='ltr'><strong>δὲ</strong></span> <span class='ocrx_word' id='word_1_129' title='bbox 3077 1216 3203 1278; x_wconf 73' lang='lat' dir='ltr'><strong>Tib;</strong></span> <span class='ocrx_word' id='word_1_130' title='bbox 3246 1217 3310 1270; x_wconf 69' lang='grc' dir='ltr'><strong>τὸ</strong></span> <span class='ocrx_word' id='word_1_131' title='bbox 3342 1216 3573 1287; x_wconf 73' lang='grc' dir='ltr'>Πνεῦμα</span> 
     </span>
    </p>
   </div>
   <div class='ocr_carea' id='block_1_19' title="bbox 294 1318 638 1373">
    <p class='ocr_par' dir='ltr' id='par_1_19' title="bbox 294 1318 638 1373">
     <span class='ocr_line' id='line_1_19' title="bbox 294 1318 638 1373; baseline 0.015 -5"><span class='ocrx_word' id='word_1_132' title='bbox 294 1318 638 1373; x_wconf 72' lang='grc' dir='ltr'><strong>ἀποστέλλει.</strong></span> 
     </span>
    </p>
   </div>
   <div class='ocr_carea' id='block_1_20' title="bbox 379 1403 1895 1482">
    <p class='ocr_par' dir='ltr' id='par_1_20' title="bbox 379 1403 1895 1482">
     <span class='ocr_line' id='line_1_20' title="bbox 379 1403 1895 1482; baseline -0.002 -18"><span class='ocrx_word' id='word_1_133' title='bbox 379 1411 441 1464; x_wconf 87' lang='grc' dir='ltr'>ὀ</span> <span class='ocrx_word' id='word_1_134' title='bbox 464 1410 635 1475; x_wconf 73' lang='grc' dir='ltr'><strong>αὐτὸς</strong></span> <span class='ocrx_word' id='word_1_135' title='bbox 671 1412 731 1465; x_wconf 71' lang='grc' dir='ltr'><strong>ὲν</strong></span> <span class='ocrx_word' id='word_1_136' title='bbox 761 1414 828 1482; x_wconf 76' lang='grc' dir='ltr'><strong>τῇ</strong></span> <span class='ocrx_word' id='word_1_137' title='bbox 866 1410 1003 1481; x_wconf 79' lang='grc' dir='ltr'><strong>πρὸς</strong></span> <span class='ocrx_word' id='word_1_138' title='bbox 1034 1410 1375 1479; x_wconf 76' lang='grc' dir='ltr'><strong>Σεραπίωνα</strong></span> <span class='ocrx_word' id='word_1_139' title='bbox 1416 1413 1551 1480; x_wconf 73' lang='grc' dir='ltr'><strong>περὶ</strong></span> <span class='ocrx_word' id='word_1_140' title='bbox 1582 1403 1677 1464; x_wconf 81' lang='grc' dir='ltr'><strong>τὸῦ</strong></span> <span class='ocrx_word' id='word_1_141' title='bbox 1710 1411 1895 1478; x_wconf 81' lang='grc' dir='ltr'><strong>ἁγίου</strong></span> 
     </span>
    </p>
   </div>
   <div class='ocr_carea' id='block_1_21' title="bbox 298 1498 1871 1575">
    <p class='ocr_par' dir='ltr' id='par_1_21' title="bbox 298 1498 1871 1575">
     <span class='ocr_line' id='line_1_21' title="bbox 298 1498 1871 1575; baseline 0.001 -22"><span class='ocrx_word' id='word_1_142' title='bbox 298 1501 614 1572; x_wconf 67' lang='lat' dir='ltr'><strong>&quot;vetitum;</strong></span> <span class='ocrx_word' id='word_1_143' title='bbox 659 1502 944 1574; x_wconf 70' lang='grc' dir='ltr'><strong>ἐπιστολῇ,</strong></span> <span class='ocrx_word' id='word_1_144' title='bbox 972 1498 1039 1575; x_wconf 84' lang='grc' dir='ltr'><strong>ἦς</strong></span> <span class='ocrx_word' id='word_1_145' title='bbox 1089 1504 1121 1572; x_wconf 78' lang='grc' dir='ltr'>ἡ</span> <span class='ocrx_word' id='word_1_146' title='bbox 1182 1502 1351 1572; x_wconf 82' lang='grc' dir='ltr'><strong>ἀρχὴ,</strong></span> <span class='ocrx_word' id='word_1_147' title='bbox 1408 1519 1426 1552; x_wconf 86' lang='lat' dir='ltr'><strong>t</strong></span> <span class='ocrx_word' id='word_1_148' title='bbox 1461 1502 1622 1566; x_wconf 81' lang='grc' dir='ltr'><strong>Ἴσως</strong></span> <span class='ocrx_word' id='word_1_149' title='bbox 1653 1502 1871 1573; x_wconf 76' lang='grc' dir='ltr'><strong>θαυμά-</strong></span> 
     </span>
    </p>
   </div>
   <div class='ocr_carea' id='block_1_22' title="bbox 296 1589 1873 1663">
    <p class='ocr_par' dir='ltr' id='par_1_22' title="bbox 296 1589 1873 1663">
     <span class='ocr_line' id='line_1_22' title="bbox 296 1589 1873 1663; baseline 0.001 -21"><span class='ocrx_word' id='word_1_150' title='bbox 296 1606 415 1652; x_wconf 77' lang='grc' dir='ltr'>σεις</span> <span class='ocrx_word' id='word_1_151' title='bbox 448 1589 566 1652; x_wconf 72' lang='grc' dir='ltr'><strong>πῶς</strong></span> <span class='ocrx_word' id='word_1_152' title='bbox 602 1590 1005 1661; x_wconf 79' lang='grc' dir='ltr'><strong>ἐντειλάμενος,</strong></span> <span class='ocrx_word' id='word_1_153' title='bbox 1050 1609 1069 1642; x_wconf 76' lang='grc' dir='ltr'><strong>ι</strong></span> <span class='ocrx_word' id='word_1_154' title='bbox 1110 1591 1309 1660; x_wconf 82' lang='grc' dir='ltr'><strong>φησίν·</strong></span> <span class='ocrx_word' id='word_1_155' title='bbox 1354 1609 1372 1641; x_wconf 75' lang='grc' dir='ltr'>ι</span> <span class='ocrx_word' id='word_1_156' title='bbox 1412 1593 1489 1644; x_wconf 85' lang='grc' dir='ltr'><strong>Οὐ</strong></span> <span class='ocrx_word' id='word_1_157' title='bbox 1557 1590 1668 1663; x_wconf 78' lang='grc' dir='ltr'><strong>γὰρ</strong></span> <span class='ocrx_word' id='word_1_158' title='bbox 1713 1592 1873 1655; x_wconf 82' lang='grc' dir='ltr'><strong>ἐκτός</strong></span> 
     </span>
    </p>
   </div>
   <div class='ocr_carea' id='block_1_23' title="bbox 296 1682 1874 1755">
    <p class='ocr_par' dir='ltr' id='par_1_23' title="bbox 296 1682 1874 1755">
     <span class='ocr_line' id='line_1_23' title="bbox 296 1682 1874 1755; baseline 0.003 -22"><span class='ocrx_word' id='word_1_159' title='bbox 296 1684 420 1734; x_wconf 74' lang='grc' dir='ltr'><strong>ἐστι</strong></span> <span class='ocrx_word' id='word_1_160' title='bbox 451 1683 546 1736; x_wconf 88' lang='grc' dir='ltr'><strong>τοῦ</strong></span> <span class='ocrx_word' id='word_1_161' title='bbox 582 1685 755 1752; x_wconf 84' lang='grc' dir='ltr'><strong>Λόγου</strong></span> <span class='ocrx_word' id='word_1_162' title='bbox 796 1685 856 1737; x_wconf 78' lang='grc' dir='ltr'><strong>τὸ</strong></span> <span class='ocrx_word' id='word_1_163' title='bbox 898 1684 1143 1753; x_wconf 85' lang='grc' dir='ltr'>Πνεῦμα,</span> <span class='ocrx_word' id='word_1_164' title='bbox 1176 1682 1291 1737; x_wconf 81' lang='grc' dir='ltr'>ἀλλ’</span> <span class='ocrx_word' id='word_1_165' title='bbox 1315 1686 1376 1737; x_wconf 73' lang='grc' dir='ltr'><strong>ὲν</strong></span> <span class='ocrx_word' id='word_1_166' title='bbox 1416 1684 1494 1755; x_wconf 83' lang='grc' dir='ltr'><strong>τῷ</strong></span> <span class='ocrx_word' id='word_1_167' title='bbox 1529 1685 1690 1755; x_wconf 82' lang='grc' dir='ltr'><strong>Λόγῳ</strong></span> <span class='ocrx_word' id='word_1_168' title='bbox 1721 1684 1781 1738; x_wconf 75' lang='grc' dir='ltr'><strong>ὃν</strong></span> <span class='ocrx_word' id='word_1_169' title='bbox 1816 1686 1874 1737; x_wconf 75' lang='grc' dir='ltr'><strong>ὲν</strong></span> 
     </span>
    </p>
   </div>
   <div class='ocr_carea' id='block_1_24' title="bbox 294 1760 1872 1847">
    <p class='ocr_par' dir='ltr' id='par_1_24' title="bbox 294 1760 1872 1847">
     <span class='ocr_line' id='line_1_24' title="bbox 294 1760 1872 1847; baseline 0.003 -22"><span class='ocrx_word' id='word_1_170' title='bbox 294 1773 377 1839; x_wconf 78' lang='grc' dir='ltr'><strong>τῷ</strong></span> <span class='ocrx_word' id='word_1_171' title='bbox 400 1773 519 1845; x_wconf 81' lang='grc' dir='ltr'><strong>Θεῷ</strong></span> <span class='ocrx_word' id='word_1_172' title='bbox 547 1774 615 1827; x_wconf 83' lang='grc' dir='ltr'><strong>δι·</strong></span> <span class='ocrx_word' id='word_1_173' title='bbox 658 1774 825 1829; x_wconf 85' lang='grc' dir='ltr'><strong>αὑτοῦ</strong></span> <span class='ocrx_word' id='word_1_174' title='bbox 870 1777 1043 1830; x_wconf 77' lang='grc' dir='ltr'><strong>ἐστιν.</strong></span> <span class='ocrx_word' id='word_1_175' title='bbox 1098 1794 1119 1826; x_wconf 74' lang='grc' dir='ltr'>ι</span> <span class='ocrx_word' id='word_1_176' title='bbox 1164 1776 1276 1829; x_wconf 80' lang='grc' dir='ltr'><strong>Καὶ</strong></span> <span class='ocrx_word' id='word_1_177' title='bbox 1309 1760 1427 1847; x_wconf 69' lang='grc' dir='ltr'><strong>μέτ’</strong></span> <span class='ocrx_word' id='word_1_178' title='bbox 1456 1775 1655 1840; x_wconf 82' lang='grc' dir='ltr'>όλίγα’</span> <span class='ocrx_word' id='word_1_179' title='bbox 1698 1795 1717 1827; x_wconf 79' lang='grc' dir='ltr'><strong>ι</strong></span> <span class='ocrx_word' id='word_1_180' title='bbox 1765 1774 1872 1829; x_wconf 85' lang='grc' dir='ltr'><strong>Τοῦ</strong></span> 
     </span>
    </p>
   </div>
   <div class='ocr_carea' id='block_1_25' title="bbox 298 1850 1870 1935">
    <p class='ocr_par' dir='ltr' id='par_1_25' title="bbox 298 1850 1870 1935">
     <span class='ocr_line' id='line_1_25' title="bbox 298 1850 1870 1935; baseline 0.001 -20"><span class='ocrx_word' id='word_1_181' title='bbox 298 1863 410 1932; x_wconf 82' lang='grc' dir='ltr'><strong>γὰρ</strong></span> <span class='ocrx_word' id='word_1_182' title='bbox 443 1850 763 1933; x_wconf 80' lang='grc' dir='ltr'>Πνεῦματὸς</span> <span class='ocrx_word' id='word_1_183' title='bbox 804 1864 1149 1935; x_wconf 76' lang='grc' dir='ltr'><strong>μετέχοντες,</strong></span> <span class='ocrx_word' id='word_1_184' title='bbox 1172 1865 1387 1934; x_wconf 60' lang='grc' dir='ltr'><strong>εέχομεν</strong></span> <span class='ocrx_word' id='word_1_185' title='bbox 1422 1866 1524 1935; x_wconf 79' lang='grc' dir='ltr'><strong>τὴν</strong></span> <span class='ocrx_word' id='word_1_186' title='bbox 1557 1865 1655 1918; x_wconf 88' lang='grc' dir='ltr'><strong>τοῦ</strong></span> <span class='ocrx_word' id='word_1_187' title='bbox 1691 1866 1870 1933; x_wconf 82' lang='grc' dir='ltr'><strong>Λόγου</strong></span> 
     </span>
    </p>
   </div>
   <div class='ocr_carea' id='block_1_26' title="bbox 2054 1396 3688 1469">
    <p class='ocr_par' dir='ltr' id='par_1_26' title="bbox 2054 1396 3688 1469">
     <span class='ocr_line' id='line_1_26' title="bbox 2054 1396 3688 1469; baseline 0.001 -11"><span class='ocrx_word' id='word_1_188' title='bbox 2054 1403 2202 1458; x_wconf 83' lang='lat' dir='ltr'><strong>Idem</strong></span> <span class='ocrx_word' id='word_1_189' title='bbox 2236 1398 2304 1455; x_wconf 91' lang='lat' dir='ltr'><strong>ad</strong></span> <span class='ocrx_word' id='word_1_190' title='bbox 2336 1398 2695 1469; x_wconf 83' lang='lat' dir='ltr'><strong>Serapionem</strong></span> <span class='ocrx_word' id='word_1_191' title='bbox 2732 1396 2963 1468; x_wconf 86' lang='lat' dir='ltr'><strong>epistola</strong></span> <span class='ocrx_word' id='word_1_192' title='bbox 2995 1397 3063 1454; x_wconf 89' lang='lat' dir='ltr'><strong>de</strong></span> <span class='ocrx_word' id='word_1_193' title='bbox 3108 1397 3320 1469; x_wconf 83' lang='lat' dir='ltr'><strong>Spiritu</strong></span> <span class='ocrx_word' id='word_1_194' title='bbox 3348 1410 3567 1455; x_wconf 65' lang='lat' dir='ltr'><strong>sanctor</strong></span> <span class='ocrx_word' id='word_1_195' title='bbox 3683 1454 3688 1459; x_wconf 87' lang='lat'><strong>.</strong></span> 
     </span>
    </p>
   </div>
   <div class='ocr_carea' id='block_1_27' title="bbox 1981 1491 3567 1567">
    <p class='ocr_par' dir='ltr' id='par_1_27' title="bbox 1981 1491 3567 1567">
     <span class='ocr_line' id='line_1_27' title="bbox 1981 1491 3567 1567; baseline 0 -18"><span class='ocrx_word' id='word_1_196' title='bbox 1981 1510 2104 1567; x_wconf 74' lang='lat' dir='ltr'><strong>qua:</strong></span> <span class='ocrx_word' id='word_1_197' title='bbox 2144 1494 2380 1565; x_wconf 77' lang='lat' dir='ltr'><strong>incipit:</strong></span> <span class='ocrx_word' id='word_1_198' title='bbox 2424 1511 2444 1544; x_wconf 77' lang='grc' dir='ltr'>ι</span> <span class='ocrx_word' id='word_1_199' title='bbox 2496 1492 2858 1549; x_wconf 84' lang='lat' dir='ltr'><strong>Admirabere</strong></span> <span class='ocrx_word' id='word_1_200' title='bbox 2903 1491 3137 1549; x_wconf 80' lang='lat' dir='ltr'><strong>forsitan</strong></span> <span class='ocrx_word' id='word_1_201' title='bbox 3180 1494 3314 1563; x_wconf 87' lang='lat' dir='ltr'><strong>quid</strong></span> <span class='ocrx_word' id='word_1_202' title='bbox 3359 1494 3567 1549; x_wconf 83' lang='lat' dir='ltr'><strong>factum</strong></span> 
     </span>
    </p>
   </div>
   <div class='ocr_carea' id='block_1_28' title="bbox 1983 1578 3569 1655">
    <p class='ocr_par' dir='ltr' id='par_1_28' title="bbox 1983 1578 3569 1655">
     <span class='ocr_line' id='line_1_28' title="bbox 1983 1578 3569 1655; baseline -0.001 -12"><span class='ocrx_word' id='word_1_203' title='bbox 1983 1588 2078 1655; x_wconf 86' lang='lat' dir='ltr'><strong>sit,</strong></span> <span class='ocrx_word' id='word_1_204' title='bbox 2118 1604 2137 1639; x_wconf 76' lang='grc' dir='ltr'><strong>ι</strong></span> <span class='ocrx_word' id='word_1_205' title='bbox 2172 1586 2250 1641; x_wconf 90' lang='lat' dir='ltr'><strong>ait</strong></span> <span class='ocrx_word' id='word_1_206' title='bbox 2284 1604 2298 1641; x_wconf 92' lang='lat'><strong>:</strong></span> <span class='ocrx_word' id='word_1_207' title='bbox 2336 1604 2354 1637; x_wconf 78' lang='grc' dir='ltr'><strong>ι</strong></span> <span class='ocrx_word' id='word_1_208' title='bbox 2392 1583 2512 1640; x_wconf 86' lang='lat' dir='ltr'><strong>Non</strong></span> <span class='ocrx_word' id='word_1_209' title='bbox 2544 1578 2689 1644; x_wconf 76' lang='lat' dir='ltr'><strong>enim</strong></span> <span class='ocrx_word' id='word_1_210' title='bbox 2724 1594 2880 1640; x_wconf 77' lang='lat' dir='ltr'><strong>extra</strong></span> <span class='ocrx_word' id='word_1_211' title='bbox 2918 1584 3161 1640; x_wconf 81' lang='lat' dir='ltr'><strong>Verbum</strong></span> <span class='ocrx_word' id='word_1_212' title='bbox 3191 1594 3276 1640; x_wconf 86' lang='lat' dir='ltr'><strong>est</strong></span> <span class='ocrx_word' id='word_1_213' title='bbox 3307 1583 3569 1655; x_wconf 79' lang='lat' dir='ltr'><strong>Spiritus,</strong></span> 
     </span>
    </p>
   </div>
   <div class='ocr_carea' id='block_1_29' title="bbox 1983 1674 3564 1748">
    <p class='ocr_par' dir='ltr' id='par_1_29' title="bbox 1983 1674 3564 1748">
     <span class='ocr_line' id='line_1_29' title="bbox 1983 1674 3564 1748; baseline -0.001 -13"><span class='ocrx_word' id='word_1_214' title='bbox 1983 1680 2077 1735; x_wconf 83' lang='lat' dir='ltr'><strong>sed</strong></span> <span class='ocrx_word' id='word_1_215' title='bbox 2110 1693 2236 1733; x_wconf 91' lang='lat' dir='ltr'><strong>cum</strong></span> <span class='ocrx_word' id='word_1_216' title='bbox 2272 1678 2344 1734; x_wconf 85' lang='lat' dir='ltr'><strong>sit</strong></span> <span class='ocrx_word' id='word_1_217' title='bbox 2387 1678 2443 1732; x_wconf 88' lang='lat' dir='ltr'><strong>in</strong></span> <span class='ocrx_word' id='word_1_218' title='bbox 2477 1678 2597 1747; x_wconf 85' lang='lat' dir='ltr'><strong>ipso</strong></span> <span class='ocrx_word' id='word_1_219' title='bbox 2627 1675 2839 1744; x_wconf 80' lang='lat' dir='ltr'><strong>Verbo,</strong></span> <span class='ocrx_word' id='word_1_220' title='bbox 2882 1676 2939 1732; x_wconf 88' lang='lat' dir='ltr'><strong>in</strong></span> <span class='ocrx_word' id='word_1_221' title='bbox 2968 1679 3087 1736; x_wconf 87' lang='lat' dir='ltr'><strong>Deo</strong></span> <span class='ocrx_word' id='word_1_222' title='bbox 3114 1692 3210 1748; x_wconf 87' lang='lat' dir='ltr'><strong>per</strong></span> <span class='ocrx_word' id='word_1_223' title='bbox 3238 1674 3508 1733; x_wconf 58' lang='lat' dir='ltr'><strong>illud-“est.</strong></span> <span class='ocrx_word' id='word_1_224' title='bbox 3543 1696 3564 1732; x_wconf 73' lang='grc' dir='ltr'>ι</span> 
     </span>
    </p>
   </div>
   <div class='ocr_carea' id='block_1_30' title="bbox 1982 1762 3568 1838">
    <p class='ocr_par' dir='ltr' id='par_1_30' title="bbox 1982 1762 3568 1838">
     <span class='ocr_line' id='line_1_30' title="bbox 1982 1762 3568 1838; baseline 0.001 -16"><span class='ocrx_word' id='word_1_225' title='bbox 1982 1765 2050 1822; x_wconf 87' lang='grc' dir='ltr'><strong>Ει</strong></span> <span class='ocrx_word' id='word_1_226' title='bbox 2089 1775 2213 1837; x_wconf 84' lang='lat' dir='ltr'><strong>post</strong></span> <span class='ocrx_word' id='word_1_227' title='bbox 2263 1781 2475 1836; x_wconf 87' lang='lat' dir='ltr'><strong>pauca:</strong></span> <span class='ocrx_word' id='word_1_228' title='bbox 2520 1784 2539 1818; x_wconf 78' lang='grc' dir='ltr'><strong>ι</strong></span> <span class='ocrx_word' id='word_1_229' title='bbox 2578 1766 2873 1836; x_wconf 83' lang='lat' dir='ltr'><strong>Propterea</strong></span> <span class='ocrx_word' id='word_1_230' title='bbox 2919 1768 3065 1837; x_wconf 91' lang='lat' dir='ltr'><strong>quod</strong></span> <span class='ocrx_word' id='word_1_231' title='bbox 3116 1783 3241 1822; x_wconf 90' lang='lat' dir='ltr'><strong>cum</strong></span> <span class='ocrx_word' id='word_1_232' title='bbox 3265 1762 3568 1838; x_wconf 71' lang='lat' dir='ltr'><strong>participes</strong></span> 
     </span>
    </p>
   </div>
   <div class='ocr_carea' id='block_1_31' title="bbox 1984 1842 3568 1931">
    <p class='ocr_par' dir='ltr' id='par_1_31' title="bbox 1984 1842 3568 1931">
     <span class='ocr_line' id='line_1_31' title="bbox 1984 1842 3568 1931; baseline 0.001 -17"><span class='ocrx_word' id='word_1_233' title='bbox 1984 1874 2176 1915; x_wconf 86' lang='lat' dir='ltr'><strong>sumus</strong></span> <span class='ocrx_word' id='word_1_234' title='bbox 2210 1842 2448 1929; x_wconf 84' lang='lat' dir='ltr'><strong>Spiritus</strong></span> <span class='ocrx_word' id='word_1_235' title='bbox 2469 1901 2482 1924; x_wconf 90' lang='lat'><strong>,</strong></span> <span class='ocrx_word' id='word_1_236' title='bbox 2521 1859 2788 1915; x_wconf 84' lang='lat' dir='ltr'><strong>habemus</strong></span> <span class='ocrx_word' id='word_1_237' title='bbox 2824 1856 2986 1915; x_wconf 84' lang='lat' dir='ltr'><strong>Verbi</strong></span> <span class='ocrx_word' id='word_1_238' title='bbox 3022 1859 3285 1931; x_wconf 80' lang='lat' dir='ltr'><strong>gratiam,</strong></span> <span class='ocrx_word' id='word_1_239' title='bbox 3324 1867 3381 1913; x_wconf 89' lang='lat' dir='ltr'><strong>et</strong></span> <span class='ocrx_word' id='word_1_240' title='bbox 3415 1859 3468 1914; x_wconf 87' lang='lat' dir='ltr'><strong>in</strong></span> <span class='ocrx_word' id='word_1_241' title='bbox 3501 1874 3568 1915; x_wconf 86' lang='lat' dir='ltr'><strong>eo</strong></span> 
     </span>
    </p>
   </div>
   <div class='ocr_carea' id='block_1_32' title="bbox 295 1938 1876 2033">
    <p class='ocr_par' dir='ltr' id='par_1_32' title="bbox 295 1956 1875 2033">
     <span class='ocr_line' id='line_1_32' title="bbox 295 1956 1875 2033; baseline 0 -24"><span class='ocrx_word' id='word_1_242' title='bbox 295 1956 484 2026; x_wconf 75' lang='grc' dir='ltr'><strong>χάριν,</strong></span> <span class='ocrx_word' id='word_1_243' title='bbox 521 1958 709 2011; x_wconf 64' lang='grc' dir='ltr'>καῖεν</span> <span class='ocrx_word' id='word_1_244' title='bbox 735 1959 874 2030; x_wconf 74' lang='grc' dir='ltr'><strong>αὐτῇ</strong></span> <span class='ocrx_word' id='word_1_245' title='bbox 905 1958 1006 2028; x_wconf 78' lang='grc' dir='ltr'><strong>τὴν</strong></span> <span class='ocrx_word' id='word_1_246' title='bbox 1032 1957 1127 2010; x_wconf 85' lang='grc' dir='ltr'><strong>τοῦ</strong></span> <span class='ocrx_word' id='word_1_247' title='bbox 1161 1958 1377 2029; x_wconf 82' lang='grc' dir='ltr'>Πατρδς</span> <span class='ocrx_word' id='word_1_248' title='bbox 1411 1958 1659 2033; x_wconf 77' lang='grc' dir='ltr'><strong>ἀγάπην.</strong></span> <span class='ocrx_word' id='word_1_249' title='bbox 1703 1976 1723 2010; x_wconf 72' lang='grc' dir='ltr'>ι</span> <span class='ocrx_word' id='word_1_250' title='bbox 1763 1958 1875 2010; x_wconf 77' lang='grc' dir='ltr'><strong>Καὶ</strong></span> 
     </span>
    </p>
   </div>
   <div class='ocr_carea' id='block_1_33' title="bbox 1984 1938 3565 2033">
    <p class='ocr_par' dir='ltr' id='par_1_33' title="bbox 1985 1938 3565 2021">
     <span class='ocr_line' id='line_1_33' title="bbox 1985 1938 3565 2021; baseline 0.001 -16"><span class='ocrx_word' id='word_1_251' title='bbox 1985 1952 2162 2021; x_wconf 85' lang='lat' dir='ltr'><strong>Patris</strong></span> <span class='ocrx_word' id='word_1_252' title='bbox 2199 1938 2549 2006; x_wconf 88' lang='lat' dir='ltr'><strong>charitatem.</strong></span> <span class='ocrx_word' id='word_1_253' title='bbox 2593 1970 2611 2002; x_wconf 75' lang='grc' dir='ltr'>ι</span> <span class='ocrx_word' id='word_1_254' title='bbox 2652 1949 2719 2005; x_wconf 86' lang='grc' dir='ltr'><strong>Ει</strong></span> <span class='ocrx_word' id='word_1_255' title='bbox 2742 1958 2867 2019; x_wconf 88' lang='lat' dir='ltr'><strong>post</strong></span> <span class='ocrx_word' id='word_1_256' title='bbox 2896 1964 3111 2020; x_wconf 87' lang='lat' dir='ltr'><strong>pauca:</strong></span> <span class='ocrx_word' id='word_1_257' title='bbox 3150 1969 3169 2003; x_wconf 74' lang='grc' dir='ltr'><strong>ι</strong></span> <span class='ocrx_word' id='word_1_258' title='bbox 3207 1950 3346 2005; x_wconf 81' lang='lat' dir='ltr'><strong>Cum</strong></span> <span class='ocrx_word' id='word_1_259' title='bbox 3378 1952 3565 2006; x_wconf 67' lang='lat' dir='ltr'><strong>autem</strong></span> 
     </span>
    </p>
   </div>
   <div class='ocr_carea' id='block_1_34' title="bbox 298 2042 1916 2129">
    <p class='ocr_par' dir='ltr' id='par_1_34' title="bbox 298 2042 1916 2129">
     <span class='ocr_line' id='line_1_34' title="bbox 298 2042 1916 2129; baseline 0.002 -29"><span class='ocrx_word' id='word_1_260' title='bbox 298 2048 421 2117; x_wconf 75' lang='grc' dir='ltr'><strong>μετ’</strong></span> <span class='ocrx_word' id='word_1_261' title='bbox 450 2042 638 2119; x_wconf 77' lang='grc' dir='ltr'><strong>ὀλίγα’</strong></span> <span class='ocrx_word' id='word_1_262' title='bbox 679 2069 698 2102; x_wconf 81' lang='lat' dir='ltr'><strong>t</strong></span> <span class='ocrx_word' id='word_1_263' title='bbox 733 2050 842 2105; x_wconf 87' lang='grc' dir='ltr'><strong>Τοῦ</strong></span> <span class='ocrx_word' id='word_1_264' title='bbox 866 2050 923 2104; x_wconf 68' lang='grc' dir='ltr'><strong>δὲ</strong></span> <span class='ocrx_word' id='word_1_265' title='bbox 952 2050 1271 2120; x_wconf 79' lang='grc' dir='ltr'>Πνεύματος</span> <span class='ocrx_word' id='word_1_266' title='bbox 1305 2054 1459 2115; x_wconf 78' lang='grc' dir='ltr'><strong>ὄντος</strong></span> <span class='ocrx_word' id='word_1_267' title='bbox 1491 2052 1550 2102; x_wconf 78' lang='grc' dir='ltr'><strong>ὲν</strong></span> <span class='ocrx_word' id='word_1_268' title='bbox 1582 2050 1660 2119; x_wconf 78' lang='grc' dir='ltr'><strong>τῷ</strong></span> <span class='ocrx_word' id='word_1_269' title='bbox 1692 2051 1868 2129; x_wconf 76' lang='grc' dir='ltr'>Λόγῳ,</span> <span class='ocrx_word' id='word_1_270' title='bbox 1912 2049 1916 2053; x_wconf 75' lang='grc'><strong>’</strong></span> 
     </span>
    </p>
   </div>
   <div class='ocr_carea' id='block_1_35' title="bbox 294 2138 1874 2215">
    <p class='ocr_par' dir='ltr' id='par_1_35' title="bbox 294 2138 1874 2215">
     <span class='ocr_line' id='line_1_35' title="bbox 294 2138 1874 2215; baseline 0.002 -24"><span class='ocrx_word' id='word_1_271' title='bbox 294 2139 458 2209; x_wconf 78' lang='grc' dir='ltr'>δῆλον</span> <span class='ocrx_word' id='word_1_272' title='bbox 480 2141 548 2195; x_wconf 72' lang='grc' dir='ltr'><strong>ἂν</strong></span> <span class='ocrx_word' id='word_1_273' title='bbox 570 2144 656 2212; x_wconf 73' lang='lat' dir='ltr'><strong>alr;</strong></span> <span class='ocrx_word' id='word_1_274' title='bbox 688 2142 765 2205; x_wconf 82' lang='grc' dir='ltr'>ὡς</span> <span class='ocrx_word' id='word_1_275' title='bbox 793 2141 889 2196; x_wconf 82' lang='grc' dir='ltr'><strong>καὶ</strong></span> <span class='ocrx_word' id='word_1_276' title='bbox 913 2144 971 2197; x_wconf 77' lang='grc' dir='ltr'><strong>ἐν</strong></span> <span class='ocrx_word' id='word_1_277' title='bbox 1015 2138 1092 2212; x_wconf 74' lang='grc' dir='ltr'><strong>τῷ</strong></span> <span class='ocrx_word' id='word_1_278' title='bbox 1125 2142 1246 2213; x_wconf 86' lang='grc' dir='ltr'><strong>Θεῷ</strong></span> <span class='ocrx_word' id='word_1_279' title='bbox 1277 2139 1345 2215; x_wconf 78' lang='grc' dir='ltr'><strong>ἦν</strong></span> <span class='ocrx_word' id='word_1_280' title='bbox 1374 2143 1464 2197; x_wconf 73' lang='grc' dir='ltr'><strong>διὰ</strong></span> <span class='ocrx_word' id='word_1_281' title='bbox 1485 2141 1581 2195; x_wconf 84' lang='grc' dir='ltr'><strong>τοῦ</strong></span> <span class='ocrx_word' id='word_1_282' title='bbox 1609 2143 1785 2209; x_wconf 81' lang='grc' dir='ltr'><strong>Λόγου</strong></span> <span class='ocrx_word' id='word_1_283' title='bbox 1815 2142 1874 2195; x_wconf 80' lang='grc' dir='ltr'><strong>τὸ</strong></span> 
     </span>
    </p>
   </div>
   <div class='ocr_carea' id='block_1_36' title="bbox 298 2233 617 2304">
    <p class='ocr_par' dir='ltr' id='par_1_36' title="bbox 298 2233 617 2304">
     <span class='ocr_line' id='line_1_36' title="bbox 298 2233 617 2304; baseline 0 -18"><span class='ocrx_word' id='word_1_284' title='bbox 298 2233 560 2304; x_wconf 80' lang='grc' dir='ltr'><strong>Πνεῦμα..</strong></span> <span class='ocrx_word' id='word_1_285' title='bbox 597 2247 617 2286; x_wconf 72' lang='grc' dir='ltr'>ι</span> 
     </span>
    </p>
   </div>
   <div class='ocr_carea' id='block_1_37' title="bbox 384 2325 1870 2399">
    <p class='ocr_par' dir='ltr' id='par_1_37' title="bbox 384 2325 1870 2399">
     <span class='ocr_line' id='line_1_37' title="bbox 384 2325 1870 2399; baseline -0.001 -19"><span class='ocrx_word' id='word_1_286' title='bbox 384 2325 443 2380; x_wconf 85' lang='lat'><strong>&#39;0</strong></span> <span class='ocrx_word' id='word_1_287' title='bbox 495 2326 658 2390; x_wconf 78' lang='grc' dir='ltr'><strong>αὐτὸς</strong></span> <span class='ocrx_word' id='word_1_288' title='bbox 702 2328 762 2379; x_wconf 71' lang='grc' dir='ltr'>ὲν</span> <span class='ocrx_word' id='word_1_289' title='bbox 792 2329 856 2397; x_wconf 78' lang='grc' dir='ltr'><strong>τῇ</strong></span> <span class='ocrx_word' id='word_1_290' title='bbox 887 2328 1033 2399; x_wconf 83' lang='grc' dir='ltr'><strong>’πρὸς</strong></span> <span class='ocrx_word' id='word_1_291' title='bbox 1075 2327 1400 2398; x_wconf 75' lang='grc' dir='ltr'><strong>Σεραπίωνα</strong></span> <span class='ocrx_word' id='word_1_292' title='bbox 1435 2329 1629 2397; x_wconf 76' lang='grc' dir='ltr'><strong>πρώτῃ</strong></span> <span class='ocrx_word' id='word_1_293' title='bbox 1671 2327 1870 2396; x_wconf 82' lang='grc' dir='ltr'><strong>φησίν⁶</strong></span> 
     </span>
    </p>
   </div>
   <div class='ocr_carea' id='block_1_38' title="bbox 301 2417 1877 2488">
    <p class='ocr_par' dir='ltr' id='par_1_38' title="bbox 301 2417 1877 2488">
     <span class='ocr_line' id='line_1_38' title="bbox 301 2417 1877 2488; baseline 0.001 -20"><span class='ocrx_word' id='word_1_294' title='bbox 301 2433 324 2467; x_wconf 71' lang='grc' dir='ltr'><strong>ο</strong></span> <span class='ocrx_word' id='word_1_295' title='bbox 355 2417 628 2488; x_wconf 80' lang='grc' dir='ltr'><strong>Τοιαύτην</strong></span> <span class='ocrx_word' id='word_1_296' title='bbox 648 2418 705 2472; x_wconf 73' lang='grc' dir='ltr'><strong>δὲ</strong></span> <span class='ocrx_word' id='word_1_297' title='bbox 723 2418 875 2484; x_wconf 77' lang='grc' dir='ltr'><strong>τάξιν</strong></span> <span class='ocrx_word' id='word_1_298' title='bbox 896 2419 993 2473; x_wconf 72' lang='grc' dir='ltr'>καὶ</span> <span class='ocrx_word' id='word_1_299' title='bbox 1015 2418 1177 2488; x_wconf 81' lang='grc' dir='ltr'><strong>φύσιν</strong></span> <span class='ocrx_word' id='word_1_300' title='bbox 1196 2418 1413 2487; x_wconf 74' lang='grc' dir='ltr'><strong>ἔχοντος</strong></span> <span class='ocrx_word' id='word_1_301' title='bbox 1437 2421 1531 2471; x_wconf 78' lang='grc' dir='ltr'><strong>τοῦ</strong></span> <span class='ocrx_word' id='word_1_302' title='bbox 1555 2418 1877 2488; x_wconf 80' lang='grc' dir='ltr'>Πνεόματος</span> 
     </span>
    </p>
   </div>
   <div class='ocr_carea' id='block_1_39' title="bbox 299 2506 1876 2583">
    <p class='ocr_par' dir='ltr' id='par_1_39' title="bbox 299 2506 1876 2583">
     <span class='ocr_line' id='line_1_39' title="bbox 299 2506 1876 2583; baseline 0.001 -23"><span class='ocrx_word' id='word_1_303' title='bbox 299 2508 438 2579; x_wconf 76' lang='grc' dir='ltr'><strong>πρὸς</strong></span> <span class='ocrx_word' id='word_1_304' title='bbox 457 2509 551 2562; x_wconf 83' lang='grc' dir='ltr'><strong>τδν</strong></span> <span class='ocrx_word' id='word_1_305' title='bbox 583 2508 734 2583; x_wconf 62' lang='grc' dir='ltr'>Ῐίὸν,</span> <span class='ocrx_word' id='word_1_306' title='bbox 765 2509 888 2564; x_wconf 84' lang='grc' dir='ltr'><strong>οῐαν</strong></span> <span class='ocrx_word' id='word_1_307' title='bbox 939 2509 1055 2581; x_wconf 75' lang='grc' dir='ltr'><strong>ἔχει</strong></span> <span class='ocrx_word' id='word_1_308' title='bbox 1111 2511 1140 2564; x_wconf 91' lang='lat'><strong>6</strong></span> <span class='ocrx_word' id='word_1_309' title='bbox 1172 2511 1300 2573; x_wconf 76' lang='grc' dir='ltr'>Υίδς</span> <span class='ocrx_word' id='word_1_310' title='bbox 1337 2510 1473 2581; x_wconf 72' lang='grc' dir='ltr'>πρὸς</span> <span class='ocrx_word' id='word_1_311' title='bbox 1508 2506 1600 2563; x_wconf 83' lang='grc' dir='ltr'><strong>τδν</strong></span> <span class='ocrx_word' id='word_1_312' title='bbox 1631 2510 1876 2580; x_wconf 83' lang='grc' dir='ltr'><strong>Πατέρα,</strong></span> 
     </span>
    </p>
   </div>
   <div class='ocr_carea' id='block_1_40' title="bbox 300 2599 1876 2673">
    <p class='ocr_par' dir='ltr' id='par_1_40' title="bbox 300 2599 1876 2673">
     <span class='ocr_line' id='line_1_40' title="bbox 300 2599 1876 2673; baseline 0.001 -20"><span class='ocrx_word' id='word_1_313' title='bbox 300 2599 422 2662; x_wconf 80' lang='grc' dir='ltr'><strong>πῶς</strong></span> <span class='ocrx_word' id='word_1_314' title='bbox 446 2603 477 2653; x_wconf 87' lang='grc' dir='ltr'>ό</span> <span class='ocrx_word' id='word_1_315' title='bbox 504 2600 664 2656; x_wconf 87' lang='grc' dir='ltr'><strong>τοῦτο</strong></span> <span class='ocrx_word' id='word_1_316' title='bbox 699 2602 908 2671; x_wconf 82' lang='grc' dir='ltr'><strong>κτίσμα</strong></span> <span class='ocrx_word' id='word_1_317' title='bbox 939 2601 1115 2669; x_wconf 78' lang='grc' dir='ltr'>λέγων</span> <span class='ocrx_word' id='word_1_318' title='bbox 1144 2602 1205 2654; x_wconf 77' lang='grc' dir='ltr'><strong>οὐ</strong></span> <span class='ocrx_word' id='word_1_319' title='bbox 1234 2602 1293 2654; x_wconf 74' lang='grc' dir='ltr'><strong>τὸ</strong></span> <span class='ocrx_word' id='word_1_320' title='bbox 1324 2601 1459 2654; x_wconf 80' lang='grc' dir='ltr'>αὐτὸ</span> <span class='ocrx_word' id='word_1_321' title='bbox 1499 2604 1596 2654; x_wconf 72' lang='grc' dir='ltr'>καὶ</span> <span class='ocrx_word' id='word_1_322' title='bbox 1628 2601 1876 2673; x_wconf 76' lang='grc' dir='ltr'><strong>περὶτοῦ</strong></span> 
     </span>
    </p>
   </div>
   <div class='ocr_carea' id='block_1_41' title="bbox 303 2691 1640 2764">
    <p class='ocr_par' dir='ltr' id='par_1_41' title="bbox 303 2691 1640 2764">
     <span class='ocr_line' id='line_1_41' title="bbox 303 2691 1640 2764; baseline 0 -19"><span class='ocrx_word' id='word_1_323' title='bbox 303 2691 437 2745; x_wconf 86' lang='grc' dir='ltr'>Υίοῦ</span> <span class='ocrx_word' id='word_1_324' title='bbox 466 2692 525 2757; x_wconf 83' lang='grc' dir='ltr'><strong>ὲξ</strong></span> <span class='ocrx_word' id='word_1_325' title='bbox 555 2693 805 2763; x_wconf 77' lang='grc' dir='ltr'><strong>ἀνάγκης</strong></span> <span class='ocrx_word' id='word_1_326' title='bbox 837 2694 1139 2763; x_wconf 79' lang='grc' dir='ltr'><strong>φρονήσει;</strong></span> <span class='ocrx_word' id='word_1_327' title='bbox 1181 2713 1201 2746; x_wconf 72' lang='grc' dir='ltr'><strong>ι</strong></span> <span class='ocrx_word' id='word_1_328' title='bbox 1524 2742 1527 2743; x_wconf 63' lang='lat'><strong>,</strong></span> <span class='ocrx_word' id='word_1_329' title='bbox 1637 2761 1640 2764; x_wconf 7' lang='grc' dir='ltr'>γ</span> 
     </span>
    </p>
   </div>
   <div class='ocr_carea' id='block_1_42' title="bbox 383 2780 1875 2860">
    <p class='ocr_par' dir='ltr' id='par_1_42' title="bbox 383 2780 1875 2860">
     <span class='ocr_line' id='line_1_42' title="bbox 383 2780 1875 2860; baseline 0.003 -25"><span class='ocrx_word' id='word_1_330' title='bbox 383 2781 444 2835; x_wconf 82' lang='grc'><strong>⁸0</strong></span> <span class='ocrx_word' id='word_1_331' title='bbox 478 2782 632 2852; x_wconf 71' lang='grc' dir='ltr'><strong>ἅγιος</strong></span> <span class='ocrx_word' id='word_1_332' title='bbox 678 2784 961 2847; x_wconf 80' lang='grc' dir='ltr'><strong>Βασίλειος</strong></span> <span class='ocrx_word' id='word_1_333' title='bbox 996 2789 1052 2838; x_wconf 80' lang='grc' dir='ltr'>ἐν</span> <span class='ocrx_word' id='word_1_334' title='bbox 1093 2787 1176 2838; x_wconf 72' lang='grc' dir='ltr'><strong>ἑνὶ</strong></span> <span class='ocrx_word' id='word_1_335' title='bbox 1215 2786 1324 2840; x_wconf 85' lang='grc' dir='ltr'><strong>τῶν</strong></span> <span class='ocrx_word' id='word_1_336' title='bbox 1365 2786 1700 2855; x_wconf 81' lang='grc' dir='ltr'><strong>κεφαλαίων,</strong></span> <span class='ocrx_word' id='word_1_337' title='bbox 1749 2780 1811 2840; x_wconf 75' lang='grc' dir='ltr'><strong>οῦ</strong></span> <span class='ocrx_word' id='word_1_338' title='bbox 1841 2790 1875 2860; x_wconf 78' lang='grc' dir='ltr'><strong>ἡ</strong></span> 
     </span>
    </p>
   </div>
   <div class='ocr_carea' id='block_1_43' title="bbox 303 2876 1877 2951">
    <p class='ocr_par' dir='ltr' id='par_1_43' title="bbox 303 2876 1877 2951">
     <span class='ocr_line' id='line_1_43' title="bbox 303 2876 1877 2951; baseline 0.004 -23"><span class='ocrx_word' id='word_1_339' title='bbox 303 2876 617 2948; x_wconf 68' lang='grc' dir='ltr'><strong>ἐπιγραφὴ,</strong></span> <span class='ocrx_word' id='word_1_340' title='bbox 650 2894 669 2927; x_wconf 72' lang='grc' dir='ltr'>ι</span> <span class='ocrx_word' id='word_1_341' title='bbox 709 2877 834 2930; x_wconf 88' lang='grc' dir='ltr'><strong>Ὅτι</strong></span> <span class='ocrx_word' id='word_1_342' title='bbox 896 2878 1351 2948; x_wconf 78' lang='grc' dir='ltr'><strong>συνδοξαζόμενον</strong></span> <span class='ocrx_word' id='word_1_343' title='bbox 1398 2880 1517 2949; x_wconf 85' lang='grc' dir='ltr'><strong>Θεῷ</strong></span> <span class='ocrx_word' id='word_1_344' title='bbox 1548 2881 1609 2932; x_wconf 86' lang='grc' dir='ltr'><strong>τὸ</strong></span> <span class='ocrx_word' id='word_1_345' title='bbox 1650 2880 1877 2951; x_wconf 80' lang='grc' dir='ltr'><strong>Πνεῦμα</strong></span> 
     </span>
    </p>
   </div>
   <div class='ocr_carea' id='block_1_44' title="bbox 301 2969 1877 3038">
    <p class='ocr_par' dir='ltr' id='par_1_44' title="bbox 301 2969 1877 3038">
     <span class='ocr_line' id='line_1_44' title="bbox 301 2969 1877 3038; baseline 0.001 -15"><span class='ocrx_word' id='word_1_346' title='bbox 301 2970 578 3023; x_wconf 79' lang='grc' dir='ltr'><strong>δείκνυται</strong></span> <span class='ocrx_word' id='word_1_347' title='bbox 612 2990 630 3019; x_wconf 75' lang='grc' dir='ltr'>ι</span> <span class='ocrx_word' id='word_1_348' title='bbox 702 2970 900 3038; x_wconf 75' lang='grc' dir='ltr'><strong>φησίνο</strong></span> <span class='ocrx_word' id='word_1_349' title='bbox 935 2989 955 3022; x_wconf 74' lang='grc' dir='ltr'>ι</span> <span class='ocrx_word' id='word_1_350' title='bbox 994 2969 1067 3021; x_wconf 82' lang='grc' dir='ltr'><strong>Τὸ</strong></span> <span class='ocrx_word' id='word_1_351' title='bbox 1092 2969 1149 3021; x_wconf 81' lang='grc' dir='ltr'><strong>δὲ</strong></span> <span class='ocrx_word' id='word_1_352' title='bbox 1189 2971 1285 3023; x_wconf 73' lang='grc' dir='ltr'><strong>ἐπὶ</strong></span> <span class='ocrx_word' id='word_1_353' title='bbox 1317 2970 1427 3022; x_wconf 84' lang='grc' dir='ltr'><strong>τῶν</strong></span> <span class='ocrx_word' id='word_1_354' title='bbox 1470 2969 1652 3023; x_wconf 85' lang='grc' dir='ltr'>αὐτῶν</span> <span class='ocrx_word' id='word_1_355' title='bbox 1676 2971 1877 3025; x_wconf 85' lang='grc' dir='ltr'><strong>Θεῖκῶν</strong></span> 
     </span>
    </p>
   </div>
   <div class='ocr_carea' id='block_1_45' title="bbox 301 3059 1879 3132">
    <p class='ocr_par' dir='ltr' id='par_1_45' title="bbox 301 3059 1879 3132">
     <span class='ocr_line' id='line_1_45' title="bbox 301 3059 1879 3132; baseline 0.002 -18"><span class='ocrx_word' id='word_1_356' title='bbox 301 3063 482 3131; x_wconf 78' lang='grc' dir='ltr'>ἔργων</span> <span class='ocrx_word' id='word_1_357' title='bbox 532 3061 631 3132; x_wconf 76' lang='grc' dir='ltr'><strong>τὴν</strong></span> <span class='ocrx_word' id='word_1_358' title='bbox 680 3062 887 3132; x_wconf 82' lang='grc' dir='ltr'>Τριάδα</span> <span class='ocrx_word' id='word_1_359' title='bbox 936 3059 1256 3125; x_wconf 71' lang='grc' dir='ltr'><strong>δοξάζεσθαι</strong></span> <span class='ocrx_word' id='word_1_360' title='bbox 1306 3063 1406 3129; x_wconf 82' lang='grc' dir='ltr'><strong>τῆς</strong></span> <span class='ocrx_word' id='word_1_361' title='bbox 1458 3064 1586 3131; x_wconf 76' lang='grc' dir='ltr'><strong>μιᾶς</strong></span> <span class='ocrx_word' id='word_1_362' title='bbox 1619 3063 1879 3132; x_wconf 80' lang='grc' dir='ltr'><strong>θεότητος</strong></span> 
     </span>
    </p>
   </div>
   <div class='ocr_carea' id='block_1_46' title="bbox 305 3151 1877 3227">
    <p class='ocr_par' dir='ltr' id='par_1_46' title="bbox 305 3151 1877 3227">
     <span class='ocr_line' id='line_1_46' title="bbox 305 3151 1877 3227; baseline 0.002 -21"><span class='ocrx_word' id='word_1_363' title='bbox 305 3154 607 3223; x_wconf 82' lang='grc' dir='ltr'><strong>μαρτύριον</strong></span> <span class='ocrx_word' id='word_1_364' title='bbox 636 3154 718 3207; x_wconf 77' lang='grc' dir='ltr'><strong>ὅτι</strong></span> <span class='ocrx_word' id='word_1_365' title='bbox 751 3153 888 3223; x_wconf 78' lang='grc' dir='ltr'><strong>μήτε</strong></span> <span class='ocrx_word' id='word_1_366' title='bbox 920 3154 1089 3223; x_wconf 80' lang='grc' dir='ltr'>χωρὶς</span> <span class='ocrx_word' id='word_1_367' title='bbox 1120 3151 1250 3205; x_wconf 82' lang='grc' dir='ltr'><strong>Υἱοῦ</strong></span> <span class='ocrx_word' id='word_1_368' title='bbox 1299 3156 1446 3207; x_wconf 79' lang='grc' dir='ltr'><strong>ποιοῖ</strong></span> <span class='ocrx_word' id='word_1_369' title='bbox 1479 3153 1689 3224; x_wconf 82' lang='grc' dir='ltr'>Πατὴρ,</span> <span class='ocrx_word' id='word_1_370' title='bbox 1735 3156 1877 3227; x_wconf 84' lang='grc' dir='ltr'><strong>μήτε</strong></span> 
     </span>
    </p>
   </div>
   <div class='ocr_carea' id='block_1_47' title="bbox 306 3245 1057 3317">
    <p class='ocr_par' dir='ltr' id='par_1_47' title="bbox 306 3245 1057 3317">
     <span class='ocr_line' id='line_1_47' title="bbox 306 3245 1057 3317; baseline -0.001 -20"><span class='ocrx_word' id='word_1_371' title='bbox 306 3246 433 3309; x_wconf 75' lang='grc' dir='ltr'><strong>Υἱὸς</strong></span> <span class='ocrx_word' id='word_1_372' title='bbox 461 3246 628 3317; x_wconf 71' lang='grc' dir='ltr'>χωρὶς</span> <span class='ocrx_word' id='word_1_373' title='bbox 661 3245 998 3315; x_wconf 74' lang='grc' dir='ltr'><strong>Πνεῦματος.</strong></span> <span class='ocrx_word' id='word_1_374' title='bbox 1038 3263 1057 3296; x_wconf 74' lang='grc' dir='ltr'><strong>ι</strong></span> 
     </span>
    </p>
   </div>
   <div class='ocr_carea' id='block_1_48' title="bbox 387 3303 1946 3410">
    <p class='ocr_par' dir='ltr' id='par_1_48' title="bbox 387 3303 1946 3410">
     <span class='ocr_line' id='line_1_48' title="bbox 387 3303 1946 3410; baseline 0.029 -31"><span class='ocrx_word' id='word_1_375' title='bbox 387 3303 448 3390; x_wconf 64' lang='grc' dir='ltr'><strong>’ὸ</strong></span> <span class='ocrx_word' id='word_1_376' title='bbox 463 3303 644 3401; x_wconf 43' lang='lat' dir='ltr'><strong>&quot;abab;</strong></span> <span class='ocrx_word' id='word_1_377' title='bbox 675 3340 733 3391; x_wconf 87' lang='grc' dir='ltr'><strong>ὲν</strong></span> <span class='ocrx_word' id='word_1_378' title='bbox 764 3303 845 3390; x_wconf 71' lang='grc' dir='ltr'><strong>ἑνὶ</strong></span> <span class='ocrx_word' id='word_1_379' title='bbox 886 3303 998 3391; x_wconf 46' lang='grc' dir='ltr'><strong>τιῖιν</strong></span> <span class='ocrx_word' id='word_1_380' title='bbox 1026 3336 1366 3405; x_wconf 77' lang='grc' dir='ltr'>κεφαλαίων,</span> <span class='ocrx_word' id='word_1_381' title='bbox 1396 3329 1459 3391; x_wconf 62' lang='grc' dir='ltr'><strong>οὗ</strong></span> <span class='ocrx_word' id='word_1_382' title='bbox 1494 3338 1527 3407; x_wconf 69' lang='grc' dir='ltr'>ἡ</span> <span class='ocrx_word' id='word_1_383' title='bbox 1567 3339 1877 3410; x_wconf 63' lang='grc' dir='ltr'><strong>ἐπιγραφὴν</strong></span> <span class='ocrx_word' id='word_1_384' title='bbox 1903 3303 1946 3358; x_wconf 75' lang='lat' dir='ltr'><strong>c</strong></span> 
     </span>
    </p>
   </div>
   <div class='ocr_carea' id='block_1_49' title="bbox 310 3423 1878 3502">
    <p class='ocr_par' dir='ltr' id='par_1_49' title="bbox 310 3423 1878 3502">
     <span class='ocr_line' id='line_1_49' title="bbox 310 3423 1878 3502; baseline 0.002 -21"><span class='ocrx_word' id='word_1_385' title='bbox 310 3449 328 3481; x_wconf 78' lang='grc' dir='ltr'>ι</span> <span class='ocrx_word' id='word_1_386' title='bbox 366 3430 491 3482; x_wconf 82' lang='grc' dir='ltr'><strong>Ὀτι</strong></span> <span class='ocrx_word' id='word_1_387' title='bbox 523 3427 635 3481; x_wconf 77' lang='grc' dir='ltr'><strong>ἀπὸ</strong></span> <span class='ocrx_word' id='word_1_388' title='bbox 663 3428 762 3499; x_wconf 78' lang='grc' dir='ltr'><strong>τῆς</strong></span> <span class='ocrx_word' id='word_1_389' title='bbox 791 3428 944 3493; x_wconf 83' lang='grc' dir='ltr'>θείας</span> <span class='ocrx_word' id='word_1_390' title='bbox 969 3429 1186 3499; x_wconf 80' lang='grc' dir='ltr'>φύσεως</span> <span class='ocrx_word' id='word_1_391' title='bbox 1217 3429 1253 3498; x_wconf 78' lang='grc' dir='ltr'><strong>ἡ</strong></span> <span class='ocrx_word' id='word_1_392' title='bbox 1288 3423 1480 3498; x_wconf 75' lang='grc' dir='ltr'><strong>ἑνότης</strong></span> <span class='ocrx_word' id='word_1_393' title='bbox 1511 3429 1614 3497; x_wconf 81' lang='grc' dir='ltr'><strong>τῆς</strong></span> <span class='ocrx_word' id='word_1_394' title='bbox 1645 3427 1878 3502; x_wconf 83' lang='grc' dir='ltr'><strong>Τριάδος</strong></span> 
     </span>
    </p>
   </div>
   <div class='ocr_carea' id='block_1_50' title="bbox 302 3519 1881 3595">
    <p class='ocr_par' dir='ltr' id='par_1_50' title="bbox 302 3519 1881 3595">
     <span class='ocr_line' id='line_1_50' title="bbox 302 3519 1881 3595; baseline 0.004 -23"><span class='ocrx_word' id='word_1_395' title='bbox 302 3519 655 3589; x_wconf 79' lang='grc' dir='ltr'>γνωρίζεται,</span> <span class='ocrx_word' id='word_1_396' title='bbox 685 3538 704 3571; x_wconf 70' lang='grc' dir='ltr'>ι</span> <span class='ocrx_word' id='word_1_397' title='bbox 732 3520 869 3590; x_wconf 82' lang='grc' dir='ltr'><strong>φησί</strong></span> <span class='ocrx_word' id='word_1_398' title='bbox 895 3536 908 3550; x_wconf 93' lang='grc'><strong>·</strong></span> <span class='ocrx_word' id='word_1_399' title='bbox 946 3539 965 3572; x_wconf 77' lang='grc' dir='ltr'><strong>ι</strong></span> <span class='ocrx_word' id='word_1_400' title='bbox 1009 3520 1121 3573; x_wconf 70' lang='grc' dir='ltr'>Καὶ</span> <span class='ocrx_word' id='word_1_401' title='bbox 1144 3520 1245 3574; x_wconf 80' lang='grc' dir='ltr'><strong>οὐκ</strong></span> <span class='ocrx_word' id='word_1_402' title='bbox 1272 3521 1521 3575; x_wconf 79' lang='grc' dir='ltr'>ἐνέλιπεν</span> <span class='ocrx_word' id='word_1_403' title='bbox 1547 3522 1674 3585; x_wconf 63' lang='grc' dir='ltr'><strong>Υίὲς</strong></span> <span class='ocrx_word' id='word_1_404' title='bbox 1705 3523 1881 3595; x_wconf 87' lang='grc' dir='ltr'>Πατρί</span> 
     </span>
    </p>
   </div>
   <div class='ocr_carea' id='block_1_51' title="bbox 300 3610 1310 3683">
    <p class='ocr_par' dir='ltr' id='par_1_51' title="bbox 300 3610 1310 3683">
     <span class='ocr_line' id='line_1_51' title="bbox 300 3610 1310 3683; baseline 0.002 -19"><span class='ocrx_word' id='word_1_405' title='bbox 300 3620 464 3679; x_wconf 70' lang='grc' dir='ltr'><strong>ποτε,</strong></span> <span class='ocrx_word' id='word_1_406' title='bbox 495 3612 617 3665; x_wconf 75' lang='grc' dir='ltr'><strong>οὐδὲ</strong></span> <span class='ocrx_word' id='word_1_407' title='bbox 646 3612 725 3683; x_wconf 84' lang='grc' dir='ltr'><strong>τῷ</strong></span> <span class='ocrx_word' id='word_1_408' title='bbox 766 3610 879 3679; x_wconf 84' lang='grc' dir='ltr'><strong>Υίῷ</strong></span> <span class='ocrx_word' id='word_1_409' title='bbox 910 3611 971 3665; x_wconf 79' lang='grc' dir='ltr'><strong>τὸ</strong></span> <span class='ocrx_word' id='word_1_410' title='bbox 999 3613 1245 3683; x_wconf 82' lang='grc' dir='ltr'><strong>Πνεῦμα.</strong></span> <span class='ocrx_word' id='word_1_411' title='bbox 1291 3622 1310 3666; x_wconf 68' lang='lat' dir='ltr'><strong>‘r</strong></span> 
     </span>
    </p>
   </div>
   <div class='ocr_carea' id='block_1_52' title="bbox 386 3703 1879 3777">
    <p class='ocr_par' dir='ltr' id='par_1_52' title="bbox 386 3703 1879 3777">
     <span class='ocr_line' id='line_1_52' title="bbox 386 3703 1879 3777; baseline 0.003 -20"><span class='ocrx_word' id='word_1_412' title='bbox 386 3703 451 3758; x_wconf 87' lang='lat'><strong>&#39;0</strong></span> <span class='ocrx_word' id='word_1_413' title='bbox 494 3703 656 3767; x_wconf 70' lang='grc' dir='ltr'>αὐτὸς</span> <span class='ocrx_word' id='word_1_414' title='bbox 696 3706 755 3756; x_wconf 72' lang='grc' dir='ltr'><strong>ἐν</strong></span> <span class='ocrx_word' id='word_1_415' title='bbox 785 3704 865 3775; x_wconf 82' lang='grc' dir='ltr'><strong>τῷ</strong></span> <span class='ocrx_word' id='word_1_416' title='bbox 912 3704 1125 3775; x_wconf 84' lang='grc' dir='ltr'><strong>δεκάτῳ</strong></span> <span class='ocrx_word' id='word_1_417' title='bbox 1156 3703 1372 3777; x_wconf 76' lang='grc' dir='ltr'>ἑϐδόμῳ</span> <span class='ocrx_word' id='word_1_418' title='bbox 1429 3706 1715 3776; x_wconf 82' lang='grc' dir='ltr'>κεφαλαίῳ</span> <span class='ocrx_word' id='word_1_419' title='bbox 1767 3707 1879 3761; x_wconf 83' lang='grc' dir='ltr'><strong>τῶν</strong></span> 
     </span>
    </p>
   </div>
   <div class='ocr_carea' id='block_1_53' title="bbox 302 3794 1880 3867">
    <p class='ocr_par' dir='ltr' id='par_1_53' title="bbox 302 3794 1880 3867">
     <span class='ocr_line' id='line_1_53' title="bbox 302 3794 1880 3867; baseline 0.001 -18"><span class='ocrx_word' id='word_1_420' title='bbox 302 3798 443 3867; x_wconf 81' lang='grc' dir='ltr'>πρὸς</span> <span class='ocrx_word' id='word_1_421' title='bbox 483 3794 833 3866; x_wconf 76' lang='grc' dir='ltr'>’Δμφιλόχιόν</span> <span class='ocrx_word' id='word_1_422' title='bbox 886 3812 1055 3866; x_wconf 83' lang='grc' dir='ltr'><strong>φησιν</strong></span> <span class='ocrx_word' id='word_1_423' title='bbox 1082 3811 1095 3827; x_wconf 79' lang='grc' dir='ltr'><strong>ο</strong></span> <span class='ocrx_word' id='word_1_424' title='bbox 1127 3814 1145 3846; x_wconf 80' lang='grc' dir='ltr'>ι</span> <span class='ocrx_word' id='word_1_425' title='bbox 1196 3796 1288 3861; x_wconf 84' lang='grc' dir='ltr'><strong>Ὠς</strong></span> <span class='ocrx_word' id='word_1_426' title='bbox 1325 3798 1507 3850; x_wconf 88' lang='grc' dir='ltr'><strong>τοίνυν</strong></span> <span class='ocrx_word' id='word_1_427' title='bbox 1539 3797 1654 3867; x_wconf 77' lang='grc' dir='ltr'><strong>ἐχέι</strong></span> <span class='ocrx_word' id='word_1_428' title='bbox 1691 3801 1717 3851; x_wconf 89' lang='lat'><strong>6</strong></span> <span class='ocrx_word' id='word_1_429' title='bbox 1754 3799 1880 3863; x_wconf 81' lang='grc' dir='ltr'>Υίδς</span> 
     </span>
    </p>
   </div>
   <div class='ocr_carea' id='block_1_54' title="bbox 302 3887 1879 3959">
    <p class='ocr_par' dir='ltr' id='par_1_54' title="bbox 302 3887 1879 3959">
     <span class='ocr_line' id='line_1_54' title="bbox 302 3887 1879 3959; baseline 0.002 -17"><span class='ocrx_word' id='word_1_430' title='bbox 302 3889 445 3959; x_wconf 79' lang='grc' dir='ltr'><strong>πρὸς</strong></span> <span class='ocrx_word' id='word_1_431' title='bbox 494 3889 588 3947; x_wconf 72' lang='grc' dir='ltr'>τὸν</span> <span class='ocrx_word' id='word_1_432' title='bbox 648 3888 892 3959; x_wconf 72' lang='grc' dir='ltr'>Πατέρα,</span> <span class='ocrx_word' id='word_1_433' title='bbox 946 3887 1214 3942; x_wconf 73' lang='grc' dir='ltr'><strong>οὕτωκαὶ</strong></span> <span class='ocrx_word' id='word_1_434' title='bbox 1264 3887 1403 3959; x_wconf 82' lang='grc' dir='ltr'><strong>πρὸς</strong></span> <span class='ocrx_word' id='word_1_435' title='bbox 1479 3889 1570 3943; x_wconf 77' lang='grc' dir='ltr'><strong>τὸν</strong></span> <span class='ocrx_word' id='word_1_436' title='bbox 1632 3890 1764 3945; x_wconf 82' lang='grc' dir='ltr'>Υίὸν</span> <span class='ocrx_word' id='word_1_437' title='bbox 1818 3892 1879 3945; x_wconf 78' lang='grc' dir='ltr'><strong>τὸ</strong></span> 
     </span>
    </p>
   </div>
   <div class='ocr_carea' id='block_1_55' title="bbox 305 3973 1880 4053">
    <p class='ocr_par' dir='ltr' id='par_1_55' title="bbox 305 3973 1880 4053">
     <span class='ocr_line' id='line_1_55' title="bbox 305 3973 1880 4053; baseline 0.003 -19"><span class='ocrx_word' id='word_1_438' title='bbox 305 3979 553 4050; x_wconf 80' lang='grc' dir='ltr'>Πνεῦμα,</span> <span class='ocrx_word' id='word_1_439' title='bbox 584 3981 727 4045; x_wconf 61' lang='grc' dir='ltr'><strong>κατὰ</strong></span> <span class='ocrx_word' id='word_1_440' title='bbox 752 3973 847 4051; x_wconf 64' lang='grc' dir='ltr'><strong>τὴν</strong></span> <span class='ocrx_word' id='word_1_441' title='bbox 874 3982 932 4033; x_wconf 83' lang='grc' dir='ltr'><strong>ὲν</strong></span> <span class='ocrx_word' id='word_1_442' title='bbox 956 3980 1035 4049; x_wconf 85' lang='grc' dir='ltr'><strong>τῷ</strong></span> <span class='ocrx_word' id='word_1_443' title='bbox 1061 3979 1403 4051; x_wconf 72' lang='grc' dir='ltr'><strong>βαπτίσματι</strong></span> <span class='ocrx_word' id='word_1_444' title='bbox 1434 3981 1880 4053; x_wconf 79' lang='grc' dir='ltr'>παραδεδομένην</span> 
     </span>
    </p>
   </div>
   <div class='ocr_carea' id='block_1_56' title="bbox 305 4056 1879 4145">
    <p class='ocr_par' dir='ltr' id='par_1_56' title="bbox 305 4056 1879 4145">
     <span class='ocr_line' id='line_1_56' title="bbox 305 4056 1879 4145; baseline 0.001 -19"><span class='ocrx_word' id='word_1_445' title='bbox 305 4071 404 4127; x_wconf 83' lang='grc' dir='ltr'><strong>τοῦ</strong></span> <span class='ocrx_word' id='word_1_446' title='bbox 431 4074 606 4140; x_wconf 85' lang='grc' dir='ltr'><strong>Λόγου</strong></span> <span class='ocrx_word' id='word_1_447' title='bbox 639 4072 914 4138; x_wconf 81' lang='grc' dir='ltr'><strong>σύνταξιν.</strong></span> <span class='ocrx_word' id='word_1_448' title='bbox 939 4071 1004 4125; x_wconf 87' lang='grc' dir='ltr'><strong>Εί</strong></span> <span class='ocrx_word' id='word_1_449' title='bbox 1029 4072 1084 4126; x_wconf 82' lang='grc' dir='ltr'><strong>δὲ</strong></span> <span class='ocrx_word' id='word_1_450' title='bbox 1121 4072 1182 4124; x_wconf 77' lang='grc' dir='ltr'><strong>τὸ</strong></span> <span class='ocrx_word' id='word_1_451' title='bbox 1210 4072 1438 4144; x_wconf 82' lang='grc' dir='ltr'><strong>Πνεῦμα</strong></span> <span class='ocrx_word' id='word_1_452' title='bbox 1484 4056 1562 4144; x_wconf 83' lang='grc' dir='ltr'><strong>τῷ</strong></span> <span class='ocrx_word' id='word_1_453' title='bbox 1606 4074 1722 4145; x_wconf 84' lang='grc' dir='ltr'><strong>Υίῷ</strong></span> <span class='ocrx_word' id='word_1_454' title='bbox 1752 4091 1879 4129; x_wconf 82' lang='grc' dir='ltr'><strong>συν-</strong></span> 
     </span>
    </p>
   </div>
   <div class='ocr_carea' id='block_1_57' title="bbox 307 4164 1880 4239">
    <p class='ocr_par' dir='ltr' id='par_1_57' title="bbox 307 4164 1880 4239">
     <span class='ocr_line' id='line_1_57' title="bbox 307 4164 1880 4239; baseline 0.001 -21"><span class='ocrx_word' id='word_1_455' title='bbox 307 4165 594 4227; x_wconf 81' lang='grc' dir='ltr'><strong>τέτακται,</strong></span> <span class='ocrx_word' id='word_1_456' title='bbox 640 4168 667 4217; x_wconf 89' lang='grc' dir='ltr'>ό</span> <span class='ocrx_word' id='word_1_457' title='bbox 700 4165 757 4218; x_wconf 78' lang='grc' dir='ltr'><strong>δὲ</strong></span> <span class='ocrx_word' id='word_1_458' title='bbox 802 4165 928 4228; x_wconf 82' lang='grc' dir='ltr'><strong>Υἱὸς</strong></span> <span class='ocrx_word' id='word_1_459' title='bbox 964 4164 1043 4235; x_wconf 82' lang='grc' dir='ltr'><strong>τῷ</strong></span> <span class='ocrx_word' id='word_1_460' title='bbox 1071 4165 1272 4234; x_wconf 76' lang='grc' dir='ltr'>Πατρὶ,</span> <span class='ocrx_word' id='word_1_461' title='bbox 1308 4167 1406 4220; x_wconf 79' lang='grc' dir='ltr'>καὶ</span> <span class='ocrx_word' id='word_1_462' title='bbox 1449 4166 1513 4220; x_wconf 83' lang='grc' dir='ltr'><strong>τὸ</strong></span> <span class='ocrx_word' id='word_1_463' title='bbox 1546 4167 1776 4239; x_wconf 79' lang='grc' dir='ltr'>Πνεῦμα</span> <span class='ocrx_word' id='word_1_464' title='bbox 1802 4168 1880 4239; x_wconf 84' lang='grc' dir='ltr'><strong>τῷ</strong></span> 
     </span>
    </p>
   </div>
   <div class='ocr_carea' id='block_1_58' title="bbox 309 4257 837 4327">
    <p class='ocr_par' dir='ltr' id='par_1_58' title="bbox 309 4257 837 4327">
     <span class='ocr_line' id='line_1_58' title="bbox 309 4257 837 4327; baseline -0.009 -15"><span class='ocrx_word' id='word_1_465' title='bbox 309 4258 488 4326; x_wconf 71' lang='grc' dir='ltr'>Πατρὶ</span> <span class='ocrx_word' id='word_1_466' title='bbox 515 4257 779 4327; x_wconf 76' lang='grc' dir='ltr'><strong>δηλονότι.</strong></span> <span class='ocrx_word' id='word_1_467' title='bbox 816 4273 837 4307; x_wconf 72' lang='grc' dir='ltr'>ι</span> 
     </span>
    </p>
   </div>
   <div class='ocr_carea' id='block_1_59' title="bbox 392 4344 1877 4419">
    <p class='ocr_par' dir='ltr' id='par_1_59' title="bbox 392 4344 1877 4419">
     <span class='ocr_line' id='line_1_59' title="bbox 392 4344 1877 4419; baseline 0.001 -19"><span class='ocrx_word' id='word_1_468' title='bbox 392 4348 451 4400; x_wconf 90' lang='lat'><strong>&#39;0</strong></span> <span class='ocrx_word' id='word_1_469' title='bbox 485 4347 646 4409; x_wconf 77' lang='grc' dir='ltr'><strong>αὐτὸς</strong></span> <span class='ocrx_word' id='word_1_470' title='bbox 681 4347 737 4398; x_wconf 82' lang='grc' dir='ltr'><strong>ὲν</strong></span> <span class='ocrx_word' id='word_1_471' title='bbox 762 4346 838 4415; x_wconf 87' lang='grc' dir='ltr'><strong>τῷ</strong></span> <span class='ocrx_word' id='word_1_472' title='bbox 860 4351 937 4415; x_wconf 85' lang='grc' dir='ltr'><strong>ιη’</strong></span> <span class='ocrx_word' id='word_1_473' title='bbox 968 4344 1075 4397; x_wconf 83' lang='grc' dir='ltr'><strong>τῶν</strong></span> <span class='ocrx_word' id='word_1_474' title='bbox 1104 4344 1285 4398; x_wconf 81' lang='grc' dir='ltr'>αὐτῶν</span> <span class='ocrx_word' id='word_1_475' title='bbox 1320 4344 1632 4415; x_wconf 82' lang='grc' dir='ltr'>κεφαλαίων</span> <span class='ocrx_word' id='word_1_476' title='bbox 1669 4365 1837 4419; x_wconf 74' lang='grc' dir='ltr'><strong>φησιν</strong></span> <span class='ocrx_word' id='word_1_477' title='bbox 1861 4363 1877 4380; x_wconf 71' lang='grc' dir='ltr'><strong><em>ο</em></strong></span> 
     </span>
    </p>
   </div>
   <div class='ocr_carea' id='block_1_60' title="bbox 314 4436 1880 4510">
    <p class='ocr_par' dir='ltr' id='par_1_60' title="bbox 314 4436 1880 4510">
     <span class='ocr_line' id='line_1_60' title="bbox 314 4436 1880 4510; baseline 0.001 -19"><span class='ocrx_word' id='word_1_478' title='bbox 314 4456 333 4491; x_wconf 76' lang='grc' dir='ltr'><strong>ι</strong></span> <span class='ocrx_word' id='word_1_479' title='bbox 388 4437 485 4491; x_wconf 83' lang='grc' dir='ltr'>Ἐν</span> <span class='ocrx_word' id='word_1_480' title='bbox 516 4437 575 4490; x_wconf 83' lang='grc' dir='ltr'><strong>δὲ</strong></span> <span class='ocrx_word' id='word_1_481' title='bbox 608 4438 703 4490; x_wconf 70' lang='grc' dir='ltr'>καὶ</span> <span class='ocrx_word' id='word_1_482' title='bbox 732 4437 792 4489; x_wconf 82' lang='grc' dir='ltr'><strong>τὸ</strong></span> <span class='ocrx_word' id='word_1_483' title='bbox 822 4436 976 4505; x_wconf 78' lang='grc' dir='ltr'><strong>ἆγιον</strong></span> <span class='ocrx_word' id='word_1_484' title='bbox 1010 4436 1253 4507; x_wconf 84' lang='grc' dir='ltr'>Πνεῦμα,</span> <span class='ocrx_word' id='word_1_485' title='bbox 1285 4436 1354 4490; x_wconf 85' lang='grc' dir='ltr'><strong>δι’</strong></span> <span class='ocrx_word' id='word_1_486' title='bbox 1381 4438 1499 4502; x_wconf 78' lang='grc' dir='ltr'><strong>ἐνὸς</strong></span> <span class='ocrx_word' id='word_1_487' title='bbox 1530 4438 1663 4493; x_wconf 87' lang='grc' dir='ltr'><strong>Υίοῦ</strong></span> <span class='ocrx_word' id='word_1_488' title='bbox 1690 4440 1767 4510; x_wconf 85' lang='grc' dir='ltr'><strong>τῷ</strong></span> <span class='ocrx_word' id='word_1_489' title='bbox 1800 4442 1880 4493; x_wconf 79' lang='grc' dir='ltr'><strong>ἑνὶ</strong></span> 
     </span>
    </p>
   </div>
   <div class='ocr_carea' id='block_1_61' title="bbox 309 4528 1881 4602">
    <p class='ocr_par' dir='ltr' id='par_1_61' title="bbox 309 4528 1881 4602">
     <span class='ocr_line' id='line_1_61' title="bbox 309 4528 1881 4602; baseline -0.001 -16"><span class='ocrx_word' id='word_1_490' title='bbox 309 4533 483 4602; x_wconf 62' lang='lat' dir='ltr'><strong>“arpi</strong></span> <span class='ocrx_word' id='word_1_491' title='bbox 508 4529 932 4599; x_wconf 78' lang='grc' dir='ltr'><strong>συναπτόμενον.</strong></span> <span class='ocrx_word' id='word_1_492' title='bbox 974 4548 992 4580; x_wconf 73' lang='grc' dir='ltr'><strong>ι</strong></span> <span class='ocrx_word' id='word_1_493' title='bbox 1025 4528 1133 4582; x_wconf 80' lang='grc' dir='ltr'><strong>Καὶ</strong></span> <span class='ocrx_word' id='word_1_494' title='bbox 1176 4530 1315 4598; x_wconf 87' lang='grc' dir='ltr'><strong>μετά</strong></span> <span class='ocrx_word' id='word_1_495' title='bbox 1341 4547 1462 4584; x_wconf 84' lang='grc' dir='ltr'><strong>τινα</strong></span> <span class='ocrx_word' id='word_1_496' title='bbox 1489 4548 1503 4563; x_wconf 80' lang='grc'><em>’</em></span> <span class='ocrx_word' id='word_1_497' title='bbox 1534 4550 1552 4583; x_wconf 84' lang='lat' dir='ltr'><strong>t</strong></span> <span class='ocrx_word' id='word_1_498' title='bbox 1593 4532 1657 4585; x_wconf 83' lang='lat' dir='ltr'><strong>&#39;H</strong></span> <span class='ocrx_word' id='word_1_499' title='bbox 1700 4533 1881 4585; x_wconf 86' lang='grc' dir='ltr'><strong>τοίνυν</strong></span> 
     </span>
    </p>
   </div>
   <div class='ocr_carea' id='block_1_62' title="bbox 1984 2041 3565 2116">
    <p class='ocr_par' dir='ltr' id='par_1_62' title="bbox 1984 2041 3565 2116">
     <span class='ocr_line' id='line_1_62' title="bbox 1984 2041 3565 2116; baseline 0.001 -17"><span class='ocrx_word' id='word_1_500' title='bbox 1984 2043 2226 2113; x_wconf 89' lang='lat' dir='ltr'><strong>Spiritus</strong></span> <span class='ocrx_word' id='word_1_501' title='bbox 2250 2044 2322 2099; x_wconf 89' lang='lat' dir='ltr'><strong>sit</strong></span> <span class='ocrx_word' id='word_1_502' title='bbox 2346 2045 2398 2097; x_wconf 90' lang='lat' dir='ltr'><strong>in</strong></span> <span class='ocrx_word' id='word_1_503' title='bbox 2427 2041 2629 2110; x_wconf 81' lang='lat' dir='ltr'><strong>Verbo,</strong></span> <span class='ocrx_word' id='word_1_504' title='bbox 2654 2043 2832 2113; x_wconf 86' lang='lat' dir='ltr'><strong>palam</strong></span> <span class='ocrx_word' id='word_1_505' title='bbox 2853 2052 2941 2099; x_wconf 83' lang='lat' dir='ltr'><strong>est</strong></span> <span class='ocrx_word' id='word_1_506' title='bbox 2960 2043 3107 2113; x_wconf 90' lang='lat' dir='ltr'><strong>quod</strong></span> <span class='ocrx_word' id='word_1_507' title='bbox 3129 2044 3182 2098; x_wconf 88' lang='lat' dir='ltr'><strong>in</strong></span> <span class='ocrx_word' id='word_1_508' title='bbox 3209 2042 3318 2100; x_wconf 86' lang='lat' dir='ltr'><strong>Deo</strong></span> <span class='ocrx_word' id='word_1_509' title='bbox 3342 2057 3565 2116; x_wconf 81' lang='lat' dir='ltr'><strong>quoque</strong></span> 
     </span>
    </p>
   </div>
   <div class='ocr_carea' id='block_1_63' title="bbox 1982 2134 2790 2207">
    <p class='ocr_par' dir='ltr' id='par_1_63' title="bbox 1982 2134 2790 2207">
     <span class='ocr_line' id='line_1_63' title="bbox 1982 2134 2790 2207; baseline -0.004 -16"><span class='ocrx_word' id='word_1_510' title='bbox 1982 2138 2054 2191; x_wconf 86' lang='lat' dir='ltr'><strong>sit</strong></span> <span class='ocrx_word' id='word_1_511' title='bbox 2081 2136 2319 2207; x_wconf 85' lang='lat' dir='ltr'><strong>Spiritus</strong></span> <span class='ocrx_word' id='word_1_512' title='bbox 2349 2152 2445 2206; x_wconf 90' lang='lat' dir='ltr'><strong>per</strong></span> <span class='ocrx_word' id='word_1_513' title='bbox 2470 2134 2735 2192; x_wconf 77' lang='lat' dir='ltr'><strong>Verbum.</strong></span> <span class='ocrx_word' id='word_1_514' title='bbox 2771 2156 2790 2188; x_wconf 71' lang='grc' dir='ltr'>ι</span> 
     </span>
    </p>
   </div>
   <div class='ocr_carea' id='block_1_64' title="bbox 2056 2318 3566 2391">
    <p class='ocr_par' dir='ltr' id='par_1_64' title="bbox 2056 2318 3566 2391">
     <span class='ocr_line' id='line_1_64' title="bbox 2056 2318 3566 2391; baseline 0.004 -18"><span class='ocrx_word' id='word_1_515' title='bbox 2056 2318 2203 2375; x_wconf 83' lang='lat' dir='ltr'><strong>Idem</strong></span> <span class='ocrx_word' id='word_1_516' title='bbox 2249 2320 2302 2374; x_wconf 91' lang='lat' dir='ltr'><strong>in</strong></span> <span class='ocrx_word' id='word_1_517' title='bbox 2350 2320 2524 2390; x_wconf 91' lang='lat' dir='ltr'><strong>prima</strong></span> <span class='ocrx_word' id='word_1_518' title='bbox 2575 2321 2641 2375; x_wconf 91' lang='lat' dir='ltr'><strong>ad</strong></span> <span class='ocrx_word' id='word_1_519' title='bbox 2692 2318 3048 2390; x_wconf 86' lang='lat' dir='ltr'><strong>Serapionem</strong></span> <span class='ocrx_word' id='word_1_520' title='bbox 3101 2321 3336 2391; x_wconf 79' lang='lat' dir='ltr'><strong>epiStola</strong></span> <span class='ocrx_word' id='word_1_521' title='bbox 3386 2320 3566 2379; x_wconf 82' lang='lat' dir='ltr'><strong>dicit:</strong></span> 
     </span>
    </p>
   </div>
   <div class='ocr_carea' id='block_1_65' title="bbox 1991 2411 3572 2486">
    <p class='ocr_par' dir='ltr' id='par_1_65' title="bbox 1991 2411 3572 2486">
     <span class='ocr_line' id='line_1_65' title="bbox 1991 2411 3572 2486; baseline 0.004 -23"><span class='ocrx_word' id='word_1_522' title='bbox 1991 2432 2009 2463; x_wconf 74' lang='grc' dir='ltr'><strong>ι</strong></span> <span class='ocrx_word' id='word_1_523' title='bbox 2046 2411 2199 2467; x_wconf 85' lang='lat' dir='ltr'><strong>Hunc</strong></span> <span class='ocrx_word' id='word_1_524' title='bbox 2226 2412 2475 2468; x_wconf 87' lang='lat' dir='ltr'><strong>ordinem</strong></span> <span class='ocrx_word' id='word_1_525' title='bbox 2511 2421 2565 2468; x_wconf 87' lang='lat' dir='ltr'><strong>et</strong></span> <span class='ocrx_word' id='word_1_526' title='bbox 2596 2414 2735 2468; x_wconf 90' lang='lat' dir='ltr'><strong>hanc</strong></span> <span class='ocrx_word' id='word_1_527' title='bbox 2766 2421 3018 2472; x_wconf 86' lang='lat' dir='ltr'><strong>naturam</strong></span> <span class='ocrx_word' id='word_1_528' title='bbox 3045 2428 3172 2469; x_wconf 86' lang='lat' dir='ltr'><strong>cum</strong></span> <span class='ocrx_word' id='word_1_529' title='bbox 3213 2413 3411 2469; x_wconf 82' lang='lat' dir='ltr'><strong>habeat</strong></span> <span class='ocrx_word' id='word_1_530' title='bbox 3450 2415 3572 2486; x_wconf 85' lang='lat' dir='ltr'><strong>Spi-</strong></span> 
     </span>
    </p>
   </div>
   <div class='ocr_carea' id='block_1_66' title="bbox 1990 2500 3568 2575">
    <p class='ocr_par' dir='ltr' id='par_1_66' title="bbox 1990 2500 3568 2575">
     <span class='ocr_line' id='line_1_66' title="bbox 1990 2500 3568 2575; baseline 0.003 -19"><span class='ocrx_word' id='word_1_531' title='bbox 1990 2504 2277 2574; x_wconf 85' lang='lat' dir='ltr'><strong>rituserga</strong></span> <span class='ocrx_word' id='word_1_532' title='bbox 2315 2500 2535 2568; x_wconf 84' lang='lat' dir='ltr'><strong>Filium,</strong></span> <span class='ocrx_word' id='word_1_533' title='bbox 2565 2519 2730 2575; x_wconf 89' lang='lat' dir='ltr'><strong>quam</strong></span> <span class='ocrx_word' id='word_1_534' title='bbox 2767 2503 2933 2560; x_wconf 87' lang='lat' dir='ltr'><strong>habet</strong></span> <span class='ocrx_word' id='word_1_535' title='bbox 2965 2501 3147 2560; x_wconf 83' lang='lat' dir='ltr'><strong>Filius’</strong></span> <span class='ocrx_word' id='word_1_536' title='bbox 3167 2517 3296 2575; x_wconf 81' lang='lat' dir='ltr'><strong>erga</strong></span> <span class='ocrx_word' id='word_1_537' title='bbox 3328 2504 3568 2575; x_wconf 72' lang='lat' dir='ltr'><strong>Patrem,</strong></span> 
     </span>
    </p>
   </div>
   <div class='ocr_carea' id='block_1_67' title="bbox 1984 2594 3570 2667">
    <p class='ocr_par' dir='ltr' id='par_1_67' title="bbox 1984 2594 3570 2667">
     <span class='ocr_line' id='line_1_67' title="bbox 1984 2594 3570 2667; baseline 0.005 -20"><span class='ocrx_word' id='word_1_538' title='bbox 1984 2595 2262 2663; x_wconf 87' lang='lat' dir='ltr'><strong>quomodo</strong></span> <span class='ocrx_word' id='word_1_539' title='bbox 2288 2595 2382 2664; x_wconf 86' lang='lat' dir='ltr'><strong>qui</strong></span> <span class='ocrx_word' id='word_1_540' title='bbox 2413 2594 2566 2649; x_wconf 91' lang='lat' dir='ltr'><strong>illum</strong></span> <span class='ocrx_word' id='word_1_541' title='bbox 2598 2602 2910 2650; x_wconf 87' lang='lat' dir='ltr'><strong>creaturam</strong></span> <span class='ocrx_word' id='word_1_542' title='bbox 2937 2595 3190 2665; x_wconf 88' lang='lat' dir='ltr'><strong>appellat,</strong></span> <span class='ocrx_word' id='word_1_543' title='bbox 3224 2596 3277 2651; x_wconf 89' lang='lat' dir='ltr'><strong>id</strong></span> <span class='ocrx_word' id='word_1_544' title='bbox 3310 2596 3487 2667; x_wconf 84' lang='lat' dir='ltr'><strong>ipsum</strong></span> <span class='ocrx_word' id='word_1_545' title='bbox 3515 2613 3570 2655; x_wconf 85' lang='lat' dir='ltr'><strong>et</strong></span> 
     </span>
    </p>
   </div>
   <div class='ocr_carea' id='block_1_68' title="bbox 1984 2684 3142 2749">
    <p class='ocr_par' dir='ltr' id='par_1_68' title="bbox 1984 2684 3142 2749">
     <span class='ocr_line' id='line_1_68' title="bbox 1984 2684 3142 2749; baseline 0 -9"><span class='ocrx_word' id='word_1_546' title='bbox 1984 2687 2051 2740; x_wconf 78' lang='lat' dir='ltr'><strong>de</strong></span> <span class='ocrx_word' id='word_1_547' title='bbox 2078 2684 2241 2749; x_wconf 88' lang='lat' dir='ltr'><strong>Filio,</strong></span> <span class='ocrx_word' id='word_1_548' title='bbox 2277 2688 2590 2741; x_wconf 88' lang='lat' dir='ltr'><strong>necessario</strong></span> <span class='ocrx_word' id='word_1_549' title='bbox 2621 2701 2730 2742; x_wconf 90' lang='lat' dir='ltr'><strong>non</strong></span> <span class='ocrx_word' id='word_1_550' title='bbox 2762 2685 3091 2744; x_wconf 81' lang='lat' dir='ltr'><strong>aﬂirmabit?</strong></span> <span class='ocrx_word' id='word_1_551' title='bbox 3123 2706 3142 2740; x_wconf 74' lang='grc' dir='ltr'>ι</span> 
     </span>
    </p>
   </div>
   <div class='ocr_carea' id='block_1_69' title="bbox 2057 2760 3566 2852">
    <p class='ocr_par' dir='ltr' id='par_1_69' title="bbox 2057 2760 3566 2852">
     <span class='ocr_line' id='line_1_69' title="bbox 2057 2760 3566 2852; baseline 0.001 -18"><span class='ocrx_word' id='word_1_552' title='bbox 2057 2780 2295 2834; x_wconf 86' lang='lat' dir='ltr'><strong>Sanctus</strong></span> <span class='ocrx_word' id='word_1_553' title='bbox 2350 2777 2586 2834; x_wconf 87' lang='lat' dir='ltr'><strong>Basilius</strong></span> <span class='ocrx_word' id='word_1_554' title='bbox 2634 2780 2688 2835; x_wconf 91' lang='lat' dir='ltr'><strong>in</strong></span> <span class='ocrx_word' id='word_1_555' title='bbox 2724 2760 2917 2850; x_wconf 76' lang='lat' dir='ltr'><strong>capite</strong></span> <span class='ocrx_word' id='word_1_556' title='bbox 2970 2780 3025 2835; x_wconf 88' lang='lat' dir='ltr'><strong>in</strong></span> <span class='ocrx_word' id='word_1_557' title='bbox 3075 2793 3186 2852; x_wconf 88' lang='lat' dir='ltr'><strong>quo</strong></span> <span class='ocrx_word' id='word_1_558' title='bbox 3234 2780 3566 2843; x_wconf 86' lang='lat' dir='ltr'><strong>ostenditur.</strong></span> 
     </span>
    </p>
   </div>
   <div class='ocr_carea' id='block_1_70' title="bbox 1986 2869 3568 2941">
    <p class='ocr_par' dir='ltr' id='par_1_70' title="bbox 1986 2869 3568 2941">
     <span class='ocr_line' id='line_1_70' title="bbox 1986 2869 3568 2941; baseline 0.002 -17"><span class='ocrx_word' id='word_1_559' title='bbox 1986 2870 2282 2941; x_wconf 84' lang='lat' dir='ltr'><strong>glorificari</strong></span> <span class='ocrx_word' id='word_1_560' title='bbox 2320 2885 2444 2924; x_wconf 87' lang='lat' dir='ltr'><strong>cum</strong></span> <span class='ocrx_word' id='word_1_561' title='bbox 2480 2870 2595 2931; x_wconf 87' lang='lat' dir='ltr'><strong>Deo</strong></span> <span class='ocrx_word' id='word_1_562' title='bbox 2626 2869 2892 2941; x_wconf 90' lang='lat' dir='ltr'><strong>Spiritum</strong></span> <span class='ocrx_word' id='word_1_563' title='bbox 2935 2870 3130 2928; x_wconf 84' lang='lat' dir='ltr'><strong>scribit</strong></span> <span class='ocrx_word' id='word_1_564' title='bbox 3161 2890 3175 2927; x_wconf 93' lang='lat'><strong>:</strong></span> <span class='ocrx_word' id='word_1_565' title='bbox 3209 2890 3229 2923; x_wconf 83' lang='grc'><strong><em>‹</em></strong></span> <span class='ocrx_word' id='word_1_566' title='bbox 3269 2870 3329 2926; x_wconf 85' lang='grc' dir='ltr'><strong>1η</strong></span> <span class='ocrx_word' id='word_1_567' title='bbox 3363 2872 3568 2927; x_wconf 78' lang='lat' dir='ltr'><strong>eisdem</strong></span> 
     </span>
    </p>
   </div>
   <div class='ocr_carea' id='block_1_71' title="bbox 1985 2961 3569 3034">
    <p class='ocr_par' dir='ltr' id='par_1_71' title="bbox 1985 2961 3569 3034">
     <span class='ocr_line' id='line_1_71' title="bbox 1985 2961 3569 3034; baseline 0 -16"><span class='ocrx_word' id='word_1_568' title='bbox 1985 2974 2167 3018; x_wconf 86' lang='lat' dir='ltr'><strong>autem</strong></span> <span class='ocrx_word' id='word_1_569' title='bbox 2192 2963 2412 3018; x_wconf 86' lang='lat' dir='ltr'><strong>deitatis</strong></span> <span class='ocrx_word' id='word_1_570' title='bbox 2445 2964 2703 3032; x_wconf 86' lang='lat' dir='ltr'><strong>operibus</strong></span> <span class='ocrx_word' id='word_1_571' title='bbox 2731 2961 3061 3019; x_wconf 85' lang='lat' dir='ltr'><strong>Trinitatem</strong></span> <span class='ocrx_word' id='word_1_572' title='bbox 3086 2964 3404 3034; x_wconf 78' lang='lat' dir='ltr'><strong>glorificari,</strong></span> <span class='ocrx_word' id='word_1_573' title='bbox 3432 2980 3569 3033; x_wconf 71' lang='lat' dir='ltr'><strong>nito-</strong></span> 
     </span>
    </p>
   </div>
   <div class='ocr_carea' id='block_1_72' title="bbox 1987 3052 3570 3125">
    <p class='ocr_par' dir='ltr' id='par_1_72' title="bbox 1987 3052 3570 3125">
     <span class='ocr_line' id='line_1_72' title="bbox 1987 3052 3570 3125; baseline 0.003 -18"><span class='ocrx_word' id='word_1_574' title='bbox 1987 3054 2132 3108; x_wconf 88' lang='lat' dir='ltr'><strong>niam</strong></span> <span class='ocrx_word' id='word_1_575' title='bbox 2167 3070 2266 3109; x_wconf 85' lang='lat' dir='ltr'><strong>nec</strong></span> <span class='ocrx_word' id='word_1_576' title='bbox 2295 3053 2412 3108; x_wconf 90' lang='lat' dir='ltr'><strong>sine</strong></span> <span class='ocrx_word' id='word_1_577' title='bbox 2443 3052 2581 3109; x_wconf 89' lang='lat' dir='ltr'><strong>Filio</strong></span> <span class='ocrx_word' id='word_1_578' title='bbox 2604 3053 2765 3119; x_wconf 83' lang='lat' dir='ltr'><strong>Pater</strong></span> <span class='ocrx_word' id='word_1_579' title='bbox 2793 3064 3080 3125; x_wconf 80' lang='lat' dir='ltr'><strong>operatur,</strong></span> <span class='ocrx_word' id='word_1_580' title='bbox 3112 3069 3215 3111; x_wconf 90' lang='lat' dir='ltr'><strong>nec</strong></span> <span class='ocrx_word' id='word_1_581' title='bbox 3241 3054 3422 3110; x_wconf 83' lang='lat' dir='ltr'><strong>Filius</strong></span> <span class='ocrx_word' id='word_1_582' title='bbox 3449 3056 3570 3111; x_wconf 89' lang='lat' dir='ltr'><strong>sine</strong></span> 
     </span>
    </p>
   </div>
   <div class='ocr_carea' id='block_1_73' title="bbox 1987 3145 3264 3216">
    <p class='ocr_par' dir='ltr' id='par_1_73' title="bbox 1987 3145 3264 3216">
     <span class='ocr_line' id='line_1_73' title="bbox 1987 3145 3264 3216; baseline -0.001 -17"><span class='ocrx_word' id='word_1_583' title='bbox 1987 3145 2190 3216; x_wconf 68' lang='lat' dir='ltr'><strong>Spiritu</strong></span> <span class='ocrx_word' id='word_1_584' title='bbox 2211 3186 2224 3208; x_wconf 90' lang='lat'><strong>,</strong></span> <span class='ocrx_word' id='word_1_585' title='bbox 2258 3145 2668 3215; x_wconf 77' lang='lat' dir='ltr'><strong>eujusdeitatis</strong></span> <span class='ocrx_word' id='word_1_586' title='bbox 2696 3146 3066 3201; x_wconf 87' lang='lat' dir='ltr'><strong>testimonium</strong></span> <span class='ocrx_word' id='word_1_587' title='bbox 3103 3155 3205 3202; x_wconf 89' lang='lat' dir='ltr'><strong>est.</strong></span> <span class='ocrx_word' id='word_1_588' title='bbox 3244 3164 3264 3199; x_wconf 74' lang='grc' dir='ltr'><strong>ι</strong></span> 
     </span>
    </p>
   </div>
   <div class='ocr_carea' id='block_1_74' title="bbox 2051 3330 3570 3404">
    <p class='ocr_par' dir='ltr' id='par_1_74' title="bbox 2051 3330 3570 3404">
     <span class='ocr_line' id='line_1_74' title="bbox 2051 3330 3570 3404; baseline 0.003 -19"><span class='ocrx_word' id='word_1_589' title='bbox 2051 3331 2198 3388; x_wconf 84' lang='lat' dir='ltr'><strong>idem</strong></span> <span class='ocrx_word' id='word_1_590' title='bbox 2234 3334 2288 3387; x_wconf 87' lang='lat' dir='ltr'><strong>in</strong></span> <span class='ocrx_word' id='word_1_591' title='bbox 2310 3333 2486 3403; x_wconf 85' lang='lat' dir='ltr'><strong>capite</strong></span> <span class='ocrx_word' id='word_1_592' title='bbox 2511 3333 2672 3403; x_wconf 89' lang='lat' dir='ltr'><strong>cujus</strong></span> <span class='ocrx_word' id='word_1_593' title='bbox 2710 3333 3045 3404; x_wconf 88' lang='lat' dir='ltr'><strong>inscriptio:</strong></span> <span class='ocrx_word' id='word_1_594' title='bbox 3082 3350 3101 3385; x_wconf 79' lang='grc' dir='ltr'>ι</span> <span class='ocrx_word' id='word_1_595' title='bbox 3136 3330 3294 3399; x_wconf 86' lang='lat' dir='ltr'><strong>Quod</strong></span> <span class='ocrx_word' id='word_1_596' title='bbox 3320 3346 3350 3386; x_wconf 87' lang='lat' dir='ltr'><strong>a</strong></span> <span class='ocrx_word' id='word_1_597' title='bbox 3382 3332 3570 3389; x_wconf 83' lang='lat' dir='ltr'><strong>divina</strong></span> 
     </span>
    </p>
   </div>
   <div class='ocr_carea' id='block_1_75' title="bbox 1981 3421 3568 3497">
    <p class='ocr_par' dir='ltr' id='par_1_75' title="bbox 1981 3421 3568 3497">
     <span class='ocr_line' id='line_1_75' title="bbox 1981 3421 3568 3497; baseline -0.001 -18"><span class='ocrx_word' id='word_1_598' title='bbox 1981 3432 2178 3480; x_wconf 82' lang='lat' dir='ltr'><strong>natura</strong></span> <span class='ocrx_word' id='word_1_599' title='bbox 2206 3426 2386 3480; x_wconf 87' lang='lat' dir='ltr'><strong>unitas</strong></span> <span class='ocrx_word' id='word_1_600' title='bbox 2410 3423 2699 3480; x_wconf 87' lang='lat' dir='ltr'><strong>Trinitatis</strong></span> <span class='ocrx_word' id='word_1_601' title='bbox 2726 3425 3066 3497; x_wconf 79' lang='lat' dir='ltr'><strong>agnoscitur,</strong></span> <span class='ocrx_word' id='word_1_602' title='bbox 3099 3441 3117 3473; x_wconf 74' lang='grc' dir='ltr'>ι</span> <span class='ocrx_word' id='word_1_603' title='bbox 3150 3424 3226 3478; x_wconf 86' lang='lat' dir='ltr'><strong>ait</strong></span> <span class='ocrx_word' id='word_1_604' title='bbox 3254 3440 3269 3477; x_wconf 92' lang='lat'><strong>:</strong></span> <span class='ocrx_word' id='word_1_605' title='bbox 3306 3444 3325 3475; x_wconf 78' lang='grc' dir='ltr'>ι</span> <span class='ocrx_word' id='word_1_606' title='bbox 3360 3421 3426 3477; x_wconf 85' lang='grc' dir='ltr'><strong>Ει</strong></span> <span class='ocrx_word' id='word_1_607' title='bbox 3457 3438 3568 3478; x_wconf 87' lang='lat' dir='ltr'><strong>non</strong></span> 
     </span>
    </p>
   </div>
   <div class='ocr_carea' id='block_1_76' title="bbox 1979 3515 3561 3587">
    <p class='ocr_par' dir='ltr' id='par_1_76' title="bbox 1979 3515 3561 3587">
     <span class='ocr_line' id='line_1_76' title="bbox 1979 3515 3561 3587; baseline -0.002 -15"><span class='ocrx_word' id='word_1_608' title='bbox 1979 3515 2152 3572; x_wconf 80' lang='lat' dir='ltr'><strong>defuit</strong></span> <span class='ocrx_word' id='word_1_609' title='bbox 2182 3531 2423 3587; x_wconf 87' lang='lat' dir='ltr'><strong>unquam</strong></span> <span class='ocrx_word' id='word_1_610' title='bbox 2462 3516 2634 3572; x_wconf 86' lang='lat' dir='ltr'><strong>Filius</strong></span> <span class='ocrx_word' id='word_1_611' title='bbox 2664 3516 2840 3582; x_wconf 88' lang='lat' dir='ltr'><strong>Patri,</strong></span> <span class='ocrx_word' id='word_1_612' title='bbox 2874 3530 3049 3586; x_wconf 81' lang='lat' dir='ltr'><strong>neque</strong></span> <span class='ocrx_word' id='word_1_613' title='bbox 3082 3515 3221 3572; x_wconf 81' lang='lat' dir='ltr'><strong>Filio</strong></span> <span class='ocrx_word' id='word_1_614' title='bbox 3248 3516 3506 3586; x_wconf 84' lang='lat' dir='ltr'><strong>Spiritus.</strong></span> <span class='ocrx_word' id='word_1_615' title='bbox 3541 3535 3561 3569; x_wconf 77' lang='grc' dir='ltr'>ι</span> 
     </span>
    </p>
   </div>
   <div class='ocr_carea' id='block_1_77' title="bbox 2054 3702 3564 3773">
    <p class='ocr_par' dir='ltr' id='par_1_77' title="bbox 2054 3702 3564 3773">
     <span class='ocr_line' id='line_1_77' title="bbox 2054 3702 3564 3773; baseline 0.003 -16"><span class='ocrx_word' id='word_1_616' title='bbox 2054 3703 2197 3759; x_wconf 69' lang='lat' dir='ltr'><strong>[dem</strong></span> <span class='ocrx_word' id='word_1_617' title='bbox 2225 3703 2277 3757; x_wconf 91' lang='lat' dir='ltr'><strong>in</strong></span> <span class='ocrx_word' id='word_1_618' title='bbox 2306 3703 2519 3759; x_wconf 89' lang='lat' dir='ltr'><strong>decimo</strong></span> <span class='ocrx_word' id='word_1_619' title='bbox 2541 3702 2776 3773; x_wconf 86' lang='lat' dir='ltr'><strong>septimo</strong></span> <span class='ocrx_word' id='word_1_620' title='bbox 2801 3702 2976 3771; x_wconf 88' lang='lat' dir='ltr'><strong>capite</strong></span> <span class='ocrx_word' id='word_1_621' title='bbox 3002 3703 3065 3757; x_wconf 90' lang='lat' dir='ltr'><strong>ad</strong></span> <span class='ocrx_word' id='word_1_622' title='bbox 3084 3703 3564 3773; x_wconf 68' lang='lat' dir='ltr'><strong>Amphilochium:</strong></span> 
     </span>
    </p>
   </div>
   <div class='ocr_carea' id='block_1_78' title="bbox 1987 3791 3566 3867">
    <p class='ocr_par' dir='ltr' id='par_1_78' title="bbox 1987 3791 3566 3867">
     <span class='ocr_line' id='line_1_78' title="bbox 1987 3791 3566 3867; baseline 0.003 -20"><span class='ocrx_word' id='word_1_623' title='bbox 1987 3813 2006 3847; x_wconf 83' lang='lat' dir='ltr'><strong>t</strong></span> <span class='ocrx_word' id='word_1_624' title='bbox 2043 3791 2517 3867; x_wconf 78' lang='lat' dir='ltr'><strong>Quemadmodum</strong></span> <span class='ocrx_word' id='word_1_625' title='bbox 2558 3793 2745 3864; x_wconf 83' lang='lat' dir='ltr'><strong>itaque</strong></span> <span class='ocrx_word' id='word_1_626' title='bbox 2786 3809 2847 3850; x_wconf 85' lang='lat' dir='ltr'><strong>se</strong></span> <span class='ocrx_word' id='word_1_627' title='bbox 2887 3794 3052 3849; x_wconf 86' lang='lat' dir='ltr'><strong>habet</strong></span> <span class='ocrx_word' id='word_1_628' title='bbox 3081 3794 3250 3851; x_wconf 89' lang='lat' dir='ltr'><strong>Filius</strong></span> <span class='ocrx_word' id='word_1_629' title='bbox 3294 3810 3423 3865; x_wconf 85' lang='lat' dir='ltr'><strong>erga</strong></span> <span class='ocrx_word' id='word_1_630' title='bbox 3464 3798 3566 3852; x_wconf 88' lang='lat' dir='ltr'><strong>Pa-</strong></span> 
     </span>
    </p>
   </div>
   <div class='ocr_carea' id='block_1_79' title="bbox 1983 3886 3564 3966">
    <p class='ocr_par' dir='ltr' id='par_1_79' title="bbox 1983 3886 3564 3966">
     <span class='ocr_line' id='line_1_79' title="bbox 1983 3886 3564 3966; baseline 0.003 -23"><span class='ocrx_word' id='word_1_631' title='bbox 1983 3897 2155 3954; x_wconf 89' lang='lat' dir='ltr'><strong>trem,</strong></span> <span class='ocrx_word' id='word_1_632' title='bbox 2207 3888 2279 3944; x_wconf 90' lang='lat' dir='ltr'><strong>ita</strong></span> <span class='ocrx_word' id='word_1_633' title='bbox 2326 3902 2385 3944; x_wconf 85' lang='lat' dir='ltr'><strong>se</strong></span> <span class='ocrx_word' id='word_1_634' title='bbox 2430 3887 2595 3966; x_wconf 78' lang='lat' dir='ltr'><strong>habet</strong></span> <span class='ocrx_word' id='word_1_635' title='bbox 2634 3886 2804 3943; x_wconf 82' lang='lat' dir='ltr'><strong>Filius</strong></span> <span class='ocrx_word' id='word_1_636' title='bbox 2844 3902 2972 3958; x_wconf 86' lang='lat' dir='ltr'><strong>erga</strong></span> <span class='ocrx_word' id='word_1_637' title='bbox 3019 3886 3215 3942; x_wconf 88' lang='lat' dir='ltr'><strong>Filium</strong></span> <span class='ocrx_word' id='word_1_638' title='bbox 3261 3890 3564 3947; x_wconf 89' lang='lat' dir='ltr'><strong>secundum</strong></span> 
     </span>
    </p>
   </div>
   <div class='ocr_carea' id='block_1_80' title="bbox 1980 3978 3565 4053">
    <p class='ocr_par' dir='ltr' id='par_1_80' title="bbox 1980 3978 3565 4053">
     <span class='ocr_line' id='line_1_80' title="bbox 1980 3978 3565 4053; baseline 0.003 -16"><span class='ocrx_word' id='word_1_639' title='bbox 1980 3984 2226 4038; x_wconf 89' lang='lat' dir='ltr'><strong>ordinem</strong></span> <span class='ocrx_word' id='word_1_640' title='bbox 2262 3983 2525 4038; x_wconf 90' lang='lat' dir='ltr'><strong>traditum</strong></span> <span class='ocrx_word' id='word_1_641' title='bbox 2561 3996 2591 4036; x_wconf 91' lang='lat' dir='ltr'><strong>a</strong></span> <span class='ocrx_word' id='word_1_642' title='bbox 2630 3980 2810 4037; x_wconf 84' lang='lat' dir='ltr'><strong>Verbo</strong></span> <span class='ocrx_word' id='word_1_643' title='bbox 2845 3978 2911 4037; x_wconf 86' lang='lat' dir='ltr'><strong>in</strong></span> <span class='ocrx_word' id='word_1_644' title='bbox 2938 3983 3288 4053; x_wconf 85' lang='lat' dir='ltr'><strong>baptismate.</strong></span> <span class='ocrx_word' id='word_1_645' title='bbox 3321 3984 3481 4052; x_wconf 88' lang='lat' dir='ltr'><strong>Quod</strong></span> <span class='ocrx_word' id='word_1_646' title='bbox 3516 3987 3565 4043; x_wconf 88' lang='lat' dir='ltr'><strong>si</strong></span> 
     </span>
    </p>
   </div>
   <div class='ocr_carea' id='block_1_81' title="bbox 1984 4070 3564 4143">
    <p class='ocr_par' dir='ltr' id='par_1_81' title="bbox 1984 4070 3564 4143">
     <span class='ocr_line' id='line_1_81' title="bbox 1984 4070 3564 4143; baseline 0.005 -17"><span class='ocrx_word' id='word_1_647' title='bbox 1984 4070 2224 4143; x_wconf 86' lang='lat' dir='ltr'><strong>Spiritus</strong></span> <span class='ocrx_word' id='word_1_648' title='bbox 2263 4088 2389 4128; x_wconf 89' lang='lat' dir='ltr'><strong>cum</strong></span> <span class='ocrx_word' id='word_1_649' title='bbox 2436 4072 2577 4128; x_wconf 86' lang='lat' dir='ltr'><strong>Filio</strong></span> <span class='ocrx_word' id='word_1_650' title='bbox 2622 4088 2731 4128; x_wconf 88' lang='lat' dir='ltr'><strong>una</strong></span> <span class='ocrx_word' id='word_1_651' title='bbox 2774 4073 3097 4140; x_wconf 80' lang='lat' dir='ltr'><strong>collocatur,</strong></span> <span class='ocrx_word' id='word_1_652' title='bbox 3140 4084 3196 4132; x_wconf 91' lang='lat' dir='ltr'><strong>et</strong></span> <span class='ocrx_word' id='word_1_653' title='bbox 3236 4076 3408 4134; x_wconf 90' lang='lat' dir='ltr'><strong>Filius</strong></span> <span class='ocrx_word' id='word_1_654' title='bbox 3437 4094 3564 4134; x_wconf 92' lang='lat' dir='ltr'><strong>cum</strong></span> 
     </span>
    </p>
   </div>
   <div class='ocr_carea' id='block_1_82' title="bbox 1980 4162 3349 4235">
    <p class='ocr_par' dir='ltr' id='par_1_82' title="bbox 1980 4162 3349 4235">
     <span class='ocr_line' id='line_1_82' title="bbox 1980 4162 3349 4235; baseline -0.001 -14"><span class='ocrx_word' id='word_1_655' title='bbox 1980 4163 2163 4234; x_wconf 66' lang='lat' dir='ltr'><strong>Patre,</strong></span> <span class='ocrx_word' id='word_1_656' title='bbox 2196 4163 2555 4221; x_wconf 84' lang='lat' dir='ltr'><strong>collocabitur</strong></span> <span class='ocrx_word' id='word_1_657' title='bbox 2587 4173 2643 4220; x_wconf 90' lang='lat' dir='ltr'><strong>et</strong></span> <span class='ocrx_word' id='word_1_658' title='bbox 2675 4162 2914 4235; x_wconf 86' lang='lat' dir='ltr'><strong>Spiritus</strong></span> <span class='ocrx_word' id='word_1_659' title='bbox 2941 4182 3067 4222; x_wconf 91' lang='lat' dir='ltr'><strong>cum</strong></span> <span class='ocrx_word' id='word_1_660' title='bbox 3104 4166 3287 4223; x_wconf 83' lang='lat' dir='ltr'><strong>Patre.</strong></span> <span class='ocrx_word' id='word_1_661' title='bbox 3322 4187 3349 4220; x_wconf 76' lang='grc' dir='ltr'><strong>,ι</strong></span> 
     </span>
    </p>
   </div>
   <div class='ocr_carea' id='block_1_83' title="bbox 2051 4352 3568 4423">
    <p class='ocr_par' dir='ltr' id='par_1_83' title="bbox 2051 4352 3568 4423">
     <span class='ocr_line' id='line_1_83' title="bbox 2051 4352 3568 4423; baseline 0.003 -17"><span class='ocrx_word' id='word_1_662' title='bbox 2051 4353 2183 4408; x_wconf 90' lang='lat' dir='ltr'><strong>Item</strong></span> <span class='ocrx_word' id='word_1_663' title='bbox 2214 4353 2273 4410; x_wconf 87' lang='lat' dir='ltr'><strong>in</strong></span> <span class='ocrx_word' id='word_1_664' title='bbox 2306 4362 2502 4408; x_wconf 83' lang='lat' dir='ltr'><strong>octavo</strong></span> <span class='ocrx_word' id='word_1_665' title='bbox 2526 4352 2741 4423; x_wconf 85' lang='lat' dir='ltr'><strong>decimo</strong></span> <span class='ocrx_word' id='word_1_666' title='bbox 2772 4354 2951 4422; x_wconf 81' lang='lat' dir='ltr'><strong>capite</strong></span> <span class='ocrx_word' id='word_1_667' title='bbox 2974 4355 3329 4410; x_wconf 81' lang='lat' dir='ltr'><strong>earumdem:</strong></span> <span class='ocrx_word' id='word_1_668' title='bbox 3360 4375 3379 4408; x_wconf 73' lang='grc' dir='ltr'><strong>ι</strong></span> <span class='ocrx_word' id='word_1_669' title='bbox 3411 4358 3568 4417; x_wconf 75' lang='lat' dir='ltr'><strong>Unus</strong></span> 
     </span>
    </p>
   </div>
   <div class='ocr_carea' id='block_1_84' title="bbox 1984 4445 3567 4515">
    <p class='ocr_par' dir='ltr' id='par_1_84' title="bbox 1984 4445 3567 4515">
     <span class='ocr_line' id='line_1_84' title="bbox 1984 4445 3567 4515; baseline 0.003 -14"><span class='ocrx_word' id='word_1_670' title='bbox 1984 4461 2112 4501; x_wconf 82' lang='lat' dir='ltr'><strong>vero</strong></span> <span class='ocrx_word' id='word_1_671' title='bbox 2134 4453 2189 4500; x_wconf 90' lang='lat' dir='ltr'><strong>et</strong></span> <span class='ocrx_word' id='word_1_672' title='bbox 2214 4445 2453 4515; x_wconf 88' lang='lat' dir='ltr'><strong>Spiritus</strong></span> <span class='ocrx_word' id='word_1_673' title='bbox 2478 4454 2726 4511; x_wconf 86' lang='lat' dir='ltr'><strong>sanctus,</strong></span> <span class='ocrx_word' id='word_1_674' title='bbox 2752 4447 2845 4515; x_wconf 83' lang='lat' dir='ltr'><strong>qui</strong></span> <span class='ocrx_word' id='word_1_675' title='bbox 2872 4460 2970 4515; x_wconf 88' lang='lat' dir='ltr'><strong>per</strong></span> <span class='ocrx_word' id='word_1_676' title='bbox 2994 4462 3162 4502; x_wconf 88' lang='lat' dir='ltr'><strong>unum</strong></span> <span class='ocrx_word' id='word_1_677' title='bbox 3189 4446 3386 4502; x_wconf 85' lang='lat' dir='ltr'><strong>Filium</strong></span> <span class='ocrx_word' id='word_1_678' title='bbox 3415 4448 3567 4505; x_wconf 86' lang='lat' dir='ltr'><strong>Patri</strong></span> 
     </span>
    </p>
   </div>
   <div class='ocr_carea' id='block_1_85' title="bbox 1982 4536 3567 4608">
    <p class='ocr_par' dir='ltr' id='par_1_85' title="bbox 1982 4536 3567 4608">
     <span class='ocr_line' id='line_1_85' title="bbox 1982 4536 3567 4608; baseline 0.002 -14"><span class='ocrx_word' id='word_1_679' title='bbox 1982 4538 2353 4608; x_wconf 73' lang='lat' dir='ltr'><strong>coniungitur.</strong></span> <span class='ocrx_word' id='word_1_680' title='bbox 2395 4556 2415 4589; x_wconf 75' lang='grc' dir='ltr'><strong>ι</strong></span> <span class='ocrx_word' id='word_1_681' title='bbox 2450 4536 2516 4591; x_wconf 83' lang='grc' dir='ltr'><strong>Ει</strong></span> <span class='ocrx_word' id='word_1_682' title='bbox 2550 4545 2674 4608; x_wconf 88' lang='lat' dir='ltr'><strong>post</strong></span> <span class='ocrx_word' id='word_1_683' title='bbox 2705 4537 2965 4591; x_wconf 87' lang='lat' dir='ltr'><strong>nonnulla</strong></span> <span class='ocrx_word' id='word_1_684' title='bbox 3002 4542 3027 4593; x_wconf 74' lang='grc' dir='ltr'><strong>ε’</strong></span> <span class='ocrx_word' id='word_1_685' title='bbox 3055 4556 3073 4589; x_wconf 81' lang='lat' dir='ltr'><strong>t</strong></span> <span class='ocrx_word' id='word_1_686' title='bbox 3113 4538 3350 4595; x_wconf 79' lang='lat' dir='ltr'><strong>Proinde</strong></span> <span class='ocrx_word' id='word_1_687' title='bbox 3382 4541 3470 4594; x_wconf 80' lang='lat' dir='ltr'><strong>via</strong></span> <span class='ocrx_word' id='word_1_688' title='bbox 3501 4542 3567 4597; x_wconf 73' lang='lat' dir='ltr'><strong>ad</strong></span> 
     </span>
    </p>
   </div>
   <div class='ocr_carea' id='block_1_86' title="bbox 307 4621 1876 4708">
    <p class='ocr_par' dir='ltr' id='par_1_86' title="bbox 307 4621 1876 4704">
     <span class='ocr_line' id='line_1_86' title="bbox 307 4621 1876 4704; baseline 0.001 -27"><span class='ocrx_word' id='word_1_689' title='bbox 307 4623 424 4687; x_wconf 73' lang='grc' dir='ltr'><strong>ὁδὸς</strong></span> <span class='ocrx_word' id='word_1_690' title='bbox 455 4623 555 4691; x_wconf 79' lang='grc' dir='ltr'><strong>τῆς</strong></span> <span class='ocrx_word' id='word_1_691' title='bbox 578 4621 911 4689; x_wconf 85' lang='grc' dir='ltr'><strong>θεογνωσίας</strong></span> <span class='ocrx_word' id='word_1_692' title='bbox 944 4621 1116 4684; x_wconf 69' lang='grc' dir='ltr'><strong>ἐστὶν,</strong></span> <span class='ocrx_word' id='word_1_693' title='bbox 1156 4621 1263 4676; x_wconf 82' lang='grc' dir='ltr'><strong>ἀπὸ</strong></span> <span class='ocrx_word' id='word_1_694' title='bbox 1294 4622 1412 4685; x_wconf 81' lang='grc' dir='ltr'><strong>ἐνὸς</strong></span> <span class='ocrx_word' id='word_1_695' title='bbox 1440 4623 1761 4692; x_wconf 74' lang='grc' dir='ltr'><strong>Πνεῦματος</strong></span> <span class='ocrx_word' id='word_1_696' title='bbox 1788 4626 1876 4704; x_wconf 81' lang='grc' dir='ltr'><strong>διὰ</strong></span> 
     </span>
    </p>
   </div>
   <div class='ocr_carea' id='block_1_87' title="bbox 1984 4621 3568 4708">
    <p class='ocr_par' dir='ltr' id='par_1_87' title="bbox 1988 4630 3568 4707">
     <span class='ocr_line' id='line_1_87' title="bbox 1988 4630 3568 4707; baseline 0.005 -22"><span class='ocrx_word' id='word_1_697' title='bbox 1988 4630 2081 4695; x_wconf 82' lang='lat' dir='ltr'><strong>Dei</strong></span> <span class='ocrx_word' id='word_1_698' title='bbox 2114 4632 2483 4701; x_wconf 77' lang='lat' dir='ltr'><strong>cognitionem</strong></span> <span class='ocrx_word' id='word_1_699' title='bbox 2509 4640 2596 4686; x_wconf 91' lang='lat' dir='ltr'><strong>est</strong></span> <span class='ocrx_word' id='word_1_700' title='bbox 2615 4631 2683 4686; x_wconf 88' lang='lat' dir='ltr'><strong>ab</strong></span> <span class='ocrx_word' id='word_1_701' title='bbox 2704 4647 2814 4685; x_wconf 92' lang='lat' dir='ltr'><strong>uno</strong></span> <span class='ocrx_word' id='word_1_702' title='bbox 2838 4632 3042 4701; x_wconf 89' lang='lat' dir='ltr'><strong>Spiritu</strong></span> <span class='ocrx_word' id='word_1_703' title='bbox 3065 4648 3161 4704; x_wconf 88' lang='lat' dir='ltr'><strong>per</strong></span> <span class='ocrx_word' id='word_1_704' title='bbox 3179 4650 3343 4707; x_wconf 84' lang='lat' dir='ltr'><strong>unum</strong></span> <span class='ocrx_word' id='word_1_705' title='bbox 3368 4633 3568 4693; x_wconf 84' lang='lat' dir='ltr'><strong>Filium</strong></span> 
     </span>
    </p>
   </div>
   <div class='ocr_carea' id='block_1_88' title="bbox 308 4712 1875 4788">
    <p class='ocr_par' dir='ltr' id='par_1_88' title="bbox 308 4712 1875 4788">
     <span class='ocr_line' id='line_1_88' title="bbox 308 4712 1875 4788; baseline 0.002 -21"><span class='ocrx_word' id='word_1_706' title='bbox 308 4715 404 4772; x_wconf 80' lang='grc' dir='ltr'><strong>τοῦ</strong></span> <span class='ocrx_word' id='word_1_707' title='bbox 450 4714 569 4776; x_wconf 74' lang='grc' dir='ltr'><strong>ἑνὸς</strong></span> <span class='ocrx_word' id='word_1_708' title='bbox 599 4712 732 4766; x_wconf 89' lang='grc' dir='ltr'>Υίοῦ</span> <span class='ocrx_word' id='word_1_709' title='bbox 770 4713 864 4766; x_wconf 70' lang='grc' dir='ltr'><strong>ἐπὶ</strong></span> <span class='ocrx_word' id='word_1_710' title='bbox 888 4712 979 4766; x_wconf 81' lang='grc' dir='ltr'><strong>τὸν</strong></span> <span class='ocrx_word' id='word_1_711' title='bbox 1007 4712 1105 4767; x_wconf 72' lang='grc' dir='ltr'><strong>ἕνα</strong></span> <span class='ocrx_word' id='word_1_712' title='bbox 1135 4713 1353 4785; x_wconf 80' lang='grc' dir='ltr'>Πατέρα</span> <span class='ocrx_word' id='word_1_713' title='bbox 1372 4730 1386 4743; x_wconf 88' lang='grc'><strong>·</strong></span> <span class='ocrx_word' id='word_1_714' title='bbox 1423 4715 1517 4768; x_wconf 75' lang='grc' dir='ltr'>καὶ</span> <span class='ocrx_word' id='word_1_715' title='bbox 1543 4715 1817 4770; x_wconf 79' lang='grc' dir='ltr'><strong>ἀνάπαλιν</strong></span> <span class='ocrx_word' id='word_1_716' title='bbox 1842 4719 1875 4788; x_wconf 80' lang='grc' dir='ltr'>ἡ</span> 
     </span>
    </p>
   </div>
   <div class='ocr_carea' id='block_1_89' title="bbox 311 4804 1879 4877">
    <p class='ocr_par' dir='ltr' id='par_1_89' title="bbox 311 4804 1879 4877">
     <span class='ocr_line' id='line_1_89' title="bbox 311 4804 1879 4877; baseline 0.001 -17"><span class='ocrx_word' id='word_1_717' title='bbox 311 4812 515 4876; x_wconf 76' lang='grc' dir='ltr'><strong>φυσικὴ</strong></span> <span class='ocrx_word' id='word_1_718' title='bbox 552 4805 848 4874; x_wconf 81' lang='grc' dir='ltr'><strong>άγαθότης,</strong></span> <span class='ocrx_word' id='word_1_719' title='bbox 898 4807 991 4858; x_wconf 70' lang='grc' dir='ltr'><strong>καὶ</strong></span> <span class='ocrx_word' id='word_1_720' title='bbox 1014 4806 1044 4857; x_wconf 88' lang='lat'><strong>6</strong></span> <span class='ocrx_word' id='word_1_721' title='bbox 1071 4804 1211 4858; x_wconf 74' lang='grc' dir='ltr'>κατὰ</span> <span class='ocrx_word' id='word_1_722' title='bbox 1254 4805 1418 4875; x_wconf 85' lang='grc' dir='ltr'>φύσιν</span> <span class='ocrx_word' id='word_1_723' title='bbox 1460 4808 1751 4877; x_wconf 71' lang='grc' dir='ltr'><strong>ἁγιασμὸς,</strong></span> <span class='ocrx_word' id='word_1_724' title='bbox 1784 4811 1879 4862; x_wconf 77' lang='grc' dir='ltr'><strong>καὶ</strong></span> 
     </span>
    </p>
   </div>
   <div class='ocr_carea' id='block_1_90' title="bbox 311 4895 1876 4968">
    <p class='ocr_par' dir='ltr' id='par_1_90' title="bbox 311 4895 1876 4968">
     <span class='ocr_line' id='line_1_90' title="bbox 311 4895 1876 4968; baseline 0 -16"><span class='ocrx_word' id='word_1_725' title='bbox 311 4903 370 4952; x_wconf 74' lang='grc' dir='ltr'><strong>τὸ</strong></span> <span class='ocrx_word' id='word_1_726' title='bbox 409 4897 686 4968; x_wconf 79' lang='grc' dir='ltr'>βασιλικὸν</span> <span class='ocrx_word' id='word_1_727' title='bbox 716 4897 957 4966; x_wconf 81' lang='grc' dir='ltr'>ἀξίωμα,</span> <span class='ocrx_word' id='word_1_728' title='bbox 984 4896 1051 4950; x_wconf 80' lang='grc' dir='ltr'>ὲκ</span> <span class='ocrx_word' id='word_1_729' title='bbox 1086 4895 1172 4949; x_wconf 68' lang='grc' dir='ltr'><strong>τοῦ</strong></span> <span class='ocrx_word' id='word_1_730' title='bbox 1209 4897 1421 4967; x_wconf 78' lang='grc' dir='ltr'>Πατρὸς</span> <span class='ocrx_word' id='word_1_731' title='bbox 1449 4898 1537 4951; x_wconf 73' lang='grc' dir='ltr'><strong>διὰ</strong></span> <span class='ocrx_word' id='word_1_732' title='bbox 1569 4899 1663 4951; x_wconf 86' lang='grc' dir='ltr'><strong>τοῦ</strong></span> <span class='ocrx_word' id='word_1_733' title='bbox 1698 4900 1876 4953; x_wconf 85' lang='grc' dir='ltr'><strong>Μονο-</strong></span> 
     </span>
    </p>
   </div>
   <div class='ocr_carea' id='block_1_91' title="bbox 307 4986 1873 5060">
    <p class='ocr_par' dir='ltr' id='par_1_91' title="bbox 307 4986 1873 5060">
     <span class='ocr_line' id='line_1_91' title="bbox 307 4986 1873 5060; baseline 0.001 -16"><span class='ocrx_word' id='word_1_734' title='bbox 307 4992 499 5060; x_wconf 83' lang='grc' dir='ltr'><strong>γενοῦς</strong></span> <span class='ocrx_word' id='word_1_735' title='bbox 529 4993 621 5042; x_wconf 79' lang='grc' dir='ltr'><strong>ἐπὶ</strong></span> <span class='ocrx_word' id='word_1_736' title='bbox 670 4989 733 5041; x_wconf 79' lang='grc' dir='ltr'><strong>τὺ</strong></span> <span class='ocrx_word' id='word_1_737' title='bbox 767 4986 992 5056; x_wconf 76' lang='grc' dir='ltr'>Πνεῦμα</span> <span class='ocrx_word' id='word_1_738' title='bbox 1013 4987 1195 5055; x_wconf 73' lang='grc' dir='ltr'>διήκει</span> <span class='ocrx_word' id='word_1_739' title='bbox 1217 4998 1233 5016; x_wconf 93' lang='lat'>&#39;</span> <span class='ocrx_word' id='word_1_740' title='bbox 1262 5005 1403 5041; x_wconf 79' lang='grc' dir='ltr'><strong>ουτω</strong></span> <span class='ocrx_word' id='word_1_741' title='bbox 1427 4996 1520 5043; x_wconf 78' lang='grc' dir='ltr'>καὶ</span> <span class='ocrx_word' id='word_1_742' title='bbox 1546 4992 1600 5043; x_wconf 77' lang='grc' dir='ltr'><strong>αἱ</strong></span> <span class='ocrx_word' id='word_1_743' title='bbox 1643 4992 1873 5047; x_wconf 77' lang='grc' dir='ltr'><strong>ὑποστά-</strong></span> 
     </span>
    </p>
   </div>
   <div class='ocr_carea' id='block_1_92' title="bbox 306 5079 1876 5154">
    <p class='ocr_par' dir='ltr' id='par_1_92' title="bbox 306 5079 1876 5154">
     <span class='ocr_line' id='line_1_92' title="bbox 306 5079 1876 5154; baseline -0.006 -17"><span class='ocrx_word' id='word_1_744' title='bbox 306 5100 424 5148; x_wconf 80' lang='grc' dir='ltr'><strong>σεις</strong></span> <span class='ocrx_word' id='word_1_745' title='bbox 448 5079 858 5154; x_wconf 80' lang='grc' dir='ltr'><strong>ὁμολογοῦνται,</strong></span> <span class='ocrx_word' id='word_1_746' title='bbox 892 5086 1071 5139; x_wconf 60' lang='lat' dir='ltr'><strong>atumo</strong></span> <span class='ocrx_word' id='word_1_747' title='bbox 1099 5079 1319 5141; x_wconf 67' lang='grc' dir='ltr'><strong>εὑσεὸὲς</strong></span> <span class='ocrx_word' id='word_1_748' title='bbox 1347 5079 1526 5149; x_wconf 87' lang='grc' dir='ltr'><strong>δόγμα</strong></span> <span class='ocrx_word' id='word_1_749' title='bbox 1549 5084 1646 5151; x_wconf 77' lang='grc' dir='ltr'><strong>τῆς</strong></span> <span class='ocrx_word' id='word_1_750' title='bbox 1674 5100 1876 5153; x_wconf 83' lang='grc' dir='ltr'>μοναρ-</span> 
     </span>
    </p>
   </div>
   <div class='ocr_carea' id='block_1_93' title="bbox 308 5173 918 5247">
    <p class='ocr_par' dir='ltr' id='par_1_93' title="bbox 308 5173 918 5247">
     <span class='ocr_line' id='line_1_93' title="bbox 308 5173 918 5247; baseline -0.013 -13"><span class='ocrx_word' id='word_1_751' title='bbox 308 5176 434 5247; x_wconf 80' lang='grc' dir='ltr'><strong>χίας</strong></span> <span class='ocrx_word' id='word_1_752' title='bbox 462 5175 525 5239; x_wconf 79' lang='grc' dir='ltr'><strong>οὐ</strong></span> <span class='ocrx_word' id='word_1_753' title='bbox 546 5173 852 5228; x_wconf 79' lang='grc' dir='ltr'><strong>διαπίπτει.</strong></span> <span class='ocrx_word' id='word_1_754' title='bbox 897 5191 918 5231; x_wconf 67' lang='grc' dir='ltr'>ι</span> 
     </span>
    </p>
   </div>
   <div class='ocr_carea' id='block_1_94' title="bbox 388 5250 1875 5345">
    <p class='ocr_par' dir='ltr' id='par_1_94' title="bbox 388 5250 1875 5345">
     <span class='ocr_line' id='line_1_94' title="bbox 388 5250 1875 5345; baseline 0.002 -26"><span class='ocrx_word' id='word_1_755' title='bbox 388 5250 644 5327; x_wconf 43' lang='grc' dir='ltr'><strong>’θήαὑτδς</strong></span> <span class='ocrx_word' id='word_1_756' title='bbox 670 5265 729 5318; x_wconf 83' lang='grc' dir='ltr'><strong>ἐν</strong></span> <span class='ocrx_word' id='word_1_757' title='bbox 759 5266 825 5335; x_wconf 81' lang='grc' dir='ltr'><strong>τῇ</strong></span> <span class='ocrx_word' id='word_1_758' title='bbox 858 5264 1328 5345; x_wconf 55' lang='grc' dir='ltr'><strong>ΨΜΤρηγόριον</strong></span> <span class='ocrx_word' id='word_1_759' title='bbox 1360 5263 1452 5319; x_wconf 70' lang='grc' dir='ltr'><strong>τὸν</strong></span> <span class='ocrx_word' id='word_1_760' title='bbox 1484 5265 1714 5337; x_wconf 63' lang='grc' dir='ltr'>ἀδελφὺν</span> <span class='ocrx_word' id='word_1_761' title='bbox 1754 5271 1875 5322; x_wconf 69' lang='grc' dir='ltr'><strong>ἐπι-</strong></span> 
     </span>
    </p>
   </div>
   <div class='ocr_carea' id='block_1_95' title="bbox 312 5355 1874 5432">
    <p class='ocr_par' dir='ltr' id='par_1_95' title="bbox 312 5355 1874 5432">
     <span class='ocr_line' id='line_1_95' title="bbox 312 5355 1874 5432; baseline 0.003 -22"><span class='ocrx_word' id='word_1_762' title='bbox 312 5357 475 5428; x_wconf 74' lang='grc' dir='ltr'><strong>στολῇ</strong></span> <span class='ocrx_word' id='word_1_763' title='bbox 521 5374 688 5427; x_wconf 82' lang='grc' dir='ltr'><strong>φησιν</strong></span> <span class='ocrx_word' id='word_1_764' title='bbox 707 5374 721 5390; x_wconf 86' lang='grc'>·</span> <span class='ocrx_word' id='word_1_765' title='bbox 766 5374 784 5408; x_wconf 85' lang='grc' dir='ltr'><strong>ι</strong></span> <span class='ocrx_word' id='word_1_766' title='bbox 822 5356 897 5410; x_wconf 76' lang='grc' dir='ltr'><strong>Τὸ</strong></span> <span class='ocrx_word' id='word_1_767' title='bbox 925 5356 1157 5428; x_wconf 86' lang='grc' dir='ltr'>Πνεῦμα</span> <span class='ocrx_word' id='word_1_768' title='bbox 1187 5355 1347 5410; x_wconf 83' lang='grc' dir='ltr'><strong>τοῦτο</strong></span> <span class='ocrx_word' id='word_1_769' title='bbox 1376 5361 1740 5429; x_wconf 82' lang='grc' dir='ltr'><strong>γνωριστικδν</strong></span> <span class='ocrx_word' id='word_1_770' title='bbox 1772 5364 1874 5432; x_wconf 88' lang='grc' dir='ltr'><strong>τῆς</strong></span> 
     </span>
    </p>
   </div>
   <div class='ocr_carea' id='block_1_96' title="bbox 302 5448 1875 5531">
    <p class='ocr_par' dir='ltr' id='par_1_96' title="bbox 302 5448 1875 5531">
     <span class='ocr_line' id='line_1_96' title="bbox 302 5448 1875 5531; baseline 0.002 -28"><span class='ocrx_word' id='word_1_771' title='bbox 302 5449 447 5503; x_wconf 79' lang='grc' dir='ltr'>κατὰ</span> <span class='ocrx_word' id='word_1_772' title='bbox 463 5449 561 5517; x_wconf 78' lang='grc' dir='ltr'><strong>τὴν</strong></span> <span class='ocrx_word' id='word_1_773' title='bbox 590 5448 891 5501; x_wconf 79' lang='grc' dir='ltr'><strong>ὑπόστασιν</strong></span> <span class='ocrx_word' id='word_1_774' title='bbox 923 5448 1183 5518; x_wconf 72' lang='grc' dir='ltr'><strong>ἰδιότητος</strong></span> <span class='ocrx_word' id='word_1_775' title='bbox 1214 5450 1441 5531; x_wconf 54' lang='grc' dir='ltr'><strong>σημεῖον</strong></span> <span class='ocrx_word' id='word_1_776' title='bbox 1468 5448 1604 5520; x_wconf 77' lang='grc' dir='ltr'>ἔχει,</span> <span class='ocrx_word' id='word_1_777' title='bbox 1639 5452 1698 5505; x_wconf 83' lang='grc' dir='ltr'><strong>τὸ</strong></span> <span class='ocrx_word' id='word_1_778' title='bbox 1734 5456 1875 5522; x_wconf 77' lang='grc' dir='ltr'><strong>μετά</strong></span> 
     </span>
    </p>
   </div>
   <div class='ocr_carea' id='block_1_97' title="bbox 301 5538 1875 5612">
    <p class='ocr_par' dir='ltr' id='par_1_97' title="bbox 301 5538 1875 5612">
     <span class='ocr_line' id='line_1_97' title="bbox 301 5538 1875 5612; baseline 0.005 -20"><span class='ocrx_word' id='word_1_779' title='bbox 301 5540 396 5593; x_wconf 71' lang='grc' dir='ltr'><strong>τὸν</strong></span> <span class='ocrx_word' id='word_1_780' title='bbox 442 5540 573 5594; x_wconf 80' lang='grc' dir='ltr'>Υῑδν</span> <span class='ocrx_word' id='word_1_781' title='bbox 617 5541 713 5593; x_wconf 77' lang='grc' dir='ltr'>καὶ</span> <span class='ocrx_word' id='word_1_782' title='bbox 744 5538 841 5592; x_wconf 80' lang='grc' dir='ltr'><strong>σὺν</strong></span> <span class='ocrx_word' id='word_1_783' title='bbox 865 5539 944 5607; x_wconf 84' lang='grc' dir='ltr'><strong>τῷ</strong></span> <span class='ocrx_word' id='word_1_784' title='bbox 987 5539 1102 5610; x_wconf 86' lang='grc' dir='ltr'><strong>Υίῷ</strong></span> <span class='ocrx_word' id='word_1_785' title='bbox 1145 5541 1533 5612; x_wconf 76' lang='grc' dir='ltr'><strong>γνωρίζεσθαι,</strong></span> <span class='ocrx_word' id='word_1_786' title='bbox 1565 5545 1658 5599; x_wconf 78' lang='grc' dir='ltr'>καὶ</span> <span class='ocrx_word' id='word_1_787' title='bbox 1685 5547 1747 5599; x_wconf 68' lang='grc' dir='ltr'>ἐκ</span> <span class='ocrx_word' id='word_1_788' title='bbox 1779 5546 1875 5601; x_wconf 87' lang='grc' dir='ltr'><strong>τοῦ</strong></span> 
     </span>
    </p>
   </div>
   <div class='ocr_carea' id='block_1_98' title="bbox 304 5634 920 5702">
    <p class='ocr_par' dir='ltr' id='par_1_98' title="bbox 304 5634 920 5702">
     <span class='ocr_line' id='line_1_98' title="bbox 304 5634 920 5702; baseline -0.003 -16"><span class='ocrx_word' id='word_1_789' title='bbox 304 5634 518 5702; x_wconf 81' lang='grc' dir='ltr'><strong>Πατρδς</strong></span> <span class='ocrx_word' id='word_1_790' title='bbox 542 5634 861 5702; x_wconf 77' lang='grc' dir='ltr'><strong>ὑφεστάναι.</strong></span> <span class='ocrx_word' id='word_1_791' title='bbox 900 5651 920 5684; x_wconf 73' lang='grc' dir='ltr'>ι</span> 
     </span>
    </p>
   </div>
   <div class='ocr_carea' id='block_1_99' title="bbox 385 5722 1870 5795">
    <p class='ocr_par' dir='ltr' id='par_1_99' title="bbox 385 5722 1870 5795">
     <span class='ocr_line' id='line_1_99' title="bbox 385 5722 1870 5795; baseline 0.003 -18"><span class='ocrx_word' id='word_1_792' title='bbox 385 5725 444 5777; x_wconf 86' lang='lat'><strong>&#39;0</strong></span> <span class='ocrx_word' id='word_1_793' title='bbox 476 5725 634 5785; x_wconf 74' lang='grc' dir='ltr'><strong>αὐτὸς</strong></span> <span class='ocrx_word' id='word_1_794' title='bbox 665 5725 725 5777; x_wconf 77' lang='grc' dir='ltr'>ὲν</span> <span class='ocrx_word' id='word_1_795' title='bbox 751 5722 829 5792; x_wconf 79' lang='grc' dir='ltr'><strong>τῷ</strong></span> <span class='ocrx_word' id='word_1_796' title='bbox 850 5723 1020 5793; x_wconf 80' lang='grc' dir='ltr'><strong>τρίτῳ</strong></span> <span class='ocrx_word' id='word_1_797' title='bbox 1048 5724 1157 5777; x_wconf 81' lang='grc' dir='ltr'><strong>τῶν</strong></span> <span class='ocrx_word' id='word_1_798' title='bbox 1194 5724 1626 5795; x_wconf 68' lang='grc' dir='ltr'><strong>’Λντιρῤητικῶν</strong></span> <span class='ocrx_word' id='word_1_799' title='bbox 1660 5743 1828 5795; x_wconf 64' lang='grc' dir='ltr'><strong>φησιν</strong></span> <span class='ocrx_word' id='word_1_800' title='bbox 1856 5744 1870 5759; x_wconf 72' lang='grc'><strong><em>⁸</em></strong></span> 
     </span>
    </p>
   </div>
   <div class='ocr_carea' id='block_1_100' title="bbox 311 5813 1869 5891">
    <p class='ocr_par' dir='ltr' id='par_1_100' title="bbox 311 5813 1869 5891">
     <span class='ocr_line' id='line_1_100' title="bbox 311 5813 1869 5891; baseline 0.019 -33"><span class='ocrx_word' id='word_1_801' title='bbox 311 5838 329 5870; x_wconf 66' lang='grc' dir='ltr'><strong>ε</strong></span> <span class='ocrx_word' id='word_1_802' title='bbox 370 5818 456 5881; x_wconf 80' lang='grc' dir='ltr'><strong>Ὠς</strong></span> <span class='ocrx_word' id='word_1_803' title='bbox 478 5816 588 5888; x_wconf 80' lang='grc' dir='ltr'><strong>γὰρ</strong></span> <span class='ocrx_word' id='word_1_804' title='bbox 617 5816 646 5868; x_wconf 84' lang='grc' dir='ltr'><strong>ὁ</strong></span> <span class='ocrx_word' id='word_1_805' title='bbox 675 5815 802 5879; x_wconf 81' lang='grc' dir='ltr'>Υίδς</span> <span class='ocrx_word' id='word_1_806' title='bbox 846 5813 999 5879; x_wconf 82' lang='grc' dir='ltr'><strong>τάξει</strong></span> <span class='ocrx_word' id='word_1_807' title='bbox 1047 5815 1147 5886; x_wconf 78' lang='grc' dir='ltr'><strong>μὲν</strong></span> <span class='ocrx_word' id='word_1_808' title='bbox 1185 5815 1441 5884; x_wconf 80' lang='grc' dir='ltr'><strong>δεύτερος</strong></span> <span class='ocrx_word' id='word_1_809' title='bbox 1489 5817 1582 5871; x_wconf 79' lang='grc' dir='ltr'><strong>τοῦ</strong></span> <span class='ocrx_word' id='word_1_810' title='bbox 1633 5818 1869 5891; x_wconf 69' lang='grc' dir='ltr'><strong>Πατρδςν</strong></span> 
     </span>
    </p>
   </div>
   <div class='ocr_carea' id='block_1_101' title="bbox 302 5906 1865 5977">
    <p class='ocr_par' dir='ltr' id='par_1_101' title="bbox 302 5906 1865 5977">
     <span class='ocr_line' id='line_1_101' title="bbox 302 5906 1865 5977; baseline -0.006 -12"><span class='ocrx_word' id='word_1_811' title='bbox 302 5911 385 5965; x_wconf 75' lang='grc' dir='ltr'><strong>ὅτι</strong></span> <span class='ocrx_word' id='word_1_812' title='bbox 414 5909 510 5961; x_wconf 79' lang='grc' dir='ltr'><strong>ἀπ’</strong></span> <span class='ocrx_word' id='word_1_813' title='bbox 533 5907 767 5968; x_wconf 67' lang='grc' dir='ltr'><strong>ἐκείνου.</strong></span> <span class='ocrx_word' id='word_1_814' title='bbox 802 5906 897 5961; x_wconf 71' lang='grc' dir='ltr'>καὶ</span> <span class='ocrx_word' id='word_1_815' title='bbox 930 5906 1226 5977; x_wconf 80' lang='grc' dir='ltr'><strong>ἀξιώματι,</strong></span> <span class='ocrx_word' id='word_1_816' title='bbox 1258 5908 1340 5961; x_wconf 82' lang='grc' dir='ltr'><strong>ὄτι</strong></span> <span class='ocrx_word' id='word_1_817' title='bbox 1384 5908 1527 5974; x_wconf 77' lang='grc' dir='ltr'><strong>ἁρχὴ</strong></span> <span class='ocrx_word' id='word_1_818' title='bbox 1574 5912 1666 5964; x_wconf 62' lang='grc' dir='ltr'>καὶ</span> <span class='ocrx_word' id='word_1_819' title='bbox 1717 5912 1865 5966; x_wconf 72' lang='grc' dir='ltr'><strong>αἰτία</strong></span> 
     </span>
    </p>
   </div>
   <div class='ocr_carea' id='block_1_102' title="bbox 1983 4711 3569 4790">
    <p class='ocr_par' dir='ltr' id='par_1_102' title="bbox 1983 4711 3569 4790">
     <span class='ocr_line' id='line_1_102' title="bbox 1983 4711 3569 4790; baseline 0.004 -13"><span class='ocrx_word' id='word_1_820' title='bbox 1983 4724 2048 4778; x_wconf 88' lang='lat' dir='ltr'><strong>ad</strong></span> <span class='ocrx_word' id='word_1_821' title='bbox 2080 4738 2247 4778; x_wconf 88' lang='lat' dir='ltr'><strong>unum</strong></span> <span class='ocrx_word' id='word_1_822' title='bbox 2279 4722 2494 4778; x_wconf 87' lang='lat' dir='ltr'><strong>Patrem</strong></span> <span class='ocrx_word' id='word_1_823' title='bbox 2516 4762 2532 4788; x_wconf 93' lang='lat'><strong>,</strong></span> <span class='ocrx_word' id='word_1_824' title='bbox 2564 4737 2628 4777; x_wconf 89' lang='lat' dir='ltr'><strong>ac</strong></span> <span class='ocrx_word' id='word_1_825' title='bbox 2646 4736 2851 4779; x_wconf 75' lang='lat' dir='ltr'><strong>Irursus</strong></span> <span class='ocrx_word' id='word_1_826' title='bbox 2887 4724 3071 4778; x_wconf 86' lang='lat' dir='ltr'><strong>nativa</strong></span> <span class='ocrx_word' id='word_1_827' title='bbox 3100 4711 3347 4790; x_wconf 82' lang='lat' dir='ltr'><strong>bonitas,</strong></span> <span class='ocrx_word' id='word_1_828' title='bbox 3381 4737 3435 4781; x_wconf 91' lang='lat' dir='ltr'><strong>et</strong></span> <span class='ocrx_word' id='word_1_829' title='bbox 3472 4742 3569 4784; x_wconf 88' lang='lat' dir='ltr'><strong>na-</strong></span> 
     </span>
    </p>
   </div>
   <div class='ocr_carea' id='block_1_103' title="bbox 1981 4812 3568 4891">
    <p class='ocr_par' dir='ltr' id='par_1_103' title="bbox 1981 4812 3568 4891">
     <span class='ocr_line' id='line_1_103' title="bbox 1981 4812 3568 4891; baseline 0.005 -24"><span class='ocrx_word' id='word_1_830' title='bbox 1981 4813 2176 4868; x_wconf 88' lang='lat' dir='ltr'><strong>turalis</strong></span> <span class='ocrx_word' id='word_1_831' title='bbox 2206 4812 2597 4878; x_wconf 85' lang='lat' dir='ltr'><strong>sanetimonia,</strong></span> <span class='ocrx_word' id='word_1_832' title='bbox 2630 4822 2683 4868; x_wconf 89' lang='lat' dir='ltr'><strong>et</strong></span> <span class='ocrx_word' id='word_1_833' title='bbox 2704 4815 2913 4885; x_wconf 77' lang='lat' dir='ltr'><strong>regalis</strong></span> <span class='ocrx_word' id='word_1_834' title='bbox 2946 4815 3184 4885; x_wconf 76' lang='lat' dir='ltr'><strong>dignitas</strong></span> <span class='ocrx_word' id='word_1_835' title='bbox 3217 4832 3246 4870; x_wconf 92' lang='lat' dir='ltr'><strong>a</strong></span> <span class='ocrx_word' id='word_1_836' title='bbox 3283 4816 3441 4873; x_wconf 86' lang='lat' dir='ltr'><strong>Patre</strong></span> <span class='ocrx_word' id='word_1_837' title='bbox 3468 4833 3568 4891; x_wconf 89' lang='lat' dir='ltr'><strong>per</strong></span> 
     </span>
    </p>
   </div>
   <div class='ocr_carea' id='block_1_104' title="bbox 1984 4902 3571 4981">
    <p class='ocr_par' dir='ltr' id='par_1_104' title="bbox 1984 4902 3571 4981">
     <span class='ocr_line' id='line_1_104' title="bbox 1984 4902 3571 4981; baseline 0.003 -20"><span class='ocrx_word' id='word_1_838' title='bbox 1984 4902 2338 4975; x_wconf 87' lang='lat' dir='ltr'><strong>Unigenitum</strong></span> <span class='ocrx_word' id='word_1_839' title='bbox 2384 4903 2455 4981; x_wconf 85' lang='lat' dir='ltr'><strong>ad</strong></span> <span class='ocrx_word' id='word_1_840' title='bbox 2509 4904 2771 4974; x_wconf 89' lang='lat' dir='ltr'><strong>Spiritum</strong></span> <span class='ocrx_word' id='word_1_841' title='bbox 2820 4915 3073 4962; x_wconf 89' lang='lat' dir='ltr'><strong>sanctum</strong></span> <span class='ocrx_word' id='word_1_842' title='bbox 3117 4919 3447 4977; x_wconf 84' lang='lat' dir='ltr'><strong>permanat:</strong></span> <span class='ocrx_word' id='word_1_843' title='bbox 3498 4912 3571 4966; x_wconf 87' lang='lat' dir='ltr'><strong>ad</strong></span> 
     </span>
    </p>
   </div>
   <div class='ocr_carea' id='block_1_105' title="bbox 1984 4997 3568 5071">
    <p class='ocr_par' dir='ltr' id='par_1_105' title="bbox 1984 4997 3568 5071">
     <span class='ocr_line' id='line_1_105' title="bbox 1984 4997 3568 5071; baseline 0.004 -20"><span class='ocrx_word' id='word_1_844' title='bbox 1984 4998 2131 5052; x_wconf 88' lang='lat' dir='ltr'><strong>hunc</strong></span> <span class='ocrx_word' id='word_1_845' title='bbox 2158 5000 2378 5053; x_wconf 90' lang='lat' dir='ltr'><strong>modum</strong></span> <span class='ocrx_word' id='word_1_846' title='bbox 2400 5009 2451 5052; x_wconf 88' lang='lat' dir='ltr'><strong>et</strong></span> <span class='ocrx_word' id='word_1_847' title='bbox 2484 5014 2749 5067; x_wconf 84' lang='lat' dir='ltr'><strong>personas</strong></span> <span class='ocrx_word' id='word_1_848' title='bbox 2775 4997 3119 5068; x_wconf 68' lang='lat' dir='ltr'><strong>profitemur,</strong></span> <span class='ocrx_word' id='word_1_849' title='bbox 3144 5014 3244 5056; x_wconf 87' lang='lat' dir='ltr'><strong>nec</strong></span> <span class='ocrx_word' id='word_1_850' title='bbox 3276 5001 3425 5071; x_wconf 91' lang='lat' dir='ltr'><strong>pium</strong></span> <span class='ocrx_word' id='word_1_851' title='bbox 3452 5017 3568 5057; x_wconf 85' lang='lat' dir='ltr'><strong>mo-</strong></span> 
     </span>
    </p>
   </div>
   <div class='ocr_carea' id='block_1_106' title="bbox 1981 5076 2915 5159">
    <p class='ocr_par' dir='ltr' id='par_1_106' title="bbox 1981 5076 2915 5159">
     <span class='ocr_line' id='line_1_106' title="bbox 1981 5076 2915 5159; baseline -0.001 -17"><span class='ocrx_word' id='word_1_852' title='bbox 1981 5087 2218 5144; x_wconf 73' lang='lat' dir='ltr'><strong>narchiae</strong></span> <span class='ocrx_word' id='word_1_853' title='bbox 2248 5089 2443 5159; x_wconf 80' lang='lat' dir='ltr'><strong>dogma</strong></span> <span class='ocrx_word' id='word_1_854' title='bbox 2477 5076 2859 5143; x_wconf 70' lang='lat' dir='ltr'><strong>labefactatur.</strong></span> <span class='ocrx_word' id='word_1_855' title='bbox 2896 5108 2915 5141; x_wconf 71' lang='grc' dir='ltr'>ι</span> 
     </span>
    </p>
   </div>
   <div class='ocr_carea' id='block_1_107' title="bbox 2052 5270 3565 5346">
    <p class='ocr_par' dir='ltr' id='par_1_107' title="bbox 2052 5270 3565 5346">
     <span class='ocr_line' id='line_1_107' title="bbox 2052 5270 3565 5346; baseline 0.002 -19"><span class='ocrx_word' id='word_1_856' title='bbox 2052 5271 2197 5327; x_wconf 87' lang='lat' dir='ltr'><strong>Idem</strong></span> <span class='ocrx_word' id='word_1_857' title='bbox 2215 5270 2446 5345; x_wconf 82' lang='lat' dir='ltr'><strong>epistola</strong></span> <span class='ocrx_word' id='word_1_858' title='bbox 2463 5271 2532 5337; x_wconf 78' lang='lat' dir='ltr'><strong>ad</strong></span> <span class='ocrx_word' id='word_1_859' title='bbox 2559 5270 2877 5341; x_wconf 87' lang='lat' dir='ltr'><strong>Gregorium</strong></span> <span class='ocrx_word' id='word_1_860' title='bbox 2901 5271 3152 5328; x_wconf 82' lang='lat' dir='ltr'><strong>Fratrem</strong></span> <span class='ocrx_word' id='word_1_861' title='bbox 3180 5289 3194 5328; x_wconf 92' lang='lat'><strong>:</strong></span> <span class='ocrx_word' id='word_1_862' title='bbox 3223 5292 3242 5327; x_wconf 86' lang='lat' dir='ltr'><strong>t</strong></span> <span class='ocrx_word' id='word_1_863' title='bbox 3281 5272 3382 5330; x_wconf 89' lang='lat' dir='ltr'><strong>Hic</strong></span> <span class='ocrx_word' id='word_1_864' title='bbox 3394 5276 3565 5346; x_wconf 81' lang='lat' dir='ltr'><strong>Spiri-</strong></span> 
     </span>
    </p>
   </div>
   <div class='ocr_carea' id='block_1_108' title="bbox 1982 5363 3561 5437">
    <p class='ocr_par' dir='ltr' id='par_1_108' title="bbox 1982 5363 3561 5437">
     <span class='ocr_line' id='line_1_108' title="bbox 1982 5363 3561 5437; baseline 0.001 -18"><span class='ocrx_word' id='word_1_865' title='bbox 1982 5372 2074 5419; x_wconf 86' lang='lat' dir='ltr'><strong>tus</strong></span> <span class='ocrx_word' id='word_1_866' title='bbox 2117 5364 2276 5419; x_wconf 85' lang='lat' dir='ltr'><strong>bane.</strong></span> <span class='ocrx_word' id='word_1_867' title='bbox 2302 5363 2611 5431; x_wconf 81' lang='lat' dir='ltr'><strong>notionem,</strong></span> <span class='ocrx_word' id='word_1_868' title='bbox 2650 5378 2715 5418; x_wconf 87' lang='lat' dir='ltr'><strong>ac</strong></span> <span class='ocrx_word' id='word_1_869' title='bbox 2759 5363 3128 5432; x_wconf 87' lang='lat' dir='ltr'><strong>cognoscibile</strong></span> <span class='ocrx_word' id='word_1_870' title='bbox 3171 5363 3386 5434; x_wconf 84' lang='lat' dir='ltr'><strong>signum</strong></span> <span class='ocrx_word' id='word_1_871' title='bbox 3419 5370 3561 5437; x_wconf 79' lang='lat' dir='ltr'><strong>ejus,</strong></span> 
     </span>
    </p>
   </div>
   <div class='ocr_carea' id='block_1_109' title="bbox 1980 5453 3560 5527">
    <p class='ocr_par' dir='ltr' id='par_1_109' title="bbox 1980 5453 3560 5527">
     <span class='ocr_line' id='line_1_109' title="bbox 1980 5453 3560 5527; baseline 0.004 -18"><span class='ocrx_word' id='word_1_872' title='bbox 1980 5472 2103 5527; x_wconf 71' lang='lat' dir='ltr'><strong>qua:</strong></span> <span class='ocrx_word' id='word_1_873' title='bbox 2133 5454 2431 5510; x_wconf 86' lang='lat' dir='ltr'><strong>secundum</strong></span> <span class='ocrx_word' id='word_1_874' title='bbox 2464 5453 2801 5525; x_wconf 80' lang='lat' dir='ltr'><strong>hypostasim</strong></span> <span class='ocrx_word' id='word_1_875' title='bbox 2834 5463 2953 5520; x_wconf 84' lang='lat' dir='ltr'><strong>est,</strong></span> <span class='ocrx_word' id='word_1_876' title='bbox 2990 5456 3344 5527; x_wconf 88' lang='lat' dir='ltr'><strong>proprietatis</strong></span> <span class='ocrx_word' id='word_1_877' title='bbox 3374 5459 3560 5526; x_wconf 84' lang='lat' dir='ltr'><strong>habet,</strong></span> 
     </span>
    </p>
   </div>
   <div class='ocr_carea' id='block_1_110' title="bbox 1980 5541 3559 5617">
    <p class='ocr_par' dir='ltr' id='par_1_110' title="bbox 1980 5541 3559 5617">
     <span class='ocr_line' id='line_1_110' title="bbox 1980 5541 3559 5617; baseline 0.006 -19"><span class='ocrx_word' id='word_1_878' title='bbox 1980 5560 2089 5617; x_wconf 89' lang='lat' dir='ltr'><strong>quo</strong></span> <span class='ocrx_word' id='word_1_879' title='bbox 2122 5558 2247 5598; x_wconf 90' lang='lat' dir='ltr'><strong>cum</strong></span> <span class='ocrx_word' id='word_1_880' title='bbox 2284 5541 2423 5599; x_wconf 86' lang='lat' dir='ltr'><strong>Filio</strong></span> <span class='ocrx_word' id='word_1_881' title='bbox 2451 5544 2615 5615; x_wconf 69' lang='lat' dir='ltr'><strong>simul</strong></span> <span class='ocrx_word' id='word_1_882' title='bbox 2646 5555 2701 5600; x_wconf 86' lang='lat' dir='ltr'><strong>et</strong></span> <span class='ocrx_word' id='word_1_883' title='bbox 2722 5545 2855 5615; x_wconf 86' lang='lat' dir='ltr'><strong>ipse</strong></span> <span class='ocrx_word' id='word_1_884' title='bbox 2894 5560 2953 5600; x_wconf 88' lang='lat' dir='ltr'><strong>sc</strong></span> <span class='ocrx_word' id='word_1_885' title='bbox 2982 5544 3113 5601; x_wconf 80' lang='lat' dir='ltr'><strong>facit</strong></span> <span class='ocrx_word' id='word_1_886' title='bbox 3145 5548 3471 5616; x_wconf 89' lang='lat' dir='ltr'><strong>internosci,</strong></span> <span class='ocrx_word' id='word_1_887' title='bbox 3506 5563 3559 5607; x_wconf 86' lang='lat' dir='ltr'><strong>et</strong></span> 
     </span>
    </p>
   </div>
   <div class='ocr_carea' id='block_1_111' title="bbox 1979 5635 2606 5691">
    <p class='ocr_par' dir='ltr' id='par_1_111' title="bbox 1979 5635 2606 5691">
     <span class='ocr_line' id='line_1_111' title="bbox 1979 5635 2606 5691; baseline -0.003 -1"><span class='ocrx_word' id='word_1_888' title='bbox 1979 5651 2045 5690; x_wconf 77' lang='lat' dir='ltr'><strong>ex</strong></span> <span class='ocrx_word' id='word_1_889' title='bbox 2077 5636 2239 5691; x_wconf 81' lang='lat' dir='ltr'><strong>Patre</strong></span> <span class='ocrx_word' id='word_1_890' title='bbox 2270 5635 2547 5691; x_wconf 79' lang='lat' dir='ltr'><strong>subsistit.</strong></span> <span class='ocrx_word' id='word_1_891' title='bbox 2588 5654 2606 5688; x_wconf 75' lang='grc' dir='ltr'>ι</span> 
     </span>
    </p>
   </div>
   <div class='ocr_carea' id='block_1_112' title="bbox 2050 5728 3559 5803">
    <p class='ocr_par' dir='ltr' id='par_1_112' title="bbox 2050 5728 3559 5803">
     <span class='ocr_line' id='line_1_112' title="bbox 2050 5728 3559 5803; baseline 0.004 -22"><span class='ocrx_word' id='word_1_892' title='bbox 2050 5728 2196 5784; x_wconf 87' lang='lat' dir='ltr'><strong>Idem</strong></span> <span class='ocrx_word' id='word_1_893' title='bbox 2244 5728 2298 5783; x_wconf 92' lang='lat' dir='ltr'><strong>in</strong></span> <span class='ocrx_word' id='word_1_894' title='bbox 2325 5728 2934 5787; x_wconf 75' lang='lat' dir='ltr'><strong>tertio‘Autitrhetico:</strong></span> <span class='ocrx_word' id='word_1_895' title='bbox 2972 5750 2991 5783; x_wconf 75' lang='grc' dir='ltr'><strong>ι</strong></span> <span class='ocrx_word' id='word_1_896' title='bbox 3024 5731 3157 5786; x_wconf 84' lang='lat' dir='ltr'><strong>Nam</strong></span> <span class='ocrx_word' id='word_1_897' title='bbox 3197 5735 3559 5803; x_wconf 88' lang='lat' dir='ltr'><strong>quemadmo-</strong></span> 
     </span>
    </p>
   </div>
   <div class='ocr_carea' id='block_1_113' title="bbox 1979 5818 3556 5891">
    <p class='ocr_par' dir='ltr' id='par_1_113' title="bbox 1979 5818 3556 5891">
     <span class='ocr_line' id='line_1_113' title="bbox 1979 5818 3556 5891; baseline 0.003 -16"><span class='ocrx_word' id='word_1_898' title='bbox 1979 5822 2106 5875; x_wconf 87' lang='lat' dir='ltr'><strong>dum</strong></span> <span class='ocrx_word' id='word_1_899' title='bbox 2156 5818 2328 5875; x_wconf 82' lang='lat' dir='ltr'><strong>Filius</strong></span> <span class='ocrx_word' id='word_1_900' title='bbox 2371 5820 2564 5876; x_wconf 88' lang='lat' dir='ltr'><strong>ordine</strong></span> <span class='ocrx_word' id='word_1_901' title='bbox 2605 5821 2827 5891; x_wconf 87' lang='lat' dir='ltr'><strong>quidem</strong></span> <span class='ocrx_word' id='word_1_902' title='bbox 2863 5838 2893 5877; x_wconf 90' lang='lat' dir='ltr'><strong>a</strong></span> <span class='ocrx_word' id='word_1_903' title='bbox 2931 5821 3092 5878; x_wconf 88' lang='lat' dir='ltr'><strong>Patre</strong></span> <span class='ocrx_word' id='word_1_904' title='bbox 3135 5825 3411 5886; x_wconf 85' lang='lat' dir='ltr'><strong>secundus</strong></span> <span class='ocrx_word' id='word_1_905' title='bbox 3453 5839 3556 5890; x_wconf 76' lang='lat' dir='ltr'><strong>est,</strong></span> 
     </span>
    </p>
   </div>
   <div class='ocr_carea' id='block_1_114' title="bbox 1978 5912 3561 5988">
    <p class='ocr_par' dir='ltr' id='par_1_114' title="bbox 1978 5912 3561 5988">
     <span class='ocr_line' id='line_1_114' title="bbox 1978 5912 3561 5988; baseline 0.007 -26"><span class='ocrx_word' id='word_1_906' title='bbox 1978 5914 2237 5983; x_wconf 85' lang='lat' dir='ltr'><strong>quoniam</strong></span> <span class='ocrx_word' id='word_1_907' title='bbox 2276 5912 2342 5968; x_wconf 89' lang='lat' dir='ltr'><strong>ab</strong></span> <span class='ocrx_word' id='word_1_908' title='bbox 2385 5912 2479 5969; x_wconf 91' lang='lat' dir='ltr'><strong>illo</strong></span> <span class='ocrx_word' id='word_1_909' title='bbox 2522 5923 2640 5979; x_wconf 84' lang='lat' dir='ltr'><strong>est,</strong></span> <span class='ocrx_word' id='word_1_910' title='bbox 2680 5923 2741 5977; x_wconf 82' lang='lat' dir='ltr'><strong>ct</strong></span> <span class='ocrx_word' id='word_1_911' title='bbox 2776 5912 3074 5985; x_wconf 84' lang='lat' dir='ltr'><strong>dignitate,</strong></span> <span class='ocrx_word' id='word_1_912' title='bbox 3109 5916 3366 5983; x_wconf 78' lang='lat' dir='ltr'><strong>quoniam</strong></span> <span class='ocrx_word' id='word_1_913' title='bbox 3407 5921 3561 5988; x_wconf 61' lang='lat' dir='ltr'><strong>origo</strong></span> 
     </span>
    </p>
   </div>
  </div>
