4168 6454
155 448 292 510 645

1628 428 2107 493 EPIGRAPHB.

3374 411 3488 493 διε»

159 563 332 618 Υἱοῦ
345 607 363 630 ,
394 565 427 634 q
460 560 836 633 πρεσϐύτερον
855 556 1035 626 λέγων
1050 555 1289 625 Πατρὶς,
1308 546 1462 617 οὗτος
1479 552 1788 608 ἀνθίσταται

1901 548 2101 603 dixerit
2135 545 2502 618 antiquiorem
2538 560 2693 613 esse,
2744 545 2948 602 resistit
2978 543 3081 600 iste
3115 541 3313 598 divinae
3345 555 3488 612 prae-

165 656 297 724 μὲν
355 658 428 726 τῇ
465 653 561 706 τοῦ
594 649 733 704 Θεοῦ
763 648 1020 718 διαταγῇ,
1073 644 1360 714 ἀλλότριος
1385 644 1444 697 δὲ
1486 646 1585 712 τῆς
1611 641 1792 710 ὑγιαιο

159 745 410 816 νούσης
437 747 697 804 πίστεως,
733 743 806 812 μὴ
833 739 894 792 ὃν
930 735 1210 807 παρέλαϐε
1238 734 1442 805 τρόπον
1476 733 1791 802 δοξολογίας

165 837 525 904 φυλάττων,
557 832 674 886 ἀλλ’
724 829 903 900 ἑαυτῷ
961 827 1302 898 κενοφωνίαν
1354 827 1435 888 είς
1491 824 1794 892 ἀρέσκειαν

165 926 520 997 ἀνθρώπων
548 922 802 977 ἐπινοῶν.
847 939 866 974 ι
909 921 1019 973 Καὶ
1062 917 1184 989 μετ’
1223 918 1418 984 ὀλίγα·
1472 934 1491 967 ι
1559 915 1724 969 ’Ὥστε
1757 917 1790 985 ἡ

167 1018 342 1087 περὶ
376 1015 476 1086 τὴν
497 1014 652 1080 τάξιν
681 1011 1003 1080 καινοτομία
1031 1009 1203 1077 αὐτῆς
1227 1007 1324 1076 τῆς
1350 1005 1641 1081 ὑπάρξεως
1663 1004 1793 1059 ἀθέ-

164 1123 374 1175 τησιν
405 1106 540 1176 ἔχει,
581 1105 677 1156 καὶ
713 1102 840 1171 ὅλης
885 1103 983 1168 τῆς
1029 1096 1272 1157 πίστεώς
1329 1098 1482 1149 ἐστιν
1538 1095 1789 1165 ἄρνησις.

182 1195 457 1266 Ὁμοίως
481 1193 575 1247 οὖν
598 1195 749 1247 ἔστιν
772 1190 970 1253 ἀσεϐὲς
1001 1192 1096 1243 καὶ
1129 1190 1222 1243 επὶ
1257 1187 1358 1259 τὴν
1397 1187 1576 1240 κτίσιν
1619 1202 1794 1240 κατα-

166 1289 429 1356 γαγεῖν,
459 1289 554 1339 καὶ
611 1284 963 1355 ύπερτιθέναι
1015 1280 1148 1334 αὐτὸ
1191 1281 1224 1352 ἢ
1262 1276 1394 1332 Υίοῦ
1447 1275 1724 1348 ἢΠατρδς
1759 1275 1793 1347 ἢ

171 1378 358 1432 κατὰ
382 1378 476 1430 τὸν
508 1377 704 1448 χρόνον
745 1377 778 1448 ᾗ
812 1373 952 1429 κατὰ
973 1372 1072 1444 τὴν
1093 1370 1265 1436 τάξιν.
1305 1389 1324 1423 r

280 1556 354 1610 ⁸0
387 1556 550 1619 αὐτὸς
584 1559 643 1611 ἐν
669 1559 735 1629 τῇ
767 1555 907 1626 πρὸς
935 1554 1246 1626 ῐᾟηγόριον
1269 1554 1360 1608 τὸν
1386 1553 1620 1623 ἀδελφὸν
1663 1557 1794 1607 επι-

172 1646 396 1718 στολῇ,
440 1645 507 1719 ;
536 1650 570 1720 ἡ
601 1648 768 1718 ἀρχὴ,
824 1667 843 1699 r
892 1643 1116 1714 Ἐπειδὴ
1148 1642 1337 1698 ⁶πολλοὶ
1394 1645 1456 1696 τὺ
1489 1643 1669 1696 κοινὸν
1697 1642 1796 1714 τῆς

171 1738 400 1802 οὐσίας
432 1739 526 1792 ἐπὶ
551 1739 662 1794 τῶν
698 1737 982 1808 μυστικῶν
1040 1735 1332 1806 δογμάτων
1363 1733 1440 1805 μὴ
1490 1734 1799 1807 διακρίνον-

173 1843 324 1892 τες.
365 1847 386 1881 ι
419 1829 625 1899 φησιν’
666 1845 684 1880 ι
737 1827 796 1881 '0
838 1827 901 1881 τὸ
935 1824 1165 1895 Πνεῦμα
1191 1825 1392 1896 νοήσας
1434 1825 1569 1878 αὐτό
1613 1840 1672 1877 τε
1705 1822 1794 1891 ιφν

176 1919 411 1974 ἑαυτοῦ
433 1894 660 1992 avenas,
698 1921 795 1974 καὶ
835 1919 928 1972 τὸν
957 1894 1180 1988 Υῑὺντῇ
1207 1894 1421 1988 διανοίᾳ
1445 1916 1797 1987 συμπαρεδιο
1827 1894 1865 1948 Β

180 2013 362 2080 ξατο.
402 2013 466 2066 '0
501 2013 560 2068 δι
598 2012 790 2066 τοῦτον
817 2010 1002 2064 λαϐὼν
1032 2009 1128 2064 τοῦ
1169 2008 1300 2063 Υίοῦ
1324 2008 1416 2062 τῦν
1445 2009 1666 2079 Πατέρα
1690 2009 1792 2062 ούκ

182 2106 594 2175 ἁπεμέρισεν·
623 2104 743 2158 ἀλλ’
771 2101 1087 2165 ἀκολούθως
1133 2101 1233 2171 μὲν
1289 2101 1433 2154 κατὰ
1470 2101 1570 2171 τὴν
1607 2099 1787 2166 τάξιν,

186 2195 580 2266 συνημμένως
606 2194 665 2248 δὲ
699 2195 842 2248 κατὰ
895 2194 996 2265 τὴν
1054 2193 1217 2263 φύσιν
1273 2191 1384 2246 τῶν
1428 2191 1598 2262 τριῶν
1649 2193 1789 2244 κατὰ

183 2287 378 2342 cause
413 2286 930 2357 συγκεκραμμένως
974 2286 1031 2338 ιν
1079 2283 1262 2354 ἑαυτῷ
1300 2283 1399 2355 τὴν
1447 2284 1637 2337 πίστιν
1667 2285 1794 2338 ἀνε-

186 2382 524 2434 τυπῶσατο.
579 2376 692 2432 Καὶ
727 2379 756 2432 6
789 2378 852 2431 τὸ
887 2376 1113 2447 Πνεῦμα
1157 2375 1318 2446 μόνον
1370 2374 1542 2430 εῑπὼν
1577 2393 1791 2447 συμπε-

195 2470 434 2542 ριέλασε
465 2473 533 2541 τῇ
586 2469 852 2541 ὁμολογίᾳ
891 2467 1127 2532 καὶτὸν,
1157 2463 1220 2522 οῦ
1273 2467 1394 2521 εστι
1445 2468 1508 2520 τὸ
1537 2467 1785 2538 Πνεῦμα,

191 2561 318 2616 Καὶ
345 2561 538 2633 licet“)
585 2561 684 2615 τοῦ
744 2559 984 2633 Χριστοῦ
1031 2563 1148 2613 ἐστι
1187 2560 1251 2612 τὸ
1289 2558 1536 2630 Πνεῦμα,
1584 2563 1678 2613 καὶ
1725 2561 1792 2613 εκ

190 2653 300 2708 τοῦ
323 2652 485 2718 Θεοῦ,
517 2653 698 2716 καθώς
733 2670 899 2724 φησιν
925 2654 954 2705 ὁ
993 2651 1340 2718 ’Δπόστολο;,
1371 2650 1560 2721 ὥσπερ
1583 2651 1642 2717 ἐξ
1663 2650 1791 2705 ἀλύε-

196 2762 352 2808 σεως
371 2747 400 2798 ὁ
423 2745 518 2799 τοῦ
543 2746 662 2806 ἐνὸς
684 2746 857 2816 ἄκρου
889 2744 1191 2815 ἁψάμενος,
1209 2744 1303 2797 καὶ
1330 2744 1390 2796 τὸ
1411 2742 1498 2795 ετε
1506 2760 1600 2814 ρον
1620 2744 1792 2814 ἀκρον

197 2838 687 2902 συνεπεσπάσατο,
755 2837 932 2898 οὕτως
987 2838 1016 2887 ὁ
1061 2834 1123 2887 τὸ
1155 2833 1378 2902 Πνεῦμα
1433 2832 1669 2895 ἑλκύσας
1722 2832 1789 2886 δι’

196 2925 379 2980 αὑτοῦ
399 2928 495 2980 καὶ
517 2928 608 2980 τὸν
636 2927 858 2996 Πατέρα
881 2923 978 2978 καὶ
1005 2926 1098 2976 τὸν
1123 2924 1253 2977 Υίὸν
1279 2923 1660 2993 ἐφειλκύσατο.
1682 2924 1791 2978 Καὶ

193 3017 299 3072 τὸν
341 3016 471 3071 Υεδν
492 3017 710 3086 ἀληθῶς
736 3018 790 3069 ει
807 3033 890 3078 τις
921 3015 1083 3085 λάϐῃ,
1117 3015 1228 3080 ἕξει
1254 3013 1419 3066 αὑτοῦ
1445 3014 1790 3084 ἑκατέρωθεν

201 3109 288 3179 πῆ
333 3109 430 3178 μὲν
461 3109 551 3161 τὸν
583 3106 748 3162 αὑτοῦ
798 3109 1039 3177 Πατέρα,
1072 3105 1148 3175 πῆ
1175 3105 1232 3158 δὲ
1271 3105 1331 3158 τὸ
1380 3105 1509 3157 ἴδιον
1567 3103 1792 3173 Πνεῦμα

1896 638 2138 708 ceptioni
2159 679 2175 702 ,
2208 647 2262 692 et
2293 653 2323 692 a
2358 652 2494 694 sana
2525 635 2632 692 lide
2663 636 2876 693 alienus
2910 637 3166 699 aberrat,
3209 635 3339 689 dum
3376 648 3484 690 non

1897 729 2220 788 inviolatum
2253 738 2545 784 conservat
2576 729 2728 784 illurn
2767 727 3017 783 ordinem
3049 725 3486 798 gloriﬁcationis,

1896 836 2062 892 quem
2102 821 2323 892 accepit
2351 821 2644 887 traditum,
2683 819 2780 876 sed
2821 828 2882 874 ut
2925 818 3143 889 placere
3175 819 3348 887 possit
3387 820 3488 872 ho-

1898 913 2170 981 rninibus,
2207 912 2500 968 verborum
2547 913 2652 968 sibi
2697 911 2980 968 adinvenit
3021 910 3313 966 novitates.
3360 926 3381 961 ι
3422 907 3488 966 Et

1897 1006 2090 1078 paucis
2114 1005 2344 1061 annexis
2379 1023 2393 1059 :
2427 1023 2444 1058 r
2484 1005 2672 1076 Usque
2700 1005 2836 1060 adeo
2868 1005 2982 1058 hazc
3009 1003 3076 1059 de
3106 1003 3300 1060 ordine
3326 1002 3489 1058 inno-

1898 1099 2082 1163 vatio,
2119 1097 2294 1167 ipsius
2343 1097 2666 1153 substantia:
2715 1093 3207 1159 annihilationem,
3254 1101 3310 1148 et
3365 1091 3488 1149 ﬁdei

1899 1187 2068 1242 totius
2100 1186 2515 1257 abnegationem
2549 1185 2732 1242 habet.
2758 1185 2938 1256 :Eque
2961 1199 3094 1254 ergo
3121 1183 3350 1254 impium
3378 1192 3487 1246 est,

1896 1289 1951 1333 et
1999 1278 2066 1334 ad
2101 1290 2384 1335 creaturas
2411 1277 2678 1348 Spiritum
2719 1277 3022 1343 deducere,
3056 1284 3112 1330 et
3143 1275 3490 1344 superiorem

1897 1369 2058 1426 Patre
2089 1381 2146 1427 et
2177 1368 2317 1426 Filio
2350 1377 2618 1433 statuere,
2645 1368 2764 1425 sive
2801 1367 2876 1423 sit
2907 1365 3213 1424 secundum
3250 1375 3487 1435 tempus,

1897 1463 2012 1520 sive
2043 1465 2256 1520 ratione
2287 1463 2500 1519 ordinis
2528 1461 2894 1532 srrperioritas
2937 1461 3054 1515 illa.
3099 1477 3118 1510 ι

1972 1553 2116 1609 Idem
2142 1553 2384 1626 epistola
2411 1552 2479 1609 ad
2506 1551 2832 1620 Gregorium
2868 1549 3118 1616 fratrem,
3146 1551 3307 1617 cujus
3337 1551 3488 1623 prin~

1897 1646 2103 1716 cipiurn
2131 1661 2146 1700 :
2184 1662 2203 1696 ι
2237 1642 2376 1699 Cum
2410 1643 2466 1698 in
2499 1641 2745 1714 mysticis
2779 1640 3127 1711 dogmatibus
3161 1641 3490 1697 cnarrandis

1900 1739 2144 1809 plerique
2173 1737 2315 1804 sint,
2351 1738 2444 1806 qui
2491 1737 2638 1807 quod
2674 1735 2825 1791 nullo
2872 1734 3244 1791 discerniculo
3287 1736 3487 1791 distin-

1897 1839 2051 1900 gunt.
2095 1826 2203 1884 Sed
2245 1829 2340 1899 qui
2390 1826 2608 1882 Patrem
2655 1826 2958 1892 intellexit,
2994 1835 3050 1880 et
3090 1823 3288 1880 Filium
3322 1825 3489 1882 simul

1894 1935 1956 1975 ea
1988 1919 2346 1992 intelligentia
2369 1920 2687 1990 complexus
2717 1929 2821 1974 est.
2855 1917 2961 1986 Qui
2994 1934 3125 1975 vero
3150 1919 3297 1974 hunc
3324 1933 3488 1975 acce-

1893 2011 2054 2081 perit,
2080 2008 2346 2080 Spiritum
2383 2027 2413 2065 a
2447 2008 2585 2066 Filio
2617 2026 2725 2065 non
2757 2010 2983 2066 divisit:
3023 2009 3117 2066 sed
3143 2010 3302 2081 juxta
3336 2010 3484 2068 ordi—

1893 2116 2016 2158 nem
2055 2101 2277 2173 quidem
2315 2117 2675 2172 personarum
2720 2109 3142 2172 consequenter,
3176 2101 3329 2172 juxta
3355 2115 3487 2158 vero

1893 2201 2145 2245 naturam
2169 2190 2508 2263 conjunctim
2534 2192 2697 2246 trium
2725 2205 3088 2260 personarum
3109 2189 3270 2267 ﬁdem
3295 2188 3489 2246 eadem

1895 2284 2108 2338 ratione
2139 2291 2606 2352 contemperatam
2644 2283 2698 2336 in
2729 2294 2788 2336 se
2817 2281 2938 2352 ipso
2969 2279 3266 2350 expressit.
3303 2278 3370 2335 Et
3391 2279 3488 2352 qui

1892 2375 1961 2431 de
1985 2375 2192 2446 Spiritu
2228 2375 2347 2430 solo
2380 2374 2645 2444 loquitur,
2680 2372 2846 2429 simul
2876 2373 2984 2428 ista
3017 2371 3390 2437 confessione,
3430 2380 3489 2427 et

1893 2485 2013 2526 eam
2045 2483 2170 2540 qua:
2205 2468 2359 2522 illum
2392 2466 2706 2534 concurrit,
2757 2466 2918 2535 cujus
2959 2465 3200 2535 Spiritus
3241 2471 3326 2520 est
3353 2476 3488 2519 corr-

1889 2562 2095 2633 juuxit.
2121 2559 2187 2615 Et
2213 2561 2476 2630 quoniam
2497 2559 2701 2615 Christi
2731 2557 2969 2629 Spiritus
2999 2567 3102 2620 est,
3127 2561 3266 2612 teste
3290 2555 3484 2620 Paulo,

1891 2661 1948 2708 et
1976 2667 2042 2707 ex
2074 2652 2186 2706 Deo
2213 2660 2318 2712 est,
2351 2651 2408 2704 iit
2439 2659 2498 2704 ut
2537 2648 3001 2720 quemadmodum
3049 2648 3106 2704 in
3149 2657 3361 2712 catena,
3391 2647 3487 2720 qui

1897 2745 2061 2800 unius
2111 2743 2299 2798 annuli
2350 2742 2726 2799 summitatem
2777 2741 3168 2811 apprehendit,
3217 2742 3321 2797 hoc
3368 2742 3487 2809 ipso

1897 2836 2064 2890 simul
2101 2845 2155 2890 et
2190 2838 2422 2890 alterum
2457 2835 2724 2891 inscrtum
2765 2835 3025 2900 attrahit;
3073 2835 3144 2889 ita
3179 2845 3234 2890 et
3265 2835 3354 2890 hic
3385 2835 3484 2905 qui

1894 2925 2160 2996 Spiritum
2187 2927 2376 2991 trahit,
2406 2943 2500 2998 per
2527 2927 2704 2996 ipsum
2736 2936 2790 2980 et
2817 2926 3018 2982 Filium
3051 2936 3105 2981 et
3129 2917 3345 2982 Patrem
3375 2940 3488 2981 una

1894 3018 2058 3073 simul
2089 3019 2394 3074 attraxerit.
2426 3017 2492 3072 Et
2537 3019 2580 3074 si
2617 3018 2743 3088 quis
2775 3032 2901 3072 vere
2929 3015 3130 3070 Filium
3176 3016 3488 3086 apprehen-

1895 3111 2058 3175 derit,
2089 3111 2308 3166 habebit
2334 3122 2391 3166 et
2417 3111 2594 3180 ipsum
2626 3110 2888 3190 utrinque
2911 3109 3040 3164 hinc
3065 3108 3280 3165 Patrem
3308 3107 3481 3174 illius,

196 3199 673 3270 συνεπαγόμενον.
712 3199 786 3251 Ού
850 3199 952 3268 γὰρ
1009 3198 1159 3250 ἐστιν
1208 3195 1499 3266 ἐπινοῆσαι
1546 3196 1719 3265 τομὴν
1747 3195 1781 3263 ἢ

1894 3199 2044 3256 illinc
2083 3198 2346 3272 Spiritum
2375 3208 2625 3256 sanctum
2657 3215 2762 3256 una
2789 3210 3160 3270 compactrrrn.
3185 3197 3302 3256 Non
3331 3201 3481 3257 enim

195 3292 495 3363 διαίρεσιν,
526 3292 602 3355 ὡς
633 3291 666 3361 ἢ
698 3291 824 3345 Υίὸν
879 3291 1049 3362 χωρὶς
1079 3288 1292 3360 Πατρὸς
1330 3288 1612 3360 νοηθῆναι,
1646 3288 1678 3358 ἢ
1720 3289 1782 3340 τὸ

1892 3301 2070 3362 potest
2118 3295 2300 3364 aliqua
2349 3293 2460 3348 ullo
2502 3304 2662 3362 pacto
2705 3292 3004 3360 excogitari
3055 3292 3138 3347 vel
3181 3293 3352 3348 sectio
3397 3293 3485 3351 vel

199 3376 434 3447 Πνεῦμα
469 3377 564 3432 τοῦ
600 3377 728 3431 Υιοῦ
761 3377 1164 3448 διαζευχθῆναι.
1205 3395 1224 3428 r

287 3567 349 3619 ⁸0
384 3565 546 3628 αὐτὸς
574 3566 745 3635 μέγας
783 3566 1066 3628 Βασίλειος
1097 3567 1156 3618 ἐν
1180 3568 1246 3636 τῇ
1297 3566 1432 3635 πρὸς
1483 3566 1784 3621 Εὑστάθιον

195 3658 491 3730 smmis.
525 3653 592 3729 ἧς
623 3661 657 3727 ἡ
687 3657 852 3727 ἀρχὴ.
884 3677 900 3708 ε
942 3659 1082 3721 τοὺς
1112 3658 1143 3727 ἢ
1178 3658 1592 3728 προληφθέντας
1619 3659 1782 3731 έτέρῖί

196 3752 442 3812 πίστεως
476 3749 756 3819 ὁμολογίᾳ,
799 3767 816 3798 ι
859 3750 1024 3819 φησὶν
1067 3751 1148 3802 ὅτι
1207 3767 1225 3798 ι
1267 3749 1496 3817 Φεύγειν
1546 3751 1628 3804 δεῖ
1687 3753 1782 3805 κα)⁸

194 3842 333 3904 τοὺς
359 3841 458 3910 τὴν
494 3841 841 3904 ἀκολουθίαν,
883 3840 950 3908 ἢν
1001 3840 1320 3909 παρέδωκεν
1342 3842 1477 3909 ἡμῖν
1513 3843 1542 3893 ὁ
1571 3841 1779 3913 Κύριος

196 3913 594 4002 ὲναμείσδντας
619 3929 695 3992 ῶς
729 3933 978 4001 φανερῶς
1026 3932 1367 4001 μαχομένους
1403 3934 1468 4001 τῇ
1499 3931 1776 4004 εύσεδεία,

197 4025 300 4080 καὶ
334 4026 458 4078 Υίδν
486 4025 585 4095 μὲν
617 4027 1030 4095 προτάσσοντας
1057 4023 1154 4078 τοῦ
1191 4025 1425 4094 Πατρδς,
1464 4025 1592 4078 Υίοῦ
1619 4027 1675 4080 δὲ
1721 4028 1782 4080 τὸ

202 4116 430 4186 Πνεῦμα
469 4117 529 4169 τὸ
553 4116 708 4184 ἅγιον
739 4115 1117 4187 προτιθέντας.
1163 4134 1182 4166 r

287 4210 347 4262 Ὀ
385 4208 749 4278 Δαμασκηνὸς
780 4209 838 4260 ὲν
867 4208 946 4276 τῷ
995 4205 1055 4260 ιδ’
1087 4207 1199 4263 τῶν
1245 4207 1578 4274 θεολογικῶν
1609 4209 1778 4262 αὐτοῦ

212 4300 517 4372 ιιεφαλαίων
540 4298 678 4367 φησί
705 4314 718 4328 ⁶
758 4317 777 4349 t
817 4297 952 4362 Θεὸς
987 4298 1047 4351 τὸ
1078 4297 1299 4367 Πνεῦμα
1329 4299 1390 4351 τὸ
1421 4298 1578 4366 ἅγιον
1614 4300 1782 4370 μέσον

198 4392 503 4462 ἁγεννήτου
533 4391 628 4444 καὶ
654 4389 941 4458 γεννητοῦ,
977 4392 1069 4441 καὶ
1097 4389 1165 4441 δι’
1195 4389 1324 4442 Υίοῦ
1348 4388 1425 4460 τῷ
1450 4390 1625 4459 Πατρὶ
1657 4407 1783 4444 suv-

199 4484 530 4550 απτόμενον.
563 4499 583 4532 r

1886 3385 2123 3450 divisio,
2162 3394 2220 3440 ut
2261 3388 2375 3441 sive
2415 3385 2586 3440 Filius
2625 3387 2835 3455 absque
2878 3383 3038 3440 Patre
3073 3383 3327 3457 cogitari,
3367 3385 3484 3444 sive

1888 3474 2128 3545 Spiritus
2157 3492 2186 3530 a
2213 3475 2351 3530 Frlio
2377 3477 2592 3546 sejungi
2627 3484 2814 3544 queat.
2858 3495 2878 3527 ι

1958 3565 2104 3620 ldern
2153 3581 2382 3635 magnus
2434 3566 2668 3621 Basilius
2708 3565 2934 3636 cpistola
2984 3568 3051 3620 ad
3096 3565 3478 3638 Eustarhium,

1885 3672 2008 3724 qua:
2057 3657 2295 3726 incipit:
2353 3677 2372 3708 ι
2428 3657 2560 3711 Tam
2604 3657 2679 3711 illi
2731 3658 2822 3727 qui
2877 3658 2983 3712 alia
3039 3660 3301 3714 hactenus
3352 3659 3476 3716 ﬁdei

1886 3748 2236 3804 confessione
2281 3751 2674 3819 praeoccupati.
2731 3749 2942 3809 Vitaudi
2993 3761 3122 3806 sunt
3167 3760 3223 3805 et
3270 3751 3330 3812 ii,
3381 3751 3474 3818 qui

1886 3832 2130 3893 ordinem
2157 3853 2186 3892 a
2215 3837 2446 3894 Domino
2472 3841 2659 3894 datum
2687 3840 2986 3904 invertunt,
3011 3853 3268 3912 tanquanr
3289 3852 3476 3911 aperto

1885 3929 2102 3983 veritati
2145 3939 2538 3999 repugnantes,
2575 3940 2628 3984 et
2669 3927 3068 3998 FiliumPatri,
3109 3942 3162 3988 et
3205 3931 3474 4005 Spiritum

1887 4026 2135 4072 sanctum
2171 4033 2299 4071 vero
2331 4016 2467 4073 Filio
2498 4029 2840 4089 przrporrunt.
2882 4036 2902 4070 ι

1960 4199 2333 4256 Damascenus
2370 4202 2422 4254 in
2461 4210 2664 4272 quarto
2699 4200 2916 4257 decimo
2950 4201 3126 4272 capite
3165 4201 3474 4272 theologica

1885 4295 2080 4349 scribit
2115 4310 2129 4345 :
2178 4311 2194 4345 ι
2240 4295 2380 4350 Deus
2416 4292 2652 4364 Spiritus
2693 4307 2918 4350 sanetus
2952 4296 3094 4349 inter
3137 4294 3378 4363 genitum
3417 4305 3474 4350 et

1888 4385 2193 4457 ingenitum
2220 4389 2454 4454 medius,
2479 4396 2532 4441 et
2563 4397 2659 4456 per
2686 4387 2884 4442 Filium
2920 4387 3066 4441 Patri
3101 4387 3404 4441 cohwrens.
3448 4406 3468 4438 ι

284 4575 345 4628 Ὀ
371 4572 634 4640 Θεολόγος
664 4573 964 4643 Γρηγόριος
1004 4573 1061 4622 ὲν
1093 4570 1169 4638 τῷ
1221 4571 1264 4640 β’
1312 4569 1422 4622 τῶν
1471 4571 1779 4640 Είρηνικῶν

1961 4567 2261 4638 Gregorius
2298 4568 2608 4641 Tlreologus
2653 4571 3176 4625 oratione‘securrda
3209 4571 3274 4624 de
3310 4570 3469 4634 Pace,

198 4666 347 4720 οὕτω
378 4666 540 4736 φησίν
565 4681 581 4697 ο
647 4683 666 4716 ε
709 4665 862 4718 Οῦτω
901 4663 1226 4732 φρονοῦμεν,
1253 4665 1344 4715 καὶ
1366 4663 1536 4726 οὕτως
1563 4663 1778 4732 ἔχομεν,

201 4759 366 4821 ὥστε,
393 4760 540 4820 ὅπως
569 4759 666 4828 μιν
691 4757 802 4826 ἔχει
833 4756 1009 4809 ταῦτα
1053 4757 1189 4824 πρὸς
1219 4756 1422 4824 ἄλληλα
1456 4755 1693 4824 σχέσεώς
1722 4771 1781 4806 τε

204 4851 302 4904 καὶ
331 4849 558 4915 τάξεως,
591 4848 730 4920 αὐτῇ
753 4849 886 4920 μόνῃ
911 4851 978 4918 τῇ
1005 4848 1196 4917 Τριξιδι
1223 4848 1530 4916 συγχωρεῖν
1555 4846 1781 4912 εἰδέναι,

205 4945 302 4997 καὶ
333 4938 413 5005 οἷς
445 4941 510 4996 ἂν
555 4943 589 5012 ἠ
627 4941 800 5012 Τριὰς
848 4940 1200 5009 ἀποκαλύψαι
1257 4939 1690 5009 κεκαθαρμένοις
1747 4938 1779 5006 ἢ

205 5034 299 5086 νῦν
329 5034 360 5102 ἦ
399 5033 646 5103 ὕστερον.
683 5052 702 5083 r

284 5125 343 5178 '0
371 5125 593 5194 Νύσσης
625 5122 932 5194 Γρηγόριος
980 5123 1035 5173 ὲν
1071 5120 1148 5187 τῷ
1202 5126 1252 5171 α’
1283 5120 1390 5171 τῶν
1430 5119 1565 5188 πρὸς
1611 5119 1778 5172 Εὐνό-

207 5236 330 5287 μιον
374 5215 822 5286 Ἀντιρῤητικῶν,
848 5207 963 5283 οῦή
999 5212 1164 5282 ἁρχὴ,
1204 5231 1220 5261 r
1255 5212 1367 5263 οὐκ
1392 5206 1481 5281 ἧν,
1516 5212 1590 5274 ῶς
1611 5213 1776 5276 ἔοικε,

203 5310 260 5361 τὸ
299 5310 503 5370 πάντας
543 5306 750 5360 ἐθέλειν
774 5306 1106 5374 εὐεργετεῖν,
1163 5323 1180 5352 r
1234 5304 1431 5371 φησίν·
1492 5321 1511 5353 ε
1561 5304 1656 5355 Ἐκ
1686 5303 1778 5355 τοῦ

204 5399 414 5466 Πατρὺς
446 5399 533 5451 διὰ
578 5397 671 5450 τοῦ
717 5394 846 5448 Υίοῦ
895 5395 1031 5465 πρὸς
1088 5394 1146 5445 τὸ
1194 5393 1420 5463 Πνεῦμα
1460 5393 1778 5462 ἀναχωροῦ-

247 5507 326 5542 εν.
375 5509 391 5538 Ι

247 5510 326 5542 εν.
375 5510 391 5538 ι

202 5510 242 5559 μ
293 5580 351 5632 ’0
383 5581 771 5650 Χρυσὸστομος
809 5580 867 5630 ἐν
905 5580 1003 5648 μιᾷ
1031 5577 1139 5628 τῶν
1162 5574 1393 5645 ὁμιλιῶν
1415 5575 1580 5627 αὐτοῦ
1610 5578 1676 5645 τῇ
1701 5578 1779 5637 είς

198 5675 254 5725 τὸ
283 5674 444 5741 ῥητὸν
473 5671 568 5724 τοῦ
606 5670 862 5740 Ἀδραὰμ
888 5669 947 5722 τὸ
981 5669 1162 5736 λέγον,
1193 5687 1210 5721 ι
1240 5669 1344 5730 Θὲς
1373 5669 1472 5736 τὴν
1499 5667 1657 5736 χεῖρά
1683 5683 1777 5718 σου

195 5763 291 5816 ἐπὶ
319 5762 407 5816 τὸν
465 5763 639 5833 μηρόν
699 5779 825 5831 μου,
875 5779 892 5811 r
950 5760 1152 5830 φησίν·
1209 5779 1227 5810 ι
1283 5760 1517 5827 Λέγεται
1559 5759 1668 5827 γὰρ
1701 5759 1777 5828 μὴ

197 5857 340 5921 ἔχειν
366 5853 518 5922 τάξιν
544 5858 576 5926 ἡ
626 5855 819 5926 Τριὰς,
858 5854 956 5922 οὐχ
981 5852 1057 5915 ὡς
1090 5853 1346 5917 ἄτακτος,
1375 5850 1492 5904 ἀλλ’
1516 5851 1590 5913 ὡς
1620 5851 1775 5915 τάξιν

1888 4662 1967 4716 sic
1999 4663 2112 4715 uit:
2157 4681 2179 4714 ι
2213 4662 2286 4715 Ita
2314 4663 2606 4726 sentirnns,
2635 4664 2706 4717 ita
2741 4661 3040 4727 credimus,
3075 4672 3156 4726 ut,
3190 4662 3474 4732 quomodo

1889 4745 2004 4808 haec
2038 4768 2097 4807 se
2132 4753 2368 4807 habeant
2402 4754 2542 4806 inter
2576 4768 2697 4808 sese
2733 4751 2997 4807 relatione
3029 4762 3082 4805 et
3111 4752 3328 4815 ordine,
3368 4751 3470 4821 ipsi

1887 4844 1987 4898 soli
2018 4844 2198 4899 'l‘riadi
2237 4859 2570 4915 cognoscere
2601 4847 3002 4913 permittamus,
3030 4854 3084 4898 et
3114 4845 3317 4914 quibus
3346 4843 3473 4898 Tria

1888 4940 2026 4991 nitas
2048 4938 2367 5005 expurgatis
2391 4937 2507 4991 sive
2539 4951 2706 5002 nunc,
2740 4937 2853 4992 sive
2878 4935 3234 5006 postmodum
3263 4935 3444 4992 revela

1888 5027 2045 5079 verit.
2086 5045 2105 5077 ›

1956 5117 2253 5185 Gregorius
2295 5115 2574 5188 Nyssenrrs
2607 5119 2780 5187 prima
2828 5119 3092 5172 adversus
3137 5117 3469 5176 Eunomiutn

1886 5212 2276 5274 Antirrheticzr,
2309 5227 2427 5279 qua:
2459 5213 2686 5280 incipit:
2725 5231 2742 5262 r
2791 5209 2958 5274 Fieri,
2999 5224 3054 5265 ut
3092 5213 3330 5277 videtur,
3362 5229 3471 5269 non

1886 5307 2086 5367 potest,
2119 5309 2176 5352 ut
2204 5299 2297 5366 qui
2327 5300 2584 5353 omnibus
2613 5301 2747 5352 bene
2781 5301 2999 5362 mereri,
3035 5319 3053 5351 ›
3089 5301 3306 5371 inquit:
3339 5321 3356 5352 ι
3392 5301 3472 5358 Ex

1884 5390 2042 5443 l‘atrc
2074 5405 2170 5458 per
2206 5389 2402 5444 Filium
2443 5391 2509 5444 ad
2544 5389 2808 5459 Spiritum
2847 5393 3214 5461 procedimus.
3258 5412 3278 5444 ι

1953 5579 2381 5650 Chrysostomus
2429 5581 2482 5633 in
2512 5579 2739 5635 lrourilia
2781 5581 2847 5635 ad
2875 5580 3172 5634 Abrahami
3218 5579 3424 5634 dictum
3453 5599 3466 5635 :

1889 5689 1906 5720 r
1942 5668 2089 5724 l’one
2122 5686 2344 5725 manum
2373 5681 2520 5725 tuam
2556 5674 2660 5726 sub
2694 5671 2904 5727 feruore
2934 5687 3080 5735 meo,
3117 5691 3135 5723 ι
3169 5671 3246 5726 ait
3273 5689 3292 5722 ι
3330 5669 3473 5727 Dici-

1885 5772 1975 5814 tur
2005 5764 2151 5815 enim
2173 5777 2298 5817 .nou
2346 5763 2548 5819 habere
2579 5764 2827 5818 ordinem
2870 5762 3144 5828 Trinitas,
3186 5777 3292 5817 non
3323 5763 3472 5832 quod

1885 5850 2194 5908 inordinata
2245 5855 2360 5922 sit,
2411 5854 2504 5911 sed
2553 5854 2700 5924 quod
2749 5855 3000 5912 ordinem
3056 5864 3299 5925 superat.
3342 5873 3360 5907 ι
3407 5853 3474 5909 Et
