4168 6498
668 457 773 519 647

1693 452 1904 514 JOAN.
1945 452 2163 513 VECCl
2204 455 2311 514 Ci’.
2353 450 2875 516 PATRIARCHrBi

3831 455 3939 526 648

671 570 866 642 paucis
917 567 1149 626 annexis
1185 584 1202 623 :
1247 583 1268 620 ’ί
1312 565 1484 639 igitur
1527 565 1838 622 divinarum
1888 579 2249 633 personarum

2370 565 2781 636 inep6aivouaa.
2838 585 2855 617 ι
2895 567 3005 620 Καὶ
3053 569 3172 637 μετ’
3209 568 3367 636 ὀλίγα
3392 585 3404 599 ·
3449 586 3468 620 ι
3516 566 3730 622 οὐκοῦν
3769 570 3802 637 ὴ
3835 583 3939 640 μιν

671 663 811 718 ordo
847 660 1119 733 discretus
1148 673 1180 715 a
1211 661 1421 716 sanctis
1453 657 1793 737 agnoscitur,
1831 656 1923 712 sed
1954 655 2048 726 qui
2089 665 2251 710 natu-

675 767 766 808 ras
798 751 1074 808 discernat
1104 751 1161 808 in
1190 758 1381 811 sancta
1417 747 1617 806 Triade
1657 762 1886 820 prorsus
1916 748 2183 817 rejicitur.
2229 765 2248 798 ι

1201 935 1597 995 EPIGRAPHE
1641 935 1702 993 V.

741 1031 879 1088 Cum
914 1031 1162 1089 nonnulli
1193 1031 1578 1088 contradicunt
1608 1027 1984 1085 asserentibus
2011 1035 2255 1092 sanctos,

671 1127 767 1196 qui
809 1126 1171 1182 decreverunt
1217 1123 1485 1196 Spiritum
1529 1133 1782 1181 sanctum
1821 1138 1948 1180 esse
1983 1137 2051 1179 ex
2097 1110 2260 1180 Patre

673 1233 773 1288 per
803 1217 1029 1282 Filium,
1061 1227 1116 1273 et
1144 1233 1207 1272 ex
1237 1217 1398 1273 Patre
1425 1229 1480 1272 et
1512 1216 1670 1282 Filio,
1706 1231 1771 1270 ex
1800 1214 1974 1284 ipsius
2005 1214 2262 1270 Servato-

671 1311 752 1366 ris
784 1311 953 1366 nostri
990 1311 1219 1365 vocibus
1246 1309 1598 1365 occasionem
1636 1308 1936 1378 arripuisse
1961 1348 1975 1371 ,
2025 1321 2261 1376 eumque

672 1411 790 1455 tum
820 1415 884 1454 ex
917 1400 1228 1454 Patre‘esse
1260 1397 1662 1480 praescripsisse
1689 1435 1704 1461 ,
1739 1396 1884 1467 quod
1919 1393 2176 1450 Servator
2205 1393 2259 1448 in

675 1487 985 1560 Evangeli’ts
1008 1490 1249 1543 dixerit:
1284 1506 1302 1540 ι
1335 1487 1440 1556 Qui
1464 1503 1528 1542 ex
1554 1488 1713 1542 Patre
1736 1486 2062 1556 procedit“,
2097 1503 2116 1537 ι
2146 1494 2262 1541 tum

677 1596 774 1650 per
792 1568 1000 1634 Filium
1030 1588 1086 1634 et
1113 1595 1177 1633 ex
1208 1579 1368 1645 Filio,
1394 1577 1540 1649 quod
1572 1578 1849 1640 Senator,
1875 1586 2016 1631 nunc
2041 1575 2265 1647 quidem

681 1673 946 1743 Spiritum
991 1673 1237 1726 veritatis
1274 1687 1399 1726 eum
1439 1671 1773 1740 compellat:
1820 1685 1965 1725 nunc
2003 1681 2264 1738 corporee

673 1765 829 1820 illum
866 1763 1151 1832 discipulis
1181 1762 1426 1817 insufﬂat
1455 1779 1468 1814 :
1506 1777 1655 1815 nunc
1686 1761 1753 1815 ad
1787 1762 1936 1829 ipsos
1962 1757 2262 1827 discipulos

674 1854 844 1909 dicit:
878 1871 898 1904 ι
937 1853 1010 1908 De
1033 1868 1157 1909 meo
1179 1853 1430 1922 accipiet,
1457 1863 1514 1906 et
1536 1851 1884 1906 aununtlabit
1917 1851 2071 1906 vobis
2109 1852 2191 1906 ":
2234 1870 2254 1903 ι

675 1960 826 2002 nunc
869 1945 936 2000 ad
975 1945 1229 2000 Patrem:
1265 1965 1284 1998 r
1318 1944 1516 2000 Omnia
1560 1958 1681 1999 mea
1729 1952 1822 1998 tua
1869 1955 2028 2010 sunt,
2067 1952 2123 1998 et
2160 1951 2253 1997 tua

678 2050 801 2091 mea
827 2036 894 2092 “.
931 2054 950 2087 ι
985 2037 1255 2092 Prazterea
1300 2037 1445 2106 quod
1489 2035 1778 2106 separatim
1819 2034 1978 2089 Pater
2003 2036 2097 2090 dat
2128 2033 2253 2103 Spi-

681 2132 869 2193 ritum,
901 2130 1194 2200 separatim
1223 2143 1354 2183 vero
1388 2127 1578 2192 Filius,
1607 2137 1660 2182 et
1697 2127 1842 2195 quod
1873 2127 2253 2195 suppeditatur

679 2219 771 2276 ille
801 2234 832 2275 a
859 2220 1018 2276 Patre
1040 2235 1136 2290 per
1161 2219 1356 2281 Filium
1386 2234 1493 2274 una
1521 2219 1816 2272 donatione
1841 2229 1895 2270 ct
1923 2233 2026 2271 una
2057 2232 2255 2285 suppe-

682 2312 994 2367 ditatione:
1030 2327 1130 2367 nec
1162 2326 1269 2365 non
1305 2311 1448 2380 quod
1486 2311 1653 2364 Filius
1687 2311 1868 2364 omnia
1901 2309 2042 2363 bona
2080 2309 2257 2363 Patris

678 2404 992 2459 communia
1041 2402 1139 2458 sibi
1192 2402 1388 2468 habet,
1439 2412 1492 2456 et
1535 2401 1681 2471 quod
1730 2417 1836 2455 non
1893 2403 2129 2454 ministri
2171 2412 2261 2452 aut

679 2494 826 2550 servi
858 2494 1045 2558 tnodo,
1079 2493 1170 2549 sed
1206 2493 1386 2563 potius
1420 2492 1743 2546 naturaliter
1772 2501 1825 2547 et
1856 2492 2040 2545 divina
2073 2503 2260 2546 aucto-

678 2591 842 2644 ritate
877 2587 1256 2657 suppeditatur
1306 2585 1464 2640 nobis
1512 2601 1540 2638 a
1591 2585 1751 2648 Filio,
1801 2596 2094 2653 prmsentes
2147 2587 2257 2640 huc

680 2678 951 2748 pericopm
973 2677 1217 2731 collecm
1239 2684 1387 2740 sunt,
1407 2691 1470 2729 ex
1498 2679 1667 2731 sancti
1691 2677 1878 2746 Cyt-ilii
1907 2677 1961 2729 in
1990 2681 2254 2732 Joannem

677 2755 1072 2842 cvatﬁelistam
1103 2768 1466 2838 expositione,
1501 2777 1560 2822 ut
1588 2784 1681 2823 eas
1712 2783 2039 2838 percurrens
2063 2770 2254 2840 digno-

681 2873 832 2924 scat.
875 2879 944 2918 ex
986 2859 1140 2916 hisce
1171 2861 1333 2915 dictis
1370 2860 1703 2928 evangelicis
1735 2861 2083 2916 occasionem
2117 2863 2260 2915 arri-

678 2952 873 3022 puisse
899 2968 1018 3019 eos,
1047 2953 1142 3021 qui
1172 2970 1236 3007 ex
1268 2953 1429 3013 Patre
1462 2969 1558 3022 per
1589 2952 1808 3017 Filium,
1834 2963 1889 3008 et
1912 2968 1976 3008 ex
2012 2956 2170 3008 Patre
2205 2964 2259 3008 et

685 3044 821 3099 Filio
858 3059 980 3100 esse
1015 3043 1279 3116 Spiritum
1317 3055 1563 3098 sanctum
1597 3046 1979 3101 decreverunt.

2359 659 2468 713 τῶν
2502 658 2665 714 θείων
2698 660 3052 714 ὑποστάσεων
3078 660 3576 749 διακριτικὴςτάξις
3603 662 3720 724 τοῖς
3753 662 3939 729 ἁγίοις

2359 751 2672 822 καθέστηκε
2690 751 3011 823 γνώριμος,
3058 755 3095 824 ἡ
3149 753 3206 807 δὲ
3238 752 3456 822 φύσεων
3489 753 3810 826 διακριτικὴ
3839 754 3942 807 ἐπὶ

2358 845 2460 915 τῆς
2493 845 2656 914 ἁγίας
2690 845 2922 918 Τριάδος
2948 845 3280 917 ἀπόϐλητος.
3333 864 3352 898 ι

2907 930 3248 992 ΕΠΠῬᾹΦΠ
3291 939 3366 994 E’.

2445 1023 2663 1096 Ἐπειδή
2695 1025 2802 1078 είσί
2833 1043 2977 1090 τινες
3013 1028 3387 1094 ἀντιλέγοντες
3430 1029 3545 1093 τοῖς
3573 1028 3938 1098 λέγουσινὼς

2361 1118 2410 1170 οῖ
2441 1116 2869 1188 θεολογήσαντες
2893 1118 3040 1188 ἄγιοι
3070 1116 3210 1174 εἶναι
3243 1120 3306 1175 τδ
3328 1119 3556 1192 Πνεῦμα
3589 1126 3650 1177 τδ
3679 1121 3838 1191 ᾅγιον
3874 1111 3939 1177 ἐκ

2364 1207 2577 1274 Πατρὸς
2605 1209 2694 1261 διὰ
2733 1206 2887 1285 Υίοῦ,
2918 1211 3013 1262 καὶ
3033 1208 3098 1262 ὲκ
3132 1209 3349 1282 Πατρὸς
3375 1211 3472 1266 καὶ
3493 1209 3626 1264 Υίοῦ
3666 1210 3729 1276 ἐξ
3757 1209 3941 1265 αὐτῶν

2363 1298 2473 1353 τῶν
2494 1297 2590 1351 τοῦ
2620 1298 2875 1368 Σωτῆρος
2907 1299 3104 1369 φωνῶν
3133 1300 3294 1371 ῑσχον
3316 1303 3415 1366 τὰς
3445 1301 3721 1374 ἀφορμὰς,
3747 1303 3812 1356 τὸ
3840 1303 3942 1374 μὲν

2364 1392 2427 1442 ὲκ
2460 1390 2677 1460 Πατρδς
2695 1392 2968 1465 ὗτιιάρχειν
3002 1392 3137 1446 αὐτὸ
3171 1388 3624 1464 θεολογήσαντες,
3649 1394 3824 1462 διὰτὸ
3848 1395 3945 1448 τὸν

2366 1469 2592 1552 Σωτῆρα
2616 1469 2674 1535 ιν
2703 1483 3053 1551 Εὐαγγελίοις
3087 1487 3282 1552 είπεῖν,
3317 1505 3335 1539 r
3351 1488 3415 1541 '0
3440 1487 3590 1557 παρά
3609 1489 3705 1548 τοῦ
3724 1487 3942 1556 Πατρδς

2365 1577 2746 1644 ἐκπορεύεται,
2787 1595 2808 1628 ι
2843 1575 2904 1630 τδ
2921 1577 2977 1630 δὲ
3005 1577 3094 1631 διὰ
3120 1565 3374 1632 Υίοῦκαὶ
3403 1581 3463 1645 ἑξ
3479 1579 3612 1634 Υίοῦ
3645 1581 3940 1650 ὑπάρχειν,

2364 1665 2452 1718 διὰ
2486 1665 2547 1718 τὸ
2577 1667 2668 1718 τὸν
2692 1666 2856 1720 αὐτὸν
2882 1668 3112 1738 Σωτῆρα
3150 1671 3409 1742 Χριστὸν,
3455 1671 3552 1726 νῦν
3587 1673 3688 1740 μὲν
3711 1673 3946 1742 Πνεῦμα

2364 1756 2624 1824 ἀληθείας
2646 1755 2830 1823 λέγειν
2858 1757 3013 1824 αὐτὸ,
3041 1759 3136 1812 νῦν
3175 1761 3230 1814 δὲ
3256 1762 3589 1831 σωματικῶς
3618 1764 3731 1824 τοῖς
3755 1762 3940 1832 μαθη-

2364 1852 2484 1911 ταῖς
2506 1849 2674 1903 αὐτοῦ
2703 1851 2956 1922 ὲμφυσᾷν
2975 1868 2990 1884 ο
3017 1854 3111 1906 καὶ
3142 1853 3239 1906 νῦν
3272 1854 3371 1924 μὲν
3421 1854 3557 1927 πρὸς
3588 1857 3715 1919 τοὺς
3739 1855 3950 1918 αὐτοὺς

2367 1940 2614 2010 μαθητὰς
2633 1939 2814 2008 λέγειν
2839 1942 2921 1994 ὅτι
2943 1960 2964 1992 ι
2998 1942 3091 1994 Ἐκ
3109 1942 3204 1995 τοῦ
3228 1943 3365 2013 ἐμοῦ
3390 1945 3640 2015 λήψεται,
3659 1948 3754 1999 καῖ⁵
3769 1947 3949 2013 ἀναγ-

2366 2033 2514 2098 γελεῖ
2543 2031 2696 2099 ὑμῖν,
2729 2049 2748 2082 ι
2777 2031 2873 2085 νῦν
2899 2032 2956 2086 δὲ
2977 2034 3113 2103 πρὸς
3138 2033 3228 2087 τδν
3254 2033 3496 2105 Πατέρα,
3515 2037 3597 2090 ὅτι
3628 2038 3843 2090 «Πάντα
3873 2037 3948 2091 τὰ

2364 2123 2474 2192 ὲμὰ
2497 2125 2566 2178 σά
2594 2125 2733 2188 ἐστι,
2767 2126 2865 2178 καὶ
2894 2126 2963 2178 τὰ
2987 2127 3053 2179 σὰ
3075 2128 3204 2197 ἐμά.
3240 2142 3260 2179 ι
3286 2128 3480 2181 usust
3506 2131 3600 2182 καὶ
3620 2131 3684 2183 ἑκ
3713 2129 3807 2183 τοῦ
3839 2133 3947 2184 οὐκ

2369 2218 2477 2286 ίδίᾳ
2513 2219 2613 2286 μὲν
2648 2219 2850 2272 διδόναι
2878 2220 2970 2270 τὸν
2997 2221 3217 2286 Πατέρα
3246 2221 3307 2273 τὸ
3345 2219 3590 2290 Πνεῦμα,
3625 2222 3806 2294 ῖδίᾳδὶ
3846 2224 3948 2276 τὸν

2368 2311 2521 2374 Υἱὸν,
2555 2309 2672 2362 ἀλλ’
2695 2313 2767 2362 ἐκ
2797 2309 2896 2363 τοῦ
2949 2311 3309 2378 χορηγεῖσθαι
3346 2297 3480 2365 αὐτὸ
3529 2314 3682 2385 παρά
3726 2315 3947 2385 Πατρὸς

2367 2403 2435 2455 δι’
2464 2401 2596 2455 Υίοῦ
2632 2403 2732 2472 μιᾷ
2759 2402 2904 2455 δόσει
2945 2405 3039 2455 καὶ
3067 2404 3301 2474 χορηγίᾲ
3337 2406 3458 2475 μιᾷ,
3489 2407 3586 2458 καὶ
3633 2407 3698 2458 ικ
3726 2404 3818 2459 τοῦ
3849 2409 3949 2458 τὸν

2369 2495 2500 2548 Υίὸν
2533 2488 2792 2546 κοινωνδν
2837 2495 3056 2547 πάντων
3099 2495 3208 2546 τῶν
3257 2495 3508 2562 φυσικῶν
3557 2493 3779 2566 ἀγαθῶν
3841 2496 3948 2550 τοῦ

2368 2584 2584 2653 Πατρδς
2623 2581 2786 2650 εἶναι,
2823 2586 2920 2638 καὶ
2960 2587 3024 2638 ὲκ
3056 2587 3152 2638 τοῦ
3184 2585 3259 2657 μὴ
3303 2586 3764 2651 διακονικῶςκκαὶ
3799 2589 3950 2656 ὑπη-

2367 2676 2621 2744 ρετικῶς,
2653 2677 2901 2745 φυσικῶς
2923 2678 2979 2730 δὲ
3005 2677 3212 2746 μᾶλλον
3242 2679 3337 2734 καὶ
3362 2679 3488 2734 κατ’
3539 2679 3794 2745 ἑξουσίαν
3828 2678 3947 2734 θεῖ-

2366 2770 2470 2838 κὴν
2494 2769 2856 2838 χορηγεῖσθαι
2892 2770 3024 2840 ὑμῖν
3057 2770 3192 2823 αὐτὸ
3217 2772 3373 2841 παρὰ
3401 2771 3498 2823 τοῦ
3528 2770 3687 2835 Υίοῦ,
3721 2772 3944 2826 συνελε-

2365 2879 2544 2928 γησαν
2576 2864 2634 2915 αί
2680 2861 2954 2931 παροῦσαι
3013 2866 3312 2934 περικοπαὶ
3359 2863 3455 2933 τῆς
3485 2863 3817 2934 πονηθείσης
3862 2865 3944 2936 τῷ

2366 2951 2510 3022 ἁγίῳ
2544 2951 2802 3022 Κυρίλλῳ
2847 2953 3236 3023 πραγματείας
3283 2955 3364 3016 είς
3408 2954 3501 3006 τδν
3548 2952 3946 3024 εὐαγγελιστὴν

2382 3041 2664 3114 Ἰωάννην,
2693 3044 2769 3108 ὡς
2809 3043 2878 3099 ἂν
2909 3046 2937 3098 6
2972 3045 3318 3115 ἐντυγχάνων
3363 3044 3559 3108 αὑταῖς
3591 3042 3944 3112 διαγινώσκοι

678 3142 762 3221 lat.
783 3137 893 3192 τῶν
937 3138 1199 3192 τοιούτων
1242 3137 1622 3204 εὐαγγελικῶν
1673 3139 1890 3208 ῥήσεων
1943 3137 2088 3207 ἔχειν
2147 3138 2246 3201 τὰς
2314 3137 2572 3208 ἀφορμὰς
2622 3137 2750 3202 τοὺς
2820 3136 3254 3210 θεολογήσαντας
3289 3139 3353 3192 ὲκ
3396 3137 3609 3205 Πατρδς
3645 3135 3737 3190 διὰ
3782 3134 3944 3189 Υίοῦθ

686 3232 785 3288 καὶ
817 3230 880 3283 ὲκ
908 3229 1126 3301 Πατρδς
1158 3232 1254 3282 καὶ
1295 3229 1426 3281 Υίοῦ
1453 3223 1595 3282 εἶναι
1625 3230 1685 3283 τὸ
1716 3229 1942 3300 Πνεῦμα
1975 3230 2035 3282 τὸ
2069 3230 2246 3298 ἅγιον.

757 3323 998 3378 Sanctus
1026 3323 1265 3394 Cyrinus
1298 3321 1639 3391 expositione
1673 3322 1728 3377 in
1759 3321 1990 3379 Joannis
2024 3322 2268 3393 Evange-
2298 3325 2345 3386 ο

680 3415 844 3481 lium,
874 3415 926 3470 in
965 3415 1170 3470 dictum
1199 3433 1214 3470 :
1246 3433 1264 3466 ‹
1303 3413 1367 3469 Et
1400 3430 1500 3485 ego
1525 3417 1733 3486 rogabo
1764 3416 1979 3470 Patrem
2015 3424 2068 3471 et
2095 3417 2260 3470 alium

685 3508 1031 3564 Paracietum
1068 3507 1221 3562 dabit
1255 3508 1410 3561 vobis
1440 3507 1507 3573 ",
1549 3526 1569 3560 ι
1612 3508 1825 3578 inquit:
1865 3527 1883 3559 ι
1925 3508 2105 3561 Alium
2135 3522 2271 3571 ergo

682 3600 1029 3656 Paracletum
1076 3610 1239 3654 vocat
1283 3599 1498 3661 Filius,
1548 3601 1600 3655 in
1649 3601 1867 3670 propria
1913 3601 2266 3656 subsistentia

685 3691 876 3747 volens
899 3691 1052 3745 illum
1079 3689 1332 3760 intelligi,
1357 3699 1676 3761 tantamque
1702 3693 2112 3747 similitudinem
2142 3711 2264 3748 eum

689 3797 758 3840 eo
790 3781 986 3846 habet,
1024 3791 1084 3837 ut
1117 3776 1226 3837 n'on
1260 3782 1418 3836 aliter
1458 3794 1715 3854 operetur
1754 3802 1916 3855 quam
1953 3787 2066 3855 ipse
2102 3785 2269 3839 Filius

690 3883 1040 3944 operaretur;
1091 3875 1229 3928 adeo
1278 3882 1338 3928 ut
1370 3874 1485 3944 ipse
1533 3873 1706 3930 Filius
1745 3889 1871 3931 esse
1911 3887 2190 3946 appareat,
2218 3887 2271 3930 et

695 3965 827 4018 nihil
853 3965 1043 4020 aliud:
1084 3962 1323 4036 Spiritus
1354 3966 1501 4019 enim
1539 3966 1687 4022 illius
1711 3980 1816 4020 εει.
1853 3965 1989 4021 liinc
2026 3969 2267 4022 veritatis

692 4057 844 4112 ilium
877 4057 1138 4127 Spiritum
1186 4060 1541 4127 nuncupavit,
1585 4068 1641 4114 et
1680 4075 1773 4130 per
1799 4060 1911 4128 jam
1942 4070 2068 4115 ante
2105 4076 2273 4130 expo-

693 4148 798 4202 sita
840 4147 1192 4217 semetipsum
1241 4147 1520 4202 veritatem
1569 4163 1689 4204 esse
1734 4147 2116 4204 afﬁrmaverat.
2165 4149 2270 4205 Sed

691 4253 801 4293 non
849 4237 1052 4293 absone
1097 4238 1370 4308 quispiam
1419 4241 1621 4309 dixerit
1649 4237 1797 4306 illis,
1844 4243 1940 4313 qui
1995 4239 2193 4297 Filium
2243 4257 2273 4296 a

693 4329 788 4384 Dei
820 4339 876 4384 et
916 4330 1095 4386 Patris
1137 4333 1374 4386 essentia
1419 4333 1654 4387 alienum
1700 4337 2011 4404 opinantur.
2043 4335 2109 4389 Et
2134 4350 2276 4404 quoa

697 4424 882 4487 modo,
918 4436 1124 4492 quaeso,
1158 4423 1406 4478 veritatis
1431 4425 1689 4494 Sptritus,
1722 4428 1824 4481 hoc
1851 4436 1933 4482 est
1967 4427 2084 4482 Filii
2116 4427 2275 4481 Pater

695 4511 1010 4588 impertttur
1036 4526 1145 4566 non
1176 4512 1252 4566 uti
1283 4515 1659 4584 peregrinum,
1687 4526 1742 4571 et
1777 4503 2034 4583 alienum,
2072 4517 2166 4571 sed
2195 4518 2274 4571 uti

697 4594 1313 4673 propriumSpiritum?
1340 4601 1406 4658 Et
1429 4614 1611 4660 tamen
1641 4608 1941 4661 secundum
1976 4622 2078 4661 nos
2097 4605 2275 4662 deter—

2457 3320 2518 3372 ⁸0
2560 3317 2716 3387 ἇγιος
2741 3313 3016 3389 ΚύριΧλος
3045 3320 3104 3373 ὲν
3132 3321 3198 3392 τῇ
3227 3321 3496 3393 ἑρμηνείᾳ
3529 3321 3621 3376 τοῦ
3647 3322 3790 3378 κατὰ
3829 3319 3946 3378 ’Ῐωυ

2373 3414 2540 3480 άννην
2581 3411 2910 3480 Εὖαγγελίου
2957 3415 3041 3476 είς
3077 3414 3140 3468 τὸ
3197 3415 3363 3486 ῥητὸν
3405 3415 3486 3480 τὸ,
3533 3435 3553 3469 ι
3594 3416 3768 3484 Κάγὼ
3800 3418 3947 3490 ιρω.

2368 3506 2526 3572 στήσω
2568 3503 2660 3557 τὸν
2698 3505 2944 3578 Πατέρα,
3000 3506 3095 3559 καὶ
3158 3505 3320 3562 ἄλλον
3375 3509 3741 3578 Παράκλητον
3777 3509 3947 3578 δώσει

2370 3598 2522 3665 ὑμῖν,
2570 3614 2590 3650 ι
2642 3597 2843 3668 φησιν’
2897 3617 2917 3650 ‹
2991 3599 3185 3652 Ἀλλον
3233 3600 3413 3654 τοίνυν
3462 3600 3822 3672 Παράκλητον
3867 3597 3943 3656 τὲ

2371 3687 2594 3756 Πνεῦμα
2627 3689 2787 3740 καλεῖ
2821 3688 2851 3741 6
2881 3689 3031 3753 Υίδς,
3083 3691 3142 3743 tv
3188 3690 3299 3763 ’ἰδίᾳ
3331 3693 3432 3762 μὲν
3462 3691 3759 3746 ὑποστάσει
3806 3699 3934 3748 vost-

2373 3777 2498 3832 σθαι
2525 3780 2695 3832 θέλων
2721 3780 2879 3844 αὐτὸ,
2903 3780 3180 3852 τοσαύτην
3223 3798 3288 3850 γε
3321 3785 3430 3854 μὴν
3463 3783 3588 3854 ἔχον
3631 3782 3732 3854 τὴν
3763 3784 3910 3855 ὲμφε

2375 3885 2528 3938 ρειαν
2581 3869 2655 3933 ὡς
2712 3870 2851 3940 πρὸς
2904 3871 3091 3937 αὑτὸν,
3134 3873 3230 3926 καὶ
3269 3873 3713 3943 ἀπαραλλάκτως
3766 3872 3933 3928 οὕτω,

2381 3961 2624 4031 ἐνεργεῖν
2656 3961 2866 4031 ἰσχύον,
2893 3962 3040 4034 άπερ
3061 3964 3129 4017 ἂν
3155 3964 3249 4018 καί⁵
3265 3962 3429 4026 αὐτὸς
3469 3963 3718 4036 ὲνεργοίη
3749 3967 3943 4036 τυχὸν⁸

2370 4053 2446 4120 ὡς
2473 4054 2643 4107 αὐτὸν
2667 4051 2806 4108 εῖναι
2847 4057 3028 4110 δοκεῖν
3073 4056 3168 4112 τὸν
3210 4054 3360 4122 Υίδν,
3401 4057 3498 4110 καὶ⁵
3537 4056 3727 4128 ἕτερον
3761 4058 3942 4115 οὐδέν.

2374 4146 2601 4217 Πνεῦμα
2630 4147 2739 4217 γάρ
2761 4147 2911 4201 ὲστιν
2964 4146 3157 4204 αὑτοῦ.
3211 4148 3489 4216 Καῖκηγοῦν
3527 4150 3628 4219 τῆς
3681 4149 3960 4226 ἀληθείας·

2372 4239 2508 4292 αὐτὸ
2539 4239 2897 4308 κατωνόμασε
2926 4239 3174 4310 Πνεῦμα,
3230 4243 3328 4295 καὶ
3369 4239 3458 4296 διὰ
3493 4241 3602 4294 τῶν
3642 4241 3946 4313 προκειμέ-

2373 4348 2480 4383 νων
2523 4315 2717 4386 ἑαυτὸν
2767 4327 2909 4385 εῖναι
2965 4332 3069 4402 τὴν
3096 4331 3361 4402 ἀληθειαν
3406 4332 3602 4402 λέγων.
3645 4333 3789 4387 Ἀλλ’
3828 4333 3946 4406 ἐρεῖ

2374 4437 2457 4482 τις
2487 4419 2716 4485 είκότως
2745 4421 2860 4482 τοῖς
2882 4420 3166 4490 ἀλλότριον
3191 4415 3333 4473 εἶναι
3356 4419 3644 4491 νομίξουσι
3680 4421 3774 4474 τὸν
3814 4421 3944 4476 Υίὺν

2373 4511 2474 4580 τῆς
2498 4509 2593 4564 τοῦ
2611 4511 2754 4567 Θεοῦ
2785 4511 2881 4564 καὶ
2911 4513 3126 4581 Πατρὸς
3146 4511 3358 4575 οὐσίας.
3381 4513 3492 4567 Καὶ
3516 4513 3657 4580 πῶς,
3679 4513 3802 4567 eius
3827 4531 3940 4586 μοι,

2374 4611 2436 4654 το
2467 4601 2566 4671 τῆς
2589 4601 2853 4672 ἀληθείας
2892 4600 3143 4670 Πνεῦμα,
3183 4603 3434 4655 τοοτέστι
3464 4603 3526 4657 τὺ
3557 4603 3654 4657 τοῦ
3702 4603 3834 4657 Υίοῦ
3867 4603 3943 4658 δί-

702 4697 960 4750 tninatam
986 4694 1152 4750 habet
1176 4697 1427 4765 essentia:
1453 4699 1721 4752 rationi-ru
1749 4714 1873 4766 erga
1900 4699 2094 4753 Filium
2119 4719 2132 4755 :
2164 4717 2268 4755 non

2376 4696 2542 4748 δωσιν
2574 4697 2602 4748 ὁ
2632 4695 2821 4781 Πατὴρ
2852 4695 2951 4765 οὐχ
2989 4696 3065 4757 ὡς
3096 4693 3248 4759 ξένον
3361 4694 3665 4766 ἀλλότριον,
3704 4695 3822 4751 ἀλλ’
3865 4697 3945 4760 ὡς

699 4787 853 4842 enim
875 4786 931 4841 in
962 4777 1133 4842 dubio
1169 4787 1398 4841 vertitur
1425 4785 1548 4842 Filii
1581 4803 1800 4859 quoque
1835 4789 2095 4859 Spiritum
2125 4806 2270 4856 esse,

697 4877 988 4944 Quomodo
1043 4886 1235 4933 rursus
1275 4879 1324 4932 si
1381 4877 1590 4934 alienus
1646 4897 1675 4934 a
1731 4882 2037 4937 substantia
2097 4884 2273 4938 Patris

700 4970 871 5025 Filius
902 4971 1018 5037 est,
1052 4969 1233 5026 Patris
1264 4970 1527 5042 Spiritum
1561 4981 1614 5027 ul
1646 4976 1730 5028 sui
1761 4982 2040 5044 proprium
2074 4978 2243 5046 elargi

700 5064 834 5117 tur?
883 5063 1161 5134 Scriptum
1203 5057 1299 5119 est'
1335 5064 1522 5120 etiim:
1573 5085 1590 5117 ι
1640 5064 1938 5122 lnsuﬂiavit
1986 5069 2271 5140 discipulis

700 5155 926 5235 dicens:
976 5151 1222 5225 Accipite
1267 5155 1531 5235 Spiritum
1585 5146 1838 5213 sanctum
1879 5159 1946 5212 ".
2007 5179 2027 5212 ι
2079 5159 2271 5216 Nonne

701 5233 870 5316 igitur.
897 5248 1169 5318 quispiam
1198 5233 1624 5314 existimaverit,
1662 5262 1715 5330 et
1741 5253 1866 5322 jure
1899 5252 2095 5307 merito
2113 5267 2140 5318 ,‘
2162 5253 2272 5307 into

703 5340 879 5407 magis
909 5337 1137 5393 ﬁrmiter
1169 5338 1491 5408 disponetur
1521 5342 1589 5398 ad
1618 5343 1948 5398 credendum
1970 5382 1987 5409 ,
2021 5359 2147 5399 cum
2185 5359 2282 5399 na-

703 5438 756 5480 tu
767 5427 963 5482 ratium
989 5427 1111 5493 Dei,
1135 5437 1190 5483 et
1210 5429 1390 5484 Patris
1409 5431 1679 5486 donorum
1702 5433 1971 5503 particeps
1990 5433 2062 5489 sit
2086 5433 2277 5501 Filiu's,

706 5520 908 5573 habere
935 5517 1200 5588 Spiritum
1234 5518 1328 5574 illo
1356 5521 1546 5575 eodem
1575 5522 1762 5589 modo,
1792 5536 1902 5592 quo
1923 5537 2052 5576 eum
2082 5524 2280 5578 habere

703 5605 862 5665 Pater
906 5609 1261 5681 intelligitur,
1311 5625 1418 5666 non
1463 5612 1820 5668 adventitium
1873 5627 2054 5682 neque
2099 5622 2280 5669 extra-

706 5716 891 5770 neum,
923 5701 1150 5757 stuitum
1195 5701 1344 5758 enim
1370 5709 1489 5769 est,
1534 5713 1698 5774 atque
1743 5703 2014 5760 furiosum
2060 5693 2132 5760 ita
2160 5718 2283 5759 sen-

778 5864 822 5894 “
845 5861 1006 5919 Joan.
1040 5882 1129 5934 xv,
1159 5858 1250 5921 26.
1315 5868 1361 5902 ⁸⁸
1384 5867 1515 5924 iiiid.
1545 5884 1658 5938 ιιι,
1689 5868 1777 5924 Η.
1856 5867 1903 5900 ⁸⁸
1934 5866 2063 5925 ibid.
2097 5882 2226 5935 xvu,
2262 5867 2349 5924 10.

2380 4787 2512 4840 ἴδιον
2542 4780 2790 4856 Πνεῦμα,
2827 4785 3004 4839 καίτοι
3037 4786 3162 4841 καθ’
3217 4779 3360 4858 ὑμᾶς
3408 4786 3780 4858 διωρισμένον
3805 4787 3948 4857 ἔχων

2378 4879 2476 4950 τῆς
2509 4880 2699 4940 οὐσίας
2727 4879 3010 4952 τὸνλόγον
3045 4880 3185 4950 πρὸς
3212 4881 3306 4932 τὸν
3345 4879 3517 4946 Υίόν;
3566 4880 3643 4933 Οὐ
3679 4879 3790 4949 γὰρ
3838 4882 3948 4950 ἁμ-

2379 4971 2604 5039 φίλογον
2631 4971 2838 5025 Busta).
2863 4970 2958 5023 τοῦ
2993 4969 3124 5024 Υίοῦ
3166 4971 3228 5024 τὺ
3271 4969 3501 5041 Πνεῦμᾲ
3537 4973 3679 5027 ἐστι.
3727 4971 3852 5036 Πῶς
3886 4970 3944 5024 δὲ

2377 5061 2448 5116 αὖ
2478 5062 2663 5126 πάλιν,
2697 5062 2856 5133 είπερ
2904 5063 3054 5116 ἐστὶν
3096 5062 3438 5132 ἑτεροούσιος
3464 5066 3495 5119 6
3536 5063 3687 5129 Υίδς,
3741 5065 3802 5117 τὸ
3849 5062 3946 5117 τοῦ

2381 5152 2593 5222 Πατρδς
2630 5153 2854 5223 Πνεῦμα
2872 5153 3089 5207 δίδωσιν
3113 5152 3192 5218 ὥς
3217 5153 3448 5222 ὲαυτοῦς
3485 5155 3807 5226 Γέγραπται
3837 5154 3948 5224 γὰρ

2379 5245 2464 5298 δτι
2494 5245 2798 5315 ἐνεφύσησε
2835 5242 2948 5307 τοῖς
2994 5244 3270 5317 μαθηταῖς
3312 5246 3480 5301 αὔτοῦ
3512 5248 3722 5316 λέγων·
3769 5265 3787 5298 ι
3833 5245 3947 5300 Δά-

2381 5339 2506 5392 6ετε
2537 5328 2765 5410 Πνεῦμα
2795 5339 2975 5408 ᾶγιον.
3011 5359 3031 5392 ι
3071 5340 3196 5411 Ἀφ’
3225 5335 3320 5395 ὀῦν
3345 5330 3445 5394 οὔκ
3475 5340 3721 5411 οιήσεταί
3744 5357 3828 5403 τις
3851 5341 3948 5394 καὶ

2383 5431 2530 5502 μάλα
2556 5431 2806 5498 δικαίως,
2842 5432 3046 5502 μᾶλλον
3066 5433 3124 5486 δε
3151 5436 3248 5488 καὶ
3277 5433 3568 5506 ἀραρότως
3585 5432 3947 5497 διακείσεται,

2379 5526 2485 5590 ὃτι,
2515 5523 2626 5577 τῶν
2654 5523 2751 5578 τοῦ
2789 5524 2930 5577 Θεοῦ
2961 5522 3055 5578 καὶ
3087 5523 3305 5595 Πατρδς
3332 5523 3581 5594 φυσικῶν
3610 5522 3834 5595 ἂγαθῶν
3855 5523 3951 5575 οὐ·

2381 5610 2590 5676 σιωδῶς
2619 5613 2883 5685 ὑπάρχων
2931 5614 3185 5675 κοινωνὸς
3214 5615 3244 5667 6
3273 5613 3424 5680 Υίδς,
3448 5613 3578 5685 ἔχει
3627 5613 3689 5666 τὸ
3721 5611 3952 5680 Πνεῦμα

2381 5705 2527 5758 κατὰ
2550 5703 2740 5759 τοῦτον
2793 5707 2886 5760 τὸν
2908 5706 3136 5784 ίτρόπονς
3177 5707 3303 5760 καθ’
3345 5700 3518 5777 ὅνπερ
3569 5706 3742 5760 νοοῖτο
3792 5704 3886 5759 καὶ
3921 5703 3954 5756 6

2477 5867 2522 5898 "
2546 5866 2705 5924 Joan.
2739 5885 2847 5941 τιν,
2888 5868 2974 5939 16,
3053 5870 3099 5902 "
3121 5867 3277 5926 Joan.
3311 5887 3404 5938 xx,
3431 5869 3535 5954 23._
