4168 6484
287 463 420 528 669

1727 485 2214 549 EPIGRAPHE.

3451 497 3558 561 670

289 581 610 679 :(stltEpiv‘.
657 585 780 679 αλλ’
831 589 895 643 οὗ
917 589 1154 648 δύνασθε
1185 594 1478 667 βαστάζειν
1507 599 1636 671 ἄρτι
1674 620 1688 633 ·
1747 603 1877 656 ὅταν

1980 608 2075 662 sed
2131 622 2238 660 non
2285 606 2528 677 potestis
2561 584 2782 676 portare
2838 606 3002 663 modo
3050 607 3321 679 :quando
3373 619 3556 664 autem

288 671 370 726 σι
401 669 532 744 κλοπ
579 674 809 744 ικεῖνος,
842 679 905 733 ea
940 682 1162 755 Πνεῦμα
1184 684 1286 760 τῆς
1315 669 1597 758 ἀληθείας,
1623 691 1886 760 ὁδηγήσει

291 762 461 835 ὑμᾶς
487 766 570 829 είς
599 769 788 823 πᾶσαν
815 770 1096 841 ἀλήθειαν.
1126 777 1206 829 Οὐ
1232 776 1344 846 γὰρ
1372 777 1598 850 λαλήσει
1629 782 1725 848 ἀφ’
1748 783 1886 835 ’ἑαυο

286 852 408 907 τοῦ
433 854 564 911 ἀλλ’
590 857 691 912 ὃσα
719 857 971 926 ἃκοῦσει,
1035 881 1132 918 και
1187 865 1254 920 τὰ
1271 868 1557 938 ῒρχόμενα
1597 871 1889 938 ἀναγγελεῖ

292 943 466 1016 ὑμῖν.
509 941 661 1018 Ἀρά
707 968 791 1006 σοι
850 954 1021 1025 σαφὲς
1057 943 1119 1010 εδ
1178 959 1477 1029 παροισθέν
1535 962 1656 1015 ἐστι
1683 962 1883 1029 λόγιον,

292 1039 410 1100 καὶ
438 1041 836 1113 προσδέδορκας
857 1046 941 1100 ὅτι
968 1046 1200 1117 ΠνεῦμαΔ
1235 1051 1336 1118 μὲν
1352 1051 1612 1121 ἀληθείας
1633 1053 1883 1123 ὠνόμασε

289 1125 403 1180 τὸν
424 1126 816 1199 Παράκλητονς
845 1132 989 1204 Ἔφη
1040 1138 1242 1205 γεμὴν
1265 1137 1345 1200 ὠς
1391 1140 1640 1208 πρόεισιν
1679 1141 1742 1192 ἐκ
1771 1140 1883 1193 Πα-

289 1210 462 1282 τρδς,
522 1214 628 1269 (Gtc.
663 1215 841 1272 πάντα
868 1218 1086 1284 δεικνὺς
1135 1221 1332 1276 tau-:05
1366 1212 1434 1278 τὰ
1455 1227 1549 1280 τοῦ
1581 1227 1815 1297 Πατρός.
1856 1248 1876 1281 ι

325 1379 332 1385 ’
368 1300 431 1356 '0
459 1304 622 1368 αὐτὸς
653 1309 712 1361 ιν
739 1307 818 1377 τῷ
847 1306 901 1375 ς’
935 1311 1046 1366 τῶν
1078 1315 1216 1384 πρὸς
1256 1314 1520 1386 Ἑρμείαν
1541 1335 1556 1350 ·
1595 1337 1614 1370 ι
1645 1317 1768 1374 Ὀτι
1824 1319 1878 1373 δὲ

293 1393 372 1446 ἐδ
391 1393 491 1448 τοῦ
515 1397 727 1466 Πατρδς
774 1400 1004 1474 Πνεῦμα
1051 1405 1275 1477 Πνεῦμα
1302 1409 1438 1461 ὶστι
1473 1408 1568 1464 τοῦ
1599 1408 1756 1469 Υίοῦ.
1783 1410 1882 1462 αὑ-

295 1484 403 1546 τὸς
442 1501 504 1539 σε
549 1487 621 1540 δι’
667 1491 868 1546 ἑαυτοῦ
926 1499 1354 1568 μυσταγωγήσει
1408 1498 1583 1568 λέγων
1643 1516 1656 1533 ·
1707 1500 1878 1568 Ὅταν

294 1572 437 1644 ἔλθῃ
482 1578 511 1629 ὁ
546 1578 920 1652 Παράκλητος,
942 1583 1144 1654 ὃνιγὼ
1189 1588 1396 1661 πέμψω
1427 1589 1557 1657 ὑμῖν
1581 1591 1735 1660 παρὰ
1783 1591 1876 1644 τοῦ

295 1665 522 1736 Πατρδς
563 1670 624 1722 τὸ
652 1671 878 1743 Πνεῦμα
909 1677 1009 1744 τῆς
1039 1678 1317 1748 ἀληθείας,
1369 1682 1398 1735 ὃ
1441 1682 1594 1753 παρὰ
1633 1682 1729 1736 τοῦ
1765 1685 1879 1737 Πα-

294 1755 436 1825 ατρὸς
511 1759 908 1831 ῐκπορεύεται,
988 1771 1217 1834 ἰκτῖνος,
1270 1773 1457 1842 φησὶν,
1529 1777 1895 1846 μαρτυρήσει,

296 1848 439 1918 περὶ
464 1849 622 1917 ίμοῦ.
649 1853 854 1927 Συνίης
883 1857 980 1912 οῦν
999 1861 1148 1926 ὅπως
1176 1862 1253 1927 ὡς
1278 1864 1412 1918 ῑδιον
1470 1865 1870 1934 ἐπαγγέλλεται

293 1937 701 2027 καταπέμψειν
727 1945 861 2012 ἡμῖν
889 1948 951 1999 τὸ
1003 1948 1069 2002 ὲκ
1101 1949 1198 2003 τοῦ
1250 1951 1486 2024 Πατρὸς,
1516 1929 1610 2008 καί,
1632 1929 1871 2027 ⁷Πνεῦμα
1903 1929 1944 1984 Β

299 2024 409 2115 μιν
435 2027 696 2096 ἀληθείας
720 2031 1021 2100 ἀποκαλετ,
1037 2041 1360 2108 προχεῖσθαί
1389 2059 1452 2111 γε
1485 2045 1594 2115 μὴν
1618 2045 1680 2110 ἐξ
1703 2024 1873 2100 αὐτοῦ

274 2113 595 2187 -διωρίσατο
614 2121 709 2174 τοῦ
732 2124 977 2195 Πιατρὺς,
1013 2129 1110 2182 καὶ
1147 2129 1258 2204 μὴν
1286 2132 1369 2187 ὅτι
1405 2113 1500 2187 καί
1529 2113 1873 2207 μαρτυρήσει

293 2209 435 2278 περὶ
465 2210 634 2264 αὐτοῦ
664 2218 1091 2288 προμεμήνυκεν
1109 2238 1126 2288 ;

480 2403 644 2468 αὐτὸς
668 2406 728 2460 ἐν
759 2408 834 2480 τῷ
858 2409 992 2481 πρὸς
1045 2417 1322 2484 μοναστπ
1347 2408 1493 2489 λόγῳ
1524 2420 1711 2486 αὑτοῦ,
1741 2418 1803 2478 οὗ
1838 2426 1871 2494 ἡ

296 2489 470 2562 ἁρχὴ,
537 2513 557 2546 ι
592 2495 667 2550 Τὸ
693 2498 993 2570 φιλομαθὲς
1019 2504 1116 2557 καὶ
1146 2506 1431 2572 φιλόπονον
1473 2509 1570 2580 τῆς
1600 2489 1873 2581 ὑμετέρας

297 2583 523 2652 ἀγάπης
547 2587 695 2654 ἄξιον
727 2585 871 2645 εῐναί
907 2610 1052 2664 φημι
1093 2595 1190 2649 τοῦ
1216 2599 1417 2662 παντὸς
1450 2600 1631 2668 λόγου,
1670 2621 1688 2654 ι
1738 2605 1876 2673 μετὰ

299 2675 483 2730 πολλὰ.
513 2677 679 2751 ἕτερὰ
702 2697 869 2750 φησιν
894 2696 910 2713 ⁸
947 2702 966 2735 ι
1017 2685 1091 2738 Τὸ
1140 2687 1369 2758 Πνεῦμα
1406 2695 1690 2760 προχεῖται
1745 2694 1866 2762 μὲν,

285 2767 472 2837 ,ἤγουν
498 2770 855 2840 ἐκπορεύεται
871 2774 1120 2849 καθάπερ
1147 2779 1256 2832 ἀπὸ
1289 2781 1470 2850 πηγῆς
1488 2781 1582 2834 τοῦ
1613 2783 1750 2836 Θεοῦ
1771 2787 1864 2839 καὶ

297 2857 540 2930 Πατρδς,
582 2867 900 2932 χορηγείται
923 2867 980 2920 δὲ
1006 2870 1072 2941 τῇ
1101 2869 1283 2923 κτίσει
1318 2873 1408 2924 διὰ
1433 2873 1528 2926 τοῦ
1556 2875 1710 2930 Υἰοῦ.
1759 2897 1777 2928 ι

386 2948 448 3041 Ὀ
482 2951 654 3021 μέγας
698 2954 1038 3026 Ἀθανάσιος,
1065 2962 1124 3015 ὲν
1156 2955 1442 3034 ᾖποιεῖται
1475 2966 1709 3033 διαλέξει
1747 2970 1873 3041 Ὄρ-

297 3039 518 3108 θοδόξου
548 3048 643 3098 καὶ
667 3047 1101 3118 Μακεδονιανοῦ,
1129 3054 1261 3124 φησί
1306 3072 1321 3088 ’
1365 3074 1384 3109 ι
1419 3058 1513 3120 Μὴ
1543 3062 1754 3127 γένοιτό
1782 3039 1873 3131 μοι

296 3133 483 3186 είπεῖν
511 3135 803 3205 ἑπίκτητόν
829 3157 879 3192 τι
909 3140 1003 3194 ἐπὶ
1020 3142 1113 3195 τοῦ
1145 3144 1484 3216 Πνεῦματος.
1511 3147 1651 3204 Οῦτε
1676 3152 1785 3223 γὰρ
1808 3155 1869 3207 τὸ

1991 698 2170 753 veniet
2193 699 2284 753 ille
2313 698 2550 768 Spiritus
2574 699 2844 765 veritatis,
2870 699 3092 755 inducet
3124 714 3223 756 vos
3258 701 3312 755 in
3334 714 3553 756 omnem

1986 790 2296 845 veritatem.
2354 789 2472 844 Non
2519 791 2664 853 enim
2720 793 2979 860 loquetur
3024 805 3054 844 a
3114 791 3454 860 semetipso,
3501 800 3555 846 et

1985 890 2211 934 ventura
2247 881 2590 935 annuntiabit
2614 881 2769 936 vobis
2795 881 2860 936 ⁸⁸.
2915 878 3057 937 Num
3115 881 3214 936 tibi
3261 890 3406 951 patet
3456 883 3554 936 ad-

1985 973 2208 1024 ductum
2271 971 2572 1041 eloquium,
2625 980 2680 1028 et
2734 972 3019 1041 aspexisti,
3079 971 3226 1042 quod
3282 971 3546 1041 Spiritum

1983 1062 2205 1131 quidem
2272 1061 2520 1118 veritatis
2585 1063 2888 1118 nominavit
2958 1061 3342 1116 Paracletum?
3404 1059 3554 1115 Dixit

1981 1155 2143 1205 etiam
2169 1166 2292 1206 eum
2323 1152 2617 1222 procedere
2653 1168 2722 1207 ex
2750 1151 2931 1216 Patre,
2963 1152 3180 1221 propria
3222 1166 3322 1207 sua
3365 1152 3551 1208 omnia

1982 1246 2303 1306 ostendens,
2338 1257 2460 1316 quas
2486 1244 2668 1298 Patris
2701 1253 2850 1299 sunt.
2888 1261 2907 1295 ι

2055 1329 2198 1386 Idem
2242 1332 2388 1387 libro
2438 1348 2491 1398 vt
2524 1333 2587 1388 ad
2626 1333 2926 1401 Hermiam,
2960 1334 3139 1404 inquit
3169 1348 3185 1385 :
3227 1351 3246 1384 ι
3283 1332 3548 1403 Spiritum

1980 1432 2160 1478 autem
2222 1423 2401 1479 Patris
2463 1422 2726 1492 Spiritum
2781 1440 2998 1497 quoque
3053 1425 3175 1479 Filii
3236 1439 3381 1489 esse,
3436 1425 3553 1493 ipse

1978 1524 2034 1571 te
2089 1532 2186 1586 per
2230 1518 2584 1588 semetipsum
2637 1518 2892 1576 docebit;
2948 1517 3084 1574 Cum
3138 1518 3325 1585 itaque
3389 1530 3552 1570 vene-

1979 1609 2060 1664 rit,
2105 1608 2417 1665 Paracletus
2484 1624 2645 1680 quem
2718 1624 2820 1680 ego
2878 1610 3088 1664 mittam
3150 1608 3308 1662 vobis
3364 1622 3396 1662 ε
3446 1603 3552 1660 Pa-

1980 1710 2095 1766 tre,
2151 1699 2419 1771 Spiritum
2483 1700 2768 1765 veritatis,
2827 1701 2918 1772 qui
2973 1715 3001 1753 a
3057 1700 3221 1754 Patre
3263 1696 3553 1767 procedit.

1979 1791 2088 1856 ille,
2145 1794 2244 1852 ait.
2307 1791 2680 1845 testimonium
2729 1791 3037 1862 perhibcbit
3082 1790 3149 1845 de
3204 1803 3314 1845 mc.
3378 1787 3553 1842 Audis

1978 1880 2160 1951 itaque
2201 1897 2438 1950 quanam
2485 1882 2698 1936 ratione
2748 1883 2824 1936 uti
2866 1881 3149 1950 proprium
3195 1879 3408 1934 mittere
3447 1892 3551 1931 no-

1976 1969 2104 2033 bis,
2163 1971 2254 2039 qui
2300 1985 2366 2024 ex
2411 1971 2570 2024 Patre
2623 1979 2745 2034 est,
2804 1970 3067 2038 Spiritum
3116 1966 3422 2038 promittit!
3483 1963 3552 2019 Et

1978 2059 2243 2128 Spiritum
2276 2059 2494 2128 quidem
2546 2058 2794 2113 veritatis
2846 2059 3113 2118 nominat,
3168 2053 3374 2110 effundi
3419 2068 3552 2111 vero

1973 2165 2099 2206 eum
2146 2166 2212 2204 ex
2253 2151 2375 2217 ipso
2421 2151 2576 2204 Patre
2622 2149 2973 2209 determinat,
3021 2156 3074 2202 et
3125 2154 3382 2214 praeterea
3424 2156 3547 2196 eum

1975 2245 2043 2301 de
2090 2244 2383 2313 semetipso
2428 2241 2806 2297 testimonium
2848 2238 3250 2310 perhibiturum
3283 2248 3547 2306 praenun-

1978 2336 2150 2392 tiavit.
2195 2355 2214 2386 ι

2046 2427 2190 2482 Idem
2221 2428 2470 2482 oratione
2497 2427 2563 2480 ad
2603 2427 2924 2489 monachos,
2954 2436 3077 2492 qua:
3107 2422 3300 2490 incipit
3325 2435 3340 2472 :
3380 2437 3398 2470 ι
3436 2416 3544 2472 Ve-

1968 2528 2104 2575 strae
2133 2518 2444 2572 dilectionis
2471 2515 2716 2571 discendi
2753 2514 3046 2582 cupiditas,
3086 2520 3142 2567 et
3191 2509 3398 2564 laboris
3431 2517 3551 2563 stu-

1974 2608 2121 2661 dium
2162 2607 2386 2678 dignum
2431 2622 2553 2663 csse
2591 2606 2740 2660 omni
2776 2604 3218 2661 consideratione
3261 2603 3482 2669 reputo,
3523 2615 3542 2648 ι

1976 2709 2101 2770 post
2160 2701 2329 2754 multa
2385 2699 2492 2754 alia
2546 2698 2784 2752 adnectit
2832 2714 2846 2750 :
2901 2713 2921 2745 ε
2960 2693 3199 2762 Spiritus
3250 2688 3551 2746 eﬂunditur

1973 2791 2216 2862 quidem,
2258 2788 2505 2860 procedit
2559 2788 2790 2850 scilicet,
2847 2787 2922 2840 uti
2990 2800 3058 2840 ex
3119 2780 3268 2838 fonte
3331 2776 3441 2836 Deo
3493 2787 3548 2833 et

1973 2883 2159 2944 Patre,
2210 2882 2588 2951 suppeditatur
2627 2895 2757 2934 vero
2805 2878 3073 2934 creaturis
3119 2889 3214 2945 per
3263 2872 3485 2927 Filium.
3522 2890 3542 2922 ι

2047 2974 2269 3045 Magnus
2304 2973 2637 3028 Athanasius
2689 2972 2744 3025 in
2775 2969 3052 3042 colloquio
3087 2965 3390 3023 Orthodoxi
3421 2977 3546 3020 cum

1973 3065 2388 3130 Macedonians,
2425 3063 2558 3119 dicit
2591 3081 2605 3117 :
2643 3081 2663 3115 ι
2700 3061 2856 3117 Absit
2897 3071 2959 3115 ut
2989 3060 3167 3115 dicam
3191 3057 3396 3128 aliquid
3428 3068 3550 3110 esse

1975 3159 2310 3214 adscititium
2364 3162 2417 3212 in
2465 3157 2672 3228 Spiritu
2721 3166 2934 3212 sancto.
2983 3153 3174 3224 Neque
3220 3155 3366 3209 enim
3421 3168 3550 3208 san-

299 3223 480 3322 αγιον,
507 3224 629 3280 οὔτε
660 3227 722 3280 τὸ
752 3229 1048 3304 ἄφθαρτον,
1074 3234 1203 3289 οὔτε
1228 3239 1290 3291 τὸ
1327 3239 1620 3305 ἀθάνατον,
1659 3241 1783 3302 οὔτε
1812 3245 1872 3299 τὸ

1980 3260 2153 3315 ctum,
2219 3263 2398 3318 neque
2459 3247 2897 3317 incorruptibiie,
2975 3261 3152 3311 neque
3214 3243 3546 3306 immortale,

299 3319 533 3388 ἀγαθὸν,
563 3323 688 3377 οὔτε
713 3323 841 3378 ἄλλο
881 3344 933 3379 τι
955 3325 1064 3381 τῶν
1092 3328 1222 3399 περὶ
1247 3329 1340 3384 τὸν
1380 3331 1513 3386 Θεὸν
1559 3335 1874 3406 θεωρουμέ-

295 3429 412 3466 νων
465 3414 611 3482 λέγω
645 3411 786 3471 εἶναι
826 3420 1128 3491 ἐπίκτητον
1181 3421 1278 3476 τοῦ
1318 3425 1473 3491 ἁγίου
1528 3425 1868 3496 Πνεύματος,

297 3504 439 3559 ἀλλὰ
462 3506 624 3574 φύσει
649 3508 828 3576 ἃγιον,
864 3509 1027 3579 φύσει
1049 3513 1346 3582 ἄφθαρτον,
1379 3515 1456 3578 ὡς
1484 3515 1712 3588 Πνεῦμα
1737 3517 1873 3571 Θεοῦ

297 3597 398 3651 καὶ
437 3598 497 3663 ἐξ
531 3599 696 3652 αὐτοῦ
736 3602 1007 3673 πηγάξον,
1047 3605 1226 3658 εῐτουν
1247 3609 1702 3680 ἐκπορευόμενον.
1739 3627 1761 3664 ε

382 3687 443 3744 '0
468 3691 624 3762 ἅγιος
647 3691 914 3761 Κῦριλλος
930 3697 987 3749 ὲν
1014 3697 1096 3751 ἑνὶ
1113 3697 1223 3750 τῶν
1253 3698 1566 3766 κεφαλαίων
1587 3701 1679 3754 τοῦ
1700 3701 1744 3772 β’
1765 3702 1872 3758 τῶν

299 3780 609 3852 Θησαυρῶν
655 3801 859 3852 φησιν’
899 3804 918 3837 ι
975 3789 1087 3857 οὐχ
1117 3787 1311 3852 οὕτως,
1366 3785 1412 3844 ὦ
1457 3791 1747 3861 βέλτιστοι.
1804 3796 1876 3848 τὰ

301 3872 484 3926 πάντα
514 3875 696 3943 φαμὲν
722 3878 788 3928 ὲκ
816 3877 911 3931 τοῦ
935 3877 1096 3944 θεοῦ,
1125 3880 1380 3952 καθάπερ
1405 3885 1500 3938 καὶ
1530 3885 1592 3938 τὸ
1625 3887 1870 3954 Πνεῦμα.

296 3962 376 4015 To
406 3961 507 4032 μὲν
529 3964 637 4034 γάρ
665 3969 782 4018 ἐστι
808 3964 1053 4033 φυσικῶς
1097 3970 1405 4043 ἐνυπάρχον
1460 3976 1555 4029 καὶ
1599 3975 1872 4040 eomas;

298 4055 659 4125 ὲμπεπηγδς,
685 4057 754 4109 ἵν’
787 4056 961 4123 οὕτως
1011 4061 1277 4132 εἴπωμεν,
1328 4063 1423 4116 καὶ
1473 4066 1785 4135 ἁμερίστως
1814 4067 1873 4134 ἒξ

298 4145 470 4199 αὐτοῦ
524 4148 732 4215 προϊὸν,
777 4151 845 4204 τὰ
893 4150 951 4204 δὲ
996 4152 1099 4218 τῆς
1143 4153 1424 4223 ἐνεργείας
1469 4157 1608 4218 ἔργα
1629 4157 1727 4212 καὶ
1757 4176 1874 4211 ποι-

303 4237 522 4306 ἠματι.
1259 4294 1267 4301 .

376 4330 486 4384 Καὶ
537 4331 697 4386 πάλιν
728 4334 789 4387 ὲν
820 4334 964 4406 ἄλλῳ
989 4347 1005 4364 ⁶
1042 4354 1062 4389 ι
1121 4336 1198 4392 Οὐ
1238 4337 1520 4409 διώρισται
1558 4341 1658 4411 τῆς
1686 4342 1875 4405 οὐσίας

299 4422 404 4488 τῆς
434 4418 606 4488 Θείας,
646 4422 762 4475 ἀλλ’
811 4421 871 4487 ἐξ
902 4425 1074 4496 αὐτῆς
1125 4427 1374 4496 φυσικῶς
1428 4429 1868 4500 ἐκπεμπόμενον,

299 4509 431 4580 ὅλην
474 4511 588 4582 ἔχει
635 4511 729 4566 τοῦ
766 4515 978 4587 Πατρὸς
1017 4519 1112 4570 καὶ
1157 4517 1288 4571 Υίοῦ
1315 4517 1414 4589 τὴν
1445 4519 1742 4585 ἐνέργειαν.

1979 3352 2156 3407 neque
2191 3337 2418 3402 bonum,
2457 3350 2634 3404 neque
2674 3334 2874 3404 aliquid
2925 3334 3071 3389 aliud
3103 3349 3171 3388 ex
3202 3334 3345 3389 circa
3382 3332 3548 3386 Deum

1975 3425 2300 3482 examinatis
2347 3424 2468 3478 dico
2516 3436 2640 3476 esse
2683 3421 3020 3477 adscititium
3080 3420 3250 3474 sancti
3289 3417 3550 3488 Spiritus,

1979 3518 2072 3573 sed
2121 3525 2315 3571 natura
2346 3523 2623 3578 sanctum,
2661 3522 2857 3569 natura
2906 3511 3324 3582 iucorruptibile
3358 3519 3443 3565 est
3471 3509 3549 3564 uti

1977 3607 2205 3678 spiritus
2237 3605 2454 3660 Domini
2483 3619 2546 3660 ex
2577 3604 2694 3675 ipso
2711 3605 2990 3667 exsiliens,
3029 3603 3144 3657 sive
3173 3602 3494 3671 procedens.
3523 3620 3541 3652 ι

2052 3698 2286 3761 Sanctus
2328 3696 2564 3767 Cyrillus
2611 3697 2667 3749 in
2721 3710 2830 3749 uno
2868 3710 2936 3750 ex
2979 3693 3252 3763 capitibus
3287 3692 3414 3746 libri
3464 3707 3552 3746 se.

1976 3789 2140 3843 cundi
2195 3787 2645 3848 Thesaurorum,
2710 3783 2788 3838 ait
2839 3800 2916 3839 ιι
2953 3780 3072 3836 Non
3133 3781 3234 3835 hac
3293 3781 3547 3842 ratione,

1975 3894 2009 3934 ο
2041 3877 2256 3946 optimi,
2290 3875 2474 3932 omnia
2515 3875 2746 3931 dicimus
2798 3889 2863 3928 ex
2919 3873 3053 3940 Deo,
3089 3868 3546 3938 quemadmodum

1977 3981 2031 4026 et
2081 3968 2370 4038 Spiritum.
2424 3965 2668 4036 Spiritus
2716 3979 2862 4019 enim
2910 3962 3236 4018 naturaliter
3284 3962 3446 4025 inest,
3497 3971 3546 4015 el

1976 4059 2347 4114 essentialiter
2381 4055 2584 4111 inﬁxus
2616 4063 2719 4117 est,
2752 4065 2812 4108 ut
2845 4053 2921 4107 ita
2955 4052 3221 4117 dicamus,
3254 4060 3309 4106 et
3349 4050 3540 4105 indivi-

1978 4150 2207 4204 sibiliter
2237 4162 2305 4202 ex
2334 4147 2425 4202 illo
2457 4153 2785 4216 promanat;
2823 4143 2941 4199 haec
2975 4152 3156 4197 autem
3208 4151 3338 4197 sunt
3378 4140 3543 4196 actio-

1977 4244 2066 4297 nis
2092 4254 2258 4308 opera
2289 4247 2345 4292 et
2373 4249 2661 4292 creaturae.
2701 4252 2720 4286 ι

2049 4333 2117 4388 Et
2150 4345 2344 4386 rursus
2375 4329 2430 4383 in
2458 4328 2608 4383 alio:
2643 4345 2663 4378 ι
2698 4324 2816 4380 Non
2864 4333 3153 4396 separatur
3191 4339 3221 4379 ε
3249 4323 3429 4379 divina
3461 4339 3545 4378 es-

1977 4422 2174 4486 sentia,
2209 4429 2264 4476 et
2308 4435 2373 4474 ex
2411 4419 2499 4473 illa
2549 4417 2875 4473 naturaliter
2906 4415 3192 4486 egrediens
3233 4415 3546 4468 universam

1980 4517 2034 4570 in
2073 4530 2132 4569 se
2163 4511 2345 4567 Patris
2377 4521 2431 4565 et
2459 4510 2622 4564 etiam
2653 4507 2775 4562 Filii
2806 4509 3077 4563 actionem
3114 4505 3378 4561 continet.
3415 4523 3433 4556 ι

376 4605 481 4657 Καὶ
497 4604 658 4658 πάλιν
686 4609 742 4658 tv
764 4606 906 4677 ἄλλῳ
923 4622 938 4636 ·
960 4625 981 4659 ι
1003 4607 1164 4662 una:
1185 4611 1335 4680 μενεῖ
1361 4610 1459 4678 μὲν
1487 4609 1639 4681 αὐτῷ
1659 4611 1868 4681 κυρίως

2045 4608 2188 4663 idem
2243 4606 2300 4658 in
2335 4603 2443 4658 alio
2479 4618 2495 4655 :
2532 4619 2551 4652 ι
2586 4598 2692 4654 Sed
2751 4599 2992 4654 manebit
3045 4599 3102 4652 in
3137 4598 3256 4668 ipso
3293 4597 3428 4652 illud
3474 4613 3540 4652 ex

301 4695 366 4747 τὸ
400 4695 461 4759 ἐξ
490 4689 572 4757 οὗ,
596 4696 687 4749 διὰ
719 4698 781 4748 τὸ
813 4699 877 4750 εκ
904 4698 1001 4768 τῆς
1036 4694 1403 4763 οὐσίαςτῐναι
1431 4700 1526 4753 τοῦ
1559 4700 1793 4770 Πατρός.
1831 4720 1851 4753 ι

379 4786 490 4839 Καὶ
515 4786 678 4840 πάλιν
693 4781 752 4840 εν
767 4786 912 4859 ἄλλῳ
937 4804 951 4819 ⁸
981 4789 1284 4860 ιΠρόδηλον
1305 4791 1391 4844 ὅτι
1413 4791 1511 4861 τῆς
1533 4778 1684 4854 θείας
1710 4791 1859 4845 ἐστὶν

301 4877 511 4944 οὐσίας,
550 4879 826 4944 οὐσιωδῶς
855 4881 915 4934 ιν
953 4882 1112 4952 αὐτῆ,
1155 4883 1251 4936 καὶ
1297 4883 1358 4949 ἑξ
1387 4883 1559 4955 αὐτῆς
1586 4885 1799 4954 προῑόν.
1846 4901 1867 4934 ο

374 5065 487 5121 Καὶ
511 5065 675 5126 πάλιν
699 5069 758 5122 ἐν
785 5067 967 5139 ἄλλῳ·
998 5086 1020 5121 ε
1071 5067 1203 5122 Ὅτε
1225 5067 1408 5124 τοίνυν
1445 5069 1508 5124 τὸ
1535 5068 1762 5136 Πνεῦμα
1804 5072 1867 5124 τὸ

302 5155 480 5226 ἅγιον,
504 5157 564 5211 ιν
585 5157 618 5226 ἡ
627 5157 720 5227 μίν
746 5156 1060 5228 γενόμενον,
1081 5158 1444 5229 συμμόρφους
1465 5159 1616 5229 ἡμᾶς
1641 5159 1869 5213 ἀποδει-

304 5247 458 5302 κνύει
490 5247 650 5312 Θεοῦ,
675 5248 894 5320 πρόεισι
921 5248 977 5302 δὲ
997 5249 1092 5302 καὶ⁵
1118 5251 1182 5302 ἐκ
1201 5250 1415 5322 Πατρδς
1432 5250 1526 5304 καὶ
1548 5247 1708 5315 Υιοῦ,
1734 5251 1859 5320 πρόο

301 5340 573 5407 δηλονὸτι
608 5339 712 5410 τῆς
742 5339 894 5404 Θείας
926 5341 1078 5395 ἔστὶν
1105 5341 1297 5407 οὐσίας
1322 5340 1603 5406 οὐσιωδῶς
1625 5342 1697 5396 tv
1729 5342 1867 5413 αὐτῇ

302 5430 401 5486 καὶ
425 5430 486 5495 te
513 5431 684 5502 αὐτῆς
711 5431 922 5501 προϊόν.
962 5449 982 5485 ι

380 5521 444 5576 '0
469 5521 634 5586 αὐτὸς
663 5523 722 5576 ὲν
748 5521 827 5593 τῷ
855 5521 992 5591 πρὸς
1020 5523 1316 5592 Νεστόριον
1335 5523 1482 5596 λόγῳ
1503 5527 1676 5594 φησιν
1701 5539 1716 5555 ο
1751 5539 1774 5576 ε
1808 5523 1870 5577 Ei

306 5613 418 5683 γὰρ
447 5613 542 5667 καὶ
563 5614 713 5669 εστιν
736 5619 797 5670 εν
821 5615 1121 5688 ὑποστάσει
1148 5614 1213 5670 τὸ
1247 5615 1474 5686 Πνεῦμα
1514 5615 1681 5687 ίδικῇ,
1734 5613 1868 5670 καθὸ

303 5703 532 5774 Πνεῦμα
555 5704 695 5773 ἐστι,
719 5705 815 5759 καὶ
835 5706 936 5779 οὐχ
965 5708 1091 5772 Υίός
1113 5723 1130 5741 ·
1171 5707 1286 5763 ἀλλ’
1315 5705 1410 5763 οὖν
1462 5705 1748 5780 ἔστινξοῠκ
1777 5707 1870 5761 ἁλ-

375 5859 419 5895 ¹⁸
444 5861 601 5920 Juan.
635 5879 747 5930 xu,
779 5860 869 5926 12,
899 5863 985 5918 15.

1978 4713 2108 4769 quo.
2136 4695 2284 4766 quod
2315 4709 2382 4750 ex
2408 4691 2586 4746 Patris
2615 4691 2851 4746 essentia
2881 4700 2986 4744 est.
3030 4707 3050 4741 ι

2049 4789 2291 4856 itemque
2337 4785 2390 4839 in
2423 4783 2528 4838 alio
2558 4800 2574 4838 :
2613 4801 2632 4834 ι
2665 4780 3015 4836 Manifestum
3066 4788 3152 4834 est
3176 4785 3376 4834 divinm
3426 4794 3545 4836 esse

1975 4880 2227 4936 essentia:
2278 4874 2647 4932 essentialiter
2681 4874 2738 4928 in
2790 4874 2932 4945 ipsa,
2968 4882 3025 4928 et
3071 4888 3138 4927 ex
3169 4872 3290 4943 ipsa
3325 4885 3542 4943 progre-

1976 4971 2154 5025 diens.
2195 4987 2214 5020 ι

2047 5062 2377 5130 Rursusque
2408 5058 2464 5112 in
2498 5056 2606 5112 alio
2639 5075 2654 5111 :
2690 5073 2709 5106 ι
2747 5056 2885 5110 Cum
2920 5054 3103 5124 itaque
3130 5052 3368 5123 Spiritus
3412 5068 3544 5108 san-

1977 5165 2100 5210 ctus
2133 5152 2204 5206 ad
2237 5165 2339 5205 nos
2369 5148 2636 5204 accedens
2671 5147 2982 5202 conformes
3005 5159 3110 5200 nos
3139 5145 3252 5201 Deo
3285 5145 3546 5200 ostende-

1976 5245 2069 5309 rit,
2100 5241 2443 5314 progreditur
2473 5254 2601 5294 vero
2633 5253 2699 5292 ex
2731 5237 2890 5291 Patre
2922 5247 2977 5291 et
3002 5235 3160 5299 Filio,
3192 5234 3543 5314 manifestum

1975 5347 2060 5390 est
2102 5312 2258 5389 illum
2311 5330 2511 5386 divinae
2556 5329 2813 5386 essentia
2860 5342 3008 5392 esse,
3059 5312 3428 5384 essentiaiiter
3487 5328 3544 5382 in

1977 5426 2095 5495 ipsa
2121 5430 2174 5479 et
2201 5438 2267 5477 ex
2297 5423 2414 5491 ipsa
2445 5426 2885 5491 promanantem.
2922 5437 2943 5469 ι

2047 5517 2196 5571 idem
2243 5515 2491 5570 oratione
2542 5512 2611 5567 ad
2646 5510 2957 5571 Nestorium
2988 5511 3113 5568 ait:
3150 5528 3172 5563 ι
3201 5508 3356 5567 Licet
3394 5509 3542 5566 enim

1980 5607 2217 5680 Spiritus
2267 5607 2321 5661 iu
2374 5605 2589 5676 propria
2639 5602 2916 5675 hypostasi
2950 5603 3024 5670 sit
3067 5616 3128 5657 ea
3162 5604 3398 5668 ratione,
3431 5620 3542 5674 qua

1977 5705 2212 5778 Spiritus
2237 5713 2342 5773 est,
2377 5712 2431 5761 et
2455 5718 2563 5760 non
2597 5701 2787 5768 Filius,
2818 5714 2924 5757 non
2954 5701 3079 5759 ideo
3112 5710 3294 5776 tamen
3329 5701 3543 5760 alienus
