4168 6458
673 439 771 504 575

1697 439 1907 501 JOAN.
1951 439 2165 500 VECCi
2205 439 2313 500 ΟΡ.
2358 438 2870 501 ΡΑΤΒΙΑΒΟΗΕ

665 559 723 602 et
767 547 1117 603 annuntiabit
1169 548 1328 604 vobis
1367 549 1435 605 ".
1468 566 1487 600 ι
1547 548 1612 602 Et
1662 544 1868 604 idcirco
1923 546 2240 616 participem

2354 545 2551 612 Βλόγος
2580 563 2595 613 ;
2640 549 2700 600 ὐ
2740 548 3002 618 Ἐρμεῐας
3024 559 3038 575 '
3075 565 3094 597 ι
3125 545 3326 600 Ἔοικε.
3345 543 3491 616 Πλὴν
3523 546 3700 599 ἐκεῖνό
3721 562 3908 614 φασιν.

668 642 858 696 dicunt
915 637 1182 709 Spiritum
1221 638 1360 694 Filii.
1395 657 1414 691 ι
1461 639 1735 694 Sanctus:
1779 658 1798 691 ι
1830 636 2048 692 Ilinime
2075 636 2236 690 absit.

669 732 804 786 Nam
863 731 1010 802 quod
1058 746 1124 786 es
1184 731 1302 795 illo,
1352 741 1406 786 et
1443 731 1498 784 in
1544 731 1660 792 illo,
1703 740 1757 784 et
1789 728 2069 800 proprium
2098 727 2239 797 ejus,

669 824 945 891 quomodo
981 820 1255 890 particeps
1279 831 1427 876 esset
1450 833 1714 888 unquam,
1749 827 1804 872 et
1843 815 2044 886 aquali
2086 813 2242 868 habi-

668 913 861 969 tudine
906 925 1036 968 cum
1074 911 1351 970 extraneis
1398 909 1856 972 sanctificaretur,
1897 915 1961 968 et
2000 907 2239 963 alienum

667 1011 813 1060 esset
836 1000 1137 1057 secundum
1176 1009 1451 1066 naturam,
1497 999 1656 1069 cujus
1695 1006 1752 1054 et
1779 998 2080 1069 proprium
2119 1010 2244 1052 esse

669 1093 870 1153 dicitur
892 1091 918 1146 τ
937 1109 959 1145 ι

741 1364 891 1422 Idem
938 1365 1080 1422 libro
1112 1377 1174 1424 ιιι
1221 1361 1286 1417 ad
1327 1359 1630 1428 Hermlam,
1662 1361 1798 1418 dicit
1835 1378 1852 1418 :
1907 1380 1928 1415 ι
1952 1364 2243 1429 Quomooo

672 1471 781 1514 non
827 1471 1060 1528 prorsus
1099 1457 1242 1512 citra
1272 1456 1520 1513 laborem
1575 1463 1662 1512 est
1684 1469 2043 1526 cognoscere,
2070 1453 2241 1510 Deum

672 1563 825 1617 vere,
852 1556 909 1604 et
931 1563 997 1604 ex
1044 1546 1138 1603 Dei
1171 1557 1227 1602 et
1275 1545 1456 1602 Patris
1484 1547 1721 1604 essentia
1761 1555 1945 1602 ortum
1972 1547 2060 1601 sui
2089 1560 2243 1600 reco-

673 1653 940 1710 gnoscere
968 1636 1194 1705 Filium,
1231 1637 1501 1710 siquidem
1530 1647 1616 1695 est
1641 1648 1701 1694 ut
1742 1637 1909 1704 Deus,
1945 1646 2002 1693 et
2030 1651 2139 1692 non
2163 1636 2242 1691 uti

670 1739 995 1785 extraneum
1044 1729 1323 1801 quidpiam
1352 1728 1658 1785 inhabitare
1687 1731 1742 1784 in
1782 1729 1939 1784 nobis
1981 1727 2241 1795 Spiritum

673 1818 842 1874 illius.
881 1835 902 1870 ι

690 1909 694 1913 ’
740 1911 889 1966 Idem
931 1911 989 1965 in
1041 1909 1231 1967 eodem
1279 1910 1358 1965 ait
1407 1927 1424 1965 :
1475 1926 1496 1962 ι
1532 1907 1638 1976 Qui
1680 1907 1850 1981 igitur
1875 1919 2005 1974 nos,
2050 1907 2147 1978 qui
2191 1907 2246 1962 in

675 2011 823 2057 terra
847 2001 1101 2072 degimus
1140 2000 1424 2057 liliationis
1456 1999 1627 2071 gloria
1669 1999 1957 2064 inaurans,
2005 1997 2247 2067 Spiritus

674 2091 887 2148 scilicet
924 2101 1174 2158 sanctus,
1218 2090 1667 2162 quandoquidem
1702 2086 1822 2143 Filii
1853 2098 1958 2154 est,
1989 2088 2248 2158 operabi-

676 2195 767 2241 tur
799 2184 857 2240 in
898 2183 1038 2239 alios
1070 2183 1414 2247 ﬁliatiouem,
1443 2180 1580 2236 nihil
1623 2194 1751 2234 vero
1779 2179 1926 2234 circa
1968 2193 2092 2234 enm
2120 2194 2248 2249 pro-

677 2277 843 2343 tieiet,
884 2275 1046 2345 cujus
1081 2285 1188 2340 est,
1225 2289 1335 2329 non
1387 2271 1623 2336 infusus.
1685 2285 1863 2340 neque
1899 2269 2107 2326 deforis
2144 2271 2241 2325 ad-

676 2365 921 2428 veniens,
955 2364 1050 2419 sed
1095 2363 1461 2418 essentialiter
1511 2362 1688 2432 ipsius
1735 2361 2028 2424 exsistens,
2061 2370 2115 2415 et
2155 2376 2251 2428 per

680 2456 838 2511 illum
871 2453 1127 2526 profusus
1176 2453 1308 2519 illis,
1353 2452 1447 2523 qui
1472 2452 1620 2524 digni
1660 2460 1793 2507 sunt
1823 2450 1974 2504 illum
2004 2451 2251 2520 accipere

677 2549 736 2602 in
775 2546 1118 2616 beneplacito
1142 2545 1344 2602 Patris.
1394 2563 1415 2598 a

751 2637 896 2695 Idem
921 2638 1119 2693 ibidem
1145 2638 1224 2692 ait
1249 2655 1262 2690 :
1297 2655 1316 2690 ι
1346 2637 1648 2692 Confessus
1677 2645 1760 2691 est
1783 2645 1964 2690 autem
1991 2648 2248 2703 perquam

680 2728 972 2785 manifeste
1027 2728 1247 2783 divinus
1297 2726 1538 2783 Joannes
1591 2726 1755 2782 nobis
1815 2725 2006 2780 dicens
2043 2741 2061 2778 :
2119 2742 2144 2775 s
2180 2724 2254 2778 De

664 2819 1021 2891 plenitudine
1050 2818 1168 2888 ejus
1199 2832 1394 2874 omnes
1428 2833 1525 2872 nos
1551 2818 1862 2887 accepimus
1889 2816 1957 2868 δ’.
1985 2835 2005 2866 ι
2041 2813 2249 2869 Danum

681 2919 863 2967 autem
887 2920 943 2966 et
965 2910 1185 2968 donatio
1212 2909 1474 2980 perfecta.
1495 2907 1660 2965 Estne
1689 2908 1835 2962 aliud
1861 2910 2067 2964 bonum
2094 2908 2253 2976 quid-

682 3004 810 3058 dam
844 3003 1142 3059 secundum
1174 3003 1318 3073 quod
1350 3001 1446 3055 tibi
1476 3001 1710 3064 videtur,
1742 3014 1907 3069 quam
1936 3000 2250 3068 participem

681 3097 801 3152 ﬁeri
823 3096 1059 3167 Spiritus
1109 3094 1325 3150 sancti?
1383 3112 1401 3145 ι
1437 3091 1733 3148 ilermias:
1777 3111 1796 3144 ι
1854 3089 2015 3146 Nullo
2067 3091 2250 3144 modo.

2342 637 2424 690 δτι
2456 637 2689 708 Χριστὸς
2715 636 2818 706 εφη
2847 637 2977 707 περὶ
3007 635 3198 702 αὐτοῦ,
3249 657 3268 689 ι
3321 638 3416 691 ἐκ
3445 637 3543 691 τοῦ
3576 637 3710 707 ἐμοῦ
3746 637 3912 709 ληψο-

2341 741 2454 791 ται,
2490 728 2586 778 καὶ
2619 726 2916 792 ἀναγγελεῖ
2945 725 3093 795 ὑμίν.
3136 744 3154 776 ν
3208 726 3455 796 Μέτοχον
3501 720 3598 779 οῦν
3626 725 3738 796 ἄρα
3774 725 3912 795 φασὶ

2341 817 2403 869 τὸ
2432 815 2662 886 Πνεῦμα
2690 815 2786 870 τοῦ
2818 815 2971 870 Υίοῦ.
3015 834 3036 869 ι
3115 817 3177 870 '0
3219 816 3428 885 Ἄγιος.
3485 834 3507 869 ε
3545 815 3790 870 Ἧκιστά
3819 832 3910 885 τε.

2342 906 2545 962 Πολλοῦ
2580 924 2666 976 γε,
2700 900 2878 979 οίμαι,
2917 906 3019 962 δεῖ.
3055 907 3130 962 Τδ
3168 908 3278 979 γὰρ
3325 906 3385 972 ἐξ
3422 905 3589 960 αὑτοῦ
3620 923 3681 961 τε
3724 907 3820 960 καὶ
3852 907 3913 960 ἐν

2341 997 2613 1069 αὐτῷκαὶ
2642 997 2774 1052 ῐδιον
2801 998 2968 1052 αὑτοῦ
2996 997 3112 1062 πῶς
3149 999 3218 1054 ἂν
3259 998 3425 1053 αὐτοῦ
3458 997 3754 1070 μεταλάχοι
3796 997 3914 1052 πῶ-

2342 1106 2496 1154 ποτε,
2530 1090 2628 1144 καὶ
2655 1091 2714 1145 ἐν
2743 1091 2846 1161 (eq:
2876 1092 2992 1155 τοῖς
3017 1090 3253 1160 θύραθεν
3281 1087 3547 1161 σχετικῶς
3606 1088 3913 1158 ἀγιάζοιτσ,

2343 1180 2439 1234 καὶ
2464 1179 2748 1250 ἀλλότριον
2777 1180 2932 1234 ἐσται
2958 1180 3100 1235 κατὰ
3125 1178 3314 1248 φύσιν,
3347 1174 3410 1233 οδ
3453 1178 3546 1233 καὶ
3601 1178 3736 1233 [διον
3771 1173 3917 1233 εῐναι

2342 1271 2560 1339 λέγεται
2584 1287 2602 1339 ;
2639 1290 2662 1325 ι

2426 1360 2489 1418 '0
2533 1361 2700 1426 αὐτὸς
2725 1362 2786 1416 ἐν
2817 1362 2898 1434 τῷ
2943 1367 2994 1432 γ’
3058 1362 3169 1417 τῶν
3213 1365 3353 1436 προς
3401 1362 3664 1434 Ἑρμείαν
3689 1364 3915 1436 and“!

2348 1468 2369 1502 ι
2414 1451 2540 1516 Πῶς
2582 1453 2648 1506 οὐ
2681 1450 2981 1516 παντελῶς
3016 1450 3406 1522 ἀταλαίπωρον
3446 1453 3602 1518 iactv,
3655 1452 3741 1505 δτι
3784 1450 3921 1515 me;

2344 1541 2562 1613 ἀληθῶς
2600 1542 2699 1597 καὶ
2726 1542 2830 1612 τῆς
2859 1541 2959 1596 τοῦ
2985 1541 3122 1597 Θεοῦ
3154 1545 3250 1597 καὶ
3280 1542 3494 1614 Πατρός
3520 1543 3714 1607 οὐσίας
3754 1542 3925 1597 ua}-

2346 1648 2516 1702 φυσιεν
2540 1635 2568 1685 ό
2591 1621 2741 1696 nec,
2772 1633 2933 1703 ειπερ
2957 1627 3109 1687 ἐστὶν
3135 1631 3214 1696 ὡς
3255 1631 3426 1700 Θεδς,
3444 1633 3540 1686 καὶ
3567 1631 3667 1702 οὐχ
3693 1630 3770 1691 ὡς
3797 1629 3922 1684 ιτεσ

2339 1724 2442 1790 ρόν
2464 1739 2519 1778 τι
2548 1721 2845 1778 κατοικοῦν
2869 1727 2930 1779 ἐν
2958 1725 3090 1794 ὑμῖν
3114 1725 3180 1778 τὸ
3211 1720 3436 1793 Πνεῦμα
3463 1721 3656 1778 αὐτοῦ.
3707 1740 3729 1775 a

2437 1915 2498 1968 '0
2534 1913 2696 1979 αὐτὸς
2719 1915 2776 1969 ἐν
2809 1913 2890 1986 τῷ
2919 1912 3072 1984 αὐτῷ
3099 1928 3303 1986 φησιν⁸
3356 1931 3377 1965 ι
3429 1910 3505 1966 Τδ
3539 1911 3722 1967 τοίνυν
3769 1917 3925 1982 ἡμᾶς

2355 2009 2484 2070 τοὺς
2517 2007 2611 2060 ἐπὶ
2648 2007 2756 2076 γῆς
2793 2008 2866 2077 τῇ
2890 2005 2988 2076 τῆς
3041 2007 3290 2076 υίότητος
3347 2003 3476 2076 δόξῃ
3519 1993 3925 2074 καταχρυσοῦν,

2357 2095 2502 2166 φημὶ
2532 2094 2600 2164 δὴ
2615 2094 2676 2147 τδ
2702 2093 2928 2162 Πνεῦμα
2956 2092 3018 2146 τὸ
3037 2093 3218 2160 θγιον,
3244 2091 3477 2162 ἐπείπερ
3497 2091 3619 2145 ἐστὶ
3638 2089 3737 2146 τοῦ
3764 2088 3923 2153 Υῑοῦ.

2356 2187 2642 2258 ἐνεργήσει
2676 2185 2777 2257 μέν
2800 2186 2877 2250 είς
2900 2185 3126 2256 ἐτέρους
3151 2183 3251 2254 τὴν
3278 2182 3606 2254 υίοποίησιν,
3635 2183 3926 2254 ἀπρακτή-

2357 2293 2441 2333 σει
2468 2277 2528 2330 δέ
2552 2276 2680 2347 περὶ
2708 2275 2800 2329 τὸν
2829 2271 3004 2346 οῦπέρ
3032 2275 3181 2329 ἐστιν
3200 2275 3302 2328 οὐκ
3329 2273 3771 2346 είσκεκριμένον,
3798 2273 3927 2327 οῦτε

2359 2370 2466 2438 μὴν
2495 2367 2695 2432 ἔξωθεν
2728 2364 3108 2434 ἐκπεφοιτηκδ
3126 2382 3176 2431 ς,
3203 2365 3320 2419 ἀλλ’
3356 2363 3636 2428 οὖσιωδῶς
3683 2363 3930 2435 ὑπάρχον

2356 2458 2524 2512 αὐτοῦ
2562 2459 2656 2513 καὶ
2687 2458 2756 2512 δι’
2804 2456 2970 2510 αὑτοῦ
3007 2457 3375 2527 ποοχεόμενον
3407 2457 3522 2520 τοῖς
3567 2455 3709 2511 ἐλεϊν
3754 2455 3930 2522 ἀξίοις

2358 2553 2417 2603 ὲν
2453 2549 2676 2620 εὐδοκία.
2707 2549 2944 2618 Πατρός.
2976 2567 2998 2600 s
3083 2549 3089 2555 ’

2438 2639 2502 2694 'o
2526 2639 2691 2702 αὐτὸς
2715 2638 2873 2708 ἐντῷ
2902 2637 3054 2710 αὐτῷ
3078 2653 3285 2708 φησιν·
3314 2657 3337 2692 ε
3394 2638 3455 2693 Ὅ
3485 2639 3779 2705 θεσπέσιος
3817 2640 3933 2694 ἰω-

2356 2732 2522 2802 ἁννης
2553 2730 2700 2800 λέγει
2783 2749 2801 2782 ι
2846 2731 2942 2782 Ἐκ
2989 2728 3083 2782 τοῦ
3146 2729 3734 2801 πληρώματος-αὐτοῦ
3770 2731 3930 2801 ημεῖς

2357 2825 2564 2886 πάντες
2597 2821 2887 2892 ἐλάϐομεν.
2960 2841 2979 2874 ι
3016 2821 3174 2885 Δόστς
3225 2821 3281 2875 δέ
3328 2822 3530 2894 ἀγαθὴ,
3565 2824 3664 2881 καὶ
3695 2823 3930 2895 δώρημα

2357 2917 2584 2983 τέλειον,
2629 2918 2716 2985 είη
2758 2916 2826 2968 ἂν
2867 2914 3054 2984 ἕτερον
3082 2915 3222 2969 κατὰ
3257 2931 3320 2982 γε
3346 2914 3408 2966 τὸ
3435 2914 3584 2984 αὐτῷ
3599 2930 3683 2968 σοι
3711 2913 3930 2977 δοκοῦν,

2355 3008 2498 3077 πλὴν
2520 2996 2602 3060 ὅτι
2629 3023 2713 3059 τοι.
2762 3007 2823 3059 τὸ
2882 3005 3213 3076 μεταλαχετν
3276 3004 3432 3073 ἁγίου
3484 3006 3849 3076 Πνεύματος;
3901 3024 3922 3058 s

2370 3100 2431 3152 '0
2469 3099 2752 3168 Ἑρμείας·
2816 3115 2835 3148 ι
2886 3096 3176 3166 Οὐδαμῶς.
3232 3115 3252 3148 ι
3302 3096 3362 3150 '0
3405 3096 3617 3167 Ἄγιος·
3654 3116 3676 3150 ε
3737 3097 3931 3168 ’Δθρει

689 3207 708 3240 ι
747 3188 1021 3242 Sanctus:
1061 3203 1081 3238 ι
1119 3183 1349 3240 Proinde
1396 3183 1539 3247 vide,
1588 3184 1838 3246 obsecro,
1866 3189 2028 3235 etiam
2067 3195 2133 3236 es
2169 3180 2250 3234 liis

2358 3192 2424 3261 δὴ
2452 3187 2547 3244 οὖν
2570 3191 2667 3244 καὶ
2702 3190 2789 3244 διὰ
2817 3189 3050 3254 τούτων,
3093 3188 3156 3253 ἐξ
3189 3189 3322 3243 ἰδίου
3358 3190 3726 3260 πληρώματος
3769 3194 3935 3260 epota

684 3280 882 3335 Filium
913 3279 1198 3349 proprium
1229 3291 1389 3331 suum
1424 3276 1650 3330 insitum
1681 3277 1754 3328 ita
1790 3278 1987 3328 utnon
2024 3272 2251 3342 abjicia-

689 3383 802 3436 tur,
864 3370 1126 3440 Spiritum
1166 3377 1442 3433 sanctum,
1489 3382 1587 3438 per
1633 3381 1795 3436 quem
1838 3380 2002 3420 omne
2049 3363 2254 3419 donum

684 3461 915 3525 bonum,
956 3461 1024 3516 de
1051 3476 1149 3515 sua
1183 3459 1523 3530 plenitudine
1559 3458 1867 3512 demisisse.
1908 3475 1928 3507 a

757 3551 905 3608 Idem
956 3551 1097 3605 libro
1132 3566 1206 3606 vn
1259 3551 1326 3605 a.i
1381 3547 1680 3615 Hermiam,
1715 3549 1833 3613 ait;
1871 3567 1889 3598 ι
1931 3549 2008 3602 De
2050 3547 2256 3616 Spiritu

685 3652 866 3697 autem
911 3642 1118 3697 sanctis
1137 3641 1422 3709 discipulis
1465 3639 1595 3693 dicit
1646 3654 1661 3692 :
1717 3657 1736 3689 ι
1795 3637 2028 3703 Quando
2077 3647 2257 3692 autem

685 3735 899 3788 venerit
956 3731 1292 3795 Paracletus,
1351 3731 1592 3800 Spiritus
1640 3733 1908 3800 veritatis,
1953 3746 2114 3802 quem
2160 3746 2260 3800 ego

687 3827 901 3879 mittam
930 3826 1102 3888 vobis,
1133 3833 1189 3878 et
1217 3825 1310 3893 qui
1343 3839 1374 3878 a
1409 3823 1568 3878 Patre
1599 3826 1864 3894 procedit,
1893 3824 1983 3880 ille
2011 3826 2259 3879 testimo-

687 3918 840 3972 nium
892 3915 1196 3985 perhibebit
1245 3916 1313 3969 de
1372 3929 1462 3970 me
1503 3916 1571 3969 ".
1639 3933 1656 3966 ι
1717 3916 1911 3970 Annon
1972 3915 2262 3970 manifeste

687 4009 855 4072 Deus,
884 4007 975 4076 qui
1023 4015 1081 4058 nt
1107 4004 1250 4060 Deus
1276 4006 1529 4074 cognitus
1571 4014 1627 4060 et
1671 4005 1924 4058 habitans
1975 4007 2031 4058 in
2081 4004 2258 4068 nobis,

689 4112 798 4152 non
843 4104 903 4150 ut
946 4109 1195 4150 creatura
1255 4104 1311 4149 et
1355 4094 1564 4149 factura
1595 4134 1610 4160 ,
1670 4105 1724 4150 et
1767 4095 2018 4149 servituti
2063 4105 2262 4148 nostra:

690 4186 969 4249 astrictus,
1002 4185 1095 4239 sed
1121 4185 1332 4238 utliber
1360 4184 1660 4238 secundum
1691 4191 1967 4248 naturam,
2000 4193 2054 4237 et
2091 4183 2262 4252 ipsius

689 4278 938 4332 veritatis
988 4276 1259 4330 cssistens
1318 4273 1581 4342 Spiritus,
1634 4275 1742 4327 imo
1792 4273 1909 4342 ipsa
1962 4275 2259 4328 secundum

697 4368 957 4446 unionem
992 4381 1114 4420 cum
1150 4361 1286 4418 Filio
1333 4363 1557 4419 veritas.
1588 4362 1823 4432 Spiritus
1853 4371 2032 4417 autem
2063 4364 2263 4419 veritas

691 4458 999 4514 secundum
1077 4456 1408 4526 Scripturas.
1479 4452 1652 4509 Porro
1710 4455 1906 4510 veritas
1963 4464 2046 4510 est
2091 4453 2264 4509 Citri—

689 4562 830 4608 stus.
867 4569 886 4603 ι

768 4645 910 4698 Idem
944 4642 1084 4697 libro
1119 4658 1177 4697 in
1211 4643 1278 4698 ad
1323 4642 1602 4697 liermiam
1651 4641 1782 4696 dicit
1829 4657 1845 4694 :
1880 4659 1921 4693 »ι
1955 4641 2058 4696 Sed
2097 4643 2140 4696 si
2177 4651 2260 4695 cst

693 4735 933 4804 desuper
966 4744 1019 4788 et
1055 4748 1084 4787 a
1120 4734 1276 4787 Patre
1337 4748 1500 4787 omne
1533 4732 1736 4786 donum
1779 4729 2101 4800 perfectum,
2133 4747 2260 4800 ope-

691 4837 848 4882 ratLr
881 4841 1007 4881 vero
1043 4841 1231 4881 eorum
1255 4824 1580 4879 divisionem
1608 4821 1778 4877 Filius
1810 4838 1916 4876 non
1951 4825 2109 4875 modo
2147 4838 2262 4876 ser-

690 4921 808 4984 vili,
861 4921 957 4974 sed
1005 4920 1188 4988 putius
1234 4917 1586 4978 auctoritate,
1628 4930 1749 4984 quae
1793 4911 1963 4966 Deum
2014 4912 2261 4977 addecet,

2359 3284 2486 3336 εντα
2510 3282 2601 3334 τὸν
2636 3282 2764 3334 Υίδν
2807 3281 2870 3334 τὸ
2909 3281 3040 3363 [διον
3062 3280 3228 3334 αὐτοῦ
3250 3283 3347 3335 καὶ
3388 3281 3785 3353 ἀνατοοσλήτως
3823 3284 3934 3354 ἐμω

2357 3373 2602 3442 πεφυκὸς
2633 3373 2788 3442 ᾶγιον
2819 3373 3066 3444 Πνεῦμα,
3100 3373 3168 3428 δι’
3204 3369 3268 3429 οὗ
3314 3373 3467 3430 πᾶσα
3489 3375 3635 3439 δόσις
3662 3376 3864 3445 ἀγαθή.
3901 3395 3922 3430 s

2444 3554 2504 3605 Ὀ
2565 3554 2732 3616 αὐτὸς
2773 3554 2831 3606 ἐν
2860 3553 2937 3622 τῷ
2983 3551 3029 3617 ζ’
3079 3553 3188 3604 τῶν
3246 3552 3381 3622 πρὸς
3415 3553 3680 3624 Ἑρμείαν
3711 3555 3918 3625 φησιν’

2367 3665 2384 3696 ι
2426 3647 2560 3715 Περὶ
2591 3646 2648 3699 δέ
2681 3662 2746 3714 γε
2766 3645 2861 3697 τοῦ
2884 3645 3204 3713 Πνεύματος
3260 3647 3374 3707 soi;
3411 3646 3586 3712 ἁγίοις
3632 3645 3930 3717 μαθηταῖς,

2361 3739 2524 3806 φησιν
2555 3752 2568 3766 ο
2630 3755 2649 3789 ε
2711 3737 2880 3789 Ὅταν
2921 3736 2977 3789 δὲ
3030 3729 3160 3804 Imp
3204 3737 3234 3788 ό
3285 3735 3639 3808 Παράκλητος
3716 3738 3777 3793 ὃν
3817 3736 3932 3808 δτὼ

2361 3827 2564 3896 πεμψω
2587 3827 2716 3897 ὑμῖν
2749 3825 2900 3895 παρὰ
2926 3824 3022 3878 τοῦ
3053 3824 3287 3894 Πατρδς,
3322 3826 3385 3878 τὸ
3406 3826 3632 3896 Πνεῦμα
3660 3826 3761 3895 τῆς
3787 3828 3926 3900 ἀλη-

2362 3921 2534 3982 Θείας,
2587 3919 2616 3970 ό
2660 3920 2811 3986 παρὰ
2869 3915 2965 3969 τοῦ
2999 3916 3215 3985 Πατρός
3281 3915 3663 3988 ἐκπορεύεται,
3720 3921 3933 3982 ἐκεῖνος

2365 4010 2708 4080 μαρτυρήσει
2742 4008 2873 4078 περὶ
2930 4010 3094 4075 ἐμου.
3131 4028 3151 4060 ι
3191 4006 3320 4074 'Ap'
3356 4010 3477 4078 οὐχὶ
3520 4007 3654 4072 Θεὸς
3687 4011 3933 4081 ἐναργῶς

2360 4102 2421 4154 τὸ
2451 4101 2527 4164 ώς
2574 4102 2706 4164 Θεὸς
2734 4102 3100 4170 ἐγνωσμένον,
3130 4102 3223 4155 καὶ
3247 4102 3491 4154 ἐνοικοῦν
3533 4102 3690 4171 ἡμῖν,
3716 4104 3816 4173 οὐχ
3856 4103 3936 4166 ὡς

2362 4192 2574 4260 κτίσμα
2633 4193 2728 4245 καὶ
2779 4194 3061 4262 γεννητὸν,
3110 4195 3207 4247 καὶ
3263 4192 3476 4262 δουλείᾳ
3524 4195 3589 4263 τῇ
3634 4193 3758 4246 καθ’
3792 4177 3974 4265 ὑμᾶς·Δ

2364 4285 2705 4352 ἐνεχόμενον,
2745 4283 2861 4335 ἀλλ’
2885 4282 2960 4346 ὡς
2989 4282 3276 4354 ἐλεύθερον
3305 4284 3447 4336 κατὰ
3493 4282 3679 4351 φύσιν,
3709 4289 3804 4337 καί
3832 4285 3936 4359 αῦ-

2364 4375 2466 4445 τῆς
2495 4376 2742 4445 ὑπάρχον
2769 4379 2870 4444 τῆς
2925 4376 3185 4445 ἀληθείας
3220 4376 3467 4447 Πνεῦμα,
3501 4377 3699 4448 μᾶλλον
3752 4378 3811 4432 δέ
3841 4378 3938 4432 καὶ

2365 4467 2504 4520 αὑτὴ
2535 4467 2660 4520 καθ’
2697 4467 2892 4520 ἐνωσιν
2924 4469 3023 4538 τὴν
3064 4469 3201 4536 πρὸς
3241 4467 3332 4522 τὸν
3367 4468 3495 4522 Υίὸν
3528 4468 3758 4539 ἀλήθεια
3795 4472 3938 4524 κατὰ

2299 4544 2339 4598 D
2364 4562 2461 4621 τὰς
2489 4560 2734 4627 ι’ραφὰς,
2760 4559 2989 4629 ἀλήθεια
3021 4558 3078 4612 δέ
3108 4561 3136 4611 ὁ
3166 4560 3420 4628 Χριστός.
3461 4577 3481 4612 ι

2449 4645 2510 4698 '0
2540 4645 2703 4707 αὐτὸς
2742 4647 2800 4698 ἐν
2843 4646 2922 4716 τῷ
2959 4653 3009 4714 γ’
3064 4649 3172 4700 τῶν
3221 4648 3358 4717 πρὸς
3415 4647 3682 4719 Ἑρμείαν
3733 4648 3934 4719 φησιν·

2376 4755 2393 4786 ι
2439 4736 2579 4789 Ἀλλ’
2605 4737 2763 4806 εῐπερ
2801 4738 2949 4791 ἐστὶν
2981 4737 3190 4792 ἄνωθέν
3219 4755 3277 4792 τε
3307 4738 3402 4791 καὶ
3432 4740 3582 4810 παρά
3609 4739 3704 4792 τοῦ
3725 4737 3937 4810 Πατρός

2371 4829 2480 4879 πᾶν
2507 4826 2739 4896 δώρημα
2760 4827 2988 4892 τέλειον,
3019 4829 3233 4897 ἐνεργεί
3285 4826 3341 4879 δέ
3369 4827 3469 4896 τὴν
3502 4826 3706 4899 τούτων
3751 4829 3936 4880 διανο-

2375 4920 2480 4987 μὴν
2513 4918 2573 4969 οὗ
2605 4918 2923 4981 διακονικῶς
2956 4921 2983 4971 ό
3017 4917 3166 4981 Υἱὸς,
3195 4920 3254 4972 ἐν
3293 4917 3515 4995 ἐξουσίᾳ
3546 4918 3602 4970 δὲ
3644 4918 3844 4988 μᾶλλον
3866 4922 3935 4991 τῇ

689 5023 802 5081 quo
838 5010 1001 5080 igitur
1048 5006 1209 5060 modo
1240 5008 1395 5079 longe
1420 5005 1544 5061 erit.
1581 5020 1649 5058 ne
1694 5003 1766 5058 sit
1818 5003 2117 5056 secundum
2164 5016 2251 5053 na-

2367 5008 2682 5076 θεοπρεπεί,
2745 5009 2890 5060 κατὰ
2950 5008 3077 5060 τίνα
3139 5007 3206 5076 δὴ
3251 5005 3360 5076 ἄρα
3411 5005 3601 5060 λοιπὸν
3638 5005 3936 5078 ἁφεστςξει

694 5110 872 5156 turam
923 5099 976 5154 td
1016 5099 1217 5168 ipsum,
1273 5098 1420 5166 quod
1467 5107 1552 5150 est
1597 5096 1750 5149 illum
1805 5108 2067 5164 generans
2121 5092 2251 5148 Deut

2363 5099 2565 5165 τρόπον
2594 5097 2687 5149 τοῦ
2721 5097 2798 5167 μὴ
2829 5094 2969 5150 εἶναι
3006 5100 3151 5168 κατα
3187 5099 3373 5165 φύσιν,
3419 5096 3567 5151 τοῦθ’
3603 5098 3738 5168 ὅπερ
3786 5099 3938 5152 ἐστὶν

693 5194 901 5247 verus!
937 5209 956 5241 ι
2362 5189 2689 5256 ὅγεννησας
2716 5190 2901 5253 αὑτὸν,
2936 5188 3188 5258 ἀληθινὸς
3221 5187 3465 5258 δηλονότι
3487 5188 3638 5252 Θεός.
3679 5207 3699 5240 ι

763 5282 912 5336 ldem
941 5280 1192 5335 oratione
1219 5279 1287 5334 ad
1317 5277 1691 5332 Theodosium
1721 5275 2103 5345 imperatorem
2136 5278 2211 5330 ait
2246 5298 2251 5330 :

2444 5281 2501 5334 Ὀ
2538 5283 2700 5344 αὐτὸς
2743 5285 2802 5335 ἐν
2838 5283 2915 5350 τῷ
2967 5284 3102 5351 πρὸς
3162 5282 3385 5352 βασιλια
3451 5282 3732 5338 Θεοδόσιον
3788 5281 3934 5354 λόγῳ

697 5391 716 5424 ι
759 5372 1154 5444 Baptizantem,
1185 5371 1381 5440 inquit,
1410 5369 1595 5424 Jesnm
1635 5371 1688 5424 in
1717 5369 1861 5438 igne,
1888 5384 1994 5422 non
2021 5369 2251 5423 alienum

2367 5375 2534 5443 φησίν
2561 5390 2574 5404 ·
2611 5392 2629 5424 ι
2677 5375 3014 5440 Βαπτίζοντα
3066 5376 3171 5444 ἔφη
3228 5377 3319 5429 τὸν
3355 5375 3565 5447 Ἰησοῦν
3594 5367 3837 5446 ἐνπυρὶ,
3868 5376 3931 5432 οὐ

693 5467 800 5520 illis
840 5464 935 5534 qui
979 5464 1345 5533 baptizautur,
1381 5462 1645 5532 Spiritum
1689 5463 2100 5526 imminentem,
2138 5476 2251 5515 ser-

2367 5465 2428 5516 τὸ
2478 5464 2759 5534 ἀλλότριον
2810 5469 2921 5529 τοῖς
2960 5466 3384 5537 βαπτιζομένοις
3433 5462 3651 5522 ἐνιίντα
3706 5468 3932 5542 Πνεῦμα

694 5553 785 5607 vili
809 5563 866 5609 et
895 5552 1358 5609 administratorio
1381 5552 1564 5617 modo,
1597 5552 1689 5607 sed
1726 5552 1890 5606 veluti
1933 5553 2100 5606 Deum
2131 5567 2251 5606 cum

2367 5553 2774 5624 δουλοπρεπῶς,
2807 5556 2902 5606 καὶ
2959 5557 3330 5625 ὑπηρετικῶς,
3368 5558 3486 5611 ἀλλ’
3532 5557 3607 5624 ὡς
3645 5557 3778 5620 Θεὸς
3812 5543 3933 5630 μετ’

691 5660 946 5713 suprema
973 5644 1313 5707 auctoritate,
1348 5645 1491 5711 quod
1524 5658 1587 5696 ex
1621 5645 1736 5711 ipso
1769 5651 1871 5709 est,
1895 5653 1948 5697 et
1982 5645 2251 5711 proprium

2367 5645 2616 5707 εξουσίας
2650 5645 2750 5714 τῆς
2777 5646 3035 5700 ἀνωτάτω
3050 5649 3111 5700 τὸ
3142 5649 3202 5712 ἐξ
3223 5649 3385 5702 αὑτοῦ
3410 5652 3502 5704 καὶ
3524 5651 3654 5705 [διον
3686 5651 3876 5708 αὑτοῦ.
3905 5669 3930 5704 a

695 5754 889 5806 tpsms.
927 5757 946 5789 ι

765 5833 806 5863 ⁸³
830 5831 988 5886 Joan.
1025 5847 1130 5896 ενι,
1168 5833 1253 5886 15.
1331 5832 1528 5910 “ibid.
1564 5831 1710 5898 1,16.
1790 5833 1833 5861 ⁸³
1857 5832 1989 5887 ibid.
2025 5850 2132 5900 an,
2166 5834 2256 5887 26.
