4168 6452
708 491 813 587 ιιι-ι

1729 483 1953 544 ἹΟΛΝ.
1996 482 2209 542 \‘ECCI
2247 483 2354 542 ΟΡ.
2397 480 2909 544 ΡΑΤΠΙΑῊΟΗΒ

3860 483 3967 548 ’ΠΒ

708 620 772 661 ex
805 600 1014 674 Spiritu
1056 597 1311 661 alterum,
1345 610 1405 649 ex
1443 602 1532 649 tua
1566 608 1781 665 quoque
1815 592 2082 647 sententia
2120 591 2290 646 Filius

2403 609 2564 661 ματος
2596 592 2803 662 ἓτερον,
2837 592 2923 662 εἵη
2960 592 3025 645 ἂν
3056 591 3192 646 κατά
3225 592 3283 645 σὲ
3316 592 3411 645 καὶ
3439 594 3466 645 ὁ
3496 592 3621 657 Υίδς
3657 592 3716 646 τὸ
3748 592 3966 665 ἀξίωμα

707 691 1061 763 degenerabit
1120 705 1149 743 a
1209 686 1474 759 dignitate
1520 685 2111 758 consubstantialitatis
2155 699 2280 739 eum

708 785 890 844 Patre.
922 782 1027 837 nisi
1057 786 1111 837 et
1140 781 1278 850 ipse,
1308 776 1770 848 quemadmodum
1807 774 1988 843 Pater,
2023 775 2095 829 sit
2125 789 2284 844 gene—

706 891 859 932 rans.
905 872 1104 929 Verum
1139 870 1303 927 sicuti
1347 867 1470 922 Filii
1510 867 1732 937 quidem
1778 867 2020 921 essentia
2062 881 2169 919 non
2200 872 2285 920 est

707 966 1049 1040 generativa,
1096 963 1457 1018 nihilominus
1514 967 1695 1015 autem
1747 957 1919 1015 Filius
1949 975 1979 1013 a
2025 955 2286 1027 dignitate

707 1056 1298 1116 consubstantialitatis
1331 1066 1456 1109 cum
1498 1052 1658 1107 Patre
1697 1067 1807 1106 non
1841 1051 2170 1121 degenerat:
2210 1049 2285 1102 ita

705 1160 761 1217 et
804 1149 1044 1220 Spiritus
1077 1147 1244 1202 alium
1285 1144 1507 1216 quidem
1550 1160 1659 1199 non
1706 1142 1990 1214 producit,
2033 1151 2093 1195 ut
2128 1139 2288 1195 Pater

707 1252 762 1299 et
794 1241 989 1305 Filius,
1018 1240 1337 1311 dignitatem
1368 1248 1548 1293 tamen
1574 1232 2161 1292 consubstantialitatis
2185 1233 2287 1287 ml-

709 1335 856 1389 nime
886 1332 1088 1387 amittit
1120 1332 1203 1385 vel
1242 1328 1517 1384 adulterat
1551 1327 1654 1397 (ο).

1342 1419 1645 1478 TEXTUS.

775 1534 835 1593 9.
872 1535 987 1591 Hoc
1025 1536 1153 1590 item
1189 1532 1516 1587 considera:
1549 1531 1605 1587 Si
1638 1530 1873 1601 Spiritus
1907 1543 1936 1582 a
1965 1528 2126 1582 Patre
2160 1539 2290 1596 pro-

705 1628 907 1686 cedens
949 1626 1110 1680 etiam
1153 1641 1185 1679 a
1230 1622 1371 1678 Filio
1421 1624 1711 1694 procedit,
1750 1636 2004 1691 quaenam
2053 1617 2292 1673 obstabit

708 1718 848 1776 ratio
886 1734 954 1772 ne
997 1717 1311 1771 necessario
1338 1716 1394 1786 (ο
1424 1722 1659 1769 mentem
1692 1726 1837 1767 mera
1864 1711 2071 1767 ebriam
2103 1708 2293 1778 impie-

708 1810 875 1878 tate!)
912 1808 1166 1866 concidat
1196 1806 1641 1863 constantissima
1676 1803 1999 1859 idiomatum
2034 1800 2285 1867 ﬁrmitas,

2378 682 2661 751 φαυλίζων
2690 683 2788 752 τῆς
2818 682 2951 753 πρὸς
2982 682 3073 736 τὸν
3101 683 3319 755 Πατέρα
3338 684 3611 754 ὁμοφυοῦς
3633 684 3963 751 οὖσιὼσεως,

2387 774 2484 827 ἐὰν
2536 774 2611 846 μὴ
2660 776 2801 827 κατὰ
2831 776 2923 827 τὸν
2972 775 3188 846 Πατέρα
3242 778 3409 848 γεννᾷ
3460 777 3554 831 καὶ
3604 778 3810 841 αὐτός·
3851 778 3969 830 ἀλλ’

2385 862 2575 933 ὥσπερ
2602 864 2701 916 οὐκ
2728 862 2843 916 εστι
2873 865 2972 934 μὶν
2997 866 3291 938 γεννητικὴ
3313 868 3346 937 ἡ
3366 866 3457 919 τοῦ
3480 866 3611 920 Υἰοῦ
3634 868 3813 933 οὐσία,
3845 866 3963 922 ἔστι

2373 952 2431 1007 δ’
2463 953 2666 1021 ὅμωςιό
2700 953 2829 1017 Tib;
2858 953 2920 1006 τδ
2949 955 3166 1025 ἀξίωμα
3185 958 3284 1027 τῆς
3310 956 3448 1027 πρὸς
3477 956 3567 1009 τὸν
3597 956 3818 1028 Πατέρα
3842 958 3971 1027 δμο-

2389 1047 2558 1117 φυοῦς
2591 1049 2899 1112 οῦσιώσεως
2930 1050 2992 1103 οὒ
3026 1049 3324 1117 φαυλίζων,
3348 1049 3493 1105 οὕτω
3535 1051 3633 1105 καὶ
3659 1052 3720 1105 τὸ
3750 1050 3975 1122 Πνεῦμα

2388 1140 2448 1193 οὐ
2482 1141 2715 1211 προάγει
2752 1140 2849 1211 μὲν
2881 1142 3070 1212 ιτερον
3094 1142 3167 1205 ὡς
3194 1144 3222 1196 6
3253 1142 3443 1214 Πατὴρ
3470 1142 3565 1197 καὶ
3596 1146 3625 1198 σι
3655 1144 3805 1209 mg,
3832 1145 3898 1198 τδ
3920 1130 3982 1199 δι’

2388 1230 2606 1302 ἀξίωμα
2632 1231 2781 1303 ὅμως
2817 1233 2917 1304 τῆς
2943 1232 3216 1305 ὀμοφυοῦς
3257 1233 3566 1298 οῦστώσεως
3601 1235 3665 1288 οὐ
3694 1236 3970 1305 φαυλίζει.

2990 1420 3378 1476 ΚΕῘΜΕΝΟΝ.

2465 1529 2532 1586 θ’.
2570 1532 2711 1603 Ὅρα
2746 1530 2801 1585 δι
2846 1532 3141 1585 κάντεῦθεν
3163 1550 3181 1566 -
3220 1534 3280 1587 Ei
3310 1533 3403 1586 τοῦ
3439 1534 3651 1606 Πατρδς
3688 1533 3979 1605 ἐκπορευό-

2396 1642 2559 1693 μενον
2608 1625 2669 1675 τὸ
2704 1622 2929 1693 Πνεῦμα
2980 1625 3076 1677 καὶ
3123 1624 3215 1678 τοῦ
3269 1624 3400 1680 Υίοῦ
3456 1625 3839 1697 ὶκπορεύεται,
3896 1626 3977 1687 τίς

2394 1715 2767 1769 ἀντιπεσείται
2821 1714 2977 1783 λόγος
3024 1714 3100 1785 μὴ
3149 1717 3478 1769 καταπεσεῖν
3519 1715 3585 1783 ἐξ
3626 1715 3881 1785 ἀνάγκης
3914 1712 3982 1787 [ὣ

2394 1804 2589 1875 φρενὸς
2636 1808 2873 1876 ἄκρατον
2907 1805 3215 1877 μεθυούσης
3262 1807 3363 1878 τὴν
3408 1806 3731 1879 ἀσέϐειανί]
3775 1807 3838 1860 τὸ
3871 1807 3981 1861 τῶν

709 1914 763 1960 et
804 1902 965 1957 Pater
1010 1900 1305 1969 (propitius
1357 1898 1428 1953 sit
1482 1896 1642 1952 nobis
1691 1903 1745 1951 et
1794 1893 2191 1964 blasphemiam
2234 1891 2290 1946 in

2403 1898 2704 1967 ἰδιωμάτων
2737 1896 3129 1966 ἀμετάπτωτον
3160 1897 3255 1950 καὶ
3279 1898 3308 1950 ὁ
3340 1897 3529 1969 Πατὴρ
3554 1896 3742 1969 [ἵλεως
3769 1898 3815 1951 δ’
3839 1899 3981 1967 ἡμῖν

708 2010 899 2052 eorum
934 1991 1111 2063 capita
1158 1998 1443 2051 convertat
1472 1986 1577 2061 [aL
1605 1988 1659 2043 in
1692 1987 2135 2043 adversariorum
2198 1998 2261 2039 ea

710 2083 849 2157 pita}
872 2097 1105 2153 quorum
1142 2088 1307 2137 causa
1344 2080 1459 2134 haec
1517 2078 1821 2148 loquimur)
1890 2076 2097 2130 nudum
2131 2074 2295 2129 relin-

716 2186 921 2249 quatur
946 2189 1148 2231 nomen
1165 2170 1483 2228 icommuni
1502 2170 1711 2227 scilicet
1727 2168 1874 2224 facto
1900 2167 2158 2221 idiomate
2176 2166 2291 2230 illo,

710 2289 819 2342 quo
841 2274 957 2343 ipse
987 2268 1339 2334 discernitur,
1365 2276 1529 2335 atque
1560 2264 1614 2317 in
1643 2279 1807 2318 unam
1835 2277 2124 2332 personam
2158 2274 2294 2315 cou-

600 2386 606 2395 ν
712 2364 901 2420 tractis
946 2370 1000 2417 et
1044 2358 1293 2416 confusis
1332 2354 1811 2426 (coalescentibus)
1844 2354 2062 2409 duabus
2093 2352 2295 2407 divinis

714 2453 1130 2528 bypostasibus;
1161 2451 1351 2519 sicque
1383 2464 1600 2505 rursum
1632 2456 1874 2515 emerget
1910 2446 2069 2500 nobis
2097 2444 2293 2499 Sabel-

714 2550 859 2613 lius,
929 2547 1040 2600 imo
1100 2551 1405 2598 monstrum
1472 2539 1691 2609 aliquod
1760 2536 2291 2595 semisahellianum.

715 2640 802 2696 10.
843 2636 1027 2713 Neque
1067 2650 1198 2691 vero
1244 2632 1558 2703 generatio,
1595 2647 1717 2701 qua:
1764 2644 1912 2684 nunc
1952 2630 2004 2683 in
2038 2626 2176 2683 Filio
2207 2628 2294 2682 in-

713 2730 978 2800 telligitur
1008 2735 1062 2781 et
1092 2726 1146 2779 in
1180 2722 1582 2793 subterfugium
1620 2718 1977 2775 absurditatis
2008 2718 2294 2787 obiicitur,

710 2822 975 2877 leniorem
1006 2818 1277 2871 ullatenus
1308 2812 1839 2880 tulerabiliuremqne
1860 2808 1935 2878 (ιν)
1959 2809 2293 2878 impietatem

708 2914 874 2967 istam
903 2906 1118 2971 eﬂiciet,
1144 2919 1265 2973 qua:
1295 2905 1347 2958 in
1384 2910 1667 2973 paternam
1704 2900 1951 2968 exsurgit
1986 2898 2293 2968 proprieta-

712 3016 857 3066 tem,
905 3015 1028 3071 quae
1080 2998 1291 3054 scilicet
1334 2995 1559 3050 denotat
1604 2988 1977 3063 processionis
2030 3003 2294 3053 causam;

706 3111 841 3151 cum
874 3094 991 3147 limc
1017 3092 1137 3160 ipsa
1171 3085 1477 3143 secundum
1510 3084 1807 3153 impiorum
1854 3077 2067 3145 fabulas
2089 3077 2144 3129 in
2172 3074 2294 3129 Filii

2400 1993 2485 2060 εἰη
2515 1989 2611 2044 καί
2633 1990 2694 2074 ςεδ
2722 1988 3041 2058 βλάσφημον
3063 1989 3144 2051 εἰς
3165 1987 3263 2052 τὰς
3289 1987 3396 2041 τῶν
3420 1988 3606 2042 αἰτίων
3631 1988 3709 2059 (Ι)
3726 1989 3984 2057 τρέποιτο

2405 2080 2647 2151 κεφαλάς
2674 2079 2716 2151 ἰ]
2742 2077 2895 2149 ψιλὸν
2935 2078 3001 2133 ἀν
3032 2079 3119 2148 εἴη
3148 2080 3597 2149 περιλειπόμενον
3628 2079 3823 2148 ὄνομα,
3871 2096 3987 2133 κοι-

2403 2170 2784 2244 νοποιηθέντος
2810 2172 2910 2243 ἤδη
2944 2170 3038 2225 τοῦ
3077 2170 3575 2243 χαρακτηρίζοντος
3619 2172 3783 2227 αὐτὸν
3834 2171 3984 2225 ἰδιὼο

2406 2266 2726 2337 ματος,-καί
2777 2266 2857 2328 εἰς
2889 2263 2947 2318 ἓν
2996 2264 3287 2336 πρόσωπον
3313 2264 3424 2317 τῶν
3454 2264 3547 2318 δύο
3593 2262 3989 2335 συναλειφομάο

2401 2377 2508 2413 νων
2527 2358 2835 2429 θεαρχικῶν
2858 2358 3210 2412 ὐποστάσεων
3236 2375 3249 2389 ·
3278 2360 3373 2412 καὶ
3397 2359 3799 2430 ἀναϐλαστήσει
3821 2359 3989 2416 πάλιν

2403 2452 2533 2521 ἡμῖν
2549 2451 2792 2505 ὁΣαδίλλ
2802 2469 2880 2515 to;
2893 2451 2993 2521 (2),
3016 2452 3217 2521 μᾶλλον
3241 2454 3299 2507 δέ
3321 2470 3372 2507 τι
3398 2453 3559 2525 τέρας
3577 2455 3764 2525 ἕτερον
3784 2456 3991 2525 ήμισα-

2402 2540 2662 2595 σὲλλειον.
2699 2548 2753 2596 ι’.
2786 2542 2946 2596 Ὀὐδὲ
2976 2543 3083 2613 γὰρ
3106 2544 3216 2597 οὐδ’
3250 2544 3284 2615 ἡ
3322 2544 3467 2599 κατά
3487 2544 3581 2598 τδν
3614 2545 3743 2599 Υἰὸν
3773 2548 3989 2601 ivvenu-

2407 2630 2545 2701 μένη
2562 2632 2677 2685 νυνί
2690 2633 2783 2685 καὶ
2806 2634 3196 2704 προτεινομίνη
3215 2635 3351 2705 πρὸς
3368 2636 3657 2705 ἀποφυγὴν
3670 2636 3765 2689 τοῦ
3783 2640 3992 2706 ἀτοπήδ

2406 2741 2574 2794 ματος
2595 2724 2845 2793 γέννησις
2869 2723 3133 2794 οῦμενουν
3155 2725 3306 2779 οὐδὲν
3328 2728 3684 2797 ἀνεκτότερον
3704 2728 3767 2781 τὸ
3786 2728 3991 2799 δύσφη-

2407 2831 2507 2884 μον
2563 2815 2934 2884 ἀπεργάσοιτο
2983 2814 3076 2869 τοῦ
3131 2817 3400 2886 πατρικοῦ
3456 2818 3779 2888 ἰδιώματος,
3842 2822 3992 2890 λέγω

2401 2904 2467 2974 δὴ
2494 2902 2587 2957 τοῦ
2620 2903 2904 2973 δηλοῦντος
2927 2904 2987 2956 τὸ
3011 2907 3109 2975 τῆς
3139 2906 3521 2977 ἑκπορεύσεως
3560 2910 3731 2962 αίτιον
3754 2927 3769 2941 ·
3794 2910 3991 2964 τούτου

2403 2995 2467 3067 δὴ
2489 2999 2680 3049 τούτου
2713 2997 2855 3050 κατὰ
2886 2995 3016 3059 τοὺς
3039 2996 3148 3048 τῶν
3175 2997 3452 3051 δυσσεὸῶν
3476 2998 3677 3069 μύθους
3706 3002 3786 3064 εἰς
3811 3001 3875 3053 τδ
3898 3000 3995 3053 τοῦ

2404 3084 2537 3139 Υἰοῦ
2568 3086 2935 3156 ἀναχεομένου
2965 3101 3023 3139 τε
3055 3086 3150 3139 καὶ
3180 3086 3599 3157 συνθλιΰομένου
3640 3088 3859 3160 ἰδίωμα·
3894 3105 3997 3143 κα-

712 3186 1040 3243 rcl'undatur
1088 3190 1141 3236 et
1182 3178 1607 3235 commisceatur
1649 3173 2065 3243 proprietatem.
2115 3167 2298 3222 Sectio

2404 3177 2616 3247 τατομὴ
2650 3177 2760 3247 γὰρ
2797 3176 2960 3231 πάλιν
3004 3177 3100 3231 καὶ
3128 3178 3394 3248 διαίρεσις
3430 3179 3525 3233 καὶ
3566 3180 3660 3234 τοῦ
3691 3182 3996 3254 ἀμερίστου

713 3279 859 3335 enim
906 3289 1100 3330 rursus
1145 3278 1198 3327 et
1239 3269 1464 3339 partitio
1508 3276 1676 3336 atque
1718 3264 1939 3319 indivisi
1985 3262 2202 3316 divisio.
2240 3258 2298 3313 Si

2410 3270 2675 3339 μερισμός
2701 3285 2713 3297 ·
2740 3271 2788 3323 εἰ
2825 3270 2933 3341 γάρ
2961 3270 3021 3323 τὸ
3063 3270 3163 3340 μὲν
3211 3270 3377 3325 αὑτοῦ
3420 3272 3531 3325 τῶν
3576 3273 3882 3343 ἰδιωμάτων
3908 3275 3996 3328 δε-

713 3368 859 3424 enim
904 3378 1073 3421 unum
1127 3362 1451 3416 idiomatum
1516 3371 1743 3412 suorum
1787 3355 1882 3410 dat
1919 3354 2077 3409 Pater
2134 3361 2191 3407 et
2230 3348 2298 3405 de

2403 3360 2565 3414 δωσιν
2590 3364 2618 3414 6
2641 3360 2853 3431 Πατὴρ,
2888 3363 2983 3415 καὶ
3015 3365 3117 3433 τῆς
3150 3362 3273 3415 κατ’
3319 3362 3451 3416 αὐτὸ
3479 3364 3997 3436 χαρακτηριζούσης

718 3462 1072 3531 proprietate,
1134 3468 1241 3525 qua
1298 3453 1414 3523 ipse
1462 3466 1558 3521 per
1598 3448 1732 3504 illud
1787 3446 2165 3517 distinguitur,
2215 3458 2298 3497 re-

2403 3451 2565 3506 αὒτδν
2611 3452 2893 3519 ἐξίσταται
2927 3453 3209 3523 ἰδιότητος,
3256 3451 3349 3507 τοῦ
3374 3454 3431 3507 δὲ
3477 3456 3740 3524 συντηρεί
3765 3454 3826 3507 τὸ
3853 3455 4000 3525 ἀκή-

715 3554 895 3616 cedit,
939 3548 1087 3604 aliud
1119 3561 1251 3602 vero
1283 3543 1605 3598 inviolatum
1642 3549 1845 3605 servat,
1877 3538 2155 3609 quomodo
2189 3551 2298 3591 non

2406 3560 2593 3614 ρατον.
2627 3544 2741 3607 πῶς
2769 3543 2890 3614 οὐχὶ
2917 3543 2979 3595 τὸ
3002 3544 3102 3613 μὲν
3124 3543 3291 3597 αὑτοῦ
3315 3544 3581 3597 δώσουσιν
3605 3544 3995 3617 ὲνθεωρεῖσθαι

714 3642 1042 3703 concedent,
1080 3646 1293 3709 partem
1327 3634 1548 3705 quidem
1587 3633 1758 3702 ipsius
1794 3633 1846 3686 in
1873 3632 2136 3685 idiomate
2168 3642 2298 3683 con-

2403 3634 2482 3705 τῷ
2515 3633 2790 3705 ἰδιώματι,
2823 3632 2885 3685 τὸ
2910 3633 2965 3687 δὲ
2994 3634 3420 3704 συνδιαιρεωθαι
3450 3637 3515 3705 τῇ
3549 3634 3872 3706 καινοτομίᾳ
3898 3634 3994 3687 τοῦ

717 3732 986 3797 si-Jerari,
1031 3737 1239 3799 partem
1270 3739 1403 3782 vero
1437 3740 1546 3781 una
1590 3740 1717 3779 cum
1753 3722 2033 3778 idiomatis
2074 3721 2304 3774 innova-

718 3827 866 3881 tione
886 3822 1089 3878 dividi?
1112 3820 1310 3874 Verum
1338 3819 1535 3873 horror
1556 3818 1723 3881 subit,
1754 3815 1903 3885 quod
1940 3823 1995 3868 et
2014 3812 2302 3879 hucusque

718 3917 937 3973 illorum
988 3911 1382 3982 blasphemiam
1436 3909 1493 3962 in
1545 3908 1785 3962 medium
1836 3902 2302 3976 proferre.susti-

720 4011 965 4065 nuimus.

1280 4091 1731 4151 ﬂEFUTATlO.

793 4214 884 4270 iX.
926 4211 1033 4271 Sed
1066 4226 1175 4268 non
1192 4219 1281 4266 est
1302 4210 1501 4264 idioma
1525 4216 1813 4279 paternum
1842 4204 2081 4275 Spiritus
2102 4217 2166 4258 ex
2187 4202 2305 4268 ipso

720 4306 1056 4379 pz‘ogressio,
1090 4318 1215 4359 cum
1251 4302 1305 4357 in
1339 4316 1401 4357 ea
1420 4298 1795 4356 communicet
1821 4307 1874 4352 et
1904 4295 2075 4351 Filius
2104 4310 2303 4349 secun-

722 4403 853 4457 dum
880 4399 955 4466 id,
981 4396 1126 4469 quod
1154 4411 1252 4466 per
1281 4396 1459 4465 ipsum
1492 4391 1729 4462 Spiritus
1754 4406 1819 4443 ex
1848 4388 2011 4444 Patre
2040 4389 2303 4458 procedit;

722 4482 889 4561 atque
934 4470 1221 4563 propterea
1261 4486 1583 4554 neutiquam
1624 4483 1936 4537 necessario
1976 4497 2039 4535 ex
2086 4493 2307 4553 proces-

726 4586 880 4652 siqne
913 4584 983 4636 ab
1025 4590 1257 4649 utroque
1298 4576 1681 4647 consequitur,
1715 4575 2005 4630 concidere
2038 4585 2307 4627 constan-

725 4684 834 4732 tem
870 4674 1309 4743 iqvariatamque
1343 4671 1663 4725 idiomatum
1697 4668 2034 4727 ﬁrmitatem,
2068 4664 2310 4719 Patrem-

724 4784 835 4842 que
872 4768 1079 4822 nudum
1113 4764 1352 4835 relinqui
1389 4778 1613 4827 nomen,
1643 4771 1807 4833 atQue
1844 4762 1899 4817 in
1930 4774 2096 4815 unam
2124 4772 2311 4828 perso-

729 4876 854 4916 nam
881 4858 1132 4915 contrahi
1155 4867 1208 4911 et
1230 4857 1543 4913 coalescere
1567 4856 1703 4910 duas
1723 4853 1940 4908 divinas
1966 4852 2308 4922 hypostases;

728 4968 906 5026 neque
953 4951 1287 5020 reliquarum
1338 4948 1741 5005 absurditatum
1791 4946 1937 5010 ulla,
1996 4958 2133 5015 quas
2176 4942 2313 4997 inde

730 5047 887 5117 sequi
940 5042 1227 5117 asse/misti
1283 5041 1380 5113 (ο).
1437 5042 1553 5095 Non
1612 5054 1737 5095 esse
1778 5046 1967 5094 autem
2028 5045 2309 5107 paternum

718 5140 973 5202 ‘idloma,
1023 5136 1168 5207 quod
1203 5150 1265 5189 ex
1317 5150 1375 5189 se
1421 5132 1586 5188 Pater
1623 5130 1886 5203 Spiritum
1922 5130 2224 5201 producat,
2260 5126 2314 5181 id

732 5232 971 5302 theologi
1027 5228 1214 5284 Patres
1260 5226 1437 5282 nostri
1490 5222 1860 5296 persuadeant
1911 5229 1965 5276 et
2018 5219 2315 5277 .Ostendant

733 5324 867 5388 tibi,
902 5322 997 5392 qui
1039 5320 1322 5391 perspicue
1352 5326 1406 5373 et
1444 5318 1563 5372 sine
1595 5314 1930 5371 obscuritate
1966 5313 2077 5368 ulla
2114 5312 2311 5381 praedi-

732 5411 892 5479 cant,’
918 5412 1165 5469 omnium
1203 5410 1535 5466 naturalium
1572 5408 1754 5462 Patris
1794 5408 2060 5461 bonorum
2093 5405 2316 5474 partieic

807 5593 883 5664 (α)
919 5591 1076 5664 kVide
1130 5588 1631 5664 animadversiones
1682 5587 1735 5640 in
1785 5583 1963 5639 Photii
2013 5583 2213 5637 librum
2250 5582 2317 5637 de

734 5659 882 5732 Spir.
910 5662 995 5729 S.,
1015 5671 1117 5732 art.
1144 5659 1231 5719 ιν,
1266 5660 1293 5731 ᾗ
1321 5659 1352 5712 5
1381 5676 1499 5729 seq.

803 5734 877 5803 (b)
902 5723 1067 5787 Catii.
1097 5723 1863 5803 aliterinterpungensvertit
1884 5744 1937 5791 at
1964 5723 2318 5803 Tolerabiliu-

733 5796 1265 5859 ret'n'hlasuliemizim
1285 5796 1467 5863 eﬂieit,
1495 5796 1661 5869 quum
1686 5796 1909 5867 paterna
1940 5796 2314 5869 proprietas...

733 5876 848 5928 Inec
882 5876 1021 5942 ipsa,
1054 5874 1299 5941 inquam,
1336 5864 1561 5940 paterna
1596 5864 2018 5939 proprietas..."
2058 5864 2319 5930 refunda-

733 5953 837 6010 tur,
878 5962 895 5995 ι
934 5954 1036 5998 etc.

2345 4640 2385 4691 D

2407 3725 2733 3794 ἰδιώματος;
2778 3724 2941 3777 Ἀλλὰ
2969 3726 3078 3795 γὰρ
3108 3726 3353 3795 φρίττειν
3387 3725 3556 3789 ἐστιν,
3586 3727 3667 3780 ὅτι
3703 3728 3794 3779 καὶ
3828 3728 3995 3795 μέχρι

2404 3815 2608 3870 τούτων
2634 3818 2735 3887 τὴν
2767 3816 3119 3888 βλασφημίαν
3148 3815 3329 3871 αὐτῶν
3376 3820 3714 3889 προαγαγεῖν
3757 3816 3997 3883 ὑπηνέΓ

2406 3926 2600 3980 καμεν.

2972 4098 3427 4154 ΛΝΠΡΡΗΣΙΣ.

2476 4207 2555 4261 Θν.
2575 4208 2715 4261 Ἀλλ’
2726 4210 2827 4263 οὐκ
2851 4208 2968 4263 ἐστι
2995 4211 3258 4280 πατρικὸν
3282 4212 3478 4281 ἰδίωμα
3500 4213 3532 4284 ἡ
3554 4212 3649 4267 τοῦ
3677 4213 3993 4285 Ππύματος

2411 4298 2634 4366 πρόοδος
2667 4298 2724 4366 ἐξ
2756 4300 2945 4363 αὑτοῦ,
2973 4299 3355 4364 κοινωνοῦντος
3384 4301 3475 4355 τοῦ
3506 4302 3635 4356 Υἰοῦ
3666 4306 3806 4359 κατά
3834 4306 3895 4358 τὸ
3920 4307 3994 4359 δι’

2410 4389 2574 4443 αὐτοῦ
2606 4391 2664 4444 τὸ
2696 4390 2920 4461 Πνεῦμα
2944 4393 3015 4446 ἐκ
3062 4392 3159 4445 τοῦ
3196 4394 3404 4463 Πατρδς
3446 4396 3869 4464 ἐκπορεύεσθαι,
3897 4399 3996 4452 καί

2408 4482 2498 4537 διὰ
2522 4480 2678 4535 τοῦτο
2708 4482 2809 4535 οὐκ
2860 4482 2922 4546 ἐξ
2974 4484 3220 4555 ἀνάγκης
3269 4484 3555 4539 ἀκολουθεῖ
3584 4489 3648 4557 τῇ
3698 4486 3759 4551 ἐξ
3788 4489 3995 4557 ἀμφοῖν

2414 4573 2742 4645 ἑκπορεύσει
2767 4573 2865 4627 τοῦ
2898 4576 3214 4647 Πνεύματος
3241 4576 3301 4628 τὺ
3326 4577 3433 4632 τῶν
3480 4578 3786 4649 ἰδιωμάτων
3828 4598 3997 4633 κατα-

2414 4669 2601 4721 πεσεῖν
2628 4668 3051 4738 ἀμετάπτωτον,
3086 4669 3183 4722 καί
3209 4669 3302 4723 τὸν
3334 4670 3553 4739 Πατέρα
3575 4669 3728 4741 ψιλὸν
3754 4674 3994 4742 περιλεί-

2414 4761 2612 4813 πεσθαι
2633 4759 2805 4829 ὄνομα
2833 4761 2931 4813 καί⁵
2950 4763 3032 4824 εἰς
3061 4760 3117 4813 ἐν
3149 4762 3442 4831 πρόσωπον
3461 4762 3558 4826 τάς
3579 4762 3672 4815 δύο
3694 4765 3995 4834 θεαρχικάς

2416 4850 2834 4920 συναλείφεσθαι
2862 4852 3218 4920 ὑποστάσεις,
3256 4853 3378 4906 οὔτε
3413 4853 3520 4907 τῶν
3556 4853 3731 4909 ἀλλων
3776 4854 3994 4909 ἀτόπων

2413 4942 2589 5008 οὐδὲν,
2641 4944 2743 4997 ὅσα
2791 4943 3025 4996 ἕπεσθαι
3060 4944 3291 5015 είρήκας
3336 4945 3433 4999 καί
3464 4946 3545 4997 ὅτι
3598 4946 3675 5015 μὴ
3728 4945 3989 5018 πατρικὸν

2419 5035 2615 5112 ἰδίωμά
2660 5035 2776 5087 ἐστι
2819 5033 2881 5088 τὸ
2938 5036 3203 5106 προάγειν
3234 5037 3292 5101 ἑξ
3349 5036 3515 5091 αὑτοῦ
3548 5036 3638 5089 τὸν
3679 5038 3893 5107 Πατέρα
3934 5039 3984 5090 τί

2417 5124 2660 5194 Πνεῦμα,
2686 5126 2735 5178 οἰ
2764 5124 3003 5193 θεολόγοι
3048 5126 3395 5181 πεισάτωσάν
3426 5142 3487 5179 σε
3533 5127 3769 5199 Πατίρες
3811 5126 3989 5198 ἡμῶν,

2416 5221 2464 5273 oi
2493 5219 2703 5290 τρανῶς
2732 5224 2828 5271 καὶ
2867 5220 3315 5283 ἀνεπισκιάστως
3372 5219 3743 5287 θεολογοῦντες
3779 5222 3995 5274 πάντων

2415 5312 2524 5366 τῶν
2552 5310 2798 5388 φυσικῶν
2830 5309 3051 5379 ἀγαθῶν
3080 5310 3174 5364 τοῦ
3193 5311 3423 5382 ’Πατρδς
3455 5309 3710 5364 κοινωνὸν
3746 5312 3836 5365 τὸν
3864 5311 3994 5365 Υίδν

2417 5401 2560 5458 εἰναι
2591 5403 2721 5457 ἀνευ
2755 5402 2849 5454 τοῦ
2886 5403 3103 5475 Πατέρα
3128 5398 3265 5457 εἶναι
3300 5404 3460 5457 αὐτόν
3483 5418 3498 5434 ·
3526 5406 3575 5457 εἰ
3620 5406 3720 5475 μὲν
3741 5405 3847 5476 γάρ
3881 5404 3995 5458 Πα-

2493 5587 2563 5657 (c)
2591 5582 2727 5638 Vide
2778 5584 3296 5641 Animadversiones
3325 5587 3518 5641 citatas
3550 5587 3663 5640 Art.
3707 5578 3793 5650 lli,
3826 5585 3992 5660 §5-7.

2419 5660 2536 5710 Art.
2564 5653 2816 5725 1V,§38.
3170 5724 3183 5725 γ

2455 5727 2571 5848 ί(ἰ)
2623 5724 2728 5779 Pro
2769 5726 2876 5778 τῶν
2912 5725 3102 5787 αἰτίων
3167 5724 3334 5781 Laur.
3391 5725 3552 5780 habet

2475 5814 2569 5848 ων.

2598 5952 2601 5953 ν
2626 5863 2998 5953 ςαιίίοιίιιεεκ
3018 5865 3144 5953 γαί,
3162 5864 3537 5953 ’ἰςβερεηῂμῖν
3555 5866 3802 5953 -Σαδιλλ
3837 5870 3995 5927 vertit

2430 5955 2448 5989 ι
2493 5938 2794 5991 Monstrum
2820 5937 3036 6007 aliquod
3068 5940 3185 6007 ipso
3215 5936 3456 5993 Sabellio
3482 5937 3747 5996 deterius.
3784 5958 3804 5991 ι

3611 5744 3624 5778 :
3671 5728 3779 5780 τῶν
3838 5729 3994 5782 {vav-
