4168 6510
268 517 382 581 773
960 582 966 588 .
1054 522 1500 587 REFUTATIO
1540 524 1912 588 PHOTIANI
1939 525 2173 587 LIBRI
2213 527 2314 589 DE
2355 527 2667 593 SPIRITU
2707 533 2765 595 S.
3455 535 3561 600 774

266 629 431 699 δῆλος
464 626 517 684 εἴ
563 631 780 700 φρονῶν
836 633 912 705 μὴ
961 635 1210 704 φυσικῶς
1239 637 1334 689 καὶ
1374 635 1648 699 οὒσιωδῶς
1678 638 1744 691 ὲκ
1779 654 1837 692 το

1939 673 1951 707 γ
1983 637 2277 693 manifeste
2306 649 2456 694 tuam
2493 641 2681 710 prodis
2720 642 3070 710 sententiam,
3100 659 3206 700 non
3239 649 3564 705 naturaliter

269 717 411 775 Υίοῦ
451 722 756 794 λαμόάνειν
788 727 848 779 τὸ
887 726 1137 796 Πνεῦμα,
1179 727 1315 783 ἀλλὰ
1341 729 1622 799 ζσχετικῶς
1661 731 1757 784 καὶ
1786 731 1837 785 δο

1979 737 2034 784 ct
2066 732 2432 787 essentialiter
2462 749 2528 787 ex
2552 732 2690 789 Filio
2718 736 2971 805 accipere
2994 736 3292 806 Spiritum,
3326 739 3420 795 sed
3445 756 3555 796 mo-
3587 766 3589 769 -

264 812 384 876 τῶς
407 829 422 845 ο
449 815 611 869 τοῦτο
643 817 754 888 γὰρ
781 817 960 890 δηλοῖς
994 818 1192 888 λέγων,
1227 819 1302 884 ὡς
1341 821 1440 892 τὴν
1463 821 1576 875 τῶν
1602 823 1837 893 χαρισμό

1979 823 2166 880 raliter
2213 833 2268 878 et
2322 825 2753 882 accidentaliter.
2790 828 2858 882 ‘ld
2911 832 3056 884 enim
3105 832 3344 900 produnt
3387 835 3558 892 verba

263 923 383 960 των
427 903 730 979 ἐνέργειαν
757 909 831 974 ὡς
862 910 1035 964 αἰτίου
1071 911 1223 982 παρά
1260 909 1355 964 τοῦ
1401 912 1617 985 Πατρὺς
1643 915 1837 985 ,ἱερολε

1975 924 2067 970 tua
2106 934 2120 970 :
2171 916 2448 973 Donorum
2495 919 2712 975 illorum
2745 922 3119 992 Operationem
3171 939 3202 979 a
3229 917 3404 980 'Patre
3434 935 3559 982 tané

270 999 454 1067 γεῖται
515 1000 577 1053 τὸ
648 1001 874 1071 Πνεῦμα
946 1000 1283 1073 λαμϐάνειν,
1349 1003 1461 1057 τῶν
1515 1005 1837 1076 χαρισμάτω

1975 1020 2142 1074 quam
2176 1022 2207 1061 a
2233 1022 2397 1063 causa
2424 1011 2702 1079 accipiens
2736 1013 3062 1081 praedicatur
3089 1010 3354 1085 Spiritus,
3378 1015 3557 1072 dono-

262 1087 519 1154 ἐκείνων,
562 1085 643 1175 οἷς
692 1091 965 1163 ἑνισχύσει
1013 1093 1142 1157 τοὺς
1172 1093 1423 1165 μαθητὰς
1469 1098 1607 1166 πρὸς
1639 1096 1738 1168 τὴν
1762 1098 1837 1151 τῶ

1977 1111 2122 1162 rnm,
2155 1095 2405 1167 inquam,
2437 1099 2683 1166 illorum,
2731 1103 2932 1172 quibus
2970 1101 3269 1175 discipulos
3289 1096 3555 1166 corrobo-

268 1170 598 1253 ἔρχομένων
645 1184 966 1252 ἐπίγνωσιν,
1011 1185 1152 1257 πρὸς
1196 1185 1325 1240 θέαν
1360 1186 1461 1258 τὴν
1487 1188 1599 1242 τῶν
1622 1189 1837 1245 άθεάτω

1972 1188 2113 1241 ravit
2161 1189 2231 1243 ad
2266 1189 2484 1247 futuras
2516 1207 2616 1247 res
2649 1170 3086 1264 cognoscendas,
3108 1195 3173 1251 ad
3205 1195 3293 1253 res
3324 1205 3562 1256 arcanas

265 1279 367 1330 xui.
395 1275 532 1346 πρὸς
564 1276 665 1346 τὴν
710 1276 821 1330 τῶν
860 1276 1013 1350 Ais-sip
1044 1277 1203 1347 λόγον
1253 1279 1433 1350 ἔργων
1462 1279 1865 1354 δημιουργίαν.

275 1368 424 1422 Ἀλλ’
451 1368 481 1421 ό
519 1369 693 1439 μέγας
717 1437 720 1440 _
741 1369 1028 1432 Βασίλειος
1062 1369 1162 1432 τὰς
1210 1369 1309 1435 σὰς
1337 1371 1630 1440 ἀπελέγξει
1659 1377 1866 1446 παρεξ-

259 1462 497 1531 ηγήσεις
542 1455 859 1515 καὶάὐτδν
907 1459 1000 1514 τὸν
1052 1461 1334 1531 Μονογενῆ
1363 1463 1538 1516 αῐτιον
1573 1463 1682 1518 τῶν
1708 1484 1866 1539 χαρι-

263 1541 493 1621 σμάτων
525 1550 732 1604 τούτων
762 1553 876 1605 ἀπο
888 1551 1212 1623 φαινόμενος
1237 1567 1252 1581 ·
1276 1553 1336 1606 ἐν
1362 1551 1472 1623 γὰρ
1497 1553 1576 1624 τῷ
1597 1556 1735 1627 πρὸς
1769 1559 1862 1616 τὸν

259 1637 494 1707 ἀδελφὸν
541 1638 843 1711 Γρηγόριον
875 1639 1025 1712 λόγῳ
1065 1641 1232 1711 φησίν
1255 1657 1270 1672 °
1311 1643 1651 1713 Ζητοῦντες
1683 1646 1773 1710 δέ,
1807 1653 1861 1705 εί

261 1731 337 1784 ἐκ
378 1731 575 1810 μόνου
615 1731 722 1786 τοῦ
748 1733 944 1801 ,ἁγίου
996 1734 1348 1802 Πνεύματος
1394 1735 1433 1804 ή
1472 1735 1594 1792 τῶν
1619 1739 1859 1810 ἀγαθῶν

261 1809 520 1891 χορηγία
548 1820 666 1891 τὴν
692 1823 891 1894 ἀρχὴν
918 1825 1319 1895 λαμϐάνουσα
1344 1827 1504 1884 οὕτω
1530 1834 1856 1902 παραγίνε-

261 1929 361 1966 ται
388 1912 517 1979 τοῖς
543 1913 760 1990 ἀξίοις,
794 1916 988 1971 πάλιν
1023 1907 1146 1973 ὑπὸ
1175 1918 1288 1988 τῆς
1318 1920 1571 1990 Γραφῆς
1593 1924 1853 1994 όὸηγούι-

253 2009 412 2072 μεθᾳ
444 2005 535 2071 είς
582 2006 651 2058 τὸ
703 2005 812 2073 τῆς
841 2010 1131 2077 χορηγίας
1177 2009 1299 2064 τῶν
1337 2011 1579 2082 ἀγαθῶν
1603 2015 1706 2070 διὰ
1746 2018 1853 2073 τοῦ

261 2097 615 2166 Πνεύματος
658 2098 806 2168 ἡμῖν
846 2099 1297 2172 ἐνεργουμένων
1323 2104 1596 2175 ἀρχηγὸν
1627 2107 1729 2162 καί
1757 2109 1850 2176 βτ-

261 2200 395 2238 τιον
423 2184 532 2236 τὸν
569 2185 874 2256 μονογενῆ
914 2189 1066 2244 Θεὸν
1108 2186 1263 2248 εἶναι
1309 2197 1624 2251 πιστεύειν
1656 2198 1756 2269 (1).
1785 2198 1849 2254 Εἰ

264 2274 397 2345 γοῦν
425 2277 488 2329 ὲκ
535 2274 629 2331 τοῦ
657 2279 754 2350 τὴν
783 2280 894 2334 τῶν
918 2286 1276 2354 χαρισμάτων
1322 2287 1605 2358 ἐνέργειαν
1631 2290 1849 2362 λαμσά-

258 2384 375 2422 νειν
405 2371 464 2422 τὸ
495 2365 720 2442 Πνεῦμα
753 2374 902 2446 παρὰ
927 2375 1019 2428 τοῦ
1053 2375 1264 2446 Πατρός
1290 2378 1366 2441 ὡς
1394 2380 1572 2434 αίτίου
1594 2382 1850 2454 συνάγεις

263 2461 340 2533 μὴ
372 2463 435 2516 ἐκ
461 2462 557 2524 ταῦ
592 2460 729 2518 εἶναι
763 2453 917 2533 αὐτὸ,
958 2468 989 2520 ό
1017 2467 1192 2538 μέγας
1223 2469 1503 2538 Βασίλειος
1533 2473 1596 2526 ἐκ
1625 2474 1720 2528 τοῦ
1746 2478 1847 2547 dp-

258 2552 429 2622 χηγὸν
455 2554 750 2609 καὶάίτιον
777 2556 887 2610 τῶν
926 2561 1184 2614 τοιούτων
1215 2564 1574 2632 χαρισμάτων
1601 2566 1846 2634 δοξάζειν

263 2643 358 2697 τὸν
387 2645 668 2716 Μονογενῆ
701 2648 762 2700 ὲκ
787 2648 882 2701 τοῦ
916 2649 1048 2704 Υίοῦ
1092 2651 1226 2706 αὐτὸ
1265 2648 1408 2707 εῖναι
1459 2658 1720 2728 συστήσει
1740 2676 1755 2692 ·
1781 2662 1846 2713 ἐκ

262 2736 572 2808 μόνου¹γὰρ
618 2737 712 2790 τοῦ
758 2740 971 2811 Πατρός
1015 2746 1206 2811 προῖδν
1253 2743 1568 2818 λειτουργὸν
1603 2749 1671 2803 ἂν
1713 2752 1845 2816 ίσως

257 2823 355 2877 καὶ
383 2825 662 2898 ὑπηρέτην
695 2828 802 2881 τῶν
830 2831 1049 2883 οἰκείων
1072 2834 1434 2903 χαρισμάτων
1453 2837 1545 2889 τὸν
1570 2837 1700 2892 Υίδν
1726 2835 1840 2913 εἶχε

255 2914 320 2970 τὸ
353 2916 596 2987 Πνεῦμα.
628 2919 872 2989 ἀρχηγὸν
900 2920 956 2973 δὲ
984 2921 1078 2974 καὶ
1129 2924 1304 2977 αίτιον
1337 2925 1575 2997 οὐδαμοῦ
1599 2943 1615 2959 ·
1647 2932 1742 2984 καὶ
1763 2933 1844 2987 δεῖ

255 3022 317 3061 σε
348 3007 436 3062 διὰ
467 3008 636 3062 ταῦτα
672 3011 746 3081 μὴ
797 3012 1064 3081 σχετικῶς
1105 3016 1200 3067 καὶ
1240 3015 1411 3080 δοτῶς
1448 3019 1657 3075 οἴεσθαι
1690 3039 1843 3095 παρα

249 3097 350 3152 τοῦ
387 3098 515 3152 Υίοῦ
566 3100 862 3170 λαμϐάνειν
911 3104 970 3156 τὸ
1017 3104 1264 3176 Πνεῦμα,
1300 3106 1437 3161 ἀλλὰ
1484 3113 1731 3179 φυσικῶς
1780 3133 1840 3170 τε

251 3190 354 3244 καὶ
389 3191 685 3254 οὑσιωδῶς.

852 3285 1238 3342 KEIMENON.

326 3371 506 3430 λα’.¹Ἀ
517 3374 562 3447 p‘
576 3376 639 3429 οὐ
663 3377 1002 3448 πανταχόθεν
1029 3379 1112 3432 σοὶ
1128 3383 1278 3434 πᾶσα
1299 3383 1570 3455 πρόφασις
1581 3389 1741 3443 ἀσεὸε
1751 3390 1836 3456 ίας

245 3466 646 3536 περικέκοπται
673 3483 688 3532 ;
724 3462 849 3537 Ἀρ*
879 3467 959 3521 ἔτι
1003 3471 1296 3541 τολμήσεις
1342 3478 1708 3547 συκοφαντίας
1739 3483 1833 3537 καὶ

242 3557 427 3628 ψεύδη
451 3557 593 3611 κατὰ
635 3557 736 3626 τῆς
770 3557 1028 3628 ἀληθείας
1057 3562 1352 3634 ὲπινοεῐνῆ
1398 3567 1543 3620 κατὰ
1575 3569 1678 3639 τῆς
1705 3569 1832 3624 εαυ-

244 3647 344 3702 τοῦ
398 3650 843 3720 μηχανοῤῥαφεῑν
897 3651 1214 3722 σωτηρίαςς
1273 3653 1373 3710 λατ.
1445 3657 1666 3728 Ἔγωγε
1741 3660 1833 3715 οὖν

244 3739 370 3792 οὐδὲ
403 3739 496 3792 τοῦ
542 3730 730 3826 λοιποῦ
775 3757 835 3794 σε
881 3743 1159 3814 φροντίδος
1183 3743 1287 3810 ἔξω
1310 3741 1472 3819 ’θείην
1505 3749 1609 3821 (2),
1641 3752 1689 3805 εί
1731 3754 1831 3826 μὲν

241 3833 485 3895 ἀνιάτως
527 3819 671 3902 ἔχεις
701 3833 795 3887 καὶ
839 3834 1088 3904 ἐλέγχειν
1124 3837 1219 3890 καὶ
1268 3819 1534 3911 ιπιτιμᾷν
1562 3819 1653 3895 καὶ
1681 3819 1831 3902 κάτω

242 3925 500 3992 κείμενον
541 3924 623 3979 ἔτι
675 3924 912 3995 βάλλειν,
957 3928 1006 3979 εί
1051 3927 1110 3980 δὲ
1145 3931 1281 3999 πρὸς
1337 3930 1636 4002 θεραπείαν
1665 3937 1826 4007 δρᾷς,

241 4008 538 4088 ᾁάρμακόν
571 4035 651 4071 σοι
687 4019 986 4089 προσάγειν
1016 4021 1082 4072 ὲκ
1107 4019 1202 4073 τοῦ
1238 4020 1402 4075 αὐτοῦ
1432 4027 1828 4098 κρατῆροςτῆς

243 4108 505 4181 ἀληθείας
535 4109 875 4165 ὰκεσώδυνόν
902 4127 962 4164 τε
994 4111 1088 4165 καὶ
1116 4111 1487 4185 καθαρτήριον
1515 4115 1617 4186 τῆς
1643 4117 1824 4176 νόσου.

241 4202 308 4254 ει
339 4203 447 4272 γὰρ
476 4193 543 4272 (ὦ
575 4200 627 4253 τί
672 4202 738 4255 άν
774 4200 834 4254 σε
855 4219 939 4266 τις
970 4201 1047 4274 (3)
1077 4205 1363 4274 προσείποι
1383 4205 1422 4276 ;)
1448 4206 1543 4259 τοῦ
1572 4208 1826 4279 Πνεῦμα·-

235 4309 332 4354 τος
367 4281 754 4364 ﬂiam/ipsust;
790 4294 822 4365 ἡ
858 4294 922 4347 lx
947 4291 1043 4346 τοῦ
1090 4294 1302 4363 Πατρός
1324 4296 1524 4363 τελεία,
1554 4296 1735 4352 τελεία
1767 4299 1825 4354 δὲ

236 4386 324 4439 ὅτι
370 4385 502 4450 Θεὸς
529 4386 734 4450 τέλειος
787 4387 853 4439 ὲκ
899 4385 1037 4439 Θεοῦ
1073 4387 1302 4453 τελείου,
1335 4388 1388 4440 τί
1436 4390 1555 4442 ποτ’
1587 4392 1654 4445 ἂν
1692 4394 1726 4463 ἠ
1760 4393 1826 4448 lx

233 4477 334 4532 τοῦ
367 4476 497 4530 Υίοῦ
549 4476 974 4548 συνεισενέγκῃ;
1017 4476 1079 4528 Ei
1108 4475 1210 4546 μὲν
1249 4478 1359 4549 γάρ
1383 4494 1434 4530 τι
1472 4481 1822 4553 συνεισήνεγς

236 4587 354 4635 κεν,
390 4569 563 4622 εἰπείν
588 4567 772 4635 δεήσει
805 4567 880 4638 (ξ)
919 4569 1011 4621 καὶ
1035 4567 1064 4620 ὃ
1107 4571 1437 4640 συνήνεγκεν
1463 4587 1478 4602 υ
1505 4573 1552 4624 εί
1582 4573 1638 4627 δὲ
1672 4575 1823 4645 παρὰ

1971 1289 2137 1351 atque
2165 1279 2484 1340 reconditas
2513 1279 2934 1356 Conspiciendas
2963 1298 3018 1343 ct
3037 1289 3103 1344 ad
3138 1291 3413 1360 patranda”
3430 1307 3557 1362 pro-

1967 1371 2112 1441 digia
2170 1375 2637 1443 supernaluralia.
2702 1378 2775 1433 At
2835 1394 2971 1435 vero
3021 1396 3272 1453 magnus
3318 1368 3558 1440 Basilius

1969 1478 2172 1531 pravas
2215 1459 2340 1522 tuas
2375 1467 2856 1538 interpretationes
2897 1471 3185 1538 refutabit,
3231 1475 3551 1531 eorumdem

1967 1550 2242 1605 donorum
2297 1567 2520 1608 causam
2553 1555 2733 1625 ipsum
2802 1572 3022 1628 quoque
3067 1556 3418 1630 Unigenitum
3455 1564 3554 1620 de-

1963 1638 2199 1695 clarans.
2223 1639 2358 1695 Nam
2391 1646 2443 1697 in
2475 1643 2617 1699 libro
2643 1645 2708 1700 ad
2739 1645 3059 1717 Gregorium
3086 1647 3307 1705 fratri-.m
3341 1668 3356 1705 :
3395 1653 3556 1718 Qua»

1963 1738 2134 1786 rentes
2149 1749 2298 1797 .vero,
2329 1733 2531 1806 inquit,
2569 1753 2638 1790 an
2673 1737 2928 1792 bonorum
2957 1742 3318 1812 suppeditatio
3340 1761 3404 1800 ea:
3436 1749 3554 1802 solo

1961 1831 2148 1876 sancto
2195 1821 2405 1894 Spiritu
2464 1827 2677 1881 initium
2723 1840 2901 1883 sumat
2946 1841 2997 1885 et
3039 1833 3115 1886 sic
3148 1834 3322 1904 dignis
3381 1837 3545 1904 adsit,

1959 1913 2154 1968 iterum
2191 1932 2292 1985 per
2323 1914 2662 1988 Scripturam
2701 1921 2948 1975 ducimur
2994 1933 3044 1977 et
3093 1926 3435 1994 instruimur,
3488 1939 3551 1983 ut

1886 1994 1926 2049 Β
1957 2001 2414 2091 suppeditalionis
2446 2028 2630 2066 eorum
2680 2015 2960 2079 bonorum,
2990 2031 3108 2084 quia
3134 2015 3371 2086 Spiritus
3410 2037 3543 2074 sart-

1956 2109 2070 2154 ctus
2098 2100 2152 2153 in
2185 2099 2334 2156 nobis
2369 2114 2642 2173 operatur,
2684 2115 2960 2160 auctorem
2997 2116 3046 2160 et
3085 2125 3304 2163 causam
3353 2108 3550 2184 Um'ge-

1955 2195 2127 2247 nitum
2153 2193 2321 2248 Deum"
2357 2211 2470 2249 esse
2509 2198 2812 2259 credamus.
2872 2197 2930 2252 Si
2981 2199 3145 2270 igitur
3186 2216 3251 2255 ex
3283 2217 3368 2268 eo,
3401 2207 3549 2274 quod

1955 2285 2197 2358 Spiritus
2244 2288 2515 2343 donorum
2543 2292 2920 2359 Operationem
2953 2307 2983 2345 a
3015 2290 3178 2348 Patre
3203 2303 3467 2366 tanquam
3507 2287 3540 2352 ε

1954 2392 2123 2433 causa
2149 2380 2408 2449 accipiat,
2449 2381 2738 2437 concludis
2785 2381 2937 2438 illum
2970 2399 3078 2438 non
3123 2400 3246 2441 esse
3274 2404 3340 2442 ex
3377 2387 3541 2454 Filio,

1952 2485 2182 2540 magnus
2212 2481 2402 2527 contra
2453 2472 2687 2528 Basilius
2719 2489 2786 2530 ex
2834 2490 2923 2536 eo.
2957 2477 3108 2546 quod
3160 2485 3542 2536 utaauctoreni

1948 2570 2003 2615 et
2036 2577 2260 2618 causam
2290 2564 2564 2632 ejusmodi
2595 2563 2866 2621 donorum
2893 2567 3161 2636 gloriﬁcet
3189 2571 3366 2641 ipsum
3397 2573 3537 2630 Uni-

1948 2653 2210 2723 genitum,
2249 2669 2318 2710 ex
2347 2655 2488 2711 Filio
2519 2654 2789 2728 Spiritum
2826 2676 2950 2715 esse
2979 2662 3240 2720 stabiliet.
3297 2663 3353 2719 Si
3387 2670 3536 2723 enim

1946 2759 2012 2799 ex
2042 2744 2163 2801 solo
2190 2745 2356 2803 Patre
2403 2749 2647 2818 prodiret
2673 2748 2930 2820 Spiritus,
2965 2753 3277 2812 ministrum
3309 2757 3538 2817 fortasse

1944 2847 2000 2894 et
2048 2853 2272 2895 servum
2318 2844 2665 2912 propriorum
2711 2844 3107 2904 charismatum
3157 2850 3382 2907 haberet
3439 2853 3531 2908 Fi-

1945 2929 2106 2994 lium,
2153 2931 2466 2988 nullatenus
2501 2949 2632 2989 vero
2665 2945 2945 2993 auctorem
2974 2950 3028 2993 et
3055 2955 3296 2998 causam.
3349 2945 3526 3011 Quam

1943 3020 2014 3077 ob
2044 3037 2269 3078 causam
2299 3039 2405 3079 non
2439 3026 2722 3082 moraliter
2759 3038 2816 3084 et
2863 3033 3275 3090 accidentaliter
3320 3051 3350 3092 a
3391 3035 3530 3094 Filio

1941 3115 2188 3184 accipere
2235 3114 2505 3184 Spiritum
2559 3135 2786 3179 censere
2829 3124 3020 3191 debes,
3068 3129 3258 3183 rerum
3307 3138 3532 3188 natura-

1942 3203 2066 3262 liter
2096 3216 2154 3262 et
2177 3208 2638 3266 substantialiter.
3204 3225 3208 3234 '

2585 3301 2887 3362 TEXTUS.

2011 3388 2100 3445 3|.
2136 3390 2330 3449 Annon
2387 3409 2518 3464 ergo
2562 3398 2926 3472 undequaqne
2957 3403 3051 3458 tibi
3084 3405 3311 3474 quilibet
3360 3408 3527 3479 impie

1942 3482 2209 3540 sentiendi
2255 3496 2552 3555 praetextus
2587 3503 2829 3548 resectus
2854 3493 2974 3549 est?
2997 3495 3262 3552 Adbucne
3299 3501 3527 3556 audebis

1939 3573 2243 3630 calumnias
2310 3586 2476 3649 atque
2553 3585 2842 3638 mendacia
2908 3587 3180 3644 adversus
3239 3592 3523 3648 veritatem

1937 3666 2280 3723 comminisci
2311 3679 2408 3724 aut
2439 3673 2590 3728 dolos
2635 3675 2900 3732 aJversns
2939 3679 3172 3738 salutem
3201 3691 3351 3738 tuam
3385 3700 3518 3738 con-

1936 3757 2133 3811 suete?
2163 3757 2249 3813 5|.
2285 3759 2396 3830 Ego
2429 3777 2560 3817 sane
2593 3780 2660 3818 ne
2695 3765 2953 3837 deinceps
2979 3771 3199 3838 quidem
3228 3775 3304 3826 tui
3330 3789 3520 3830 curam

1936 3847 2216 3917 abjiciam,
2251 3843 2312 3908 ut
2357 3855 2404 3910 si
2461 3855 2782 3913 insanabilis
2818 3860 2920 3924 sis,
2957 3878 3184 3932 arguam
3229 3873 3286 3920 et
3341 3869 3522 3936 corri-

1937 3942 2081 4010 piam
2154 3953 2316 4014 teque
2356 3946 2508 4001 humi
2538 3947 2808 4017 jacentem
2859 3954 3041 4008 adhuc
3091 3957 3419 4026 percutiam,
3469 3959 3519 4014 si

1935 4042 2114 4088 autem
2169 4037 2352 4090 sanari
2400 4047 2575 4109 potes,
2624 4043 2951 4099 medicinam
2987 4047 3087 4099 tibi
3130 4049 3417 4118 propitiem
3447 4065 3515 4105 ex

1932 4123 2055 4197 ipso
2091 4127 2334 4183 veritatis
2369 4131 2567 4201 poculo
2604 4143 2658 4187 et
2692 4134 2966 4190 lenitivam
2992 4137 3200 4194 doloris
3246 4146 3300 4193 et
3328 4139 3507 4211 morbi

1932 4219 2292 4290 purgativam.
2343 4223 2400 4276 Si
2445 4219 2591 4278 enim
2651 4226 2706 4297 (ο
2733 4241 2973 4298 quonam
3020 4239 3074 4290 te
3124 4231 3252 4300 quis
3293 4234 3517 4300 nomine

1931 4313 2283 4385 compellet!)
2312 4313 2556 4394 Spiritus
2583 4335 2614 4374 e
2641 4317 2804 4375 Patre
2837 4325 3120 4395 processio
3135 4331 3220 4380 est
3249 4315 3511 4394 perfecta,

1931 4405 2169 4476 perfecta
2220 4417 2403 4464 autem
2450 4412 2726 4480 tquoniam
2776 4413 2915 4470 Deus
2969 4413 3242 4485 perfectus
3291 4433 3358 4475 ex
3398 4415 3517 4476 Deo

1930 4497 2190 4575 perfecto,
2226 4500 2487 4571 quidnam
2535 4503 2641 4558 ista
2685 4517 2715 4558 e
2765 4502 2903 4558 Filio
2938 4507 3214 4575 processio
3264 4510 3514 4566 contule-

1929 4573 2038 4642 rit?
2087 4590 2143 4644 Si
2172 4593 2317 4646 enim
2348 4594 2480 4662 quid
2511 4595 2768 4659 contulit,
2803 4573 2950 4652 illud
2968 4613 3186 4669 quoque
3215 4601 3510 4658 ostendere

235 4665 339 4735 τὴν
388 4663 577 4734 θεῐκὴν
623 4660 719 4714 τοῦ
752 4660 1068 4731 Πνεΰματος
1107 4662 1409 4718 ὑπόστασιν
1453 4664 1605 4720 οὐδὲν
1634 4668 1822 4738 ἕτερον

1939 4674 2200 4761 oportebit
2227 4660 2376 4752 quod
2421 4685 2690 4761 contulit;
2743 4689 2888 4758 quod
2921 4660 3507 4760 sirpraater‘ﬂivinam

234 4757 383 4809 εστιν
411 4753 535 4809 οὔτε
555 4753 744 4808 λαϐεῖν
779 4751 903 4807 οὔτε
933 4754 1130 4820 είπεῖν,
1160 4754 1213 4807 τί
1252 4757 1345 4808 καὶ
1371 4756 1464 4809 τὸν
1495 4756 1625 4810 Υίδν
1668 4759 1822 4830 ὑδρί-

233 4849 349 4916 ζειν
384 4849 554 4916 ἔγνως
582 4846 662 4918 τῷ
685 4847 872 4917 ψεύδει
897 4849 992 4902 καὶ
1017 4845 1078 4899 τδ
1103 4842 1351 4917 Πνεῦμα,
1384 4850 1479 4902 καὶ
1501 4851 1597 4905 σὺν
1632 4852 1838 4920 αὐτοῖς.

233 4959 296 5009 γε
336 4942 428 4996 καὶ
455 4940 563 5012 πρὸ
586 4939 766 4992 αὐτῶν
791 4941 882 4992 τὸν
915 4939 1137 5009 Πατέρα
1160 4957 1175 5003 ;

299 5122 399 5196 λβ’.
435 5125 605 5178 Πάλιν
628 5121 684 5175 δὲ
723 5123 772 5175 εί
811 5123 870 5176 ὲν
898 5116 942 5190 ᾧ
979 5122 1076 5175 τοῦ
1122 5123 1337 5204 Πατρδς
1369 5125 1733 5198 ἐκπορεύεται
1755 5125 1817 5180 τδ

233 5215 544 5285 11νεῦμα,ἠ
594 5213 793 5283 ίδιότης
836 5214 1259 5283 ἐπιγινώσκεται
1308 5215 1497 5282 αὐτοῦ,
1549 5215 1816 5281 ὡσαύτως

229 5301 285 5355 δι
315 5304 406 5354 καὶ
433 5303 491 5354 εν
517 5293 562 5369 ᾧ
587 5302 846 5370 γεννᾶται
873 5301 910 5352 δ’
935 5301 1083 5367 Υἱὸς,
1111 5304 1145 5372 ἠ
1188 5303 1282 5357 τοῦ
1318 5303 1445 5357 Υίοῦ
1466 5321 1479 5334 ⁸
1512 5306 1812 5377 ἐκπορεύε-

228 5409 322 5447 ται
346 5393 424 5460 δὲ,
470 5392 546 5456 ὡς
575 5395 603 5446 ὁ
637 5394 860 5445 ἐκείνων
903 5391 1088 5464 λῆρος,
1131 5395 1226 5446 καὶ
1259 5394 1318 5447 τὺ
1367 5394 1594 5467 Πνεῦμα
1630 5399 1693 5450 ὲκ
1718 5399 1812 5452 τοῦ

231 5477 385 5552 Ῡίσῦ,
414 5488 654 5544 πλείοσιν
686 5487 776 5559 ἄρ’
800 5488 1056 5559 ίδιὼμασι
1110 5489 1479 5545 διαστέλλεται
1503 5493 1563 5545 τὸ
1586 5493 1814 5563 Πνεῦμα

225 5578 318 5633 τοῦ
348 5580 559 5650 Πατρός
619 5581 764 5652 ἢπερ
798 5583 826 5634 ό
858 5581 1004 5646 Υσὶός.
1049 5582 1112 5636 Ἦ
1161 5582 1262 5653 μὲν
1293 5583 1402 5655 γὰρ
1431 5585 1653 5655 πρόοδος
1681 5587 1714 5657 ἡ
1746 5589 1811 5640 ὲκ

223 5667 323 5723 τοῦ
351 5671 583 5740 Πατρὸς,
625 5676 674 5725 εί
702 5676 812 5731 ,καὶ
835 5672 896 5725 τὸ
929 5675 1028 5744 μὲν
1060 5675 1277 5745 πρόεισι
1321 5679 1620 5749 γεννητῶς,
1669 5683 1729 5735 τὸ
1756 5682 1812 5735 δὲ

296 5822 372 5894 (1)
399 5823 598 5880 Eadem
641 5824 826 5881 Basilii
867 5830 1030 5885 verba
1064 5831 1196 5886 citat
1241 5831 1445 5889 Beccus
1481 5837 1533 5890 in
1574 5836 1806 5893 Clamat.

225 5891 312 5964 (α
331 5891 408 5964 υ.
443 5895 485 5948 ιι
519 5909 573 5964 ρ.
598 5896 858 5961 διδ-διδ)

295 5963 473 6022 (mlta
513 5963 771 6024 Laut-cut.
799 5985 925 6024 cum
964 5969 1172 6027 Monac.

1926 4757 2166 4839 Spiritus
2203 4774 2564 4846 bypostasim,
2603 4758 2679 4831 nil.
2728 4757 2874 4842 aliud
2938 4757 3119 4850 poiest
3169 4757 3264 4846 aut
3320 4793 3508 4840 mente

1921 4852 2133 4932 concipi
2169 4874 2263 4920 aut
2296 4863 2477 4935 lingua
2512 4870 2750 4936 ostendi,
2788 4886 2908 4937 cur,
2933 4887 3145 4942 quaso,
3183 4873 3265 4929 vis
3293 4872 3501 4943 Filium

1920 4955 2231 5012 mentiendo
2278 4953 2474 5027 laedere
2517 4969 2678 5031 atque
2734 4964 3024 5033 Spiritum,
3057 4967 3168 5030 imo
3203 4983 3328 5025 cum
3371 4971 3512 5043 ipsis

1918 5053 1972 5096 et
2005 5059 2113 5110 pra:
2140 5045 2273 5116 ipsis
2312 5046 2535 5123 Ραιινξιιι
2559 5051 2581 5104 ?

1990 5135 2082 5190 δὲ.
2120 5115 2335 5193 [tui-sus
2367 5140 2415 5195 si
2443 5115 2497 5194 iit
2529 5116 2634 5197 boc
2658 5142 2804 5213 quod
2833 5160 2861 5198 a
2887 5145 3055 5204 Patre
3083 5153 3347 5221 procedat
3382 5153 3510 5225 Spi-

1921 5229 2088 5294 ritus,
2127 5225 2436 5307 proprietas
2471 5235 2646 5304 ipsius
2691 5244 3042 5309 agnoscitur;
3085 5244 3337 5301 similiter
3367 5259 3420 5304 et
3451 5251 3506 5303 in

1924 5320 2026 5378 hoc
2075 5320 2220 5391 quod
2264 5335 2560 5395 generatur
2610 5327 2805 5396 Filius,
2859 5329 2980 5387 Filii
3035 5337 3348 5402 agnoscitur
3372 5355 3503 5410 pro-

1922 5413 2165 5484 prietas;
2235 5418 2482 5490 procedit
2537 5429 2716 5475 autem
2759 5422 2920 5494 juxta
2972 5424 3194 5482 illorum
3248 5429 3503 5486 delirium

1914 5506 2078 5560 etiam
2115 5509 2352 5579 Spiritus
2403 5527 2469 5566 ex
2505 5511 2669 5580 Filio,
2695 5516 2951 5587 pluribus
2979 5533 3112 5591 ergo
3145 5523 3502 5593 proprietati-

1914 5596 2016 5653 bus
2064 5596 2421 5670 distinguitur
2465 5602 2708 5674 Spiritus
2759 5622 2790 5663 a
2839 5605 3026 5674 Patre,
3083 5626 3246 5680 quam
3299 5609 3496 5669 Filius.

1916 5689 2201 5748 Processio
2246 5696 2392 5749 enim
2433 5712 2500 5757 ex
2557 5695 2744 5766 Patre,
2806 5701 3026 5756 tametsi
3087 5703 3225 5758 alter
3275 5706 3501 5774 prodeat

1987 5848 2062 5928 (ἦ)
2095 5848 2258 5928 μίαν.
2289 5853 2349 5928 es:
2379 5870 2463 5928 τις
2502 5856 2799 5928 προσείπῃ.

1990 5924 2066 5988 (4)
2103 5921 2294 5988 Laur.,
2328 5925 2500 5997 δεήσῃ
2541 5921 2598 5979 ιιι
2624 5926 2744 5983 Cui.
