4168 6470
765 469 872 533 783
1767 466 2006 530 ,ῙΟΑΝ.
2047 465 2261 526 VECCI
2310 465 2329 523 (

2462 465 2986 526 PATRIARClL-E.
3912 473 4008 534 78t
4054 121 4104 508 1

761 587 863 638 etsi
902 583 1144 638 omnium
1175 578 1506 634 naturalium
1539 578 1714 633 Patris
1743 579 2011 633 bonorum
2067 588 2150 632 est
2181 578 2319 648 parti

761 692 912 746 ceps.
963 689 1071 728 non
1130 673 1294 726 habet
1350 685 1482 725 vero
1537 669 1821 724 emittendi
1864 667 2104 739 Spiritus
2148 678 2329 738 poten-

2455 577 2634 630 καὶτὸ
2682 577 2988 646 ἐκπέμπειν
3038 579 3278 643 Πνεῦμα,
3319 583 3544 648 φυσικὴν
3597 584 3800 649 ἀγαθὸν
3843 585 3898 638 δ-.
3928 588 4015 637 τοὺ
4103 567 4106 778 {

2445 669 2677 739 Πατρὸς,
2720 671 2778 722 ού
2811 670 2896 722 διὰ
2933 670 3090 723 τοῦτο
3127 673 3224 740 τῆς
3270 672 3361 725 τοῦ
3398 674 3609 742 Πατρδς
3642 676 3855 744 φύσεως
3885 679 4016 729 ἁπο-

761 692 912 746 ceps.
963 689 1071 728 non
1130 673 1294 726 habet
1350 685 1482 725 vero
1537 669 1821 724 emittendi
1864 667 2104 739 Spiritus
2148 678 2329 738 poten-

2445 669 2677 739 Πατρὸς,
2720 671 2778 722 ού
2811 670 2896 722 διὰ
2933 670 3090 723 τοῦτο
3127 673 3224 740 τῆς
3270 672 3361 725 τοῦ
3398 674 3609 742 Πατρδς
3642 676 3855 744 φύσεως
3885 679 4016 729 ἁπο-

761 769 919 828 tiam,
955 780 1077 834 qua:
1105 761 1355 818 naturale
1385 760 1563 815 Patris
1606 760 1811 814 bonum
1848 769 1951 817 est.
2003 760 2125 815 ideo
2154 762 2334 815 neuti-
2441 759 2570 812 δέει.
4103 781 4105 880 4

762 872 927 929 quam
969 864 1175 910 natura
1207 857 1388 907 Patris
1419 859 1503 906 est
1530 865 1750 920 expers.

831 947 989 1013 Quod
1023 959 1151 999 vero
1185 944 1425 1004 dubitas.
1478 956 1548 996 an
1589 942 1779 995 eadem
1826 941 2181 1010 processione
2209 957 2335 1010 pro-

761 1041 920 1094 cedat
953 1037 1188 1106 Spiritus
1215 1050 1282 1089 ex
1317 1033 1456 1089 Filio
1477 1047 1544 1087 an
1569 1040 1808 1102 paternae
1838 1032 2136 1096 contraria,
2164 1041 2327 1102 atque

760 1127 1130 1200 proqessionis
1161 1123 1502 1179 identitatem
1535 1123 1857 1177 idiomatum
1877 1122 2334 1197 communionem

759 1234 884 1276 esse
913 1217 1197 1274 existimas
1251 1215 1395 1286 (cap.
1427 1214 1546 1284 35),
1603 1212 1657 1268 id
1687 1228 1754 1268 ex
1785 1227 1852 1268 eo
1883 1212 2211 1270 solutionem
2226 1205 2338 1268 lia-

758 1310 874 1373 bet,
903 1307 1049 1379 quod
1077 1307 1303 1361 minime
1333 1303 1516 1359 Patris
1540 1312 1623 1371 est
1643 1302 1972 1373 proprietas,
2004 1302 2335 1373 ipsumSpi-

758 1401 924 1455 ritum
953 1399 1277 1469 producere,
1311 1396 1572 1465 quoniam
1597 1394 1735 1448 nihil
1769 1407 1960 1448 eorum
1993 1408 2336 1464 quaecunque

757 1505 830 1546 ex
880 1489 1042 1550 Patre
1100 1503 1200 1558 per
1244 1485 1442 1540 Filium
1494 1485 1777 1548 dicuntur,
1838 1483 2022 1539 Patris
2075 1493 2162 1539 est
2211 1499 2336 1554 pro-

758 1582 974 1650 prium;
1009 1578 1150 1631 unde
1201 1587 1255 1630 ct
1306 1591 1413 1630 una
1467 1591 1593 1630 cum
1641 1574 2012 1630 Marcionibus
2058 1575 2336 1630 Manentes

757 1687 978 1743 quoque
1007 1672 1072 1724 ad
1099 1670 1331 1723 nihilum
1383 1667 1548 1738 redigi
1583 1667 1954 1737 consequitur.
2001 1667 2202 1720 Praeter
2221 1667 2332 1736 jam

755 1766 897 1819 dicta
918 1765 1055 1832 (cap.
1094 1759 1186 1829 '56)
1224 1760 1482 1829 quoniam
1519 1773 1681 1813 omne
1709 1758 1855 1826 quod
1889 1771 1994 1813 non
2024 1767 2106 1812 est
2143 1773 2334 1827 super-

757 1855 1024 1911 natuialis
1055 1849 1347 1909 Trinitatis
1375 1864 1692 1913 commune,
1742 1850 1904 1903 unius
1945 1849 2112 1902 trium
2147 1864 2332 1918 perso-

2514 947 2682 1000 Πάλιν
2710 947 2771 1000 τὸ
2803 948 3081 1019 διαπορεῖν
3113 966 3195 1032 σε,
3247 953 3476 1021 πότερον
3509 953 3611 1022 τὴν
3645 956 3819 1025 αὐτὴν
3855 956 4012 1009 Eur-.6-

2445 1052 2632 1105 ρευσιν
2663 1037 3026 1106 ἐκπορεύεται
3055 1037 3148 1091 τοῦ
3182 1037 3311 1091 Υῐοῦ
3346 1039 3406 1092 τὸ
3441 1040 3687 1113 Πνεῦμα,
3715 1040 3747 1111 ἢ
3779 1042 3874 1110 τῆς
3911 1059 4015 1095 πα-

2439 1128 2621 1200 τρῴας
2647 1127 2945 1192 ἀντίθετον,
2978 1130 3073 1182 καὶ
3107 1129 3498 1184 κοίνωσιντῶν
3548 1124 3823 1200 ίδιοτήτὶυν
3868 1133 4017 1200 ἠγεί-

2414 1217 2566 1272 σθαί
2604 1236 2665 1272 σε
2707 1219 2806 1289 τῆς
2840 1221 3220 1289 ἑκπορεύσεως
3253 1219 3349 1290 τὴν
3392 1221 3723 1292 ταυτότητα,
3755 1222 3866 1290 ἔχει
3919 1224 4016 1291 τὴν
4106 1234 4107 1256 ι

2437 1309 2592 1362 λύσιν
2618 1314 2682 1364 ἐκ
2709 1312 2803 1364 τοῦ
2829 1312 2904 1380 μὴ
2933 1311 3196 1380 πατρικὸν
3225 1306 3362 1364 εἶναι
3390 1312 3584 1381 ίδίωμα
3607 1312 3672 1369 τὸ
3690 1313 3779 1364 τὸν
3803 1314 4015 1382 Πατέρα
4106 1349 4107 1352 η

2437 1402 2498 1454 τὸ
2533 1399 2757 1471 Πνεῦμα
2788 1401 3085 1470 προάγεινο
3121 1402 3240 1454 ἐπεὶ
3279 1402 3446 1471 μηδὲν
3475 1419 3529 1455 τι
3566 1402 3673 1455 τῶν
3707 1403 3805 1454 ὅσα
3834 1406 3900 1455 ὲκ
3922 1403 4012 1455 τοῦ
4106 1427 4107 1430 η

2435 1488 2653 1556 Πατρὸς
2675 1488 2764 1542 διὰ
2784 1488 2877 1541 τοῦ
2906 1488 3036 1542 Υἱοῦ
3068 1489 3312 1558 λέγεται,
3332 1489 3468 1542 ἴδιον
3480 1488 3575 1543 τοῦ
3597 1490 3810 1562 Πατρός
3832 1492 3978 1544 ἐστιν
3997 1509 4011 1522 ·

2435 1577 2559 1630 ὅθεν
2591 1577 2688 1630 καὶ
2717 1578 3002 1632 ἀκολουθεῖ
3035 1582 3147 1641 τοῖς
3189 1580 3480 1649 Μαρκίωσι
3512 1582 4012 1654 συγχαταργείσθαι

2434 1667 2561 1729 τοὺς
2590 1668 2899 1730 Μάνεντας.
2949 1669 3072 1722 Ἐπὶ
3113 1670 3171 1722 δὲ
3201 1673 3312 1733 τοῖς
3343 1672 3656 1740 εἰρημένοις
3690 1673 3879 1740 ἐπειδὴ
3906 1676 4013 1727 πᾶν

2435 1758 2574 1828 ὅπερ
2605 1759 2707 1810 οὐκ
2750 1758 2862 1812 ἐστι
2901 1759 3000 1829 τῆς
3035 1761 3346 1831 ὑπερφυοῦς
3382 1762 3614 1831 Τριάδος
3661 1763 3858 1829 κοινὸν,
3897 1764 4013 1826 ἑνὸς

2434 1849 2545 1902 τῶν
2573 1847 2744 1918 τριῶν
2787 1845 2929 1902 εἶναι
2975 1852 3101 1904 κατ’
3153 1852 3401 1921 ἀνάγκην
3452 1851 3824 1922 διωρισμένως
3860 1853 4011 1918 δοξά-

756 1961 953 2002 narum
981 1943 1293 1999 necessario
1348 1956 1470 1997 esse
1521 1941 1745 1997 definite
1789 1955 2003 2005 censes,
2047 1950 2108 1993 ut
2137 1941 2329 1994 exinde

2435 1937 2570 2002 ζεις,
2607 1936 2675 1989 ἵν’
2704 1936 2955 1990 ἐντεῦθεν
2986 1939 3305 2007 ἀναγκαίως
3349 1944 3728 2012 συμπερανῇς,
3756 1943 3789 2013 ἢ
3825 1943 3888 1995 ἐκ
3917 1944 4011 2014 μό·

754 2035 1084 2091 necessitate
1110 2033 1280 2102 logica
1309 2031 1558 2098 colligas,
1608 2035 1704 2084 aut
1755 2027 1978 2083 θείοιο
2007 2028 2166 2082 Patre
2209 2043 2334 2097 pro-

752 2126 948 2181 cedere
995 2123 1263 2194 Spiritum
1314 2133 1566 2177 sanctum
1609 2129 1706 2174 aut
1739 2134 1805 2173 ex
1842 2119 1960 2172 solo
2003 2116 2165 2181 Filio,
2223 2133 2330 2187 qua

722 2212 1116 2268 conclusione
1145 2225 1244 2266 eos
1265 2209 1359 2278 qui
1411 2224 1473 2264 ex
1512 2207 1648 2262 Filio
1679 2206 1946 2278 Spiritum
1993 2221 2114 2263 esse
2143 2206 2334 2262 dicunt

751 2304 809 2358 in
844 2311 1055 2357 tantum
1096 2299 1450 2365 blasphemia
1478 2297 1671 2369 dejicls
1704 2297 2050 2363 barathrum,
2079 2305 2137 2350 ut
2165 2307 2217 2350 et
2238 2313 2331 2366 ge-

763 2400 1099 2453 nerationem
1127 2409 1252 2451 cum
1303 2393 1604 2462 spiratione
1658 2399 2004 2446 commutare
2034 2399 2089 2445 et
2115 2389 2329 2444 Patrem

750 2503 820 2544 ex
854 2486 993 2541 Filio
1042 2499 1166 2540 esse
1203 2483 1548 2540 comminisci
1595 2482 1920 2536 videantur!
1971 2480 2198 2537 Obsislit
2233 2481 2327 2536 tibi

721 2589 808 2634 'ct
833 2593 901 2634 ex
928 2577 1160 2632 adverso
1184 2583 1293 2630 stat
1315 2572 1615 2642 Gregorius
1647 2572 1934 2642 theologia:
1970 2587 2148 2635 mens,
2183 2588 2328 2626 com-

739 2687 908 2728 mune
974 2684 1097 2726 esse
1146 2669 1336 2724 dicens
1384 2665 1527 2722 Filio
1564 2681 1628 2718 ac
1673 2673 1853 2718 sancto
1906 2663 2156 2733 Spiritui,
2189 2664 2328 2734 quod

749 2773 972 2822 suntex
1009 2762 1195 2826 Patre,
1247 2769 1411 2830 atque
1453 2759 1648 2814 eximie
1697 2757 1983 2826 perspicue
2037 2757 2328 2811 mendaces

747 2871 988 2928 arguens
1014 2870 1139 2917 eos.
1181 2854 1273 2924 qui
1305 2852 1492 2909 dicunt
1519 2869 1533 2905 :
1558 2850 1934 2920 Quodcunque
1987 2849 2041 2903 in
2075 2863 2328 2918 superes-

747 2949 968 3009 sentiali
995 2945 1262 3002 Trinitate
1288 2953 1342 2998 et
1370 2945 1639 3014 cogitatur
1667 2951 1721 2997 et
1758 2943 1964 3002 dicitur
1983 2979 1998 3006 ,
2052 2940 2135 2994 vel
2162 2940 2326 2995 trium

751 3047 838 3096 est
873 3052 1165 3101 commune
1196 3036 1278 3090 vel
1310 3035 1806 3103 uniusprOpi-ium.

821 3132 1094 3187 Praeterea
1144 3128 1403 3197 quoniam
1445 3127 1546 3184 tibi
1601 3126 1880 3182 innovatio
1913 3127 2160 3196 quaedam
2203 3142 2327 3182 csse

2434 2045 2525 2082 νου
2555 2027 2649 2081 τοῦ
2683 2028 2895 2100 [ἰατρὸς
2922 2029 2983 2082 τὸ
3026 2031 3247 2101 Πνεῦμα
3291 2031 3350 2083 τὺ
3384 2033 3540 2100 ἆγιον
3589 2034 4008 2104 ἐκπορεύεσθαι,

2430 2121 2464 2191 ἢ
2493 2122 2561 2174 ὲκ
2603 2121 2766 2189 μόνον
2795 2120 2889 2174 τοῦ
2923 2119 3070 2183 Υίοῦ,
3105 2113 3149 2188 ᾧ
3190 2138 3294 2174 τινι
3338 2123 3765 2193 συμπεράσματι
3797 2125 3926 2186 τοὺς
3949 2126 4014 2178 ἐκ

2431 2209 2525 2263 τοῦ
2551 2207 2683 2262 Υίόῦ
2711 2208 2968 2274 λέγοντας
2997 2205 3136 2263 εἷναι
3181 2210 3244 2263 τὸ
3276 2209 3501 2280 Πνεῦμα
3537 2214 3618 2275 εἰς
3664 2213 3821 2266 τόσον
3851 2212 4014 2280 βλασο

2432 2301 2642 2371 φημίας
2681 2302 2940 2370 ἀπάγεις,
2981 2300 3058 2363 ὡς
3092 2301 3189 2355 καὶ
3232 2301 3332 2371 τὴν
3381 2304 3634 2372 γέννησιν
3660 2306 3726 2372 τῇ
3769 2304 4010 2374 προϐολῇ

2432 2391 2896 2462 συμμετατιθέναι
2925 2393 3022 2446 καὶ
3071 2391 3162 2446 τδν
3194 2394 3412 2464 Πατέρα
3452 2387 3518 2446 εκ
3553 2393 3646 2446 τοῦ
3685 2394 3816 2447 Υίοῦ
3850 2411 4012 2465 τερα-

2429 2483 2705 2551 τολογεῖν·
2739 2483 3185 2538 ἀντικαθίσταταί
3215 2501 3296 2537 σοι
3322 2486 3422 2554 τῆς
3467 2484 3749 2552 θεολογίας
3793 2485 4008 2558 Γρηγο-

2431 2593 2546 2648 ριος
2577 2575 2722 2642 νοῦς,
2757 2577 2967 2644 κοινὸν
2998 2574 3137 2630 εἶναι
3159 2577 3340 2645 λέγων
3374 2576 3481 2642 Ῡίῷ
3512 2576 3613 2630 καί
3640 2577 3788 2646 ἁγίῳ
3816 2579 4010 2632 [Irmi-

2423 2681 2564 2734 ματι
2591 2668 2656 2721 τὸ
2686 2668 2756 2721 ἐκ
2780 2667 2885 2722 τοῦ
2920 2668 3177 2740 Πατρόςι
3204 2667 3493 2721 κάντεῦθεν
3519 2668 3705 2738 σαφῶς
3728 2653 4011 2739 παριστῶν

2428 2757 2643 2824 ψευδεῖς
2700 2743 2839 2811 εἷναι
2894 2761 3021 2822 τοὺς
3074 2759 3366 2827 λεγονταςο
3421 2762 3530 2815 πᾶν
3581 2761 3720 2831 ὃπερ
3772 2761 3867 2814 ἐπὶ
3915 2763 4011 2829 τῆς

2434 2846 2778 2922 ὕπερονσίουγ
2817 2847 3047 2916 Τριὰδος
3084 2850 3177 2902 καὶ
3218 2853 3415 2904 νοεῖται
3449 2853 3545 2904 καὶ
3581 2851 3799 2920 λέγεται
3834 2853 3869 2923 ἢ
3902 2870 4013 2907 κοι-

2429 2936 2518 2990 νόν
2545 2938 2665 2993 ἐστι
2693 2938 2802 2990 τῶν
2831 2940 2998 3010 τριῶν
3033 2940 3066 3012 ἢ
3091 2940 3209 3004 ἑνὸς
3237 2940 3389 2997 ἴδιον.

2500 3119 2627 3190 ,Ἔτι
2658 3118 2714 3172 δὲ
2737 3117 2925 3188 ἐπειδὴ
2962 3119 3280 3190 καινοτομία
3312 3136 3396 3183 τις
3423 3120 3572 3174 δοκεῖ
3597 3139 3678 3175 σοι
3707 3123 3803 3176 τοῦ
3837 3125 4012 3179 Πλεύ-

747 3219 970 3276 videtur
1006 3221 1155 3288 (cap.
1183 3218 1274 3287 57)
1311 3217 1457 3273 circa
1489 3217 1774 3286 Spiritum,
1823 3217 1870 3272 si
1907 3218 1954 3271 is
1978 3233 2043 3271 ex
2080 3218 2242 3273 Patre
2271 3228 2323 3274 et

2439 3228 2628 3279 ματος,
2658 3212 2753 3264 ἐὰν
2784 3210 3227 3282 ullas-pepuli
3260 3211 3391 3266 Υίοῦ
3433 3213 3593 3266 τοῦτο
3639 3217 4013 3286 ἐκπορευόμε-

751 3313 894 3368 Filio
957 3312 1281 3382 procedens,
1311 3325 1416 3364 non
1446 3309 1608 3363 etiam
1677 3308 1790 3379 ipse
1841 3308 1986 3364 aliud
2028 3310 2325 3382 quidquam

2436 3320 2523 3356 νον
2551 3303 2672 3372 ούχὶ
2715 3303 2810 3356 καὶ
2843 3303 2975 3358 αὐτὸ
3023 3303 3210 3372 ἕτερόν
3241 3320 3292 3355 τι
3341 3304 3603 3379 ὲκπέμπῃ
3637 3307 3735 3376 (ι),
3772 3308 3848 3376 μὴ
3892 3325 4012 3360 κοι-
4112 3315 4113 3318 ‘

747 3405 951 3458 mittit:
977 3403 1081 3456 hoc
1095 3401 1409 3471 neutiquam
1434 3400 1839 3455 innovationcm
1879 3416 1999 3456 esse
2029 3416 2188 3456 verus
2215 3416 2329 3456 ser-

749 3512 842 3551 mo
892 3510 954 3548 ex
999 3509 1065 3549 eo
1114 3493 1486 3555 demonstrat,
1518 3491 1662 3560 quod
1696 3489 1936 3561 Spiritus
1988 3492 2208 3559 quidem
2261 3507 2327 3547 ex

746 3588 906 3639 Pam:
947 3592 1030 3638 cst
1074 3598 1169 3652 per
1203 3581 1429 3647 Filium,
1463 3596 1569 3634 non
1605 3589 1781 3634 autem
1826 3596 1924 3651 per
1955 3579 2220 3652 Spiritum
2246 3591 2330 3638 est

747 3677 879 3744 quid
908 3673 1076 3727 aliud.
1097 3669 1234 3726 Nam
1261 3685 1450 3726 verum
1482 3679 1570 3725 est
1605 3671 1813 3733 dicere,
1854 3685 1951 3739 per
1972 3667 2172 3723 Filium
2208 3685 2330 3726 esse

750 3764 1014 3838 spiritum
1048 3778 1111 3819 ex
1146 3762 1306 3816 Patre
1354 3769 1409 3813 et
1445 3773 1568 3813 esse
1590 3773 1655 3815 ex
1699 3767 1966 3828 utroque;
2026 3773 2124 3831 per
2155 3757 2328 3828 Spiri-

741 3867 864 3911 tum
902 3871 950 3906 vr
971 3868 1031 3907 ro
1068 3852 1199 3906 nihil
1232 3849 1379 3908 aliud
1407 3859 1492 3904 est
1521 3865 1586 3903 ex
1616 3847 1814 3904 Patre:
1849 3865 1957 3903 non
1985 3857 2160 3918 potest
2197 3861 2329 3918 ergo

751 3949 860 4000 diei
905 3948 952 4000 al
980 3945 1050 4000 ud
1092 3944 1389 4015 quodpiam
1427 3957 1492 3996 ex
1536 3941 1743 4010 Spiritu
1767 3953 1919 3996 esse.
1971 3941 2036 3996 Et
2063 3941 2210 3995 nulla
2241 3935 2330 3996 hic

747 4048 1009 4093 caeterinn
1045 4034 1282 4108 Spiritus
1320 4035 1597 4090 innovatio
1632 4042 1874 4102 apparet,
1916 4034 2020 4086 etsi
2052 4038 2160 4087 non
2199 4047 2326 4102 pro-

748 4127 898 4185 cedit
923 4142 987 4181 ετ
1015 4127 1134 4198 ipso
1168 4125 1315 4181 aliud
1353 4123 1679 4196 quidquam,
1704 4129 1872 4193 quam
1909 4123 2039 4176 nihil
2074 4125 2220 4178 aliud
2258 4123 2329 4178 sit

747 4238 814 4274 ex
876 4220 1036 4275 Patre
1091 4233 1185 4290 per
1219 4219 1399 4290 ipsum
1465 4215 1738 4285 ejusmodi
1800 4225 2020 4284 quoque
2073 4226 2159 4270 cst
2222 4217 2326 4281 eis,

749 4329 911 4382 quem
946 4324 1132 4383 putas,
1197 4326 1506 4381 propensus
1553 4312 1604 4361 in
1641 4311 1867 4363 alteram
1917 4318 2123 4377 partem
2174 4308 2329 4363 favor

747 4403 1039 4471 Patrisque
1069 4402 1237 4454 nimia
1274 4400 1326 4452 iu
1363 4397 1559 4453 Filium
1596 4396 1847 4464 aﬂ'ectio;
1897 4409 2063 4466 atque
2097 4401 2327 4468 privatio

749 4504 805 4548 ct
861 4493 1226 4551 dehaudatiu,
1306 4507 1416 4561 qua
1465 4489 1705 4559 Spiritus
1765 4491 2068 4559 aequalibus
2105 4490 2324 4558 jnribus

2433 3395 2692 3462 νοτομίαν
2724 3395 2881 3447 τοῦτο
2910 3398 2939 3448 ὁ
2977 3395 3181 3466 ἀληθὴς
3215 3394 3563 3460 ἀποδείκνυσι
3604 3397 3781 3464 λόγος,
3815 3401 3881 3450 ὲκ
3918 3397 4009 3451 τοῦ

2432 3480 2572 3538 εἶναι
2602 3486 2697 3554 μὲν
2741 3486 2799 3538 τὸ
2851 3486 3071 3555 Πνεῦμα
3117 3489 3180 3539 ἐκ
3208 3487 3304 3539 τοῦ
3343 3485 3554 3555 [ἰατρὸς
3595 3487 3686 3541 διὰ
3727 3488 3882 3551 Υίοῦ,
3932 3491 4009 3559 μὴ

2432 3571 2571 3630 εἶναι
2626 3576 2682 3628 δὲ
2717 3576 2807 3633 διὰ
2862 3578 2957 3629 τοῦ
2990 3578 3304 3647 Πνεύματος
3350 3572 3585 3648 ’ἕτερον’
3627 3580 3710 3632 ὅτι
3762 3583 3871 3651 γὰρ
3919 3581 4011 3634 διὰ

2433 3667 2564 3719 Υίοῦ
2601 3666 2662 3721 τὸ
2706 3668 2929 3736 Πνεῦμα
2974 3669 3037 3721 ὲκ
3067 3668 3164 3721 τοῦ
3201 3671 3432 3739 Πατρὸς,
3457 3673 3561 3727 -καὶ
3598 3673 3659 3737 ἐξ
3698 3673 3898 3741 ἀμφοῖν
3922 3673 4042 3724 ).ἑ-’

2430 3773 2550 3824 γειν
2586 3757 2724 3815 αὐτὸ
2771 3759 2967 3830 ἀληθές
3005 3760 3151 3812 ἔστι·
3202 3761 3283 3813 ὅτι
3313 3763 3368 3815 δὲ
3413 3763 3502 3815 διὰ
3543 3764 3636 3816 τοῦ
3690 3763 4009 3832 Πκιεύματος

2429 3850 2581 3907 οὐδὲν
2627 3850 2816 3920 ἕτερόν
2864 3854 3012 3905 ἐστιν
3054 3853 3118 3905 ἐκ
3171 3837 3402 3922 Πατρὸς,
3437 3855 3567 3917 πῶς·
3601 3857 3665 3908 ἂν
3696 3856 3780 3924 εἴη
3830 3843 4011 3922 λέήειν

2430 3940 2524 3992 καὶ
2553 3939 2740 4004 ἔτερόν
2767 3958 2819 3994 τι
2872 3941 3243 4012 προέρχεσθαι
3283 3944 3349 3995 ὲκ
3378 3944 3471 3996 τοῦ
3526 3945 3877 4012 Πνεύματοςς
3911 3945 4008 3996 καὶ

2429 4028 2656 4099 οὐδεμία
2695 4031 3015 4098 καινοτομία
3067 4032 3250 4087 λοιπὸν
3278 4032 3371 4085 τοῦ
3410 4033 3726 4103 Πνεύματος
3775 4033 4012 4100 ἀναφαί-

2429 4135 2602 4183 νεται,
2634 4117 2684 4170 εί
2710 4120 2803 4171 καὶ
2837 4118 2916 4189 μὴ
2956 4119 3144 4190 ἕτερόν
3176 4137 3227 4177 τι
3258 4121 3425 4175 αὑτοῦ
3471 4124 3848 4194 ἐκπορεύεται,
3885 4125 4012 4177 ἐπεὶ

2433 4210 2600 4279 μηδὲν
2645 4210 2697 4262 τί
2745 4211 2894 4263 ἐστιν
2941 4209 3131 4281 ἕτερον
3178 4210 3242 4264 sse
3289 4211 3384 4265 τοῦ
3435 4213 3650 4283 [ἰατρὸς
3695 4213 3765 4266 δι’
3813 4212 4006 4267 αὑτοῦ.

2440 4303 2660 4355 Ὀποῖόν
2694 4303 2749 4354 τί
2800 4305 2916 4358 ἐστι
2970 4305 3065 4362 καὶ
3098 4304 3134 4373 ὴ
3176 4304 3508 4377 νομιζομένη
3540 4322 3620 4357 σοι
3644 4286 4010 4375 ’ἑτεροκλινὴς

2434 4393 2718 4464 φιλοτιμία
2742 4394 2835 4446 τοῦ
2872 4395 3083 4464 Πατρὸς
3126 4395 3261 4464 πρὸς
3293 4397 3384 4448 τὸν
3406 4395 3646 4453 Υίὸνκαὶ
3675 4398 3707 4465 ὴ
3734 4396 3842 4448 τῶν
3875 4396 4009 4450 ἴσων

2430 4485 2608 4555 γερῶν
2643 4487 2736 4537 τοῦ
2765 4484 3090 4554 Πνεύμσ.τος
3124 4487 3513 4561 ἁποστέρησις,
3550 4489 3597 4539 εί
3629 4487 3706 4556 μὴ
3740 4488 3834 4540 καὶ
3873 4487 4008 4541 αὐτὸ

752 4588 1041 4656 εμιιὶοιιιτ,
1091 4585 1197 4639 nisi
1233 4596 1284 4638 et
1313 4586 1435 4654 ipse
1477 4599 1539 4636 ex
1569 4583 1762 4637 eadem
1813 4598 1938 4637 cum
1975 4581 2108 4636 Filio
2162 4598 2326 4638 causa

2432 4579 2494 4628 ὲκ
2518 4575 2619 4646 τῆς
2665 4575 2834 4646 αὐτῆς
2871 4576 2947 4646 τῷ
2974 4576 3088 4645 Υἰῷ
3121 4577 3400 4647 ὁμοτίμως
3431 4578 3795 4651 προεληλυθὸς
3823 4580 4006 4643 αἰτίας

749 4677 871 4745 pari
908 4685 1115 4730 honore
1143 4689 1472 4744 progressus
1520 4675 1665 4726 aliud
1709 4674 2002 4743 quidquam
2054 4679 2319 4741 producat

752 4766 940 4840 (caput
966 4770 1080 4835 38).
1107 4766 1256 4825 Scito
1280 4771 1448 4830 enim,
1487 4766 1588 4819 hoc
1613 4781 1720 4819 non
1746 4781 1866 4819 esse
1894 4767 2194 4822 secundum
2228 4766 2329 4818 ali-

754 4879 917 4932 quem
957 4864 1134 4918 Patiis
1182 4876 1309 4932 erga
1363 4858 1559 4912 Filium
1605 4854 1842 4912 faverem
1899 4851 2326 4928 propensiorem,

761 4972 953 5010 verum
988 4955 1116 5024 quia
1164 4954 1335 5006 Filius
1359 4952 1576 5020 quidem
1615 4958 1698 5003 est
1746 4950 1797 5001 in
1844 4947 2108 5010 'l'rnitale
2137 4946 2327 5010 Filius,

727 5049 990 5117 Spiritus
1022 5061 1148 5098 vero
1177 5043 1419 5112 Spiritus
1459 5049 1714 5105 sanctus,
1752 5048 1804 5092 et
1840 5053 2014 5108 neque
2047 5036 2214 5091 Filius
2241 5048 2325 5093 est

762 5135 1018 5202 Spiritus.
1070 5147 1247 5201 neque
1295 5127 1467 5204 Filius
1502 5127 1764 5198 Spiritus,
1809 5142 1872 5180 ex
1924 5125 2060 5179 Filio
2106 5127 2325 5195 quidem

757 5227 961 5280 dicitur
1009 5239 1129 5277 esse
1184 5205 1444 5292 Spiritus,
1497 5222 1646 5290 quia.
1686 5220 1762 5274 Ex
1810 5215 1968 5272 Patre
1998 5234 2094 5286 per
2130 5217 2328 5280 Filium

757 5326 873 5372 cst:
909 5329 971 5368 ex
1011 5313 1218 5379 Spiritu
1258 5327 1384 5364 κει-ο
1419 5305 1552 5362 nihil
1601 5309 1748 5362 aliud
1796 5310 1996 5361 dicitur
2029 5323 2171 5372 esse,
2202 5310 2326 5377 quia

758 5407 891 5459 nihil
921 5417 1005 5459 est
1036 5420 1101 5458 ex
1138 5405 1295 5454 Patre
1319 5417 1412 5470 per
1445 5401 1733 5468 Spiritum.

829 5499 1068 5553 Rursum
1101 5498 1244 5563 (cap.
1273 5494 1362 5562 59)
1385 5496 1512 5547 dum
1540 5494 1590 5546 in
1613 5507 1835 5547 cauSrni
1874 5492 2084 5545 Patrem
2107 5490 2331 5544 Filium-

757 5608 864 5660 que
897 5590 1098 5644 dividis
1131 5599 1183 5642 ct
1228 5588 1400 5656 magis
1433 5603 1493 5640 ac
1526 5589 1705 5640 minus
1736 5587 1788 5638 in
1821 5597 2137 5638 causatione
2170 5595 2331 5652 atque

760 5682 1090 5737 adscitiiium
1142 5691 1197 5734 et
1241 5682 1490 5747 spurium
1537 5681 1677 5731 inter
1713 5691 1808 5732 cos
1841 5675 2107 5745 contingis
2145 5685 2200 5728 et
2233 5675 2333 5727 du-

781 5924 785 5926 _
829 5863 903 5926 ill
926 5861 1058 5917 COd.
1096 5862 1392 5926 ἐκπέμπει,

2431 4668 2618 4738 ἕτερόν
2663 4685 2718 4720 τι
2769 4667 3058 4738 προίησιν·
3104 4665 3212 4720 [adt
3242 4671 3371 4740 γὰρ.
3417 4668 3490 4730 ὡς
3537 4671 3658 4738 οὐχὶ
3709 4672 3850 4724 κατά
3881 4687 4005 4723 τινα

2433 4759 2750 4830 ἑτεροκλινῆ
2807 4757 3118 4826 φιλοτιμίαν
3165 4759 3258 4810 τοῦ
3312 4758 3522 4828 Πατρὺς
3557 4759 3692 4827 πρὸς
3746 4760 3835 4811 τὸν
3877 4760 4007 4813 Υἱὸν

2433 4851 2577 4900 τοῦτ’
2601 4848 2770 4910 ἐστιν,
2810 4846 3083 4918 ἀλλἠὲπεὶ
3110 4848 3234 4909 Υἱὸς
3271 4848 3370 4918 μέν
3398 4850 3545 4900 ἐστιν
3570 4849 3629 4900 ὲν
3659 4851 3722 4918 τῇ
3761 4848 3948 4918 Τριάδι
3980 4853 4006 4901 ὁ

2433 4939 2580 5000 Υνίὸς,
2638 4937 2860 5007 Πνεῦμα
2891 4936 2945 4989 δὲ
2993 4937 3050 4989 τὸ
3101 4935 3326 5007 Πνεῦμα
3364 4937 3425 4991 τὸ
3477 4940 3653 5007 ἅγιον,
3687 4941 3780 4992 καὶ
3833 4940 3946 4992 οὐθ’
3980 4946 4008 4993 ό

2433 5027 2560 5090 Υἱὸς
2616 5027 2843 5096 Πνεῦμα
2873 5030 3043 5092 ἐστιν,
3091 5026 3215 5080 οὔτε
3253 5028 3312 5080 τὸ
3353 5029 3580 5098 Πνεῦμα
3615 5029 3762 5095 Υίδς,
3807 5031 3873 5084 ὲκ
3908 5031 4007 5100 μὲν

2431 5121 2524 5173 τοῦ
2562 5120 2692 5173 Υίοῦ
2723 5120 2942 5187 λέγεται
2977 5117 3114 5172 εἶναι
3143 5119 3204 5172 τὸ
3239 5119 3464 5190 Πνεῦμα
3491 5118 3580 5172 διὰ
3607 5120 3670 5173 τὺ
3707 5124 3771 5174 ἐκ
3795 5121 4007 5193 [ἰατρὸς

2430 5214 2497 5263 δι’
2529 5212 2660 5266 Υίοῦ
2716 5208 2852 5265 εἶναι
2887 5212 3020 5266 αὑτό
3087 5214 3153 5264 ὲκ
3183 5211 3239 5264 δὲ
3267 5211 3361 5265 τοῦ
3419 5211 3734 5280 Πνεύματος
3779 5213 3930 5266 οὐδέν
3958 5229 4009 5264 τι

2431 5303 2648 5370 λέγεται
2685 5305 2872 5374 ἕτερον
2900 5304 2986 5360 διὰ
3011 5309 3014 5312 ’
3042 5304 3104 5356 τὸ
3136 5303 3302 5374 μηδέν
3329 5320 3382 5356 τι
3412 5299 3674 5363 εἷναι,διὰ
3701 5302 3794 5356 τοῦ
3815 5326 3824 5344 ι
3843 5305 4012 5356 Πνεύ-

2435 5413 2602 5464 ματος
2633 5399 2695 5447 ὲκ
2729 5397 2961 5466 Πατρός.

2508 5489 2674 5541 Πάλιν
2708 5489 2783 5548 εἰ,
2812 5491 2984 5540 αἴτιον
3006 5490 3098 5540 τὸν
3131 5487 3346 5560 Πατέρα
3376 5487 3472 5543 καὶ
3499 5488 3592 5541 τὸν
3619 5487 3748 5540 Υίὸν
3781 5487 4008 5554 διαιρῶν

2431 5581 2523 5631 καὶ
2545 5581 2604 5631 τὸ
2632 5579 2832 5647 μᾶλλον
2855 5583 2950 5633 καὶ
2975 5575 3135 5651 ἦττον
3167 5579 3264 5647 τῆς
3285 5579 3465 5641 αίτίας
3491 5571 3582 5631 καὶ
3603 5577 3662 5630 τὺ
3685 5579 4009 5631 ἐπείσακτον

2434 5671 2526 5724 καὶ
2558 5672 2707 5724 νόθον
2739 5673 2938 5741 μεταξὺ
2965 5669 3170 5725 τούτων
3191 5672 3554 5742 συμπλάττων
3586 5671 3679 5723 καὶ
3707 5671 4007 5739 διαπορῶν,
