4168 6534
263 465 366 525 797

1038 458 1478 522 REFUTATIO
1517 457 1887 519 PHOTIANI
1933 455 2147 518 LIBRI
2192 454 2286 512 DE
2328 452 2641 513 SPlRlTU
2685 453 2745 514 S.

3431 442 3536 507 798

264 583 456 652 Πατὴρ
487 576 646 634 εἶναι
696 580 798 634 τοῦ
844 579 1015 644 Υἱοῦ;
1049 575 1172 650 Ἆρ’
1208 575 1301 633 οὖν
1351 580 1416 631 σὺ
1453 578 1528 648 (ll
1561 579 1647 632 διά
1692 577 1850 632 τοῦτο

1955 579 2096 631 citur
2125 584 2179 629 et
2213 574 2371 628 Pater
2399 587 2512 627 esse
2553 569 2728 624 Filii?
2771 566 2913 636 Ergo
2949 567 3236 634 propterea
3263 568 3315 615 et
3355 570 3410 614 tu
3444 576 3537 631 ge-

261 675 360 725 xzi
385 673 647 742 γέννησιν
689 670 1050 740 ἀναστρέψεις
1098 671 1277 741 αὐτῷς
1322 673 1384 725 Εἰ
1417 673 1462 724 δ’
1489 675 1516 724 ό
1543 672 1731 744 Πατὴρ
1759 670 1845 725 λέ-

258 779 421 829 γιται
456 763 555 832 μὲν
585 762 678 815 τοῦ
706 750 859 827 Υἱοῦ,
890 765 988 832 οὐχ
1024 747 1105 816 ὃτι
1136 765 1480 836 γεγέννηται,
1517 764 1630 817 ἀλλ’
1655 762 1844 833 ἐπειδὴ

255 854 581 922 ὀμοούσιος·
623 856 674 906 εἰ
716 854 893 922 βούλει
937 854 996 907 δὲ
1049 856 1138 908 καὶ
1199 857 1279 908 ὅτι
1337 855 1687 924 γεγέννηται·
1727 856 1844 916 πῶς

260 943 498 997 δνταῦθά
525 959 606 996 σοι
645 944 713 996 τὸ
760 944 1004 1013 Πνεῦμα
1044 945 1208 1014 ῥηθὲν
1252 944 1361 998 τοῦ
1411 944 1551 998 Υίοῦ
1590 943 1711 996 ἀντὶ
1749 942 1842 996 τοῦ

260 1033 446 1102 λέγειν
474 1032 629 1090 αὐτὸ,
647 1031 820 1086 αῖτιον
851 1033 947 1086 καὶ¹
976 1033 1302 1103 προαγωγὸν
1338 1036 1418 1095 εἰς
1447 1034 1546 1103 τὴν
1588 1032 1680 1085 τοῦ
1710 1049 1843 1102 προ-

262 1124 536 1193 αγομένου
568 1124 665 1177 καὶ⁸
688 1124 934 1178 αἰτιατοῦ
968 1125 1121 1188 τάξιν
1155 1124 1472 1195 tropaeum];
1507 1125 1568 1178 El
1596 1123 1702 1193 γάρ
1739 1123 1842 1178 πού

265 1232 324 1269 σε
360 1216 454 1269 καὶ
483 1214 701 1268 ἀσεὸεἷν
723 1216 811 1270 διὰ
843 1217 940 1286 τῆς
978 1216 1089 1270 τῶν
1118 1215 1310 1284 φωνῶν
1355 1216 1670 1285 ὁμοιότητος
1703 1216 1842 1284 ἔρως

263 1309 535 1375 κατεῖχεν,
573 1306 766 1376 ἐπίσης
800 1306 899 1377 μιν
924 1308 991 1360 ἂν
1021 1302 1090 1377 ἧς
1121 1305 1332 1360 ἀσεϐῶν
1353 1305 1542 1376 ὥσπερ
1579 1305 1843 1374 προϐολέα

261 1399 323 1451 τὸ
361 1400 582 1469 Πνεῦμα
623 1400 795 1467 λέγων
827 1399 922 1452 τοῦ
960 1399 1113 1462 Υἰοῦ,
1148 1397 1318 1461 οὕτως
1360 1399 1456 1451 καὶ
1486 1399 1550 1454 τὸ
1573 1397 1843 1451 ἀνάπαλιν

258 1489 355 1544 τοῦ
387 1489 524 1542 Πνεύ
533 1509 702 1553 ματος
731 1493 821 1543 τὸν
867 1491 993 1544 Υἱόν
1017 1506 1031 1520 ⁸
1074 1490 1212 1558 πλὴν
1241 1489 1356 1542 ἀλλ’
1387 1489 1422 1559 ἦ
1453 1505 1513 1556 γε
1549 1490 1729 1558 πλάνη
1755 1489 1844 1542 δια

255 1597 405 1642 τινος
449 1581 514 1634 ἂν
545 1582 799 1654 ἀφορμῆς
831 1583 924 1634 καὶ
960 1581 1403 1651 παραδείγματος
1442 1580 1614 1633 ἐδόκει
1656 1580 1842 1650 προϊέ-

257 1685 381 1722 ναι’
412 1669 506 1722 νῦν
536 1670 590 1722 δέ
625 1688 707 1722 σοι
731 1671 822 1722 καὶ
869 1670 929 1724 τὸ
965 1671 1160 1737 ἄλογον
1192 1669 1455 1739 θεομαχεῖ
1487 1669 1581 1722 καὶ
1613 1668 1671 1721 τὸ
1725 1668 1844 1720 Θεο-

261 1755 437 1832 μάχον
474 1761 607 1832 πρὸς
631 1762 692 1814 τὸ
729 1761 1041 1832 ἔμπληκτον
1073 1761 1200 1829 πεξοὶ
1227 1762 1326 1830 τῆς
1351 1760 1656 1831 ὑπερϐολῆς
1691 1757 1840 1828 φιλο-

259 1856 434 1906 νεικεῖ
457 1855 548 1904 καὶ
577 1852 870 1922 ἀντερίζει.

1950 668 2132 722 nerari
2175 681 2202 719 a
2234 666 2372 720 Filio
2427 664 2643 719 Patrem
2693 656 2992 714 aiiirmabis
3030 655 3054 708 ἰ
3093 652 3248 720 Quod
3283 652 3331 706 si
3374 649 3536 706 Pater

1945 759 2144 814 dicitur
2178 756 2320 821 Filii,
2354 769 2462 810 non
2512 753 2640 822 quia
2672 758 2984 821 generatus,
3014 746 3107 800 sed
3132 744 3260 813 quia
3287 741 3535 796 consub-

1945 852 2220 907 stantialis
2239 860 2338 915 est,
2355 850 2437 903 vel
2468 848 2514 902 si
2543 847 2650 912 vis,
2672 850 2728 898 et
2763 843 2890 913 quia
2911 840 3128 911 genitus
3155 837 3258 892 fuit
3281 836 3531 903 (Filius),

1945 945 2221 1015 quomodo
2252 943 2342 997 hic
2383 950 2437 996 tu
2479 939 2705 994 audiens
2757 935 3018 1000 Spiritum
3061 929 3215 996 Filii,
3249 945 3357 983 non
3402 942 3535 981 cau-

1945 1055 2064 1094 sam
2100 1052 2222 1090 cum
2267 1049 2329 1088 ac
2353 1032 2740 1104 productorem
2779 1026 3005 1087 asseris.
3054 1023 3146 1078 sed
3195 1025 3247 1075 iu
3281 1019 3533 1089 producti

1946 1140 2000 1185 et
2030 1128 2240 1182 causati
2308 1124 2555 1180 ordinem
2605 1118 2852 1174 traducis
2877 1125 2931 1172 et
2964 1115 3262 1170 detrudis?
3323 1111 3457 1165 Nam
3485 1110 3533 1164 si

1944 1222 2086 1275 forte
2124 1218 2351 1287 impium
2381 1224 2434 1269 te
2464 1213 2725 1268 exhibere
2759 1225 2855 1280 per
2886 1223 3078 1263 vocum
3115 1203 3533 1260 similitudinem

1945 1311 2230 1381 cupiebas,
2259 1323 2414 1377 aeque
2444 1304 2738 1359 exsisteres
2765 1301 2964 1368 impius
2992 1296 3228 1352 dicendo
3262 1293 3530 1362 Spiritum

1946 1404 2328 1474 productorem
2369 1396 2487 1451 Filii
2525 1411 2586 1450 ac
2619 1395 2733 1447 vice
2759 1405 2929 1446 versa
2980 1389 3180 1443 Filium
3227 1387 3532 1456 producto-

1947 1508 2063 1547 rem
2099 1491 2332 1558 Spiritus
2365 1504 2381 1554 ;
2417 1488 2522 1542 nisi
2571 1486 2713 1554 quod
2760 1483 2850 1537 hic
2885 1496 3040 1536 error
3097 1495 3192 1548 per
3225 1478 3517 1547 quamdam

1943 1585 2057 1638 veri
2097 1574 2330 1652 speciem
2390 1578 2677 1648 procedere
2705 1585 2759 1630 et
2802 1575 3054 1643 exemplo
3091 1569 3405 1627 conﬁrmari
3452 1567 3531 1619 vi-

1945 1675 2189 1728 deretur.
2261 1671 2414 1725 Nunc
2476 1685 2602 1723 vero
2686 1676 2740 1720 et
2780 1664 3090 1720 absurditas
3160 1670 3252 1716 tua
3316 1658 3535 1713 exsist’t

1944 1765 2109 1834 impia
2163 1774 2216 1818 et
2252 1763 2500 1830 impietas
2552 1775 2675 1814 cum
2730 1757 2966 1813 stultitia
3030 1757 3096 1809 de
3160 1751 3529 1823 praecellentia

1945 1856 2226 1912 contendit
2259 1869 2322 1908 ac
2355 1853 2546 1921 litigat.

335 1951 438 2012 νγ’.
486 1915 773 2013 Ἱερολογεῖ
818 1943 997 1996 τοίνυν
1047 1945 1079 2012 ἡ
1115 1941 1411 2010 Ἐκκλησία
1459 1941 1673 1994 καὶτὸν
1717 1941 1844 1992 Υῖδν

2020 1945 2107 2000 53.
2138 1945 2400 1999 Praulicat
2432 1915 2864 2012 igitur'Ecclesia
2887 1949 2941 1994 ct
2963 1938 3161 1993 Filium
3196 1953 3319 1992 esse
3348 1934 3530 1990 Patris

259 2031 405 2090 εῖναι
437 2037 529 2089 τοῦ
559 2038 791 2106 Πατρός,
823 2037 917 2089 καὶ
940 2037 1029 2088 τὸν
1053 2036 1271 2106 Πατέρα
1298 2034 1388 2087 τοῦ
1419 2035 1549 2087 Υἱοῦ
1570 2051 1584 2064 ·
1616 2035 1707 2087 καὶ
1735 2033 1844 2101 γὰρ

259 2129 520 2197 δμοούσια
543 2145 555 2157 ’
607 2129 702 2181 καὶ
734 2129 794 2181 ού
825 2129 998 2197 δήπου
1041 2128 1177 2180 διότι
1221 2127 1552 2193 Θεολογεῖται
1583 2125 1842 2194 γεγεννῆο

263 2219 390 2271 σθαι
419 2221 444 2271 ό
476 2219 602 2282 Υἱὸς
632 2223 696 2271 ἐκ
733 2218 826 2271 τοῦ
863 2214 1096 2286 Πατρὶς,
1144 2217 1237 2271 καὶ
1280 2218 1413 2270 διότι
1449 2217 1664 2283 λέγεται
1696 2217 1791 2268 καὶ
1817 2217 1845 2266 ό

261 2311 457 2379 Πατὴρ
479 2311 572 2362 τοῦ
617 2295 768 2366 Tino.
800 2311 887 2363 διὰ
931 2311 1089 2362 τοῦτο
1119 2309 1212 2363 καὶ
1245 2309 1514 2363 ἀνάπαλιν
1560 2310 1846 2376 δυσφημή-

266 2417 436 2469 σομεν
456 2410 468 2427 ⁸
497 2400 668 2464 οὕτως
697 2400 790 2453 οὖν
809 2400 1024 2456 κᾶπειτ’
1040 2402 1106 2454 ἂν
1126 2400 1508 2470 ίερολογοῦμεν
1529 2400 1587 2450 τὸ
1617 2399 1843 2466 Πνεῦμα

266 2487 406 2545 εἶναι
438 2490 533 2544 τοῦ
580 2492 790 2560 Πατρός
838 2493 932 2544 καὶ
985 2490 1078 2544 τοῦ
1120 2491 1274 2554 Υίοῦ,
1311 2490 1371 2544 τὸ
1430 2491 1528 2557 μὲν
1559 2489 1845 2558 ὁμοούσιον

268 2581 483 2645 πάντως
515 2583 648 2651 πρὸς
694 2583 953 2651 ἑκάτερον
991 2584 1110 2641 ταῖς
1162 2583 1365 2650 φωναῖς
1417 2582 1841 2649 συνεισάγομεν·

264 2672 424 2740 ῖσμεν
470 2672 514 2723 δ’
542 2672 624 2724 ὅτι
674 2671 956 2740 ὁμοούσιον
992 2672 1091 2739 μὲν
1138 2673 1255 2724 itm
1299 2670 1376 2741 τῷ
1427 2669 1558 2739 ne,
1611 2671 1734 2739 oux,
1761 2670 1842 2722 ὃτι

263 2762 622 2834 διαπορεύεται
663 2764 896 2830 (ἄπαγε’
931 2763 1051 2814 ἐπεὶ
1102 2764 1242 2832 μηδὲ
1277 2763 1526 2824 κάκεῖνος
1578 2761 1726 2830 αὐτῷ
1756 2761 1842 2813 διά

264 2853 364 2925 τὴν
396 2854 698 2924 γέννησιν),
728 2854 841 2908 ἀλλ’
867 2855 947 2905 ὅτι
979 2853 1039 2918 ἐξ
1066 2855 1180 2914 ἑνὸς
1207 2853 1302 2906 καλ⁸
1327 2852 1626 2922 ἀμερίστου
1665 2852 1842 2904 αἰτίου

266 2946 371 3017 πρὸ
403 2947 611 3000 αἰώνων
642 2961 698 2998 τε
724 2947 817 3000 καὶ
850 2944 1134 3015 όμοταγῶς
1161 2944 1409 3014 ἑκατέρῳ
1437 2946 1468 3015 ἠ
1499 2943 1742 3014 πρόοδος.

334 3223 528 3278 νδ’.-Τὸ
559 3223 800 3292 Πνεῦμα
823 3219 934 3278 τοῦ
977 3224 1112 3280 Υἱοῦ
1141 3225 1351 3280 αὑτοῦ.
1376 3225 1560 3291 Σύνες,
1586 3217 1632 3278 ὧ
1663 3218 1839 3288 οὗτος,

267 3319 361 3367 καὶ
396 3316 470 3384 μὴ
504 3316 602 3383 τὴν
634 3315 725 3366 τοῦ
774 3316 1016 3386 κήρυκος
1051 3317 1154 3386 τῆς
1195 3317 1457 3387 ἀληθείας
1503 3316 1757 3385 θεόοοφόν
1781 3333 1842 3368 τε

263 3409 357 3458 καὶ
381 3405 647 3473 σωτήριον
673 3405 852 3476 φωνὴν
872 3405 1114 3475 ὀλεθρίου
1138 3406 1347 3468 πάθους
1370 3405 1554 3475 σαυτῷ
1579 3405 1846 3458 συσκευά-⁸

263 3497 365 3566 ζῃς
397 3482 813 3551 ὑπόθεσιν.’ὔύκ
863 3497 1009 3549 ἐστιν
1045 3496 1290 3566 ἐργώδης
1329 3501 1360 3564 η
1419 3497 1709 3566 ἀνάληψις,
1741 3496 1842 3549 οὐκ

261 3589 523 3655 ὀξυτέρας
562 3588 732 3640 δεῖται
775 3590 973 3658 φρενὸς
1024 3588 1148 3640 οὐδῑ
1167 3588 1494 3656 ὲμὸαθύνειν
1522 3588 1844 3657 ἐρρωμένης

261 3685 373 3739 τοὶς
407 3682 830 3749 κρνφιωτέροις·
866 3681 993 3734 ἀλλο
1035 3681 1316 3751 σημαίνει,
1359 3681 1426 3732 τὸ
1462 3680 1708 3748 Πνεῦμα
1735 3679 1843 3733 τοῦ

271 3769 409 3823 Flet)
431 3770 640 3832 αὐτοῦ,
675 3773 769 3823 καὶ
790 3770 977 3839 ἕτερον
1006 3774 1378 3841 μυσταγωγεῖ,
1410 3771 1476 3825 τὸ
1509 3772 1753 3840 Πνεῦμα
1778 3771 1840 3824 τὸ

259 3868 327 3920 ἐκ
347 3867 452 3920 τοῦ
489 3867 716 3933 Πατρός
737 3869 1234 3936 ἐκπορευόμενον.
1264 3869 1416 3936 Μηδέ
1446 3885 1505 3919 σε
1533 3869 1566 3938 ἡ
1590 3867 1844 3938 ὁμοιότης

259 3959 369 4012 τῶν
397 3959 654 4012 πτώσεων
682 3962 760 4022 εἰς
784 3961 999 4014 ἀνίατον
1021 3961 1394 4013 συνελαυνέτω
1420 3961 1637 4029 πτῶμα.
1666 3961 1844 4015 Πολλά

260 4052 371 4121 γὰρ
405 4053 511 4103 τῶν
555 4052 816 4121 ῥημάτων
865 4052 943 4121 τῷ
969 4052 1135 4121 ὁμοίῳ
1159 4053 1511 4122 προαγόμενα
1537 4052 1634 4121 τῆς
1661 4054 1842 4120 φωνῆς

259 4145 418 4214 τύπῳ
449 4145 510 4197 ού
551 4145 643 4197 τὸν
668 4145 854 4213 ὅμοιον
891 4142 1016 4196 νοῦν
1046 4143 1307 4211 οὐμενοῦν
1351 4144 1459 4195 οὐδ’
1492 4145 1659 4210 ἔγγὺς
1690 4145 1840 4214 διερ-

265 4237 523 4306 μηνεύει·
581 4239 674 4289 καὶ
732 4237 982 4288 πλεῖστον
1014 4236 1078 4289 ἄν
1128 4252 1210 4288 σοι
1241 4236 1500 4292 τοιούτων
1533 4237 1842 4304 ,κατάλογον

261 4327 630 4404 τεθροισάμην,
666 4328 718 4378 εἰ
755 4329 830 4396 μή
869 4343 962 4378 σου
1016 4326 1076 4378 τὸ
1117 4326 1339 4390 ἀπειθὲς
1373 4328 1470 4397 τὴν
1503 4328 1644 4398 ἐμὴν
1673 4346 1843 4383 σπου-

262 4419 361 4491 δὴν
393 4419 719 4488 μετέϐαλλεν
750 4421 830 4481 εἰς
860 4419 1035 4472 ὄκνον.

333 4517 427 4564 νε’.
459 4511 530 4563 Σὺ
560 4509 605 4563 δ’
645 4509 712 4564 ἂν
763 4510 890 4573 ἴσως
943 4512 1122 4563 εἰπεῖν
1173 4510 1496 4582 ὕπαχθείης,
1557 4513 1759 4583 μᾶλλον
1786 4514 1843 4568 δὲ

1945 2049 1999 2094 et
2036 2037 2250 2092 Patrem
2287 2051 2408 2091 esse
2438 2034 2594 2100 Filii;
2627 2041 2756 2089 sunt
2788 2032 2933 2087 enim
2961 2027 3470 2085 consubstantiales
3505 2039 3523 2088 ;

1946 2142 2118 2196 neque
2143 2140 2320 2182 tamen
2353 2127 2477 2195 quia
2512 2124 2710 2180 dicitur
2756 2131 3045 2192 generatus
3091 2118 3261 2172 Filius
3307 2135 3334 2169 ιι
3363 2117 3528 2170 Patre

1950 2228 2013 2270 et
2038 2216 2192 2271 Pater
2223 2231 2254 2270 a
2288 2215 2446 2281 Filio,
2486 2215 2690 2270 idcirco
2723 2213 2963 2279 vicissim
2999 2209 3271 2265 aliirmare
3321 2205 3530 2268 licebit,

1947 2311 2159 2363 Patrem
2192 2325 2222 2363 a
2262 2307 2399 2362 Filio
2423 2307 2693 2378 generari.
2730 2307 2810 2360 lta
2842 2319 2973 2375 ergo
3001 2301 3225 2372 quando
3285 2299 3526 2353 dicimus

1946 2401 2212 2471 Spiritum
2262 2416 2384 2455 esse
2441 2398 2620 2452 Patris
2652 2413 2716 2452 ac
2751 2395 2898 2461 Filii,
2958 2390 3524 2450 consubstantialitcm

1947 2493 2166 2562 quidem
2192 2491 2312 2559 ejus
2349 2506 2473 2545 cum
2511 2499 2748 2558 utroque
2779 2504 2843 2542 ex
2875 2488 3102 2542 vocibus
3158 2484 3281 2538 istis
3315 2481 3530 2550 colligi-

1948 2599 2116 2645 mus;
2156 2583 2366 2636 scimus
2419 2592 2600 2636 autem
2653 2579 2919 2648 Spiritum
2999 2572 3527 2631 consubstantialem

1944 2687 2065 2728 esse
2105 2671 2270 2737 Patri,
2319 2673 2446 2741 quia
2489 2687 2554 2725 ex
2599 2670 2718 2740 ipso
2751 2668 3020 2740 procedit,
3068 2677 3233 2736 atque
3281 2670 3523 2719 consub—

1945 2765 2255 2821 stantialem
2292 2761 2456 2829 Filio,
2497 2778 2604 2816 non
2638 2761 2766 2831 quia
2789 2760 3054 2830 procedat
3128 2760 3146 2827 (
3177 2758 3362 2823 absit;
3399 2771 3522 2808 nam

1945 2872 2045 2912 nec
2101 2855 2271 2912 Filius
2332 2854 2818 2910 consubstantialis
2865 2863 2953 2908 est
3008 2852 3232 2920 Spiritui
3297 2857 3518 2918 propter

1946 2943 2390 3016 generationem)
2423 2945 2516 3000 sed
2550 2943 2678 3014 quia
2713 2958 2780 2998 ex
2836 2957 2939 2998 una
2981 2941 3328 3008 indivisaque
3358 2953 3525 2991 causa

1945 3039 2013 3091 ab
2079 3045 2282 3091 aeterno
2320 3034 2486 3091 simul
2536 3035 2840 3102 eodemque
2893 3031 3085 3087 ordine
3117 3037 3344 3097 uterque
3385 3039 3514 3096 pro-

1948 3131 2067 3185 diit.

2014 3225 2102 3279 54.
2142 3223 2399 3292 Spiritum
2437 3221 2566 3275 Filii
2601 3222 2710 3288 sui.
2745 3219 3012 3287 Intelligo,
3038 3217 3219 3280 sodes,
3259 3229 3358 3268 nec
3390 3214 3524 3267 vclts

1945 3316 2184 3370 divinam
2245 3315 2648 3382 salutaremque
2704 3327 2891 3366 vocem
2949 3309 3216 3379 prazconis
3285 3305 3530 3359 vet-italis

1946 3409 2003 3462 in
2059 3405 2322 3476 perniciei
2380 3405 2665 3459 materiam
2736 3402 2829 3456 tibi
2867 3410 3211 3456 convertere.
3286 3395 3406 3449 Non
3441 3405 3529 3450 est

1946 3511 2235 3564 operosum
2261 3495 2602 3566 resipiscere.
2638 3510 2746 3546 non
2775 3505 2859 3547 est
2883 3492 2950 3544 ad
2995 3492 3100 3544 hac
3134 3488 3361 3557 ingenio
3397 3501 3527 3540 aru-

1948 3587 2084 3642 tiori
2122 3603 2284 3656 opus.
2318 3586 2464 3656 quod
2506 3585 2690 3638 valeat
2725 3584 2776 3638 in
2798 3582 3071 3636 abditiora
3133 3578 3394 3650 mysteria
3427 3592 3521 3644 pe-

1945 3691 2182 3733 netrare.
2243 3679 2400 3732 Aliud
2461 3675 2729 3746 signillt-at
2791 3674 3022 3742 Spiritus
3093 3668 3224 3724 Filii
3299 3670 3415 3731 sui,
3469 3675 3524 3720 et

1945 3771 2090 3824 aliud
2125 3771 2351 3827 denotat
2380 3769 2614 3838 Spiritus
2649 3782 2712 3821 ea:
2745 3766 2910 3820 Patre
2941 3763 3246 3834 procedens.
3296 3760 3408 3814 Nec
3467 3767 3521 3812 tc

1945 3862 2246 3920 similitudo
2306 3877 2534 3916 casuum
2572 3862 2627 3915 in
2669 3875 2854 3914 casum
2909 3855 3319 3925 irreparabilem
3373 3866 3524 3906 com-

1946 3955 2130 4024 pellat.
2162 3953 2328 4008 Multa
2362 3953 2508 4008 enim
2594 3953 2778 4016 verba,
2806 3954 2929 4020 quae
3005 3947 3174 4002 simili
3213 3943 3515 3998 efferuntur

1944 4048 2097 4101 vocis
2130 4045 2328 4110 forma,
2355 4045 2590 4100 similem
2627 4058 2852 4098 sensum
2891 4041 3205 4094 nullatenus
3231 4035 3518 4092 exhibent.

1945 4137 2290 4206 plurimaque
2357 4137 2451 4190 tibi
2504 4137 2606 4190 hoc
2663 4135 2784 4188 loco
2818 4133 2982 4187 verba
3006 4127 3281 4201 ejusmodi
3332 4139 3524 4178 recen-

1940 4242 2142 4291 serem,
2177 4227 2282 4281 nisi
2315 4217 2659 4282 contumacia
2689 4235 2778 4280 tua
2806 4237 2986 4279 meum
3017 4221 3259 4276 studium
3291 4218 3344 4270 in
3377 4215 3524 4270 desi-

1945 4318 2090 4373 diam
2127 4328 2384 4374 verteret.

2015 4502 2106 4557 55.
2147 4500 2227 4556 Τυ
2257 4517 2386 4556 vero
2417 4502 2652 4558 forsitan
2685 4501 3065 4567 allirmavcris,
3130 4502 3243 4556 imo
3276 4503 3383 4558 tuis
3417 4517 3529 4558 ser-

264 4605 377 4666 τοῖς
409 4605 520 4666 σοῖς
573 4602 841 4655 δουλεύων
896 4601 1082 4670 νόμοις
1131 4603 1380 4672 ἀνάγκην
1415 4603 1559 4672 ἔχεις
1592 4605 1667 4674 μὴ
1722 4604 1848 4673 ἀφί-

1950 4597 2101 4648 vieus
2133 4594 2340 4662 legibus
2373 4593 2597 4646 omnino
2619 4594 2834 4662 cogeris
2865 4593 3059 4647 abhac
3089 4609 3198 4647 non
3270 4595 3527 4647 recedere

268 4695 495 4747 στασθαι
548 4697 645 4764 τῆς
682 4694 934 4755 ἀτοπίας.
996 4693 1212 4763 Ἐπειδὴ
1259 4694 1318 4746 τὸ
1368 4693 1707 4765 ἀπαύγασμα
1749 4695 1844 4748 τοῦ

268 4786 477 4857 Πατρὸς
525 4788 617 4838 καὶ
647 4787 707 4837 τι
739 4787 803 4837 ὲκ
849 4784 945 4838 τοῦ
1002 4786 1180 4853 φωτὸς
1213 4787 1326 4853 φῶς
1368 4787 1396 4838 δ
1423 4785 1549 4848 Υἰδς
1595 4789 1656 4841 οὐ
1689 4787 1846 4840 τοῦτο

268 4878 428 4948 μόνον
489 4875 842 4944 Θεολογεῖται,
888 4877 1022 4930 ἀλλά
1080 4879 1170 4929 καὶ
1225 4877 1389 4940 αὐτός
1449 4895 1614 4947 φησιν
1643 4896 1656 4910 ο
1700 4879 1847 4948 Ἐγώ

263 4968 380 5036 εἰμι
407 4965 476 5020 τὸ
507 4965 632 5036 φῶς
662 4965 769 5020 τοῦ
796 4967 1054 5035 κόσμου,
1087 4965 1202 5019 ἔστι
1228 4967 1283 5019 δὲ
1317 4969 1378 5018 τὸ
1405 4968 1520 5035 φῶς
1542 4969 1634 5021 τοῦ
1670 4968 1846 5037 φωτὸς

262 5058 548 5129 ὁμοούσιον
577 5061 606 5112 ό
639 5057 767 5121 Υἱὸς
794 5058 889 5112 τοῦ
927 5059 1160 5129 Πατρὸς,
1184 5059 1273 5112 τὸν
1307 5060 1370 5112 ὲκ
1398 5064 1497 5127 τῆς
1529 5062 1626 5130 σῆς
1655 5062 1846 5127 σοφίας

262 5149 358 5204 καὶ
387 5147 613 5219 γνώμης
659 5149 755 5202 καὶ
799 5148 1046 5220 γλώττης
1088 5149 1475 5218 συμπλακέντα
1505 5168 1592 5217 ,σοι
1628 5151 1844 5221 βρόχον,

266 5241 368 5295 κᾶν
401 5239 502 5310 ὀψὲ
535 5240 686 5307 γοῦν,
730 5241 817 5293 ἵνα
850 5235 923 5310 μὴ
968 5240 1114 5306 λέγω
1146 5239 1328 5310 σαυτῷ
1371 5241 1693 5311 περιθεῖναι.
1730 5243 1848 5294 ἀλλ’

263 5332 357 5385 οὖν
391 5331 599 5394 δίκαιος
642 5327 787 5400 ἦσθα
812 5334 1197 5402 παραιτεῖσθαι
1237 5331 1378 5404 [καὶ]
1423 5336 1604 5404 ζητεῖν
1637 5337 1728 5386 τὸν
1757 5333 1846 5390 διὰ

261 5427 361 5498 τῆς
390 5425 625 5496 ἀγχόνης
655 5422 876 5495 ὀλεθρον
908 5425 1053 5488 ὅπως
1089 5426 1300 5494 γένοιτό
1326 5444 1406 5479 σοι
1429 5429 1732 5495 διαφυγεῖν.

329 5556 405 5623 (l)
440 5554 654 5610 Monac.
686 5555 863 5610 omitt.
903 5557 993 5611 σύ.

341 5628 417 5698 (α)
461 5644 482 5698 ς
534 5625 635 5698 Per
669 5625 1014 5698 aposiopesin
1069 5636 1233 5697 atque
1291 5629 1731 5697 imprecationem
1765 5635 1844 5687 vi-

265 5695 425 5753 detur
459 5695 698 5769 hocloco
731 5695 951 5769 Pl‘totius
970 5695 1198 5752 innuei-e
1222 5717 1234 5752 :
1257 5714 1320 5752 ex
1345 5695 1410 5753 eo
1435 5704 1575 5769 quod
1599 5704 1843 5764 Ctuistus

267 5769 482 5841 dicatur
511 5767 600 5841 lux
630 5764 840 5830 mundi,
874 5770 1026 5841 sequi
1058 5769 1352 5841 AChristutn
1413 5764 1464 5822 a'
1492 5773 1695 5825 mundo
1723 5789 1843 5838 pro-

269 5836 481 5903 cedere,
510 5836 562 5910 si
578 5851 640 5890 ex
669 5853 732 5888 eo
754 5837 899 5910 quod
929 5836 1164 5910 Spiritus
1185 5840 1399 5910 dicatur
1431 5841 1666 5910 Spiritus
1700 5836 1839 5903 Filii,

271 5923 462 5964 verum
521 5908 591 5962 slt
650 5907 806 5976 sequi
867 5906 1131 5977 Spiritum
1183 5926 1210 5964 a
1263 5909 1398 5967 Filio
1470 5906 1832 5982 procedere.»

1947 4686 2302 4742 absurditate.
2358 4672 2626 4750 Quoniam
2659 4683 2830 4740 Filius
2891 4700 2998 4739 non
3059 4686 3236 4739 solum
3265 4686 3526 4754 splendor

1947 4781 2127 4835 Patris
2155 4791 2208 4835 et
2236 4781 2419 4835 lumen
2447 4779 2738 4835 delumine
2764 4794 2793 4833 a
2826 4782 3029 4835 nostris
3068 4779 3343 4845 theologis
3375 4794 3525 4832 nun-

1946 4880 2201 4939 cupatur,
2243 4870 2337 4925 sed
2371 4878 2427 4923 et
2485 4870 2600 4938 ipse
2630 4870 2708 4924 ait
2739 4888 2751 4924 :
2793 4867 2902 4939 Ego
2948 4885 3064 4922 sum
3105 4869 3198 4922 lux
3228 4869 3433 4931 mundi,
3469 4878 3524 4922 et

1948 4963 2206 5033 quoniam
2239 4971 2323 5018 est
2378 4962 2556 5017 lumen
2586 4963 2781 5016 lumini
2812 4962 3301 5026 consubstantiale,
3345 4961 3519 5016 Filius

1950 5058 2206 5111 nimirum
2242 5054 2388 5110 Patri
2441 5058 2517 5124 (α)
2541 5095 2554 5109 .
2579 5094 2594 5108 .
2625 5090 2641 5108 .
2669 5093 2682 5107 .
2711 5092 2725 5106 .
2777 5063 3088 5108 contextum
3124 5069 3218 5123 per
3252 5065 3304 5107 te
3333 5068 3396 5107 ex
3430 5064 3520 5108 tua

1947 5150 2161 5204 vafritie
2189 5159 2240 5204 et
2263 5150 2518 5220 Opinione
2544 5159 2596 5203 et
2632 5149 2816 5218 lingua
2847 5149 3103 5216 laqueum
3159 5148 3377 5202 tandem
3418 5150 3524 5203 ali-

1949 5243 2168 5310 quando
2223 5259 2289 5296 ne
2317 5241 2492 5295 dicam
2566 5243 2858 5310 ipsummet
2927 5241 3024 5294 tibi
3106 5242 3411 5310 imponere.
3468 5251 3522 5294 at

1948 5336 2138 5388 saltem
2173 5345 2223 5388 te
2263 5335 2471 5402 justum
2525 5333 2688 5388 fuerit
2719 5344 2884 5403 atque
2942 5349 3214 5402 quarere,
3246 5336 3526 5403 quomodo

1946 5425 2399 5494 straugulationis
2451 5435 2682 5480 mortem
2710 5441 2883 5497 queas
2928 5424 3159 5481 evadere
3182 5424 3287 5496 (ὁ).

1947 5566 2245 5633 Call/ortis.

2017 5637 2092 5704 (ὁ)
2132 5633 2404 5689 Catil'orus
2476 5634 2647 5704 legit:
2691 5639 3078 5707 παραιτεῖσθαι
3123 5636 3306 5707 ζητεῖν
3359 5643 3412 5707 et
3445 5635 3520 5689 ita

1947 5703 2130 5762 minus
2158 5715 2424 5778 accurate
2474 5703 2633 5762 vertit
2656 5727 2670 5762 :
2697 5703 3048 5778 -—'laqucum
3079 5725 3145 5764 ne
3172 5703 3346 5778 dicam
3381 5703 3524 5772 ipse-

1945 5788 2058 5829 met
2111 5776 2204 5830 tibi
2242 5775 2538 5843 imponere,
2599 5788 2652 5831 at
2699 5775 2890 5834 saltem
2949 5782 3019 5834 ab
3056 5779 3179 5833 aliis
3209 5777 3520 5842 impositum

1947 5849 2174 5900 tolerare
2206 5862 2362 5912 eoque
2387 5857 2603 5901 mortem
2626 5847 2864 5917 appetere
2895 5851 3140 5907 mereris.
3179 5847 3444 5903 Catterum
3473 5857 3527 5900 ct

1943 5917 2103 5972 Laur.
2127 5917 2289 5972 habet
2325 5925 2378 5971 ut
2404 5917 2696 5974 Cutilorus.
