4168 6480
621 514 728 577 803

1657 510 1872 575 IOAN.
1908 511 2121 573 VECCI
2163 510 2273 572 Cl’.
2317 512 2832 573 PA'l‘lilARCHB

3771 507 3881 575 894

695 626 784 682 59.
816 625 973 692 Quod
1009 625 1056 680 si
1097 627 1222 696 quis
1254 625 1307 680 in
1342 624 1426 681 bis
1478 641 1575 696 per
1634 626 1897 695 Spiritum
1935 626 2204 679 existimet

2381 625 2476 680 νθ’.
2513 626 2574 678 Ei
2607 626 2662 679 δέ
2706 643 2790 689 τις
2818 627 2877 679 ἐν
2917 624 3125 689 τούτοις
3169 623 3413 692 Πνεῦμα
3445 622 3655 685 νομίσοι
3703 637 3884 690 παρα-

625 719 801 788 accipi
829 733 938 774 non
976 720 1155 788 ipsum
1190 718 1600 774 sanctissimum
1627 728 1681 774 et
1712 717 2205 774 consubtantialem

621 809 768 865 Patri
809 827 875 865 ac
920 808 1058 865 Filio
1103 809 1394 880 Spiritum,
1431 810 1526 865 sed
1556 810 1870 866 emanantia
1902 810 2028 864 inde
2059 810 2201 863 dona

622 918 719 958 seu
743 903 1096 968 charismata,
1117 917 1239 972 que
1265 918 1331 958 eo
1357 901 1503 973 quod
1534 903 1600 958 ad
1629 903 1780 958 illum
1810 902 2121 957 referuntur
2153 909 2210 954 et

620 994 691 1050 ab
729 994 826 1047 illo
873 994 1307 1060 distribuuntur,
1341 994 1579 1066 Spiritus
1629 1010 1833 1050 nomen
1868 995 2064 1050 sortita
2096 994 2208 1048 sint

622 1087 751 1154 (sibi
799 1086 1147 1158 adsciveriut)
1175 1107 1187 1142 :
1219 1103 1537 1158 quanquam
1590 1089 1772 1144 multa
1790 1103 2028 1159 possem
2054 1094 2208 1158 (con-

621 1187 704 1231 tra
744 1177 879 1248 hoc)
914 1177 1146 1245 aliene,
1183 1193 1249 1234 ea
1297 1189 1477 1235 tamen
1526 1181 1583 1235 in
1629 1179 1920 1251 praemia
1968 1193 2076 1233 non
2117 1193 2210 1232 re-

621 1267 821 1325 feram.
875 1269 1046 1326 Cur?
1082 1271 1259 1338 Quia,
1293 1272 1418 1327 licet
1477 1273 1580 1328 hoc
1624 1271 1982 1334 concedatur,
2034 1269 2205 1324 nihilo

620 1370 807 1417 tamen
839 1361 1023 1416 minus
1078 1363 1305 1433 iniquus
1339 1365 1586 1434 ipsorum
1619 1373 1853 1420 conatus
1894 1361 2204 1427 relellitun;

619 1454 885 1523 quoniam
925 1454 1255 1508 enim-dona
1303 1455 1396 1509 illa
1436 1455 1698 1510 dicuntur
1737 1469 1858 1509 esse
1902 1452 2045 1508 dona
2078 1453 2206 1522 Spi-

622 1544 786 1606 ritus.
829 1557 972 1598 nova
1001 1555 1184 1598 autem
1238 1545 1466 1600 istorum
1497 1547 1580 1600 lex
1632 1545 1921 1616 precipit,
1970 1555 2031 1600 ut
2079 1545 2205 1600 inde

625 1631 898 1703 Spiritum
959 1631 1258 1700 procedere
1319 1635 1716 1705 pradicemus,
1771 1634 1934 1705 cujus
1978 1643 2033 1688 et
2081 1647 2207 1690 esse

621 1722 860 1787 dicitur,
908 1735 1017 1776 non
1084 1723 1322 1794 amplius
1375 1722 1725 1780 aﬂlrmabunt
1780 1741 1809 1778 a
1859 1723 2066 1794 Spiritu
2111 1724 2206 1779 illo

618 1813 850 1885 produci
895 1809 1062 1878 dona,
1106 1830 1341 1883 quorum
1386 1816 1502 1886 ipse
1551 1817 1756 1871 dicitur
1791 1815 2067 1886 Spiritus,
2105 1815 2202 1871 sed

2309 717 2686 787 λαμϐάνεσθαι
2705 717 2806 770 οὐκ
2831 717 2962 770 αὐτὸ
2981 717 3045 770 τό
3070 717 3337 784 πανάγιον
3365 715 3461 769 καὶ
3482 713 3768 784 δμοούσιον
3789 713 3886 766 τοῦ

2309 811 2521 882 Πατρδς
2582 812 2675 864 καὶ
2724 809 2818 863 τοῦ
2875 808 3005 864 Υἱοῦ
3056 808 3301 879 Πνεῦμα,
3363 805 3502 861 άλλά
3551 804 3621 858 τά
3673 804 3890 858 tamen

2310 893 2541 973 βρύοντα
2568 901 2908 972 χαρίσματα,
2938 900 3076 954 διότι
3111 900 3245 971 πρὸς
3273 900 3449 954 ὲκείνο
3475 898 3573 970 τὴν
3606 896 3888 964 ἀναφορὰν

2307 993 2422 1063 ἔχει
2454 993 2546 1046 καὶ
2593 993 2724 1046 αὐτὸ
2753 991 2927 1046 ταῦτα
2969 992 3240 1061 διανέμει,
3278 990 3376 1060 τὴν
3427 988 3520 1043 τοῦ
3569 988 3881 1054 Πνεύματος

2307 1084 2630 1154 ιπωνυμίαν
2666 1081 3078 1147 οίκειώσασθαι,
3111 1082 3288 1136 καίτοι
3329 1081 3502 1136 πολλὰ
3529 1079 3710 1149 λέγειν
3747 1079 3883 1148 ἔχων

2307 1178 2456 1248 ὅμως
2486 1176 2580 1230 νῦν
2618 1178 2719 1230 οὐκ
2748 1175 2877 1246 ἐρῶ.
2925 1175 3026 1230 Διά
3049 1172 3137 1240 τίς
3173 1173 3318 1227 Διότι
3348 1175 3396 1227 si
3427 1175 3523 1226 καὶ
3565 1170 3725 1226 τοῦτο
3755 1185 3883 1238 αντε

2307 1270 2586 1342 χωρηθείη
2611 1311 2626 1335 ,
2674 1268 2830 1322 ούδὶν
2878 1267 3096 1321 ἔλαττον
3141 1265 3325 1320 αὐτῶν
3376 1264 3741 1333 άπελέγχεται
3786 1261 3886 1334 τῆς

2308 1364 2655 1432 παρανομίας
2685 1359 2747 1413 τὺ
2775 1360 3115 1430 ιπιχείρημα
3139 1372 3154 1388 ·
3205 1357 3328 1411 ἐπεὶ
3354 1357 3461 1428 γάρ
3495 1356 3597 1410 τοῦ
3630 1355 3882 1426 Πνεύμα-

2307 1471 2397 1516 τος
2427 1454 2652 1522 λέγεται
2694 1455 2762 1505 τά
2794 1450 3135 1521 χαρίσματα,
3159 1450 3188 1502 ό
3229 1449 3288 1502 δὲ
3319 1449 3502 1512 καινὸς
3533 1448 3717 1510 αύτοίς
3764 1448 3890 1500 ἑπι-
3929 1460 3931 1462 ·

2306 1545 2497 1598 τάσσει
2515 1543 2702 1612 νόμος,
2725 1541 2935 1594 ἐκεῖθεν
2959 1539 3211 1610 προϊέναι
3242 1537 3540 1608 κηρύσσειν
3553 1537 3615 1589 τὸ
3638 1538 3883 1606 Πνεῦμα,

2306 1627 2370 1690 οῦ
2398 1631 2491 1684 καὶ
2520 1626 2660 1684 εἶναι
2688 1628 2932 1697 λέγεται,
2977 1627 3162 1682 οὐκέτι
3187 1627 3247 1680 τὸ
3277 1626 3502 1697 Πνεῦμα
3528 1622 3604 1681 ὧν
3645 1627 3883 1695 λέγεται,

2305 1722 2480 1776 ταῦτα
2534 1721 2797 1791 προάγειν
2847 1719 3083 1790 ἐροῦσιν,
3114 1718 3228 1775 ἀλλ’
3280 1717 3734 1789 ἀντιστρέψαπες
3781 1722 3888 1791 φῄ-

2309 1831 2464 1868 σουσι
2506 1813 2600 1882 τῆς
2650 1811 2920 1875 συνέσεως
2964 1810 3360 1882 ἐκπορεύεσθαι
3411 1813 3503 1863 καὶ
3548 1810 3796 1877 προϊέναι
3823 1809 3888 1862 τὸ

619 1906 740 1961 vice
793 1921 953 1962 versa
1027 1914 1284 1962 asserent
1350 1906 1420 1962 ab
1484 1907 1844 1978 intelligentia
1909 1908 2204 1977 procedere

2307 1907 2552 1977 χάρισμα
2608 1905 2704 1957 καὶ
2738 1901 2837 1973 τῆς
2888 1903 3084 1971 σοφίας
3135 1903 3229 1956 καὶ
3265 1903 3372 1956 τῶν
3409 1901 3582 1955 ἄλλων
3627 1902 3886 1955 ἁπάντων

622 2012 689 2052 ac
717 2000 943 2068 prodire
971 1999 1202 2065 donum,
1236 2007 1337 2054 nec
1371 2014 1477 2053 non
1508 2015 1538 2053 a
1568 1972 1837 2067 sapientia
1875 1972 2204 2069 cinterisque

2437 1972 2856 2066 προειρημένων
2926 1992 3066 2045 ὥστε
3093 1993 3156 2046 ού
3181 1992 3241 2044 τὸ
3266 1993 3507 2067 χάρισμα
3531 1993 3651 2063 ἢτοι
3675 1992 3764 2046 διά
3784 1989 3880 2045 τοῦ

619 2090 880 2146 omnibus
944 2106 1109 2159 supra
1175 2089 1527 2156 memoratis;
1577 2105 1749 2159 quare
1802 2106 1913 2144 non
1969 2090 2193 2155 donum,

591 2177 737 2235 'sire
797 2194 894 2249 per
959 2179 1161 2235 donum
1219 2178 1504 2250 spirituale
1567 2181 1683 2249 ipse
1742 2180 1978 2250 Spiritus
2047 2183 2206 2238 intel-

619 2270 904 2340 ligentiam
935 2270 1187 2341 largitur,
1225 2271 1307 2325 vel
1332 2270 1658 2339 sapientiam
1693 2271 1774 2325 vel
1808 2275 2086 2335 virtutem,
2121 2273 2204 2327 vel

621 2360 964 2428 lilialionem,
999 2362 1083 2415 vel
1134 2359 1544 2425 revelationem,
1581 2363 1662 2414 Vel
1696 2361 1878 2426 tidem,
1927 2363 2005 2415 Vel
2036 2364 2207 2430 pieta-

620 2461 774 2523 tem;
807 2451 902 2507 sed
932 2461 1117 2506 contra
1154 2452 1337 2522 potius
1367 2448 1724 2522 intelligentia
1759 2461 1812 2505 et
1847 2453 2109 2507 revelatio
2152 2462 2210 2508 ct

620 2543 755 2599 ﬁdes
784 2551 840 2598 et
869 2543 1146 2598 sobrietas
1203 2542 1516 2612 producunt
1545 2545 1718 2607 dona,
1751 2551 1872 2611 qua:
1904 2543 1997 2596 tibi
2029 2543 2204 2612 placet

621 2633 890 2703 Spiritum
939 2632 1246 2702 appellare.
1300 2644 1352 2687 et
1410 2633 1639 2692 aliorum
1698 2632 1976 2708 «quodlibet
2011 2632 2202 2687 eodem

623 2723 808 2796 modo.
869 2721 986 2777 lmo
1047 2737 1174 2776 vero
1213 2722 1258 2776 si
1291 2722 1569 2792 quodlibet
1620 2723 1824 2776 donum
1900 2723 2204 2792 nuncupari

523 2868 532 2874 ..
621 2814 891 2884 Spiritum
929 2813 1241 2878 arbitraris.
1274 2815 1464 2884 utique
1490 2828 1614 2868 cum
1650 2813 1918 2867 donorum
1971 2827 2204 2868 numero

620 2905 833 2974 copiam
876 2919 1096 2974 quoque
1151 2920 1316 2973 auges
1363 2904 1653 2973 spirituum
1691 2905 1937 2974 nihilque
1975 2905 2202 2972 proinde

621 3011 720 3066 per
775 3007 828 3052 te
889 2996 1068 3051 differt
1119 2997 1387 3067 Spiritum
1421 2998 1601 3052 dicere
1645 2998 1724 3051 vel
1765 2998 2008 3062 donum;
2047 2998 2205 3066 cujus

619 3100 807 3144 autem
842 3087 1043 3142 dicitur
1093 3103 1215 3144 esse
1251 3087 1491 3158 Spiritus
1520 3127 1535 3154 ,
1587 3089 1711 3141 inde
1746 3103 1842 3157 per
1887 3088 2032 3156 leges
2082 3095 2204 3142 tuas

627 3180 889 3236 statuitur
943 3179 1077 3235 illud
1132 3181 1431 3249 procedere
1483 3188 1650 3249 atque
1695 3179 1940 3248 produci.
1977 3179 2200 3247 Singula

2309 2085 2678 2158 πνευματικοῦ
2719 2085 3057 2155 χαρίσματος
3096 2084 3159 2136 τὸ
3185 2084 3406 2153 Πνεῦμα
3437 2085 3556 2136 οὐδὶ
3595 2083 3694 2154 τὴν
3728 2083 3885 2137 σύνει

2308 2197 2394 2233 σιν
2439 2182 2663 2251 χορηγεῖ
2700 2177 2820 2231 οὐδὲ
2868 2177 2964 2244 τὴν
3017 2177 3211 2244 σοφίαν
3242 2176 3276 2247 ἢ
3312 2175 3409 2246 τὴν
3457 2175 3708 2243 δύναμιν.
3760 2175 3885 2230 οὐδὲ

2307 2269 2407 2340 τὴν
2433 2267 2708 2322 υἱοθεσίαν
2737 2266 2860 2320 οὐδὲ
2885 2267 2984 2336 τὴν
3009 2266 3373 2334 ἀποκάλυψιν,
3402 2265 3522 2318 οὐδὲ
3549 2266 3648 2334 τὴν
3677 2264 3881 2330 πίστιν,

2307 2362 2425 2416 οὐδὲ
2461 2361 2560 2431 την
2587 2359 2900 2414 εὐσέϐειαν·
2949 2358 3084 2414 sm
3117 2358 3318 2427 μᾶλλον
3352 2358 3663 2412 τούναντίον
3695 2360 3730 2429 ἡ
3761 2358 3884 2412 σύν-

2307 2472 2421 2519 εσις
2469 2455 2565 2508 καὶ
2590 2455 2623 2523 ἠ
2661 2451 3006 2521 ἀποκάλυψις
3045 2451 3198 2523 καὶὴ
3232 2451 3480 2506 εὐσέϐεια
3512 2453 3620 2505 καὶ.
3643 2453 3678 2522 ἡ
3704 2439 3884 2515 πίστις

2309 2549 2401 2599 καὶ
2432 2547 2460 2598 ό
2499 2546 2878 2615 σωφρονισμδς
2932 2544 3234 2614 προάγουσι
3268 2544 3337 2596 τά
3371 2545 3706 2615 χαρίσματα,
3743 2544 3884 2612 άπερ

2308 2654 2392 2690 σοι
2427 2638 2580 2706 φίλον
2604 2635 2791 2690 καλεῖν
2821 2634 3132 2705 πνεύματα,
3162 2634 3256 2689 καὶ
3283 2635 3392 2688 τῶν
3423 2636 3597 2704 άλλως
3624 2635 3884 2698 ὡσαύτως

2306 2729 2560 2789 ἓιαστον,
2613 2726 2814 2796 μᾶλλον
2843 2727 2900 2780 δὲ
2933 2729 3092 2797 ιίπερ
3122 2727 3352 2780 ἕκαστον
3379 2725 3486 2779 τῶν
3530 2727 3884 2797 χαρισμάτων

2309 2818 2525 2888 πνεῦμά
2559 2835 2642 2870 σοι
2671 2817 2956 2871 καλεῖσθαι
2992 2815 3276 2886 νομίζεται
3299 2817 3394 2870 καὶ
3418 2816 3497 2886 τῷ
3527 2815 3748 2888 ἀριθμῷ
3773 2817 3884 2870 τῶν

2305 2910 2523 2978 δωρεῶν
2563 2911 2624 2962 τὸ
2661 2908 2861 2977 πλῆθος
2905 2909 3014 2962 τῶν
3054 2909 3380 2979 πνευμάτων
3428 2907 3752 2972 συναύξεται
3779 2908 3882 2979 (1),

2306 3005 2400 3056 καὶ
2442 3003 2594 3056 οὐδὲν
2643 2987 2879 3056 ἐνταῦθά
2933 3019 3015 3056 σοι
3062 3000 3289 3070 Πνεῦμα
3339 3001 3580 3072 εἰπεῖνῆ
3635 3003 3882 3074 χάρισμα

2306 3095 2554 3165 διαφέρει
2579 3112 2592 3125 ·
2625 3087 2684 3149 οὗ
2708 3094 2763 3147 δὲ
2805 3094 3026 3162 λέγεται
3073 3089 3212 3148 εἶναι
3241 3093 3303 3148 τδ
3341 3092 3583 3164 Πνεῦμα,
3614 3093 3820 3147 ἐκεῖθεν
3845 3095 3881 3163 ἠ

2310 3187 2377 3254 σὴ
2424 3185 2712 3254 νομοθεσία
2767 3184 3134 3257 προέρχεσθαί
3161 3201 3221 3238 τε
3270 3184 3365 3238 καὶ
3413 3184 3750 3255 προάγεσθαι
3792 3201 3883 3238 κε-

623 3272 794 3342 igitur
829 3273 969 3326 dona
997 3287 1094 3327 seu
1126 3270 1366 3341 singulos
1397 3270 1621 3340 spiritus
1673 3269 1918 3324 bifariam
1967 3285 2160 3325 secans
2185 3308 2200 3332 ,

2307 3277 2456 3331 λεύει
2476 3296 2488 3308 -
2527 3279 2754 3331 ἕκαστον
2781 3279 2891 3348 ἄρα
2919 3279 2981 3330 σὺ
3009 3276 3120 3330 τῶν
3152 3277 3505 3348 χαρισμάτων
3528 3277 3563 3347 ἢ
3593 3277 3700 3330 τῶν
3727 3292 3885 3329 πνευ-

625 3380 728 3440 pro
761 3379 871 3418 uno
903 3361 1313 3433 plures‘emcies
1351 3363 1576 3432 spiritus
1604 3402 1617 3424 .
1665 3377 1899 3431 quorum
1948 3362 2086 3417 alter
2135 3362 2204 3416 sit

2312 3370 2497 3439 μάτων
2529 3370 2604 3430 είς
2636 3367 2730 3420 δύο
2762 3366 2945 3446 τεμὼν
2972 3365 3086 3421 ἀνθ’
3116 3368 3235 3431 ἑνὸς
3281 3367 3452 3420 πλείω
3481 3367 3763 3437 ποιήσεις,
3814 3368 3881 3421 ἵν’

625 3458 766 3511 dans
795 3494 810 3519 .
847 3456 986 3510 alter
1018 3457 1095 3510 sit
1116 3455 1280 3510 datus
1303 3494 1320 3520 ,
1376 3461 1431 3509 et
1485 3455 1623 3509 alter
1676 3454 1980 3522 producens
2008 3496 2023 3520 ,
2069 3455 2204 3508 alter

2306 3454 2340 3531 ᾖ
2376 3459 2436 3511 τὸ
2473 3460 2572 3528 μὲν
2600 3458 2894 3528 χορηγοῦν,
2927 3456 2986 3510 τὸ
3012 3456 3070 3511 δὲ
3099 3458 3526 3529 χορηγούμενον,
3564 3458 3657 3511 καὶ
3690 3459 3748 3511 τὸ
3779 3461 3880 3529 μὲν

621 3548 965 3621 productus,
1024 3547 1162 3603 ﬁdes
1225 3547 1490 3602 nimirum
1552 3548 1862 3618 producens
1921 3549 2108 3613 tidem,
2154 3556 2209 3601 et

619 3642 978 3714 intelligentia
1009 3639 1443 3710 intelligentiam,
1467 3641 1597 3711 quid
1625 3651 1763 3711 opus
1794 3649 2008 3710 tempus
2036 3650 2210 3696 terere

621 3746 747 3790 tuas
780 3736 1012 3804 ineptias
1044 3731 1379 3788 recensendo
1410 3731 1434 3784 ?

687 3983 779 4038 60.
829 3983 1084 4038 Sedenim
1129 3990 1186 4036 et
1237 3980 1340 4036 hoc
1387 3993 1599 4041 contra,
1632 3994 1692 4034 se
1756 3983 1930 4051 ipsam
1985 3981 2207 4033 lneresis

622 4073 861 4142 collegit.
888 4072 1284 4126 Sanctissimus
1315 4068 1554 4141 Spiritus
1580 4071 1770 4125 tribuit
1816 4074 1957 4126 dona
1991 4071 2205 4140 dignis;

623 4165 851 4219 haeresis
904 4171 1085 4216 autem
1148 4177 1256 4216 non
1310 4171 1566 4218 contenta
1601 4201 1616 4225 ,
1649 4172 1706 4215 ut
1754 4172 2013 4231 apparet,
2045 4160 2207 4229 bujus

623 4255 1010 4311 distributione
1061 4255 1262 4309 scindit
1315 4257 1431 4310 haec
1483 4263 1540 4309 et
1569 4254 1893 4308 comminuit
1925 4263 1979 4308 et
2015 4254 2207 4307 dividit

623 4347 679 4401 in
713 4346 897 4416 plures
948 4355 1152 4414 partes,
1188 4353 1248 4398 ut
1298 4345 1513 4407 habeat,
1547 4347 1695 4399 unde
1738 4354 2042 4398 sectatores
2071 4358 2202 4398 suos

627 4432 886 4504 pluribus
913 4433 1092 4487 adhuc
1131 4444 1295 4502 atque
1347 4434 1694 4490 uberioribus
1747 4444 2066 4502 compenset
2106 4435 2208 4488 do-

628 4525 754 4590 nis;
788 4524 978 4593 sicque
1030 4526 1230 4578 mentis
1284 4525 1504 4580 illorum
1545 4527 1788 4580 turbatio
1848 4533 1902 4580 et
1953 4524 2206 4581 confusio

625 4632 806 4671 rerum
844 4602 1185 4671 naturam'et
1217 4618 1464 4672 ordinem
1511 4619 1772 4687 pervertit
1813 4629 1867 4673 et
1896 4616 2202 4684 confundit,

623 4710 916 4780 primaque
952 4709 1247 4779 impietatis
1296 4710 1446 4764 satio
1497 4710 1817 4766 innumeras
1861 4711 2035 4781 gignit
2093 4710 2203 4765 bae-

635 4817 811 4855 reses.
848 4801 1047 4855 Verum
1116 4802 1329 4857 tametsi
1417 4805 1548 4858 satis
1602 4802 1716 4858 haec
1748 4814 1873 4857 sunt
1925 4802 2204 4858 ﬂectendis

624 4892 845 4960 iis,qui
900 4908 1008 4945 non
1065 4895 1278 4962 penitus
1339 4907 1461 4948 sese
1528 4895 1793 4962 impietati
1861 4894 2201 4958 devoverint,

625 4985 804 5052 iisque
851 4982 1198 5038 confutandis
1221 5025 1235 5050 ,
1268 4985 1361 5054 qui
1392 4985 1748 5052 impudentia
1793 4987 1872 5039 uti
1908 4987 2103 5055 velinq,
2150 4995 2205 5040 et

625 5077 694 5130 iis
739 5075 834 5150 qui
887 5077 1342 5144 superstitionem
1402 5076 1631 5142 amant,
1670 5079 1740 5131 ab
1815 5092 2002 5132 errore
2049 5093 2199 5132 revo-

625 5170 816 5224 caudis
841 5209 857 5235 ,
898 5176 1136 5223 attamen
1175 5183 1274 5224 nec
1312 5169 1520 5239 reliqua
1548 5171 1978 5240 praetermittam.
2005 5169 2203 5238 ὦρτο-

624 5261 857 5315 tantium
928 5261 1074 5316 enim
1163 5261 1304 5315 alius
1384 5262 1528 5326 hac,
1607 5263 1746 5317 alius
1805 5259 1896 5315 illa
1928 5277 2052 5314 cura
2124 5261 2204 5314 vel

624 5355 818 5410 morbo
869 5353 1081 5409 levatur
1136 5354 1220 5408 vel
1255 5354 1528 5409 evincitur
1582 5363 1773 5423 sponte
1828 5361 1882 5410 et
1951 5370 2049 5408 sua
2107 5369 2205 5407 vo-

623 5443 850 5500 luntatis
878 5445 1119 5516 nequitia
1166 5447 1506 5503 insanabilis.
1547 5445 1913 5514 Quamobrem
1979 5461 2044 5498 ne.
2102 5447 2204 5499 ista

623 5535 842 5608 quidem
918 5541 1316 5608 praetereunda.

639 5870 644 5876 -
691 5825 768 5900 (ι)
797 5828 1055 5900 Laurent.
1123 5829 1538 5896 συναυξάνεται.

705 5898 781 5964 (‘2)
813 5898 977 5953 Laur.
1013 5900 1162 5954 o;8§v
1188 5912 1245 5956 ut
1277 5903 1448 5957 Vatlc.
1477 5903 1513 5956 ί.
1547 5902 1648 5955 203
1678 5919 1703 5953 ,ι

2308 3553 2570 3623 προάγον,
2604 3551 2665 3604 τὸ
2692 3551 2749 3604 δὲ
2780 3551 3176 3621 προαγόμενον,
3204 3553 3237 3623 ὴ
3269 3552 3451 3615 πίστις
3475 3553 3572 3605 καὶ
3599 3552 3634 3620 ἡ
3667 3551 3880 3614 σύνεσις

2308 3643 2522 3696 σύνεσιν
2590 3642 2686 3695 καὶ
2731 3642 3004 3709 αίσθησιν,
3054 3642 3150 3695 καὶ
3200 3643 3364 3695 πόσον
3408 3641 3475 3696 άν
3519 3659 3600 3703 τις
3646 3657 3880 3694 κατανα-

2307 3732 2455 3804 λώσῃ
2485 3732 2675 3801 χρόνον
2702 3730 2795 3783 τὸν
2847 3731 2939 3784 σὺν
2973 3730 3321 3801 διερχόμενος
3365 3727 3565 3801 λῆρονί
3613 3728 3737 3802 [ξω.
3762 3731 3881 3783 Διό-

2307 3835 2411 3888 περ
2445 3818 2569 3871 οὐδὲ
2604 3818 2682 3887 (2)
2713 3817 2884 3872 ταῦτα
2913 3817 3159 3888 παριδεῖν
3187 3818 3552 3891 δίκαιον·(5)].

2378 3978 2440 4043 ξ’.
2479 3978 2643 4034 Ἀλλά
2691 3979 2801 4048 γάρ
2847 3979 2942 4035 καὶ
2983 3978 3141 4034 τοῦτο
3189 3981 3314 4035 καθ’
3359 3982 3619 4055 ἑαυτῆςή
3673 3984 3879 4055 αἵρεσις

2305 4070 2566 4138 συνάγει’
2607 4070 2670 4123 τὸ
2721 4071 2824 4140 μὲν
2873 4071 3142 4136 πανάγιον
3176 4071 3401 4141 Πνεῦμα
3445 4073 3692 4142 διανεμεῖ
3723 4075 3879 4144 χαρί-

2307 4177 2487 4228 σματα
2558 4163 2672 4224 τοῖς
2737 4161 2907 4227 ἀξίοις
2937 4176 2954 4194 ⁶
3007 4161 3147 4233 αῦτη
3199 4162 3254 4217 δὲ
3302 4165 3514 4230 οὐδενὶ,
3567 4164 3643 4229 ὡς
3687 4165 3880 4231 ἔοικεν,

2308 4250 2675 4322 άρεσκομένη,
2709 4253 2832 4306 οὐδὲ
2881 4254 2945 4323 τῇ
2973 4252 3162 4306 τούτου
3195 4253 3444 4325 διανομῇ,
3479 4255 3667 4325 τέμνει
3711 4252 3880 4312 ταῦτα

2305 4345 2402 4397 καὶ
2427 4343 2682 4397 λεπτύνει
2742 4345 2836 4398 καὶ
2870 4347 2950 4409 είς
2986 4347 3204 4410 πλείους
3255 4350 3450 4418 μοίρας
3498 4352 3878 4419 καταμερίςεε,

2307 4434 2375 4487 ἵν’
2419 4435 2532 4504 ἔχοι
2579 4437 2705 4500 τοὺς
2738 4438 2874 4507 αὐτῇ
2919 4437 3274 4508 πειθομένους
3326 4441 3722 4511 φιλοτιμεῖσθαι
3765 4445 3882 4506 ταῖς

2305 4527 2535 4597 δωρεαῖς
2563 4527 2654 4604 ἐπὶ
2683 4529 2884 4597 μᾶλλόν
2913 4539 2972 4581 τε
3008 4533 3102 4582 καὶ
3155 4530 3562 4601 δαψιλέστερον·
3596 4535 3689 4585 καὶ
3718 4533 3878 4602 γιγοο

2308 4636 2396 4671 νεν
2422 4619 2604 4680 αὐτοῖς
2633 4621 2666 4688 ἡ
2697 4620 2795 4688 τῆς
2835 4620 3072 4684 διανοίας
3112 4622 3325 4692 ταραχὴ
3355 4623 3449 4677 καὶ
3484 4625 3744 4694 σὺγχυσις
3786 4626 3881 4697 τὴν
3979 4682 3982 4684 ν

2305 4709 2415 4762 τῶν
2449 4701 2791 4780 πραγμάτων
2825 4712 2987 4780 φύσιν
3019 4715 3114 4767 καὶ
3152 4713 3306 4780 τάξιν
3329 4719 3410 4778 είς
3449 4717 3762 4786 ἀνατροπὴν
3788 4718 3882 4771 καὶ

2306 4800 2523 4872 φυρμὸν
2573 4803 3007 4874 περιτρέπουσα,
3039 4805 3135 4858 καὶ
3170 4808 3205 4877 ὴ
3257 4807 3447 4878 πρώτη
3485 4809 3755 4879 καταϐολὴ
3786 4808 3878 4861 τοῦ

2304 4892 2716 4972 δυσσεϐήματος
2771 4895 2972 4966 μυρίας
3020 4898 3260 4966 αἱρέσεις
3287 4899 3674 4953 άποτίκτουσα.
3723 4900 3886 4954 Ἀλλὰ

2305 4985 2415 5055 γὰρ
2447 4987 2496 5038 ει
2545 4985 2641 5038 καὶ
2683 4987 3054 5058 ἀποχρώντως
3085 4990 3197 5059 ἔχει
3228 4989 3400 5042 ταῦτα
3432 4990 3636 5042 πείθειν
3663 5008 3719 5043 τε
3755 4994 3882 5053 τοὺς

2309 5079 2383 5146 μὴ
2425 5078 2706 5141 παντελῶς
2741 5081 2819 5141 είς
2860 5080 3115 5135 ἀσέϐειαν
3163 5081 3575 5152 ἀποϐεϐηκότας
3628 5083 3721 5136 καὶ
3755 5083 3881 5147 τοὺς

2305 5168 2686 5238 ἀναισχυντεῖν
2733 5170 3023 5238 ἑλομένους
3073 5172 3369 5242 διελέγχειν
3423 5176 3515 5227 καὶ
3564 5177 3687 5238 τοὺς
3721 5176 3884 5229 δεισι-

2305 5258 2581 5328 δαιμονεῖν
2611 5262 2988 5324 ἑπικλιθέντας
3023 5264 3479 5331 ἐπανορθοῦσθαι,
3509 5267 3620 5318 ἀλλ’
3643 5266 3732 5319 οὖν
3759 5262 3882 5321 οὐδὲ

2305 5349 2375 5400 τά
2411 5349 2666 5403 λείποντα
2695 5351 3134 5420 παραλείφομεν,
3167 5352 3356 5415 ’Δλλος
3387 5355 3486 5421 μὲν
3520 5349 3624 5427 γάρ
3655 5355 3763 5407 τῶν
3794 5372 3880 5406 να-

2307 5439 2546 5493 σούντων
2605 5441 2770 5510 ἑτέρᾳ⁵
2825 5441 3113 5511 θεραπεία,
3149 5440 3333 5511 ἔτερος
3383 5444 3440 5494 δὲ
3492 5443 3558 5495 δι’
3607 5444 3800 5514 ἑτέρας
3843 5445 3877 5514 ἢ

2308 5533 2717 5587 ἀπαλλάσσεται
2768 5534 2862 5586 τοῦ
2917 5537 3306 5606 νοσήματο;,ῆ
3365 5537 3506 5588 ἑκὼν
3551 5537 3879 5606 διελέγχεται

2305 5625 2400 5677 καὶ
2435 5624 2521 5676 διὰ
2556 5624 2858 5694 μοχθηρίαν
2889 5627 3111 5695 γνώμης
3157 5625 3217 5680 τὸ
3246 5627 3460 5680 ἀνίατον
3495 5628 3878 5696 ὑφιστάμενος.

2382 5826 2458 5893 (5)
2491 5823 2547 5878 In
2570 5823 2712 5879 Mon.
2755 5825 2876 5878 cod.
2915 5824 2950 5877 l'.
2973 5823 3064 5877 16l
3097 5825 3149 5882 b.
3185 5840 3303 5895 cap.
3343 5825 3443 5882 λε’.
3489 5825 3544 5878 ln
3622 5825 3878 5879 Laurent.

2310 5898 2462 5950 uncis
2504 5896 2712 5950 inclusa
2744 5911 2942 5949 mutssa
2986 5907 3134 5948 sum.
