4150 6442
721 457 825 518 iis
1741 454 1948 517 JOAN.
1990 455 2209 519 VECCl
2247 455 2363 516 CP.
2406 453 2918 516 PATRIARCII.B
3785 512 3794 517 ,
3867 450 3970 514 HS

726 587 871 637 tam;
916 574 1010 627 sed
1062 571 1264 640 aliquid
1322 570 1505 626 studio
1548 584 1648 627 suo
1694 569 1886 627 deesse
1931 572 2288 636 arbitrantur,

2412 572 2652 627 iawetav
2675 572 2894 639 διαϐολή
2924 587 2940 602 ·
2969 571 3097 625 ἀλλ’
3141 573 3330 638 ἀτελὲς
3374 572 3550 627 αὑτῶν
3609 572 3875 640 ἡγοῦνται
3912 574 3972 625 τὸ

725 667 830 722 nisi
871 675 926 720 et
966 667 1205 719 rationes
1245 663 1586 733 perquirant,
1623 665 1825 734 quibus
1849 678 1968 727 eos,
2004 678 2146 733 quos
2172 674 2294 718 tan-

2412 665 2749 733 ππούδασμα,
2781 667 2832 717 si
2887 666 2963 734 μὴ
2997 665 3092 717 καὶ
3117 663 3210 725 οὓς
3243 664 3495 733 Πατέρσς
3535 663 3772 734 ὑμνοῦσι
3805 665 3966 734 ζητή-

725 772 889 824 qnam
944 753 1135 808 Patres
1185 753 1489 813 celebrant,
1548 751 1875 806 contumelia
1927 749 2181 803 alliciant.
2230 748 2298 800 At

2412 773 2558 809 souat
2587 754 2658 808 δι’
2692 749 2768 808 ὧν
2807 754 3207 825 ἐξυϐρίζουσιν.
3250 754 3478 816 Ἀπλοῦς
3515 754 3572 807 δέ
3595 755 3695 823 τῆς
3720 755 3970 823 ἀληθείας

725 848 958 917 simplex
996 846 1085 900 hic
1115 859 1332 915 quoque
1361 856 1444 901 est
1479 843 1726 899 veritatis
1767 855 1972 902 sermo,
2009 841 2160 909 ipsos
2211 839 2297 893 bis

2412 846 2830 916 5καταισχύνων
2860 847 3060 908 αὐτοὺς
3089 845 3366 898 κάνταῦθα
3392 845 3578 914 λόγος,
3610 846 3832 910 Σὺνετε,
3875 845 3959 898 λέ-

726 940 837 992 lere
865 937 1045 991 verbis
1077 936 1424 992 confundens
1449 954 1462 989 :
1495 933 1707 996 Videte,
1742 948 1852 1000 quo
1879 931 2061 997 ruitis,
2089 944 2297 1000 quous-

724 1045 830 1096 que
862 1039 1095 1082 vestram
1138 1028 1436 1095 perniciem
1488 1025 1546 1080 in
1587 1024 1851 1080 interiora
1893 1022 2088 1076 auium
2134 1036 2300 1091 pene-

728 1119 888 1172 tralia
921 1119 1274 1187 protrttditis.

795 1234 883 1288 6'7.
927 1232 1162 1299 Quinam
1199 1243 1347 1299 sunt,
1384 1233 1477 1303 qui
1517 1245 1709 1288 sacros
1745 1231 1867 1288 illos
1905 1232 2054 1287 viros
2098 1244 2291 1285 revera

729 1329 946 1380 Patrum
978 1306 1105 1379 loco
1126 1325 1353 1386 habent.
1385 1340 1524 1394 quos
1559 1325 1697 1378 male
1727 1323 1940 1378 faustus
1976 1321 2300 1378 deiectionis

727 1431 882 1470 amor
914 1431 1010 1470 vos
1050 1416 1216 1470 veluti
1253 1413 1552 1485 impietatis
1586 1424 1923 1482 protectores
1967 1413 2020 1467 in
2063 1413 2298 1467 medium

728 1508 974 1574 proferre
997 1507 1212 1576 coegit?
1263 1505 1500 1573 Quinam
1555 1506 1872 1574 religiosius
1924 1503 2033 1558 illis
2079 1503 2300 1558 Patrum

725 1599 848 1667 jura
880 1599 1145 1653 servant?
1173 1600 1255 1652 An
1282 1600 1374 1668 qui
1416 1608 1618 1669 negant
1665 1598 1786 1652 illos
1823 1596 2100 1651 ullatenus
2146 1610 2302 1648 com-

729 1693 879 1746 muni
914 1689 1131 1745 Domini
1183 1691 1579 1753 contradicere,
1611 1706 1676 1742 an
1709 1690 1800 1758 qui
1847 1690 1950 1742 hos
1985 1687 2207 1756 adigunt
2232 1687 2299 1739 ad

729 1784 1105 1838 testimonium
1159 1784 1277 1837 voci
1333 1781 1628 1837 Dominica:
1671 1780 1979 1850 oppositum
2041 1779 2303 1833 exhiben-

2402 956 2514 1007 γει,
2537 941 2659 991 ὅποι
2681 937 2936 1016 φέρεσθε,
2967 938 3131 1006 μέχρι
3164 937 3309 1000 τινος
3338 937 3493 1007 ὑμῶν
3521 938 3614 992 τὺν
3642 937 3865 1010 δλεθρον
3893 941 3969 1002 είς

2400 1031 2539 1084 αὑτά
2566 1030 2634 1082 τά
2662 1029 2759 1098 τῆς
2779 1028 2959 1100 ψυχῆς
2985 1028 3319 1101 spatiosus:
3346 1027 3554 1100 καίρια.

2480 1236 2578 1300 EQ".
2624 1235 2783 1298 Τίνες
2815 1234 3067 1304 Πατέρας
3100 1235 3225 1297 τοὺς
3270 1233 3452 1304 ἱεροὺς
3474 1230 3677 1305 ἄνδρας
3726 1233 3804 1298 ὡς
3843 1234 3972 1305 an-

2402 1327 2512 1390 θῶς
2538 1326 2876 1396 νομίζουσιν,
2900 1326 3045 1386 οἵους
3073 1325 3148 1394 (Ι)
3179 1325 3492 1393 ἠνάγκασεν
3517 1325 3670 1396 ἡμᾶς
3691 1325 3972 1396 ὀδῦσερως

2402 1421 2500 1488 τῆς
2567 1420 2912 1479 ἀποστασίας
2965 1419 3105 1488 ερως
3172 1417 3593 1486 ὑπερασπιστάς
3639 1417 3972 1488 προκομίζεν

2405 1511 2500 1563 τοῦ
2547 1509 2781 1578 δυσσεσή
2793 1525 2963 1578 ματος
2992 1525 3008 1573 ;
3051 1508 3210 1570 Τίνες
3239 1507 3425 1571 αὐτοῖς
3457 1507 3660 1575 μᾶλλον
3690 1507 3752 1560 τὸ
3781 1523 3973 1579 πατρι·

2405 1603 2500 1655 κδν
2525 1601 2849 1664 διασώζουσι
2884 1601 3137 1664 δίκαιον;
3172 1601 3234 1662 0i
3260 1599 3427 1669 μηδὲν
3457 1599 3654 1660 αὐτοὺς
3688 1599 3971 1666 ἀντιφθέγ-

2403 1690 2600 1757 γεσθαι
2620 1688 2693 1757 τῷ
2721 1688 2889 1758 κοινῷ
2944 1691 3193 1759 Δεσπότῃ
3244 1687 3490 1756 μηδόὶως
3520 1687 3974 1758 παραδεχόμενο·,

2403 1782 2435 1852 ἦ
2466 1783 2514 1835 οι
2547 1780 2770 1844 τούτους
2808 1780 3124 1850 βιαζόμενοι
3157 1781 3292 1851 πρὸς
3323 1781 3620 1834 ἀντίπαλον
3639 1782 3975 1850 καταστῆναι

729 1873 859 1926 dntn
892 1881 944 1925 et
977 1871 1043 1925 ad
1083 1871 1390 1925 mirabilem
1427 1871 1575 1925 illaut
1609 1870 1964 1940 theologiam,
1995 1885 2105 1939 qua
2142 1869 2303 1923 insti-

2412 1872 2505 1934 ﬁ“;
2533 1872 2871 1939 Δεσποτικῆς
2896 1873 3080 1940 φωνῆς
3119 1871 3431 1941 μαρτυρίαν
3471 1871 3572 1939 (2).
3596 1873 3693 1925 καὶ
3725 1873 3826 1939 τὴν
3850 1872 3979 1924 θαυ-

731 1965 830 2016 tuti
881 1962 1157 2016 credimus
1190 1961 1451 2028 Spiritum
1489 1977 1516 2014 a
1576 1962 1735 2015 Patre
1784 1961 2098 2030 procedere,
2153 1975 2306 2016 com-

2412 1963 2624 2031 μαστὴν
2657 1965 2875 2031 ἐκείνην
2910 1964 3325 2034 μυσταγωγίαν,
3353 1962 3420 2015 δι’
3451 1959 3520 2034 ἧς
3538 1963 3896 2032 θεολογοῦμεν
3916 1962 3978 2014 τδ

731 2051 931 2108 mentis
964 2053 1200 2120 propriis
1229 2053 1577 2106 evertendam
1597 2052 1622 2103 ?
1655 2050 1862 2106 Etenim
1889 2052 2164 2119 quomodo
2197 2066 2302 2105 non

2412 2052 2636 2123 Πνεῦμα
2663 2053 2756 2107 τοῦ
2785 2055 2995 2123 [ἰατρὸς
3012 2051 3432 2123 ἐκπορεύεσθαι,
3453 2054 3800 2124 διαστρέφειν
3821 2054 3980 2115 ίδίαις

729 2154 814 2198 cst
854 2143 1234 2206 manifestum,
1271 2143 1522 2200 haeresim
1561 2143 1727 2196 verbo
1762 2141 1982 2210 quidem
2028 2157 2303 2197 memora-

2412 2142 2843 2216 εὑρεσιλογίαις;
2869 2145 2982 2197 Καὶ
3031 2143 3142 2214 γὰρ
3181 2145 3299 2206 πῶς
3334 2145 3433 2197 οὐκ
3495 2144 3610 2197 ἐστι
3658 2142 3979 2214 κατάδηλον,

729 2236 803 2290 tis
855 2236 992 2289 viris
1042 2249 1238 2289 nomen
1294 2233 1539 2293 Patruin_
1575 2233 1814 2287 tribuere
1869 2233 2018 2287 omni
2076 2247 2305 2303 prorsus

2412 2233 2483 2297 ὡς
2514 2235 2547 2303 ἡ
2609 2234 2828 2304 αἵρεσις
2872 2234 3080 2303 ῥήματι
3133 2233 3233 2302 μὶν
3266 2235 3391 2295 τοὺς
3423 2233 3757 2303 εἰρημένους
3785 2233 3982 2302 ἀνδρας

733 2327 939 2378 honore
970 2325 1170 2378 nudum
1199 2323 1301 2392 (i),
1341 2322 1499 2378 lactis
1529 2334 1742 2386 autem,
1775 2323 1978 2393 quibus
2025 2325 2303 2393 pmpriunt

2412 2322 2663 2391 Πατέρας
2687 2323 2844 2374 καλεῐ
2870 2324 2973 2392 (5),
3004 2323 3198 2393 γυμνῷ
3228 2325 3336 2394 γὰρ
3360 2323 3454 2375 καὶ
3469 2323 3632 2392 τιμῆς
3664 2321 3888 2389 ἀπάσης
3921 2322 3982 2374 οὐ

732 2415 986 2481 placitum
1055 2424 1299 2469 astruere
1357 2415 1762 2479 macliinantur,
1799 2417 1851 2468 in
1893 2426 2075 2483 partes
2113 2416 2306 2483 impio-

2413 2411 2599 2480 φθονεῖ
2650 2412 2995 2482 μεταδιδόναι
3041 2412 3120 2482 τῷ
3165 2413 3393 2482 ὀνόματι
3425 2412 3501 2482 (4)
3533 2451 3550 2476 ,
3586 2413 3735 2483 έργψ
3771 2413 3828 2466 δὲ
3889 2413 3985 2466 καὶ

736 2524 857 2562 rum
899 2517 952 2560 et
985 2507 1428 2575 perniciosorum
1481 2506 1633 2573 ipsos
1681 2505 1980 2574 impellere,
2032 2506 2134 2560 nisi
2168 2506 2306 2560 forte

734 2599 836 2651 viri
881 2597 946 2650 ad
978 2597 1161 2650 omnia
1205 2596 1443 2664 audaces
1477 2595 1680 2650 talibus
1716 2595 1906 2651 Patres
1930 2611 2061 2652 suos
2101 2611 2306 2666 prauo-

735 2688 930 2757 gativis
963 2687 1220 2742 oblectari
1249 2696 1303 2742 et
1335 2687 1557 2758 gloriari
1591 2686 1854 2743 credunt?

809 2965 900 3018 68.
942 2963 1227 3020 Aﬂirtnant
1252 2965 1577 3020 Ambrosius
1607 2965 1692 3020 vel
1722 2964 2058 3034 Augustinus
2087 2963 2166 3017 rel
2197 2961 2314 3035 qui-

737 3072 955 3126 cunque
982 3058 1118 3112 alius
1138 3056 1437 3111 Dominicze
1460 3058 1579 3111 voci
1602 3058 1900 3111 contraria.
1923 3057 2057 3123 Quis
2084 3057 2186 3110 hoc
2205 3054 2317 3109 ait?

738 3146 795 3202 Si
820 3165 942 3218 ego,
961 3150 1147 3218 utique
1171 3152 1278 3203 tuis
1299 3165 1414 3203 sum
1435 3147 1688 3204 Pati-ibus
1707 3149 1979 3217 injurius;
2007 3150 2093 3203 sin
2113 3163 2238 3201 vero
2261 3158 2318 3201 tu

737 3240 958 3309 quidem
983 3243 1203 3304 asseris,
1229 3254 1329 3308 ego
1352 3248 1534 3292 autem
1558 3247 1700 3302 veto,
1724 3240 1911 3308 utique
1933 3248 1987 3292 tu
2014 3239 2135 3293 illos
2151 3237 2318 3291 allicis

736 3332 963 3400 injuria,
987 3339 1041 3384 et
1075 3347 1176 3401 ego
1213 3340 1262 3384 te
1290 3329 1543 3384 Pati-ibus
1573 3329 1837 3398 injurium
1861 3329 2188 3383 condemno.
2222 3329 2314 3391 At,

735 3421 938 3490 inquis.
966 3422 1039 3474 illi
1075 3422 1188 3474 haec
1215 3422 1573 3488 scripserunt,
1594 3420 1726 3474 etin
1755 3421 1971 3472 illorum
2007 3419 2162 3472 libris
2188 3433 2316 3472 ιτοιι-

734 3515 956 3576 tinetur,
979 3512 1243 3582 Spiritum
1265 3527 1292 3562 a
1312 3510 1446 3563 Filio
1468 3511 1778 3578 procedere.
1802 3510 1998 3563 Verum
2019 3509 2146 3577 quid
2169 3510 2273 3562 hoc
2294 3508 2316 3561 ?

737 3603 793 3657 Si
834 3605 978 3656 enim
1029 3602 1224 3654 melius
1269 3602 1448 3655 edocti
1498 3599 1825 3653 sententiain
1861 3613 1970 3651 non
2008 3605 2311 3661 mutarunt,

740 3697 784 3749 si
811 3695 987 3764 justis
1008 3693 1169 3748 evicti
1216 3693 1557 3762 argumentis
1589 3691 1657 3744 ab
1687 3704 1874 3744 errore
1923 3705 2032 3743 non
2068 3703 2314 3743 recesse-

731 3796 884 3849 rtrnt,
949 3795 1100 3839 tuum
1147 3798 1296 3852 Opus
1339 3783 1474 3836 dicis
1529 3790 1791 3850 tuumque
1854 3780 2306 3835 inemendabilem

736 3882 986 3934 animum
1021 3880 1148 3950 (alia
1183 3893 1373 3933 rursus
1407 3880 1523 3932 hac
1568 3887 1649 3931 est
1679 3877 1940 3931 adversus
1964 3875 2154 3930 Patres
2189 3888 2309 3930 tuos

731 3973 1029 4040 calumnia)
1089 3974 1304 4025 illorum
1359 3972 1622 4026 doctrina:
1673 3982 1953 4042 acceptum
2003 3970 2192 4025 refers.
2234 3970 2290 4024 Si

733 4080 888 4129 vero,
923 4079 1046 4133 quae
1097 4057 1182 4116 est
1234 4077 1414 4116 rerum
1465 4057 1834 4117 humanarum
1886 4063 2148 4124 conditio,
2181 4063 2310 4115 licet

734 4156 1070 4222 caeteroquin
1125 4153 1347 4222 optimis
1406 4152 1719 4220 quibusque
1769 4153 2062 4208 virtutibus
2107 4152 2305 4217 ornati,

737 4247 818 4300 vel
867 4262 933 4299 ex
986 4246 1295 4314 ignorantia
1365 4245 1598 4312 quadam
1646 4244 1785 4313 lapsi
1849 4245 1930 4311 vel
1979 4245 2306 4313 negligentia

733 4339 943 4408 abrepti
975 4347 1126 4403 sunt,
1181 4354 1290 4390 non
1327 4346 1507 4390 tamen
1542 4336 1808 4390 admoniti
1862 4337 2180 4390 restiterunt
2216 4345 2309 4388 aut

731 4435 798 4484 ad
842 4431 1217 4483 correctiones
1265 4429 1508 4482 animum
1542 4429 1895 4497 pertinaciter
1941 4428 2303 4489 obdurabant,

732 4522 862 4591 quid
917 4522 1019 4574 hoc
1050 4523 1117 4572 ad
1166 4521 1258 4574 te?
1305 4518 1593 4584 Quomodo
1623 4534 1754 4574 vero
1805 4522 1858 4572 in
1899 4519 1987 4582 iis,
2023 4519 2117 4588 qtti
2172 4518 2306 4572 nihil

2410 2503 2477 2572 τῇ
2510 2500 3001 2571 κατασκευαζούσῃ
3038 2503 3262 2570 μηχανῇ
3300 2500 3360 2552 τὸ
3391 2502 3591 2552 οἰκεῖον
3622 2500 3873 2569 βούλημα
3905 2499 3986 2560 είς

2412 2592 2512 2661 τὴν
2541 2589 2652 2644 τῶν
2675 2591 2963 2659 θεομάχων
2993 2589 3091 2643 καὶ
3149 2589 3492 2659 φθοροποιῶν
3538 2594 3735 2660 μοῖραν
3788 2589 3985 2651 αὐτοὺς

2414 2682 2833 2747 ἀπελαύνουσιν,
2866 2682 2914 2734 εί
2943 2684 3113 2750 μήπω
3135 2681 3242 2753 ἀρα
3269 2681 3318 2734 οἱ
3356 2679 3531 2733 πάντα
3559 2680 3840 2749 τολμηταὶ
3872 2695 3986 2731 τοις

2415 2771 2595 2836 οὐτοις
2639 2773 2820 2825 αὐτῶν
2872 2772 2999 2835 τοὺς
3061 2773 3379 2842 προνομὲοις
3431 2771 3751 2841 νομίζουσιν
3805 2772 3985 2837 ἐπαγ·

2415 2863 2691 2928 λαῖζεσθαι
2711 2879 2726 2929 ;

2493 2954 2601 3026 ξη’.
2657 2957 2902 3009 ’Δνεῖπεν
2935 2954 3010 3024 (5)
3054 2955 3382 3024 ’Δμϐρὸσιος
3445 2955 3478 3024 ἢ
3533 2953 3904 3021 Αὖγουστῖνος
3952 2953 3985 3020 ἧ

2419 3051 2571 3112 ὅστις
2609 3050 2796 3119 ἕτερος
2845 3050 2944 3118 τῆς
2994 3047 3339 3116 Δεσποτικῆς
3380 3047 3566 3116 φωνῆς
3603 3049 3850 3101 ἐναντία.
3894 3047 3990 3106 Τίς

2419 3139 2579 3192 τοῦτό
2615 3155 2816 3207 (anew;
2859 3138 2921 3190 Εί
2957 3139 3053 3207 μὲν
3093 3137 3224 3204 ἐγὼ,
3259 3138 3368 3189 τῶν
3407 3137 3516 3190 σῶν
3543 3139 3804 3207 Πατέρων
3834 3137 3994 3207 ὗόρι-’

2425 3231 2555 3300 στής
2586 3232 2702 3296 είμι
2724 3245 2737 3260 ο
2778 3230 2826 3281 εί
2855 3228 2910 3281 δὲ
2938 3229 3000 3280 σὺ
3032 3229 3128 3297 μὲν
3155 3227 3360 3296 λέγεις,
3384 3229 3498 3294 ἐγὼ
3554 3229 3610 3282 δὲ
3642 3229 3860 3293 κωλύω,
3925 3231 3988 3282 σὺ

2421 3321 2523 3390 μὲν
2543 3319 2809 3387 ὑϐρίζεις,
2843 3317 2954 3384 ἐγὼ
2981 3317 3038 3370 δέ
3076 3316 3136 3369 σὲ
3169 3317 3275 3370 τῶν
3312 3318 3572 3386 Πατέρων
3601 3317 3868 3386 ὑϐριστὴν
3897 3334 3992 3368 και-

2417 3409 2818 3478 ταψηφίζομαι.
2863 3408 3051 3470 Ἀλλὰ,
3103 3408 3258 3476 φησὶ,
3317 3408 3628 3476 γεγράφασι
3679 3406 3856 3459 ταῦτα
3897 3406 3993 3456 καὶ

2415 3503 2525 3564 τοῖς
2565 3502 2792 3552 ἐκείνων
2822 3500 3006 3567 λόγοις
3059 3499 3478 3568 ἐμπεριέχεται,
3524 3499 3585 3555 τὸ
3647 3497 3872 3567 Πνεῦμα
3898 3496 3990 3550 τοῦ

2417 3593 2548 3646 Υἱοῦ
2582 3593 3004 3660 ἐκπορεύεσθαι.
3060 3592 3169 3643 Καὶ
3203 3591 3256 3642 τί
3303 3591 3496 3657 toﬁ-ro;
3561 3590 3622 3642 El
3690 3590 3790 3659 μὲν
3844 3589 3989 3641 διδα-

2416 3687 2637 3755 χθέντες
2672 3687 2732 3736 οὐ
2773 3684 3084 3753 μετέθεντο,
3119 3684 3303 3756 είὶτοῖς
3343 3683 3577 3743 δικαίοις
3624 3681 3875 3750 ἐλέγχοις
3923 3681 3986 3733 οὐ

2419 3779 2794 3848 μετεϐάλοντο,
2846 3777 2906 3829 τὺ
2930 3778 3021 3830 σὸν
3049 3776 3212 3844 ἔργον
3239 3777 3420 3844 λέγεις
3461 3779 3553 3828 xxi.
3578 3777 3678 3843 τὴν
3706 3777 3801 3843 σὴν
3825 3779 3984 3829 avo-ae

2416 3870 2640 3934 Θὲτητον
2675 3869 2903 3938 γνώμην
2936 3870 2954 3935 (
2985 3868 3122 3936 ἄλλη
3155 3868 3319 3920 πάλιν
3349 3867 3490 3934 αὕτη
3524 3869 3664 3920 κατὰ
3732 3867 3842 3919 τῶν
3879 3867 3985 3918 σῶν

2405 3947 2674 4030 ’Πατέρων
2715 3959 3106 4028 συκοφαντία)
3145 3961 3223 4020 εἰς
3256 3960 3354 4026 τὴν
3405 3957 3634 4010 ἐκείνων
3687 3957 3982 4027 ἀναφέρεις

2411 4051 2781 4105 διδασκαλίαν.
2804 4051 2867 4102 Ei
2893 4049 2971 4115 δὲ,
2995 4043 3080 4101 οἷα
3111 4050 3175 4100 τά
3199 4046 3533 4116 ἀνθρώπινα,
3565 4045 3740 4098 καίτοι
3767 4050 3830 4098 τὰ
3857 4045 3988 4099 ἄλλα

2409 4146 2521 4204 τοῖς
2553 4143 2793 4212 ἀρίστοις
2833 4138 3269 4209 ἐνευθνμοῦντες
3313 4138 3346 4209 ἢ
3421 4137 3614 4206 ἀγνοίᾳ.
3671 4139 3777 4189 τινὶ
3833 4153 3988 4205 περι-

2411 4233 2666 4303 έπεσονῆ
2700 4233 3056 4302 παροράματι
3095 4231 3503 4300 ὑπηνέχθησαν,
3570 4231 3671 4282 osa
3732 4231 3987 4282 ἀντεῖπον

2409 4326 2465 4378 δέ
2507 4325 2903 4392 διδασκόμενοι,
2939 4324 3056 4376 οὐδὲ
3101 4324 3236 4394 πρὸς
3288 4324 3346 4376 τὸ
3393 4321 3678 4374 νουθετοῦν
3732 4321 3984 4390 ἀπηυθα-

2409 4416 2717 4479 δειὰσαντο,
2748 4414 2801 4466 τί
2831 4416 2989 4467 τοῦτο
3020 4415 3156 4484 πρὸς
3186 4414 3244 4465 σέ
3277 4430 3290 4478 ;
3324 4412 3446 4475 Πῶς
3473 4412 3528 4464 δὲ
3559 4412 3814 4480 εὑρήσεις
3842 4410 3984 4462 ὲκεί-

2409 4525 2534 4571 νους
2587 4507 2917 4578 καταφυγὴν
2956 4500 3030 4559 ὧν
3055 4505 3209 4558 οὐδὲν
3253 4505 3440 4574 ὅμοιον
3477 4503 3610 4572 πρὸς
3637 4502 3706 4554 τά
3759 4501 3854 4564 σὰ,
3897 4501 3988 4569 τὴν

734 4614 913 4668 simile
965 4613 1073 4666 tuis
1130 4613 1375 4665 moribus
1423 4601 1752 4674 habuerunt,
1800 4610 2112 4681 perfugium
2164 4611 2309 4664 inve-

2414 4600 2654 4667 ἄφυκτον
2695 4598 2851 4666 δίκην
2885 4597 3224 4665 ἀποφυγεῖν;
3263 4595 3327 4646 El
3355 4595 3462 4663 γὰρ
3509 4586 3584 4646 ὧν
3617 4593 3680 4644 σὺ
3711 4591 3810 4660 μὲν
3852 4591 3987 4642 ἀπο-

740 4706 860 4759 nics
893 4719 1066 4772 paena:
1102 4704 1437 4758 inevitabilis
1476 4703 1784 4757 evitandae?
1820 4703 1876 4756 Si
1905 4704 2065 4758 enim
2097 4717 2309 4764 eorum,

738 4797 943 4864 quibus
976 4807 1031 4850 tu
1086 4797 1352 4860 abundas,
1387 4797 1462 4848 illi
1506 4811 1572 4848 ne
1604 4797 1792 4849 leviter
1832 4795 2050 4863 quidem
2093 4795 2313 4863 partici-

738 4904 833 4957 pes
864 4887 994 4942 facti
1027 4897 1176 4951 sunt,
1205 4889 1297 4941 sed
1334 4890 1517 4956 potius
1542 4887 1794 4956 plurimis
1825 4887 1948 4940 aliis
1979 4885 2315 4939 admirandae

735 4979 957 5033 virtutis
1015 4980 1344 5047 pietatisque
1409 4979 1801 5042 speciminibus
1854 4980 2029 5029 ornati
2089 4977 2313 5046 impium

737 5080 889 5121 t-uum
923 5070 1118 5138 dogma
1151 5084 1214 5122 ex
1254 5069 1559 5138 ignorantia
1594 5077 1686 5121 aut
1716 5067 2036 5137 negligentia
2071 5084 2315 5136 pronun-

739 5163 965 5220 tiarunt,
1009 5162 1136 5229 quid
1165 5170 1225 5214 tu
1267 5145 1564 5215 humanum
1611 5161 1823 5214 illorum
1869 5160 2145 5213 defectum
2195 5169 2315 5212 tan-

742 5265 906 5319 quam
941 5251 1111 5318 legem
1162 5251 1326 5318 ini-pie
1373 5250 1631 5304 credendi
1674 5250 1770 5303 tibi
1807 5250 2102 5304 constituis
2144 5265 2318 5318 exque

805 5443 980 5510 (a)lta
1041 5443 1338 5498 Catifoms.
1384 5445 1544 5500 Juxta
1582 5444 1826 5498 diversas
1878 5444 2141 5498 lectiones
2168 5442 2318 5497 reddi

738 5523 920 5581 potest
976 5516 1054 5568 \‘el
1086 5533 1097 5567 :
1134 5519 1361 5570 Ιιωτεδιιι
1419 5518 1581 5569 verbo
1629 5518 1849 5584 quidem
1893 5519 2028 5568 istos
2059 5517 2204 5566 viros
2228 5528 2319 5565 vo-

737 5598 865 5636 εειιτε
918 5584 1102 5637 Patres
1153 5587 1486 5654 (nudnenim
1531 5602 1750 5638 ﬂOlllillC
1785 5585 1929 5636 nulla
1965 5586 2320 5652 prohibentur

738 5655 938 5705 invidia
975 5671 1189 5707 omnem
1214 5659 1292 5708 eis
1323 5657 1581 5708 exhibere
1607 5654 1923 5723 honorem),
1966 5658 2141 5717 reipsa
2170 5668 2320 5717 VL'IO,

2415 4690 2599 4751 λαύεις
2631 4688 2862 4749 ἐκείνοις
2894 4687 3014 4740 οὑδέ
3060 4686 3252 4754 γέγονε
3303 4684 3618 4753 μετασχεῖν,
3672 4679 3887 4732 πολλῶν
3944 4676 3983 4729 δ’

2416 4782 2594 4835 ἄλλων
2642 4781 2956 4847 προσόντων
3008 4779 3189 4840 αὐτοῖς
3231 4777 3513 4846 θαύματος
3566 4774 3756 4839 ἀξίων,
3801 4773 3872 4825 δι’
3918 4767 3987 4824 ὧν

2415 4875 2583 4945 ἀρετὴ
2605 4873 2900 4940 διαλάμπει
2929 4873 3022 4924 καὶ
3052 4871 3325 4932 εὐσέϐεια,
3385 4871 3446 4922 τὸ
3479 4869 3569 4921 σὸν
3601 4868 3660 4932 ἐξ
3709 4869 3932 4934 ἀγνοίας
3958 4866 3987 4932 ἢ

2418 4967 2560 5019 κατά
2603 4966 2906 5035 παρόρασιν
2929 4963 3140 5034 ἐρρήθη
3176 4961 3518 5029 δυσσέῦημα,
3542 4959 3594 5012 τί
3655 4960 3718 5011 τὸ
3770 4960 3986 5011 ἐκείνων

2418 5057 2768 5128 ἀνθρώπινον
2851 5055 3076 5122 ἥττημα
3148 5053 3309 5121 νόμον
3365 5051 3470 5118 μὲν,
3526 5049 3668 5102 ὥστε
3714 5048 3990 5100 δυσσεϐείν

2427 5149 2606 5217 ἐαυτῷ
2637 5149 3034 5214 συνεισφέρεις,
3063 5147 3126 5196 ἐκ
3157 5143 3214 5196 δὲ
3246 5141 3344 5194 τοῦ
3389 5140 3674 5209 σοῦγ,νόμου
3704 5139 3833 5201 τοὺς
3897 5155 3990 5206 μη·

2419 5241 2505 5294 δέν
2527 5240 2736 5292 τοιοῦτο
2757 5237 3070 5307 νομοθετεῖν
3097 5234 3456 5304 φωραθέντας
3486 5231 3839 5300 παρανόμους
3864 5230 3989 5282 ἀτέο-

2491 5447 2576 5515 (1),
2609 5445 2799 5509 Laur.,
2821 5443 2937 5508 οὓς,
2960 5453 3020 5515 ut
3038 5440 3246 5494 Monac.

2493 5514 2566 5585 (‘2)
2601 5516 2763 5568 Laur.
2795 5514 3116 5584 μαρτύριον.

2495 5583 2569 5656 (5)
2608 5588 2766 5656 Laur.
2800 5583 2967 5636 habet
2994 5583 3202 5656 καλεῖν.

2498 5645 2570 5724 (4)
2626 5655 2811 5713 Laur”
2865 5655 3110 5724 πατέρας
3160 5651 3360 5724 καλεῖνΔ
3402 5650 3496 5702 καὶ
3545 5648 3712 5720 τιμῆς
3775 5645 3988 5708 ἁπάςτς

738 5733 841 5775 etc.
904 5723 1035 5776 Vel:
1075 5730 1232 5779 verbo
1295 5730 1515 5795 quidem
1586 5730 1735 5778 nudo
1790 5721 1984 5777 νεοίη-ε
2044 5723 2309 5795 Putres‘cl

2425 5729 2484 5781 οὑ
2507 5721 2739 5792 Ἲφυονεῖν
2777 5723 3118 5795 μεταδιδόναι
3149 5721 3241 5774 τοῦ
3273 5721 3559 5792 ὀνόματος.

737 5795 945 5861 absque
991 5796 1191 5846 invidia
1258 5793 1437 5850 omne
1497 5797 1722 5850 honoris
1751 5809 1846 5850 eos
1895 5795 2185 5863 participes
2205 5793 2317 5847 elli-

738 5876 862 5916 ccre
887 5865 1003 5918 solo
1033 5879 1270 5921 nomine.

2499 5787 2573 5867 (Si)
2600 5787 2791 5860 Laur.,
2827 5794 2926 5846 ‘Av
2956 5787 3133 5846 εἶπεν.
