4150 6510
171 594 278 658 817

937 593 1399 655 REFUTATIt}
1427 566 1814 654 Puerum
1847 593 2055 654 nam
2095 588 2213 654 DE
2235 591 2554 653 srmrru
2593 593 2654 651 s.

3325 586 3428 652 818

171 702 407 769 φαίνεις,
437 702 533 756 καὶ
574 702 835 769 ἀσεϐείας
865 704 1100 775 ἐσχάτης
1133 704 1191 756 ὲν
1220 704 1556 774 προσωπείῳ
1594 718 1751 773 στορ-
1777 756 1778 763 η

1863 704 1958 757 hac
1991 712 2083 758 tua
2128 703 2245 773 lege
2296 702 2443 767 illos,
2487 702 2580 770 qui
2633 698 2709 754 nil
2739 696 3013 768 ejusmodi
3049 698 3296 753 sanxisse
3339 698 3437 752 de-

170 794 274 863 γῆς
294 795 389 847 καὶ
414 794 633 859 εύνοίας
649 794 805 865 δίκην
828 797 1081 857 ἀπαιτεῖς
1106 814 1122 862 ;
1147 794 1209 847 οὐ
1237 795 1347 865 γάρ
1369 793 1512 847 καλά
1539 810 1621 846 σοι
1643 794 1755 846 τῶν

172 885 576 957 ἀγωνισμάτων
593 886 661 940 τά
681 887 937 957 ἐπίχειρα
963 885 1060 956 (1).
1096 886 1235 939 Ἀλλ’
1250 886 1353 955 ὅρα
1375 886 1474 956 τῆς
1498 885 1755 950 ἀσεϐείας

171 977 271 1043 τὴν
301 974 610 1046 ὑπερϐολὴν
640 976 733 1029 καί¹
764 980 865 1045 τῆς
893 977 1226 1046 κακοσχό).ου
1243 977 1469 1047 γνώμης
1504 976 1564 1029 τὸ
1590 976 1757 1030 άσύνο

173 1079 322 1117 ετον.
354 1064 449 1128 Είς
485 1067 821 1139 συνηγορίαν
848 1066 1047 1134 ἄγουσι
1082 1067 1174 1120 τὸν
1212 1067 1522 1136 Δεσπότην,
1561 1068 1757 1133 πεφώ-

177 1172 376 1224 ρανται
410 1157 895 1226 συκοφαντοῦντες
912 1175 927 1187 “
954 1160 1602 1229 sxalscav‘auvqyépooc
1626 1162 1757 1223 τοὺς

177 1249 455 1318 μαθητάς,
502 1245 755 1306 ἑάλωσαν
778 1250 1071 1314 κάκείνους
1098 1251 1191 1305 τὸν
1218 1251 1382 1305 αὐτὸν
1411 1252 1611 1324 τρόπον
1664 1269 1760 1305 ns-

176 1338 529 1407 ριϐάλλοντες
599 1343 1036 1410 συκοφαντίαις·
1093 1344 1410 1411 κατέφυγον
1454 1344 1617 1397 πάλιν
1676 1347 1759 1408 είς

178 1426 459 1498 Πατέρας,
488 1431 583 1484 καὶ
604 1432 724 1486 ἀντὶ
741 1432 909 1501 τιμῆς
940 1432 1184 1505 μεγάλην
1201 1432 1385 1487 αὐτῶν
1416 1436 1749 1499 κατ;χέουσι

178 1518 554 1591 βλασφημίαν.

254 1799 353 1864 ἔθ’.
404 1804 516 1856 Kal
544 1803 801 1875 Πατέρας
861 1805 961 1875 μὲν
1016 1806 1243 1862 καλοῦσι
1297 1808 1553 1879 (καλοῦσι
1588 1811 1761 1883 γὰρ),

176 1891 294 1945 ἀλλ’
326 1892 559 1978 οὐχιίνα
579 1895 640 1948 τὸ
665 1896 773 1949 τῶν
844 1898 1107 1967 Πατάρων
1169 1901 1515 1970 άπονείμωσι
1570 1904 1763 1974 γέρας,

176 1985 294 2038 ἀλλ’
358 1985 422 2039 ἵν’
477 1987 755 2058 εύρήσωσι
789 1990 868 2042 δι’
896 1983 971 2045 ὧν
1031 1990 1098 2045 ἂν
1127 1984 1381 2058 γένοιντο
1412 1996 1757 2065 πατραλοῖαι.

176 2072 291 2131 Kal
309 2078 430 2131 οὐδὲ
449 2079 548 2150 τὴν
568 2078 664 2133 τοῦ
687 2081 977 2135 θεσπεσίου
1000 2057 1214 2137 Παύλου
1239 2057 1702 2159 φρίττουσινφωνὴ
1743 2130 1771 2153 ,.
1796 2057 1836 2111 Β

175 2173 244 2240 ἣν
270 2171 428 2225 αὐτοὶ
464 2173 608 2225 κατά
654 2174 763 2227 τῶν
823 2177 1084 2246 Πατέρων
1132 2177 1318 2232 αὐτῶν
1378 2181 1517 2249 μετὰ
1559 2182 1760 2252 πολλῆς

177 2267 585 2338 ἀπορρίπτουσι
616 2269 713 2339 τῆς
735 2272 1093 2341 κακουργίας.
1118 2273 1227 2325 Καὶ
1250 2274 1357 2343 γὰρ
1388 2265 1544 2340 οὕτος
1596 2276 1625 2328 ὁ
1661 2277 1762 2349 τὴν

176 2358 433 2423 ἐξουσίαν
467 2360 648 2417 λαϐὼν
681 2363 905 2434 δεσμεῖν
939 2365 1035 2419 καὶ
1087 2363 1259 2431 λύειν,
1297 2368 1393 2421 καὶ
1432 2368 1491 2422 τὸ
1550 2369 1641 2424 τοῦ
1677 2367 1765 2423 δε-

179 2455 324 2525 σμοῦ
356 2456 590 2528 φοϐερὸν
627 2458 748 2523 ἅμα
778 2452 871 2513 καὶ
896 2461 1163 2529 κραταιὸν
1191 2462 1379 2531 (μέχρι
1420 2463 1531 2529 γὰρ
1587 2465 1761 2531 αὐτῆς

179 2547 518 2617 ἀναφέρεται
543 2549 641 2621 τῆς
665 2549 950 2621 βασιλείας
985 2551 1095 2604 τῶν
1141 2553 1437 2623 ούρανῶν),
1474 2546 1631 2617 οὗτος
1686 2555 1751 2626 δὴ

180 2641 398 2713 μεγάλῃ
424 2644 518 2695 καὶ
554 2644 861 2714 διαπρυσίῳ
879 2645 1121 2714 κέκραγε
1141 2647 1206 2716 τῆ
1232 2649 1385 2717 φωνῇ
1406 2665 1418 2677 ·
1442 2648 1567 2702 Κᾶν
1591 2648 1763 2717 ἡμεῖς

176 2733 216 2800 ἢ
247 2731 504 2801 ἄγγελος
560 2735 631 2798 ἐξ
650 2734 919 2804 οὐρανοῦ
946 2737 1400 2806 εὐαγγελίζηται
1448 2739 1592 2808 ὑμῖν
1622 2741 1763 2808 παρ’

176 2822 211 2878 ὃ
267 2825 763 2895 εὐηγγελιζόμεθα
830 2831 996 2899 ὑμῖν,
1061 2822 1333 2900 ἀνάθεμα
1372 2834 1550 2889 ἔστω.
1608 2835 1763 2887 [lau-

170 2917 326 3001 λος-ὴ
374 2920 634 2991 άσίγητος
660 2924 760 2990 τῆς
802 2921 1129 2991 Ἐκκλησίας
1167 2916 1469 2990 eamea
1508 2923 1765 2990 τοσοῦτος

180 3012 277 3066 καὶ
319 3011 637 3082 τηλικοῦτος
684 3015 812 3076 τοὺς
863 3014 1017 3084 παρᾶ
1050 3015 1110 3069 τὸ
1173 3015 1515 3086 Εὐαγγὲλιον
1567 3018 1762 3088 ἕτερόν

176 3122 234 3157 τι
306 3105 629 3181 τολμῶντας
683 3106 945 3175 φρόνημα
1008 3107 1196 3162 λαϐεῖν
1237 3107 1335 3164 καὶ
1389 3110 1756 3179 παρεισάγειν

174 3196 256 3269 τῷ
306 3196 609 3267 άναθέματι
660 3200 1070 3270 παραπέμπειο
1104 3202 1201 3257 καὶ
1252 3203 1312 3256 ού
1379 3206 1505 3265 τοὺς
1563 3202 1761 3267 ἄλλους

179 3289 365 3361 μόνον,
386 3292 585 3353 οῐτινες
608 3292 771 3345 τοῦτο
792 3294 1155 3364 τολμήσειαν,
1188 3297 1352 3367 ἀραῖς
1409 3296 1758 3367 ἀνυπερϐλή-

1857 794 2112 864 prehensi
2150 803 2299 859 sunt,
2353 794 2570 863 iniquos
2615 791 2859 862 legisque
2910 790 3205 844 violatores
3247 787 3439 843 decla-

1858 903 1948 941 ras
1976 898 2345 955 extremaeque
2380 885 2677 953 impietatis
2718 883 2820 939 sub
2852 883 3055 936 amoris
3106 882 3438 937 benevolen-

1858 982 2055 1050 tizeque
2082 981 2230 1033 larva
2260 993 2383 1033 reos
2411 978 2667 1048 iudicas?
2692 976 2810 1031 Non
2858 975 2998 1029 bona
3045 983 3261 1028 tuorum
3311 980 3459 1027 sunt.

1860 1076 2167 1130 studiorum
2196 1086 2601 1142 conatuumque
2626 1072 2870 1141 praemia.
2911 1067 3016 1123 Sed
3044 1068 3165 1121 vide
3194 1067 3445 1135 impieta-

1860 1167 1930 1223 tis
1991 1181 2277 1221 excessum
2322 1164 2677 1234 improhique
2719 1160 3088 1229 insipientiam
3144 1156 3335 1211 animi.
3384 1155 3440 1209 In

1864 1235 2025 1313 suum
2076 1257 2442 1328 patrocinium
2497 1264 2696 1310 vocant
2744 1253 3080 1307 Dominum:
3115 1248 3441 1320 deprehensi

1863 1350 2091 1406 fuerunt
2147 1341 2440 1404 mendaces
2496 1356 2551 1402 et
2596 1345 3059 1410 calumniatores;
3105 1344 3444 1398 advocarnnt

1863 1455 2125 1515 patronos
2178 1441 2461 1512 apostolos
2501 1458 2515 1495 :
2553 1440 2788 1494 convicti
2849 1447 2979 1491 sunt
3036 1436 3197 1509 istos,
3226 1450 3446 1504 quoque

1862 1535 2055 1591 eodem
2124 1534 2286 1588 modo
2339 1531 2635 1587 calumniis
2693 1529 3022 1595 adicientes;
3079 1524 3447 1594 confugerunt

1863 1643 2061 1683 rursus
2112 1627 2178 1681 ad
2213 1627 2397 1681 Patres
2431 1642 2445 1679 :
2484 1634 2538 1680 et
2569 1625 2690 1680 loco
2724 1622 2950 1678 honoris
3005 1621 3278 1691 ingentem
3313 1619 3447 1690 ipsis

1864 1719 2258 1789 blasphemiam
2294 1716 2605 1771 offundunt.

1935 1810 2021 1867 69.
2067 1810 2133 1865 Et
2162 1809 2354 1867 Patres
2394 1810 2612 1879 quidem
2668 1816 2884 1870 vocant,
2921 1807 2995 1862 ita
3037 1816 3142 1870 est,
3184 1806 3278 1861 sed
3325 1821 3433 1859 non

1866 1911 1930 1957 ut
1974 1903 2196 1957 Patrum
2233 1900 2632 1955 illis’honorem
2669 1884 2933 1960 tribuant,
2973 1912 3165 1952 verum
3202 1903 3260 1952 ut
3294 1896 3442 1951 inve-

1871 1995 2043 2057 niant,
2080 2009 2188 2064 qua
2244 1994 2456 2063 posSint
2494 1992 2707 2048 ratione
2754 1994 2870 2047 ﬂeri
2921 1992 3227 2061 parricidae.
3263 1988 3449 2060 Neque

1865 2087 1985 2140 divi
2024 2086 2174 2141 Pauli
2223 2088 2653 2155 perhorrescunt
2708 2100 2921 2152 vorent,
2967 2099 3130 2155 quam
3168 2067 3365 2137 tamen.
3395 2093 3449 2138 ot

1865 2179 1967 2247 ipsi
2007 2189 2197 2233 contra
2232 2178 2420 2234 Patres
2475 2193 2607 2234 suos
2663 2193 2770 2232 non
2826 2178 2947 2232 sine
2981 2175 3190 2247 ingenti
3238 2174 3445 2229 malitia

1864 2277 2251 2338 contorquent.
2327 2266 2425 2324 llic
2486 2254 2632 2324 enim
2694 2270 2789 2340 qui
2849 2279 3177 2339 potestatem
3240 2269 3453 2338 accepit

1868 2361 2070 2431 ligandi
2134 2379 2198 2419 ac
2249 2363 2517 2429 solvendi,
2574 2371 2631 2418 et
2688 2377 2822 2420 sane
2890 2362 3110 2420 vinculo
3165 2352 3466 2420 tremendo

1865 2455 2027 2511 siznul
2058 2465 2115 2510 et
2145 2458 2327 2511 valido
2374 2458 2671 2529 (pertinget
2713 2459 2858 2512 enim
2900 2459 2967 2513 ad
3002 2459 3178 2527 ipsum
3214 2473 3450 2528 regnum

1865 2546 2179 2611 malorum),
2209 2547 2322 2613 hic,
2357 2547 2604 2618 inquam,
2630 2548 2831 2617 ingenti
2877 2534 3139 2616 claraque
3182 2546 3455 2603 exclamat

1865 2655 2003 2695 voce
2046 2658 2060 2694 :
2101 2638 2249 2694 Licet
2288 2656 2383 2695 nos
2430 2648 2525 2714 aut
2568 2638 2787 2710 angelus
2830 2640 2896 2693 de
2951 2638 3080 2693 calo
3130 2639 3451 2708 evangelise!

1865 2734 2009 2788 vobis
2040 2745 2395 2804 prazlcrquam
2423 2732 2571 2803 quod
2619 2732 3092 2801 evaitgelizauimus
3122 2734 3285 2797 vobis,
3318 2749 3454 2787 ana-

1868 2826 2040 2879 thema
2074 2824 2161 2878 sit.
2200 2822 2399 2878 Paulus
2431 2838 2631 2879 sonora
2680 2833 2734 2878 et
2789 2838 3068 2893 nunquam
3126 2832 3312 2878 tacens
3353 2821 3453 2877 Ec-

1865 2918 2046 2975 clesiae
2104 2918 2253 2981 tuba,
2312 2917 2393 2971 vir
2441 2924 2640 2973 tantus-
2673 2931 2736 2971 ac
2791 2915 2915 2971 talis
2962 2930 3057 2970 eos
3110 2916 3201 2985 qui
3256 2924 3454 2985 praeter

1865 3011 2224 3081 Evangelium
2268 3006 2418 3065 aliud
2453 3011 2774 3080 quidquam
2834 3009 3047 3067 audent
3098 3018 3193 3063 aut
3250 3010 3457 3065 sentire

1865 3116 1961 3162 aut
1994 3106 2192 3161 docere
2238 3103 2573 3159 anathemati
2627 3102 2825 3159 tradit:
2894 3117 3072 3170 neque
3132 3102 3269 3156 alios
3309 3102 3452 3155 dun-

1866 3197 2146 3267 Iaxat,qui
2173 3198 2275 3251 hoc
2295 3195 2661 3262 fuerintausi,
2712 3194 2849 3249 diris
2894 3193 3181 3250 immensis
3208 3194 3454 3263 subiicit.

1866 3292 1962 3347 sed
1996 3299 2051 3345 et
2082 3290 2186 3346 sibi
2221 3289 2348 3360 ipsi,
2392 3289 2439 3345 si
2489 3304 2617 3345 reus
2663 3288 2930 3351 exsistat,
2966 3286 3216 3342 eamdem
3252 3288 3449 3343 indicit

170 3381 289 3442 τοῖς
316 3379 539 3449 ὑπάγει,
558 3381 696 3437 ἀλλὰ
712 3383 809 3437 καὶ
827 3384 1044 3449 ιαυτδν,
1083 3384 1269 3458 ἔνοχος
1288 3387 1335 3440 εί
1368 3386 1586 3456 ὀφθείη,
1611 3386 1755 3458 πρὸς

1865 3398 2105 3456 poenam.
2149 3381 2263 3439 Nec
2318 3397 2386 3437 eo
2426 3397 2605 3451 usque
2642 3390 2906 3436 terrorem
2952 3381 3118 3452 hujus
3166 3384 3454 3437 sententiae

170 3473 278 3542 τὴν
300 3473 426 3542 ῐσην
467 3475 704 3529 συνωθεῖ
729 3475 911 3548 δίκην.
958 3478 1071 3532 Kal
1095 3478 1217 3532 οὐδὲ
1250 3477 1418 3550 μέχρι
1450 3479 1647 3533 τούτου
1697 3482 1779 3543 τὸ,

172 3564 412 3635 φοϐερὸν
434 3566 532 3636 τῆς
563 3567 897 3635 ἀποφάσεως
929 3569 1293 3639 περιγράφει,
1329 3568 1468 3623 ἀλλὰ
1521 3570 1614 3624 καὶ
1667 3572 1759 3625 τὸν

170 3657 409 3727 οὐρανὸν
446 3658 613 3712 αὐτὸν
643 3659 883 3729 ἒρευνᾷο
915 3659 1021 3713 κᾶν
1045 3660 1279 3727 ἄγγελον
1312 3660 1450 3732 εὕρῃ
1484 3663 1593 3724 τοῖς
1632 3663 1752 3716 ’ἐπὶ

171 3750 278 3819 γῆς
300 3749 510 3803 ἐκεῖθεν
550 3752 852 3803 ἐπιστάντα
875 3751 973 3805 καὶ
994 3752 1185 3822 ἕτερόν
1220 3769 1273 3805 τι
1338 3754 1491 3824 παρά
1550 3756 1612 3807 τὸ
1667 3755 1760 3808 εὑ-

158 3836 471 3911 ⁴αγγελικὸν
532 3841 1029 3912 εὐαγγελιζόμενον
1074 3847 1363 3915 κήρυγμα,
1410 3847 1525 3909 τοῖς
1549 3846 1761 3916 ὁμοίοις

170 3935 394 4003 δεσμοῖς
418 3934 718 3988 ὑποϐάλλει
744 3936 843 4008 καὶ
861 3936 942 4006 τῷ
961 3935 1195 4007 διαϐόλῳ
1225 3940 1617 4008 παραπέμπει.
1649 3939 1760 3991 Kal

163 4027 243 4081 ob
280 4027 528 4098 Πατέρας
553 4002 863 4094 ἀνακαλῶν,
901 4002 990 4098 ἐφ’
1025 4002 1183 4098 ὕϐρει
1238 4002 1340 4100 μὲν
1404 4002 1515 4083 τῶν
1553 4033 1763 4084 Δεσπο-

168 4119 347 4173 τικῶν
375 4120 686 4190 δογμάτων,
725 4121 825 4190 ἐφ’
848 4120 1007 4192 ὕϐρει
1031 4121 1089 4173 δὲ
1120 4120 1216 4174 τοῦ
1252 4120 1637 4192 κηρύγματος,
1698 4118 1760 4176 οὕ

171 4212 436 4280 γεγόνασι
498 4214 743 4283 κήρυκες
776 4214 829 4265 οί
855 4212 1096 4283 μαθηταὶ
1118 4212 1223 4284 (2),
1262 4214 1349 4282 ἐφ’
1387 4213 1542 4285 ὕϐρει
1567 4215 1761 4269 πασῶν

168 4304 285 4357 τῶν
324 4304 725 4373 οἰκουμενικῶν
776 4300 1033 4368 συνόδων,
1087 4304 1175 4374 ἐφ’
1224 4303 1380 4376 ὕϐρει
1425 4306 1481 4359 δὲ
1531 4308 1630 4377 τῆς
1659 4307 1764 4361 ave

172 4399 360 4452 πᾶσαν
390 4398 490 4468 τὴν
524 4398 856 4469 οίκουμένην
889 4398 1308 4471 κηρυττομένης
1344 4398 1673 4470 εὐσεϐείας,Ι
1698 4401 1760 4454 οὐ

170 4488 422 4561 φρίττεις
453 4489 575 4541 οὐδὲ
601 4490 825 4558 τρέμεις
863 4489 985 4542 οὐδὲ
1024 4489 1441 4560 καταπτήσσεις
1471 4488 1573 4559 τὴν
1597 4491 1761 4544 ἀπει-

146 4582 279 4650 λήν
306 4596 323 4646 ;
354 4579 491 4633 ἀλλὰ
518 4582 615 4633 καὶ
645 4580 771 4643 τοὺς
804 4580 932 4643 σοὺς
964 4580 1214 4649 Πατέρας
1244 4581 1291 4632 εί
1323 4579 1396 4651 μὴ
1419 4580 1625 4650 ταύτης
1648 4599 1764 4635 κοι-

172 4676 385 4736 νωνοὺς
444 4674 715 4744 ποιήσεις,
755 4673 993 4727 ἀϐίωτόν
1045 4690 1129 4727 σοι
1176 4673 1267 4726 τὸν
1301 4674 1416 4744 βίον
1459 4676 1568 4745 ἡγῇ
1594 4692 1607 4705 ·
1666 4678 1763 4730 καὶ

1853 3479 2009 3555 sistit
2059 3492 2124 3532 ac
2172 3476 2418 3541 liutitat;
2469 3479 2565 3531 sed
2620 3484 2675 3531 et
2725 3477 2895 3532 caelos
2950 3476 3101 3545 ipsos
3149 3485 3448 3539 scrutatur,

1863 3569 2048 3638 ibique
2094 3569 2138 3623 si
2180 3568 2275 3623 vel'
2306 3568 2562 3638 angelum
2599 3566 2845 3623 inveniat
2889 3567 3205 3641 hominibus
3260 3584 3289 3623 a
3344 3568 3456 3623 Deo

1862 3658 2180 3728 praefectum
2222 3669 2277 3715 et
2321 3659 2471 3715 aliud
2508 3659 2794 3731 quidpiam
2839 3668 3035 3731 praeter
3070 3660 3445 3731 evangelicam

1863 3754 2308 3825 praedicationem
2385 3748 2877 3825 evangelizantém,
2932 3755 3160 3823 paribus
3215 3752 3443 3822 subiicit

1864 3845 2096 3903 vinculis
2143 3855 2199 3902 et
2253 3847 2322 3902 ad
2387 3845 2668 3902 diabolum
2732 3845 3018 3903 amandat.
3053 3845 3119 3900 Et
3151 3853 3208 3900 tu
3264 3845 3454 3901 Patres

1864 3937 2105 4005 allegans
2140 3940 2192 3992 in
2229 3938 2623 3993 contumeliam
2654 3937 3067 3993 Dominicorum
3101 3936 3448 4007 dogmatum,

1865 4030 1918 4084 in
1972 4028 2366 4084 contumeliam
2424 4028 2875 4099 praedicationis,
2951 4028 3111 4098 cujus
3168 4044 3453 4098 praecones

1864 4122 2197 4176 exstiterunt
2272 4120 2553 4191 apostoli,
2621 4121 2674 4175 in
2733 4122 3126 4177 contumeliam
3186 4125 3434 4178 omnium

1865 4213 2337 4275 tecumenicarum
2369 4212 2731 4283 synodorum,
2764 4213 2820 4268 in
2851 4215 3236 4275 contumeliam
3271 4217 3451 4285 pieta-

1864 4308 1963 4387 tis,
1987 4322 2109 4377 quae
2145 4316 2257 4362 toto
2289 4305 2620 4374 pradicatur
2645 4308 2800 4369 orbe,
2826 4321 2933 4361 non
2970 4309 3167 4362 horres
3193 4323 3293 4364 nec
3319 4323 3454 4366 con-

1866 4400 2143 4455 tremiscis
2176 4414 2277 4455 nec
2300 4399 2622 4469 expavescis
2653 4390 2873 4455 minas?
2898 4399 3003 4455 Sed
3030 4409 3083 4455 et
3114 4412 3238 4455 tuos
3259 4400 3451 4466 Patres

1863 4491 1973 4547 nisi
2000 4492 2117 4562 eius
2142 4491 2392 4546 criminis
2426 4491 2720 4562 participes
2758 4492 3003 4559 efﬁcias,
3034 4493 3443 4549 intolerabilem

1866 4586 1960 4640 tibi
1996 4587 2161 4640 vitam
2204 4585 2516 4641 arbitraris.
2569 4586 2637 4639 Et
2694 4584 2895 4641 Paulus
2952 4600 3023 4641 ne
3065 4586 3450 4657 incorpoream

1868 4678 2085 4747 quidem
2133 4687 2353 4731 veretur
2389 4684 2640 4739 naturam
2688 4692 2787 4733 nec
2827 4679 3045 4748 penitus
3088 4689 3270 4746 curat,
3302 4684 3450 4752 quod

169 4767 203 4818 ὁ
240 4762 343 4835 μὲν
390 4764 511 4817 οὐδὲ
540 4763 641 4833 τὴν
687 4763 982 4834 ἀσώματον
1046 4762 1359 4817 εὐλαϐεῖται
1425 4764 1591 4834 φύσιν
1639 4766 1761 4819 οὐδὲ

1869 4768 2046 4834 angeli
2080 4777 2139 4820 ut
2169 4776 2375 4821 mentes
2406 4782 2555 4837 purae
2588 4782 2725 4838 pure
2761 4779 2927 4838 atque
2950 4771 3268 4828 immediate
3297 4788 3456 4827 com-

171 4856 259 4908 ὅτι
288 4853 364 4916 ὡς
391 4853 509 4917 νόες
537 4853 774 4922 καθαροὶ
800 4853 1061 4923 καθαρῶς
1095 4856 1191 4908 καὶ
1223 4855 1445 4922 άμέσως
1471 4854 1549 4925 τῷ
1578 4856 1753 4928 κοινῷ

170 4947 575 5017 παριστάμενοι
633 4944 902 5018 Δεσπότῃ,
953 4947 1104 5000 οὐδὲν
1137 4947 1341 5000 τούτων
1387 4950 1762 5017 δυσωπήσεως

167 5037 432 5107 ἀφορμὴν
448 5040 705 5103 ποιεῖται,
735 5038 870 5091 ἀλλα
896 5040 1011 5101 τοῖς
1040 5040 1302 5107 ἐπιγείοις
1326 5042 1383 5092 ὲν
1408 5042 1508 5111 ῐσῳ
1536 5042 1673 5111 πρὸς
1701 5043 1761 5095 τ’)

167 5128 427 5197 ἀνάθεμα
457 5130 737 5200 κατασπᾷ.
769 5129 841 5182 Σὺ
868 5131 924 5184 δὲ
964 5129 1293 5201 Ἀμϐρόσων
1320 5133 1415 5186 καὶ
1456 5134 1760 5199 Αὐγουστῖ-

166 5237 264 5272 νον
290 5221 533 5284 καὶτοὺς
552 5220 745 5283 ἄλλους
777 5220 903 5291 (φεῦ
936 5221 1106 5291 τιμῆς
1128 5224 1378 5291 ὀλεθρίας
1416 5226 1427 5277 l
1468 5227 1482 5291 )
1506 5224 1760 5295 Πατέρας

168 5310 360 5366 καλῶν
388 5312 532 5365 κατὰ
555 5312 656 5383 τῆς
681 5312 1022 5382 Δεσποτικῆς
1052 5313 1398 5378 ἀνθοπλίξων
1454 5298 1755 5383 μυσταγω-

168 5405 300 5473 γίας
325 5398 681 5473 ἀνεκτότερον
706 5404 807 5456 οίει
833 5406 893 5456 τὸ
922 5403 1247 5475 κατάκριμα
1289 5406 1321 5475 ἢ
1352 5407 1492 5458 κατὰ
1521 5406 1753 5460 σεαυτοῦ

165 5497 201 5563 ἢ
232 5492 356 5546 κατ’
384 5493 608 5546 ἐκείνων
642 5494 1013 5559 emendabat;
1050 5497 1124 5547 Οὐ
1165 5495 1274 5564 γὰρ
1318 5495 1495 5565 καλήν
1538 5512 1599 5563 γε
1659 5497 1759 5566 τὴν

167 5586 412 5659 ἀμοιϐὴν
436 5589 548 5648 τοῖς
577 5589 689 5649 σοῖς
728 5587 1031 5656 ἀπονέμεις
1063 5588 1309 5657 Πατρᾱισι
1335 5602 1351 5618 '
1413 5590 1472 5640 οὐ
1512 5590 1655 5643 καλὰ
1688 5592 1756 5643 τά

164 5679 401 5747 τροφεῖα
464 5681 576 5740 τοῖς
624 5678 1054 5747 γεννησαμένοις
1128 5679 1508 5751 ἀντεισφέρεις
1545 5697 1557 5708 ·
1620 5682 1757 5734 ἀλλὰ

166 5770 285 5838 γὰρ
320 5769 398 5829 είς
428 5768 525 5837 μὲν
559 5769 686 5831 τοὺς
716 5768 1024 5837 μακαρίους
1039 5768 1242 5838 ἄνδρας
1266 5773 1530 5838 ἐκείνους,
1561 5772 1753 5842 ὥσπερ

166 5860 327 5915 οὑόὲν
350 5863 537 5925 αὐτοῖς
563 5863 672 5914 τῶν
702 5860 810 5914 σῶν
844 5863 1014 5931 μετῆν
1040 5865 1395 5932 σοφισμάτων
1448 5867 1550 5935 τῆς
1599 5866 1757 5920 ἀπει-

243 6015 320 6088 (1)
350 6014 511 6073 Laur.
552 6019 689 6072 καλά
727 6036 785 6087 γε
822 6018 929 6075 τῶν
964 6019 1054 6088 ἀγ.
1087 6019 1353 6091 ἐπίχειρα.

1867 4860 2017 4914 nnmi
2054 4859 2319 4914 assistunt
2346 4861 2612 4925 Domino;
2648 4861 2781 4916 nihil
2815 4865 3043 4919 omnino
3068 4864 3264 4920 horum
3295 4881 3455 4920 vere-

1869 4961 1981 5015 tur,
2004 4951 2099 5005 sed
2126 4966 2280 5021 seque
2306 4967 2373 5007 ac
2409 4962 2661 5008 terrenos
2692 4954 2943 5010 homines
2970 4957 3197 5026 angelos
3228 4973 3453 5028 quoque

1865 5044 1930 5095 ad
1989 5042 2279 5099 anathema
2327 5044 2614 5111 pertrahit.
2663 5044 2746 5100 Tu
2791 5062 2921 5102 vero
2974 5046 3332 5103 Ambrosium
3390 5060 3448 5104 et

1864 5136 2233 5203 Augustinum
2288 5147 2343 5191 et
2390 5147 2618 5193 caeteros
2676 5139 2805 5209 (heu
2854 5142 3221 5209 perniciosum
3275 5142 3453 5195 hono-

1865 5226 2041 5291 rem!)
2088 5222 2279 5280 Patres
2324 5241 2650 5296 nuncupatis
2701 5238 2756 5283 et
2802 5228 3067 5284 adversus
3110 5230 3452 5286 Dominicam

1863 5315 2166 5371 doctrinam
2208 5317 2430 5373 eosdem
2484 5319 2540 5371 in
2596 5320 2779 5373 aciem’
2832 5319 3139 5386 instruens,
3184 5321 3445 5376 leviorem

1863 5417 2024 5477 putas
2072 5410 2125 5463 in
2179 5418 2231 5464 te
2280 5410 2363 5464 vel
2398 5411 2451 5464 in
2502 5410 2627 5466 illos
2665 5410 3076 5466 damnationem
3124 5415 3453 5468 accersere?

1863 5498 1978 5554 Non
2012 5501 2156 5552 enim
2187 5498 2396 5554 bonam.
2421 5501 2539 5555 tuis
2561 5490 2819 5556 Patribus
2841 5502 3146 5557 mercedem
3175 5519 3274 5557 nec
3304 5504 3447 5557 Iltllll

1862 5591 2203 5646 educationis
2256 5595 2478 5661 praemia
2522 5595 2861 5661 genitoribus
2911 5595 3182 5661 rependis.
3217 5593 3450 5648 Verum-

1866 5684 2152 5739 enimvero
2215 5686 2270 5738 in
2318 5686 2439 5741 illos
2481 5688 2701 5755 quidem
2735 5688 2925 5742 beatus
2960 5689 3129 5753 viros,
3177 5688 3447 5756 «picmad-

1861 5779 2084 5830 modum
2115 5776 2219 5845 ipsi
2256 5776 2390 5829 nihil
2418 5777 2486 5830 de
2508 5776 2615 5831 tuis
2649 5777 2862 5832 cavlllis
2896 5787 3103 5847 tuaque
3133 5779 3439 5847 pervicaea

1860 5883 1924 5923 ac
1954 5867 2232 5936 impietate
2255 5869 2678 5939 participabant,
2717 5871 2790 5924 ita
2824 5886 2924 5926 nec
2957 5881 3107 5927 tuum
3152 5872 3455 5928 anathema.

1936 6026 2012 6097 (2)
2046 6025 2204 6082 Laur.
2234 6026 2280 6079 οἳ
2306 6027 2593 6096 γεγόνασιν
2622 6028 2669 6080 ol
2706 6026 2969 6100 μαθηταί,
