4150 6454
740 445 852 511 819

1770 454 1980 518 ιοΑΝ.
2023 457 2236 519 VECCI
2275 458 2388 521 cp.
2429 428 2942 528 ruminans:

3886 467 3992 533 820

750 569 1055 637 pertingere
1102 569 1376 625 ullatenus
1432 571 1650 640 valebit,
1707 582 1761 628 tu
1814 587 1992 631 tamen
2052 592 2120 633 eo
2169 578 2303 647 quod

2415 582 2567 646 θείας
2595 584 2691 638 καὶ
2704 584 2992 649 ἀσεϐείας,
3020 584 3193 649 οὕτως
3217 584 3338 638 οὺδὶ
3381 583 3439 637 τὸ
3461 582 3552 637 σὺν
3603 582 3856 653 ἀνάθεμα
3880 584 3991 653 κώ.

747 660 872 714 mde
905 670 1065 730 putas
1104 661 1261 716 istam
1310 663 1645 731 impietatem
1680 666 1996 722 conﬁrmari
2048 678 2105 724 et
2158 684 2314 725 com-

746 749 1003 817 probari,
1040 741 1328 809 luculentis
1379 754 1534 810 factis
1580 759 1731 811 omni
1781 775 1914 817 voce
1952 761 2155 817 clarius
2198 762 2312 816 cla-

744 843 1024 897 mantibus
1052 844 1339 899 anathema
1360 846 1415 901 in
1448 847 1571 902 illos
1596 847 1829 917 profers.

811 1023 901 1078 70.
943 1021 1131 1095 Neth
1155 1026 1260 1081 boc
1309 1025 1455 1094 dico,
1484 1043 1671 1085 revera
1695 1045 2036 1103 quaecunque
2064 1040 2120 1087 tu
2155 1047 2310 1090 asse-

740 1121 839 1181 ris,
869 1118 940 1173 ab
984 1119 1051 1174 iis
1095 1119 1166 1175 ita
1204 1121 1474 1198 luculente
1527 1124 1704 1188 tradi;
1751 1140 1942 1179 verum
1975 1127 2100 1179 licet
2133 1127 2311 1181 conti-

737 1210 926 1278 gisset,
965 1210 1087 1266 illos
1138 1213 1245 1267 tale
1288 1212 1562 1284 quidpiam
1595 1215 1805 1270 dixisse
1853 1216 2129 1283 (homines
2162 1218 2306 1271 enim

736 1312 889 1357 erant
946 1318 1045 1358 uec
1091 1314 1267 1375 potest
1313 1320 1372 1359 se
1420 1307 1722 1361 immunem
1773 1307 1845 1361 ab
1883 1304 2030 1362 omni
2063 1309 2308 1364 humano

736 1393 886 1461 lapsu
915 1404 1174 1463 perpetuo
1198 1410 1525 1451 conservare
1552 1399 1641 1466 qui
1668 1414 1735 1453 ex
1775 1397 1889 1451 luto
1917 1398 2170 1469 lluxaque
2201 1415 2309 1454 na-

736 1491 856 1535 tura
883 1491 1120 1547 constat,
1157 1484 1269 1538 imo
1300 1500 1693 1555 nonnunquam
1719 1488 1882 1541 etiam
1924 1487 2055 1542 viris
2086 1488 2309 1557 optimis

734 1573 1107 1629 adnascuntur
1145 1576 1326 1644 aliqua
1364 1577 1587 1647 vestigia
1641 1578 2024 1648 macularum),
2062 1588 2119 1634 et
2176 1581 2309 1635 licet

732 1664 875 1719 forte
909 1666 975 1719 ad
1010 1666 1230 1735 aliquod
1258 1667 1577 1723 indecorum
1613 1685 1678 1723 ac
1708 1679 1863 1738 turpe
1893 1671 2303 1742 fuissentlapsi,

730 1776 830 1829 ego
865 1773 999 1815 sane
1030 1759 1229 1829 probos
1265 1758 1455 1815 Noemi
1489 1762 1629 1817 filios
1666 1762 1909 1817 imitarer
1941 1772 1995 1817 et
2022 1779 2120 1832 pro
2142 1765 2307 1818 vesti-

733 1851 933 1905 mentis
976 1850 1197 1905 sileutio
1247 1852 1428 1921 potius
1452 1862 1616 1921 atque
1661 1854 1991 1924 gratitudine
2020 1862 2302 1925 paternam

730 1936 1121 2012 turpitudinem
1174 1944 1509 2013 obtegerent,
1556 1960 1661 1999 non
1691 1955 1894 2011 autem,
1939 1948 2018 2000 uti
2056 1956 2112 1999 tu
2142 1946 2300 2012 facis,

727 2033 921 2087 Cliatui
964 2048 1225 2103 sequerer
1269 2036 1611 2104 exemplum;
1662 2036 1771 2091 imo
1822 2052 1949 2091 vero
2012 2048 2072 2092 tu
2131 2038 2302 2093 multo

729 2126 981 2181 acerbius
1002 2125 1091 2179 illo
1112 2126 1662 2196 atqueimpudentius
1687 2137 1927 2194 tuorum,
1952 2144 2090 2198 quos
2117 2144 2299 2194 vocas,

740 2218 961 2272 Patrum
1000 2218 1394 2288 turpitudinem
1427 2219 1676 2289 evulgas.
1710 2219 1802 2274 llle
1827 2221 1999 2284 enim,
2034 2236 2142 2275 non
2172 2222 2301 2291 quia

732 2307 1012 2375 revelavit,
1040 2306 1133 2364 seti
1162 2306 1292 2380 quia
1322 2322 1426 2364 non
1457 2305 1674 2370 velavit,
1712 2308 2145 2363 maledictionem
2176 2323 2301 2363 sus-

731 2399 930 2463 tinuit;
982 2410 1037 2452 tu
1073 2413 1205 2452 vero
1252 2408 1306 2451 et
1358 2396 1565 2451 revelas
1610 2408 1666 2451 et
1709 2398 1764 2450 in
1790 2396 1892 2450 hac
1928 2397 2154 2451 audacia
2189 2398 2303 2465 glo-

732 2491 927 2557 riaris;
954 2500 1010 2545 et
1051 2489 1141 2544 ille
1168 2487 1389 2559 quidem
1423 2488 1685 2544 fratribus
1712 2503 1971 2543 arcanum
2001 2486 2158 2544 effert
2196 2505 2211 2550 ;
2243 2474 2300 2542 tu

730 2596 863 2637 vero
889 2597 997 2636 non
1030 2580 1298 2636 fratribus
1333 2566 1431 2635 nec
1458 2582 1551 2635 uni
1578 2589 1672 2634 aut
1702 2579 1880 2643 alteri,
1918 2579 2011 2635 sed
2038 2588 2299 2648 quantum

726 2685 813 2729 est
830 2690 898 2729 ex
918 2685 1013 2729 tuo
1037 2684 1236 2728 conatu
1257 2682 1312 2727 et
1332 2673 1661 2743 impudentia
1682 2671 1994 2726 universum
2016 2678 2172 2741 quasi
2200 2679 2304 2725 ter-

730 2781 914 2820 rarum
942 2766 1131 2821 orbem
1161 2765 1429 2818 theatrum
1458 2765 1798 2819 constituens
1829 2762 2030 2831 iungenti
2063 2767 2302 2831 promul-

726 2875 823 2930 gas
849 2860 1114 2923 clamore,
1139 2865 1262 2913 tuos
1304 2858 1491 2913 Patres
1517 2858 1771 2912 sordibus
1796 2854 1970 2910 foedos
1992 2870 2134 2920 esse,
2165 2866 2221 2909 et
2246 2856 2300 2911 in

728 2958 969 3021 ipsorum
989 2949 1322 3021 turpitudine
1351 2946 1644 3003 luxuriaris
1662 2946 2055 3019 (debaccbaris)
2078 2960 2129 3002 et
2150 2948 2305 3019 igno-

693 3045 896 3099 ‘minia
925 3043 1140 3098 illorum
1161 3042 1364 3112 gaudes
1397 3052 1452 3096 et
1480 3041 1660 3097 socios
1689 3037 1913 3108 quaeris,
1947 3054 2044 3108 per
2070 3056 2206 3110 quos
2234 3042 2300 3094 il.

726 3138 903 3191 lorum
940 3137 1172 3191 dedecus
1197 3150 1260 3189 ac
1286 3133 1687 3189 deformitatem
1720 3131 1774 3184 in
1804 3132 2078 3199 publicam
2106 3133 2302 3191 elferas

730 3227 909 3281 lucem
935 3234 989 3278 et
1026 3222 1345 3278 solemniter
1366 3222 1631 3281 celebres.

795 3318 889 3374 Ἠ.
925 3316 1074 3372 Dixit
1099 3317 1440 3385 Augustinus
1468 3326 1520 3373 et
1549 3319 1915 3395 Hieronymus
1955 3321 2220 3390 Spiritum
2268 3331 2299 3371 a

741 3409 880 3466 Filio
936 3410 1250 3481 procedere.
1301 3408 1369 3463 Et
1424 3411 1565 3466 unde
1618 3422 1793 3482 potest
1828 3413 2014 3468 haberi
2054 3420 2148 3466 aut
2182 3409 2299 3465 dari

730 3506 885 3567 tides,
929 3512 1053 3572 post
1104 3510 1185 3557 tot
1226 3516 1400 3558 annos
1450 3504 1695 3574 elapsos,
1743 3520 1851 3559 non
1901 3519 2024 3560 esse
2077 3504 2299 3559 illorum

726 3596 929 3665 scripta
965 3610 1062 3665 per
1096 3595 1359 3650 malitiam
1384 3594 1718 3666 depravata?
1770 3595 1957 3667 Neque
1979 3596 2125 3651 enim
2156 3595 2301 3649 arbi-

727 3688 859 3742 trari
892 3686 1083 3752 debes,
1118 3694 1170 3742 te
1208 3688 1384 3743 solum
1413 3703 1535 3743 esse
1564 3689 1629 3742 ad
1667 3686 2299 3758 impietatem'fervidum

725 3792 780 3835 et
806 3792 859 3836 te
892 3780 1071 3835 solum
1099 3778 1300 3835 audere
1328 3794 1435 3834 non
1462 3781 1748 3846 audenda;
1776 3782 1870 3837 sed
1896 3781 2074 3852 potius
2102 3794 2169 3833 ex
2200 3779 2303 3833 bac

727 3874 847 3943 ipsa
878 3872 954 3927 tui
982 3870 1150 3926 animi
1178 3870 1465 3927 affectione
1486 3882 1697 3943 reputa,
1732 3882 1860 3928 tunc
1889 3886 2112 3943 quoque
2139 3870 2299 3926 facile

728 3967 900 4021 fuisse
947 3965 1329 4020 versutissitno
1371 3966 1586 4036 generis
1626 3966 1855 4021 bumani
1906 3965 2050 4020 hosti
2091 3963 2292 4019 talibus

726 4059 875 4113 vasis
908 4058 1212 4114 abundare.

802 4149 890 4205 72.
937 4150 1221 4217 Dixerunt,
1247 4165 1389 4220 quos
1415 4159 1468 4205 tu
1494 4150 1741 4214 adducis,
1778 4149 1903 4204 ista.
1953 4146 2111 4215 Quod
2146 4146 2192 4202 si
2225 4147 2297 4201 ob

730 4241 969 4311 aliquam
1041 4242 1425 4296 necessitatem
1486 4240 1568 4293 vel
1620 4252 1957 4308 paganorum
2029 4234 2301 4291 insaniam

727 4343 1110 4405 oppugnantes
1140 4325 1225 4389 v'el
1253 4332 1417 4387 aliam
1449 4332 1758 4385 haereticam
1784 4330 2100 4399 opinionem
2132 4328 2301 4384 refel-

730 4426 925 4489 leutcs,
960 4425 1045 4479 vel
1074 4425 1387 4479 auditorum
1414 4424 1758 4493 indulgentes
1782 4421 2086 4477 inﬁrmitati
2120 4424 2205 4478 vel
2235 4424 2306 4477 ob

731 4514 936 4585 aliquid
968 4514 1115 4569 aliud
1152 4514 1241 4570 his
1270 4514 1475 4579 simile,
1524 4514 1705 4583 qualia
1758 4513 1937 4568 solent
1971 4513 2024 4566 in
2055 4513 2165 4568 vita
2199 4513 2304 4566 bu-

2416 692 2521 743 ραν
2540 676 2765 746 εὑρήσει
2802 675 3105 731 διαϐαίνειν
3124 692 3138 707 ·
3177 678 3243 731 σὺ
3268 676 3327 729 δὲ
3364 675 3432 729 δι’
3458 669 3533 729 ὧν
3562 674 3717 742 ὅμως
3769 672 3984 727 ικεῐθεν

2417 766 2746 837 νομίζειςτδ
2787 768 3047 831 δυσσεΰὶς
3070 766 3517 837 συγκροτεΐσθαι,
3562 764 3838 835 λαμπροῖς
3888 762 3982 836 ερ-

2417 858 2537 928 γοις
2559 860 2656 914 καὶ
2685 862 2870 929 φωνῆς
2893 860 3110 930 ἀπάσης
3126 859 3503 930 γεγωνότερον
3529 856 3833 929 κεκραγόσι
3862 858 3985 912 κατ’

2414 952 2597 1007 αὐτῶν
2629 952 2693 1006 τδ
2729 952 2978 1020 ἀνάθεμα
3004 951 3384 1023 προκομίζεις.

2479 1042 2544 1096 o'.
2593 1041 2707 1096 Καὶ
2752 1042 2813 1096 οὐ
2860 1041 3019 1097 τοῦτό
3082 1060 3247 1113 φημι,
3300 1042 3384 1096 ότι
3440 1044 3663 1106 πάντως
3702 1041 3846 1111 ἀπερ
3910 1040 3974 1093 σὺ

2413 1135 2771 1203 κατηγορεῖς,
2826 1133 3059 1198 ἑκείνοις
3101 1132 3245 1188 οὕτω
3296 1131 3617 1204 περιφανῶς
3668 1130 3987 1201 δογματίζε-

2411 1210 2537 1291 τῖιι,
2557 1224 2674 1277 ἀλλ’
2700 1226 2751 1277 εί
2789 1225 2887 1277 καὶ
2908 1223 3151 1278 τοιοῦτόν
3168 1242 3220 1279 τι
3248 1226 3550 1279 συνιπεσεν
3575 1222 3777 1286 αὐτοὺς
3806 1220 3983 1273 εἰπεῖν

2412 1314 2713 1383 (ἀνθρωττοι
2743 1308 3021 1390 γάρίῆσαν
3067 1314 3162 1367 καὶ
3182 1311 3531 1385 ἀνθρωπίνου
3562 1307 3975 1379 παρολισθημα-

2410 1422 2503 1467 τος
2553 1404 2652 1456 οὐκ
2680 1403 2798 1456 εστι
2827 1404 3119 1465 διαπαντὸς
3152 1402 3412 1474 ὑπεράνω
3454 1399 3720 1470 φέρεσθαι
3757 1397 3849 1450 τδν
3913 1396 3977 1449 ἐκ

2411 1490 2587 1562 πηλοῦ
2624 1490 2718 1545 καὶ
2743 1491 2975 1561 ῥεούσης
3001 1490 3134 1561 ὕλης
3164 1488 3525 1559 συγκείμενον
3548 1502 3563 1517 ·
3598 1486 3724 1540 ἐσθ’
3780 1486 3871 1539 ὅτε
3921 1485 3978 1537 ει

2410 1584 2504 1637 καὶ
2555 1584 2667 1646 τοϊς
2714 1582 2959 1651 ἀρίστοις
3016 1579 3307 1650 ιπιφύεταί
3361 1596 3488 1633 τινα
3534 1578 3768 1649 ’κηλῖδος
3806 1576 3972 1646 ῐχνη)·

2404 1672 2655 1741 ¹ἀλλὀῐιν
2690 1674 2744 1726 εῐ
2766 1690 2819 1725 τι
2845 1672 3277 1743 παρηνέχθησαν
3321 1667 3785 1740 ινασχημονῆσαι,
3851 1667 3978 1730 τοὺς

2407 1765 2761 1835 εὐγνώμονας
2791 1764 2859 1818 ἀν
2894 1761 3003 1816 τῶν
3029 1763 3124 1817 τοῦ
3163 1761 3288 1817 Νῶε
3317 1761 3526 1815 παίδων
3578 1752 3994 1849 εμιμησάμην,ί

2405 1859 2504 1911 καὶ
2531 1857 2652 1912 ἀντὶ⁸
2676 1854 3042 1925 περιϐολαίων
3085 1857 3154 1926 τῇ
3178 1857 3357 1924 σιωπῇ
3400 1853 3602 1922 μᾶλλον
3634 1854 3731 1908 καὶ
3774 1853 4000 1921 com-1

2407 1946 2619 2020 μοσύνῃ
2681 1948 2780 2015 τὴν
2839 1946 3115 2016 πατρικὴν
3170 1943 3489 2013 malum
3546 1936 3976 2017 ἀσχημοσύνην,

2402 2040 2525 2110 οὐχὶ
2557 2039 2602 2094 δ’
2633 2039 2823 2106 ῶσπερ
2847 2040 2911 2092 σὺ
2942 2038 3083 2091 κατά
3102 2036 3193 2091 τὸν
3220 2036 3351 2106 Χάμ
3376 2026 3790 2106 διεπραξάμην·
3836 2034 3977 2103 μᾶλ-

2402 2132 2491 2187 λον
2518 2130 2575 2185 δι
2601 2138 2667 2185 σὺ
2722 2131 2857 2184 πολὺ
2891 2129 3218 2201 πικρότερον
3269 2127 3481 2180 {alveo
3523 2126 3620 2180 καὶ
3662 2123 3976 2181 ἀναιδέσι-ε’

2406 2240 2496 2295 ρον
2538 2223 2663 2288 τοὺς
2719 2222 2969 2294 Πατέρας
3025 2220 3117 2285 οὓς
3152 2219 3231 2293 (l)
3253 2220 3431 2286 λέγεις
3475 2218 3556 2281 είς
3587 2216 3978 2288 ἀσχημοσύνην

2405 2317 2766 2387 στηλιτεύεις·
2794 2317 2824 2369 ὁ
2857 2314 2956 2385 μὲν
2983 2312 3092 2382 γάρ
3128 2313 3342 2382 οὐχ,ὃτι
3365 2309 3738 2380 ἀπεκάλυψεν,
3762 2307 3975 2361 ἀλλ’ὅτι

2406 2409 2481 2480 μὴ
2518 2408 2857 2477 inauditoque,
2880 2407 2979 2476 τὴν
3011 2407 3151 2475 ἀρὰν
3183 2405 3375 2476 ὑπέχει
3400 2419 3415 2434 ’
3462 2405 3527 2457 σὺ
3552 2402 3612 2457 δὲ
3644 2401 3741 2468 κα).
3769 2402 3977 2453 ἀποκα-

2402 2504 2651 2568 λύπτεις,
2682 2503 2776 2557 καὶ
2799 2500 3038 2572 σεμνύνῃ
3072 2504 3138 2569 τῇ
3160 2499 3342 2570 τόλμῃ
3363 2514 3379 2529 ο
3403 2497 3499 2551 καὶ
3516 2499 3546 2551 ὁ
3576 2492 3677 2566 μὲν
3696 2497 3810 2558 τοῖς
3829 2493 3981 2548 66¢).-

2411 2599 2533 2664 φοῖς
2588 2596 2651 2648 τὸ
2703 2594 3018 2665 ἀπόρρητον
3074 2593 3325 2662 ἐκφέρει,
3364 2592 3430 2644 σὺ
3493 2590 3548 2642 δὲ
3572 2590 3673 2642 οὐκ
3704 2586 3979 2656 ἀδελφοῖς,

2403 2688 2524 2743 οὐδὲ
2556 2686 2694 2757 πρὸς
2726 2687 2824 2740 ἕνα
2859 2685 3035 2756 ἢ-δύο,
3068 2684 3197 2738 ἀλλ’
3237 2685 3341 2736 ὅσα
3371 2698 3435 2749 γε
3468 2684 3535 2753 τῇ
3560 2684 3624 2751 σῇ
3655 2678 3861 2750 σπουδῇ
3881 2676 3978 2730 καὶ

2402 2782 2769 2853 ἀναισχυντίᾳ
2800 2781 2901 2852 τὴν
2932 2778 3267 2849 οίκουμένην
3298 2772 3801 2847 θέατρονκαθίζων
3833 2772 3979 2841 μέγα

2409 2878 2508 2949 μὲν
2537 2874 2842 2939 σιλπίζεις,
2872 2874 2949 2936 ὡς
2980 2874 3031 2925 οι
3076 2871 3163 2923 σοὶ
3200 2870 3446 2940 Πατιρες
3500 2863 3933 2937 ἐνασχημονοῦσι
3960 2878 3975 2893 ο

2405 2967 2815 3037 ἑνασελγαίνεις
2874 2964 2921 3018 δ’
2988 2963 3171 3018 αὐτῶν
3218 2963 3339 3024 ταῖς
3396 2959 3832 3030 ἀσχημοσύνιιις.
3886 2954 3980 3007 καὶ

2406 3060 2619 3131 τρυφᾷς
2647 3060 2747 3129 τὴν
2780 3055 2916 3111 κατ’
2951 3058 3183 3109 ἐκείνων
3208 3053 3437 3123 ἀτιμίαν
3462 3065 3479 3083 ο
3535 3049 3634 3102 καὶ
3669 3061 3972 3114 συγχορευ-

2404 3154 2504 3216 τὰς
2546 3153 2731 3223 ζητεῖς
2752 3148 2819 3203 δι’
2847 3141 2921 3201 ὧν
2954 3147 3055 3218 τὴν
3096 3147 3322 3199 εκείνων
3351 3141 3514 3214 ὕϐριν
3579 3141 3677 3192 καὶ
3732 3140 3979 3208 ἀσχημο-

2328 3262 2373 3325 C
2409 3244 2577 3314 σύνην
2622 3246 2702 3306 είς
2746 3241 2809 3293 τὸ
2835 3239 3227 3309 λαμπρότατον
3256 3231 3679 3325 πανηγυρίζεις.

2482 3333 2581 3389 οα’.
2645 3331 2811 3388 Εἶπεν
2879 3330 3264 3398 ἈὈγουστῖνος
3339 3327 3440 3379 καὶ
3504 3323 3830 3392 Ἱερώνυμος
3914 3318 3979 3373 τδ

2410 3425 2638 3494 Πνεῦμα
2668 3425 2732 3477 ὲκ
2759 3422 2857 3475 τοῦ
2897 3420 3029 3473 Υίοῦ
3056 3416 3477 3491 ἐκπορεύεσθαι.
3513 3414 3629 3469 Καὶ
3670 3411 3831 3467 πόθεν
3854 3409 3971 3463 ἐστι

2407 3519 2592 3573 λαϐεῖν
2620 3516 2656 3588 ἢ
2681 3514 2869 3570 δοῦναι
2908 3512 3115 3578 πίστιν,
3162 3510 3421 3565 τοσούτου
3450 3506 3742 3579 ρεύσαντος
3760 3505 3974 3574 χρόνου,

2408 3613 2491 3666 ὅτι
2534 3610 2611 3682 μὴ
2636 3606 2821 3663 αὐτῶν
2850 3604 3302 3673 κεκακούργηται
3330 3601 3400 3655 τά
3441 3598 3829 3667 συντάγματα;
3882 3593 3978 3664 Μὴ

2410 3704 2519 3776 γὰρ
2558 3703 2799 3772 νομίσεις
2825 3702 2903 3773 (2)
2950 3703 3111 3771 μόνον
3158 3695 3361 3749 σαυτὸν
3414 3688 3555 3747 εῖναι
3586 3689 3792 3759 θερμὸν
3838 3686 3974 3758 πρὸς

2410 3794 2668 3850 ἀσέϐειαν
2716 3793 2816 3847 καὶ
2841 3791 3116 3861 τολμηρλιν
3142 3786 3211 3841 τά
3241 3784 3550 3854 ἀτόλμητα,
3606 3778 3723 3835 ἀλλ’
3769 3781 3832 3831 lx
3877 3778 3976 3847 τῆς

2411 3888 2511 3956 σῆς
2539 3885 2863 3955 ἀναλογίζου
2891 3882 3093 3954 μᾶλλον
3137 3878 3391 3950 γνώμης,
3440 3880 3524 3929 ὅτι
3554 3873 3653 3928 καὶ
3677 3870 3979 3943 τηνικαῦτα

2409 3978 2560 4032 οὐδὲν
2587 3976 2649 4031 τδ
2674 3966 2889 4030 κωλῦον
2916 3969 2985 4046 ἦν
3004 3970 3262 4025 τοιούτων
3293 3966 3507 4022 σκευῶν
3545 3963 3852 4036 εὐπορῆσαι
3884 3960 3977 4014 τὸν

2410 4069 2797 4140 πολυμήχανον
2823 4068 2922 4121 τοῦ
2956 4066 3149 4135 γένους
3174 4062 3393 4135 ἑχθρόν.

2480 4160 2585 4218 οϐ’.
2607 4160 2801 4225 Εἶπον,
2832 4158 2927 4221 οὓς
2964 4158 3031 4209 σὺ
3080 4154 3286 4223 λέγεις,
3310 4152 3509 4208 ταῦτα.
3554 4149 3619 4203 El
3640 4148 3703 4203 δὲ
3732 4146 3822 4201 sta
3858 4163 3981 4201 τινα

2412 4253 2737 4324 περίστασιν
2766 4250 2801 4319 ἢ
2827 4247 2967 4321 πρὸς
3010 4244 3370 4314 Ἑλληνιστῶν
3397 4241 3817 4312 ἀντιφερόμενοι
3838 4238 3971 4292 λύσ-

2413 4364 2513 4402 σαν
2539 4346 2573 4416 ἢ
2603 4344 2744 4414 πρὸς
2779 4329 3264 4410 ἀλληναίρετικὴν
3292 4334 3697 4406 διαμαχόμενοι
3750 4331 3909 4399 δόξαν
3937 4332 3971 4403 ἢ

2410 4440 2478 4509 τῇ
2542 4434 2654 4490 τῶν
2710 4428 3000 4504 ἀκροατῶν
3035 4425 3566 4496 συγκαταθαίνοντες
3630 4422 3908 4493 ἀσθενείᾳ,
3940 4424 3974 4494 η

2415 4530 2560 4585 πόσα
2590 4525 2821 4581 τοιαῦτα
2842 4514 3197 4590 καθεκάστην
3214 4522 3243 4573 ὁ
3269 4516 3614 4589 ἀνθρώπινος
3642 4514 3977 4569 ἐπιδείκνυσι

731 4620 893 4659 mana
942 4604 1182 4673 quotidie
1219 4604 1472 4675 .eveniro,
1520 4604 1591 4667 si,
1648 4604 1897 4671 inquam,
1945 4602 2015 4656 ob
2064 4601 2302 4671 aliquam

2413 4623 2545 4695 βίος·
2563 4623 2612 4674 εί
2636 4618 2732 4673 οὖν
2760 4617 2989 4680 ἐκείνοις
3014 4616 3105 4670 θιά
3123 4629 3176 4667 τι
3194 4615 3400 4667 τούτων
3417 4611 3452 4681 ἢ
3472 4611 3565 4665 καὶ
3580 4608 3669 4664 διὰ
3683 4610 3854 4662 πλείω
3870 4624 3978 4661 τοι-

728 4696 1003 4766 ejusmodi
1046 4709 1273 4751 causam
1326 4694 1443 4749 sive
1500 4695 1665 4747 etiam
1723 4693 1795 4748 ob
1840 4695 2027 4762 plures
2066 4692 2135 4748 iis
2170 4692 2308 4748 forte

732 4790 859 4842 talis
895 4803 997 4841 vox
1036 4787 1262 4850 excidit,
1285 4786 1568 4856 quomodo
1616 4794 1673 4839 tu
1703 4785 1849 4855 quod
1889 4785 1969 4838 illi
2002 4800 2110 4839 non
2141 4799 2306 4840 sensu

732 4879 1040 4949 dogmatiro
1088 4876 1548 4944 pronuntiarunt,
1606 4888 1705 4945 pro
1760 4875 2014 4944 dogmate
2076 4891 2141 4931 ac
2190 4876 2309 4945 lege

734 4985 991 5036 sumens,
1026 4970 1123 5025 tibi
1155 4969 1373 5036 quidem
1410 4968 1511 5038 ipsi
1542 4967 1954 5039 irreparabilem
1991 4984 2148 5024 creas
2182 4985 2307 5040 per-

732 5064 928 5116 niciem
954 5100 969 5125 ,
1002 5060 1130 5115 illos
1159 5075 1287 5115 vero
1313 5060 1370 5114 in
1398 5069 1544 5115 tuam
1574 5060 1826 5129 abripere
1858 5061 2138 5117 vesaniam
2174 5074 2308 5117 con-

735 5155 957 5212 tendis!

1282 5244 1747 5309 VREFUTATIO.

801 5383 1018 5438 XXVII.
1054 5382 1190 5438 Cum
1218 5384 1531 5447 Ambrosio,
1562 5383 1871 5453 Augustino
1889 5396 1946 5438 et
1975 5381 2313 5455 Hieronymo

732 5476 946 5532 veniant
992 5476 1290 5541 concedas,
1324 5474 1451 5531 licet
1497 5476 1567 5529 iis
1622 5476 1730 5531 tale
1777 5474 2078 5545 quidquam
2122 5475 2307 5546 eloqui

737 5570 1020 5631 acciderit,
1076 5568 1238 5638 quasi
1280 5583 1383 5637 pro
1414 5568 1525 5623 illis
1559 5566 1934 5623 defensionem
1989 5568 2307 5632 instituens,

738 5661 885 5729 quod
915 5658 1164 5714 homines
1189 5673 1254 5713 ex
1291 5658 1407 5713 luto
1434 5668 1491 5713 et
1528 5657 1675 5714 ﬂuxa
1706 5662 1932 5715 materia
1966 5661 2309 5731 compositos

803 5816 881 5882 (ll
917 5814 1084 5870 Laur.
1122 5815 1218 5880 ὡς,
1254 5825 1313 5871 ιιι
1339 5815 1512 5869 Vatic.

807 5884 883 5956 β)
916 5888 1007 5956 Μὴ
1031 5887 1139 5957 γὰρ
1180 5889 1407 5962 νομίσῃς
1438 5886 1605 5944 Laur.

2410 4716 2583 4783 αὐτην
2622 4710 2851 4773 ὶκείνοις
2873 4710 3090 4780 ἀφεῖναι
3107 4709 3369 4766 συνέπεσε
3381 4706 3587 4775 φωνὴν,
3610 4704 3728 4765 πῶς
3746 4701 3812 4755 σὺ
3829 4698 3887 4752 τὺ
3908 4700 3979 4770 μὴ

2413 4806 2556 4861 κατά
2583 4801 2927 4873 δογματικὴν
2952 4800 3182 4863 ἐκείνοις
3210 4800 3423 4854 ἔννοιαν
3457 4795 3776 4868 εἰρημένον,
3805 4794 3977 4864 δόγμα

2414 4896 2509 4949 καὶ
2546 4893 2710 4964 νόμον
2738 4890 2910 4945 ποιῶν
2943 4889 3128 4957 σαυτῷ
3163 4890 3262 4959 μὶν
3293 4885 3803 4959 ἀνοήθητον(5)τὴν
3835 4882 3973 4936 ἀπών

2413 4986 2566 5037 λειαν
2600 4981 2855 5049 ἀπάγεις,
2878 4976 3121 5042 ἐκείνους
3146 4978 3207 5031 δὲ
3240 4976 3643 5047 ωγκατασπᾷν
3668 4975 3737 5046 τῇ
3795 4973 3864 5044 σῇ
3893 4987 3980 5044 φι-

2414 5073 2678 5137 λονεικεῐς
2704 5069 2933 5143 ἀπονοίᾳ
2948 5070 3063 5143 ως

2983 5254 3432 5310 ΔΝΤῘΡΡΗΣΙΣ.

2487 5396 2618 5451 KZ'.
2654 5392 2806 5449 Ἐπεὶ
2834 5392 2888 5446 Ἀ
2900 5392 3147 5463 μόροσίῳ
3165 5389 3617 5461 συγγιγνώσκεις.
3640 5390 3983 5461 Αὖγουστίνῳ

2417 5503 2478 5541 τε
2498 5485 2591 5540 καὶ
2619 5483 2957 5556 Ἱερωνύμῳ,
2986 5486 3036 5538 εί
3063 5484 3159 5548 καὶ
3173 5482 3415 5537 τοιοῦτόν
3444 5500 3493 5536 τι
3521 5481 3819 5537 συνέπεσεν
3848 5482 3982 5537 εκεί-

2374 5592 2399 5615 -‘
2421 5594 2531 5640 νοις
2559 5576 2757 5639 εἰπεῖν,
2788 5571 3375 5644 ὕπεραπολογούμενος
3404 5572 3594 5644 ὥσπερ
3622 5571 3849 5626 ἑκείνων
3890 5572 3981 5628 ἀεε

2430 5667 2505 5739 μὴ
2532 5667 2649 5721 ἰνίον
2686 5666 2826 5736 ὑπὲρ
2853 5663 3202 5734 ἀνθρωπίνου
3255 5663 3733 5734 παρολισθήματος
3764 5662 3979 5720 διαπαν-

2492 5819 2571 5885 (‘5)
2592 5816 2758 5870 Fort.
2786 5814 3108 5885 ἀϐοήθητον.

2494 5883 2569 5958 (ι)
2611 5887 2774 5943 Laur.
2806 5883 3051 5957 unum;
3084 5899 3183 5955 pro
3221 5883 3469 5954 ἀπονοίᾳ.
