4150 6516
171 506 297 587 εει

967 516 1403 579 REFUTATIO
1435 516 1804 579 PHOTIANI
1851 512 2202 578 LIBRI‘DE
2241 513 2554 576 SPIRITU
2606 515 2671 579 S.

3338 512 3446 576 822

171 622 288 683 τὸς
319 622 590 693 φέρεσθαι
615 625 744 691 τοὺς
770 624 836 681 ὲκ
871 627 1043 699 πηλοῦ
1076 629 1171 705 καὶ
1210 630 1444 704 ῥεούσης
1473 629 1606 701 ὕλης
1637 644 1773 697 συγ-

1875 629 1944 683 ab
1974 628 2121 683 omni
2177 628 2417 684 humano
2471 626 2627 698 lapsu
2684 633 2950 697 perpetuo
2998 624 3275 681 immunes
3325 641 3449 683 sese

176 713 526 782 κειμένους,
561 716 650 771 ινα
682 718 735 771 τί
766 718 865 789 τῆς
918 722 1257 791 Δεσποτικῆς
1288 722 1476 789 φωνῆς
1518 719 1770 791 διαστρφε-

173 801 312 870 φῆν
340 806 437 857 καὶ
460 806 556 859 τοῦ
603 808 961 880 κηρύγματος
1012 810 1116 881 τῆς
1170 810 1459 875 εὐσεϐείας
1514 810 1770 881 διαϐολὴν

177 889 347 959 πρὸς
373 891 630 949 ἀσέϐειαν
658 896 971 967 ὀνομάζεις,
999 898 1139 969 ὅπερ
1165 894 1422 968 λέγωσιν
1452 885 1661 954 ’Ἰταλοὶ
1693 898 1771 962 ῶς

174 981 273 1043 είς
304 981 458 1035 Πατέ
468 999 568 1053 ρας
596 985 799 1050 αὐτοὺς
827 987 1293 1057 καταφεύγοντες,
1347 988 1442 1043 καὶ
1492 990 1581 1043 ἴνα
1611 988 1663 1043 τί
1689 989 1769 1051 είς

171 1070 297 1142 τὴν
332 1070 445 1125 τῶν
470 1073 754 1145 θεομάχων
782 1069 1253 1150 καῖ’φθοροποιῶν
1298 1081 1495 1152 μοῖραν
1524 1079 1768 1144 ἐκείνους

168 1160 615 1219 ἀπελαύνεσθαι
646 1167 826 1235 λέγεις
856 1170 989 1240 παρ’
1029 1171 1277 1240 Ἰταλῶν,
1332 1172 1497 1242 εἴπερ
1548 1171 1629 1235 είς
1658 1170 1758 1242 την

168 1252 431 1307 tacetve»
464 1254 818 1314 διδασκαλίαν
842 1262 877 1332 ἡ
923 1260 1208 1333 Ῥωμαῐκὴ
1261 1262 1564 1328 Ἐκκλησία
1628 1262 1768 1318 ἁνα-

169 1342 359 1411 φάρει
386 1344 449 1399 τδ
470 1348 537 1401 ἐκ
559 1348 654 1403 τοῦ
673 1348 806 1405 Υίοῦ
836 1352 1017 1421 λέγειν
1044 1353 1105 1406 τὺ
1131 1350 1385 1425 Πνεῦμα;
1412 1355 1476 1409 Ri
1512 1354 1612 1425 μὲν
1657 1337 1769 1426 γὰρ

167 1431 425 1488 ἀσέϐεια
451 1436 515 1490 τὸ
560 1438 703 1494 οὕτω
731 1440 912 1511 λέγειν
964 1444 1101 1509 εστὶ,
1136 1445 1266 1499 ποία
1294 1443 1595 1515 συγγνώμη
1646 1446 1759 1507 τοῖς

169 1522 543 1592 Μασκάλοις
568 1528 963 1597 ἐπακολουθεῖς
991 1536 1040 1587 εί
1060 1532 1119 1587 δὲ
1146 1533 1556 1607 ἀνθρώπινόντι
1581 1533 1768 1599 ἁπλῶς

170 1614 423 1687 ἥττημα
451 1617 747 1691 ὀνομάζεις
783 1622 845 1675 τὸ
888 1623 1031 1677 οὕτω
1076 1624 1318 1688 ικείνους
1351 1628 1546 1693 είπείν,
1595 1626 1771 1682 πολλά

176 1706 287 1756 sui.
328 1703 608 1775 θαύματος
633 1708 759 1774 ἄξια
788 1713 1070 1781 προσεῖναι
1100 1712 1281 1776 αὐτοῖς
1317 1715 1389 1767 τὰ
1416 1712 1555 1771 ἄλλα
1586 1713 1767 1767 πάντα

180 1798 651 1870 προσμαρτυρῶν
679 1840 695 1866 ,
750 1799 820 1854 δι’
870 1796 950 1855 ὥν
1006 1803 1258 1858 εὐσέϐεια
1312 1804 1615 1875 διαλάμπει
1673 1808 1768 1859 καὶ

178 1886 395 1957 ἁρετὴ,
425 1886 512 1942 ἵνα
531 1890 585 1942 τί
613 1890 932 1948 δυσσέϐειαν
961 1895 1057 1948 καὶ
1083 1893 1337 1949 ἀσέϐειαν
1366 1895 1601 1966 ἐσχάτην
1629 1897 1767 1951 ἁπο-

179 1975 387 2040 καλιις
421 1979 483 2031 τδ
516 1979 681 2050 me»
709 1982 839 2055 παρ’
866 1982 1099 2053 ἀνδρῶν,
1130 1983 1225 2047 οῦς
1248 1984 1528 2056 θαύματος
1580 1987 1766 2051 ἀξίους
1792 1972 1841 2034 Β

178 2067 596 2136 ἁνακηρύττεις
649 2073 847 2136 αὐτόςς
909 2074 1049 2130 Ἀλλ’
1081 2076 1183 2146 δρα
1213 2077 1311 2146 τῆς
1354 2077 1622 2149 διαϐολῆς
1668 2078 1767 2147 τὴν

180 2157 543 2230 ὑπερϐολήν.
590 2161 941 2233 Συκοφάντας
997 2164 1089 2219 τοῦ
1124 2169 1394 2222 Δεσπότου
1440 2170 1570 2233 τοὺς
1628 2167 1765 2223 Ῥω-

180 2250 395 2317 μαίους
460 2251 795 2321 ἀποκαλεῖς,
855 2256 1199 2327 συκοφάντας
1272 2261 1383 2314 τῶν
1456 2260 1717 2331 μαθητῶν
1748 2302 1764 2327 ,

181 2339 553 2412 βλασφήμους
642 2345 782 2399 κατὰ
871 2348 1133 2418 Πατέρων
1227 2350 1319 2403 καὶ
1390 2349 1722 2421 πατραλοίας
1744 2389 1762 2416 ,

176 2430 333 2485 διότι
357 2432 420 2484 ὲκ
468 2432 681 2504 Πατρὸς
735 2435 828 2489 καὶ
856 2434 989 2489 Υίοῦ
1021 2437 1081 2491 τὸ
1130 2436 1353 2507 Πνεῦμα
1397 2438 1648 2507 λέγουσιν
1676 2441 1765 2493 ὲκ-

180 2521 551 2592 πορεύεσθαι,
600 2526 695 2580 καὶ
726 2526 788 2580 ού
845 2529 1030 2599 συνίης
1073 2528 1149 2593 ῶς
1180 2529 1355 2585 ταῦτα
1402 2530 1581 2598 λέγων
1638 2531 1766 2594 τοὺς

182 2613 388 2680 ἁγίους
454 2614 705 2686 Πατέρας
779 2616 942 2689 ἡμῶν
1001 2617 1341 2690 βλασφημεῖς
1367 2662 1384 2688 ,
1446 2621 1766 2676 ’Δθανάσιόν

183 2719 342 2775 φημι
372 2706 619 2770 καὶτοὺς
648 2709 843 2774 ἄλλους
898 2710 1001 2781 τῆς
1056 2712 1338 2777 εὐσεϐείας
1403 2715 1764 2786 προσμάχους

182 2796 320 2857 τοὺς
355 2797 471 2861 πῶς
495 2797 561 2852 ἂν
590 2801 680 2853 καὶ
709 2802 936 2857 καλέσαι
981 2803 1082 2857 οὐκ
1139 2804 1284 2876 Exeo;
1317 2800 1478 2861 οὗτοι
1538 2807 1669 2878 γὰρ,
1710 2806 1766 2859 εί

185 2887 292 2940 καὶ
346 2888 377 2940 ὁ
429 2887 621 2961 Σωτὴρ
675 2893 734 2945 ἑν
761 2892 1114 2962 Εὐαγγελίοις
1164 2894 1228 2949 τὸ
1279 2895 1506 2966 Πνεῦμα
1559 2898 1623 2950 ὲκ
1667 2896 1765 2951 τοῦ

185 2977 412 3047 Πατρδς
442 2980 838 3049 ἐκπορεύεσθαι
870 2982 998 3054 ἔφη,
1031 2984 1155 3055 οὐχὶ
1188 2984 1449 3054 ἀθέτησιν
1474 2986 1574 3057 τῆς
1595 2984 1763 3041 αὑτοῦ

146 3064 549 3133 εϐιδασκαλίας
580 3073 860 3140 ἡγήσαντο
911 3074 1008 3128 καὶ
1060 3076 1126 3129 ἐκ
1183 3074 1280 3129 τοῦ
1326 3074 1462 3131 Υίοῦ
1496 3074 1639 3131 εἶναι
1703 3077 1767 3131 τὸ

184 3157 425 3229 Πνεῦμα
456 3152 650 3213 είπεῖν·
714 3163 830 3216 ἀλλ’
858 3164 905 3218 oi
940 3164 1039 3236 μὲν
1064 3165 1245 3220 αὐτῶν
1270 3167 1363 3220 καὶ
1397 3167 1613 3238 Πατρὸς
1671 3168 1765 3223 καὶ⁸

1880 734 2097 775 servare
2124 718 2270 776 haud
2316 720 2620 792 contingat,
2657 734 2756 775 cur
2799 717 3099 775 Dominlcm
3131 718 3282 775 vocis
3313 733 3439 787 per-

1877 808 2189 865 versionem
2213 819 2268 866 et
2299 810 2568 881 religiosa
2596 807 3003 881 pradicationis
3030 808 3081 862 in
3110 808 3444 877 impietatem

1875 900 2289 956 conversionem
2346 916 2630 972 nuncnpas
2685 900 2831 972 quod
2881 900 3071 957 dicunt
3108 899 3229 954 Itali
3277 908 3333 953 ut
3382 900 3449 954 ad

1879 990 2031 1062 ipsos
2070 988 2261 1047 Patres
2292 990 2689 1061 confugientes,
2732 999 2788 1046 et
2815 1004 2914 1047 cur
2953 991 3008 1044 in
3042 998 3224 1059 partes
3254 989 3452 1057 impii:-

1881 1096 2000 1135 rum
2034 1090 2089 1136 et
2121 1081 2553 1152 perniciosorum
2581 1080 2651 1136 ab
2684 1080 2838 1138 Italis
2869 1081 2972 1136 hos
2994 1080 3198 1150 impelli
3223 1081 3448 1145 asset-is,

1879 1172 2099 1242 quando
2131 1172 2197 1228 ad
2228 1172 2422 1227 horum
2457 1171 2764 1227 doctrinam
2798 1170 3044 1226 Romana
3073 1169 3241 1226 refert
3265 1168 3452 1225 Eccle-

1875 1262 1979 1326 sia,
2026 1260 2169 1330 quod
2202 1276 2269 1316 ex
2310 1260 2451 1317 Filio
2486 1258 2763 1332 Spiritum!
2789 1274 2916 1316 esse
2947 1258 3157 1316 tradit?
3200 1259 3282 1313 Si~
3300 1259 3445 1313 enim

1876 1352 1984 1409 hoc
2012 1353 2196 1408 dicere
2240 1352 2491 1422 impietas
2519 1362 2624 1414 est.
2656 1352 2836 1421 qualis
2869 1350 3039 1411 venia
3077 1357 3446 1419 consequetur

1872 1458 2003 1513 eos,
2042 1443 2149 1516 qui
2172 1445 2247 1498 ita
2290 1444 2527 1499 docent?
2580 1443 2640 1499 Si
2689 1458 2881 1498 verum
2942 1443 3245 1497 humanum
3297 1437 3471 1495 defe-‘

1873 1544 2022 1593 ctum
2062 1535 2387 1606 simpliciter
2439 1550 2625 1599 vocas,
2674 1534 2819 1603 quod
2871 1534 2973 1589 ista
3031 1534 3276 1596 tradunt,
3319 1546 3447 1600 pro-

1874 1635 2084 1683 testans
2140 1626 2369 1688 interea.
2409 1627 2595 1681 multis
2634 1634 2689 1680 ct
2734 1624 3071 1680 admirandis
3142 1624 3363 1678 virtutis
3394 1632 3449 1676 et

1877 1718 2098 1787 pietatis
2127 1718 2518 1788 speciminibus
2550 1716 2726 1787 quoad
2757 1716 2862 1771 alia
2892 1718 3077 1771 omnia
3108 1723 3333 1770 ornatos
3354 1727 3450 1767 eos

1874 1824 2017 1875 esse.
2050 1824 2151 1865 cur
2186 1810 2519 1880 impietatem
2554 1818 2851 1863 extremam
2882 1817 2936 1863 et
2966 1820 3237 1861 summam
3266 1805 3447 1860 nomi-

1876 1918 1977 1958 nas
2003 1902 2054 1955 id
2086 1902 2233 1972 quod
2260 1902 2467 1958 dictum
2486 1910 2569 1957 est
2590 1917 2619 1957 a
2651 1900 2980 1969 virisjuilice
3006 1900 3179 1969 teipso
3211 1896 3448 1951 maxime

1870 1991 2247 2048 admirandis?
2298 1992 2403 2049 Sed
2480 1994 2603 2048 vide
2653 1992 3054 2047 calumniarum
3128 2003 3442 2044 excessum.

1868 2081 2308 2139 Calumniatores
2367 2082 2583 2137 Domini
2638 2080 2916 2136 Romanos
2962 2081 3229 2151 appellas,
3289 2096 3444 2134 men-

1869 2172 2034 2229 daces
2093 2188 2225 2243 erga
2270 2172 2590 2243 discipulos,
2638 2172 2989 2242 blasphemus
3026 2181 3220 2226 contra
3256 2171 3445 2227 Patres

1867 2273 1920 2321 et
1951 2265 2274 2337 parricidas,
2317 2265 2443 2335 quia
2484 2280 2549 2320 ex
2585 2262 2745 2319 Patre
2770 2273 2826 2318 et
2867 2264 3005 2319 Filio
3047 2262 3309 2333 Spiritum
3357 2263 3447 2316 di-

1869 2357 1999 2415 cunt
2039 2358 2357 2429 procedere,
2388 2367 2572 2413 etnon
2603 2359 2893 2428 recogitas,
2930 2357 3074 2427 quod
3112 2356 3227 2412 haec
3259 2357 3448 2412 dicens

1868 2460 2089 2507 sanctos
2116 2451 2307 2506 Patres
2342 2460 2549 2505 nostra:
2580 2450 2841 2518 (Graecos)
2869 2450 3237 2519 blasphemas.
3268 2449 3441 2503 Atha—

1870 2540 2082 2596 nasium
2131 2539 2259 2595 dico
2310 2548 2365 2595 et
2419 2545 2648 2595 caeteros
2703 2537 2926 2608 pietatis
2985 2544 3450 2606 propugnatores,

1870 2646 2011 2701 quos
2044 2631 2322 2701 quomodo
2351 2632 2628 2686 nominem
2674 2644 2775 2699 ego
2801 2643 2909 2683 non
2935 2626 3143 2684 habeo?
3181 2625 3243 2680 lli
3274 2626 3446 2691 enim,

1871 2723 1999 2778 licet
2052 2721 2310 2778 Servator
2358 2723 2413 2777 in
2475 2722 2784 2791 Evangeliis
2831 2736 2898 2775 ex
2952 2718 3112 2774 Patre
3177 2718 3443 2787 Spiritum

1870 2814 2165 2884 procedere
2195 2813 2416 2881 dixerit,
2456 2813 2683 2868 minime
2729 2813 2995 2868 doctrinae
3034 2811 3155 2880 eius
3190 2822 3441 2864 contem-

1867 2915 2175 2976 ptumesse
2208 2912 2543 2960 censuerunt
2581 2904 2959 2965 assertionem.
2987 2902 3151 2957 etiam
3192 2914 3255 2955 ex
3303 2899 3440 2953 Filio

1868 2996 2134 3066 Spiritum
2155 3010 2274 3054 esse
2300 3014 2315 3061 ;
2356 3010 2544 3050 verum
2574 3009 2767 3049 eorum
2794 2994 2887 3049 alii
2917 3000 2973 3048 et
3000 2991 3177 3047 Patris
3224 3000 3277 3047 et
3316 2990 3441 3044 Filii

1867 3102 1996 3143 eum
2023 3102 2149 3144 esse
2194 3086 2397 3143 diserte
2425 3086 2787 3152 tradiderunt,
2820 3072 2911 3140 alii
2938 3103 3006 3141 ex
3037 3084 3196 3139 Patre
3228 3098 3323 3154 per
3349 3083 3440 3138 Fi-

1867 3178 2005 3233 lium
2035 3188 2089 3234 et
2117 3191 2239 3233 esse
2266 3185 2318 3233 et
2346 3178 2661 3248 procedere.
2712 3177 2793 3233 Tu
2836 3176 3019 3248 igitur,
3048 3176 3141 3246 qui
3164 3176 3442 3238 Romanos

188 3247 330 3353 Ῐίοῦ
359 3250 622 3353 ύπάρχειν
652 3253 785 3307 αὐτὸ
808 3254 1104 3328 διαρρήδην
1127 3256 1510 3328 ὲθεολόγησαν,
1534 3262 1585 3313 οί
1613 3259 1671 3314 δὲ
1698 3263 1764 3315 ὲκ

1869 3268 2323 3336 transgressionis
2370 3267 2810 3343 evangelicorum
2858 3247 3143 3322 verborum
3211 3278 3442 3319 accusas

195 3341 418 3411 Πατρὸς
452 3342 519 3395 δι’
564 3344 697 3398 Υἱοῦ
748 3348 843 3399 καὶ
902 3344 1173 3402 εἶναικαὶ
1217 3349 1637 3420 ἐκπορεύεσθαι·
1695 3353 1762 3406 σὺ

182 3431 323 3500 γοῦν
353 3435 481 3497 τοὺς
522 3434 821 3505 Ῥωμαίους
848 3440 1217 3508 παραϐάσεως
1244 3442 1355 3495 τῶν
1386 3443 1761 3511 εὐαγγελικῶν

179 3522 457 3595 ῥημάτων
483 3528 829 3598 γραφόμενος
857 3528 944 3583 διὰ
978 3532 1074 3602 τὴν
1114 3534 1172 3587 ἐν
1198 3532 1277 3601 τῷ
1302 3534 1558 3605 συμϐόλῳ
1590 3550 1764 3605 προσ·-

181 3616 369 3685 θήκην
401 3614 500 3687 τῆς
569 3616 790 3684 λέξεως,
825 3621 949 3689 ὅρα,
974 3622 1050 3685 ῶς
1076 3623 1184 3692 πρὸ
1207 3624 1317 3679 τῶν
1351 3626 1603 3681 Λατίνων
1659 3626 1760 3678 αὐ-

182 3709 301 3769 τ.ῖς
325 3708 437 3769 τοῖς
469 3708 743 3777 θεολόγοις
809 3711 965 3781 ἡμῶν
1023 3713 1276 3782 Πατράσι
1329 3715 1550 3786 γραφὴν
1577 3732 1761 3787 παρα-

182 3798 403 3859 ϐάσεως
422 3799 529 3853 τῶν
560 3800 937 3870 εύαγγελικῶν
968 3805 1233 3874 ῥημάτων
1275 3807 1639 3874 προσάπτεις,
1665 3810 1759 3863 καὶ

180 3888 261 3952 ὡς
298 3890 435 3960 μηδὲ
466 3890 566 3961 τὴν
598 3891 692 3945 τοῦ
725 3892 1018 3948 θεσπεσίου
1078 3896 1294 3950 Παύλου
1359 3900 1544 3968 φωνὴν
1598 3901 1758 3970 φρίτ-

182 3997 380 4043 τοντας
406 3982 745 4052 στηλιτεύεις
769 3986 989 4050 αὐτοὺς,
1037 3987 1105 4059 ἢν
1137 3989 1340 4049 ἐκεῖνος
1393 3989 1604 4059 μεγάλῃ
1665 3992 1758 4043 καὶ

182 4072 490 4143 διαπρυσίῳ
522 4072 763 4143 κέκραγε
789 4079 855 4145 τῇ
908 4079 1060 4147 φωνῇ
1094 4077 1291 4145 λέγων·
1329 4078 1457 4132 Κᾶν
1486 4078 1658 4145 ἡμεῖς
1713 4078 1753 4147 ἢ

182 4163 442 4231 ἄγγελος
492 4164 564 4229 ἐξ
600 4167 865 4234 οὐρανοῦ
917 4166 1363 4239 εὐαγγελίζῃται
1415 4171 1564 4238 ὑμῖν
1615 4169 1754 4237 παρ’

181 4252 215 4308 ὃ
249 4253 776 4325 εὐηγγελιζόμεθα,
807 4257 1079 4327 ἀνάθεμα
1106 4259 1281 4313 ἔστω·
1312 4263 1362 4313 εἰ
1399 4262 1509 4330 γὰρ
1559 4262 1619 4313 τὸ
1664 4262 1757 4313 ὲκ·-

183 4345 433 4415 φωνηθὲν
466 4350 617 4417 παρά
646 4347 740 4400 τοῦ
771 4347 984 4401 Παύλου
1011 4348 1265 4417 ἀνάθεμα
1296 4352 1435 4402 κατά
1465 4349 1560 4403 τοῦ
1588 4351 1753 4418 εὐαγ-

183 4436 535 4505 γελῑσομινου
582 4438 867 4508 ἀλλότριόν
920 4455 975 4491 τι
1029 4438 1138 4493 τῶν
1185 4439 1536 4509 Εύαγγελίων
1581 4440 1751 4493 αὑτοῦ

182 4530 298 4593 τοῖς
344 4529 644 4598 Ῥωμαίοις
675 4531 1011 4599 προσάπτεις
1049 4530 1135 4584 διὰ
1176 4534 1236 4583 τὸ
1274 4532 1351 4603 μὴ
1380 4536 1495 4596 τοῖς
1528 4532 1746 4586 Παύλου

1870 3357 2449 3428 propteradditionem
2475 3358 2624 3412 vocis
2655 3356 2708 3411 in
2734 3356 2995 3426 Symbolo
3035 3354 3258 3417 factam,
3295 3356 3435 3419 vide,

1864 3463 1974 3518 quo
2016 3458 2177 3518 pacto
2206 3456 2331 3502 ante
2362 3444 2589 3501 Latinos
2631 3446 2764 3515 ipsis
2792 3445 3059 3515 theologis
3092 3446 3297 3500 nostris
3337 3444 3437 3497 Pa-

1867 3541 2043 3595 trihus
2074 3541 2318 3594 eamdem
2371 3550 2555 3595 notam
2590 3547 2644 3592 et
2693 3539 3097 3592 accusationem
3150 3536 3346 3600 inuris,
3380 3544 3435 3588 ct

1864 3630 2010 3701 quod
2049 3646 2226 3701 neque
2254 3631 2363 3684 divi
2396 3629 2549 3685 Pauli
2582 3644 2889 3685 sermonem
2928 3631 3313 3683 horrescentes
3337 3643 3432 3682 eos
3467 3641 3473 3647 ‘

1865 3721 2125 3787 traducis,
2155 3737 2316 3790 quem
2350 3722 2465 3791 ipse
2500 3721 2702 3790 ingenti
2742 3722 2998 3789 claraque
3044 3734 3173 3773 voce
3204 3719 3385 3773 emisit
3418 3736 3433 3772 :

1862 3810 2006 3865 Licet
2037 3826 2131 3864 nos
2162 3818 2253 3862 aut
2302 3810 2516 3879 angelus
2541 3810 2605 3862 de
2630 3810 2757 3863 caelo
2787 3810 3104 3878 evangelise:
3130 3807 3271 3863 vobis
3296 3823 3435 3875 pra!-

1863 3910 2101 3969 terquam
2148 3899 2285 3969 quod
2336 3898 2828 3967 evaitgelt'zavimus.
2880 3898 3164 3951 anathema
3216 3900 3308 3950 sit.
3366 3895 3423 3949 Si

1860 3990 2007 4044 enim
2075 3989 2367 4042 anathema
2435 4002 2465 4042 a
2522 3985 2696 4041 Paulo
2756 3985 3173 4056 pronuntiatum
3238 3996 3441 4039 contra.

1860 4078 2364 4142 evangelizaturum
2415 4078 2653 4131 alienum
2684 4075 2816 4146 quid
2862 4076 2931 4131 ab
2960 4077 3134 4145 ipsius
3180 4074 3432 4146 Evange-

1860 4166 1948 4221 liis
1995 4164 2257 4221 Romanis
2290 4166 2541 4235 adeptas,
2572 4176 2862 4237 propterea
2895 4166 3040 4235 quod
3074 4164 3322 4219 doctrina
3362 4166 3430 4219 dc

1858 4258 2202 4327 processioue
2233 4257 2475 4328 Spiritus
2504 4260 2678 4312 sancti
2710 4260 2873 4313 etiam
2901 4274 2964 4313 ex
3010 4256 3149 4310 Filio
3177 4258 3229 4311 in
3274 4255 3427 4310 Pauli

1856 4348 2162 4419 Evangeliis
2194 4348 2337 4404 haud
2368 4350 2714 4403 contineatur
2742 4349 2962 4404 disertis
2991 4348 3194 4413 verbis,
3221 4348 3343 4401 vide
3363 4363 3430 4402 ne

1853 4438 2126 4509 ejusmodi
2167 4439 2537 4494 damnationis
2590 4438 2737 4494 feras
2790 4442 3118 4494 sententiam
3172 4454 3281 4492 non
3318 4447 3427 4491 tam

1854 4539 2044 4584 contra
2097 4528 2471 4584 Romanorum
2525 4528 2851 4595 Ecclesium,
2899 4545 3064 4601 quam
3120 4531 3304 4601 pntins
3363 4545 3427 4584 ac

184 4618 539 4686 Εὐαγγελίοις
593 4620 1052 4691 εμπεριειλῆφθαι
1106 4622 1168 4674 τὸ
1224 4623 1627 4693 ἐκπορεύεσθαι
1682 4625 1777 4676 τδλ

1864 4640 1966 4694 prae
1997 4626 2109 4695 ipsa
2131 4634 2320 4679 contra
2348 4638 2538 4679 omnes
2555 4622 2814 4694 synodos,
2842 4636 2963 4692 quae
2989 4622 3142 4691 plura
3170 4622 3425 4690 dogmata

186 4707 413 4777 Πνεῦμα
440 4710 536 4761 καὶ
561 4711 626 4762 ὲκ
652 4709 747 4762 τοῦ
777 4710 930 4777 Υίοῦ,
963 4713 1088 4781 ὅρα,
1125 4714 1198 4783 μή
1226 4729 1357 4766 ποτε
1388 4714 1486 4783 τὴν
1520 4714 1616 4784 τῆς
1648 4731 1749 4767 κα-

185 4798 411 4867 ταδίκης
441 4798 645 4868 ταύτης
677 4788 859 4869 ψῆφον
882 4802 944 4855 οὐ
973 4801 1112 4855 κατὰ
1136 4804 1235 4870 τῆς
1275 4804 1589 4876 Ῥωμαϊκῆς
1623 4806 1748 4860 Ἑκ-

184 4889 416 4960 κλησίας
446 4891 597 4961 ποιῇ,
634 4890 771 4945 ἀλλὰ
805 4892 906 4962 πρά
931 4910 993 4961 γε
1017 4892 1189 4962 αὐτῆς
1222 4894 1366 4948 κατὰ
1397 4897 1587 4952 πασῶν
1638 4900 1748 4957 τῶν

188 4982 445 5042 συνόδων.
478 4981 534 5035 αἳ
567 4981 738 5035 πολλὰ
771 4981 1021 5053 δόγματα
1069 4984 1441 5056 διετράνωσαν
1472 4990 1565 5042 καὶ
1618 4990 1749 5062 ἐκή-

184 5074 377 5145 ρυξαν,
405 5068 482 5128 ὧν
509 5073 741 5138 ούδὸλως
772 5075 803 5128 ϐ
854 5075 1027 5145 μέγας
1081 5076 1292 5142 Παῦλος
1326 5081 1519 5148 μνείαν
1554 5084 1744 5136 ποιού-

183 5178 345 5237 μενος
370 5165 617 5238 εὕρηται.
674 5162 841 5231 οὗτος
892 5168 989 5220 καὶ
1043 5169 1171 5239 γὰρ,
1222 5171 1255 5239 ἡ
1323 5172 1601 5240 κορυφαία
1634 5175 1746 5228 τῶν

181 5258 495 5314 ἀποστόλων
531 5246 796 5330 άκρότῆς,
842 5259 981 5328 πρὸς
1007 5259 1107 5330 τὴν
1154 5259 1247 5313 τοῦ
1282 5260 1617 5329 Εὐαγγελίου
1645 5262 1747 5316 εν-

183 5367 330 5406 νοιαν
386 5348 721 5422 ἀπαγορεύει
750 5348 838 5404 τδν
870 5351 1401 5419 παρευαγγελισμὶν,
1434 5354 1498 5405 ὲκ
1544 5353 1601 5405 δὲ
1649 5353 1748 5422 τῆς

184 5440 454 5511 ἑπομένης
482 5442 575 5493 ἐπὶ
622 5439 700 5513 τῷ
727 5440 1041 5511 Εύαγγελίῳ
1070 5439 1234 5493 αὑτοῦ
1259 5440 1449 5494 ὲσύστε
1460 5457 1552 5508 ρον
1580 5458 1748 5512 προσ-

185 5532 361 5603 θήκης
404 5531 513 5583 τῶν
565 5529 764 5595 λέξεων
794 5518 994 5583 οὐδενὶ
1039 5529 1148 5583 τῶν
1195 5529 1449 5584 ἁπάντων
1496 5529 1747 5601 ἔγκλημα

183 5624 486 5694 προσάπτει
526 5618 1063 5689 παρευαγγε).ισμοῦ.
1107 5620 1164 5674 Ὀ
1194 5620 1325 5689 γοῦν
1356 5620 1542 5684 ἁπλῶς
1605 5621 1749 5675 οὕτω

185 5719 275 5769 καὶ
304 5714 624 5783 άδιακρίτως
650 5711 749 5781 τὴν
780 5710 873 5765 τοῦ
924 5712 1263 5780 άναθὲματος
1296 5713 1596 5779 καταδίκην
1630 5715 1749 5765 ἐπι.

179 5806 510 5879 ψηφίζεσθαι
540 5804 706 5857 θέλων
733 5806 842 5865 τοῖς
892 5804 1033 5872 μετὰ
1083 5802 1142 5854 τὸ
1173 5802 1501 5871 Εὑαγγέλιον
1534 5803 1745 5855 Παύλου

189 5882 740 5959 δεδογματιχόσιτινᾶι
794 5895 867 5957 μὴ
897 5893 1030 5957 πρὸς
1068 5893 1212 5956 λέξιν
1270 5897 1327 5951 ἐν
1366 5896 1477 5955 τοῖς
1530 5892 1743 5949 Παύλου

1853 4714 2233 4783 esplicuerunt
2284 4721 2340 4767 et
2386 4711 2747 4777 tradiderunt,
2779 4725 3014 4780 quorum
3062 4710 3212 4764 nullo
3262 4721 3422 4779 pacto

1853 4819 2080 4876 magnus
2110 4804 2314 4859 Paulus
2364 4803 2698 4858 mentionem
2751 4802 2950 4857 fecisse
3001 4802 3293 4871 reperitur.
3328 4802 3425 4858 Hic

1851 4896 2019 4959 enim,
2058 4896 2309 4964 princeps
2337 4892 2707 4963 apostolorum
2733 4893 3042 4956 summitas,
3079 4893 3329 4961 prohibet
3351 4893 3419 4946 ad

1850 4981 2130 5053 Evangelii
2159 4997 2383 5036 sensum
2428 4981 2701 5037 diversam
2734 4981 2802 5036 ab
2835 4978 3127 5051 Evangelia
3154 4982 3423 5050 praedira-

1852 5075 2078 5137 tionem,
2118 5088 2184 5127 ex
2218 5072 2492 5127 additione
2529 5086 2658 5128 vero
2704 5072 2996 5126 verborum
3027 5084 3215 5141 postea
3250 5072 3424 5125 Evan—

1850 5165 2049 5235 gelium
2120 5165 2344 5219 omnino
2405 5164 2660 5233 sequenti
2726 5162 2935 5218 nemini
3002 5177 3229 5233 prorsus
3308 5164 3422 5219 cri-

1852 5270 1974 5311 men
2007 5256 2239 5310 diversae
2272 5254 2342 5309 ab
2396 5252 2691 5322 Evangelia
2726 5252 2982 5322 ialsaaqne
3020 5254 3423 5322 praedicationis

1850 5347 2043 5401 inurit.
2093 5344 2197 5412 Qui
2253 5345 2437 5416 itaque
2492 5345 2567 5398 ita
2620 5344 2942 5413 simpliciter
2998 5353 3056 5398 et
3106 5344 3421 5398 indistincte

1851 5438 2216 5494 anatlietnatis
2270 5437 2683 5493 damnationem
2761 5435 3109 5506 inﬁigendam
3144 5438 3418 5490 existimat

1849 5531 1941 5596 iis,
1974 5531 2071 5600 qui
2105 5539 2230 5600 post
2267 5528 2421 5583 Pauli
2449 5527 2802 5598 Evangelium
2834 5514 3138 5596 dogmatice
3168 5528 3417 5597 quaedam

1850 5626 2259 5690 pr0posuerunt
2290 5634 2396 5674 non
2426 5618 2648 5674 disertis
2679 5617 2863 5672 verbis
2889 5619 2942 5671 in
2972 5616 3123 5671 Pauli
3163 5617 3414 5686 pradica-

1850 5712 1998 5765 tioue
2028 5719 2304 5775 contenta,
2334 5710 2379 5765 is
2410 5709 2596 5763 nescio
2627 5721 2738 5777 quo
2773 5716 2933 5777 pacto
2970 5708 3160 5763 Patres
3198 5718 3415 5763 nostros

1851 5804 1943 5874 qui
1978 5802 2553 5857 consubstantialitatis
2590 5816 2779 5857 vocent
2830 5810 3127 5856 sanxerunt
3164 5800 3413 5856 defensu-

1855 5908 1947 5948 rus
1979 5894 2067 5948 sit.
2102 5890 2203 5949 Ubi
2229 5894 2373 5949 enim
2405 5909 2468 5948 ea
2501 5908 2603 5949 vox
2632 5900 2847 5951 reperta
2881 5891 2981 5947 fuit
3008 5891 3064 5946 in
3088 5890 3244 5947 Pauli
3278 5892 3413 5946 srri-
3464 5890 3471 5893 ⁴
