4150 6440
719 449 825 512 εει

1741 466 1952 528 ΙΟΑΝ.
1994 470 2206 533 VECCI
2244 470 2353 535 CP.
2393 470 2904 534 PATRIARCH/E

3859 464 3963 528 89.!

719 566 867 632 ptis?
897 564 1092 623 Vocem
1126 573 1343 641 quidem
1390 576 1636 646 Deipara:
1679 581 1733 634 in
1780 582 1929 638 Pauli
1979 586 2273 656 Evangelii:

2388 586 2804 657 εύαγγελισμοίς
2863 585 3249 655 ικφαινόμενα,
3281 584 3380 638 οὐκ
3411 577 3525 637 οῖδα
3582 581 3705 645 πῶς
3765 581 3962 635 ἀπολο-

720 670 995 726 nusquam
1033 662 1158 731 quis
1209 667 1459 735 reperiet,
1515 668 1606 724 Dei
1653 681 1834 727 tamen
1895 677 2136 733 Ecclesia
2167 694 2288 749 per-

2392 680 2621 747 τήπεται
2663 677 2816 741 οὗτος
2864 681 2975 741 τοῖς
3015 680 3077 731 τὸ
3103 678 3429 748 ὀμοούσιοτ·
3461 675 3823 745 δογματίσασι
3851 672 3956 724 Πα-

717 750 907 814 spicue
932 767 1050 807 eam
1080 757 1337 823 praedicat
1362 770 1416 814 et
1441 776 1536 817 eos
1571 766 1662 833 qui
1706 783 1811 821 non
1848 769 1918 822 ita
1956 773 2203 825 sentiunt
2230 782 2273 827 nl

2391 767 2582 837 τράσιν
2620 769 2800 840 ἡμῶν.
2834 768 2943 821 Ποῦ
2972 767 3081 839 γάρ
3111 770 3205 822 καὶ
3234 768 3462 836 εὓρηται
3492 764 3647 819 τοῦτο
3688 758 3838 833 τῶν⁸
3869 760 3953 813 τοῦ

716 840 1003 900 bmrett‘cos
1048 851 1323 917 reprobat.
1366 851 1551 924 Neque
1592 873 1742 921 vero,
1777 860 1905 929 quia
1950 860 2149 918 Paulus
2184 865 2285 920 has

715 947 884 1024 voces
922 951 1027 991 non
1064 944 1458 1008 pronuntiavit,
1488 947 1719 1005 diversa:
1740 959 1795 1005 et
1830 952 1981 1007 falw
2018 956 2281 1024 praedica-

716 1022 882 1121 tionis
920 1028 994 1079 rei
1025 1027 1366 1099 judicantur,
1409 1036 1498 1103 qui
1527 1041 1869 1106 postmodum
1907 1022 2282 1113 easﬁpronun-

714 1120 941 1179 ttarunt,
992 1134 1178 1173 verum
1222 1124 1349 1189 quia
1402 1127 1705 1182 secundum
1758 1120 1914 1185 Pau'li
1950 1143 2187 1188 mentem
2217 1152 2282 1191 ea

715 1204 1081 1274 tradiderunt,
1114 1211 1248 1281 ipsis
1273 1216 1486 1283 pietatis
1524 1223 1868 1287 praeconibus
1914 1224 2283 1281 adnumeran-

709 1303 817 1351 tur.
842 1296 998 1363 Quod
1027 1318 1154 1358 vero
1193 1307 1260 1360 ad
1293 1308 1437 1364 istud
1476 1312 1699 1377 attinet,
1731 1316 1874 1383 quod
1930 1317 2004 1387 (c.
2039 1317 2128 1388 72)
2169 1319 2283 1372 Au-

709 1390 932 1453 gustino
955 1402 1006 1445 et
1028 1393 1320 1453 Ambrosio
1354 1401 1613 1469 ignoscis,
1648 1406 1693 1458 si
1726 1408 1795 1459 ob
1818 1406 2057 1475 aliquam
2089 1424 2279 1465 neces-

708 1483 927 1535 sitatem
960 1485 1478 1562 (cirtumstantiam)
1516 1495 1597 1548 vel
1649 1496 1963 1552 auditorum
1997 1499 2281 1571 indulgen-

2391 861 2606 915 Παύλου
2656 861 2919 930 γραφῶν;
2948 860 3059 931 τήν
3111 860 3168 914 δι
3199 859 3486 923 Θεοτόκος
3520 854 3703 925 φωνὴν
3767 854 3829 905 ὲν
3862 851 3956 922 μὲν

2388 954 2502 1015 τοῖς
2532 951 2625 1005 τοῦ
2678 952 2889 1006 Παύλου
2932 951 3277 1020 Εὖαγγελίοις
3310 949 3530 1019 εὑρήσει
3586 964 3668 1009 τις
3699 942 3955 1020 οὐδαμοῦ,

2390 1044 2423 1111 ἡ
2454 1042 2511 1096 δι
2538 1042 2632 1096 τοῦ
2660 1023 2796 1097 εἐοῠ
2855 1044 3150 1115 Ἐκκλησία
3206 1042 3417 1112 τρανῶς
3446 1040 3706 1112 κηρύττει
3761 1019 3952 1106 αὐτὴν,

2393 1133 2485 1199 καὶ
2547 1134 2672 1197 τοὺς
2733 1135 2810 1205 μὴ
2879 1133 3023 1187 οὕτω
3087 1132 3415 1204 φρονοῦντας
3494 1132 3569 1193 ὡς
3650 1127 3956 1199 αἱρετικοῦς

2388 1224 2794 1278 ἀποσαλλεται·
2852 1227 2947 1278 καὶ
2991 1224 3090 1295 οὐχ
3138 1225 3220 1278 δτι
3272 1222 3350 1293 μὴ
3396 1221 3606 1283 Παῦλος
3630 1219 3731 1282 ea;
3780 1216 3954 1282 λέξεις

2388 1317 2578 1386 είρηκε
2604 1315 2807 1378 ταύτας
2852 1314 3372 1387 παρευαγγελισμοῦ
3402 1313 3677 1382 κρίνονται
3731 1309 3781 1360 οί
3826 1307 3952 1360 ἐσύ-

2388 1423 2577 1477 στερον
2602 1408 2906 1477 εἰρηκότες,
2958 1406 3073 1460 ἀλλ’
3125 1406 3209 1459 ὅτι
3258 1404 3397 1458 κατά
3445 1404 3543 1472 τὴν
3595 1399 3692 1454 τοῦ
3740 1398 3953 1452 Παύλου

2384 1497 2622 1552 διάνοιαν
2669 1498 3053 1566 ιδογμάτισαν,
3102 1490 3249 1551 οὗτοι
3299 1498 3413 1558 τοῖς
3467 1492 3663 1564 κήρυξι
3719 1491 3821 1560 τῆς
3870 1490 3956 1541 εὐ-

707 1580 791 1625 tes
845 1573 1168 1644 infirmitati,
1226 1583 1307 1635 vel
1363 1584 1433 1638 ob
1474 1585 1619 1638 aliud
1682 1588 1862 1645 simile
1918 1605 1983 1644 ex
2033 1593 2123 1657 iis,
2156 1607 2273 1661 qua:

2387 1589 2605 1652 σεὸείας
2678 1588 3039 1659 ιγκρίνονται.
3120 1587 3243 1640 Ὅτι
3320 1586 3378 1639 δὲ
3435 1583 3592 1640 πάλιν
3646 1578 3954 1648 συγγιγνώ-

707 1661 886 1715 solent
938 1664 990 1716 in
1042 1667 1149 1746 vita
1208 1669 1446 1726 humana
1499 1676 1743 1743 quotidie
1805 1680 2047 1745 evenire,
2114 1681 2273 1736 talem

2388 1697 2537 1744 σκεις
2588 1680 2942 1750 Δύγουστίνῳ
2975 1680 3071 1733 καὶ
3132 1678 3468 1749 ’Δμόροσίῳ,
3505 1676 3662 1744 είπερ
3710 1673 3952 1726 διάτινα

704 1752 1010 1847 ettiiserunt
1064 1772 1277 1824 vocem,
1341 1766 1619 1831 quomodo
1670 1782 1776 1821 non
1829 1769 1881 1821 id
1930 1769 1981 1823 in
2030 1771 2273 1825 animum

2384 1775 2705 1843 περίστασιν
2754 1773 2789 1842 ἢ
2842 1776 2912 1844 τῇ
2978 1771 3090 1825 τῶν
3134 1771 3421 1843 ἀκροατῶν
3498 1765 3956 1835 σύγκαταὸαίνον-

707 1838 993 1935 indusiati,
1029 1848 1172 1915 quod
1216 1849 1406 1906 Patres
1436 1855 1629 1919 nostri,
1668 1858 1761 1927 qui
1810 1858 1865 1913 in
1901 1859 2010 1914 illis
2031 1862 2273 1930 antiquis

2382 1838 2475 1927 τες
2530 1838 2788 1933 ἀσθενείᾳξ
2834 1838 2911 1935 η’
2930 1863 3073 1917 πόσα
3126 1838 3473 1931 καθεκάστην
3529 1862 3559 1913 6
3611 1855 3951 1926 ἀνθρώπινος

703 1931 897 2023 diebus
923 1934 975 1987 in
1014 1936 1359 1997 lirmameuto
1390 1942 1646 2001 Ecclesiae
1679 1957 1877 2004 nostrae
1924 1952 2075 2008 velut
2124 1965 2273 2009 astra

2377 1953 2706 2007 ἐπιδείκνυσι
2740 1931 2877 2023 βίοςζ
2927 1952 3185 2023 τοιαύτην
3233 1953 3417 2023 φωνὴν
3456 1954 3655 2005 ἐκεῖνοι
3700 1949 3946 2017 ἀφῆκαν,

706 2022 997 2090 fulserunt,
1029 2030 1073 2083 si
1130 2030 1347 2087 illorum
1376 2038 1581 2107 scripta
1626 2041 1708 2094 eis
1733 2041 1802 2096 ad
1834 2058 2028 2098 manus
2052 2061 2273 2113 venere,

2383 2044 2501 2107 πῶς
2531 2045 2630 2097 οὐκ
2660 2022 2912 2112 ιλογίσω,
2942 2044 3090 2108 ὅπως
3137 2022 3207 2097 ίοί
3248 2047 3308 2097 εν
3354 2022 3474 2106 ταῖς
3526 2039 3781 2114 ἀρχαίαις
3815 2040 3951 2110 ἠμέ-

702 2123 755 2167 ct
797 2116 941 2183 ipsos
971 2132 1071 2173 nos
1124 2125 1529 2190 processionem
1576 2126 1817 2197 Spiritus
1854 2146 1919 2186 ex
1972 2131 2113 2187 Filio
2158 2148 2273 2203 pro«

2385 2152 2508 2205 ραις
2540 2135 2776 2201 ἑκείναις
2800 2137 2861 2189 έν
2908 2136 2990 2189 τῶ
3043 2134 3414 2206 στερεώματι,
3476 2136 3575 2203 τῆς
3622 2130 3745 2185 καθ’
3798 2130 3949 2199 ἡμᾶς

705 2206 881 2262 fessos
911 2222 1225 2268 sanctorum
1272 2217 1441 2273 choro
1489 2219 1921 2278 adnumerarunt
1973 2233 2031 2280 et
2070 2224 2273 2282 Roma-

2395 2224 2731 2297 Ἐκκλησίας
2755 2226 3165 2297 διαλάμψαντες
3194 2226 3441 2296 Πατέρες
3468 2224 3628 2295 ήμῶν
3657 2224 3773 2283 τοῖς
3801 2220 3950 2273 ἑκεί-

705 2314 827 2353 nam
859 2299 1156 2359 Ecclesiam
1184 2323 1372 2362 eorum
1407 2310 1575 2367 libros
1601 2314 2020 2383 amplcctentcm
2046 2316 2100 2371 in
2124 2333 2273 2374 com-

2384 2334 2491 2371 νων
2524 2318 2954 2387 συγγράμμασιν
3002 2318 3421 2389 ἐντυγχάνοντες
3466 2314 3666 2379 αύτούς
3710 2330 3771 2367 τε
3825 2311 3953 2375 τοὺς

703 2395 965 2451 munione
1012 2396 1342 2465 habuerunt,
1394 2402 1555 2472 eique
1607 2416 1667 2460 ut
1702 2409 1862 2461 matri
1905 2408 2273 2466 Ecclesiarum

2380 2410 2481 2480 τὴν
2511 2412 2574 2464 ἐκ
2616 2410 2712 2464 τοῦ
2762 2411 2895 2464 Υίοῦ
2948 2412 3276 2481 ικπόρευσιν
3324 2408 3615 2479 εἰρηκότας
3646 2406 3743 2459 τοῦ
3774 2401 3952 2459 Πνεύ-

700 2484 1091 2541 adhaeserunt?
1132 2488 1195 2543 Et
1217 2492 1496 2560 quomodo
1518 2510 1629 2550 non
1663 2507 1721 2551 ut
1752 2512 1939 2553 eorum
1972 2499 2273 2572 discipulus

2387 2517 2557 2571 ματος
2588 2494 2679 2571 τῷν
2702 2501 2812 2555 τῶν
2833 2500 3007 2569 ἀγίων
3035 2500 3408 2571 συνηρίθμουν
3433 2497 3578 2569 χορῷ
3610 2497 3706 2551 καὶ
3739 2494 3841 2567 τὴν
3874 2493 3947 2547 τὰ

700 2590 797 2631 cos
838 2577 1084 2633 imitatus
1124 2596 1249 2636 cum
1290 2583 1571 2653 discipulis
1612 2587 1910 2653 Ambrosii,
1974 2592 2271 2661 Augustini

2384 2593 2795 2663 συγγράμματα
2820 2592 3001 2647 αὐτῶν
3029 2592 3425 2660 ἀσπαζομένην
3464 2588 3794 2659 Ἐκκλησίαν
3844 2586 3951 2652 τῆς

699 2676 861 2734 atque
885 2666 1201 2741 Hieronymi
1251 2674 1305 2728 in
1335 2689 1522 2729 veram
1564 2681 1618 2731 In
1663 2676 1885 2735 Christo
1918 2682 2271 2737 concordiam

2394 2683 2615 2762 Ῥώμης
2639 2682 2970 2747 κοινωνικῶς
2996 2679 3142 2753 εῐχον
3187 2683 3283 2736 καὶ
3335 2683 3410 2747 ώς
3454 2681 3649 2751 μητέρι
3677 2679 3790 2732 τῶν
3829 2676 3954 2730 Ἐκ-

696 2766 752 2811 θι
788 2758 905 2828 ίρεε
929 2764 1283 2818 convenisti?
2376 2758 2618 2843 κλησιῶν
2648 2775 2938 2844 προσεῖχον
2971 2776 3111 2845 αὐτῇ
3138 2774 3249 2845 “(1)·
3278 2775 3374 2828 καὶ
3414 2774 3530 2836 πῶς
3570 2773 3671 2825 οὐκ
3703 2769 3949 2831 ἐκείνους

694 2853 772 2916 th;
816 2854 1044 2908 ικείνων
1071 2855 1321 2928 μαθητὴς
1373 2863 1759 2931 μιμησάμενος
1802 2864 1917 2927 τοῖς
1955 2862 2283 2938 ’Δμδροσίου
2322 2865 2418 2919 καὶ
2480 2866 2641 2931 αὐτὸς
2665 2865 3032 2936 Δύγουστίνου
3087 2882 3148 2921 τε
3181 2867 3279 2921 καὶ
3318 2864 3647 2938 Ἱερωνύμου
3678 2862 3951 2936 μαθηταῖς

703 2949 781 3008 είς
818 2949 914 3018 τὴν
960 2950 1015 3002 tv
1051 2950 1275 3021 Χριστῷ
1308 2952 1571 3020 συνῆλθες
1614 2955 1906 3025 ὁμόνοιαν;

1336 3042 1638 3102 TEXTUS.

776 3160 866 3213 73.
907 3158 1053 3214 Dixit
1076 3160 1226 3216 Orbis
1253 3169 1525 3216 terrarum
1556 3167 1755 3232 prebo,
1778 3176 2109 3219 arcanorum
2137 3178 2271 3220 con-

2971 3046 3361 3102 KEIMENON.

2446 3162 2546 3231 ογ⁹.
2586 3158 2753 3215 Εἶπεν
2780 3160 2809 3214 6
2840 3161 2943 3230 τῆς
2968 3160 3298 3229 οἰκουμένης
3330 3158 3526 3231 κήρυξ,
3557 3159 3589 3211 6
3628 3156 3740 3211 τῶν
3774 3157 3949 3229 ἀπορ-

698 3251 1008 3320 templator,
1050 3252 1144 3323 qui
1178 3252 1476 3307 humanam
1523 3263 1773 3309 naturam
1802 3255 2109 3325 insignibus
2153 3258 2271 3311 suis

2378 3256 2562 3326 ῥήτων
2588 3254 2817 3325 θεωρὸς,
2844 3256 2876 3308 6
2906 3253 3007 3325 τὴν
3039 3251 3393 3324 ἀνθρωπίνην
3428 3252 3595 3321 φύσιν
3648 3252 3763 3313 τοϊς
3816 3250 3944 3305 καθ’

698 3343 945 3398 moribus
967 3345 1297 3409 nobilitavit,
1338 3345 1475 3399 dixit
1498 3346 1589 3401 ille
1622 3346 1883 3402 adversus
1907 3346 2273 3403 Athenienses

696 3438 895 3486 ornato
916 3447 980 3486 ac
1013 3431 1176 3487 ﬂuido
1206 3432 1426 3488 dicendi
1456 3448 1655 3503 genere
1685 3434 1950 3505 pollentes
1976 3436 2272 3503 disputans

698 3522 1026 3593 illorumque
1071 3522 1286 3579 animos
1340 3525 1569 3581 nimium
1614 3528 1787 3581 elatos
1836 3527 2167 3583 submittens
2210 3541 2274 3582 ac

696 3616 1031 3683 deprimens,
1098 3619 1210 3671 imo
1260 3618 1440 3687 potius
1491 3618 1558 3673 ad
1608 3620 1828 3673 illorum
1885 3620 2265 3674 inﬁrmitatem

696 3721 820 3763 sese
850 3709 1298 3774 accommodans,
1326 3710 1457 3779 quid
1485 3711 1652 3779 igitur
1674 3710 1844 3765 dixit?
1871 3711 2186 3765 Praeteriens
2222 3719 2272 3764 et

695 3798 880 3851 videns
912 3798 1206 3852 simulacra
1229 3808 1401 3853 vestra
1429 3801 1604 3854 inveni
1635 3810 1685 3854 et
1720 3817 1895 3864 aram,
1937 3804 2114 3869 inqua
2143 3801 2275 3853 scri-

695 3900 841 3959 ptum
864 3899 978 3943 erat
1014 3905 1032 3943 :
1064 3889 1253 3958 Ignoto
1276 3888 1429 3959 Deo,
1461 3890 1631 3954 Quem
1654 3892 1829 3960 [igitur
1855 3895 2155 3961 ignorantes
2186 3906 2272 3943 co-

694 3981 828 4044 litis,
857 3981 992 4033 hunc
1018 3995 1111 4051 ego
1142 3982 1401 4036 annuntio
1438 3984 1601 4037 vobis.
1641 3981 1783 4047 Quid
1808 3982 2013 4053 igitur?
2048 3981 2144 4046 Ea,
2177 3995 2273 4051 per

696 4087 819 4140 quae
848 4070 1054 4127 Paulus
1098 4071 1353 4128 Ecclesia:
1384 4074 1579 4128 doetor
1628 4074 1901 4143 sapientes
1950 4074 2269 4128 Graecorum

701 4165 1081 4234 aucupabatur
1105 4175 1269 4234 atque
1297 4180 1364 4221 ex
1392 4167 1671 4236 impietate
1700 4167 1765 4221 ad
1794 4167 2050 4236 pietatem
2078 4182 2273 4222 manu-

695 4258 909 4312 ducens
950 4258 1334 4321 transferebat,
1364 4272 1451 4323 ea,
1498 4260 1745 4328 inquam,
1795 4266 1853 4311 tu
1895 4274 1993 4326 pro
2017 4258 2271 4325 dogmate

698 4348 936 4418 accipies
981 4356 1035 4403 et
1091 4362 1343 4403 asserere
1384 4349 1636 4414 audebis,
1687 4366 1718 4403 a
1771 4349 1944 4403 Paulo
1996 4350 2268 4403 idolorum

696 4456 949 4497 eversore
998 4442 1150 4495 illum
1195 4442 1502 4509 praedicari,
1559 4457 1722 4512 quem
1776 4442 2058 4511 gentilium
2113 4455 2270 4495 error

696 4535 910 4589 colebat
968 4532 1395 4603 nominabatque
1434 4534 1680 4603 ignotum
1723 4531 1931 4587 Deum?
1964 4530 2083 4586 Non
2120 4531 2266 4586 enim

2375 3345 2574 3401 ἑαυτὸν
2620 3346 2975 3414 ιξευγενίσας
3017 3344 3262 3414 τρόποις·
3322 3338 3478 3397 εἶπεν
3545 3343 3757 3406 ἐκεῖνος
3807 3343 3947 3412 πρὸς

2372 3439 2500 3501 τοὺς
2545 3437 2898 3507 Ἐλληνιστάς
2930 3434 3112 3505 πολλῷ
3140 3435 3218 3504 τῷ
3251 3434 3397 3506 λόγῳ
3454 3435 3677 3505 ῥέοντας
3730 3436 3949 3503 ἀντιφε-

2378 3530 2608 3599 ρόμενος
2661 3530 2761 3581 καί⁵
2808 3527 2908 3598 τὴν
2961 3526 3189 3580 έκείνων
3244 3527 3420 3598 ὀφρὺν
3475 3526 3590 3581 ἀνω
3621 3528 3945 3597 τεινομένην

2374 3620 2525 3675 κάτω
2577 3622 3011 3691 παρασκευάσας
3066 3619 3270 3683 νεύειν,
3334 3618 3538 3689 μᾶλλον
3567 3619 3627 3674 δὲ
3675 3619 3814 3689 πρὸς
3844 3620 3946 3689 τὴν

2371 3710 2655 3765 ἀσθένειαν
2681 3711 2863 3765 αὐτῶν
2897 3710 3237 3779 συγκατιὼν,
3266 3712 3319 3763 τί
3348 3708 3509 3777 eius;
3544 3711 3944 3779 Διερχόμενος

2370 3802 2472 3857 καί
2501 3802 2856 3872 ἀναθεωρῶν
2881 3804 2954 3856 τὰ
2980 3800 3336 3867 σεϐάσματα
3365 3800 3557 3870 ὑμῶν,
3608 3797 3794 3869 εὖρον
3843 3800 3947 3854 καί

2365 3895 2578 3963 ,βωμὸν
2620 3896 2693 3949 ἐν
2721 3888 2770 3960 ᾧ
2813 3893 3244 3964 ἐπεγέγραδὲτο·
3292 3894 3605 3963 ’Δγνώστφ
3661 3891 3785 3957 Θεῷ
3809 3909 3824 3926 ·
3870 3890 3945 3945 6r

2370 3983 2487 4044 οὖν
2514 3987 2886 4057 ἀγνοοῦντες
2931 3986 3256 4050 εὐσεϐεῖτε,
3301 3984 3519 4039 τοῦτον
3569 3982 3685 4053 ὀτὼ
3725 3999 3945 4053 κατατ-

2371 4078 2567 4148 τέλλω
2593 4076 2759 4146 ὑμῖν.
2818 4076 2884 4129 Τί
2918 4071 3051 4135 οὖν;
3085 4077 3165 4129 Δι’
3194 4068 3273 4129 ὧν
3300 4075 3401 4145 τῆς
3444 4074 3772 4144 Ἐκκλησίας
3799 4078 3830 4129 6
3859 4076 3943 4130 6t-

2370 4168 2638 4231 δάσκαλος
2692 4169 2823 4231 τοὺς
2865 4167 3140 4238 Ἐλλήνων
3198 4167 3398 4236 σοφοὺς
3454 4166 3647 4237 ἐθήρα,
3694 4167 3791 4220 καὶ
3838 4169 3941 4239 τῆς

2369 4260 2628 4323 ἀσεδείας
2658 4260 2796 4330 πρὸς
2823 4259 2924 4329 τὴν
2952 4259 3235 4313 εὐσέδειαν
3268 4259 3632 4330 ἐχειραγώγει
3679 4261 3774 4314 καὶ
3804 4278 3941 4330 μετ-

2370 4350 2559 4419 έφερε,
2593 4350 2767 4403 ταῦτα
2826 4352 2891 4404 σὺ
2944 4349 3123 4419 δόγμα
3161 4351 3437 4419 ποιήσεις,
3498 4352 3591 4404 καὶ
3642 4351 3943 4423 κηρύττειν

2368 4443 2666 4512 τολμήσεις
2712 4443 2805 4495 τὸν
2841 4442 3177 4513 καθαιρέτην
3208 4441 3320 4495 τῶν
3354 4442 3591 4496 εἰδώλων
3628 4447 3942 4513 καταγγέλο

2369 4532 2484 4584 λειν
2510 4532 2570 4585 δν
2598 4532 2822 4584 ἐσέϐετο
2842 4532 2939 4585 καὶ
2983 4532 3265 4602 ὠνόμαζεν
3292 4536 3320 4586 6
3360 4533 3712 4604 'Enqvak
3759 4536 3941 4603 ἀγνω-

698 4627 834 4679 ntira
860 4625 1119 4680 accedere
1147 4594 1490 4680 nobis-debet
1524 4625 1602 4678 tui
1638 4622 1839 4694 ingenii
1883 4625 1939 4679 in
1981 4624 2269 4679 fallacibus

2377 4640 2501 4676 στον
2553 4623 2728 4688 Θεόν;
2762 4624 2836 4678 Οὐ
2868 4623 2979 4693 γὰρ
3033 4594 3354 4692 θαυμαστόν
3392 4641 3486 4677 σου
3505 4594 3583 4677 ’τὸ
3744 4594 3941 4694 σοξρίας

697 4717 928 4786 argutiis
970 4717 1303 4772 consuendis
1349 4715 1591 4771 solertia.
1647 4716 1903 4770 Erectum
1940 4725 2061 4771 erat
2100 4716 2274 4771 altare

700 4808 830 4861 illud
862 4806 1025 4873 Pani;
1067 4809 1199 4863 urbs
1223 4816 1405 4863 autem
1435 4808 1769 4862 Athenarum
1802 4823 2001 4863 nomen
2032 4808 2152 4878 ejus
2176 4808 2272 4878 qui

698 4901 752 4953 in
811 4913 879 4953 eo
927 4897 1209 4953 colebatur
1254 4899 1472 4953 interim
1527 4898 1789 4969 ignorans
1847 4899 2203 4964 inscripserat
2254 4915 2267 4952 :

699 4993 887 5062 Ignoto
924 4990 1053 5045 Deo.
1105 4989 1225 5045 Jam
1276 5005 1401 5045 vero
1444 4989 1703 5059 quoniam
1758 5005 1824 5043 ex
1874 4988 2269 5058 prophetarum

700 5085 940 5139 oraculis
985 5083 1305 5155 Christique
1350 5082 1565 5137 Domini
1620 5082 1855 5150 eloquiis
1889 5080 2145 5149 egregius
2182 5080 2271 5132 ille

699 5178 1047 5245 cmlestisque
1106 5177 1190 5229 vir
1236 5174 1494 5237 videbat,
1553 5175 1974 5241 haudquaquam
2044 5170 2271 5238 gentiles

703 5269 869 5333 (lecti,
902 5282 967 5321 ex
1000 5268 1253 5337 ipsismet
1300 5266 1649 5321 exsecrandis
1698 5265 2011 5320 simulacris
2057 5264 2122 5317 ad
2157 5263 2271 5317 cul-

704 5371 817 5413 tum
877 5374 972 5413 eos
1022 5367 1241 5414 revocat
1283 5357 1624 5419 Conditoris,
1679 5365 1733 5410 et
1781 5371 1847 5409 ex
1892 5355 2023 5424 ipsis
2070 5353 2270 5409 diaboli

702 5448 1206 5519 programmatibus
1276 5448 1563 5518 potestatis
1618 5446 1859 5510 eiusdem
1924 5445 2268 5516 tyrannidem

705 5543 1055 5603 condemnat,
1102 5555 1166 5593 ex
1208 5538 1565 5592 munimentis
1589 5537 1707 5606 ejus
1749 5536 2064 5591 fortissimis
2102 5538 2271 5591 robur

703 5629 989 5697 potestatis
1025 5627 1197 5697 ipsius
1231 5628 1447 5690 evertit,
1486 5625 1557 5680 ab
1588 5642 1774 5680 errore
1809 5626 1963 5679 metit
1989 5627 2269 5695 pietatem,

775 5804 850 5873 (tl)
886 5803 1060 5859 Verba
1122 5805 1247 5865 ista,
1285 5804 1408 5865 Πῶς
1459 5802 1559 5854 οὐκ
1623 5803 1852 5871 tio-{isto
1885 5833 1951 5844 —
1984 5805 2270 5873 προσεῖχον

704 5876 840 5945 αὐτῇ
874 5876 1059 5945 paucis
1116 5876 1338 5930 vocibus
1375 5874 1636 5943 ampliora
1678 5876 1928 5945 leguntur
1952 5872 2091 5943 apud
2141 5872 2267 5931 Bcc-

2374 4716 2703 4787 δραστήριον
2730 4717 2825 4769 καὶ
2850 4717 2959 4769 τῶν
3007 4716 3356 4785 κακοσχόλων
3396 4717 3428 4785 ἡ
3466 4717 3639 4787 πλοκὴ
3670 4721 3945 4786 σοφισμά-

2373 4822 2504 4858 των.
2549 4805 2866 4875 ’Δνειμένος
2920 4799 2989 4875 ἦν
3041 4805 3071 4857 6
3122 4804 3305 4873 βωμὸς
3338 4804 3416 4874 τῷ
3451 4807 3622 4859 Πανί·
3680 4806 3804 4877 ήδὶ
3833 4809 3942 4862 τῶν

2386 4896 2629 4964 Ἀθηνῶν
2674 4896 2831 4961 πόλις
2890 4894 2989 4949 τοῦ
3021 4895 3335 4966 τιμωμένου
3362 4896 3498 4959 τέως
3554 4898 3630 4965 μὴ
3663 4898 3943 4963 συνιέντες

2372 4989 2434 5043 τὸ
2461 4989 2637 5059 ὄνομα
2668 4989 2986 5058 έπέγραφον
3039 4988 3116 5057 τῷ
3166 4986 3356 5057 βωμῷ·
3429 4987 3741 5056 Ἀτνὼστφ
3798 4988 3940 5054 Θεῷ.

2386 5080 2539 5133 Ἐπεὶ
2570 5079 2677 5148 γάρ
2711 5080 2775 5131 ὲκ
2804 5078 2913 5131 τῶν
2965 5075 3328 5147 προφητικῶν
3376 5076 3642 5146 χρησμῶν
3679 5079 3776 5129 καὶ
3832 5078 3941 5131 τῶν

2375 5169 2723 5222 Δεσποτικῶν
2755 5168 2953 5235 λογίων
2977 5172 3004 5221 6
3032 5166 3338 5237 περιδέξιος
3388 5169 3593 5230 ἐκεῖνος
3624 5167 3716 5219 καὶ
3775 5169 3942 5238 ούρα-

2374 5280 2487 5325 νιος
2519 5263 2809 5335 ἄνθρωπος
2839 5264 2913 5333 μὴ
2948 5263 3268 5339 πειθόμενον
3318 5262 3465 5332 ἑώρα
3498 5260 3560 5313 τὸ
3604 5261 3940 5331 Ἑλληνικὸν,

2374 5354 2434 5420 ἐξ
2464 5356 2645 5409 αὐτῶν
2693 5357 2892 5418 αὐτοὺς
2924 5354 3036 5407 τῶν
3107 5354 3417 5420 θεοστυγῶν
3466 5353 3829 5423 σεδασμάτων
3861 5356 3941 5419 εις

2374 5447 2434 5499 τὸ
2464 5446 2559 5499 τοῦ
2602 5444 2962 5516 Ἆημιουργοῦ
3001 5446 3392 5515 μετακαλεῖται
3451 5445 3635 5509 σέδας·
3671 5444 3733 5510 ἐξ
3763 5446 3942 5499 αὐτῶν

2378 5537 2489 5590 τῶν
2514 5538 2609 5591 τοῦ
2639 5538 2889 5591 διαδόλου
2936 5536 3399 5607 προγραμμάτων
3430 5537 3528 5605 τῆς
3578 5537 3743 5589 αὑτοῦ
3772 5555 3941 5591 κατα-

2374 5629 2674 5699 ψηφίζεται
2702 5629 3038 5699 τυραννίδοςσ
3078 5632 3142 5682 ἐκ
3177 5627 3287 5687 τῶν
3337 5629 3713 5699 ὀχυρωμάτων
3768 5646 3937 5681 κατα-

2374 5823 2497 5933 (ἰιέὃῐι
2540 5806 2634 5864 Or.
2690 5809 2808 5865 ldo
2848 5825 2937 5866 un.
3008 5809 3179 5877 Eccl,
3218 5828 3274 5866 n.
3334 5811 3434 5879 46,
3473 5809 3537 5865 G.
3593 5809 3657 5866 Ο.
3709 5810 3749 5865 Ι.
3814 5811 3939 5867 169-
