4150 6500
221 508 344 572 835

982 510 1424 572 REFUTATIO
1460 511 1839 573 PHOTIANI
1880 516 2097 575 LIBRI
2159 516 2254 576 DE
2300 517 2616 579 SPIRITU
2648 519 2707 579 s.

3404 516 3513 578 836

224 621 465 690 στρέφει
492 619 551 671 τὸ
578 620 783 689 κράτος
806 618 973 673 αὐτοῦ
997 622 1096 691 τῆς
1126 620 1395 686 ἔξουσίας·
1415 621 1525 676 ἀπὸ
1554 620 1655 689 τῆς
1682 620 1827 675 πλά-

1936 638 1996 677 ex
2047 624 2353 693 perditione
2417 627 2661 697 germina
2712 626 2871 681 nobis
2916 626 3421 707 salutiyprol‘ert,
3482 644 3515 682 ιι

222 728 341 781 γης
369 712 609 781 γεωργεῖ
636 713 735 783 τὴν
760 709 1048 765 εὐσέϐειαν
1071 727 1086 743 ο
1118 714 1184 766 ἐκ
1211 713 1313 783 τῆς
1370 712 1647 776 ἀπωλείας
1692 712 1825 785 βλα-
1857 720 1861 725 “

226 806 404 868 στοὺς
477 805 609 874 ἡμῖν
662 802 1030 874 προϐάλλεται
1090 809 1401 875 σωτηρίαςο
1458 807 1523 857 ἐκ
1567 805 1669 874 τῆς
1726 804 1821 859 τοῦ

223 895 491 950 διαϐόλου
521 895 749 965 παγίδος
781 898 860 958 είς
881 895 972 949 τὸν
995 895 1200 966 δρόμον
1225 896 1465 965 ἐνισχύει
1510 895 1605 949 τοῦ
1641 895 1820 965 Εὐαγο

227 987 427 1054 γελίου
449 1006 463 1019 ·
499 985 732 1056 βαλὸἰδα
763 989 1002 1040 ποιεῖται
1034 986 1133 1053 τὴν
1166 988 1413 1057 κορυφὴν
1449 986 1549 1056 τῆς
1578 988 1826 1040 ἀποστα-

230 1079 368 1141 σίας
397 1080 499 1146 τῆς
526 1078 762 1143 εἰσόδου,
787 1077 856 1132 δι’
885 1073 954 1149 ἦς
986 1074 1056 1149 ἦν
1085 1079 1273 1142 αὐτοῖς
1317 1080 1400 1141 εἰς
1428 1079 1523 1133 τὸν
1554 1079 1823 1149 νυμφῶνα

235 1169 496 1239 Χριστοῦ
531 1173 629 1223 καὶ
651 1168 751 1240 τὴν
782 1169 1051 1240 ἄχραντον
1074 1168 1241 1224 αὑτοῦ
1268 1171 1523 1225 παστάδα
1554 1172 1821 1227 εἰσελθεῖν

225 1261 341 1331 τὴν
379 1260 729 1332 Ἐκκλησίαν.
760 1260 948 1323 Οῦτως
976 1256 1045 1332 ἦν
1073 1262 1288 1324 ἐκεῖνος
1315 1262 1344 1313 ὁ
1372 1260 1670 1332 μετάρσιος
1695 1262 1822 1326 νοῦς

224 1354 332 1408 διὰ
360 1352 471 1406 τῶν
515 1353 698 1406 ὃπλων
747 1351 844 1405 τοῦ
896 1351 1092 1421 ἐχθροῦ
1119 1351 1311 1405 αὐτδνχ
1338 1343 1822 1423 κατατιτρώσκειν

230 1447 337 1499 τὸν
366 1445 559 1514 ἐχθρὸν
610 1450 707 1497 καὶ
760 1443 1195 1514 αἰχμαλωτίζειν
1228 1442 1560 1516 δραστήριός
1610 1461 1673 1497 τε
1729 1445 1825 1499 καὶ

227 1540 340 1612 τὴν
366 1536 577 1594 ἀνωθεν
611 1534 792 1609 έαοτῷ
818 1537 1009 1607 φέρειν
1036 1534 1210 1606 ίσχύν.
1246 1535 1312 1587 Τί
1339 1530 1469 1600 οῦν;
1496 1535 1642 1589 Διότι
1677 1535 1825 1588 Παῦ-

230 1632 333 1694 λος
358 1634 474 1694 τοῖς
506 1630 694 1693 ὅπλοις
721 1630 814 1684 τοῦ
841 1626 1037 1701 ἐχθροῦ
1055 1626 1280 1683 habent
1312 1627 1406 1679 τὸν
1452 1627 1667 1696 ἐχθρὸν,
1721 1626 1812 1679 διὰ

230 1720 400 1776 τοῦτο
428 1723 492 1776 σὺ
518 1722 587 1775 τά
611 1721 707 1776 τοῦ
731 1721 928 1792 ἐχθροῦ
958 1723 1215 1792 τιμήσεις
1245 1719 1388 1775 ὅπλα
1418 1722 1523 1775 καὶ
1540 1718 1661 1771 θεῖα
1686 1719 1829 1771 ὅπλα

235 1813 515 1876 καλέσεις,
543 1812 641 1866 καὶ
665 1814 803 1879 πρὸς
834 1812 933 1882 τὴν
966 1815 1066 1882 σὴν
1094 1814 1329 1885 ὠθήσεις
1360 1811 1537 1866 ταῦτα
1568 1811 1785 1880 σφαγήν
1811 1828 1827 1875 ;

1930 715 2129 769 diaboli
2198 717 2394 785 laqueo
2455 718 2522 772 ad
2598 732 2820 771 cursum
2906 717 3183 787 Evangelii
3254 719 3511 781 excitat,

1928 821 2206 862 summum
2255 807 2575 865 defectionis
2621 809 2877 864 verticem
2930 810 3031 863 viae
3076 808 3207 863 facit
3269 809 3510 873 initium,

1928 914 2037 969 qna
2082 899 2184 969 ipsi
2222 911 2444 970 possent
2478 903 2531 956 in
2579 901 2906 967 Ecclesiam,
2956 901 3313 972 purissimum
3349 912 3515 970 atque

1929 994 2313 1048 intemeratum
2375 994 2578 1049 Christi
2644 997 2993 1058 thalamum.
3068 996 3302 1065 ingredi.
3362 994 3516 1048 Adeo

1929 1083 2166 1152 pollebat
2218 1085 2473 1141 sublimis
2528 1086 2618 1140 illa
2672 1103 2827 1143 mens
2891 1088 3103 1142 caelesti
3157 1088 3509 1156 potissimum

1932 1170 2273 1226 adminiculo
2308 1174 2497 1239 adjula
2543 1191 2639 1244 per
2690 1176 2804 1246 ipsa
2871 1176 3083 1231 inimici
3129 1192 3281 1231 arma
3329 1175 3513 1244 ipsum

1934 1261 2217 1316 inimicum
2292 1265 2590 1320 canl'odere
2647 1282 2711 1321 ac
2766 1267 3041 1335 subigere.
3099 1266 3238 1331 Quid
3302 1266 3519 1335 igitur?

1935 1350 2073 1416 Quia
2102 1352 2306 1410 Paulus
2336 1358 2505 1411 armis
2539 1357 2742 1412 inimici
2765 1356 2966 1411 delevit
2992 1357 3294 1432 inimicum,
3326 1357 3522 1410 ideone

1937 1452 1991 1497 tu
2025 1445 2233 1500 honore
2251 1463 2403 1502 arma
2435 1450 2638 1504 inimici
2668 1450 3021 1520 prosequeris
3062 1460 3115 1501 et
3153 1451 3333 1503 divina
3376 1462 3521 1501 nun-

1934 1537 2158 1605 cupabis
2214 1556 2389 1606 arma,
2452 1552 2619 1611 atque
2676 1546 2729 1597 in
2786 1551 2933 1598 tuam
3010 1541 3179 1610 ipsius
3226 1539 3520 1609 protrudcs

1935 1629 2181 1683 caedem?
2220 1640 2274 1684 et
2316 1641 2451 1701 quot
2483 1633 2587 1687 alia
2633 1634 2833 1686 similia
2875 1631 3122 1699 exempla
3158 1630 3302 1700 apud
3349 1631 3516 1692 hunc,

1936 1723 2030 1791 qui
2058 1724 2243 1778 omnia
2279 1726 2555 1794 sapienter
2596 1728 2649 1781 in
2688 1727 2929 1796 Spiritus
2976 1724 3176 1778 virtute
3222 1723 3517 1791 disposuit,

1941 1826 2070 1883 p0te
2080 1825 2206 1869 runt
2242 1818 2468 1885 reperiri
2497 1812 2531 1872 l7

237 1904 351 1958 Καὶ
396 1905 550 1959 πόσα
607 1902 676 1959 ἀν
730 1864 906 1959 ἔνεστί
941 1864 1166 1959 τοίαῦτα
1197 1864 1627 1977 παραδείγματα
1683 1864 1827 1974 πάρ’,
1856 1864 2006 1975 αὐτῷ
2032 1905 2111 1975 τῷ
2155 1864 2630 1980 «angit-EQ“;
2692 1913 2758 1981 τῇ
2790 1912 2886 1964 τοῦ
2923 1910 3242 1980 Πνεύματος
3288 1864 3523 1975 δυνάμει

226 1997 729 2068 διακυϐερνῆσαντι
750 1998 938 2051 λαϐεῖν
960 1998 974 2051 l

310 2090 405 2145 06'.
431 2090 495 2144 Τί
515 2091 574 2145 δὲ
595 2092 676 2145 δεῐ
700 2092 1181 2161 παραδειγμάτωνς
1208 2091 1381 2155 Αὐτὸς
1405 2091 1715 2162 διαπρυσίῳ
1732 2090 1823 2142 λέ-

2003 2089 2093 2144 74.
2146 2090 2285 2160 Quid
2320 2106 2450 2161 ergo
2498 2107 2636 2161 opus
2663 2102 2748 2147 est
2807 2090 3104 2161 exemplis?
3148 2089 3381 2159 lpsetnet
3414 2090 3523 2145 alta

245 2184 415 2253 γειτῇ
441 2186 591 2251 φωνῆ
620 2200 636 2215 ο
680 2182 1009 2252 Ἐγενόμην
1028 2183 1155 2247 τοῖς
1207 2182 1519 2247 Ἰουδαίοις
1564 2181 1639 2243 ὠς
1683 2182 1834 2235 Ἰου-

237 2271 428 2339 δαῖος.
462 2274 565 2327 ἵνα
597 2272 931 2340 Ἰουδαίους
960 2273 1252 2341 κερδήσωο
1307 2272 1433 2338 τοῖς
1476 2273 1597 2327 ὑπὸ
1641 2272 1833 2340 νόμον

236 2365 480 2431 dic-{prd
513 2365 722 2433 νόμον,
775 2364 878 2419 ινα
921 2365 1064 2431 τοὺς
1121 2365 1241 2420 ὑπὸ
1294 2365 1488 2434 νόμον
1519 2362 1832 2432 κερδήσω·

241 2458 369 2524 τοῖς
393 2459 639 2528 ἀνόμοις
662 2459 743 2526 ὡς
764 2458 1007 2528 ἄνομος,
1026 2459 1114 2528 μὴ
1140 2457 1224 2512 ὢν
1246 2457 1472 2527 ἄνομος
1497 2456 1667 2521 Θεοῦ,
1693 2454 1832 2509 ἀλλ’

240 2548 504 2617 ἔννομος
537 2548 820 2617 Χριστοῦ,
880 2549 983 2603 ἵνα
1026 2547 1304 2618 κερδήσω
1358 2549 1648 2617 ἀνόμους.
1701 2542 1831 2616 'Ap‘

241 2640 341 2695 οὖν
378 2641 443 2719 σὺ
500 2641 591 2694 διὰ
628 2640 799 2701 τοῦτο,
841 2640 933 2695 τὸν
980 2641 1319 2709 ἰουδαῖσμδν
1347 2641 1751 2707 ἀνακαινίσεις,
1786 2640 1819 2709 ἢ

244 2733 349 2804 τὴν
378 2732 611 2803 ἀνομίαν
638 2735 762 2787 ἀντὶ
780 2733 895 2788 τῶν
917 2734 1080 2789 θείων
1104 2735 1202 2789 καὶ
1224 2734 1581 2804 ἀνθρωπίνων
1610 2732 1831 2802 θεσμῶν

246 2825 716 2896 ιμπολιτεύεσθαι
748 2823 825 2894 τῷ
856 2824 956 2895 βίῳ
984 2824 1397 2896 νομοθετήσεις,
1434 2826 1528 2880 καὶ
1584 2824 1833 2894 ἀνακράδ

247 2919 365 2984 est;
399 2917 800 2988 ἀναισχύντως,
838 2918 1044 2998 μᾶλλον
1073 2920 1131 2973 δὲ
1180 2918 1303 2972 λίαν
1336 2919 1536 2986 ἀθέως,
1570 2918 1646 2981 ὼς
1677 2918 1831 2974 Παύ-

245 3009 346 3063 λου
381 3008 500 3080 εἰσὶ,
517 3007 694 3064 ταῦτα
721 3009 815 3063 καὶ
851 3010 907 3064 ai
934 3011 1155 3064 ἐντολαὶ
1180 3009 1280 3064 καὶ
1307 3011 1369 3063 τὸ
1400 3012 1699 3082 κήρυγμα;

321 3204 416 3252 οεν.
471 3196 629 3268 Παρὰ
687 3197 875 3261 πόσοις
903 3195 961 3250 δὲ
1024 3196 1123 3251 καὶ⁵
1166 3196 1353 3263 ἀλλοις
1400 3200 1511 3252 τῶν
1544 3198 1833 3271 μακαρίων

246 3293 350 3348 καὶ
398 3290 573 3360 ἁγίων
622 3291 886 3361 Πατέρων
935 3291 1093 3360 ἡμῶν
1146 3290 1329 3345 ἔνεστι
1354 3291 1581 3346 τοιαῦτα
1613 3294 1830 3362 εὑρεῖνι

257 3386 470 3439 Ἑννόει
512 3402 603 3454 μοι
640 3384 733 3438 τὸν
762 3384 863 3452 τῆς
914 3383 1136 3453 Ῥώμης
1186 3384 1453 3455 ἀρχιερέα
1508 3384 1829 3454 Κλήμιντα,

136 3514 141 3517 -
248 3482 349 3534 καὶ
378 3477 416 3532 ἀ
442 3477 542 3545 τὴν
576 3477 899 3547 ἐπωνυμίαν
932 3477 1145 3530 ἐκεῖθεν
1180 3478 1361 3547 φέρει,
1394 3476 1829 3548 Ianuar-rma)

248 3571 368 3643 (ἶνα
396 3568 471 3640 μὴ
499 3569 644 3637 λέγω
670 3570 740 3622 τὰ
771 3566 1167 3639 γεγραμμένα,
1202 3568 1278 3631 ὡς
1311 3570 1339 3621 ὁ
1366 3566 1600 3630 παλαιὸς
1648 3567 1831 3635 λόγος,

246 3662 396 3717 κατά
421 3664 482 3715 τὸ
508 3660 605 3715 τοῦ
633 3661 940 3732 κορυφαίου
978 3661 1190 3732 Πέτρου
1217 3659 1554 3729 γεγενῆσθαι
1581 3658 1831 3733 πρόσταο

247 3754 420 3824 nea),
450 3755 546 3806 τὸν
589 3745 1007 3822 ’Δλεξανδρείας
1060 3754 1340 3808 Διονύσιον
1396 3753 1458 3817 ἐξ
1514 3752 1835 3815 ἀντιπνοίας

247 3846 352 3916 τῆς
388 3845 526 3916 πρὸς
559 3845 651 3898 τὸν
711 3843 1003 3897 Σαϐέλλιον
1040 3843 1243 3915 μικροῦ
1278 3842 1356 3915 τῷ
1423 3842 1621 3914 Ἀρείῳ
1675 3845 1836 3914 χεῖρα

250 3937 629 4007 προτείνοντα·
685 3934 779 3989 τὸν
844 3937 903 3988 ὲν
968 3935 1331 4005 ίερομάρτυσι
1387 3934 1679 4004 λάμποντα
1724 3933 1837 3986 τῶν

250 4029 519 4099 Πατέρων
547 4027 639 4080 τὸν
679 4029 853 4096 μέγαν
886 4026 1167 4088 Μεθόδιον,
1191 4025 1250 4087 ὃς
1278 4025 1530 4093 ἀγγέλων
1555 4024 1657 4096 τὴν
1686 4024 1834 4091 ἀσώ-

252 4136 429 4190 ματον
460 4120 557 4171 καὶ
624 4117 814 4187 ἀπαθῆ
845 4117 1011 4187 φύσιν
1052 4118 1188 4185 πρδς
1242 4116 1423 4185 ἔρωτα
1458 4115 1705 4186 βρότειον
1736 4116 1853 4185 καὶ.⁷

249 4208 474 4280 ὁμιλίαν
530 4209 802 4277 σωμάτων
854 4210 1191 4261 καταπεσεῖν
1216 4206 1318 4260 οὐκ
1370 4205 1586 4259 ἐλαύνει
1650 4205 1832 4275 δόξης.

264 4304 482 4358 Ἐάσειν
515 4319 605 4371 μοι
626 4302 770 4355 δοκῶ
805 4302 1113 4354 Πάνταινον
1142 4302 1239 4353 καὶ
1264 4300 1582 4369 Κλήμεντά,
1616 4299 1837 4367 Πιέριόν

237 4402 309 4446 ’τε
338 4392 431 4445 καὶ
470 4392 757 4461 Πάμφιλον
786 4390 883 4442 καὶ
907 4389 1279 4457 Θεόγνωστον,
1314 4390 1517 4460 ἄνδρας
1556 4405 1617 4442 τε
1652 4387 1837 4455 ἱεροὺς

250 4488 349 4538 καὶ
392 4484 503 4537 τῶν
568 4485 731 4553 ιερῶν
789 4482 1150 4546 διδασκάλους
1182 4482 1549 4552 μαθημάτων,
1609 4475 1686 4536 ὦν
1733 4479 1834 4542 τὰς

251 4578 433 4644 θέσεις
463 4579 525 4632 οὑ
559 4578 738 4639 πάσας
774 4577 995 4640 πάντως
1046 4575 1354 4647 δεχόμενοι,
1395 4573 1564 4627 καλοῦ
1602 4589 1676 4640 γε
1710 4570 1828 4641 βίου

152 4664 155 4669 ’
251 4673 352 4727 καὶ
376 4673 475 4742 τῆς
505 4671 675 4741 ἄλλης
713 4670 1023 4741 ίερολογίας
1063 4669 1233 4738 γέρας
1291 4666 1476 4729 αὐτοῖς
1519 4665 1831 4733 ἀπονέμον-

1933 2196 1988 2242 et
2031 2186 2177 2241 clara
2214 2186 2343 2240 dicit
2374 2200 2509 2241 voce
2538 2203 2552 2239 :
2580 2185 2781 2240 Factus
2832 2202 2950 2239 sunt
2991 2183 3203 2239 Judwis
3268 2194 3525 2255 tauquam

1931 2278 2177 2342 Iudaeus,
2219 2288 2277 2331 ut
2297 2276 2514 2333 Iudaeos
2552 2278 2812 2342 lucrarer;
2844 2277 2912 2330 iis
2941 2276 3032 2344 qui
3090 2274 3187 2339 sub
3223 2274 3338 2345 lege
3368 2283 3522 2337 sunt,

1934 2372 2091 2440 quasi
2115 2366 2210 2421 sub
2236 2368 2345 2437 lege
2375 2384 2558 2427 essent.
2590 2379 2648 2421 ut
2681 2384 2769 2421 eos
2792 2368 2883 2437 qui
2916 2366 3009 2420 sub
3037 2365 3147 2435 lege
3168 2374 3320 2419 erant
3352 2364 3526 2417 lucri-

1934 2462 2202 2531 facerem;
2230 2462 2297 2515 iis
2329 2462 2419 2531 qui
2446 2463 2557 2515 sine
2575 2462 2684 2531 lege
2720 2470 2893 2523 erant,
2950 2468 3205 2528 tauquam
3252 2458 3366 2510 sine
3417 2457 3527 2524 lege

1933 2572 2097 2609 essem
2141 2555 2281 2625 (cum
2300 2557 2413 2607 sine
2463 2555 2573 2626 lege
2627 2551 2724 2614 Dei
2760 2568 2861 2605 non
2890 2566 3078 2614 essem,
3102 2549 3192 2604 sed
3232 2549 3415 2618 iulege
3440 2564 3528 2602 ea-

1940 2664 2052 2702 sem
2079 2645 2332 2713 ϐίη-ἰαί),
2362 2654 2420 2699 ιιι
2454 2645 2821 2714 lucrifacerem
2848 2659 2934 2696 eos
2963 2641 3055 2711 qui
3076 2641 3191 2695 sine
3216 2640 3327 2710 lege
3346 2646 3524 2693 erant.

1933 2737 2075 2792 Num
2093 2752 2222 2807 ergo
2255 2746 2309 2792 tu
2345 2731 2628 2806 propterea
2659 2733 3010 2789 Judaismum
3068 2730 3405 2787 instaurabis
3432 2738 3527 2783 aut

1936 2830 2141 2886 divinis
2192 2829 2563 2897 humanisque
2615 2827 2826 2898 legibus
2869 2824 3151 2895 abrogatis
3177 2822 3341 2877 vitam
3374 2819 3526 2875 omni

1941 2924 2178 2979 solutam
2213 2923 2331 2993 lege
2359 2925 2414 2976 in
2469 2921 2754 2976 hominum
2784 2918 3116 2975 commercio
3148 2914 3395 2975 induces.
3444 2918 3527 2966 ar-

1935 3029 2045 3087 que
2079 3013 2452 3085 impudenter,
2482 3011 2593 3066 imo
2624 3012 2806 3081 potius
2844 3008 3011 3078 impie
3067 3003 3355 3068 clamabis,
3409 3002 3527 3056 haec

1937 3122 2062 3166 esse
2099 3114 2366 3177 praecepta
2397 3120 2427 3159 a
2458 3103 2629 3158 Paulo
2662 3100 2996 3173 prtedicata?

2009 3199 2100 3254 75.
2132 3199 2279 3267 Quot
2305 3212 2435 3253 vero
2458 3204 2511 3251 et
2533 3196 2623 3251 alii
2654 3196 2795 3251 beati
2828 3204 2882 3249 et
2933 3190 3107 3248 sancti
3132 3188 3324 3244 Patres
3347 3182 3524 3242 nostri

1936 3301 2173 3355 exstant,
2218 3290 2273 3344 in
2308 3289 2510 3359 quibus
2551 3286 2678 3341 talia
2729 3283 3009 3354 reperias?
3061 3281 3278 3352 Inspice
3324 3280 3528 3335 Roma-

1938 3398 2069 3439 num
2102 3380 2415 3453 pontiﬁcem
2451 3378 2787 3434 Clementem
2832 3385 2887 3429 et
2926 3389 3050 3444 quia
3096 3372 3224 3426 inde
3257 3370 3527 3425 denomi-

1940 3483 2142 3529 nantur
2168 3470 2501 3526 Clementina
2533 3470 2626 3539 (ne
2657 3468 2834 3522 dicam
2865 3481 2988 3521 cum
3022 3464 3295 3519 veteribus
3317 3460 3524 3530 scripta

1936 3568 2029 3622 illa
2050 3566 2220 3619 fuisse
2237 3564 2393 3633 jussu
2414 3562 2560 3617 Petri
2585 3559 2957 3632 apostolorum
2986 3553 3298 3625 principis),
3322 3551 3525 3622 Diony-

1938 3660 2079 3715 sium
2128 3654 2587 3717 Alexandrinum,
2649 3651 2741 3721 qui
2798 3649 2927 3704 dum
2986 3656 3176 3701 contra
3226 3644 3525 3698 Sabellium

1937 3750 2143 3805 fervide
2170 3748 2437 3817 disputat,
2470 3744 2601 3799 Ario
2652 3739 3051 3813 propemodum
3099 3735 3374 3808 protendit
3405 3748 3527 3787 ma-

1937 3857 2093 3903 num,
2123 3852 2379 3909 magnum
2404 3848 2567 3905 atque
2604 3831 2748 3888 inter
2780 3834 2967 3886 beatos
3012 3838 3280 3897 martyres
3306 3825 3526 3896 fulgen-

1938 3939 2045 3985 tem
2086 3928 2418 3984 Metltodium
2457 3926 2835 3990 Patarensem,
2868 3923 2957 3993 qui
2991 3920 3306 3991 angelorum
3328 3930 3527 3984 corpo-

1941 4026 2016 4079 ris
2046 4022 2475 4093 passionumque
2527 4028 2803 4088 expertem
2851 4024 3101 4070 tiaturam
3146 4012 3202 4065 in
3248 4019 3527 4069 terrenum

1938 4129 2179 4169 amorem
2208 4120 2264 4167 et
2304 4125 2597 4180 corporum
2639 4110 2949 4178 amplexum
3002 4106 3179 4160 ruisse
3218 4117 3327 4157 non
3348 4100 3529 4155 incre-

1938 4208 2104 4263 dibile
2129 4206 2363 4263 censuit.
2407 4206 2670 4259 Omittam
2734 4204 3054 4268 Panta:n_um
3084 4183 3139 4252 et
3166 4198 3526 4257 Clementem,

1938 4302 2180 4356 Pierium
2246 4314 2504 4369 quoque,
2571 4295 2917 4364 Pamphilum
2975 4302 3029 4347 et
3089 4290 3526 4359 Tlieognostum,

1939 4396 2091 4449 viros
2121 4402 2343 4448 sanctos
2367 4399 2795 4458 sanctarumque
2820 4385 3224 4441 institutionum
3250 4382 3526 4443 doctores,

1937 4501 2099 4557 quos,
2125 4487 2250 4538 licet
2280 4482 2685 4553 propositiones
2711 4493 2927 4544 eorum,
2970 4491 3079 4530 non
3124 4484 3353 4529 cunctas
3401 4486 3531 4523 om-

1937 4580 2070 4632 nino
2107 4577 2481 4640 admittentes,
2520 4573 2797 4643 praeclara:
2831 4581 3008 4623 tamen
3031 4570 3154 4622 vitae
3177 4575 3530 4621 exterarum-

1936 4686 2045 4741 que
2074 4669 2448 4741 doctrinarum
2485 4666 2705 4734 praemia
2748 4664 2881 4733 ipsis
2916 4666 3275 4729 rependentes
3320 4654 3527 4725 ingenti

251 4784 368 4829 τες,
399 4764 492 4846 ,διὰ
529 4762 727 4831 πολλῆς
757 4764 925 4832 τιμῆς
953 4762 1050 4814 καὶ
1106 4756 1383 4828 ἀποδοχῆς
1420 4758 1627 4825 ἄγομεν
1650 4771 1666 4786 ·
1731 4754 1831 4822 μά-

1941 4763 2149 4817 Iionore
2184 4770 2349 4829 atque
2370 4757 2841 4812 commendatione
2876 4755 3280 4823 prosequimur,
3333 4749 3526 4816 praeri-

252 4858 415 4910 λιστά
445 4872 510 4926 γε
540 4854 829 4925 Πάμφιλον
861 4852 950 4905 καὶ
984 4851 1227 4921 Πιέριον,
1262 4848 1361 4903 ἅτε
1388 4848 1455 4919 δὴ
1498 4846 1594 4899 καὶ
1623 4862 1832 4916 μαρτυ-

258 4953 434 5022 ρικοίς
490 4948 676 5010 ἄθλοις
726 4944 1226 5016 ὲνδιαπρέψαντας·
1291 4940 1413 5012 μεθ’
1444 4933 1522 4993 ὧν
1578 4938 1836 5000 καὶτοὺς

252 5044 361 5100 ἀπὸ
394 5039 611 5101 Δύσεως
641 5039 1085 5108 παρατρέχομεν’
1117 5032 1407 5104 Είρηναῑόν
1441 5048 1501 5083 τε
1532 5030 1627 5083 τὸν
1650 5030 1837 5099 ἀρχιε-

260 5134 356 5206 ρέα
388 5130 526 5185 Θεοῦ
560 5132 655 5185 καὶ
684 5131 787 5198 τὴν
819 5127 927 5181 τῶν
958 5125 1312 5194 Λουγδούνων
1346 5122 1646 5193 δεξάμενον
1666 5137 1681 5150 ο
1738 5120 1837 5173 καὶ

263 5224 586 5280 Ἱππόλυτον
616 5221 708 5274 τὸν
743 5218 911 5273 αὑτοῦ
952 5217 1202 5289 μαθητὴν
1258 5216 1353 5269 καὶ
1409 5217 1465 5267 ὲν
1515 5212 1833 5285 ἀρχιερεῦσι

257 5318 538 5390 μάρτυρω
572 5314 776 5385 ἄνδρας
814 5310 1158 5381 θαυμασίους
1189 5309 1297 5381 μὲν·
1334 5311 1391 5361 ἐν
1438 5306 1679 5370 πολλοῖς,
1720 5304 1832 5357 ἐσθ’

249 5413 342 5466 ὅτι
401 5410 458 5463 δὲ
508 5408 608 5478 τῆς
667 5405 956 5476 ἀκριϐείας
1010 5404 1204 5471 λόγους
1238 5402 1421 5455 αὐτῶν
1481 5399 1668 5463 ἐνίους
1733 5399 1836 5452 οὐκ

244 5502 687 5561 ἀναστέλλοντας
722 5495 1158 5565 κατασύρεσθαι.

326 5598 436 5658 ος’.
468 5586 601 5662 *Δρ*
631 5585 725 5643 οὖν
756 5589 900 5642 κατά
926 5587 1133 5641 τούτων
1160 5585 1417 5639 ἁπάντων
1451 5583 1513 5636 τὸ
1567 5582 1661 5639 σὸν
1702 5598 1837 5652 προ-

265 5686 515 5754 κομίσεις
577 5682 922 5751 διλήμματον
995 5681 1092 5731 καὶ
1149 5677 1249 5739 τὰς
1311 5677 1484 5747 ὀφρῦς
1535 5674 1836 5728 ἀνατείνων

257 5781 426 5850 ἐρεῖς·
462 5778 533 5831 Ἦ
557 5776 640 5829 δεῖ
671 5777 798 5837 τοὺς
830 5773 1033 5845 ἄνδρας
1076 5771 1327 5844 τιμῶντα
1380 5771 1474 5825 καὶ
1526 5768 1563 5824 ἀ
1620 5769 1834 5832 τούτοις

323 5938 402 6010 (1)
436 5937 596 5992 Laur.
624 5935 987 6005 Κλημεντεῖα.

1944 4869 2049 4925 pne
2080 4850 2431 4921 Pamphilum
2464 4858 2518 4903 et
2553 4847 2817 4912 Pierium,
2883 4860 3072 4917 ntpote
3103 4844 3349 4915 martyrii
3384 4859 3529 4914 quo-

1944 4962 2051 5017 que
2097 4945 2492 5001 certaminibus
2526 4942 2785 5014 inclytus.
2824 4942 2964 4998 Cum
3008 4940 3210 5011 quibus
3260 4949 3312 4993 ct
3339 4937 3530 4993 Patres

1943 5038 2306 5095 occidentales
2352 5036 2716 5108 praeterimus.
2750 5036 3009 5091 lrenmum
3056 5035 3148 5089 Dei
3186 5032 3527 5088 sacerdotem

1943 5143 1999 5188 et
2039 5130 2486 5203 Lugdunensium
2511 5131 3157 5201 episcopatum-nactum,
3191 5137 3247 5181 et
3276 5125 3531 5195 Hippoty-

1944 5237 2057 5280 tum
2087 5225 2259 5295 ipsius
2288 5220 2616 5293 discipulum
2657 5224 2865 5288 etIinter
2890 5221 3175 5291 pontiﬁces
3206 5230 3525 5288 martyrem,

1943 5319 2092 5372 viros
2133 5316 2413 5372 mirandus
2454 5316 2675 5387 quidem
2706 5317 2759 5369 in
2779 5316 3051 5381 plurimis,
3113 5314 3389 5366 interdum
3443 5318 3529 5364 ta-

1945 5426 2069 5464 men
2098 5416 2166 5463 ab
2193 5412 2548 5465 exactissima
2585 5410 2829 5463 veritatis
2886 5421 3075 5461 norma
3102 5404 3329 5463 7alicubi
3360 5401 3528 5458 delle-

1944 5514 2174 5559 ctentcs.

2018 5596 2105 5650 76.
2145 5599 2222 5649 An
2249 5595 2412 5665 igitur
2443 5604 2497 5651 et
2527 5604 2719 5650 contra
2758 5596 2858 5648 nos
2882 5608 3076 5648 omnes
3114 5601 3263 5646 tuum
3298 5591 3526 5660 objicies

1940 5688 2198 5743 dilemma
2243 5690 2499 5759 elatoque
2536 5686 2833 5758 supercilio
2883 5687 3076 5741 dices:
3116 5704 3134 5736 ι
3170 5687 3276 5739 Aut
3314 5692 3528 5753 oportet

1941 5782 2041 5837 hos
2078 5782 2226 5837 viros
2265 5782 2475 5838 honore
2508 5779 2765 5853 prosequi
2812 5788 2866 5836 et
2894 5793 3013 5849 quae
3042 5775 3267 5832 luerunt
3294 5776 3361 5831 ab
3386 5775 3523 5847 ipsis
