4150 6450
651 418 750 482 831

1682 431 1902 496 JOAN.
1943 437 2166 499 VECCf
2199 439 2306 502 CP.
2355 443 2867 509 PATRIARCHIE

3812 447 3925 511 33?

650 525 803 588 illum
841 520 976 589 sane
1008 535 1219 594 hostem
1271 537 1602 597 Sanctorum
1656 558 2012 603 censeremus
2044 560 2096 603 et
2132 549 2205 604 ini

2341 552 2537 623 ἐχθρὸν
2565 555 2622 608 δὲ
2658 556 2759 626 τῆς
2790 557 3052 629 ἀληθείας
3080 559 3176 614 καὶ
3203 559 3459 629 λυμεῶνα
3487 561 3585 629 τῆς
3603 558 3908 624 εὐσεϐείας,

650 625 858 678 inicum
910 628 1159 684 veritatis
1191 639 1247 704 et
1303 634 1523 702 pietatis
1556 636 1982 704 destructorem,
2027 645 2232 712 panis-

647 729 758 782 qne
787 717 1309 790 condemnaremus,
1364 741 1505 795 quas
1550 729 1667 798 ipse
1715 731 1820 787 sibi
1893 744 2045 790 reatu
2081 736 2232 804 ejus-

648 807 796 861 modi
825 811 1144 868 accersivit.

719 894 810 954 78.
866 897 1072 970 Objicis
1098 903 1472 966 Occidentales
1497 911 1702 980 Patres,
1740 916 1850 971 imo
1875 917 2039 973 altam
2070 921 2227 976 istam

647 989 937 1068 caliginem
988 997 1244 1054 universo
1274 1003 1394 1057 orbi
1439 1002 1722 1061 effundere
1761 1010 2087 1066 contendis?
2115 1011 2228 1078 Ego

644 1095 774 1137 vero
803 1085 1022 1153 pietatis
1053 1090 1228 1147 lucem
1263 1097 1486 1150 occasui
1522 1113 1628 1152 non
1670 1099 1967 1155 obnoxiam
1989 1111 2045 1156 et
2065 1103 2230 1172 spiri-

554 1176 556 1180 '
651 1172 819 1228 talem
847 1177 918 1230 ab
951 1179 1071 1248 ipso
1117 1181 1223 1250 tibi
1262 1186 1557 1242 accendant
1599 1187 1920 1256 Occidente,
1972 1192 2039 1248 ad
2070 1195 2229 1262 cujus

644 1263 988 1329 splendorem
1022 1286 1130 1326 non
1166 1273 1367 1341 pulerit
1416 1284 1508 1332 tua
1538 1279 1717 1349 caligo
1740 1296 1848 1335 non
1877 1295 2228 1343 evanesCere.

644 1349 794 1409 Dixit
829 1359 1138 1417 Ambrosius
1169 1365 1432 1434 Spiritum
1460 1386 1492 1422 α
1519 1368 1666 1424 Filio
1702 1375 2006 1442 procedere.
2036 1375 2110 1431 De
2135 1386 2230 1434 tuo

645 1462 740 1499 ore
774 1450 952 1519 caligo
977 1454 1093 1508 haec
1118 1457 1390 1525 procedit.
1434 1458 1542 1516 Sed
1574 1463 1878 1520 reluctatur
1906 1467 2090 1524 radios
2143 1485 2228 1524 re»

643 1549 746 1592 ctze
777 1540 898 1594 iidei
933 1545 1188 1602 emittens
1220 1557 1302 1603 ter
1321 1548 1514 1608 beatus
1539 1553 1831 1623 Damasus,
1863 1568 1918 1613 et
1939 1559 2226 1615 confestim

644 1639 738 1684 tua
771 1637 1052 1688 evanescit
1077 1639 1410 1697 obscuritas.
1444 1630 1659 1702 Etenim
1689 1648 1778 1702 hic
1814 1652 2110 1704 secundam
2137 1667 2228 1722 sy-

641 1721 868 1788 nodum,
919 1725 1375 1797 cujus'dogmata
1427 1738 1658 1792 extremi
1692 1739 1906 1794 telluris
1955 1721 2227 1799 universa:

643 1813 858 1866 termini
899 1829 1252 1884 venerantur,
1296 1825 1633 1884 confirmans
1670 1830 1942 1900 luculente
2008 1835 2226 1903 profite-

2303 643 2308 657 τ
2334 642 2432 694 καὶ
2455 643 2634 708 δίκαις
2666 647 3135 719 καταδικάζομεν,
3165 647 3231 713 ἀς
3257 649 3420 712 αὐτὸς
3452 647 3635 718 ἐαυτῷ
3668 649 3908 716 γεγονὼς

2331 730 2514 803 ἔνοχος
2557 737 2827 807 παρέσχε.

2401 901 2503 965 οη’.
2541 897 2908 970 Προκομίζεις
2950 903 3017 956 σὺ
3063 904 3192 968 σοὺς
3247 907 3313 960 ἐκ
3357 905 3576 971 Δύσεως
3626 909 3905 977 Πατέρας,

2333 985 2534 1057 μᾶλλον
2560 988 2617 1043 δὶ
2645 983 2737 1044 τδν
2767 993 2939 1062 βαθὺν
2967 995 3157 1049 τοῦτον
3183 997 3346 1067 ζόφον
3375 999 3554 1068 πάσης
3583 998 3909 1069 φιλονεικείς

2331 1080 2599 1150 καταχέαι
2631 1083 2734 1160 τῆς
2763 1087 3112 1156 οἰκουμένης.
3142 1088 3288 1157 Ἐγὼ
3317 1089 3372 1143 δέ
3406 1108 3488 1144 σοι
3520 1093 3640 1160 φῶς
3669 1094 3907 1146 ἀνέσπε-

2331 1184 2427 1238 ρον
2450 1169 2547 1240 τῆς
2577 1156 2866 1235 εύσεὸείας
2893 1180 2987 1228 καὶ
3009 1180 3195 1248 νοερὸν
3219 1156 3339 1231 ἀπ”
3369 1156 3544 1250 αὐτῆς
3571 1181 3765 1251 ἀνάψω
3811 1183 3908 1253 τῆς

2329 1260 2568 1328 Δύσεως,
2592 1257 2654 1318 οὔ
2677 1263 2777 1334 τὴν
2804 1265 3127 1337 λαμπηδόνα
3157 1271 3216 1322 τὸ
3248 1271 3342 1324 σὺν
3389 1272 3490 1344 οὐχ
3540 1273 3908 1344 ὑποσπήσεται

2332 1349 2433 1420 μὲν
2490 1353 2854 1423 ἀφανισθῆναι
2925 1359 3137 1421 σκότος.
3197 1356 3390 1414 Εἶπεν
3446 1361 3800 1431 ’ᾼμσρόσιος
3840 1366 3902 1419 τὸ

2331 1441 2572 1510 Πνεῦμα
2605 1443 2714 1515 τοῦ
2772 1443 2912 1500 Υίοῦ
2967 1448 3427 1517 ἐκπορεύεσθαι.
3483 1452 3618 1504 Ἀπὸ
3663 1455 3761 1522 τῆς
3807 1454 3909 1524 σῆς

2313 1527 2474 1602 αὕτη
2519 1533 2770 1607 γλώττης
2828 1539 3164 1609 προέρχεται
3197 1543 3231 1611 η
3285 1542 3507 1612 ὀμίχλη.
3561 1543 3707 1595 Ἀλλ’
3761 1547 3909 1598 ἀντι-

2328 1621 2631 1692 φθέγγεται
2667 1628 2768 1698 τὴν
2806 1629 3118 1700 όρθοδοξίαν
3155 1634 3484 1702 ἀστράπτων
3524 1637 3552 1688 ό
3597 1637 3906 1705 τρισόλϐιος

2327 1715 2587 1786 Δάμασος
2616 1734 2632 1751 ·
2658 1719 2754 1772 καὶ
2795 1721 2995 1775 θᾶττον
3039 1726 3065 1775 ὁ
3101 1724 3194 1788 σὸς
3252 1726 3635 1794 ὲξαφανίζεται
3685 1728 3906 1796 γνόφου.

2327 1811 2435 1865 Καὶ
2463 1813 2574 1885 γὰρ
2611 1808 2766 1880 οὗτος
2790 1815 2893 1889 τὴν
2921 1819 3185 1890 δευτέραν
3219 1821 3458 1888 σύνοδον,
3484 1818 3549 1892 ἧς
3584 1823 3652 1877 τὰ
3685 1827 3901 1894 πέρατα

641 1909 732 1954 tur
777 1918 842 1956 ex
889 1903 1051 1960 Patre
1073 1913 1373 1977 procedere
1413 1915 1704 1987 Spiritum.
1729 1921 2210 1981 Dixit‘Ambrosim

2326 1903 2425 1972 τῆς
2458 1906 2793 1974 οἰκουμένης
2840 1909 2908 1962 τά
2963 1910 3212 1980 δόγματα
3261 1915 3570 1984 στέργουσι,
3603 1917 3906 1986 ἐπαυρῶν,

638 1992 715 2046 δαί
749 1995 1101 2065 Augustinus.
1129 2002 1246 2057 Alia
1270 2008 1463 2063 rursus
1492 2011 1687 2082 caligo,
1721 2030 1884 2083 quam
1912 2017 2097 2088 lingua
2129 2029 2223 2076 tua

638 2085 941 2153 profundit.
979 2087 1084 2146 Sed
1112 2092 1446 2155 Caelestinus
1477 2116 1583 2155 non
1623 2105 1783 2171 dixit,
1845 2124 1950 2163 non
1987 2085 2219 2177 audivit,

637 2191 744 2231 non
787 2179 1028 2244 admisit,
1059 2187 1151 2268 sed
1179 2188 1297 2244 luce
1328 2201 1487 2248 I‘Ef‘liB
1530 2193 1654 2251 ﬁdei
1685 2196 1901 2270 fulgens
1927 2203 2222 2261 verborum

638 2274 856 2324 tuorum
879 2272 1110 2344 dissipat
1141 2277 1400 2337 nebulas.

712 2541 797 2600 79.
841 2545 946 2602 Sed
989 2550 1119 2621 quid
1145 2566 1282 2624 opus
1327 2565 1412 2612 est
1469 2558 1523 2614 in
1571 2559 1694 2618 aliis
1741 2557 2064 2625 immorari?
2109 2569 2221 2628 Leo

636 2651 911 2706 magnus,
983 2642 1075 2711 qui
1140 2656 1388 2702 sacratas
1453 2647 1640 2707 Rome
1692 2669 1857 2710 curas
1908 2660 2220 2718 sanctiores

634 2729 819 2785 adhuc
849 2731 1273 2802 demonstravit,
1311 2749 1522 2809 quartae
1555 2743 1814 2800 columna
1841 2750 2055 2819 synodi,
2103 2762 2218 2808 tum

633 2836 731 2890 per
760 2837 891 2879 suas
923 2840 952 2878 a
993 2824 1101 2881 Deo
1129 2827 1424 2899 inspiratas
1451 2834 1905 2911 dogmaticasque
1930 2844 2217 2914 epistolas,

633 2923 746 2967 tum
782 2930 878 2984 per
918 2917 1154 2986 legatos,
1197 2923 1291 2992 qui
1325 2926 1448 2996 ejus
1492 2927 1674 2984 locum
1721 2917 2062 3001 obtinebant,
2101 2949 2217 2994 tum

633 3019 733 3074 per
758 3021 1090 3064 consensum
1121 3026 1306 3080 suum,
1339 3031 1451 3085 quo
1486 3034 1747 3091 magnum
1780 3023 1932 3080 illum
1966 3035 2020 3082 et
2043 3042 2074 3082 a
2105 3027 2219 3085 Deo

632 3096 924 3153 collectum
959 3109 1161 3157 emtum
1212 3103 1553 3175 iiiustrabat,
1584 3113 1834 3168 eamdem
1877 3118 2218 3175 orthodoxiae

2321 1993 2596 2066 λαμπρῶς
2619 1997 2695 2061 ὼς
2715 2000 2780 2053 ἐκ
2803 2000 2898 2054 τοῦ
2927 2002 3138 2073 Πατρδς
3158 2006 3482 2075 ἀνομολογεί
3509 2008 3906 2078 ἐκπορεύεεθαι

2321 2087 2385 2138 τὸ
2433 2088 2682 2158 Πνεῦμα.
2739 2092 2928 2150 Εἶπεν
2992 2095 3344 2164 Ἀμόρόσιος
3380 2099 3418 2167 ἢ
3463 2090 3903 2173 Αὐγουστῒκος.

2328 2169 2496 2251 Ἀλλῆ
2534 2180 2699 2234 πάλιν
2729 2183 2900 2256 ἀχλὺς
2923 2185 3158 2240 toﬁ-eoi:
3198 2190 3466 2258 πόματος
3520 2169 3895 2264 προχεομένη.

2323 2270 2488 2328 Ἀλλά
2520 2273 2847 2338 Κέλεστῖνος
2884 2277 2985 2329 οὒκ
3017 2273 3193 2344 εἶπεν,
3232 2282 3331 2334 oio:
3365 2281 3621 2350 ἤκουσεν,
3663 2284 3765 2337 οὐκ
3792 2285 3910 2339 ἐδέε-

2324 2362 2473 2429 ξατο,
2502 2364 2619 2418 ἀλλ’
2666 2367 2843 2438 αὐγὴν
2872 2367 3179 2438 όρθοδοξξας
3206 2373 3492 2443 ἀστράψας
3519 2373 3630 2428 τῶν
3669 2375 3778 2428 σῶν
3803 2379 3909 2448 ρη-

2325 2457 2510 2524 μάτων
2538 2455 2639 2527 τὴν
2666 2458 2836 2528 ἀχλὺν
2867 2459 3241 2527 διασκεδάζει.
3804 2517 3811 2522 .

2391 2547 2488 2601 οθ¹.
2525 2549 2638 2602 Καὶ
2668 2552 2723 2603 τί
2763 2569 2830 2618 με
2887 2551 2970 2605 δεῖ
3018 2557 3148 2625 περὶ
3203 2556 3312 2610 τῶν
3346 2559 3523 2614 ἄλλων
3568 2561 3898 2633 σχολάζεινς

2323 2639 2476 2693 Λέων
2513 2641 2542 2694 ό
2585 2645 2779 2712 μέγας,
2811 2643 2840 2695 ὁ
2867 2650 2965 2708 τάς
3019 2645 3174 2715 ίεράς
3204 2648 3306 2718 τῆς
3341 2649 3563 2722 Ῥώμης
3608 2654 3903 2723 φροντίδας

2324 2730 2624 2806 ἰερωτέρας
2656 2736 2971 2804 ἀποδείξας,
3018 2740 3046 2792 ό
3080 2741 3181 2810 τῆς
3211 2742 3484 2814 τετάρτης
3523 2745 3716 2811 στῦλος
3780 2764 3909 2802 συν-

2319 2821 2460 2887 ὁδου,
2521 2819 2679 2890 οὗτος
2707 2827 2796 2880 διά
2829 2845 2885 2880 τε
2919 2831 3029 2883 τῶν
3057 2829 3433 2887 θεοπνεύστων
3453 2835 3621 2888 αὑτοῦ
3655 2839 3749 2891 καὶ
3778 2838 3908 2907 δογο

2322 2916 2570 2984 ματικῶν
2604 2918 2926 2979 ἐπιστολῶν.
2956 2921 3048 2976 διά
3074 2939 3133 2976 τε
3162 2923 3271 2978 τῶν
3300 2926 3768 2999 ἀναπληρούντων
3797 2934 3904 2987 αὑ-

2317 3003 2412 3059 τοῦ
2443 3005 2504 3060 τὸ
2529 3010 2847 3078 προνόμιον,
2878 3013 2975 3066 διάν
2989 3030 3046 3067 τε
3076 3013 3174 3084 τῆς
3197 3017 3539 3085 συμφωνίας,
3571 3020 3639 3073 δι’
3668 3017 3735 3093 ἦς
3757 3025 3910 3078 ἐκεῖ·

2321 3114 2418 3167 νην
2438 3099 2537 3168 τὴν
2554 3102 2803 3172 μεγάλην
2830 3107 2923 3158 καί
2944 3104 3228 3159 θεόὶεκτον
3246 3110 3519 3180 ὁμήγυριν
3538 3114 3903 3183 κατηγὶάῑζε,

633 3187 1058 3247 illustrationem
1094 3210 1200 3248 non
1238 3195 1295 3250 in
1333 3206 1507 3253 totum
1541 3207 1921 3261 tantummodo
1948 3206 2210 3265 Occiden-

2319 3190 2418 3261 τὴν
2456 3192 2632 3265 αὐτὴν
2663 3197 2762 3264 τῆς
2791 3197 3102 3266 ὀρθοδοξίας
3133 3188 3476 3275 φωτοχυσίαν
3511 3209 3593 3269 εἰς
3623 3211 3801 3262 πᾶσαν
3837 3213 3902 3265 οὗ

632 3293 767 3347 tem,
794 3299 980 3338 verum
1016 3295 1071 3340 et
1101 3286 1156 3340 in
1188 3285 1428 3345 Orientis
1465 3294 1728 3351 terminos
1760 3296 2047 3356 eﬂ'undens
2076 3317 2208 3356 san-

629 3367 938 3423 ctissimum
980 3370 1244 3440 Spiritum
1277 3392 1353 3444 ex,
1375 3377 1538 3435 Patre
1568 3384 1869 3451 procedere
1904 3387 2210 3445 clarissima

628 3475 762 3514 voce
793 3463 988 3527 docet;
1023 3481 1199 3535 neque
1232 3467 1529 3548 id(solum,
1562 3475 1653 3528 sed
1687 3486 1742 3530 et
1769 3470 1889 3545 eos,
1921 3481 2014 3551 qui
2051 3484 2213 3552 quid-

627 3567 793 3619 quam
857 3554 1003 3609 aliud
1064 3567 1264 3626 praeter
1320 3564 1515 3631 synodi
1575 3570 1902 3624 sententiam
1967 3583 2210 3629 statuere

626 3645 833 3712 ausint,
871 3648 915 3700 si
951 3651 1265 3704 sacerdotio
1297 3651 1620 3724 fungantur,
1662 3663 1974 3717 sacerdotio
2013 3674 2208 3722 exutos

624 3738 979 3804 pronuntiat,
1017 3740 1064 3792 si
1100 3756 1228 3796 vero
1262 3743 1555 3801 idiotarum
1588 3749 1762 3804 locum
1801 3761 2055 3821 teneant,
2089 3758 2207 3812 sive

579 3849 588 3858 ε
624 3829 746 3881 vitae
775 3831 1097 3886 mouastica:
1121 3847 1242 3888 sese
1279 3835 1592 3893 addixerint
1622 3841 1739 3896 sive
1770 3843 1943 3912 plebis
1972 3848 2206 3917 negotiis

621 3919 1002 3988 implicentur,
1050 3924 1385 3980 anathemati
1431 3929 1673 3998 subjicit.
1711 3931 1924 3988 Etenim
1974 3953 2099 4005 quae
2139 3954 2214 3994 ea.

619 4013 861 4082 synodus
887 4029 918 4068 a
966 4013 1077 4069 Deo
1117 4016 1382 4086 inspirata
1417 4019 1679 4089 decrevit,
1723 4024 1947 4080 divinus
1979 4028 2067 4084 hic
2094 4028 2204 4086 Leo

618 4117 719 4172 per
761 4105 1206 4172 Paschasinum,
1263 4107 1590 4168 Lucentium
1640 4125 1804 4186 atque
1854 4116 2200 4178 Bonifacium

617 4201 836 4247 sanctos
885 4195 1033 4250 viros
1084 4198 1262 4265 palam
1320 4201 1597 4273 obsignat,
1651 4218 1709 4262 ut
1756 4216 2088 4280 sexcenties
2133 4230 2200 4270 ex

617 4281 750 4348 ipsis
783 4284 890 4338 illis
920 4285 1113 4340 audire
1148 4287 1294 4354 licet,
1331 4307 1442 4346 non
1479 4309 1610 4350 vero
1643 4312 1711 4352 ex
1743 4299 1878 4369 ipsis
1908 4301 2198 4373 duntaxat,

620 4373 715 4426 sed
751 4381 803 4425 et
829 4389 897 4428 ex
931 4391 996 4429 eo
1030 4378 1124 4446 qui
1173 4379 1296 4434 illus
1328 4383 1576 4440 miserat.
1620 4387 1869 4459 Namque
1909 4395 2202 4465 synodales

614 4461 874 4530 epistolas
905 4466 1131 4523 mittens
1166 4484 1392 4525 suorum
1439 4474 1615 4529 locum
1660 4461 1959 4535 tenentium
1994 4493 2049 4538 et
2084 4501 2201 4539 ser-

2315 3282 2413 3352 τὴν
2438 3284 2605 3339 Λύσιν
2628 3288 2810 3357 μόνον,
2846 3291 2984 3346 ἀλλά
3013 3298 3109 3348 καὶ
3145 3296 3218 3350 τά
3240 3298 3340 3366 τῆς
3386 3298 3682 3368 ’Δνατολῆς
3713 3302 3904 3356 ἀπαιν-

2314 3374 2498 3440 γάζων
2529 3377 2680 3447 ὅρια,
2711 3380 2772 3433 τὸ
2800 3384 3068 3454 πανάγιον
3083 3387 3320 3458 Πνεῦμα
3335 3390 3676 3460 διαπρυσίως
3706 3395 3772 3447 ἐκ
3799 3394 3899 3450 τοῦ

2316 3465 2532 3536 Πατρός
2563 3472 2964 3540 ἐκπορεύεσθαι
2990 3477 3340 3534 ἀναδιδάσκει
3364 3495 3380 3512 ⁸
3413 3483 3504 3538 καὶ
3527 3483 3588 3535 οὐ
3612 3473 3774 3538 τοῦτο
3797 3486 3900 3556 μό-

2311 3575 2428 3621 νον,
2453 3561 2588 3616 ἀλλά
2624 3568 2719 3618 καὶ
2748 3570 2876 3631 τοὺς
2905 3569 3094 3641 ἕτερόν
3121 3588 3174 3625 τι
3229 3555 3385 3645 παρά
3418 3576 3478 3628 τὸ
3519 3577 3621 3646 τῆς
3667 3555 3892 3634 συνόδου

2312 3651 2569 3721 φρόνημα
2603 3653 2958 3725 δογματίζειν
3004 3660 3521 3732 ἀντανισταμένους.
3575 3666 3735 3728 ὅσους
3789 3668 3892 3733 μὲν

2313 3743 2618 3815 ἱερωσύνης
2683 3747 2893 3816 βαθμδς
2941 3749 3077 3821 ἔχει,
3142 3753 3242 3823 τῆς
3294 3754 3596 3827 ἱερωσύνης
3645 3759 3896 3827 γυμνοὺς

2309 3835 2630 3905 ἀποφαίνει,
2669 3841 2784 3894 ὅσοι
2836 3842 3016 3915 δὲτὴν
3070 3843 3297 3898 ἰδιωτῶν
3333 3845 3518 3916 χώραν
3568 3847 3892 3917 πληροῦσιν,

2277 3929 2419 3981 εείτε
2464 3929 2580 4000 βίον
2617 3932 2933 4003 ὐπέδραμον
2955 3936 3048 3987 τὸν
3083 3936 3312 4005 μονάδα,
3351 3937 3465 3990 εἴτε
3491 3937 3740 4010 πολιτείᾳ
3769 3956 3896 3992 συν-

2309 4019 2596 4084 ετάζονται
2655 4022 2851 4094 δήμου,
2889 4025 2967 4096 τῷ
3022 4027 3330 4097 άναθέματι
3363 4030 3750 4100 παραπέμπει.
3783 4031 3892 4084 Καὶ

2307 4113 2415 4182 γὰρ
2443 4106 2590 4184 ἅπερ
2615 4115 2648 4184 ἡ
2685 4113 3046 4181 θεόπνευστος
3075 4119 3289 4182 σύνοδος
3315 4121 3686 4190 όρίζει,Λέων
3730 4125 3758 4176 ό
3798 4124 3897 4176 θεν

2263 4221 2265 4224 ‘
2308 4201 2531 4265 σπόσιος
2554 4203 2643 4257 διά
2675 4204 3030 4275 Πασχασίνου
3063 4208 3159 4261 καὶ
3201 4210 3508 4278 Λουκησίου
3546 4213 3638 4264 καὶ
3659 4213 3889 4282 Βονιφα-

2303 4290 2421 4345 τίου
2449 4293 2559 4346 τῶν
2590 4294 2751 4364 ἰερῶν
2781 4296 2994 4367 ἀνδρῶν
3033 4298 3338 4368 ἀναφανδὸν
3363 4302 3780 4371 ἐπισφραγίζει,
3812 4302 3887 4366 ὼς

2308 4383 2572 4451 μυριάκις
2591 4384 2738 4438 ἐστιν
2764 4386 2947 4440 αὐτῶν
2990 4387 3218 4442 ἐκείνων
3266 4389 3510 4454 ἀκούειν,
3563 4391 3662 4445 οὐκ
3704 4393 3884 4446 αὐτῶν

2303 4473 2362 4526 δὲ
2393 4475 2575 4543 μόνον,
2614 4476 2750 4529 ἀλλά
2797 4478 2891 4530 καὶ
2921 4479 3015 4530 τοῦ
3063 4480 3474 4545 ἀπεσταλκότος
3500 4483 3698 4547 αὐτούς
3725 4500 3739 4514 ·
3781 4489 3880 4538 καὶ

614 4570 806 4612 mones
832 4566 886 4611 et
930 4561 1257 4615 sententiam
1299 4572 1353 4618 ct
1387 4574 1512 4619 vota
1561 4583 1670 4622 nan
1703 4585 1918 4637 eorum,
1949 4575 2042 4629 sed
2079 4578 2198 4630 sui-

2310 4565 2413 4635 γάρ
2443 4567 2731 4632 συνοδικάς
2769 4570 3062 4633 ἐπιστολὰς
3108 4572 3444 4627 ἐπιστέλλων
3491 4574 3600 4626 τῶν
3652 4591 3886 4646 τοποτη-

612 4646 899 4716 metipsius
954 4664 1076 4705 esse
1150 4663 1490 4709 contestatur
1548 4665 1601 4711 et
1650 4661 1953 4718 conﬁrmat.
2013 4663 2198 4731 Quan-

609 4752 815 4805 quam,
871 4740 1086 4795 etiamsi
1143 4744 1280 4796 nihil
1337 4744 1606 4810 ejusmodi
1668 4752 1926 4817 adesset,
1995 4755 2193 4810 sufﬁcit

611 4838 814 4894 tamen,
853 4832 996 4900 quod
1029 4848 1125 4901 pro
1147 4850 1203 4887 se
1237 4835 1360 4891 illos
1393 4839 1606 4894 miserit
1637 4841 1690 4895 in
1727 4845 1940 4913 synodo
1971 4861 2197 4903 conses-

608 4936 791 4988 suros,
813 4925 1072 4992 quodque
1103 4927 1169 4980 ad
1197 4928 1356 4984 finem
1386 4936 1640 5000 perducta
1665 4937 1954 5007 synodqse
1973 4941 2196 4996 sancitis

608 5013 960 5080 acquiescere
992 5016 1339 5085 profiteatur.

676 5287 766 5346 80.
812 5295 1012 5348 Verum
1045 5305 1266 5364 praestat
1306 5298 1554 5368 ipsamet'
1579 5316 1732 5356 sacra
1770 5305 1961 5360 audire
1998 5308 2185 5364 verba.

604 5381 746 5436 Dicit
794 5383 941 5438 enim
1019 5387 1304 5460 (synodus)
1363 5399 1486 5458 post
1571 5394 1972 5463 expositionem
2039 5400 2186 5468 iidei,

599 5491 762 5544 quam
790 5478 964 5542 prima
992 5489 1046 5532 ct
1074 5482 1310 5536 secunda
1342 5484 1590 5548 synodus
1620 5487 1908 5544 stabiliens
1941 5477 2183 5550 tradidit:

606 5587 624 5617 ι
659 5566 941 5623 SniIiceret
987 5570 1155 5641 igitur
1197 5575 1262 5628 ad
1294 5574 1512 5643 plenam
1551 5576 1768 5644 pictatis
1813 5582 2181 5652 cognitionem

598 5669 651 5712 ct
681 5659 1155 5718 confirmationem
1208 5667 1428 5734 sapiens
1468 5677 1521 5722 et
1550 5672 1792 5726 salutare
1841 5671 1945 5727 hoc
1981 5674 2183 5728 divinae

600 5752 787 5818 gratiae
839 5756 1174 5824 symbolum.
1211 5775 1232 5810 ι
1273 5757 1577 5815 Perfectam
1616 5763 1748 5818 dicit
1791 5780 1887 5820 seu
1941 5767 2180 5836 plenam,

602 5858 707 5894 non
763 5853 946 5898 autem
1001 5847 1384 5917 deiicientem,
1437 5851 1526 5905 cui
1574 5852 1780 5923 aliquid
1839 5855 2038 5911 addch
2087 5867 2179 5912 aut

2304 4657 2486 4728 ρητῶν
2516 4658 2683 4712 αὑτοῦ
2721 4662 2968 4726 καὶτοὺς
2995 4663 3188 4732 λόγους
3254 4665 3347 4718 καὶ
3388 4666 3450 4719 τὸ
3480 4667 3741 4736 φρόνημα
3788 4671 3882 4722 καὶ

2299 4749 2396 4812 τὰς
2423 4749 2638 4820 ψήφους
2665 4753 2765 4806 οὐκ
2786 4754 3012 4807 ἐκείνων
3033 4754 3065 4826 ἢ
3090 4753 3261 4808 αὑτοῦ
3286 4773 3348 4824 γε
3380 4757 3584 4826 μᾶλλον
3614 4755 3756 4812 εἰναι
3787 4759 3880 4814 καὶ

2301 4841 2646 4912 μαρτύρεται
2707 4846 2801 4897 καὶ
2852 4845 3263 4902 διαϐεϐαιυῐται
3291 4861 3305 4878 ⁸
3344 4850 3523 4902 καίτοι
3564 4866 3628 4917 γε
3669 4853 3767 4904 καὶ
3821 4855 3870 4905 εί

2299 4933 2468 5003 μηδὲν
2502 4936 2718 5006 προσῆν
2759 4936 3025 5003 τοιοῦτον,
3077 4939 3447 5010 ἀποχρώντως
3493 4941 3609 5011 ἔχει
3657 4943 3875 5004 «eam

2294 5026 2461 5078 αὑτοῦ
2497 5027 2684 5081 δοῦναι
2717 5031 2843 5093 τοὺς
2875 5030 3337 5101 συνεδριάσαντας
3361 5035 3425 5103 τῇ
3461 5034 3666 5104 συνόδῳ
3704 5037 3798 5088 καὶ
3816 5038 3875 5089 τὸ

2295 5116 2472 5185 πέρας
2505 5119 2780 5190 λαϐούσης
2807 5121 3100 5190 ’ὁμολογεῖν
3127 5124 3391 5193 ἐμμένειν
3423 5127 3535 5188 τοῖς
3567 5126 3876 5196 ἐψηφισμέ-

2294 5222 2428 5267 νοις.

2366 5307 2441 5354 π’.
2485 5301 2649 5356 Ἀλλὰ
2681 5302 2789 5372 γάρ
2829 5303 2982 5357 οὐδέν
3013 5306 3162 5360 ἐστιν
3205 5301 3318 5361 οἷον
3362 5307 3544 5362 αὐτῶν
3575 5307 3681 5361 τῶν
3709 5309 3868 5379 ἰερῶν

2289 5393 2513 5446 ἀκούειν
2547 5396 2814 5465 ῥημάτων
2843 5411 2856 5425 ⁶
2891 5397 3040 5464 λέγει
3078 5403 3186 5466 γὰρ
3224 5401 3364 5467 μετά
3397 5401 3495 5468 τὴν
3524 5400 3742 5453 ἔκθεσιν
3770 5403 3867 5470 τῆς

2291 5485 2548 5551 πίστεως,
2582 5487 2650 5556 ἣν
2685 5488 2716 5557 ἠ
2746 5488 2940 5558 πρώτη
2976 5490 3072 5542 καὶ
3118 5491 3350 5560 δευτέρα
3413 5492 3632 5555 σύνοδος
3663 5495 3867 5564 καρτύ-

2288 5594 2454 5630 νουσα
2489 5577 2898 5648 παραδέδωκεν·
2921 5598 2940 5632 t
2976 5581 3175 5658 Ἤρκει
3208 5584 3307 5652 μὲν
3333 5579 3426 5636 οὖν
3451 5585 3533 5646 εἰς
3558 5584 3746 5654 ἐντελῆ
3769 5587 3869 5654 τῆς

2289 5667 2575 5731 εὐσεϐείας
2631 5669 2934 5736 ἐπίγνωσιν
2965 5673 3060 5724 καὶ
3107 5671 3406 5742 βεϐαίωσιν
3461 5675 3521 5725 τὸ
3577 5675 3740 5742 σοφζν
3771 5678 3866 5728 καὶ

2290 5762 2561 5830 σωτήριον
2592 5761 2752 5815 τοῦτο
2784 5765 2884 5829 τῆς
2909 5764 3059 5825 θείας
3091 5766 3316 5836 χάριτος
3349 5765 3640 5832 σύμὸολον.
3735 5765 3861 5820 Ἐνο

2284 5853 2412 5921 τεῖλῆ
2445 5870 2627 5925 φησιν,
2654 5856 2751 5909 οὐκ
2775 5857 2993 5929 ἐλλιπῆ,
3030 5857 3151 5911 οὐδὲ
3182 5857 3501 5930 προσθήκης
3539 5858 3799 5929 δεειμένην
3831 5858 3860 5926 ἦ
