4150 6530
258 511 366 580 833

1011 518 1454 585 REFUTATIO
1492 516 1869 581 PHOTIANI
1912 518 2134 579 LIBRI
2174 517 2274 579 DE
2314 516 2631 587 SPIRITU
2670 517 2712 577 S

3431 517 3539 585 83L

255 633 630 705 ἀφαιρέσεως.
680 634 792 688 Καὶ
841 633 956 701 πῶς
999 636 1229 708 kin-eiii;
1289 637 1416 699 Τοῖς
1479 634 1852 705 ἐπαγομένοις

1956 632 2178 687 demere
2210 636 2468 704 opussit,
2504 633 2572 687 Et
2599 631 2878 713 quomodo
2912 630 3257 702 perfectam?
3312 630 3385 688 lis
3418 648 3542 704 quae

253 724 518 795 πρόσεχε.
560 742 579 775 ι
618 723 756 795 Περί
785 741 846 778 τε
878 726 1010 793 γὰρ,
1045 744 1064 778 ι
1101 726 1259 794 φησὶ,
1296 743 1316 777 ι
1376 724 1476 777 τοῦ
1512 724 1726 796 Πατρός
1751 724 1846 776 καὶ

251 812 351 870 τοῦ
392 813 527 868 Υίοῦ
587 815 683 869 καὶ
734 818 830 869 τοῦ
873 817 1034 887 ἀγίου
1065 818 1391 889 Πνεῦμα-σος
1424 816 1739 871 ἐκδιδάσκει
1782 815 1845 868 τὸ

255 907 488 980 (siluas.
539 924 559 957 ι
600 901 735 960 Εἶτα
763 907 882 971 πῶς
916 908 1225 963 ἐκδιδάσκει
1255 908 1318 961 τὸ
1340 906 1577 972 τέλειον;
1612 906 1717 958 Τὸν
1746 904 1845 974 μὲν

253 996 388 1050 Υίδν
406 998 473 1050 ἐκ
489 996 588 1050 τοῦ
599 994 824 1065 ’Πατρδς
846 995 1051 1065 ἀναϐοᾷ
1072 995 1425 1066 γεννηθῆναι,
1452 995 1513 1047 τὸ
1533 994 1589 1046 δὲ
1618 992 1843 1062 Πνεῦμα

251 1090 319 1142 ἐκ
350 1087 445 1140 τοῦ
476 1088 687 1159 Πατρός
725 1087 1279 1157 ἐκπορεύεσθαι,Καὶ
1306 1088 1423 1158 μετ’
1443 1086 1636 1154 ὀλίγα·
1674 1104 1693 1136 ‹
1732 1085 1842 1138 Καὶ

248 1178 341 1233 διὰ
376 1180 475 1249 μὲν
506 1181 635 1243 τοὺς
659 1178 735 1250 τῷ
774 1178 1056 1247 Πνεύματι
1080 1180 1157 1250 τῷ
1190 1180 1334 1250 ἁγίῳ
1371 1180 1722 1251 μαχομένους
1742 1181 1843 1248 τὴν

244 1269 471 1339 χρόνοις
516 1269 741 1339 ὕστερον
780 1272 931 1339 παρᾶ
979 1268 1088 1323 τῶν
1135 1272 1228 1324 ἐπὶ
1281 1271 1383 1338 τῆς
1444 1270 1841 1340 βασιλευούσης

252 1358 469 1421 πόλεως
526 1360 729 1413 ἐκατὺν
777 1362 1125 1429 πεντήκοντα
1179 1362 1543 1415 συνελθόντων
1576 1346 1842 1431 Πατέρων

255 1454 392 1525 περὶ
421 1453 522 1524 τῆς
566 1453 662 1505 τοῦ
699 1453 1027 1524 Πν“εύματος
1071 1453 1264 1517 οὐσίας
1325 1453 1730 1524 παραδοθεῖσαν
1763 1452 1841 1506 δι-

248 1542 552 1598 δασκαλίαν
596 1546 781 1613 κυροῖ.
837 1564 856 1597 ι
925 1544 1036 1597 Καὶ
1083 1544 1199 1608 πῶς
1232 1544 1524 1615 ἐκύρωσαν
1554 1539 1705 1599 οὗτοι
1738 1545 1840 1616 τὴν

250 1637 349 1692 τοῦ
380 1638 703 1709 Πνεύματος
739 1637 961 1703 οὐσίαν,
1005 1639 1039 1710 ἢ
1064 1637 1225 1707 δῆλον
1250 1639 1499 1699 εἰπόντες
1526 1639 1588 1691 τὸ
1610 1637 1838 1709 Πνεῦμα

252 1730 321 1783 ἐκ
351 1727 447 1782 τοῦ
482 1729 695 1799 Πατρός
725 1730 1124 1800 ἐκπορεύεσθαι
1149 1748 1164 1797 ;
1203 1729 1369 1783 Ὥστε
1400 1732 1428 1784 ὁ
1450 1731 1578 1784 ἄλλο
1602 1746 1654 1784 τι
1685 1728 1839 1799 παρὰ

251 1820 414 1875 τοῦτο
449 1822 719 1876 διδάσκων
749 1823 812 1875 τὸ
849 1822 1018 1889 κῦρος
1064 1823 1365 1892 ἀνατρέπει
1394 1822 1490 1876 καὶ
1517 1824 1729 1892 συγχεῖ.
1746 1822 1840 1875 καὶ

250 1913 440 1984 φόρει.
473 1915 535 1967 τό
561 1931 625 1984 γε
650 1909 787 1987 ἦκον
823 1917 903 1976 είς
941 1916 1283 1987 τόλμανρὴν
1314 1915 1507 1983 αὑτοῦ,
1538 1917 1713 1987 αὐτὴν
1741 1914 1837 1969 τοῦ

248 2004 571 2077 Πνεύματος
602 2007 704 2079 τὴν
732 2008 953 2061 οὐσίαν..
983 2005 1148 2072 Εἶτα,
1193 2026 1214 2059 ε
1246 2008 1333 2062 διὰ
1366 2008 1495 2073 τοὺς
1544 2007 1623 2080 τῷ
1664 2008 1837 2063 Πνεύ-

254 2100 498 2170 ματιιτῷ
522 2101 670 2168 ἁγίῳ
707 2102 1078 2170 μαχομένους.
1118 2120 1138 2153 ι
1184 2102 1297 2154 Καὶ
1345 2101 1492 2164 τίνες
1524 2102 1837 2172 ἐμάχοντο;

251 2191 430 2247 Πάλαι
461 2192 561 2262 μὲν
583 2195 631 2244 oi
659 2194 1000 2246 Μακεδόνων
1027 2194 1149 2245 ἀντὶ
1171 2192 1282 2245 τῶν
1305 2193 1596 2264 άχράντων
1636 2192 1839 2260 λογίων

248 2283 577 2339 διδάσκαλον
637 2285 824 2352 σφίσιν
883 2284 1071 2347 αὐτοῖς
1118 2285 1438 2348 ἀνειπόντες
1468 2300 1483 2315 ⁶
1534 2284 1634 2339 νῦν
1679 2286 1736 2340 δὲ
1786 2289 1837 2339 oi

257 2376 385 2431 ἀντὶ
401 2375 494 2431 τοῦ
518 2377 757 2446 Χριστοῦ
788 2378 877 2429 καὶ
898 2377 1001 2446 τῆς
1030 2376 1197 2430 αὐτοῦ
1231 2380 1630 2447 μυσταγωγίας
1657 2392 1672 2407 ο
1719 2377 1839 2432 ἀλλ’

246 2464 356 2519 οὐκ
378 2464 487 2534 ἔχω
515 2464 640 2517 τίνα
681 2464 919 2529 καλέσω·
947 2463 1121 2529 οὕτως
1147 2450 1299 2519 ἐστὶν
1333 2466 1522 2522 αὐτῶν
1552 2467 1838 2537 ἀκέφαλον
1870 2524 1877 2529 _

250 2556 315 2610 τὸ
345 2556 668 2626 δυσσέϐημα
691 2572 705 2585 ·
744 2556 885 2624 πλὴν
913 2558 1033 2611 ἀντὶ
1066 2557 1161 2609 τοῦ
1196 2558 1460 2629 Σωτῆρος
1489 2558 1540 2611 οί
1574 2560 1658 2630 τῇ·
1686 2559 1841 2613 ἀπω-

246 2647 375 2719 λείᾳ
409 2647 979 2719 προσδεδραμηκότες.
1017 2648 1183 2702 Ἀλλὰ
1212 2648 1382 2703 ταῦτα
1406 2651 1507 2719 μὲν
1538 2650 1573 2720 ἥ
1600 2666 1661 2702 τε
1706 2650 1837 2704 σύν·-

252 2739 374 2803 οδος
432 2740 813 2813 πολυγλώσσῳ
854 2740 949 2794 καὶ
998 2743 1494 2811 πνευματοκινήτῳ
1534 2740 1839 2811 φθέγγεται

250 2834 435 2904 φωνῇ,
469 2833 564 2885 καὶ
606 2833 757 2886 Λέων
787 2836 814 2885 ὁ
844 2831 1119 2899 πάνσοφος
1165 2831 1479 2903 συναναεοᾷ
1519 2835 1614 2887 καὶ
1637 2834 1841 2905 ψήφοις

250 2924 497 2987 ἁπάσαις
524 2910 977 2993 ἐπασφαλίζεται.
1025 2924 1096 2976 Σὺ
1136 2924 1191 2976 δὲ
1228 2924 1320 2976 τὸν
1374 2925 1500 2977 νοῦν
1544 2926 1842 2998 ἐπίστησον

252 3014 365 3076 τοῖς
396 3013 638 3083 ἐφεξῆς⁹
678 3013 816 3083 πρὸς
847 3014 960 3082 γὰρ
983 3013 1061 3083 τῷ
1096 3012 1241 3066 τέλει
1274 3014 1373 3083 τῆς
1402 3012 1537 3085 ὅλης
1557 3015 1654 3069 τοῦ
1678 3016 1839 3085 λόγου

252 3105 567 3175 περικοπῆς
612 3098 717 3173 ὧδέ
753 3119 917 3175 φησι*
955 3124 973 3157 ι
1010 3104 1231 3160 Τούτων
1260 3106 1443 3169 τοίνυν
1478 3106 1621 3177 μετά
1654 3109 1841 3181 πάσης

250 3196 593 3268 πανταχόθεν
618 3196 906 3266 ἀκριϐείας
936 3213 996 3249 τε
1032 3197 1128 3251 καὶ
1178 3199 1485 3269 ἐμμελείας
1516 3201 1649 3270 παρ’
1682 3201 1840 3271 ἡμῶν

1873 1977 1915 2033 Β

1950 734 2261 795 sequuntur
2309 725 2553 779 animum
2607 725 2848 779 adverte.
2910 743 2928 776 ι
2959 723 3035 780 De
3086 723 3247 779 Patre
3296 726 3471 790 enim,
3513 745 3535 778 ι

1948 818 2169 890 inquit,
2251 837 2272 870 ι
2321 827 2375 872 et
2421 816 2562 872 Filio
2617 826 2671 873 et
2723 818 2929 888 Spiritu
2978 828 3179 891 sancto
3234 818 3537 888 perfectum

1946 910 2163 965 edocet.
2202 928 2222 962 ι
2263 908 2331 963 Ει
2365 911 2643 979 quomodo
2674 894 2836 964 docet
2876 909 3230 978 perfectum?
3271 907 3541 967 Videlicet

1947 1001 2149 1056 Filium
2182 1016 2246 1056 ex
2283 998 2445 1055 Patre
2477 1000 2729 1071 generari
2763 1000 2987 1065 clamat,
3020 999 3285 1069 Spiritum
3313 986 3538 1054 veroex

1946 1092 2108 1159 Patre
2131 1092 2450 1162 procedere.
2488 1091 2554 1146 Et
2588 1101 2710 1162 post
2740 1106 2915 1161 pauca
2949 1108 2961 1143 :
3005 1110 3023 1142 ι
3064 1091 3295 1160 Propter
3325 1104 3422 1145 ens
3445 1091 3537 1157 qui

1945 1190 2139 1236 contra
2196 1179 2463 1247 Spiritum
2507 1190 2791 1235 sanctum
2840 1179 3158 1249 pugnabant
3212 1180 3539 1233 seutrntiam

1944 1271 2076 1326 olim
2108 1286 2139 1326 a
2165 1282 2387 1326 centum
2417 1272 2818 1343 quinquaginta
2854 1269 3134 1333 Patribus,
3171 1271 3266 1340 qui
3305 1272 3359 1325 in
3389 1273 3539 1342 regia

1945 1362 2078 1419 urbe
2126 1373 2534 1427 convenerunt,
2591 1362 2658 1417 de
2738 1362 2982 1432 Spiritus
3068 1362 3247 1417 sancti
3300 1366 3540 1417 essentia

1943 1453 2201 1508 traditam
2258 1453 2576 1510 conﬁrmat.
2636 1472 2654 1505 ι
2712 1452 2777 1507 Et
2823 1452 3105 1524 quomodo
3155 1454 3247 1508 isti
3302 1452 3541 1523 Spiritus

1942 1548 2125 1602 sancti
2150 1538 2449 1604 essent-iam
2484 1543 3224 1611 constitueruntiNimirum
3258 1546 3353 1613 ubi
3384 1546 3542 1601 dixe-

1944 1646 2076 1693 runt
2109 1624 2376 1709 Spiritum
2409 1654 2439 1694 a
2486 1639 2648 1694 Patre
2684 1639 3007 1708 procedere.
3038 1638 3411 1705 Quamobrem
3446 1640 3541 1709 qui

1941 1729 2095 1801 aliud
2131 1733 2411 1802 quidpiam
2446 1741 2646 1808 praeter
2679 1732 2785 1785 hoc
2820 1731 3008 1797 docet,
3047 1734 3275 1803 abrogat
3314 1742 3370 1788 et
3402 1748 3541 1786 con-

1940 1822 2129 1879 fundit
2180 1834 2235 1878 et
2292 1825 2603 1895 pervertit,
2644 1831 2911 1892 quantum
2970 1824 3193 1891 quidem
3253 1823 3320 1878 ad
3377 1838 3535 1878 suam

1946 1916 2234 1971 audaciam
2287 1917 2524 1979 attinet,
2578 1915 2874 1984 ipsammet
2928 1913 3168 1985 Spiritus
3213 1914 3539 1971 essentiam.

1945 2007 2150 2062 Deinde
2183 1992 2430 2078 expende
2457 2005 2622 2062 verba
2648 2008 2761 2074 illa,
2793 2024 2814 2059 ι
2844 2015 3066 2078 propter
3091 2020 3189 2061 eos
3217 1996 3314 2075 qui
3346 2014 3539 2061 contra

1943 2099 2209 2169 Spiritum
2235 2108 2488 2155 sanctum
2519 2099 2891 2168 pugnabant.»
2920 2099 2986 2153 Et
3013 2098 3237 2168 quinam
3266 2096 3320 2150 bi
3352 2098 3537 2152 erant?

1944 2192 2372 2262 Oliquuidem
2431 2192 2527 2261 qui
2587 2191 2968 2247 Macedoniam
3035 2191 3157 2246 loco
3216 2200 3536 2245 sanctarum

1945 2281 2361 2351 Scripturarum
2416 2278 2521 2333 sibi
2567 2274 2703 2349 ipsis
2740 2279 3062 2359 magistrum
3102 2278 3535 2345 constituerunt;

1943 2388 2093 2428 nunc
2124 2385 2278 2437 vero,
2312 2370 2409 2440 qui
2457 2360 2581 2432 1οοο
2622 2370 2831 2425 Christi
2869 2383 3153 2439 sacraeque
3187 2369 3336 2424 illius
3378 2369 3537 2424 iusti-

1943 2463 2170 2520 tutionis
2193 2491 2264 2503 ——
2302 2472 2359 2518 at
2390 2448 2515 2516 non»
2539 2460 2714 2516 habeo
2744 2476 2907 2531 quem
2941 2461 3250 2528 nominem;
3285 2461 3424 2517 adeo
3453 2470 3540 2516 est

1943 2556 2121 2625 capite
2150 2554 2413 2609 destituta
2448 2554 2695 2626 ipsorum
2732 2554 2989 2623 impietas
3018 2553 3244 2624 —-aqni,
3282 2553 3538 2621 inquam,

1942 2646 2064 2701 loco
2093 2632 2301 2700 Christi
2334 2644 2404 2698 ad
2434 2643 2798 2713 perditionem
2829 2629 3181 2715 confugiunt.
3214 2644 3395 2713 Atque
3422 2646 3538 2699 haec

1946 2738 2169 2808 quidem
2220 2744 2414 2791 sancta
2469 2733 2714 2806 synodus
2764 2735 3103 2805 multilingui
3147 2745 3203 2790 et
3251 2753 3283 2790 a
3328 2735 3538 2805 Spiritu

1941 2832 2133 2879 sancto
2159 2832 2278 2878 acta
2303 2836 2435 2878 voce
2462 2823 2825 2892 proloquitur,
2854 2821 3073 2894 Lcoque
3093 2826 3540 2897 sap'cntissimus

1944 2903 2222 2967 uua‘cum
2266 2913 2384 2994 illis
2418 2913 2681 2982 praedicat
2724 2912 3069 2983 calculisque
3101 2914 3363 2969 omnibus
3404 2931 3538 2969 con-

1942 3006 2144 3060 ﬁrmat.
2179 3002 2260 3059 Tu
2298 3019 2430 3059 vero
2461 3014 2701 3058 mentem
2730 3003 2798 3058 iis
2823 3017 2947 3073 qua:
2976 3014 3288 3073 sequuntur
3314 3005 3536 3072 adhibe;

1943 3108 2140 3149 versus
2168 3093 2330 3162 tinem
2356 3075 2595 3163 namque
2623 3094 2792 3148 totius
2817 3094 3090 3166 sermonis
3118 3099 3403 3166 pericopes
3434 3099 3538 3152 ista

1941 3185 2077 3239 dicit
2106 3193 2175 3236 εἰ
2217 3183 2313 3239 llis
2335 3184 2509 3256 igitur
2532 3200 2659 3240 cum
2692 3187 2843 3240 omni
2870 3164 3038 3253 atque
3071 3164 3321 3257 undique
3341 3198 3536 3243 exacta

248 3288 705 3344 διατυπωθέντων
736 3285 938 3358 ὥρισεν
974 3289 1008 3358 ἡ
1030 3288 1166 3356 ἁγία
1198 3292 1296 3343 καὶ
1326 3292 1685 3371 οίκουμενικὴ
1714 3292 1841 3345 σύν-

1948 3291 2079 3332 cura
2107 3286 2163 3332 et
2189 3276 2474 3348 diligentia
2504 3293 2533 3331 a
2566 3278 2727 3333 nobis
2756 3279 3043 3348 dispositis
3073 3279 3318 3335 deﬁnivit
3343 3289 3537 3336 sancta

247 3380 367 3446 οδος
403 3399 424 3433 ›
456 3378 544 3453 (ἦς
570 3383 815 3451 δηλονότι
868 3386 1165 3454 κορυφαῖος
1208 3384 1362 3437 Δέων
1389 3384 1417 3437 ό
1444 3383 1731 3456 βασιλικὸν
1748 3387 1842 3441 καὶ

243 3474 344 3528 ἐὸν
372 3474 496 3527 νοῦν
532 3476 635 3528 καὶ.
662 3480 730 3529 τά
770 3477 1000 3546 ῥήματα
1045 3477 1441 3545 κεκτημένος).
1476 3476 1544 3529 Τί
1596 3476 1839 3547 ὥρισεν;

254 3584 278 3619 ι
333 3565 561 3637 Ἑτέραν
614 3568 799 3620 πίστιν
829 3568 1017 3637 μηδενὶ
1046 3568 1250 3634 ἐξεῖναι
1274 3567 1600 3637 προφέρειν,
1668 3568 1841 3639 ἤγουν

249 3658 597 3728 συγγράφειν
627 3658 658 3727 ἢ
690 3660 999 3712 συντιθέναι
1033 3659 1066 3731 ἢ
1096 3663 1317 3729 φρονεῖν
1344 3660 1377 3730 ἢ
1404 3659 1683 3713 διδάσκειν
1718 3660 1839 3713 ἑτέ-

249 3766 379 3820 ρους
405 3765 418 3779 ο
442 3749 569 3811 τοὺς
593 3750 649 3802 δὲ
685 3749 1005 3819 τολμῶντας
1054 3750 1087 3820 ἢ
1140 3750 1456 3804 συντιθέναι
1500 3748 1690 3803 πίστιν
1719 3749 1840 3803 ἐτέ-

246 3857 376 3913 ραν,
398 3841 567 3911 ἤγουν
590 3842 948 3911 προκομίζειν
977 3840 1009 3912 ἢ
1045 3840 1353 3906 διδάσκειν,
1395 3840 1426 3911 ἢ
1472 3841 1833 3915 παραδιδόναι

246 3931 441 4003 ιτερον
476 3930 756 4000 σύμϐολον
784 3934 896 3995 τοῖς
926 3931 1207 3985 ἐθέλουσιν.
1227 3934 1581 4003 ἐπιστρέφειν
1607 3936 1683 3995 είς
1712 3925 1843 3985 ἐττε-

245 4038 453 4092 γνωσιν
486 4022 586 4092 τῆς
618 4022 884 4092 ἀληθείας
917 4022 976 4086 ἐξ
1031 4024 1396 4095 Ἑλληνισμοῦ
1434 4025 1466 4096 ἢ
1502 4026 1562 4091 ἐξ
1629 4025 1845 4079 Ἰουδαῖ-

252 4114 405 4184 νσμοῖι
435 4114 468 4185 ἦ
505 4114 637 4183 γοῦν
660 4115 718 4179 ἐξ
750 4115 1017 4184 αἱρέσεως
1043 4117 1456 4186 οίασδηποτοῦν,
1506 4104 1756 4182 τούτους,
1792 4117 1841 4170 εί

254 4206 358 4276 μὲν
388 4201 501 4258 εἷεν
535 4205 834 4259 ἐπίσκοποι
882 4204 914 4272 ἢ
969 4206 1248 4275 κληρικοὶ,
1296 4208 1616 4278 ἀλλοτρίους
1678 4204 1828 4264 εἶναι

246 4298 378 4359 τοὺς
411 4295 748 4359 ἐπισκόπους
790 4296 893 4365 τῆς
941 4298 1279 4366 ἐπισκοπῆς,
1312 4300 1408 4351 καὶ
1452 4300 1583 4363 τοὺς
1626 4299 1839 4370 Ἲιληρι-

248 4386 381 4450 κοὺς
411 4386 509 4445 τοῦ
542 4388 745 4457 κλήρου
770 4401 786 4416 ο
824 4389 874 4439 εί
931 4388 987 4439 δὲ
1037 4390 1377 4457 μονάζοντες
1416 4392 1449 4461 ἢ
1488 4391 1676 4445 λαῖκοὶ
1706 4388 1837 4459 εἷεν,

258 4477 769 4548 ἀναθεματίζεσθαι
794 4478 1017 4539 αὐτούς.
1060 4496 1079 4529 ι

821 4572 1281 4626 ΑΝΤΙΡΡΗΣΙΣ.

1942 3377 2001 3425 et
2044 3370 2380 3425 (ecuinenica
2428 3371 2674 3441 synodus
2727 3388 2746 3422 ι
2790 3372 3000 3443 (cujus
3035 3372 3289 3451 videlicet
3332 3387 3539 3442 prwses

1944 3470 2065 3516 erat
2101 3460 2211 3516 Leo
2246 3463 2454 3532 regium
2498 3477 2691 3518 revera
2734 3473 2791 3517 et
2837 3464 3083 3521 animum
3127 3474 3182 3519 et
3224 3480 3533 3539 sermonem
3636 3535 3640 3539 ψ

1938 3563 2141 3609 nactus
2169 3559 2211 3624 ).
2267 3553 2410 3621 Quid
2465 3553 2754 3609 deﬁnivit?
2806 3572 2825 3607 ι
2881 3556 3125 3612 Alteram
3173 3557 3335 3612 (idem
3399 3559 3535 3614 nulli

1944 3644 2112 3700 licere
2154 3643 2403 3715 proferre
2434 3645 2521 3700 v‘el
2548 3647 2901 3702 conscribere
2934 3659 3042 3702 aut
3081 3663 3413 3720 componere
3443 3660 3539 3705 aut

1946 3724 2155 3793 sentire
2209 3747 2308 3813 aut
2353 3738 2494 3793 alios
2537 3738 2772 3804 docere,
2818 3754 2914 3795 eos
2957 3728 3282 3812 autem-qui
3331 3743 3536 3797 audent

1944 3842 2281 3898 componere
2319 3830 2480 3884 [idem
2519 3830 2749 3885 alteram
2786 3840 2881 3885 aut
2911 3832 3160 3901 proferre
3204 3842 3301 3887 aut
3336 3835 3538 3889 docere

1945 3930 2040 3974 aut
2078 3920 2297 3991 tradere
2328 3921 2563 3976 alterum
2599 3922 2909 3993 symbolum
2943 3923 3254 3980 volentibus
3284 3924 3352 3979 ad
3380 3904 3537 3995 agni-

1945 4013 2151 4069 tionem
2176 4014 2423 4070 veritatis
2458 4018 2703 4071 converti
2730 4018 2846 4072 sive
2876 4033 2941 4072 ex
2975 4019 3302 4088 paganismo
3326 4019 3444 4075 sive
3467 4033 3534 4073 ex

1943 4104 2228 4162 Judaismo
2271 4106 2387 4161 sive
2416 4113 2489 4161 et
2520 4107 2714 4162 haeresi
2743 4124 3097 4179 quacunque,
3137 4111 3275 4176 hos,
3311 4110 3359 4164 si
3411 4110 3534 4180 epi-

1956 4192 2113 4267 scopi
2147 4197 2350 4253 t‘uerint
2379 4208 2474 4253 aut
2507 4198 2729 4265 clerici,
2761 4199 2967 4257 alienos
2998 4216 3122 4257 esse
3152 4202 3438 4272 episcopos
3466 4203 3538 4257 ab

1945 4280 2265 4358 episcopatu
2297 4300 2352 4344 et
2387 4290 2622 4354 clerictis
2652 4306 2683 4345 a
2716 4291 2887 4355 clero,
2922 4291 2969 4347 si
2997 4307 3127 4348 vero
3158 4293 3418 4349 monachi
3443 4304 3539 4348 aut

1959 4382 2086 4437 laici
2127 4381 2355 4447 fuerint,
2410 4384 2891 4440 anathematizari.
2925 4402 2945 4437 ι

2514 4566 2971 4625 REFUTATIO.

320 4659 450 4715 ΚΘ.
489 4655 631 4727 Εὖγέ
662 4677 766 4725 σοι,
797 4660 1076 4730 ἄνθρωπε,
1111 4662 1191 4714 ὅτι
1216 4663 1306 4715 τὲν
1340 4661 1517 4733 μέγαν
1541 4662 1836 4716 Βασίλειον

2018 4655 2216 4712 XXIX.
2258 4657 2404 4713 Bene
2457 4657 2555 4713 tibi
2609 4660 2712 4726 sit,
2759 4675 2792 4715 ο
2843 4663 3032 4727 homo,
3084 4663 3228 4732 quod
3278 4678 3538 4735 magnum

251 4750 520 4822 θαλάμοις
554 4752 747 4821 ψυχῆς
788 4753 1071 4821 ἀκήρατον
1131 4752 1510 4821 συντηροῦντα
1551 4754 1840 4822 ὁμολογεῖς

247 4846 349 4916 τὴν
371 4844 659 4898 εὐσέϐειαν
694 4844 787 4897 καὶ
837 4844 1020 4914 ψυχὴν
1057 4844 1220 4895 ac.sz
1259 4844 1442 4909 λέγεις
1492 4843 1638 4897 θεῖον
1679 4844 1839 4909 ζέου-

250 4955 352 4993 σαν
410 4940 658 5007 φίλτρον.
692 4938 805 4989 Καὶ
858 4941 905 4987 εἰ
942 4936 1115 4988 ταῦτά
1144 4953 1207 5004 γε
1262 4936 1460 5007 ἀληθῆ,
1507 4938 1727 5000 πάντως
1782 4937 1840 4989 δέ

248 5028 450 5099 ἀληθῆ,
482 5027 668 5079 οὐκέτι
697 5044 781 5079 σοι
819 5026 1037 5090 ἐξέσται
1064 5028 1277 5093 αἵρεσιν
1318 5028 1411 5079 καὶ
1443 5027 1701 5080 ἀσέϐειαν
1729 5028 1840 5081 τῶν

262 5119 555 5187 Ῥωμαίων
590 5120 941 5186 κατηγορεῖν,
970 5119 1077 5191 τοῦ
1101 5118 1337 5187 μεγάλου
1374 5118 1662 5171 Βασιλείου
1690 5118 1840 5189 διαρ-

251 5210 420 5283 ρήδην
455 5209 831 5278 θεολογοῦνως
860 5212 923 5261 ἐν
976 5209 1051 5278 τῷ
1101 5210 1269 5279 τρίτῳ
1327 5210 1435 5262 τῶν
1491 5212 1637 5264 κατὰ
1678 5204 1840 5263 Εὔνο-

255 5304 380 5376 μίου
415 5302 819 5375 ἀντιρῤητικῶν
856 5286 924 5355 “τδ
956 5303 1186 5370 Πνεῦμα
1216 5304 1369 5373 παρὰ
1405 5302 1501 5357 τοῦ
1550 5302 1682 5358 Υίοῦ
1716 5303 1841 5373 ἔχον

249 5398 314 5450 τὸ
346 5393 487 5450 εἶναι
526 5398 623 5449 καὶ
652 5396 802 5466 παρᾶ
832 5395 925 5448 τοῦ
957 5396 1090 5448 Υίοῦ
1136 5396 1414 5466 λαμϐάνον
1444 5394 1538 5449 καὶ
1572 5396 1841 5464 ἀναγγέλ-

250 5489 345 5542 λον
384 5476 519 5559 ἡμῖν
556 5488 651 5540 καὶ
699 5488 834 5550 ὅλως
888 5488 1104 5555 ἐκείνης
1134 5490 1232 5559 τῆς
1276 5488 1460 5553 αἰτίας
1498 5489 1839 5560 ἐξημμένον.

248 5578 318 5631 Τί
356 5579 412 5630 δέ
446 5594 528 5630 σοι
561 5578 621 5630 τὸ
652 5578 844 5645 ὄφελος
871 5579 1122 5645 ἀλλήλοις
1150 5582 1277 5642 τοὺς
1332 5580 1587 5650 Πατέρας
1641 5582 1840 5634 ἀνταν-

255 5669 493 5737 ιστῶντι,
533 5670 716 5741 ὥσπερ
758 5676 808 5725 εί
848 5674 1071 5725 ἐναντία
1126 5669 1268 5743 ἦσαν
1321 5673 1570 5744 ἀλλήλοις
1596 5672 1842 5726 τεθεολοο

250 5762 526 5831 γηκότες;
577 5760 651 5814 Τὸ
700 5762 810 5831 γὰρ
863 5764 1040 5815 είπείν
1085 5762 1177 5815 τὸν
1212 5763 1360 5815 δεῖνα
1401 5764 1497 5817 καὶ
1540 5765 1688 5817 δεῖνα
1732 5766 1841 5816 τῶν

251 5851 427 5921 ἁγίων
462 5854 556 5904 καὶ
584 5852 675 5905 τὸν
699 5855 795 5919 τῆς
836 5853 1057 5922 Ῥώμης
1092 5854 1283 5925 θρόνον
1312 5857 1718 5927 ἀρχιερατικῶς
1750 5873 1841 5908 κο-

252 5943 579 6015 σμησάιτων
614 5944 677 5997 ἐκ
731 5943 1063 6017 τοῦ-Πατρός
1095 5947 1151 6001 τὸ
1185 5947 1409 6019 Πνεῦμα
1445 5949 1503 6002 τὸ
1551 5949 1705 6018 ἅγιον
1739 5953 1836 6004 ἐκ·

1948 4746 2209 4804 Basilium
2245 4748 2457 4805 mentis
2478 4752 2737 4807 thalamis
2768 4753 3151 4809 intemeratam
3181 4770 3539 4812 conservasse

1942 4843 2205 4912 pietatem
2268 4841 2460 4910 fateris
2517 4854 2573 4897 et
2629 4844 2873 4899 animam
2931 4861 3057 4900 eum
3130 4862 3297 4901 vocas
3356 4848 3541 4904 divino

1944 4950 2131 4990 amore
2180 4942 2530 4990 aestuantem.
2575 4937 2732 4993 Etsi
2786 4938 2901 4992 haec
2946 4938 3167 5009 quidem
3214 4953 3365 5003 vera,
3410 4948 3541 4996 sunt

1946 5036 2129 5081 autem
2159 5027 2386 5082 omnino
2414 5044 2562 5095 vera,
2598 5045 2709 5085 non
2742 5031 2986 5098 amplius
3019 5032 3113 5085 tibi
3146 5032 3334 5086 licebit
3366 5036 3543 5088 haere-

1943 5135 2068 5175 seos
2084 5127 2137 5174 et
2162 5118 2457 5189 impietatis
2486 5134 2744 5176 accusare
2784 5121 3083 5188 Romanos,
3123 5138 3248 5178 cum
3307 5141 3541 5194 magnus

1943 5208 2181 5263 Basilius
2236 5210 2443 5264 diserte
2490 5211 2673 5265 tradat
2706 5211 2847 5266 libro
2905 5215 3065 5267 tertio
3102 5226 3294 5268 contra
3347 5215 3533 5270 Eunov

1942 5301 2116 5354 mium
2150 5339 2166 5365 ,
2225 5298 2491 5371 Spiritum
2541 5317 2572 5356 a
2630 5301 2774 5358 Filio
2815 5304 3017 5359 habere
3066 5308 3472 5370 exsistentiam,
3508 5322 3537 5361 a

1942 5390 2090 5446 Filio
2126 5391 2376 5461 accipere
2420 5401 2477 5447 et
2510 5396 2839 5449 annuntiare
2868 5396 3027 5450 nobis
3053 5406 3109 5450 et
3147 5398 3381 5451 omnino
3412 5414 3543 5453 cou-

1946 5498 2153 5538 nexum
2204 5498 2326 5537 esse
2357 5498 2482 5537 cum
2518 5484 2609 5537 illa
2666 5499 2854 5539 causa.
2902 5485 3045 5552 Quid
3085 5501 3217 5541 vero
3266 5489 3365 5541 tibi
3406 5503 3543 5558 pro~

1943 5574 2097 5639 dest,
2152 5573 2200 5628 si
2257 5574 2447 5629 Patres
2500 5575 2858 5646 sibimetipsis
2925 5580 3327 5649 contraponis,
3380 5579 3542 5649 quasi

1943 5666 2219 5721 contraria
2266 5666 2372 5720 sibi
2405 5667 2740 5723 docuerint?
2794 5670 2953 5734 Quod
2983 5670 3129 5723 enim
3166 5672 3291 5724 talis
3318 5679 3372 5725 et
3402 5670 3530 5724 talis

1926 5763 2272 5815 sanctorum
2333 5769 2497 5827 atque
2553 5775 2767 5827 eorum,
2839 5762 2931 5831 qui
2980 5760 3284 5815 Romanam
3345 5766 3530 5816 sedem

1947 5860 2329 5915 exornarunt,
2375 5851 2697 5920 pontiﬁcum
2744 5868 2811 5907 cx
2867 5853 3027 5909 Patre
3095 5854 3359 5923 Spiritum
3410 5868 3539 5907 san-

1958 5959 2111 6003 Clum
2144 5946 2445 6015 procedere
2488 5944 2761 6015 dixerunt,
2797 5961 2982 6003 verum
3010 5955 3091 6004 cst
3120 5955 3284 6015 atque
3320 5947 3376 6000 in
3408 5960 3544 6002 con-
