4150 6514
213 557 317 623 311
1001 553 1433 615 REFUTATIO
1474 549 1790 613 PHOTIAN

1889 549 2092 608 LIBRI
2128 548 2223 608 DE
2260 548 2572 612 SPlRlTU
2611 550 2674 609 S.
3343 544 3452 616 842

218 665 446 739 σεολικὴ
475 667 664 738 χρῆσις
689 663 971 735 χαρίζεται
1002 666 1164 728 νοεῖν,
1187 663 1248 716 τὸ
1276 661 1497 727 Πνεῦμα
1527 661 1709 730 μένειν
1730 660 1787 711 ἐν

1889 671 1971 711 εει
2006 656 2204 726 inepta.
2236 657 2367 713 Illud
2396 658 2538 710 enim
2563 664 2616 710 et
2643 652 2948 711 communis
2971 653 3185 709 Domini
3214 653 3452 724 Baptista

216 759 296 827 τῷ
330 759 466 828 Υἱῷ,
506 760 538 828 ἢ
572 756 978 827 ἐκπορεύεσθαι
1008 754 1100 807 τοῦ
1137 755 1309 816 Υίοῦ;
1362 753 1561 823 μᾶλλον
1589 750 1645 802 δὲ
1692 747 1786 801 καὶ

1892 749 2153 818 praedicat
2189 745 2246 803 et
2273 745 2534 818 prephcta
2585 748 2695 816 jam
2727 747 2857 802 olim
2911 747 3236 803 vaticinatus
3270 754 3369 828 est
3397 745 3452 802 et

215 852 359 919 αὐτή
397 867 461 918 γε
489 853 518 920 ἡ
557 851 842 920 σύγκρισις
872 846 1252 916 ἀπειρόκαλος.
1283 844 1364 896 T6"
1394 844 1491 910 μὲν
1511 842 1630 909 γὰρ
1660 840 1687 891 ὅ
1727 854 1786 890 τε

213 939 311 992 τοῦ
339 939 524 992 κοινοῦ
553 937 824 990 Δεσπότω
857 936 1118 999 σαλπίζει
1146 932 1455 999 Βαπτιστὴς
1475 931 1572 1010 ,καὶ
1602 931 1630 982 6
1655 946 1789 1002 προσ

212 1032 399 1101 φήτης
434 1031 601 1084 πάλαι
636 1027 1015 1098 προθεσπίζει,
1052 1027 1146 1078 καὶ
1183 1024 1344 1086 αὐτὸς
1367 1026 1394 1077 ὁ
1421 1022 1610 1092 Σωτὴρ
1652 1024 1786 1076 ἀνα-

211 1122 507 1190 γινώσκων
534 1121 594 1174 τὸ
625 1120 801 1186 λόγιον
857 1117 1290 1187 ὲπισφραγίζειο
1344 1114 1440 1168 καὶ
1497 1113 1701 1184 ταύτην
1752 1113 1786 1181 ἡ

211 1212 476 1283 εὐσέϐεια
501 1213 600 1282 τὴν
625 1211 1049 1281 ι,μυσταγωγίαν
1107 1210 1321 1262 ἐκεῖθεν
1377 1205 1618 1260 λαϐοῦσα
1652 1206 1787 1256 πᾶσι

215 1307 436 1368 πιστοῖς
468 1303 792 1364 διδάσκαλος
818 1303 1108 1371 πρόκειται
1127 1315 1141 1331 ο
1177 1301 1240 1352 σὺ
1282 1299 1360 1352 δὲ.
1381 1299 1507 1358 τῶνε
1538 1295 1788 1366 ζοφερῶν

215 1397 319 1466 τῆς
352 1396 678 1458 δυσσεϐείας
708 1394 906 1456 ἀναδὺς
931 1393 1138 1456 πυλῶνς
1175 1393 1297 1467 ἀντὶ
1335 1389 1430 1443 τοῦ
1485 1388 1808 1455 δοξολογεῖν-

215 1505 277 1541 σε
304 1489 366 1542 τὸ
407 1487 631 1556 Πνεῦμα
667 1483 852 1555 μένειν
883 1486 941 1537 ὲν
976 1483 1055 1554 τῷ
1084 1483 1198 1553 Υίῷ
1229 1483 1323 1535 καὶ
1370 1482 1464 1533 ἐπὶ
1501 1479 1594 1531 τὸν
1635 1476 1786 1541 Υἱὸν,

211 1577 513 1646 θεομαχείς
548 1574 944 1647 ἐκπορεύεσθαι
981 1573 1154 1642 λέγων
1183 1567 1276 1624 τοῦ
1305 1569 1462 1622 Υίοῦ.
1533 1567 1786 1642 Διαμένει

215 1670 271 1721 ἐν
295 1668 376 1737 τῷ
401 1668 548 1738 Υίῷ’
581 1666 668 1720 διὰ
699 1665 854 1719 τοῦτὸ
905 1669 1021 1720 ἐστι
1053 1663 1147 1718 τοῦ
1198 1663 1328 1716 Υίοῦ
1349 1677 1364 1691 ⁰
1415 1660 1511 1714 καὶ
1544 1660 1650 1711 ’ὅτι
1687 1657 1788 1725 τῆς

214 1761 411 1829 αὐτῆς,
436 1759 510 1822 ὡς
541 1757 708 1828 ἔφθην
734 1755 925 1830 εἰπὼν,
957 1753 1170 1825 φύσεώς
1193 1754 1250 1806 τέ
1278 1754 1394 1804 ἐστι
1420 1751 1512 1804 καὶ
1538 1750 1789 1818 θεότητος

219 1853 314 1904 καὶ
350 1849 511 1918 δόξης
561 1851 653 1901 καὶ
682 1847 970 1919 βασιλείας
1007 1846 1099 1898 καὶ
1131 1843 1456 1912 δυνάμεως·
1502 1843 1550 1894 εί
1609 1837 1788 1909 βούλει

212 1940 292 2004 δὲ,
325 1939 421 1992 καὶ
443 1939 526 1992 ὅτι
552 1937 691 2007 χρίει
723 1938 814 1991 τὸν
843 1938 1075 2006 Χριστόν
1104 1952 1117 1965 ·
1139 1935 1384 2003 Πνεῦμα
1407 1932 1516 2000 γὰρ
1544 1930 1787 1999 Κυρίου,

213 2033 402 2100 φησὶν,
449 2031 543 2083 ἐπ’
575 2028 712 2099 ἐμέ*
750 2025 824 2085 οὗ
847 2015 1085 2082 εἵνεκεν
1113 2025 1321 2093 ἐχρισέ
1351 2041 1427 2094 με
1455 2040 1469 2056 ·
1508 2024 1604 2077 καὶ
1649 2021 1786 2074 διότι
1819 2007 1859 2061 Β

213 2119 641 2182 ὲπισκιάσαντος
694 2117 863 2172 αὐτοῦ
923 2119 990 2188 τῇ
1041 2115 1300 2186 Παρθένῳ
1333 2117 1390 2184 ,ἡ
1421 2113 1563 2194 ’ὑπὲρ
1624 2110 1783 2180 λόγον

212 2213 427 2280 ὑπέστη
468 2210 758 2280 σύλληψις,
811 2209 914 2277 καὶ¹
947 2211 974 2261 6
1003 2207 1512 2284 dvéxcppactog'xai
1548 2205 1785 2274 ἄσπορος

212 2303 458 2372 προῆλθε
481 2302 640 2364 τόκος
668 2318 684 2333 ·
715 2302 804 2354 ναὶ
828 2301 898 2376 ,δὴ
925 2301 1019 2354 καὶ
1062 2301 1200 2352 διότι
1233 2297 1555 2353 ἀπιστέλλει
1597 2292 1787 2348 αὐτόν

213 2392 694 2462 Εὐαγγελίσαθαι
712 2391 841 2462 γὰρ,
867 2390 1018 2460 φησι,
1046 2390 1304 2459 πτωχοῖς
1326 2376 1671 2443 ἀπέσταλκέ
1687 2403 1784 2456 με.

211 2485 390 2537 Πόσον
421 2483 513 2537 οὖν
541 2482 769 2553 ἄμεινόν
822 2498 905 2534 σοι
964 2483 1058 2535 καὶ
1109 2477 1532 2549 ἆκολουθότερον
1583 2474 1651 2549 ἦν
1691 2479 1787 2531 καὶ

212 2577 357 2627 νοεῖν
389 2576 483 2628 καὶ
521 2574 725 2642 λέγειν,
759 2573 834 2636 ὼς
862 2573 932 2627 δι’
975 2572 1033 2629 ἐν
1060 2588 1112 2624 τι
1139 2571 1246 2625 τῶν
1295 2570 1718 2641 τεθεωρημένων
1751 2569 1784 2638 ἢ

212 2668 310 2719 καὶ
341 2665 432 2718 διὰ.
477 2665 648 2717 πλείω
697 2664 918 2730 λέγεται
953 2664 1178 2731 Πνεῦμα
1222 2661 1348 2715 Υἰοῦ
1414 2665 1508 2713 καὶ
1554 2659 1782 2731 Πνεῦμα

212 2754 474 2825 Χριστοῦ,
511 2754 648 2807 ἀλλὰ
680 2748 756 2828 μὴ
785 2749 1206 2806 ταῦτα’τοιαῦτα
1233 2753 1370 2804 ’ὅντα
1405 2751 1497 2804 καὶ
1526 2749 1786 2819 τηλικαύ-

1888 843 2115 912 ipsemet
2170 841 2420 897 Salvator
2467 843 2752 897 oraculum
2794 841 2925 897 illud
2961 842 3146 910 legens
3176 840 3453 922 _obsign’at

1887 940 1941 986 et
1971 935 2324 1002 comprobat;
2362 935 2612 1002 hancque
2654 932 2958 988 doc-trinam
2989 931 3231 988 Ecclesia
3263 930 3454 986 ortho-

1888 1025 2030 1079 doxa
2056 1025 2182 1079 inde
2216 1026 2374 1080 nacta
2426 1026 2639 1081 cunctis
2688 1023 2940 1080 ﬁdelibus
2971 1023 3288 1078 discendam
3324 1035 3453 1092 pro-

1889 1113 2032 1170 fert:
2068 1127 2123 1169 ιιι
2155 1130 2282 1170 vero
2310 1131 2340 1170 e
2370 1116 2683 1187 calig‘inosis
2715 1115 3008 1186 impietatis
3044 1114 3230 1185 januls
3264 1110 3453 1182 egres-

1891 1221 1984 1260 sus
2015 1207 2134 1259 loco
2159 1206 2485 1274 praedicandi
2532 1205 2793 1276 Spiritum
2826 1221 3044 1261 manere
3093 1205 3148 1259 in
3205 1205 3345 1260 Filio
3397 1213 3453 1257 et

1889 1313 2055 1367 super
2084 1296 2309 1358 Filium.
2348 1297 2474 1361 Deo
2504 1312 2812 1368 repugnans
2837 1298 3038 1358 asseris
3069 1297 3222 1352 illum
3252 1312 3284 1350 a
3312 1294 3454 1350 Filio

1890 1388 2204 1458 procedere.
2233 1386 2521 1443 Permanet
2565 1390 2618 1442 in
2657 1387 2833 1452 Filio;
2866 1388 3070 1448 idcirco
3111 1397 3193 1444 est
3222 1386 3368 1449 Filii,
3399 1397 3456 1441 et

1888 1479 2014 1547 quia
2072 1478 2338 1548 ejusdem,
2402 1487 2459 1530 ut
2515 1479 2763 1546 superius
2820 1479 2956 1544 dixi,
2995 1485 3079 1533 est
3145 1486 3354 1530 natura:
3401 1485 3457 1530 ct

1889 1569 2104 1624 deitatis
2133 1577 2186 1622 et
2208 1567 2393 1638 gloriae
2410 1577 2464 1622 et
2493 1569 2749 1638 potentiae
2769 1577 2823 1623 et
2851 1569 3088 1633 virtutis,
3107 1568 3192 1622 vel
3214 1567 3380 1623 etiam
3406 1564 3454 1622 εἰ

1891 1658 1993 1721 vis,
2019 1660 2143 1728 quia
2197 1659 2349 1727 ungit
2398 1650 2978 1728 Christum;Spiritus
3034 1660 3174 1714 enim
3214 1643 3452 1722 Domini,

1891 1750 2258 1819 inquit,super
2286 1765 2385 1812 me,
2406 1759 2680 1819 propterea
2710 1751 2860 1804 unxit
2890 1766 3002 1816 me;
3022 1759 3073 1803 et
3105 1751 3232 1820 quia
3261 1749 3456 1804 obum-

1892 1842 2080 1895 brante
2109 1842 2231 1910 ipso
2262 1840 2467 1911 Virgini
2499 1841 3074 1911 incomprehensibilis
3100 1841 3322 1911 peracta
3350 1841 3454 1896 luit

1889 1934 2174 2002 conceptio
2195 1941 2247 1986 et
2281 1932 2572 1988 ineﬂabilis
2595 1934 2716 1989 sine
2755 1934 2964 1989 semine
2993 1943 3182 2004 partus
3217 1935 3453 2004 prodiit;

1888 2040 1989 2080 nec
2031 2039 2137 2078 non
2174 2025 2302 2094 quia
2332 2033 2388 2078 et
2439 2025 2614 2092 ipsum
2674 2025 2858 2079 mittit.
2909 2024 3042 2081 Nam
3094 2027 3456 2097 eoangclizare

1888 2116 2202 2184 pauperibus
2238 2116 2381 2169 misit
2429 2131 2527 2169 me.
2564 2113 2781 2180 Quanto
2815 2117 2976 2186 igitur
3012 2118 3215 2172 rectius
3251 2132 3456 2172 conve-

1888 2210 2237 2278 nientiusque
2277 2217 2492 2277 poteras
2528 2217 2583 2262 et
2627 2207 2829 2263 sent-ire
2867 2220 2920 2264 et
2949 2209 3151 2275 dicere,
3182 2210 3252 2264 ob
3281 2225 3444 2264 unam

1890 2301 2129 2369 aliquam
2172 2309 2268 2354 aut
2297 2301 2484 2370 plures
2514 2301 2782 2356 dictarum
2823 2301 3224 2370 expositionum
3272 2300 3452 2356 nomi-

1892 2392 2009 2446 nari
2041 2390 2302 2460 Spiritum
2339 2391 2459 2446 Filii
2483 2403 2538 2447 et
2563 2391 2826 2460 Spiritum
2869 2391 3095 2457 Christi,
3135 2407 3241 2446 non
3268 2402 3446 2447 autem

1893 2483 1981 2537 bis
2013 2483 2148 2537 adeo
2181 2483 2375 2538 validis
2405 2495 2459 2538 et
2495 2485 2874 2553 consentaneis
2913 2485 3216 2539 rationibus
3255 2486 3456 2554 spretis

1891 2574 2218 2629 commentis
2292 2576 3188 2646 propriis'imaginationibusque
3251 2576 3453 2630 nullam

1893 2662 2215 2717 habentibus
2242 2664 2654 2718 subsistentiam
2700 2665 2887 2719 conari
2920 2664 3176 2721 Eccleslae
3203 2666 3455 2736 dogmata

1893 2763 2242 2820 corrumpere
2267 2753 2280 2805 !

211 2866 312 2919 την
348 2850 504 2919 ίσχὺν
530 2849 721 2919 ἔχοντα
748 2851 842 2902 καὶ
865 2847 1191 2901 ἀκολουθίαν
1258 2844 1595 2921 παρτ-οὐδὲν
1628 2845 1852 2914 θέμενον
1891 2845 2271 2916 ἀναπλασμοίς
2327 2846 2477 2911 ἰδίοις
2539 2851 2632 2903 καὶ
2690 2852 3010 2918 φαντασίαις
3063 2852 3456 2915 dvomas-itm;

213 2939 521 3008 ἐπιχειρεῖν
588 2939 690 3010 τῆς
756 2939 1082 3008 Ἐκκλησίας
1135 2939 1202 2990 τὰ
1252 2938 1501 3005 δόγματα
1543 2933 1914 3005 διαφθείρειν;

764 3032 1223 3088 ΑΝΤΙΡΡΗΣΙΣ.

287 3123 419 3176 AA'.
451 3125 514 3177 Οί
547 3123 647 3194 τῆς
686 3122 906 3193 Ῥώμης
935 3127 1211 3195 ἀρχιερεῖς
1263 3128 1543 3197 Ζαχαρίας
1588 3145 1644 3180 τε
1687 3129 1783 3180 καὶ

2452 3034 2898 3091 REFUTATIO.

1963 3120 2157 3177 XXXI.
2202 3122 2430 3180 Romani
2483 3131 2767 3197 pontiﬁces
2802 3129 3095 3187 Zacharias
3135 3143 3189 3188 et
3247 3132 3453 3205 Grego-

215 3215 518 3286 Γρηγόριος
538 3215 767 3268 τοιοῦτοι
794 3216 1236 3286 μαρτυρούμενοι
1259 3221 1408 3288 παρᾶ
1441 3219 1554 3282 σοῦ,
1575 3214 1784 3290 οἷοίπερ

1894 3213 2028 3294 rius,
2059 3229 2196 3284 quos
2227 3217 2361 3271 tales
2391 3217 2558 3273 fuisse
2589 3221 2832 3284 testaris,
2855 3223 3044 3288 quales
3090 3237 3148 3276 re
3181 3224 3296 3291 ipsa
3338 3225 3456 3278 l'ue-

217 3308 312 3358 καὶ
343 3307 560 3375 ἀληθῶς
609 3303 771 3376 ἦσαν,
834 3308 862 3358 6
902 3307 1000 3376 μὲν
1037 3306 1282 3360 Λατινίδι
1346 3311 1520 3377 φωνῇ,
1557 3309 1584 3360 6
1616 3311 1670 3360 δὲ
1720 3308 1786 3361 δι’

217 3399 610 3469 ἐλληνιζούσης
664 3401 965 3469 ἑρμηνείας
1020 3397 1081 3450 τὸ
1138 3398 1498 3466 Παράκλητον
1560 3399 1787 3467 Πνεῦμα

218 3489 314 3542 τοῦ
343 3490 554 3559 Πατρδς
585 3489 951 3560 προέρχεσθαι
998 3484 1152 3554 εἶπον
1185 3489 1278 3540 καὶ
1336 3490 1392 3541 ὲν
1425 3487 1501 3557 τῷ
1533 3488 1644 3558 Υίῴ
1675 3489 1791 3545 δια.-

222 3579 432 3646 μένεινο
469 3576 767 3629 κάντεῦθεν
795 3577 1067 3647 ἀριδήλως
1087 3576 1553 3654 διαγιγνώσκεεαι
1594 3579 1654 3630 τὸ
1691 3581 1786 3634 τοῦ

218 3668 585 3737 προέρχεσθαι
614 3669 708 3720 καὶ
745 3668 1135 3738 ἐκπορεύεσθαι
1170 3669 1510 3737 ἰσοδύναμον,
1548 3671 1644 3724 καὶ
1677 3672 1787 3723 τῶν

215 3762 344 3829 παρ’
383 3761 515 3829 ἡμῖν
544 3761 818 3827 θεολόγων·
842 3762 906 3813 ὲκ
931 3761 1142 3830 Πατρὸς
1183 3762 1279 3814 καὶ
1306 3761 1434 3813 Υίοῦ
1467 3762 1528 3814 τὸ
1563 3762 1788 3830 Πνεῦμα

216 3847 615 3920 θεολογούντων
647 3853 1180 3928 προέρχεσθαι,’τίς
1206 3857 1389 3918 ἱκανὸς
1426 3856 1507 3907 ἔτι
1531 3847 1786 3909 ἀσέϐειαν

218 3944 472 4009 ὲγκαλεῑν
503 3946 612 4006 τοῖς
643 3947 706 3996 ὲκ
757 3945 967 4014 Πατρὸς
1025 3947 1118 3998 καὶ
1162 3946 1292 3998 Υίοῦ
1332 3948 1583 4013 λέγουσιν
1611 3947 1788 4000 ἐκπο·

215 4038 496 4102 ρεύεσθαι
519 4053 538 4101 ;
563 4038 726 4108 Καὶή
760 4040 912 4108 φωνὴ
945 4038 1024 4105 δὲ,
1048 4038 1117 4109 ἥν
1144 4041 1203 4090 ἑν
1233 4039 1307 4108 τῷ
1338 4040 1430 4091 τοῦ
1470 4039 1719 4109 Σωτῆρος
1758 4041 1786 4092 6

220 4127 533 4198 Πρὸδρομος
574 4127 754 4196 ἀφῆκε
800 4128 1162 4209 βαπτίσματι,
1221 4126 1424 4193 Εἶδον,
1480 4129 1669 4196 εἰπὼν,
1722 4131 1785 4182 τὸ

217 4223 466 4290 Πνεῦμα
497 4222 862 4277 καταϐαῖνον
893 4224 1036 4278 ὡσεὶ
1074 4226 1437 4292 περιστερὰν
1476 4227 1574 4279 καὶ
1599 4226 1787 4294 μένον

218 4310 312 4362 ἐπ’
344 4312 550 4379 αὐτὸν,
585 4313 782 4382 πολλὴν
815 4314 915 4383 τὴν
941 4317 1269 4388 συνηγορίαν
1301 4317 1390 4369 διὰ
1417 4316 1510 4368 τοῦ
1543 4318 1784 4385 μεγάλου

228 4401 550 4456 ’Δθανασίου
590 4405 701 4464 τοῖς
763 4402 1058 4472 Ῥωμαίοις
1109 4406 1389 4474 εἰσφέρει·
1425 4405 1500 4467 ὡς
1538 4406 1644 4473 γὰρ
1697 4407 1786 4456 ὲν-

1893 3316 2040 3376 runt,
2069 3309 2203 3362 alter
2225 3310 2441 3377 quidem
2473 3309 2664 3364 Latina
2693 3311 2900 3379 lingua,
2952 3315 3086 3367 alter
3119 3329 3241 3369 vero
3269 3310 3455 3370 Graeca

1887 3401 2380 3468 interpretatione,
2453 3401 2717 3470 Spiritum
2784 3401 3113 3460 Paraclitum
3171 3421 3232 3458 ex
3301 3403 3457 3460 Patre

1891 3494 2139 3561 pregredi
2173 3503 2228 3548 et
2263 3494 2316 3548 in
2353 3492 2495 3548 Filio
2533 3510 2750 3549 manere
2777 3505 3152 3560 asserueruut,
3180 3508 3232 3551 et
3262 3497 3454 3550 exinde

1887 3583 2163 3638 evidenter
2192 3586 2540 3654 cognoscitur
2572 3586 2736 3641 verba
2777 3586 3148 3656 progrediendi
3185 3597 3237 3641 et
3271 3603 3454 3655 proce-

1888 3673 2045 3726 dendi
2102 3677 2484 3744 aequipollere,
2545 3692 2782 3747 cumque
2833 3676 3069 3747 theologi
3128 3678 3303 3732 nostri
3359 3681 3455 3734 do-

1888 3775 2046 3820 ceant
2095 3783 2156 3821 ex
2207 3768 2368 3824 Patre
2419 3778 2472 3822 et
2527 3768 2667 3823 Filio
2726 3769 2971 3838 progredi
3013 3769 3296 3836 Spiritum,
3330 3772 3452 3838 quis

1888 3859 2066 3912 adhuc
2104 3859 2170 3913 iis
2201 3861 2291 3928 qui
2325 3876 2390 3914 ex
2439 3860 2596 3914 Patre
2630 3861 2872 3928 Filioque
2902 3876 3024 3915 eum
3058 3863 3248 3914 dicunt
3274 3879 3456 3929 prace—

1887 3949 2007 4002 dere
2056 3949 2385 4017 impietatem
2436 3952 2765 4019 exprobrare
2825 3952 3068 4005 valebit?
3105 3951 3169 4005 Et
3201 3967 3301 4006 vox
3338 3953 3450 4015 illa,

1889 4056 2050 4109 quam
2090 4041 2141 4092 in
2193 4039 2490 4094 Salvatoris
2544 4042 2865 4110 baptismate
2896 4045 3202 4097 Praecursor
3244 4044 3450 4107 emisit,

1890 4145 2012 4183 cum
2040 4130 2243 4184 diceret
2280 4149 2292 4183 :
2336 4129 2454 4184 Vidi
2489 4129 2744 4200 Spiritum
2775 4132 3165 4186 descendentem
3198 4145 3451 4202 tanquam

1888 4221 2186 4274 columbam
2225 4230 2274 4275 et
2309 4228 2603 4275 manentem
2634 4239 2791 4292 super
2833 4224 3022 4293 ipsum,
3051 4225 3203 4278 valde
3247 4223 3450 4279 Roma-

1889 4327 2082 4365 norum
2115 4328 2293 4367 causae
2350 4315 2491 4368 lavet
2550 4315 2820 4369 mediante
2881 4330 3098 4384 magno
3125 4316 3448 4370 Athanasio.

1887 4402 2023 4458 Nam
2065 4402 2226 4456 sicuti
2257 4411 2312 4455 tu
2347 4417 2490 4455 nunc
2516 4402 2932 4456 descensionem
2956 4401 3193 4470 Spiritus
3223 4417 3250 4455 a
3293 4401 3452 4458 Patre

217 4493 392 4546 ταῦθα
423 4496 486 4547 σὺ
515 4496 574 4546 τὸ
607 4497 671 4547 ὲκ
695 4495 787 4548 τοῦ
820 4495 1028 4567 Πατρδς
1072 4498 1427 4551 καταϐαίνειν
1469 4499 1529 4550 τὸ
1562 4497 1782 4567 Πνεῦμα

1891 4491 1943 4543 iu
1976 4501 2354 4569 argumentum
2385 4492 2583 4558 sumis,
2630 4493 2778 4561 quod
2817 4494 2933 4562 ipse
2954 4507 3019 4546 ex
3051 4492 3209 4546 Patre
3249 4494 3342 4558 sit,
3376 4495 3448 4547 ita

215 4589 293 4647 εἰς
314 4585 591 4651 ἀπόδειξιν
609 4587 906 4655 λαμϐάνεις
924 4582 1098 4640 τοῦέκ
1120 4588 1215 4640 τοῦ
1237 4588 1446 4658 Πατρὸς
1469 4585 1614 4660 εἶναι,
1630 4589 1783 4654 αὐτὸ,

1893 4593 1944 4636 ct
1978 4583 2230 4648 Romani,
2262 4584 2309 4637 si
2343 4583 2519 4653 magni
2539 4584 2823 4640 Athanasii
2853 4583 3278 4639 commentarios
3295 4586 3446 4640 evolo

214 4676 357 4730 οὕτω
392 4679 486 4730 καὶ
526 4679 788 4748 Ῥωμαῖοι
846 4679 924 4747 τῷ
971 4680 1194 4748 μεγάλῳ
1240 4679 1545 4749 Ἀθανασίῳ
1589 4681 1785 4747 ἐντυγ-

1887 4682 2023 4728 v'uut
2069 4675 2252 4743 ibique
2294 4675 2362 4729 de
2413 4674 2552 4729 Filio
2601 4677 2802 4730 dictum
2837 4675 3125 4732 inveniunt
3161 4676 3285 4729 :Ea:
3332 4684 3445 4749 ipso

214 4771 468 4839 χάνοντες
520 4771 727 4834 λέγοντι
781 4771 910 4841 περὶ
959 4772 1050 4824 τοῦ
1093 4771 1222 4824 Υίοῦ
1249 4783 1265 4801 ⁸
1310 4773 1412 4833 Ἐξ
1454 4771 1639 4825 αὑτοῦ
1669 4768 1784 4827 οὖν

1889 4767 2050 4834 igitur
2075 4766 2129 4820 in
2169 4768 2343 4834 ipsum
2388 4767 2750 4834 descendebat,
2782 4783 2846 4820 ea:
2871 4769 3154 4823 divinitate
3181 4759 3368 4838 ipsius.
3394 4777 3449 4823 in

214 4861 300 4925 εις
334 4861 524 4914 αὑτὸν
549 4861 776 4930 κατῄει.
809 4862 876 4914 ἐκ
902 4861 1014 4928 τῆς
1043 4865 1321 4927 θεότητος
1348 4863 1534 4916 αὑτοῦ
1559 4865 1645 4928 εἰς
1671 4861 1787 4929 τὴν

213 4950 641 5018 ἀνθρωπότητα
670 4951 859 5005 αὐτοῦ
891 4954 991 5020 (1),
1018 4957 1099 5015 εἰς
1129 4950 1406 5016 ἀπόδειξιν
1455 4951 1612 5005 τοῦτο
1642 4955 1785 5022 λαμ-

213 5040 440 5093 ϐάνουσι
465 5041 559 5094 τοῦ
597 5045 689 5094 καὶ
728 5047 791 5095 ἐκ
825 5045 918 5113 τοῦ
946 5044 1074 5095 Υίοῦ
1110 5040 1252 5096 εἶναι
1287 5045 1439 5098 αὑτό.

809 5135 1074 5188 ΚΕΙΜΕΝ
1080 5137 1169 5189 ΟΝ
1175 5177 1188 5191 .

286 5231 410 5288 πς’.
449 5226 591 5296 Πλὴν
618 5223 772 5289 αὖθις
805 5227 1060 5289 ὁδιλεινὸς
1080 5228 1350 5297 Ζαχαρίας
1370 5230 1462 5280 καὶ
1487 5230 1782 5300 Γρηγόριος

223 5320 484 5387 παρίτω·
527 5318 625 5385 τῆς
683 5318 781 5386 σῆς
820 5317 979 5381 δόξης
1032 5321 1158 5379 τοὺς
1208 5321 1466 5388 ἐλέγχους
1519 5323 1634 5373 ἐστί
1695 5341 1783 5391 μοι

225 5409 689 5480 συνεργαζόμενος
716 5427 729 5440 ο
755 5413 783 5462 6
813 5413 919 5480 γὰρ
946 5414 1006 5462 ἐκ
1039 5411 1148 5462 τῶν
1187 5415 1405 5464 οἰκείων
1439 5415 1656 5483 ἐλεγχος
1689 5418 1783 5468 καὶ

218 5505 328 5565 τοῖς
369 5502 771 5575 ἁναιδεστὰτοις
822 5502 1270 5571 αἰδεσιμώτερος.
1333 5511 1452 5566 πς’.
1501 5506 1561 5556 Et
1605 5506 1784 5559 τοίνυν

218 5593 495 5663 Ζαχαρίας
548 5593 642 5647 καὶ
670 5593 708 5646 Γ
715 5597 974 5663 ρηγόριος
1005 5595 1279 5658 τοσούτοις
1331 5595 1508 5648 ἔτεσιν
1541 5597 1784 5667 ἀλλήλων

219 5673 562 5756 διεστηκότες
591 5685 690 5738 οὐκ
722 5685 884 5753 ἔσχον
931 5687 1030 5748 τὰς
1079 5685 1302 5755 γνώμας
1354 5687 1485 5754 περὶ
1540 5688 1634 5756 τῆς
1689 5687 1782 5740 τοῦ

221 5779 489 5844 παναγίου
519 5777 838 5831 Πνεύιιατοί·
873 5777 1257 5846 ἐκπορεύσεως
1286 5779 1658 5846 διισταμένοις,
1694 5779 1787 5846 δη-

1888 4860 2050 4928 ipsius
2088 4860 2492 4925 humanitatem,
2551 4861 2655 4914 hoc
2701 4863 2766 4915 ad
2817 4862 3300 4918 demonstrandum
3354 4877 3453 4918 su.

1892 4964 2068 5023 munt,
2110 4956 2273 5009 etiam
2310 4970 2372 5009 ex
2409 4952 2544 5008 Filio
2573 4968 2694 5009 esse
2724 4953 3011 5024 Spiritum.

2519 5141 2821 5197 TEXTUS.

1964 5230 2052 5284 86.
2081 5230 2345 5284 Caeterum
2379 5232 2640 5299 prodeant
2675 5247 2866 5285 rursus
2893 5231 3126 5301 inclytus
3158 5230 3451 5288 Zacharias

1894 5330 2055 5391 atque
2103 5322 2420 5391 Gregorius,
2477 5339 2688 5376 mecum
2729 5324 2904 5377 adhuc
2961 5324 3269 5392 opinionem
3302 5337 3452 5379 luant

1896 5413 2225 5467 rottlutaturi
2252 5414 2584 5483 ‘(confutatio
2616 5415 2759 5467 enim
2789 5428 2818 5468 e
2857 5413 3175 5468 domesticis
3205 5413 3450 5483 profecta

1893 5504 2054 5556 etiam
2088 5505 2578 5572 intpudentissimis
2615 5505 2874 5568 pudorem
2910 5507 3098 5573 creat).
3124 5505 3211 5558 86.
3237 5504 3291 5559 Si
3321 5520 3448 5574 ergo

1895 5594 2292 5648 ZachariaS‘ct
2346 5597 2639 5663 Gregorius
2697 5606 2773 5649 tot
2829 5611 3094 5650 annorum
3154 5597 3327 5664 spatio
3382 5598 3455 5651 ab

1896 5687 2126 5740 invicem
2183 5684 2446 5738 distantes
2509 5701 2612 5738 non
2673 5686 2982 5739 habuerunt
3035 5687 3332 5740 sententias
3384 5686 3456 5744 de

1896 5777 2228 5832 sanctissimi
2286 5778 2520 5847 Spiritus
2566 5779 2911 5846 processioue
2943 5780 3184 5842 dissitas,
3219 5785 3366 5832 certe
3394 5786 3454 5840 et

293 5932 369 6003 (Ι)
434 5930 630 5983 Athan.
664 5927 970 5983 Deint-aru.
1006 5928 1217 5983 Citalnr
1260 5930 1410 5985 locus
1468 5929 1771 6000 frrqucntcr

1889 5933 2053 5988 l'ecco
2088 5933 2150 5988 G.
2186 5931 2248 5989 Ο.
2277 5933 2312 5985 1.
2336 5933 2594 5990 202-529.
2639 5936 2680 5990 ll
2717 5935 2976 5989 35i-527.

539 6029 802 6087 ς’λιιιυιτσ
847 6025 959 6085 Gtt.
1004 6024 1213 6085 CXLI.

2921 6032 2986 6093 z'l
