4150 6500
204 485 318 552 857

1010 497 1445 562 REFUTATIO
1483 502 1850 567 PHOTlANl
1896 508 2113 571 LIBRI
2154 514 2249 573 DE
2281 515 2595 579 SPlRlTU
2633 520 2690 580 S.

3382 527 3489 589 853

210 603 602 703 [saw-ppsvovi)
625 608 687 662 ὲκ
704 607 797 662 τοῦ
812 609 1026 681 Πατρδς
1040 612 1441 683 ἐκπορεύεσθαι
1464 615 1523 668 τὸ
1549 616 1794 685 Πνεῦμα,
1828 670 1830 676 λ

1917 618 2061 675 licit:
2094 642 2110 674 ι
2134 624 2415 680 Diversum
2441 628 2659 681 exhibet
2677 628 3036 698 signiﬁcatum
3065 646 3160 685 vox
3185 648 3247 685 ca
3271 650 3389 703 qua:
3409 614 3493 689 di-

208 691 310 743 καὶ
339 691 536 763 ἕτερον
563 696 595 766 ἡ
625 697 847 767 Πνεῦμα
879 698 1018 753 Θεοῦ
1055 701 1085 771 ἢ
1118 702 1489 774 Κυρίου-αὑτὸ
1510 706 1741 774 λέγουσα
1779 727 1796 760 ι

208 784 327 838 Καὶ
359 787 550 841 πάλινο
590 806 608 840 ι
639 789 883 860 Οὐδεμία
911 808 971 860 γε
999 792 1108 845 τῶν
1133 794 1329 863 φωνῶν
1358 797 1465 850 τῶν
1497 800 1804 868 εἰρημένων

209 875 281 928 τὸ
325 878 730 950 ικπορεύεσθαι
774 885 896 946 ταῖς
942 884 1151 949 λέξεσιν
1203 888 1523 957 ἑρμηνεύειο
1553 892 1649 943 καὶ
1695 893 1804 962 γὰρ

211 971 549 1039 περιφανῶς
578 972 770 1043 ἕτερόν
798 977 946 1029 ἐστιν
996 978 1394 1048 ἐκπορεύεσθαι
1426 982 1522 1034 τοῦ
1588 984 1803 1054 Πατρὶς

210 1056 277 1111 τδ
310 1060 570 1131 Πνεῦμα.
603 1066 697 1117 καὶ
747 1065 877 1119 ἄλλο
935 1067 1265 1137 σημαίνουσι
1314 1073 1425 1133 τοῖς
1458 1073 1719 1143 ὀνόμασιν
1750 1078 1806 1129 αἱ

210 1148 275 1200 τδ
330 1149 567 1217 Πνεῦμα
605 1152 859 1221 λέγουσαι
887 1154 982 1207 τοῦ
1034 1156 1170 1209 Θεοῦ
1204 1160 1298 1213 καὶ
1356 1162 1563 1233 Κυρίου
1598 1166 1690 1217 καὶ
1739 1166 1808 1219 τὰ

212 1239 408 1309 ὃμοια.
426 1260 446 1293 ι
485 1243 584 1296 Ποῖ
611 1260 740 1298 ποτε
767 1245 873 1299 τῶν
898 1247 1150 1327 Γραμῶν,
1184 1251 1460 1321 σοφώτατε
1489 1254 1643 1327 ἄνερ,
1676 1257 1804 1309 ταύ-

211 1347 343 1394 ταις
372 1335 497 1397 ταῖς
529 1334 814 1404 διαφοραῖς
844 1340 1215 1409 ἐντετύχηκας
1244 1360 1259 1409 ;
1285 1343 1453 1397 Πόθεν
1483 1363 1567 1399 σοι
1602 1350 1803 1416 γέγονε

211 1424 400 1476 ταῦτα
443 1426 795 1496 νομοθετετνς
858 1431 917 1481 Εἰ
974 1430 1080 1497 γὰρ
1111 1435 1138 1485 ὁ
1169 1432 1343 1501 λέγων
1378 1437 1603 1506 Πνεῦμα
1644 1439 1803 1505 Θεοῦ,

212 1512 320 1583 ’τὴν
380 1516 445 1568 ἐκ
484 1516 620 1569 Θεοῦ
670 1518 820 1587 δηλοί
853 1520 947 1573 τοῦ
994 1522 1317 1593 Πνεῦματος
1366 1525 1623 1599 ὓπαρξιν,
1682 1533 1808 1585 κατ’

216 1607 564 1677 ἱξὴγητικὴν
600 1608 675 1679 (ι)
706 1609 1152 1681 ἀξιοπιστότερον
1190 1632 1283 1667 σου
1338 1618 1480 1670 κατὰ
1518 1596 1675 1683 πολὺ,
1716 1621 1810 1675 τὸν

221 1700 415 1769 μέγαν
451 1700 756 1763 Βασίλειον,
806 1704 966 1755 ποίαν
999 1704 1177 1770 ἕξουσι
1204 1705 1391 1778 χώραν
1430 1709 1486 1761 αἱ
1517 1710 1669 1782 παρὰ
1712 1712 1809 1765 σοῦ

221 1790 485 1859 ρηθεῖσαι
514 1790 771 1862 διαφοραί
792 1808 809 1857 ;

1906 713 1977 767 cit
2001 728 2067 767 ex
2097 714 2253 769 Patre
2279 708 2569 782 procedere
2598 718 2881 787 Spiritum,
2902 732 2957 775 et
2987 723 3264 779 diversum
3294 742 3396 780 vox
3424 741 3491 782 ea

1906 817 2021 871 qua‘
2038 819 2161 858 eum
2183 807 2288 859 dici
2320 805 2582 875 Spiritum
2613 809 2703 862 Dei
2731 810 2809 862 vel
2837 810 3105 866 Domini.»
3135 812 3483 868 Errursum:

1913 911 1931 944 ι
1974 893 2130 949 Nulla
2192 913 2380 950 eorum
2428 914 2616 953 meum
2674 900 2954 968 conceptis
3020 903 3202 958 verbis
3258 904 3493 959 aﬂlrmat

1915 990 2347 1058 processionem,
2378 1006 2502 1044 nam
2527 994 2817 1047 manifeste
2853 994 3000 1048 aliud
3034 1004 3119 1050 est
3150 976 3332 1051 dicere
3360 1012 3490 1065 pro-

1907 1079 2101 1134 cedere
2131 1095 2195 1134 ex
2227 1082 2389 1134 Patre
2430 1083 2713 1148 Spiritum,
2758 1092 2812 1137 et
2848 1085 2995 1139 aliud
3024 1084 3332 1157 signiﬁcant
3358 1087 3493 1156 ipsis

1910 1170 2088 1223 verbis
2115 1186 2275 1224 voces
2306 1188 2425 1240 quae
2469 1173 2657 1227 dicunt
2694 1172 2961 1239 Spiritum
3006 1174 3098 1229 Dei
3157 1185 3210 1230 et
3240 1176 3481 1241 Domini,

1908 1269 1965 1315 et
1996 1276 2114 1329 qum
2156 1262 2243 1315 his
2275 1263 2529 1316 similia.)
2563 1264 2789 1319 Ubinam
2815 1305 2830 1329 ,
2882 1280 2914 1317 ο
2957 1266 3037 1318 vir
3063 1267 3491 1335 sapientissime,

1910 1353 1964 1405 in
1997 1351 2292 1421 Scripturis
2338 1354 2608 1421 ejusmodi
2658 1356 2905 1423 reperisti
2944 1356 3345 1412 'diﬂerentias?
3376 1355 3496 1412 Un-

1909 1442 2104 1496 denum
2131 1457 2196 1496 eo
2235 1443 2503 1497 adductus
2533 1460 2613 1507 cs,
2674 1455 2728 1497 ut
2754 1446 2891 1498 tales
2952 1446 3100 1512 leges
3150 1447 3499 1501 constituas?

1918 1533 2049 1588 Nam
2078 1537 2123 1589 si
2165 1537 2210 1590 is
2244 1536 2333 1603 qui
2366 1538 2498 1590 dicit
2525 1536 2786 1604 Spiritum
2839 1536 2933 1591 Dei
2971 1537 3343 1592 cxsistcntiam
3371 1537 3497 1606 Spi-

1920 1626 2056 1679 ritus
2094 1642 2158 1679 cx
2196 1626 2302 1681 Deo
2336 1627 2559 1693 indicat,
2607 1626 2909 1681 secundum
2952 1614 3351 1697 expositionem
3402 1639 3495 1681 tua

1912 1702 2083 1769 multo
2108 1717 2403 1786 digniorem
2433 1716 2554 1779 ﬁde,
2581 1719 2758 1785 magni
2784 1717 3025 1771 videlicet
3054 1716 3495 1784 Basilii,qualem

1924 1806 2161 1874 amplius
2184 1807 2363 1859 locum
2396 1806 2674 1859 habebunt
2696 1805 3015 1860 diil‘erentiae
3050 1820 3079 1858 a
3113 1816 3162 1859 te
3191 1805 3499 1859 enarratio?

308 1882 724 1948 Ἐκπορεύεται
774 1884 843 1937 τὸ
886 1885 1129 1953 Πνεῦμα
1168 1887 1235 1939 ἐκ
1271 1888 1378 1942 τοῦ
1412 1893 1635 1958 ΙΙατρος
1667 1908 1681 1922 ·
1727 1894 1804 1947 Τὸ

1982 1898 2228 1952 Procedit
2275 1897 2503 1965 Spiritus
2546 1914 2610 1951 ea:
2648 1898 2847 1963 Putre;
2902 1899 3027 1952 hate
3071 1897 3239 1951 dictio
3274 1912 3499 1966 prorsus

220 1973 502 2042 ὑπάρχειν
537 1975 750 2037 πάντως
776 1976 836 2027 τὸ
862 1976 1085 2044 Πνεῦμα
1129 1979 1191 2028 ἐκ
1222 1978 1319 2030 τοῦ
1370 1981 1579 2050 Πατρδς
1606 1985 1637 2051 ἠ
1666 1983 1811 2048 λέξις

220 2063 403 2131 δηλοῖ.
424 2065 664 2133 Πνεῦμα
690 2067 839 2120 Θεοῦ
869 2067 933 2119 τὸ
961 2067 1203 2136 Πνεῦμα
1232 2088 1242 2099 ·
1272 2072 1373 2139 τὴν
1394 2074 1456 2123 ἐκ
1474 2072 1607 2126 Θεοῦ
1632 2074 1813 2146 ῦπαρ-

223 2156 309 2219 ξιν
340 2156 440 2209 τοῦ
484 2158 805 2225 Πνεῦματος
847 2161 1063 2223 πάντως
1094 2163 1124 2229 ἡ
1169 2160 1310 2225 λέξις
1339 2163 1526 2233 δηλοῖ,
1561 2166 1700 2235 εἴγε
1736 2170 1810 2235 μὴ

223 2248 458 2300 καὶτὸν
498 2248 671 2315 μέγαν
726 2248 1006 2302 Βασίλειον
1074 2251 1252 2315 ὀπίσω
1307 2254 1480 2308 θεῖναι
1542 2258 1650 2311 τῶν
1704 2260 1812 2312 σῶν

222 2339 548 2409 ἐξηγήσεων
580 2338 792 2409 βούλειο
848 2344 942 2393 καὶ
984 2344 1014 2411 ἡ
1050 2342 1284 2412 διαφορὰ
1343 2346 1529 2400 λοιπὸν
1582 2351 1690 2402 τῶν
1724 2351 1806 2405 λέ-

224 2430 369 2493 ξεων
393 2431 536 2497 ποῦ;
581 2432 643 2485 Ἠ
672 2432 766 2485 τοῦ
807 2432 1124 2503 Πνεύματος
1177 2432 1432 2505 ὖπαρξις,
1471 2440 1607 2493 καθὸ
1640 2443 1810 2494 Πνεύ-

226 2539 407 2589 pato;
464 2521 717 2590 ὖπαρξις,
788 2524 929 2593 αὐτῇ
958 2527 1023 2594 τῇ
1087 2526 1281 2594 κλήσει
1342 2528 1435 2579 τοῦ
1486 2530 1809 2600 Πνεύματος

226 2617 727 2684 συνεπινοουμένην
768 2614 865 2686 τὴν
891 2617 1220 2684 ὲκπόρευσιν
1259 2617 1391 2689 ἔχει,
1420 2623 1514 2673 καὶ
1541 2623 1640 2675 οῦκ
1664 2624 1812 2679 ἐστιν

225 2704 408 2754 εἰπεῖν
442 2701 662 2772 Πνεῦμα
702 2704 796 2756 καὶ
836 2703 911 2775 μὴ
936 2707 1269 2773 ἐκπορευτὸν
1303 2708 1491 2778 νοῆσαι
1518 2712 1670 2765 αὺτὸ-
1700 2714 1809 2767 εἴτε

226 2794 344 2863 γὰρ
393 2794 696 2858 ἀναδλύζον
748 2798 812 2848 ὲκ
854 2797 949 2849 τοῦ
979 2798 1196 2868 Πατρὸς
1222 2798 1373 2866 λέγει
1394 2817 1476 2864 τις
1499 2801 1557 2853 τὸ
1584 2804 1806 2873 Πνεῦμα

225 2886 290 2936 τὸ
323 2885 502 2955 ἆγιον,
553 2889 663 2941 εἴτε
706 2886 973 2958 πηγάζον,
1013 2891 1124 2941 εἴτε
1172 2891 1316 2943 κατά
1343 2909 1463 2944 τινα
1510 2892 1676 2964 ἄλλην
1703 2895 1811 2949 τῶν

226 2980 359 3034 ἴσαι
391 2979 566 3047 λέξεις
600 2983 700 3052 τὴν
748 2981 913 3036 αὑτοῦ
952 2982 1211 3053 δηλοῦσιν
1245 2986 1309 3037 ἐκ
1360 2985 1580 3055 Πατρὸς
1636 2985 1813 3056 ὓπαρ-

230 3072 337 3137 ξιν,
392 3073 492 3126 οὐκ
542 3074 671 3128 ἄλλο
716 3092 767 3129 τι
821 3074 1081 3146 σημαίνει
1151 3076 1301 3144 παρὰ
1350 3079 1439 3130 τὸν
1480 3079 1708 3145 λέγοντα
1746 3082 1810 3133 ὲκ

234 3164 453 3235 Πατρδς
485 3165 615 3218 αὐτὸ
641 3166 1043 3236 ἐκπορεύεσθαι
1085 3182 1098 3195 '
1138 3168 1188 3219 εί
1227 3170 1334 3237 γὰρ
1362 3169 1457 3221 καὶ
1497 3172 1668 3223 πᾶσαι
1713 3172 1810 3239 μὲν

1921 1990 2182 2059 Spiritum
2217 1993 2479 2045 exsistere
2524 1991 2781 2056 denotat;
2838 1988 3067 2057 Spiritus
3113 1988 3209 2042 Dei
3256 1998 3332 2042 est
3374 1986 3498 2053 Spi-

1919 2083 2094 2147 ritus;
2134 2079 2307 2136 Dictio
2339 2080 2453 2135 haec
2489 2096 2717 2149 prorsus
2752 2081 2974 2134 denotat
3027 2078 3262 2147 Spiritus
3292 2094 3355 2132 ex
3390 2076 3501 2130 Deo

1919 2174 2329 2238 exsistentiain,
2362 2172 2630 2241 siquidem
2671 2169 2812 2224 haud
2864 2170 2960 2224 tibi
3012 2170 3188 2238 placet
3237 2182 3495 2236 maguum

1924 2263 2191 2317 Basilium
2245 2264 2353 2317 tuis
2402 2272 2730 2332 postponere
2780 2260 3300 2330 explanationibus;
3335 2272 3504 2328 porro

1922 2354 2143 2406 ubinam
2202 2369 2349 2407 nunc
2414 2352 2719 2407 dictionum
2784 2350 3115 2406 diversitas?
3170 2350 3503 2404 Exsistentia

1919 2443 2183 2512 Spiritus,
2238 2453 2509 2515 quatenus
2560 2450 2643 2498 est
2675 2442 2926 2512 Spiritus-
2975 2442 3331 2505 exsistcutia,
3385 2442 3505 2508 ipso

1921 2534 2155 2602 Spiritus
2203 2534 2475 2589 vocabulo
2511 2531 2673 2588 simul
2724 2532 3074 2601 coniunctam
3128 2530 3294 2584 habet
3328 2530 3505 2582 notio-

1922 2639 2045 2677 nem
2100 2623 2507 2693 processionis;
2543 2637 2643 2677 nec
2672 2637 2970 2691 possumus
3018 2621 3209 2674 dicere
3239 2617 3503 2687 Spiritum

1917 2725 1968 2769 et
2003 2730 2112 2768 non
2146 2716 2523 2783 procedentem
2558 2727 2682 2767 eum
2720 2712 3041 2781 intelligere.
3069 2709 3194 2765 Sive
3220 2709 3451 2775 enimqu
3478 2721 3506 2762 ε

1921 2808 2314 2860 scaturientem
2365 2820 2430 2858 ex
2485 2803 2652 2857 Patre
2700 2803 2832 2858 dicit
2887 2800 3157 2871 Spiritum
3207 2799 3324 2853 sive
3375 2811 3502 2866 pro-

1918 2898 2173 2952 ﬂuentem
2211 2898 2326 2951 sive
2361 2895 2518 2949 aliam
2556 2892 2850 2965 quamdam
2902 2908 3094 2949 earum
3165 2898 3399 2959 usurpat
3426 2887 3509 2942 di-

1916 2990 2197 3051 ctionum,
2258 3003 2381 3056 qua:
2445 3002 2509 3041 ex
2565 2986 2739 3054 ipsius
2794 2999 2860 3039 ex
2916 2982 3076 3038 Patre
3132 2980 3505 3037 exsistentiam

1916 3080 2216 3142 declarant,
2251 3093 2358 3155 non
2415 3077 2561 3131 aliud
2597 3077 2893 3146 quidquam
2920 3073 3224 3144 signiﬁcat.
3263 3084 3425 3141 quam
3460 3068 3507 3121 is

1915 3171 2009 3239 qui
2039 3185 2161 3221 eum
2194 3183 2261 3223 ex
2292 3168 2447 3221 Patre
2479 3166 2615 3220 dicit
2651 3166 2965 3234 procedere.
2998 3163 3133 3218 Nam
3168 3162 3215 3218 3i
3262 3169 3318 3215 et
3365 3174 3491 3214 om-

229 3257 291 3308 αἱ
332 3256 492 3310 ἄλλαι
546 3255 723 3321 λέξεις
752 3256 812 3311 τὸ
852 3257 1038 3320 ἁπλῶς
1084 3253 1222 3311 εἶναι
1251 3259 1473 3328 δηλοῦσι
1515 3261 1606 3313 τοῦ
1646 3260 1813 3314 Πιεύ-

1918 3276 2013 3327 nes
2042 3260 2163 3313 alia:
2209 3258 2480 3312 dictiones
2536 3257 2862 3325 simpliciter
2901 3272 3025 3311 esse
3072 3255 3338 3311 denotant
3385 3252 3502 3322 Spi-

232 3358 433 3418 ματος,
491 3346 811 3417 ἰδιοτρόπως
849 3348 904 3401 δὲ
958 3350 991 3418 ἡ
1040 3350 1367 3419 ὲκπὸρευσις
1413 3351 1474 3403 τὸ
1524 3351 1638 3413 πῶς
1674 3346 1818 3405 εἶναι

230 3439 391 3492 αὑοῦ·
454 3437 568 3491 ἀλλ’
636 3440 759 3493 ἐπεὶ
832 3439 1043 3510 αύτὴή
1102 3441 1195 3493 τοῦ
1247 3440 1559 3509 Πνεῦμα-τος
1625 3443 1819 3511 κλῆσις

231 3530 337 3599 τὴν
372 3528 507 3598 πρὸς
533 3529 663 3583 Υίὺν
690 3530 944 3600 ἐμφαίνει
977 3530 1269 3602 διαφορὰν,
1318 3535 1411 3585 καὶ
1452 3534 1579 3603 δίχα
1601 3534 1695 3587 τοῦ
1725 3537 1819 3587 ὲκ-

232 3620 507 3691 πορευτὸν
553 3620 788 3693 ῥηθῆναι
846 3621 1002 3687 αὐτὸ,
1059 3622 1231 3692 αὐτὴν
1304 3622 1405 3693 τὴν
1462 3625 1811 3697 ὲκπορευτὴν

234 3712 633 3781 ὕπαρξιν.ὅσῳ
670 3714 767 3766 καὶ
822 3713 1145 3783 Πνεύματος
1185 3713 1447 3783 ὓπαρξιν,
1485 3718 1579 3768 καὶ
1610 3718 1643 3782 ή
1691 3719 1820 3771 ἀνά-

233 3802 430 3866 6λυσις
461 3802 612 3874 δηλοῖ
660 3805 752 3857 καὶ
780 3806 807 3857 ὀ
851 3804 1145 3875 πηγασμὸς
1174 3806 1269 3858 καὶ
1302 3806 1334 3875 ἡ
1380 3806 1644 3874 πρόχυσις
1670 3822 1687 3838 ο
1725 3809 1821 3860 καὶ

232 3895 325 3947 διὰ
359 3894 535 3949 ταῦτα
566 3896 629 3947 ού
687 3895 870 3958 καλῶς
920 3897 1378 3967 νενομοθέτηκας,
1420 3899 1447 3949 ὁ
1482 3897 1816 3964 σοφώτατος,

235 3988 342 4042 ὃσα
379 3987 513 4057 δῆτα
559 3988 994 4058 νενομοθέτηκας
1050 3988 1178 4058 περὶ
1218 3987 1505 4056 διιφορᾶς,
1542 3988 1719 4056 λέγων
1745 3989 1819 4051 ὡς

236 4078 427 4147 ἕτερον
466 4078 565 4149 μὲν
620 4082 654 4148 ὴ
705 4078 856 4144 λέξις
905 4079 1214 4148 παρίστησι
1256 4081 1660 4149 σημαινόμενον
1692 4081 1725 4149 ἡ
1757 4082 1822 4133 ἐκ

237 4167 335 4221 τοῦ
369 4168 586 4238 Πατρὸς
610 4168 1008 4239 ἐκπορεύεσθαι
1034 4170 1097 4222 τὸ
1145 4168 1391 4238 Πνεῦμα,
1423 4170 1517 4221 καὶ
1564 4168 1754 4238 ἕτερον
1786 4170 1821 4238 ἡ

239 4258 470 4327 Πνεῦμα
513 4258 647 4311 Θεοῦ
693 4258 725 4328 ἢ
762 4257 964 4329 Κυρίου
1024 4257 1157 4310 αὐτὸ
1194 4259 1452 4325 λέγουσα.
1509 4258 1651 4309 Ἀλλ’
1693 4258 1815 4310 οὐδὲ

238 4351 367 4411 ταῖς
405 4349 604 4417 ἑφεξῆς
654 4351 785 4420 περὶ
842 4349 936 4402 τοῦ
973 4349 1262 4419 ὀμοουσίου
1306 4351 1497 4420 ῥήσεσι
1550 4350 1645 4401 καὶ
1700 4350 1821 4409 ταῖς

242 4440 472 4511 Πνεῦμα
503 4441 634 4494 Υἰοῦ
686 4442 781 4494 καὶ
809 4440 1037 4510 Πνεῦμα
1073 4440 1311 4510 Χριστοῦ
1349 4441 1643 4509 δηλούσαις
1699 4457 1818 4509 φω-

1923 3352 2105 3414 ritus,
2161 3350 2382 3418 proprio
2428 3362 2560 3401 vero
2612 3346 2774 3400 modo
2826 3346 3107 3415 processio
3169 3347 3502 3402 exsistcntia:

1919 3451 2126 3499 certum
2178 3440 2399 3494 modum
2456 3437 2700 3505 indicat;
2761 3447 2937 3493 tamen
2987 3438 3248 3508 quoniam
3307 3442 3487 3509 ipsum

1922 3535 2163 3602 Spiritus
2222 3531 2549 3586 vocabulum
2600 3530 2962 3585 differentiam
3007 3530 3074 3585 ad
3124 3529 3321 3585 Filium
3376 3546 3495 3585 ma-

1921 3624 2415 3690 nifestat,ctiamsi
2481 3640 2588 3677 non
2650 3624 2865 3678 dicatur
2927 3624 3261 3693 procedens,
3312 3624 3487 3692 ipsam

1924 3717 2062 3769 hanc
2137 3714 2511 3769 exsistentiam
2601 3729 2696 3783 per
2783 3713 3231 3783 processionem,
3305 3722 3497 3783 utpote

1922 3803 2165 3873 Spiritus
2192 3803 2562 3857 exsistentiam
2587 3841 2602 3867 ,
2631 3802 2795 3856 etiam
2845 3802 3177 3857 scaturiendi
3202 3841 3218 3867 ,
3266 3810 3324 3857 et
3372 3816 3493 3870 pro-

1920 3895 2121 3949 ﬂuendi
2165 3904 2220 3949 et
2269 3895 2607 3963 proiusionis
2652 3909 2815 3949 voces
2850 3894 3151 3949 declarant.
3178 3894 3375 3964 ‘Atque
3407 3895 3489 3957 id-

1921 3988 2071 4041 eirco
2124 4003 2228 4041 non
2278 3996 2427 4041 recte
2472 3987 2618 4055 leges
2650 4000 2779 4048 eas,
2816 4000 2849 4040 o
2901 3986 3310 4055 sapientissime
3335 4026 3349 4049 ,
3384 3994 3495 4041 sta-

1922 4079 2073 4131 tuisti
2135 4092 2273 4147 quas
2317 4088 2469 4132 certo
2512 4079 2579 4131 de
2636 4077 2938 4131 diﬂ‘erentia
2978 4077 3221 4130 sancitas
3271 4077 3491 4129 voluisti

1922 4184 2202 4237 asserens,
2262 4173 2429 4225 alium
2474 4172 2843 4241 signiﬁcatum
2916 4169 3178 4224 exhibere
3245 4171 3496 4238 proposi-

1925 4264 2172 4326 tionem;
2215 4277 2280 4316 ex
2329 4261 2488 4316 Patre
2539 4262 2831 4330 procedere
2881 4261 3187 4330 Spiritum,
3220 4269 3277 4315 et
3322 4262 3489 4316 alium

1923 4356 2318 4417 assertionem,
2344 4369 2448 4423 qua
2475 4354 2712 4422 Spiritus
2763 4353 2851 4408 Dei
2885 4354 2970 4408 vel
3009 4352 3223 4407 Domini
3275 4352 3499 4407 dicitur.

1931 4447 2130 4501 Verum
2200 4461 2378 4514 neque
2441 4446 2725 4516 sequentia
2793 4446 2860 4500 de
2920 4443 3501 4499 consubstantialitatc

240 4536 362 4595 ναῖς
391 4533 609 4603 ἐχρήσω
637 4531 838 4598 καλῶς,
864 4534 993 4605 περὶ
1022 4526 1098 4586 ὧν
1125 4533 1385 4596 πολλάκις
1413 4534 1666 4597 εἰπόντες
1689 4550 1818 4585 σιω-

1924 4539 2066 4591 dieta
2115 4546 2168 4590 et
2219 4552 2419 4601 voces,
2468 4551 2589 4605 quae
2647 4535 2911 4605 Spiritum
2962 4533 3080 4589 Filii
3126 4542 3181 4588 et
3233 4533 3501 4604 Spiritum

240 4626 436 4696 πῶμεν
466 4626 535 4679 τὰ
572 4625 691 4683 νῦν.

820 4903 1207 4959 KEIMENON.

314 4996 424 5061 ια’.
458 4994 530 5047 Σὺ
557 4992 614 5048 δέ
650 5010 739 5063 μοι
773 4994 965 5047 σκόπει
992 4994 1306 5050 κάντεῦθεν.
1369 4993 1443 5047 Τὸ
1476 4994 1699 5066 Πνεῦμα
1727 4994 1820 5049 λέ-

241 5101 402 5153 γεται
452 5084 545 5137 τοῦ
585 5084 846 5155 Χριστοῦ,
888 5087 981 5139 καὶ
1014 5087 1163 5149 ὅπως
1206 5086 1451 5153 λέγεται,
1494 5087 1554 5140 οὐ
1585 5089 1818 5157 χαλεπὸν

242 5178 312 5231 ἑκ
333 5176 426 5231 τοῦ
470 5176 693 5231 Ἦσαῖου
738 5178 950 5248 μαθεῖν,
987 5178 1194 5246 μᾶλλον
1227 5178 1283 5232 δὲ
1309 5180 1405 5232 καὶ
1434 5180 1492 5245 ἐξ
1518 5179 1689 5249 αὐτῆς
1716 5180 1818 5247 τῆς

251 5269 593 5338 Δεσποτικῆς
621 5270 980 5338 ἀναγνώσεως
1037 5272 1132 5323 καὶ
1190 5269 1398 5337 φωνῆς·
1433 5270 1675 5337 Πνεῦμα
1703 5270 1815 5340 γὰρ

242 5362 335 5414 ἐπ’
372 5360 498 5429 ἐμὲ,
555 5363 740 5430 φησὶν,
798 5358 869 5417 οὗ
914 5360 1149 5415 εἵνεκεν
1186 5360 1396 5431 ἐχρισέ
1432 5377 1527 5429 με⁵
1584 5361 1724 5415 ὥστε
1757 5362 1818 5415 τὸ

246 5451 473 5523 Πνεῦμα
493 5452 649 5507 ἄλλον
674 5454 772 5523 μὲν
790 5455 991 5523 τρόπον
1014 5452 1231 5520 λέγεται
1248 5453 1343 5506 τοῦ
1371 5454 1604 5523 Κυρίου,
1625 5453 1816 5523 ἕτερον

247 5542 303 5595 ὁὶ
335 5542 430 5594 τοῦ
461 5541 613 5594 Υίοῦ”
642 5547 703 5593 τὸ
738 5542 835 5609 μὲν
860 5542 967 5611 γὰρ
1000 5542 1077 5603 ὡς
1098 5541 1386 5612 ὀμοούσιον
1417 5558 1430 5572 ·
1466 5542 1527 5595 τὸ
1564 5542 1622 5595 δὲ
1651 5544 1699 5595 εί
1725 5544 1818 5595 καὶ

247 5632 553 5701 ὁμοούσιον,
581 5631 717 5684 ἀλλὰ
752 5632 848 5686 νῦν
877 5646 941 5700 γε
971 5631 1061 5685 διὰ
1088 5633 1153 5686 τὸ
1200 5634 1415 5704 χρίσμα
1472 5632 1691 5701 λέγεται
1720 5633 1816 5687 τοῦ

249 5720 405 5776 Υἱοῦο
436 5720 674 5783 Χριστοῦ
715 5721 792 5792 (2)
841 5723 951 5794 γὰρ
1001 5721 1251 5797 Πνεῦμα,
1285 5725 1368 5779 ὅτι
1422 5724 1566 5797 χρίει
1628 5724 1814 5780 αὐτόν’

316 5878 392 5950 (ι)
421 5877 565 5934 Fort.
590 5877 883 5951 ιξηγητήν.

1852 4626 1893 4679 D
1923 4628 2124 4683 Christi
2159 4628 2350 4683 dicunt
2410 4627 2481 4695 (c.
2522 4628 2611 4690 9|,
2645 4625 2736 4696 92)
2780 4636 2926 4683 recte
2974 4624 3292 4685 adhibuisti.
3345 4640 3491 4695 quae,

1921 4735 2044 4773 cum
2069 4717 2181 4787 jam
2210 4718 2409 4786 saepius
2438 4716 2505 4771 de
2533 4716 2600 4771 iis
2626 4714 2927 4772 dixerimus
2951 4757 2966 4781 ,
3006 4716 3062 4771 in
3095 4714 3380 4786 praesentia
3424 4716 3499 4772 si-

1920 4812 2089 4868 lentio
2118 4812 2487 4880 praeterimus.

2576 4899 2879 4956 TﬁXTUS.

1991 4997 2079 5053 93.
2114 4995 2195 5050 Tu
2230 5010 2359 5049 vero
2394 4994 2518 5049 hinc
2544 5009 2764 5063 quoque
2815 5008 2926 5048 rem
2962 4994 3233 5063 expende.
3264 4991 3502 5061 Spiritus

1920 5087 2120 5142 dicitur
2176 5087 2414 5155 Spiritus
2461 5084 2702 5146 Christi,
2751 5096 2800 5137 et
2845 5098 2951 5153 qua
3010 5086 3219 5137 ratione
3266 5082 3503 5147 dicatur,

1920 5193 2030 5232 non
2093 5186 2180 5231 est
2233 5176 2451 5229 diﬂicilc
2503 5191 2565 5228 ex
2624 5175 2759 5229 Isaia
2820 5176 3050 5238 discere,
3099 5175 3211 5226 imo
3259 5187 3387 5225 vero
3437 5185 3499 5224 ex

1921 5268 2155 5338 ipsamet
2185 5266 2398 5319 Domini
2432 5265 2750 5320 recitatione
2773 5279 2836 5320 ac
2868 5281 2998 5319 voce
3026 5283 3040 5318 :
3078 5262 3312 5332 Spiritus
3356 5262 3498 5316 enim

1923 5359 2184 5423 Domini,
2230 5358 2433 5427 inquit,
2492 5373 2651 5427 super
2706 5373 2823 5421 me.
2862 5369 3135 5427 propterea
3195 5356 3346 5407 unxit
3397 5370 3497 5407 me.

1918 5451 2283 5516 Quamobrem
2337 5449 2572 5517 Spiritus
2624 5449 2733 5503 alio
2784 5449 2946 5503 modo
2995 5448 3195 5503 dicitur
3258 5445 3496 5509 Domini,

1919 5544 2026 5597 alio
2071 5543 2234 5597 modo
2262 5539 2419 5605 Filii;
2458 5540 2695 5609 Spiritus
2749 5540 2958 5594 Domini
3012 5548 3197 5607 utpzite
3252 5537 3494 5591 consub—

1920 5632 2236 5697 stantialis;
2281 5629 2518 5701 Spiritus
2571 5644 2700 5684 vero
2751 5628 2917 5695 Filii,
2964 5630 3091 5684 licet
3141 5629 3210 5683 sit
3259 5626 3494 5682 consub-

1921 5714 2216 5791 stantialis,
2244 5734 2427 5780 tamen
2457 5734 2677 5796 propter
2701 5725 3011 5781 unctionem
3040 5724 3259 5778 dicitur.
3287 5720 3491 5777 Christi

1991 5880 2069 5954 (‘2)
2103 5880 2268 5936 Laur.
2298 5880 2457 5936 habet
2484 5877 2713 5949 Κυρίου.
