  <div class='ocr_page' id='page_1' title='image "/cluster/home/n/w/nwhite01/storage/ocr_20150623/141/pst.000005714575/442.png"; bbox 0 0 4150 6482; ppageno 0'>
   <div class='ocr_carea' id='block_1_1' title="bbox 298 497 414 563">
    <p class='ocr_par' dir='ltr' id='par_1_1' title="bbox 298 497 414 563">
     <span class='ocr_line' id='line_1_1' title="bbox 298 497 414 563; baseline -0.017 0"><span class='ocrx_word' id='word_1_1' title='bbox 298 497 414 563; x_wconf 76' lang='lat'><strong>855</strong></span> 
     </span>
    </p>
   </div>
   <div class='ocr_carea' id='block_1_2' title="bbox 1236 495 2642 566">
    <p class='ocr_par' dir='ltr' id='par_1_2' title="bbox 1236 495 2642 566">
     <span class='ocr_line' id='line_1_2' title="bbox 1236 495 2642 566; baseline 0.008 -13"><span class='ocrx_word' id='word_1_2' title='bbox 1236 495 1684 556; x_wconf 57' lang='lat' dir='ltr'><strong>REFUTJTIU</strong></span> <span class='ocrx_word' id='word_1_3' title='bbox 1728 496 1945 558; x_wconf 75' lang='lat' dir='ltr'><strong>LIBRI</strong></span> <span class='ocrx_word' id='word_1_4' title='bbox 1986 500 2319 563; x_wconf 78' lang='lat' dir='ltr'>GEORGII</span> <span class='ocrx_word' id='word_1_5' title='bbox 2363 505 2642 566; x_wconf 74' lang='lat' dir='ltr'><strong>CYPRII.</strong></span> 
     </span>
    </p>
   </div>
   <div class='ocr_carea' id='block_1_3' title="bbox 3489 508 3592 565">
    <p class='ocr_par' dir='ltr' id='par_1_3' title="bbox 3489 508 3592 565">
     <span class='ocr_line' id='line_1_3' title="bbox 3489 508 3592 565; baseline 0 -1"><span class='ocrx_word' id='word_1_6' title='bbox 3489 508 3592 565; x_wconf 77' lang='lat'><strong>860&#39;</strong></span> 
     </span>
    </p>
   </div>
   <div class='ocr_carea' id='block_1_4' title="bbox 301 610 1898 686">
    <p class='ocr_par' dir='ltr' id='par_1_4' title="bbox 301 610 1898 686">
     <span class='ocr_line' id='line_1_4' title="bbox 301 610 1898 686; baseline 0.001 -20"><span class='ocrx_word' id='word_1_7' title='bbox 301 615 413 686; x_wconf 70' lang='grc' dir='ltr'><strong>χὰς</strong></span> <span class='ocrx_word' id='word_1_8' title='bbox 447 616 475 668; x_wconf 89' lang='grc' dir='ltr'>ὁ</span> <span class='ocrx_word' id='word_1_9' title='bbox 510 613 607 683; x_wconf 79' lang='grc' dir='ltr'>τῆς</span> <span class='ocrx_word' id='word_1_10' title='bbox 639 610 798 684; x_wconf 74' lang='grc' dir='ltr'>ἡμῶν</span> <span class='ocrx_word' id='word_1_11' title='bbox 823 610 1102 682; x_wconf 84' lang='grc' dir='ltr'>σωτηρίας</span> <span class='ocrx_word' id='word_1_12' title='bbox 1129 611 1503 684; x_wconf 75' lang='grc' dir='ltr'>ἀναρριπίσας</span> <span class='ocrx_word' id='word_1_13' title='bbox 1535 613 1797 684; x_wconf 83' lang='grc' dir='ltr'>πολέμιος</span> <span class='ocrx_word' id='word_1_14' title='bbox 1826 617 1898 677; x_wconf 80' lang='grc' dir='ltr'><strong>είς</strong></span> 
     </span>
    </p>
   </div>
   <div class='ocr_carea' id='block_1_5' title="bbox 2005 610 3598 686">
    <p class='ocr_par' dir='ltr' id='par_1_5' title="bbox 2015 617 3598 679">
     <span class='ocr_line' id='line_1_5' title="bbox 2015 617 3598 679; baseline 0.005 -8"><span class='ocrx_word' id='word_1_15' title='bbox 2015 617 2293 676; x_wconf 85' lang='lat' dir='ltr'><strong>Eeclesias</strong></span> <span class='ocrx_word' id='word_1_16' title='bbox 2323 622 2632 675; x_wconf 74' lang='lat' dir='ltr'><strong>simultates</strong></span> <span class='ocrx_word' id='word_1_17' title='bbox 2667 636 2728 674; x_wconf 90' lang='lat' dir='ltr'><strong>ae</strong></span> <span class='ocrx_word' id='word_1_18' title='bbox 2757 621 2947 678; x_wconf 98' lang='lat' dir='ltr'><strong>turbas</strong></span> <span class='ocrx_word' id='word_1_19' title='bbox 2977 620 3175 677; x_wconf 90' lang='lat' dir='ltr'><strong>salutis</strong></span> <span class='ocrx_word' id='word_1_20' title='bbox 3199 630 3403 677; x_wconf 82' lang='lat' dir='ltr'><strong>nostra:</strong></span> <span class='ocrx_word' id='word_1_21' title='bbox 3428 624 3598 679; x_wconf 78' lang='lat' dir='ltr'><strong>hostia</strong></span> 
     </span>
    </p>
   </div>
   <div class='ocr_carea' id='block_1_6' title="bbox 300 703 1909 776">
    <p class='ocr_par' dir='ltr' id='par_1_6' title="bbox 300 703 1909 776">
     <span class='ocr_line' id='line_1_6' title="bbox 300 703 1909 776; baseline -0.001 -17"><span class='ocrx_word' id='word_1_22' title='bbox 300 706 370 759; x_wconf 84' lang='grc' dir='ltr'>τὸ</span> <span class='ocrx_word' id='word_1_23' title='bbox 398 706 617 760; x_wconf 83' lang='grc' dir='ltr'>πάντων</span> <span class='ocrx_word' id='word_1_24' title='bbox 645 705 758 758; x_wconf 87' lang='grc' dir='ltr'><strong>τῶν</strong></span> <span class='ocrx_word' id='word_1_25' title='bbox 786 703 975 756; x_wconf 85' lang='grc' dir='ltr'>κακῶν</span> <span class='ocrx_word' id='word_1_26' title='bbox 998 703 1229 774; x_wconf 78' lang='grc' dir='ltr'>ἔσχατον</span> <span class='ocrx_word' id='word_1_27' title='bbox 1264 704 1362 774; x_wconf 77' lang='grc' dir='ltr'>τὴν</span> <span class='ocrx_word' id='word_1_28' title='bbox 1392 706 1605 760; x_wconf 76' lang='grc' dir='ltr'>οἰκείαν</span> <span class='ocrx_word' id='word_1_29' title='bbox 1627 707 1720 759; x_wconf 89' lang='grc' dir='ltr'><strong>νῦν</strong></span> <span class='ocrx_word' id='word_1_30' title='bbox 1749 715 1909 776; x_wconf 82' lang='grc' dir='ltr'>περι-</span> 
     </span>
    </p>
   </div>
   <div class='ocr_carea' id='block_1_7' title="bbox 304 794 1910 866">
    <p class='ocr_par' dir='ltr' id='par_1_7' title="bbox 304 794 1910 866">
     <span class='ocr_line' id='line_1_7' title="bbox 304 794 1910 866; baseline 0.001 -17"><span class='ocrx_word' id='word_1_31' title='bbox 304 799 520 866; x_wconf 56' lang='grc' dir='ltr'>στῆσαι</span> <span class='ocrx_word' id='word_1_32' title='bbox 543 795 800 864; x_wconf 79' lang='grc' dir='ltr'>σπουδήν.</span> <span class='ocrx_word' id='word_1_33' title='bbox 837 796 900 848; x_wconf 71' lang='lat' dir='ltr'><strong>EE</strong></span> <span class='ocrx_word' id='word_1_34' title='bbox 933 797 1042 864; x_wconf 78' lang='grc' dir='ltr'>γὰρ</span> <span class='ocrx_word' id='word_1_35' title='bbox 1074 797 1167 848; x_wconf 78' lang='grc' dir='ltr'>καὶ</span> <span class='ocrx_word' id='word_1_36' title='bbox 1214 794 1384 864; x_wconf 81' lang='grc' dir='ltr'>τριῶν</span> <span class='ocrx_word' id='word_1_37' title='bbox 1432 796 1570 850; x_wconf 85' lang='grc' dir='ltr'>ὅλων</span> <span class='ocrx_word' id='word_1_38' title='bbox 1614 799 1910 851; x_wconf 77' lang='grc' dir='ltr'>ἑκατοντά-</span> 
     </span>
    </p>
   </div>
   <div class='ocr_carea' id='block_1_8' title="bbox 298 880 1912 958">
    <p class='ocr_par' dir='ltr' id='par_1_8' title="bbox 298 880 1912 958">
     <span class='ocr_line' id='line_1_8' title="bbox 298 880 1912 958; baseline -0.001 -19"><span class='ocrx_word' id='word_1_39' title='bbox 298 888 414 939; x_wconf 88' lang='grc' dir='ltr'><strong>δων</strong></span> <span class='ocrx_word' id='word_1_40' title='bbox 447 887 643 956; x_wconf 88' lang='grc' dir='ltr'>χρόνου</span> <span class='ocrx_word' id='word_1_41' title='bbox 689 887 889 956; x_wconf 81' lang='grc' dir='ltr'><strong>μέτρον</strong></span> <span class='ocrx_word' id='word_1_42' title='bbox 921 885 1256 957; x_wconf 75' lang='grc' dir='ltr'>ὑπερετάθη,</span> <span class='ocrx_word' id='word_1_43' title='bbox 1291 887 1384 954; x_wconf 82' lang='grc' dir='ltr'><strong>ἀφ’</strong></span> <span class='ocrx_word' id='word_1_44' title='bbox 1417 880 1478 939; x_wconf 80' lang='grc' dir='ltr'><strong>οὑ</strong></span> <span class='ocrx_word' id='word_1_45' title='bbox 1512 888 1620 939; x_wconf 85' lang='grc' dir='ltr'><strong>τῶν</strong></span> <span class='ocrx_word' id='word_1_46' title='bbox 1677 887 1912 958; x_wconf 77' lang='grc' dir='ltr'>Ἐκκληο</span> 
     </span>
    </p>
   </div>
   <div class='ocr_carea' id='block_1_9' title="bbox 305 977 1911 1052">
    <p class='ocr_par' dir='ltr' id='par_1_9' title="bbox 305 977 1911 1052">
     <span class='ocr_line' id='line_1_9' title="bbox 305 977 1911 1052; baseline 0 -22"><span class='ocrx_word' id='word_1_47' title='bbox 305 979 444 1052; x_wconf 87' lang='grc' dir='ltr'>σιῶν</span> <span class='ocrx_word' id='word_1_48' title='bbox 468 977 676 1030; x_wconf 84' lang='grc' dir='ltr'>τούτων</span> <span class='ocrx_word' id='word_1_49' title='bbox 706 978 1316 1048; x_wconf 82' lang='grc' dir='ltr'>σχίσμα-κρατύνεσθαι</span> <span class='ocrx_word' id='word_1_50' title='bbox 1349 977 1576 1047; x_wconf 51' lang='lat' dir='ltr'><strong>meum,</strong></span> <span class='ocrx_word' id='word_1_51' title='bbox 1610 978 1727 1032; x_wconf 82' lang='grc' dir='ltr'>ἀλλ’</span> <span class='ocrx_word' id='word_1_52' title='bbox 1754 978 1911 1031; x_wconf 86' lang='grc' dir='ltr'>οὑπω</span> 
     </span>
    </p>
   </div>
   <div class='ocr_carea' id='block_1_10' title="bbox 307 1055 1909 1140">
    <p class='ocr_par' dir='ltr' id='par_1_10' title="bbox 307 1055 1909 1140">
     <span class='ocr_line' id='line_1_10' title="bbox 307 1055 1909 1140; baseline 0 -18"><span class='ocrx_word' id='word_1_53' title='bbox 307 1071 474 1139; x_wconf 74' lang='grc' dir='ltr'>μέχρι</span> <span class='ocrx_word' id='word_1_54' title='bbox 510 1071 605 1122; x_wconf 71' lang='grc' dir='ltr'>καί.</span> <span class='ocrx_word' id='word_1_55' title='bbox 641 1070 733 1121; x_wconf 81' lang='grc' dir='ltr'><strong>νῦν</strong></span> <span class='ocrx_word' id='word_1_56' title='bbox 766 1073 794 1122; x_wconf 91' lang='grc' dir='ltr'><strong>ό</strong></span> <span class='ocrx_word' id='word_1_57' title='bbox 822 1055 930 1123; x_wconf 88' lang='grc' dir='ltr'><strong>τῶν</strong></span> <span class='ocrx_word' id='word_1_58' title='bbox 967 1069 1145 1139; x_wconf 82' lang='grc' dir='ltr'>ὀρθῶν</span> <span class='ocrx_word' id='word_1_59' title='bbox 1197 1069 1486 1139; x_wconf 75' lang='grc' dir='ltr'><strong>δογμάτων</strong></span> <span class='ocrx_word' id='word_1_60' title='bbox 1533 1069 1631 1138; x_wconf 76' lang='grc' dir='ltr'><strong>τῆς</strong></span> <span class='ocrx_word' id='word_1_61' title='bbox 1673 1071 1909 1140; x_wconf 84' lang='grc' dir='ltr'>Ἐκκλη-</span> 
     </span>
    </p>
   </div>
   <div class='ocr_carea' id='block_1_11' title="bbox 305 1157 1910 1231">
    <p class='ocr_par' dir='ltr' id='par_1_11' title="bbox 305 1157 1910 1231">
     <span class='ocr_line' id='line_1_11' title="bbox 305 1157 1910 1231; baseline 0.001 -17"><span class='ocrx_word' id='word_1_62' title='bbox 305 1167 430 1225; x_wconf 76' lang='grc' dir='ltr'>σὶας</span> <span class='ocrx_word' id='word_1_63' title='bbox 465 1161 727 1228; x_wconf 81' lang='grc' dir='ltr'>θέμεθλος</span> <span class='ocrx_word' id='word_1_64' title='bbox 763 1161 1061 1228; x_wconf 81' lang='grc' dir='ltr'>διεσείσθη.</span> <span class='ocrx_word' id='word_1_65' title='bbox 1091 1162 1306 1230; x_wconf 56' lang='grc' dir='ltr'>Σχίσμα</span> <span class='ocrx_word' id='word_1_66' title='bbox 1332 1161 1387 1213; x_wconf 82' lang='grc' dir='ltr'>δὲ</span> <span class='ocrx_word' id='word_1_67' title='bbox 1419 1157 1486 1231; x_wconf 83' lang='grc' dir='ltr'>ἦν</span> <span class='ocrx_word' id='word_1_68' title='bbox 1514 1162 1687 1224; x_wconf 69' lang='grc' dir='ltr'>ἄλλως</span> <span class='ocrx_word' id='word_1_69' title='bbox 1719 1163 1910 1216; x_wconf 76' lang='grc' dir='ltr'>ἑκατέ-</span> 
     </span>
    </p>
   </div>
   <div class='ocr_carea' id='block_1_12' title="bbox 308 1251 1908 1324">
    <p class='ocr_par' dir='ltr' id='par_1_12' title="bbox 308 1251 1908 1324">
     <span class='ocr_line' id='line_1_12' title="bbox 308 1251 1908 1324; baseline 0.003 -20"><span class='ocrx_word' id='word_1_70' title='bbox 308 1269 424 1322; x_wconf 80' lang='grc' dir='ltr'>ροις</span> <span class='ocrx_word' id='word_1_71' title='bbox 449 1254 560 1313; x_wconf 76' lang='grc' dir='ltr'>τοῖς</span> <span class='ocrx_word' id='word_1_72' title='bbox 587 1252 814 1321; x_wconf 85' lang='grc' dir='ltr'>μέρεσιν</span> <span class='ocrx_word' id='word_1_73' title='bbox 863 1251 1303 1320; x_wconf 65' lang='grc' dir='ltr'>ἐμφιλοχωροῦν,</span> <span class='ocrx_word' id='word_1_74' title='bbox 1340 1252 1600 1320; x_wconf 75' lang='grc' dir='ltr'>καϊλὸγοι</span> <span class='ocrx_word' id='word_1_75' title='bbox 1630 1255 1908 1324; x_wconf 78' lang='grc' dir='ltr'>ἑκατέρω-</span> 
     </span>
    </p>
   </div>
   <div class='ocr_carea' id='block_1_13' title="bbox 306 1337 1907 1413">
    <p class='ocr_par' dir='ltr' id='par_1_13' title="bbox 306 1337 1907 1413">
     <span class='ocr_line' id='line_1_13' title="bbox 306 1337 1907 1413; baseline 0.001 -20"><span class='ocrx_word' id='word_1_76' title='bbox 306 1343 401 1393; x_wconf 86' lang='grc' dir='ltr'><strong>θεν</strong></span> <span class='ocrx_word' id='word_1_77' title='bbox 445 1343 817 1401; x_wconf 80' lang='grc' dir='ltr'>διαλεκτικαῐς</span> <span class='ocrx_word' id='word_1_78' title='bbox 847 1340 1094 1409; x_wconf 81' lang='grc' dir='ltr'>μεθόδοις</span> <span class='ocrx_word' id='word_1_79' title='bbox 1133 1337 1666 1410; x_wconf 77' lang='grc' dir='ltr'>παρακροτοὺμενοι,</span> <span class='ocrx_word' id='word_1_80' title='bbox 1703 1341 1907 1413; x_wconf 76' lang='grc' dir='ltr'>παρεξ-</span> 
     </span>
    </p>
   </div>
   <div class='ocr_carea' id='block_1_14' title="bbox 301 1432 1908 1510">
    <p class='ocr_par' dir='ltr' id='par_1_14' title="bbox 301 1432 1908 1504">
     <span class='ocr_line' id='line_1_14' title="bbox 301 1432 1908 1504; baseline 0.004 -20"><span class='ocrx_word' id='word_1_81' title='bbox 301 1435 540 1504; x_wconf 81' lang='grc' dir='ltr'>ηγὴσεσί</span> <span class='ocrx_word' id='word_1_82' title='bbox 567 1451 691 1495; x_wconf 72' lang='grc' dir='ltr'>τισι,</span> <span class='ocrx_word' id='word_1_83' title='bbox 761 1435 872 1485; x_wconf 84' lang='grc' dir='ltr'><strong>τῶν</strong></span> <span class='ocrx_word' id='word_1_84' title='bbox 923 1432 1161 1500; x_wconf 69' lang='grc' dir='ltr'>Τραφῶν</span> <span class='ocrx_word' id='word_1_85' title='bbox 1197 1432 1258 1483; x_wconf 83' lang='grc' dir='ltr'><strong>τὸ</strong></span> <span class='ocrx_word' id='word_1_86' title='bbox 1287 1433 1385 1501; x_wconf 80' lang='grc' dir='ltr'><strong>τῆς</strong></span> <span class='ocrx_word' id='word_1_87' title='bbox 1418 1436 1629 1497; x_wconf 80' lang='grc' dir='ltr'>ἐννοίας</span> <span class='ocrx_word' id='word_1_88' title='bbox 1681 1436 1908 1489; x_wconf 84' lang='grc' dir='ltr'>συνετά-</span> 
     </span>
    </p>
   </div>
   <div class='ocr_carea' id='block_1_15' title="bbox 305 1523 1906 1597">
    <p class='ocr_par' dir='ltr' id='par_1_15' title="bbox 305 1523 1906 1597">
     <span class='ocr_line' id='line_1_15' title="bbox 305 1523 1906 1597; baseline -0.001 -19"><span class='ocrx_word' id='word_1_89' title='bbox 305 1543 505 1597; x_wconf 83' lang='grc' dir='ltr'>ραττον</span> <span class='ocrx_word' id='word_1_90' title='bbox 554 1524 816 1595; x_wconf 77' lang='grc' dir='ltr'>καθαρόν.</span> <span class='ocrx_word' id='word_1_91' title='bbox 869 1523 983 1576; x_wconf 78' lang='grc' dir='ltr'>Νῦν</span> <span class='ocrx_word' id='word_1_92' title='bbox 1040 1525 1096 1575; x_wconf 86' lang='grc' dir='ltr'>δὲ</span> <span class='ocrx_word' id='word_1_93' title='bbox 1140 1525 1217 1585; x_wconf 85' lang='grc' dir='ltr'><strong>είς</strong></span> <span class='ocrx_word' id='word_1_94' title='bbox 1270 1527 1550 1593; x_wconf 71' lang='grc' dir='ltr'>φανεράν,</span> <span class='ocrx_word' id='word_1_95' title='bbox 1588 1524 1764 1594; x_wconf 80' lang='grc' dir='ltr'>οἶμοιί</span> <span class='ocrx_word' id='word_1_96' title='bbox 1809 1528 1906 1596; x_wconf 81' lang='grc' dir='ltr'>τὴν</span> 
     </span>
    </p>
   </div>
   <div class='ocr_carea' id='block_1_16' title="bbox 303 1615 1906 1688">
    <p class='ocr_par' dir='ltr' id='par_1_16' title="bbox 303 1615 1906 1688">
     <span class='ocr_line' id='line_1_16' title="bbox 303 1615 1906 1688; baseline -0.001 -18"><span class='ocrx_word' id='word_1_97' title='bbox 303 1620 518 1688; x_wconf 82' lang='grc' dir='ltr'>αἵρεσιν</span> <span class='ocrx_word' id='word_1_98' title='bbox 566 1620 598 1668; x_wconf 72' lang='grc' dir='ltr'><strong>ὁ</strong></span> <span class='ocrx_word' id='word_1_99' title='bbox 633 1617 869 1687; x_wconf 76' lang='grc' dir='ltr'>πονηρὸς</span> <span class='ocrx_word' id='word_1_100' title='bbox 914 1615 1432 1678; x_wconf 74' lang='grc' dir='ltr'>ἀπαυθαδιάζεται,</span> <span class='ocrx_word' id='word_1_101' title='bbox 1490 1619 1582 1670; x_wconf 79' lang='grc' dir='ltr'><strong>καὶ</strong></span> <span class='ocrx_word' id='word_1_102' title='bbox 1638 1619 1906 1688; x_wconf 67' lang='grc' dir='ltr'>πριεδηλον</span> 
     </span>
    </p>
   </div>
   <div class='ocr_carea' id='block_1_17' title="bbox 304 1708 1903 1779">
    <p class='ocr_par' dir='ltr' id='par_1_17' title="bbox 304 1708 1903 1779">
     <span class='ocr_line' id='line_1_17' title="bbox 304 1708 1903 1779; baseline -0.001 -17"><span class='ocrx_word' id='word_1_103' title='bbox 304 1712 435 1779; x_wconf 82' lang='grc' dir='ltr'>ἄρτι</span> <span class='ocrx_word' id='word_1_104' title='bbox 495 1711 606 1761; x_wconf 83' lang='grc' dir='ltr'><strong>τῶν</strong></span> <span class='ocrx_word' id='word_1_105' title='bbox 668 1709 958 1778; x_wconf 83' lang='grc' dir='ltr'>πατρικῶν</span> <span class='ocrx_word' id='word_1_106' title='bbox 1000 1708 1292 1776; x_wconf 77' lang='grc' dir='ltr'>δογμάτων</span> <span class='ocrx_word' id='word_1_107' title='bbox 1345 1710 1745 1779; x_wconf 35' lang='grc' dir='ltr'>είσηγούδιενος</span> <span class='ocrx_word' id='word_1_108' title='bbox 1806 1710 1903 1779; x_wconf 83' lang='grc' dir='ltr'><strong>τὴν</strong></span> 
     </span>
    </p>
   </div>
   <div class='ocr_carea' id='block_1_18' title="bbox 303 1800 1905 1872">
    <p class='ocr_par' dir='ltr' id='par_1_18' title="bbox 303 1800 1905 1872">
     <span class='ocr_line' id='line_1_18' title="bbox 303 1800 1905 1872; baseline -0.001 -16"><span class='ocrx_word' id='word_1_109' title='bbox 303 1804 587 1872; x_wconf 78' lang='grc' dir='ltr'>ἀθέτησιν,</span> <span class='ocrx_word' id='word_1_110' title='bbox 610 1802 710 1870; x_wconf 76' lang='grc' dir='ltr'><strong>τῆς</strong></span> <span class='ocrx_word' id='word_1_111' title='bbox 739 1801 995 1853; x_wconf 79' lang='grc' dir='ltr'>ἐντεῦθεν</span> <span class='ocrx_word' id='word_1_112' title='bbox 1021 1800 1310 1870; x_wconf 77' lang='grc' dir='ltr'>αἱρετικῆς</span> <span class='ocrx_word' id='word_1_113' title='bbox 1336 1803 1537 1864; x_wconf 58' lang='grc' dir='ltr'>κακίας</span> <span class='ocrx_word' id='word_1_114' title='bbox 1568 1804 1750 1856; x_wconf 79' lang='grc' dir='ltr'>πᾶσαν</span> <span class='ocrx_word' id='word_1_115' title='bbox 1772 1803 1905 1854; x_wconf 81' lang='grc' dir='ltr'>ἁνα-</span> 
     </span>
    </p>
   </div>
   <div class='ocr_carea' id='block_1_19' title="bbox 303 1892 1898 1963">
    <p class='ocr_par' dir='ltr' id='par_1_19' title="bbox 303 1892 1898 1963">
     <span class='ocr_line' id='line_1_19' title="bbox 303 1892 1898 1963; baseline 0 -16"><span class='ocrx_word' id='word_1_116' title='bbox 303 1895 513 1962; x_wconf 70' lang='grc' dir='ltr'>πλησαι</span> <span class='ocrx_word' id='word_1_117' title='bbox 565 1893 664 1962; x_wconf 73' lang='grc' dir='ltr'><strong>τὴν</strong></span> <span class='ocrx_word' id='word_1_118' title='bbox 716 1892 812 1944; x_wconf 84' lang='grc' dir='ltr'><strong>τοῦ</strong></span> <span class='ocrx_word' id='word_1_119' title='bbox 882 1892 1021 1947; x_wconf 86' lang='grc' dir='ltr'>Θεοῦ</span> <span class='ocrx_word' id='word_1_120' title='bbox 1078 1893 1407 1963; x_wconf 81' lang='grc' dir='ltr'>Ἐκκλησίαν</span> <span class='ocrx_word' id='word_1_121' title='bbox 1452 1894 1898 1947; x_wconf 79' lang='grc' dir='ltr'>ἁπαναιδεύεται.</span> 
     </span>
    </p>
   </div>
   <div class='ocr_carea' id='block_1_20' title="bbox 2011 713 3597 777">
    <p class='ocr_par' dir='ltr' id='par_1_20' title="bbox 2011 713 3597 777">
     <span class='ocr_line' id='line_1_20' title="bbox 2011 713 3597 777; baseline 0.001 -10"><span class='ocrx_word' id='word_1_122' title='bbox 2011 715 2326 777; x_wconf 78' lang='lat' dir='ltr'><strong>excitasset,</strong></span> <span class='ocrx_word' id='word_1_123' title='bbox 2367 730 2511 768; x_wconf 88' lang='lat' dir='ltr'><strong>nunc</strong></span> <span class='ocrx_word' id='word_1_124' title='bbox 2545 714 2762 766; x_wconf 61' lang='lat' dir='ltr'><strong>tandem</strong></span> <span class='ocrx_word' id='word_1_125' title='bbox 2805 713 2858 766; x_wconf 88' lang='lat' dir='ltr'><strong>in</strong></span> <span class='ocrx_word' id='word_1_126' title='bbox 2895 714 3164 769; x_wconf 87' lang='lat' dir='ltr'><strong>malorum</strong></span> <span class='ocrx_word' id='word_1_127' title='bbox 3210 715 3458 768; x_wconf 87' lang='lat' dir='ltr'><strong>omnium</strong></span> <span class='ocrx_word' id='word_1_128' title='bbox 3502 731 3597 770; x_wconf 71' lang='lat' dir='ltr'><strong>ex.</strong></span> 
     </span>
    </p>
   </div>
   <div class='ocr_carea' id='block_1_21' title="bbox 2014 805 3598 875">
    <p class='ocr_par' dir='ltr' id='par_1_21' title="bbox 2014 805 3598 875">
     <span class='ocr_line' id='line_1_21' title="bbox 2014 805 3598 875; baseline 0.004 -19"><span class='ocrx_word' id='word_1_129' title='bbox 2014 813 2249 857; x_wconf 88' lang='lat' dir='ltr'><strong>tremum</strong></span> <span class='ocrx_word' id='word_1_130' title='bbox 2309 806 2491 858; x_wconf 88' lang='lat' dir='ltr'><strong>studia</strong></span> <span class='ocrx_word' id='word_1_131' title='bbox 2539 820 2638 858; x_wconf 88' lang='lat' dir='ltr'><strong>sua</strong></span> <span class='ocrx_word' id='word_1_132' title='bbox 2693 805 3110 875; x_wconf 68' lang='lat' dir='ltr'><strong>omniafatque</strong></span> <span class='ocrx_word' id='word_1_133' title='bbox 3175 807 3598 862; x_wconf 86' lang='lat' dir='ltr'><strong>sollicitudinem</strong></span> 
     </span>
    </p>
   </div>
   <div class='ocr_carea' id='block_1_22' title="bbox 2012 895 3576 955">
    <p class='ocr_par' dir='ltr' id='par_1_22' title="bbox 2012 895 3576 955">
     <span class='ocr_line' id='line_1_22' title="bbox 2012 895 3576 955; baseline 0.002 -8"><span class='ocrx_word' id='word_1_134' title='bbox 2012 896 2336 949; x_wconf 80' lang='lat' dir='ltr'><strong>collocaret.</strong></span> <span class='ocrx_word' id='word_1_135' title='bbox 2375 895 2530 948; x_wconf 83' lang='lat' dir='ltr'><strong>Licet</strong></span> <span class='ocrx_word' id='word_1_136' title='bbox 2561 896 2704 948; x_wconf 81' lang='lat' dir='ltr'><strong>enim</strong></span> <span class='ocrx_word' id='word_1_137' title='bbox 2744 897 2904 948; x_wconf 87' lang='lat' dir='ltr'><strong>trium</strong></span> <span class='ocrx_word' id='word_1_138' title='bbox 2939 905 2991 955; x_wconf 81' lang='lat' dir='ltr'><strong>et</strong></span> <span class='ocrx_word' id='word_1_139' title='bbox 3022 905 3394 950; x_wconf 87' lang='lat' dir='ltr'><strong>trecentorum</strong></span> <span class='ocrx_word' id='word_1_140' title='bbox 3429 913 3576 951; x_wconf 90' lang='lat' dir='ltr'><strong>anno</strong></span> 
     </span>
    </p>
   </div>
   <div class='ocr_carea' id='block_1_23' title="bbox 2012 986 3600 1054">
    <p class='ocr_par' dir='ltr' id='par_1_23' title="bbox 2012 986 3600 1054">
     <span class='ocr_line' id='line_1_23' title="bbox 2012 986 3600 1054; baseline 0.003 -17"><span class='ocrx_word' id='word_1_141' title='bbox 2012 1001 2130 1038; x_wconf 81' lang='lat' dir='ltr'><strong>runt</strong></span> <span class='ocrx_word' id='word_1_142' title='bbox 2161 988 2401 1054; x_wconf 83' lang='lat' dir='ltr'><strong>spatium</strong></span> <span class='ocrx_word' id='word_1_143' title='bbox 2426 986 2708 1040; x_wconf 85' lang='lat' dir='ltr'><strong>evolutum</strong></span> <span class='ocrx_word' id='word_1_144' title='bbox 2742 999 2846 1052; x_wconf 80' lang='lat' dir='ltr'><strong>est,</strong></span> <span class='ocrx_word' id='word_1_145' title='bbox 2869 1002 2938 1040; x_wconf 78' lang='lat' dir='ltr'><strong>&#39;ex</strong></span> <span class='ocrx_word' id='word_1_146' title='bbox 2967 1003 3077 1054; x_wconf 87' lang='lat' dir='ltr'><strong>quo</strong></span> <span class='ocrx_word' id='word_1_147' title='bbox 3100 987 3376 1041; x_wconf 81' lang='lat' dir='ltr'><strong>dictarqu</strong></span> <span class='ocrx_word' id='word_1_148' title='bbox 3406 986 3600 1041; x_wconf 85' lang='lat' dir='ltr'><strong>Eccle-</strong></span> 
     </span>
    </p>
   </div>
   <div class='ocr_carea' id='block_1_24' title="bbox 2011 1077 3594 1134">
    <p class='ocr_par' dir='ltr' id='par_1_24' title="bbox 2011 1077 3594 1134">
     <span class='ocr_line' id='line_1_24' title="bbox 2011 1077 3594 1134; baseline 0.003 -4"><span class='ocrx_word' id='word_1_149' title='bbox 2011 1078 2217 1130; x_wconf 87' lang='lat' dir='ltr'><strong>siarum</strong></span> <span class='ocrx_word' id='word_1_150' title='bbox 2289 1077 2582 1131; x_wconf 82' lang='lat' dir='ltr'><strong>dissidium</strong></span> <span class='ocrx_word' id='word_1_151' title='bbox 2648 1077 2793 1131; x_wconf 89' lang='lat' dir='ltr'><strong>vires</strong></span> <span class='ocrx_word' id='word_1_152' title='bbox 2849 1086 2903 1132; x_wconf 86' lang='lat' dir='ltr'><strong>et</strong></span> <span class='ocrx_word' id='word_1_153' title='bbox 2969 1079 3281 1134; x_wconf 82' lang='lat' dir='ltr'><strong>ﬁrmitatem</strong></span> <span class='ocrx_word' id='word_1_154' title='bbox 3347 1081 3594 1134; x_wconf 81' lang='lat' dir='ltr'><strong>nancisri</strong></span> 
     </span>
    </p>
   </div>
   <div class='ocr_carea' id='block_1_25' title="bbox 2012 1165 3590 1236">
    <p class='ocr_par' dir='ltr' id='par_1_25' title="bbox 2012 1165 3590 1236">
     <span class='ocr_line' id='line_1_25' title="bbox 2012 1165 3590 1236; baseline -0.001 -16"><span class='ocrx_word' id='word_1_155' title='bbox 2012 1165 2206 1234; x_wconf 85' lang='lat' dir='ltr'><strong>coepit,</strong></span> <span class='ocrx_word' id='word_1_156' title='bbox 2239 1167 2304 1218; x_wconf 87' lang='lat' dir='ltr'><strong>ad</strong></span> <span class='ocrx_word' id='word_1_157' title='bbox 2333 1167 2450 1220; x_wconf 62' lang='lat' dir='ltr'><strong>hate</strong></span> <span class='ocrx_word' id='word_1_158' title='bbox 2479 1168 2841 1222; x_wconf 81' lang='lat' dir='ltr'><strong>nihilominus</strong></span> <span class='ocrx_word' id='word_1_159' title='bbox 2876 1176 3121 1236; x_wconf 86' lang='lat' dir='ltr'><strong>tempora</strong></span> <span class='ocrx_word' id='word_1_160' title='bbox 3157 1176 3434 1220; x_wconf 91' lang='lat' dir='ltr'><strong>rectorum</strong></span> <span class='ocrx_word' id='word_1_161' title='bbox 3461 1167 3590 1234; x_wconf 66' lang='lat' dir='ltr'><strong>dog,-</strong></span> 
     </span>
    </p>
   </div>
   <div class='ocr_carea' id='block_1_26' title="bbox 2010 1257 3589 1334">
    <p class='ocr_par' dir='ltr' id='par_1_26' title="bbox 2010 1257 3589 1334">
     <span class='ocr_line' id='line_1_26' title="bbox 2010 1257 3589 1334; baseline 0.003 -27"><span class='ocrx_word' id='word_1_162' title='bbox 2010 1268 2216 1311; x_wconf 88' lang='lat' dir='ltr'><strong>matum</strong></span> <span class='ocrx_word' id='word_1_163' title='bbox 2247 1257 2502 1312; x_wconf 63' lang='lat' dir='ltr'><strong>Ecclesiae</strong></span> <span class='ocrx_word' id='word_1_164' title='bbox 2523 1257 2944 1326; x_wconf 72' lang='lat' dir='ltr'><strong>fundamentum</strong></span> <span class='ocrx_word' id='word_1_165' title='bbox 2973 1258 3214 1310; x_wconf 78' lang='lat' dir='ltr'><strong>umidum</strong></span> <span class='ocrx_word' id='word_1_166' title='bbox 3249 1271 3589 1334; x_wconf 75' lang='lat' dir='ltr'><strong>concussum</strong></span> 
     </span>
    </p>
   </div>
   <div class='ocr_carea' id='block_1_27' title="bbox 2011 1349 3600 1421">
    <p class='ocr_par' dir='ltr' id='par_1_27' title="bbox 2011 1349 3600 1421">
     <span class='ocr_line' id='line_1_27' title="bbox 2011 1349 3600 1421; baseline 0.001 -17"><span class='ocrx_word' id='word_1_167' title='bbox 2011 1349 2220 1414; x_wconf 85' lang='lat' dir='ltr'><strong>fuerat,</strong></span> <span class='ocrx_word' id='word_1_168' title='bbox 2275 1353 2370 1406; x_wconf 88' lang='lat' dir='ltr'><strong>sed</strong></span> <span class='ocrx_word' id='word_1_169' title='bbox 2415 1368 2615 1421; x_wconf 84' lang='lat' dir='ltr'><strong>purum</strong></span> <span class='ocrx_word' id='word_1_170' title='bbox 2660 1352 2946 1411; x_wconf 84' lang='lat' dir='ltr'><strong>dissidium</strong></span> <span class='ocrx_word' id='word_1_171' title='bbox 2997 1353 3139 1404; x_wconf 87' lang='lat' dir='ltr'><strong>inter</strong></span> <span class='ocrx_word' id='word_1_172' title='bbox 3178 1352 3374 1405; x_wconf 89' lang='lat' dir='ltr'><strong>ambas</strong></span> <span class='ocrx_word' id='word_1_173' title='bbox 3419 1360 3600 1419; x_wconf 87' lang='lat' dir='ltr'><strong>partes</strong></span> 
     </span>
    </p>
   </div>
   <div class='ocr_carea' id='block_1_28' title="bbox 2019 1443 3598 1519">
    <p class='ocr_par' dir='ltr' id='par_1_28' title="bbox 2019 1443 3598 1519">
     <span class='ocr_line' id='line_1_28' title="bbox 2019 1443 3598 1519; baseline 0.003 -26"><span class='ocrx_word' id='word_1_174' title='bbox 2019 1443 2432 1506; x_wconf 75' lang='lat' dir='ltr'><strong>intercedebat,</strong></span> <span class='ocrx_word' id='word_1_175' title='bbox 2489 1453 2540 1519; x_wconf 74' lang='lat' dir='ltr'><strong>et</strong></span> <span class='ocrx_word' id='word_1_176' title='bbox 2603 1447 2886 1511; x_wconf 55' lang='lat' dir='ltr'><strong>sérmonys</strong></span> <span class='ocrx_word' id='word_1_177' title='bbox 2947 1443 3253 1498; x_wconf 80' lang='lat' dir='ltr'><strong>dialecticis</strong></span> <span class='ocrx_word' id='word_1_178' title='bbox 3322 1447 3598 1497; x_wconf 83' lang='lat' dir='ltr'><strong>methodis</strong></span> 
     </span>
    </p>
   </div>
   <div class='ocr_carea' id='block_1_29' title="bbox 2010 1535 3596 1605">
    <p class='ocr_par' dir='ltr' id='par_1_29' title="bbox 2010 1535 3596 1605">
     <span class='ocr_line' id='line_1_29' title="bbox 2010 1535 3596 1605; baseline 0.003 -21"><span class='ocrx_word' id='word_1_179' title='bbox 2010 1535 2266 1601; x_wconf 86' lang='lat' dir='ltr'><strong>utrinque</strong></span> <span class='ocrx_word' id='word_1_180' title='bbox 2314 1536 2566 1599; x_wconf 89' lang='lat' dir='ltr'><strong>revoluti,</strong></span> <span class='ocrx_word' id='word_1_181' title='bbox 2617 1535 2798 1604; x_wconf 81' lang='lat' dir='ltr'><strong>pravis</strong></span> <span class='ocrx_word' id='word_1_182' title='bbox 2848 1536 3130 1589; x_wconf 77' lang='lat' dir='ltr'><strong>nonnullis</strong></span> <span class='ocrx_word' id='word_1_183' title='bbox 3185 1535 3596 1605; x_wconf 87' lang='lat' dir='ltr'><strong>Scripturarum</strong></span> 
     </span>
    </p>
   </div>
   <div class='ocr_carea' id='block_1_30' title="bbox 2008 1626 3598 1696">
    <p class='ocr_par' dir='ltr' id='par_1_30' title="bbox 2008 1626 3598 1696">
     <span class='ocr_line' id='line_1_30' title="bbox 2008 1626 3598 1696; baseline 0.001 -18"><span class='ocrx_word' id='word_1_184' title='bbox 2008 1626 2557 1694; x_wconf 78' lang='lat' dir='ltr'><strong>interpretationibus</strong></span> <span class='ocrx_word' id='word_1_185' title='bbox 2586 1629 2872 1681; x_wconf 63' lang='lat' dir='ltr'><strong>sententix</strong></span> <span class='ocrx_word' id='word_1_186' title='bbox 2915 1629 3210 1696; x_wconf 84' lang='lat' dir='ltr'><strong>puritatem</strong></span> <span class='ocrx_word' id='word_1_187' title='bbox 3253 1627 3598 1681; x_wconf 62' lang='lat' dir='ltr'><strong>interturba-</strong></span> 
     </span>
    </p>
   </div>
   <div class='ocr_carea' id='block_1_31' title="bbox 2007 1717 3595 1788">
    <p class='ocr_par' dir='ltr' id='par_1_31' title="bbox 2007 1717 3595 1788">
     <span class='ocr_line' id='line_1_31' title="bbox 2007 1717 3595 1788; baseline 0.001 -20"><span class='ocrx_word' id='word_1_188' title='bbox 2007 1717 2155 1769; x_wconf 82' lang='lat' dir='ltr'><strong>baut.</strong></span> <span class='ocrx_word' id='word_1_189' title='bbox 2204 1720 2271 1770; x_wconf 85' lang='lat' dir='ltr'><strong>At</strong></span> <span class='ocrx_word' id='word_1_190' title='bbox 2299 1735 2448 1771; x_wconf 87' lang='lat' dir='ltr'><strong>nunc</strong></span> <span class='ocrx_word' id='word_1_191' title='bbox 2477 1731 2717 1788; x_wconf 81' lang='lat' dir='ltr'><strong>apertam</strong></span> <span class='ocrx_word' id='word_1_192' title='bbox 2747 1720 3023 1778; x_wconf 63' lang='lat' dir='ltr'><strong>hmresim,</strong></span> <span class='ocrx_word' id='word_1_193' title='bbox 3071 1734 3148 1771; x_wconf 79' lang='lat' dir='ltr'><strong>v.e</strong></span> <span class='ocrx_word' id='word_1_194' title='bbox 3179 1719 3354 1772; x_wconf 83' lang='lat' dir='ltr'><strong>mihi!</strong></span> <span class='ocrx_word' id='word_1_195' title='bbox 3397 1722 3595 1786; x_wconf 74' lang='lat' dir='ltr'><strong>impzo-</strong></span> 
     </span>
    </p>
   </div>
   <div class='ocr_carea' id='block_1_32' title="bbox 2008 1810 3596 1880">
    <p class='ocr_par' dir='ltr' id='par_1_32' title="bbox 2008 1810 3596 1880">
     <span class='ocr_line' id='line_1_32' title="bbox 2008 1810 3596 1880; baseline 0.002 -18"><span class='ocrx_word' id='word_1_196' title='bbox 2008 1810 2110 1867; x_wconf 81' lang='lat' dir='ltr'><strong>bus</strong></span> <span class='ocrx_word' id='word_1_197' title='bbox 2143 1814 2548 1865; x_wconf 72' lang='lat' dir='ltr'><strong>contumaciter</strong></span> <span class='ocrx_word' id='word_1_198' title='bbox 2601 1813 2834 1875; x_wconf 87' lang='lat' dir='ltr'><strong>evomit,</strong></span> <span class='ocrx_word' id='word_1_199' title='bbox 2881 1821 2933 1864; x_wconf 88' lang='lat' dir='ltr'><strong>ct</strong></span> <span class='ocrx_word' id='word_1_200' title='bbox 2982 1811 3224 1880; x_wconf 75' lang='lat' dir='ltr'><strong>paternis</strong></span> <span class='ocrx_word' id='word_1_201' title='bbox 3248 1811 3596 1880; x_wconf 75' lang='lat' dir='ltr'><strong>dogmatibus</strong></span> 
     </span>
    </p>
   </div>
   <div class='ocr_carea' id='block_1_33' title="bbox 2008 1902 3568 1979">
    <p class='ocr_par' dir='ltr' id='par_1_33' title="bbox 2008 1902 3568 1971">
     <span class='ocr_line' id='line_1_33' title="bbox 2008 1902 3568 1971; baseline 0.001 -17"><span class='ocrx_word' id='word_1_202' title='bbox 2008 1906 2186 1969; x_wconf 86' lang='lat' dir='ltr'><strong>palam</strong></span> <span class='ocrx_word' id='word_1_203' title='bbox 2217 1905 2589 1957; x_wconf 86' lang='lat' dir='ltr'><strong>exauctoratis</strong></span> <span class='ocrx_word' id='word_1_204' title='bbox 2612 1943 2624 1965; x_wconf 93' lang='lat'><strong>,</strong></span> <span class='ocrx_word' id='word_1_205' title='bbox 2656 1917 2792 1955; x_wconf 89' lang='lat' dir='ltr'><strong>noxa</strong></span> <span class='ocrx_word' id='word_1_206' title='bbox 2828 1915 2950 1970; x_wconf 63' lang='lat' dir='ltr'><strong>quae</strong></span> <span class='ocrx_word' id='word_1_207' title='bbox 3009 1918 3072 1954; x_wconf 74' lang='lat' dir='ltr'><strong>ex</strong></span> <span class='ocrx_word' id='word_1_208' title='bbox 3120 1902 3310 1956; x_wconf 75' lang='lat' dir='ltr'><strong>haeresi</strong></span> <span class='ocrx_word' id='word_1_209' title='bbox 3379 1919 3568 1971; x_wconf 71' lang='lat' dir='ltr'><strong>pr..tua</strong></span> 
     </span>
    </p>
   </div>
   <div class='ocr_carea' id='block_1_34' title="bbox 317 1977 1898 2060">
    <p class='ocr_par' dir='ltr' id='par_1_34' title="bbox 317 1984 1898 2055">
     <span class='ocr_line' id='line_1_34' title="bbox 317 1984 1898 2055; baseline -0.001 -17"><span class='ocrx_word' id='word_1_210' title='bbox 317 1985 458 2038; x_wconf 79' lang='grc' dir='ltr'>Ἀλλ’</span> <span class='ocrx_word' id='word_1_211' title='bbox 494 1986 644 2046; x_wconf 81' lang='grc' dir='ltr'>ὅπως</span> <span class='ocrx_word' id='word_1_212' title='bbox 677 1984 776 2053; x_wconf 76' lang='grc' dir='ltr'><strong>μὲν</strong></span> <span class='ocrx_word' id='word_1_213' title='bbox 808 1985 902 2036; x_wconf 61' lang='lat' dir='ltr'><strong>xtl.</strong></span> <span class='ocrx_word' id='word_1_214' title='bbox 953 1984 1042 2036; x_wconf 73' lang='grc' dir='ltr'><strong>διὰ</strong></span> <span class='ocrx_word' id='word_1_215' title='bbox 1092 1986 1144 2037; x_wconf 87' lang='grc' dir='ltr'><strong>τί</strong></span> <span class='ocrx_word' id='word_1_216' title='bbox 1180 2004 1277 2048; x_wconf 90' lang='grc' dir='ltr'><strong>ων,</strong></span> <span class='ocrx_word' id='word_1_217' title='bbox 1314 1986 1405 2038; x_wconf 76' lang='grc' dir='ltr'>καὶ</span> <span class='ocrx_word' id='word_1_218' title='bbox 1457 1987 1567 2036; x_wconf 88' lang='grc' dir='ltr'>τίσι</span> <span class='ocrx_word' id='word_1_219' title='bbox 1618 1985 1898 2055; x_wconf 53' lang='grc' dir='ltr'>χρώμενος</span> 
     </span>
    </p>
   </div>
   <div class='ocr_carea' id='block_1_35' title="bbox 2005 1977 3590 2060">
    <p class='ocr_par' dir='ltr' id='par_1_35' title="bbox 2010 1978 3590 2060">
     <span class='ocr_line' id='line_1_35' title="bbox 2010 1978 3590 2060; baseline 0.001 -14"><span class='ocrx_word' id='word_1_220' title='bbox 2010 2004 2124 2060; x_wconf 87' lang='lat' dir='ltr'><strong>nat,</strong></span> <span class='ocrx_word' id='word_1_221' title='bbox 2152 1997 2460 2049; x_wconf 84' lang='lat' dir='ltr'><strong>universam</strong></span> <span class='ocrx_word' id='word_1_222' title='bbox 2491 1995 2580 2048; x_wconf 91' lang='lat' dir='ltr'><strong>Dei</strong></span> <span class='ocrx_word' id='word_1_223' title='bbox 2610 1978 2906 2049; x_wconf 67' lang='lat' dir='ltr'><strong>licelesiaui</strong></span> <span class='ocrx_word' id='word_1_224' title='bbox 2945 1994 3166 2048; x_wconf 84' lang='lat' dir='ltr'><strong>inficere</strong></span> <span class='ocrx_word' id='word_1_225' title='bbox 3199 2011 3305 2048; x_wconf 86' lang='lat' dir='ltr'><strong>non</strong></span> <span class='ocrx_word' id='word_1_226' title='bbox 3337 2007 3590 2049; x_wconf 82' lang='lat' dir='ltr'><strong>veretur:</strong></span> 
     </span>
    </p>
   </div>
   <div class='ocr_carea' id='block_1_36' title="bbox 302 2077 1904 2149">
    <p class='ocr_par' dir='ltr' id='par_1_36' title="bbox 302 2077 1904 2149">
     <span class='ocr_line' id='line_1_36' title="bbox 302 2077 1904 2149; baseline 0.001 -19"><span class='ocrx_word' id='word_1_227' title='bbox 302 2080 417 2139; x_wconf 77' lang='grc' dir='ltr'>τοῖς</span> <span class='ocrx_word' id='word_1_228' title='bbox 466 2077 742 2146; x_wconf 77' lang='grc' dir='ltr'>ὀργάνοις,</span> <span class='ocrx_word' id='word_1_229' title='bbox 780 2079 806 2129; x_wconf 81' lang='grc' dir='ltr'>ὁ</span> <span class='ocrx_word' id='word_1_230' title='bbox 856 2077 965 2129; x_wconf 90' lang='grc' dir='ltr'><strong>τῶν</strong></span> <span class='ocrx_word' id='word_1_231' title='bbox 1025 2077 1288 2131; x_wconf 81' lang='grc' dir='ltr'>τοιούτων</span> <span class='ocrx_word' id='word_1_232' title='bbox 1320 2081 1562 2149; x_wconf 67' lang='grc' dir='ltr'>ἀρχηγὸς</span> <span class='ocrx_word' id='word_1_233' title='bbox 1614 2081 1758 2132; x_wconf 76' lang='grc' dir='ltr'>κατὰ</span> <span class='ocrx_word' id='word_1_234' title='bbox 1800 2081 1904 2149; x_wconf 75' lang='grc' dir='ltr'>τῆς</span> 
     </span>
    </p>
   </div>
   <div class='ocr_carea' id='block_1_37' title="bbox 301 2171 1903 2244">
    <p class='ocr_par' dir='ltr' id='par_1_37' title="bbox 301 2171 1903 2244">
     <span class='ocr_line' id='line_1_37' title="bbox 301 2171 1903 2244; baseline 0.001 -20"><span class='ocrx_word' id='word_1_235' title='bbox 301 2172 398 2224; x_wconf 88' lang='grc' dir='ltr'><strong>τοῦ</strong></span> <span class='ocrx_word' id='word_1_236' title='bbox 468 2171 606 2224; x_wconf 83' lang='grc' dir='ltr'><strong>Θεοῦ</strong></span> <span class='ocrx_word' id='word_1_237' title='bbox 677 2171 1010 2241; x_wconf 84' lang='grc' dir='ltr'>Ἐκκλησίας</span> <span class='ocrx_word' id='word_1_238' title='bbox 1093 2173 1264 2226; x_wconf 84' lang='grc' dir='ltr'>ταῦτα</span> <span class='ocrx_word' id='word_1_239' title='bbox 1361 2176 1762 2244; x_wconf 73' lang='grc' dir='ltr'>ἐπιτεχνᾶται,</span> <span class='ocrx_word' id='word_1_240' title='bbox 1841 2176 1903 2227; x_wconf 77' lang='grc' dir='ltr'><strong>οὑ</strong></span> 
     </span>
    </p>
   </div>
   <div class='ocr_carea' id='block_1_38' title="bbox 303 2263 1905 2339">
    <p class='ocr_par' dir='ltr' id='par_1_38' title="bbox 303 2263 1905 2339">
     <span class='ocr_line' id='line_1_38' title="bbox 303 2263 1905 2339; baseline 0.001 -23"><span class='ocrx_word' id='word_1_241' title='bbox 303 2263 400 2317; x_wconf 85' lang='grc' dir='ltr'><strong>τοῦ</strong></span> <span class='ocrx_word' id='word_1_242' title='bbox 459 2264 728 2333; x_wconf 78' lang='grc' dir='ltr'>παρόντος</span> <span class='ocrx_word' id='word_1_243' title='bbox 796 2264 978 2332; x_wconf 80' lang='grc' dir='ltr'>λέγειν</span> <span class='ocrx_word' id='word_1_244' title='bbox 1030 2263 1200 2318; x_wconf 78' lang='grc' dir='ltr'>ἐστίν.</span> <span class='ocrx_word' id='word_1_245' title='bbox 1277 2267 1476 2337; x_wconf 77' lang='grc' dir='ltr'>Ἀλλης</span> <span class='ocrx_word' id='word_1_246' title='bbox 1540 2268 1648 2339; x_wconf 80' lang='grc' dir='ltr'>γὰρ</span> <span class='ocrx_word' id='word_1_247' title='bbox 1703 2269 1768 2322; x_wconf 88' lang='grc' dir='ltr'>ἆν</span> <span class='ocrx_word' id='word_1_248' title='bbox 1813 2267 1905 2337; x_wconf 78' lang='grc' dir='ltr'><strong>εἴη</strong></span> 
     </span>
    </p>
   </div>
   <div class='ocr_carea' id='block_1_39' title="bbox 303 2356 1906 2428">
    <p class='ocr_par' dir='ltr' id='par_1_39' title="bbox 303 2356 1906 2428">
     <span class='ocr_line' id='line_1_39' title="bbox 303 2356 1906 2428; baseline 0.004 -22"><span class='ocrx_word' id='word_1_249' title='bbox 303 2356 403 2424; x_wconf 85' lang='grc' dir='ltr'><strong>τῆς</strong></span> <span class='ocrx_word' id='word_1_250' title='bbox 485 2357 874 2426; x_wconf 80' lang='grc' dir='ltr'>πραγματείας</span> <span class='ocrx_word' id='word_1_251' title='bbox 961 2357 1394 2428; x_wconf 84' lang='grc' dir='ltr'>καθιστορῆσαι,</span> <span class='ocrx_word' id='word_1_252' title='bbox 1448 2359 1598 2421; x_wconf 84' lang='grc' dir='ltr'>ὅπως</span> <span class='ocrx_word' id='word_1_253' title='bbox 1667 2360 1730 2412; x_wconf 91' lang='grc' dir='ltr'><strong>οὑ</strong></span> <span class='ocrx_word' id='word_1_254' title='bbox 1797 2359 1906 2415; x_wconf 87' lang='grc' dir='ltr'><strong>τῶν</strong></span> 
     </span>
    </p>
   </div>
   <div class='ocr_carea' id='block_1_40' title="bbox 303 2447 1909 2521">
    <p class='ocr_par' dir='ltr' id='par_1_40' title="bbox 303 2447 1909 2521">
     <span class='ocr_line' id='line_1_40' title="bbox 303 2447 1909 2521; baseline 0.003 -22"><span class='ocrx_word' id='word_1_255' title='bbox 303 2448 546 2518; x_wconf 78' lang='grc' dir='ltr'>γνησίων</span> <span class='ocrx_word' id='word_1_256' title='bbox 617 2447 789 2517; x_wconf 84' lang='grc' dir='ltr'>αὑτῆς</span> <span class='ocrx_word' id='word_1_257' title='bbox 857 2450 1238 2521; x_wconf 82' lang='grc' dir='ltr'>γεννημάτων,</span> <span class='ocrx_word' id='word_1_258' title='bbox 1272 2451 1424 2503; x_wconf 81' lang='grc' dir='ltr'>νόθον</span> <span class='ocrx_word' id='word_1_259' title='bbox 1464 2451 1521 2503; x_wconf 82' lang='grc' dir='ltr'>δὲ</span> <span class='ocrx_word' id='word_1_260' title='bbox 1555 2452 1649 2504; x_wconf 75' lang='grc' dir='ltr'><strong>καὶ</strong></span> <span class='ocrx_word' id='word_1_261' title='bbox 1678 2451 1785 2504; x_wconf 88' lang='grc' dir='ltr'><strong>τῶν</strong></span> <span class='ocrx_word' id='word_1_262' title='bbox 1808 2453 1909 2504; x_wconf 86' lang='grc' dir='ltr'>αὑ-</span> 
     </span>
    </p>
   </div>
   <div class='ocr_carea' id='block_1_41' title="bbox 300 2539 1906 2612">
    <p class='ocr_par' dir='ltr' id='par_1_41' title="bbox 300 2539 1906 2612">
     <span class='ocr_line' id='line_1_41' title="bbox 300 2539 1906 2612; baseline 0.003 -22"><span class='ocrx_word' id='word_1_263' title='bbox 300 2539 401 2609; x_wconf 83' lang='grc' dir='ltr'>τῆς</span> <span class='ocrx_word' id='word_1_264' title='bbox 457 2539 662 2591; x_wconf 84' lang='grc' dir='ltr'>ὠδίνων</span> <span class='ocrx_word' id='word_1_265' title='bbox 713 2540 994 2612; x_wconf 85' lang='grc' dir='ltr'>ἀλλότριόν</span> <span class='ocrx_word' id='word_1_266' title='bbox 1039 2545 1158 2594; x_wconf 79' lang='grc' dir='ltr'>ἐστι</span> <span class='ocrx_word' id='word_1_267' title='bbox 1207 2543 1541 2612; x_wconf 75' lang='grc' dir='ltr'>κυοφόρημα</span> <span class='ocrx_word' id='word_1_268' title='bbox 1591 2544 1618 2594; x_wconf 84' lang='grc' dir='ltr'>ὁ</span> <span class='ocrx_word' id='word_1_269' title='bbox 1648 2543 1751 2612; x_wconf 77' lang='grc' dir='ltr'>τῆς</span> <span class='ocrx_word' id='word_1_270' title='bbox 1802 2544 1906 2610; x_wconf 82' lang='grc' dir='ltr'><strong>ἁρ-</strong></span> 
     </span>
    </p>
   </div>
   <div class='ocr_carea' id='block_1_42' title="bbox 301 2627 1906 2701">
    <p class='ocr_par' dir='ltr' id='par_1_42' title="bbox 301 2627 1906 2701">
     <span class='ocr_line' id='line_1_42' title="bbox 301 2627 1906 2701; baseline 0.001 -19"><span class='ocrx_word' id='word_1_271' title='bbox 301 2627 562 2696; x_wconf 79' lang='grc' dir='ltr'>τιφανοῦς</span> <span class='ocrx_word' id='word_1_272' title='bbox 630 2630 897 2698; x_wconf 78' lang='grc' dir='ltr'>αἱρέσεως</span> <span class='ocrx_word' id='word_1_273' title='bbox 947 2631 1230 2701; x_wconf 71' lang='grc' dir='ltr'>ἀρχηγόςο</span> <span class='ocrx_word' id='word_1_274' title='bbox 1283 2633 1420 2685; x_wconf 81' lang='grc' dir='ltr'>ἀλλὰ</span> <span class='ocrx_word' id='word_1_275' title='bbox 1493 2633 1557 2701; x_wconf 78' lang='grc' dir='ltr'><strong>δὴ</strong></span> <span class='ocrx_word' id='word_1_276' title='bbox 1604 2634 1700 2686; x_wconf 68' lang='grc' dir='ltr'><strong>κα)⁵</strong></span> <span class='ocrx_word' id='word_1_277' title='bbox 1757 2634 1906 2695; x_wconf 83' lang='grc' dir='ltr'>ὅπως</span> 
     </span>
    </p>
   </div>
   <div class='ocr_carea' id='block_1_43' title="bbox 303 2723 1904 2795">
    <p class='ocr_par' dir='ltr' id='par_1_43' title="bbox 303 2723 1904 2795">
     <span class='ocr_line' id='line_1_43' title="bbox 303 2723 1904 2795; baseline 0.002 -21"><span class='ocrx_word' id='word_1_278' title='bbox 303 2723 566 2793; x_wconf 66' lang='grc' dir='ltr'>ἀρρήτοις</span> <span class='ocrx_word' id='word_1_279' title='bbox 648 2723 785 2775; x_wconf 78' lang='grc' dir='ltr'>Θεοῦ</span> <span class='ocrx_word' id='word_1_280' title='bbox 853 2727 1087 2793; x_wconf 84' lang='grc' dir='ltr'>κρίμασι</span> <span class='ocrx_word' id='word_1_281' title='bbox 1151 2725 1248 2777; x_wconf 85' lang='grc' dir='ltr'><strong>τοῦ</strong></span> <span class='ocrx_word' id='word_1_282' title='bbox 1311 2729 1412 2795; x_wconf 81' lang='grc' dir='ltr'><strong>τῆς</strong></span> <span class='ocrx_word' id='word_1_283' title='bbox 1489 2726 1904 2779; x_wconf 83' lang='grc' dir='ltr'>Κωνσταντίνου</span> 
     </span>
    </p>
   </div>
   <div class='ocr_carea' id='block_1_44' title="bbox 304 2816 1906 2888">
    <p class='ocr_par' dir='ltr' id='par_1_44' title="bbox 304 2816 1906 2888">
     <span class='ocr_line' id='line_1_44' title="bbox 304 2816 1906 2888; baseline 0.001 -21"><span class='ocrx_word' id='word_1_284' title='bbox 304 2816 496 2882; x_wconf 82' lang='grc' dir='ltr'>θρόνου</span> <span class='ocrx_word' id='word_1_285' title='bbox 563 2817 780 2886; x_wconf 80' lang='grc' dir='ltr'>ὲπέὁη,</span> <span class='ocrx_word' id='word_1_286' title='bbox 835 2820 898 2886; x_wconf 82' lang='grc' dir='ltr'>τῇ</span> <span class='ocrx_word' id='word_1_287' title='bbox 967 2817 1221 2888; x_wconf 68' lang='grc' dir='ltr'>εὐσεϐείᾳ</span> <span class='ocrx_word' id='word_1_288' title='bbox 1293 2821 1739 2886; x_wconf 66' lang='grc' dir='ltr'>συντυραννήσας</span> <span class='ocrx_word' id='word_1_289' title='bbox 1812 2818 1906 2883; x_wconf 76' lang='grc' dir='ltr'>καὶ</span> 
     </span>
    </p>
   </div>
   <div class='ocr_carea' id='block_1_45' title="bbox 302 2908 1907 2981">
    <p class='ocr_par' dir='ltr' id='par_1_45' title="bbox 302 2908 1907 2981">
     <span class='ocr_line' id='line_1_45' title="bbox 302 2908 1907 2981; baseline 0.003 -22"><span class='ocrx_word' id='word_1_290' title='bbox 302 2908 479 2960; x_wconf 76' lang='grc' dir='ltr'>πάντα</span> <span class='ocrx_word' id='word_1_291' title='bbox 561 2910 764 2961; x_wconf 78' lang='grc' dir='ltr'>κανόνα</span> <span class='ocrx_word' id='word_1_292' title='bbox 842 2910 936 2963; x_wconf 79' lang='grc' dir='ltr'>καὶ</span> <span class='ocrx_word' id='word_1_293' title='bbox 1006 2911 1243 2981; x_wconf 77' lang='grc' dir='ltr'>θεσμοὺς</span> <span class='ocrx_word' id='word_1_294' title='bbox 1319 2912 1530 2973; x_wconf 80' lang='grc' dir='ltr'>πάντας</span> <span class='ocrx_word' id='word_1_295' title='bbox 1604 2911 1907 2980; x_wconf 76' lang='grc' dir='ltr'>ἐκκλησια-</span> 
     </span>
    </p>
   </div>
   <div class='ocr_carea' id='block_1_46' title="bbox 305 3001 1906 3074">
    <p class='ocr_par' dir='ltr' id='par_1_46' title="bbox 305 3001 1906 3074">
     <span class='ocr_line' id='line_1_46' title="bbox 305 3001 1906 3074; baseline 0.003 -23"><span class='ocrx_word' id='word_1_296' title='bbox 305 3001 543 3062; x_wconf 81' lang='grc' dir='ltr'>στικοὺς.</span> <span class='ocrx_word' id='word_1_297' title='bbox 615 3002 823 3056; x_wconf 81' lang='grc' dir='ltr'>Ἐκεῖνο</span> <span class='ocrx_word' id='word_1_298' title='bbox 891 3003 946 3056; x_wconf 82' lang='grc' dir='ltr'>δὲ</span> <span class='ocrx_word' id='word_1_299' title='bbox 1011 3005 1174 3074; x_wconf 90' lang='grc' dir='ltr'>μόνον</span> <span class='ocrx_word' id='word_1_300' title='bbox 1231 3006 1312 3066; x_wconf 85' lang='grc' dir='ltr'>εἰς</span> <span class='ocrx_word' id='word_1_301' title='bbox 1380 3005 1565 3072; x_wconf 82' lang='grc' dir='ltr'>ὀλίγον</span> <span class='ocrx_word' id='word_1_302' title='bbox 1622 3008 1906 3074; x_wconf 70' lang='grc' dir='ltr'>εἰρηκότες</span> 
     </span>
    </p>
   </div>
   <div class='ocr_carea' id='block_1_47' title="bbox 301 3091 1906 3166">
    <p class='ocr_par' dir='ltr' id='par_1_47' title="bbox 301 3091 1906 3166">
     <span class='ocr_line' id='line_1_47' title="bbox 301 3091 1906 3166; baseline 0.004 -24"><span class='ocrx_word' id='word_1_303' title='bbox 301 3091 659 3162; x_wconf 80' lang='grc' dir='ltr'>γνωρίσωμεν</span> <span class='ocrx_word' id='word_1_304' title='bbox 696 3095 791 3148; x_wconf 85' lang='grc' dir='ltr'><strong>τοῦ</strong></span> <span class='ocrx_word' id='word_1_305' title='bbox 832 3095 1023 3166; x_wconf 81' lang='grc' dir='ltr'>ἀνδρὸς</span> <span class='ocrx_word' id='word_1_306' title='bbox 1051 3134 1068 3160; x_wconf 93' lang='grc'><strong>,</strong></span> <span class='ocrx_word' id='word_1_307' title='bbox 1129 3098 1210 3148; x_wconf 77' lang='grc' dir='ltr'><strong>ὅτι</strong></span> <span class='ocrx_word' id='word_1_308' title='bbox 1266 3097 1326 3148; x_wconf 83' lang='grc' dir='ltr'><strong>τὸ</strong></span> <span class='ocrx_word' id='word_1_309' title='bbox 1375 3097 1540 3148; x_wconf 82' lang='grc' dir='ltr'>καλὸν</span> <span class='ocrx_word' id='word_1_310' title='bbox 1585 3096 1744 3148; x_wconf 86' lang='grc' dir='ltr'>τοῦτο</span> <span class='ocrx_word' id='word_1_311' title='bbox 1789 3096 1906 3148; x_wconf 85' lang='grc' dir='ltr'>δια-</span> 
     </span>
    </p>
   </div>
   <div class='ocr_carea' id='block_1_48' title="bbox 301 3184 1903 3265">
    <p class='ocr_par' dir='ltr' id='par_1_48' title="bbox 301 3184 1903 3265">
     <span class='ocr_line' id='line_1_48' title="bbox 301 3184 1903 3265; baseline 0.004 -30"><span class='ocrx_word' id='word_1_312' title='bbox 301 3184 519 3238; x_wconf 76' lang='grc' dir='ltr'>πόντιον</span> <span class='ocrx_word' id='word_1_313' title='bbox 572 3186 658 3249; x_wconf 76' lang='grc' dir='ltr'><strong>ἐίς</strong></span> <span class='ocrx_word' id='word_1_314' title='bbox 724 3189 871 3257; x_wconf 78' lang='grc' dir='ltr'>ἡμᾶς</span> <span class='ocrx_word' id='word_1_315' title='bbox 934 3185 1062 3259; x_wconf 83' lang='grc' dir='ltr'>ἦκε,</span> <span class='ocrx_word' id='word_1_316' title='bbox 1129 3189 1234 3259; x_wconf 79' lang='grc' dir='ltr'><strong>θὴρ</strong></span> <span class='ocrx_word' id='word_1_317' title='bbox 1285 3191 1548 3257; x_wconf 79' lang='grc' dir='ltr'>ἄντικρυς</span> <span class='ocrx_word' id='word_1_318' title='bbox 1599 3189 1903 3265; x_wconf 62' lang='grc' dir='ltr'>θαλάττιος,</span> 
     </span>
    </p>
   </div>
   <div class='ocr_carea' id='block_1_49' title="bbox 300 3271 1890 3347">
    <p class='ocr_par' dir='ltr' id='par_1_49' title="bbox 300 3271 1890 3347">
     <span class='ocr_line' id='line_1_49' title="bbox 300 3271 1890 3347; baseline 0.005 -23"><span class='ocrx_word' id='word_1_319' title='bbox 300 3271 492 3341; x_wconf 70' lang='grc' dir='ltr'>ἄγριον</span> <span class='ocrx_word' id='word_1_320' title='bbox 514 3273 698 3342; x_wconf 79' lang='grc' dir='ltr'>κῆτος,</span> <span class='ocrx_word' id='word_1_321' title='bbox 732 3276 832 3346; x_wconf 80' lang='grc' dir='ltr'>τῆς</span> <span class='ocrx_word' id='word_1_322' title='bbox 866 3278 1092 3347; x_wconf 81' lang='grc' dir='ltr'>Κύπρου</span> <span class='ocrx_word' id='word_1_323' title='bbox 1129 3279 1466 3343; x_wconf 68' lang='grc' dir='ltr'>ὲπαναστάν,</span> <span class='ocrx_word' id='word_1_324' title='bbox 1498 3281 1589 3332; x_wconf 72' lang='grc' dir='ltr'><strong>καὶ</strong></span> <span class='ocrx_word' id='word_1_325' title='bbox 1621 3283 1730 3343; x_wconf 83' lang='grc' dir='ltr'>τοῖς</span> <span class='ocrx_word' id='word_1_326' title='bbox 1766 3279 1890 3332; x_wconf 86' lang='grc' dir='ltr'>καθ’</span> 
     </span>
    </p>
   </div>
   <div class='ocr_carea' id='block_1_50' title="bbox 301 3363 1890 3441">
    <p class='ocr_par' dir='ltr' id='par_1_50' title="bbox 301 3363 1890 3441">
     <span class='ocr_line' id='line_1_50' title="bbox 301 3363 1890 3441; baseline 0.007 -27"><span class='ocrx_word' id='word_1_327' title='bbox 301 3363 449 3431; x_wconf 73' lang='grc' dir='ltr'>ἡμᾶς</span> <span class='ocrx_word' id='word_1_328' title='bbox 497 3365 884 3438; x_wconf 72' lang='grc' dir='ltr'>ἑνδεδημηκὸς.</span> <span class='ocrx_word' id='word_1_329' title='bbox 925 3371 1021 3440; x_wconf 70' lang='grc' dir='ltr'>οὐχ</span> <span class='ocrx_word' id='word_1_330' title='bbox 1053 3371 1141 3424; x_wconf 85' lang='grc' dir='ltr'><strong>ἴνα</strong></span> <span class='ocrx_word' id='word_1_331' title='bbox 1182 3373 1396 3440; x_wconf 79' lang='grc' dir='ltr'>φυγάδα</span> <span class='ocrx_word' id='word_1_332' title='bbox 1432 3373 1720 3441; x_wconf 63' lang='grc' dir='ltr'>προφήτην</span> <span class='ocrx_word' id='word_1_333' title='bbox 1757 3374 1890 3425; x_wconf 82' lang='grc' dir='ltr'>ὑπο-</span> 
     </span>
    </p>
   </div>
   <div class='ocr_carea' id='block_1_51' title="bbox 299 3455 1897 3532">
    <p class='ocr_par' dir='ltr' id='par_1_51' title="bbox 299 3455 1897 3532">
     <span class='ocr_line' id='line_1_51' title="bbox 299 3455 1897 3532; baseline 0.004 -23"><span class='ocrx_word' id='word_1_334' title='bbox 299 3455 525 3527; x_wconf 73' lang='grc' dir='ltr'>δέξηταί</span> <span class='ocrx_word' id='word_1_335' title='bbox 578 3462 673 3512; x_wconf 69' lang='grc' dir='ltr'><strong>καὶ</strong></span> <span class='ocrx_word' id='word_1_336' title='bbox 729 3462 810 3525; x_wconf 88' lang='grc' dir='ltr'><strong>είς</strong></span> <span class='ocrx_word' id='word_1_337' title='bbox 861 3461 1171 3532; x_wconf 82' lang='grc' dir='ltr'>ὑπηρεσίαν</span> <span class='ocrx_word' id='word_1_338' title='bbox 1209 3463 1345 3516; x_wconf 91' lang='grc' dir='ltr'>Θεοῦ</span> <span class='ocrx_word' id='word_1_339' title='bbox 1389 3462 1749 3532; x_wconf 77' lang='grc' dir='ltr'>διασώσηται,</span> <span class='ocrx_word' id='word_1_340' title='bbox 1782 3463 1897 3516; x_wconf 82' lang='grc' dir='ltr'>ἀλλ’</span> 
     </span>
    </p>
   </div>
   <div class='ocr_carea' id='block_1_52' title="bbox 303 3546 1888 3622">
    <p class='ocr_par' dir='ltr' id='par_1_52' title="bbox 303 3546 1888 3622">
     <span class='ocr_line' id='line_1_52' title="bbox 303 3546 1888 3622; baseline 0.004 -24"><span class='ocrx_word' id='word_1_341' title='bbox 303 3546 427 3611; x_wconf 82' lang='grc' dir='ltr'>ἶνα,</span> <span class='ocrx_word' id='word_1_342' title='bbox 472 3548 807 3617; x_wconf 70' lang='grc' dir='ltr'>Ἐκκλησίαν</span> <span class='ocrx_word' id='word_1_343' title='bbox 853 3551 982 3620; x_wconf 78' lang='grc' dir='ltr'>ὃλην</span> <span class='ocrx_word' id='word_1_344' title='bbox 1015 3552 1308 3616; x_wconf 86' lang='grc' dir='ltr'>καταπ.δν,</span> <span class='ocrx_word' id='word_1_345' title='bbox 1363 3552 1604 3619; x_wconf 60' lang='grc' dir='ltr'>ἄφαντον</span> <span class='ocrx_word' id='word_1_346' title='bbox 1639 3553 1888 3622; x_wconf 81' lang='grc' dir='ltr'>ἀπεργά-</span> 
     </span>
    </p>
   </div>
   <div class='ocr_carea' id='block_1_53' title="bbox 302 3641 1890 3716">
    <p class='ocr_par' dir='ltr' id='par_1_53' title="bbox 302 3641 1890 3716">
     <span class='ocr_line' id='line_1_53' title="bbox 302 3641 1890 3716; baseline 0.006 -26"><span class='ocrx_word' id='word_1_347' title='bbox 302 3655 484 3709; x_wconf 81' lang='grc' dir='ltr'>σηται,</span> <span class='ocrx_word' id='word_1_348' title='bbox 515 3641 574 3693; x_wconf 69' lang='grc' dir='ltr'>τὸ</span> <span class='ocrx_word' id='word_1_349' title='bbox 608 3642 733 3710; x_wconf 77' lang='grc' dir='ltr'>ἑξῆς</span> <span class='ocrx_word' id='word_1_350' title='bbox 760 3644 851 3696; x_wconf 83' lang='grc' dir='ltr'><strong>τοῦ</strong></span> <span class='ocrx_word' id='word_1_351' title='bbox 883 3643 1043 3712; x_wconf 78' lang='grc' dir='ltr'>λόγου</span> <span class='ocrx_word' id='word_1_352' title='bbox 1076 3645 1313 3716; x_wconf 77' lang='grc' dir='ltr'>σπουδὴν</span> <span class='ocrx_word' id='word_1_353' title='bbox 1335 3646 1674 3715; x_wconf 72' lang='grc' dir='ltr'>ποιησόμεθα</span> <span class='ocrx_word' id='word_1_354' title='bbox 1703 3647 1890 3715; x_wconf 79' lang='grc' dir='ltr'>σαφῶς</span> 
     </span>
    </p>
   </div>
   <div class='ocr_carea' id='block_1_54' title="bbox 299 3733 1890 3807">
    <p class='ocr_par' dir='ltr' id='par_1_54' title="bbox 299 3733 1890 3807">
     <span class='ocr_line' id='line_1_54' title="bbox 299 3733 1890 3807; baseline 0.006 -24"><span class='ocrx_word' id='word_1_355' title='bbox 299 3733 478 3800; x_wconf 77' lang='grc' dir='ltr'>πάντη</span> <span class='ocrx_word' id='word_1_356' title='bbox 511 3736 861 3806; x_wconf 70' lang='grc' dir='ltr'>παραστῆσαι</span> <span class='ocrx_word' id='word_1_357' title='bbox 910 3737 1006 3790; x_wconf 80' lang='grc' dir='ltr'><strong>καὶ</strong></span> <span class='ocrx_word' id='word_1_358' title='bbox 1055 3739 1324 3807; x_wconf 77' lang='grc' dir='ltr'>ἀκριϐῶς,</span> <span class='ocrx_word' id='word_1_359' title='bbox 1356 3741 1434 3801; x_wconf 82' lang='grc' dir='ltr'><strong>είς</strong></span> <span class='ocrx_word' id='word_1_360' title='bbox 1468 3734 1582 3792; x_wconf 74' lang='grc' dir='ltr'>οἷόν</span> <span class='ocrx_word' id='word_1_361' title='bbox 1611 3757 1670 3792; x_wconf 83' lang='grc' dir='ltr'><strong>τε</strong></span> <span class='ocrx_word' id='word_1_362' title='bbox 1726 3742 1890 3804; x_wconf 65' lang='grc' dir='ltr'>αὐτὸς</span> 
     </span>
    </p>
   </div>
   <div class='ocr_carea' id='block_1_55' title="bbox 299 3825 1887 3902">
    <p class='ocr_par' dir='ltr' id='par_1_55' title="bbox 299 3825 1887 3902">
     <span class='ocr_line' id='line_1_55' title="bbox 299 3825 1887 3902; baseline 0.006 -25"><span class='ocrx_word' id='word_1_363' title='bbox 299 3825 568 3893; x_wconf 73' lang='grc' dir='ltr'>αίρέαεων</span> <span class='ocrx_word' id='word_1_364' title='bbox 604 3826 798 3897; x_wconf 79' lang='grc' dir='ltr'>βόθρον</span> <span class='ocrx_word' id='word_1_365' title='bbox 847 3836 1397 3902; x_wconf 73' lang='grc' dir='ltr'>κατακεκρημνηται,</span> <span class='ocrx_word' id='word_1_366' title='bbox 1435 3833 1529 3884; x_wconf 79' lang='grc' dir='ltr'><strong>καὶ</strong></span> <span class='ocrx_word' id='word_1_367' title='bbox 1565 3834 1714 3896; x_wconf 81' lang='grc' dir='ltr'>ὅπως</span> <span class='ocrx_word' id='word_1_368' title='bbox 1759 3836 1887 3896; x_wconf 79' lang='grc' dir='ltr'>τοὺς</span> 
     </span>
    </p>
   </div>
   <div class='ocr_carea' id='block_1_56' title="bbox 297 3917 1765 3995">
    <p class='ocr_par' dir='ltr' id='par_1_56' title="bbox 297 3917 1765 3995">
     <span class='ocr_line' id='line_1_56' title="bbox 297 3917 1765 3995; baseline 0.007 -27"><span class='ocrx_word' id='word_1_369' title='bbox 297 3917 448 3988; x_wconf 73' lang='grc' dir='ltr'>αὑτῷ</span> <span class='ocrx_word' id='word_1_370' title='bbox 480 3919 844 3988; x_wconf 70' lang='grc' dir='ltr'>πειθομένους</span> <span class='ocrx_word' id='word_1_371' title='bbox 874 3922 1118 3986; x_wconf 77' lang='grc' dir='ltr'>ἐλεινῶς,</span> <span class='ocrx_word' id='word_1_372' title='bbox 1143 3923 1289 3992; x_wconf 74' lang='grc' dir='ltr'>οἴμοι</span> <span class='ocrx_word' id='word_1_373' title='bbox 1314 3925 1326 3976; x_wconf 78' lang='grc' dir='ltr'><strong>ί</strong></span> <span class='ocrx_word' id='word_1_374' title='bbox 1379 3926 1765 3995; x_wconf 75' lang='grc' dir='ltr'>συγκατασπᾷ,</span> 
     </span>
    </p>
   </div>
   <div class='ocr_carea' id='block_1_57' title="bbox 2008 2083 3594 2158">
    <p class='ocr_par' dir='ltr' id='par_1_57' title="bbox 2008 2083 3594 2158">
     <span class='ocr_line' id='line_1_57' title="bbox 2008 2083 3594 2158; baseline 0.001 -16"><span class='ocrx_word' id='word_1_375' title='bbox 2008 2087 2110 2151; x_wconf 79' lang='lat' dir='ltr'><strong>Sed</strong></span> <span class='ocrx_word' id='word_1_376' title='bbox 2136 2089 2437 2156; x_wconf 81' lang='lat' dir='ltr'><strong>quomodo,</strong></span> <span class='ocrx_word' id='word_1_377' title='bbox 2475 2099 2527 2142; x_wconf 90' lang='lat' dir='ltr'><strong>et</strong></span> <span class='ocrx_word' id='word_1_378' title='bbox 2563 2089 2765 2158; x_wconf 86' lang='lat' dir='ltr'><strong>quibus</strong></span> <span class='ocrx_word' id='word_1_379' title='bbox 2794 2089 3027 2152; x_wconf 83' lang='lat' dir='ltr'><strong>artibus,</strong></span> <span class='ocrx_word' id='word_1_380' title='bbox 3061 2083 3176 2142; x_wconf 80' lang='lat' dir='ltr'><strong>sive</strong></span> <span class='ocrx_word' id='word_1_381' title='bbox 3208 2088 3594 2143; x_wconf 69' lang='lat' dir='ltr'><strong>instruunt-uiis</strong></span> 
     </span>
    </p>
   </div>
   <div class='ocr_carea' id='block_1_58' title="bbox 2011 2165 3587 2240">
    <p class='ocr_par' dir='ltr' id='par_1_58' title="bbox 2011 2165 3587 2240">
     <span class='ocr_line' id='line_1_58' title="bbox 2011 2165 3587 2240; baseline 0.003 -8"><span class='ocrx_word' id='word_1_382' title='bbox 2011 2196 2142 2234; x_wconf 90' lang='lat' dir='ltr'><strong>usus</strong></span> <span class='ocrx_word' id='word_1_383' title='bbox 2170 2197 2351 2234; x_wconf 88' lang='lat' dir='ltr'><strong>rerum</strong></span> <span class='ocrx_word' id='word_1_384' title='bbox 2374 2182 2633 2240; x_wconf 80' lang='lat' dir='ltr'><strong>similium</strong></span> <span class='ocrx_word' id='word_1_385' title='bbox 2662 2193 2853 2236; x_wconf 84' lang='lat' dir='ltr'><strong>auctor</strong></span> <span class='ocrx_word' id='word_1_386' title='bbox 2873 2186 3134 2237; x_wconf 73' lang='lat' dir='ltr'><strong>alvei-sus</strong></span> <span class='ocrx_word' id='word_1_387' title='bbox 3161 2165 3251 2235; x_wconf 88' lang='lat' dir='ltr'><strong>Dei</strong></span> <span class='ocrx_word' id='word_1_388' title='bbox 3282 2181 3587 2236; x_wconf 70' lang='lat' dir='ltr'><strong>Ecclesium</strong></span> 
     </span>
    </p>
   </div>
   <div class='ocr_carea' id='block_1_59' title="bbox 2011 2274 3592 2344">
    <p class='ocr_par' dir='ltr' id='par_1_59' title="bbox 2011 2274 3592 2344">
     <span class='ocr_line' id='line_1_59' title="bbox 2011 2274 3592 2344; baseline 0 -17"><span class='ocrx_word' id='word_1_389' title='bbox 2011 2275 2127 2328; x_wconf 73' lang='lat' dir='ltr'><strong>haec</strong></span> <span class='ocrx_word' id='word_1_390' title='bbox 2155 2275 2618 2337; x_wconf 76' lang='lat' dir='ltr'><strong>comminiscitur,</strong></span> <span class='ocrx_word' id='word_1_391' title='bbox 2651 2290 2758 2328; x_wconf 88' lang='lat' dir='ltr'><strong>non</strong></span> <span class='ocrx_word' id='word_1_392' title='bbox 2790 2285 2874 2328; x_wconf 85' lang='lat' dir='ltr'><strong>est</strong></span> <span class='ocrx_word' id='word_1_393' title='bbox 2913 2274 3198 2342; x_wconf 71' lang='lat' dir='ltr'><strong>pra-sentis</strong></span> <span class='ocrx_word' id='word_1_394' title='bbox 3216 2274 3479 2344; x_wconf 88' lang='lat' dir='ltr'><strong>temporis</strong></span> <span class='ocrx_word' id='word_1_395' title='bbox 3507 2290 3592 2327; x_wconf 88' lang='lat' dir='ltr'><strong>re-</strong></span> 
     </span>
    </p>
   </div>
   <div class='ocr_carea' id='block_1_60' title="bbox 2007 2365 3588 2435">
    <p class='ocr_par' dir='ltr' id='par_1_60' title="bbox 2007 2365 3588 2435">
     <span class='ocr_line' id='line_1_60' title="bbox 2007 2365 3588 2435; baseline -0.001 -15"><span class='ocrx_word' id='word_1_396' title='bbox 2007 2367 2171 2427; x_wconf 90' lang='lat' dir='ltr'><strong>ferre,</strong></span> <span class='ocrx_word' id='word_1_397' title='bbox 2194 2375 2246 2418; x_wconf 73' lang='lat' dir='ltr'><strong>et</strong></span> <span class='ocrx_word' id='word_1_398' title='bbox 2266 2366 2653 2430; x_wconf 73' lang='lat' dir='ltr'><strong>alter;usesset</strong></span> <span class='ocrx_word' id='word_1_399' title='bbox 2675 2365 3025 2431; x_wconf 80' lang='lat' dir='ltr'><strong>narrationis,</strong></span> <span class='ocrx_word' id='word_1_400' title='bbox 3041 2366 3319 2435; x_wconf 72' lang='lat' dir='ltr'><strong>explicare</strong></span> <span class='ocrx_word' id='word_1_401' title='bbox 3341 2380 3447 2433; x_wconf 89' lang='lat' dir='ltr'><strong>qua</strong></span> <span class='ocrx_word' id='word_1_402' title='bbox 3473 2365 3588 2434; x_wconf 83' lang='lat' dir='ltr'><strong>ipse</strong></span> 
     </span>
    </p>
   </div>
   <div class='ocr_carea' id='block_1_61' title="bbox 2012 2457 3590 2526">
    <p class='ocr_par' dir='ltr' id='par_1_61' title="bbox 2012 2457 3590 2526">
     <span class='ocr_line' id='line_1_61' title="bbox 2012 2457 3590 2526; baseline 0.002 -17"><span class='ocrx_word' id='word_1_403' title='bbox 2012 2459 2254 2520; x_wconf 75' lang='lat' dir='ltr'><strong>ratione,</strong></span> <span class='ocrx_word' id='word_1_404' title='bbox 2293 2473 2418 2509; x_wconf 89' lang='lat' dir='ltr'><strong>cum</strong></span> <span class='ocrx_word' id='word_1_405' title='bbox 2455 2473 2560 2510; x_wconf 91' lang='lat' dir='ltr'><strong>non</strong></span> <span class='ocrx_word' id='word_1_406' title='bbox 2584 2473 2728 2513; x_wconf 83' lang='lat' dir='ltr'><strong>esset</strong></span> <span class='ocrx_word' id='word_1_407' title='bbox 2761 2472 2823 2510; x_wconf 81' lang='lat' dir='ltr'><strong>ex</strong></span> <span class='ocrx_word' id='word_1_408' title='bbox 2872 2458 3128 2526; x_wconf 50' lang='lat' dir='ltr'><strong>legitimis</strong></span> <span class='ocrx_word' id='word_1_409' title='bbox 3163 2457 3393 2526; x_wconf 79' lang='lat' dir='ltr'><strong>hujusce</strong></span> <span class='ocrx_word' id='word_1_410' title='bbox 3437 2459 3590 2512; x_wconf 83' lang='lat' dir='ltr'><strong>urbis</strong></span> 
     </span>
    </p>
   </div>
   <div class='ocr_carea' id='block_1_62' title="bbox 2010 2547 3595 2618">
    <p class='ocr_par' dir='ltr' id='par_1_62' title="bbox 2010 2547 3595 2618">
     <span class='ocr_line' id='line_1_62' title="bbox 2010 2547 3595 2618; baseline -0.001 -18"><span class='ocrx_word' id='word_1_411' title='bbox 2010 2547 2122 2600; x_wconf 87' lang='lat' dir='ltr'><strong>feti.</strong></span> <span class='ocrx_word' id='word_1_412' title='bbox 2148 2564 2236 2606; x_wconf 85' lang='lat' dir='ltr'><strong>us.</strong></span> <span class='ocrx_word' id='word_1_413' title='bbox 2288 2548 2381 2601; x_wconf 85' lang='lat' dir='ltr'><strong>sed</strong></span> <span class='ocrx_word' id='word_1_414' title='bbox 2419 2553 2662 2616; x_wconf 85' lang='lat' dir='ltr'><strong>spurius.</strong></span> <span class='ocrx_word' id='word_1_415' title='bbox 2699 2558 2751 2602; x_wconf 91' lang='lat' dir='ltr'><strong>et</strong></span> <span class='ocrx_word' id='word_1_416' title='bbox 2804 2551 2873 2602; x_wconf 90' lang='lat' dir='ltr'><strong>ab</strong></span> <span class='ocrx_word' id='word_1_417' title='bbox 2910 2550 3156 2618; x_wconf 75' lang='lat' dir='ltr'><strong>ejusdem</strong></span> <span class='ocrx_word' id='word_1_418' title='bbox 3196 2551 3409 2613; x_wconf 87' lang='lat' dir='ltr'><strong>alienus</strong></span> <span class='ocrx_word' id='word_1_419' title='bbox 3439 2557 3595 2602; x_wconf 86' lang='lat' dir='ltr'><strong>nata-</strong></span> 
     </span>
    </p>
   </div>
   <div class='ocr_carea' id='block_1_63' title="bbox 2011 2637 3590 2708">
    <p class='ocr_par' dir='ltr' id='par_1_63' title="bbox 2011 2637 3590 2708">
     <span class='ocr_line' id='line_1_63' title="bbox 2011 2637 3590 2708; baseline 0.001 -18"><span class='ocrx_word' id='word_1_420' title='bbox 2011 2637 2190 2702; x_wconf 76' lang='lat' dir='ltr'><strong>libus,</strong></span> <span class='ocrx_word' id='word_1_421' title='bbox 2232 2653 2383 2691; x_wconf 66' lang='lat' dir='ltr'><strong>novae</strong></span> <span class='ocrx_word' id='word_1_422' title='bbox 2413 2639 2638 2693; x_wconf 70' lang='lat' dir='ltr'><strong>haeresis</strong></span> <span class='ocrx_word' id='word_1_423' title='bbox 2667 2649 2858 2693; x_wconf 85' lang='lat' dir='ltr'><strong>auctor</strong></span> <span class='ocrx_word' id='word_1_424' title='bbox 2889 2641 3117 2693; x_wconf 87' lang='lat' dir='ltr'><strong>emersit</strong></span> <span class='ocrx_word' id='word_1_425' title='bbox 3163 2657 3176 2692; x_wconf 90' lang='lat'><strong>:</strong></span> <span class='ocrx_word' id='word_1_426' title='bbox 3221 2641 3332 2692; x_wconf 83' lang='lat' dir='ltr'><strong>imo</strong></span> <span class='ocrx_word' id='word_1_427' title='bbox 3385 2649 3440 2691; x_wconf 91' lang='lat' dir='ltr'><strong>et</strong></span> <span class='ocrx_word' id='word_1_428' title='bbox 3482 2655 3590 2708; x_wconf 88' lang='lat' dir='ltr'><strong>qua</strong></span> 
     </span>
    </p>
   </div>
   <div class='ocr_carea' id='block_1_64' title="bbox 2011 2715 3593 2798">
    <p class='ocr_par' dir='ltr' id='par_1_64' title="bbox 2011 2715 3593 2798">
     <span class='ocr_line' id='line_1_64' title="bbox 2011 2715 3593 2798; baseline 0 -18"><span class='ocrx_word' id='word_1_429' title='bbox 2011 2728 2220 2780; x_wconf 80' lang='lat' dir='ltr'><strong>ratione</strong></span> <span class='ocrx_word' id='word_1_430' title='bbox 2253 2727 2368 2790; x_wconf 80' lang='lat' dir='ltr'><strong>Dei,</strong></span> <span class='ocrx_word' id='word_1_431' title='bbox 2402 2743 2526 2797; x_wconf 70' lang='lat' dir='ltr'><strong>qua:</strong></span> <span class='ocrx_word' id='word_1_432' title='bbox 2566 2729 2748 2783; x_wconf 80' lang='lat' dir='ltr'><strong>verbis</strong></span> <span class='ocrx_word' id='word_1_433' title='bbox 2774 2729 3008 2796; x_wconf 79' lang='lat' dir='ltr'><strong>exprimi</strong></span> <span class='ocrx_word' id='word_1_434' title='bbox 3041 2718 3342 2798; x_wconf 76' lang='lat' dir='ltr'><strong>nequeunt,</strong></span> <span class='ocrx_word' id='word_1_435' title='bbox 3363 2715 3593 2796; x_wconf 72' lang='lat' dir='ltr'><strong>judiciis</strong></span> 
     </span>
    </p>
   </div>
   <div class='ocr_carea' id='block_1_65' title="bbox 2011 2819 3595 2898">
    <p class='ocr_par' dir='ltr' id='par_1_65' title="bbox 2011 2819 3595 2898">
     <span class='ocr_line' id='line_1_65' title="bbox 2011 2819 3595 2898; baseline 0.001 -26"><span class='ocrx_word' id='word_1_436' title='bbox 2011 2819 2648 2898; x_wconf 68' lang='lat' dir='ltr'><strong>CutiStautinopolitatm</strong></span> <span class='ocrx_word' id='word_1_437' title='bbox 2713 2821 2867 2874; x_wconf 82' lang='lat' dir='ltr'><strong>urbis</strong></span> <span class='ocrx_word' id='word_1_438' title='bbox 2919 2820 3102 2874; x_wconf 81' lang='lat' dir='ltr'><strong>sedem</strong></span> <span class='ocrx_word' id='word_1_439' title='bbox 3137 2820 3445 2888; x_wconf 69' lang='lat' dir='ltr'><strong>occupavit,</strong></span> <span class='ocrx_word' id='word_1_440' title='bbox 3491 2821 3595 2873; x_wconf 87' lang='lat' dir='ltr'><strong>sub</strong></span> 
     </span>
    </p>
   </div>
   <div class='ocr_carea' id='block_1_66' title="bbox 2012 2911 3595 2982">
    <p class='ocr_par' dir='ltr' id='par_1_66' title="bbox 2012 2911 3595 2982">
     <span class='ocr_line' id='line_1_66' title="bbox 2012 2911 3595 2982; baseline 0.001 -19"><span class='ocrx_word' id='word_1_441' title='bbox 2012 2913 2210 2980; x_wconf 88' lang='lat' dir='ltr'><strong>pietate</strong></span> <span class='ocrx_word' id='word_1_442' title='bbox 2241 2911 2585 2982; x_wconf 75' lang='lat' dir='ltr'><strong>tyrannidem</strong></span> <span class='ocrx_word' id='word_1_443' title='bbox 2613 2927 2899 2979; x_wconf 85' lang='lat' dir='ltr'><strong>exercens,</strong></span> <span class='ocrx_word' id='word_1_444' title='bbox 2952 2929 3198 2967; x_wconf 89' lang='lat' dir='ltr'><strong>canones</strong></span> <span class='ocrx_word' id='word_1_445' title='bbox 3249 2929 3461 2977; x_wconf 75' lang='lat' dir='ltr'><strong>mimus,</strong></span> <span class='ocrx_word' id='word_1_446' title='bbox 3514 2913 3595 2964; x_wconf 75' lang='lat' dir='ltr'><strong>le-</strong></span> 
     </span>
    </p>
   </div>
   <div class='ocr_carea' id='block_1_67' title="bbox 2010 3002 3589 3076">
    <p class='ocr_par' dir='ltr' id='par_1_67' title="bbox 2010 3002 3589 3076">
     <span class='ocr_line' id='line_1_67' title="bbox 2010 3002 3589 3076; baseline 0 -19"><span class='ocrx_word' id='word_1_447' title='bbox 2010 3019 2214 3074; x_wconf 75' lang='lat' dir='ltr'><strong>gesque</strong></span> <span class='ocrx_word' id='word_1_448' title='bbox 2245 3005 2522 3060; x_wconf 77' lang='grc' dir='ltr'>υιιίνετε.ιε</span> <span class='ocrx_word' id='word_1_449' title='bbox 2547 3005 2943 3059; x_wconf 52' lang='lat' dir='ltr'><strong>ecclesiasticas</strong></span> <span class='ocrx_word' id='word_1_450' title='bbox 2964 3006 3358 3076; x_wconf 64' lang='lat' dir='ltr'><strong>pessumdedit.</strong></span> <span class='ocrx_word' id='word_1_451' title='bbox 3387 3002 3589 3057; x_wconf 84' lang='lat' dir='ltr'><strong>Verum</strong></span> 
     </span>
    </p>
   </div>
   <div class='ocr_carea' id='block_1_68' title="bbox 2012 3094 3589 3166">
    <p class='ocr_par' dir='ltr' id='par_1_68' title="bbox 2012 3094 3589 3166">
     <span class='ocr_line' id='line_1_68' title="bbox 2012 3094 3589 3166; baseline 0.003 -20"><span class='ocrx_word' id='word_1_452' title='bbox 2012 3094 2144 3148; x_wconf 93' lang='lat' dir='ltr'><strong>illud</strong></span> <span class='ocrx_word' id='word_1_453' title='bbox 2200 3097 2579 3149; x_wconf 82' lang='lat' dir='ltr'><strong>tantummodo</strong></span> <span class='ocrx_word' id='word_1_454' title='bbox 2635 3096 2700 3150; x_wconf 91' lang='lat' dir='ltr'><strong>ad</strong></span> <span class='ocrx_word' id='word_1_455' title='bbox 2741 3096 3068 3166; x_wconf 82' lang='lat' dir='ltr'><strong>signandum</strong></span> <span class='ocrx_word' id='word_1_456' title='bbox 3130 3098 3406 3150; x_wconf 81' lang='lat' dir='ltr'><strong>hominem</strong></span> <span class='ocrx_word' id='word_1_457' title='bbox 3462 3111 3589 3150; x_wconf 85' lang='lat' dir='ltr'><strong>cum</strong></span> 
     </span>
    </p>
   </div>
   <div class='ocr_carea' id='block_1_69' title="bbox 2008 3187 3591 3258">
    <p class='ocr_par' dir='ltr' id='par_1_69' title="bbox 2008 3187 3591 3258">
     <span class='ocr_line' id='line_1_69' title="bbox 2008 3187 3591 3258; baseline 0.001 -18"><span class='ocrx_word' id='word_1_458' title='bbox 2008 3196 2170 3240; x_wconf 84' lang='lat' dir='ltr'><strong>antea</strong></span> <span class='ocrx_word' id='word_1_459' title='bbox 2225 3187 2570 3251; x_wconf 77' lang='lat' dir='ltr'><strong>dixerimus,</strong></span> <span class='ocrx_word' id='word_1_460' title='bbox 2620 3196 2827 3256; x_wconf 79' lang='lat' dir='ltr'><strong>pestem</strong></span> <span class='ocrx_word' id='word_1_461' title='bbox 2889 3189 3032 3242; x_wconf 89' lang='lat' dir='ltr'><strong>hanc</strong></span> <span class='ocrx_word' id='word_1_462' title='bbox 3079 3204 3171 3258; x_wconf 85' lang='lat' dir='ltr'><strong>per</strong></span> <span class='ocrx_word' id='word_1_463' title='bbox 3224 3202 3374 3242; x_wconf 85' lang='lat' dir='ltr'><strong>mare</strong></span> <span class='ocrx_word' id='word_1_464' title='bbox 3433 3197 3591 3241; x_wconf 88' lang='lat' dir='ltr'><strong>antea</strong></span> 
     </span>
    </p>
   </div>
   <div class='ocr_carea' id='block_1_70' title="bbox 2012 3278 3584 3348">
    <p class='ocr_par' dir='ltr' id='par_1_70' title="bbox 2012 3278 3584 3348">
     <span class='ocr_line' id='line_1_70' title="bbox 2012 3278 3584 3348; baseline -0.001 -17"><span class='ocrx_word' id='word_1_465' title='bbox 2012 3293 2202 3348; x_wconf 80' lang='lat' dir='ltr'><strong>vagam</strong></span> <span class='ocrx_word' id='word_1_466' title='bbox 2254 3289 2307 3332; x_wconf 89' lang='lat' dir='ltr'><strong>et</strong></span> <span class='ocrx_word' id='word_1_467' title='bbox 2336 3278 2610 3347; x_wconf 86' lang='lat' dir='ltr'><strong>palantem</strong></span> <span class='ocrx_word' id='word_1_468' title='bbox 2643 3279 2709 3331; x_wconf 91' lang='lat' dir='ltr'><strong>ad</strong></span> <span class='ocrx_word' id='word_1_469' title='bbox 2746 3293 2847 3332; x_wconf 87' lang='lat' dir='ltr'><strong>nus</strong></span> <span class='ocrx_word' id='word_1_470' title='bbox 2877 3280 3092 3332; x_wconf 85' lang='lat' dir='ltr'><strong>tandem</strong></span> <span class='ocrx_word' id='word_1_471' title='bbox 3123 3278 3433 3342; x_wconf 79' lang='lat' dir='ltr'><strong>deﬂexisse,</strong></span> <span class='ocrx_word' id='word_1_472' title='bbox 3465 3278 3584 3331; x_wconf 88' lang='lat' dir='ltr'><strong>hel-</strong></span> 
     </span>
    </p>
   </div>
   <div class='ocr_carea' id='block_1_71' title="bbox 2007 3368 3592 3440">
    <p class='ocr_par' dir='ltr' id='par_1_71' title="bbox 2007 3368 3592 3440">
     <span class='ocr_line' id='line_1_71' title="bbox 2007 3368 3592 3440; baseline 0 -19"><span class='ocrx_word' id='word_1_473' title='bbox 2007 3369 2152 3422; x_wconf 89' lang='lat' dir='ltr'><strong>luam</strong></span> <span class='ocrx_word' id='word_1_474' title='bbox 2181 3371 2380 3440; x_wconf 36' lang='lat' dir='ltr'><strong>\plane</strong></span> <span class='ocrx_word' id='word_1_475' title='bbox 2437 3369 2732 3434; x_wconf 88' lang='lat' dir='ltr'><strong>marinam,</strong></span> <span class='ocrx_word' id='word_1_476' title='bbox 2769 3369 3066 3422; x_wconf 86' lang='lat' dir='ltr'><strong>immanem</strong></span> <span class='ocrx_word' id='word_1_477' title='bbox 3121 3377 3303 3423; x_wconf 88' lang='lat' dir='ltr'><strong>cetum</strong></span> <span class='ocrx_word' id='word_1_478' title='bbox 3345 3386 3374 3422; x_wconf 92' lang='lat' dir='ltr'><strong>e</strong></span> <span class='ocrx_word' id='word_1_479' title='bbox 3412 3368 3592 3437; x_wconf 78' lang='lat' dir='ltr'><strong>Cypro</strong></span> 
     </span>
    </p>
   </div>
   <div class='ocr_carea' id='block_1_72' title="bbox 2009 3464 3588 3533">
    <p class='ocr_par' dir='ltr' id='par_1_72' title="bbox 2009 3464 3588 3533">
     <span class='ocr_line' id='line_1_72' title="bbox 2009 3464 3588 3533; baseline -0.003 -17"><span class='ocrx_word' id='word_1_480' title='bbox 2009 3464 2295 3533; x_wconf 73' lang='lat' dir='ltr'><strong>rejet&#39;tum,</strong></span> <span class='ocrx_word' id='word_1_481' title='bbox 2342 3474 2396 3517; x_wconf 88' lang='lat' dir='ltr'><strong>et</strong></span> <span class='ocrx_word' id='word_1_482' title='bbox 2443 3467 2494 3515; x_wconf 91' lang='lat' dir='ltr'><strong>in</strong></span> <span class='ocrx_word' id='word_1_483' title='bbox 2528 3474 2715 3516; x_wconf 90' lang='lat' dir='ltr'><strong>nostra</strong></span> <span class='ocrx_word' id='word_1_484' title='bbox 2747 3470 3151 3531; x_wconf 82' lang='lat' dir='ltr'><strong>penetrantem,</strong></span> <span class='ocrx_word' id='word_1_485' title='bbox 3206 3476 3313 3515; x_wconf 93' lang='lat' dir='ltr'><strong>non</strong></span> <span class='ocrx_word' id='word_1_486' title='bbox 3362 3469 3420 3513; x_wconf 93' lang='lat' dir='ltr'><strong>ut</strong></span> <span class='ocrx_word' id='word_1_487' title='bbox 3462 3475 3588 3527; x_wconf 86' lang='lat' dir='ltr'><strong>prn-</strong></span> 
     </span>
    </p>
   </div>
   <div class='ocr_carea' id='block_1_73' title="bbox 1998 3553 3586 3623">
    <p class='ocr_par' dir='ltr' id='par_1_73' title="bbox 1998 3553 3586 3623">
     <span class='ocr_line' id='line_1_73' title="bbox 1998 3553 3586 3623; baseline -0.002 -15"><span class='ocrx_word' id='word_1_488' title='bbox 1998 3555 2216 3623; x_wconf 88' lang='lat' dir='ltr'><strong>phetam</strong></span> <span class='ocrx_word' id='word_1_489' title='bbox 2251 3554 2540 3623; x_wconf 83' lang='lat' dir='ltr'><strong>prolugum</strong></span> <span class='ocrx_word' id='word_1_490' title='bbox 2568 3555 2868 3623; x_wconf 76' lang='lat' dir='ltr'><strong>exciperet,</strong></span> <span class='ocrx_word' id='word_1_491' title='bbox 2902 3563 2955 3607; x_wconf 90' lang='lat' dir='ltr'><strong>et</strong></span> <span class='ocrx_word' id='word_1_492' title='bbox 2989 3553 3054 3607; x_wconf 88' lang='lat' dir='ltr'><strong>ad</strong></span> <span class='ocrx_word' id='word_1_493' title='bbox 3098 3553 3187 3607; x_wconf 87' lang='lat' dir='ltr'><strong>Uei</strong></span> <span class='ocrx_word' id='word_1_494' title='bbox 3217 3553 3586 3606; x_wconf 85' lang='lat' dir='ltr'><strong>ministerium</strong></span> 
     </span>
    </p>
   </div>
   <div class='ocr_carea' id='block_1_74' title="bbox 1998 3644 3586 3724">
    <p class='ocr_par' dir='ltr' id='par_1_74' title="bbox 1998 3644 3586 3724">
     <span class='ocr_line' id='line_1_74' title="bbox 1998 3644 3586 3724; baseline -0.004 -21"><span class='ocrx_word' id='word_1_495' title='bbox 1998 3650 2209 3703; x_wconf 78' lang='lat' dir='ltr'><strong>salvum</strong></span> <span class='ocrx_word' id='word_1_496' title='bbox 2243 3647 2554 3712; x_wconf 71' lang='lat' dir='ltr'><strong>detluCeret,</strong></span> <span class='ocrx_word' id='word_1_497' title='bbox 2586 3647 2680 3702; x_wconf 90' lang='lat' dir='ltr'><strong>sed</strong></span> <span class='ocrx_word' id='word_1_498' title='bbox 2714 3658 2769 3700; x_wconf 93' lang='lat' dir='ltr'><strong>ut</strong></span> <span class='ocrx_word' id='word_1_499' title='bbox 2804 3644 3108 3699; x_wconf 83' lang='lat' dir='ltr'><strong>Ecclesiam</strong></span> <span class='ocrx_word' id='word_1_500' title='bbox 3131 3644 3459 3724; x_wconf 75' lang='lat' dir='ltr'><strong>universam</strong></span> <span class='ocrx_word' id='word_1_501' title='bbox 3491 3645 3586 3696; x_wconf 76' lang='lat' dir='ltr'><strong>de-</strong></span> 
     </span>
    </p>
   </div>
   <div class='ocr_carea' id='block_1_75' title="bbox 2000 3736 3582 3810">
    <p class='ocr_par' dir='ltr' id='par_1_75' title="bbox 2000 3736 3582 3810">
     <span class='ocr_line' id='line_1_75' title="bbox 2000 3736 3582 3810; baseline -0.003 -17"><span class='ocrx_word' id='word_1_502' title='bbox 2000 3739 2260 3810; x_wconf 71' lang='lat' dir='ltr'><strong>glutiens,</strong></span> <span class='ocrx_word' id='word_1_503' title='bbox 2315 3740 2381 3792; x_wconf 88' lang='lat' dir='ltr'><strong>de</strong></span> <span class='ocrx_word' id='word_1_504' title='bbox 2440 3740 2618 3793; x_wconf 87' lang='lat' dir='ltr'><strong>medio</strong></span> <span class='ocrx_word' id='word_1_505' title='bbox 2671 3739 2891 3808; x_wconf 90' lang='lat' dir='ltr'><strong>penitus</strong></span> <span class='ocrx_word' id='word_1_506' title='bbox 2924 3738 3156 3803; x_wconf 80' lang='lat' dir='ltr'><strong>tolleret,</strong></span> <span class='ocrx_word' id='word_1_507' title='bbox 3209 3738 3262 3790; x_wconf 92' lang='lat' dir='ltr'><strong>in</strong></span> <span class='ocrx_word' id='word_1_508' title='bbox 3313 3751 3400 3801; x_wconf 93' lang='lat' dir='ltr'><strong>eo,</strong></span> <span class='ocrx_word' id='word_1_509' title='bbox 3433 3736 3582 3806; x_wconf 87' lang='lat' dir='ltr'><strong>quod</strong></span> 
     </span>
    </p>
   </div>
   <div class='ocr_carea' id='block_1_76' title="bbox 1999 3829 3588 3900">
    <p class='ocr_par' dir='ltr' id='par_1_76' title="bbox 1999 3829 3588 3900">
     <span class='ocr_line' id='line_1_76' title="bbox 1999 3829 3588 3900; baseline -0.004 -13"><span class='ocrx_word' id='word_1_510' title='bbox 1999 3833 2268 3900; x_wconf 87' lang='lat' dir='ltr'><strong>reliquum</strong></span> <span class='ocrx_word' id='word_1_511' title='bbox 2298 3839 2382 3885; x_wconf 89' lang='lat' dir='ltr'><strong>est</strong></span> <span class='ocrx_word' id='word_1_512' title='bbox 2449 3831 2717 3886; x_wconf 73' lang='lat' dir='ltr'><strong>orationis</strong></span> <span class='ocrx_word' id='word_1_513' title='bbox 2761 3839 2984 3884; x_wconf 84' lang='lat' dir='ltr'><strong>nostras</strong></span> <span class='ocrx_word' id='word_1_514' title='bbox 3025 3844 3187 3883; x_wconf 83' lang='lat' dir='ltr'><strong>curas</strong></span> <span class='ocrx_word' id='word_1_515' title='bbox 3240 3829 3588 3882; x_wconf 82' lang='lat' dir='ltr'><strong>intendemus</strong></span> 
     </span>
    </p>
   </div>
   <div class='ocr_carea' id='block_1_77' title="bbox 2000 3922 3584 3994">
    <p class='ocr_par' dir='ltr' id='par_1_77' title="bbox 2000 3922 3584 3994">
     <span class='ocr_line' id='line_1_77' title="bbox 2000 3922 3584 3994; baseline -0.004 -16"><span class='ocrx_word' id='word_1_516' title='bbox 2000 3933 2060 3978; x_wconf 93' lang='lat' dir='ltr'><strong>ut</strong></span> <span class='ocrx_word' id='word_1_517' title='bbox 2091 3923 2247 3994; x_wconf 88' lang='lat' dir='ltr'><strong>plene</strong></span> <span class='ocrx_word' id='word_1_518' title='bbox 2281 3923 2663 3993; x_wconf 83' lang='lat' dir='ltr'><strong>exquisiteque</strong></span> <span class='ocrx_word' id='word_1_519' title='bbox 2694 3922 2946 3991; x_wconf 78' lang='lat' dir='ltr'><strong>quisquis</strong></span> <span class='ocrx_word' id='word_1_520' title='bbox 2981 3929 3265 3990; x_wconf 81' lang='lat' dir='ltr'><strong>agnoscat,</strong></span> <span class='ocrx_word' id='word_1_521' title='bbox 3316 3923 3370 3972; x_wconf 92' lang='lat' dir='ltr'><strong>in</strong></span> <span class='ocrx_word' id='word_1_522' title='bbox 3413 3935 3584 3989; x_wconf 87' lang='lat' dir='ltr'><strong>quam</strong></span> 
     </span>
    </p>
   </div>
   <div class='ocr_carea' id='block_1_78' title="bbox 297 4012 3584 4094">
    <p class='ocr_par' dir='ltr' id='par_1_78' title="bbox 297 4012 3584 4094">
     <span class='ocr_line' id='line_1_78' title="bbox 297 4012 3584 4094; baseline 0.002 -31"><span class='ocrx_word' id='word_1_523' title='bbox 297 4023 418 4065; x_wconf 82' lang='lat' dir='ltr'><strong>sese</strong></span> <span class='ocrx_word' id='word_1_524' title='bbox 458 4012 732 4066; x_wconf 67' lang='lat' dir='ltr'><strong>luereseon</strong></span> <span class='ocrx_word' id='word_1_525' title='bbox 783 4021 1096 4094; x_wconf 72' lang='lat' dir='ltr'><strong>voraginem</strong></span> <span class='ocrx_word' id='word_1_526' title='bbox 1137 4016 1470 4086; x_wconf 53' lang='lat' dir='ltr'><strong>praecipitem</strong></span> <span class='ocrx_word' id='word_1_527' title='bbox 1541 4017 1734 4088; x_wconf 79' lang='lat' dir='ltr'><strong>egerit,</strong></span> <span class='ocrx_word' id='word_1_528' title='bbox 1787 4027 1841 4073; x_wconf 89' lang='lat' dir='ltr'><strong>et</strong></span> <span class='ocrx_word' id='word_1_529' title='bbox 1899 4033 2009 4088; x_wconf 86' lang='lat' dir='ltr'><strong>qua</strong></span> <span class='ocrx_word' id='word_1_530' title='bbox 2058 4016 2268 4071; x_wconf 86' lang='lat' dir='ltr'><strong>ratione</strong></span> <span class='ocrx_word' id='word_1_531' title='bbox 2331 4017 2556 4085; x_wconf 83' lang='lat' dir='ltr'><strong>eos,qu</strong></span> <span class='ocrx_word' id='word_1_532' title='bbox 2583 4016 2725 4070; x_wconf 87' lang='lat' dir='ltr'><strong>dicta</strong></span> <span class='ocrx_word' id='word_1_533' title='bbox 2777 4015 2922 4070; x_wconf 74' lang='grc' dir='ltr'>.ι.ιυε</span> <span class='ocrx_word' id='word_1_534' title='bbox 2979 4015 3229 4078; x_wconf 91' lang='lat' dir='ltr'><strong>audiunt,</strong></span> <span class='ocrx_word' id='word_1_535' title='bbox 3264 4031 3370 4069; x_wconf 91' lang='lat' dir='ltr'><strong>una</strong></span> <span class='ocrx_word' id='word_1_536' title='bbox 3398 4031 3584 4071; x_wconf 87' lang='lat' dir='ltr'><strong>secum</strong></span> 
     </span>
    </p>
   </div>
   <div class='ocr_carea' id='block_1_79' title="bbox 299 4105 891 4174">
    <p class='ocr_par' dir='ltr' id='par_1_79' title="bbox 299 4105 891 4174">
     <span class='ocr_line' id='line_1_79' title="bbox 299 4105 891 4174; baseline -0.002 -15"><span class='ocrx_word' id='word_1_537' title='bbox 299 4105 552 4174; x_wconf 81' lang='lat' dir='ltr'><strong>abreptos</strong></span> <span class='ocrx_word' id='word_1_538' title='bbox 574 4105 891 4173; x_wconf 72' lang='lat' dir='ltr'><strong>prarcipitet.</strong></span> 
     </span>
    </p>
   </div>
   <div class='ocr_carea' id='block_1_80' title="bbox 374 4189 1892 4273">
    <p class='ocr_par' dir='ltr' id='par_1_80' title="bbox 374 4189 1892 4273">
     <span class='ocr_line' id='line_1_80' title="bbox 374 4189 1892 4273; baseline 0.005 -25"><span class='ocrx_word' id='word_1_539' title='bbox 374 4197 439 4264; x_wconf 84' lang='grc' dir='ltr'><strong>β’.</strong></span> <span class='ocrx_word' id='word_1_540' title='bbox 497 4189 606 4248; x_wconf 82' lang='grc' dir='ltr'><strong>Ἶιν</strong></span> <span class='ocrx_word' id='word_1_541' title='bbox 646 4197 768 4264; x_wconf 84' lang='grc' dir='ltr'>μὲν,</span> <span class='ocrx_word' id='word_1_542' title='bbox 796 4197 872 4259; x_wconf 83' lang='grc' dir='ltr'><strong>ὡς</strong></span> <span class='ocrx_word' id='word_1_543' title='bbox 923 4197 1027 4267; x_wconf 73' lang='grc' dir='ltr'>ἢδη</span> <span class='ocrx_word' id='word_1_544' title='bbox 1079 4216 1170 4268; x_wconf 84' lang='grc' dir='ltr'><strong>μοι</strong></span> <span class='ocrx_word' id='word_1_545' title='bbox 1218 4201 1459 4270; x_wconf 78' lang='grc' dir='ltr'>εἴρηται,</span> <span class='ocrx_word' id='word_1_546' title='bbox 1516 4203 1735 4273; x_wconf 84' lang='grc' dir='ltr'>χρόνιον</span> <span class='ocrx_word' id='word_1_547' title='bbox 1779 4201 1892 4255; x_wconf 81' lang='grc' dir='ltr'><strong>τῶν</strong></span> 
     </span>
    </p>
   </div>
   <div class='ocr_carea' id='block_1_81' title="bbox 311 4286 1890 4366">
    <p class='ocr_par' dir='ltr' id='par_1_81' title="bbox 311 4286 1890 4366">
     <span class='ocr_line' id='line_1_81' title="bbox 311 4286 1890 4366; baseline 0.006 -28"><span class='ocrx_word' id='word_1_548' title='bbox 311 4286 649 4359; x_wconf 66' lang='grc' dir='ltr'>Ἐκκλησιῶν</span> <span class='ocrx_word' id='word_1_549' title='bbox 681 4288 740 4340; x_wconf 77' lang='grc' dir='ltr'>τὸ</span> <span class='ocrx_word' id='word_1_550' title='bbox 768 4291 974 4358; x_wconf 80' lang='grc' dir='ltr'>σχίσμα</span> <span class='ocrx_word' id='word_1_551' title='bbox 1006 4293 1101 4344; x_wconf 66' lang='grc' dir='ltr'><strong>καὶ</strong></span> <span class='ocrx_word' id='word_1_552' title='bbox 1122 4291 1182 4343; x_wconf 87' lang='grc' dir='ltr'><strong>οὑ</strong></span> <span class='ocrx_word' id='word_1_553' title='bbox 1216 4291 1422 4362; x_wconf 76' lang='grc' dir='ltr'>βραχὺ,</span> <span class='ocrx_word' id='word_1_554' title='bbox 1460 4295 1554 4347; x_wconf 84' lang='grc' dir='ltr'>καὶ</span> <span class='ocrx_word' id='word_1_555' title='bbox 1601 4296 1704 4364; x_wconf 85' lang='grc' dir='ltr'><strong>τὴν</strong></span> <span class='ocrx_word' id='word_1_556' title='bbox 1737 4293 1890 4366; x_wconf 84' lang='grc' dir='ltr'>πρώ-</span> 
     </span>
    </p>
   </div>
   <div class='ocr_carea' id='block_1_82' title="bbox 296 4380 1892 4458">
    <p class='ocr_par' dir='ltr' id='par_1_82' title="bbox 296 4380 1892 4458">
     <span class='ocr_line' id='line_1_82' title="bbox 296 4380 1892 4458; baseline 0.004 -26"><span class='ocrx_word' id='word_1_557' title='bbox 296 4390 409 4448; x_wconf 70' lang='lat' dir='ltr'><strong>&#39;t&#39;qv‘</strong></span> <span class='ocrx_word' id='word_1_558' title='bbox 428 4380 536 4432; x_wconf 89' lang='grc' dir='ltr'><strong>τῶν</strong></span> <span class='ocrx_word' id='word_1_559' title='bbox 591 4381 682 4432; x_wconf 90' lang='grc' dir='ltr'><strong>τοῦ</strong></span> <span class='ocrx_word' id='word_1_560' title='bbox 724 4382 936 4434; x_wconf 81' lang='grc' dir='ltr'>Φωτίου</span> <span class='ocrx_word' id='word_1_561' title='bbox 993 4385 1206 4453; x_wconf 80' lang='grc' dir='ltr'>χρόνων</span> <span class='ocrx_word' id='word_1_562' title='bbox 1239 4387 1562 4458; x_wconf 77' lang='grc' dir='ltr'>ἀναῤῥῆξαν</span> <span class='ocrx_word' id='word_1_563' title='bbox 1600 4387 1788 4452; x_wconf 85' lang='grc' dir='ltr'>ὠδῖνα,</span> <span class='ocrx_word' id='word_1_564' title='bbox 1833 4389 1892 4450; x_wconf 78' lang='grc' dir='ltr'>ἐς</span> 
     </span>
    </p>
   </div>
   <div class='ocr_carea' id='block_1_83' title="bbox 295 4471 1890 4550">
    <p class='ocr_par' dir='ltr' id='par_1_83' title="bbox 295 4471 1890 4550">
     <span class='ocr_line' id='line_1_83' title="bbox 295 4471 1890 4550; baseline 0.005 -26"><span class='ocrx_word' id='word_1_565' title='bbox 295 4473 416 4525; x_wconf 83' lang='grc' dir='ltr'>τόδε</span> <span class='ocrx_word' id='word_1_566' title='bbox 459 4471 746 4543; x_wconf 83' lang='grc' dir='ltr'>παρετάθη</span> <span class='ocrx_word' id='word_1_567' title='bbox 809 4474 1031 4542; x_wconf 85' lang='grc' dir='ltr'>καιροῦ,</span> <span class='ocrx_word' id='word_1_568' title='bbox 1093 4478 1186 4530; x_wconf 75' lang='grc' dir='ltr'>καὶ</span> <span class='ocrx_word' id='word_1_569' title='bbox 1221 4472 1363 4548; x_wconf 78' lang='grc' dir='ltr'>ἦσαν</span> <span class='ocrx_word' id='word_1_570' title='bbox 1409 4482 1530 4548; x_wconf 73' lang='grc' dir='ltr'>μὲν,</span> <span class='ocrx_word' id='word_1_571' title='bbox 1568 4479 1758 4550; x_wconf 82' lang='grc' dir='ltr'>ὥσπερ</span> <span class='ocrx_word' id='word_1_572' title='bbox 1799 4497 1890 4548; x_wconf 87' lang='grc' dir='ltr'><strong>μοι</strong></span> 
     </span>
    </p>
   </div>
   <div class='ocr_carea' id='block_1_84' title="bbox 300 4563 1886 4640">
    <p class='ocr_par' dir='ltr' id='par_1_84' title="bbox 300 4563 1886 4640">
     <span class='ocr_line' id='line_1_84' title="bbox 300 4563 1886 4640; baseline 0.003 -23"><span class='ocrx_word' id='word_1_573' title='bbox 300 4564 395 4617; x_wconf 67' lang='grc' dir='ltr'><strong>καὶ</strong></span> <span class='ocrx_word' id='word_1_574' title='bbox 427 4565 774 4634; x_wconf 88' lang='grc' dir='ltr'>προείρηται,</span> <span class='ocrx_word' id='word_1_575' title='bbox 799 4563 948 4632; x_wconf 79' lang='grc' dir='ltr'>λόγοι</span> <span class='ocrx_word' id='word_1_576' title='bbox 981 4567 1090 4620; x_wconf 82' lang='grc' dir='ltr'><strong>τῶν</strong></span> <span class='ocrx_word' id='word_1_577' title='bbox 1115 4569 1300 4639; x_wconf 87' lang='grc' dir='ltr'>μερῶν</span> <span class='ocrx_word' id='word_1_578' title='bbox 1335 4570 1682 4640; x_wconf 79' lang='grc' dir='ltr'>ἑκατέρωθεν</span> <span class='ocrx_word' id='word_1_579' title='bbox 1713 4570 1886 4623; x_wconf 82' lang='grc' dir='ltr'>διαλε-</span> 
     </span>
    </p>
   </div>
   <div class='ocr_carea' id='block_1_85' title="bbox 2075 4194 3586 4264">
    <p class='ocr_par' dir='ltr' id='par_1_85' title="bbox 2075 4194 3586 4264">
     <span class='ocr_line' id='line_1_85' title="bbox 2075 4194 3586 4264; baseline 0.003 -14"><span class='ocrx_word' id='word_1_580' title='bbox 2075 4196 2133 4250; x_wconf 78' lang='lat'><strong>2.</strong></span> <span class='ocrx_word' id='word_1_581' title='bbox 2175 4196 2274 4251; x_wconf 89' lang='lat' dir='ltr'><strong>Diu</strong></span> <span class='ocrx_word' id='word_1_582' title='bbox 2307 4195 2676 4264; x_wconf 88' lang='lat' dir='ltr'><strong>multumque,</strong></span> <span class='ocrx_word' id='word_1_583' title='bbox 2708 4206 2767 4250; x_wconf 90' lang='lat' dir='ltr'><strong>ut</strong></span> <span class='ocrx_word' id='word_1_584' title='bbox 2797 4202 2955 4248; x_wconf 83' lang='lat' dir='ltr'><strong>antea</strong></span> <span class='ocrx_word' id='word_1_585' title='bbox 2989 4194 3262 4260; x_wconf 82' lang='lat' dir='ltr'><strong>dixeram,</strong></span> <span class='ocrx_word' id='word_1_586' title='bbox 3303 4195 3586 4254; x_wconf 84' lang='lat' dir='ltr'><strong>Ecclesia-</strong></span> 
     </span>
    </p>
   </div>
   <div class='ocr_carea' id='block_1_86' title="bbox 2003 4287 3584 4360">
    <p class='ocr_par' dir='ltr' id='par_1_86' title="bbox 2003 4287 3584 4360">
     <span class='ocr_line' id='line_1_86' title="bbox 2003 4287 3584 4360; baseline 0.001 -19"><span class='ocrx_word' id='word_1_587' title='bbox 2003 4289 2125 4342; x_wconf 78' lang='lat' dir='ltr'><strong>ritm</strong></span> <span class='ocrx_word' id='word_1_588' title='bbox 2178 4289 2463 4343; x_wconf 89' lang='lat' dir='ltr'><strong>dissidium</strong></span> <span class='ocrx_word' id='word_1_589' title='bbox 2518 4287 2887 4351; x_wconf 85' lang='lat' dir='ltr'><strong>increbuerat,</strong></span> <span class='ocrx_word' id='word_1_590' title='bbox 2923 4294 2978 4338; x_wconf 91' lang='lat' dir='ltr'><strong>et</strong></span> <span class='ocrx_word' id='word_1_591' title='bbox 3020 4297 3180 4342; x_wconf 69' lang='lat' dir='ltr'><strong>aetate</strong></span> <span class='ocrx_word' id='word_1_592' title='bbox 3225 4287 3406 4342; x_wconf 86' lang='lat' dir='ltr'><strong>Photii</strong></span> <span class='ocrx_word' id='word_1_593' title='bbox 3458 4293 3584 4360; x_wconf 86' lang='lat' dir='ltr'><strong>pri-</strong></span> 
     </span>
    </p>
   </div>
   <div class='ocr_carea' id='block_1_87' title="bbox 2002 4377 3583 4450">
    <p class='ocr_par' dir='ltr' id='par_1_87' title="bbox 2002 4377 3583 4450">
     <span class='ocr_line' id='line_1_87' title="bbox 2002 4377 3583 4450; baseline 0.003 -18"><span class='ocrx_word' id='word_1_594' title='bbox 2002 4395 2150 4432; x_wconf 91' lang='lat' dir='ltr'><strong>mum</strong></span> <span class='ocrx_word' id='word_1_595' title='bbox 2187 4381 2239 4432; x_wconf 91' lang='lat' dir='ltr'><strong>in</strong></span> <span class='ocrx_word' id='word_1_596' title='bbox 2274 4379 2450 4433; x_wconf 90' lang='lat' dir='ltr'><strong>lucem</strong></span> <span class='ocrx_word' id='word_1_597' title='bbox 2503 4379 2832 4447; x_wconf 88' lang='lat' dir='ltr'><strong>projectum,</strong></span> <span class='ocrx_word' id='word_1_598' title='bbox 2865 4377 2931 4431; x_wconf 89' lang='lat' dir='ltr'><strong>ad</strong></span> <span class='ocrx_word' id='word_1_599' title='bbox 2971 4378 3085 4432; x_wconf 68' lang='lat' dir='ltr'><strong>haec</strong></span> <span class='ocrx_word' id='word_1_600' title='bbox 3114 4389 3301 4432; x_wconf 81' lang='lat' dir='ltr'><strong>nostra</strong></span> <span class='ocrx_word' id='word_1_601' title='bbox 3335 4389 3583 4450; x_wconf 83' lang='lat' dir='ltr'><strong>tempora</strong></span> 
     </span>
    </p>
   </div>
   <div class='ocr_carea' id='block_1_88' title="bbox 2001 4473 3582 4540">
    <p class='ocr_par' dir='ltr' id='par_1_88' title="bbox 2001 4473 3582 4540">
     <span class='ocr_line' id='line_1_88' title="bbox 2001 4473 3582 4540; baseline 0.001 -14"><span class='ocrx_word' id='word_1_602' title='bbox 2001 4473 2275 4540; x_wconf 78' lang='lat' dir='ltr'><strong>pervenit,</strong></span> <span class='ocrx_word' id='word_1_603' title='bbox 2309 4473 2404 4527; x_wconf 87' lang='lat' dir='ltr'><strong>sed</strong></span> <span class='ocrx_word' id='word_1_604' title='bbox 2459 4473 2647 4535; x_wconf 85' lang='lat' dir='ltr'><strong>etiam,</strong></span> <span class='ocrx_word' id='word_1_605' title='bbox 2684 4481 2740 4524; x_wconf 94' lang='lat' dir='ltr'><strong>ut</strong></span> <span class='ocrx_word' id='word_1_606' title='bbox 2771 4487 2798 4524; x_wconf 88' lang='lat' dir='ltr'><strong>a</strong></span> <span class='ocrx_word' id='word_1_607' title='bbox 2833 4489 2920 4526; x_wconf 90' lang='lat' dir='ltr'><strong>me</strong></span> <span class='ocrx_word' id='word_1_608' title='bbox 2952 4482 3110 4527; x_wconf 87' lang='lat' dir='ltr'><strong>antea</strong></span> <span class='ocrx_word' id='word_1_609' title='bbox 3145 4474 3350 4528; x_wconf 92' lang='lat' dir='ltr'><strong>dictum</strong></span> <span class='ocrx_word' id='word_1_610' title='bbox 3384 4473 3582 4539; x_wconf 81' lang='lat' dir='ltr'><strong>fuerat,</strong></span> 
     </span>
    </p>
   </div>
   <div class='ocr_carea' id='block_1_89' title="bbox 1994 4563 3582 4635">
    <p class='ocr_par' dir='ltr' id='par_1_89' title="bbox 1994 4563 3582 4635">
     <span class='ocr_line' id='line_1_89' title="bbox 1994 4563 3582 4635; baseline 0.001 -17"><span class='ocrx_word' id='word_1_611' title='bbox 1994 4579 2282 4618; x_wconf 88' lang='lat' dir='ltr'><strong>sermones</strong></span> <span class='ocrx_word' id='word_1_612' title='bbox 2302 4563 2606 4618; x_wconf 86' lang='lat' dir='ltr'><strong>dialecticis</strong></span> <span class='ocrx_word' id='word_1_613' title='bbox 2637 4564 2907 4617; x_wconf 72' lang='lat' dir='ltr'><strong>methodis</strong></span> <span class='ocrx_word' id='word_1_614' title='bbox 2935 4563 3187 4634; x_wconf 89' lang='lat' dir='ltr'><strong>utrinque</strong></span> <span class='ocrx_word' id='word_1_615' title='bbox 3210 4566 3439 4618; x_wconf 83' lang='lat' dir='ltr'><strong>revoluti</strong></span> <span class='ocrx_word' id='word_1_616' title='bbox 3465 4583 3582 4635; x_wconf 70' lang='lat' dir='ltr'><strong>pra-</strong></span> 
     </span>
    </p>
   </div>
   <div class='ocr_carea' id='block_1_90' title="bbox 298 4646 1898 4732">
    <p class='ocr_par' dir='ltr' id='par_1_90' title="bbox 298 4657 1894 4732">
     <span class='ocr_line' id='line_1_90' title="bbox 298 4657 1894 4732; baseline 0.003 -22"><span class='ocrx_word' id='word_1_617' title='bbox 298 4659 514 4720; x_wconf 84' lang='grc' dir='ltr'>κτικαῖς</span> <span class='ocrx_word' id='word_1_618' title='bbox 557 4657 805 4727; x_wconf 83' lang='grc' dir='ltr'>μεθόδοις</span> <span class='ocrx_word' id='word_1_619' title='bbox 856 4660 1403 4731; x_wconf 81' lang='grc' dir='ltr'>παρακροτοὺμενοι,</span> <span class='ocrx_word' id='word_1_620' title='bbox 1435 4664 1530 4715; x_wconf 78' lang='grc' dir='ltr'>καὶ</span> <span class='ocrx_word' id='word_1_621' title='bbox 1576 4662 1894 4732; x_wconf 74' lang='grc' dir='ltr'><strong>παρεξηγή⁶</strong></span> 
     </span>
    </p>
   </div>
   <div class='ocr_carea' id='block_1_91' title="bbox 2005 4646 3578 4732">
    <p class='ocr_par' dir='ltr' id='par_1_91' title="bbox 2005 4654 3578 4726">
     <span class='ocr_line' id='line_1_91' title="bbox 2005 4654 3578 4726; baseline 0.001 -19"><span class='ocrx_word' id='word_1_622' title='bbox 2005 4657 2086 4709; x_wconf 86' lang='lat' dir='ltr'><strong>vis</strong></span> <span class='ocrx_word' id='word_1_623' title='bbox 2123 4656 2398 4710; x_wconf 87' lang='lat' dir='ltr'><strong>nonnullis</strong></span> <span class='ocrx_word' id='word_1_624' title='bbox 2431 4654 2842 4722; x_wconf 79' lang='lat' dir='ltr'><strong>Scripturarutn</strong></span> <span class='ocrx_word' id='word_1_625' title='bbox 2874 4655 3423 4724; x_wconf 85' lang='lat' dir='ltr'><strong>interpretationibus</strong></span> <span class='ocrx_word' id='word_1_626' title='bbox 3450 4673 3578 4726; x_wconf 57' lang='lat' dir='ltr'><strong>seu.</strong></span> 
     </span>
    </p>
   </div>
   <div class='ocr_carea' id='block_1_92' title="bbox 300 4749 1888 4824">
    <p class='ocr_par' dir='ltr' id='par_1_92' title="bbox 300 4749 1888 4824">
     <span class='ocr_line' id='line_1_92' title="bbox 300 4749 1888 4824; baseline 0.004 -25"><span class='ocrx_word' id='word_1_627' title='bbox 300 4749 416 4800; x_wconf 84' lang='grc' dir='ltr'>σεσί</span> <span class='ocrx_word' id='word_1_628' title='bbox 437 4765 546 4801; x_wconf 92' lang='grc' dir='ltr'>τισι</span> <span class='ocrx_word' id='word_1_629' title='bbox 589 4749 697 4802; x_wconf 89' lang='grc' dir='ltr'><strong>τῶν</strong></span> <span class='ocrx_word' id='word_1_630' title='bbox 722 4750 758 4802; x_wconf 85' lang='grc' dir='ltr'><strong><em>Γ</em></strong></span> <span class='ocrx_word' id='word_1_631' title='bbox 763 4752 954 4822; x_wconf 73' lang='grc' dir='ltr'>ραφῶν</span> <span class='ocrx_word' id='word_1_632' title='bbox 978 4753 1040 4805; x_wconf 83' lang='grc' dir='ltr'><strong>τὸ</strong></span> <span class='ocrx_word' id='word_1_633' title='bbox 1066 4753 1166 4822; x_wconf 85' lang='grc' dir='ltr'>τῆς</span> <span class='ocrx_word' id='word_1_634' title='bbox 1193 4753 1406 4814; x_wconf 76' lang='grc' dir='ltr'>ἐννοίας</span> <span class='ocrx_word' id='word_1_635' title='bbox 1427 4755 1888 4824; x_wconf 82' lang='grc' dir='ltr'>συνταράττοντες</span> 
     </span>
    </p>
   </div>
   <div class='ocr_carea' id='block_1_93' title="bbox 301 4840 1886 4916">
    <p class='ocr_par' dir='ltr' id='par_1_93' title="bbox 301 4840 1886 4916">
     <span class='ocr_line' id='line_1_93' title="bbox 301 4840 1886 4916; baseline 0.005 -26"><span class='ocrx_word' id='word_1_636' title='bbox 301 4840 566 4910; x_wconf 80' lang='grc' dir='ltr'>καθαρόν.</span> <span class='ocrx_word' id='word_1_637' title='bbox 618 4841 762 4893; x_wconf 82' lang='grc' dir='ltr'>Ἀλλ’</span> <span class='ocrx_word' id='word_1_638' title='bbox 812 4845 861 4896; x_wconf 90' lang='grc' dir='ltr'><strong>οί</strong></span> <span class='ocrx_word' id='word_1_639' title='bbox 892 4845 1006 4906; x_wconf 85' lang='grc' dir='ltr'>τοῖς</span> <span class='ocrx_word' id='word_1_640' title='bbox 1055 4844 1285 4906; x_wconf 87' lang='grc' dir='ltr'>Ἰταλοῖς</span> <span class='ocrx_word' id='word_1_641' title='bbox 1343 4844 1886 4916; x_wconf 79' lang='grc' dir='ltr'>προσδιαλεγόμενοι,</span> 
     </span>
    </p>
   </div>
   <div class='ocr_carea' id='block_1_94' title="bbox 303 4931 1889 5006">
    <p class='ocr_par' dir='ltr' id='par_1_94' title="bbox 303 4931 1889 5006">
     <span class='ocr_line' id='line_1_94' title="bbox 303 4931 1889 5006; baseline 0.004 -22"><span class='ocrx_word' id='word_1_642' title='bbox 303 4931 638 5001; x_wconf 75' lang='grc' dir='ltr'>σοφίσμασιν</span> <span class='ocrx_word' id='word_1_643' title='bbox 685 4935 886 4998; x_wconf 79' lang='grc' dir='ltr'>αὑτοὺς</span> <span class='ocrx_word' id='word_1_644' title='bbox 927 4935 1001 4989; x_wconf 80' lang='grc' dir='ltr'>τὰ</span> <span class='ocrx_word' id='word_1_645' title='bbox 1055 4936 1252 5002; x_wconf 78' lang='grc' dir='ltr'>πολλὰ,</span> <span class='ocrx_word' id='word_1_646' title='bbox 1289 4938 1382 4990; x_wconf 75' lang='grc' dir='ltr'>καὶ</span> <span class='ocrx_word' id='word_1_647' title='bbox 1445 4937 1889 5006; x_wconf 84' lang='grc' dir='ltr'>συλλυγιστικαῖς</span> 
     </span>
    </p>
   </div>
   <div class='ocr_carea' id='block_1_95' title="bbox 300 5024 1888 5101">
    <p class='ocr_par' dir='ltr' id='par_1_95' title="bbox 300 5024 1888 5101">
     <span class='ocr_line' id='line_1_95' title="bbox 300 5024 1888 5101; baseline 0.004 -23"><span class='ocrx_word' id='word_1_648' title='bbox 300 5024 540 5089; x_wconf 83' lang='grc' dir='ltr'>ἀπάταις</span> <span class='ocrx_word' id='word_1_649' title='bbox 599 5029 1082 5099; x_wconf 83' lang='grc' dir='ltr'>παρακρουόμενοι</span> <span class='ocrx_word' id='word_1_650' title='bbox 1127 5030 1198 5083; x_wconf 82' lang='grc' dir='ltr'>τὰ</span> <span class='ocrx_word' id='word_1_651' title='bbox 1250 5033 1360 5083; x_wconf 87' lang='grc' dir='ltr'><strong>τῶν</strong></span> <span class='ocrx_word' id='word_1_652' title='bbox 1425 5033 1687 5100; x_wconf 79' lang='grc' dir='ltr'>Πατὲρων</span> <span class='ocrx_word' id='word_1_653' title='bbox 1730 5033 1888 5101; x_wconf 82' lang='grc' dir='ltr'>ἡμῶν</span> 
     </span>
    </p>
   </div>
   <div class='ocr_carea' id='block_1_96' title="bbox 299 5113 1890 5193">
    <p class='ocr_par' dir='ltr' id='par_1_96' title="bbox 299 5113 1890 5193">
     <span class='ocr_line' id='line_1_96' title="bbox 299 5113 1890 5193; baseline 0.004 -22"><span class='ocrx_word' id='word_1_654' title='bbox 299 5117 567 5185; x_wconf 76' lang='grc' dir='ltr'>δόγματα,</span> <span class='ocrx_word' id='word_1_655' title='bbox 601 5113 684 5181; x_wconf 77' lang='grc' dir='ltr'>οἷς</span> <span class='ocrx_word' id='word_1_656' title='bbox 719 5121 864 5191; x_wconf 75' lang='grc' dir='ltr'>πρὸς</span> <span class='ocrx_word' id='word_1_657' title='bbox 896 5123 996 5192; x_wconf 80' lang='grc' dir='ltr'>τὴν</span> <span class='ocrx_word' id='word_1_658' title='bbox 1054 5123 1268 5176; x_wconf 77' lang='grc' dir='ltr'>ἑαυτῶν</span> <span class='ocrx_word' id='word_1_659' title='bbox 1320 5124 1566 5193; x_wconf 78' lang='grc' dir='ltr'>ἐχρῶντο</span> <span class='ocrx_word' id='word_1_660' title='bbox 1629 5125 1890 5178; x_wconf 80' lang='grc' dir='ltr'>σύστασιν</span> 
     </span>
    </p>
   </div>
   <div class='ocr_carea' id='block_1_97' title="bbox 312 5209 1887 5286">
    <p class='ocr_par' dir='ltr' id='par_1_97' title="bbox 312 5209 1887 5286">
     <span class='ocr_line' id='line_1_97' title="bbox 312 5209 1887 5286; baseline 0.004 -25"><span class='ocrx_word' id='word_1_661' title='bbox 312 5209 525 5273; x_wconf 73' lang='grc' dir='ltr'>Ἰταλοὶ,</span> <span class='ocrx_word' id='word_1_662' title='bbox 557 5210 821 5264; x_wconf 78' lang='grc' dir='ltr'>οὐδέποτε</span> <span class='ocrx_word' id='word_1_663' title='bbox 873 5213 1106 5276; x_wconf 74' lang='grc' dir='ltr'>ἀναιδῶς</span> <span class='ocrx_word' id='word_1_664' title='bbox 1145 5213 1319 5277; x_wconf 82' lang='grc' dir='ltr'>οὕτως</span> <span class='ocrx_word' id='word_1_665' title='bbox 1348 5215 1604 5284; x_wconf 75' lang='grc' dir='ltr'>ὴθέτουν,</span> <span class='ocrx_word' id='word_1_666' title='bbox 1630 5216 1705 5279; x_wconf 84' lang='grc' dir='ltr'>ὡς</span> <span class='ocrx_word' id='word_1_667' title='bbox 1731 5217 1764 5286; x_wconf 74' lang='grc' dir='ltr'><strong>ἡ</strong></span> <span class='ocrx_word' id='word_1_668' title='bbox 1791 5215 1887 5268; x_wconf 86' lang='grc' dir='ltr'><strong>τοῦ</strong></span> 
     </span>
    </p>
   </div>
   <div class='ocr_carea' id='block_1_98' title="bbox 299 5299 1888 5375">
    <p class='ocr_par' dir='ltr' id='par_1_98' title="bbox 299 5299 1888 5375">
     <span class='ocr_line' id='line_1_98' title="bbox 299 5299 1888 5375; baseline 0.004 -23"><span class='ocrx_word' id='word_1_669' title='bbox 299 5299 550 5369; x_wconf 82' lang='grc' dir='ltr'>Κυπρίου</span> <span class='ocrx_word' id='word_1_670' title='bbox 601 5300 819 5368; x_wconf 87' lang='grc' dir='ltr'>γλῶττα</span> <span class='ocrx_word' id='word_1_671' title='bbox 869 5304 964 5358; x_wconf 86' lang='grc' dir='ltr'><strong>νῦν</strong></span> <span class='ocrx_word' id='word_1_672' title='bbox 997 5305 1090 5358; x_wconf 77' lang='grc' dir='ltr'><strong>καὶ</strong></span> <span class='ocrx_word' id='word_1_673' title='bbox 1135 5304 1367 5360; x_wconf 83' lang='grc' dir='ltr'>διάνοια.</span> <span class='ocrx_word' id='word_1_674' title='bbox 1407 5306 1504 5368; x_wconf 89' lang='grc' dir='ltr'><strong>Τίς</strong></span> <span class='ocrx_word' id='word_1_675' title='bbox 1551 5306 1659 5375; x_wconf 82' lang='grc' dir='ltr'><strong>γὰρ</strong></span> <span class='ocrx_word' id='word_1_676' title='bbox 1688 5307 1796 5358; x_wconf 89' lang='grc' dir='ltr'><strong>τῶν</strong></span> <span class='ocrx_word' id='word_1_677' title='bbox 1828 5307 1888 5371; x_wconf 76' lang='grc' dir='ltr'><strong>ἐξ</strong></span> 
     </span>
    </p>
   </div>
   <div class='ocr_carea' id='block_1_99' title="bbox 300 5390 1887 5467">
    <p class='ocr_par' dir='ltr' id='par_1_99' title="bbox 300 5390 1887 5467">
     <span class='ocr_line' id='line_1_99' title="bbox 300 5390 1887 5467; baseline 0.005 -25"><span class='ocrx_word' id='word_1_678' title='bbox 300 5390 534 5458; x_wconf 70' lang='grc' dir='ltr'>ἐκείνου,</span> <span class='ocrx_word' id='word_1_679' title='bbox 579 5395 673 5446; x_wconf 72' lang='grc' dir='ltr'><strong>καὶ</strong></span> <span class='ocrx_word' id='word_1_680' title='bbox 709 5393 812 5456; x_wconf 71' lang='grc' dir='ltr'>ἕως</span> <span class='ocrx_word' id='word_1_681' title='bbox 854 5399 949 5447; x_wconf 74' lang='grc' dir='ltr'><strong>τοῦ</strong></span> <span class='ocrx_word' id='word_1_682' title='bbox 1005 5397 1100 5449; x_wconf 88' lang='grc' dir='ltr'><strong>νῦν</strong></span> <span class='ocrx_word' id='word_1_683' title='bbox 1124 5417 1143 5448; x_wconf 75' lang='lat' dir='ltr'><strong>r</strong></span> <span class='ocrx_word' id='word_1_684' title='bbox 1171 5395 1270 5467; x_wconf 78' lang='grc' dir='ltr'>τὴν</span> <span class='ocrx_word' id='word_1_685' title='bbox 1309 5399 1374 5449; x_wconf 77' lang='grc' dir='ltr'>ἐκ</span> <span class='ocrx_word' id='word_1_686' title='bbox 1416 5398 1632 5467; x_wconf 83' lang='grc' dir='ltr'>Πατρὸς</span> <span class='ocrx_word' id='word_1_687' title='bbox 1663 5398 1730 5451; x_wconf 87' lang='grc' dir='ltr'>δι’</span> <span class='ocrx_word' id='word_1_688' title='bbox 1758 5398 1887 5450; x_wconf 85' lang='grc' dir='ltr'>Υίοῠ</span> 
     </span>
    </p>
   </div>
   <div class='ocr_carea' id='block_1_100' title="bbox 300 5483 1890 5558">
    <p class='ocr_par' dir='ltr' id='par_1_100' title="bbox 300 5483 1890 5558">
     <span class='ocr_line' id='line_1_100' title="bbox 300 5483 1890 5558; baseline 0.006 -25"><span class='ocrx_word' id='word_1_689' title='bbox 300 5483 628 5554; x_wconf 75' lang='grc' dir='ltr'>ἔκπόρευσιν</span> <span class='ocrx_word' id='word_1_690' title='bbox 687 5503 706 5538; x_wconf 83' lang='grc'>›</span> <span class='ocrx_word' id='word_1_691' title='bbox 741 5485 836 5540; x_wconf 86' lang='grc' dir='ltr'><strong>τοῦ</strong></span> <span class='ocrx_word' id='word_1_692' title='bbox 868 5487 1026 5555; x_wconf 79' lang='grc' dir='ltr'>ἁγίου</span> <span class='ocrx_word' id='word_1_693' title='bbox 1078 5488 1394 5557; x_wconf 70' lang='grc' dir='ltr'>Πνεῦματος</span> <span class='ocrx_word' id='word_1_694' title='bbox 1427 5488 1692 5557; x_wconf 80' lang='grc' dir='ltr'>ἀθετῆσαι</span> <span class='ocrx_word' id='word_1_695' title='bbox 1738 5489 1890 5558; x_wconf 76' lang='grc' dir='ltr'>εὑρίο</span> 
     </span>
    </p>
   </div>
   <div class='ocr_carea' id='block_1_101' title="bbox 302 5575 1888 5648">
    <p class='ocr_par' dir='ltr' id='par_1_101' title="bbox 302 5575 1888 5648">
     <span class='ocr_line' id='line_1_101' title="bbox 302 5575 1888 5648; baseline 0.003 -22"><span class='ocrx_word' id='word_1_696' title='bbox 302 5589 524 5640; x_wconf 88' lang='grc' dir='ltr'>σκεται;</span> <span class='ocrx_word' id='word_1_697' title='bbox 577 5575 900 5647; x_wconf 83' lang='grc' dir='ltr'>Ζητηθήτω,</span> <span class='ocrx_word' id='word_1_698' title='bbox 961 5579 1055 5630; x_wconf 57' lang='grc' dir='ltr'><strong>καὶ⁵</strong></span> <span class='ocrx_word' id='word_1_699' title='bbox 1108 5578 1284 5642; x_wconf 75' lang='grc' dir='ltr'>οὐδεὶς</span> <span class='ocrx_word' id='word_1_700' title='bbox 1349 5579 1730 5648; x_wconf 76' lang='grc' dir='ltr'>εὑρεθήσεται.</span> <span class='ocrx_word' id='word_1_701' title='bbox 1789 5577 1888 5643; x_wconf 90' lang='grc' dir='ltr'><strong>Τίς</strong></span> 
     </span>
    </p>
   </div>
   <div class='ocr_carea' id='block_1_102' title="bbox 298 5654 1887 5741">
    <p class='ocr_par' dir='ltr' id='par_1_102' title="bbox 298 5654 1887 5741">
     <span class='ocr_line' id='line_1_102' title="bbox 298 5654 1887 5741; baseline 0.003 -24"><span class='ocrx_word' id='word_1_702' title='bbox 298 5667 408 5718; x_wconf 75' lang='grc' dir='ltr'><strong>τῶν</strong></span> <span class='ocrx_word' id='word_1_703' title='bbox 447 5665 703 5721; x_wconf 80' lang='grc' dir='ltr'>ἁπάντων</span> <span class='ocrx_word' id='word_1_704' title='bbox 745 5670 806 5721; x_wconf 77' lang='grc' dir='ltr'><strong>τὸ</strong></span> <span class='ocrx_word' id='word_1_705' title='bbox 840 5686 859 5719; x_wconf 78' lang='grc' dir='ltr'><strong>ι</strong></span> <span class='ocrx_word' id='word_1_706' title='bbox 899 5654 989 5720; x_wconf 74' lang='grc' dir='ltr'><strong>διά</strong></span> <span class='ocrx_word' id='word_1_707' title='bbox 1019 5669 1111 5722; x_wconf 86' lang='grc' dir='ltr'><strong>τοῦ</strong></span> <span class='ocrx_word' id='word_1_708' title='bbox 1155 5671 1461 5741; x_wconf 82' lang='grc' dir='ltr'>προσεχῶς,</span> <span class='ocrx_word' id='word_1_709' title='bbox 1496 5671 1661 5739; x_wconf 81' lang='grc' dir='ltr'>μηδὲν</span> <span class='ocrx_word' id='word_1_710' title='bbox 1699 5670 1887 5738; x_wconf 80' lang='grc' dir='ltr'>διαφέ-</span> 
     </span>
    </p>
   </div>
   <div class='ocr_carea' id='block_1_103' title="bbox 303 5756 1900 5832">
    <p class='ocr_par' dir='ltr' id='par_1_103' title="bbox 303 5756 1900 5832">
     <span class='ocr_line' id='line_1_103' title="bbox 303 5756 1900 5832; baseline 0.002 -21"><span class='ocrx_word' id='word_1_711' title='bbox 303 5776 418 5829; x_wconf 86' lang='grc' dir='ltr'>ρειν</span> <span class='ocrx_word' id='word_1_712' title='bbox 444 5760 537 5812; x_wconf 72' lang='grc' dir='ltr'><strong>τοῦ</strong></span> <span class='ocrx_word' id='word_1_713' title='bbox 569 5761 856 5830; x_wconf 83' lang='grc' dir='ltr'>προσεχῶς</span> <span class='ocrx_word' id='word_1_714' title='bbox 893 5779 912 5812; x_wconf 76' lang='grc' dir='ltr'><strong>ι</strong></span> <span class='ocrx_word' id='word_1_715' title='bbox 941 5761 1207 5832; x_wconf 81' lang='grc' dir='ltr'>εῖρηκεν;</span> <span class='ocrx_word' id='word_1_716' title='bbox 1250 5763 1401 5816; x_wconf 71' lang='grc' dir='ltr'>Ὀὐδὲ</span> <span class='ocrx_word' id='word_1_717' title='bbox 1439 5756 1594 5824; x_wconf 73' lang='grc' dir='ltr'>οὗτος</span> <span class='ocrx_word' id='word_1_718' title='bbox 1629 5761 1900 5832; x_wconf 70' lang='grc' dir='ltr'>ζητηθεὶς</span> 
     </span>
    </p>
   </div>
   <div class='ocr_carea' id='block_1_104' title="bbox 301 5849 1884 5926">
    <p class='ocr_par' dir='ltr' id='par_1_104' title="bbox 301 5849 1884 5926">
     <span class='ocr_line' id='line_1_104' title="bbox 301 5849 1884 5926; baseline 0.001 -24"><span class='ocrx_word' id='word_1_719' title='bbox 301 5849 679 5918; x_wconf 79' lang='grc' dir='ltr'>εὑρεθήσεται.</span> <span class='ocrx_word' id='word_1_720' title='bbox 728 5852 866 5904; x_wconf 79' lang='grc' dir='ltr'>Ἀλλ’</span> <span class='ocrx_word' id='word_1_721' title='bbox 900 5854 928 5905; x_wconf 86' lang='grc' dir='ltr'>ὁ</span> <span class='ocrx_word' id='word_1_722' title='bbox 972 5853 1244 5926; x_wconf 79' lang='grc' dir='ltr'><strong>Κύπριος⁹</strong></span> <span class='ocrx_word' id='word_1_723' title='bbox 1293 5851 1338 5904; x_wconf 86' lang='grc' dir='ltr'><strong>ῶ</strong></span> <span class='ocrx_word' id='word_1_724' title='bbox 1385 5852 1612 5922; x_wconf 81' lang='grc' dir='ltr'>γνώμης</span> <span class='ocrx_word' id='word_1_725' title='bbox 1639 5853 1884 5920; x_wconf 77' lang='grc' dir='ltr'>πονηρᾶς</span> 
     </span>
    </p>
   </div>
   <div class='ocr_carea' id='block_1_105' title="bbox 301 5941 1884 6015">
    <p class='ocr_par' dir='ltr' id='par_1_105' title="bbox 301 5941 1884 6015">
     <span class='ocr_line' id='line_1_105' title="bbox 301 5941 1884 6015; baseline 0 -19"><span class='ocrx_word' id='word_1_726' title='bbox 301 5945 394 5996; x_wconf 73' lang='grc' dir='ltr'><strong>καὶ</strong></span> <span class='ocrx_word' id='word_1_727' title='bbox 419 5941 596 6012; x_wconf 79' lang='grc' dir='ltr'>ψυχῆς</span> <span class='ocrx_word' id='word_1_728' title='bbox 623 5944 791 6012; x_wconf 79' lang='grc' dir='ltr'>μηδὲν</span> <span class='ocrx_word' id='word_1_729' title='bbox 819 5945 1130 6015; x_wconf 72' lang='grc' dir='ltr'>ἡγουμένης</span> <span class='ocrx_word' id='word_1_730' title='bbox 1158 5944 1359 6000; x_wconf 73' lang='grc' dir='ltr'>δ-ινόνῑ</span> <span class='ocrx_word' id='word_1_731' title='bbox 1405 5947 1452 5998; x_wconf 86' lang='grc' dir='ltr'>εἰ</span> <span class='ocrx_word' id='word_1_732' title='bbox 1478 5946 1650 5999; x_wconf 77' lang='grc' dir='ltr'>πάντα</span> <span class='ocrx_word' id='word_1_733' title='bbox 1673 5947 1884 6014; x_wconf 76' lang='grc' dir='ltr'>αἱρετι-</span> 
     </span>
    </p>
   </div>
   <div class='ocr_carea' id='block_1_106' title="bbox 2002 4746 3581 4819">
    <p class='ocr_par' dir='ltr' id='par_1_106' title="bbox 2002 4746 3581 4819">
     <span class='ocr_line' id='line_1_106' title="bbox 2002 4746 3581 4819; baseline -0.001 -15"><span class='ocrx_word' id='word_1_734' title='bbox 2002 4750 2184 4804; x_wconf 65' lang='grc' dir='ltr'>ῑειιιὶω</span> <span class='ocrx_word' id='word_1_735' title='bbox 2225 4749 2518 4804; x_wconf 88' lang='lat' dir='ltr'><strong>duritatem</strong></span> <span class='ocrx_word' id='word_1_736' title='bbox 2581 4747 3037 4807; x_wconf 85' lang='lat' dir='ltr'><strong>iuterturbabant.</strong></span> <span class='ocrx_word' id='word_1_737' title='bbox 3089 4746 3291 4802; x_wconf 83' lang='lat' dir='ltr'><strong>Verum</strong></span> <span class='ocrx_word' id='word_1_738' title='bbox 3335 4749 3581 4819; x_wconf 86' lang='lat' dir='ltr'><strong>quicum</strong></span> 
     </span>
    </p>
   </div>
   <div class='ocr_carea' id='block_1_107' title="bbox 1999 4824 3580 4910">
    <p class='ocr_par' dir='ltr' id='par_1_107' title="bbox 1999 4824 3580 4910">
     <span class='ocr_line' id='line_1_107' title="bbox 1999 4824 3580 4910; baseline 0.001 -18"><span class='ocrx_word' id='word_1_739' title='bbox 1999 4824 2149 4895; x_wconf 76' lang='lat' dir='ltr'><strong>italis</strong></span> <span class='ocrx_word' id='word_1_740' title='bbox 2177 4841 2695 4910; x_wconf 76' lang='lat' dir='ltr'><strong>congrediebantur,</strong></span> <span class='ocrx_word' id='word_1_741' title='bbox 2741 4839 2966 4893; x_wconf 84' lang='lat' dir='ltr'><strong>eosdem</strong></span> <span class='ocrx_word' id='word_1_742' title='bbox 3000 4851 3058 4892; x_wconf 92' lang='lat' dir='ltr'><strong>ut</strong></span> <span class='ocrx_word' id='word_1_743' title='bbox 3092 4839 3392 4910; x_wconf 88' lang='lat' dir='ltr'><strong>plurimum</strong></span> <span class='ocrx_word' id='word_1_744' title='bbox 3422 4841 3580 4894; x_wconf 80' lang='lat' dir='ltr'><strong>falla-</strong></span> 
     </span>
    </p>
   </div>
   <div class='ocr_carea' id='block_1_108' title="bbox 2000 4929 3577 5000">
    <p class='ocr_par' dir='ltr' id='par_1_108' title="bbox 2000 4929 3577 5000">
     <span class='ocr_line' id='line_1_108' title="bbox 2000 4929 3577 5000; baseline -0.003 -14"><span class='ocrx_word' id='word_1_745' title='bbox 2000 4932 2160 4987; x_wconf 88' lang='lat' dir='ltr'><strong>cibus</strong></span> <span class='ocrx_word' id='word_1_746' title='bbox 2191 4930 2682 4995; x_wconf 87' lang='lat' dir='ltr'><strong>conclusiunculis,</strong></span> <span class='ocrx_word' id='word_1_747' title='bbox 2717 4937 2770 4983; x_wconf 93' lang='lat' dir='ltr'><strong>et</strong></span> <span class='ocrx_word' id='word_1_748' title='bbox 2798 4929 3152 5000; x_wconf 76' lang='lat' dir='ltr'><strong>syllogisticls</strong></span> <span class='ocrx_word' id='word_1_749' title='bbox 3183 4929 3466 4984; x_wconf 78' lang='lat' dir='ltr'><strong>fraudibus</strong></span> <span class='ocrx_word' id='word_1_750' title='bbox 3494 4946 3577 4982; x_wconf 88' lang='lat' dir='ltr'><strong>re-</strong></span> 
     </span>
    </p>
   </div>
   <div class='ocr_carea' id='block_1_109' title="bbox 2003 5020 3579 5093">
    <p class='ocr_par' dir='ltr' id='par_1_109' title="bbox 2003 5020 3579 5093">
     <span class='ocr_line' id='line_1_109' title="bbox 2003 5020 3579 5093; baseline -0.003 -15"><span class='ocrx_word' id='word_1_751' title='bbox 2003 5023 2260 5085; x_wconf 84' lang='lat' dir='ltr'><strong>futantes,</strong></span> <span class='ocrx_word' id='word_1_752' title='bbox 2314 5033 2628 5077; x_wconf 90' lang='lat' dir='ltr'><strong>nostrorum</strong></span> <span class='ocrx_word' id='word_1_753' title='bbox 2668 5020 2893 5075; x_wconf 84' lang='lat' dir='ltr'><strong>Patrum</strong></span> <span class='ocrx_word' id='word_1_754' title='bbox 2943 5021 3227 5093; x_wconf 76' lang='lat' dir='ltr'><strong>dogmata,</strong></span> <span class='ocrx_word' id='word_1_755' title='bbox 3263 5022 3462 5090; x_wconf 90' lang='lat' dir='ltr'><strong>quibus</strong></span> <span class='ocrx_word' id='word_1_756' title='bbox 3513 5025 3579 5074; x_wconf 87' lang='lat' dir='ltr'><strong>ad</strong></span> 
     </span>
    </p>
   </div>
   <div class='ocr_carea' id='block_1_110' title="bbox 2001 5112 3578 5181">
    <p class='ocr_par' dir='ltr' id='par_1_110' title="bbox 2001 5112 3578 5181">
     <span class='ocr_line' id='line_1_110' title="bbox 2001 5112 3578 5181; baseline -0.003 -12"><span class='ocrx_word' id='word_1_757' title='bbox 2001 5130 2100 5169; x_wconf 84' lang='lat' dir='ltr'><strong>sua</strong></span> <span class='ocrx_word' id='word_1_758' title='bbox 2149 5115 2556 5169; x_wconf 86' lang='lat' dir='ltr'><strong>corroboranda</strong></span> <span class='ocrx_word' id='word_1_759' title='bbox 2608 5113 2723 5168; x_wconf 86' lang='lat' dir='ltr'><strong>Itali</strong></span> <span class='ocrx_word' id='word_1_760' title='bbox 2779 5117 3098 5178; x_wconf 78' lang='lat' dir='ltr'><strong>utebantur,</strong></span> <span class='ocrx_word' id='word_1_761' title='bbox 3162 5128 3440 5181; x_wconf 85' lang='lat' dir='ltr'><strong>nunquam</strong></span> <span class='ocrx_word' id='word_1_762' title='bbox 3505 5112 3578 5165; x_wconf 86' lang='lat' dir='ltr'><strong>ita</strong></span> 
     </span>
    </p>
   </div>
   <div class='ocr_carea' id='block_1_111' title="bbox 1999 5203 3577 5275">
    <p class='ocr_par' dir='ltr' id='par_1_111' title="bbox 1999 5203 3577 5275">
     <span class='ocr_line' id='line_1_111' title="bbox 1999 5203 3577 5275; baseline -0.003 -15"><span class='ocrx_word' id='word_1_763' title='bbox 1999 5207 2366 5275; x_wconf 79' lang='lat' dir='ltr'><strong>impudenter,</strong></span> <span class='ocrx_word' id='word_1_764' title='bbox 2405 5215 2624 5259; x_wconf 89' lang='lat' dir='ltr'><strong>utnunc</strong></span> <span class='ocrx_word' id='word_1_765' title='bbox 2649 5204 2831 5275; x_wconf 79' lang='lat' dir='ltr'><strong>lingua</strong></span> <span class='ocrx_word' id='word_1_766' title='bbox 2861 5203 3069 5272; x_wconf 86' lang='lat' dir='ltr'><strong>Cyprii,</strong></span> <span class='ocrx_word' id='word_1_767' title='bbox 3105 5212 3160 5258; x_wconf 89' lang='lat' dir='ltr'><strong>et</strong></span> <span class='ocrx_word' id='word_1_768' title='bbox 3198 5204 3453 5268; x_wconf 85' lang='lat' dir='ltr'><strong>audacia,</strong></span> <span class='ocrx_word' id='word_1_769' title='bbox 3488 5219 3577 5256; x_wconf 80' lang='lat' dir='ltr'><strong>re-</strong></span> 
     </span>
    </p>
   </div>
   <div class='ocr_carea' id='block_1_112' title="bbox 2000 5295 3574 5365">
    <p class='ocr_par' dir='ltr' id='par_1_112' title="bbox 2000 5295 3574 5365">
     <span class='ocr_line' id='line_1_112' title="bbox 2000 5295 3574 5365; baseline -0.001 -15"><span class='ocrx_word' id='word_1_770' title='bbox 2000 5296 2270 5352; x_wconf 87' lang='lat' dir='ltr'><strong>futabaut.</strong></span> <span class='ocrx_word' id='word_1_771' title='bbox 2321 5297 2459 5364; x_wconf 87' lang='lat' dir='ltr'><strong>Quis</strong></span> <span class='ocrx_word' id='word_1_772' title='bbox 2485 5297 2638 5352; x_wconf 83' lang='lat' dir='ltr'><strong>enim</strong></span> <span class='ocrx_word' id='word_1_773' title='bbox 2690 5311 2755 5350; x_wconf 86' lang='lat' dir='ltr'><strong>ex</strong></span> <span class='ocrx_word' id='word_1_774' title='bbox 2807 5311 2872 5349; x_wconf 89' lang='lat' dir='ltr'><strong>eo</strong></span> <span class='ocrx_word' id='word_1_775' title='bbox 2900 5304 3162 5365; x_wconf 90' lang='lat' dir='ltr'><strong>tempore,</strong></span> <span class='ocrx_word' id='word_1_776' title='bbox 3199 5295 3264 5348; x_wconf 88' lang='lat' dir='ltr'><strong>ad</strong></span> <span class='ocrx_word' id='word_1_777' title='bbox 3300 5295 3403 5348; x_wconf 92' lang='lat' dir='ltr'><strong>hoc</strong></span> <span class='ocrx_word' id='word_1_778' title='bbox 3437 5311 3574 5363; x_wconf 79' lang='lat' dir='ltr'><strong>pra:-</strong></span> 
     </span>
    </p>
   </div>
   <div class='ocr_carea' id='block_1_113' title="bbox 1999 5385 3574 5458">
    <p class='ocr_par' dir='ltr' id='par_1_113' title="bbox 1999 5385 3574 5458">
     <span class='ocr_line' id='line_1_113' title="bbox 1999 5385 3574 5458; baseline -0.003 -13"><span class='ocrx_word' id='word_1_779' title='bbox 1999 5404 2126 5445; x_wconf 87' lang='lat' dir='ltr'><strong>sens</strong></span> <span class='ocrx_word' id='word_1_780' title='bbox 2158 5398 2406 5458; x_wconf 87' lang='lat' dir='ltr'><strong>repertus</strong></span> <span class='ocrx_word' id='word_1_781' title='bbox 2450 5399 2554 5454; x_wconf 87' lang='lat' dir='ltr'><strong>est,</strong></span> <span class='ocrx_word' id='word_1_782' title='bbox 2607 5390 2699 5458; x_wconf 92' lang='lat' dir='ltr'><strong>qui</strong></span> <span class='ocrx_word' id='word_1_783' title='bbox 2735 5386 2908 5442; x_wconf 89' lang='lat' dir='ltr'><strong>sancti</strong></span> <span class='ocrx_word' id='word_1_784' title='bbox 2945 5385 3186 5454; x_wconf 81' lang='lat' dir='ltr'><strong>Spiritus</strong></span> <span class='ocrx_word' id='word_1_785' title='bbox 3239 5403 3257 5435; x_wconf 77' lang='grc' dir='ltr'><strong>ι</strong></span> <span class='ocrx_word' id='word_1_786' title='bbox 3301 5401 3366 5438; x_wconf 89' lang='lat' dir='ltr'><strong>ex</strong></span> <span class='ocrx_word' id='word_1_787' title='bbox 3418 5387 3574 5440; x_wconf 79' lang='lat' dir='ltr'><strong>Patrc</strong></span> 
     </span>
    </p>
   </div>
   <div class='ocr_carea' id='block_1_114' title="bbox 1993 5477 3571 5551">
    <p class='ocr_par' dir='ltr' id='par_1_114' title="bbox 1993 5477 3571 5551">
     <span class='ocr_line' id='line_1_114' title="bbox 1993 5477 3571 5551; baseline -0.004 -16"><span class='ocrx_word' id='word_1_788' title='bbox 1993 5497 2094 5551; x_wconf 83' lang='lat' dir='ltr'><strong>per</strong></span> <span class='ocrx_word' id='word_1_789' title='bbox 2142 5480 2340 5535; x_wconf 84' lang='lat' dir='ltr'><strong>Filium</strong></span> <span class='ocrx_word' id='word_1_790' title='bbox 2386 5483 2793 5550; x_wconf 88' lang='lat' dir='ltr'><strong>processionem</strong></span> <span class='ocrx_word' id='word_1_791' title='bbox 2825 5497 2843 5529; x_wconf 71' lang='grc' dir='ltr'><strong>ι</strong></span> <span class='ocrx_word' id='word_1_792' title='bbox 2899 5477 3256 5532; x_wconf 86' lang='lat' dir='ltr'><strong>amoliretur?</strong></span> <span class='ocrx_word' id='word_1_793' title='bbox 3293 5477 3571 5541; x_wconf 72' lang='lat' dir='ltr'><strong>Quaeratur</strong></span> 
     </span>
    </p>
   </div>
   <div class='ocr_carea' id='block_1_115' title="bbox 1999 5570 3572 5641">
    <p class='ocr_par' dir='ltr' id='par_1_115' title="bbox 1999 5570 3572 5641">
     <span class='ocr_line' id='line_1_115' title="bbox 1999 5570 3572 5641; baseline -0.002 -15"><span class='ocrx_word' id='word_1_794' title='bbox 1999 5573 2125 5627; x_wconf 85' lang='lat' dir='ltr'><strong>licet</strong></span> <span class='ocrx_word' id='word_1_795' title='bbox 2152 5613 2167 5635; x_wconf 93' lang='lat'><strong>,</strong></span> <span class='ocrx_word' id='word_1_796' title='bbox 2215 5573 2398 5627; x_wconf 86' lang='lat' dir='ltr'><strong>nullus</strong></span> <span class='ocrx_word' id='word_1_797' title='bbox 2429 5572 2815 5641; x_wconf 85' lang='lat' dir='ltr'><strong>comperietur.</strong></span> <span class='ocrx_word' id='word_1_798' title='bbox 2841 5570 2976 5637; x_wconf 88' lang='lat' dir='ltr'><strong>Quis</strong></span> <span class='ocrx_word' id='word_1_799' title='bbox 3017 5586 3255 5640; x_wconf 90' lang='lat' dir='ltr'><strong>unquam</strong></span> <span class='ocrx_word' id='word_1_800' title='bbox 3307 5570 3572 5623; x_wconf 88' lang='lat' dir='ltr'><strong>omnium.</strong></span> 
     </span>
    </p>
   </div>
   <div class='ocr_carea' id='block_1_116' title="bbox 2003 5659 3569 5734">
    <p class='ocr_par' dir='ltr' id='par_1_116' title="bbox 2003 5659 3569 5734">
     <span class='ocr_line' id='line_1_116' title="bbox 2003 5659 3569 5734; baseline -0.002 -16"><span class='ocrx_word' id='word_1_801' title='bbox 2003 5683 2021 5718; x_wconf 71' lang='grc' dir='ltr'><strong>ί</strong></span> <span class='ocrx_word' id='word_1_802' title='bbox 2063 5663 2207 5734; x_wconf 87' lang='lat' dir='ltr'><strong>quod</strong></span> <span class='ocrx_word' id='word_1_803' title='bbox 2247 5679 2344 5732; x_wconf 85' lang='lat' dir='ltr'><strong>per</strong></span> <span class='ocrx_word' id='word_1_804' title='bbox 2375 5662 2512 5718; x_wconf 91' lang='lat' dir='ltr'><strong>illud</strong></span> <span class='ocrx_word' id='word_1_805' title='bbox 2563 5661 2707 5732; x_wconf 87' lang='lat' dir='ltr'><strong>quod</strong></span> <span class='ocrx_word' id='word_1_806' title='bbox 2737 5660 2994 5730; x_wconf 70' lang='lat' dir='ltr'><strong>contigue</strong></span> <span class='ocrx_word' id='word_1_807' title='bbox 3028 5672 3133 5724; x_wconf 91' lang='lat' dir='ltr'><strong>est,</strong></span> <span class='ocrx_word' id='word_1_808' title='bbox 3174 5661 3242 5712; x_wconf 85' lang='lat' dir='ltr'><strong>ab</strong></span> <span class='ocrx_word' id='word_1_809' title='bbox 3273 5659 3394 5728; x_wconf 92' lang='lat' dir='ltr'><strong>ipso</strong></span> <span class='ocrx_word' id='word_1_810' title='bbox 3441 5673 3569 5715; x_wconf 82' lang='lat' dir='ltr'><strong>cou-</strong></span> 
     </span>
    </p>
   </div>
   <div class='ocr_carea' id='block_1_117' title="bbox 1998 5750 3571 5822">
    <p class='ocr_par' dir='ltr' id='par_1_117' title="bbox 1998 5750 3571 5822">
     <span class='ocr_line' id='line_1_117' title="bbox 1998 5750 3571 5822; baseline -0.003 -15"><span class='ocrx_word' id='word_1_811' title='bbox 1998 5754 2145 5822; x_wconf 77' lang='lat' dir='ltr'><strong>tiguo</strong></span> <span class='ocrx_word' id='word_1_812' title='bbox 2176 5770 2284 5807; x_wconf 92' lang='lat' dir='ltr'><strong>non</strong></span> <span class='ocrx_word' id='word_1_813' title='bbox 2316 5753 2554 5816; x_wconf 78' lang='lat' dir='ltr'><strong>differre,</strong></span> <span class='ocrx_word' id='word_1_814' title='bbox 2595 5773 2611 5804; x_wconf 69' lang='grc' dir='ltr'><strong>ι</strong></span> <span class='ocrx_word' id='word_1_815' title='bbox 2649 5752 2990 5806; x_wconf 82' lang='lat' dir='ltr'><strong>enuntiavit?</strong></span> <span class='ocrx_word' id='word_1_816' title='bbox 3021 5750 3207 5821; x_wconf 76' lang='lat' dir='ltr'><strong>Neque</strong></span> <span class='ocrx_word' id='word_1_817' title='bbox 3238 5752 3324 5804; x_wconf 89' lang='lat' dir='ltr'><strong>hic</strong></span> <span class='ocrx_word' id='word_1_818' title='bbox 3355 5750 3571 5819; x_wconf 80' lang='lat' dir='ltr'><strong>quidem</strong></span> 
     </span>
    </p>
   </div>
   <div class='ocr_carea' id='block_1_118' title="bbox 1998 5841 3569 5916">
    <p class='ocr_par' dir='ltr' id='par_1_118' title="bbox 1998 5841 3569 5916">
     <span class='ocr_line' id='line_1_118' title="bbox 1998 5841 3569 5916; baseline -0.003 -17"><span class='ocrx_word' id='word_1_819' title='bbox 1998 5847 2123 5901; x_wconf 88' lang='lat' dir='ltr'><strong>licet</strong></span> <span class='ocrx_word' id='word_1_820' title='bbox 2157 5847 2317 5900; x_wconf 90' lang='lat' dir='ltr'><strong>anxie</strong></span> <span class='ocrx_word' id='word_1_821' title='bbox 2349 5847 2726 5916; x_wconf 79' lang='lat' dir='ltr'><strong>investigetur,</strong></span> <span class='ocrx_word' id='word_1_822' title='bbox 2783 5845 2980 5900; x_wconf 89' lang='lat' dir='ltr'><strong>aderit.</strong></span> <span class='ocrx_word' id='word_1_823' title='bbox 3038 5845 3422 5898; x_wconf 82' lang='lat' dir='ltr'><strong>Verumtamen</strong></span> <span class='ocrx_word' id='word_1_824' title='bbox 3462 5841 3569 5909; x_wconf 82' lang='lat' dir='ltr'><strong>Cy-</strong></span> 
     </span>
    </p>
   </div>
   <div class='ocr_carea' id='block_1_119' title="bbox 1997 5933 3568 6011">
    <p class='ocr_par' dir='ltr' id='par_1_119' title="bbox 1997 5933 3568 6011">
     <span class='ocr_line' id='line_1_119' title="bbox 1997 5933 3568 6011; baseline -0.005 -16"><span class='ocrx_word' id='word_1_825' title='bbox 1997 5941 2169 6011; x_wconf 76' lang='lat' dir='ltr'><strong>prius,</strong></span> <span class='ocrx_word' id='word_1_826' title='bbox 2235 5955 2266 5996; x_wconf 93' lang='lat' dir='ltr'><strong>o</strong></span> <span class='ocrx_word' id='word_1_827' title='bbox 2319 5949 2555 5995; x_wconf 84' lang='lat' dir='ltr'><strong>mentem</strong></span> <span class='ocrx_word' id='word_1_828' title='bbox 2619 5940 2958 6011; x_wconf 88' lang='lat' dir='ltr'><strong>improbam!</strong></span> <span class='ocrx_word' id='word_1_829' title='bbox 3018 5938 3368 6006; x_wconf 66' lang='lat' dir='ltr'><strong>animumque</strong></span> <span class='ocrx_word' id='word_1_830' title='bbox 3423 5933 3568 5988; x_wconf 86' lang='lat' dir='ltr'><strong>haud</strong></span> 
     </span>
    </p>
   </div>
  </div>
