4150 6500
170 577 307 644 873

1131 585 1563 647 ΒΕΕΗΤΑΤιΟ
1606 581 1816 648 LIBRI
1858 576 2180 647 GEORGII
2216 574 2492 650 CYPRII.

3326 571 3434 648 37L

170 709 293 760 τος
345 694 476 747 ἄλλο
514 674 610 763 μέν
643 675 926 764 σημαίνειν
947 695 1008 748 τὸ
1034 695 1097 748 ὲκ
1142 688 1376 768 Πατρδς,
1413 702 1488 765 μὴ
1517 711 1741 766 προσκει

1877 694 2061 749 omnia
2089 691 2388 759 examinat,
2422 684 2758 764 Tlieologus,
2788 691 3120 761 expiscatur,
3167 691 3314 747 aliud
3346 711 3448 748 no.

173 784 370 852 μένου
413 787 515 838 ’καὶ
556 785 645 838 τοῦ
675 786 826 850 Υἱοῦ,
855 786 988 840 ἄλλο
1016 787 1074 840 δὲ
1105 788 1164 840 τὸ
1194 788 1257 840 ὲκ
1291 789 1504 856 Πατρὸς
1547 789 1614 841 δι’
1638 788 1767 841 Υίοῦ

165 877 621 946 ἐκπορεύεσθαι.
660 897 678 930 ι
730 879 824 932 Ἐκ
878 878 972 932 τοῦ
1015 880 1253 950 Πατρὸς,
1290 900 1308 930 ι
1356 881 1544 949 φησὶν,
1601 881 1768 933 ἐκπο-

166 969 537 1039 ρεύεσθαιτὸ
564 973 830 1040 πανάγιον
863 971 1088 1040 Πνεῦμα
1123 970 1257 1041 παρ’
1290 968 1455 1025 αὑτοῦ
1476 972 1568 1024 τοῦ
1625 971 1762 1024 Θεοῦ

161 1063 282 1112 καὶ
311 1062 492 1128 Λόγου
522 1058 804 1132 μαθόντες,
840 1063 903 1116 ὲκ
926 1063 1021 1116 τοῦ
1084 1061 1298 1133 Πατρδς
1334 1063 1428 1115 καὶ
1459 1063 1560 1132 τὴν
1589 1063 1778 1133 ἀρχὴν,

164 1151 341 1221 ἔχειν
374 1153 764 1223 ὁμολογοῦμεν.
798 1174 815 1205 ι
853 1155 1087 1225 Ἀληθὴς
1127 1157 1178 1224 ’ἡ
1208 1155 1490 1224 ὁμολογία.
1539 1154 1768 1224 Ἐφεξῆς

168 1243 238 1295 δὲ
273 1227 659 1313 παρακατιὼν,
697 1263 715 1294 ι
761 1239 902 1324 Εξκδὲ
946 1246 1039 1296 καὶ
1067 1231 1156 1297 διὰ
1205 1244 1300 1298 τοῦ
1355 1244 1508 1311 Υίοῦ,
1538 1263 1556 1296 ι
1607 1245 1764 1314 φησὶ,

168 1341 406 1408 «παρά
432 1355 546 1390 τισι
611 1336 718 1391 τῶν
744 1335 920 1405 ἁγίων
965 1339 1364 1407 ἐκπορεύεσθαι
1420 1339 1484 1392 τὸ
1539 1338 1764 1409 Πνεῦμα

156 1429 234 1480 τὸ
276 1429 439 1494 ἅγιον
483 1428 722 1500 εἴρηται,
754 1427 855 1499 τὴν
903 1413 1073 1483 ἀΐδιον
1102 1429 1366 1497 ἔκφανσιν
1407 1430 1439 1501 ή
1479 1429 1643 1509 λέξις,
1684 1431 1762 1482 ὲν-

156 1520 381 1583 ταῦθα,
415 1522 476 1573 οὐ
510 1521 608 1589 τὴν
639 1523 719 1584 εἰς
743 1520 805 1575 τὸ
824 1518 970 1572 εἶναι
1022 1520 1280 1592 καθαρῶς
1313 1522 1602 1591 σημαίνειν
1636 1520 1761 1591 βού-

157 1593 339 1665 λεται
392 1612 637 1680 πρόοδον.
682 1631 699 1662 ι
743 1612 856 1664 Οὐκ
880 1611 1090 1683 ἀληθὴς
1127 1609 1424 1690 ἐνταῦθαὴ
1462 1613 1572 1665 τῶν
1611 1612 1759 1690 obrui

155 1701 497 1769 λεγομένων
517 1700 834 1771 περίληψις.
910 1680 982 1755 Ἥ
997 1680 1101 1772 γὰρ
1131 1684 1359 1772 ἀλήθεια
1385 1680 1514 1772 μιᾶς
1550 1680 1758 1774 ἑννοίας

157 1795 272 1864 καὶ.
296 1794 385 1846 ἐπ’
415 1794 616 1863 ἀμφοῖν
636 1795 747 1846 τοῖν
776 1794 1092 1862 προσώποιν
1111 1795 1453 1865 σημαντικὴν
1484 1794 1581 1866 τὴν
1611 1795 1760 1862 λέξιν

159 1885 439 1953 βούλεται
467 1883 634 1940 εἶναιλ
665 1886 728 1939 Εί
752 1885 807 1938 δὲ
844 1889 938 1941 καὶ
977 1886 1142 1942 πάλιν
1193 1887 1295 1955 τὴν
1330 1887 1757 1959 ἑπινενοημένην

154 1977 389 2048 ταύτην
419 1980 680 2050 διαφορὰν
734 1983 1204 2053 συγχωρήσωμεν,
1267 1982 1488 2050 ἔλεγχός
1537 1998 1620 2042 τις
1657 1980 1755 2033 καὶ

1880 796 1994 840 tare
2019 794 2086 841 ex
2115 785 2296 852 Patre,
2329 786 2454 840 eum
2488 801 2595 839 non
2631 779 2848 839 additur
2881 772 3077 850 Filius,
3120 794 3170 838 et
3200 785 3347 838 aliud
3377 803 3443 841 ex

1876 855 2036 929 Patre
2074 891 2171 945 per
2206 858 2401 942 Filium
2437 877 2752 944 procedere.
2792 895 2810 928 ι
2844 874 2921 929 Ex
2974 874 3154 940 Patre,
3189 895 3208 926 ι
3245 877 3445 948 inquit,

1882 984 1901 1017 ι
1939 967 2350 1022 sanctissimum
2398 965 2662 1036 Spiritum
2707 969 3023 1038 procedere,
3061 970 3129 1024 ab
3181 970 3300 1040 ipso
3335 970 3444 1026 Deo

1876 1045 1932 1109 et
1962 1055 2138 1110 Verbo
2180 1049 2381 1122 edocti,
2439 1074 2504 1112 ex
2552 1057 2714 1115 Patre
2759 1071 2813 1115 et
2861 1060 3190 1130 principium
3240 1061 3445 1125 habere

1874 1147 2219 1203 confitemur.
2257 1168 2278 1199 ι
2327 1149 2464 1205 Vera
2498 1151 2688 1206 istliaec
2746 1151 3024 1208 confeSsio
3075 1148 3178 1208 est.
3215 1142 3282 1206 Et
3322 1169 3447 1209 ora-

1876 1240 2076 1303 tionem
2111 1255 2476 1314 prosequens,
2515 1244 2592 1298 ait
2625 1260 2639 1297 :
2681 1262 2698 1294 ι
2730 1241 2880 1298 Licet
2911 1245 3054 1298 enim
3090 1259 3120 1298 a
3168 1246 3446 1302 nonnullis

1873 1331 2076 1386 ‘sanctis
2145 1347 2240 1402 per
2302 1332 2500 1389 Filium
2556 1331 2853 1404 procedere
2915 1334 3156 1404 Spiritus
3217 1346 3445 1392 sanctus

1870 1421 2170 1491 astruatur,
2197 1426 2366 1482 dictio
2405 1429 2496 1484 hic
2535 1429 2589 1482 in
2618 1433 2881 1485 aztern'um
2928 1420 3294 1496 eliulsiouem,
3331 1447 3440 1486 non

1869 1515 1936 1569 ad
1984 1529 2105 1571 esse
2151 1516 2286 1586 pure
2319 1505 2593 1588 significat
2629 1528 3059 1591 progresSun1.i
3112 1510 3244 1589 Quae
3288 1524 3441 1578 hisce

1870 1604 2049 1663 Verbis
2091 1596 2529 1680 complectantur
2583 1618 2722 1681 pura
2772 1623 2904 1682 puta
2951 1613 3236 1667 mendacia
3287 1625 3439 1668 sunt.

1870 1681 2086 1755 Veritas
2135 1702 2407 1770 siquidem
2458 1706 2636 1773 po‘scit
2691 1681 2937 1760 eamdem
2998 1705 3322 1760 sententiam
3383 1705 3437 1757 in

1871 1789 2142 1845 ambabus
2167 1792 2422 1860 personis
2450 1793 2695 1850 dictione
2739 1793 2905 1848 simili
2942 1794 3250 1849 connotari.
3280 1793 3439 1859 Quod

1864 1870 1931 1966 si,
1953 1894 2146 1935 rursus
2177 1880 2606 1938 commentitiam
2658 1885 2800 1939 banc
2832 1882 3197 1939 differentiam
3237 1899 3438 1938 conee-

1865 1970 2080 2034 damus,
2116 1971 2196 2025 si'c
2239 1967 2401 2037 etiam
2459 1975 2587 2027 novi
2640 1969 2875 2042 hujusce
2930 1969 3308 2052 baresjareliae
3351 1991 3436 2030 se-

156 2068 325 2122 οὕτω
381 2072 476 2123 τοῦ
534 2074 655 2125 νέου
695 2071 1050 2144 αἰρεσιάρχου
1106 2071 1227 2128 κατ’
1282 2073 1440 2127 ἄλλον
1489 2071 1732 2141 ἀνακύψε

1861 2064 2102 2117 cundum
2146 2055 2307 2118 aliam
2351 2066 2618 2121 ratiOnem
2653 2067 2914 2122 refutatio
2959 2078 3234 2139 assurget.
3264 2067 3436 2121 Detur

153 2165 268 2226 τὸν
328 2163 509 2229 λόγον.
582 2164 766 2218 Ἔστω
824 2183 929 2230 σοι,
1044 2160 1220 2230 οὗτος,
1277 2167 1311 2235 ἡ
1358 2165 1422 2218 ὲκ
1446 2149 1656 2232 Πατρὸς
1685 2146 1752 2219 διθ

155 2250 309 2304 Υἱοῦ
345 2254 700 2323 ὲκπόρευσις,
730 2255 992 2323 ἔκφανσις
1017 2257 1111 2309 τοῦ
1149 2257 1470 2326 Πνεύματος
1499 2257 1582 2310 δι’
1617 2255 1748 2311 Υἱοῦ

1860 2152 1983 2218 tibi,
2012 2169 2045 2208 ο
2078 2151 2298 2223 Cyprie.
2335 2171 2402 2209 ex
2445 2154 2605 2210 Patre
2633 2171 2730 2226 per
2761 2155 2960 2211 Filium
2995 2157 3431 2226 processionem,

1857 2239 2203 2300 eﬂulsionem
2236 2261 2360 2302 esse
2397 2229 2639 2317 Spiritus
2669 2252 2732 2303 ex
2763 2236 2925 2304 Patre
2951 2264 3050 2319 per
3075 2233 3299 2304 Filium.
3332 2249 3432 2302 As-
3526 2281 3529 2283 ›

157 2346 235 2398 ὲκ
268 2347 505 2416 Πατρεῖς.
537 2349 794 2419 Εἰλήφθω
823 2367 908 2404 σοι
932 2398 935 2402 .
956 2353 1049 2405 καὶ
1088 2353 1132 2422 ἠ
1179 2352 1456 2420 ἑκφανσις,
1513 2353 1661 2416 ὅπως
1688 2352 1741 2406 ἂι

1858 2348 2107 2397 sumatur
2159 2340 2348 2403 etiam,
2401 2348 2460 2392 ut
2512 2327 2605 2393 tibi
2645 2338 2818 2406 lubet,
2867 2341 2970 2395 ista
3026 2339 3264 2406 eﬂ‘ulsio,
3297 2342 3429 2410 quid

157 2439 275 2490 καὶ
312 2441 526 2511 ἀρέσκῃ
558 2458 660 2494 σοι.
717 2442 781 2494 Τί
823 2444 1017 2510 φήσεις
1065 2443 1252 2496 ἔκτοτε
1306 2444 1436 2513 περὶ
1476 2445 1578 2512 τῆς
1617 2442 1741 2508 διά,

1857 2425 1970 2504 tum
2018 2434 2204 2499 postea
2253 2430 2321 2486 de
2387 2429 2773 2503 pra-positione
2831 2449 2923 2501 per
2977 2432 3432 2490 asseveraveris?

167 2530 493 2600 ’Υπουργὸν
526 2535 673 2603 ἐρεῖς
697 2534 787 2587 τὸν
829 2535 1110 2602 Μονογενῆ
1162 2535 1266 2602 τῆς
1319 2537 1741 2606 ὲπινενοημένης

1847 2518 2229 2578 Aﬂirmaliisne
2301 2519 2648 2593 Unigenitum
2695 2525 2926 2595 hujusce
2975 2541 3072 2595 per
3107 2533 3162 2580 te
3210 2521 3432 2594 εἰςιοεί-

126 2639 257 2678 κσοι
299 2639 317 2672 ι
350 2621 416 2674 δι’
453 2623 613 2676 αὑτοῦ
647 2625 962 2691 ὲΏφάνσεως
980 2625 1076 2678 τοῦ
1105 2625 1452 2694 Πνεύματος,
1491 2645 1511 2676 ι
1550 2628 1614 2680 ἐκ
1641 2627 1741 2680 Πα·

1858 2620 1979 2666 tata:
2019 2630 2036 2664 ι
2071 2611 2376 2670 eﬂ'ulsionis
2420 2615 2670 2696 Spiritus
2704 2631 2799 2685 per
2856 2619 3058 2687 ipsum,
3097 2638 3115 2670 ›
3169 2634 3235 2674 ex
3270 2614 3432 2672 Patre

153 2711 324 2779 τρὺς,
381 2711 537 2781 ῆτὴν
602 2712 851 2766 ἐντεῦθεν
909 2713 1311 2784 εὐλαϐούμενος
1363 2715 1741 2786 βλασφημίαν,

1848 2700 2154 2787 eliulsioni's
2206 2707 2629 2762 adininistrum?
2663 2706 2757 2763 Vel
2809 2725 2931 2779 qua:
2979 2711 3105 2766 inde
3161 2711 3428 2794 exoritur,

154 2802 414 2872 φυσικὴν
467 2801 559 2856 τοῦ
600 2804 941 2872 Μονογενοῦς
996 2805 1090 2858 ἐπὶ
1153 2809 1219 2877 τῇ
1245 2807 1510 2876 ὲκφάνσει
1542 2809 1741 2880 ταύτην

1851 2792 2245 2864 blaSphemiam
2293 2799 2488 2861 vitans.
2523 2802 2824 2856 naturalem
2871 2803 3143 2873 Unigeniti
3184 2805 3236 2857 in
3274 2792 3430 2858 cliul-

154 2891 269 2959 ’τὴν
302 2892 574 2960 μεσιτείαν
604 2894 997 2972 ὁμολογήσειςς
1050 2897 1204 2950 Είκδὲ
1258 2900 1502 2968 φυσικῶς
1541 2900 1748 2969 ἐκφαί-

153 2999 324 3034 νεται
351 2983 438 3035 διὰ
466 2983 618 3049 Υἱοῦ,
658 2987 854 3038 ταυτὸν
892 2987 951 3039 δ’
1011 2989 1206 3053 είπεῖν,
1255 2990 1617 3062 ἐκπορεύεται
1659 2993 1748 3046 διὰ

155 3072 301 3124 Υίοῦ
336 3074 477 3126 κατὰ
507 3075 564 3126 σέ
586 3089 601 3103 ⁶
630 3072 739 3147 ἆρα
789 3078 1200 3150 ζυγομαχήσεις
1232 3082 1324 3133 καὶ
1353 3081 1434 3135 ἔτι
1462 3083 1601 3153 πρὸς
1645 3083 1744 3154 τὴν

155 3167 281 3218 τῶν
312 3165 370 3230 ἐξ
423 3168 624 3236 ἀμφοῖν
687 3170 1084 3240 ἐκπορεύεσθαι
1123 3173 1184 3225 τὸ
1236 3172 1745 3244 Πνεῦμαλεγόντων

153 3261 438 3330 είρήνην;
487 3263 520 3331 ὴ
577 3265 684 3332 γὰρ
733 3263 832 3317 διὰ
881 3266 1126 3332 φυσικῶς
1184 3267 1486 3339 είλημμένη
1551 3287 1633 3322 σοι
1683 3268 1744 3322 τὸ

158 3355 310 3424 πρὸς
338 3354 436 3424 τὴν
465 3355 534 3420 ἐξ
593 3357 694 3408 οὐκ
733 3356 1115 3427 ἀπαρνήσεται
1179 3360 1496 3430 ίσυδύναμον
1530 3377 1545 3392 ο
1582 3362 1616 3432 ἢ
1640 3362 1735 3417 νῦν

157 3446 270 3514 μὲν
309 3445 501 3508 δώσεις
553 3447 613 3498 τὸ
653 3449 716 3499 ἐκ
775 3449 990 3518 Πατρὸς
1045 3448 1124 3502 δι’
1158 3450 1292 3504 Υίοῦ
1347 3451 1735 3522 ἐκπορεύεσθαι

152 3535 334 3605 μηδὲν
355 3536 628 3605 διαφέρειν
653 3535 747 3589 τοῦ
780 3537 838 3600 ἐξ
857 3540 1080 3607 ἀμφοῖν,
1108 3539 1202 3592 νῦν
1229 3540 1286 3593 δὲ
1313 3539 1469 3594 τοῦτο
1509 3542 1570 3594 οὐ
1608 3559 1739 3609 συγ-

148 3627 475 3695 χωρήσειςς
521 3626 660 3678 ’Δλλ’
690 3628 737 3678 εί
765 3627 946 3693 τοῦτο,
1013 3630 1111 3697 οὺχ
1169 3629 1315 3685 οὕτω
1373 3648 1432 3683 σε
1511 3633 1736 3704 ἀπηνῶς

152 3717 272 3769 ἔδει
304 3717 373 3768 τὰ
399 3717 522 3770 καθ’
588 3719 748 3786 ἡμῶν
798 3721 1201 3790 ἀπερεύγεσθαι
1265 3723 1581 3794 βλάσφημα,
1643 3729 1734 3778 καὶ

149 3807 257 3861 τοῦ
320 3811 558 3880 πονηροῦ
590 3813 777 3865 καλεῖν
813 3813 960 3882 ἡμᾶς
997 3814 1225 3884 ὄργανα,
1274 3817 1366 3869 καὶ
1404 3821 1566 3870 τέκνα
1617 3837 1732 3887 μω-

153 3898 312 3968 μητὰ
346 3899 442 3968 τῆς
468 3900 557 3951 τοῦ
592 3901 725 3953 Θεοῦ
771 3901 1120 3971 Ἑκκλησίας,
1145 3905 1240 3955 καὶ
1276 3905 1424 3966 υἱοὺς
1448 3905 1614 3976 αὐτῆς
1639 3905 1733 3959 ἁλ-

146 3989 405 4056 λοτρίους
448 4007 506 4042 τε
539 3993 632 4044 καὶ
662 3994 1028 4061 χωλεύοντας,
1065 3995 1160 4045 καὶ
1215 3997 1463 4064 πονηρὰν
1535 4000 1730 4063 γενεὰν

151 4078 254 4129 καὶ
286 4078 751 4149 διεστραμμένην,
776 4081 872 4134 καὶ
895 4079 1064 4134 emat
1123 4081 1222 4133 ὅσα
1255 4082 1285 4149 ή
1328 4081 1394 4150 σὴ
1445 4080 1729 4148 γλωσσαλ-

149 4170 253 4236 γία
279 4169 378 4239 τῆς
417 4170 571 4239 ἡμῶν
617 4171 904 4233 εὐσεϐείας
966 4171 1467 4241 καταθρασύνεται.
1508 4175 1570 4226 Εί
1622 4177 1729 4246 γὰρ

147 4266 270 4317 ἔστι
308 4282 390 4328 τις
430 4267 760 4332 ὲκπόρευσις
785 4265 873 4318 διὰ
899 4267 1239 4337 Υίοῦ,.μηδὲν
1263 4267 1358 4337 τῆς
1376 4268 1578 4331 ὲξΥίοῦ
1613 4269 1731 4321 δια-

148 4360 419 4426 φέρουσα,
449 4358 511 4425 οὐ
536 4357 669 4409 τόσα
693 4360 855 4426 ἡμεῖς
877 4360 976 4411 ὅσα
1002 4361 1064 4411 σὺ
1097 4359 1278 4428 βούλει
1302 4359 1438 4412 Θεοῦ
1491 4378 1730 4429 προσκε-

145 4449 488 4517 κρούκαμεν.
511 4449 570 4500 Ei.
590 4447 749 4517 δὲμία
768 4467 848 4512 τις
877 4450 1068 4520 ἐστινὴ
1098 4453 1438 4521 ὲκπόρευσις,
1464 4452 1600 4521 ὅπερ
1633 4448 1728 4506 οὖν

145 4539 268 4598 ταῖς
301 4537 689 4609 ἀληθείαιςρκαὶ
751 4537 866 4590 ἐστι
923 4541 1016 4592 καὶ
1075 4543 1323 4609 φυσικῶς
1370 4542 1724 4614 εἰλημμένης,

147 4628 241 4677 ἐπ’
273 4628 446 4696 αὐτῆς
490 4629 585 4696 τῆς
617 4627 736 4690 διὰ,
767 4630 864 4680 οὐκ
890 4631 1024 4699 ἔχει·
1056 4649 1140 4691 τις
1171 4633 1485 4703 διαϐολικῆς
1529 4636 1726 4688 ἐνστά-

1853 2886 2008 2939 sione
2059 2887 2199 2942 banc
2237 2888 2633 2963 .mediationem
2670 2894 2924 2948 astrues?
2967 2889 3124 2960 Quod
3183 2896 3231 2948 si
3272 2904 3420 2948 natu-

1852 2978 2038 3031 raliter
2072 2993 2168 3048 per
2205 2977 2401 3034 Filium
2439 2965 2702 3057 effulget,
2729 2976 2780 3038 id
2831 2986 2973 3040 idem
3024 2972 3190 3039 fuerit
3219 2985 3425 3050 dicere,

1850 3075 1900 3122 te
1937 3066 2159 3134 judice,
2211 3069 2465 3124 Procedit
2510 3087 2605 3142 per
2669 3072 2891 3128 Filium.
2943 3073 3010 3126 Et
3058 3075 3426 3128 contendesne

1860 3164 2024 3227 ultra,
2061 3171 2114 3215 et
2145 3162 2214 3216 ab
2245 3178 2437 3218 eorum
2480 3165 2706 3231 unione,
2733 3166 2827 3236 qui
2861 3182 2924 3220 ex
2978 3177 3210 3235 utroque
3250 3166 3427 3236 Spiri-

1848 3259 1958 3303 tum
2005 3255 2302 3319 procedere
2352 3256 2603 3323 probant,
2654 3263 2705 3311 te
2757 3257 3095 3312 subtrabes?
3140 3275 3234 3326 per
3271 3259 3416 3312 enim

1849 3343 2159 3411 praepositio
2212 3361 2241 3399 a
2296 3357 2346 3400 te
2393 3348 2715 3402 naturaliter
2771 3364 3048 3417 assumpta
3107 3366 3264 3419 pares
3313 3334 3419 3405 sibi

1847 3434 1988 3490 vires
2019 3439 2141 3491 cum
2172 3439 2553 3507 praepositione
2581 3455 2645 3492 ea:
2689 3456 2798 3495 non
2841 3441 3072 3496 destruit
3108 3458 3123 3496 :
3160 3455 3251 3498 aut
3277 3460 3420 3498 nunc

1841 3524 2062 3595 quidem
2117 3515 2388 3584 concedes
2437 3547 2502 3584 ex
2554 3530 2713 3585 Patre
2765 3548 2858 3601 per
2914 3531 3113 3588 Filium
3156 3536 3419 3604 procede-

1841 3633 1900 3672 re
1956 3618 2095 3673 idem
2150 3635 2270 3674 esse
2315 3637 2378 3675 ac
2419 3637 2482 3674 ex
2547 3632 2778 3691 utroque
2843 3623 3020 3692 ipsum
3080 3625 3414 3692 procedere,

1839 3704 1988 3765 nunc
2035 3710 2167 3764 illud
2224 3712 2435 3766 inﬁcias
2491 3713 2695 3768 iveris?
2753 3715 2956 3780 Quodsi
3004 3715 3054 3768 id
3106 3726 3217 3782 est,
3270 3716 3416 3770 baud

1839 3796 2138 3852 addecebat
2173 3809 2225 3853 te
2255 3801 2391 3855 adeo
2420 3802 2730 3856 immaniter
2757 3804 2812 3856 in
2843 3819 2941 3858 nos
2973 3805 3287 3874 blaSpbema
3321 3807 3412 3875 illa

1836 3899 2113 3951 eructare.
2147 3900 2202 3944 et
2253 3891 2487 3960 improbi
2522 3908 2623 3947 nos
2662 3895 3026 3950 instrumenta
3058 3898 3411 3965 compellare.

1835 3995 1889 4038 et
1920 3974 2063 4038 fetus
2098 3985 2189 4037 Dei
2228 3983 2487 4038 Ecclesia:
2538 3987 2956 4056 vituperabiles,
2995 3998 3050 4043 et
3081 3989 3222 4042 tilias
3261 3970 3411 4043 illius

1835 4075 2051 4142 spurius
2095 4064 2148 4127 et
2181 4075 2579 4140 claudicantes,
2632 4086 2684 4129 et
2739 4092 2956 4144 pravam
3003 4081 3410 4147 generatiOuem

1836 4177 1890 4220 et
1917 4181 2255 4234 perversam,
2291 4167 2532 4237 aliaque,
2569 4185 2690 4237 qua:
2727 4181 2816 4223 tua
2849 4182 3112 4226 venenata
3144 4173 3409 4228 dicacitas

1835 4271 2025 4313 contra
2059 4269 2301 4314 nostram
2335 4261 2590 4328 pietatem
2639 4263 2904 4317 audacter
2951 4265 3410 4334 impttdenterqne

1833 4351 2153 4406 deblaterat.
2206 4352 2418 4429 Etenim
2475 4353 2520 4406 si
2584 4364 2666 4408 est
2721 4355 2902 4424 aliqua
2963 4360 3244 4427 processio
3308 4378 3404 4430 per

1833 4440 2029 4494 Filium
2063 4443 2132 4494 ab
2177 4459 2262 4504 ea,
2297 4458 2417 4510 qua:
2447 4453 2531 4496 est
2560 4459 2628 4497 ex
2671 4443 2830 4517 Filio,
2865 4448 3091 4502 minime
3125 4449 3404 4515 tliﬂ‘erens,

1833 4547 1939 4584 non
1971 4539 2048 4585 tot
2079 4532 2239 4586 malis
2276 4548 2400 4596 nos,
2444 4545 2578 4602 quot
2617 4545 2670 4589 tu
2712 4538 2814 4602 vis,
2848 4538 2901 4591 in
2943 4537 3034 4593 Dei
3063 4553 3116 4593 et
3149 4541 3404 4596 Ecclesne

1829 4626 2190 4680 olieiisionem
2242 4627 2560 4682 incidimus.
2594 4627 2800 4692 Quodsi
2845 4647 2950 4685 una
2983 4644 3069 4687 est
3099 4637 3399 4705 processio.

149 4730 294 4776 σεω;
339 4717 460 4786 δίχα
510 4719 569 4769 τὸ
601 4719 808 4787 ταύτης
837 4723 972 4789 πρὸς
1023 4723 1121 4788 τὴν
1150 4721 1238 4784 ’ἐξ
1298 4724 1725 4806 ἀπαρνήσασθαι

1847 4719 1977 4787 ιιιοιί
2000 4718 2216 4772 veritati
2238 4718 2417 4788 palam
2438 4719 2653 4786 nititur,
2687 4732 2740 4775 et
2775 4725 3099 4780 naturaliter
3121 4744 3402 4799 assumpta

151 4809 500 4877 ίσοδύναμον,
533 4811 607 4879 μὴ
631 4815 790 4880 μόνον
826 4814 886 4864 οὐ
914 4811 1030 4880 Θεῴ
1067 4813 1602 4884 προσκεκρούκαμεν
1629 4807 1726 4865 ἐπὶ

1853 4825 1886 4863 n
1927 4811 2042 4879 ipsa
2079 4827 2192 4880 per,
2252 4827 2412 4866 nemo
2443 4822 2622 4881 potest
2675 4815 2886 4885 absque
2929 4819 3196 4875 diabolica
3232 4823 3404 4883 obsti-

145 4905 213 4970 τῇ
244 4905 374 4969 παρ’
418 4906 574 4972 ἡμῶν
600 4904 1006 4976 σπουδασθείσῃ
1035 4905 1224 4957 ὲνώσει
1269 4905 1375 4957 τῶν
1402 4905 1564 4958 αὐτοῦ
1594 4903 1720 4957 Ἐκ-

150 4996 417 5064 κλησιῶν,
469 4998 604 5050 ἀλλὰ
657 4999 748 5050 καὶ
802 5001 947 5053 πάνυ
995 5000 1257 5068 θεοφιλῶς
1309 5001 1409 5053 ἐπ’
1457 5001 1596 5072 αὐτῇ
1628 5000 1726 5072 τὴν

148 5087 258 5139 τῶν
295 5088 548 5157 Ματέρων
579 5087 695 5141 ὁδὸν
731 5089 1092 5159 ,ἐϐαδίσαμεω

221 5366 287 5427 ζ’.
327 5367 358 5415 ἰ
395 5366 530 5434 Οὐχὶ
551 5366 643 5419 τὸν
698 5367 914 5437 Πατέρα
967 5371 1160 5433 αττισν,
1198 5389 1216 5421 ι
1265 5373 1447 5440 φησιν,
1480 5388 1499 5422 ι
1545 5373 1577 5442 ἠ
1627 5373 1722 5425 τοῦ

150 5456 300 5508 θείου
362 5457 454 5510 τοῦ
506 5459 821 5528 Πνεύματος
852 5460 939 5512 δια
980 5460 1110 5513 Υἱοῦ
1164 5463 1527 5533 Δαμασκηνοῦ
1561 5467 1724 5534 παρί-

149 5564 311 5616 στησι
339 5548 573 5619 ῥῆσις,ή
632 5552 716 5601 ὅτι
771 5552 1070 5618 προϐολεύς
1099 5557 1217 5606 ἐστι
1246 5557 1336 5607 το)
1402 5559 1734 5627 ἐευιφαντορι-¹

150 5639 248 5693 κοῦ
287 5642 603 5710 Πνεύματος
627 5645 654 5694 ὁ
691 5645 880 5712 Πατὴρ
915 5645 1004 5696 διὰ
1043 5645 1136 5697 τοῦ
1171 5647 1298 5700 Υἱού
1334 5648 1592 5716 λέγουσα.
1644 5653 1718 5704 Οὐ

147 5734 190 5786 δ’
222 5735 302 5796 είς
331 5735 519 5787 τοῦτον
569 5735 824 5805 οὐδαμῶς
868 5738 1009 5808 αὕτη
1066 5744 1221 5811 φέρει
1279 5743 1371 5795 τὸν
1394 5743 1542 5804 νοῦν,
1585 5746 1718 5798 ἀλλὰ

150 5825 399 5896 βούλεται
432 5828 646 5896 τρανῶς
675 5830 864 5897 τὴν¹δι’
907 5832 1035 5885 Υίοῦ
1082 5835 1145 5884 ἐκ
1180 5834 1391 5906 [ἰατρὸς
1421 5836 1513 5888 τοῦ
1547 5839 1719 5891 "ve-J-

152 5935 318 5987 ματος
346 5921 702 5988 παριστάνειν
754 5924 1082 5990 φανέρωσιν.
1125 5946 1142 5975 ι
1203 5927 1313 5978 Καὶ
1369 5931 1452 5988 τίς
1505 5929 1718 5982 ἁκούων

149 6008 392 6073 τοιαῦτα,
431 6013 524 6062 ἐπὶ
551 6015 615 6081 τῇ
636 6014 885 6083 θεολογία
908 6015 1052 6068 οὕτω
1078 6018 1497 6087 νομοθετοῦντος
1525 6020 1714 6090 αὑτοῦ,

463 6108 736 6168 Parnm“
780 6109 890 6169 Gn.
929 6110 1126 6171 CXLI.

1829 4904 2049 4958 natione
2091 4905 2334 4973 ejusdem
2382 4915 2437 4958 et
2513 4908 2920 4973 praepositionis
2951 4925 3015 4963 ex
3069 4927 3228 4981 pares
3262 4915 3403 4969 vires

1827 4995 2082 5062 inﬁciari,
2129 5007 2340 5050 tantum
2377 4999 2677 5064 abfuimus,
2715 5011 2773 5052 ut
2807 5002 2860 5053 in
2896 4999 2989 5056 Dei
3034 5007 3395 5062 oll‘ensiOnem

1828 5089 2223 5158 incideremus,
2253 5106 2375 5145 cum
2425 5090 2797 5146 Ecelesiarum
2845 5097 3098 5150 unionem
3133 5114 3395 5168 pt'Ocut'a-

1827 5185 2024 5248 vimus,
2060 5192 2117 5236 ut
2164 5185 2248 5254 pie
2287 5187 2584 5241 admodum
2628 5188 2679 5240 in
2726 5204 2786 5242 ea
2838 5191 3138 5262 peragenda
3175 5193 3396 5248 Patrum

1827 5287 2133 5330 nostrorum
2167 5279 2309 5330 viam
2341 5279 2762 5336 calcaverimus.

1892 5369 1945 5421 7.
1996 5389 2014 5420 ι
2050 5367 2168 5423 Non
2217 5371 2460 5436 Patrem,
2497 5391 2515 5423 ι
2549 5375 2645 5440 ait,
2700 5396 2717 5427 ι
2758 5393 2978 5431 causam
3031 5381 3265 5449 Spiritus
3299 5400 3398 5453 per

1824 5458 2022 5514 Filium
2054 5462 2221 5516 divini
2259 5462 2579 5520 Damasceni
2607 5467 2816 5524 dictum
2866 5477 3205 5550 comprobat,
3249 5487 3393 5549 quod

1821 5553 2212 5620 producmrem
2245 5572 2365 5611 esse
2403 5561 2699 5617 rere-lautis
2745 5564 2985 5633 Spiritus
3037 5570 3254 5625 Patrem
3294 5591 3377 5642 pe.

1821 5643 2018 5698 Filium
2054 5648 2239 5702 tradit.
2275 5647 2436 5704 Nullo
2489 5656 2653 5707 modo
2696 5655 2748 5709 id
2785 5659 3022 5714 similem
3057 5664 3391 5721 intellectum

1821 5739 2075 5804 admittit,
2125 5742 2216 5794 sed
2279 5743 2435 5810 plane
2489 5745 2669 5799 innuit
2725 5762 2819 5810 per
2869 5748 3064 5808 Filium
3114 5772 3180 5810 ex
3234 5757 3396 5816 Patre

1823 5829 2634 5899 Spiritus‘tnanil‘estationem.
2677 5858 2695 5888 ι
2744 5841 2804 5893 lit
2839 5843 2960 5910 quis
3010 5847 3259 5914 audiens,
3311 5868 3389 5905 5i-

1821 5924 1970 5976 milia
2025 5925 2205 5992 ipsutn
2264 5927 2314 5978 in
2378 5928 2540 5980 rebus
2596 5931 2918 6003 tlteologicis
2981 5937 3386 6008 decernentem,

1821 6019 2073 6082 eumdem
2098 6030 2214 6073 atra
2245 6020 2350 6074 bile
2379 6023 2558 6090 palam
2598 6023 2846 6081 laborare
2881 6046 2986 6083 non
3023 6036 3388 6111 existimabit,

2906 6119 2983 6180 28
