4150 6514
36 515 177 625 sat

962 633 966 637 ,
1006 515 1442 629 Maurum
1480 567 1700 630 LIBRI
1739 567 2069 630 GEORGII
2106 555 2404 649 CYPRIL.

3236 569 3342 630 862

69 671 277 738 λογετς,
329 648 426 724 καὶ
447 650 778 744 γεννήτικὴν
811 674 908 726 καὶ
946 677 1323 746 προδλητικὴν
1352 676 1452 748 τὴν
1479 676 1665 731 τοιαύ-

1791 694 1875 733 em
1910 682 2206 735 essentiam
2248 695 2495 737 asserere
2526 695 2635 736 non
2687 675 2913 752 refugis.
2968 679 3170 736 Contra
3229 682 3345 735 haec

68 780 176 831 την,
198 760 386 829 λέγειν
417 761 605 816 οὐσίαν
632 763 736 818 οὐκ
768 764 1070 839 ἀναϐάλλῃ.
1099 767 1217 820 Kal.’
1239 765 1574 839 npbguﬁra
1602 767 1681 820 οὐ.

74 850 246 919 μόνον
280 849 439 905 οὐδὲν
488 851 650 922 ἡμεῖς
686 852 1069 923 ἀντιλέγομεν,
1110 842 1380 910 ἀλλάκαί
1435 841 1663 927 συμφω-

71 942 278 1010 νοῧμεν
312 940 406 994 καὶ
443 941 828 1013 συντιθέμεθα,
893 943 1103 998 Ἐκεῖνο
1153 944 1210 999 δὲ
1246 944 1557 1016 βουλόμεθά
1575 963 1667 999 σου

76 1030 303 1098 μαθεῖν,
342 1033 392 1084 εἰ
447 1032 593 1102 μόνῳ
622 1031 704 1101 τῷ
734 1033 932 1104 Πατρί,
962 1034 1233 1105 οὐμενουν
1277 1037 1373 1090 καὶ
1417 1039 1532 1100 τοῖς
1561 1035 1671 1090 λοι-

72 1121 197 1181 ποίς
222 1117 342 1172 τῶν
366 1119 680 1191 προσώπων
713 1123 814 1192 τὴν
846 1121 965 1192 μετ’
1001 1123 1313 1194 ἰδιωμάτων
1340 1125 1532 1180 οὐσίαν
1587 1125 1670 1189 είς

71 1206 314 1277 δήλωσιν
343 1207 696 1274 ὑποστάσεως
725 1211 1044 1282 ἀφορίζειςς
1076 1214 1138 1266 Εἰ
1174 1213 1275 1285 μὶν
1299 1215 1408 1289 γὰρ
1438 1217 1535 1271 ἐπὶ
1569 1217 1671 1289 μόο

71 1315 147 1367 νῳ
180 1298 261 1369 τῷ
292 1299 471 1371 Πατρί
518 1302 552 1371 ἡ
597 1303 720 1371 μετ’
751 1299 1060 1374 ἰδιωμάτων
1088 1297 1251 1360 οὐσία
1298 1287 1489 1377 σαιρῶς
1520 1287 1676 1379 παρά

75 1388 162 1440 σοὶ
193 1388 356 1459 δηλοῖ
376 1391 474 1461 τὴν
495 1391 819 1466 ὑπόστασιν,
850 1396 909 1449 αἰ
940 1395 1137 1450 πολλαί
1163 1413 1224 1452 σε
1250 1397 1363 1452 τῶν
1389 1400 1675 1468 πατρικῶν
1701 1440 1704 1442 -

73 1482 312 1552 γραφῶν
335 1483 670 1555 ψευδόμενον
696 1485 1280 1557 ἀπελέγξουσιν,οὑτω
1294 1491 1388 1545 καὶ
1417 1492 1512 1545 ἰπὶ
1538 1488 1673 1545 Υἰοῦ

71 1577 174 1627 καὶ
205 1575 326 1628 ἐπὶ
350 1576 671 1646 Πνεὺματος
709 1581 808 1651 τὴν
845 1581 969 1651 μετ’
1009 1581 1320 1652 ἰδιωμάτων
1351 1585 1557 1656 ταύτην
1585 1585 1677 1637 οὐ·

80 1666 206 1719 σίαν
234 1665 534 1734 λέγουσαι,
570 1669 644 1733 ὡς
677 1671 771 1724 ἐπὶ
809 1673 1049 1742 Πατρὸς,
1082 1675 1238 1745 σίτῳ
1259 1671 1344 1745 ’μὴ
1379 1676 1677 1747 παρέργως

75 1758 258 1812 ἐκεῖνο
307 1759 745 1830 ἀναγινώσκεται
777 1763 870 1816 τοῦ
911 1764 1302 1836 Δαμασκηνοῦ,
1338 1768 1421 1834 τὸ,
1452 1768 1509 1819 ι’
1532 1771 1682 1822 Οταν

1772 768 1908 825 nihil
1930 775 2044 825 ‘nos
2072 773 2427 850 opponimus,
2448 787 2652 843 rverum
2703 773 2759 827 in
2811 773 2900 827 his
2948 782 3003 826 et
3046 770 3350 828 concorda-

1769 875 1913 928 mus,
1944 870 2320 918 et-assensum
2353 864 2689 934 praebemus.
2719 863 2858 920 Illud
2897 879 3064 935 porro
3084 879 3115 919 a
3143 872 3199 919 te
3225 866 3356 919 edo-

1768 951 1884 1005 ceri
1911 953 2188 1031 cupimus,
2224 967 2292 1006 an
2328 940 2431 1010 soli
2461 953 2637 1020 Patri,
2665 969 2774 1010 non
2796 968 2928 1009 vero
2954 960 3077 1009 auis
3100 953 3353 1023 persentis

1769 1031 2062 1099 essentiam
2093 1058 2217 1099 cum
2238 1046 2663 1116 proprietatibus
2697 1046 2766 1102 ad
2788 1048 3154 1102 denotandam
3177 1047 3350 1117 hypo-

1755 1132 1964 1209 ‘stasim
2012 1132 2322 1190 vindicas?-
2353 1133 2565 1190 Etenim
2604 1136 2740 1191 siin
2788 1137 2910 1191 solo
2951 1134 3112 1191 Patre
3156 1145 3355 1190 essen-‘

1772 1226 1847 1280 tia
1877 1216 2002 1281 cum
2042 1227 2472 1296 proprietatibus
2514 1229 2694 1299 palam
2728 1227 2978 1297 apud-ter
3006 1227 3352 1300 bypostasirn

1773 1325 1956 1384 notat,
1993 1318 2254 1390 pleraque
2298 1320 2520 1378 Patrum
2557 1322 2764 1390 scripta
2803 1331 2863 1377 te
2888 1322 3160 1377 mendacii
3201 1321 3356 1378 falsi-

1774 1411 2014 1477 tatisque
2034 1381 2381 1478 convincent,
2416 1429 2538 1482 qua:
2565 1381 2821 1471 simiiiter
2844 1425 2900 1471 et
2927 1415 2995 1469 de
3023 1414 3165 1469 Filio
3209 1425 3264 1470 et
3287 1415 3354 1471 de

1776 1500 1986 1570 Spiritu
2024 1502 2165 1558 hanc
2209 1506 2797 1575 cum-proprietatibus
2845 1507 3146 1562 essentiam
3201 1506 3360 1576 atque

1778 1603 1947 1666 atque
1981 1595 2052 1650 de
2088 1594 2250 1651 Patre
2282 1597 2532 1664 tradunt,
2573 1598 2627 1652 ni
2677 1599 2835 1668 quasi
2879 1597 3028 1654 aliud
3054 1615 3224 1668 agens
3256 1597 3366 1653 Da-

1777 1687 2150 1743 mascenicum
2179 1674 2332 1759 lilud._
2356 1690 2662 1745 versaveris
2697 1706 2715 1746 :-
2743 1707 2764 1741 ι
2803 1690 2943 1744 Cum
2981 1690 3128 1745 enim
3161 1705 3366 1746 conce-

1762 1794 1911 1851 ‘pero
1938 1795 2100 1834 unam
2132 1794 2198 1835 ex
2228 1781 2633 1852 hypostasibus,
2652 1782 2955 1852 perfectum
2987 1782 3155 1838 Deum
3182 1785 3365 1852 ipsum

76 1850 187 1919 γὰρ
222 1852 487 1946 ,ἐννοήσω
549 1854 680 1924 μίαν
724 1855 834 1909 τῶν
873 1857 1253 1924 ὑποστάσεων,
1302 1861 1510 1914 τέλειον
1544 1861 1678 1923 Θεὺν

1791 1886 2041 1946 agnosco,
2058 1850 2354 1942 perfectam
2379 1850 2698 1930 essentiam.
2719 1892 2740 1926 ι
2761 1873 2827 1930 Ει
2848 1874 2982 1930 illud
3009 1850 3370 1946 magni—Basi-

76 1941 244 1993 αὐτὸν
269 1939 412 2011 οἶδα,
442 1946 654 2000 τελείαν
674 1948 883 2024 οὐσίαν.
915 1968 935 2001 ι
973 1951 1083 2004 Καὶ
1116 1949 1186 2006 αὑ
1219 1952 1278 2005 τὸ
1307 1951 1398 2006 τοῦ
1433 1953 1679 2023 μεγάλου

1791 1939 1847 2014 lii
1871 1941 1920 2015 Ξι
1944 1939 2132 2016 Donec
2149 1969 2350 2029 tacent,
2363 1978 2432 2018 ne
2455 1972 2512 2018 te.
2529 1963 2713 2030 lateat,
2733 1963 3029 2021 secundam
3043 1939 3369 2022 seculorum

79 2032 392 2098 Βασιλείου,
443 2037 526 2103 τὸ,
557 2056 576 2089 ι
613 2038 759 2103 Ἕως
791 2017 845 2093 δἰ
897 2042 967 2095 ἀν
1012 2043 1286 2112 σκοπῶσι,
1319 2044 1396 2116 μὴ
1421 2016 1679 2099 λανθανέ-

1791 2051 2062 2122 Unigeniti
2084 2016 2380 2108 essentiam

80 2144 271 2179 τωσαν
313 2127 573 2200 δευτέραν
604 2130 818 2186 αἰώνων
839 2133 938 2204 τὴν
962 2133 1057 2187 τοῦ
1087 2136 1456 2204 Μνονογενοῦς
1491 2137 1679 2191 οὐσίαν

1791 2143 1850 2198 rii
1883 2160 1896 2198 :
1936 2159 1955 2194 ι
1994 2141 2200 2199 Horres
2224 2153 2280 2198 tu
2335 2146 2783 2216 generationem,
2826 2162 2894 2202 ne
2942 2149 3074 2218 quid
3130 2149 3372 2218 patiatur

79 2217 386 2309 τιθέμενοι,
443 2238 460 2268 ι
494 2221 606 2274 Καὶ
640 2223 808 2276 πάλιν
855 2225 916 2278 τὸ
957 2225 1058 2279 τοῦ
1093 2228 1336 2296 μεγάλου
1369 2229 1681 2300 Γρηγορίου

1791 2231 1953 2301 Deus,
1983 2237 2078 2308 qui
2119 2253 2226 2292 non
2261 2238 2470 2307 patitur
2506 2239 2666 2309 :ipse
2699 2239 2902 2295 horreo
2927 2217 3235 2296 creaturam
3257 2278 3272 2298 .
3305 2253 3373 2294 ne

81 2307 166 2401 τὸ,
210 2308 420 2378 ιιψοῦῇ
463 2309 527 2362 σὺ
562 2310 840 2384 γέννησιν,
865 2313 953 2366 ἵνα
1004 2315 1080 2384 μή
1113 2331 1166 2368 τι
1201 2316 1349 2389 πάθῃ
1381 2317 1513 2381 Θεὸς
1540 2318 1570 2370 ὀ
1605 2316 1685 2388 μὴ

1791 2324 1955 2381 Deum
1996 2307 2095 2396 per
2110 2327 2366 2399 iniuriam
2394 2337 2452 2385 et
2481 2307 2742 2399 injustam
2775 2332 3074 2388 sectionem
3123 2329 3370 2401 perdam,
3455 2393 3461 2397 _

89 2400 344 2470 πάσχων.
377 2401 518 2470 Ἐγὼ
554 2403 616 2457 δὲ’
637 2405 915 2474 φοϐοῦμαι
945 2405 1042 2476 τὴν
1075 2408 1279 2474 κτίσιν,
1309 2408 1395 2461 ἵνα
1440 2408 1518 2480 μὴ
1549 2407 1683 2462 Θεὸν

1791 2428 1879 2471 aut
1907 2415 2134 2486 ,Filium
2182 2432 2379 2476 secans
2406 2435 2436 2475 a
2470 2421 2655 2487 Patre,
2694 2430 2790 2477 aut
2837 2437 2869 2477 a
2914 2421 3056 2477 Filio
3077 2400 3374 2477 essentiam

87 2494 351 2549 ἀπολέσω
374 2494 465 2549 διά
491 2497 590 2567 τῆς
620 2497 966 2569 ὑϐρεωςηκαὶ
999 2500 1312 2571 τῆςοάδίκου
1344 2501 1683 2570 κατατομῆς,

1791 2507 2048 2578 Spiritus.
2092 2530 2112 2563 ι
2143 2509 2300 2577 Quod
2325 2513 2373 2566 si
2404 2519 2461 2566 tu
2489 2527 2710 2583 quoque
2737 2515 2910 2583 ipsam
2943 2513 3068 2569 Filii
3115 2513 3379 2585 hyposta-

88 2588 121 2655 ἦ
150 2587 244 2639 τὶν
281 2587 412 2641 Υἰὺν
444 2588 662 2656 τέμνων
695 2591 805 2644 ἀπὸ
831 2591 926 2645 τοῦ
969 2593 1203 2664 Πατρὸς,
1233 2593 1264 2665 ἢ
1299 2593 1407 2648 ἀπὸ
1428 2593 1524 2646 τοῦ
1550 2592 1688 2668 Υἰοῦ.

1791 2601 1892 2656 sim
1918 2600 2222 2671 intelligere
2245 2617 2359 2657 non
2386 2602 2614 2671 refugis,
2641 2618 2767 2658 cum
2798 2595 2901 2658 hoc
2926 2612 3098 2660 totum
3121 2603 3377 2674 praescri-
3424 2616 3433 2622 '

86 2678 188 2748 τὴν
224 2679 418 2735 οὐσίαν
450 2680 546 2735 τοῦ
563 2681 938 2753 Πνεὺματος.»
981 2686 1043 2738 Εἰ
1075 2683 1132 2767 δὲ
1161 2681 1294 2759 δέχῃ
1335 2685 1434 2756 μὲν
1469 2685 1566 2740 καὶ
1591 2686 1691 2740 αὐτ

1791 2703 1885 2761 pto
1913 2693 2082 2748 etiam
2112 2693 2276 2764 Filio,
2300 2679 2688 2756 essentia‘Filii
2724 2695 2928 2752 dicitur
2953 2713 2968 2752 :
3005 2707 3059 2751 et
3089 2695 3266 2766 ipsum
3296 2698 3381 2754 in-.

90 2768 184 2830 τὸς
219 2769 400 2841 αὐτὴν
428 2769 528 2842 τὴν
555 2773 650 2825 τοῦ
687 2774 896 2843 Πατρδς
923 2776 1164 2830 νοεῖσθαι
1205 2777 1530 2844 ὑπόστασιν,
1558 2779 1689 2833 ὅταν

1793 2785 2038 2857 telligere
2067 2784 2306 2855 Spiritus
2338 2786 2710 2858 bypostasim,
2744 2803 2870 2844 cum
2904 2774 3010 2844 hoc
3050 2797 3224 2843 totum
3250 2804 3377 2844 eum

90 2862 151 2913 τὸ
174 2861 306 2914 ὅλον
344 2860 507 2915 τοῦτο
539 2863 680 2932 μετά
732 2868 826 2920 τοῦ
865 2867 1298 2940 προσδιορισμοῦ
1338 2872 1372 2942 ἡ
1402 2871 1573 2925 οὐσίαι
1590 2871 1689 2925 τοῦ

1793 2865 2229 2950 praescriptione.
2258 2877 2522 2947 Spiritus,
2575 2879 2814 2936 essentia
2868 2877 3111 2949 Spiriius
3149 2879 3412 2946 dicitur,‘

92 2955 232 3010 Υἱοῦ
263 2955 514 3027 λέγηται,
545 2958 641 3013 καὶ
662 2960 832 3030 αὐτὴν
854 2961 956 3032 τὴν
985 2961 1081 3015 τοῦ
1114 2962 1435 3034 Πνεύματος
1453 2964 1691 3020 νοεῖσθαι

1795 2970 1894 3026 soli
1929 2983 2061 3022 vero
2085 2967 2267 3024 Patris
2307 2969 2561 3025 essentia:
2593 2978 2650 3024 et
2683 2966 2951 3038 generare
2981 2978 3034 3024 et
3076 2970 3381 3038 producere

92 3047 420 3114 ὑπόστασιν,
454 3049 583 3103 ὅταν
608 3049 670 3103 τὸ
711 3051 831 3106 ὅλον
875 3052 1033 3106 τοῦτο
1070 3054 1211 3124 μετά
1256 3056 1350 3110 τοῦ
1381 3059 1692 3131 προσδιορι-

1795 3060 2068 3127 ascribis;
2099 3069 2479 3116 verumtamen
2507 3057 2820 3132 'proharum
2853 3062 3252 3132 proprietatum
3281 3061 3382 3116 de-

94 3140 240 3210 σμοῦ
282 3143 317 3212 ὴ
362 3141 456 3201 τοῦ
488 3129 814 3214 Πνεῦματος
846 3146 1009 3199 οὐσία
1051 3147 1280 3218 λέγηται
1315 3162 1330 3178 ⁸
1373 3149 1513 3223 μόνῃ
1538 3129 1692 3221 δὲ-τῇ

1800 3151 2190 3207 terminatione
2236 3141 2448 3223 scripto
2483 3129 2683 3209 tradita
2718 3129 3021 3206 auctoritas
3067 3142 3326 3221 poscetur
3351 3164 3382 3204 a
3475 3162 3479 3166 '

93 3231 193 3284 τοῦ
257 3233 476 3301 Πατρὸς
515 3233 678 3306 οὐσίᾳ
731 3233 794 3288 τδ
833 3237 1155 3306 γεννητικὸν
1179 3238 1275 3290 καὶ
1324 3237 1692 3309 προϐλητικδν

1800 3251 1872 3298 te.
1902 3243 2154 3314 Namque
2198 3244 2497 3313 generandi
2569 3245 2652 3299 vis
2704 3243 2806 3299 soli
2847 3242 3026 3298 Patris
3078 3242 3380 3314 hypostasi,

95 3323 409 3395 ἀφορίζεις.
474 3325 620 3379 Ἀλλ’
664 3327 905 3381 ἀνταῦθα
965 3330 1250 3401 γραφικήν
1303 3347 1426 3384 τινα
1469 3331 1566 3385 ὲπί
1613 3330 1692 3400 τῷ

1800 3337 1945 3406 quod
1977 3335 2034 3390 in
2060 3334 2314 3392 confesso
2364 3336 2511 3407 apud
2549 3350 2753 3420 omnes.
2783 3343 2887 3402 est,
2923 3334 3266 3398 vindicatur,
3329 3343 3388 3387 et

96 3415 208 3470 τῶν
239 3415 511 3472 τοιούτων·
531 3418 843 3489 ἰδιωμάτων
860 3417 864 3421 ’
884 3419 1180 3492 ἀφορισμῷ
1206 3419 1562 3492 ἀπαιτηθήσῃ
1585 3422 1688 3492 τὴν

1794 3427 1998 3496 scripta
2040 3428 2226 3482 omnia
2271 3426 2362 3483 de.
2397 3415 2760 3499 bypostaticis
2788 3425 3254 3496 proprietatibus-
3283 3425 3386 3479 Pa-

101 3508 442 3580 μαρτυρίαν.
496 3511 571 3563 Τὸ
602 3512 711 3581 γὰρ
742 3513 1033 3584 γενητικδν
1067 3513 1207 3586 μόνῃ
1245 3515 1312 3583 τῆ
1339 3511 1438 3566 τοῦ
1472 3512 1692 3581 Πατρὸς

69 3603 406 3656 ὑποστάσει
463 3602 916 3675 ὁμολογουμένως
975 3605 1316 3676 ἀφώρισται,
1382 3606 1480 3660 καὶ
1540 3607 1692 3659 πᾶσα

97 3695 294 3766 γραφὴ
344 3696 475 3766 περὶ
519 3695 630 3749 τῶν
669 3697 748 3766 τῷ
791 3696 969 3770 Πατρὶ
1021 3699 1256 3753 ἐνόντων
1307 3698 1692 3754 ὑποστατικῶν

102 3786 417 3858 ἰδιωμάτων
473 3786 1118 3859 διαλαμϐάνουσατοῦτο
1151 3791 1461 3862 συνίστησι.
1514 3791 1588 3847 Τὸ
1634 3791 1693 3845 δὲ

101 3879 477 3952 προόλητικδν
507 3879 628 3934 οὐδε
637 3870 944 3952 μίαν’ἒξεις
972 3882 1254 3948 ἀποδεῖξαι
1297 3883 1518 3953 γραφὴν
1546 3883 1695 3952 μόνῳ

97 3977 178 4036 τῷ
205 3975 384 4045 llath
413 3974 822 4044 ἀπονέμουσαν,
858 3974 915 4028 ετ
946 3991 1010 4042 γε
1050 3977 1160 4030 πᾶν
1191 3975 1253 4030 τὸ
1276 3978 1342 4030 ἐκ
1379 3975 1595 4047 Πατρδς
1623 3975 1694 4030 δι’

102 4067 236 4123 Υἰοῦ
293 4069 589 4139 εἰρημένον
647 4069 878 4140 ἑνότητα
947 4068 1072 4141 οὐχὶ
1151 4069 1421 4139 διαίρεσιν
1484 4070 1696 4141 Πατρδς

105 4162 398 4232 συνίστησι
445 4165 544 4216 καὶ
592 4142 749 4215 rios.
797 4152 1108 4226 Προὸολεὺς
1156 4162 1216 4215 δὲ
1274 4162 1365 4232 διὰ
1411 4161 1541 4215 Υἰοῦ
1597 4162 1697 4216 τοῦ

102 4257 266 4324 ἁγίου
313 4255 700 4326 τεθεολόγηται
736 4254 1058 4324 Πνεύματος
1090 4256 1117 4308 ό
1144 4256 1335 4326 Πατήιρ
1359 4273 1374 4288 ο
1411 4257 1512 4309 οὐκ
1553 4255 1698 4326 ἔχεις

1794 3520 1864 3574 tri
1892 3519 2294 3580 inhaerentibus
2327 3519 2622 3574 tractantia
2648 3519 2754 3575 hoc
2785 3518 3140 3574 conﬁrmant.
3173 3516 3386 3572 Produ-

1792 3611 1954 3666 cendi
1985 3624 2119 3667 vero
2143 3610 2250 3666 vim
2288 3611 2391 3667 soli
2422 3609 2572 3666 Patri
2623 3609 2850 3666 attribui
2879 3610 3090 3664 nullum
3141 3624 3383 3678 unquam

1795 3695 2062 3774 scriptum
2100 3701 2156 3757 id
2204 3717 2464 3759 asserens
2516 3701 2883 3773 produxeris;
2917 3700 2966 3756 si
2996 3699 3269 3770 quidquid
3319 3715 3384 3753 ex

1795 3791 1956 3848 Patre
1981 3807 2077 3863 per
2102 3792 2303 3848 Filium
2333 3793 2557 3856 dicitur.
2589 3792 2881 3863 unionem,
2917 3806 3027 3846 non
3055 3791 3384 3846 divisionem

1795 3883 1976 3943 Patris
2004 3898 2059 3942 et
2087 3885 2213 3940 Filii
2248 3885 2525 3942 insinuat.
2554 3887 2865 3940 Productor
2898 3899 3032 3939 vero
3055 3899 3151 3952 per
3182 3882 3385 3951 Filium

1798 3978 1977 4034 sancti
2009 3977 2249 4048 Spiritus
2272 3976 2438 4033 Pater
2463 3992 2495 4032 a
2535 3977 2807 4047 theologis
2836 3974 3192 4043 decernitur.
3227 3973 3388 4027 Nullo

1799 4072 1966 4128 modo
1998 4071 2300 4134 inveneris,
2325 4069 2458 4125 licet
2498 4074 2834 4125 Innumeros
2859 4067 3101 4123 labores
3124 4079 3385 4133 suscepeo

1802 4165 1906 4228 ris,
1961 4165 2281 4220 universam
2333 4162 2602 4218 divinitus
2663 4161 2988 4232 inspiratam
3041 4157 3383 4228 Scripturam

1803 4256 2208 4326 pervestigans,
2244 4253 2582 4324 producendi
2640 4252 2752 4307 vim
2786 4260 3028 4322 paterna:
3071 4249 3387 4321 hypostasis

102 4349 348 4410 πάντως,
420 4345 527 4400 κᾶν
589 4349 638 4400 εἰ
708 4345 880 4416 μυρία
919 4345 1106 4416 κάμῃς
1157 4347 1338 4399 πᾶσαν
1374 4345 1692 4399 θεόπευστον

1802 4348 2126 4418 proprietati
2148 4346 2441 4417 assignari.
2476 4345 2532 4403 Id
2555 4342 2905 4415 siqnidemsi
2932 4352 3098 4408 esset,
3127 4341 3386 4412 Spiritus,

101 4436 404 4507 ἀνιχνεύων
444 4437 486 4490 Γ
491 4436 670 4508 ραφὴν
723 4438 804 4500 εἰς
859 4437 959 4504 τὴν
994 4437 1094 4506 τῆς
1145 4436 1424 4507 πατρικῆς
1459 4438 1700 4491 ὑποστά-

1803 4438 1902 4508 qui
1938 4437 2298 4512 exessentia
2355 4436 2538 4493 Patris
2561 4436 2799 4500 'dicitur,
2858 4449 2927 4490 ex
2979 4434 3219 4490 essentia
3267 4432 3389 4488 Filii

101 4546 244 4593 σεως
266 4529 504 4599 ἰδιότητα
527 4528 922 4601 ἀφοριζόμενον
942 4529 1124 4600 εὑρεῖν
1143 4529 1205 4582 τὸ
1227 4529 1612 4599 προϐλητικόν.
1636 4529 1692 4585 El

1807 4543 1920 4584 non
1967 4528 2265 4582 diceretur.
2316 4527 2383 4583 Et
2449 4541 2519 4581 ne
2569 4527 2703 4582 mihi
2755 4540 2952 4581 rursus
2999 4525 3232 4581 subtiles
3269 4524 3392 4580 illas

101 4623 211 4691 γὰρ
259 4619 406 4674 τοῦτ’
453 4616 568 4690 ἧνρ
586 4622 687 4675 οὐκ
718 4621 783 4675 ἂν
817 4623 882 4674 ὲκ
912 4621 1015 4690 τῆς
1048 4620 1236 4684 οὐσίας
1265 4620 1360 4673 τοῦ
1388 4621 1604 4690 Πατρὸς
1635 4622 1692 4674 τὸ

1810 4620 2212 4690 speculationes
2248 4618 2521 4684 inculces,
2555 4615 2739 4674 Patris
2779 4617 3000 4688 quidem
3044 4617 3300 4672 essentia:
3336 4618 3389 4670 in

102 4715 336 4784 Πνεῦμα
365 4714 683 4784 λεγόμενον,
709 4717 773 4766 ἐκ
799 4715 897 4782 τῆς
930 4713 1118 4780 οὐσίας
1151 4714 1371 4782 ἐλέγετο
1401 4714 1496 4768 τοῦ
1541 4713 1692 4770 Υἰοῦ.

1802 4713 2084 4784 hypostasi
2134 4726 2259 4767 esse
2310 4711 2577 4775 tribuens,
2630 4726 2754 4765 cum
2806 4724 2874 4765 ex
2926 4708 3391 4765 essentiaPatris

102 4807 196 4876 Μὴ
235 4805 346 4876 γάρ
379 4823 471 4875 μοι
506 4807 603 4860 καὶ
632 4805 792 4860 πάλιν
821 4806 896 4875 τὰ
920 4804 1095 4860 λεπτά
1125 4807 1310 4859 ἐκεῖνα
1332 4805 1462 4874 λέγε
1491 4806 1696 4876 νοήμα-

102 4915 194 4962 τα,
235 4900 303 4968 cf)
337 4899 437 4968 μὲν
489 4897 586 4951 τοῦ
622 4897 837 4967 Πατρδς
869 4898 1027 4970 οὐσίᾳ
1053 4898 1112 4951 τὸ
1139 4898 1506 4952 ὲνυπόστατον
1537 4914 1700 4969 χαρι-

104 4991 360 5059 ζόμενος,
388 4988 527 5042 ἐπὰν
560 4990 626 5044 ἐκ
657 4989 761 5059 τῆς
793 4989 1133 5061 τοῦοΠατρδς
1163 4990 1354 5054 οὐσίας
1381 4991 1440 5044 τὸ
1477 4988 1710 5069 Πνεῦμα

105 5085 164 5134 τὸ
197 5084 357 5150 ἅγιον
387 5083 653 5154 λέγηται·
685 5082 829 5138 τὸδὲ
864 5083 930 5137 ὲκ
956 5083 1056 5154 τῆς
1096 5084 1281 5146 οὐσίας
1313 5081 1410 5137 τοῦ
1442 5083 1572 5136 Υίοῦ
1609 5082 1718 5136 διά’

105 5179 166 5231 τὸ
192 5178 296 5246 τῆς
324 5177 512 5240 οὐσίας
541 5165 742 5230 ἐνιαῖον
775 5177 1175 5244 διατεινόμενος
1205 5169 1484 5244 λέγεσθαι,
1510 5173 1699 5246 ὥσπερ

111 5273 178 5324 ἂν
234 5272 284 5321 εἰ
336 5269 430 5323 καὶ
481 5266 933 5340 διῃρημένη’τῆς
982 5266 1078 5320 τοῦ
1117 5266 1246 5319 Υἱοῦ
1281 5264 1633 5329 ὑποστάσεως
1665 5268 1699 5336 ἡ

113 5359 281 5413 αὑτοῦ
323 5361 553 5411 sweet-:0
601 5360 781 5414 οὐσία.
831 5357 1014 5423 ’Δπαξ
1042 5358 1151 5428 γὰρ
1185 5359 1408 5421 οἰκείοις
1439 5356 1702 5425 διωμολο-

114 5450 304 5522 γηκὼς
331 5450 531 5520 χείλεσι
565 5450 664 5522 τὴν
695 5453 812 5520 μετ’
842 5451 1148 5521 ἰδιωμάτων
1178 5451 1366 5503 οὐσίαν
1393 5449 1702 5521 δηλωτικὴν

120 5546 312 5612 σαφῶς
346 5545 703 5607 ὑποστάσεως
731 5540 891 5606 εἶναι,
926 5545 1026 5596 οὑκ
1055 5542 1198 5612 ἔχεις
1228 5543 1594 5613 ἀρνήσασθαι,
1627 5542 1704 5613 μὴ

120 5638 210 5688 τὸν
243 5637 369 5688 Υἰδν
403 5635 566 5687 αὐτὸν
612 5635 733 5688 ὅλον
759 5634 996 5688 νοεῖσθαι
1031 5634 1219 5686 οὐσίαν
1261 5634 1463 5702 δηλαδὴ
1509 5634 1702 5686 ὲνυπό-

123 5741 341 5791 στατον,
374 5725 501 5777 ὅταν
535 5740 621 5787 τις
648 5727 712 5777 ἐκ
740 5724 837 5792 τῆς
867 5712 1053 5786 οὐσίας
1087 5723 1179 5774 τοῦ
1215 5723 1348 5775 Υἰοὺ
1380 5724 1439 5774 τὸ
1481 5723 1705 5793 Πνεῦμα

120 5813 272 5868 εἶναι,
300 5816 431 5886 λέγῃ
456 5818 516 5870 τὸ
547 5819 725 5884 ἅγιον.
751 5818 811 5870 Εἰ
844 5818 886 5868 δ’
913 5817 1026 5882 οὖν,
1054 5815 1188 5869 ἀλλά
1209 5833 1262 5868 τι
1291 5816 1562 5886 ἀνακύψει
1594 5816 1701 5868 πά-

121 5910 206 5964 λιν
241 5910 425 5979 ἕτερον
458 5912 676 5978 ἄτοπον,
711 5914 757 5964 εἰ
789 5911 874 5964 διὰ
902 5912 961 5965 τὸ
996 5912 1123 5980 μίαν
1150 5908 1288 5963 εἶναι
1317 5911 1416 5980 τὴν
1445 5909 1538 5962 τοῦ
1572 5908 1728 5960 Υἰοῦ.

127 6005 221 6056 καὶ
251 6002 459 6072 Harpe;
493 6005 680 6058 οὐσίαν
707 6007 768 6059 ἐκ
814 6007 908 6073 τῆς
958 6008 1160 6075 ἀμφοῖν
1209 6006 1395 6066 οὐσίας
1447 6001 1698 6070 λέγεσθαι

1805 4803 2044 4875 Spiritus
2096 4811 2323 4858 sanctus
2367 4802 2670 4866 asseritur;
2729 4801 2994 4870 Spiritum
3045 4815 3175 4856 vero
3209 4816 3275 4855 ex
3307 4815 3392 4856 es-

1803 4897 1979 4952 sentia
2035 4893 2158 4949 Filii
2214 4893 2286 4948 ob
2341 4908 2512 4949 unum
2548 4893 2803 4949 essentia:
2839 4892 2948 4948 dici
3009 4891 3390 4958 contendens;

1804 4990 1962 5060 quasi
2001 5003 2132 5043 vero
2165 4995 2418 5058 separata
2449 5001 2479 5041 a
2513 4985 2948 5065 Filti’hypostasi
2980 4986 3413 5053 essentia-illius

1805 5082 2224 5151 intelligeretur.
2258 5079 2510 5150 Namque
2558 5094 2688 5136 cum
2740 5079 2910 5135 semel
2958 5080 3196 5149 prupriis
3225 5079 3420 5136 labiis:

1806 5163 1991 5228 fassus
2050 5171 2168 5236 sis,
2230 5172 2524 5225 essentiam
2576 5185 2700 5224 cum
2761 5169 3184 5240 proprietatibus
3227 5173 3389 5239 plane

1808 5263 2142 5334 hypostasim
2186 5261 2469 5326 denotare,
2513 5277 2624 5316 non
2660 5271 2814 5330 potes
2853 5263 3016 5317 modo
3049 5263 3258 5317 inﬁcias
3287 5264 3385 5326 ire,
3414 5315 3416 5318 .

1804 5353 2004 5410 Filium
2029 5357 2209 5424 ipsum
2242 5363 2434 5428 totum
2459 5370 2568 5410 non
2604 5355 2856 5425 intelligi,
2889 5356 3187 5410 essentiam
3236 5357 3387 5410 scili-

1804 5457 1893 5502 cet
1929 5462 2054 5501 cum
2089 5447 2392 5518 liypostasi,
2428 5461 2551 5502 cum
2589 5447 2716 5516 quis
2740 5461 2806 5500 ex
2841 5447 3078 5501 essentia
3104 5446 3226 5500 Filii
3260 5448 3386 5516 Spiu

1806 5541 1971 5593 ritum
2005 5549 2255 5593 sanctum
2287 5553 2406 5593 esse
2445 5539 2664 5593 dixerit.
2707 5539 2801 5592 Sin
2839 5538 3046 5603 minus,
3069 5540 3268 5593 saltem
3297 5540 3386 5594 hic

1807 5634 1954 5687 aliud
1986 5648 2174 5686 rursus
2201 5633 2407 5687 orietur
2455 5631 2777 5694 absurdum,
2816 5630 2862 5684 si
2910 5640 3198 5701 propterea
3237 5635 3384 5701 quod

1807 5733 2034 5779 unaest
2059 5723 2297 5777 essentia
2328 5723 2506 5795 Patris
2528 5732 2582 5776 et
2608 5720 2750 5785 Filii,
2783 5736 2847 5775 ex
2881 5721 3168 5788 utriusque
3195 5736 3386 5776 essen-

1809 5821 1887 5871 tia
1916 5816 2021 5870 dici
2061 5814 2327 5884 Spiritum
2370 5815 2642 5883 quisniam
2675 5812 2993 5875 asseruerit,
3033 5804 3382 5882 ratio-coget,

1808 5927 1884 5964 es.
1923 5919 2136 5963 suamet
2191 5908 2426 5963 essentia
2477 5909 2738 5979 Spiritum
2770 5915 3010 5977 quoque
3061 5922 3202 5961 esse.
3262 5905 3378 5962 Una

1803 6003 2079 6075 siquidem
2111 6014 2190 6058 cst
2227 6018 2349 6057 cuin
2381 6017 2464 6066 ea,
2500 6018 2620 6071 quae
2666 6000 2841 6056 Patris
2869 6011 2921 6056 et
2949 5998 3071 6054 Filii
3103 6007 3202 6053 cst.
3243 5998 3304 6052 Et
3333 5995 3376 6055 Si
