4150 6512
165 515 276 578 889

1094 518 1528 602 REFUTATIO
1565 517 1778 579 LIBRI
1819 521 2144 603 GEORGII
2183 521 2464 583 CYPRII.

3312 512 3419 573 8‘11}

171 624 330 694 ἡλίου
355 622 655 696 λαμπηδὼν
689 626 782 680 καὶ
810 624 952 698 αὖγὴ
972 627 1240 690 πολλάκις
1269 628 1366 699 τὴν
1392 628 1484 680 τοῦ
1514 629 1688 698 ἡλίου,
1721 648 1739 682 ι

1860 631 2108 702 Spiritum
2152 642 2403 696 sanctum
2461 627 2668 685 vocari.
2727 626 2881 692 Quod
2929 628 2973 680 si
3027 627 3140 693 ipse
3178 638 3285 676 non
3320 639 3415 690 po.

173 715 536 782 ἐμφανισάτω
586 716 863 785 ζητοῦσιν
890 720 1022 788 ἡμῖν
1069 720 1166 780 τὰς
1195 719 1436 789 Γραφὰς,
1475 716 1548 772 ὧν
1581 735 1746 789 φησιν

167 806 276 858 οὐκ
329 805 611 874 ἀλλότριον
668 805 807 860 εἶναι
846 787 1055 878 τὸίτὴν
1095 787 1254 880 χάριν
1292 787 1385 864 τοῦ
1425 787 1746 878 Πνεύματος

167 895 404 964 Πνεῦμα
436 898 589 964 ἅγιον
613 897 890 965 λέγεσθαι.
931 899 989 951 Ei
1015 901 1071 952 δὲ
1113 903 1210 970 μὴ,
1246 902 1310 952 ὲκ
1346 901 1440 953 τοῦ
1496 901 1742 954 ἐναντίου

167 988 274 1048 τὰς
307 988 582 1057 γραφικὰς
620 991 781 1061 ἡμεῖς
816 994 1122 1064 μαρτυρίας
1150 994 1464 1065 παρέξομεν
1510 997 1590 1055 είς
1618 976 1750 1047 από-

167 1077 344 1142 δειξιν
366 1078 461 1131 τοῦ
497 1080 590 1133 καὶ
621 1083 763 1134 πάνυ
795 1083 904 1134 τῶν
929 1085 1169 1153 Γραφῶν
1201 1085 1482 1152 ἀλλότριον
1516 1081 1655 1138 εἶναι
1686 1085 1747 1139 τὸ

167 1169 276 1238 τὴν
302 1170 588 1239 ἐνέργειαν
618 1172 721 1242 τὴν
750 1172 843 1225 τοῦ
889 1175 1245 1243 ἐνεργοῦντος
1277 1176 1469 1246 κλῆσιν
1510 1173 1740 1244 ἐξιδιοῦ-

169 1260 324 1319 σθαι.
379 1263 436 1313 Ὀ
476 1264 586 1332 γὰρ
619 1264 932 1331 σοφώτατος
994 1267 1086 1326 καὶ
1129 1267 1292 1319 πλέον
1333 1267 1749 1338 δογματικώτα-

163 1367 286 1414 τος,
322 1358 416 1406 καὶ
440 1354 618 1416 οὐδεὶς
649 1357 713 1407 οὺ
739 1360 1236 1430 συμμαρτυρήσειν
1267 1351 1370 1429 μοι’
1401 1358 1745 1426 ἀπσέναιδεύο,

169 1459 360 1504 σεται,
394 1445 485 1497 τὸν
528 1445 870 1516 Ἀρουκαρὰν
903 1449 980 1519 μὴ
999 1446 1140 1502 εἷναι
1175 1449 1348 1511 ταῦτα
1368 1449 1645 1520 Θεόδωρον
1689 1451 1752 1504 ἐν.

164 1535 287 1594 τοῖς
314 1536 444 1604 περὶ
476 1535 637 1588 Θείων
659 1538 941 1606 ὀνομάτων
969 1539 1149 1606 λόγοις
1175 1538 1360 1592 αὑτοῦ.
1398 1558 1416 1592 ι
1451 1541 1524 1592 Τὸ
1545 1541 1698 1606 Θεὸς,
1723 1558 1742 1589 ι

171 1623 363 1690 φησὶν,
401 1643 418 1674 ι
457 1625 631 1694 ὄνομα
657 1627 764 1679 ἀπό
796 1645 940 1682 τινος
970 1630 1250 1699 ἐνεργείας
1277 1629 1516 1700 εἴρηται,
1547 1631 1608 1682 οὐ
1641 1630 1748 1700 μὴν

170 1716 270 1784 τῆς
305 1716 591 1785 ἐνεργείας
643 1719 760 1770 ἐστὶ
815 1721 1174 1789 σημαντικὸν,
1224 1721 1358 1773 ἀλλὰ
1391 1722 1492 1791 τῆς
1535 1718 1751 1789 φύσεως

169 1805 277 1874 τῆς
303 1806 654 1874 ἐνεργούσης.
707 1809 767 1860 Ei
808 1809 920 1878 γὰρ
971 1810 1033 1862 τὸ
1081 1810 1215 1874 Θεὸς
1254 1812 1428 1879 ὄνομα
1467 1809 1749 1879 ἐνεργείας

169 1895 496 1964 δηλωτικὸν,
534 1900 642 1951 πᾶν
693 1899 748 1952 δὲ
786 1900 960 1970 ὄνομα
1003 1895 1211 1964 οὗτινός
1255 1904 1372 1955 ἐστι
1425 1900 1747 1970 δηλωτικὸν,

1848 731 1972 786 test,
2006 738 2105 778 nos
2140 733 2333 778 contra
2378 722 2584 790 scripta
2629 718 2943 773 testimonia
2976 715 3314 785 proferemus
3347 714 3415 764 ad

1848 815 2263 880 ostendendum,
2288 823 2343 882 et
2371 814 2607 867 maxime
2631 812 2865 866 alienum
2886 821 3009 862 esse
3042 821 3070 858 a
3094 803 3415 884 Scripturis,

1850 909 2117 988 actionem
2147 907 2248 962 sibi
2276 921 2471 960 nomen
2521 905 2733 974 agentis
2762 902 3064 956 vindicare.
3109 896 3420 966 Sapientis-

1847 986 2020 1054 simus
2043 998 2285 1068 quidem,
2319 1005 2373 1051 et
2407 998 2461 1050 in
2495 995 2835 1065 dogmatibus
2866 989 3147 1045 tradendis
3193 986 3418 1056 pmceld

1847 1091 2204 1153 lentissimus,
2251 1101 2427 1156 neque
2459 1087 2738 1156 quispiam
2794 1083 3006 1138 inficias
3039 1080 3197 1134 iverit
3237 1079 3418 1151 impn‘

1847 1183 2039 1236 denter
2075 1182 2226 1236 hunc
2258 1195 2366 1234 non
2407 1187 2547 1232 tesse
2595 1175 2942 1230 Theodorum
2994 1174 3324 1231 Abucaram,
3363 1168 3418 1226 in

1848 1275 2066 1330 dictatis
2097 1287 2125 1325 a
2159 1287 2216 1327 se
2245 1271 2312 1325 de
2333 1270 2536 1341 divinis
2571 1267 2884 1328 nominibus
2930 1263 3239 1327 sententiis,
3277 1259 3421 1312 «Νο-

1848 1381 1973 1420 men
2008 1364 2121 1430 Dei,
2160 1381 2177 1415 ι
2218 1361 2413 1429 inquit,
2452 1378 2470 1408 ι
2503 1375 2530 1411 a
2565 1357 2802 1434 quadarn
2841 1354 3160 1424 Operatione
3210 1350 3415 1403 dictum

1849 1465 1974 1522 est;
2007 1470 2114 1510 non
2152 1463 2331 1507 tamen
2374 1451 2644 1520 signiﬁcat
2674 1447 3074 1516 operationem,
3135 1443 3224 1495 sed
3252 1447 3417 1492 natu-

1851 1564 1967 1603 ram
1995 1555 2337 1614 operantem.
2365 1542 2423 1596 Si
2445 1541 2592 1612 enim
2633 1543 2830 1608 nomen
2868 1537 2960 1590 Dei
2991 1533 3265 1603 significat
3293 1543 3422 1598 ope-

1851 1639 2141 1701 rationem,
2172 1650 2334 1690 omne
2363 1642 2542 1687 autem
2586 1645 2804 1694 nomen,
2833 1627 2989 1695 cujus
3022 1626 3182 1679 habet
3207 1620 3419 1691 signiﬁ-

1852 1730 2123 1785 cationem
2178 1726 2324 1780 illius
2384 1733 2465 1779 est
2514 1736 2715 1797 nomen
2768 1737 2781 1774 :
2832 1719 2998 1788 igitur
3051 1730 3250 1789 nomen.
3281 1712 3424 1767 Dens

1857 1839 2052 1878 nomen
2079 1819 2414 1891 operationis
2436 1826 2538 1874 est.
2567 1815 2746 1881 Quare
2773 1811 2918 1881 quod
2944 1809 3255 1867 nominatur
3281 1804 3428 1860 Deus

1856 1912 2102 1983 operatio
2142 1911 2236 1966 Dei
2260 1920 2363 1964 est.
2397 1906 2652 1976 Operatio
2686 1905 2855 1975 igitur
2922 1901 3014 1955 Dei
3049 1910 3134 1955 est
3170 1898 3336 1964 Deus,
3373 1905 3428 1950 et

171 1989 388 2041 ἐκείνου
416 1988 570 2041 ἐστὶν
597 1989 768 2059 ὄνομα
799 2007 811 2019 ⁸
842 1992 938 2044 καὶ
960 1992 1023 2044 τὸ
1061 1991 1195 2061 Θεὸς
1231 1992 1341 2062 ἄρα
1377 1993 1548 2062 ὄνομα
1588 1994 1746 2064 ἐνερ-

1860 1998 1998 2059 Deus
2045 2011 2131 2057 est
2171 2000 2416 2071 operatio
2465 2013 2586 2055 sua.
2647 1995 2796 2055 Idem
2849 1993 3014 2064 igitur
3051 1997 3134 2045 est
3171 1988 3336 2049 Deus.
3373 1994 3427 2042 et

171 2083 334 2148 γείας
361 2081 512 2132 ἐστὶν
554 2080 751 2150 ὄνομα.
789 2083 953 2134 Ὥστε
986 2083 1046 2135 τὸ
1084 2083 1478 2154 ὠνομασμένον
1528 2083 1660 2145 Θεὸς
1713 2083 1748 2151 ἡ

175 2171 430 2239 ἐνέργεια
454 2171 550 2236 τοῦ
596 2171 731 2224 Θεοῦ
772 2173 944 2225 ἐστιν.
970 2173 1102 2236 Θεὸς
1147 2173 1257 2243 ἄρα
1288 2176 1321 2244 ἡ
1371 2167 1619 2244 ἐνέργεια
1656 2172 1751 2227 τοῦ

175 2261 338 2324 Θεοῦ,
371 2263 464 2320 καὶ
501 2265 530 2315 6
575 2262 770 2337 Θεὸςη
817 2263 1072 2333 ἐνέργεια
1113 2265 1278 2318 αὑτοῦ
1322 2267 1490 2318 ἔστιν.
1517 2267 1753 2336 -Ταυτὸν

182 2354 294 2422 ἄρα
327 2352 459 2416 Θεὸς
483 2357 577 2406 καὶ
608 2353 862 2426 ἐνέργεια
897 2354 1056 2422 Θεοῦ,
1102 2356 1241 2425 ὅπερ
1265 2356 1550 2411 ἀδύνατον.
1589 2355 1652 2409 Εἰ
1697 2357 1753 2410 δέ

182 2462 269 2510 τις
302 2445 596 2514 ἐριστικῶς
636 2444 784 2513 λέγει
808 2445 882 2506 ὡς
912 2447 1012 2505 ούκ
1038 2446 1302 2502 ἀδύνατον
1324 2442 1488 2500 τοῦτο
1502 2448 1743 2511 τιθέναι,

185 2536 323 2589 ῐστω
356 2536 432 2600 ὡς
465 2537 639 2590 πολλὰ
667 2538 844 2592 ἄτοπα
897 2538 1186 2606 συμϐαίνει
1230 2538 1380 2608 αύτῷ
1433 2537 1714 2608 ὁμολογεῖν
1735 2552 1750 2569 ⁸

186 2627 409 2697 πρῶτον
438 2629 537 2698 μὲν
558 2629 616 2682 τὸ
647 2630 785 2700 πρὸς
810 2630 869 2683 τὸ
891 2631 1025 2689 αὐτὸ
1046 2631 1320 2699 λέγεσθαι·
1350 2633 1418 2688 τὰ
1445 2635 1554 2703 γὰρ
1581 2634 1756 2687 ταύτὰ

185 2720 325 2788 πρὸς
350 2721 413 2771 τὸ
437 2719 569 2772 αὐτὸ
600 2721 839 2790 λέγεται,
885 2723 937 2775 εί
959 2739 1022 2790 γε
1049 2723 1140 2776 τὸν
1168 2723 1332 2777 αὐτὸν
1361 2724 1486 2791 ὅρον
1515 2724 1755 2793 δέκεται.

193 2811 342 2864 Ἀλλ’
375 2811 524 2882 ἢτοῦ
561 2813 699 2866 Θεοῦ
740 2810 1120 2885 ἑνέργεια¹τοῦ
1170 2815 1310 2867 Θεοῦ
1349 2798 1570 2883 λέγεται
1602 2816 1757 2886 ἐνέρ-

179 2921 311 2974 γεια
333 2919 350 2935 ο
371 2905 400 2955 6
432 2903 487 2956 δὲ
509 2903 642 2988 Θεὸς
675 2905 736 2956 ού
770 2905 986 2973 λέγεται
1011 2904 1108 2957 τοῦ
1133 2905 1266 2958 Θεοῦ
1295 2902 1436 2960 εῖναι
1457 2907 1608 2968 Θεὸς.
1633 2909 1759 2967 Ἔτι

182 2997 218 3064 ἡ
257 2993 510 3063 ἐνέργεια
545 2995 902 3064 ἐνεργοῦντος
949 2999 1101 3050 ἐστιν
1131 2998 1385 3067 ἐνέργεια
1415 3017 1426 3030 '
1481 3001 1508 3052 6
1536 2999 1594 3052 δὲ
1624 2998 1760 3062 Θεὸς

173 3085 288 3149 οὐκ
316 3083 668 3154 ἐνεργοῦντές
698 3087 815 3138 ἐστι
853 3085 1005 3147 Θεὸς.
1044 3086 1166 3138 Ἐτι
1191 3087 1239 3140 εί
1263 3086 1463 3139 ταυτὸν
1495 3087 1628 3148 Θεὸς
1654 3088 1750 3140 καὶ

185 3175 443 3246 ἐνέργεια
462 3176 622 3242 Θεοῦ,
651 3179 1046 3248 κατηγοροῖντο
1071 3179 1137 3230 ἂν
1159 3178 1445 3247 ἀμφότερα
1477 3179 1616 3230 κατὰ
1640 3167 1760 3248 τκῶνκ

183 3268 390 3333 αὐτῶν.
437 3268 579 3320 Ἀλλ’
611 3269 638 3321 6
667 3268 801 3346 Θεὸς
841 3270 1235 3337 κατηγορεῖται
1262 3271 1400 3322 κατὰ
1430 3270 1643 3338 Πατρὸς
1665 3269 1758 3322 καὶ

182 3361 320 3414 Υίοῦ
344 3361 437 3413 καὶ
477 3362 820 3430 Πνεύματος,
846 3363 880 3430 ἡ
905 3361 960 3414 δὲ
991 3362 1245 3431 ἐνέργεια
1280 3363 1378 3430 οὐχ
1419 3360 1649 3433 ὁμοίως.
1694 3359 1754 3412 '0

181 3455 298 3525 γὰρ
360 3456 551 3524 Πατὴρ
599 3455 754 3518 Θεὸς,
819 3453 1022 3521 ὁμοίως
1055 3454 1109 3505 δὲ
1176 3456 1270 3506 καὶ
1313 3457 1340 3506 6
1384 3453 1512 3525 Υἱὸς
1560 3453 1655 3506 καλ⁵
1698 3453 1760 3505 τὸ

186 3521 432 3612 Πνεῦμα.
461 3521 654 3597 use.
689 3544 746 3598 δὲ
776 3546 804 3597 ὁ
859 3543 1045 3615 Πατὴρ
1074 3543 1341 3611 ἐνέργεια,
1389 3521 1474 3615 ἢὸ
1530 3544 1680 3607 Υἱὸς,
1719 3543 1752 3613 ἢ

185 3636 248 3687 τὸ
295 3634 542 3704 Πνεῦμα,
595 3634 712 3687 ἀλλ’
760 3635 1112 3704 ἐνεργοῦντα.
1165 3635 1238 3686 Τὸ
1291 3635 1349 3687 δὲ
1403 3635 1660 3704 μέγιστον
1698 3633 1759 3688 τὸ

185 3729 372 3796 λέγειν
407 3728 482 3798 μὴ
511 3723 651 3780 εἶναι
680 3727 770 3779 τὸι
809 3726 943 3782 Θεὸν
967 3727 1074 3797 πρὸ
1104 3727 1202 3795 τῆς
1226 3728 1513 3796 ἐνεργείας
1564 3725 1757 3793 αὐτοῦ,

185 3821 309 3876 ἀλλ’
338 3821 475 3889 ἅμα.
511 3820 592 3872 Τὰ
621 3819 729 3888 γὰρ
762 3821 934 3872 ταύτὰ
962 3822 1078 3891 ᾰμα
1103 3819 1394 3887 ὁμολογεῖν
1425 3819 1661 3888 ἀνάγκη.
1696 3819 1758 3870 Ei

183 3909 285 3965 οὖν
309 3914 336 3964 6
362 3911 496 3974 Θεὸς
523 3911 717 3974 ἀΐδιος,
745 3912 840 3964 καὶ
866 3913 898 3982 ἡ
931 3911 1187 3978 ἐνέργεια
1219 3909 1387 3962 αὑτοῦ
1416 3910 1527 3979 ἄρα
1564 3909 1757 3978 ἀΐδιος,

189 4000 331 4054 ὥστε
357 4002 538 4053 καὶτὸ
572 4001 670 4069 τῆς
717 4001 996 4070 ἐνεργείας
1041 4000 1392 4070 ἀποτέλεσμα
1439 4001 1630 4054 ἀΐδιον.
1684 4002 1762 4054 Τὸ

187 4094 246 4148 δὲ
277 4094 626 4161 ἀποτέλεσμα
648 4096 674 4146 6
704 4097 928 4161 κόσμος.
966 4092 1161 4153 ’Δίδιος
1188 4093 1297 4162 ἄρα
1329 4096 1353 4144 6
1384 4093 1588 4162 κόσμος
1613 4093 1760 4152 κατὰ

187 4187 289 4256 τὴν
327 4185 688 4255 προτεθεῖσαν
726 4185 1008 4238 ὑπόθεσιν.
1045 4186 1226 4252 Ὅπερ
1260 4184 1320 4235 οὐ
1371 4186 1535 4252 μόνον
1564 4184 1762 4237 ἀδύνα-

185 4296 303 4343 τον,
339 4279 475 4331 ἀλλὰ
505 4278 600 4329 καὶ
633 4276 831 4340 ἀσεϐές
863 4277 983 4328 ἐστι
1023 4276 1232 4342 λέγειν.
1274 4294 1293 4327 ι
1337 4275 1500 4329 Οὕτω
1527 4278 1629 4343 τὴν
1665 4277 1761 4328 ὲκ-

187 4368 589 4439 κλησιαστικὴν
619 4368 784 4437 ἡμεῖς
811 4366 1062 4422 παιδείαν
1091 4368 1442 4436 ἠσκήσαμεν.
1481 4365 1640 4419 Οὕτω
1661 4366 1760 4436 τὴν

190 4459 512 4530 Θεολογικὴν
546 4459 791 4529 μετιέναι
828 4458 946 4511 ὁδὸν
976 4460 1136 4530 ἡμεῖς
1190 4459 1616 4530 ἐπαιδεύθημεν,
1665 4458 1762 4510 καὶ

193 4551 357 4604 πάνθ’
381 4551 482 4636 εσα
516 4550 877 4636 θεολογοῦμεν
910 4551 1017 4604 ἀπὸ
1067 4551 1300 4620 Γραφὼν
1327 4529 1620 4621 συνιστᾷν·
1662 4550 1759 4602 καὶ

1857 2094 2100 2165 operatio
2136 2090 2428 2161 Dei,quod
2473 2098 2557 2144 est
2610 2085 2968 2156 impossibile.
3024 2082 3083 2136 Si
3118 2082 3242 2149 quis
3296 2094 3429 2136 vero

1856 2185 2197 2242 Contentiose
2223 2183 2396 2257 dicat,
2426 2192 2589 2248 posse
2619 2177 2722 2230 hoc
2769 2175 2895 2245 poni
2926 2183 2984 2228 et
3008 2171 3256 2234 concedi,
3283 2169 3427 2224 scia-

1855 2278 1926 2332 tis
1946 2276 2112 2345 multa
2136 2272 2370 2329 absurda
2390 2270 2514 2324 inde
2529 2269 2701 2338 sequi.
2721 2267 2990 2329 Primum,
3017 2263 3081 2316 ad
3113 2263 3255 2315 idem
3282 2260 3424 2320 dici:

1857 2386 1978 2441 quae
2013 2369 2156 2422 enim
2189 2373 2317 2420 sunt
2355 2361 2570 2435 eadem,
2610 2359 2677 2418 ad
2704 2358 2844 2412 idem
2877 2356 3154 2417 dicuntur,
3196 2352 3240 2405 si
3275 2367 3428 2406 eam-

1856 2464 1978 2518 dem
2003 2441 2372 2516 deftnitionem
2401 2450 2718 2508 admittunt.
2781 2450 2850 2505 At
2903 2448 3149 2515 operatio
3197 2442 3290 2496 Dei
3336 2441 3428 2498 Dei

1857 2552 2101 2623 operatio
2131 2548 2327 2603 dicitur
2357 2563 2371 2599 :
2411 2545 2553 2617 Deus
2577 2556 2708 2598 vero
2743 2556 2850 2596 non
2883 2539 3083 2592 dicitur
3117 2549 3241 2590 esse
3285 2533 3430 2586 Deus

1859 2622 1972 2700 Dei.
2004 2643 2275 2699 Praeterea
2302 2622 2546 2707 operatio
2570 2633 2846 2704 cperanth
2876 2629 3120 2700 operatio
3141 2638 3224 2680 est
3248 2642 3261 2678 :
3286 2623 3431 2681 Deus

1861 2744 2041 2788 autem
2075 2747 2182 2785 non
2207 2738 2290 2783 est
2313 2727 2455 2783 Deus
2476 2722 2778 2793 oper-antis.
2818 2720 3050 2778 Rursus.
3092 2716 3138 2771 si
3171 2715 3315 2769 idem
3341 2713 3426 2779 ip-

1861 2840 1982 2880 sum
2011 2831 2094 2877 est
2123 2821 2287 2885 Deus,
2314 2829 2368 2873 et
2401 2816 2648 2888 operatio
2705 2811 2822 2877 Dei,
2859 2811 3118 2864 dicantur
3171 2805 3332 2860 ambo
3362 2805 3432 2858 de

1860 2915 2076 2974 iisdem,
2111 2920 2166 2964 at
2195 2909 2337 2963 Deus
2365 2909 2428 2962 de
2456 2905 2615 2960 Patre
2638 2902 2839 2956 dicitur
2861 2907 2916 2954 et
2942 2896 3080 2952 Filio
3117 2904 3172 2950 et
3198 2893 3428 2963 Spiritu,

1861 3005 2104 3076 operatio
2125 3015 2253 3057 vero
2283 3015 2390 3054 non
2418 2999 2497 3053 sic
2530 3016 2545 3051 :
2573 2996 2733 3051 Pater
2755 2992 2900 3048 enim
2936 2991 3081 3044 Deus
3134 2995 3238 3050 est,
3273 2985 3433 3040 simi-

1812 3111 1818 3117 ‘
1860 3101 1984 3154 liter
2011 3106 2066 3152 et
2115 3093 2286 3149 Filius
2316 3102 2370 3147 et
2427 3089 2666 3159 Spiritus
2699 3103 2712 3148 ;
2745 3083 2902 3154 Pater
2945 3091 3137 3142 autem
3191 3091 3300 3132 non
3351 3085 3438 3131 est

1862 3189 2131 3260 Operatio,
2174 3184 2274 3259 vel,
2301 3182 2495 3244 Filius,
2528 3180 2611 3232 vel
2667 3175 2923 3245 Spiritus,
2974 3171 3070 3226 sed
3121 3174 3436 3241 operantes.

1865 3278 2021 3348 Quod
2051 3289 2180 3331 vero
2230 3273 2529 3329 maximum
2561 3277 2666 3331 est,
2698 3283 2805 3321 non
2860 3264 3045 3318 dicere
3114 3260 3284 3314 Deum
3315 3271 3438 3312 esse

1859 3381 1985 3426 ante
2015 3383 2169 3424 suam
2196 3363 2595 3434 Operationem,
2623 3360 2716 3413 sed
2748 3356 2912 3412 simul
2934 3371 2950 3408 :
2973 3367 3094 3422 qua:
3131 3350 3277 3404 enim
3307 3357 3438 3410 sunt

1863 3461 2083 3524 eadem,
2114 3469 2338 3511 necesse
2370 3461 2454 3507 est
2478 3450 2726 3507 confiteri
2773 3446 2938 3501 simul
2972 3458 3115 3498 esse.
3147 3442 3205 3495 Si
3276 3441 3440 3510 igitur

1863 3553 2005 3608 Deus
2043 3560 2125 3623 est
2157 3557 2417 3608 aeternus,
2474 3550 2528 3597 et
2555 3543 2799 3611 operatio
2827 3538 2946 3607 ejus
2981 3546 3181 3590 aeterna
3234 3543 3340 3593 cst,
3371 3546 3439 3584 ex

1863 3659 1970 3714 quo
2010 3643 2088 3703 fit,
2122 3647 2180 3693 ut
2215 3636 2441 3692 ell‘ectus
2501 3630 2832 3702 operationis
2896 3638 3134 3682 aeternus
3165 3624 3236 3678 sit
3270 3641 3285 3687 ;
3355 3631 3440 3676 cst

1863 3743 2043 3790 autem
2076 3731 2299 3785 eﬂ‘ectns
2338 3724 2673 3795 operationis
2704 3720 2962 3784 mundus,
2991 3719 3157 3786 igitur
3204 3722 3442 3770 internus

1865 3825 2126 3886 mundus,
2153 3830 2214 3876 ut
2242 3819 2477 3890 positum
2503 3823 2605 3871 est.
2637 3804 2802 3884 Atqui
2837 3811 2940 3867 dici
2976 3811 3081 3864 hoc
3113 3823 3222 3862 non
3258 3808 3436 3862 solum

1865 3918 2076 3985 nequit,
2099 3913 2192 3969 sed
2224 3911 2453 3978 impium
2485 3920 2703 3977 quoque
2734 3913 2835 3958 est.
2874 3921 2896 3954 ι
2928 3901 3022 3956 Sic
3050 3915 3147 3955 nos
3183 3901 3235 3952 in
3271 3897 3442 3952 eccle-

1865 4008 2081 4064 siastica
2103 4003 2410 4059 eruditione
2449 3997 2670 4053 exerciti
2705 4011 2900 4050 sumus
2931 4011 2944 4047 :
2981 3994 3122 4046 banc
3158 4007 3255 4046 nos
3287 3991 3443 4044 theo-

1866 4098 2096 4167 logicam
2129 4095 2271 4148 viam
2302 4091 2510 4146 calcare
2541 4089 2714 4143 edocti
2739 4101 2951 4149 sumus,
3013 4093 3068 4139 et
3100 4095 3444 4153 quaecunque

1865 4190 1933 4248 de
1990 4189 2152 4244 rebus
2199 4183 2521 4253 theologicis
2603 4181 3066 4249 pronuntiamus,
3104 4190 3172 4229 ex
3228 4175 3437 4240 scripto

1869 4277 2087 4334 traditis
2113 4274 2442 4330 testimoniis
2473 4270 2838 4332 conﬁrmare;
2873 4276 2926 4320 et
2981 4275 3108 4319 ante
3160 4263 3343 4317 omnia
3378 4264 3445 4315 de

1865 4369 2064 4439 quibus
2095 4367 2163 4421 ab
2194 4364 2523 4422 adversariis
2553 4361 2755 4414 nostris
2798 4344 3146 4423 iniestamnr,
3177 4371 3269 4422 per
3294 4351 3445 4408 Scri-

1866 4469 2152 4530 pturarum
2187 4457 2356 4510 robur
2397 4453 2723 4509 eorumdem
2773 4448 3129 4518 petulantiam
3173 4445 3445 4514 frangere.

1867 4552 1936 4605 At
1970 4551 2234 4614 veritatis,
2268 4555 2328 4601 ut
2355 4547 2471 4615 ipse
2514 4547 2614 4608 ait,
2653 4542 2848 4596 vindex
2896 4540 3194 4610 praeclarus
3233 4539 3448 4591 calum-

191 4647 288 4698 ἐπὶ
318 4631 504 4706 πᾶσιν,
540 4640 620 4704 οἷς
661 4631 813 4712 παρὰ
838 4643 946 4694 τῶν
983 4643 1430 4712 ἀντιφερομένων
1464 4644 1595 4712 ἡμῖν
1620 4645 1755 4713 ἑπη·

1869 4643 2111 4696 niatores
2171 4648 2226 4694 et
2292 4641 2344 4692 in
2400 4644 2621 4690 sanctos
2682 4635 2912 4702 injurios
2968 4631 3248 4702 appellans
3315 4645 3447 4692 nos,

194 4729 530 4801 ρεαζόμεθα,
559 4731 643 4783 διὰ
677 4731 775 4799 τῆς
799 4730 907 4784 τῶν
956 4731 1187 4801 Γραφῶν
1222 4731 1401 4801 ἰσχύος
1426 4732 1523 4802 τὴν
1559 4732 1755 4786 τούτων

1874 4735 1970 4804 qui
2011 4733 2113 4786 hac
2143 4732 2355 4785 ratione
2389 4744 2475 4781 res
2505 4726 2838 4795 theologicas
2871 4731 3287 4794 pertractamns,
3310 4735 3451 4789 quo-

193 4824 464 4892 ἑπήρειαν
507 4821 935 4889 ἀποτρέπεσθαι.
1011 4819 1073 4873 'U
1115 4821 1171 4874 δὲ
1223 4824 1322 4891 τῆς
1358 4820 1657 4889 ἀληθείας,
1690 4822 1755 4883 ὥς

1875 4828 2086 4878 modoa
2125 4823 2290 4890 nobis,
2317 4819 2756 4888 compcllabitur,
2796 4817 2889 4886 qui
2937 4831 3002 4869 ex
3044 4815 3280 4884 pr0priis
3336 4823 3388 4866 et
3417 4828 3447 4867 e

195 4931 356 4984 φησι,
384 4916 634 4980 γενναῖος
662 4911 949 4984 ὲκὸικητὴς
980 4913 1327 4982 συκοφάντας
1351 4915 1500 4982 ἡμᾶς
1532 4914 1627 4975 καὶ
1656 4913 1755 4965 τῶι.

1873 4926 2062 4970 ventre
2088 4916 2382 4968 novissime
2444 4922 2668 4966 exortas
2718 4908 3030 4978 dogmatum
3085 4907 3355 4961 dictiones
3392 4908 3444 4959 in

196 5005 373 5070 ἁγίων
396 5001 684 5058 ἀποκαλῶν
713 5002 995 5073 ὑϐριστὰς,
1015 5005 1138 5066 τοὺς
1160 5001 1303 5056 οὕτω
1325 5004 1422 5074 τὴν
1449 5003 1755 5073 Θεολογικὴν

1877 5006 2171 5062 Ecclesiam
2205 5008 2294 5061 Dei
2328 5003 2671 5058 introducit?

204 5101 490 5176 μετιόντας
527 5099 664 5162 ὁδὸν,
706 5097 757 5150 τί
802 5097 867 5151 ἂν
924 5097 1057 5167 παρ’
1084 5098 1241 5166 ἡμῶν
1294 5099 1520 5169 κληθείη
1550 5099 1710 5161 αὐτὸς
1741 5101 1768 5152 6
1805 5100 2018 5154 οἴκοθεν
2051 5104 2143 5156 καὶ
2175 5102 2283 5154 ἀπὸ
2345 5100 2555 5161 κοιλίας
2613 5099 2739 5160 νέας
2784 5097 2912 5166 ἄρτι
2953 5094 3236 5164 δογμάτων
3267 5091 3452 5161 φωνὰς

196 5199 268 5268 τῇ
301 5195 393 5248 τοῦ
424 5195 558 5248 Θεοῦ
589 5192 976 5261 εἰσηγούμενος
1017 5194 1347 5265 Ἐκκλησίᾳ;

279 5283 362 5341 ιε’.
425 5283 674 5354 Ἐρωτῶ]
719 5284 866 5353 ἡμᾶς
909 5277 1086 5348 οὗτος,
1133 5283 1238 5335 Ποῦ
1271 5285 1319 5335 oi
1377 5282 1626 5354 θεοφόροι
1679 5283 1771 5337 τὸν

200 5378 338 5434 Θεὸν
369 5381 463 5430 καὶ
494 5375 712 5445 Πατέρα
738 5376 826 5430 διὰ
854 5374 947 5426 τοῦ
972 5373 1102 5426 Υἱοῦ
1129 5373 1300 5439 αίτιρν
1324 5373 1420 5426 τοῦ
1453 5375 1770 5443 Πνεύματος

203 5474 450 5540 hac”;
478 5467 666 5522 ἀκούει
697 5466 824 5536 παρ’
866 5466 1046 5536 ἡμῶν,
1069 5469 1200 5522 ὅπου
1231 5467 1391 5521 αὐτὸν
1429 5485 1446 5519 ι
1483 5466 1752 5535 προϐολέα

199 5564 508 5638 argi-A6100
565 5562 659 5625 τοῦ
699 5560 1093 5627 ἐκφαντορικοῦ
1154 5561 1466 5630 Πνεύματος
1523 5577 1542 5611 ι
1596 5556 1768 5614 εἶπον.

216 5654 494 5724 Ἐρωτῶν,
526 5652 635 5706 Ποῦ
668 5651 758 5705 τὸν
811 5653 1170 5722 Παράκλητον
1203 5650 1358 5704 εἷπον
1412 5649 1601 5703 εκ“τοῦ
1644 5647 1775 5702 Υἱοῦ

205 5748 352 5818 ἔχειν
378 5746 479 5815 τὴν
514 5745 750 5814 ὓπαρξιν
776 5763 790 5810 ;
822 5746 1032 5812 ἀκούει,
1060 5748 1192 5798 ὅπου
1234 5764 1251 5796 ι
1293 5748 1354 5796 ἐκ
1390 5745 1484 5796 τοῦ
1515 5744 1645 5796 Υίοῦ
1676 5762 1777 5810 φυ-

209 5837 376 5899 σικῶς
406 5839 500 5889 καὶ
552 5837 822 5900 οῦσιωδῶς
861 5836 1150 5908 ὑπάρχειν
1181 5855 1198 5887 ι
1243 5833 1397 5889 εἷπον
1433 5855 1452 5888 ι
1517 5837 1700 5889 αὐτόν.
1752 5853 1770 5884 ι

223 5930 494 6001 ’βοοιιτιῖ)ν,
528 5928 638 5992 Ποῦ
671 5929 833 5984 πάλιν
878 5929 1038 5982 αὑτὸν
1072 5929 1156 5983 τὸν
1193 5928 1555 5991 Παοάκ).ητον
1587 5930 1647 5979 ἐκ
1684 5927 1773 5978 τοῦ

1954 5274 2040 5337 15.
2091 5279 2378 5336 Postulans
2411 5297 2440 5334 a
2473 5283 2633 5337 nobis
2692 5283 2828 5352 ipse,
2859 5280 2978 5348 Quo
3024 5282 3077 5335 in
3107 5282 3230 5336 loco
3256 5280 3450 5339 deiferi

1879 5377 2066 5432 Patres
2116 5375 2280 5429 Deum
2340 5385 2394 5429 et
2426 5373 2640 5430 Patrem
2673 5390 2767 5443 per
2815 5375 3011 5430 Filium
3072 5391 3293 5432 causam
3328 5392 3452 5433 esse

1882 5467 2119 5538 Spiritus
2175 5468 2480 5522 dixerunt?
2525 5467 2696 5532 audit,
2740 5468 2791 5521 in
2821 5483 2931 5537 quo
2992 5468 3144 5522 illum
3187 5485 3206 5519 ι
3246 5469 3448 5536 produ-

1880 5568 2086 5615 ctorem
2136 5574 2230 5627 per
2274 5556 2506 5612 Verbum
2539 5559 2828 5612 revelantis
2855 5557 3094 5627 Spiritus
3127 5577 3145 5609 ι
3203 5574 3450 5628 pronun-

1883 5652 2108 5706 tiarunt.
2147 5651 2514 5719 Interrogans,
2546 5649 2647 5704 Ubi
2682 5649 3024 5704 Paracletum
3071 5651 3346 5714 dixerunt,
3383 5665 3451 5704 ει

1880 5739 2017 5808 Filio
2066 5742 2445 5796 exsistcntiam
2499 5742 2750 5795 habere?
2806 5742 2979 5804 audit,
3025 5743 3112 5795 ubi
3155 5759 3175 5792 ι
3212 5758 3278 5796 ex
3310 5741 3448 5795 Filio

1883 5831 2204 5885 naturaliter
2236 5843 2292 5884 ct
2344 5832 2707 5886 essentialiter
2760 5833 3027 5888 exsistere
3082 5847 3205 5886 eum
3240 5851 3260 5884 ι
3293 5833 3448 5886 dixe-

1882 5933 2028 5978 runt.
2065 5923 2341 5990 Qumrcns,
2381 5925 2476 5979 Ubi
2517 5939 2721 5980 rursus
2773 5923 3110 5978 Paracletum
3167 5923 3341 5992 ipsum
3383 5937 3447 5976 ex
