4150 6528
315 475 431 546 897

1257 479 1686 563 REFUTATlO
1725 484 1938 545 LIBRI
1975 483 2294 543 GEORGII
2335 485 2614 546 CYPRII.

3474 489 3583 554 898

322 601 924 670 κεφαλαιωδέστατον,
998 601 1100 670 τὴν
1157 601 1250 653 τοῦ
1303 601 1574 671 πατρικοῦ
1648 600 1909 666 συστῆσαι

2019 595 2109 651 ille
2141 600 2368 660 nesciat,
2413 601 2555 654 scire
2601 617 2658 654 se
2695 610 2874 656 tamen
2928 591 3234 672 proﬁtetur.
3289 608 3398 664 Nos
3434 625 3582 674 vero,

318 680 590 761 ἀλήθειαν
628 692 922 761 δόγματος,
950 690 1072 743 καθ’
1097 686 1159 744 οῦ
1211 692 1367 743 τόσον
1389 692 1655 743 ἐπνευσεν
1721 683 1897 751 οὗτος,

316 780 402 843 ὥς
445 782 610 851 μηδὲν
629 783 880 852 ἡγεῖσθαι
911 779 1199 852 βιώσιμον,
1233 782 1282 832 εί
1318 769 1394 850 μὴ
1422 782 1539 833 νέον
1572 782 1768 833 ἑαυτὸν
1801 783 1887 833 at—

330 871 634 948 ρεσιάρχην
691 874 756 942 τῇ
807 871 900 924 τοῦ
930 870 1067 924 Θεοῦ
1121 872 1520 940 καταστήσειεν
1571 869 1894 938 Ἐκκλησία.

329 961 492 1028 πρὸς·
525 963 626 1030 μὲν
654 962 750 1024 τὰς
811 961 1000 1032 ὕϐρεις
1057 963 1150 1014 καὶ
1183 961 1558 1031 βλασφημίας,
1607 961 1672 1023 ἃς
1705 959 1907 1021 πολλὰς

327 1041 486 1112 οὗτος
509 1051 592 1102 ὅτι
620 1037 881 1120 μάλιστα,
932 1052 1030 1105 καὶ
1085 1050 1312 1120 βαρείας
1367 1052 1465 1102 καὶ
1495 1050 1639 1116 ἄλλῳ
1677 1047 1785 1102 τινὶ
1818 1067 1903 1102 τυ-

328 1135 424 1210 χδν
454 1141 813 1204 ἀνυποίστους
847 1142 977 1205 τῶν,
1012 1136 1125 1203 οἶος
1183 1137 1346 1202 αὐτὸς
1414 1140 1736 1210 μικροφυῶν
1801 1141 1901 1211 τὴν

329 1228 561 1300 γνώμην
599 1233 689 1283 καὶ
729 1230 964 1298 ἀγενῶν,
998 1230 1099 1296 τῆς
1150 1229 1310 1298 ἡμῶν
1368 1230 1632 1298 καταχέει
1691 1229 1906 1298 μετριό-

329 1330 516 1390 τητος,
558 1320 714 1374 οὐδὲν
771 1321 995 1390 ἄμεινον
1050 1320 1142 1373 τοῦ
1200 1320 1352 1388 παρὰ
1380 1319 1485 1372 τοῦ
1516 1318 1682 1372 Δαυῒδ
1724 1318 1913 1387 κωφοῦ·

329 1418 432 1472 καὶ
489 1417 687 1470 ἀλάλου
756 1413 1161 1484 διακεισόμεθα.
1250 1410 1454 1467 Ὁπόσα
1515 1408 1572 1467 δὲ
1634 1402 1744 1466 ἀπὸ
1800 1426 1913 1466 κοι-

331 1507 457 1572 λίας
521 1504 695 1571 αὐτος
720 1510 1016 1576 κενοφωνεῖ
1046 1508 1292 1576 δόγματα
1338 1507 1437 1574 τῆς
1468 1505 1563 1558 τοῦ
1598 1504 1733 1558 Θεοῦ
1791 1505 1913 1557 Ἐκ-

334 1600 567 1669 κλησίας
613 1596 892 1669 ἀλλότρια,
931 1587 1028 1651 ’τοῦ
1087 1597 1287 1660 παντὸς
1336 1595 1915 1667 ἀπρτέμνοντεςλόγου

317 1686 400 1746 οὗ
440 1693 576 1745 καθ’
608 1692 771 1760 ἡμῶν
824 1692 1090 1760 πρότερος
1117 1685 1280 1754 οὗτος
1312 1677 1717 1761 ἆντιρρητικῶς
1747 1692 1911 1762 ὲῤῥαο

332 1781 610 1852 ψῴδησεν,
647 1785 740 1839 ἐπὶ
773 1800 868 1836 του
908 1785 1074 1853 μέσου
1106 1782 1598 1862 προθήσομεν,ικαὶ
1620 1783 1698 1851 τῷ
1726 1781 1912 1852 βουλοε

2015 689 2108 756 qui
2146 691 2246 742 hoc
2285 692 2461 744 solum
2500 703 2769 756 tenemus,
2800 710 3070 750 summam
3098 701 3417 754 certaminis
3439 715 3587 766 esse,

2013 783 2225 848 paterni
2260 781 2534 851 dogmatis
2579 785 2859 836 veritatem
2897 788 3272 850 constabilire,
3314 793 3381 843 ad
3437 793 3585 860 quod

2011 867 2425 924 convellendum
2475 875 2812 926 tantumdem
2851 875 2939 927 hic
2987 876 3284 943 insudavit,
3320 890 3379 934 ut
3408 881 3588 936 vivere

2013 973 2070 1012 se
2099 973 2258 1026 pOsse
2312 961 2870 1031 mini:ne_oxistimet,
2905 963 3016 1018 nisi
3045 981 3244 1021 novum
3301 984 3360 1023 se
3413 970 3586 1023 luere-

2013 1048 2285 1101 siarcbam
2342 1050 2392 1102 in
2427 1050 2670 1105 Ecclesia
2727 1053 3047 1119 constituat",
3095 1071 3222 1124 erga
3259 1058 3586 1126 .illiusinju-

2014 1137 2125 1190 rias
2165 1153 2230 1192 ac
2281 1138 2671 1206 blaspltemias,
2724 1157 2860 1210 quas
2915 1145 3235 1200 innumeras
3289 1146 3381 1201 ille
3413 1157 3588 1215 amite

2014 1227 2334 1296 immensas,
2368 1240 2419 1283 et
2446 1244 2665 1299 graves,
2699 1242 2751 1285 et
2781 1233 2961 1295 alteri,
2995 1237 3088 1304 qui
3119 1253 3272 1304 teque
3303 1247 3466 1308 atque
3496 1239 3589 1294 ειιθ

2017 1318 2212 1384 pusillo
2265 1327 2431 1388 atque
2482 1321 2735 1390 degeneri
2789 1325 2972 1378 animo
3021 1339 3127 1391 est,
3183 1329 3406 1383 minime
3455 1329 3595 1384 forte

2015 1402 2354 1475 tolerabiles,
2393 1409 2445 1462 in
2481 1421 2727 1466 nostram
2762 1415 3198 1470 mediocritatem
3229 1416 3442 1480 effudit,
3480 1436 3590 1474 non

2017 1498 2211 1551 melius
2243 1515 2406 1569 quam
2440 1502 2531 1570 qui
2565 1503 2706 1573 apud
2739 1505 2997 1560 Davidem
3031 1505 3119 1561 est
3138 1510 3345 1565 surdus
3377 1519 3431 1564 et
3466 1526 3592 1564 mua-

2019 1594 2127 1652 tus,
2166 1604 2413 1657 agemus.
2449 1590 2579 1656 Quae
2613 1609 2744 1648 vero
2787 1595 2902 1665 ipse
2947 1592 3014 1655 ex
3047 1609 3238 1653 ventre
3287 1615 3424 1654 nova
3457 1615 3588 1656 eru-

2017 1685 2128 1730 ctat
2180 1679 2454 1755 dogmata,
2487 1699 2518 1737 a
2557 1683 2648 1738 Dei
2701 1684 2942 1742 Ecclesia
2990 1703 3219 1757 prorsus
3254 1691 3466 1756 aliena,
3521 1669 3589 1745 e’x‘

2019 1764 2303 1830 oratione,
2366 1784 2528 1837 quam
2585 1771 2676 1826 ille
2728 1769 2938 1841 primus
2999 1777 3159 1830 nobis
3212 1780 3592 1835 contradicens

339 1871 488 1942 μένῳ
511 1872 900 1941 διαγινώσκειν
942 1859 1294 1942 παρήσομεν,
1328 1873 1377 1923 εί
1408 1869 1590 1938 pasta
1625 1871 1909 1941 γραφικῶν

2021 1854 2409 1922 concinnavit,
2476 1858 2839 1928 prassecantes
2904 1864 2958 1918 in
3043 1866 3282 1921 medium
3351 1869 3590 1926 adduce.

335 1960 671 2028 ἀποδείξεων
699 1962 791 2013 τὸν
818 1961 1085 2030 αἱρέσεων
1116 1957 1278 2013 αὐτοῦ
1313 1957 1912 2030 παραστήσομενὲλεγ-

335 2068 449 2122 χον.
507 2051 788 2105 Ἀκοσέτω
824 2051 955 2119 γοῦν
992 2045 1149 2114 οὗτος
1181 2051 1328 2113 ὅστις
1366 2051 1431 2103 ἂν
1471 2050 1579 2114 εἴη,
1612 2052 1707 2105 καὶ
1743 2053 1913 2120 διαγι-

336 2143 617 2196 νωσκέτω.

411 2324 481 2394 β’.
536 2343 554 2375 ι
596 2325 668 2378 Τὺ
713 2325 962 2396 Πνεῦμα,
993 2343 1013 2378 t
1059 2328 1215 2397 φησὶ,
1257 2345 1276 2378 ι
1314 2327 1375 2380 τὸ
1395 2328 1554 2394 ἅγιον
1585 2329 1649 2380 ἐκ
1685 2329 1782 2399 τῆς
1820 2328 1913 2382 οὐ·

340 2415 790 2490 σίας-λεγόμενον
816 2416 910 2470 τοῦ
953 2419 1191 2488 Πατρδς,
1220 2420 1402 2484 καλῶς
1431 2421 1496 2475 ἂν
1523 2420 1638 2490 ἔχοι
1702 2421 1792 2474 καὶ
1826 2423 1915 2474 εὐ-

339 2487 513 2569 σεῦῶς
542 2510 637 2560 καὶ
670 2509 734 2560 ἐκ
765 2508 864 2576 τῆς
896 2508 991 2562 τοῦ
1041 2487 1172 2561 Υίοῦ
1201 2509 1479 2577 λέγεσθαι.
1509 2487 1624 2565 Μία
1650 2513 1782 2581 γὰρ,
1818 2512 1914 2564 καὶ

340 2598 431 2663 ὡς.
473 2593 632 2653 οὐσία
684 2601 787 2653 οὐκ
849 2600 1002 2674 ἔστιν
1049 2601 1198 2665 ὅπως
1231 2603 1360 2654 ποτὲ
1387 2603 1654 2674 διαίρεσιν
1681 2605 1911 2674 δέχοιτο.

340 2685 484 2746 Δίότι
507 2692 563 2745 δὲ
622 2692 721 2762 μία
780 2693 844 2744 τὺ
898 2695 962 2745 ὲκ
1013 2693 1111 2762 τῆς
1140 2692 1327 2757 οὐσίας
1351 2693 1786 2768 ὁμολογούμενον
1819 2694 1914 2749 τοῦ

341 2782 555 2853 Πατρός
585 2783 646 2834 τὸ
676 2780 896 2852 Πνεῦμα
928 2785 1025 2845 καὶ
1067 2785 1135 2836 ἐκ
1181 2785 1283 2853 τῆς
1305 2784 1397 2836 τοῦ
1457 2786 1588 2838 Υίοῦ
1649 2785 1916 2857 ὑπάρχειν

337 2872 728 2942 όμολογεῖταιυ
766 2873 911 2944 Πλὴν
954 2875 1016 2928 οὐ
1043 2874 1132 2928 διὰ
1167 2873 1326 2927 τοῦτ’
1377 2875 1479 2945 ήδη
1538 2875 1636 2929 καὶ
1684 2877 1750 2928 ἐκ
1813 2879 1914 2946 τῆς

338 2963 434 3016 τοῦ
460 2948 613 3017 -Υίοῦ
646 2965 996 3026 ὑποστάσεως
1017 2966 1076 3016 τὸ
1103 2965 1347 3034 Πνεῦμα,
1402 2965 1503 3018 κᾶν
1533 2965 1627 3017 ὅτι
1668 2966 1911 3035 μάλιστα

341 3055 408 3109 lx
437 3055 534 3123 τῆς
574 3054 926 3114 ὑποστάσεως
967 3054 1062 3108 καὶ
1085 3055 1148 3107 ὲκ
1180 3055 1282 3123 τῆς
1311 3055 1500 3120 οὐσίας
1533 3056 1760 3126 λέγηται
1819 3058 1914 3112 τοῦ

343 3145 572 3215 Πατρός.
605 3164 622 3196 ι
647 3145 711 3197 Τί
742 3145 868 3216 φῂς,
897 3147 923 3196 ό
956 3144 1330 3212 διαγινώσκων
1351 3143 1500 3224 {ipa
1519 3148 1712 3215 σοφίας
1741 3148 1917 3204 ταῦτα

2019 1956 2160 2006 mus,
2212 1945 2523 2014 volentique
2579 1949 2879 2018 dijudicare
2934 1953 3344 2023 relinquemus,
3395 1973 3580 2012 annon

2017 2033 2172 2088 firme
2219 2050 2314 2104 per
2365 2038 2571 2106 scripto
2624 2042 2850 2097 traditas
2884 2043 3382 2103 demonstrationes
3435 2048 3583 2105 illius

2017 2124 2402 2213 refutationem
2439 2121 2809 2191 instituem'us.
2840 2137 3038 2194 Audiat
3075 2140 3243 2205 igitur
3267 2142 3587 2213 quicunque

2015 2211 2106 2270 ille
2135 2218 2227 2282 sit,
2263 2232 2423 2289 atque
2453 2223 2739 2293 dijudicet.

2086 2308 2142 2364 2.
2193 2329 2212 2362 ι
2244 2310 2503 2381 Spiritus,
2542 2332 2560 2366 ι
2619 2317 2812 2386 inquit,
2875 2339 2894 2370 ι
2933 2333 3180 2390 sanctus,
3215 2339 3341 2380 cum
3383 2326 3590 2382 dicitur

2017 2414 2084 2453 ex
2119 2402 2358 2456 essentia
2391 2399 2594 2468 Patris,
2630 2416 2776 2485 recte
2806 2409 3004 2478 pieque
3054 2421 3107 2466 et
3134 2428 3198 2467 ex
3228 2417 3468 2469 essentia
3498 2416 3590 2471 Fi-

2017 2489 2077 2543 lii
2115 2491 2349 2546 dicetur.
2400 2483 2515 2548 Una
2551 2483 2817 2565 Siquidem
2854 2509 2958 2563 est,
2992 2511 3044 2556 et
3081 2504 3157 2557 uti
3192 2507 3429 2560 essentia
3465 2508 3592 2561 nuli

2017 2581 2123 2635 lam
2153 2583 2478 2638 divisionem
2512 2585 2781 2643 admittet.
2830 2579 2894 2645 Et
2938 2594 3225 2665 quoduna
3263 2603 3366 2671 est,
3397 2599 3490 2666 qui
3523 2613 3590 2652 ex

2017 2672 2252 2726 essentia
2290 2673 2466 2729 Patr-is
2507 2677 2745 2744 Spiritus
2789 2697 2909 2735 esse
2949 2683 3270 2748 allii-matur,
3303 2695 3356 2739 et
3386 2700 3453 2739 ex
3505 2703 3594 2741 es-

2018 2763 2191 2833 sentia
2257 2764 2381 2819 Filii
2440 2769 2706 2824 exsistere
2765 2773 3050 2827 asseritur.
3136 2764 3252 2828 Non
3308 2787 3589 2845 propterea

2020 2862 2199 2908 tamen
2235 2847 2470 2924 Spiritus
2503 2871 2566 2912 ex
2601 2859 2881 2929 bypostasi
2915 2860 3037 2916 Filii
3069 2864 3193 2924 erit,
3227 2864 3352 2920 licet
3379 2881 3594 2921 asseve-

2019 2951 2202 2997 ranter
2249 2959 2313 2999 ex
2370 2950 2608 3002 essentia
2659 2960 2712 3005 et
2757 2952 3247 3024 bypostasiPatris
3286 2958 3524 3012 dicatur.
3567 2978 3584 3010 ι

2017 3031 2310 3099 Quid-hic
2371 3037 2472 3103 ais,
2530 3040 2624 3110 qui
2701 3042 2813 3097 lta'c
2864 3042 3167 3113 dijudicas?
3215 3047 3412 3100 Annon
3474 3049 3589 3103 lia-t2

2017 3126 2180 3207 digna
2212 3138 2339 3183 sunt
2373 3132 2663 3199 sapientia,
2697 3149 2863 3202 quam
2901 3135 3096 3190 horum
3136 3148 3377 3193 assertor
3408 3143 3588 3209 possi-

338 3235 558 3301 ἐπάξια,
589 3238 654 3306 ἢν
679 3238 707 3289 ὁ
727 3235 902 3288 ταῦτα
928 3235 1100 3304 λέγων
1125 3217 1470 3308 βρενθύεται,
1504 3238 1602 3307 οὐχ
1626 3239 1770 3311 ὑπὲρ
1789 3243 1909 3305 τοὺς

2018 3217 2145 3273 dere
2175 3235 2296 3274 sese
2312 3220 2501 3289 jactat,
2536 3238 2642 3276 non
2664 3239 2828 3292 super
2853 3240 3048 3280 omnes
3081 3228 3287 3290 solum,
3321 3235 3412 3297 qui
3442 3247 3586 3286 nunc

338 3325 434 3379 νῦν
465 3325 711 3388 ἅπαντας
739 3325 920 3395 μόνον,
963 3325 1078 3380 ἀλλ’
1095 3328 1255 3397 εῐπερ
1271 3322 1354 3390 τις
1378 3329 1470 3380 καὶ
1491 3329 1570 3397 τῷ
1597 3329 1770 3400 χρόνῳ
1787 3331 1920 3384 ποτε

339 3416 401 3469 τδ
431 3415 525 3470 ἐπὶ
576 3414 739 3484 σοφίᾳ
801 3415 962 3480 κλέος
1023 3419 1475 3488 ἀπενεγκάμενος
1519 3419 1758 3487 γέγονες
1807 3419 1918 3486 ,Τίς

339 3524 490 3570 ποτε,
508 3501 554 3561 ὧ
576 3501 749 3572 οὗτος,
768 3506 982 3560 πολλῶν
999 3507 1168 3561 ὄντων
1191 3510 1297 3562 τῶν
1317 3510 1404 3564 διὰ
1431 3511 1597 3580 μέσου
1613 3511 1708 3564 τοῦ
1727 3511 1916 3582 χρόνου

337 3599 760 3668 ἀναδειχθέντων
796 3599 945 3669 παρὰ
988 3598 1124 3652 Θεοῦ
1164 3599 1294 3670 ἡμῖν
1330 3600 1616 3670 θεολόγων,
1669 3602 1904 3656 τοιαῦτα

343 3692 438 3744 ἐπὶ
467 3690 563 3759 τῆς
601 3690 764 3757 ἁγίας
806 3689 1038 3756 Τριάδος
1088 3689 1483 3760 τέθεολόγηκε;
1525 3711 1542 3747 ι
1591 3691 1786 3756 Καλῶς
1845 3693 1913 3747 ἂν

339 3779 474 3849 ἔχει,
517 3798 534 3831 ι
583 3781 739 3850 φησὶ,
778 3798 798 3832 ι
837 3779 931 3834 καὶ
969 3781 1213 3844 εὐσεϐῶς
1246 3782 1306 3835 τὸ
1339 3784 1402 3843 ὲκ
1443 3783 1542 3851 τῆς
1563 3783 1658 3845 τοῦ
1705 3784 1918 3856 Πατρδς

341 3870 528 3931 οὐσίας
555 3871 849 3941 λεγόμενον
870 3871 966 3924 καὶ
993 3872 1056 3924 ὲκ
1087 3872 1187 3940 τῆς
1236 3873 1330 3925 τοῦ
1360 3874 1488 3926 Υῐοῦ
1510 3873 1796 3948 λέγεσθαι,
1829 3875 1920 3929 διὰ

339 3963 402 4014 τὶ»
430 3961 557 4030 μίαν
604 3963 702 4029 τὴν
738 3960 831 4014 τοῦ
890 3961 1023 4015 Υίοῦ
1054 3963 1148 4015 καὶ
1212 3963 1425 4034 Πατρὸς
1451 3949 1592 4018 εἶναι
1637 3966 1849 4020 οὐσίαν.
1895 3985 1912 4019 ι

345 4052 446 4122 Eli;
470 4054 533 4105 ἂν
564 4051 948 4124 εὐσεϐέστερον
984 4054 1129 4108 κατὰ
1152 4053 1233 4117 σὲ,
1268 4054 1318 4106 εί
1353 4055 1448 4108 καὶ
1475 4055 1539 4106 ὲκ
1570 4057 1670 4124 τῆς
1705 4056 1906 4108 ἑαυτοῦ

339 4141 608 4204 οὐσίαςτὸ
631 4142 856 4212 Πνεῦμα
904 4143 962 4195 τὸ
999 4144 1154 4210 ἅγιον
1183 4143 1416 4211 λέγοιτο.
1473 4146 1541 4197 Ἣ
1589 4146 1698 4215 γὰρ
1760 4147 1918 4202 τοῦτο

339 4233 677 4303 ἀποδειχθὲν,
723 4233 935 4302 ἀληθῶς
987 4235 1079 4286 τὸν
1124 4234 1477 4305 ἀκροώμενον
1529 4236 1706 4289 πείσει
1748 4238 1822 4307 μὴ
1851 4238 1917 4290 δι’

338 4323 498 4380 ἄλλον
527 4328 649 4378 τινὰ
663 4323 847 4393 λόγον,
882 4325 966 4377 διὰ
985 4325 1040 4377 δὲ
1062 4326 1220 4395 μόνον
1245 4327 1301 4378 τὸ
1326 4326 1427 4397 τῆς
1445 4325 1543 4380 τοῦ
1560 4343 1564 4348 ·
1583 4328 1796 4397 Πατρὸς
1820 4329 1915 4382 καὶ

339 4417 470 4471 Υίοῦ
520 4417 710 4479 οὐσίας
784 4418 986 4472 ὲνιαῖον
1048 4418 1112 4469 ὲκ
1165 4418 1264 4487 τῆς
1307 4419 1511 4496 ἀμφοῖν
1563 4420 1819 4488 λέγεσθαι
1850 4421 1910 4473 τὸ

337 4508 562 4579 Πνεῦμα
612 4511 830 4573 οὐσίαςς
899 4510 931 4578 ἢ
993 4508 1090 4561 ὲὰν
1153 4509 1213 4562 τὸ
1287 4509 1542 4562 ἐντεῦθεν
1597 4509 1915 4581 βλάσφημον

2020 3310 2184 3363 vitam
2231 3320 2420 3380 agunt,
2468 3314 2561 3368 sed
2613 3330 2776 3384 super
2830 3317 3069 3386 reliquos
3107 3335 3297 3375 carnes
3322 3324 3413 3391 qui
3464 3326 3589 3378 aliis

2019 3409 2183 3469 atque
2223 3402 2348 3455 aliis
2394 3403 2733 3471 temporibus
2787 3407 3065 3474 sapientia:
3124 3407 3265 3463 fama
3317 3412 3589 3469 nobilitati

2020 3493 2187 3546 sunt?
2227 3492 2362 3559 Quis
2408 3498 2671 3565 unquam,
2714 3511 2746 3551 ο
2781 3508 2861 3563 tu,
2909 3515 3034 3553 cum
3086 3502 3243 3555 multi
3291 3510 3442 3566 sunt;
3493 3506 3588 3573 qui

2019 3583 2127 3638 hoc
2173 3586 2351 3639 medio
2400 3596 2644 3656 tempore
2683 3604 2712 3642 a
2772 3590 2878 3645 Deo
2908 3591 3067 3647 nobis
3099 3594 3336 3663 theologi
3367 3599 3584 3650 ‘consti-

2023 3675 2125 3728 tuti
2157 3685 2302 3742 sunt,
2335 3677 2535 3731 similia
2555 3680 2621 3733 de
2641 3680 2827 3736 divina
2858 3681 3056 3737 Triade
3080 3686 3299 3739 sanxit?
3326 3705 3340 3736 ι
3373 3686 3537 3752 Bene,
3567 3707 3586 3738 ι

2019 3766 2116 3830 ait,
2154 3783 2172 3814 ι
2224 3767 2422 3837 pieque
2455 3770 2544 3838 qui
2576 3786 2642 3823 ex
2672 3774 2911 3833 essentia
2965 3772 3138 3830 Patris
3181 3774 3423 3844 Spiritus
3453 3780 3590 3833 dici-

2022 3869 2130 3920 tur,
2181 3874 2242 3911 ex
2274 3860 2514 3914 essentia
2549 3855 2771 3932 quoque
2810 3860 2932 3918 Filii
2969 3865 3101 3930 dici,
3135 3869 3280 3936 quod
3319 3867 3497 3924 Patris
3535 3882 3590 3925 et

2020 3948 2140 4002 Filii
2181 3965 2287 4002 una
2339 3953 2572 4006 essentia
2617 3963 2719 4008 est.
2751 3974 2770 4006 ι
2822 3955 2890 4008 At
2936 3958 3108 4027 magis
3145 3959 3290 4027 pium
3323 3971 3491 4026 esset,
3542 3971 3594 4016 te

2014 4039 2219 4108 judice,
2261 4042 2304 4094 si
2336 4052 2389 4096 et
2417 4058 2481 4096 ex
2532 4059 2631 4098 sua
2675 4046 2850 4113 ipsius
2885 4049 3124 4101 essentia
3159 4049 3398 4120 Spiritus
3439 4053 3591 4106 dice-

2018 4137 2189 4184 retur.
2225 4129 2279 4184 ld
2315 4134 2459 4185 enim
2493 4135 2537 4185 si
2568 4149 2693 4188 vere
2730 4135 3163 4204 demonstretur,
3199 4154 3326 4193 vere
3351 4141 3594 4194 auditori

2019 4221 2290 4286 suadebit,
2326 4221 2529 4275 nullam
2564 4224 2633 4277 ob
2684 4224 2843 4277 aliam
2901 4227 3191 4298 rationem,
3225 4231 3319 4283 sed
3350 4241 3592 4286 tantum-

2020 4313 2180 4365 modo
2204 4312 2272 4365 ob
2297 4314 2558 4366 unitatem
2581 4315 2836 4374 essentia:
2860 4315 3037 4372 Patris
3064 4327 3118 4372 et
3143 4317 3266 4374 Filii
3292 4336 3355 4375 ex
3385 4325 3595 4377 utrius—

2018 4417 2124 4471 que
2155 4406 2393 4457 essentia
2431 4403 2696 4474 Spiritum
2747 4407 2858 4462 dici
2891 4425 2906 4463 :
2937 4419 3031 4464 aut
3075 4411 3120 4465 si
3167 4411 3292 4466 inde
3334 4413 3590 4482 blasphe-

2020 4497 2127 4549 mia
2156 4496 2442 4550 manil’esta
2469 4498 2774 4561 enascitur,
2798 4500 3262 4557 demonstraberis
3294 4511 3349 4556 tu
3375 4521 3592 4575 quoque

338 4602 622 4672 πρόδηλον,
685 4585 933 4653 ἐντεῦθεν
987 4601 1356 4672 ἀποδειχθήσῃ
1417 4603 1512 4656 καὶ
1545 4578 1607 4655 σύ
1655 4578 1908 4672 μεγάλης

2021 4588 2270 4643 maximae
2316 4579 2667 4657 blasphemiae
2714 4592 2986 4645 obnoxius
3039 4609 3182 4648 esse.
3227 4593 3294 4648 Et
3336 4601 3591 4652 essentia:

339 4694 520 4761 ἔνοχος
559 4691 697 4746 εἶναι
752 4693 854 4762 τῆς
919 4693 1294 4773 βλασφημίας.
1354 4694 1467 4746 Καὶ
1502 4695 1560 4747 τὸ
1597 4696 1695 4765 τῆς
1722 4697 1910 4760 οὐσίας

337 4789 644 4860 ἀδιαίρετον
690 4790 861 4842 αἴτιον
905 4787 1003 4857 τῆς
1062 4789 1384 4857 θεολογικῆς
1430 4789 1638 4857 ταύτης
1692 4791 1908 4860 ρήσεως

335 4879 771 4949 προὸαλ).6μενος
802 4879 1051 4947 φανερῶς
1089 4877 1397 4949 ἐλεγχθήσῃ
1461 4877 1735 4942 κλέπτων,
1781 4881 1904 4948 οὐχὶ

336 4968 539 5022 πείθων
587 4969 679 5021 τὸν
709 4969 1082 5038 ἀκροώμενον.
1147 4971 1240 5031 Τίς
1273 4969 1380 5038 γὰρ
1407 4969 1557 5022 ἕσται
1590 4973 1614 5022 ό
1646 4969 1737 5023 σοῦ
1791 4973 1901 5039 χεῖο

339 5077 431 5131 ρον
471 5061 566 5130 τὴν
591 5060 779 5113 οὐσίαν
805 5059 1052 5128 διαιρῶν,
1087 5060 1185 5112 ἐὰν
1219 5060 1315 5129 τὴν
1341 5052 1536 5114 οὐσίαν
1587 5060 1684 5116 τοῦ
1734 5062 1908 5113 Πνεύ-

339 5165 511 5219 ματος
575 5150 672 5218 τῆς
719 5147 814 5201 τοῦ
860 5150 1074 5217 Πατρὸς
1131 5151 1225 5203 καὶ
1278 5149 1410 5203 Υίοῦ
1462 5150 1787 5220 διαιρήσεις,
1832 5151 1906 5221 μὴ

339 5240 639 5310 συγχωρῶν
670 5240 798 5301 ἴσως
829 5239 924 5291 καλ⁵
955 5242 1018 5290 ὲκ
1041 5240 1141 5308 τῆς
1182 5239 1377 5292 ἑαυτοῦ
1425 5234 1562 5291 εἶναι
1609 5239 1796 5302 οὐσίας
1847 5241 1907 5292 τὸ

338 5333 591 5399 Πνεῦμας
618 5333 770 5382 Διατί
800 5330 879 5392 δὲ,
918 5317 1064 5395 εἰπὲ,
1097 5332 1161 5384 ὲκ
1187 5331 1292 5398 ⁴μὲν
1320 5317 1418 5398 τῆς
1441 5329 1628 5392 οὐσίας
1654 5330 1714 5382 τὸ
1752 5330 1906 5399 λεγό-

338 5440 500 5493 μενον
528 5423 619 5475 τοῦ
648 5423 859 5493 Πατρος
881 5423 974 5475 καὶ
993 5424 1056 5475 ὲκ
1080 5424 1179 5491 τῆς
1209 5423 1556 5484 ὑποστάσεως
1580 5423 1821 5490 λέγεται,
1843 5426 1906 5474 ἐκ

359 5513 417 5567 δὲ
438 5513 536 5580 τῆς
556 5513 739 5575 οὐσίας
759 5515 1050 5581 λεγόμενον
1072 5513 1165 5566 τοῦ
1195 5514 1324 5566 Υίοῦ
1344 5516 1406 5568 ὲκ
1428 5513 1526 5582 τῆς
1552 5515 1904 5579 ὑποστάσεως

330 5603 392 5657 οὐ
416 5603 710 5673 ῥηθήσεται
731 5621 743 5665 ;
767 5603 899 5673 Οὐχὶ
918 5602 1197 5656 κάνταῦθα
1213 5604 1389 5671 λόγοις
1423 5604 1604 5671 μόνοις
1622 5603 1685 5656 τὸ
1702 5603 1800 5672 τῆς
1819 5603 1907 5655 οὐ·

333 5696 451 5758 σίας
479 5696 780 5765 ἀδιαίρετον
816 5696 996 5765 φαίνει
1025 5697 1328 5764 ὁμολογεῖν,
1353 5696 1568 5764 ἀληθῶς
1592 5694 1794 5765 ταῦτην
1812 5697 1906 5748 αὐ-

332 5787 420 5851 τὸς
450 5788 694 5857 διαιρῶν,
723 5789 813 5841 καὶ
840 5789 936 5856 τῆς
979 5789 1324 5857 Ἀρειανικῆς
1351 5789 1644 5859 διαρέσεως
1673 5789 1852 5855 χεῖρον
1882 5803 1895 5851 ;

345 5875 403 5928 '0
433 5880 530 5945 μὲν
557 5878 662 5947 γὰρ
692 5876 765 5949 τῷ
787 5875 879 5930 τοῦ
912 5878 1120 5946 Πατρός
1151 5876 1383 5946 ὐστ’ρῳ,
1415 5877 1506 5928 καὶ
1534 5877 1612 5928 ὃτι
1635 5867 1901 5944 γεγονότα

2023 4678 2357 4733 indivisibile
2401 4673 2898 4750 causam'hujnsce
2945 4685 3262 4753 theologicae
3311 4692 3594 4744 sententia:

2025 4785 2353 4840 proponens,
2409 4772 2583 4838 palam
2627 4775 3051 4843 deprehenderis
3099 4780 3435 4842 subducens.
3484 4800 3592 4837 non

2021 4867 2359 4932 persuadens
2412 4866 2741 4919 auditorem.
2797 4867 2933 4933 Quis
2974 4873 3122 4940 enim
3167 4872 3355 4937 fuerit,
3401 4876 3490 4942 qui
3542 4885 3593 4928 te

2024 4956 2178 5026 pejus
2231 4958 2525 5011 essentiam
2579 4959 2848 5024 diviserit,
2895 4963 2941 5015 si
2997 4964 3289 5017 essentiam
3352 4966 3590 5036 Spiritus

2022 5049 2090 5101 ab
2133 5063 2195 5101 ea
2242 5063 2361 5120 quae
2411 5058 2496 5104 est
2525 5051 2764 5104 essentia
2813 5050 2989 5108 Patris
3027 5061 3081 5106 et
3112 5053 3235 5109 Filii
3287 5059 3588 5126 separabis,

2021 5155 2130 5194 non
2163 5141 2472 5225 concedens
2505 5140 2664 5206 forte,
2700 5151 2752 5196 et
2780 5158 2844 5196 ex
2879 5147 2963 5198 sui
2993 5145 3168 5215 ipsius
3205 5128 3442 5202 essentia
3467 5152 3592 5219 Spl-

2023 5232 2185 5285 ritum
2242 5232 2404 5292 esse?
2441 5233 2620 5298 Quare
2671 5250 2821 5298 vero,
2859 5235 3029 5290 dicito
3069 5251 3310 5306 quaeso.“
3338 5241 3482 5308 quod
3524 5259 3590 5294 ex

2018 5324 2259 5377 essentia
2289 5321 2488 5387 Patris;
2521 5334 2574 5378 et
2608 5341 2670 5377 ex
2700 5327 3148 5395 bypostasi'illius
3176 5330 3412 5397 dicitur;
3442 5332 3586 5400 quod

2021 5430 2153 5468 vero
2188 5430 2254 5468 ex
2288 5417 2524 5468 essentia
2554 5413 2699 5480 Filii,
2725 5431 2788 5470 ex
2819 5419 3097 5488 hypostasi
3131 5421 3278 5475 illius
3307 5438 3414 5476 non
3445 5422 3593 5477 dice-

2020 5509 2144 5560 tur?
2182 5509 2377 5562 Annon
2411 5509 2498 5562 ltic
2540 5525 2758 5579 quoque
2792 5526 2899 5564 non
2952 5514 3157 5566 ratione
3187 5515 3589 5577 tantummodo,

2020 5597 2164 5667 quod
2225 5597 2278 5650 in
2343 5599 2580 5652 essentia
2639 5608 2725 5652 est
2781 5599 3111 5654 indivisibile
3166 5600 3592 5669 deprehenderis

2019 5689 2291 5758 conﬁteri,
2325 5703 2451 5742 vere
2496 5689 2669 5757 ipsam
2705 5690 3084 5752 subdividens,
3120 5703 3170 5745 et
3220 5694 3418 5745 Ariaua
3449 5692 3591 5744 divi-

2021 5781 2175 5834 sione
2206 5781 2489 5835 atrocius?
2515 5781 2607 5834 llle
2640 5781 2911 5848 siquidem
2954 5783 3359 5850 posterioritate
3387 5783 3586 5848 Patris,

2019 5881 2072 5924 et
2103 5871 2245 5941 quod
2280 5883 2571 5942 generatus
2613 5882 2759 5928 esset
2793 5889 2856 5928 ex
2890 5871 3071 5940 Putre,
3103 5889 3208 5929 non
3252 5886 3589 5930 coaeternum
