4150 6490
173 516 326 580 ’993

1135 513 1837 598 ΉΕΕΟΤᾹΤῙΟᾸᾸἨΒῙ
1875 516 2198 577 GEORGII
2243 517 2527 582 CYPRII.

3379 522 3487 588 910

187 627 370 692 Tioﬁ,
403 629 545 684 καθά
574 626 638 702 δὴ
664 627 775 685 “κα“ι
806 626 940 703 παρ³
982 629 1148 687 αὑτοῦ
1176 632 1271 686 τοῦ
1313 633 1545 703 Πατρός.
1609 630 1798 700 Ἡμεῖς

1904 627 2107 684 eﬂ'undi
2138 645 2168 684 a
2203 628 2382 697 Filio,
2416 634 2577 688 sicuti
2630 634 2794 692 etiam
2827 649 2893 688 ex
2951 633 3068 702 ipso
3129 631 3309 689 Patre.
3369 634 3484 691 Nos

189 721 349 790 μίαν
380 722 585 793 ταύτην
609 724 877 795 διαίρεσιν
893 725 1118 796 οῖδαμεν
1154 725 1249 779 καὶ
1279 725 1659 794 πρεσϐεύομεν
1690 725 1802 780 Πα-

185 816 345 884 τρὸς
365 815 457 867 καὶ
482 815 638 879 Υίοῦ,
667 819 734 889 ἢν
759 817 817 870 αἱ
840 817 1060 889 κλήσεις
1098 818 1257 870 αὑταὶ
1289 816 1567 888 πατρύτης
1615 815 1800 888 ἔχουσι

185 907 311 958 καὶ
358 905 568 975 νεότης,
591 906 871 978 ὡρισμένα
905 908 973 961 τὰ
996 908 1334 984 -προσωπικὰ
1357 908 1802 976 συνεπαγόμεναι

184 997 398 1051 πάντα
433 998 707 1069 ἰδιώματα
733 1017 745 1030 ·
777 1002 870 1054 καὶ
895 1001 997 1054 οὐκ
1035 1001 1100 1056 ἄν
1123 1000 1255 1054 ποτέ
1291 1017 1374 1064 τις
1396 1001 1528 1069 μίαν
1545 1001 1666 1054 τινά
1693 999 1802 1053 τῶν

185 1091 314 1160 ’τὴν
342 1090 606 1162 διαίρεσιν
641 1092 846 1164 ταύτην
876 1090 1156 1164 δηλοσσῶν
1191 1092 1394 1159 λέξεων
1425 1091 1686 1172 είληφὼςῤ
1711 1094 1800 1145 ἐπ’

185 1184 420 1252 ἀμφοῖν
453 1185 564 1237 τοῖν
616 1185 929 1255 προσώποιν
982 1186 1352 1255 συνημμένως
1378 1184 1558 1249 οὕτως
1609 1185 1743 1255 ipsi,
1775 1187 1802 1238 6

182 1275 408 1345 Πατήρ
442 1277 537 1329 καὶ
566 1280 592 1329 6
645 1276 770 1338 Υἱὸς
803 1277 1070 1346 ἀγέννητα
1091 1278 1164 1349 ,ἢ
1201 1279 1228 1330 6
1264 1278 1449 1349 Πατὴρ
1484 1278 1580 1330 καὶ
1615 1279 1643 1331 ό
1675 1277 1802 1339 Υἱὸς

188 1367 474 1437 γεννητὰ,
508 1367 539 1438 ῆ
577 1367 766 1420 τάκαὶ
795 1368 883 1432 τὰ,
935 1368 1036 1422 ὃσα
1073 1371 1171 1438 τῆς
1201 1367 1543 1437 διαιρέσεως.
1590 1369 1687 1423 Διά
1718 1386 1803 1423 τοι

190 1459 378 1512 τοῦτο
396 1448 516 1512 οὐδὲ
545 1459 607 1511 τὸ
633 1461 695 1512 ἐκ
729 1460 938 1529 Πατρὸς
967 1462 1065 1514 καὶ
1095 1461 1227 1515 Υίοῦ
1252 1461 1523 1532 ὑπάρχειν
1537 1461 1598 1515 τὸ
1625 1461 1802 1515 Πνεῦ-

197 1568 292 1620 μα
335 1553 415 1621 είς
442 1551 693 1620 δήλωσιν,
720 1547 787 1623 ἦς
814 1552 994 1622 βούλει
1034 1554 1319 1623 διαφορᾶς,
1351 1554 1429 1622 τῷ
1459 1554 1627 1624 Ἀγῐῳ
1652 1554 1803 1624 ειλῆ-

194 1642 351 1710 gent
381 1643 780 1715 διατεινόμεθα.
827 1647 898 1700 Σὺ
952 1647 1006 1700 δὲ
1036 1646 1106 1700 τά
1134 1645 1362 1701 τοιαῦτα
1408 1647 1805 1716 χρησμολογῶν

191 1738 294 1799 εἰς
319 1737 641 1808 ὁμωνυμίαν
672 1739 907 1804 ἀπάγεις
934 1739 993 1793 τὸ
1019 1742 1110 1794 καὶ
1131 1739 1384 1812 δαίμοσιν
1410 1743 1468 1804 ες
1499 1741 1658 1813 δεῦρο
1682 1742 1806 1795 ἀνε-

193 1829 560 1900 πιχείρητον,
592 1831 762 1901 αὐτὴν
797 1831 1018 1900 ἐκείνην
1045 1832 1143 1904 τὴν
1168 1831 1264 1887 τοῦ
1298 1832 1453 1898 ἁγίου
1485 1833 1804 1903 Πνεύματος

192 1922 428 1991 κλῆσιν,
463 1924 528 1995 ῆν
557 1924 718 1986 αὐτὸς
741 1926 769 1978 ό
796 1924 890 1978 τοῦ
933 1925 1068 1978 Θεοῦ
1101 1925 1226 1987 Υἱὸς
1256 1927 1352 1979 καὶ
1381 1925 1556 1991 Λόγος
1578 1925 1658 1996 τῷ
1691 1926 1801 1978 Πα-

190 2012 472 2084 ρακλήτῳ
499 2014 798 2086 ἀφώρισεν,
835 2017 925 2069 ὅτε
955 2016 1371 2086 τοῖςιμαθηταῖς
1404 2015 1466 2069 τὸ
1490 2016 1600 2069 τῶν
1630 2015 1801 2069 ἐθνῶν

193 2104 522 2176 προέτρεπε
585 2107 888 2178 βάπτισμα.
929 2107 1050 2173 Πῶς
1087 2110 1196 2181 γὰρ
1240 2112 1339 2179 οὺχ
1378 2111 1670 2179 ὁμωνυμία
1705 2126 1792 2162 σαν

193 2197 340 2266 φὴς,
373 2201 420 2250 εί
455 2199 518 2251 ἐκ
542 2198 754 2270 Πατρδς
785 2204 881 2270 μὲν
907 2201 1177 2272 ὑπάρχειν
1211 2202 1510 2273 εἰρημένον
1537 2203 1597 2254 τὸ
1630 2202 1800 2254 Πνεῦ-

197 2307 291 2356 μα
321 2290 383 2343 τὸ
412 2291 587 2359 ἆγιον,
640 2292 792 2361 δηλοῖ
823 2292 916 2345 τὸν
971 2293 1356 2365 Παράκλητον,
1393 2294 1452 2360 ἐξ
1487 2296 1614 2349 Υίοῦ
1656 2296 1712 2350 δὲ
1743 2300 1799 2350 ὲν

192 2383 478 2453 ὁποιῳοῦν
520 2384 628 2437 τῶν
666 2385 810 2455 ἅπερ
859 2387 915 2439 ai
962 2387 1350 2457 πεπλασμέναι
1421 2406 1502 2442 σοι
1552 2388 1800 2458 φανερώ-

197 2493 328 2539 est;
349 2480 443 2530 καὶ
477 2477 777 2542 ἀναδείξεις
807 2477 1088 2548 βούλονται
1135 2481 1534 2551 ἐνεργημάτων
1588 2466 1795 2543 αὐτοῦς

200 2569 335 2621 Ἔτι
361 2572 410 2622 εί
450 2571 626 2622 κοινόν
676 2573 794 2623 ἐστι
829 2572 1002 2644 Πατρὶ
1034 2573 1128 2626 καὶ
1174 2573 1289 2644 ἰ’ἱῷ
1314 2575 1372 2628 τδ
1402 2574 1463 2640 ἐξ
1491 2575 1695 2646 ἀμφοῖν
1741 2574 1801 2627 τὸ

196 2659 438 2730 Πνεῦμα
490 2664 582 2725 καὶ
615 2663 907 2727 κινεῖσθαι,
959 2667 1052 2717 καὶ
1092 2666 1484 2736 φανεροῢσθαι,
1545 2670 1637 2722 καὶ
1668 2671 1802 2724 ἁνασ⁸

194 2751 543 2822 δείκνυσθαι,
595 2755 627 2826 ἢ
659 2757 836 2809 κοινὸν
893 2755 1035 2810 ἔστω
1069 2759 1165 2812 καὶ
1197 2757 1258 2811 τὸ
1294 2758 1643 2828 ὑφίστασθαι,
1704 2766 1800 2818 καὶ

202 2841 436 2912 σύμπαν
490 2845 622 2914 ἡμῖν
651 2845 871 2898 ἵσταται
916 2848 978 2900 τὸ
1013 2847 1349 2918 ζητοῦμενον
1375 2866 1389 2882 ·
1439 2851 1472 2922 ἢ
1519 2854 1612 2906 ἐὰν
1650 2855 1798 2918 ἰδίως

197 2933 306 2986 ἐπὶ
335 2934 496 3003 μόνου
524 2935 616 2988 τοῦ
648 2936 858 3007 Πατρὶς
891 2939 922 3007 ἡ
958 2939 1053 2992 τοῦ
1083 2939 1411 3010 ὑφίστασθαι
1452 2946 1697 3014 σημασία
1724 2946 1799 3014 τῷ

200 3027 486 3098 ὑπάρχειν
529 3029 1004 3101 ἀποκεκλήρωται,
1035 3033 1158 3086 οιδὲ
1181 3034 1240 3086 τὸ
1268 3036 1541 3090 κινεῖσθαι
1574 3042 1668 3092 καὶ
1700 3057 1803 3108 φα-

198 3119 519 3190 νεροῦσθαι,
543 3123 638 3174 καὶ
670 3121 1089 3178 ἀναδείκνυσοαι
1122 3122 1301 3179 κοινόν
1332 3128 1449 3181 ἐστι
1478 3114 1653 3201 Πατρὶ
1707 3131 1799 3182 καὶ

203 3209 353 3282 Υίῷ,
388 3212 503 3265 ἀλλ’
538 3213 682 3277 ἰδίως
712 3215 808 3268 καὶ
841 3214 979 3268 αὐτὰ
1024 3217 1118 3270 ἐπὶ
1153 3219 1314 3285 μόνου
1342 3219 1798 3291 ἀποκεκλήρωται

199 3303 306 3356 τοῦ
336 3304 487 3359 Υίοῦ.
535 3306 648 3360 Καὶ
699 3307 790 3371 δὸς
817 3307 994 3363 ταῦτα
1039 3311 1184 3364 κατὰ
1213 3311 1274 3364 τὺ
1308 3313 1597 3383 πρόδηλον,
1631 3313 1658 3364 6
1680 3314 1798 3378 νέος

194 3396 600 3468 δογματιστὴς,
650 3401 742 3453 καὶ
773 3403 936 3470 ἡμεῖς
981 3386 1355 3473 σιωπήσομεν.
1419 3403 1581 3458 Ἀλλὰ
1607 3405 1793 3460 δοῦναι

200 3462 484 3557 οὺκνέχεις
507 3462 694 3544 ’-κατά
720 3462 931 3562 πολλὴν
955 3492 1012 3546 δὲ
1044 3462 1424 3565 τὴνσεξουσίαν
1453 3496 1521 3549 τὰ
1553 3497 1652 3567 μὲν
1688 3498 1795 3552 τῶν
1829 3462 1870 3517 C

203 3580 279 3633 ἐκ
308 3579 650 3649 Πατρδςτκαὶ
697 3583 828 3636 rio-3
871 3586 1011 3655 μετὰ
1040 3585 1138 3657 τῆς
1200 3589 1499 3658 συναφείας
1544 3590 1638 3642 τοῦ
1695 3591 1796 3645 καὶ

201 3672 518 3741 λεγομένων
566 3677 720 3731 κὸινά
771 3673 914 3732 εἶναι
946 3680 1280 3750 νομοθετεῖς,
1335 3681 1406 3735 τά
1439 3681 1496 3735 δὲ
1536 3682 1666 3748 ῐδια,
1700 3684 1796 3737 καὶ

197 3763 312 3816 οὐκ
328 3759 442 3817 οῖδα
475 3765 661 3819 λοιπὸν
686 3769 741 3820 ετ
765 3785 848 3831 τις
877 3769 1035 3831 ἄλλος
1068 3771 1175 3824 τῶν
1207 3773 1429 3826 πώποτε
1464 3791 1800 3845 μνημονευο-

203 3857 392 3931 μένων
410 3857 700 3928 αίρετικῶν
727 3861 948 3914 τοιαῦτα
978 3864 1119 3916 κατὰ
1138 3864 1272 3917 Θεοῦ
1307 3865 1795 3938 βεϐλασφήμηκεν.

1905 737 2066 777 unam
2097 730 2312 778 tantum
2363 725 2688 782 divisionem
2740 726 3023 792 novimus,
3062 736 3115 781 et
3165 730 3487 797 proiltemnr

1902 813 2084 872 Patris
2115 823 2168 870 et
2198 813 2347 884 Filii,
2378 833 2540 891 qnam
2575 818 2628 876 in
2675 836 2735 876 se
2778 821 3068 877 continent
3117 821 3198 876 ita:
3247 821 3484 894 appella:

1904 907 2079 979 tiones
2150 912 2454 978 pateroitas
2518 920 2572 968 et
2624 913 2854 979 liliatio,
2911 929 3034 969 cum
3118 929 3226 969 una
3299 930 3486 972 secum

1903 999 2114 1054 ducunt
2174 1001 2572 1059 determinatas
2619 1007 2938 1074 personales
2991 1020 3182 1060 omnes
3245 1010 3488 1076 propria:-

1906 1097 2044 1144 tates
2067 1129 2082 1154 ,
2112 1097 2169 1145 et
2218 1107 2499 1162 nunquam
2531 1089 2803 1162 quispiam
2833 1108 2996 1147 unam
3047 1108 3116 1148 ex
3169 1092 3256 1148 his
3291 1092 3488 1148 dictio-

1905 1179 2095 1254 nibus,
2130 1199 2252 1252 quae
2290 1185 2616 1248 divisionem
2651 1185 2789 1239 hanc
2821 1193 3014 1238 n0tant
3039 1222 3054 1249 ,
3101 1199 3392 1241 assumens
3421 1186 3489 1240 de

1907 1285 2146 1344 utraque
2187 1291 2423 1346 persona
2457 1277 2795 1348 coniunctim
2849 1276 2921 1331 ita
2951 1276 3261 1331 enuntiabit
3283 1317 3299 1343 ,
3330 1277 3488 1332 Pater

1904 1372 1958 1420 et
2011 1365 2183 1424 Filius
2238 1370 2552 1439 unigenita,
2607 1379 2702 1424 aut
2749 1368 2911 1424 Pater
2959 1376 3015 1422 et
3064 1365 3234 1422 Filius
3279 1368 3483 1437 genita,

1907 1465 2001 1511 aut
2047 1458 2173 1538 haec
2214 1467 2269 1512 et
2322 1459 2434 1514 ha'c
2461 1499 2477 1526 ,
2530 1474 2653 1530 qua;
2704 1470 2834 1514 sunt
2877 1459 3187 1538 divisionis.
3222 1459 3484 1527 Propter-
3574 1491 3578 1494 -

1905 1564 2081 1619 eaque
2138 1564 2318 1620 neque
2393 1549 2522 1605 illud
2582 1565 2648 1604 cx
2699 1549 2970 1605 Patre-et
3022 1552 3158 1607 Filio
3218 1549 3486 1620 Spiritum

1906 1643 2208 1708 exsistere,
2240 1641 2307 1696 ad
2345 1647 2644 1696 notandam
2666 1683 2681 1709 ,
2713 1659 2878 1713 quam
2924 1645 3040 1712 ipse
3073 1643 3154 1698 vis
3179 1683 3194 1707 ,
3228 1643 3488 1713 dideren-

1910 1737 2040 1790 tiam
2112 1749 2144 1789 a
2218 1742 2410 1790 sancto
2485 1745 2828 1804 assumptum
2884 1751 3008 1790 esse
3080 1735 3484 1790 contendimus.

1907 1827 1988 1883 Tu
2049 1843 2213 1898 porro
2271 1827 2472 1883 similia
2523 1827 2691 1882 veluti
2742 1843 2810 1883 ex
2849 1828 3074 1883 oraculo
3130 1829 3368 1884 fundens
3421 1829 3488 1881 ad

1909 1920 2317 1992 liom‘onymiam
2371 1919 2555 1991 rapis,
2587 1920 2750 1990 quam
2803 1936 2905 1977 nec
2966 1921 3243 1976 daemones
3273 1925 3340 1976 ad
3381 1920 3486 1976 hoc

1910 2028 2084 2082 usque
2141 2024 2356 2081 tempus
2407 2018 2606 2067 conatu
2657 2013 2770 2066 ullo
2824 2014 3066 2068 assecuti
3117 2023 3285 2078 sunt,
3335 2013 3488 2068 illam

1906 2104 2080 2173 ipsam
2132 2103 2308 2158 sancti
2358 2099 2599 2172 Spiritus
2647 2103 3118 2173 appellationem,
3170 2096 3336 2174 quam
3372 2107 3489 2174 ipse

1907 2195 1998 2250 Dei
2032 2192 2204 2248 Filius
2232 2201 2286 2248 et
2316 2191 2556 2248 Verbum
2589 2191 2876 2248 Paracleto
2901 2197 3280 2265 appropriavit
3304 2238 3319 2260 ,
3357 2210 3485 2251 cum

1905 2287 2196 2356 discipulis
2254 2285 2499 2358 gentium
2551 2286 2826 2357 baptisma
2882 2290 3284 2344 committebat.
3334 2289 3485 2358 Quo-

1909 2379 2071 2433 modo
2106 2378 2254 2433 enim
2285 2394 2392 2433 non
2421 2377 2527 2433 erit
2553 2386 2746 2448 aperta
2778 2377 3133 2450 homonymia
3162 2420 3177 2443 ,
3211 2379 3258 2434 si
3284 2395 3351 2434 ex
3385 2381 3489 2435 Pa-

1907 2481 1985 2525 tre
2013 2471 2234 2541 quidem
2264 2462 2532 2526 exsistere
2562 2485 2686 2526 cum
2721 2471 2922 2527 dicitur
2959 2470 3200 2542 Spiritus
3239 2485 3486 2540 sanctus,

1905 2562 2176 2634 signiﬁcat
2232 2560 2627 2630 Paracletum;
2692 2578 2756 2618 ex
2825 2562 2966 2619 Filio
3032 2580 3162 2619 vero
3217 2567 3485 2636 singulas,

1904 2674 2043 2728 quas
2102 2654 2493 2714 commentitiae
2555 2658 2678 2713 ista:
2731 2669 2847 2714 tuae
2895 2661 3372 2718 manifestationes
3432 2673 3488 2717 et

1904 2752 2250 2808 ostensiones
2288 2751 2525 2806 innuunt
2553 2790 2568 2815 ,
2617 2751 2765 2808 illius
2799 2755 3167 2821 operationes.
3215 2755 3486 2810 Praeterea

1905 2845 1949 2900 si
1984 2858 2277 2898 commune
2324 2853 2408 2898 est
2443 2844 2589 2898 Patri
2643 2854 2698 2899 et
2745 2842 2885 2899 Filio
2912 2883 2927 2908 ,
2981 2860 3046 2899 ex
3080 2857 3321 2916 utroque
3365 2845 3491 2915 Spi-

1905 2937 2077 2990 ritum
2113 2944 2168 2991 et
2199 2935 2442 3000 moveri,
2473 2948 2526 2988 et
2567 2934 2908 3005 manifestari
2935 2978 2949 3001 ,
2989 2947 3042 2991 et
3081 2941 3296 2992 ostendi
3323 2977 3337 3000 ,
3393 2951 3490 2993 aut

1903 3042 2196 3084 commune
2231 3028 2300 3080 sit
2330 3041 2551 3095 quoque
2590 3025 2891 3080 subsistere
2916 3066 2930 3090 ,
2977 3035 3032 3079 et
3086 3027 3344 3083 universa
3385 3045 3489 3082 no-

1905 3133 2016 3179 stra
2077 3123 2307 3191 quit-Stlo
2362 3120 2521 3175 linem
2588 3119 2854 3174 habebit:
2889 3129 2980 3173 aut
3050 3120 3094 3176 si
3161 3121 3378 3191 proprie
3436 3123 3488 3176 in

1905 3217 2024 3273 solo
2095 3214 2257 3269 Patre
2321 3211 2690 3284 signiﬁcatum
2775 3213 3111 3270 subsistendi
3192 3215 3490 3270 exsistendi

1905 3308 2077 3363 dictio
2106 3307 2340 3371 obtinet,
2369 3315 2423 3360 et
2457 3305 2690 3366 moveri,
2720 3311 2776 3358 et
2827 3304 3190 3372 manifestari,
3221 3315 3275 3362 et
3304 3318 3491 3363 osten-

1906 3403 1998 3470 di,
2033 3400 2349 3456 communia
2377 3414 2486 3453 non
2522 3408 2650 3453 sunt
2677 3396 2826 3454 Patri
2864 3409 2920 3453 et
2946 3398 3107 3466 Filio,
3138 3401 3230 3454 sed
3268 3405 3489 3472 proprie

1907 3496 2026 3565 ipsa
2083 3493 2136 3546 in
2202 3489 2344 3545 Filio
2401 3491 2580 3544 locum
2643 3488 2868 3544 habent.
2907 3488 3091 3544 Palam
3161 3491 3277 3546 haec
3329 3494 3488 3547 nolis

1905 3586 2192 3645 concedite
2239 3598 2432 3639 recens
2475 3593 2645 3639 natus
2693 3583 3010 3653 dogmatum
3058 3582 3219 3648 lator,
3249 3595 3302 3638 et
3333 3592 3486 3640 tace-

1909 3683 2114 3739 bimus.
2156 3677 2262 3734 Sed
2299 3693 2411 3734 non
2448 3676 2742 3742 concedes,
2777 3676 2889 3730 imo
2923 3691 3120 3745 magna
3156 3677 3489 3732 auctoritate

1907 3776 2022 3830 haec
2054 3772 2277 3843 quidem
2312 3785 2433 3840 quae
2468 3785 2533 3823 ex
2566 3768 2726 3822 Patre
2754 3776 2809 3823 et
2838 3765 2977 3822 Filio
3029 3783 3155 3823 cum
3201 3769 3485 3824 additione

1907 3862 2317 3934 conjunctionis
2341 3872 2432 3926 et,
2493 3861 2809 3915 communia
2859 3875 2982 3916 esse
3033 3861 3330 3927 decernis,
3380 3864 3486 3917 alia

207 3962 344 4005 vero
374 3951 614 4020 propria,
646 3961 701 4006 et
731 3968 836 4008 non
870 3953 1001 4008 dum
1039 3957 1220 4025 capio,
1252 3972 1318 4024 an
1364 3958 1508 4015 ullus
1559 3961 1702 4016 alius
1750 3976 1818 4016 ex
1854 3958 1951 4024 iis,
1991 3956 2083 4026 qui
2114 3966 2358 4023 unquam
2422 3962 2926 4006 commemorantur
2990 3951 3256 4019 heretici,
3309 3953 3489 4010 simile

206 4044 268 4096 in
311 4041 480 4098 Deum
519 4044 891 4115 blasphemias
923 4044 1240 4118 eiacul‘avit.

290 4200 342 4256 t'.
379 4204 487 4256 Καὶ
520 4204 699 4277 χωρὶς
722 4206 930 4260 τούτων
962 4209 1085 4261 ὅσον
1112 4208 1227 4281 εχει
1249 4211 1614 4284 τδνέλεγχον,
1660 4216 1718 4281 ἐξ
1741 4209 1802 4269 οὗ

208 4286 450 4366 παράγει
486 4295 624 4367 πρὸς
670 4297 990 4370 ἀνατροπὴν
1051 4300 1154 4372 τῆς
1212 4303 1504 4374 ὑπάρξεως
1550 4306 1804 4376 ὑποδείγ-

212 4404 408 4458 ματος,
427 4390 525 4460 τὴν
558 4391 632 4453 ὡς
673 4391 733 4455 ἐξ
764 4391 986 4461 ὁμοσίου
1014 4394 1109 4448 τοῦ
1139 4396 1270 4450 Υἱοῦ
1300 4399 1633 4469 φανέρωσιν.
1668 4405 1804 4473 «Ar;-

206 4481 314 4544 λοί,
356 4501 374 4533 ι
408 4482 562 4552 φησὶ,
620 4501 640 4534 ι
669 4486 764 4538 τοῦ
822 4487 1144 4556 Πνεύματος
1197 4491 1291 4542 καὶ
1338 4492 1618 4565 ἀνάδειξιν
1664 4495 1692 4546 ὁ
1744 4496 1803 4562 ἐξ

211 4576 343 4629 Υἱοῦ
373 4575 643 4647 ὑπάρχειν
687 4576 862 4646 λέγων
894 4579 953 4630 τὸ
987 4580 1232 4651 Πνεῦμα,
1263 4582 1386 4635 καθ’
1424 4584 1484 4637 ὂν
1517 4588 1608 4638 καὶ
1639 4589 1802 4657 ἡμεῖς

1977 4212 2065 4268 10.
2139 4209 2204 4264 Et
2260 4217 2454 4279 prater
2512 4207 2630 4261 hac
2690 4220 2852 4274 quam
2912 4207 3085 4262 solide
3132 4207 3488 4287 confutantur

1902 4302 2190 4371 exemplo,
2224 4315 2332 4370 quo
2367 4299 2457 4352 ille
2512 4297 2578 4351 ad
2636 4298 3048 4362 convellendam
3099 4300 3483 4355 cxsistentiam

1905 4398 2120 4449 utitur;
2163 4410 2181 4444 ι
2223 4391 2400 4446 Veluti
2454 4406 2519 4445 ex
2570 4389 3026 4445 consubstantiali
3077 4388 3218 4445 Filio
3252 4393 3486 4448 manife-

1907 4487 2278 4551 {estationem,
2315 4505 2332 4537 ι
2371 4485 2467 4549 ait,
2505 4503 2522 4535 ι
2558 4483 2798 4552 Spiritus
2827 4493 2980 4537 notat
3004 4493 3056 4537 et
3088 4486 3483 4550 ostensionem,

1903 4581 1995 4652 qui
2027 4596 2090 4634 ex
2124 4577 2266 4634 Filio
2290 4577 2558 4632 exsistere
2587 4574 2852 4645 Spiritum
2886 4576 3104 4640 asserit,
3140 4591 3206 4630 eo
3246 4594 3356 4648 quo
3383 4596 3487 4635 nos

209 4667 446 4737 λέγομεν
467 4669 669 4735 τρόπον
698 4670 789 4724 τὸν
837 4672 1038 4742 Κύριον
1064 4675 1161 4742 τὴν
1185 4675 1245 4741 ἐξ
1277 4677 1437 4745 ἡμῶν
1470 4679 1635 4744 φύσιν
1664 4682 1799 4733 άνα-

1905 4673 2141 4728 dicimus
2173 4672 2334 4726 modo
2368 4668 2660 4724 Dominum
2692 4712 2705 4733 ,
2738 4685 2860 4740 qua:
2899 4685 2965 4725 ex
3015 4671 3175 4726 nobis
3205 4681 3352 4738 erat,
3387 4688 3487 4727 na-

210 4761 420 4823 λαϐεῖν,
449 4763 568 4833 ἦτοι
603 4766 699 4831 τὴν
731 4765 860 4833 ἡμῖν
918 4766 1226 4835 ὁμοεύσιον.
1269 4789 1286 4821 ι
1337 4769 1480 4837 Ἐγὼ
1522 4771 1577 4823 δὲ
1613 4773 1706 4825 καί
1748 4773 1796 4826 τί

215 4870 359 4920 φημι
401 4853 526 4906 ἄλλο
546 4871 558 4884 ·
589 4856 620 4924 ή
661 4857 726 4907 ἐκ
755 4857 853 4921 τῆς
883 4857 1042 4926 ἡμῶν
1094 4860 1311 4928 φύσεως
1352 4864 1610 4930 γεγονυῖα
1636 4864 1800 4930 φανέ-

218 4961 384 5017 ρωσις
417 4945 510 4998 τοῦ
548 4947 754 5016 Κυρίου
781 4951 876 5000 καὶ
909 4951 1178 5016 ἀνάδειξις
1227 4953 1424 5024 δηλοῦν
1483 4954 1730 5026 βούλεται
1766 4957 1797 5027 ἢ

211 5041 314 5107 τὴν
339 5037 475 5090 κατά
523 5037 614 5091 τὸν
646 5040 932 5109 ἄνθρωπον
964 5043 1129 5097 αὑτοῦ
1163 5044 1431 5115 ὕπαρξιν·
1465 5048 1544 5100 ὄτι
1592 5048 1700 5117 γὰρ
1733 5049 1799 5100 ἐκ

211 5127 310 5181 τοῦ
351 5129 661 5199 Ἀδαμιαίου
699 5133 1019 5204 φυράματος
1043 5136 1144 5207 τὴν
1171 5139 1314 5191 κατὰ
1343 5138 1520 5209 σάρκα
1559 5137 1797 5207 ὓπαρξιν

210 5222 240 5273 ὁ
269 5218 468 5289 Κύριος
527 5223 708 5292 ἔσχεν,
738 5225 769 5294 ἡ
805 5227 1122 5296 φωνέ’ρωσι;
1179 5227 1345 5282 αὑτοῦ
1384 5230 1475 5281 καὶ
1528 5229 1797 5294 ἀνάδειξις

212 5310 424 5380 γέγονε,
483 5314 578 5366 καὶ
624 5314 803 5377 καλῶς
860 5305 973 5386 ἔχει
1028 5317 1213 5372 λοιπὸν
1245 5320 1512 5391 ἑπόμενον
1547 5324 1608 5392 τῇ
1656 5321 1798 5375 κατὰ

215 5406 396 5473 σάρκα
433 5404 667 5475 ὑπάρξει
697 5408 797 5476 τὴν
821 5409 963 5462 κατὰ
993 5411 1174 5482 σάρκα
1206 5414 1516 5482 φανέρωσιν
1546 5414 1640 5467 καὶ
1665 5413 1799 5468 ανά-

211 5496 383 5560 egigni
429 5497 714 5568 ὁμολογεῖν
741 5498 833 5552 τοῦ
879 5502 1110 5570 Κυρίου.
1162 5504 1223 5558 Et
1257 5503 1388 5571 γοῦν
1420 5505 1565 5558 οὕτω
1600 5507 1793 5566 ταῦτα.

214 5591 429 5651 πάντως
452 5590 505 5642 δὲ
525 5589 686 5656 οὕτω,
723 5593 816 5644 καὶ
849 5593 882 5662 η
917 5596 1069 5663 παρά
1097 5594 1190 5648 τοῦ
1217 5595 1343 5650 Υίοῦ
1374 5597 1678 5667 φανέρωσις
1700 5599 1795 5651 τοῦ

214 5683 530 5755 Πνεύματος
552 5687 646 5738 καὶ
675 5687 941 5753 ἀνάδειξις
975 5689 1072 5758 τὴν
1096 5691 1250 5760 παρὰ
1275 5689 1369 5743 τοῦ
1397 5690 1525 5744 Υἱοῦ
1558 5690 1794 5762 ὓπαρξιν

214 5777 355 5830 κατὰ
385 5779 480 5841 τὰς
505 5779 614 5832 τῶν
643 5779 970 5844 ἀποδείξεων
991 5783 1402 5852 τεκμηριώδεις
1438 5785 1792 5854 παρίστησιν.

215 5869 339 5922 Ὀτι
369 5873 476 5939 γὰρ
523 5873 587 5924 ἐκ
613 5869 707 5924 τοῦ
735 5872 862 5925 Tisia
893 5873 1125 5941 ὑπάρχει
1155 5875 1248 5926 καὶ
1275 5877 1680 5946 πεφανέρωται,
1699 5875 1796 5928 καὶ

215 5960 583 6015 ἀναδεδεικται
605 5961 734 6031 περ*
755 5964 942 6030 αὑτοῦ,
977 5981 1066 6016 και.
1091 5968 1411 6030 γορηγεῖται
1442 5969 1535 6019 καὶ
1565 5967 1790 6031 δίδοται,

1903 4773 2082 4818 turam
2159 4762 2586 4832 assumpsisse»
2630 4761 2788 4816 nobis
2869 4776 3067 4831 nempe
3118 4764 3485 4818 consubstan-

1902 4856 2104 4912 tialem.
2177 4873 2196 4906 ι
2253 4856 2364 4926 Ego
2411 4868 2539 4908 vero
2615 4852 2764 4908 aliud
2843 4855 3118 4910 adnecto:
3173 4872 3241 4911 ex
3293 4868 3480 4912 nostra

1901 4964 2100 5007 natura
2160 4929 2300 5005 facta
2376 4950 2594 5004 Domini
2657 4949 3071 5019 manifestatio,
3125 4962 3179 5006 et
3236 4959 3485 5010 Ostensio

1904 5059 2134 5115 prorsus
2190 5043 2413 5106 innuit,
2455 5042 2759 5097 secundum
2817 5043 3089 5097 hominem
3137 5045 3284 5100 illius
3340 5048 3485 5113 exsj-

1901 5136 2162 5190 stentiam
2195 5152 2206 5187 :
2237 5149 2362 5187 nam
2395 5134 2544 5204 quod
2575 5149 2643 5189 ex
2671 5135 2948 5190 Adamiaa
2971 5151 3150 5190 massa
3179 5137 3482 5193 secundum

1901 5242 2123 5281 Carnem
2169 5227 2433 5280 Dominus
2480 5227 2861 5282 cxsistentiam
2898 5228 3130 5293 habuit,
3179 5228 3330 5285 illius
3372 5247 3488 5284 ma.

1902 5320 2185 5376 nil‘estatio
2217 5329 2271 5374 ct
2317 5321 2566 5374 ostensio
2597 5319 2738 5376 facta
2766 5329 2890 5388 est,
2917 5322 3046 5377 hinc
3096 5323 3350 5392 sequitur
3383 5339 3484 5378 nos

1900 5410 2188 5469 commode
2248 5427 2371 5466 cum
2453 5412 2772 5467 exsistentia
2855 5413 3158 5467 secundum
3237 5431 3498 5479 carnem,-

1903 5506 2206 5562 secundum
2240 5519 2462 5559 carnem
2497 5503 2994 5560 manifestationem
3023 5515 3078 5560 et
3108 5509 3478 5561 ostensioneui

1899 5597 2120 5654 Domini
2177 5596 2358 5651 fateri.
2396 5594 2522 5651 Haec
2579 5599 2784 5666 itaque,
2830 5600 2874 5654 si
2918 5601 2990 5653 ita
3039 5616 3099 5654 se
3150 5601 3387 5665 habent,
3427 5614 3484 5654 ul.

1903 5692 2132 5746 omnino
2175 5704 2237 5746 se
2285 5689 2528 5754 habent,
2557 5691 2723 5744 etiam
2773 5706 2840 5745 ex
2894 5689 3030 5745 Filio
3072 5690 3310 5761 Spiritus
3369 5710 3486 5745 ttu-

1901 5781 2184 5839 nii'estatio
2222 5789 2276 5836 et
2324 5791 2572 5836 ostensio
2598 5796 2664 5836 ex
2699 5781 2838 5837 Filio
2885 5786 3261 5839 exsistentiam
3291 5801 3481 5839 set-nu.

1901 5874 2031 5928 dum
2063 5873 2472 5941 coniecturales
2505 5873 3015 5930 demonstrationes
3045 5881 3480 5945 reprresemanit.

1899 5963 2056 6031 Quod
2105 5966 2250 6020 enim
2303 5980 2371 6020 ex
2403 5962 2543 6021 Filio
2597 5965 2847 6030 exsistit,
2892 5977 2943 6021 et
2979 5966 3383 6033 maniiestatur,
3427 5979 3482 6023 et
