4150 6442
685 451 784 518 οη

1727 451 1938 511 JOAN.
1987 445 2194 508 VECCI
2237 446 2346 508 (LP.
2387 443 2895 506 PATRIARCIIJE

3860 435 3981 499 912

680 568 1013 634 ostenditur,
1045 568 1113 622 ab
1142 566 1330 622 eodem
1377 581 1596 637 quoque
1646 564 2045 635 suppeditatur,
2075 570 2132 617 et
2156 562 2254 616 da-

2365 559 2457 614 καὶ
2494 559 2549 612 ετ
2572 577 2626 614 τι
2671 559 2779 612 τῶν
2808 557 3051 628 ἰστέρων
3102 557 3200 628 τῆς
3247 553 3416 609 αὐτοῦ
3452 551 3745 625 ὖπὶρξεὼς
3778 553 3975 615 ἐστιν,

683 673 792 724 tur,
834 669 888 716 et
932 658 1200 730 quidquid
1248 657 1395 713 aliud
1442 656 1511 711 de
1556 655 1705 712 illius
1731 654 2052 710 exsistentia
2105 665 2257 706 asse-

681 754 843 819 t'itur,
875 766 1002 808 cum
1029 760 1085 806 et
1111 748 1180 808 de
1219 747 1381 808 Patre
1419 746 1801 807 consideratio
1848 761 1955 800 non
2001 744 2110 798 alia
2163 745 2254 800 sit.

678 847 887 915 Quodsi
911 861 942 901 a
971 843 1130 900 Patre
1159 844 1379 916 quidem
1412 843 1516 898 hoc
1541 883 1557 906 ,
1603 856 1634 896 a
1665 839 1805 895 Filio
1833 853 1966 893 vero
2003 838 2113 892 alio
2141 851 2259 892 mo-

676 945 770 1009 do,
799 941 944 995 alius
1001 954 1195 994 rursus
1248 935 1604 1008 blasphemiae
1661 935 1889 1006 laqueus
1929 932 2261 987 ditl‘erentia-

676 1049 798 1090 rum
839 1033 1020 1103 opitlci
1076 1027 1517 1099 complicabitur.
1571 1024 1759 1096 Neque
1807 1023 1954 1079 enim
2010 1023 2256 1078 datorem

676 1123 987 1178 naturalem
1052 1129 1109 1177 et
1187 1117 1656 1190 soppeditatorem
1747 1112 1984 1186 Spiritus
2055 1110 2256 1166 Filium

677 1229 985 1288 agnoscere
1014 1211 1381 1284 reputabitur,
1409 1209 1505 1266 sed
1535 1207 1924 1265 administrum
1953 1215 2007 1261 et
2036 1220 2257 1261 servum

674 1305 1144 1366 manilestationis
1175 1315 1228 1361 et
1251 1303 1612 1360 ostensionis.

747 1400 837 1454 ll.
876 1417 895 1450 ι
923 1397 1201 1454 Exsistere
1252 1411 1318 1452 ea
1375 1394 1539 1459 Filio,
1571 1414 1590 1448 ι
1621 1394 1718 1460 ait,
1775 1411 1795 1445 ι
1831 1391 2069 1464 Cyrillus
2120 1391 2260 1446 dixit

678 1492 992 1565 Spiritum,
1048 1491 1142 1547 sed
1200 1504 1308 1544 non
1347 1496 1571 1560 propter
1624 1486 1798 1557 ipsius
1843 1485 1911 1539 ad
1959 1483 2255 1556 essentiam

674 1581 1129 1654 productionem,
1177 1582 1270 1636 sed
1353 1585 1576 1649 propter
1623 1576 1854 1647 gratiam
1911 1589 1978 1629 ex
2027 1572 2257 1644 Spiritu,

672 1691 800 1748 qua:
829 1675 883 1729 in
915 1674 1062 1730 Filio
1092 1681 1276 1728 manet
1302 1712 1320 1742 ,
1359 1671 1612 1726 lldelibus
1641 1668 2013 1738 eﬂ'ulgentem.
2045 1684 2067 1720 ι
2102 1666 2257 1720 Alius

678 1773 884 1825 iterum
921 1767 1013 1823 bic
1064 1776 1149 1824 est
1181 1764 1537 1836 blasphemia
1566 1775 1850 1818 excessus.
1899 1758 2033 1814 Nam
2069 1759 2116 1813 si
2148 1759 2258 1828 spi-

673 1862 922 1918 ritalium
975 1860 1246 1916 donorum
1300 1855 1565 1918 eiectus.
1602 1853 1870 1921 elfulgens
1907 1853 1962 1907 in
1999 1851 2256 1908 ﬁdelibus

677 1955 856 2027 gratia
895 1951 1144 2024 Spiritus
1173 1958 1259 2004 est
1285 1991 1301 2016 ,
1337 1959 1392 2004 et
1424 1949 1467 2006 si
1505 1948 1620 2002 haec
1645 1947 1866 2017 quidem
1897 1945 2106 2015 absque
2155 1944 2255 2014 by-
2292 1924 2335 1979 Β

673 2047 884 2120 postasi
932 2054 1102 2111 sunt,
1151 2058 1219 2099 ex
1269 2041 1430 2098 Patre
1478 2056 1609 2097 vero
1639 2049 1693 2096 et
1748 2039 1888 2094 Filio
1937 2039 2254 2093 exsistentis

673 2140 917 2211 Spiritus
973 2135 1272 2207 appellatio
1326 2135 1444 2191 bare
1480 2132 1744 2200 vindicat,
1799 2147 1906 2201 qua
1961 2131 2176 2186 ratione
2203 2139 2256 2184 et

676 2230 920 2300 Spiritus
968 2245 1032 2286 ex
1072 2237 1310 2298 utroque
1355 2226 1672 2290 assistens,
1727 2224 1936 2293 absque
1975 2222 2255 2294 bypostasi

673 2324 744 2378 ab
798 2323 1006 2379 eisdem
1059 2321 1330 2378 exsistere
1386 2336 1494 2376 non
1549 2317 1918 2388 intelligetur?
1969 2315 2033 2370 Ni
2063 2331 2256 2372 rursus

671 2417 864 2472 eadem
914 2415 1128 2470 ratione
1160 2427 1326 2468 unam
1356 2413 1734 2482 .eamdemque
1784 2409 2023 2479 Spiritus
2072 2409 2257 2478 appel-

672 2505 932 2560 lationem
981 2505 1037 2558 in
1094 2503 1206 2558 duo
1268 2498 1626 2564 subdividat,
1678 2498 1932 2553 eumdem
1985 2497 2252 2567 Spiritum

671 2613 799 2653 cum
831 2595 1114 2668 bypostasi
1148 2611 1215 2649 es
1248 2592 1411 2650 Patre
1437 2632 1454 2658 ,
1501 2592 1620 2648 sine
1667 2589 1943 2662 hypostasi
1993 2604 2060 2643 ex
2092 2587 2253 2654 Filio,

674 2689 988 2763 prodigiosa
1043 2689 1379 2759 loquacitate
1427 2683 1784 2740 enuntiaus?
1851 2701 1870 2736 ι
1916 2681 2142 2736 Essistit
2185 2695 2253 2735 ex

673 2783 838 2851 Filio,
860 2800 882 2835 ι
917 2784 1018 2845 ait,
1049 2800 1070 2834 ι
1101 2782 1363 2851 Spiritus,
1387 2778 1482 2834 sed
1509 2792 1635 2833 cum
1666 2775 2076 2847 suppeditatum
2102 2773 2253 2829 illum

676 2876 1034 2946 intelligimus
1063 2915 1078 2942 ,
1131 2889 1257 2929 cum
1297 2873 1527 2927 missum
1560 2909 1576 2934 ,
1638 2878 1692 2922 ct
1722 2871 1909 2923 datum
1939 2907 1956 2935 ,
2000 2881 2124 2921 cum
2186 2866 2254 2920 ad

677 2967 1050 3022 renovandam
1106 2973 1414 3020 creaturam
1461 2961 1792 3016 venientem.
1825 2978 1845 3012 ι
1911 2958 1978 3012 Et
2025 2958 2071 3013 si
2126 2972 2253 3011 cum

674 3059 829 3124 haec,
870 3067 986 3113 tum
1017 3071 1080 3112 ex
1115 3055 1260 3112 Filio
1299 3054 1560 3125 Spiritum
1609 3053 1975 3124 intelligemus
1999 3093 2014 3119 ,
2067 3059 2255 3122 poste-

679 3150 826 3205 riora
854 3165 981 3205 vero
1011 3150 1130 3205 haec
1159 3158 1308 3214 sunt,
1341 3158 1395 3202 et
1423 3147 1528 3206 sub
1557 3155 1806 3215 tempore
1839 3145 2065 3207 cadunt,
2095 3145 2256 3213 plane

672 3259 785 3300 non
821 3246 896 3300 ab-
921 3254 1128 3300 aeterno
1177 3244 1446 3299 exsistere
1481 3243 1661 3311 ipsum
1711 3256 1777 3294 ex
1805 3239 1943 3295 Filio
1974 3240 2268 3315 quispiam
2281 3279 2324 3336 ο

676 3339 838 3394 dicet.
885 3336 1098 3403 Quodsi
1141 3352 1250 3390 non
1284 3339 1353 3390 ab
1398 3343 1606 3389 aeterno
1653 3347 1684 3388 a
1731 3330 1870 3388 Filio
1923 3334 1992 3388 ab
2046 3344 2252 3387 aeterno

673 3430 957 3486 exsisteus
990 3446 1018 3484 a
1069 3428 1270 3495 Patre,
1326 3428 1429 3483 ltoc
1481 3428 1628 3482 enim
1678 3439 1780 3481 nec
1831 3426 2134 3497 ipsetateri
2167 3443 2254 3482 re-

672 3531 860 3589 cusat,
903 3523 1186 3592 quomodo
1214 3522 1384 3578 dit-tio
1413 3520 1684 3575 exsistere
1719 3519 1786 3574 de
1805 3520 2023 3574 duobus
2049 3535 2253 3576 secun-

672 3616 804 3672 dum
837 3617 980 3669 idem
1007 3624 1246 3683 accepta,
1274 3613 1530 3668 eumdem
1579 3612 1842 3682 Spiritum
1882 3627 2024 3666 nunc
2061 3628 2284 3674 rursus.

2360 652 2484 706 ἐπεὶ
2509 654 2606 706 καὶ
2637 653 2786 723 παρὰ
2810 651 3022 721 Πατρὶς
3045 649 3241 712 οὕτως.
3261 648 3323 701 Et
3343 648 3400 702 δὲ
3423 645 3576 711 παρὰ
3604 643 3826 714 Πατρδς
3866 646 3976 714 μὲν

2359 745 2524 810 οὕτω,
2550 732 2786 814 πιρίδὲ
2818 743 2946 796 Υίοῦ
2993 742 3190 806 ἄλλως,
3221 739 3357 809 ἄλλη
3393 740 3558 794 πάλιν
3601 738 3974 809 βλασφημίας

2359 836 2563 906 ἀγχόνη
2595 833 2672 904 τῷ
2701 831 3034 903 Δημιουργῷ
3080 832 3422 899 «samum
3483 830 3596 881 τῶν
3647 827 3967 897 διαφορῶν.

2360 931 2436 986 Οὐ
2467 931 2575 1000 γὰρ
2606 928 2838 998 φυσικὸν
2870 925 3072 994 δοτῆρα
3104 925 3201 977 καὶ
3236 922 3473 993 χορηγὸν
3495 921 3590 972 τοῦ
3631 921 3971 989 linigero;

2359 1026 2452 1078 τὸν
2490 1024 2618 1077 Υίὸν
2649 1020 2973 1092 πρεσϐεύειν
3007 1015 3475 1087 διαγνωσθήσεται
3497 1055 3512 1076 ,
3561 1014 3863 1083 ὑπηρέτην
3908 1013 3968 1064 δὲ

2361 1117 2494 1179 ἴσως
2532 1118 2626 1170 καὶ
2681 1113 2996 1185 λειτουργδν
3039 1112 3138 1184 τῆς
3171 1111 3538 1184 φανερώσεως
3590 1104 3694 1159 καὶ
3738 1105 3976 1158 ἀναδεί-

2362 1205 2499 1270 ξεως

2434 1395 2523 1452 ια’.
2576 1416 2595 1448 ι
2653 1395 2949 1466 Ὑπάρχειν
2977 1394 3040 1446 ἐκ
3069 1390 3163 1445 τοῦ
3202 1390 3355 1455 Υιοῦ,
3394 1409 3416 1444 a
3449 1393 3604 1462 φησὶ,
3637 1410 3658 1442 ι
3691 1394 3753 1444 τὸ
3778 1388 3970 1446 Πνεῦ-

2363 1508 2438 1561 μα
2462 1488 2734 1560 Κύριλλος
2767 1490 3027 1559 εἴρηκεν,
3043 1485 3159 1538 ἀλλ’
3193 1485 3254 1538 οὐ
3309 1483 3378 1538 δι’
3411 1484 3584 1552 αὐτὴν
3629 1482 3799 1536 αὑτοῦ
3859 1482 3967 1549 τὴν

2359 1581 2637 1646 οῦσίωσιν,
2673 1578 2765 1632 διὰ
2792 1577 2849 1631 δὲ
2875 1577 2974 1650 τὴν
3031 1579 3096 1630 ὲκ
3130 1574 3226 1629 τοῦ
3280 1575 3596 1644 Πνεῦματος
3646 1572 3744 1627 τοῦ
3775 1576 3843 1625 ἐν
3879 1573 3963 1642 τῷ

2359 1673 2474 1743 Υἱῷ
2507 1672 2770 1742 μένοντος
2794 1669 3233 1734 ἁπολάμπουσαν
3275 1669 3391 1731 τοῖς
3425 1667 3646 1730 πιστοῐξ
3696 1667 3895 1738 χάριν.
3935 1683 3956 1716 s

2363 1769 2530 1837 Ἀλλη
2556 1767 2719 1820 πάλιν
2751 1764 2890 1834 αῦτη
2929 1763 3280 1834 βλασφημίας
3310 1760 3610 1830 ὑπερϐολή.
3641 1761 3705 1812 Εἰ
3737 1761 3856 1831 γὰρ
3893 1759 3967 1811 τὰ

2359 1861 2466 1914 τῶν
2500 1858 2889 1930 πνευματικῶν
2919 1857 3274 1928 χαρισμάτων
3295 1854 3719 1923 ἀποτελέσματα
3747 1855 3782 1922 ἡ
3820 1854 3971 1904 ἁπο-

2360 1956 2654 2026 λάμπουσα
2702 1954 2816 2016 τοῖς
2847 1952 3058 2013 πιστοῖς
3088 1951 3206 2002 ἐστι
3265 1949 3428 2019 χάρις
3455 1946 3550 2000 τοῦ
3607 1945 3910 2013 Πνεῦματο
3947 1985 3965 2007 ,

2362 2047 2458 2100 καὶ
2510 2047 2559 2097 εί
2609 2041 2782 2096 ταῦτα
2817 2041 2914 2112 μὲν
2949 2039 3323 2104 ἀνυπόστατα,
3359 2039 3394 2109 ἡ
3438 2037 3493 2090 δὲ
3525 2035 3619 2090 τοῦ
3648 2039 3713 2088 ὲκ
3738 2035 3968 2103 [lat-pb;

2361 2141 2455 2194 καὶ
2479 2136 2609 2192 Υίοῦ
2643 2136 2980 2208 ὑπάρχοντος
3004 2133 3143 2187 Πνεῦ
3154 2149 3322 2202 ματος
3347 2131 3542 2200 κλῆσις
3571 2128 3743 2182 ταῦτα
3763 2127 3926 2196 δήλοῐ
3949 2140 3963 2152 ·

2360 2229 2476 2292 πῶς
2505 2227 2624 2297 οὖχὶ
2656 2228 2751 2280 καὶ
2783 2226 2844 2278 τὸ
2872 2224 2932 2289 ἐξ
2960 2227 3166 2294 ἀμφοῖν
3197 2225 3442 2294 ὑπάρχον
3480 2220 3709 2290 Πνεῦμα
3741 2221 3959 2272 diruat-rp

2363 2321 2574 2384 στὰτως
2622 2320 2892 2390 ὑπάρχειν
2939 2318 3000 2384 ἐξ
3024 2315 3206 2369 αὐτῶν
3251 2315 3616 2386 νοηθήσεταις
3650 2314 3700 2365 εί
3727 2315 3807 2382 μή
3841 2329 3965 2373 πως

2359 2416 2454 2469 καὶ
2484 2412 2653 2468 πάλιν
2672 2413 2771 2483 τὴν
2809 2411 2985 2481 αὐτὴν
3017 2411 3113 2463 καὶ
3144 2409 3282 2480 μίαν
3312 2407 3510 2478 κλῆσιν
3556 2406 3653 2459 τοῦ
3695 2403 3962 2473 Πνεῦμα-

2359 2525 2447 2572 to;
2477 2509 2556 2569 είς
2585 2507 2873 2576 ἀμφότερα
2909 2505 3184 2574 διαιρήσει
3232 2501 3294 2554 τὸ
3316 2500 3450 2553 αὐτὸ
3491 2498 3722 2568 Πνεῦμα
3755 2499 3965 2549 ὲνυπο-

2360 2601 2568 2663 στάτως
2597 2599 2695 2669 μὲν
2729 2600 2794 2651 ἐκ
2818 2596 3052 2666 Πατρὺς,
3085 2594 3470 2654 ἁνυποστάτως
3498 2590 3546 2645 δ’
3599 2594 3664 2646 ὲκ
3696 2589 3792 2644 τοῦ
3824 2588 3960 2642 Tia-3

2357 2691 2756 2762 τερατολογῶν.
2819 2711 2837 2743 ι
2882 2690 3153 2761 ’Υπάρχει
3184 2690 3249 2741 ἐκ
3281 2687 3377 2740 τοῦ
3403 2685 3555 2748 Υίοῦ,
3592 2704 3610 2737 ι
3643 2686 3802 2754 φησ“·,
3844 2701 3864 2734 ι
3900 2683 3963 2734 τι

2358 2785 2605 2854 Πνεῦμα,
2638 2782 2756 2837 ἀλλ’
2784 2785 2915 2836 ὅταν
2967 2783 3043 2845 ὡς
3086 2780 3498 2852 χορηγούμενον
3528 2777 3765 2846 νοῶμεν,
3827 2778 3959 2828 ὅταν

2359 2877 2732 2946 πεμπόμενον,
2763 2876 2858 2930 καὶ
2882 2875 3184 2944 διδόμενον,
3228 2874 3358 2926 ὅταν
3384 2873 3479 2925 ἐπὶ
3497 2871 3556 2923 τὸ
3584 2869 3949 2924 ἀνακαινίσαι

2357 2968 2455 3039 τὴν
2481 2968 2658 3022 κτίσιν
2682 2969 3032 3037 ἐρχόμενον.»
3066 2967 3176 3019 Καὶ
3207 2967 3254 3017 εξ
3277 2966 3365 3018 ὅτε
3396 2962 3595 3028 ταῦτα,
3622 2962 3744 3014 τότε
3769 2962 3948 3029 ὑπάρ-

2358 3076 2474 3129 χειν
2504 3062 2566 3111 ὲκ
2597 3058 2692 3110 τοῦ
2740 3057 2870 3110 Υίοῦ
2904 3058 2965 3108 τὸ
3017 3055 3240 3124 Πνεῦμα
3297 3055 3590 3124 νοήσομεν,
3641 3051 3852 3120 ὕστερα
3893 3051 3954 3103 δὲ

2356 3153 2528 3204 ταῦτα
2547 3151 2640 3204 καὶ
2681 3150 2786 3203 ὑπὸ
2813 3150 3026 3221 χρόνον,
3052 3149 3174 3219 οὐχὶ
3201 3149 3295 3202 καὶ
3321 3147 3505 3210 ἀϊδίως
3532 3147 3802 3217 ὑπάρχειν
3838 3148 3955 3212 ἐρεῖ

2357 3263 2438 3309 τις
2461 3244 2592 3298 αὐτὸ
2617 3245 2681 3298 ἐκ
2704 3245 2799 3297 τοῦ
2851 3243 3001 3297 Υίοῦ.
3040 3243 3102 3294 Et
3127 3242 3184 3296 δὲ
3217 3242 3294 3311 μὴ
3347 3240 3532 3304 ἁῑδίως
3561 3242 3632 3295 ὲκ
3662 3241 3756 3294 τοῦ
3791 3239 3950 3305 Υἰοῦς,

2360 3337 2548 3401 ἀϊδίοις
2577 3337 2824 3409 ὑπάρχον
2849 3339 2911 3390 ἐκ
2939 3335 3035 3390 τοῦ
3061 3336 3295 3406 Πατρὸς,
3325 3335 3484 3388 τοῦτο
3513 3336 3621 3405 γὰρ
3647 3334 3760 3388 οὐδ’
3783 3334 3948 3395 αὐτὸς

2359 3431 2641 3500 ὁμολογεῖν
2697 3425 3060 3483 ἀναϐάλλεται
3087 3446 3103 3460 ο
3140 3429 3256 3490 πῶς
3287 3428 3321 3498 ή
3379 3427 3648 3498 ὑπάρχειιν
3681 3425 3824 3490 λέξις
3857 3427 3930 3478 επ

2358 3522 2563 3592 ἀμφοῖν
2596 3522 2901 3593 εἰλημμένη
2928 3526 3069 3575 κατά
3098 3521 3449 3590 ταυτὸν,οὑχὶ
3470 3521 3530 3573 τὸ
3560 3521 3695 3574 αὐτὸ
3725 3519 3944 3590 Πνεῦμα

2361 3617 2454 3668 καὶ
2479 3615 2640 3668 πάλιν
2674 3617 2753 3676 είς
2783 3618 2841 3668 τε»
2869 3614 3126 3684 ἐγχρονον
3154 3614 3249 3668 καὶ
3275 3613 3505 3684 ἄχρονον
3536 3613 3848 3685 διαιρήσεις

673 3715 729 3767 in
769 3711 901 3766 illud
917 3710 1062 3782 quod
1105 3710 1308 3779 absque
1339 3707 1603 3777 principio
1650 3714 1760 3772 est,
1787 3718 1842 3762 et
1869 3707 1921 3761 in
1959 3705 2087 3760 illud
2112 3706 2257 3777 quod
2281 3707 2385 3762 sub
2408 3708 2678 3777 principio
2705 3707 2869 3771 cadit,
2905 3723 3013 3760 non
3045 3705 3296 3760 dividet?

751 3807 840 3862 l2.
889 3827 909 3859 ι
950 3805 1028 3860 Ex
1077 3806 1269 3868 Patre,
1327 3822 1347 3854 ι
1397 3803 1617 3872 inquit,
1674 3819 1694 3853 ι
1731 3803 1967 3874 Cyrillus
2035 3801 2249 3864 scribit,

678 3897 951 3967 Spiritum
984 3894 1260 3966 ,progredi
1315 3892 1482 3948 veluti
1517 3908 1582 3946 ex
1623 3907 1720 3947 ore
1748 3932 1763 3957 ,
1815 3905 1868 3947 et
1897 3891 2045 3946 fonte
2069 3889 2249 3944 Patre.

677 3989 915 4044 Basilius
943 3987 1069 4042 item
1096 4003 1110 4041 :
1139 3985 1220 4040 Ex
1247 3985 1355 4040 Deo
1379 4000 1501 4039 esse
1522 3983 1724 4039 dieitur
1748 3983 1978 4053 Spiritus
2009 3994 2252 4048 sanctus,

680 4097 789 4137 non
819 4090 878 4135 ut
923 4088 1054 4136 sunt
1100 4079 1284 4133 omnia
1325 4093 1392 4133 ex
1436 4077 1568 4145 Deo,
1621 4079 1715 4134 sed
1765 4088 1822 4131 ut
1882 4093 1909 4130 a
1974 4074 2083 4129 Deo
2127 4091 2252 4145 pro-

679 4173 932 4244 grediens
962 4211 978 4236 ,
1029 4186 1135 4225 non
1187 4171 1349 4225 modo
1401 4170 1770 4241 generationis
1808 4177 1866 4222 ut
1906 4167 2125 4232 Filius,
2157 4167 2249 4222 sed

681 4276 740 4320 ttt
767 4263 1007 4336 Spiritus
1032 4265 1145 4319 oris
1195 4263 1363 4317 illius.
1399 4282 1417 4314 ι
1482 4265 1551 4316 At
1585 4265 1825 4316 nondum
1857 4262 2046 4328 capio,
2087 4275 2250 4328 quam

679 4361 782 4415 ista
817 4360 870 4413 in
914 4374 975 4414 se
1015 4357 1299 4412 continere
1327 4356 1590 4411 adversus
1636 4364 1822 4410 nostta
1855 4355 1997 4408 dicta
2031 4362 2252 4408 contra-

679 4453 929 4507 rietatem
991 4452 1286 4506 existimet.
1342 4449 1557 4506 Etenim
1589 4451 1633 4504 si
1671 4465 1737 4503 ex
1769 4463 1864 4504 ore
1905 4447 2253 4518 progreditur

2431 3801 2518 3870 ιβ’.
2556 3820 2574 3852 ι
2621 3801 2717 3855 Ἐκ
2754 3803 2988 3872 Πατρὸς,
3027 3819 3046 3852 ι
3104 3801 3260 3871 φησὶ,
3304 3819 3323 3852 ι
3353 3802 3602 3872 προϊέναι
3627 3800 3688 3852 τδ
3721 3799 3944 3870 Πνεῦμα

2357 3894 2627 3983 Κύρέλλος
2658 3896 2885 3966 γράφει,
2916 3895 2990 3958 ὡς
3020 3895 3128 3948 ἀπὸ
3157 3897 3426 3965 στόματος
3454 3899 3552 3948 καὶ
3592 3897 3667 3958 ὡς
3698 3898 3804 3950 ἀπὸ
3834 3913 3943 3964 tm.-

2355 3991 2460 4060 γῆς
2483 3987 2578 4041 τοῦ
2611 3988 2842 4060 Πατρός.
2880 3988 2988 4041 Καὶ
3018 3989 3299 4052 Βασίλειος
3330 3989 3524 4060 πάλιν·
3561 3990 3657 4043 Ἐκ
3678 3989 3769 4044 τοῦ
3804 3990 3936 4044 Θειῦ

2359 4077 2496 4133 εἶναι
2529 4081 2746 4148 λέγεται
2782 4080 2844 4132 τὸ
2886 4081 3110 4152 Πνεῦμα
3145 4082 3204 4134 τὸ
3226 4081 3404 4150 ἅγιον,
3437 4083 3533 4150 οὐχ
3565 4084 3640 4146 ὡς
3668 4086 3735 4136 τὰ
3766 4084 3937 4137 πάντα

2359 4177 2424 4228 ἐκ
2448 4175 2544 4228 τοῦ
2571 4174 2705 4227 Θεοῦ
2755 4174 3038 4244 προελθὸν,
3074 4174 3136 4226 οὐ
3160 4173 3437 4244 γεννητῶς
3484 4173 3558 4236 ὡς
3589 4175 3617 4225 ὁ
3652 4174 3799 4238 Υίδς,
3821 4175 3936 4228 ἀλλ’

2358 4268 2435 4332 ὼς
2488 4265 2713 4335 Πνεῦμα
2757 4266 3030 4334 στόματος
3077 4265 3268 4320 αὐτοῦ.
3298 4285 3328 4317 ·›
3372 4266 3482 4318 Καὶ
3515 4267 3617 4318 οὐκ
3653 4263 3772 4320 οἴδα
3813 4270 3930 4320 τινα

2359 4360 2536 4415 ταῦτα
2556 4361 2656 4430 τὴν
2681 4360 3034 4428 ἐναντιότητα
3067 4361 3202 4428 προς
3231 4358 3321 4411 τὸν
3350 4358 3620 4428 ἡμέτερον
3662 4358 3806 4430 ἔχειν
3828 4361 3937 4413 01's-

2361 4472 2451 4508 ται
2492 4454 2671 4522 λόγον.
2725 4453 2785 4506 Εἰ
2805 4453 2914 4522 γὰρ
2939 4452 3021 4505 ὃτι
3045 4452 3122 4515 ὡς
3155 4451 3262 4506 ἀπὸ
3290 4453 3562 4522 στόματος
3594 4455 3804 4534 πρόεισι
3840 4453 3932 4506 τοῦ

677 4544 856 4603 Patris
883 4544 1144 4613 Spiritus,
1169 4553 1225 4599 et
1253 4543 1367 4598 oris
1401 4541 1579 4596 Patris
1603 4539 1838 4612 Spiritus
1858 4548 1962 4605 est,
1991 4555 2057 4593 ex
2093 4538 2250 4592 Patre

2359 4547 2572 4617 Πατρδς
2595 4546 2654 4598 τὸ
2687 4543 2912 4612 Πνεῦμα
2937 4544 3205 4614 στόματος
3239 4543 3300 4597 ὃν
3328 4542 3424 4596 τοῦ
3455 4533 3705 4613 Πατρὸς,
3750 4533 3840 4615 τὴὶι
3869 4548 3932 4600 ἐκ

677 4637 1056 4695 exsistentiam
1081 4636 1265 4699 habet,
1287 4635 1451 4688 utille
1478 4634 1573 4696 ait,
1607 4641 1834 4697 etsunt,
1863 4647 1985 4701 qua:
2012 4629 2145 4685 dicit
2193 4637 2252 4683 ut

674 4731 828 4785 dicit.
855 4729 917 4782 Et
935 4729 982 4784 si
1002 4745 1066 4783 ex
1082 4727 1190 4782 Deo
1219 4743 1342 4784 esse
1360 4726 1642 4790 asseritur,
1660 4735 1915 4794 tanquam
1937 4725 2030 4794 qui
2054 4737 2120 4777 ex
2145 4722 2254 4778 Deo

676 4836 1005 4893 progressus
1047 4829 1130 4875 cst
1158 4860 1174 4886 ,
1215 4831 1271 4875 et
1297 4828 1356 4874 ut
1388 4818 1629 4888 Spiritus
1662 4817 1775 4870 oris
1807 4815 1924 4879 Dei,
1955 4816 2065 4885 jam
2098 4829 2258 4884 aper-

677 4923 793 4970 tum
829 4923 1079 4969 remanet
1108 4915 1273 4968 etiam
1307 4928 1374 4968 ex
1420 4911 1560 4967 Filio
1589 4926 1712 4966 esse
1737 4949 1753 4977 ,
1804 4919 1858 4964 et
1887 4925 1950 4964 ex
1983 4907 2120 4963 Filio
2154 4909 2256 4962 Ita-

677 5013 811 5064 bere
881 5005 1268 5062 exsistentiam
1313 5005 1385 5058 ab
1437 5017 1596 5073 atquo
1641 5003 1828 5073 judice
1893 5002 2254 5069 reputabitur,

678 5112 941 5171 tanquam
1003 5101 1099 5170 qui
1147 5115 1214 5154 ex
1261 5097 1408 5154 Filio
1460 5096 1848 5168 progreditur,
1916 5104 1971 5148 et
2018 5091 2256 5164 Spiritus

679 5195 794 5250 oris
825 5193 948 5248 Filii
980 5203 1089 5248 est.
1146 5191 1227 5254 Si,
1262 5206 1391 5245 vero
1445 5191 1574 5260 quia
1631 5188 1755 5243 fons
1816 5188 2051 5257 Spiritus
2094 5186 2256 5241 Pater

679 5299 766 5343 est
792 5329 807 5354 ,
845 5298 1140 5358 propterea
1191 5300 1256 5339 ex
1314 5282 1473 5338 Patre
1503 5282 1746 5352 Spiritus
1781 5292 1900 5347 est,
1949 5297 2119 5352 quare
2146 5296 2252 5336 non

677 5391 732 5434 et
765 5397 793 5433 a
824 5378 984 5442 Filio,
1018 5391 1142 5431 cum
1180 5377 1381 5431 eaedem
1433 5369 1733 5445 Scriptura:
1765 5374 1968 5430 fontem
2007 5373 2252 5445 ejusdem

681 5472 921 5543 Spiritus
946 5468 1148 5523 Filium
1181 5467 1587 5537 deprazdicant?

755 5656 846 5709 15.
901 5652 1008 5707 Sed
1072 5653 1296 5708 accedat
1349 5649 1770 5712 Tlteodoretus,
1823 5659 1879 5704 et
1928 5647 2261 5703 Theodoreti

682 5747 1107 5816 increpationes.
1155 5744 1387 5811 Quando
1426 5759 1546 5815 qua:
1571 5743 1613 5798 Τ
1620 5743 1952 5799 lteodoretus
1998 5744 2261 5798 adversus

683 5838 1220 5911 (Lyrillumscripsit,
1257 5835 1344 5892 bis
1398 5836 1582 5892 verbis
1615 5850 1871 5906 expressa
1905 5854 1917 5890 :
1957 5855 1974 5888 ι
2010 5834 2166 5902 Quod
2213 5837 2259 5891 si

2356 4637 2570 4707 Πατρὺς
2600 4634 2833 4706 ὓπαρξιν
2865 4634 2977 4704 ἔχει
3005 4635 3149 4687 κατὰ
3193 4635 3281 4688 τὸν
3305 4634 3533 4703 λέγοντα
3566 4636 3661 4690 καὶ
3708 4638 3799 4689 ἐπὶ
3816 4640 3933 4690 τοί-

2355 4737 2468 4789 τοις
2499 4725 2715 4795 ἀληθῶς
2745 4722 3104 4794 ἀληθεύοντα.
3139 4725 3250 4780 Καὶ
3275 4727 3323 4778 εί
3353 4726 3419 4777 ὲκ
3468 4725 3565 4777 τοῦ
3610 4725 3749 4779 Θεοῦ
3796 4724 3932 4780 εἶναι

2355 4816 2721 4887 ὁμολογεῖται,
2749 4815 2823 4876 ὠς
2851 4816 2917 4867 ὲκ
2952 4815 3046 4866 τοῦ
3081 4813 3217 4866 Θεοῦ
3239 4814 3526 4885 προελθὸν,
3553 4817 3647 4869 καὶ
3675 4816 3750 4879 ὡς
3773 4817 3932 4870 Πνεῦ-

2361 4928 2436 4980 μα
2471 4909 2740 4978 στόματος
2775 4906 2868 4960 τοῦ
2910 4907 3069 4972 Θεοῦ,
3092 4907 3316 4978 εὔδηλον
3347 4908 3424 4970 ὡς
3458 4914 3552 4962 καὶ
3582 4911 3645 4962 ἐκ
3680 4910 3772 4962 τοῦ
3802 4909 3925 4964 Υἰοῦ

2359 4998 2519 5068 εἶναι,
2552 5001 2647 5054 καὶ
2675 5001 2773 5070 τὴν
2797 4999 2856 5064 ἐξ
2889 4999 3021 5052 Υίοῦ
3060 4999 3207 5070 ἔχειν
3245 5000 3322 5070 τῷ
3336 4999 3775 5071 εὐγνωμονοῦντι
3806 5003 3929 5071 ὁμο-

2359 5095 2728 5164 λογηθήσεται
2788 5090 3046 5161 ὓπαρξιν,
3087 5093 3162 5154 ὡς
3199 5092 3295 5144 καὶ
3325 5093 3388 5144 ὲιι
3419 5093 3515 5145 τοῦ
3569 5093 3699 5145 Υίοῦ
3729 5095 3926 5166 προῖὸν,

2360 5186 2455 5239 καὶ
2514 5185 2738 5252 Πνεῦμα
2794 5173 3062 5251 στὸμαῖος
3105 5183 3167 5237 ὃν
3211 5184 3305 5236 τοῦ
3356 5184 3514 5237 Υίοῦ.
3551 5184 3616 5238 Et
3660 5184 3706 5238 δ’
3733 5187 3809 5239 ὅτι
3843 5187 3928 5240 καὶ

2364 5277 2514 5346 πηγὴ
2544 5277 2636 5329 τοῦ
2667 5277 2982 5345 Πνεῦματος
3012 5279 3040 5328 ὁ
3063 5279 3255 5347 Πατήρ
3285 5280 3423 5342 ἐστι,
3450 5277 3540 5330 διὰ
3573 5277 3729 5332 τοῦτο
3755 5281 3812 5331 ὲκ
3836 5279 3924 5334 τοῦ

2363 5369 2577 5438 Πατρδς
2604 5367 2664 5421 τὸ
2693 5368 2939 5438 Πνεῦμα,
2975 5368 3090 5433 πῶς
3113 5370 3233 5438 οὐχὶ
3257 5371 3351 5421 καὶ
3375 5373 3437 5422 ἐκ
3467 5369 3562 5423 τοῦ
3598 5370 3752 5436 Υίοῦ,
3782 5374 3924 5444 εἴπερ

2363 5461 2420 5513 αἱ
2441 5461 2604 5514 αὐταὶ
2636 5460 2854 5531 Γραφαὶ
2878 5461 3062 5532 πηγὴν
3095 5460 3188 5514 τοῦ
3245 5461 3414 5515 αὑτοῦ
3451 5463 3764 5533 Πνεῦματος
3809 5465 3926 5519 ἁνα-

2364 5553 2697 5624 κηρῦττουσι
2721 5555 2813 5606 τὸν
2855 5554 2981 5606 Υἰόν
3005 5570 3020 5620 ;

2436 5654 2525 5714 ιγ’.
2591 5647 2754 5700 Ἀλλὰ
2787 5647 3002 5718 παρίτω
3052 5651 3147 5704 καὶ
3188 5649 3555 5721 Θεοδώρητος,
3603 5653 3698 5706 καὶ
3730 5655 3783 5706 αἱ
3809 5654 3928 5708 Θεο-

2363 5746 2609 5815 δωρήτου
2645 5747 3022 5816 ἐπιτιμήσεις.
3076 5747 3229 5800 Ἐπεὶ
3261 5750 3372 5820 γὰρ
3415 5749 3451 5801 ἆ
3488 5750 3630 5802 κατὰ
3678 5752 3925 5823 Κυρίλλου

2365 5837 2713 5908 Θεοδώρητος
2763 5838 2868 5910 ἔφη
2903 5839 3097 5905 αὐταῖς
3145 5837 3290 5893 οὕτω
3327 5839 3507 5904 λέξεσι
3566 5842 3743 5911 λέγων
3768 5863 3782 5878 ο
3822 5864 3839 5897 ι
3874 5847 3926 5901 Ei
