  <div class='ocr_page' id='page_1' title='image "/cluster/home/n/w/nwhite01/storage/ocr_20150623/141/pst.000005714575/466.png"; bbox 0 0 4150 6506; ppageno 0'>
   <div class='ocr_carea' id='block_1_1' title="bbox 165 513 302 584">
    <p class='ocr_par' dir='ltr' id='par_1_1' title="bbox 165 513 302 584">
     <span class='ocr_line' id='line_1_1' title="bbox 165 513 302 584; baseline 0.044 -6"><span class='ocrx_word' id='word_1_1' title='bbox 165 513 302 584; x_wconf 74' lang='lat'><strong>913</strong></span> 
     </span>
    </p>
   </div>
   <div class='ocr_carea' id='block_1_2' title="bbox 1122 527 2469 594">
    <p class='ocr_par' dir='ltr' id='par_1_2' title="bbox 1122 527 2469 594">
     <span class='ocr_line' id='line_1_2' title="bbox 1122 527 2469 594; baseline 0.005 -9"><span class='ocrx_word' id='word_1_2' title='bbox 1122 527 1585 593; x_wconf 61' lang='lat' dir='ltr'><strong>REFUTATle</strong></span> <span class='ocrx_word' id='word_1_3' title='bbox 1599 533 1671 591; x_wconf 79' lang='lat' dir='ltr'><strong>LI</strong></span> <span class='ocrx_word' id='word_1_4' title='bbox 1684 533 1776 590; x_wconf 76' lang='lat' dir='ltr'><strong>BH</strong></span> <span class='ocrx_word' id='word_1_5' title='bbox 1790 531 1828 590; x_wconf 67' lang='lat' dir='ltr'><strong>l&quot;</strong></span> <span class='ocrx_word' id='word_1_6' title='bbox 1853 531 2173 594; x_wconf 79' lang='lat' dir='ltr'><strong>GEORGII</strong></span> <span class='ocrx_word' id='word_1_7' title='bbox 2217 535 2469 594; x_wconf 77' lang='lat' dir='ltr'><strong>CYPRII</strong></span> 
     </span>
    </p>
   </div>
   <div class='ocr_carea' id='block_1_3' title="bbox 3340 535 3448 599">
    <p class='ocr_par' dir='ltr' id='par_1_3' title="bbox 3340 535 3448 599">
     <span class='ocr_line' id='line_1_3' title="bbox 3340 535 3448 599; baseline -0.009 0"><span class='ocrx_word' id='word_1_8' title='bbox 3340 535 3448 599; x_wconf 70' lang='lat' dir='ltr'><strong>9H</strong></span> 
     </span>
    </p>
   </div>
   <div class='ocr_carea' id='block_1_4' title="bbox 165 629 1773 715">
    <p class='ocr_par' dir='ltr' id='par_1_4' title="bbox 165 629 1770 710">
     <span class='ocr_line' id='line_1_4' title="bbox 165 629 1770 710; baseline 0.008 -29"><span class='ocrx_word' id='word_1_9' title='bbox 165 630 298 699; x_wconf 66' lang='grc' dir='ltr'><strong>μὲν</strong></span> <span class='ocrx_word' id='word_1_10' title='bbox 329 629 418 684; x_wconf 74' lang='grc' dir='ltr'><strong>διὰ</strong></span> <span class='ocrx_word' id='word_1_11' title='bbox 446 632 607 686; x_wconf 83' lang='grc' dir='ltr'><strong>τοῦτο</strong></span> <span class='ocrx_word' id='word_1_12' title='bbox 655 633 787 687; x_wconf 74' lang='grc' dir='ltr'><strong>[διον</strong></span> <span class='ocrx_word' id='word_1_13' title='bbox 820 633 913 688; x_wconf 89' lang='grc' dir='ltr'><strong>τοῦ</strong></span> <span class='ocrx_word' id='word_1_14' title='bbox 945 635 1077 690; x_wconf 90' lang='grc' dir='ltr'><strong>Υίοῦ</strong></span> <span class='ocrx_word' id='word_1_15' title='bbox 1128 638 1232 706; x_wconf 77' lang='grc' dir='ltr'><strong>ἔφη</strong></span> <span class='ocrx_word' id='word_1_16' title='bbox 1281 640 1340 692; x_wconf 73' lang='grc' dir='ltr'><strong>τὸ</strong></span> <span class='ocrx_word' id='word_1_17' title='bbox 1381 641 1630 710; x_wconf 89' lang='grc' dir='ltr'><strong>Πνεῦμα,</strong></span> <span class='ocrx_word' id='word_1_18' title='bbox 1689 643 1770 694; x_wconf 75' lang='grc' dir='ltr'><strong>ὅτι</strong></span> 
     </span>
    </p>
   </div>
   <div class='ocr_carea' id='block_1_5' title="bbox 1880 629 3450 715">
    <p class='ocr_par' dir='ltr' id='par_1_5' title="bbox 1880 643 3450 715">
     <span class='ocr_line' id='line_1_5' title="bbox 1880 643 3450 715; baseline 0.003 -19"><span class='ocrx_word' id='word_1_19' title='bbox 1880 653 2095 712; x_wconf 78' lang='lat' dir='ltr'><strong>propter</strong></span> <span class='ocrx_word' id='word_1_20' title='bbox 2113 643 2214 699; x_wconf 91' lang='lat' dir='ltr'><strong>hoc</strong></span> <span class='ocrx_word' id='word_1_21' title='bbox 2235 647 2484 715; x_wconf 87' lang='lat' dir='ltr'><strong>proprius</strong></span> <span class='ocrx_word' id='word_1_22' title='bbox 2501 644 2617 699; x_wconf 83' lang='lat' dir='ltr'><strong>Filii</strong></span> <span class='ocrx_word' id='word_1_23' title='bbox 2648 643 2885 714; x_wconf 76' lang='lat' dir='ltr'><strong>Spiritus</strong></span> <span class='ocrx_word' id='word_1_24' title='bbox 2907 654 3011 711; x_wconf 87' lang='lat' dir='ltr'><strong>est,</strong></span> <span class='ocrx_word' id='word_1_25' title='bbox 3034 644 3178 714; x_wconf 91' lang='lat' dir='ltr'><strong>quod</strong></span> <span class='ocrx_word' id='word_1_26' title='bbox 3201 644 3450 714; x_wconf 75' lang='lat' dir='ltr'><strong>ejusdem</strong></span> 
     </span>
    </p>
   </div>
   <div class='ocr_carea' id='block_1_6' title="bbox 164 723 1772 817">
    <p class='ocr_par' dir='ltr' id='par_1_6' title="bbox 164 723 1772 817">
     <span class='ocr_line' id='line_1_6' title="bbox 164 723 1772 817; baseline 0.007 -42"><span class='ocrx_word' id='word_1_27' title='bbox 164 723 432 790; x_wconf 77' lang='grc' dir='ltr'><strong>ὁμοφυὲς</strong></span> <span class='ocrx_word' id='word_1_28' title='bbox 486 727 584 779; x_wconf 71' lang='grc' dir='ltr'><strong>καὶ</strong></span> <span class='ocrx_word' id='word_1_29' title='bbox 613 727 677 778; x_wconf 82' lang='grc' dir='ltr'>ἐκ</span> <span class='ocrx_word' id='word_1_30' title='bbox 725 727 936 797; x_wconf 86' lang='grc' dir='ltr'><strong>Πατρδς</strong></span> <span class='ocrx_word' id='word_1_31' title='bbox 970 731 1432 817; x_wconf 80' lang='grc' dir='ltr'><strong>ὲκπορευόμενρν,</strong></span> <span class='ocrx_word' id='word_1_32' title='bbox 1483 734 1772 803; x_wconf 82' lang='grc' dir='ltr'>συνομολο-</span> 
     </span>
    </p>
   </div>
   <div class='ocr_carea' id='block_1_7' title="bbox 161 812 1774 894">
    <p class='ocr_par' dir='ltr' id='par_1_7' title="bbox 161 812 1774 894">
     <span class='ocr_line' id='line_1_7' title="bbox 161 812 1774 894; baseline 0.006 -26"><span class='ocrx_word' id='word_1_33' title='bbox 161 816 543 884; x_wconf 77' lang='grc' dir='ltr'><strong>γήσομενέί</strong></span> <span class='ocrx_word' id='word_1_34' title='bbox 576 818 726 871; x_wconf 80' lang='grc' dir='ltr'><strong>δ’ὄτι</strong></span> <span class='ocrx_word' id='word_1_35' title='bbox 777 821 838 884; x_wconf 78' lang='grc' dir='ltr'><strong>ἐξ</strong></span> <span class='ocrx_word' id='word_1_36' title='bbox 869 821 1016 873; x_wconf 85' lang='grc' dir='ltr'><strong>-Υίοῦ</strong></span> <span class='ocrx_word' id='word_1_37' title='bbox 1065 822 1164 891; x_wconf 84' lang='grc' dir='ltr'><strong>τὴν</strong></span> <span class='ocrx_word' id='word_1_38' title='bbox 1219 812 1455 890; x_wconf 41' lang='grc' dir='ltr'><strong>’ὓπαρξιν</strong></span> <span class='ocrx_word' id='word_1_39' title='bbox 1499 825 1640 894; x_wconf 81' lang='grc' dir='ltr'><strong>ἔχει,</strong></span> <span class='ocrx_word' id='word_1_40' title='bbox 1698 827 1774 888; x_wconf 82' lang='grc' dir='ltr'>ὡς</span> 
     </span>
    </p>
   </div>
   <div class='ocr_carea' id='block_1_8' title="bbox 165 907 1773 988">
    <p class='ocr_par' dir='ltr' id='par_1_8' title="bbox 165 907 1773 988">
     <span class='ocr_line' id='line_1_8' title="bbox 165 907 1773 988; baseline 0.009 -31"><span class='ocrx_word' id='word_1_41' title='bbox 165 907 522 977; x_wconf 73' lang='grc' dir='ltr'><strong>βλάσφημον</strong></span> <span class='ocrx_word' id='word_1_42' title='bbox 572 911 732 963; x_wconf 86' lang='grc' dir='ltr'><strong>τοῦτο</strong></span> <span class='ocrx_word' id='word_1_43' title='bbox 759 914 853 966; x_wconf 74' lang='grc' dir='ltr'><strong>καὶ</strong></span> <span class='ocrx_word' id='word_1_44' title='bbox 885 913 1144 977; x_wconf 78' lang='grc' dir='ltr'><strong>δυσσεϐὲς</strong></span> <span class='ocrx_word' id='word_1_45' title='bbox 1198 917 1596 988; x_wconf 64' lang='grc' dir='ltr'><strong>ἀπορρίψομεν,</strong></span> <span class='ocrx_word' id='word_1_46' title='bbox 1638 937 1656 969; x_wconf 74' lang='grc' dir='ltr'><strong>ι</strong></span> <span class='ocrx_word' id='word_1_47' title='bbox 1693 921 1773 984; x_wconf 90' lang='grc' dir='ltr'>εἰς</span> 
     </span>
    </p>
   </div>
   <div class='ocr_carea' id='block_1_9' title="bbox 165 999 1772 1080">
    <p class='ocr_par' dir='ltr' id='par_1_9' title="bbox 165 999 1772 1080">
     <span class='ocr_line' id='line_1_9' title="bbox 165 999 1772 1080; baseline 0.006 -28"><span class='ocrx_word' id='word_1_48' title='bbox 165 1001 521 1070; x_wconf 81' lang='grc' dir='ltr'><strong>συμμαχίαν</strong></span> <span class='ocrx_word' id='word_1_49' title='bbox 576 999 730 1067; x_wconf 72' lang='grc' dir='ltr'><strong>οὗτος</strong></span> <span class='ocrx_word' id='word_1_50' title='bbox 760 1006 1146 1074; x_wconf 78' lang='grc' dir='ltr'><strong>προϐάλλεται,</strong></span> <span class='ocrx_word' id='word_1_51' title='bbox 1209 1009 1375 1078; x_wconf 82' lang='grc' dir='ltr'><strong>μηδὲν</strong></span> <span class='ocrx_word' id='word_1_52' title='bbox 1406 1012 1554 1080; x_wconf 80' lang='grc' dir='ltr'><strong>αὐτῷ</strong></span> <span class='ocrx_word' id='word_1_53' title='bbox 1590 1011 1772 1078; x_wconf 74' lang='grc' dir='ltr'>μέλον,</span> 
     </span>
    </p>
   </div>
   <div class='ocr_carea' id='block_1_10' title="bbox 162 1094 1774 1173">
    <p class='ocr_par' dir='ltr' id='par_1_10' title="bbox 162 1094 1774 1173">
     <span class='ocr_line' id='line_1_10' title="bbox 162 1094 1774 1173; baseline 0.009 -29"><span class='ocrx_word' id='word_1_54' title='bbox 162 1094 264 1144; x_wconf 82' lang='grc' dir='ltr'><strong>ὃτι</strong></span> <span class='ocrx_word' id='word_1_55' title='bbox 295 1095 600 1162; x_wconf 70' lang='grc' dir='ltr'><strong>ἀναθέματι</strong></span> <span class='ocrx_word' id='word_1_56' title='bbox 630 1099 1030 1170; x_wconf 70' lang='grc' dir='ltr'><strong>παρεδόθησαν.</strong></span> <span class='ocrx_word' id='word_1_57' title='bbox 1055 1104 1178 1166; x_wconf 84' lang='grc' dir='ltr'><strong>Πῶς</strong></span> <span class='ocrx_word' id='word_1_58' title='bbox 1209 1104 1341 1173; x_wconf 78' lang='grc' dir='ltr'><strong>γὰρ,</strong></span> <span class='ocrx_word' id='word_1_59' title='bbox 1365 1104 1423 1167; x_wconf 81' lang='grc' dir='ltr'><strong>ὃς</strong></span> <span class='ocrx_word' id='word_1_60' title='bbox 1447 1105 1649 1159; x_wconf 78' lang='grc' dir='ltr'><strong>οὐδὲτὸ</strong></span> <span class='ocrx_word' id='word_1_61' title='bbox 1667 1106 1774 1159; x_wconf 79' lang='grc' dir='ltr'><strong>ἀπὸ</strong></span> 
     </span>
    </p>
   </div>
   <div class='ocr_carea' id='block_1_11' title="bbox 160 1185 1775 1270">
    <p class='ocr_par' dir='ltr' id='par_1_11' title="bbox 160 1185 1775 1270">
     <span class='ocr_line' id='line_1_11' title="bbox 160 1185 1775 1270; baseline 0.009 -35"><span class='ocrx_word' id='word_1_62' title='bbox 160 1185 299 1237; x_wconf 84' lang='grc' dir='ltr'><strong>τῶν</strong></span> <span class='ocrx_word' id='word_1_63' title='bbox 325 1188 567 1270; x_wconf 81' lang='grc' dir='ltr'><strong>κανόνων</strong></span> <span class='ocrx_word' id='word_1_64' title='bbox 591 1194 701 1252; x_wconf 84' lang='grc' dir='ltr'><strong>τοῖς</strong></span> <span class='ocrx_word' id='word_1_65' title='bbox 735 1193 969 1262; x_wconf 83' lang='grc' dir='ltr'><strong>ἀνιέρως</strong></span> <span class='ocrx_word' id='word_1_66' title='bbox 999 1196 1064 1248; x_wconf 77' lang='grc' dir='ltr'><strong>τὰ</strong></span> <span class='ocrx_word' id='word_1_67' title='bbox 1092 1197 1211 1267; x_wconf 74' lang='grc' dir='ltr'><strong>ῑερὰ</strong></span> <span class='ocrx_word' id='word_1_68' title='bbox 1239 1198 1775 1269; x_wconf 76' lang='grc' dir='ltr'><strong>μεταχειριζομένοις</strong></span> 
     </span>
    </p>
   </div>
   <div class='ocr_carea' id='block_1_12' title="bbox 161 1279 1772 1362">
    <p class='ocr_par' dir='ltr' id='par_1_12' title="bbox 161 1279 1772 1362">
     <span class='ocr_line' id='line_1_12' title="bbox 161 1279 1772 1362; baseline 0.011 -34"><span class='ocrx_word' id='word_1_69' title='bbox 161 1279 563 1349; x_wconf 73' lang='grc' dir='ltr'><strong>ἔπισειὸμενον</strong></span> <span class='ocrx_word' id='word_1_70' title='bbox 589 1282 794 1337; x_wconf 77' lang='grc' dir='ltr'><strong>δέδοικε</strong></span> <span class='ocrx_word' id='word_1_71' title='bbox 821 1286 898 1354; x_wconf 86' lang='grc' dir='ltr'><strong>τῷ</strong></span> <span class='ocrx_word' id='word_1_72' title='bbox 942 1289 1376 1360; x_wconf 85' lang='grc' dir='ltr'><strong>πλημμελήματι</strong></span> <span class='ocrx_word' id='word_1_73' title='bbox 1417 1292 1772 1362; x_wconf 77' lang='grc' dir='ltr'><strong>ἐνεχόμενος;</strong></span> 
     </span>
    </p>
   </div>
   <div class='ocr_carea' id='block_1_13' title="bbox 163 1369 1776 1448">
    <p class='ocr_par' dir='ltr' id='par_1_13' title="bbox 163 1369 1776 1448">
     <span class='ocr_line' id='line_1_13' title="bbox 163 1369 1776 1448; baseline 0.01 -27"><span class='ocrx_word' id='word_1_74' title='bbox 163 1369 411 1447; x_wconf 72' lang='grc' dir='ltr'><strong>ἴδωμεν,</strong></span> <span class='ocrx_word' id='word_1_75' title='bbox 451 1374 500 1424; x_wconf 81' lang='grc' dir='ltr'>εἰ</span> <span class='ocrx_word' id='word_1_76' title='bbox 537 1378 612 1446; x_wconf 76' lang='grc' dir='ltr'><strong>μὴ</strong></span> <span class='ocrx_word' id='word_1_77' title='bbox 637 1373 710 1431; x_wconf 70' lang='lat' dir='ltr'><strong>ti);</strong></span> <span class='ocrx_word' id='word_1_78' title='bbox 760 1376 854 1428; x_wconf 79' lang='grc' dir='ltr'><strong>ἐπὶ</strong></span> <span class='ocrx_word' id='word_1_79' title='bbox 881 1377 1196 1448; x_wconf 79' lang='grc' dir='ltr'><strong>καλαμίνης</strong></span> <span class='ocrx_word' id='word_1_80' title='bbox 1229 1381 1430 1448; x_wconf 68' lang='grc' dir='ltr'><strong>ρἀδου</strong></span> <span class='ocrx_word' id='word_1_81' title='bbox 1456 1383 1565 1435; x_wconf 81' lang='grc' dir='ltr'><strong>τῶν</strong></span> <span class='ocrx_word' id='word_1_82' title='bbox 1598 1385 1776 1437; x_wconf 76' lang='grc' dir='ltr'><strong>ἐπιτι-</strong></span> 
     </span>
    </p>
   </div>
   <div class='ocr_carea' id='block_1_14' title="bbox 170 1461 1769 1543">
    <p class='ocr_par' dir='ltr' id='par_1_14' title="bbox 170 1461 1769 1543">
     <span class='ocr_line' id='line_1_14' title="bbox 170 1461 1769 1543; baseline 0.009 -32"><span class='ocrx_word' id='word_1_83' title='bbox 170 1461 416 1529; x_wconf 81' lang='grc' dir='ltr'><strong>μήσεων</strong></span> <span class='ocrx_word' id='word_1_84' title='bbox 436 1464 641 1518; x_wconf 88' lang='grc' dir='ltr'><strong>τούτων</strong></span> <span class='ocrx_word' id='word_1_85' title='bbox 670 1467 1013 1538; x_wconf 80' lang='grc' dir='ltr'><strong>ἐστήρικται.</strong></span> <span class='ocrx_word' id='word_1_86' title='bbox 1073 1490 1090 1522; x_wconf 77' lang='grc' dir='ltr'><strong>ι</strong></span> <span class='ocrx_word' id='word_1_87' title='bbox 1124 1471 1475 1543; x_wconf 85' lang='grc' dir='ltr'><strong>Θεοδώρητον</strong></span> <span class='ocrx_word' id='word_1_88' title='bbox 1502 1473 1703 1538; x_wconf 79' lang='grc' dir='ltr'>καλῶς,</span> <span class='ocrx_word' id='word_1_89' title='bbox 1751 1494 1769 1526; x_wconf 73' lang='grc' dir='ltr'><strong>ι</strong></span> 
     </span>
    </p>
   </div>
   <div class='ocr_carea' id='block_1_15' title="bbox 165 1558 1775 1636">
    <p class='ocr_par' dir='ltr' id='par_1_15' title="bbox 165 1558 1775 1636">
     <span class='ocr_line' id='line_1_15' title="bbox 165 1558 1775 1636; baseline 0.009 -31"><span class='ocrx_word' id='word_1_90' title='bbox 165 1558 377 1622; x_wconf 76' lang='grc' dir='ltr'><strong>φησὶν,</strong></span> <span class='ocrx_word' id='word_1_91' title='bbox 422 1575 442 1608; x_wconf 76' lang='grc' dir='ltr'><strong>ι</strong></span> <span class='ocrx_word' id='word_1_92' title='bbox 479 1560 1005 1629; x_wconf 80' lang='grc' dir='ltr'><strong>ὲπιτιμῶντα·εῑδὼς</strong></span> <span class='ocrx_word' id='word_1_93' title='bbox 1045 1564 1332 1634; x_wconf 86' lang='grc' dir='ltr'>Κύριλλος,</span> <span class='ocrx_word' id='word_1_94' title='bbox 1363 1566 1476 1619; x_wconf 79' lang='grc' dir='ltr'><strong>οὔτ’</strong></span> <span class='ocrx_word' id='word_1_95' title='bbox 1509 1568 1775 1636; x_wconf 79' lang='grc' dir='ltr'><strong>ἐφιλονεῖ-</strong></span> 
     </span>
    </p>
   </div>
   <div class='ocr_carea' id='block_1_16' title="bbox 167 1651 1772 1726">
    <p class='ocr_par' dir='ltr' id='par_1_16' title="bbox 167 1651 1772 1726">
     <span class='ocr_line' id='line_1_16' title="bbox 167 1651 1772 1726; baseline 0.009 -28"><span class='ocrx_word' id='word_1_96' title='bbox 167 1665 350 1716; x_wconf 72' lang='grc' dir='ltr'><strong>κςσε,</strong></span> <span class='ocrx_word' id='word_1_97' title='bbox 377 1651 471 1701; x_wconf 73' lang='grc' dir='ltr'><strong>καὶ</strong></span> <span class='ocrx_word' id='word_1_98' title='bbox 497 1652 740 1721; x_wconf 81' lang='grc' dir='ltr'><strong>παρῆλθε</strong></span> <span class='ocrx_word' id='word_1_99' title='bbox 768 1655 903 1720; x_wconf 77' lang='grc' dir='ltr'><strong>τέως</strong></span> <span class='ocrx_word' id='word_1_100' title='bbox 936 1657 1260 1726; x_wconf 78' lang='grc' dir='ltr'>σιγῇ,δῆλον</span> <span class='ocrx_word' id='word_1_101' title='bbox 1285 1661 1348 1713; x_wconf 78' lang='grc' dir='ltr'><strong>ἐκ</strong></span> <span class='ocrx_word' id='word_1_102' title='bbox 1379 1661 1568 1712; x_wconf 82' lang='grc' dir='ltr'><strong>τούτου</strong></span> <span class='ocrx_word' id='word_1_103' title='bbox 1602 1662 1772 1713; x_wconf 85' lang='grc' dir='ltr'><strong>ποιῶν</strong></span> 
     </span>
    </p>
   </div>
   <div class='ocr_carea' id='block_1_17' title="bbox 175 1741 1774 1822">
    <p class='ocr_par' dir='ltr' id='par_1_17' title="bbox 175 1741 1774 1822">
     <span class='ocr_line' id='line_1_17' title="bbox 175 1741 1774 1822; baseline 0.008 -31"><span class='ocrx_word' id='word_1_104' title='bbox 175 1741 318 1806; x_wconf 79' lang='grc' dir='ltr'><strong>μηδ’</strong></span> <span class='ocrx_word' id='word_1_105' title='bbox 337 1742 497 1794; x_wconf 79' lang='grc' dir='ltr'><strong>αὐτὸν</strong></span> <span class='ocrx_word' id='word_1_106' title='bbox 518 1745 644 1805; x_wconf 77' lang='grc' dir='ltr'>τοὺς</span> <span class='ocrx_word' id='word_1_107' title='bbox 663 1744 836 1809; x_wconf 75' lang='grc' dir='ltr'><strong>οὕτως</strong></span> <span class='ocrx_word' id='word_1_108' title='bbox 854 1748 1139 1815; x_wconf 73' lang='grc' dir='ltr'>οἰομένους</span> <span class='ocrx_word' id='word_1_109' title='bbox 1171 1750 1554 1822; x_wconf 78' lang='grc' dir='ltr'><strong>ἀποδέχεσθαι.</strong></span> <span class='ocrx_word' id='word_1_110' title='bbox 1583 1754 1710 1805; x_wconf 89' lang='grc' dir='ltr'><strong>Ὅτι</strong></span> <span class='ocrx_word' id='word_1_111' title='bbox 1728 1754 1774 1805; x_wconf 89' lang='grc' dir='ltr'><strong>δ’</strong></span> 
     </span>
    </p>
   </div>
   <div class='ocr_carea' id='block_1_18' title="bbox 171 1833 1775 1914">
    <p class='ocr_par' dir='ltr' id='par_1_18' title="bbox 171 1833 1775 1914">
     <span class='ocr_line' id='line_1_18' title="bbox 171 1833 1775 1914; baseline 0.009 -32"><span class='ocrx_word' id='word_1_112' title='bbox 171 1833 343 1899; x_wconf 83' lang='grc' dir='ltr'><strong>ὅμως</strong></span> <span class='ocrx_word' id='word_1_113' title='bbox 373 1833 503 1886; x_wconf 80' lang='grc' dir='ltr'><strong>ῐδιὰν</strong></span> <span class='ocrx_word' id='word_1_114' title='bbox 531 1837 648 1888; x_wconf 80' lang='grc' dir='ltr'><strong>ἐστι</strong></span> <span class='ocrx_word' id='word_1_115' title='bbox 672 1837 766 1889; x_wconf 85' lang='grc' dir='ltr'><strong>τοῦ</strong></span> <span class='ocrx_word' id='word_1_116' title='bbox 804 1837 935 1890; x_wconf 88' lang='grc' dir='ltr'><strong>Υἱοῦ</strong></span> <span class='ocrx_word' id='word_1_117' title='bbox 970 1840 1028 1892; x_wconf 85' lang='grc' dir='ltr'><strong>τὸ</strong></span> <span class='ocrx_word' id='word_1_118' title='bbox 1060 1841 1303 1911; x_wconf 83' lang='grc' dir='ltr'><strong>Πνεῦμα,</strong></span> <span class='ocrx_word' id='word_1_119' title='bbox 1355 1843 1600 1914; x_wconf 80' lang='grc' dir='ltr'><strong>σφοδρῶς</strong></span> <span class='ocrx_word' id='word_1_120' title='bbox 1627 1845 1775 1911; x_wconf 86' lang='grc' dir='ltr'><strong>ἀγω-</strong></span> 
     </span>
    </p>
   </div>
   <div class='ocr_carea' id='block_1_19' title="bbox 173 1922 1774 2000">
    <p class='ocr_par' dir='ltr' id='par_1_19' title="bbox 173 1922 1774 2000">
     <span class='ocr_line' id='line_1_19' title="bbox 173 1922 1774 2000; baseline 0.008 -26"><span class='ocrx_word' id='word_1_121' title='bbox 173 1922 406 1984; x_wconf 74' lang='grc' dir='ltr'><strong>νίζεται</strong></span> <span class='ocrx_word' id='word_1_122' title='bbox 455 1926 750 1992; x_wconf 79' lang='grc' dir='ltr'><strong>δεικνύναι,</strong></span> <span class='ocrx_word' id='word_1_123' title='bbox 782 1931 879 1981; x_wconf 74' lang='grc' dir='ltr'><strong>καὶ</strong></span> <span class='ocrx_word' id='word_1_124' title='bbox 905 1930 998 1983; x_wconf 81' lang='grc' dir='ltr'><strong>τοῦ</strong></span> <span class='ocrx_word' id='word_1_125' title='bbox 1028 1929 1183 1998; x_wconf 83' lang='grc' dir='ltr'>λόγου</span> <span class='ocrx_word' id='word_1_126' title='bbox 1228 1935 1463 1986; x_wconf 86' lang='grc' dir='ltr'><strong>ποιεῖται</strong></span> <span class='ocrx_word' id='word_1_127' title='bbox 1485 1934 1580 2000; x_wconf 30' lang='grc' dir='ltr'><strong>,τὸν</strong></span> <span class='ocrx_word' id='word_1_128' title='bbox 1612 1935 1774 1988; x_wconf 76' lang='grc' dir='ltr'><strong>Ἀπό-</strong></span> 
     </span>
    </p>
   </div>
   <div class='ocr_carea' id='block_1_20' title="bbox 1873 734 3445 806">
    <p class='ocr_par' dir='ltr' id='par_1_20' title="bbox 1873 734 3445 806">
     <span class='ocr_line' id='line_1_20' title="bbox 1873 734 3445 806; baseline 0.004 -21"><span class='ocrx_word' id='word_1_129' title='bbox 1873 743 2104 797; x_wconf 72' lang='lat' dir='ltr'><strong>natum.</strong></span> <span class='ocrx_word' id='word_1_130' title='bbox 2131 745 2184 789; x_wconf 86' lang='lat' dir='ltr'><strong>et</strong></span> <span class='ocrx_word' id='word_1_131' title='bbox 2210 751 2274 789; x_wconf 85' lang='lat' dir='ltr'><strong>ex</strong></span> <span class='ocrx_word' id='word_1_132' title='bbox 2301 734 2465 790; x_wconf 89' lang='lat' dir='ltr'><strong>Patre</strong></span> <span class='ocrx_word' id='word_1_133' title='bbox 2507 736 2791 806; x_wconf 90' lang='lat' dir='ltr'><strong>procedit,</strong></span> <span class='ocrx_word' id='word_1_134' title='bbox 2820 746 2874 791; x_wconf 88' lang='lat' dir='ltr'><strong>et</strong></span> <span class='ocrx_word' id='word_1_135' title='bbox 2906 751 3004 791; x_wconf 88' lang='lat' dir='ltr'><strong>nos</strong></span> <span class='ocrx_word' id='word_1_136' title='bbox 3056 751 3270 806; x_wconf 86' lang='lat' dir='ltr'><strong>quoque</strong></span> <span class='ocrx_word' id='word_1_137' title='bbox 3303 737 3445 792; x_wconf 83' lang='lat' dir='ltr'><strong>fate-</strong></span> 
     </span>
    </p>
   </div>
   <div class='ocr_carea' id='block_1_21' title="bbox 1878 819 3442 898">
    <p class='ocr_par' dir='ltr' id='par_1_21' title="bbox 1878 819 3442 898">
     <span class='ocr_line' id='line_1_21' title="bbox 1878 819 3442 898; baseline 0.003 -20"><span class='ocrx_word' id='word_1_138' title='bbox 1878 819 2058 878; x_wconf 85' lang='lat' dir='ltr'><strong>bimur</strong></span> <span class='ocrx_word' id='word_1_139' title='bbox 2090 844 2105 881; x_wconf 89' lang='lat'><strong>:</strong></span> <span class='ocrx_word' id='word_1_140' title='bbox 2139 826 2182 879; x_wconf 90' lang='lat' dir='ltr'><strong>si</strong></span> <span class='ocrx_word' id='word_1_141' title='bbox 2229 842 2354 880; x_wconf 87' lang='lat' dir='ltr'><strong>vero</strong></span> <span class='ocrx_word' id='word_1_142' title='bbox 2379 830 2524 898; x_wconf 85' lang='lat' dir='ltr'><strong>quod</strong></span> <span class='ocrx_word' id='word_1_143' title='bbox 2555 844 2619 882; x_wconf 74' lang='lat' dir='ltr'><strong>ex</strong></span> <span class='ocrx_word' id='word_1_144' title='bbox 2661 827 2801 882; x_wconf 87' lang='lat' dir='ltr'><strong>Filio</strong></span> <span class='ocrx_word' id='word_1_145' title='bbox 2843 828 3218 882; x_wconf 80' lang='lat' dir='ltr'><strong>exsistentiam</strong></span> <span class='ocrx_word' id='word_1_146' title='bbox 3255 829 3442 891; x_wconf 85' lang='lat' dir='ltr'><strong>habet.</strong></span> 
     </span>
    </p>
   </div>
   <div class='ocr_carea' id='block_1_22' title="bbox 1878 916 3449 989">
    <p class='ocr_par' dir='ltr' id='par_1_22' title="bbox 1878 916 3449 989">
     <span class='ocr_line' id='line_1_22' title="bbox 1878 916 3449 989; baseline 0.006 -23"><span class='ocrx_word' id='word_1_147' title='bbox 1878 922 2132 983; x_wconf 85' lang='lat' dir='ltr'><strong>tanquam</strong></span> <span class='ocrx_word' id='word_1_148' title='bbox 2156 916 2536 986; x_wconf 87' lang='lat' dir='ltr'><strong>blasphemum</strong></span> <span class='ocrx_word' id='word_1_149' title='bbox 2565 920 2664 976; x_wconf 90' lang='lat' dir='ltr'><strong>hoc</strong></span> <span class='ocrx_word' id='word_1_150' title='bbox 2687 929 2740 974; x_wconf 88' lang='lat' dir='ltr'><strong>et</strong></span> <span class='ocrx_word' id='word_1_151' title='bbox 2769 921 2993 986; x_wconf 89' lang='lat' dir='ltr'><strong>impium</strong></span> <span class='ocrx_word' id='word_1_152' title='bbox 3029 919 3362 989; x_wconf 61' lang='lat' dir='ltr'><strong>rejicimus,»</strong></span> <span class='ocrx_word' id='word_1_153' title='bbox 3393 922 3449 976; x_wconf 91' lang='lat' dir='ltr'><strong>in</strong></span> 
     </span>
    </p>
   </div>
   <div class='ocr_carea' id='block_1_23' title="bbox 1878 1005 3449 1080">
    <p class='ocr_par' dir='ltr' id='par_1_23' title="bbox 1878 1005 3449 1080">
     <span class='ocr_line' id='line_1_23' title="bbox 1878 1005 3449 1080; baseline 0.003 -22"><span class='ocrx_word' id='word_1_154' title='bbox 1878 1005 1960 1058; x_wconf 89' lang='lat' dir='ltr'><strong>sui</strong></span> <span class='ocrx_word' id='word_1_155' title='bbox 1999 1007 2262 1061; x_wconf 71' lang='lat' dir='ltr'><strong>auxilium</strong></span> <span class='ocrx_word' id='word_1_156' title='bbox 2311 1009 2399 1063; x_wconf 89' lang='lat' dir='ltr'><strong>hic</strong></span> <span class='ocrx_word' id='word_1_157' title='bbox 2429 1010 2698 1080; x_wconf 76' lang='lat' dir='ltr'><strong>producit,</strong></span> <span class='ocrx_word' id='word_1_158' title='bbox 2739 1010 2871 1063; x_wconf 84' lang='lat' dir='ltr'><strong>nihil</strong></span> <span class='ocrx_word' id='word_1_159' title='bbox 2895 1026 3114 1073; x_wconf 89' lang='lat' dir='ltr'><strong>curans,</strong></span> <span class='ocrx_word' id='word_1_160' title='bbox 3142 1011 3289 1079; x_wconf 81' lang='lat' dir='ltr'><strong>quod</strong></span> <span class='ocrx_word' id='word_1_161' title='bbox 3319 1025 3449 1064; x_wconf 88' lang='lat' dir='ltr'><strong>ana-</strong></span> 
     </span>
    </p>
   </div>
   <div class='ocr_carea' id='block_1_24' title="bbox 1877 1097 3449 1170">
    <p class='ocr_par' dir='ltr' id='par_1_24' title="bbox 1877 1097 3449 1170">
     <span class='ocr_line' id='line_1_24' title="bbox 1877 1097 3449 1170; baseline 0.004 -22"><span class='ocrx_word' id='word_1_162' title='bbox 1877 1097 2106 1151; x_wconf 85' lang='lat' dir='ltr'><strong>themati</strong></span> <span class='ocrx_word' id='word_1_163' title='bbox 2155 1100 2347 1155; x_wconf 86' lang='lat' dir='ltr'><strong>tradita</strong></span> <span class='ocrx_word' id='word_1_164' title='bbox 2383 1110 2507 1154; x_wconf 84' lang='lat' dir='ltr'><strong>sum</strong></span> <span class='ocrx_word' id='word_1_165' title='bbox 2530 1101 2830 1170; x_wconf 88' lang='lat' dir='ltr'><strong>(quomodo</strong></span> <span class='ocrx_word' id='word_1_166' title='bbox 2861 1102 3007 1156; x_wconf 89' lang='lat' dir='ltr'><strong>enim</strong></span> <span class='ocrx_word' id='word_1_167' title='bbox 3051 1110 3288 1165; x_wconf 77' lang='lat' dir='ltr'><strong>curaret,</strong></span> <span class='ocrx_word' id='word_1_168' title='bbox 3323 1117 3449 1156; x_wconf 92' lang='lat' dir='ltr'><strong>cum</strong></span> 
     </span>
    </p>
   </div>
   <div class='ocr_carea' id='block_1_25' title="bbox 1877 1189 3452 1262">
    <p class='ocr_par' dir='ltr' id='par_1_25' title="bbox 1877 1189 3452 1262">
     <span class='ocr_line' id='line_1_25' title="bbox 1877 1189 3452 1262; baseline 0.005 -24"><span class='ocrx_word' id='word_1_169' title='bbox 1877 1189 2022 1255; x_wconf 90' lang='lat' dir='ltr'><strong>quod</strong></span> <span class='ocrx_word' id='word_1_170' title='bbox 2041 1205 2070 1241; x_wconf 92' lang='lat' dir='ltr'><strong>a</strong></span> <span class='ocrx_word' id='word_1_171' title='bbox 2095 1191 2394 1245; x_wconf 79' lang='lat' dir='ltr'><strong>canonibus</strong></span> <span class='ocrx_word' id='word_1_172' title='bbox 2414 1193 2572 1245; x_wconf 86' lang='lat' dir='ltr'><strong>rebus</strong></span> <span class='ocrx_word' id='word_1_173' title='bbox 2591 1194 2764 1247; x_wconf 89' lang='lat' dir='ltr'><strong>sacris</strong></span> <span class='ocrx_word' id='word_1_174' title='bbox 2786 1193 3009 1262; x_wconf 80' lang='lat' dir='ltr'><strong>profane</strong></span> <span class='ocrx_word' id='word_1_175' title='bbox 3031 1208 3222 1248; x_wconf 90' lang='lat' dir='ltr'><strong>manus</strong></span> <span class='ocrx_word' id='word_1_176' title='bbox 3247 1193 3452 1246; x_wconf 85' lang='lat' dir='ltr'><strong>immit-</strong></span> 
     </span>
    </p>
   </div>
   <div class='ocr_carea' id='block_1_26' title="bbox 1877 1280 3451 1354">
    <p class='ocr_par' dir='ltr' id='par_1_26' title="bbox 1877 1280 3451 1354">
     <span class='ocr_line' id='line_1_26' title="bbox 1877 1280 3451 1354; baseline 0.003 -22"><span class='ocrx_word' id='word_1_177' title='bbox 1877 1280 2117 1334; x_wconf 85' lang='lat' dir='ltr'><strong>tentibus</strong></span> <span class='ocrx_word' id='word_1_178' title='bbox 2140 1281 2420 1352; x_wconf 79' lang='lat' dir='ltr'><strong>inﬂigitur,</strong></span> <span class='ocrx_word' id='word_1_179' title='bbox 2440 1283 2661 1337; x_wconf 90' lang='lat' dir='ltr'><strong>minime</strong></span> <span class='ocrx_word' id='word_1_180' title='bbox 2683 1285 2890 1349; x_wconf 85' lang='lat' dir='ltr'><strong>timeat,</strong></span> <span class='ocrx_word' id='word_1_181' title='bbox 2915 1285 3103 1340; x_wconf 85' lang='lat' dir='ltr'><strong>sceleri</strong></span> <span class='ocrx_word' id='word_1_182' title='bbox 3128 1284 3451 1354; x_wconf 86' lang='lat' dir='ltr'><strong>astrictus?)</strong></span> 
     </span>
    </p>
   </div>
   <div class='ocr_carea' id='block_1_27' title="bbox 1879 1371 3453 1445">
    <p class='ocr_par' dir='ltr' id='par_1_27' title="bbox 1879 1371 3453 1445">
     <span class='ocr_line' id='line_1_27' title="bbox 1879 1371 3453 1445; baseline 0.003 -20"><span class='ocrx_word' id='word_1_183' title='bbox 1879 1371 2289 1427; x_wconf 85' lang='lat' dir='ltr'><strong>consideremus</strong></span> <span class='ocrx_word' id='word_1_184' title='bbox 2309 1390 2468 1442; x_wconf 90' lang='lat' dir='ltr'><strong>quam</strong></span> <span class='ocrx_word' id='word_1_185' title='bbox 2497 1376 2548 1430; x_wconf 93' lang='lat' dir='ltr'><strong>in</strong></span> <span class='ocrx_word' id='word_1_186' title='bbox 2575 1377 2878 1435; x_wconf 90' lang='lat' dir='ltr'><strong>arundineo</strong></span> <span class='ocrx_word' id='word_1_187' title='bbox 2907 1377 3099 1432; x_wconf 84' lang='lat' dir='ltr'><strong>harum</strong></span> <span class='ocrx_word' id='word_1_188' title='bbox 3123 1377 3453 1445; x_wconf 87' lang='lat' dir='ltr'><strong>increpatio-</strong></span> 
     </span>
    </p>
   </div>
   <div class='ocr_carea' id='block_1_28' title="bbox 1878 1465 3455 1539">
    <p class='ocr_par' dir='ltr' id='par_1_28' title="bbox 1878 1465 3455 1539">
     <span class='ocr_line' id='line_1_28' title="bbox 1878 1465 3455 1539; baseline 0.004 -22"><span class='ocrx_word' id='word_1_189' title='bbox 1878 1480 2008 1517; x_wconf 89' lang='lat' dir='ltr'><strong>num</strong></span> <span class='ocrx_word' id='word_1_190' title='bbox 2040 1465 2230 1519; x_wconf 88' lang='lat' dir='ltr'><strong>baculo</strong></span> <span class='ocrx_word' id='word_1_191' title='bbox 2264 1466 2367 1520; x_wconf 85' lang='lat' dir='ltr'><strong>sibi</strong></span> <span class='ocrx_word' id='word_1_192' title='bbox 2406 1468 2756 1524; x_wconf 79' lang='lat' dir='ltr'><strong>Stabilitatem</strong></span> <span class='ocrx_word' id='word_1_193' title='bbox 2783 1470 3049 1539; x_wconf 87' lang='lat' dir='ltr'><strong>promittit</strong></span> <span class='ocrx_word' id='word_1_194' title='bbox 3081 1490 3096 1526; x_wconf 86' lang='lat'><strong>:</strong></span> <span class='ocrx_word' id='word_1_195' title='bbox 3144 1469 3455 1524; x_wconf 47' lang='lat' dir='ltr'><strong>“Theodo-</strong></span> 
     </span>
    </p>
   </div>
   <div class='ocr_carea' id='block_1_29' title="bbox 1877 1553 3452 1632">
    <p class='ocr_par' dir='ltr' id='par_1_29' title="bbox 1877 1553 3452 1632">
     <span class='ocr_line' id='line_1_29' title="bbox 1877 1553 3452 1632; baseline 0.005 -24"><span class='ocrx_word' id='word_1_196' title='bbox 1877 1553 2054 1611; x_wconf 83' lang='lat' dir='ltr'><strong>retum</strong></span> <span class='ocrx_word' id='word_1_197' title='bbox 2081 1599 2094 1620; x_wconf 90' lang='lat'><strong>,</strong></span> <span class='ocrx_word' id='word_1_198' title='bbox 2130 1577 2147 1609; x_wconf 78' lang='grc' dir='ltr'><strong>ι</strong></span> <span class='ocrx_word' id='word_1_199' title='bbox 2197 1561 2271 1612; x_wconf 86' lang='lat' dir='ltr'><strong>ait</strong></span> <span class='ocrx_word' id='word_1_200' title='bbox 2297 1599 2312 1620; x_wconf 86' lang='lat'><strong>,</strong></span> <span class='ocrx_word' id='word_1_201' title='bbox 2356 1579 2372 1610; x_wconf 84' lang='grc' dir='ltr'><strong>ι</strong></span> <span class='ocrx_word' id='word_1_202' title='bbox 2409 1576 2528 1613; x_wconf 89' lang='lat' dir='ltr'><strong>cum</strong></span> <span class='ocrx_word' id='word_1_203' title='bbox 2564 1563 2732 1629; x_wconf 81' lang='lat' dir='ltr'><strong>probe</strong></span> <span class='ocrx_word' id='word_1_204' title='bbox 2763 1577 2884 1617; x_wconf 90' lang='lat' dir='ltr'><strong>sese</strong></span> <span class='ocrx_word' id='word_1_205' title='bbox 2942 1564 3311 1632; x_wconf 86' lang='lat' dir='ltr'><strong>increpantem</strong></span> <span class='ocrx_word' id='word_1_206' title='bbox 3345 1561 3452 1631; x_wconf 88' lang='lat' dir='ltr'><strong>Cy-</strong></span> 
     </span>
    </p>
   </div>
   <div class='ocr_carea' id='block_1_30' title="bbox 1883 1647 3450 1720">
    <p class='ocr_par' dir='ltr' id='par_1_30' title="bbox 1883 1647 3450 1720">
     <span class='ocr_line' id='line_1_30' title="bbox 1883 1647 3450 1720; baseline 0.006 -22"><span class='ocrx_word' id='word_1_207' title='bbox 1883 1647 2035 1701; x_wconf 85' lang='lat' dir='ltr'><strong>rillus</strong></span> <span class='ocrx_word' id='word_1_208' title='bbox 2069 1651 2419 1717; x_wconf 80' lang='lat' dir='ltr'><strong>agnovisset,</strong></span> <span class='ocrx_word' id='word_1_209' title='bbox 2453 1653 2653 1706; x_wconf 88' lang='lat' dir='ltr'><strong>nullam</strong></span> <span class='ocrx_word' id='word_1_210' title='bbox 2693 1655 2862 1708; x_wconf 87' lang='lat' dir='ltr'><strong>movit</strong></span> <span class='ocrx_word' id='word_1_211' title='bbox 2914 1656 3359 1720; x_wconf 90' lang='lat' dir='ltr'><strong>contentionem,</strong></span> <span class='ocrx_word' id='word_1_212' title='bbox 3394 1666 3450 1708; x_wconf 88' lang='lat' dir='ltr'><strong>et</strong></span> 
     </span>
    </p>
   </div>
   <div class='ocr_carea' id='block_1_31' title="bbox 1879 1739 3454 1816">
    <p class='ocr_par' dir='ltr' id='par_1_31' title="bbox 1879 1739 3454 1816">
     <span class='ocr_line' id='line_1_31' title="bbox 1879 1739 3454 1816; baseline 0.005 -23"><span class='ocrx_word' id='word_1_213' title='bbox 1879 1739 2100 1793; x_wconf 90' lang='lat' dir='ltr'><strong>silentio</strong></span> <span class='ocrx_word' id='word_1_214' title='bbox 2131 1743 2392 1809; x_wconf 68' lang='lat' dir='ltr'><strong>praeteriit</strong></span> <span class='ocrx_word' id='word_1_215' title='bbox 2422 1785 2436 1808; x_wconf 91' lang='lat'><strong>,</strong></span> <span class='ocrx_word' id='word_1_216' title='bbox 2472 1754 2658 1813; x_wconf 87' lang='lat' dir='ltr'><strong>aperte</strong></span> <span class='ocrx_word' id='word_1_217' title='bbox 2691 1746 2793 1800; x_wconf 89' lang='lat' dir='ltr'><strong>hoc</strong></span> <span class='ocrx_word' id='word_1_218' title='bbox 2829 1747 3076 1801; x_wconf 86' lang='lat' dir='ltr'><strong>indicans</strong></span> <span class='ocrx_word' id='word_1_219' title='bbox 3103 1787 3116 1809; x_wconf 90' lang='lat'><em>.</em></span> <span class='ocrx_word' id='word_1_220' title='bbox 3168 1762 3342 1816; x_wconf 90' lang='lat' dir='ltr'><strong>neque</strong></span> <span class='ocrx_word' id='word_1_221' title='bbox 3394 1763 3454 1801; x_wconf 87' lang='lat' dir='ltr'><strong>se</strong></span> 
     </span>
    </p>
   </div>
   <div class='ocr_carea' id='block_1_32' title="bbox 1881 1834 3461 1906">
    <p class='ocr_par' dir='ltr' id='par_1_32' title="bbox 1881 1834 3461 1906">
     <span class='ocr_line' id='line_1_32' title="bbox 1881 1834 3461 1906; baseline 0.004 -22"><span class='ocrx_word' id='word_1_222' title='bbox 1881 1846 1976 1885; x_wconf 91' lang='lat' dir='ltr'><strong>eos</strong></span> <span class='ocrx_word' id='word_1_223' title='bbox 2009 1871 2023 1894; x_wconf 88' lang='lat'><strong>,</strong></span> <span class='ocrx_word' id='word_1_224' title='bbox 2059 1834 2152 1899; x_wconf 80' lang='lat' dir='ltr'><strong>qui</strong></span> <span class='ocrx_word' id='word_1_225' title='bbox 2188 1835 2259 1888; x_wconf 90' lang='lat' dir='ltr'><strong>ita</strong></span> <span class='ocrx_word' id='word_1_226' title='bbox 2309 1835 2670 1903; x_wconf 81' lang='lat' dir='ltr'><strong>epinareutur</strong></span> <span class='ocrx_word' id='word_1_227' title='bbox 2726 1839 3037 1893; x_wconf 76' lang='lat' dir='ltr'><strong>admittere.</strong></span> <span class='ocrx_word' id='word_1_228' title='bbox 3086 1838 3461 1906; x_wconf 67' lang='lat' dir='ltr'><strong>Nihilominus</strong></span> 
     </span>
    </p>
   </div>
   <div class='ocr_carea' id='block_1_33' title="bbox 1881 1925 3448 1996">
    <p class='ocr_par' dir='ltr' id='par_1_33' title="bbox 1881 1925 3448 1996">
     <span class='ocr_line' id='line_1_33' title="bbox 1881 1925 3448 1996; baseline 0.004 -20"><span class='ocrx_word' id='word_1_229' title='bbox 1881 1925 2160 1991; x_wconf 70' lang='lat' dir='ltr'><strong>premium</strong></span> <span class='ocrx_word' id='word_1_230' title='bbox 2207 1941 2331 1982; x_wconf 89' lang='lat' dir='ltr'><strong>esse</strong></span> <span class='ocrx_word' id='word_1_231' title='bbox 2381 1927 2648 1996; x_wconf 82' lang='lat' dir='ltr'><strong>Spiritum</strong></span> <span class='ocrx_word' id='word_1_232' title='bbox 2690 1925 2816 1982; x_wconf 70' lang='lat' dir='ltr'><strong>Ft’di</strong></span> <span class='ocrx_word' id='word_1_233' title='bbox 2851 1925 3199 1984; x_wconf 82' lang='lat' dir='ltr'><strong>vehementer</strong></span> <span class='ocrx_word' id='word_1_234' title='bbox 3227 1937 3448 1984; x_wconf 82' lang='lat' dir='ltr'><strong>conatur</strong></span> 
     </span>
    </p>
   </div>
   <div class='ocr_carea' id='block_1_34' title="bbox 175 2001 1773 2097">
    <p class='ocr_par' dir='ltr' id='par_1_34' title="bbox 175 2015 1770 2097">
     <span class='ocr_line' id='line_1_34' title="bbox 175 2015 1770 2097; baseline 0.007 -32"><span class='ocrx_word' id='word_1_235' title='bbox 175 2015 380 2067; x_wconf 75' lang='grc' dir='ltr'>στολον</span> <span class='ocrx_word' id='word_1_236' title='bbox 410 2017 684 2088; x_wconf 83' lang='grc' dir='ltr'><strong>μάρτυρα,</strong></span> <span class='ocrx_word' id='word_1_237' title='bbox 723 2021 817 2072; x_wconf 80' lang='grc' dir='ltr'><strong>καί</strong></span> <span class='ocrx_word' id='word_1_238' title='bbox 853 2039 1052 2091; x_wconf 81' lang='grc' dir='ltr'><strong>φησιν·</strong></span> <span class='ocrx_word' id='word_1_239' title='bbox 1100 2025 1492 2094; x_wconf 84' lang='grc' dir='ltr'><strong>Ἐκπορεύεται</strong></span> <span class='ocrx_word' id='word_1_240' title='bbox 1524 2027 1623 2096; x_wconf 83' lang='grc' dir='ltr'><strong>μὲν</strong></span> <span class='ocrx_word' id='word_1_241' title='bbox 1659 2030 1770 2097; x_wconf 63' lang='grc' dir='ltr'>γὰρ</span> 
     </span>
    </p>
   </div>
   <div class='ocr_carea' id='block_1_35' title="bbox 1880 2001 3457 2097">
    <p class='ocr_par' dir='ltr' id='par_1_35' title="bbox 1880 2020 3457 2092">
     <span class='ocr_line' id='line_1_35' title="bbox 1880 2020 3457 2092; baseline 0.003 -22"><span class='ocrx_word' id='word_1_242' title='bbox 1880 2020 2191 2086; x_wconf 82' lang='lat' dir='ltr'><strong>ostendere,</strong></span> <span class='ocrx_word' id='word_1_243' title='bbox 2223 2027 2281 2074; x_wconf 84' lang='lat' dir='ltr'><strong>et</strong></span> <span class='ocrx_word' id='word_1_244' title='bbox 2311 2020 2444 2074; x_wconf 84' lang='lat' dir='ltr'><strong>dicti</strong></span> <span class='ocrx_word' id='word_1_245' title='bbox 2487 2021 2572 2074; x_wconf 78' lang='lat' dir='ltr'><strong>sui</strong></span> <span class='ocrx_word' id='word_1_246' title='bbox 2601 2031 2789 2076; x_wconf 85' lang='lat' dir='ltr'><strong>testem</strong></span> <span class='ocrx_word' id='word_1_247' title='bbox 2841 2023 3064 2078; x_wconf 79' lang='lat' dir='ltr'><strong>adducit</strong></span> <span class='ocrx_word' id='word_1_248' title='bbox 3111 2024 3457 2092; x_wconf 83' lang='lat' dir='ltr'><strong>Apostolum,</strong></span> 
     </span>
    </p>
   </div>
   <div class='ocr_carea' id='block_1_36' title="bbox 174 2107 1770 2185">
    <p class='ocr_par' dir='ltr' id='par_1_36' title="bbox 174 2107 1770 2185">
     <span class='ocr_line' id='line_1_36' title="bbox 174 2107 1770 2185; baseline 0.009 -30"><span class='ocrx_word' id='word_1_249' title='bbox 174 2107 251 2157; x_wconf 55' lang='lat' dir='ltr'><strong>Et.</strong></span> <span class='ocrx_word' id='word_1_250' title='bbox 276 2107 373 2158; x_wconf 78' lang='grc' dir='ltr'><strong>τοῦ</strong></span> <span class='ocrx_word' id='word_1_251' title='bbox 405 2108 547 2160; x_wconf 82' lang='grc' dir='ltr'><strong>Θεοῦ</strong></span> <span class='ocrx_word' id='word_1_252' title='bbox 590 2112 682 2162; x_wconf 73' lang='grc' dir='ltr'><strong>καὶ</strong></span> <span class='ocrx_word' id='word_1_253' title='bbox 736 2112 943 2182; x_wconf 62' lang='lat' dir='ltr'><strong>Harpe;</strong></span> <span class='ocrx_word' id='word_1_254' title='bbox 983 2114 1045 2167; x_wconf 81' lang='grc' dir='ltr'><strong>τὺ</strong></span> <span class='ocrx_word' id='word_1_255' title='bbox 1092 2115 1311 2185; x_wconf 79' lang='grc' dir='ltr'><strong>Πνεῦμα</strong></span> <span class='ocrx_word' id='word_1_256' title='bbox 1351 2117 1411 2169; x_wconf 84' lang='grc' dir='ltr'><strong>τὸ</strong></span> <span class='ocrx_word' id='word_1_257' title='bbox 1455 2118 1606 2182; x_wconf 75' lang='grc' dir='ltr'>ἅγιον</span> <span class='ocrx_word' id='word_1_258' title='bbox 1630 2119 1770 2171; x_wconf 74' lang='grc' dir='ltr'><strong>κατὰ</strong></span> 
     </span>
    </p>
   </div>
   <div class='ocr_carea' id='block_1_37' title="bbox 174 2199 1772 2280">
    <p class='ocr_par' dir='ltr' id='par_1_37' title="bbox 174 2199 1772 2280">
     <span class='ocr_line' id='line_1_37' title="bbox 174 2199 1772 2280; baseline 0.009 -32"><span class='ocrx_word' id='word_1_259' title='bbox 174 2199 291 2266; x_wconf 76' lang='grc' dir='ltr'><strong>τὴν</strong></span> <span class='ocrx_word' id='word_1_260' title='bbox 318 2199 411 2250; x_wconf 84' lang='grc' dir='ltr'><strong>τοῦ</strong></span> <span class='ocrx_word' id='word_1_261' title='bbox 454 2201 703 2273; x_wconf 78' lang='grc' dir='ltr'><strong>Σωτῆρος</strong></span> <span class='ocrx_word' id='word_1_262' title='bbox 762 2205 978 2274; x_wconf 77' lang='grc' dir='ltr'><strong>φωνὴν,</strong></span> <span class='ocrx_word' id='word_1_263' title='bbox 1026 2205 1143 2259; x_wconf 84' lang='grc' dir='ltr'>ἀλλ’</span> <span class='ocrx_word' id='word_1_264' title='bbox 1202 2209 1302 2262; x_wconf 65' lang='grc' dir='ltr'><strong>οὐξι</strong></span> <span class='ocrx_word' id='word_1_265' title='bbox 1339 2208 1621 2280; x_wconf 82' lang='grc' dir='ltr'><strong>ἀλλότριόν</strong></span> <span class='ocrx_word' id='word_1_266' title='bbox 1655 2212 1772 2262; x_wconf 79' lang='grc' dir='ltr'><strong>ἐστι</strong></span> 
     </span>
    </p>
   </div>
   <div class='ocr_carea' id='block_1_38' title="bbox 174 2282 1772 2374">
    <p class='ocr_par' dir='ltr' id='par_1_38' title="bbox 174 2282 1772 2374">
     <span class='ocr_line' id='line_1_38' title="bbox 174 2282 1772 2374; baseline 0.01 -34"><span class='ocrx_word' id='word_1_267' title='bbox 174 2292 283 2341; x_wconf 68' lang='grc' dir='ltr'><strong>καὶ</strong></span> <span class='ocrx_word' id='word_1_268' title='bbox 332 2291 425 2343; x_wconf 84' lang='grc' dir='ltr'><strong>τοῦ</strong></span> <span class='ocrx_word' id='word_1_269' title='bbox 482 2282 632 2346; x_wconf 77' lang='grc' dir='ltr'><strong>Υἰοῦ.</strong></span> <span class='ocrx_word' id='word_1_270' title='bbox 669 2313 688 2345; x_wconf 74' lang='grc' dir='ltr'><strong>ι</strong></span> <span class='ocrx_word' id='word_1_271' title='bbox 729 2294 1009 2362; x_wconf 79' lang='grc' dir='ltr'><strong>Εὖγε-τοῦ</strong></span> <span class='ocrx_word' id='word_1_272' title='bbox 1071 2301 1255 2366; x_wconf 80' lang='grc' dir='ltr'>καλῶς</span> <span class='ocrx_word' id='word_1_273' title='bbox 1310 2322 1392 2357; x_wconf 91' lang='grc' dir='ltr'><strong>σοι</strong></span> <span class='ocrx_word' id='word_1_274' title='bbox 1446 2305 1772 2374; x_wconf 83' lang='grc' dir='ltr'><strong>τηρηθέντος</strong></span> 
     </span>
    </p>
   </div>
   <div class='ocr_carea' id='block_1_39' title="bbox 174 2385 1774 2469">
    <p class='ocr_par' dir='ltr' id='par_1_39' title="bbox 174 2385 1774 2469">
     <span class='ocr_line' id='line_1_39' title="bbox 174 2385 1774 2469; baseline 0.012 -35"><span class='ocrx_word' id='word_1_275' title='bbox 174 2385 734 2464; x_wconf 63' lang='grc' dir='ltr'><strong>ἀπαραποιήταυτντῆς</strong></span> <span class='ocrx_word' id='word_1_276' title='bbox 765 2393 1036 2466; x_wconf 76' lang='grc' dir='ltr'>Κορίλλου</span> <span class='ocrx_word' id='word_1_277' title='bbox 1092 2397 1408 2465; x_wconf 81' lang='grc' dir='ltr'>ἀπολογίας.</span> <span class='ocrx_word' id='word_1_278' title='bbox 1443 2399 1551 2451; x_wconf 77' lang='grc' dir='ltr'><strong>Καὶ</strong></span> <span class='ocrx_word' id='word_1_279' title='bbox 1584 2400 1634 2451; x_wconf 85' lang='grc' dir='ltr'><strong>τί</strong></span> <span class='ocrx_word' id='word_1_280' title='bbox 1666 2400 1774 2469; x_wconf 87' lang='grc' dir='ltr'><strong>γὰρ</strong></span> 
     </span>
    </p>
   </div>
   <div class='ocr_carea' id='block_1_40' title="bbox 180 2478 1773 2559">
    <p class='ocr_par' dir='ltr' id='par_1_40' title="bbox 180 2478 1773 2559">
     <span class='ocr_line' id='line_1_40' title="bbox 180 2478 1773 2559; baseline 0.004 -23"><span class='ocrx_word' id='word_1_281' title='bbox 180 2478 324 2537; x_wconf 61' lang='grc' dir='ltr'><strong>ὁὶ(Χο</strong></span> <span class='ocrx_word' id='word_1_282' title='bbox 371 2487 471 2554; x_wconf 83' lang='grc' dir='ltr'><strong>τὴν</strong></span> <span class='ocrx_word' id='word_1_283' title='bbox 527 2487 636 2540; x_wconf 83' lang='grc' dir='ltr'><strong>τῶν</strong></span> <span class='ocrx_word' id='word_1_284' title='bbox 674 2490 1051 2558; x_wconf 80' lang='grc' dir='ltr'><strong>ἐπιτιμήσεων</strong></span> <span class='ocrx_word' id='word_1_285' title='bbox 1099 2489 1450 2559; x_wconf 82' lang='grc' dir='ltr'><strong>Θεοδωρήτου</strong></span> <span class='ocrx_word' id='word_1_286' title='bbox 1512 2491 1773 2559; x_wconf 85' lang='grc' dir='ltr'><strong>συστήσει</strong></span> 
     </span>
    </p>
   </div>
   <div class='ocr_carea' id='block_1_41' title="bbox 178 2577 1773 2662">
    <p class='ocr_par' dir='ltr' id='par_1_41' title="bbox 178 2577 1773 2662">
     <span class='ocr_line' id='line_1_41' title="bbox 178 2577 1773 2662; baseline 0.001 -33"><span class='ocrx_word' id='word_1_287' title='bbox 178 2579 543 2646; x_wconf 72' lang='grc' dir='ltr'><strong>ἀνατροπήν;</strong></span> <span class='ocrx_word' id='word_1_288' title='bbox 593 2577 681 2628; x_wconf 86' lang='grc' dir='ltr'>Ἐν</span> <span class='ocrx_word' id='word_1_289' title='bbox 721 2579 832 2646; x_wconf 74' lang='grc' dir='ltr'><strong>ιμὲν</strong></span> <span class='ocrx_word' id='word_1_290' title='bbox 889 2579 996 2648; x_wconf 75' lang='grc' dir='ltr'>γὰρ</span> <span class='ocrx_word' id='word_1_291' title='bbox 1035 2579 1112 2649; x_wconf 88' lang='grc' dir='ltr'>τῷ</span> <span class='ocrx_word' id='word_1_292' title='bbox 1166 2579 1346 2662; x_wconf 66' lang='grc' dir='ltr'>λέγειν</span> <span class='ocrx_word' id='word_1_293' title='bbox 1414 2579 1686 2648; x_wconf 86' lang='grc' dir='ltr'><strong>Κύριλλος</strong></span> <span class='ocrx_word' id='word_1_294' title='bbox 1745 2581 1773 2630; x_wconf 97' lang='lat'><strong>6</strong></span> 
     </span>
    </p>
   </div>
   <div class='ocr_carea' id='block_1_42' title="bbox 181 2669 1774 2744">
    <p class='ocr_par' dir='ltr' id='par_1_42' title="bbox 181 2669 1774 2744">
     <span class='ocr_line' id='line_1_42' title="bbox 181 2669 1774 2744; baseline 0.001 -24"><span class='ocrx_word' id='word_1_295' title='bbox 181 2670 489 2733; x_wconf 75' lang='grc' dir='ltr'><strong>Θειότατος,</strong></span> <span class='ocrx_word' id='word_1_296' title='bbox 546 2670 628 2722; x_wconf 78' lang='grc' dir='ltr'><strong>ὅτι</strong></span> <span class='ocrx_word' id='word_1_297' title='bbox 683 2689 702 2720; x_wconf 82' lang='grc' dir='ltr'><strong>ι</strong></span> <span class='ocrx_word' id='word_1_298' title='bbox 730 2671 826 2722; x_wconf 81' lang='grc' dir='ltr'><strong>Ἐκ</strong></span> <span class='ocrx_word' id='word_1_299' title='bbox 859 2669 993 2724; x_wconf 87' lang='grc' dir='ltr'><strong>Θεοῦ</strong></span> <span class='ocrx_word' id='word_1_300' title='bbox 1049 2676 1142 2724; x_wconf 79' lang='grc' dir='ltr'><strong>καὶ</strong></span> <span class='ocrx_word' id='word_1_301' title='bbox 1189 2669 1405 2740; x_wconf 77' lang='grc' dir='ltr'><strong>Πατρδς</strong></span> <span class='ocrx_word' id='word_1_302' title='bbox 1451 2671 1511 2722; x_wconf 79' lang='grc' dir='ltr'><strong>τὸ</strong></span> <span class='ocrx_word' id='word_1_303' title='bbox 1547 2669 1774 2744; x_wconf 80' lang='grc' dir='ltr'><strong>Πνεῦμα</strong></span> 
     </span>
    </p>
   </div>
   <div class='ocr_carea' id='block_1_43' title="bbox 179 2760 1764 2833">
    <p class='ocr_par' dir='ltr' id='par_1_43' title="bbox 179 2760 1764 2833">
     <span class='ocr_line' id='line_1_43' title="bbox 179 2760 1764 2833; baseline 0.008 -20"><span class='ocrx_word' id='word_1_304' title='bbox 179 2762 251 2813; x_wconf 76' lang='lat' dir='ltr'><strong>r6</strong></span> <span class='ocrx_word' id='word_1_305' title='bbox 281 2762 437 2826; x_wconf 70' lang='grc' dir='ltr'>ἅγιον</span> <span class='ocrx_word' id='word_1_306' title='bbox 460 2760 818 2830; x_wconf 71' lang='grc' dir='ltr'><strong>ἐκπορεύεται</strong></span> <span class='ocrx_word' id='word_1_307' title='bbox 842 2764 982 2817; x_wconf 79' lang='grc' dir='ltr'><strong>κατᾶ</strong></span> <span class='ocrx_word' id='word_1_308' title='bbox 1003 2765 1101 2832; x_wconf 83' lang='grc' dir='ltr'><strong>τὴν</strong></span> <span class='ocrx_word' id='word_1_309' title='bbox 1118 2763 1211 2816; x_wconf 86' lang='grc' dir='ltr'><strong>τοῦ</strong></span> <span class='ocrx_word' id='word_1_310' title='bbox 1245 2762 1498 2833; x_wconf 72' lang='grc' dir='ltr'><strong>Σωτῆρος</strong></span> <span class='ocrx_word' id='word_1_311' title='bbox 1527 2762 1764 2831; x_wconf 70' lang='grc' dir='ltr'><strong>φωνῆνς)</strong></span> 
     </span>
    </p>
   </div>
   <div class='ocr_carea' id='block_1_44' title="bbox 182 2851 1774 2924">
    <p class='ocr_par' dir='ltr' id='par_1_44' title="bbox 182 2851 1774 2924">
     <span class='ocr_line' id='line_1_44' title="bbox 182 2851 1774 2924; baseline 0.002 -22"><span class='ocrx_word' id='word_1_312' title='bbox 182 2851 281 2904; x_wconf 68' lang='grc' dir='ltr'><strong>διὰ</strong></span> <span class='ocrx_word' id='word_1_313' title='bbox 315 2855 415 2919; x_wconf 70' lang='grc' dir='ltr'><strong>τῆς</strong></span> <span class='ocrx_word' id='word_1_314' title='bbox 463 2852 824 2920; x_wconf 80' lang='grc' dir='ltr'>εὐαγγελικῆς</span> <span class='ocrx_word' id='word_1_315' title='bbox 851 2852 1055 2922; x_wconf 75' lang='grc' dir='ltr'><strong>ταύτης</strong></span> <span class='ocrx_word' id='word_1_316' title='bbox 1083 2853 1393 2922; x_wconf 76' lang='grc' dir='ltr'><strong>μαρτυρίας</strong></span> <span class='ocrx_word' id='word_1_317' title='bbox 1425 2851 1524 2924; x_wconf 79' lang='grc' dir='ltr'><strong>τὴν</strong></span> <span class='ocrx_word' id='word_1_318' title='bbox 1566 2853 1629 2905; x_wconf 77' lang='grc' dir='ltr'><strong>ἐκ</strong></span> <span class='ocrx_word' id='word_1_319' title='bbox 1660 2852 1774 2904; x_wconf 89' lang='grc' dir='ltr'><strong>Πα-</strong></span> 
     </span>
    </p>
   </div>
   <div class='ocr_carea' id='block_1_45' title="bbox 182 2937 1771 3014">
    <p class='ocr_par' dir='ltr' id='par_1_45' title="bbox 182 2937 1771 3014">
     <span class='ocr_line' id='line_1_45' title="bbox 182 2937 1771 3014; baseline 0.001 -22"><span class='ocrx_word' id='word_1_320' title='bbox 182 2937 319 3007; x_wconf 68' lang='lat' dir='ltr'><strong>rp’);</strong></span> <span class='ocrx_word' id='word_1_321' title='bbox 344 2937 438 2993; x_wconf 84' lang='grc' dir='ltr'><strong>τοῦ</strong></span> <span class='ocrx_word' id='word_1_322' title='bbox 469 2941 787 3012; x_wconf 72' lang='grc' dir='ltr'><strong>Πνεύματος</strong></span> <span class='ocrx_word' id='word_1_323' title='bbox 843 2942 1160 3012; x_wconf 77' lang='grc' dir='ltr'><strong>συνίστησιν</strong></span> <span class='ocrx_word' id='word_1_324' title='bbox 1196 2942 1430 3014; x_wconf 77' lang='grc' dir='ltr'><strong>ὕπαρξιν</strong></span> <span class='ocrx_word' id='word_1_325' title='bbox 1452 2960 1465 2974; x_wconf 82' lang='grc'>⁶</span> <span class='ocrx_word' id='word_1_326' title='bbox 1503 2945 1560 2996; x_wconf 85' lang='grc' dir='ltr'><strong>ὲν</strong></span> <span class='ocrx_word' id='word_1_327' title='bbox 1588 2944 1642 2996; x_wconf 78' lang='grc' dir='ltr'><strong>δὲ</strong></span> <span class='ocrx_word' id='word_1_328' title='bbox 1675 2945 1771 3012; x_wconf 80' lang='grc' dir='ltr'><strong>τῷ,</strong></span> 
     </span>
    </p>
   </div>
   <div class='ocr_carea' id='block_1_46' title="bbox 191 3033 1769 3105">
    <p class='ocr_par' dir='ltr' id='par_1_46' title="bbox 191 3033 1769 3105">
     <span class='ocr_line' id='line_1_46' title="bbox 191 3033 1769 3105; baseline 0.002 -20"><span class='ocrx_word' id='word_1_329' title='bbox 191 3053 214 3086; x_wconf 83' lang='grc'>‹</span> <span class='ocrx_word' id='word_1_330' title='bbox 249 3033 392 3086; x_wconf 77' lang='grc' dir='ltr'>Ἀλλ’</span> <span class='ocrx_word' id='word_1_331' title='bbox 419 3034 540 3086; x_wconf 71' lang='grc' dir='ltr'><strong>οὐδὲ</strong></span> <span class='ocrx_word' id='word_1_332' title='bbox 594 3034 875 3105; x_wconf 78' lang='grc' dir='ltr'><strong>ἀλλότριον</strong></span> <span class='ocrx_word' id='word_1_333' title='bbox 921 3035 1015 3088; x_wconf 89' lang='grc' dir='ltr'><strong>τοῦ</strong></span> <span class='ocrx_word' id='word_1_334' title='bbox 1049 3035 1180 3089; x_wconf 81' lang='grc' dir='ltr'><strong>Υἰοῦ</strong></span> <span class='ocrx_word' id='word_1_335' title='bbox 1239 3038 1407 3100; x_wconf 77' lang='grc' dir='ltr'><strong>ἐστιν,</strong></span> <span class='ocrx_word' id='word_1_336' title='bbox 1447 3056 1466 3088; x_wconf 71' lang='grc' dir='ltr'><strong>ι</strong></span> <span class='ocrx_word' id='word_1_337' title='bbox 1520 3038 1769 3105; x_wconf 65' lang='grc' dir='ltr'><strong>ἐπάγειν,</strong></span> 
     </span>
    </p>
   </div>
   <div class='ocr_carea' id='block_1_47' title="bbox 185 3124 1773 3198">
    <p class='ocr_par' dir='ltr' id='par_1_47' title="bbox 185 3124 1773 3198">
     <span class='ocr_line' id='line_1_47' title="bbox 185 3124 1773 3198; baseline 0.002 -20"><span class='ocrx_word' id='word_1_338' title='bbox 185 3127 384 3178; x_wconf 72' lang='grc' dir='ltr'><strong>καὶ-ἐκ</strong></span> <span class='ocrx_word' id='word_1_339' title='bbox 413 3125 509 3179; x_wconf 86' lang='grc' dir='ltr'><strong>τοῦ</strong></span> <span class='ocrx_word' id='word_1_340' title='bbox 541 3127 673 3180; x_wconf 83' lang='grc' dir='ltr'><strong>Υίοῦ</strong></span> <span class='ocrx_word' id='word_1_341' title='bbox 711 3124 852 3181; x_wconf 70' lang='grc' dir='ltr'><strong>εἶναι</strong></span> <span class='ocrx_word' id='word_1_342' title='bbox 892 3127 1022 3180; x_wconf 78' lang='grc' dir='ltr'><strong>αὐτὸ</strong></span> <span class='ocrx_word' id='word_1_343' title='bbox 1049 3129 1410 3198; x_wconf 80' lang='grc' dir='ltr'><strong>ὑπεμφαίνει.</strong></span> <span class='ocrx_word' id='word_1_344' title='bbox 1449 3130 1560 3182; x_wconf 80' lang='grc' dir='ltr'><strong>Καὶ</strong></span> <span class='ocrx_word' id='word_1_345' title='bbox 1615 3146 1773 3181; x_wconf 87' lang='grc' dir='ltr'><strong>συνο-</strong></span> 
     </span>
    </p>
   </div>
   <div class='ocr_carea' id='block_1_48' title="bbox 189 3219 1771 3290">
    <p class='ocr_par' dir='ltr' id='par_1_48' title="bbox 189 3219 1771 3290">
     <span class='ocr_line' id='line_1_48' title="bbox 189 3219 1771 3290; baseline 0.002 -21"><span class='ocrx_word' id='word_1_346' title='bbox 189 3219 488 3288; x_wconf 76' lang='grc' dir='ltr'>μολογήσει</span> <span class='ocrx_word' id='word_1_347' title='bbox 517 3237 606 3289; x_wconf 86' lang='grc' dir='ltr'><strong>μοι</strong></span> <span class='ocrx_word' id='word_1_348' title='bbox 630 3221 762 3286; x_wconf 75' lang='grc' dir='ltr'><strong>πᾶς,</strong></span> <span class='ocrx_word' id='word_1_349' title='bbox 796 3220 852 3282; x_wconf 81' lang='grc' dir='ltr'><strong>ὃς</strong></span> <span class='ocrx_word' id='word_1_350' title='bbox 881 3219 975 3272; x_wconf 83' lang='grc' dir='ltr'><strong>τοῦ</strong></span> <span class='ocrx_word' id='word_1_351' title='bbox 1000 3222 1197 3282; x_wconf 77' lang='grc' dir='ltr'><strong>παντὸς</strong></span> <span class='ocrx_word' id='word_1_352' title='bbox 1232 3221 1330 3289; x_wconf 86' lang='grc' dir='ltr'><strong>τὴν</strong></span> <span class='ocrx_word' id='word_1_353' title='bbox 1357 3221 1614 3290; x_wconf 67' lang='grc' dir='ltr'><strong>ἀλήθειαν</strong></span> <span class='ocrx_word' id='word_1_354' title='bbox 1642 3239 1771 3290; x_wconf 80' lang='grc' dir='ltr'><strong>προ·</strong></span> 
     </span>
    </p>
   </div>
   <div class='ocr_carea' id='block_1_49' title="bbox 186 3311 1777 3380">
    <p class='ocr_par' dir='ltr' id='par_1_49' title="bbox 186 3311 1777 3380">
     <span class='ocr_line' id='line_1_49' title="bbox 186 3311 1777 3380; baseline 0 -16"><span class='ocrx_word' id='word_1_355' title='bbox 186 3311 480 3379; x_wconf 70' lang='grc' dir='ltr'><strong>τιθέμενος</strong></span> <span class='ocrx_word' id='word_1_356' title='bbox 508 3313 600 3364; x_wconf 80' lang='grc' dir='ltr'><strong>τὸν</strong></span> <span class='ocrx_word' id='word_1_357' title='bbox 626 3312 785 3378; x_wconf 76' lang='grc' dir='ltr'>λόγον</span> <span class='ocrx_word' id='word_1_358' title='bbox 819 3312 1089 3380; x_wconf 79' lang='grc' dir='ltr'>ὁμολογεῖ,</span> <span class='ocrx_word' id='word_1_359' title='bbox 1121 3312 1240 3365; x_wconf 82' lang='grc' dir='ltr'><strong>καθ’</strong></span> <span class='ocrx_word' id='word_1_360' title='bbox 1269 3314 1326 3364; x_wconf 85' lang='grc' dir='ltr'><strong>ὃν</strong></span> <span class='ocrx_word' id='word_1_361' title='bbox 1357 3315 1472 3365; x_wconf 82' lang='grc' dir='ltr'><strong>ἐστι</strong></span> <span class='ocrx_word' id='word_1_362' title='bbox 1523 3315 1582 3364; x_wconf 79' lang='grc' dir='ltr'><strong>τὸ</strong></span> <span class='ocrx_word' id='word_1_363' title='bbox 1607 3312 1777 3364; x_wconf 64' lang='grc' dir='ltr'><strong>Πνεῦα</strong></span> 
     </span>
    </p>
   </div>
   <div class='ocr_carea' id='block_1_50' title="bbox 192 3401 1776 3473">
    <p class='ocr_par' dir='ltr' id='par_1_50' title="bbox 192 3401 1776 3473">
     <span class='ocr_line' id='line_1_50' title="bbox 192 3401 1776 3473; baseline 0.001 -18"><span class='ocrx_word' id='word_1_364' title='bbox 192 3421 275 3470; x_wconf 77' lang='grc' dir='ltr'><strong>μα</strong></span> <span class='ocrx_word' id='word_1_365' title='bbox 306 3401 436 3460; x_wconf 64' lang='grc' dir='ltr'><strong>ἴδιον</strong></span> <span class='ocrx_word' id='word_1_366' title='bbox 467 3401 563 3455; x_wconf 88' lang='grc' dir='ltr'><strong>τοῦ</strong></span> <span class='ocrx_word' id='word_1_367' title='bbox 589 3402 718 3456; x_wconf 83' lang='grc' dir='ltr'><strong>Υίοῦ</strong></span> <span class='ocrx_word' id='word_1_368' title='bbox 741 3419 754 3432; x_wconf 77' lang='grc'><strong><em>⁸</em></strong></span> <span class='ocrx_word' id='word_1_369' title='bbox 782 3404 903 3456; x_wconf 74' lang='grc' dir='ltr'><strong>εἰδὲ</strong></span> <span class='ocrx_word' id='word_1_370' title='bbox 936 3404 1114 3473; x_wconf 70' lang='grc' dir='ltr'><strong>βούλει</strong></span> <span class='ocrx_word' id='word_1_371' title='bbox 1143 3407 1233 3457; x_wconf 71' lang='grc' dir='ltr'><strong>καὶ</strong></span> <span class='ocrx_word' id='word_1_372' title='bbox 1262 3405 1345 3458; x_wconf 89' lang='grc' dir='ltr'><strong>σύ.</strong></span> <span class='ocrx_word' id='word_1_373' title='bbox 1379 3405 1564 3465; x_wconf 85' lang='grc' dir='ltr'><strong>Ὅπως</strong></span> <span class='ocrx_word' id='word_1_374' title='bbox 1596 3404 1650 3456; x_wconf 79' lang='grc' dir='ltr'><strong>δὲ</strong></span> <span class='ocrx_word' id='word_1_375' title='bbox 1678 3404 1776 3456; x_wconf 79' lang='grc' dir='ltr'><strong>καὶ</strong></span> 
     </span>
    </p>
   </div>
   <div class='ocr_carea' id='block_1_51' title="bbox 187 3494 1776 3561">
    <p class='ocr_par' dir='ltr' id='par_1_51' title="bbox 187 3494 1776 3561">
     <span class='ocr_line' id='line_1_51' title="bbox 187 3494 1776 3561; baseline 0.002 -15"><span class='ocrx_word' id='word_1_376' title='bbox 187 3495 302 3556; x_wconf 75' lang='grc' dir='ltr'><strong>σὺ,</strong></span> <span class='ocrx_word' id='word_1_377' title='bbox 325 3495 490 3561; x_wconf 81' lang='grc' dir='ltr'>λέγω,</span> <span class='ocrx_word' id='word_1_378' title='bbox 529 3497 742 3548; x_wconf 76' lang='grc' dir='ltr'><strong>σκόπει.</strong></span> <span class='ocrx_word' id='word_1_379' title='bbox 781 3494 844 3547; x_wconf 85' lang='grc' dir='ltr'><strong>Τί</strong></span> <span class='ocrx_word' id='word_1_380' title='bbox 900 3497 1049 3548; x_wconf 85' lang='grc' dir='ltr'><strong>δοκεῖ</strong></span> <span class='ocrx_word' id='word_1_381' title='bbox 1085 3513 1200 3561; x_wconf 76' lang='grc' dir='ltr'><strong>σοις</strong></span> <span class='ocrx_word' id='word_1_382' title='bbox 1263 3496 1600 3549; x_wconf 78' lang='grc' dir='ltr'><strong>Πυνοὰνεται</strong></span> <span class='ocrx_word' id='word_1_383' title='bbox 1655 3495 1776 3549; x_wconf 84' lang='grc' dir='ltr'><strong>κατ’</strong></span> 
     </span>
    </p>
   </div>
   <div class='ocr_carea' id='block_1_52' title="bbox 190 3585 1779 3657">
    <p class='ocr_par' dir='ltr' id='par_1_52' title="bbox 190 3585 1779 3657">
     <span class='ocr_line' id='line_1_52' title="bbox 190 3585 1779 3657; baseline 0.003 -22"><span class='ocrx_word' id='word_1_384' title='bbox 190 3585 466 3655; x_wconf 74' lang='grc' dir='ltr'><strong>ἐρώτησιν</strong></span> <span class='ocrx_word' id='word_1_385' title='bbox 490 3588 516 3638; x_wconf 91' lang='lat'><strong>6</strong></span> <span class='ocrx_word' id='word_1_386' title='bbox 542 3586 697 3654; x_wconf 82' lang='grc' dir='ltr'>λόγος</span> <span class='ocrx_word' id='word_1_387' title='bbox 725 3587 1149 3656; x_wconf 76' lang='grc' dir='ltr'><strong>ἀποτεινόμενος</strong></span> <span class='ocrx_word' id='word_1_388' title='bbox 1180 3605 1230 3640; x_wconf 80' lang='grc' dir='ltr'><strong>τι</strong></span> <span class='ocrx_word' id='word_1_389' title='bbox 1262 3591 1505 3657; x_wconf 80' lang='grc' dir='ltr'><strong>κρατεῖν,</strong></span> <span class='ocrx_word' id='word_1_390' title='bbox 1537 3589 1610 3650; x_wconf 85' lang='grc' dir='ltr'>ὡς</span> <span class='ocrx_word' id='word_1_391' title='bbox 1638 3589 1779 3656; x_wconf 70' lang='grc' dir='ltr'><strong>λῆμα</strong></span> 
     </span>
    </p>
   </div>
   <div class='ocr_carea' id='block_1_53' title="bbox 193 3679 1777 3749">
    <p class='ocr_par' dir='ltr' id='par_1_53' title="bbox 193 3679 1777 3749">
     <span class='ocr_line' id='line_1_53' title="bbox 193 3679 1777 3749; baseline 0.003 -21"><span class='ocrx_word' id='word_1_392' title='bbox 193 3695 275 3744; x_wconf 79' lang='grc' dir='ltr'><strong>μα</strong></span> <span class='ocrx_word' id='word_1_393' title='bbox 316 3679 422 3729; x_wconf 84' lang='grc' dir='ltr'><strong>τῶν</strong></span> <span class='ocrx_word' id='word_1_394' title='bbox 446 3679 761 3745; x_wconf 77' lang='grc' dir='ltr'><strong>ἀναγκαίων</strong></span> <span class='ocrx_word' id='word_1_395' title='bbox 805 3680 979 3731; x_wconf 79' lang='grc' dir='ltr'><strong>ἐκεῖνο</strong></span> <span class='ocrx_word' id='word_1_396' title='bbox 1032 3679 1142 3731; x_wconf 84' lang='grc' dir='ltr'><strong>τῶν</strong></span> <span class='ocrx_word' id='word_1_397' title='bbox 1189 3679 1514 3733; x_wconf 72' lang='grc' dir='ltr'><strong>Ἀθανασίου</strong></span> <span class='ocrx_word' id='word_1_398' title='bbox 1572 3680 1777 3749; x_wconf 68' lang='grc' dir='ltr'><strong>ῥητῶν,</strong></span> 
     </span>
    </p>
   </div>
   <div class='ocr_carea' id='block_1_54' title="bbox 190 3761 1781 3841">
    <p class='ocr_par' dir='ltr' id='par_1_54' title="bbox 190 3761 1781 3841">
     <span class='ocr_line' id='line_1_54' title="bbox 190 3761 1781 3841; baseline 0.003 -23"><span class='ocrx_word' id='word_1_399' title='bbox 190 3771 254 3819; x_wconf 64' lang='grc' dir='ltr'><strong>ἐν</strong></span> <span class='ocrx_word' id='word_1_400' title='bbox 286 3761 330 3833; x_wconf 82' lang='grc' dir='ltr'>ᾧ</span> <span class='ocrx_word' id='word_1_401' title='bbox 353 3785 508 3838; x_wconf 82' lang='grc' dir='ltr'><strong>φησι,</strong></span> <span class='ocrx_word' id='word_1_402' title='bbox 554 3787 572 3820; x_wconf 79' lang='grc' dir='ltr'><strong>ι</strong></span> <span class='ocrx_word' id='word_1_403' title='bbox 606 3770 865 3838; x_wconf 86' lang='grc' dir='ltr'><strong>τοιαύτην</strong></span> <span class='ocrx_word' id='word_1_404' title='bbox 902 3771 1047 3841; x_wconf 66' lang='grc' dir='ltr'><strong>ἔχειν</strong></span> <span class='ocrx_word' id='word_1_405' title='bbox 1075 3773 1174 3840; x_wconf 82' lang='grc' dir='ltr'><strong>τὴν</strong></span> <span class='ocrx_word' id='word_1_406' title='bbox 1214 3771 1374 3839; x_wconf 77' lang='grc' dir='ltr'><strong>φύσιν</strong></span> <span class='ocrx_word' id='word_1_407' title='bbox 1424 3772 1517 3824; x_wconf 79' lang='grc' dir='ltr'><strong>καὶ</strong></span> <span class='ocrx_word' id='word_1_408' title='bbox 1545 3772 1696 3836; x_wconf 80' lang='grc' dir='ltr'><strong>τάξιν</strong></span> <span class='ocrx_word' id='word_1_409' title='bbox 1721 3772 1781 3824; x_wconf 82' lang='lat' dir='ltr'><strong>r6</strong></span> 
     </span>
    </p>
   </div>
   <div class='ocr_carea' id='block_1_55' title="bbox 194 3859 1772 3936">
    <p class='ocr_par' dir='ltr' id='par_1_55' title="bbox 194 3859 1772 3936">
     <span class='ocr_line' id='line_1_55' title="bbox 194 3859 1772 3936; baseline 0.005 -24"><span class='ocrx_word' id='word_1_410' title='bbox 194 3859 423 3929; x_wconf 67' lang='grc' dir='ltr'><strong>Πνεῦμα</strong></span> <span class='ocrx_word' id='word_1_411' title='bbox 454 3861 590 3930; x_wconf 67' lang='grc' dir='ltr'>πρὸς</span> <span class='ocrx_word' id='word_1_412' title='bbox 628 3862 720 3915; x_wconf 80' lang='grc' dir='ltr'><strong>τὸν</strong></span> <span class='ocrx_word' id='word_1_413' title='bbox 754 3862 906 3928; x_wconf 84' lang='grc' dir='ltr'><strong>Υἱὸν,</strong></span> <span class='ocrx_word' id='word_1_414' title='bbox 965 3863 1088 3916; x_wconf 83' lang='grc' dir='ltr'>οἵαν</span> <span class='ocrx_word' id='word_1_415' title='bbox 1120 3864 1149 3915; x_wconf 91' lang='lat'><strong>6</strong></span> <span class='ocrx_word' id='word_1_416' title='bbox 1189 3864 1314 3926; x_wconf 57' lang='lat' dir='ltr'><strong>re»;</strong></span> <span class='ocrx_word' id='word_1_417' title='bbox 1348 3863 1462 3935; x_wconf 77' lang='grc' dir='ltr'><strong>ἔχει</strong></span> <span class='ocrx_word' id='word_1_418' title='bbox 1496 3866 1633 3936; x_wconf 80' lang='grc' dir='ltr'><strong>πρὸς</strong></span> <span class='ocrx_word' id='word_1_419' title='bbox 1681 3866 1772 3921; x_wconf 80' lang='grc' dir='ltr'><strong>τὸν</strong></span> 
     </span>
    </p>
   </div>
   <div class='ocr_carea' id='block_1_56' title="bbox 195 3952 1777 4027">
    <p class='ocr_par' dir='ltr' id='par_1_56' title="bbox 195 3952 1777 4027">
     <span class='ocr_line' id='line_1_56' title="bbox 195 3952 1777 4027; baseline 0.004 -23"><span class='ocrx_word' id='word_1_420' title='bbox 195 3953 435 4023; x_wconf 72' lang='grc' dir='ltr'><strong>Πατέρα.</strong></span> <span class='ocrx_word' id='word_1_421' title='bbox 474 3972 492 4004; x_wconf 76' lang='grc' dir='ltr'><strong>ι</strong></span> <span class='ocrx_word' id='word_1_422' title='bbox 536 3954 604 4005; x_wconf 82' lang='grc' dir='ltr'><strong>’Ῑί</strong></span> <span class='ocrx_word' id='word_1_423' title='bbox 634 3953 688 4005; x_wconf 87' lang='grc' dir='ltr'><strong>τί</strong></span> <span class='ocrx_word' id='word_1_424' title='bbox 735 3953 864 4006; x_wconf 74' lang='grc' dir='ltr'>ἄλλο</span> <span class='ocrx_word' id='word_1_425' title='bbox 897 3954 1079 4023; x_wconf 81' lang='grc' dir='ltr'><strong>ὲρεῖς;</strong></span> <span class='ocrx_word' id='word_1_426' title='bbox 1143 3957 1402 4024; x_wconf 82' lang='grc' dir='ltr'><strong>Κρατείν,</strong></span> <span class='ocrx_word' id='word_1_427' title='bbox 1429 3952 1566 4022; x_wconf 75' lang='grc' dir='ltr'>οῖδα,</span> <span class='ocrx_word' id='word_1_428' title='bbox 1600 3961 1777 4027; x_wconf 81' lang='grc' dir='ltr'><strong>ἐρεῖς,</strong></span> 
     </span>
    </p>
   </div>
   <div class='ocr_carea' id='block_1_57' title="bbox 194 4046 1777 4120">
    <p class='ocr_par' dir='ltr' id='par_1_57' title="bbox 194 4046 1777 4120">
     <span class='ocr_line' id='line_1_57' title="bbox 194 4046 1777 4120; baseline 0.005 -24"><span class='ocrx_word' id='word_1_429' title='bbox 194 4049 321 4099; x_wconf 70' lang='grc' dir='ltr'>ἐπεὶ</span> <span class='ocrx_word' id='word_1_430' title='bbox 349 4047 513 4114; x_wconf 77' lang='grc' dir='ltr'><strong>μηδὲν</strong></span> <span class='ocrx_word' id='word_1_431' title='bbox 531 4046 672 4116; x_wconf 79' lang='grc' dir='ltr'><strong>ἔχεις</strong></span> <span class='ocrx_word' id='word_1_432' title='bbox 705 4047 990 4100; x_wconf 82' lang='grc' dir='ltr'><strong>κάνταῦθα</strong></span> <span class='ocrx_word' id='word_1_433' title='bbox 1008 4050 1072 4117; x_wconf 81' lang='grc' dir='ltr'><strong>τῇ</strong></span> <span class='ocrx_word' id='word_1_434' title='bbox 1094 4048 1388 4118; x_wconf 79' lang='grc' dir='ltr'><strong>περιεργία</strong></span> <span class='ocrx_word' id='word_1_435' title='bbox 1416 4050 1777 4120; x_wconf 79' lang='grc' dir='ltr'><strong>χαρίσασθαι.</strong></span> 
     </span>
    </p>
   </div>
   <div class='ocr_carea' id='block_1_58' title="bbox 196 4139 1775 4218">
    <p class='ocr_par' dir='ltr' id='par_1_58' title="bbox 196 4139 1775 4218">
     <span class='ocr_line' id='line_1_58' title="bbox 196 4139 1775 4218; baseline 0.005 -29"><span class='ocrx_word' id='word_1_436' title='bbox 196 4140 259 4192; x_wconf 79' lang='lat' dir='ltr'><strong>El</strong></span> <span class='ocrx_word' id='word_1_437' title='bbox 299 4139 425 4206; x_wconf 83' lang='grc' dir='ltr'><strong>γοῦν</strong></span> <span class='ocrx_word' id='word_1_438' title='bbox 455 4140 552 4207; x_wconf 76' lang='grc' dir='ltr'><strong>τὴν</strong></span> <span class='ocrx_word' id='word_1_439' title='bbox 583 4140 782 4210; x_wconf 77' lang='grc' dir='ltr'><strong>χρῆσιν</strong></span> <span class='ocrx_word' id='word_1_440' title='bbox 828 4144 1056 4208; x_wconf 81' lang='grc' dir='ltr'><strong>κρατεῖν</strong></span> <span class='ocrx_word' id='word_1_441' title='bbox 1103 4141 1229 4211; x_wconf 81' lang='grc' dir='ltr'><strong>χρὴ,</strong></span> <span class='ocrx_word' id='word_1_442' title='bbox 1290 4143 1509 4218; x_wconf 73' lang='grc' dir='ltr'><strong>παντως</strong></span> <span class='ocrx_word' id='word_1_443' title='bbox 1557 4144 1615 4197; x_wconf 81' lang='grc' dir='ltr'><strong>δὲ</strong></span> <span class='ocrx_word' id='word_1_444' title='bbox 1647 4147 1775 4215; x_wconf 79' lang='grc' dir='ltr'><strong>χρὴ,</strong></span> 
     </span>
    </p>
   </div>
   <div class='ocr_carea' id='block_1_59' title="bbox 193 4229 1778 4301">
    <p class='ocr_par' dir='ltr' id='par_1_59' title="bbox 193 4229 1778 4301">
     <span class='ocr_line' id='line_1_59' title="bbox 193 4229 1778 4301; baseline 0.005 -22"><span class='ocrx_word' id='word_1_445' title='bbox 193 4232 245 4280; x_wconf 78' lang='grc' dir='ltr'><strong>εί</strong></span> <span class='ocrx_word' id='word_1_446' title='bbox 293 4230 593 4298; x_wconf 85' lang='grc' dir='ltr'><strong>μέμνησαι,</strong></span> <span class='ocrx_word' id='word_1_447' title='bbox 645 4231 738 4282; x_wconf 73' lang='grc' dir='ltr'><strong>καὶ</strong></span> <span class='ocrx_word' id='word_1_448' title='bbox 794 4230 958 4282; x_wconf 83' lang='grc' dir='ltr'><strong>πάλιν</strong></span> <span class='ocrx_word' id='word_1_449' title='bbox 1006 4231 1271 4301; x_wconf 76' lang='grc' dir='ltr'><strong>ἐρωτήσει</strong></span> <span class='ocrx_word' id='word_1_450' title='bbox 1314 4234 1341 4285; x_wconf 94' lang='lat'><strong>6</strong></span> <span class='ocrx_word' id='word_1_451' title='bbox 1376 4229 1532 4299; x_wconf 81' lang='grc' dir='ltr'>λόγος</span> <span class='ocrx_word' id='word_1_452' title='bbox 1583 4251 1665 4300; x_wconf 83' lang='grc' dir='ltr'><strong>σε,</strong></span> <span class='ocrx_word' id='word_1_453' title='bbox 1698 4237 1778 4287; x_wconf 83' lang='grc' dir='ltr'><strong>ὅτι</strong></span> 
     </span>
    </p>
   </div>
   <div class='ocr_carea' id='block_1_60' title="bbox 193 4321 1779 4397">
    <p class='ocr_par' dir='ltr' id='par_1_60' title="bbox 193 4321 1779 4397">
     <span class='ocr_line' id='line_1_60' title="bbox 193 4321 1779 4397; baseline 0.007 -26"><span class='ocrx_word' id='word_1_454' title='bbox 193 4323 298 4386; x_wconf 81' lang='grc' dir='ltr'><strong>τὴν</strong></span> <span class='ocrx_word' id='word_1_455' title='bbox 324 4321 489 4389; x_wconf 81' lang='grc' dir='ltr'>ἄλλην</span> <span class='ocrx_word' id='word_1_456' title='bbox 521 4323 977 4378; x_wconf 73' lang='grc' dir='ltr'><strong>τιῦν-Ἀοανασίου</strong></span> <span class='ocrx_word' id='word_1_457' title='bbox 1031 4325 1245 4393; x_wconf 80' lang='grc' dir='ltr'><strong>ῥήσεων</strong></span> <span class='ocrx_word' id='word_1_458' title='bbox 1274 4324 1402 4395; x_wconf 78' lang='grc' dir='ltr'><strong>τὴν,</strong></span> <span class='ocrx_word' id='word_1_459' title='bbox 1446 4345 1463 4376; x_wconf 78' lang='grc' dir='ltr'><strong>ι</strong></span> <span class='ocrx_word' id='word_1_460' title='bbox 1494 4327 1715 4397; x_wconf 76' lang='grc' dir='ltr'><strong>Ἐπειδὴ</strong></span> <span class='ocrx_word' id='word_1_461' title='bbox 1753 4331 1779 4382; x_wconf 93' lang='lat'><strong>6</strong></span> 
     </span>
    </p>
   </div>
   <div class='ocr_carea' id='block_1_61' title="bbox 196 4415 1780 4488">
    <p class='ocr_par' dir='ltr' id='par_1_61' title="bbox 196 4415 1780 4488">
     <span class='ocr_line' id='line_1_61' title="bbox 196 4415 1780 4488; baseline 0.005 -23"><span class='ocrx_word' id='word_1_462' title='bbox 196 4415 326 4475; x_wconf 64' lang='lat' dir='ltr'><strong>T25;</strong></span> <span class='ocrx_word' id='word_1_463' title='bbox 353 4417 415 4466; x_wconf 82' lang='grc' dir='ltr'><strong>ἐκ</strong></span> <span class='ocrx_word' id='word_1_464' title='bbox 445 4415 537 4466; x_wconf 83' lang='grc' dir='ltr'><strong>τοῦ</strong></span> <span class='ocrx_word' id='word_1_465' title='bbox 571 4415 705 4467; x_wconf 83' lang='grc' dir='ltr'>Θεοῦ</span> <span class='ocrx_word' id='word_1_466' title='bbox 737 4416 904 4481; x_wconf 78' lang='grc' dir='ltr'><strong>ἑστι,›</strong></span> <span class='ocrx_word' id='word_1_467' title='bbox 940 4417 1220 4483; x_wconf 78' lang='grc' dir='ltr'><strong>λέγουσαν,</strong></span> <span class='ocrx_word' id='word_1_468' title='bbox 1257 4419 1421 4481; x_wconf 70' lang='grc' dir='ltr'><strong>(ἴδιος</strong></span> <span class='ocrx_word' id='word_1_469' title='bbox 1462 4421 1561 4488; x_wconf 81' lang='grc' dir='ltr'><strong>τῆς</strong></span> <span class='ocrx_word' id='word_1_470' title='bbox 1590 4421 1780 4483; x_wconf 76' lang='grc' dir='ltr'><strong>οὐσίας</strong></span> 
     </span>
    </p>
   </div>
   <div class='ocr_carea' id='block_1_62' title="bbox 191 4506 1776 4583">
    <p class='ocr_par' dir='ltr' id='par_1_62' title="bbox 191 4506 1776 4583">
     <span class='ocr_line' id='line_1_62' title="bbox 191 4506 1776 4583; baseline 0.004 -23"><span class='ocrx_word' id='word_1_471' title='bbox 191 4507 364 4560; x_wconf 67' lang='grc' dir='ltr'><strong>αὒτοῦ</strong></span> <span class='ocrx_word' id='word_1_472' title='bbox 397 4510 534 4570; x_wconf 75' lang='grc' dir='ltr'><strong>ἐστι,</strong></span> <span class='ocrx_word' id='word_1_473' title='bbox 567 4527 584 4557; x_wconf 74' lang='grc' dir='ltr'><strong>ι</strong></span> <span class='ocrx_word' id='word_1_474' title='bbox 623 4506 699 4575; x_wconf 82' lang='grc' dir='ltr'><strong>τῷ</strong></span> <span class='ocrx_word' id='word_1_475' title='bbox 735 4508 856 4560; x_wconf 79' lang='grc' dir='ltr'><strong>καθ’</strong></span> <span class='ocrx_word' id='word_1_476' title='bbox 893 4508 1073 4578; x_wconf 80' lang='grc' dir='ltr'><strong>ἡμῶν,</strong></span> <span class='ocrx_word' id='word_1_477' title='bbox 1129 4510 1332 4578; x_wconf 76' lang='grc' dir='ltr'>μᾶλλον</span> <span class='ocrx_word' id='word_1_478' title='bbox 1395 4510 1452 4563; x_wconf 81' lang='grc' dir='ltr'><strong>δὲ</strong></span> <span class='ocrx_word' id='word_1_479' title='bbox 1486 4514 1625 4566; x_wconf 75' lang='grc' dir='ltr'><strong>κατᾶ</strong></span> <span class='ocrx_word' id='word_1_480' title='bbox 1678 4515 1776 4583; x_wconf 81' lang='grc' dir='ltr'><strong>τῆς</strong></span> 
     </span>
    </p>
   </div>
   <div class='ocr_carea' id='block_1_63' title="bbox 190 4599 1772 4674">
    <p class='ocr_par' dir='ltr' id='par_1_63' title="bbox 190 4599 1772 4674">
     <span class='ocr_line' id='line_1_63' title="bbox 190 4599 1772 4674; baseline 0.006 -23"><span class='ocrx_word' id='word_1_481' title='bbox 190 4600 455 4668; x_wconf 76' lang='grc' dir='ltr'><strong>ἀληθείας</strong></span> <span class='ocrx_word' id='word_1_482' title='bbox 506 4599 878 4668; x_wconf 79' lang='grc' dir='ltr'><strong>σχεδιασθέντι</strong></span> <span class='ocrx_word' id='word_1_483' title='bbox 933 4617 1016 4652; x_wconf 85' lang='grc' dir='ltr'><strong>σοι</strong></span> <span class='ocrx_word' id='word_1_484' title='bbox 1079 4602 1233 4670; x_wconf 84' lang='grc' dir='ltr'><strong>τὸμῳ</strong></span> <span class='ocrx_word' id='word_1_485' title='bbox 1307 4605 1772 4674; x_wconf 75' lang='grc' dir='ltr'><strong>συμπεριέλαϐες.</strong></span> 
     </span>
    </p>
   </div>
   <div class='ocr_carea' id='block_1_64' title="bbox 1876 2110 3461 2184">
    <p class='ocr_par' dir='ltr' id='par_1_64' title="bbox 1876 2110 3461 2184">
     <span class='ocr_line' id='line_1_64' title="bbox 1876 2110 3461 2184; baseline 0.003 -20"><span class='ocrx_word' id='word_1_486' title='bbox 1876 2118 1933 2164; x_wconf 82' lang='lat' dir='ltr'><strong>et</strong></span> <span class='ocrx_word' id='word_1_487' title='bbox 1963 2110 2078 2165; x_wconf 88' lang='lat' dir='ltr'><strong>ait:</strong></span> <span class='ocrx_word' id='word_1_488' title='bbox 2133 2111 2384 2166; x_wconf 79' lang='lat' dir='ltr'><strong>Procedit</strong></span> <span class='ocrx_word' id='word_1_489' title='bbox 2440 2115 2585 2168; x_wconf 92' lang='lat' dir='ltr'><strong>enim</strong></span> <span class='ocrx_word' id='word_1_490' title='bbox 2619 2130 2682 2169; x_wconf 82' lang='lat' dir='ltr'><strong>ex</strong></span> <span class='ocrx_word' id='word_1_491' title='bbox 2736 2114 2846 2169; x_wconf 88' lang='lat' dir='ltr'><strong>Deo</strong></span> <span class='ocrx_word' id='word_1_492' title='bbox 2898 2125 2949 2170; x_wconf 90' lang='lat' dir='ltr'><strong>et</strong></span> <span class='ocrx_word' id='word_1_493' title='bbox 3005 2116 3164 2169; x_wconf 80' lang='lat' dir='ltr'><strong>Patre</strong></span> <span class='ocrx_word' id='word_1_494' title='bbox 3216 2115 3461 2184; x_wconf 72' lang='lat' dir='ltr'><strong>Spiritus</strong></span> 
     </span>
    </p>
   </div>
   <div class='ocr_carea' id='block_1_65' title="bbox 1882 2205 3452 2271">
    <p class='ocr_par' dir='ltr' id='par_1_65' title="bbox 1882 2205 3452 2271">
     <span class='ocr_line' id='line_1_65' title="bbox 1882 2205 3452 2271; baseline 0.001 -14"><span class='ocrx_word' id='word_1_495' title='bbox 1882 2215 2109 2258; x_wconf 85' lang='lat' dir='ltr'><strong>sanctus</strong></span> <span class='ocrx_word' id='word_1_496' title='bbox 2142 2205 2441 2260; x_wconf 90' lang='lat' dir='ltr'><strong>secundum</strong></span> <span class='ocrx_word' id='word_1_497' title='bbox 2481 2206 2782 2261; x_wconf 88' lang='lat' dir='ltr'><strong>Salvatoris</strong></span> <span class='ocrx_word' id='word_1_498' title='bbox 2819 2222 3030 2271; x_wconf 89' lang='lat' dir='ltr'><strong>vocem,</strong></span> <span class='ocrx_word' id='word_1_499' title='bbox 3065 2218 3289 2262; x_wconf 88' lang='lat' dir='ltr'><strong>non-est</strong></span> <span class='ocrx_word' id='word_1_500' title='bbox 3320 2224 3452 2262; x_wconf 82' lang='lat' dir='ltr'><strong>vero</strong></span> 
     </span>
    </p>
   </div>
   <div class='ocr_carea' id='block_1_66' title="bbox 1880 2295 3456 2368">
    <p class='ocr_par' dir='ltr' id='par_1_66' title="bbox 1880 2295 3456 2368">
     <span class='ocr_line' id='line_1_66' title="bbox 1880 2295 3456 2368; baseline 0.002 -20"><span class='ocrx_word' id='word_1_501' title='bbox 1880 2295 2111 2351; x_wconf 89' lang='lat' dir='ltr'><strong>alienns&#39;</strong></span> <span class='ocrx_word' id='word_1_502' title='bbox 2139 2311 2166 2348; x_wconf 86' lang='lat' dir='ltr'><strong>a</strong></span> <span class='ocrx_word' id='word_1_503' title='bbox 2202 2296 2355 2353; x_wconf 82' lang='lat' dir='ltr'><strong>Filio.</strong></span> <span class='ocrx_word' id='word_1_504' title='bbox 2394 2316 2412 2350; x_wconf 75' lang='grc' dir='ltr'><strong>ι</strong></span> <span class='ocrx_word' id='word_1_505' title='bbox 2453 2297 2630 2368; x_wconf 78' lang='lat' dir='ltr'><strong>Euge,</strong></span> <span class='ocrx_word' id='word_1_506' title='bbox 2659 2300 2803 2368; x_wconf 79' lang='lat' dir='ltr'><strong>quod</strong></span> <span class='ocrx_word' id='word_1_507' title='bbox 2866 2301 3030 2368; x_wconf 87' lang='lat' dir='ltr'><strong>probe</strong></span> <span class='ocrx_word' id='word_1_508' title='bbox 3077 2299 3262 2367; x_wconf 87' lang='lat' dir='ltr'><strong>Cyrilli</strong></span> <span class='ocrx_word' id='word_1_509' title='bbox 3327 2316 3456 2366; x_wconf 83' lang='lat' dir='ltr'><strong>apu-</strong></span> 
     </span>
    </p>
   </div>
   <div class='ocr_carea' id='block_1_67' title="bbox 1883 2387 3453 2459">
    <p class='ocr_par' dir='ltr' id='par_1_67' title="bbox 1883 2387 3453 2459">
     <span class='ocr_line' id='line_1_67' title="bbox 1883 2387 3453 2459; baseline 0.001 -19"><span class='ocrx_word' id='word_1_510' title='bbox 1883 2387 2077 2456; x_wconf 82' lang='lat' dir='ltr'><strong>logiam</strong></span> <span class='ocrx_word' id='word_1_511' title='bbox 2128 2401 2328 2443; x_wconf 86' lang='lat' dir='ltr'><strong>sartam</strong></span> <span class='ocrx_word' id='word_1_512' title='bbox 2393 2398 2593 2444; x_wconf 84' lang='lat' dir='ltr'><strong>tectam</strong></span> <span class='ocrx_word' id='word_1_513' title='bbox 2643 2390 3000 2445; x_wconf 84' lang='lat' dir='ltr'><strong>conservasti.</strong></span> <span class='ocrx_word' id='word_1_514' title='bbox 3061 2393 3124 2444; x_wconf 81' lang='lat' dir='ltr'><strong>Et</strong></span> <span class='ocrx_word' id='word_1_515' title='bbox 3175 2392 3453 2459; x_wconf 81' lang='lat' dir='ltr'><strong>quodnam</strong></span> 
     </span>
    </p>
   </div>
   <div class='ocr_carea' id='block_1_68' title="bbox 1881 2477 3457 2550">
    <p class='ocr_par' dir='ltr' id='par_1_68' title="bbox 1881 2477 3457 2550">
     <span class='ocr_line' id='line_1_68' title="bbox 1881 2477 3457 2550; baseline 0.003 -20"><span class='ocrx_word' id='word_1_516' title='bbox 1881 2477 2029 2532; x_wconf 88' lang='lat' dir='ltr'><strong>aliud</strong></span> <span class='ocrx_word' id='word_1_517' title='bbox 2053 2477 2401 2534; x_wconf 71' lang='lat' dir='ltr'><strong>Theodoreti</strong></span> <span class='ocrx_word' id='word_1_518' title='bbox 2435 2481 2871 2550; x_wconf 89' lang='lat' dir='ltr'><strong>increpationum</strong></span> <span class='ocrx_word' id='word_1_519' title='bbox 2913 2482 3296 2536; x_wconf 80' lang='lat' dir='ltr'><strong>refutationem</strong></span> <span class='ocrx_word' id='word_1_520' title='bbox 3340 2499 3457 2534; x_wconf 78' lang='lat' dir='ltr'><strong>iue-</strong></span> 
     </span>
    </p>
   </div>
   <div class='ocr_carea' id='block_1_69' title="bbox 1885 2570 3458 2642">
    <p class='ocr_par' dir='ltr' id='par_1_69' title="bbox 1885 2570 3458 2642">
     <span class='ocr_line' id='line_1_69' title="bbox 1885 2570 3458 2642; baseline 0.001 -20"><span class='ocrx_word' id='word_1_521' title='bbox 1885 2570 1991 2624; x_wconf 87' lang='lat' dir='ltr'><strong>lius</strong></span> <span class='ocrx_word' id='word_1_522' title='bbox 2046 2572 2498 2628; x_wconf 82' lang='lat' dir='ltr'><strong>conﬁrmaverit?</strong></span> <span class='ocrx_word' id='word_1_523' title='bbox 2553 2575 2687 2628; x_wconf 84' lang='lat' dir='ltr'><strong>Cum</strong></span> <span class='ocrx_word' id='word_1_524' title='bbox 2737 2574 2881 2628; x_wconf 86' lang='lat' dir='ltr'><strong>enim</strong></span> <span class='ocrx_word' id='word_1_525' title='bbox 2924 2575 3301 2630; x_wconf 86' lang='lat' dir='ltr'><strong>divinis&#39;simus</strong></span> <span class='ocrx_word' id='word_1_526' title='bbox 3357 2574 3458 2642; x_wconf 75' lang='lat' dir='ltr'><strong>Cy—</strong></span> 
     </span>
    </p>
   </div>
   <div class='ocr_carea' id='block_1_70' title="bbox 1886 2662 3455 2736">
    <p class='ocr_par' dir='ltr' id='par_1_70' title="bbox 1886 2662 3455 2736">
     <span class='ocr_line' id='line_1_70' title="bbox 1886 2662 3455 2736; baseline 0.004 -24"><span class='ocrx_word' id='word_1_527' title='bbox 1886 2662 2038 2716; x_wconf 89' lang='lat' dir='ltr'><strong>rillus</strong></span> <span class='ocrx_word' id='word_1_528' title='bbox 2069 2662 2237 2718; x_wconf 83' lang='lat' dir='ltr'><strong>dicit:</strong></span> <span class='ocrx_word' id='word_1_529' title='bbox 2298 2683 2317 2716; x_wconf 79' lang='grc' dir='ltr'><strong>ι</strong></span> <span class='ocrx_word' id='word_1_530' title='bbox 2351 2663 2427 2717; x_wconf 78' lang='lat' dir='ltr'><strong>Ex</strong></span> <span class='ocrx_word' id='word_1_531' title='bbox 2465 2665 2574 2720; x_wconf 88' lang='lat' dir='ltr'><strong>Deo</strong></span> <span class='ocrx_word' id='word_1_532' title='bbox 2605 2675 2658 2719; x_wconf 89' lang='lat' dir='ltr'><strong>et</strong></span> <span class='ocrx_word' id='word_1_533' title='bbox 2698 2666 2856 2720; x_wconf 82' lang='lat' dir='ltr'><strong>Patre</strong></span> <span class='ocrx_word' id='word_1_534' title='bbox 2905 2665 3172 2736; x_wconf 90' lang='lat' dir='ltr'><strong>Spiritum</strong></span> <span class='ocrx_word' id='word_1_535' title='bbox 3207 2675 3455 2720; x_wconf 79' lang='lat' dir='ltr'><strong>sanetum</strong></span> 
     </span>
    </p>
   </div>
   <div class='ocr_carea' id='block_1_71' title="bbox 1881 2755 3458 2825">
    <p class='ocr_par' dir='ltr' id='par_1_71' title="bbox 1881 2755 3458 2825">
     <span class='ocr_line' id='line_1_71' title="bbox 1881 2755 3458 2825; baseline 0.011 -20"><span class='ocrx_word' id='word_1_536' title='bbox 1881 2755 2180 2820; x_wconf 87' lang='lat' dir='ltr'><strong>procedere</strong></span> <span class='ocrx_word' id='word_1_537' title='bbox 2241 2757 2548 2812; x_wconf 90' lang='lat' dir='ltr'><strong>secundum</strong></span> <span class='ocrx_word' id='word_1_538' title='bbox 2608 2757 2910 2814; x_wconf 74' lang='lat' dir='ltr'><strong>Salvator-is</strong></span> <span class='ocrx_word' id='word_1_539' title='bbox 2969 2771 3193 2820; x_wconf 78' lang='lat' dir='ltr'><strong>vocem.</strong></span> <span class='ocrx_word' id='word_1_540' title='bbox 3263 2777 3281 2808; x_wconf 73' lang='grc' dir='ltr'><strong>ι</strong></span> <span class='ocrx_word' id='word_1_541' title='bbox 3364 2773 3458 2825; x_wconf 68' lang='grc' dir='ltr'><strong>βυτ</strong></span> 
     </span>
    </p>
   </div>
   <div class='ocr_carea' id='block_1_72' title="bbox 1887 2845 3459 2917">
    <p class='ocr_par' dir='ltr' id='par_1_72' title="bbox 1887 2845 3459 2917">
     <span class='ocr_line' id='line_1_72' title="bbox 1887 2845 3459 2917; baseline 0.003 -19"><span class='ocrx_word' id='word_1_542' title='bbox 1887 2845 2276 2915; x_wconf 82' lang='lat' dir='ltr'><strong>Evangelicum</strong></span> <span class='ocrx_word' id='word_1_543' title='bbox 2317 2849 2420 2904; x_wconf 90' lang='lat' dir='ltr'><strong>hoc</strong></span> <span class='ocrx_word' id='word_1_544' title='bbox 2459 2851 2833 2904; x_wconf 89' lang='lat' dir='ltr'><strong>testimonium</strong></span> <span class='ocrx_word' id='word_1_545' title='bbox 2888 2866 2954 2904; x_wconf 83' lang='lat' dir='ltr'><strong>ex</strong></span> <span class='ocrx_word' id='word_1_546' title='bbox 3010 2849 3169 2903; x_wconf 88' lang='lat' dir='ltr'><strong>Patre</strong></span> <span class='ocrx_word' id='word_1_547' title='bbox 3221 2850 3459 2917; x_wconf 84' lang='lat' dir='ltr'><strong>Spiritus</strong></span> 
     </span>
    </p>
   </div>
   <div class='ocr_carea' id='block_1_73' title="bbox 1881 2935 3459 3008">
    <p class='ocr_par' dir='ltr' id='par_1_73' title="bbox 1881 2935 3459 3008">
     <span class='ocr_line' id='line_1_73' title="bbox 1881 2935 3459 3008; baseline -0.001 -20"><span class='ocrx_word' id='word_1_548' title='bbox 1881 2935 2252 2991; x_wconf 78' lang='lat' dir='ltr'><strong>exsistentiam</strong></span> <span class='ocrx_word' id='word_1_549' title='bbox 2286 2939 2477 3008; x_wconf 87' lang='lat' dir='ltr'><strong>probat</strong></span> <span class='ocrx_word' id='word_1_550' title='bbox 2505 2953 2519 2992; x_wconf 91' lang='lat'><strong>:</strong></span> <span class='ocrx_word' id='word_1_551' title='bbox 2552 2953 2676 2992; x_wconf 90' lang='lat' dir='ltr'><strong>cum</strong></span> <span class='ocrx_word' id='word_1_552' title='bbox 2715 2954 2843 2992; x_wconf 86' lang='lat' dir='ltr'><strong>vero</strong></span> <span class='ocrx_word' id='word_1_553' title='bbox 2865 2977 2879 3002; x_wconf 92' lang='lat'><strong>,</strong></span> <span class='ocrx_word' id='word_1_554' title='bbox 2919 2957 2936 2988; x_wconf 78' lang='grc' dir='ltr'><strong>ι</strong></span> <span class='ocrx_word' id='word_1_555' title='bbox 2975 2936 3091 2991; x_wconf 78' lang='lat' dir='ltr'><strong>Non</strong></span> <span class='ocrx_word' id='word_1_556' title='bbox 3125 2937 3338 2990; x_wconf 88' lang='lat' dir='ltr'><strong>alienus</strong></span> <span class='ocrx_word' id='word_1_557' title='bbox 3372 2946 3459 2988; x_wconf 84' lang='lat' dir='ltr'><strong>est</strong></span> 
     </span>
    </p>
   </div>
   <div class='ocr_carea' id='block_1_74' title="bbox 1882 3029 3449 3098">
    <p class='ocr_par' dir='ltr' id='par_1_74' title="bbox 1882 3029 3449 3098">
     <span class='ocr_line' id='line_1_74' title="bbox 1882 3029 3449 3098; baseline -0.001 -17"><span class='ocrx_word' id='word_1_558' title='bbox 1882 3045 1911 3081; x_wconf 88' lang='lat' dir='ltr'><strong>a</strong></span> <span class='ocrx_word' id='word_1_559' title='bbox 1944 3029 2111 3091; x_wconf 88' lang='lat' dir='ltr'><strong>Filio.</strong></span> <span class='ocrx_word' id='word_1_560' title='bbox 2155 3049 2171 3076; x_wconf 78' lang='grc' dir='ltr'><strong>ι</strong></span> <span class='ocrx_word' id='word_1_561' title='bbox 2208 3032 2510 3098; x_wconf 87' lang='lat' dir='ltr'><strong>subnectit,</strong></span> <span class='ocrx_word' id='word_1_562' title='bbox 2545 3043 2596 3086; x_wconf 89' lang='lat' dir='ltr'><strong>et</strong></span> <span class='ocrx_word' id='word_1_563' title='bbox 2624 3047 2691 3086; x_wconf 80' lang='lat' dir='ltr'><strong>ex</strong></span> <span class='ocrx_word' id='word_1_564' title='bbox 2722 3032 2859 3086; x_wconf 87' lang='lat' dir='ltr'><strong>Filio</strong></span> <span class='ocrx_word' id='word_1_565' title='bbox 2905 3048 3026 3086; x_wconf 89' lang='lat' dir='ltr'><strong>esse</strong></span> <span class='ocrx_word' id='word_1_566' title='bbox 3062 3047 3186 3085; x_wconf 92' lang='lat' dir='ltr'><strong>eum</strong></span> <span class='ocrx_word' id='word_1_567' title='bbox 3219 3031 3449 3084; x_wconf 57' lang='lat' dir='ltr'><strong>denum-</strong></span> 
     </span>
    </p>
   </div>
   <div class='ocr_carea' id='block_1_75' title="bbox 1882 3120 3458 3192">
    <p class='ocr_par' dir='ltr' id='par_1_75' title="bbox 1882 3120 3458 3192">
     <span class='ocr_line' id='line_1_75' title="bbox 1882 3120 3458 3192; baseline -0.003 -17"><span class='ocrx_word' id='word_1_568' title='bbox 1882 3130 2040 3176; x_wconf 89' lang='lat' dir='ltr'><strong>strat.</strong></span> <span class='ocrx_word' id='word_1_569' title='bbox 2080 3122 2146 3175; x_wconf 87' lang='lat' dir='ltr'><strong>Et</strong></span> <span class='ocrx_word' id='word_1_570' title='bbox 2179 3124 2229 3177; x_wconf 91' lang='lat' dir='ltr'><strong>id</strong></span> <span class='ocrx_word' id='word_1_571' title='bbox 2263 3140 2369 3177; x_wconf 91' lang='lat' dir='ltr'><strong>una</strong></span> <span class='ocrx_word' id='word_1_572' title='bbox 2423 3140 2637 3180; x_wconf 88' lang='lat' dir='ltr'><strong>meeum</strong></span> <span class='ocrx_word' id='word_1_573' title='bbox 2691 3123 2947 3178; x_wconf 81' lang='lat' dir='ltr'><strong>fatebitur</strong></span> <span class='ocrx_word' id='word_1_574' title='bbox 2974 3165 2988 3188; x_wconf 89' lang='lat'><strong>,</strong></span> <span class='ocrx_word' id='word_1_575' title='bbox 3045 3123 3295 3192; x_wconf 77' lang='lat' dir='ltr'><strong>quisquis</strong></span> <span class='ocrx_word' id='word_1_576' title='bbox 3338 3120 3458 3172; x_wconf 80' lang='lat' dir='ltr'><strong>re&#39;i-</strong></span> 
     </span>
    </p>
   </div>
   <div class='ocr_carea' id='block_1_76' title="bbox 1886 3214 3458 3286">
    <p class='ocr_par' dir='ltr' id='par_1_76' title="bbox 1886 3214 3458 3286">
     <span class='ocr_line' id='line_1_76' title="bbox 1886 3214 3458 3286; baseline 0 -21"><span class='ocrx_word' id='word_1_577' title='bbox 1886 3216 2010 3284; x_wconf 88' lang='lat' dir='ltr'><strong>quis</strong></span> <span class='ocrx_word' id='word_1_578' title='bbox 2044 3215 2166 3270; x_wconf 85' lang='lat' dir='ltr'><strong>aliis</strong></span> <span class='ocrx_word' id='word_1_579' title='bbox 2199 3217 2481 3270; x_wconf 88' lang='lat' dir='ltr'><strong>veritatem</strong></span> <span class='ocrx_word' id='word_1_580' title='bbox 2509 3233 2839 3286; x_wconf 65' lang='lat' dir='ltr'><strong>praeponens</strong></span> <span class='ocrx_word' id='word_1_581' title='bbox 2891 3219 3156 3270; x_wconf 86' lang='lat' dir='ltr'><strong>rationem</strong></span> <span class='ocrx_word' id='word_1_582' title='bbox 3196 3214 3458 3268; x_wconf 78' lang='lat' dir='ltr'><strong>non-inli-</strong></span> 
     </span>
    </p>
   </div>
   <div class='ocr_carea' id='block_1_77' title="bbox 1887 3310 3457 3380">
    <p class='ocr_par' dir='ltr' id='par_1_77' title="bbox 1887 3310 3457 3380">
     <span class='ocr_line' id='line_1_77' title="bbox 1887 3310 3457 3380; baseline 0.001 -18"><span class='ocrx_word' id='word_1_583' title='bbox 1887 3310 2107 3374; x_wconf 89' lang='lat' dir='ltr'><strong>ciatur,</strong></span> <span class='ocrx_word' id='word_1_584' title='bbox 2157 3311 2229 3365; x_wconf 92' lang='lat' dir='ltr'><strong>ob</strong></span> <span class='ocrx_word' id='word_1_585' title='bbox 2275 3327 2440 3380; x_wconf 87' lang='lat' dir='ltr'><strong>quam</strong></span> <span class='ocrx_word' id='word_1_586' title='bbox 2489 3312 2728 3380; x_wconf 91' lang='lat' dir='ltr'><strong>Spiritus</strong></span> <span class='ocrx_word' id='word_1_587' title='bbox 2777 3313 2976 3366; x_wconf 90' lang='lat' dir='ltr'><strong>dicitur</strong></span> <span class='ocrx_word' id='word_1_588' title='bbox 3031 3325 3152 3366; x_wconf 87' lang='lat' dir='ltr'><strong>esse</strong></span> <span class='ocrx_word' id='word_1_589' title='bbox 3204 3310 3457 3379; x_wconf 81' lang='lat' dir='ltr'><strong>proprius</strong></span> 
     </span>
    </p>
   </div>
   <div class='ocr_carea' id='block_1_78' title="bbox 1885 3399 3457 3473">
    <p class='ocr_par' dir='ltr' id='par_1_78' title="bbox 1885 3399 3457 3473">
     <span class='ocr_line' id='line_1_78' title="bbox 1885 3399 3457 3473; baseline -0.001 -21"><span class='ocrx_word' id='word_1_590' title='bbox 1885 3399 2046 3466; x_wconf 79' lang='lat' dir='ltr'><strong>Filii,</strong></span> <span class='ocrx_word' id='word_1_591' title='bbox 2081 3410 2136 3456; x_wconf 88' lang='lat' dir='ltr'><strong>et</strong></span> <span class='ocrx_word' id='word_1_592' title='bbox 2167 3402 2212 3456; x_wconf 90' lang='lat' dir='ltr'><strong>si</strong></span> <span class='ocrx_word' id='word_1_593' title='bbox 2271 3402 2351 3458; x_wconf 87' lang='lat' dir='ltr'><strong>vis</strong></span> <span class='ocrx_word' id='word_1_594' title='bbox 2389 3413 2443 3457; x_wconf 91' lang='lat' dir='ltr'><strong>tu</strong></span> <span class='ocrx_word' id='word_1_595' title='bbox 2475 3418 2725 3472; x_wconf 83' lang='lat' dir='ltr'><strong>quoque.</strong></span> <span class='ocrx_word' id='word_1_596' title='bbox 2757 3403 3034 3473; x_wconf 88' lang='lat' dir='ltr'><strong>quomodo</strong></span> <span class='ocrx_word' id='word_1_597' title='bbox 3064 3417 3192 3456; x_wconf 93' lang='lat' dir='ltr'><strong>vero</strong></span> <span class='ocrx_word' id='word_1_598' title='bbox 3249 3410 3303 3453; x_wconf 81' lang='lat' dir='ltr'><strong>tu</strong></span> <span class='ocrx_word' id='word_1_599' title='bbox 3368 3401 3457 3452; x_wconf 89' lang='lat' dir='ltr'><strong>in-</strong></span> 
     </span>
    </p>
   </div>
   <div class='ocr_carea' id='block_1_79' title="bbox 1883 3487 3457 3558">
    <p class='ocr_par' dir='ltr' id='par_1_79' title="bbox 1883 3487 3457 3558">
     <span class='ocr_line' id='line_1_79' title="bbox 1883 3487 3457 3558; baseline -0.003 -15"><span class='ocrx_word' id='word_1_600' title='bbox 1883 3506 2087 3558; x_wconf 82' lang='lat' dir='ltr'><strong>quam,</strong></span> <span class='ocrx_word' id='word_1_601' title='bbox 2125 3491 2438 3545; x_wconf 89' lang='lat' dir='ltr'><strong>considera.</strong></span> <span class='ocrx_word' id='word_1_602' title='bbox 2496 3490 2636 3557; x_wconf 87' lang='lat' dir='ltr'><strong>Quid</strong></span> <span class='ocrx_word' id='word_1_603' title='bbox 2693 3491 2790 3546; x_wconf 87' lang='lat' dir='ltr'><strong>tibi</strong></span> <span class='ocrx_word' id='word_1_604' title='bbox 2825 3489 3071 3544; x_wconf 84' lang='lat' dir='ltr'><strong>videtur?</strong></span> <span class='ocrx_word' id='word_1_605' title='bbox 3121 3487 3316 3558; x_wconf 86' lang='lat' dir='ltr'><strong>qu:erit</strong></span> <span class='ocrx_word' id='word_1_606' title='bbox 3374 3500 3457 3540; x_wconf 91' lang='lat' dir='ltr'><strong>se-</strong></span> 
     </span>
    </p>
   </div>
   <div class='ocr_carea' id='block_1_80' title="bbox 1883 3577 3455 3653">
    <p class='ocr_par' dir='ltr' id='par_1_80' title="bbox 1883 3577 3455 3653">
     <span class='ocr_line' id='line_1_80' title="bbox 1883 3577 3455 3653; baseline -0.003 -19"><span class='ocrx_word' id='word_1_607' title='bbox 1883 3581 2127 3635; x_wconf 80' lang='lat' dir='ltr'><strong>cundum</strong></span> <span class='ocrx_word' id='word_1_608' title='bbox 2162 3584 2650 3653; x_wconf 75' lang='lat' dir='ltr'><strong>interrogationem</strong></span> <span class='ocrx_word' id='word_1_609' title='bbox 2680 3584 2855 3637; x_wconf 89' lang='lat' dir='ltr'><strong>oratio</strong></span> <span class='ocrx_word' id='word_1_610' title='bbox 2889 3583 3245 3643; x_wconf 84' lang='lat' dir='ltr'><strong>contendens,</strong></span> <span class='ocrx_word' id='word_1_611' title='bbox 3282 3577 3455 3631; x_wconf 85' lang='lat' dir='ltr'><strong>firmi-</strong></span> 
     </span>
    </p>
   </div>
   <div class='ocr_carea' id='block_1_81' title="bbox 1883 3673 3450 3746">
    <p class='ocr_par' dir='ltr' id='par_1_81' title="bbox 1883 3673 3450 3746">
     <span class='ocr_line' id='line_1_81' title="bbox 1883 3673 3450 3746; baseline -0.002 -19"><span class='ocrx_word' id='word_1_612' title='bbox 1883 3682 2046 3728; x_wconf 91' lang='lat' dir='ltr'><strong>tatem</strong></span> <span class='ocrx_word' id='word_1_613' title='bbox 2100 3676 2300 3731; x_wconf 85' lang='lat' dir='ltr'><strong>habere</strong></span> <span class='ocrx_word' id='word_1_614' title='bbox 2331 3717 2346 3739; x_wconf 95' lang='lat'><strong>,</strong></span> <span class='ocrx_word' id='word_1_615' title='bbox 2403 3676 2568 3730; x_wconf 86' lang='lat' dir='ltr'><strong>veluti</strong></span> <span class='ocrx_word' id='word_1_616' title='bbox 2618 3678 2995 3746; x_wconf 71' lang='lat' dir='ltr'><strong>snmptionem‘</strong></span> <span class='ocrx_word' id='word_1_617' title='bbox 3035 3674 3321 3729; x_wconf 79' lang='lat' dir='ltr'><strong>Athanasii</strong></span> <span class='ocrx_word' id='word_1_618' title='bbox 3363 3673 3450 3726; x_wconf 79' lang='lat' dir='ltr'><strong>di-</strong></span> 
     </span>
    </p>
   </div>
   <div class='ocr_carea' id='block_1_82' title="bbox 1881 3760 3464 3835">
    <p class='ocr_par' dir='ltr' id='par_1_82' title="bbox 1881 3760 3464 3835">
     <span class='ocr_line' id='line_1_82' title="bbox 1881 3760 3464 3835; baseline -0.003 -15"><span class='ocrx_word' id='word_1_619' title='bbox 1881 3774 2072 3830; x_wconf 89' lang='lat' dir='ltr'><strong>etum,</strong></span> <span class='ocrx_word' id='word_1_620' title='bbox 2131 3782 2237 3835; x_wconf 90' lang='lat' dir='ltr'><strong>quo</strong></span> <span class='ocrx_word' id='word_1_621' title='bbox 2288 3767 2373 3821; x_wconf 86' lang='lat' dir='ltr'><strong>ille</strong></span> <span class='ocrx_word' id='word_1_622' title='bbox 2420 3767 2536 3829; x_wconf 84' lang='lat' dir='ltr'><strong>ait,</strong></span> <span class='ocrx_word' id='word_1_623' title='bbox 2591 3785 2609 3818; x_wconf 79' lang='grc' dir='ltr'><strong>ι</strong></span> <span class='ocrx_word' id='word_1_624' title='bbox 2651 3767 2808 3820; x_wconf 82' lang='lat' dir='ltr'><strong>talem</strong></span> <span class='ocrx_word' id='word_1_625' title='bbox 2867 3760 3062 3821; x_wconf 84' lang='lat' dir='ltr'><strong>habere</strong></span> <span class='ocrx_word' id='word_1_626' title='bbox 3114 3773 3362 3818; x_wconf 87' lang='lat' dir='ltr'><strong>naturam</strong></span> <span class='ocrx_word' id='word_1_627' title='bbox 3404 3772 3464 3817; x_wconf 80' lang='lat' dir='ltr'><strong>et</strong></span> 
     </span>
    </p>
   </div>
   <div class='ocr_carea' id='block_1_83' title="bbox 1884 3857 3460 3928">
    <p class='ocr_par' dir='ltr' id='par_1_83' title="bbox 1884 3857 3460 3928">
     <span class='ocr_line' id='line_1_83' title="bbox 1884 3857 3460 3928; baseline -0.002 -16"><span class='ocrx_word' id='word_1_628' title='bbox 1884 3859 2134 3912; x_wconf 87' lang='lat' dir='ltr'><strong>ordinem</strong></span> <span class='ocrx_word' id='word_1_629' title='bbox 2199 3857 2466 3927; x_wconf 89' lang='lat' dir='ltr'><strong>Spiritum</strong></span> <span class='ocrx_word' id='word_1_630' title='bbox 2537 3875 2662 3928; x_wconf 79' lang='lat' dir='ltr'><strong>erga</strong></span> <span class='ocrx_word' id='word_1_631' title='bbox 2720 3857 2954 3922; x_wconf 84' lang='lat' dir='ltr'><strong>Filium,</strong></span> <span class='ocrx_word' id='word_1_632' title='bbox 3017 3858 3233 3928; x_wconf 86' lang='lat' dir='ltr'><strong>qualem</strong></span> <span class='ocrx_word' id='word_1_633' title='bbox 3298 3858 3460 3911; x_wconf 86' lang='lat' dir='ltr'><strong>habet.</strong></span> 
     </span>
    </p>
   </div>
   <div class='ocr_carea' id='block_1_84' title="bbox 1885 3947 3457 4020">
    <p class='ocr_par' dir='ltr' id='par_1_84' title="bbox 1885 3947 3457 4020">
     <span class='ocr_line' id='line_1_84' title="bbox 1885 3947 3457 4020; baseline -0.001 -17"><span class='ocrx_word' id='word_1_634' title='bbox 1885 3950 2058 4004; x_wconf 88' lang='lat' dir='ltr'><strong>Filius</strong></span> <span class='ocrx_word' id='word_1_635' title='bbox 2098 3963 2226 4020; x_wconf 76' lang='lat' dir='ltr'><strong>erga</strong></span> <span class='ocrx_word' id='word_1_636' title='bbox 2260 3949 2496 4013; x_wconf 81' lang='lat' dir='ltr'><strong>Patrem.</strong></span> <span class='ocrx_word' id='word_1_637' title='bbox 2528 3970 2546 4003; x_wconf 74' lang='grc' dir='ltr'><strong>ι</strong></span> <span class='ocrx_word' id='word_1_638' title='bbox 2611 3955 2689 4004; x_wconf 80' lang='lat' dir='ltr'><strong>An</strong></span> <span class='ocrx_word' id='word_1_639' title='bbox 2722 3952 2865 4006; x_wconf 85' lang='lat' dir='ltr'><strong>aliud</strong></span> <span class='ocrx_word' id='word_1_640' title='bbox 2915 3952 3043 4020; x_wconf 87' lang='lat' dir='ltr'><strong>quid</strong></span> <span class='ocrx_word' id='word_1_641' title='bbox 3095 3950 3283 4004; x_wconf 84' lang='lat' dir='ltr'><strong>dices?</strong></span> <span class='ocrx_word' id='word_1_642' title='bbox 3335 3947 3457 4004; x_wconf 81' lang='lat' dir='ltr'><strong>Fir-</strong></span> 
     </span>
    </p>
   </div>
   <div class='ocr_carea' id='block_1_85' title="bbox 1885 4043 3456 4110">
    <p class='ocr_par' dir='ltr' id='par_1_85' title="bbox 1885 4043 3456 4110">
     <span class='ocr_line' id='line_1_85' title="bbox 1885 4043 3456 4110; baseline -0.001 -14"><span class='ocrx_word' id='word_1_643' title='bbox 1885 4044 2129 4097; x_wconf 86' lang='lat' dir='ltr'><strong>mitatem</strong></span> <span class='ocrx_word' id='word_1_644' title='bbox 2167 4044 2318 4098; x_wconf 86' lang='lat' dir='ltr'><strong>dices</strong></span> <span class='ocrx_word' id='word_1_645' title='bbox 2353 4045 2574 4109; x_wconf 82' lang='lat' dir='ltr'><strong>habere,</strong></span> <span class='ocrx_word' id='word_1_646' title='bbox 2610 4059 2730 4097; x_wconf 89' lang='lat' dir='ltr'><strong>cum</strong></span> <span class='ocrx_word' id='word_1_647' title='bbox 2762 4044 2898 4097; x_wconf 88' lang='lat' dir='ltr'><strong>nihil</strong></span> <span class='ocrx_word' id='word_1_648' title='bbox 2929 4045 3015 4098; x_wconf 90' lang='lat' dir='ltr'><strong>hic</strong></span> <span class='ocrx_word' id='word_1_649' title='bbox 3053 4044 3276 4105; x_wconf 87' lang='lat' dir='ltr'><strong>haheas,</strong></span> <span class='ocrx_word' id='word_1_650' title='bbox 3311 4043 3456 4110; x_wconf 82' lang='lat' dir='ltr'><strong>quod</strong></span> 
     </span>
    </p>
   </div>
   <div class='ocr_carea' id='block_1_86' title="bbox 1883 4134 3457 4206">
    <p class='ocr_par' dir='ltr' id='par_1_86' title="bbox 1883 4134 3457 4206">
     <span class='ocr_line' id='line_1_86' title="bbox 1883 4134 3457 4206; baseline 0.001 -21"><span class='ocrx_word' id='word_1_651' title='bbox 1883 4141 1989 4186; x_wconf 71' lang='lat' dir='ltr'><strong>tua:</strong></span> <span class='ocrx_word' id='word_1_652' title='bbox 2023 4134 2327 4190; x_wconf 87' lang='lat' dir='ltr'><strong>curiositati</strong></span> <span class='ocrx_word' id='word_1_653' title='bbox 2359 4135 2685 4190; x_wconf 83' lang='lat' dir='ltr'><strong>satisfaciat.</strong></span> <span class='ocrx_word' id='word_1_654' title='bbox 2731 4135 2786 4190; x_wconf 91' lang='lat' dir='ltr'><strong>Si</strong></span> <span class='ocrx_word' id='word_1_655' title='bbox 2833 4136 3016 4206; x_wconf 84' lang='lat' dir='ltr'><strong>itaque</strong></span> <span class='ocrx_word' id='word_1_656' title='bbox 3048 4138 3254 4190; x_wconf 76' lang='lat' dir='ltr'><strong>dictum</strong></span> <span class='ocrx_word' id='word_1_657' title='bbox 3287 4137 3457 4188; x_wconf 83' lang='lat' dir='ltr'><strong>tinni-</strong></span> 
     </span>
    </p>
   </div>
   <div class='ocr_carea' id='block_1_87' title="bbox 1883 4226 3456 4292">
    <p class='ocr_par' dir='ltr' id='par_1_87' title="bbox 1883 4226 3456 4292">
     <span class='ocr_line' id='line_1_87' title="bbox 1883 4226 3456 4292; baseline 0.003 -16"><span class='ocrx_word' id='word_1_658' title='bbox 1883 4233 2044 4278; x_wconf 79' lang='lat' dir='ltr'><strong>tateiu</strong></span> <span class='ocrx_word' id='word_1_659' title='bbox 2090 4226 2291 4281; x_wconf 86' lang='lat' dir='ltr'><strong>habere</strong></span> <span class='ocrx_word' id='word_1_660' title='bbox 2319 4242 2544 4282; x_wconf 88' lang='lat' dir='ltr'><strong>necesse</strong></span> <span class='ocrx_word' id='word_1_661' title='bbox 2571 4236 2654 4282; x_wconf 88' lang='lat' dir='ltr'><strong>est</strong></span> <span class='ocrx_word' id='word_1_662' title='bbox 2681 4268 2697 4292; x_wconf 92' lang='lat'><strong>,</strong></span> <span class='ocrx_word' id='word_1_663' title='bbox 2748 4229 2793 4282; x_wconf 89' lang='lat' dir='ltr'><strong>si</strong></span> <span class='ocrx_word' id='word_1_664' title='bbox 2833 4230 3093 4282; x_wconf 76' lang='lat' dir='ltr'><strong>memoria</strong></span> <span class='ocrx_word' id='word_1_665' title='bbox 3117 4239 3179 4281; x_wconf 70' lang='lat' dir='ltr'><strong>.te</strong></span> <span class='ocrx_word' id='word_1_666' title='bbox 3213 4245 3321 4282; x_wconf 86' lang='lat' dir='ltr'><strong>non</strong></span> <span class='ocrx_word' id='word_1_667' title='bbox 3354 4228 3456 4280; x_wconf 77' lang='lat' dir='ltr'><strong>lal-</strong></span> 
     </span>
    </p>
   </div>
   <div class='ocr_carea' id='block_1_88' title="bbox 1884 4315 3454 4388">
    <p class='ocr_par' dir='ltr' id='par_1_88' title="bbox 1884 4315 3454 4388">
     <span class='ocr_line' id='line_1_88' title="bbox 1884 4315 3454 4388; baseline 0.003 -20"><span class='ocrx_word' id='word_1_668' title='bbox 1884 4315 2210 4380; x_wconf 82' lang='lat' dir='ltr'><strong>lit,iterum</strong></span> <span class='ocrx_word' id='word_1_669' title='bbox 2265 4334 2296 4372; x_wconf 88' lang='lat' dir='ltr'><strong>a</strong></span> <span class='ocrx_word' id='word_1_670' title='bbox 2351 4328 2403 4371; x_wconf 90' lang='lat' dir='ltr'><strong>te</strong></span> <span class='ocrx_word' id='word_1_671' title='bbox 2453 4319 2631 4373; x_wconf 87' lang='lat' dir='ltr'><strong>oratio</strong></span> <span class='ocrx_word' id='word_1_672' title='bbox 2688 4319 2929 4388; x_wconf 82' lang='lat' dir='ltr'><strong>requiret</strong></span> <span class='ocrx_word' id='word_1_673' title='bbox 2969 4319 3114 4372; x_wconf 88' lang='lat' dir='ltr'><strong>aliud</strong></span> <span class='ocrx_word' id='word_1_674' title='bbox 3167 4320 3454 4373; x_wconf 81' lang='lat' dir='ltr'><strong>Athanasii</strong></span> 
     </span>
    </p>
   </div>
   <div class='ocr_carea' id='block_1_89' title="bbox 1881 4407 3452 4477">
    <p class='ocr_par' dir='ltr' id='par_1_89' title="bbox 1881 4407 3452 4477">
     <span class='ocr_line' id='line_1_89' title="bbox 1881 4407 3452 4477; baseline 0.001 -15"><span class='ocrx_word' id='word_1_675' title='bbox 1881 4407 2121 4471; x_wconf 90' lang='lat' dir='ltr'><strong>dictum,</strong></span> <span class='ocrx_word' id='word_1_676' title='bbox 2158 4424 2450 4464; x_wconf 79' lang='lat' dir='ltr'><strong>asserens:</strong></span> <span class='ocrx_word' id='word_1_677' title='bbox 2517 4429 2534 4461; x_wconf 77' lang='grc' dir='ltr'><strong>ι</strong></span> <span class='ocrx_word' id='word_1_678' title='bbox 2573 4410 2806 4477; x_wconf 83' lang='lat' dir='ltr'><strong>Quando</strong></span> <span class='ocrx_word' id='word_1_679' title='bbox 2857 4410 3029 4465; x_wconf 88' lang='lat' dir='ltr'><strong>Filius</strong></span> <span class='ocrx_word' id='word_1_680' title='bbox 3074 4427 3137 4464; x_wconf 80' lang='lat' dir='ltr'><strong>ex</strong></span> <span class='ocrx_word' id='word_1_681' title='bbox 3192 4409 3298 4464; x_wconf 80' lang='lat' dir='ltr'><strong>Deo</strong></span> <span class='ocrx_word' id='word_1_682' title='bbox 3349 4421 3452 4475; x_wconf 87' lang='lat' dir='ltr'><strong>est,</strong></span> 
     </span>
    </p>
   </div>
   <div class='ocr_carea' id='block_1_90' title="bbox 1883 4489 3454 4570">
    <p class='ocr_par' dir='ltr' id='par_1_90' title="bbox 1883 4489 3454 4570">
     <span class='ocr_line' id='line_1_90' title="bbox 1883 4489 3454 4570; baseline 0.002 -19"><span class='ocrx_word' id='word_1_683' title='bbox 1883 4501 2140 4569; x_wconf 87' lang='lat' dir='ltr'><strong>proprius</strong></span> <span class='ocrx_word' id='word_1_684' title='bbox 2176 4489 2542 4556; x_wconf 44' lang='lat' dir='ltr'><strong>est’esscntiae</strong></span> <span class='ocrx_word' id='word_1_685' title='bbox 2572 4503 2718 4556; x_wconf 91' lang='lat' dir='ltr'><strong>illius</strong></span> <span class='ocrx_word' id='word_1_686' title='bbox 2743 4542 2757 4564; x_wconf 91' lang='lat'><strong>,</strong></span> <span class='ocrx_word' id='word_1_687' title='bbox 2802 4521 2819 4552; x_wconf 72' lang='grc' dir='ltr'><strong>ι</strong></span> <span class='ocrx_word' id='word_1_688' title='bbox 2859 4503 3000 4570; x_wconf 84' lang='lat' dir='ltr'><strong>quod</strong></span> <span class='ocrx_word' id='word_1_689' title='bbox 3039 4512 3130 4555; x_wconf 89' lang='lat' dir='ltr'><strong>tuo</strong></span> <span class='ocrx_word' id='word_1_690' title='bbox 3165 4503 3454 4555; x_wconf 71' lang='lat' dir='ltr'><strong>adversum</strong></span> 
     </span>
    </p>
   </div>
   <div class='ocr_carea' id='block_1_91' title="bbox 1884 4592 3453 4659">
    <p class='ocr_par' dir='ltr' id='par_1_91' title="bbox 1884 4592 3453 4659">
     <span class='ocr_line' id='line_1_91' title="bbox 1884 4592 3453 4659; baseline 0.004 -19"><span class='ocrx_word' id='word_1_691' title='bbox 1884 4606 2011 4653; x_wconf 89' lang='lat' dir='ltr'><strong>nos,</strong></span> <span class='ocrx_word' id='word_1_692' title='bbox 2044 4592 2226 4659; x_wconf 88' lang='lat' dir='ltr'><strong>potius</strong></span> <span class='ocrx_word' id='word_1_693' title='bbox 2263 4608 2390 4647; x_wconf 87' lang='lat' dir='ltr'><strong>vero</strong></span> <span class='ocrx_word' id='word_1_694' title='bbox 2442 4601 2628 4646; x_wconf 88' lang='lat' dir='ltr'><strong>contra</strong></span> <span class='ocrx_word' id='word_1_695' title='bbox 2671 4594 2958 4647; x_wconf 84' lang='lat' dir='ltr'><strong>veritatem</strong></span> <span class='ocrx_word' id='word_1_696' title='bbox 2995 4604 3194 4647; x_wconf 83' lang='lat' dir='ltr'><strong>temere</strong></span> <span class='ocrx_word' id='word_1_697' title='bbox 3229 4598 3453 4647; x_wconf 76' lang='lat' dir='ltr'><strong>C0il(‘lll-</strong></span> 
     </span>
    </p>
   </div>
   <div class='ocr_carea' id='block_1_92' title="bbox 196 4684 1773 4766">
    <p class='ocr_par' dir='ltr' id='par_1_92' title="bbox 196 4693 1773 4766">
     <span class='ocr_line' id='line_1_92' title="bbox 196 4693 1773 4766; baseline 0.003 -22"><span class='ocrx_word' id='word_1_698' title='bbox 196 4693 310 4744; x_wconf 77' lang='grc' dir='ltr'><strong>Καὶ</strong></span> <span class='ocrx_word' id='word_1_699' title='bbox 337 4693 396 4743; x_wconf 72' lang='grc' dir='ltr'><strong>είι</strong></span> <span class='ocrx_word' id='word_1_700' title='bbox 417 4693 492 4762; x_wconf 84' lang='grc' dir='ltr'><strong>μὴ</strong></span> <span class='ocrx_word' id='word_1_701' title='bbox 543 4693 928 4761; x_wconf 79' lang='grc' dir='ltr'><strong>ὁμολογήσεις,</strong></span> <span class='ocrx_word' id='word_1_702' title='bbox 962 4695 1163 4747; x_wconf 82' lang='grc' dir='ltr'><strong>αὐτίκα</strong></span> <span class='ocrx_word' id='word_1_703' title='bbox 1214 4695 1362 4765; x_wconf 85' lang='grc' dir='ltr'><strong>μάλα</strong></span> <span class='ocrx_word' id='word_1_704' title='bbox 1400 4699 1427 4748; x_wconf 90' lang='lat'><strong>6</strong></span> <span class='ocrx_word' id='word_1_705' title='bbox 1471 4698 1638 4766; x_wconf 80' lang='grc' dir='ltr'><strong>τόμος</strong></span> <span class='ocrx_word' id='word_1_706' title='bbox 1679 4700 1773 4766; x_wconf 81' lang='grc' dir='ltr'><strong>ὲμ-</strong></span> 
     </span>
    </p>
   </div>
   <div class='ocr_carea' id='block_1_93' title="bbox 1880 4684 3449 4766">
    <p class='ocr_par' dir='ltr' id='par_1_93' title="bbox 1886 4684 3449 4753">
     <span class='ocr_line' id='line_1_93' title="bbox 1886 4684 3449 4753; baseline 0.003 -19"><span class='ocrx_word' id='word_1_707' title='bbox 1886 4690 2010 4734; x_wconf 88' lang='lat' dir='ltr'><strong>nato</strong></span> <span class='ocrx_word' id='word_1_708' title='bbox 2079 4693 2227 4736; x_wconf 87' lang='lat' dir='ltr'><strong>Iomo</strong></span> <span class='ocrx_word' id='word_1_709' title='bbox 2276 4685 2760 4753; x_wconf 72' lang='lat' dir='ltr'><strong>cclnprehendisti.</strong></span> <span class='ocrx_word' id='word_1_710' title='bbox 2820 4684 2884 4739; x_wconf 84' lang='lat' dir='ltr'><strong>Et</strong></span> <span class='ocrx_word' id='word_1_711' title='bbox 2929 4687 2974 4739; x_wconf 82' lang='lat' dir='ltr'><strong>si</strong></span> <span class='ocrx_word' id='word_1_712' title='bbox 3010 4685 3059 4738; x_wconf 88' lang='lat' dir='ltr'><strong>id</strong></span> <span class='ocrx_word' id='word_1_713' title='bbox 3095 4703 3198 4740; x_wconf 90' lang='lat' dir='ltr'><strong>non</strong></span> <span class='ocrx_word' id='word_1_714' title='bbox 3239 4702 3449 4739; x_wconf 78' lang='lat' dir='ltr'><strong>annue-</strong></span> 
     </span>
    </p>
   </div>
   <div class='ocr_carea' id='block_1_94' title="bbox 195 4783 1774 4857">
    <p class='ocr_par' dir='ltr' id='par_1_94' title="bbox 195 4783 1774 4857">
     <span class='ocr_line' id='line_1_94' title="bbox 195 4783 1774 4857; baseline 0.004 -21"><span class='ocrx_word' id='word_1_715' title='bbox 195 4783 554 4850; x_wconf 79' lang='grc' dir='ltr'><strong>φανιζόμενος</strong></span> <span class='ocrx_word' id='word_1_716' title='bbox 582 4783 871 4850; x_wconf 78' lang='grc' dir='ltr'><strong>ἀπελέγξει</strong></span> <span class='ocrx_word' id='word_1_717' title='bbox 907 4800 965 4836; x_wconf 87' lang='grc' dir='ltr'><strong>σε</strong></span> <span class='ocrx_word' id='word_1_718' title='bbox 989 4799 1002 4812; x_wconf 86' lang='lat'>&#39;</span> <span class='ocrx_word' id='word_1_719' title='bbox 1037 4788 1128 4837; x_wconf 71' lang='grc' dir='ltr'><strong>καὶ</strong></span> <span class='ocrx_word' id='word_1_720' title='bbox 1158 4785 1347 4838; x_wconf 87' lang='grc' dir='ltr'><strong>σκόπει</strong></span> <span class='ocrx_word' id='word_1_721' title='bbox 1379 4786 1562 4840; x_wconf 65' lang='grc' dir='ltr'>λοιπὸν</span> <span class='ocrx_word' id='word_1_722' title='bbox 1595 4789 1774 4857; x_wconf 75' lang='grc' dir='ltr'><strong>ἀπάρο</strong></span> 
     </span>
    </p>
   </div>
   <div class='ocr_carea' id='block_1_95' title="bbox 197 4870 1773 4948">
    <p class='ocr_par' dir='ltr' id='par_1_95' title="bbox 197 4870 1773 4948">
     <span class='ocr_line' id='line_1_95' title="bbox 197 4870 1773 4948; baseline 0.004 -25"><span class='ocrx_word' id='word_1_723' title='bbox 197 4891 268 4933; x_wconf 83' lang='grc' dir='ltr'><strong>τι,</strong></span> <span class='ocrx_word' id='word_1_724' title='bbox 298 4875 346 4924; x_wconf 78' lang='grc' dir='ltr'><strong>ει</strong></span> <span class='ocrx_word' id='word_1_725' title='bbox 377 4872 453 4944; x_wconf 79' lang='grc' dir='ltr'><strong>μὴ</strong></span> <span class='ocrx_word' id='word_1_726' title='bbox 475 4873 534 4924; x_wconf 83' lang='grc' dir='ltr'><strong>τὸ</strong></span> <span class='ocrx_word' id='word_1_727' title='bbox 581 4874 646 4925; x_wconf 83' lang='grc' dir='ltr'><strong>ὲκ</strong></span> <span class='ocrx_word' id='word_1_728' title='bbox 672 4872 777 4925; x_wconf 89' lang='grc' dir='ltr'><strong>τοῦ</strong></span> <span class='ocrx_word' id='word_1_729' title='bbox 801 4873 933 4925; x_wconf 83' lang='grc' dir='ltr'><strong>Υἱοῦ</strong></span> <span class='ocrx_word' id='word_1_730' title='bbox 972 4870 1109 4926; x_wconf 76' lang='grc' dir='ltr'><strong>εἶναι</strong></span> <span class='ocrx_word' id='word_1_731' title='bbox 1144 4875 1200 4928; x_wconf 78' lang='grc' dir='ltr'><strong>τὸ</strong></span> <span class='ocrx_word' id='word_1_732' title='bbox 1240 4877 1461 4945; x_wconf 84' lang='grc' dir='ltr'><strong>Πνεῦμα</strong></span> <span class='ocrx_word' id='word_1_733' title='bbox 1491 4877 1773 4948; x_wconf 81' lang='grc' dir='ltr'><strong>συνίστησι</strong></span> 
     </span>
    </p>
   </div>
   <div class='ocr_carea' id='block_1_96' title="bbox 195 4963 1774 5037">
    <p class='ocr_par' dir='ltr' id='par_1_96' title="bbox 195 4963 1774 5037">
     <span class='ocr_line' id='line_1_96' title="bbox 195 4963 1774 5037; baseline 0.002 -20"><span class='ocrx_word' id='word_1_734' title='bbox 195 4963 486 5032; x_wconf 54' lang='lat' dir='ltr'><strong>nepam,</strong></span> <span class='ocrx_word' id='word_1_735' title='bbox 545 4964 995 5034; x_wconf 74' lang='grc' dir='ltr'><strong>«ἐκπορεύεσθαι</strong></span> <span class='ocrx_word' id='word_1_736' title='bbox 1038 4967 1137 5035; x_wconf 79' lang='grc' dir='ltr'><strong>μὲν</strong></span> <span class='ocrx_word' id='word_1_737' title='bbox 1188 4967 1253 5018; x_wconf 83' lang='grc' dir='ltr'><strong>ὲκ</strong></span> <span class='ocrx_word' id='word_1_738' title='bbox 1279 4969 1490 5037; x_wconf 70' lang='grc' dir='ltr'><strong>Πατρὸς</strong></span> <span class='ocrx_word' id='word_1_739' title='bbox 1528 4988 1545 5019; x_wconf 76' lang='grc' dir='ltr'><strong>ι</strong></span> <span class='ocrx_word' id='word_1_740' title='bbox 1602 4969 1774 5037; x_wconf 83' lang='grc' dir='ltr'>λέγων</span> 
     </span>
    </p>
   </div>
   <div class='ocr_carea' id='block_1_97' title="bbox 199 5054 1773 5128">
    <p class='ocr_par' dir='ltr' id='par_1_97' title="bbox 199 5054 1773 5128">
     <span class='ocr_line' id='line_1_97' title="bbox 199 5054 1773 5128; baseline 0.006 -25"><span class='ocrx_word' id='word_1_741' title='bbox 199 5074 222 5103; x_wconf 74' lang='grc' dir='ltr'><strong>ι</strong></span> <span class='ocrx_word' id='word_1_742' title='bbox 259 5056 408 5119; x_wconf 68' lang='grc' dir='ltr'>αὐτό,</span> <span class='ocrx_word' id='word_1_743' title='bbox 435 5057 494 5108; x_wconf 80' lang='grc' dir='ltr'><strong>οὐ</strong></span> <span class='ocrx_word' id='word_1_744' title='bbox 531 5056 712 5125; x_wconf 82' lang='grc' dir='ltr'><strong>μέντοι</strong></span> <span class='ocrx_word' id='word_1_745' title='bbox 738 5074 802 5124; x_wconf 89' lang='grc' dir='ltr'>γε</span> <span class='ocrx_word' id='word_1_746' title='bbox 829 5057 1110 5128; x_wconf 80' lang='grc' dir='ltr'>ἀλλότριον</span> <span class='ocrx_word' id='word_1_747' title='bbox 1148 5054 1287 5111; x_wconf 83' lang='grc' dir='ltr'><strong>εἶναι</strong></span> <span class='ocrx_word' id='word_1_748' title='bbox 1319 5059 1412 5112; x_wconf 91' lang='grc' dir='ltr'><strong>τοῦ</strong></span> <span class='ocrx_word' id='word_1_749' title='bbox 1443 5061 1606 5126; x_wconf 78' lang='grc' dir='ltr'>Υἰοῦ;</span> <span class='ocrx_word' id='word_1_750' title='bbox 1654 5081 1671 5112; x_wconf 71' lang='grc' dir='ltr'><strong>ι</strong></span> <span class='ocrx_word' id='word_1_751' title='bbox 1713 5063 1773 5114; x_wconf 81' lang='lat' dir='ltr'><strong>Ei</strong></span> 
     </span>
    </p>
   </div>
   <div class='ocr_carea' id='block_1_98' title="bbox 191 5130 1773 5221">
    <p class='ocr_par' dir='ltr' id='par_1_98' title="bbox 191 5130 1773 5221">
     <span class='ocr_line' id='line_1_98' title="bbox 191 5130 1773 5221; baseline 0.004 -22"><span class='ocrx_word' id='word_1_752' title='bbox 191 5154 304 5216; x_wconf 62' lang='grc' dir='ltr'><strong>γὰρ</strong></span> <span class='ocrx_word' id='word_1_753' title='bbox 337 5149 468 5200; x_wconf 80' lang='grc' dir='ltr'><strong>διότι</strong></span> <span class='ocrx_word' id='word_1_754' title='bbox 493 5150 554 5200; x_wconf 84' lang='grc' dir='ltr'><strong>ὲκ</strong></span> <span class='ocrx_word' id='word_1_755' title='bbox 588 5148 692 5212; x_wconf 59' lang='grc' dir='ltr'><strong>τοῦ</strong></span> <span class='ocrx_word' id='word_1_756' title='bbox 711 5130 844 5201; x_wconf 82' lang='grc' dir='ltr'>Θεοῦ</span> <span class='ocrx_word' id='word_1_757' title='bbox 883 5153 1031 5204; x_wconf 75' lang='grc' dir='ltr'><strong>εστιν</strong></span> <span class='ocrx_word' id='word_1_758' title='bbox 1071 5152 1097 5202; x_wconf 89' lang='lat'><strong>6</strong></span> <span class='ocrx_word' id='word_1_759' title='bbox 1135 5151 1274 5214; x_wconf 74' lang='grc' dir='ltr'>Υἱὸς,</span> <span class='ocrx_word' id='word_1_760' title='bbox 1308 5153 1401 5203; x_wconf 75' lang='grc' dir='ltr'><strong>καὶ</strong></span> <span class='ocrx_word' id='word_1_761' title='bbox 1461 5154 1773 5221; x_wconf 80' lang='grc' dir='ltr'><strong>μνημόνευε</strong></span> 
     </span>
    </p>
   </div>
   <div class='ocr_carea' id='block_1_99' title="bbox 192 5240 1772 5311">
    <p class='ocr_par' dir='ltr' id='par_1_99' title="bbox 192 5240 1772 5311">
     <span class='ocr_line' id='line_1_99' title="bbox 192 5240 1772 5311; baseline 0.003 -19"><span class='ocrx_word' id='word_1_762' title='bbox 192 5245 292 5311; x_wconf 79' lang='grc' dir='ltr'><strong>τῆς</strong></span> <span class='ocrx_word' id='word_1_763' title='bbox 324 5242 443 5294; x_wconf 75' lang='grc' dir='ltr'><strong>κατ’</strong></span> <span class='ocrx_word' id='word_1_764' title='bbox 485 5240 804 5294; x_wconf 80' lang='grc' dir='ltr'><strong>Ἀθανάσιον</strong></span> <span class='ocrx_word' id='word_1_765' title='bbox 833 5241 940 5293; x_wconf 84' lang='grc' dir='ltr'><strong>τῶν</strong></span> <span class='ocrx_word' id='word_1_766' title='bbox 967 5242 1275 5309; x_wconf 76' lang='grc' dir='ltr'><strong>προσώπων</strong></span> <span class='ocrx_word' id='word_1_767' title='bbox 1319 5244 1635 5311; x_wconf 84' lang='grc' dir='ltr'>ἀναλογίας,</span> <span class='ocrx_word' id='word_1_768' title='bbox 1684 5246 1772 5298; x_wconf 77' lang='grc' dir='ltr'><strong>διὰ</strong></span> 
     </span>
    </p>
   </div>
   <div class='ocr_carea' id='block_1_100' title="bbox 192 5331 1772 5400">
    <p class='ocr_par' dir='ltr' id='par_1_100' title="bbox 192 5331 1772 5400">
     <span class='ocr_line' id='line_1_100' title="bbox 192 5331 1772 5400; baseline 0.001 -15"><span class='ocrx_word' id='word_1_769' title='bbox 192 5333 353 5386; x_wconf 79' lang='grc' dir='ltr'><strong>τοῦτο</strong></span> <span class='ocrx_word' id='word_1_770' title='bbox 380 5332 510 5394; x_wconf 74' lang='grc' dir='ltr'><strong>ἴδιος</strong></span> <span class='ocrx_word' id='word_1_771' title='bbox 557 5333 654 5400; x_wconf 78' lang='grc' dir='ltr'><strong>τῆς</strong></span> <span class='ocrx_word' id='word_1_772' title='bbox 685 5333 874 5394; x_wconf 82' lang='grc' dir='ltr'><strong>οὐσίας</strong></span> <span class='ocrx_word' id='word_1_773' title='bbox 895 5331 1063 5384; x_wconf 76' lang='grc' dir='ltr'><strong>αὐτοῦ</strong></span> <span class='ocrx_word' id='word_1_774' title='bbox 1100 5333 1235 5397; x_wconf 83' lang='grc' dir='ltr'><strong>ἐστι,</strong></span> <span class='ocrx_word' id='word_1_775' title='bbox 1270 5333 1351 5394; x_wconf 66' lang='grc' dir='ltr'><strong>τίς</strong></span> <span class='ocrx_word' id='word_1_776' title='bbox 1385 5334 1541 5386; x_wconf 75' lang='grc' dir='ltr'><strong>ἔσται</strong></span> <span class='ocrx_word' id='word_1_777' title='bbox 1591 5337 1618 5387; x_wconf 90' lang='grc' dir='ltr'>ὁ</span> <span class='ocrx_word' id='word_1_778' title='bbox 1654 5337 1772 5387; x_wconf 72' lang='grc' dir='ltr'><strong>πεί-</strong></span> 
     </span>
    </p>
   </div>
   <div class='ocr_carea' id='block_1_101' title="bbox 195 5424 1772 5496">
    <p class='ocr_par' dir='ltr' id='par_1_101' title="bbox 195 5424 1772 5496">
     <span class='ocr_line' id='line_1_101' title="bbox 195 5424 1772 5496; baseline 0.003 -20"><span class='ocrx_word' id='word_1_779' title='bbox 195 5424 483 5492; x_wconf 86' lang='grc' dir='ltr'>Οων-λόγος</span> <span class='ocrx_word' id='word_1_780' title='bbox 517 5425 591 5493; x_wconf 77' lang='grc' dir='ltr'><strong>μὴ</strong></span> <span class='ocrx_word' id='word_1_781' title='bbox 616 5424 710 5475; x_wconf 79' lang='grc' dir='ltr'><strong>καὶ</strong></span> <span class='ocrx_word' id='word_1_782' title='bbox 758 5424 848 5475; x_wconf 78' lang='grc' dir='ltr'><strong>τὸν</strong></span> <span class='ocrx_word' id='word_1_783' title='bbox 891 5425 1033 5476; x_wconf 83' lang='grc' dir='ltr'>Θεῖον</span> <span class='ocrx_word' id='word_1_784' title='bbox 1081 5428 1300 5494; x_wconf 79' lang='grc' dir='ltr'><strong>φρονεῖν</strong></span> <span class='ocrx_word' id='word_1_785' title='bbox 1335 5427 1606 5496; x_wconf 80' lang='grc' dir='ltr'>Κύριλλον</span> <span class='ocrx_word' id='word_1_786' title='bbox 1641 5428 1772 5481; x_wconf 73' lang='grc' dir='ltr'><strong>[διον</strong></span> 
     </span>
    </p>
   </div>
   <div class='ocr_carea' id='block_1_102' title="bbox 195 5515 1769 5588">
    <p class='ocr_par' dir='ltr' id='par_1_102' title="bbox 195 5515 1769 5588">
     <span class='ocr_line' id='line_1_102' title="bbox 195 5515 1769 5588; baseline 0.006 -23"><span class='ocrx_word' id='word_1_787' title='bbox 195 5519 294 5586; x_wconf 71' lang='grc' dir='ltr'><strong>τῆς</strong></span> <span class='ocrx_word' id='word_1_788' title='bbox 325 5516 420 5569; x_wconf 87' lang='grc' dir='ltr'><strong>τοῦ</strong></span> <span class='ocrx_word' id='word_1_789' title='bbox 457 5517 584 5569; x_wconf 84' lang='grc' dir='ltr'><strong>Υίοῦ</strong></span> <span class='ocrx_word' id='word_1_790' title='bbox 607 5518 667 5570; x_wconf 84' lang='grc' dir='ltr'><strong>τὸ</strong></span> <span class='ocrx_word' id='word_1_791' title='bbox 698 5515 926 5584; x_wconf 88' lang='grc' dir='ltr'><strong>Πνεῦμα</strong></span> <span class='ocrx_word' id='word_1_792' title='bbox 963 5516 1174 5583; x_wconf 73' lang='grc' dir='ltr'><strong>οὐσίας,</strong></span> <span class='ocrx_word' id='word_1_793' title='bbox 1217 5519 1403 5588; x_wconf 76' lang='grc' dir='ltr'><strong>ἐπειδὴ</strong></span> <span class='ocrx_word' id='word_1_794' title='bbox 1426 5522 1488 5571; x_wconf 84' lang='grc' dir='ltr'>ὲκ</span> <span class='ocrx_word' id='word_1_795' title='bbox 1519 5519 1612 5572; x_wconf 89' lang='grc' dir='ltr'><strong>τοῦ</strong></span> <span class='ocrx_word' id='word_1_796' title='bbox 1639 5522 1769 5575; x_wconf 80' lang='grc' dir='ltr'><strong>Υίοῦ</strong></span> 
     </span>
    </p>
   </div>
   <div class='ocr_carea' id='block_1_103' title="bbox 195 5603 1769 5673">
    <p class='ocr_par' dir='ltr' id='par_1_103' title="bbox 195 5603 1769 5673">
     <span class='ocr_line' id='line_1_103' title="bbox 195 5603 1769 5673; baseline 0 -13"><span class='ocrx_word' id='word_1_797' title='bbox 195 5609 348 5671; x_wconf 54' lang='lat' dir='ltr'><strong>sort;</strong></span> <span class='ocrx_word' id='word_1_798' title='bbox 377 5609 450 5659; x_wconf 85' lang='lat' dir='ltr'><em>T6</em></span> <span class='ocrx_word' id='word_1_799' title='bbox 479 5607 568 5659; x_wconf 78' lang='grc' dir='ltr'><strong>τὸν</strong></span> <span class='ocrx_word' id='word_1_800' title='bbox 597 5605 724 5658; x_wconf 82' lang='grc' dir='ltr'><strong>Υίὸν</strong></span> <span class='ocrx_word' id='word_1_801' title='bbox 760 5605 888 5658; x_wconf 75' lang='grc' dir='ltr'><strong>ἴδιον</strong></span> <span class='ocrx_word' id='word_1_802' title='bbox 914 5605 1012 5673; x_wconf 84' lang='grc' dir='ltr'><strong>τῆς</strong></span> <span class='ocrx_word' id='word_1_803' title='bbox 1039 5604 1135 5656; x_wconf 86' lang='grc' dir='ltr'><strong>τοῦ</strong></span> <span class='ocrx_word' id='word_1_804' title='bbox 1171 5606 1385 5673; x_wconf 67' lang='grc' dir='ltr'><strong>Πατρδς</strong></span> <span class='ocrx_word' id='word_1_805' title='bbox 1411 5603 1550 5659; x_wconf 81' lang='grc' dir='ltr'><strong>εἶναι</strong></span> <span class='ocrx_word' id='word_1_806' title='bbox 1580 5609 1769 5670; x_wconf 80' lang='grc' dir='ltr'><strong>οὐσίας</strong></span> 
     </span>
    </p>
   </div>
   <div class='ocr_carea' id='block_1_104' title="bbox 194 5693 1768 5764">
    <p class='ocr_par' dir='ltr' id='par_1_104' title="bbox 194 5693 1768 5764">
     <span class='ocr_line' id='line_1_104' title="bbox 194 5693 1768 5764; baseline 0.004 -19"><span class='ocrx_word' id='word_1_807' title='bbox 194 5697 267 5757; x_wconf 76' lang='grc' dir='ltr'><strong>ὡς</strong></span> <span class='ocrx_word' id='word_1_808' title='bbox 303 5696 569 5764; x_wconf 74' lang='grc' dir='ltr'><strong>ἑπόμενον</strong></span> <span class='ocrx_word' id='word_1_809' title='bbox 604 5695 906 5764; x_wconf 76' lang='grc' dir='ltr'><strong>ἡγουμένῳ¹</strong></span> <span class='ocrx_word' id='word_1_810' title='bbox 926 5693 1004 5764; x_wconf 86' lang='grc' dir='ltr'><strong>τῷ</strong></span> <span class='ocrx_word' id='word_1_811' title='bbox 1054 5696 1118 5747; x_wconf 81' lang='grc' dir='ltr'>ἐκ</span> <span class='ocrx_word' id='word_1_812' title='bbox 1167 5696 1380 5762; x_wconf 75' lang='grc' dir='ltr'><strong>Πατρὸς</strong></span> <span class='ocrx_word' id='word_1_813' title='bbox 1429 5697 1594 5750; x_wconf 75' lang='grc' dir='ltr'><strong>αὑτὸν</strong></span> <span class='ocrx_word' id='word_1_814' title='bbox 1628 5697 1768 5751; x_wconf 86' lang='grc' dir='ltr'><strong>εἶναι</strong></span> 
     </span>
    </p>
   </div>
   <div class='ocr_carea' id='block_1_105' title="bbox 208 5785 1769 5857">
    <p class='ocr_par' dir='ltr' id='par_1_105' title="bbox 208 5785 1769 5857">
     <span class='ocr_line' id='line_1_105' title="bbox 208 5785 1769 5857; baseline 0.003 -18"><span class='ocrx_word' id='word_1_815' title='bbox 208 5787 526 5850; x_wconf 78' lang='grc' dir='ltr'><strong>’Λοανάσιος</strong></span> <span class='ocrx_word' id='word_1_816' title='bbox 562 5787 767 5854; x_wconf 83' lang='grc' dir='ltr'><strong>τίθησι.</strong></span> <span class='ocrx_word' id='word_1_817' title='bbox 827 5786 928 5838; x_wconf 73' lang='grc' dir='ltr'><strong>Καὶ</strong></span> <span class='ocrx_word' id='word_1_818' title='bbox 987 5785 1052 5838; x_wconf 82' lang='grc' dir='ltr'><strong>σὺ</strong></span> <span class='ocrx_word' id='word_1_819' title='bbox 1109 5787 1171 5837; x_wconf 82' lang='grc' dir='ltr'><strong>τὸ</strong></span> <span class='ocrx_word' id='word_1_820' title='bbox 1223 5786 1449 5856; x_wconf 82' lang='grc' dir='ltr'><strong>Πνεῦμα</strong></span> <span class='ocrx_word' id='word_1_821' title='bbox 1485 5789 1614 5840; x_wconf 72' lang='grc' dir='ltr'><strong>ἴδ’.ον</strong></span> <span class='ocrx_word' id='word_1_822' title='bbox 1669 5791 1769 5857; x_wconf 81' lang='grc' dir='ltr'><strong>τῆς</strong></span> 
     </span>
    </p>
   </div>
   <div class='ocr_carea' id='block_1_106' title="bbox 197 5873 1767 5946">
    <p class='ocr_par' dir='ltr' id='par_1_106' title="bbox 197 5873 1767 5946">
     <span class='ocr_line' id='line_1_106' title="bbox 197 5873 1767 5946; baseline 0.004 -18"><span class='ocrx_word' id='word_1_823' title='bbox 197 5879 289 5930; x_wconf 76' lang='lat' dir='ltr'><strong>r03</strong></span> <span class='ocrx_word' id='word_1_824' title='bbox 346 5877 469 5929; x_wconf 79' lang='grc' dir='ltr'><strong>Υἰοῦ</strong></span> <span class='ocrx_word' id='word_1_825' title='bbox 519 5873 659 5930; x_wconf 78' lang='grc' dir='ltr'><strong>εἶναι</strong></span> <span class='ocrx_word' id='word_1_826' title='bbox 717 5876 904 5939; x_wconf 70' lang='grc' dir='ltr'><strong>οὐσίας</strong></span> <span class='ocrx_word' id='word_1_827' title='bbox 939 5877 1241 5946; x_wconf 81' lang='grc' dir='ltr'>ὁμολογῶν,</span> <span class='ocrx_word' id='word_1_828' title='bbox 1303 5878 1394 5929; x_wconf 73' lang='grc' dir='ltr'><strong>καὶ</strong></span> <span class='ocrx_word' id='word_1_829' title='bbox 1417 5877 1559 5930; x_wconf 71' lang='grc' dir='ltr'><strong>οὕτω</strong></span> <span class='ocrx_word' id='word_1_830' title='bbox 1588 5880 1767 5943; x_wconf 80' lang='grc' dir='ltr'><strong>διδοὺς</strong></span> 
     </span>
    </p>
   </div>
   <div class='ocr_carea' id='block_1_107' title="bbox 199 5966 1764 6040">
    <p class='ocr_par' dir='ltr' id='par_1_107' title="bbox 199 5966 1764 6040">
     <span class='ocr_line' id='line_1_107' title="bbox 199 5966 1764 6040; baseline 0.001 -17"><span class='ocrx_word' id='word_1_831' title='bbox 199 5973 252 6023; x_wconf 61' lang='grc' dir='ltr'><strong>τλλ</strong></span> <span class='ocrx_word' id='word_1_832' title='bbox 301 5970 582 6034; x_wconf 71' lang='grc' dir='ltr'><strong>ἑπόμενον,</strong></span> <span class='ocrx_word' id='word_1_833' title='bbox 640 5966 757 6023; x_wconf 81' lang='grc' dir='ltr'><strong>εἶτα</strong></span> <span class='ocrx_word' id='word_1_834' title='bbox 788 5971 846 6022; x_wconf 78' lang='grc' dir='ltr'><strong>τὸ</strong></span> <span class='ocrx_word' id='word_1_835' title='bbox 894 5969 1082 6021; x_wconf 80' lang='grc' dir='ltr'><strong>τούτου</strong></span> <span class='ocrx_word' id='word_1_836' title='bbox 1134 5969 1459 6040; x_wconf 71' lang='grc' dir='ltr'><strong>ἡγούμενον,</strong></span> <span class='ocrx_word' id='word_1_837' title='bbox 1497 5972 1553 6024; x_wconf 78' lang='grc' dir='ltr'><strong>τὸ</strong></span> <span class='ocrx_word' id='word_1_838' title='bbox 1582 5976 1643 6026; x_wconf 78' lang='grc' dir='ltr'>ἐκ</span> <span class='ocrx_word' id='word_1_839' title='bbox 1674 5974 1764 6026; x_wconf 48' lang='grc' dir='ltr'><strong>τοῦ</strong></span> 
     </span>
    </p>
   </div>
   <div class='ocr_carea' id='block_1_108' title="bbox 1886 4775 3452 4846">
    <p class='ocr_par' dir='ltr' id='par_1_108' title="bbox 1886 4775 3452 4846">
     <span class='ocr_line' id='line_1_108' title="bbox 1886 4775 3452 4846; baseline 0.003 -22"><span class='ocrx_word' id='word_1_840' title='bbox 1886 4775 1994 4837; x_wconf 87' lang='lat' dir='ltr'><strong>ris,</strong></span> <span class='ocrx_word' id='word_1_841' title='bbox 2031 4777 2216 4828; x_wconf 85' lang='lat' dir='ltr'><strong>statim</strong></span> <span class='ocrx_word' id='word_1_842' title='bbox 2269 4786 2452 4829; x_wconf 88' lang='lat' dir='ltr'><strong>tomus</strong></span> <span class='ocrx_word' id='word_1_843' title='bbox 2489 4777 2540 4829; x_wconf 89' lang='lat' dir='ltr'><strong>in</strong></span> <span class='ocrx_word' id='word_1_844' title='bbox 2577 4777 2757 4830; x_wconf 87' lang='lat' dir='ltr'><strong>medio</strong></span> <span class='ocrx_word' id='word_1_845' title='bbox 2806 4777 3104 4846; x_wconf 78' lang='lat' dir='ltr'><strong>productus</strong></span> <span class='ocrx_word' id='word_1_846' title='bbox 3139 4779 3348 4831; x_wconf 76' lang='lat' dir='ltr'><strong>evincet</strong></span> <span class='ocrx_word' id='word_1_847' title='bbox 3381 4789 3452 4842; x_wconf 81' lang='lat' dir='ltr'><strong>te,</strong></span> 
     </span>
    </p>
   </div>
   <div class='ocr_carea' id='block_1_109' title="bbox 1881 4865 3451 4937">
    <p class='ocr_par' dir='ltr' id='par_1_109' title="bbox 1881 4865 3451 4937">
     <span class='ocr_line' id='line_1_109' title="bbox 1881 4865 3451 4937; baseline 0.004 -21"><span class='ocrx_word' id='word_1_848' title='bbox 1881 4875 1934 4916; x_wconf 85' lang='lat' dir='ltr'><strong>et</strong></span> <span class='ocrx_word' id='word_1_849' title='bbox 1984 4865 2098 4931; x_wconf 83' lang='lat' dir='ltr'><strong>jam</strong></span> <span class='ocrx_word' id='word_1_850' title='bbox 2154 4867 2437 4920; x_wconf 83' lang='lat' dir='ltr'><strong>considera</strong></span> <span class='ocrx_word' id='word_1_851' title='bbox 2493 4881 2697 4920; x_wconf 83' lang='lat' dir='ltr'><strong>amion-</strong></span> <span class='ocrx_word' id='word_1_852' title='bbox 2732 4883 2794 4920; x_wconf 77' lang='lat' dir='ltr'><strong>ex</strong></span> <span class='ocrx_word' id='word_1_853' title='bbox 2849 4867 2990 4920; x_wconf 68' lang='lat' dir='ltr'><strong>Filio</strong></span> <span class='ocrx_word' id='word_1_854' title='bbox 3030 4885 3150 4922; x_wconf 83' lang='lat' dir='ltr'><strong>esse</strong></span> <span class='ocrx_word' id='word_1_855' title='bbox 3189 4869 3451 4937; x_wconf 84' lang='lat' dir='ltr'><strong>Spiritum</strong></span> 
     </span>
    </p>
   </div>
   <div class='ocr_carea' id='block_1_110' title="bbox 1879 4957 3451 5029">
    <p class='ocr_par' dir='ltr' id='par_1_110' title="bbox 1879 4957 3451 5029">
     <span class='ocr_line' id='line_1_110' title="bbox 1879 4957 3451 5029; baseline 0.004 -18"><span class='ocrx_word' id='word_1_856' title='bbox 1879 4957 2117 5026; x_wconf 67' lang='lat' dir='ltr'><strong>Cyr-illus</strong></span> <span class='ocrx_word' id='word_1_857' title='bbox 2165 4959 2517 5027; x_wconf 87' lang='lat' dir='ltr'><strong>comprobat:</strong></span> <span class='ocrx_word' id='word_1_858' title='bbox 2563 4979 2578 5009; x_wconf 79' lang='grc' dir='ltr'><strong>ι</strong></span> <span class='ocrx_word' id='word_1_859' title='bbox 2612 4959 2912 5014; x_wconf 88' lang='lat' dir='ltr'><strong>Procedere</strong></span> <span class='ocrx_word' id='word_1_860' title='bbox 2946 4961 3162 5029; x_wconf 78' lang='lat' dir='ltr'><strong>quidem</strong></span> <span class='ocrx_word' id='word_1_861' title='bbox 3198 4963 3348 5015; x_wconf 89' lang='lat' dir='ltr'><strong>illum</strong></span> <span class='ocrx_word' id='word_1_862' title='bbox 3386 4978 3451 5018; x_wconf 77' lang='lat' dir='ltr'><strong>ex</strong></span> 
     </span>
    </p>
   </div>
   <div class='ocr_carea' id='block_1_111' title="bbox 1882 5049 3444 5112">
    <p class='ocr_par' dir='ltr' id='par_1_111' title="bbox 1882 5049 3444 5112">
     <span class='ocr_line' id='line_1_111' title="bbox 1882 5049 3444 5112; baseline 0.004 -12"><span class='ocrx_word' id='word_1_863' title='bbox 1882 5049 2039 5101; x_wconf 83' lang='lat' dir='ltr'><strong>Patre</strong></span> <span class='ocrx_word' id='word_1_864' title='bbox 2069 5089 2082 5112; x_wconf 90' lang='lat'><strong>,</strong></span> <span class='ocrx_word' id='word_1_865' title='bbox 2139 5068 2156 5099; x_wconf 88' lang='grc'><strong>‹</strong></span> <span class='ocrx_word' id='word_1_866' title='bbox 2196 5065 2300 5102; x_wconf 93' lang='lat' dir='ltr'><strong>non</strong></span> <span class='ocrx_word' id='word_1_867' title='bbox 2357 5065 2483 5102; x_wconf 86' lang='lat' dir='ltr'><strong>vero</strong></span> <span class='ocrx_word' id='word_1_868' title='bbox 2514 5067 2637 5104; x_wconf 88' lang='lat' dir='ltr'><strong>eum</strong></span> <span class='ocrx_word' id='word_1_869' title='bbox 2692 5051 2928 5105; x_wconf 86' lang='lat' dir='ltr'><strong>alienum</strong></span> <span class='ocrx_word' id='word_1_870' title='bbox 2979 5068 3101 5107; x_wconf 87' lang='lat' dir='ltr'><strong>esse</strong></span> <span class='ocrx_word' id='word_1_871' title='bbox 3142 5071 3170 5106; x_wconf 92' lang='lat' dir='ltr'><strong>a</strong></span> <span class='ocrx_word' id='word_1_872' title='bbox 3218 5054 3398 5108; x_wconf 79' lang='lat' dir='ltr'><strong>Filio?</strong></span> <span class='ocrx_word' id='word_1_873' title='bbox 3427 5074 3444 5106; x_wconf 73' lang='grc' dir='ltr'><strong>ι</strong></span> 
     </span>
    </p>
   </div>
   <div class='ocr_carea' id='block_1_112' title="bbox 1881 5142 3453 5211">
    <p class='ocr_par' dir='ltr' id='par_1_112' title="bbox 1881 5142 3453 5211">
     <span class='ocr_line' id='line_1_112' title="bbox 1881 5142 3453 5211; baseline 0.004 -17"><span class='ocrx_word' id='word_1_874' title='bbox 1881 5142 2011 5194; x_wconf 84' lang='lat' dir='ltr'><strong>Nam</strong></span> <span class='ocrx_word' id='word_1_875' title='bbox 2045 5142 2124 5208; x_wconf 89' lang='lat' dir='ltr'><strong>si,</strong></span> <span class='ocrx_word' id='word_1_876' title='bbox 2162 5143 2306 5211; x_wconf 89' lang='lat' dir='ltr'><strong>quod</strong></span> <span class='ocrx_word' id='word_1_877' title='bbox 2345 5157 2410 5196; x_wconf 81' lang='lat' dir='ltr'><strong>ex</strong></span> <span class='ocrx_word' id='word_1_878' title='bbox 2449 5145 2554 5196; x_wconf 72' lang='lat' dir='ltr'><strong>Deo</strong></span> <span class='ocrx_word' id='word_1_879' title='bbox 2603 5143 2774 5198; x_wconf 87' lang='lat' dir='ltr'><strong>Filius</strong></span> <span class='ocrx_word' id='word_1_880' title='bbox 2805 5153 2887 5198; x_wconf 88' lang='lat' dir='ltr'><strong>est</strong></span> <span class='ocrx_word' id='word_1_881' title='bbox 2913 5187 2926 5210; x_wconf 93' lang='lat'><strong>,</strong></span> <span class='ocrx_word' id='word_1_882' title='bbox 2962 5155 3016 5198; x_wconf 89' lang='lat' dir='ltr'><strong>et</strong></span> <span class='ocrx_word' id='word_1_883' title='bbox 3061 5150 3325 5200; x_wconf 84' lang='lat' dir='ltr'><strong>memoria</strong></span> <span class='ocrx_word' id='word_1_884' title='bbox 3367 5166 3453 5202; x_wconf 87' lang='lat' dir='ltr'><strong>re-</strong></span> 
     </span>
    </p>
   </div>
   <div class='ocr_carea' id='block_1_113' title="bbox 1877 5234 3454 5308">
    <p class='ocr_par' dir='ltr' id='par_1_113' title="bbox 1877 5234 3454 5308">
     <span class='ocr_line' id='line_1_113' title="bbox 1877 5234 3454 5308; baseline 0.006 -23"><span class='ocrx_word' id='word_1_885' title='bbox 1877 5234 1994 5285; x_wconf 91' lang='lat' dir='ltr'><strong>cole</strong></span> <span class='ocrx_word' id='word_1_886' title='bbox 2023 5234 2449 5287; x_wconf 77' lang='lat' dir='ltr'><strong>A-banasianam</strong></span> <span class='ocrx_word' id='word_1_887' title='bbox 2485 5251 2840 5303; x_wconf 86' lang='lat' dir='ltr'><strong>personarum</strong></span> <span class='ocrx_word' id='word_1_888' title='bbox 2874 5240 3301 5306; x_wconf 87' lang='lat' dir='ltr'><strong>proportionem,</strong></span> <span class='ocrx_word' id='word_1_889' title='bbox 3337 5257 3454 5308; x_wconf 81' lang='lat' dir='ltr'><strong>pro-</strong></span> 
     </span>
    </p>
   </div>
   <div class='ocr_carea' id='block_1_114' title="bbox 1879 5324 3451 5397">
    <p class='ocr_par' dir='ltr' id='par_1_114' title="bbox 1879 5324 3451 5397">
     <span class='ocr_line' id='line_1_114' title="bbox 1879 5324 3451 5397; baseline 0.006 -23"><span class='ocrx_word' id='word_1_890' title='bbox 1879 5335 2064 5391; x_wconf 90' lang='lat' dir='ltr'><strong>pterea</strong></span> <span class='ocrx_word' id='word_1_891' title='bbox 2131 5324 2384 5393; x_wconf 84' lang='lat' dir='ltr'><strong>proprius</strong></span> <span class='ocrx_word' id='word_1_892' title='bbox 2447 5325 2592 5381; x_wconf 88' lang='lat' dir='ltr'><strong>illius</strong></span> <span class='ocrx_word' id='word_1_893' title='bbox 2649 5328 2907 5381; x_wconf 55' lang='lat' dir='ltr'><strong>essentia;</strong></span> <span class='ocrx_word' id='word_1_894' title='bbox 2957 5336 3077 5391; x_wconf 63' lang='lat' dir='ltr'><strong>est,</strong></span> <span class='ocrx_word' id='word_1_895' title='bbox 3135 5344 3254 5397; x_wconf 72' lang='lat' dir='ltr'><strong>quire</strong></span> <span class='ocrx_word' id='word_1_896' title='bbox 3314 5331 3451 5384; x_wconf 87' lang='lat' dir='ltr'><strong>ratio</strong></span> 
     </span>
    </p>
   </div>
   <div class='ocr_carea' id='block_1_115' title="bbox 1881 5416 3453 5492">
    <p class='ocr_par' dir='ltr' id='par_1_115' title="bbox 1881 5416 3453 5492">
     <span class='ocr_line' id='line_1_115' title="bbox 1881 5416 3453 5492; baseline 0.005 -25"><span class='ocrx_word' id='word_1_897' title='bbox 1881 5416 2217 5483; x_wconf 75' lang='lat' dir='ltr'><strong>persuaserit</strong></span> <span class='ocrx_word' id='word_1_898' title='bbox 2285 5418 2531 5470; x_wconf 87' lang='lat' dir='ltr'><strong>divinum</strong></span> <span class='ocrx_word' id='word_1_899' title='bbox 2589 5419 2852 5490; x_wconf 78' lang='lat' dir='ltr'><strong>Cyrillum</strong></span> <span class='ocrx_word' id='word_1_900' title='bbox 2913 5437 3017 5474; x_wconf 89' lang='lat' dir='ltr'><strong>non</strong></span> <span class='ocrx_word' id='word_1_901' title='bbox 3073 5433 3256 5476; x_wconf 89' lang='lat' dir='ltr'><strong>tenere</strong></span> <span class='ocrx_word' id='word_1_902' title='bbox 3326 5438 3453 5492; x_wconf 90' lang='lat' dir='ltr'><strong>pro-</strong></span> 
     </span>
    </p>
   </div>
   <div class='ocr_carea' id='block_1_116' title="bbox 1876 5508 3442 5584">
    <p class='ocr_par' dir='ltr' id='par_1_116' title="bbox 1876 5508 3442 5584">
     <span class='ocr_line' id='line_1_116' title="bbox 1876 5508 3442 5584; baseline 0.007 -26"><span class='ocrx_word' id='word_1_903' title='bbox 1876 5508 2051 5576; x_wconf 88' lang='lat' dir='ltr'><strong>prium</strong></span> <span class='ocrx_word' id='word_1_904' title='bbox 2103 5524 2222 5563; x_wconf 88' lang='lat' dir='ltr'><strong>esse</strong></span> <span class='ocrx_word' id='word_1_905' title='bbox 2281 5510 2547 5576; x_wconf 80' lang='lat' dir='ltr'><strong>Spiritum</strong></span> <span class='ocrx_word' id='word_1_906' title='bbox 2602 5513 2854 5566; x_wconf 72' lang='lat' dir='ltr'><strong>essentia:</strong></span> <span class='ocrx_word' id='word_1_907' title='bbox 2910 5513 3069 5576; x_wconf 38' lang='lat' dir='ltr'><strong>F-iliie</strong></span> <span class='ocrx_word' id='word_1_908' title='bbox 3121 5517 3339 5584; x_wconf 85' lang='lat' dir='ltr'><strong>quando</strong></span> <span class='ocrx_word' id='word_1_909' title='bbox 3377 5531 3442 5569; x_wconf 78' lang='lat' dir='ltr'><strong>ex</strong></span> 
     </span>
    </p>
   </div>
   <div class='ocr_carea' id='block_1_117' title="bbox 1875 5600 3436 5673">
    <p class='ocr_par' dir='ltr' id='par_1_117' title="bbox 1875 5600 3436 5673">
     <span class='ocr_line' id='line_1_117' title="bbox 1875 5600 3436 5673; baseline 0.004 -19"><span class='ocrx_word' id='word_1_910' title='bbox 1875 5601 2012 5655; x_wconf 84' lang='lat' dir='ltr'><strong>Filio</strong></span> <span class='ocrx_word' id='word_1_911' title='bbox 2044 5602 2158 5654; x_wconf 85' lang='lat' dir='ltr'><strong>est?</strong></span> <span class='ocrx_word' id='word_1_912' title='bbox 2188 5600 2386 5656; x_wconf 88' lang='lat' dir='ltr'><strong>Filium</strong></span> <span class='ocrx_word' id='word_1_913' title='bbox 2417 5603 2696 5672; x_wconf 90' lang='lat' dir='ltr'><strong>proprium</strong></span> <span class='ocrx_word' id='word_1_914' title='bbox 2732 5620 2850 5658; x_wconf 87' lang='lat' dir='ltr'><strong>esse</strong></span> <span class='ocrx_word' id='word_1_915' title='bbox 2885 5615 3122 5673; x_wconf 79' lang='lat' dir='ltr'><strong>paterna:</strong></span> <span class='ocrx_word' id='word_1_916' title='bbox 3157 5608 3436 5672; x_wconf 72' lang='lat' dir='ltr'><strong>essentim.</strong></span> 
     </span>
    </p>
   </div>
   <div class='ocr_carea' id='block_1_118' title="bbox 1875 5694 3442 5763">
    <p class='ocr_par' dir='ltr' id='par_1_118' title="bbox 1875 5694 3442 5763">
     <span class='ocr_line' id='line_1_118' title="bbox 1875 5694 3442 5763; baseline 0.003 -16"><span class='ocrx_word' id='word_1_917' title='bbox 1875 5694 1951 5747; x_wconf 87' lang='lat' dir='ltr'><strong>uti</strong></span> <span class='ocrx_word' id='word_1_918' title='bbox 1985 5695 2328 5763; x_wconf 88' lang='lat' dir='ltr'><strong>subsequens</strong></span> <span class='ocrx_word' id='word_1_919' title='bbox 2367 5697 2736 5752; x_wconf 84' lang='lat' dir='ltr'><strong>antecedentis</strong></span> <span class='ocrx_word' id='word_1_920' title='bbox 2766 5737 2781 5760; x_wconf 88' lang='lat'><strong>,</strong></span> <span class='ocrx_word' id='word_1_921' title='bbox 2831 5713 2893 5749; x_wconf 79' lang='lat' dir='ltr'><strong>ex</strong></span> <span class='ocrx_word' id='word_1_922' title='bbox 2935 5698 3091 5751; x_wconf 75' lang='lat' dir='ltr'><strong>Patre</strong></span> <span class='ocrx_word' id='word_1_923' title='bbox 3132 5713 3258 5751; x_wconf 88' lang='lat' dir='ltr'><strong>eum</strong></span> <span class='ocrx_word' id='word_1_924' title='bbox 3302 5714 3442 5761; x_wconf 86' lang='lat' dir='ltr'><strong>esse,</strong></span> 
     </span>
    </p>
   </div>
   <div class='ocr_carea' id='block_1_119' title="bbox 1878 5785 3433 5857">
    <p class='ocr_par' dir='ltr' id='par_1_119' title="bbox 1878 5785 3433 5857">
     <span class='ocr_line' id='line_1_119' title="bbox 1878 5785 3433 5857; baseline 0.001 -17"><span class='ocrx_word' id='word_1_925' title='bbox 1878 5786 2207 5840; x_wconf 85' lang='lat' dir='ltr'><strong>Athanasius</strong></span> <span class='ocrx_word' id='word_1_926' title='bbox 2238 5787 2410 5854; x_wconf 85' lang='lat' dir='ltr'><strong>ponit.</strong></span> <span class='ocrx_word' id='word_1_927' title='bbox 2473 5785 2536 5840; x_wconf 89' lang='lat' dir='ltr'><strong>Et</strong></span> <span class='ocrx_word' id='word_1_928' title='bbox 2592 5796 2655 5839; x_wconf 74' lang='lat' dir='ltr'><strong>tu</strong></span> <span class='ocrx_word' id='word_1_929' title='bbox 2685 5787 2946 5855; x_wconf 83' lang='lat' dir='ltr'><strong>Spiritum</strong></span> <span class='ocrx_word' id='word_1_930' title='bbox 2997 5791 3273 5857; x_wconf 86' lang='lat' dir='ltr'><strong>proprium</strong></span> <span class='ocrx_word' id='word_1_931' title='bbox 3315 5790 3433 5843; x_wconf 83' lang='lat' dir='ltr'><strong>Filii</strong></span> 
     </span>
    </p>
   </div>
   <div class='ocr_carea' id='block_1_120' title="bbox 1876 5877 3441 5952">
    <p class='ocr_par' dir='ltr' id='par_1_120' title="bbox 1876 5877 3441 5952">
     <span class='ocr_line' id='line_1_120' title="bbox 1876 5877 3441 5952; baseline 0.002 -20"><span class='ocrx_word' id='word_1_932' title='bbox 1876 5878 2130 5932; x_wconf 76' lang='lat' dir='ltr'><strong>essentia:</strong></span> <span class='ocrx_word' id='word_1_933' title='bbox 2179 5891 2476 5942; x_wconf 80' lang='lat' dir='ltr'><strong>asserens,</strong></span> <span class='ocrx_word' id='word_1_934' title='bbox 2525 5887 2576 5930; x_wconf 85' lang='lat' dir='ltr'><strong>et</strong></span> <span class='ocrx_word' id='word_1_935' title='bbox 2609 5877 2689 5930; x_wconf 91' lang='lat' dir='ltr'><strong>sic</strong></span> <span class='ocrx_word' id='word_1_936' title='bbox 2723 5880 3028 5934; x_wconf 84' lang='lat' dir='ltr'><strong>concedens</strong></span> <span class='ocrx_word' id='word_1_937' title='bbox 3080 5881 3441 5952; x_wconf 76' lang='lat' dir='ltr'><strong>subsequens,</strong></span> 
     </span>
    </p>
   </div>
   <div class='ocr_carea' id='block_1_121' title="bbox 1875 5971 3445 6045">
    <p class='ocr_par' dir='ltr' id='par_1_121' title="bbox 1875 5971 3445 6045">
     <span class='ocr_line' id='line_1_121' title="bbox 1875 5971 3445 6045; baseline 0.003 -18"><span class='ocrx_word' id='word_1_938' title='bbox 1875 5971 2218 6042; x_wconf 84' lang='lat' dir='ltr'><strong>postmodum</strong></span> <span class='ocrx_word' id='word_1_939' title='bbox 2281 5972 2425 6025; x_wconf 88' lang='lat' dir='ltr'><strong>illius</strong></span> <span class='ocrx_word' id='word_1_940' title='bbox 2499 5974 2858 6040; x_wconf 79' lang='lat' dir='ltr'><strong>antecedens,</strong></span> <span class='ocrx_word' id='word_1_941' title='bbox 2916 5991 2987 6028; x_wconf 75' lang='lat' dir='ltr'><strong>ex.</strong></span> <span class='ocrx_word' id='word_1_942' title='bbox 3059 5975 3190 6029; x_wconf 67' lang='lat' dir='ltr'><strong>Filio</strong></span> <span class='ocrx_word' id='word_1_943' title='bbox 3253 5992 3445 6045; x_wconf 80' lang='lat' dir='ltr'><strong>nempe</strong></span> 
     </span>
    </p>
   </div>
  </div>
