4150 6458
704 387 807 449 943

1735 387 1949 449 JOAN.
1991 390 2207 452 VECCI
2251 394 2362 456 CP.
2405 396 2910 457 PATRIARCHE

3855 404 3955 467 iiii

984 544 3937 582 _._________________________________________

1592 598 2407 872 JOANNIS
2505 722 3062 878 VECCI

2016 981 2124 1042 (ΞΡ.
2164 982 2635 1043 PATRIARCHE

1190 1157 1903 1278 EPISTOLA
1981 1162 2168 1277 AD
2242 1164 2907 1281 JOANNEM
2988 1166 3460 1286 PAPAM

1449 1382 1606 1447 Cum
1647 1382 2052 1462 professione
2096 1382 2249 1448 ﬁdei
2284 1391 2347 1448 et
2389 1388 2830 1467 recognitione
2874 1390 3203 1472 primatus.

1855 1554 2025 1617 (Apud
2050 1553 2228 1615 Ilansi,
2250 1551 2438 1605 Concil.
2467 1559 2588 1605 tom.
2623 1542 2819 1614 xxiv.)

764 1822 1127 1881 Sanctissimo
1157 1828 1211 1877 et
1243 1820 1567 1876 beatissimo
1609 1831 1828 1873 summo
1862 1817 2105 1888 pontifici
2149 1833 2277 1888 apo.
2306 1825 2353 1881 Α
2452 1825 2518 1879 Et
2550 1824 2827 1895 quomodo
2865 1825 3085 1897 quidem
3110 1835 3307 1899 potens
3345 1839 3403 1886 et
3449 1845 3676 1892 sanctus
3710 1838 3958 1903 modera-

692 1920 906 1976 stolica'.
974 1914 1123 1974 sedis
1148 1914 1350 1969 veteris
1390 1910 1602 1975 Romae,
1663 1918 1717 1964 et
1749 1910 2041 1965 universali
2098 1926 2272 1980 papae,

693 2012 919 2067 domino
951 1998 1168 2067 Joanni,
1209 2004 1449 2061 Joannes
1499 2002 1853 2057 miseratione
1882 2001 2065 2056 divina
2103 2002 2277 2072 patri-

691 2103 856 2158 archa
881 2096 1521 2166 Constantinopolitanus
1547 2094 1734 2149 Roma:
1761 2108 1935 2156 novat,
1970 2108 2101 2177 cum
2126 2097 2275 2148 omni

696 2204 883 2250 nostra
940 2197 1291 2246 sacrosancta
1354 2185 1564 2257 synodo
1618 2184 1856 2240 debitam
1912 2185 2273 2239 reverentiam

692 2292 898 2339 nostra:
931 2278 1281 2340 obedientize,
1341 2290 1406 2331 ac
1437 2275 1852 2330 inclinationem
1881 2282 1935 2328 et
1962 2275 2275 2330 orationum

688 2366 1145 2446 postulationem.

762 2456 1021 2532 Principii
1044 2462 1176 2516 boni
1207 2459 1475 2531 optimum
1499 2473 1623 2515 esse
1647 2459 1832 2523 finem,
1866 2451 2124 2514 omnibus
2152 2457 2276 2513 abs-

691 2573 800 2627 que
855 2555 1023 2609 dubio
1050 2552 1194 2607 clare
1229 2550 1394 2622 patet.
1448 2550 1514 2605 Et
1536 2564 1709 2620 quare
1743 2543 1877 2617 'non,
1902 2566 2024 2603 cum
2057 2567 2077 2601 ο
2114 2563 2283 2603 omne

688 2653 894 2704 donum
930 2644 1228 2717 perfectum
1260 2640 1550 2698 desursum
1572 2643 1664 2705 sit,
1694 2639 2033 2697 descendens
2058 2658 2087 2695 a
2120 2640 2278 2694 Patre

696 2734 966 2791 luminum
1002 2732 1057 2787 ιτ
1094 2731 1211 2787 Hoc
1262 2732 1408 2785 enim
1465 2744 1752 2795 concesso,
1806 2745 2152 2800 consequens
2196 2738 2279 2785 est

690 2828 839 2883 credi
882 2841 1045 2881 omne
1086 2820 1414 2895 principium
1447 2822 1822 2892 cujuscunque
1847 2820 1924 2874 rei
1956 2821 2161 2889 optime
2196 2820 2279 2873 in-

696 2908 907 2975 choatae
941 2932 971 2971 a
1012 2918 1200 2973 divino
1232 2914 1469 2985 pendere
1516 2913 1772 2978 consilio,
1824 2923 1877 2968 et
1916 2921 2133 2999 propter
2177 2913 2281 2968 hoc

688 3012 1002 3069 necessario
1030 3011 1137 3065 tale
1172 3007 1505 3079 principium
1541 3006 1594 3060 in
1654 3006 1815 3060 ﬁnem
1862 3008 2111 3061 desinere
2158 3006 2279 3075 glo-

688 3107 916 3161 riosum.
971 3101 1125 3169 Quod
1167 3103 1312 3154 enim
1370 3116 1400 3153 a
1439 3099 1547 3154 Deo
1598 3100 1733 3153 bene
1789 3099 2104 3153 inchoatum
2172 3110 2281 3166 est,

2378 1924 2470 1971 tor
2497 1927 2685 1971 noster
2723 1917 2827 1989 ('5),
2857 1932 2980 1972 eum
3017 1918 3281 1975 divinitus
3326 1924 3633 1992 germinato
3687 1942 3841 1984 ramo
3880 1931 3959 2001 (ι)

2380 2005 2604 2071 radicis,
2645 2021 2828 2071 sacro,
2862 2008 3093 2074 potenti,
3152 2018 3208 2063 et
3246 2021 3439 2065 sancto
3469 2023 3660 2070 nostro
3708 2020 3958 2074 modera-

2376 2108 2515 2160 tore.
2546 2099 3017 2155 conﬁrmationem
3072 2101 3459 2159 ecclesiastica:
3494 2108 3715 2164 unionis
3766 2111 3821 2165 in
3854 2111 3959 2167 ﬁde

2375 2188 2615 2258 perfecta
2646 2197 2701 2243 et
2752 2189 2998 2261 diligenti
3060 2191 3387 2247 certitudine
3437 2193 3707 2260 fecerunt.
3763 2203 3961 2273 poterit

2378 2290 2607 2332 noscere
2654 2276 2893 2331 maxima
2942 2276 3205 2334 sanctitas
3245 2289 3423 2334 vestra
3459 2290 3513 2335 et
3544 2282 3613 2337 ab
3647 2284 3800 2352 ipsis,
3836 2301 3959 2359 quae

2376 2368 2443 2421 ad
2479 2368 2653 2438 ipsam
2691 2368 3004 2435 mittuntur,
3038 2370 3239 2426 litteris
3285 2373 3544 2441 potentias
3592 2390 3727 2440 sua,
3793 2386 3844 2432 et
3896 2380 3964 2433 ab

2377 2458 2748 2515 instrumento
2778 2460 3218 2530 juramentorum
3252 2461 3526 2520 factorum
3558 2480 3658 2535 per
3686 2467 3858 2535 ipsos,
3909 2480 3965 2524 et

2376 2550 2445 2604 ab
2473 2550 2562 2616 iis,
2600 2566 2722 2619 qua:
2753 2552 3070 2621 apostolica:
3111 2554 3253 2610 sedis
3286 2556 3461 2609 nuntii
3494 2570 3591 2611 ore
3625 2568 3787 2613 tenus
3820 2561 3964 2614 diri-

2377 2641 2463 2696 nis
2496 2626 2723 2697 auribus
2764 2652 2959 2698 vestrm
3016 2644 3381 2700 insonuerunt
3423 2648 3753 2703 sanctitatis.
3806 2648 3961 2716 Quo-

2379 2735 2542 2789 modo
2568 2731 2787 2805 quoque
2816 2752 2917 2793 nos
2945 2738 3117 2793 robur
3140 2750 3487 2809 praestamus,
3519 2756 3575 2797 et
3602 2743 3763 2798 ﬁnem
3793 2760 3963 2815 appo-

2380 2826 2561 2881 nimus
2596 2827 2842 2897 glorioso
2903 2829 3174 2900 principio
3230 2832 3543 2901 huiusmodi
3580 2837 3773 2903 operis
3800 2837 3961 2891 unio-

2379 2919 2491 2981 nis,
2524 2920 2723 2987 poterit
2756 2920 2900 2975 scire
2932 2929 3111 2975 vestra
3144 2937 3172 2975 a
3205 2922 3314 2976 Deo
3348 2924 3637 2994 magniﬁca
3671 2928 3958 2991 sanctitas,

2380 3018 2435 3063 et
2497 3022 2528 3061 a
2560 3009 2839 3062 volumine
2890 3010 3217 3077 synodicali,
3268 3012 3415 3081 quod
3468 3011 3571 3067 sibi
3618 3015 3960 3081 ostendetur,

2384 3101 2528 3169 quod
2563 3099 2843 3153 humilitas
2875 3108 3061 3159 nostra
3088 3114 3212 3154 cum
3254 3110 3371 3156 toto
3401 3116 3562 3157 sacro
3601 3102 3778 3173 ipsius
3829 3120 3960 3160 con-

688 3196 966 3268 quomodo
1014 3208 1123 3249 non
1158 3194 1363 3262 optime
1398 3191 1783 3245 terminabitur
1816 3190 2112 3245 auxiliante
2144 3190 2279 3247 Deo.
2312 3176 2359 3236 Β
2389 3203 2554 3245 ventu
2593 3190 2830 3244 ﬁrmavit
2873 3197 2931 3243 et
2975 3190 3257 3244 roboravit
3308 3190 3812 3261 subscriptionibus
3848 3209 3963 3249 ma-

690 3288 857 3359 quale
911 3285 1044 3355 quid
1115 3284 1318 3337 factum
1376 3292 1479 3345 est,
1530 3290 1583 3335 et
1609 3295 1775 3350 super
1831 3282 1919 3347 iis,
1963 3283 2029 3335 de
2074 3281 2274 3351 quibus

690 3397 836 3435 num:
866 3377 1208 3451 propositum
1239 3384 1323 3430 est
1364 3375 1521 3428 nobis
1546 3375 1751 3437 dicere,
1774 3390 1818 3453 ,ο
1841 3374 2083 3427 divinum
2110 3383 2163 3427 et
2192 3388 2278 3427 sa-

691 3488 844 3529 crum
884 3470 1088 3541 caput?
1123 3467 1258 3523 Nam
1287 3468 1657 3523 ecclesiastica
1691 3466 1889 3521 unione
1927 3467 2155 3522 feliciter
2195 3467 2277 3519 in-

690 3578 844 3637 cepta
893 3574 1136 3633 tempore
1194 3563 1370 3618 felicis
1435 3563 1714 3616 memoria:
1772 3562 2073 3624 beatissimi
2128 3570 2275 3618 illius

692 3659 797 3712 viri
834 3658 899 3727 (si
925 3667 1105 3711 tamen
1136 3655 1332 3725 virum,
1361 3664 1414 3709 et
1451 3669 1558 3707 non
1591 3648 1870 3725 angelum,
1910 3656 2091 3709 vocari
2114 3670 2276 3724 opor—

690 3757 767 3802 tet
830 3744 1044 3799 felicem
1083 3744 1260 3807 illum,
1312 3743 1717 3799 sanetissimum
1758 3760 1949 3814 papam
2004 3742 2274 3799 decimum

689 3838 926 3893 dicimus
945 3835 1324 3905 Gregorium),
1346 3835 1412 3889 ad
1434 3835 1809 3905 gloriosiorem
1829 3836 1986 3889 linem
2007 3835 2274 3905 (i),quam

686 3932 754 3987 ad
788 3931 961 4000 ipsam
994 3927 1252 3982 videlicet
1287 3926 1542 3980 unionem
1575 3938 1825 3980 summus
1859 3925 2120 3979 Dominus
2146 3941 2280 3979 con-

688 4020 987 4078 summavit
1051 4021 1105 4072 in
1152 4020 1364 4083 diebus,
1424 4020 1478 4072 in
1528 4019 1731 4088 quibus
1766 4018 1833 4072 ad
1868 4022 2116 4072 decorem
2152 4034 2280 4083 apo-

690 4116 894 4171 stolicm
922 4110 1092 4174 sedis,
1141 4124 1193 4165 et
1234 4110 1689 4167 iilutninationem
1720 4109 2060 4180 perspicuam
2099 4109 2279 4162 lii-ma.

698 4208 866 4261 tuenti
933 4200 1255 4257 univerSalis
1306 4198 1589 4265 Ecclesiae,
1651 4213 1773 4264 vos,
1828 4198 2057 4277 nomine
2092 4200 2279 4268 gratias

686 4299 1032 4352 nominatum
1088 4294 1188 4363 (Ξ),
1247 4292 1389 4347 Deus
1444 4290 1693 4361 eligendo
1763 4291 2069 4344 constituit.
2123 4288 2279 4352 Quod

682 4389 908 4461 quidem
951 4386 1268 4455 apostolicae
1331 4382 1478 4439 sedis
1565 4382 1742 4435 nuntii
1813 4382 2275 4445 reverendissimi,

678 4480 895 4536 scilicet
927 4477 1125 4532 fratres
1164 4474 1340 4529 nostri
1374 4482 1426 4527 et
1457 4470 1763 4541 coepiscopi
1795 4469 2036 4525 Jacobus
2070 4468 2273 4549 Feren-

684 4571 835 4625 tinus
864 4578 917 4625 et
952 4566 1252 4623 Gaufridus
1299 4563 1679 4626 Taurinensis,
1713 4571 1767 4616 et
1796 4561 1863 4616 de
1890 4562 2000 4616 Deo
2039 4571 2266 4632 accepto

684 4662 877 4717 ordine
942 4659 1366 4730 praedicatorum
1424 4654 1829 4725 religiosissimi
1862 4655 2034 4709 nostri
2073 4654 2270 4708 fratres

683 4752 985 4827 Bayronus
1020 4752 1171 4821 prior
1209 4746 1587 4810 Viterbiensis,
1641 4754 1694 4800 et
1727 4744 1921 4801 Salvus
1959 4755 2133 4801 rector
2159 4747 2268 4800 Lu-

685 4856 859 4899 canus
904 4850 1097 4894 vestra:
1171 4835 1483 4893 sanctitatis
1540 4834 1886 4889 orationibus
1950 4835 2274 4906 prosperati,

684 4940 1056 5005 pervenerunt
1105 4930 1173 4983 ad
1204 4937 1448 4994 sanctos,
1506 4938 1559 4983 et
1588 4927 1999 4997 potentissimos
2051 4935 2272 4982 nostros

687 5025 1089 5087 moderatores,
1137 5031 1191 5078 et
1236 5023 1303 5077 ad
1360 5034 1605 5075 nosuam
1648 5020 2033 5084 humilitatem,
2094 5028 2147 5074 et
2203 5019 2270 5074 ad

686 5133 833 5183 eam,
863 5132 984 5186 quae
1014 5118 1154 5186 apud
1197 5129 1299 5170 nos
1331 5116 1552 5168 inventa
1582 5121 1666 5167 est
1694 5126 1905 5167 sacram
1936 5120 1991 5167 et
2022 5116 2267 5166 sanctam

685 5211 956 5282 synodum
994 5210 1239 5264 relictam
1286 5206 1355 5262 ab
1384 5206 1743 5260 universitate
1790 5220 1999 5273 magna:
2047 5202 2265 5274 synodi,

685 5318 802 5371 qua:
835 5301 978 5371 apud
1012 5316 1111 5353 nos
1162 5299 1328 5369 paulo
1370 5304 1494 5350 ante
1550 5295 1732 5350 fuerat
1764 5296 2033 5350 celebrata
2068 5313 2083 5349 :
2113 5296 2272 5350 dictae

684 5394 1065 5450 (celesiasticze
1083 5386 1617 5451 unionisinehoatio,
1645 5397 1869 5441 auctore
1900 5388 2030 5453 Deo,
2060 5389 2267 5457 absque

683 5485 899 5541 defectu
946 5486 1053 5537 fine
1086 5496 1348 5551 prospero
1386 5492 1764 5534 consummata
1796 5490 1902 5533 est.

791 5623 806 5652 ¹
833 5620 1021 5676 Jacob.
1087 5619 1257 5698 t,_i7.

754 5762 831 5831 (i)
862 5761 1043 5815 Locus
1070 5770 1382 5829 corruptus.

757 5834 834 5901 (‘2)
882 5835 991 5885 lloc
1020 5841 1121 5896 cst,
1150 5833 1375 5887 Joannis
1408 5834 1632 5886 nomine.
1672 5833 1845 5890 Hann.

2381 3282 2655 3347 riualibus,
2693 3295 2815 3351 qua
2860 3282 3015 3352 apud.
3071 3296 3182 3339 nos
3224 3284 3468 3354 vigorem
3518 3286 3769 3343 obtinent
3804 3288 3960 3358 jura-

2380 3374 2575 3428 menti.

2448 3466 2622 3519 liabet
2653 3466 2875 3535 insuper
2898 3478 3132 3521 noscere
3168 3475 3225 3532 et
3255 3466 3323 3523 ab
3361 3466 3448 3534 iis,
3483 3484 3605 3539 qua
3625 3469 3679 3525 in
3706 3474 3957 3541 prmnti

2377 3556 2583 3623 scripto
2609 3555 2905 3625 specialius
2932 3568 3034 3609 nos
3061 3554 3314 3611 dicemus
3348 3556 3683 3624 omnimode,
3712 3563 3959 3629 praeben-

2380 3654 2458 3700 tes
2480 3655 2675 3700 vestra
2704 3644 3017 3715 apostolica:
3036 3644 3321 3701 sanctitati
3348 3647 3731 3705 certitudinem
3757 3664 3957 3709 nostra

2380 3737 2445 3790 ad
2475 3737 2831 3805 apostolicam
2876 3737 3059 3792 sedem
3093 3751 3264 3806 purae,
3302 3736 3664 3810 perfectaeque
3694 3742 3956 3800 obedien-

2380 3829 2484 3883 tiae.
2526 3829 2766 3905 Dicimus
2797 3828 2971 3894 enim,
3028 3828 3133 3884 sub
3188 3830 3423 3886 testibus
3478 3830 3591 3886 Deo
3645 3841 3701 3889 et
3751 3836 3958 3906 angelis

2380 3922 2539 3975 verba
2566 3918 2849 3987 facientes,
2879 3920 3026 3990 quod
3054 3934 3216 3978 omne
3246 3922 3487 3978 schisma
3519 3923 3662 3979 inter
3685 3925 3957 3984 Ecclesiae

2381 4012 2497 4077 Dei,
2529 4015 2732 4068 veteris
2765 4010 2956 4067 Roma:
2981 4011 3195 4069 scilicet
3229 4022 3285 4070 et
3323 4030 3481 4071 novae
3534 4026 3758 4082 nostra,
3817 4019 3957 4075 male

2379 4107 2756 4162 introductum
2797 4106 2856 4161 in
2894 4105 3176 4161 laesionem
3214 4104 3670 4174 Christianitatis,
3709 4112 3955 4181 asperni-

2382 4214 2505 4253 nius
2535 4206 2590 4253 et
2623 4197 2951 4267 abjieimus;
2984 4207 3039 4253 et
3057 4197 3401 4269 praecordiali
3433 4198 3651 4269 aﬁ‘ectu.
3677 4213 3734 4258 et
3753 4220 3820 4258 ex
3848 4214 3957 4261 tota

2378 4291 2557 4344 anima
2620 4295 2778 4361 prius
2820 4291 3002 4360 ipsum
3066 4288 3426 4359 deponentes,
3466 4305 3562 4361 per
3611 4293 3872 4365 linguam,
3901 4306 3958 4351 et

2378 4381 2543 4448 labia,
2577 4389 2631 4435 et
2667 4381 2992 4451 prolativum
3045 4389 3294 4437 nostrum
3325 4394 3661 4450 sermonem,
3711 4385 3872 4441 etiam
3898 4387 3957 4441 in

2378 4474 2629 4542 prmsenti
2684 4474 2890 4544 scripto
2935 4473 3118 4545 ipsum
3169 4472 3544 4543 abnegamtts.
3600 4485 3656 4531 et
3695 4478 3956 4534 ecclesia-

2376 4562 2568 4619 Stiram
2601 4577 2791 4633 pacem
2822 4573 2876 4618 et
2899 4564 3190 4630 unitatem,
3228 4570 3283 4619 et
3305 4564 3605 4633 primatum
3636 4571 3953 4638 apostolicae

2374 4653 2518 4710 sedis
2568 4654 2919 4721 conﬁtemur,
2965 4648 3443 4725 recognoscimus,
3493 4669 3845 4731 acceptamus
3896 4670 3953 4717 et

2376 4755 2571 4813 sponte
2610 4744 2945 4815 suscipimus
2977 4763 2991 4799 :
3025 4757 3081 4803 et
3108 4748 3178 4804 ad
3200 4749 3377 4819 ipsius
3399 4749 3762 4807 obedientiam
3788 4768 3953 4823 spon-

2383 4837 2533 4893 tanei
2569 4836 2880 4904 venientes,
2934 4846 3113 4893 ratum
3146 4839 3371 4911 habere,
3402 4849 3461 4897 et
3486 4856 3816 4905 conservare
3849 4844 3951 4897 im-

2388 4926 2657 4981 mutabile
2691 4926 3067 4997 promittimus
3096 4937 3151 4984 et
3189 4933 3515 4996 asserimus,
3546 4944 3599 4987 et
3626 4948 3719 4988 eas
3755 4948 3951 5003 praero-

2381 5017 2619 5086 salivas,
2658 5033 2781 5088 qua:
2817 5033 2848 5072 a
2878 5019 3152 5092 principio
3175 5034 3300 5079 ante
3339 5023 3580 5079 schisma
3612 5027 3945 5095 prastaban-

2378 5118 2465 5162 tur
2490 5110 2807 5179 apostolicae
2838 5110 2953 5165 sedi
2990 5113 3058 5169 ab
3089 5113 3220 5178 illis,
3252 5117 3345 5185 qui
3375 5130 3474 5186 pro
3518 5124 3785 5186 tempore,
3826 5132 3951 5188 pon-

2381 5200 2548 5257 tiﬁcio
2588 5202 2642 5256 in
2704 5202 3189 5277 Constantinopoli
3234 5205 3621 5277 fungebantur,
3670 5209 3871 5281 integra
3896 5219 3952 5265 et

2382 5291 2719 5351 inviolabilia
2741 5297 3113 5367 promittimus
3132 5292 3480 5354 conservare.
3510 5298 3755 5356 Schisma
3782 5304 3950 5370 enim,

2382 5386 2528 5456 quod
2561 5386 2616 5440 in
2654 5389 2834 5443 medio
2873 5389 3208 5457 intercessit,
3244 5390 3438 5445 intimo
3470 5392 3652 5448 cordis
3674 5392 3865 5449 aﬁ‘ectu
3899 5406 3955 5450 et

2382 5490 2496 5537 tata
2560 5482 2727 5536 animi
2767 5482 3047 5539 voluntate
3091 5492 3469 5554 aspernentes,
3508 5487 3955 5558 compaginamus

2462 5770 2539 5832 (3)
2568 5768 2795 5817 Michael
2828 5778 2939 5833 Imp

2440 5836 2516 5903 (4)
2542 5836 2676 5888 Cum
2736 5833 3195 5905 Andronicoftlio
3227 5835 3389 5891 etiam
3428 5835 3782 5906 imperatore.
