4150 6532
211 533 321 598 91ίῦ

1385 533 1630 596 EPIST.
1676 532 1774 592 AD
1809 532 2159 597 JOANNENI
2199 541 2310 601 PP.

3384 530 3490 590 Silii

210 663 268 711 et
292 658 612 723 coaptamns
639 652 1011 722 nosmetipsos
1040 650 1195 708 lineae
1217 651 1537 722 pontiﬁcum
1565 651 1804 714 illorum,
1838 652 1882 710 Α
1916 657 2371 726 omnipotentem,
2407 654 2794 716 immortalem,
2831 647 3190 709 invisibilem,
3227 646 3493 712 impalpa-

213 746 312 817 qui
350 743 591 800 schisma
636 743 951 814 apostolica
977 742 1104 799 Sedi
1164 744 1365 799 veteris
1416 741 1605 798 Romae
1648 758 1803 797 suam

216 834 589 890 obedientiam
616 834 888 890 canonice
920 843 975 889 et
1009 833 1255 905 legitime
1282 832 1718 900 eonservabant;
1753 841 1809 886 et

214 927 356 982 nihil
385 926 612 981 omnino
658 925 1041 996 imperfectum
1071 926 1327 980 omittere
1372 925 1693 993 pollicemur
1743 927 1808 979 de

219 1020 314 1084 iis,
342 1034 467 1090 quae
498 1027 624 1076 ante
648 1018 890 1074 schisma
913 1018 988 1072 illi
1009 1017 1120 1073 divi
1160 1026 1215 1073 et
1250 1017 1422 1073 sancti
1451 1017 1809 1088 imperatores

217 1112 534 1182 apostolicae
562 1113 680 1168 sedi
722 1113 1036 1183 praestando
1071 1113 1424 1177 roborarunt,
1475 1119 1528 1166 et
1576 1110 1808 1166 allirma-

220 1213 389 1271 runt;
424 1221 654 1276 Insuper
689 1206 857 1261 etiam
885 1215 940 1260 et
989 1208 1057 1262 de
1088 1207 1176 1271 iis,
1223 1222 1345 1276 quae
1389 1207 1441 1259 in
1472 1206 1806 1261 sacriscon-

217 1293 365 1350 ciliis
399 1296 592 1352 Patres
621 1297 796 1352 nostri
832 1297 899 1352 ad
941 1297 1117 1366 ipsius
1159 1297 1525 1353 obedientiam
1583 1297 1809 1351 demon-

218 1391 472 1444 strabant
495 1405 555 1445 se
591 1404 940 1446 conservare.
996 1389 1207 1445 Rursus
1238 1390 1305 1444 ad
1333 1390 1690 1458 apostolicam
1723 1405 1810 1445 se-

219 1479 349 1534 dem
404 1480 801 1536 conﬁrmamus
859 1481 1248 1536 inviolabiliter
1276 1490 1327 1536 et
1382 1481 1590 1550 integre
1621 1493 1814 1535 omnes

225 1572 621 1658 praerogativas
651 1583 702 1627 et
728 1573 1034 1643 privilegia,
1072 1589 1194 1644 quae
1224 1582 1351 1627 ante
1378 1573 1618 1628 scbisma
1663 1589 1816 1628 reve-

228 1662 381 1718 rendi
412 1673 466 1717 ct
498 1663 642 1718 beati
674 1667 1053 1736 imperatores,
1097 1678 1150 1722 et
1179 1667 1369 1722 dcifcri
1423 1667 1610 1722 Patres
1641 1667 1811 1720 nostri

237 1752 498 1814 tectores,
530 1754 596 1808 ad
627 1753 920 1824 primatum
955 1756 1269 1825 apostolica:
1301 1755 1447 1810 sedis
1474 1755 1527 1808 in
1556 1754 1814 1809 obedien-

236 1845 358 1897 "am
379 1828 744 1900 ostendebant
774 1863 791 1901 :
828 1847 1102 1911 videlicet,
1139 1847 1267 1916 quia
1304 1847 1418 1916 ipsa
1461 1854 1813 1900 sacrosancta

243 1933 478 1989 Romana
508 1934 751 1992 Ecclesia
781 1953 1058 1992 summum
1092 1931 1476 2009 et‘perl'ectum
1514 1938 1808 2006 primatum

265 2038 286 2080 t
325 2028 692 2098 principatum
725 2046 889 2100 super
914 2032 1224 2086 universam
1260 2031 1586 2086 catholicam
1615 2030 1806 2084 Eccle-

230 2116 364 2171 .iam
396 2117 626 2183 obtinet,
660 2135 822 2189 quem
857 2121 911 2173 in
945 2121 1122 2190 seipsa
1173 2123 1242 2175 ab
1293 2122 1412 2192 ipso
1442 2120 1696 2185 Domino,
1757 2121 1810 2174 in

230 2218 392 2264 beato
418 2209 580 2267 Petro
608 2213 979 2279 apostolorum
1014 2215 1261 2284 principe
1285 2231 1380 2270 seu
1412 2213 1633 2279 vertice,
1656 2213 1814 2281 cujus

230 2303 512 2358 Romanus
544 2305 889 2373 pontifexe~t
941 2322 1254 2369 successor,
1301 2322 1426 2361 cum
1483 2309 1818 2376 plenitudine

229 2397 517 2467 potestatis
559 2400 853 2468 recepisse,
911 2416 1037 2454 vere
1071 2417 1134 2455 ac
1164 2401 1436 2456 humiliter
1472 2403 1817 2471 recognoseb

232 2507 380 2546 mus.
417 2492 483 2547 Et
531 2493 994 2562 quemadmodum
1031 2510 1141 2565 prae
1173 2495 1294 2550 aliis
1325 2504 1541 2549 tenetur
1573 2494 1695 2549 ﬁdei
1726 2510 1819 2550 ve-

229 2582 448 2637 ritatem
482 2581 776 2637 dciendci'e
817 2599 832 2637 :
868 2584 948 2638 sic
996 2593 1048 2638 ct
1078 2587 1123 2638 si
1178 2600 1300 2653 quae
1331 2587 1398 2639 de
1431 2585 1535 2640 [ide
1581 2585 1822 2642 suborta:

231 2674 442 2728 fuerint
479 2675 837 2740 quaestiones,
871 2691 970 2729 suo
998 2675 1201 2730 debent
1237 2675 1442 2745 judicio
1463 2676 1696 2731 deliniri.
1742 2677 1822 2730 Ad

235 2766 381 2821 banc
421 2775 599 2835 potest
625 2767 877 2836 quilibet,
911 2777 1173 2838 gravatus
1207 2770 1259 2823 in
1288 2770 1517 2838 negotiis
1549 2773 1614 2823 ad
1645 2768 1824 2824 forum

234 2859 670 2913 ecclesiasticum
712 2859 1139 2929 pertinentibus,
1190 2861 1497 2931 appellare:
1526 2870 1582 2914 et
1631 2862 1684 2918 in
1713 2876 1824 2915 om-

236 2953 402 3005 nibus
439 2953 642 3015 causis,
686 2954 753 3006 ad
775 2967 1009 3016 examen
1065 2955 1497 3010 ecclesiasticum
1536 2956 1832 3024 spectanti-

239 3044 368 3104 bus,
413 3043 478 3095 ad
530 3043 704 3099 iusius
735 3051 916 3112 petest
975 3058 1182 3096 rccum
1219 3042 1486 3111 judicium
1519 3062 1532 3095 :
1574 3053 1623 3098 et
1655 3042 1829 3097 eidem

240 3156 435 3195 omnes
458 3137 713 3194 Ecclesia:
745 3149 873 3194 sunt
897 3141 1179 3210 subjectae,
1217 3141 1572 3210 ipsarumque
1621 3141 1830 3208 praelati

240 3231 609 3286 obedientiam
650 3241 704 3284 et
741 3233 1106 3287 reverentiam
1144 3232 1219 3286 illi
1249 3231 1469 3287 debent.
1506 3232 1660 3300 Apud
1693 3233 1836 3286 banc

1911 749 2100 814 bilem,
2138 751 2457 805 universum
2501 748 2840 816 implentem.
2868 751 2919 796 et
2949 755 3113 808 super
3137 738 3316 794 omnia
3349 736 3497 791 exsi—

1911 838 2166 906 stentem,
2217 843 2558 914 conditorem
2610 849 2778 894 totius
2813 843 3087 890 creaturae
3139 829 3373 885 visibilis
3446 839 3503 882 et

1910 935 2225 1000 invisibilis,
2287 935 2594 1006 corporalis
2648 943 2701 988 et
2756 927 3079 997 Spiritualis.
3137 923 3202 979 Et
3231 925 3299 1006 in
3331 938 3499 976 unum

1916 1026 2210 1081 Dominum
2246 1004 2434 1082 Iesum
2486 1025 2790 1086 Christum,
2837 1018 3104 1082 Verbum,
3159 1004 3502 1084 unigenitum

1914 1116 2137 1183 Filium.
2185 1128 2449 1174 aeternum
2488 1118 2556 1171 ab
2595 1125 2801 1170 aeterno
2833 1106 3014 1174 Patre,
3050 1105 3383 1178 principium
3438 1105 3506 1160 de

1915 1211 2209 1280 principio,
2247 1193 2439 1266 iumen
2469 1209 2536 1263 de
2569 1208 2798 1267 lumine,
2841 1204 3009 1260 Deum
3051 1203 3114 1255 de
3158 1198 3289 1257 Deo.
3322 1197 3508 1251 omni-

1921 1312 2202 1374 potentem
2242 1304 2309 1358 de
2348 1302 2750 1372 omnipotente,
2779 1288 3512 1368 aqualem'incommutabi-

1917 1395 2040 1450 liter
2089 1394 2372 1464 generauti
2396 1395 2564 1458 Patri,
2603 1401 2765 1464 prout
2805 1393 2923 1460 ipse
2948 1385 3215 1444 Dominus
3240 1384 3290 1436 in
3329 1380 3508 1434 Evan-

1917 1486 2061 1554 gelio
2091 1485 2290 1540 asserit
2329 1486 2519 1540 dicens
2557 1500 2572 1538 :
2621 1503 2638 1535 ε
2671 1481 2775 1549 Qtti
2814 1481 2957 1534 videt
3001 1493 3108 1539 me,
3149 1475 3292 1527 videt
3326 1481 3382 1527 et
3409 1472 3514 1525 Pa-

1917 1587 2052 1634 trem
2069 1578 2246 1646 ’;iqui
2275 1588 2403 1633 ante.
2430 1577 2614 1632 omnia
2640 1575 2839 1632 saecula
2871 1579 3060 1629 natus.
3085 1565 3440 1628 ineffabilem,
3460 1573 3513 1619 et

1920 1670 2204 1725 intellectu
2248 1668 2858 1741 incomprehensibilom
2923 1665 3089 1720 habet
3128 1658 3464 1715 nativitatem
3499 1675 3510 1710 :

1925 1782 1944 1814 ι
1973 1763 2397 1818 Generationem
2428 1764 2547 1832 ejus
2582 1761 2706 1830 quis
2729 1758 3048 1813 cnarrabit?
3094 1775 3110 1807 ι
3151 1769 3305 1811 sacra
3343 1751 3518 1804 faten-

1920 1864 2007 1909 tur
2039 1853 2306 1923 Eloquia;
2353 1855 2456 1909 hoc
2491 1865 2594 1917 est,
2655 1850 2870 1905 Nullus.
2923 1849 2976 1903 lu
3033 1845 3516 1902 consummatione

1917 1948 2244 2002 saeculorum
2270 1945 2553 2001 descendit
2573 1943 3013 2013 inseparabiliter
3037 1955 3101 1992 ex
3133 1939 3366 1991 Paterno
3394 1935 3514 1987 sinu

1918 2037 2020 2111 [in]
2062 2039 2438 2092 intemeratam
2475 2044 2531 2090 et
2570 2048 2786 2102 semper
2836 2032 3111 2098 Virginem
3169 2027 3417 2085 Marium,
3467 2036 3522 2076 et

1918 2141 2162 2185 nostram
2203 2145 2268 2182 ex
2303 2128 2422 2197 ipsa
2466 2127 2770 2194 assumpsit
2800 2134 3073 2178 naturam.
3112 2135 3336 2175 carnem
3367 2118 3416 2170 vi
3443 2119 3520 2167 le-

1920 2221 2046 2276 licet
2075 2221 2374 2275 humanam
2405 2235 2529 2274 eum
2564 2220 2743 2272 anima
2768 2216 3044 2277 rationali.
3071 2229 3179 2267 non
3212 2210 3520 2266 secundum

1917 2312 2396 2383 pbantasiam,sed
2417 2312 2720 2367 secundum
2750 2310 3031 2363 veritatem
3059 2325 3071 2371 ;
3103 2321 3244 2374 nequ
3267 2325 3276 2339 -
3303 2302 3525 2374 [secun-

1920 2401 2074 2474 dum]
2093 2419 2384 2472 supernam
2413 2400 2903 2468 ct-intcmporalem
2940 2397 3278 2451 nativitatem
3303 2394 3526 2455 adopta-

1922 2497 2034 2562 lus,
2057 2512 2232 2566 neque
2254 2495 2559 2551 secundum
2591 2493 2900 2547 inferiorem
2936 2490 3291 2560 temporalem
3319 2505 3332 2540 :
3365 2494 3526 2538 natu-

1926 2591 2056 2646 ralis
2078 2591 2222 2645 enim
2254 2590 2527 2644 exsislens
2555 2598 2608 2642 et
2643 2601 2806 2640 verus
2838 2585 3008 2638 Filius
3039 2582 3155 2648 Dei,
3185 2580 3454 2634 naturalis
3477 2587 3528 2630 ct

1929 2700 2090 2740 verus
2114 2697 2326 2751 semper
2350 2680 2592 2752 Virginis
2615 2677 2797 2732 Mari-.0
2820 2678 2936 2747 ipse
2959 2676 3102 2730 idem
3129 2674 3271 2728 lilius
3293 2672 3530 2734 exsistit,

1934 2777 2032 2847 qui
2066 2791 2289 2830 carnem
2316 2774 2528 2842 accepit
2580 2788 2644 2826 ex
2681 2771 2825 2840 ipsa,
2883 2769 3156 2823 visibilem
3215 2763 3530 2824 invisibilis,

1933 2868 2223 2924 mortalem
2268 2865 2622 2928 immortalis,
2651 2862 2971 2933 passibilem
2997 2858 3375 2930 impassibilis,
3415 2857 3530 2926 pal.

1932 2961 2170 3032 pabilem
2211 2958 2619 3029 impalpabilis:
2661 2957 2714 3010 in
2746 2970 2852 3025 qua
2890 2968 3057 3009 carne
3110 2961 3165 3007 et
3223 2967 3322 3020 pro
3377 2951 3529 3004 nobis

1936 3065 2131 3123 sponte
2166 3050 2412 3120 suscepit
2457 3047 2798 3118 paSsionem,
2857 3058 2987 3099 vera
3033 3043 3218 3098 carnis
3255 3043 3531 3110 passione.

1939 3148 2210 3207 )l'ortuus.
2248 3155 2301 3199 et
2340 3129 2611 3213 sepultus,
2645 3150 2702 3194 et
2727 3137 3069 3193 descendens
3117 3136 3184 3189 ad
3221 3135 3448 3197 inferos,
3484 3141 3539 3185 cl

1941 3240 2102 3295 tertia
2125 3240 2236 3304 die,
2263 3235 2570 3292 secundum
2605 3231 2976 3301 Scripturam,
3010 3243 3306 3296 resurgens
3328 3242 3357 3280 a
3393 3241 3534 3281 mor-

242 3330 430 3377 auti-m
474 3323 756 3391 plenitudo
793 3325 1083 3394 pctcslatis
1117 3327 1391 3389 consistit,
1422 3324 1565 3394 quod
1599 3340 1683 3390 ea,
1715 3339 1828 3394 qua

1944 3335 2052 3390 luis
2085 3347 2215 3387 vera
2248 3329 2431 3385 carnis
2493 3325 2918 3381 resurrectione.
2993 3322 3124 3377 Post
3173 3321 3537 3390 quadraginta

239 3427 458 3470 cetera:
506 3414 792 3480 Ecclesiie,
829 3424 879 3470 et
933 3415 1331 3485 patriarcbales
1371 3416 1704 3485 specialiter,
1746 3415 1832 3470 di-

239 3510 418 3560 versis
453 3507 796 3577 temporibus
850 3506 1135 3577 privilegia
1178 3507 1564 3572 obtinuerunt,
1596 3508 1835 3560 sanctio-

243 3599 408 3652 nibus
441 3598 723 3652 beatorum
784 3605 1100 3653 sanctorum
1141 3598 1536 3669 imperatOrum
1591 3599 1836 3665 illorum,

243 3701 299 3744 et
331 3689 611 3744 canonicis
642 3690 1026 3745 sanctionibus
1079 3705 1363 3744 sacrorum
1410 3701 1465 3744 et
1519 3692 1831 3745 divinorum

244 3780 629 3846 conciliorum,
666 3781 857 3836 eadem
924 3780 1166 3840 Romana
1203 3781 1442 3836 Ecclesia
1494 3784 1842 3836 continuavit

245 3883 303 3929 et
330 3872 610 3928 roboravit
642 3883 736 3927 :et
791 3888 901 3926 non
947 3874 1106 3928 aliter
1155 3875 1510 3929 obtinuerunt
1544 3878 1803 3929 conlirtna

246 3968 452 4029 tionem
499 3966 864 4020 Ecclesiarum
920 3966 1230 4035 huiusmodi
1278 3971 1671 4037 praerogativae,
1736 3970 1841 4028 nisi

246 4058 443 4114 eadem
474 4058 718 4113 Ecclesia
757 4056 1007 4113 Romana
1055 4073 1216 4114 suum
1257 4074 1424 4123 super
1449 4060 1517 4116 iis
1571 4059 1839 4128 judicium

247 4161 304 4209 et
334 4149 665 4208 sententiam
694 4151 1012 4221 protulisset
1053 4168 1066 4205 :
1097 4169 1195 4206 sua
1252 4162 1430 4206 tamen
1484 4159 1840 4223 prazrogativa

247 4252 361 4300 tam
395 4244 449 4298 in
491 4245 834 4315 generalibus
856 4246 1122 4310 conciliis,
1175 4262 1338 4316 quam
1381 4246 1432 4314 in
1497 4249 1838 4316 quibuscun-

247 4351 360 4408 que
385 4336 508 4392 aliis
543 4352 761 4407 semper
796 4339 970 4392 salva.
1013 4338 1080 4392 Et
1125 4341 1192 4394 de
1221 4341 1586 4410 abnegatioue
1620 4344 1842 4413 quidem

251 4433 595 4495 scbismatis,
624 4444 678 4486 et
700 4432 1076 4501 recognitione
1111 4433 1384 4504 primatus
1411 4437 1726 4505 apostolica:
1761 4453 1848 4492 sc-

251 4525 364 4590 dis,
394 4533 544 4579 tanta
573 4524 684 4581 sint
731 4507 902 4580 dicta.

333 4615 606 4682 Quoniam
641 4627 827 4672 autem
858 4618 1088 4672 multum
1118 4620 1429 4676 schismatis
1460 4631 1674 4692 tempus
1724 4626 1850 4695 opi-

1947 3427 2110 3501 [dies]
2135 3441 2164 3478 a
2183 3420 2589 3477 resurreetioue
2610 3433 2708 3475 sua
2729 3434 2758 3472 a
2784 3417 3035 3479 mortuis,
3059 3415 3306 3469 ascendit
3332 3413 3395 3466 ad
3427 3430 3512 3467 eo:
3529 3443 3541 3451 -

1949 3522 2052 3586 los,
2091 3535 2215 3574 cum
2254 3517 2469 3577 eadem,
2517 3528 2623 3582 qua
2657 3509 2984 3572 resurrexit,
3022 3523 3191 3561 carne
3230 3517 3283 3560 rt
3320 3509 3538 3560 anima:

1946 3612 2174 3682 etlsedet
2195 3609 2264 3664 ad
2297 3609 2578 3664 dexteram
2621 3603 2713 3658 Dei
2751 3602 2952 3666 Patris,
2992 3601 3275 3654 introitum
3333 3602 3386 3650 in
3429 3612 3543 3652 cce-
3621 3637 3624 3640 λ

1949 3708 2084 3763 leste
2107 3719 2336 3775 regnum
2375 3701 2536 3756 nobis
2562 3697 2859 3768 elargiens.
2892 3695 2994 3761 Qui
3048 3703 3310 3747 venturus
3338 3699 3422 3745 est
3446 3691 3545 3744 itc-

1953 3815 2076 3853 rum
2103 3798 2273 3867 judex
2309 3796 2561 3849 vivorum
2597 3801 2650 3845 et
2680 3799 3047 3850 mortuorum,
3087 3785 3398 3840 reddi-arm
3422 3783 3508 3821 nni
3531 3809 3543 3817 .

1953 3893 2153 3960 cuique
2181 3886 2488 3944 secundum
2514 3897 2680 3955 opera
2706 3895 2828 3935 sua.

2022 3979 2316 4037 Credimus
2347 3978 2540 4033 eodem
2592 3973 2755 4030 modo
2777 3979 2830 4024 et
2872 3973 2923 4025 in
2965 3970 3232 4040 Spiritum
3265 3973 3543 4026 sanctum,

1955 4093 1974 4126 ι
2016 4075 2201 4130 omnia
2231 4080 2594 4136 scrutantem,
2628 4068 2793 4123 etiam
2845 4064 3110 4137 profunda
3158 4061 3252 4115 Dei
3293 4059 3337 4121 ⁸,
3375 4076 3395 4110 ι
3448 4059 3546 4127 qui

1956 4167 2281 4224 naturaliter
2313 4165 2458 4221 inest
2484 4163 2592 4219 Deo
2622 4172 2674 4216 et
2707 4162 2876 4223 Patri,
2913 4169 2968 4213 et
3003 4154 3376 4212 essentialiter
3405 4152 3547 4204 insi-

1955 4268 2042 4314 tus
2074 4267 2189 4321 est,
2244 4264 2302 4311 ut
2331 4255 2404 4308 ita
2449 4254 2732 4315 dicamus,
2781 4259 2836 4305 et
2888 4245 3293 4302 indivisibilitcr
3322 4259 3389 4297 ex
3429 4241 3549 4310 ipso

1955 4348 2282 4419 procedens,
2337 4344 2666 4398 naturaliter
2720 4342 2865 4396 inest
2924 4347 2979 4393 et
3030 4336 3189 4400 Filio,
3248 4345 3304 4389 et
3359 4348 3550 4387 essen-

1956 4442 2156 4496 tialiter
2213 4439 2263 4494 ei
2324 4438 2526 4492 insitus
2575 4447 2682 4500 est,
2732 4443 2787 4488 ct
2842 4430 3248 4488 indivisibillter
3314 4442 3378 4481 cx
3432 4425 3550 4493 iper

1962 4532 2218 4607 procedit.
2256 4529 2622 4584 Prol‘unditur
2652 4529 2870 4599 quidem
2904 4534 2957 4579 ct
2982 4523 3248 4594 procedit,
3285 4516 3551 4590 quemad-

1959 4626 2178 4681 modum
2211 4640 2241 4678 a
2293 4623 2460 4688 fonte,
2514 4623 2622 4676 Deo
2660 4631 2714 4676 et
2737 4618 2895 4674 Patre
2933 4615 3324 4686 :profunditur
3364 4619 3550 4666 autem

257 4708 481 4765 nionem
514 4709 846 4779 quibusdam
881 4725 1076 4764 vanam
1112 4721 1166 4766 et
1215 4711 1407 4766 falsam
1451 4716 1661 4781 tribuit,
1705 4721 1849 4787 quod
1883 4707 1928 4765 D
1958 4729 2012 4776 et
2043 4719 2112 4775 ab
2145 4719 2263 4788 ipso
2288 4717 2452 4782 Filio,
2492 4714 2956 4786 quemadmodum
2999 4727 3027 4766 a
3054 4710 3223 4770 lonte.
3261 4708 3410 4762 velut
3443 4707 3553 4760 uti-

255 4801 332 4857 sit
387 4801 571 4870 aliqua
622 4801 936 4856 diii‘ercutia
991 4803 1305 4873 dogmalum
1368 4806 1508 4860 inter
1558 4819 1851 4882 utramque

256 4897 587 4962 Ecclesiam,
618 4896 862 4953 Graecam
907 4897 1156 4954 \idelicet
1198 4912 1250 4955 et
1285 4900 1562 4971 Latinam,
1628 4918 1849 4977 propter

255 4988 316 5045 in
352 4986 612 5059 Symbolo
653 4987 853 5044 factam
887 4990 1219 5046 additionem
1253 5009 1358 5063 pen
1389 4996 1690 5052 Romanam
1743 5000 1851 5055 Ec-

255 5077 482 5134 clesiam
514 5094 527 5128 :
555 5079 1007 5148 oportetutique,
1061 5097 1162 5136 nos
1207 5083 1450 5138 libellum
1501 5087 1620 5141 lidei
1680 5104 1849 5158 expo-

258 5181 413 5230 nere,
441 5181 506 5221 ex
539 5181 651 5236 quo
683 5178 862 5224 vestra
898 5167 1008 5224 Deo
1038 5173 1324 5243 magniﬁca
1365 5176 1617 5241 altitudo,
1655 5189 1709 5232 et
1740 5190 1851 5234 tota

260 5255 511 5310 Romana
544 5259 807 5323 Ecclesia,
843 5273 1158 5330 cognoscet,
1194 5266 1340 5332 quod
1366 5267 1511 5321 nulla
1541 5268 1854 5328 diii‘ercntia

257 5347 385 5402 ﬁdei
426 5357 509 5402 est
539 5349 631 5414 iis,
679 5350 772 5419 qui
806 5348 1127 5422 Symbolum
1175 5356 1338 5424 primi
1371 5358 1574 5414 Μελιηί
1635 5365 1852 5420 concilii

255 5435 471 5506 legunt,
521 5447 576 5493 et
609 5441 704 5510 qui
755 5441 1077 5512 Symbolum
1133 5446 1723 5521 Constantinopolitani
1761 5473 1851 5513 sc-

259 5529 428 5584 cundi
474 5533 695 5587 concilii
750 5536 1076 5603 pradicant,
1112 5550 1169 5594 et
1200 5541 1291 5607 iis,
1327 5544 1418 5614 qui
1477 5545 1585 5600 hoc
1624 5546 1856 5618 Symbo-

263 5619 412 5687 lum,
447 5623 596 5692 quod
627 5638 658 5677 a
688 5625 931 5682 Romana
963 5628 1212 5687 Ecclesia
1262 5634 1480 5704 legitur,
1540 5652 1666 5691 cum
1702 5639 1856 5694 addi-

243 5711 418 5793 ‘tione
441 5725 795 5770 venerantur.

337 5803 630 5865 Credimus
660 5809 809 5866 enim
833 5809 892 5866 in
919 5825 1086 5867 unum
1110 5811 1281 5870 Deum
1313 5817 1614 5891 ingenitum
1643 5823 1858 5884 Patrem

373 5989 396 6022 ⁹
419 5987 582 6054 Joan.
623 6009 735 6064 xiv,
769 5995 824 6054 9.
900 5995 966 6056 ⁸1
1001 5997 1130 6057 Cor.
1159 6013 1223 6068 ιι,
1258 6000 1346 6057 l0.

1956 4828 2063 4882 que
2090 4822 2144 4867 et
2175 4827 2237 4867 ex
2273 4812 2393 4881 ipso
2435 4809 2551 4864 Deo
2581 4819 2634 4862 et
2659 4807 2837 4861 Patre.
2890 4807 2995 4858 Sed
3027 4805 3152 4858 licet
3207 4802 3372 4855 Pater
3428 4799 3552 4854 l‘ons

1958 4905 2198 4974 Spiritus
2221 4904 2312 4967 sit,
2349 4911 2400 4956 et
2445 4899 2620 4954 Filius
2653 4898 2771 4953 fons
2805 4897 3050 4966 Spiritus
3091 4895 3198 4960 sit;
3228 4910 3335 4946 non
3369 4903 3549 4946 tamen

1957 4999 2068 5054 duo
2091 4995 2272 5055 fontes
2297 4994 2536 5064 Spiritus
2558 5001 2688 5046 sunt
2708 4991 2871 5044 Pater
2894 4999 2946 5044 et
2971 4989 3163 5042 Filius.
3195 4985 3372 5040 Unum
3401 4985 3550 5040 enim

1961 5091 2168 5148 fontem
2197 5068 2434 5159 Spiritus
2464 5086 2679 5144 Patrem
2704 5097 2757 5139 et
2782 5083 2980 5139 Filium
3013 5082 3187 5137 ﬁdelis
3204 5093 3255 5136 et
3281 5082 3367 5151 pia
3392 5079 3556 5134 intel-

1963 5183 2184 5253 ligentia
2221 5191 2367 5237 tenet
2404 5199 2417 5235 :
2449 5192 2501 5235 et
2530 5189 2748 5250 propter
2776 5180 2887 5232 hoc
2911 5191 3260 5231 communem
3294 5173 3470 5229 Patris
3500 5181 3556 5226 ct

1963 5275 2085 5330 Filii
2116 5273 2378 5345 Spiritum
2405 5283 2658 5328 sanctum
2687 5271 2945 5326 Ecclesia:
2967 5269 3264 5324 luminaria
3289 5274 3343 5320 et
3368 5267 3557 5320 docto-

1966 5381 2065 5423 ιη»
2085 5367 2540 5437 tbeologizarunt.
2579 5367 2738 5419 Sicut
2769 5368 2915 5419 enim
2947 5364 3012 5418 de
3037 5358 3345 5416 sul‘stantia
3374 5357 3556 5411 Patris

1965 5461 2292 5515 naturaliter
2319 5458 2560 5529 Spiritus
2609 5470 2713 5517 est.
2756 5459 2834 5512 sic
2877 5466 2932 5510 et
2979 5473 3042 5509 ex
3078 5454 3391 5509 substantia
3430 5451 3554 5505 Filii

1967 5553 2290 5606 naturaliter
2319 5550 2554 5621 Spiritus
2609 5560 2692 5605 est
2727 5569 2739 5605 :
2778 5561 2832 5604 et
2883 5551 3024 5603 sicut
3055 5545 3359 5602 secundum
3425 5547 3560 5599 sub-

1965 5644 2226 5698 stantiam
2248 5642 2465 5696 exsistit
2493 5640 2586 5694 Dei
2619 5652 2672 5694 et
2696 5641 2893 5702 Patris,
2925 5639 2998 5692 ita
3031 5647 3084 5690 et
3105 5633 3407 5690 secundum
3427 5632 3558 5688 sub-

1968 5736 2221 5792 stantiam
2258 5734 2382 5788 Filii
2428 5735 2645 5789 exsiStit
2681 5751 2692 5786 :
2726 5744 2779 5786 ct
2830 5745 2888 5786 ut
2945 5729 3198 5800 proprius
3258 5737 3345 5780 est
3375 5742 3558 5782 essen-

1969 5831 2059 5884 tia:
2084 5826 2289 5893 Patris,
2315 5839 2369 5882 ct
2401 5843 2507 5884 non
2537 5837 2689 5883 extra
2718 5826 2861 5882 hanc
2895 5824 3196 5896 procedens
3225 5821 3278 5875 in
3304 5835 3445 5884 esse,
3480 5819 3556 5874 ita
