4150 6536
144 566 255 632 953
1196 567 1292 632 DE
1329 570 1839 634 DEPOSlTiONE
1880 572 2031 634 SUA
2068 573 2290 640 ORAT.
2334 576 2365 636 Ι
3327 577 3435 640 954

152 681 422 753 ιίρήνην,
459 680 764 748 διάστασιν,
801 682 897 736 καὶ
930 681 992 736 ob
1023 682 1345 753 σύνδεσμον,
1389 683 1488 755 τὴν
1524 684 1749 755 εἰρήνην
1780 687 1802 744 ,Α

1907 700 2042 752 tam,
2076 701 2183 742 non
2220 700 2434 757 pacem,
2471 684 2822 753 divisionem,
2853 701 2960 742 non
2985 687 3434 756 coniunctionem

148 773 470 844 ἡγήσαντο.
499 769 635 827 Εῐτα
661 774 715 826 τί
742 790 760 841 ;
807 772 1010 842 ὐλίγοι
1044 774 1188 838 τινὲς
1220 774 1330 828 τῶν
1357 773 1437 840 τῷ
1475 773 1654 844 καιρῷ
1679 777 1750 826 τὰ

1911 788 2056 834 ctam
2087 793 2277 850 pacem
2301 778 2712 835 existimarunt.
2748 778 2888 845 Quid
2915 789 3026 835 tum
3053 781 3218 838 inde?
3250 782 3434 844 Pauci.

152 864 459 934 πρόσφορα
513 862 860 934 δυναμινων,
925 864 1172 936 μεγάλης
1219 864 1504 934 φροντίδος
1566 864 1752 917 ἔθεντο

1909 871 1945 924 ti
1980 873 2034 926 in
2082 873 2408 926 auctoritate
2455 883 2634 936 erant,
2670 871 2907 926 maxime
2962 872 3352 933 incubuerunt,
3388 879 3443 924 et

153 957 328 1026 ἔργον
361 957 424 1010 τὸ
455 957 634 1011 κοινὸν
658 957 784 1010 καθ’
811 957 972 1028 ἡμῶν
1003 958 1149 1011 ἅπαν
1179 957 1385 1028 πλῆθος
1420 955 1748 1026 διερεθίσαιο

1907 971 1978 1017 Ito
2039 963 2175 1018 nixu
2240 972 2630 1034 procurarunt,
2688 974 2746 1018 ut
2783 963 3100 1018 universum
3153 964 3442 1017 adversum

153 1051 255 1103 καὶ
298 1051 370 1119 δὴ
406 1049 552 1104 οὕτω
573 1049 674 1121 τὴν
705 1050 847 1120 πρὸς
876 1050 1033 1103 τοῦτο
1063 1049 1260 1121 βουλὴν
1292 1048 1476 1104 αὐτῶν
1521 1048 1754 1118 ἴσχυσαν

152 1140 636 1215 διεκπερατὼσαι,
685 1141 760 1205 ὠς
810 1143 1228 1210 ἀναγκασθῆναι
1269 1142 1415 1211 ἡμᾶς
1453 1141 1545 1195 διὰ
1581 1157 1754 1211 προσ-

155 1233 356 1287 δοκίαν
400 1235 660 1299 θανάτου,
696 1235 883 1306 σχεδὸν
922 1236 1028 1306 ἠδη
1061 1235 1166 1306 πρὸ
1223 1234 1526 1306 ὀφθαλμῶν
1579 1237 1756 1304 ἐπηρ-

156 1328 415 1398 τημένου
465 1329 621 1396 ἡμῖν,
673 1325 784 1381 τῶν
849 1324 1324 1397 ἑκκλησιαστικῶν
1374 1328 1754 1398 ἀναχωρῆσαι.

241 1417 319 1487 γ’.
371 1419 528 1490 Τάχα
557 1419 666 1489 γὰρ
706 1419 885 1485 ἔδοξεν
912 1420 1079 1490 ἡμῖν,
1116 1418 1256 1472 οὕτω
1294 1420 1648 1489 πεποιηκόσι,
1698 1413 1761 1471 τὸ

159 1511 270 1583 τῆς
301 1511 430 1566 καθ’
485 1511 645 1582 ἡμῶν
693 1511 890 1580 ἀλόγου
925 1509 1126 1581 μανίας
1183 1511 1384 1580 οῐδημα
1425 1509 1761 1581 διαμαλάξαι

164 1603 386 1664 ποσῶς.
429 1599 504 1656 Τὸ
536 1601 583 1654 δ’
609 1601 786 1665 an»;
819 1603 914 1656 καὶ
962 1603 1115 1672 παρὰ
1169 1601 1269 1666 τὰς
1297 1603 1522 1666 ἐλπίδας
1554 1603 1760 1675 ἀπέϐη.

170 1695 274 1747 Ὃν
305 1694 418 1764 γὰρ
452 1692 610 1763 κοινὴ
639 1692 751 1748 τῶν
792 1692 1102 1764 ἀρχιερέων
1132 1691 1317 1764 ψῆφος
1341 1690 1440 1748 τοῦ
1490 1708 1768 1764 πατριαρ-

1907 1710 2015 1766 ιυοι,
2074 1700 2279 1754 evenit.
2334 1696 2510 1762 Quem
2546 1696 2690 1750 enim
2724 1695 2973 1750 unanimi
3029 1696 3295 1764 prmsules
3329 1709 3463 1748 sen-

164 1785 338 1856 χικοῦ
370 1788 694 1839 κατέσπασε
720 1785 942 1855 θρόνου,
973 1787 1143 1858 πρινὴ
1169 1784 1346 1856 τούτῳ
1369 1785 1765 1856 ἐγκαθιδρῦσαι

1907 1792 2035 1846 uitia
2067 1806 2132 1846 ex
2171 1791 2542 1860 patriarcltico
2574 1788 2775 1843 throno
2809 1786 3261 1850 deturbaverant,
3296 1795 3458 1840 ante-

168 1880 353 1948 ήμᾶς,
402 1877 594 1930 τοῦτον
639 1879 903 1948 φέροντες
968 1874 1128 1942 αὖθις
1183 1877 1368 1932 ἔθεντο
1431 1877 1520 1932 ἐπ’
1560 1879 1764 1932 αὐτόν·

1907 1894 2043 1952 ωπι
2075 1884 2131 1937 in
2162 1883 2257 1938 illo
2290 1897 2389 1938 nos
2417 1883 2804 1944 collocassent,
2863 1894 2988 1933 cum
3024 1894 3218 1936 rursus
3262 1893 3468 1932 conve-

1857 1071 1957 1110 nos
1987 1055 2249 1127 populum
2301 1057 2704 1112 inﬂammarent
2737 1096 2753 1120 ,
2812 1066 2864 1112 et
2933 1059 3011 1111 sic
3066 1070 3164 1112 sua
3216 1052 3448 1109 consilia

1857 1161 2016 1216 opere
2046 1147 2210 1201 etiam
2245 1154 2504 1216 prmstare
2538 1156 2797 1215 potuere,
2837 1156 2894 1198 ut
2927 1146 3101 1199 coacti
3152 1144 3327 1202 simus
3372 1143 3443 1196 ob

1859 1239 2328 1307 exspectationem
2386 1239 2604 1304 mortis,
2656 1253 2781 1310 quae
2826 1238 2939 1309 jam
3001 1237 3115 1292 fere
3143 1237 3300 1292 nobis
3326 1245 3453 1291 ante

1860 1332 2054 1386 oculos
2087 1330 2438 1395 imminebat,
2471 1330 2776 1385 domtuatui
2826 1329 3202 1386 ecclesiastico
3235 1329 3454 1384 cedere.

1935 1421 1986 1476 5.
2038 1421 2288 1491 Namque
2341 1420 2633 1476 videbatur
2682 1419 2876 1485 nobis,
2931 1421 2975 1475 si
3033 1419 3085 1475 id
3127 1420 3453 1490 egissemus,

1863 1515 2098 1571 ederatm
2128 1522 2321 1569 contra
2359 1528 2461 1570 nos
2488 1513 2657 1567 rabiei
2697 1521 2967 1567 tumorem
2999 1512 3182 1582 aliqua
3204 1528 3269 1565 ex
3307 1520 3459 1580 parte

1865 1605 2170 1662 etnollilum
2200 1608 2292 1661 iri.
2322 1603 2438 1660 Hoc
2483 1619 2615 1659 vero
2646 1605 2806 1660 aliter
2836 1608 3000 1674 atque
3033 1601 3139 1669 ipsi
3197 1600 3462 1672 speraba-

171 1964 465 2021 κάνταῦθα
489 1966 551 2021 τὸ
579 1966 792 2038 ποίημα
823 1967 918 2021 τοῦ
948 1968 1317 2040 διηγήματος.
1353 1964 1479 2039 Εἶχε
1511 1972 1610 2038 μὲν
1657 1971 1767 2039 γὰρ

1879 1977 2097 2038 hentes,
2151 1974 2207 2028 in
2257 1989 2325 2028 eo
2384 1986 2643 2043 posuere.
2708 1970 2777 2026 Et
2831 1971 2935 2026 hoc
2988 1979 3074 2025 est
3131 1969 3467 2025 narrationis

173 2058 332 2129 ἡμᾶς
366 2059 399 2130 ἡ
438 2059 597 2131 μονὴ,
701 2059 959 2130 φέροντες
988 2060 1312 2131 δεδώκαμεν
1339 2061 1594 2126 ἑαυτοὺς,
1625 2065 1769 2115 ἐκεῖ·

1907 2075 2069 2137 :aput.
2099 2065 2346 2120 Tenebat
2378 2079 2480 2120 nos
2513 2068 2934 2127 monasterium,
2977 2065 3066 2119 cui
3106 2064 3470 2130 nosmetipsos

177 2168 273 2204 νον
305 2151 366 2205 δὲ
396 2154 429 2222 ἡ
459 2152 644 2221 κλίνη,
667 2152 728 2205 οὐ
759 2155 870 2223 γὰρ
901 2154 929 2207 ὀ
960 2151 1171 2224 θρόνος,
1209 2154 1289 2207 ’ὁτι
1321 2153 1443 2223 μηδ’
1475 2151 1770 2224 ἐκαθέσθη,

176 2242 300 2296 ἀλλ’
333 2242 495 2314 ἐτέθη
549 2242 639 2295 ἐπὶ
670 2244 761 2296 τὸν
795 2241 1008 2314 θρόνον,
1045 2241 1122 2306 ὡς
1147 2243 1382 2316 ἔφημεν.
1423 2243 1532 2297 Καὶ
1577 2241 1774 2308 ταῦτα,

178 2335 283 2404 οὐχ
320 2339 405 2388 tua
431 2336 627 2405 ἐκεινῳ
659 2332 857 2406 μῶμόν
884 2352 1007 2390 τινα
1037 2335 1287 2390 ἐντεῦθεν
1313 2338 1775 2408 προστρῖψαιμεν,

180 2427 643 2496 ἀπαγγέλλομεν.
682 2427 901 2495 "Atta-re
927 2445 944 2460 θ
982 2425 1174 2499 «ipsa»
1205 2429 1314 2500 γὰρ
1347 2429 1550 2491 παντὸς
1602 2445 1781 2480 τοιουσ

182 2535 286 2572 του
318 2521 503 2589 ἡμεῖς,
529 2520 732 2592 ὀπουγε
761 2523 810 2575 εί
831 2521 926 2574 καὶ
957 2519 1162 2575 σκοποῦ
1190 2523 1438 2575 τοιούτου
1465 2515 1632 2592 ἦμεν,
1664 2520 1783 2576 ἀλλ’
1860 2539 1863 2542 ·

187 2611 348 2666 οῦδὲν
380 2611 466 2679 ἐφ’
499 2613 695 2666 ἑαυτοῦ
734 2615 795 2666 τὸ
827 2614 1084 2684 πρᾶγμα,
1117 2613 1245 2681 τόγε
1275 2615 1352 2675 είς
1383 2613 1596 2666 ἐκεῖνον
1621 2619 1780 2683 ὴκον,

189 2697 346 2771 εἶχεν
375 2702 666 2772 ὲπίμωμον
687 2719 701 2735 ο
734 2706 815 2766 τίς
846 2705 956 2774 γὰρ
983 2703 1010 2755 ὀ
1052 2702 1245 2770 μῶμος
1271 2701 1565 2773 ἄνθρωπον
1615 2703 1787 2769 ὲγγῦς

191 2795 331 2848 ὂντα
363 2794 602 2848 θανάτου
631 2797 982 2868 ἀναισθητεῖν
1007 2814 1022 2863 ;
1066 2795 1202 2850 ἀλλά
1228 2795 1403 2849 ταῦτά
1455 2812 1668 2864 φαμεν,
1697 2794 1787 2850 ἴνα

193 2889 300 2958 τῆς
339 2888 465 2943 καθ’
526 2889 685 2960 ἡμῶν
745 2891 943 2954 κακίας
985 2892 1087 2960 τὴν
1135 2889 1451 2959 ὑπερϐολὴν
1492 2887 1786 2958 παραστή-

198 2998 424 3051 σαιμεν,
477 2981 553 3045 ὡς
607 2981 716 3034 τῶν
762 2983 933 3052 αὐτὴν
979 2983 1103 3036 καθ’
1168 2983 1328 3052 ἡμῶν
1376 2979 1788 3042 σπουδαζόντων

205 3078 285 3148 μὴ
318 3075 473 3145 ’πρός¹
502 3091 553 3127 τι
585 3064 863 3137 λυσιτελὲς
889 3074 968 3143 τῷ
1016 3071 1203 3143 κοινῷ,
1235 3072 1371 3142 πρὸς
1422 3071 1480 3123 ἓν
1524 3070 1582 3123 δὲ
1627 3069 1793 3139 μόνον

200 3169 482 3240 ὁρώντων,
522 3169 582 3223 τὸ
613 3168 708 3223 τοῦ
739 3167 944 3221 οἰκείου
975 3167 1167 3237 θρόνου
1220 3167 1374 3235 ἡμᾶς
1434 3163 1792 3220 ἀπώσασθαι.

203 3260 338 3334 Εἶχε
373 3264 474 3333 μὲν
502 3263 674 3326 οὕτως
704 3264 916 3316 ὲκείνον
941 3263 974 3332 ἠ
1009 3262 1189 3331 κλίνη,
1224 3260 1372 3331 μηδ’,
1413 3259 1535 3311 ὅποι
1564 3261 1674 3327 εἴη,
1701 3255 1796 3307 καὶ

204 3359 334 3412 ὅποι
361 3356 566 3422 διάγοι,
602 3355 1096 3425 επαισθανόμενον.
1131 3355 1304 3406 Πάλαι
1331 3353 1440 3422 γὰρ
1481 3349 1558 3420 τῷ
1593 3345 1793 3419 μακρῷ

205 3450 309 3520 τῆς
337 3450 493 3503 νόσου
530 3449 754 3517 σύμπαν
787 3446 942 3518 αὖτῷ
991 3448 1300 3514 αἰσθήσεως
1341 3443 1561 3511 ἀπέσϐη
1616 3445 1798 3512 ὲμπυο

211 3557 420 3615 ρευμα.
455 3542 734 3613 Μοναχῶν
766 3542 826 3595 δέ
885 3557 1051 3594 τινων
1084 3539 1364 3610 ἄθροιαυια
1415 3551 1796 3607 συγκεκροτη-

215 3637 382 3705 μένον
418 3634 549 3705 περὶ
581 3632 768 3703 αὐτὸν,
801 3632 986 3701 πάσης
1030 3631 1130 3696 μὲν
1164 3631 1459 3700 κανονικῆς
1502 3630 1803 3698 εἰδημοσυ-

210 3741 315 3797 νης
345 3725 653 3797 ἀμέθεκτον
713 3724 796 3792 δν,
853 3726 1061 3794 πολλὴν
1092 3724 1146 3776 δὲ
1197 3721 1296 3793 τὴν
1330 3721 1453 3775 καθ’
1487 3721 1645 3792 ἡμῶν
1673 3720 1802 3789 ἔχον

211 3822 566 3889 δυσμένειαν,
600 3819 676 3884 ὡς
736 3819 847 3872 τῶν
891 3816 1133 3888 ἀρχῆθεν
1161 3817 1258 3885 τῆς
1291 3815 1451 3886 ἡμῶν
1507 3817 1804 3877 κοινωνίας

213 3911 634 3986 ἀπερῤωγότων
691 3911 987 3982 τυγχάνον,
1036 3909 1298 3980 ψήφισμά
1359 3926 1408 3962 τι
1456 3907 1582 3971 καθ’
1645 3908 1806 3978 ἡμῶν

217 4006 519 4076 σχεδιάζιι,
571 4005 694 4058 καὶ-
727 4004 888 4057 τοῦτο
942 4005 1016 4064 ὠς
1050 4001 1146 4053 ὑπ’
1177 4001 1345 4053 αὑτοῦ
1382 3999 1593 4053 ἐκείνου
1628 3998 1806 4064 ἐξενε-

219 4097 356 4168 χθὲν
389 4096 718 4167 καθαίρεσιν
740 4094 1118 4156 ἀκανονίστως
1139 4092 1472 4161 ὀνομάζουσι
1528 4093 1623 4144 καὶ
1676 4091 1808 4143 ἀθέ-

225 4205 402 4258 σμως.
464 4183 597 4241 Εἶτα
640 4191 752 4250 τοῖς
799 4187 1070 4257 πυλωροῖς
1122 4187 1238 4252 καὶ,
1268 4185 1574 4254 ὑπηρέταις
1629 4199 1812 4252 παρα-

225 4281 548 4335 κελεύονται
582 4279 679 4333 τοῦ
732 4279 886 4346 ναοῦ,
920 4282 1015 4333 καὶ
1058 4279 1107 4331 οἱ
1152 4277 1262 4330 τῶν
1293 4290 1349 4330 εν
1379 4279 1639 4346 προνάοις
1673 4275 1814 4345 πύρ-

227 4391 345 4443 γων
400 4373 822 4446 ἀπῃωρημένοι,
876 4371 1100 4442 χάλκεοι
1161 4369 1273 4422 τῶν
1309 4375 1507 4423 κοινῶν
1537 4367 1818 4432 συνάξεων

230 4455 369 4536 ἇτεβ
397 4465 561 4532 λόγου
616 4464 712 4518 καὶ
771 4465 959 4534 φωνῆς
1023 4465 1268 4533 κήρυκες
1325 4458 1817 4522 διακωδωνίξουσι,

232 4559 453 4613 καὶτὸν
491 4556 765 4624 ξύγκλυδα
826 4556 918 4609 καὶ
965 4557 1189 4628 χυδαῖον
1219 4552 1314 4607 τοῦ
1348 4551 1632 4605 πολιτικοῦ
1678 4551 1820 4620 πλή-

232 4651 360 4714 θους
390 4649 805 4721 προκαλοῦνται
855 4648 1010 4701 λαόν.
1061 4648 1173 4701 Καὶ
1197 4646 1280 4709 τίς
1309 4647 1376 4700 ἂν
1431 4645 1818 4717 ἀριθμήσειεν,

1884 2157 2348 2224 concredidimus,
2406 2154 2560 2210 illum
2617 2169 2746 2209 vero
2805 2159 3004 2221 lectus,
3066 2168 3179 2209 non
3216 2155 3472 2228 thronus,

1885 2268 2008 2309 cum
2044 2267 2151 2306 non
2190 2251 2411 2314 sederit,
2446 2251 2540 2303 sed
2569 2247 2854 2318 appositus
2887 2247 3077 2311 fuerit,
3121 2254 3181 2301 ut
3212 2247 3472 2310 diximus,

1887 2347 2095 2411 ethzec,
2159 2359 2266 2399 non
2315 2351 2374 2397 ut
2429 2342 2672 2396 infamiae
2707 2347 2890 2395 notam
2953 2339 3032 2395 illi
3089 2339 3476 2408 appingamus.

1889 2453 2202 2494 narramus.
2233 2435 2390 2490 Absit
2415 2435 2427 2487 ι
2461 2436 2619 2503 longe
2643 2433 2784 2487 enim
2818 2446 2849 2486 a
2877 2431 3150 2488 similibus
3178 2435 3478 2485 absumus:

1890 2547 2018 2586 nam
2045 2529 2260 2584 etiamsi
2295 2527 2346 2582 id
2372 2526 2607 2583 nobis'in
2631 2530 2819 2580 animo
2837 2533 3114 2590 esset,res
3138 2521 3482 2592 ipsa,quoad

1892 2626 2013 2695 ejus
2045 2630 2282 2691 poterat,
2333 2619 2585 2674 criminis
2646 2619 2884 2684 alicujus
2925 2625 3112 2671 notam
3148 2629 3259 2669 non
3311 2613 3483 2670 subit.

1876 2717 2069 2782 'Quam
2119 2715 2264 2768 enim
2318 2710 2806 2781 reprehensionem
2861 2709 3026 2762 homo
3075 2707 3402 2772 incurreret,
3435 2704 3486 2761 si

1897 2809 1984 2865 itle
2023 2810 2187 2862 morti
2231 2819 2513 2874 proximus
2539 2813 2766 2872 stupens
2797 2815 2906 2857 non
2943 2799 3328 2866 persentiscil;
3387 2794 3488 2852 sed

1899 2901 2018 2955 hazc
2047 2908 2308 2962 dietmus,
2337 2908 2396 2952 ut
2437 2893 2809 2966 improbitatis
2842 2907 3131 2949 excessum
3180 2903 3489 2960 repraesen—

1901 3001 2102 3060 temus,
2133 2992 2264 3046 dum
2291 2997 2386 3060 qui
2422 2993 2689 3044 adversus
2730 3001 2831 3042 nos
2861 2989 3061 3042 similia
3095 2993 3489 3047 moliebantur.

1901 3101 2010 3141 non
2032 3085 2250 3138 utilitati
2285 3083 2534 3152 publicae,
2572 3084 2666 3136 sed
2696 3081 2772 3134 illi
2814 3081 3194 3134 tantummodo
3227 3090 3260 3129 a
3281 3077 3492 3129 nimum

1904 3174 2282 3238 advertebant,
2342 3181 2400 3227 ut
2457 3186 2557 3226 nos
2610 3186 2676 3224 ex
2731 3169 2955 3238 proprio
3005 3168 3205 3222 throno
3268 3164 3496 3232 disiice-

1905 3277 2046 3322 rent.
2082 3266 2324 3320 Habebat
2354 3263 2522 3333 igitur
2581 3269 2734 3316 illum
2789 3271 2986 3325 tectus,
3047 3274 3144 3313 nec
3195 3257 3286 3311 ubi
3320 3264 3494 3326 esset,

1909 3376 2010 3416 nec
2062 3365 2115 3413 in
2157 3375 2266 3424 quo
2302 3359 2524 3428 degerct
2585 3364 2728 3417 loco.
2789 3359 3198 3427 agnoscentem.
3237 3351 3279 3404 Α
3323 3351 3498 3401 multo

1907 3452 2177 3521 siquidem
2217 3460 2464 3517 tempore
2510 3446 2702 3500 morbo
2738 3452 3136 3514 praegravatus.
3175 3442 3499 3497 universum

1905 3559 2167 3602 sensuum
2192 3541 2594 3597 suscitabulum
2623 3541 2902 3593 amiserat.
2933 3535 3325 3589 Monac-horum
3370 3545 3505 3583 vero

1908 3644 2054 3695 circa
2103 3653 2228 3692 eum
2263 3646 2455 3691 coetus
2485 3633 2711 3696 ell‘usus,
2763 3631 2911 3686 nulla
2943 3643 3215 3683 canonum
3269 3632 3522 3695 scientia,

1909 3733 2192 3801 praeditus,
2231 3739 2283 3783 ct
2318 3730 2474 3797 plane
2497 3727 2700 3788 infans,
2737 3724 2829 3776 sed
2857 3736 2984 3790 erga
3009 3735 3109 3776 nos
3138 3720 3366 3774 ninnium
3403 3721 3503 3769 hoc

1911 3828 2109 3882 Stililcr
2140 3884 2143 3887 _
2177 3827 2471 3886 cxardens,
2527 3830 2787 3889 tauquam
2818 3818 2912 3886 qui
2945 3817 3014 3869 ab
3048 3814 3206 3867 initio
3242 3828 3273 3865 a
3311 3819 3502 3864 nostra

1914 3921 2301 3977 communione
2333 3918 2579 3972 abscisus
2610 3929 2729 3968 sese
2761 3915 3145 3981 segregaverat
3171 3946 3185 3970 ,
3219 3906 3503 3960 decretum

1915 4023 2104 4071 contra
2139 4026 2240 4068 nos
2273 4011 2546 4076 extemplo
2581 4003 2822 4074 profudit
2855 4021 2866 4054 :
2907 4013 2961 4055 et
3001 4002 3104 4054 hoc
3155 4014 3220 4052 ac
3251 4000 3295 4052 si
3341 4005 3408 4048 ab
3441 4010 3509 4048 eo

1916 4105 2334 4177 pronuntiatum
2362 4099 2579 4162 fuisset,
2605 4095 3028 4164 depositionem,
3064 4091 3213 4145 nullo
3231 4103 3506 4143 canonum

1917 4174 2038 4268 iure
2074 4202 2310 4254 servato,
2343 4201 2397 4246 et
2437 4198 2628 4245 contra
2666 4199 2749 4239 Ias
2779 4198 2964 4238 omne.
2999 4186 3338 4259 nuncupant.
3369 4174 3508 4228 Tum

1923 4287 2194 4349 o'stiariis.
2224 4295 2279 4341 et
2325 4286 2665 4337 administris
2698 4277 2882 4344 templi
2929 4275 3276 4345 prmeipiunt.
3314 4281 3372 4324 ut
3417 4283 3512 4337 qut

1923 4384 1977 4437 in
2005 4381 2225 4450 pronais
2250 4391 2414 4444 super
2448 4387 2626 4427 turres
2653 4371 2980 4433 dependent,
3012 4368 3144 4420 :cnei
3171 4364 3514 4432 publicarum

1926 4469 2415 4542 congregationum
2454 4467 2662 4533 absque
2692 4475 2970 4523 sermone,
3025 4469 3078 4511 et
3133 4471 3265 4509 voce
3308 4465 3517 4518 praeco-

1930 4541 2053 4633 nes,
2078 4559 2283 4629 Ingenti
2319 4555 2547 4624 strepitu
2579 4552 2968 4617 remugientes,
3003 4544 3315 4605 confusam,
3352 4551 3405 4594 et
3433 4541 3520 4593 vi-

1929 4655 2034 4708 lem
2058 4651 2294 4706 civrlatis
2319 4644 2654 4714 plebeculam
2681 4642 2970 4695 advocent.
2998 4636 3204 4701 thuis
3225 4646 3518 4688 numerum

236 4749 366 4801 ὅποι
394 4746 488 4799 καὶ
521 4740 924 4814 προκεχώρηκε
962 4739 1204 4809 πλήθους
1226 4743 1259 4808 ἡ
1290 4737 1565 4804 άθροισις;
1618 4737 1802 4801 Ἐπλη-

1934 4743 2322 4805 multitudinis,
2373 4753 2495 4807 quze
2541 4735 2617 4790 ibi
2657 4743 2917 4802 congesta
2954 4737 3060 4792 est,
3117 4723 3518 4792 explicaret-it?

241 4838 402 4910 ροῦτο
436 4836 505 4890 τὰ
538 4835 708 4901 ἔνδον,
743 4839 811 4887 τὰ
840 4834 947 4899 ἔξω
979 4833 1180 4896 πάντα,
1225 4832 1292 4884 τὰ
1343 4831 1487 4900 μέρη
1532 4831 1625 4882 τοῦ
1678 4828 1826 4881 θείου

243 4932 415 5002 σηκοῦ
436 4949 449 4963 ·
485 4933 580 4985 καὶ
609 4931 671 4990 οὐ
707 4930 867 4999 μόνον
897 4926 968 4979 τὰ
994 4926 1156 4980 κάτω
1179 4925 1352 4992 ὲδάφη
1387 4925 1487 4992 τῆς
1541 4925 1605 4975 ὲκ
1638 4922 1827 4988 διαφό-

246 5044 344 5100 ρου
369 5025 588 5097 ἡλικίας
618 5025 716 5077 καὶ
738 5021 947 5085 τάξεως
977 5019 1500 5090 συγκεκροτημένης
1523 5015 1832 5086 ἐπληροῦτο

243 5115 511 5188 πληθύος,
544 5114 660 5171 ἀλλ’
696 5111 822 5166 ἐπεὶ
854 5112 949 5166 καὶ
980 5111 1038 5164 al
1088 5108 1219 5180 παρ’
1261 5108 1523 5177 ἑκάτερα.
1571 5107 1664 5156 καὶ
1693 5104 1832 5171 πρὸς

245 5210 461 5278 δυσμὰς
515 5204 613 5261 τοῦ
671 5205 803 5258 ναοῦ
860 5203 1001 5275 πρὸς
1053 5200 1186 5270 ὕψος·
1214 5199 1397 5266 ὀλίγον
1426 5197 1526 5267 τῆς
1562 5198 1832 5266 μεσονὰου

249 5303 416 5364 στοᾶς
457 5301 686 5354 ἀποδέον
728 5296 1092 5368 ἀνιδρυμέναι
1136 5292 1439 5363 οἰκοδομαί,
1475 5290 1649 5358 ἐδάφη
1676 5287 1834 5359 ἐχου-

253 5411 339 5447 σιν
373 5393 480 5447 ῐδια
506 5393 672 5468 κίοσι,
702 5390 798 5445 καὶ
827 5389 1076 5455 ταῖςδὲπὶ
1107 5387 1304 5440 κιόνων
1333 5394 1534 5467 στοαις.
1559 5392 1834 5454 μετέωρα,

255 5459 654 5557 ὕπανεχόμενα.
675 5483 737 5548 ἐξ
764 5481 1122 5555 ἡρμοσμένου
1151 5479 1326 5536 λίθου.
1368 5479 1464 5532 καὶ
1518 5455 1658 5530 αὐτὰ
1689 5476 1840 5546 διηυ-

254 5581 573 5650 θετισμένα,
621 5577 780 5649 ὄχλου
841 5575 1102 5630 παντοίου
1157 5572 1334 5643 μεστὰ
1373 5569 1678 5624 καὶταῦτα
1719 5568 1839 5640 ἐγί-

255 5689 399 5727 νετο.

330 5763 396 5819 δ’.
440 5765 604 5819 Ἀλλὰ
668 5762 836 5836 πρινη
856 5763 966 5816 τῶν
995 5762 1133 5834 μετὰ
1169 5758 1270 5830 τὴν
1330 5759 1578 5830 ἄθροισιν
1637 5757 1842 5824 ταύτην

261 5859 646 5930 ἀφηγημάτων
695 5858 846 5927 ἡμᾶς
899 5854 1162 5925 ἅψασθαι,
1217 5852 1483 5922 πρότερον
1523 5849 1659 5920 πρὸς
1687 5847 1845 5900 τοῦτο

261 5949 400 6013 τέως
438 5949 799 6022 ἀπαντητέον.
847 5947 1078 6020 Ἀκηκοὲ
1126 5964 1208 6008 τις
1255 5946 1364 6000 τῶν
1405 5943 1502 5999 νῦν
1543 5943 1576 6013 ἢ
1609 5941 1717 5995 τῶν
1742 5941 1844 5995 πά-

265 6043 353 6098 λαι
386 6043 476 6098 τὸν
527 6041 1152 6106 Κωνσταντινουπόλιως
1194 6038 1628 6112 ἀρχιεπίσκοπον
1651 6077 1664 6104 ,
1695 6032 1847 6107 παρὰ

1933 4837 2197 4891 Interiora
2274 4846 2459 4886 omnia
2497 4871 2511 4894 .
2579 4825 2852 4882 exteriora
2908 4820 3248 4876 sacrosancti
3331 4815 3519 4883 templi

1934 4926 2383 4994 constipahantur
2433 4921 2887 4974 concurrentium
2921 4925 3202 4966 numero:
3253 4922 3354 4960 nec
3403 4916 3526 4960 tau-

1937 5019 2219 5075 tummodo
2275 5014 2460 5068 intima
2513 5011 2827 5080 pavimenta
2878 5004 3229 5059 multitudine
3296 5005 3525 5058 diversa:

1935 5113 2113 5167 auatis
2147 5125 2210 5163 ac
2260 5106 2474 5162 ordinis
2521 5110 2854 5172 congregata
2907 5095 3279 5166 replebantur,
3327 5084 3430 5145 sed
3459 5104 3526 5143 ex

1938 5217 2170 5270 utraque
2201 5210 2376 5270 parte,
2420 5206 2474 5253 et
2513 5196 2747 5252 occidua
2769 5203 2837 5260 et
2869 5191 3046 5246 media
3081 5188 3266 5258 templi
3306 5184 3522 5255 porticu

1939 5311 2134 5368 parum
2164 5292 2484 5350 distantium
2513 5279 2928 5346 structurarum
2966 5284 3184 5353 propria
3216 5279 3528 5348 pavimenta

1938 5367 2237 5452 columnis,
2274 5393 2330 5441 et
2388 5398 2555 5452 super
2584 5379 2860 5436 columnis
2948 5389 3112 5444 super
3147 5386 3270 5427 sese
3330 5367 3529 5423 erectis

1940 5482 2310 5542 interstincta,
2338 5493 2406 5534 ex
2440 5475 2700 5544 adaptato
2733 5469 2913 5540 lapide
2944 5463 3262 5526 eminentia,
3296 5469 3350 5515 et
3394 5459 3532 5515 bene

1940 5578 2192 5646 digesta,
2249 5572 2634 5639 cujuscunque
2703 5563 2927 5636 generis
3007 5556 3308 5630 plebecula:
3369 5553 3532 5624 plena

1939 5677 2118 5724 erant.

2014 5761 2071 5814 4.
2107 5757 2212 5811 Sed
2241 5765 2534 5826 antequam
2569 5764 2900 5822 congressus
2929 5747 3096 5816 hujus
3138 5739 3519 5798 narrationem

1945 5851 2319 5912 exordiantur,
2355 5849 2592 5915 primum
2649 5845 2752 5898 hoc
2810 5839 3241 5911 prtrponendutn
3291 5832 3528 5885 videtur.

1948 5941 2209 5998 Audiitne
2245 5939 2512 6010 quispiam
2541 5952 2607 5993 ex
2652 5935 2719 5990 iis
2767 5933 2861 6003 qui
2896 5945 3043 5986 nunc
3078 5929 3287 5990 vivunt,
3318 5923 3398 5977 vel
3429 5936 3532 5975 au-

1951 6031 2182 6105 tiquitus
2233 6030 2400 6087 vitam
2447 6036 2700 6100 egerunt,
2733 6015 3402 6090 ConstantinOpolitanum
3436 6020 3528 6062 ar-
