4150 6490
212 481 364 548 961
1263 481 1362 542 DE
1404 480 1913 542 DEPOSITIONE
1953 460 2098 541 SUA
2137 479 2362 543 ORAT.
2405 480 2452 542 1.
3433 480 3542 546 962

214 597 356 650 τοῦ
402 596 676 666 βασιλέως
714 593 1026 664 παρουσίαν
1086 589 1504 655 δικαιώσωσινς
1557 589 1762 656 Γέγονε
1801 587 1845 640 δ’

1951 594 2059 645 tur.
2089 587 2434 654 praesentiam
2478 585 2822 654 imperatoris
2857 585 3250 656 appellabunt?
3281 587 3396 646 Hac
3426 589 3544 660 igi—

216 684 358 745 οὖν
415 689 503 759 ἐφ’
558 690 695 758 ἡμῖν
736 686 882 740 οὕτω
939 685 1032 738 καὶ
1076 682 1266 737 τοῦτο·
1308 683 1406 736 καὶ
1437 682 1561 735 τότε
1599 681 1702 752 μὲν
1754 681 1845 733 ἐπὶ

1955 684 2044 732 tur
2073 689 2289 732 ratione
2329 678 2436 731 hoc
2467 692 2692 747 quoque
2715 678 2782 732 de
2837 679 2995 733 nobis
3025 687 3364 734 transactum
3401 693 3486 736 est
3520 698 3538 736 :

218 777 533 842 τοιούτοις
571 779 606 848 ἦ
650 794 708 830 τε
743 775 962 838 σύνοδος
1009 773 1254 844 διελύθη,
1298 775 1394 828 καὶ
1425 773 1490 827 τὸ
1527 773 1654 828 καθ’
1684 771 1845 843 ἡμῶν

1957 779 2074 825 turn
2120 771 2380 834 deinceps
2425 781 2668 843 synouus
2708 771 2980 827 dissoluta
3024 780 3129 840 est,
3178 781 3234 829 et
3274 774 3543 830 adversus

223 865 618 936 διεσκεδάσθη
653 864 959 936 συνέδριον.

1954 880 2056 920 nos
2084 873 2310 920 coactus
2335 879 2668 936 congressus
2694 865 2994 934 dissipatus

267 972 284 982 ‘
332 960 400 1014 θ’.
434 960 588 1012 Κατὰ
623 959 680 1012 δὲ
701 958 801 1028 τὴν
841 957 908 1022 ἐξ·
938 956 1159 1027 ἐκείνης
1198 956 1394 1029 τρίτην
1424 958 1562 1027 πρὸς
1590 957 1658 1027 τῇ
1679 972 1845 1010 συνο-

2030 958 2084 1014 9.
2125 957 2313 1013 Tertia
2345 958 2698 1028 postmodum
2745 957 2832 1012 die
2864 957 3150 1026 synodalis
3177 958 3538 1028 congregatio

229 1051 385 1120 διχῇ
415 1049 688 1119 ὁμηγύρει
721 1050 818 1102 καὶ
849 1051 916 1120 τῇ
954 1050 1254 1119 ἀρχοντικῇ
1289 1048 1624 1113 συνελεύσει,
1655 1050 1689 1119 ὴ
1711 1048 1845 1118 αὑτὴ

1953 1066 2080 1107 cum
2117 1049 2425 1119 principum
2461 1050 2772 1104 assistentia
2805 1060 3038 1114 cogitur,
3071 1052 3381 1120 iterumque
3407 1063 3533 1104 cum

237 1143 358 1195 καὶ
386 1142 550 1194 πάλιν
581 1143 721 1214 μετὰ
748 1141 846 1212 τῆς
890 1141 1065 1210 αὐτῆς
1107 1139 1308 1204 κακίας
1337 1140 1448 1193 τῶν
1500 1141 1714 1194 πολλῶν
1751 1139 1852 1194 τοῦ

241 1236 530 1306 πλήθους,
563 1238 610 1288 εί
635 1235 728 1289 καὶ
767 1237 843 1305 μὴ
869 1235 1107 1299 πάντων,
1151 1233 1299 1305 ὁρμή
1334 1249 1393 1286 τε
1422 1233 1521 1286 καὶ
1548 1236 1844 1305 συνδρομὴ,

239 1327 358 1379 καὶ
388 1327 623 1396 μηνυταὶ
659 1324 844 1390 πάλιν,
871 1327 1118 1390 archol;
1135 1326 1412 1398 πρότερον
1448 1325 1613 1395 ὃμοια
1643 1327 1710 1381 τὰ
1745 1344 1852 1396 μη-

241 1419 496 1488 νύματα.
541 1418 734 1488 Ἡμεῖς
756 1417 816 1470 δὲ
845 1417 964 1487 Θεῷ
996 1416 1096 1491 μὲν
1127 1418 1190 1470 τὸ
1218 1417 1440 1488 πρῶτον
1468 1417 1700 1479 ἑαυτοὺς
1721 1418 1853 1469 ἀνα·

244 1509 509 1579 θέμενοι,
547 1511 832 1578 σκέμμασι
861 1507 1008 1562 δὲτὸ
1061 1507 1340 1578 δεύτερον,
1381 1502 1464 1570 οἷς
1506 1510 1642 1578 ἡμῖν
1676 1508 1850 1560 ἐδόκει

245 1602 567 1670 συμφέρειν
596 1585 962 1672 χρησάμενοι,
994 1601 1090 1654 καὶ
1143 1601 1204 1653 τὺ
1242 1601 1500 1655 ἀπελθεῐν
1544 1602 1686 1671 πρὸς
1723 1605 1850 1664 τοὺς

247 1693 587 1756 καλοῦντας,
621 1695 716 1746 καὶ
762 1693 823 1745 τὸ
858 1693 932 1763 μὴ
964 1692 1222 1745 ἀπελθεῖν
1259 1693 1462 1762 ὁμοίως
1503 1693 1849 1746 ἐπικίνδυνον

248 1786 551 1855 εωρῶμεν,
587 1786 648 1837 τὺ
673 1785 782 1850 μὲν
805 1788 853 1837 εί
883 1785 1019 1855 μετὰ
1041 1785 1140 1853 τῆς
1172 1785 1314 1856 ὑπὲρ
1346 1784 1504 1855 ἡμῶν
1530 1785 1684 1838 ἔσται
1712 1789 1848 1839 ἀπο-

247 1878 470 1946 λογίας,
498 1879 559 1930 τδ
584 1877 638 1929 δὲ
670 1877 746 1939 ὡς
777 1879 962 1940 πᾶσαν
987 1876 1175 1930 ἄδειαν
1195 1875 1464 1946 παρέξον
1482 1879 1596 1938 τοῖς
1621 1875 1846 1929 διασαλ-

247 1971 411 2024 λουσι
439 1969 510 2021 τὰ
551 1969 815 2038 ἡμέτερα.
850 1969 930 2020 Ἦ»
961 1969 1058 2037 μὲν
1087 1969 1196 2037 γὰρ
1240 1967 1380 2037 μετὰ
1411 1968 1847 2038 τῆςάπολογίας

246 2063 394 2130 ἡμῖν
416 2059 691 2129 παρουσία
726 2055 873 2128 εἶχεν
899 2059 966 2112 ἂν
1000 2061 1138 2128 προς
1168 2060 1440 2129 ἡμέτερον
1472 2060 1717 2112 κίνδυνον
1749 2059 1847 2112 ἁν-

158 2203 160 2205 .
248 2153 396 2223 ἅψαι
417 2153 483 2206 τὰ
516 2152 718 2222 πλήθη,
750 2153 832 2204 ὅτι
864 2167 925 2219 γε
959 2151 1020 2204 τι
1059 2153 1121 2202 ὲν
1167 2151 1381 2213 τούτοις
1426 2151 1848 2222 ἀλογιστότερον

251 2247 361 2315 οὐχ
384 2244 760 2314 ὑπερηγορίαν
791 2243 972 2314 ἡμῶν,
1002 2247 1101 2312 τῆς
1130 2243 1185 2296 δὲ
1212 2246 1367 2313 κοινῇ
1393 2243 1846 2314 σπουδαζομένης

249 2338 655 2405 ἐπιχειρήσεως
689 2335 1028 2405 κατηγορίαν
1068 2336 1162 2386 καὶ
1205 2335 1490 2400 ἀναίρεσιν
1520 2333 1729 2403 ταύτην
1761 2332 1857 2406 λο-¹

251 2425 522 2493 τίσασθαι
552 2425 770 2494 ἐμελλε,
801 2424 897 2476 καὶ
925 2425 1023 2494 οὐχ
1064 2426 1294 2484 ἑαυτοὺς
1321 2426 1584 2493 συνιστᾷν
1611 2441 1624 2452 ·
1653 2428 1770 2489 τοῖς
1791 2425 1848 2480 δὲ

251 2517 515 2580 Λατίνοις
551 2518 917 2587 προσϐοηθεῖν
957 2518 1102 2571 οὓτω
1144 2517 1429 2580 ποιοῦντες
1477 2517 1850 2587 ἐνομίσθημεν

251 2609 346 2673 ἂν,
386 2610 482 2662 καὶ
512 2608 633 2678 τάχ’
666 2610 732 2663 ἂν
762 2609 850 2662 δια
887 2608 1046 2663 τοῦτο
1098 2611 1194 2662 καὶ
1226 2609 1423 2662 Θυσίαν
1457 2611 1580 2679 Θεῷ
1607 2612 1853 2682 προσφέ-

253 2717 375 2771 ρειν
403 2702 651 2771 ἡγήσατο
713 2703 740 2753 ὁ
783 2701 968 2770 πικρῷ
1006 2701 1228 2770 Θανάτῳ
1276 2701 1624 2772 παραδώσων
1671 2704 1847 2772 ἡμᾶς.

250 2792 512 2846 Τοιοῦτον
545 2794 678 2864 γὰρ,
720 2796 795 2857 ὡς
852 2793 1085 2864 ἔφημεν,
1129 2795 1445 2865 ἄνθρωπος,
1497 2797 1847 2860 ἀλογώτερον

249 2883 628 2954 ἀκροώμενος,
655 2887 782 2938 ὅταν
818 2903 898 2946 τις
923 2887 1014 2939 ἐπὶ
1035 2890 1146 2950 τοῖς
1178 2889 1309 2956 περὶ
1332 2887 1467 2941 Θεοῦ
1495 2891 1588 2942 καὶ
1610 2890 1852 2953 πίστεως

251 2975 476 3046 αίτιῷτο
499 2978 804 3048 ζητήμασι.
832 2977 906 3031 Τὸ
935 2979 992 3032 δὲ
1031 2979 1106 3050 μὴ
1137 2982 1397 3036 ἀπελθεῖν
1426 2983 1562 3046 ὅλως
1591 2985 1850 3037 ὲπίπλέον

251 3065 320 3119 ἂν
345 3069 426 3128 είς
458 3068 551 3121 τὸν
583 3069 875 3138 εἰρημένον
904 3070 1034 3132 τοὺς
1066 3070 1190 3122 καθ’
1220 3072 1380 3140 ἡμῶν
1409 3072 1633 3140 ἠρέθισε
1667 3072 1849 3126 κίνδυ-

249 3173 366 3221 νον,
388 3157 464 3220 ὡς
501 3159 685 3212 πίστιν
715 3161 857 3229 τάχα
880 3160 990 3214 τῶν
1017 3159 1140 3213 καθ’
1177 3163 1335 3231 ἡμων
1371 3169 1720 3233 αίτιαμὰτων
1750 3164 1847 3216 δυ-

1952 1149 2143 1198 eadem
2177 1142 2476 1196 multorum
2525 1155 2590 1206 ex
2627 1152 2718 1194 vni
2749 1141 3030 1210 plebecula
3078 1139 3452 1208 improtntate.
3484 1148 3539 1194 et

1951 1235 1997 1289 si
2030 1249 2139 1288 non
2181 1235 2448 1296 omnium,
2483 1233 2744 1303 impetus,
2777 1243 2832 1289 et
2879 1246 3212 1296 concursus,
3263 1241 3319 1286 et
3358 1232 3536 1288 nuntii

1949 1324 2230 1396 p'ioribus
2272 1334 2382 1378 nun
2440 1323 2742 1380 absimiles.
2792 1323 2902 1378 Nos
2935 1337 3098 1392 porro
3131 1321 3241 1378 Deo
3291 1331 3538 1377 uosmet-

1957 1421 2108 1488 ipsos
2132 1419 2368 1488 primum
2400 1417 2834 1481 committentes,
2867 1427 2920 1472 et
2947 1417 3132 1470 animo
3157 1418 3533 1486 postmodum,

1951 1521 2075 1580 qum
2121 1509 2282 1564 nobis
2326 1509 2480 1563 utilia
2529 1523 2652 1564 esse
2692 1508 3045 1575 videbantur,
3075 1508 3447 1574 revolventes,
3480 1517 3537 1563 et

1951 1605 2016 1657 ad
2050 1595 2413 1658 accersentes'
2441 1618 2749 1669 accessum,
2802 1614 2856 1658 et
2895 1605 2948 1658 in
2983 1605 3311 1673 spernendis
3361 1601 3555 1675 impe?

1953 1696 2048 1751 riis
2092 1696 2522 1761 contumaciam,
2554 1712 2708 1766 teque
2756 1697 3127 1766 periculosum
3165 1711 3290 1753 esse
3339 1695 3556 1768 depre-'

1951 1789 2329 1843 hendcbamus
2363 1806 2376 1847 :
2411 1791 2588 1853 illum,
2621 1805 2666 1843 st
2709 1805 2836 1844 cum
2869 1799 3056 1845 nostra
3091 1790 3414 1847 defensione
3444 1805 3540 1846 cc-

1951 1883 2271 1948 mi‘taretur;
2301 1883 2464 1946 hanc,
2501 1892 2760 1951 tanquam
2786 1897 2910 1952 qua:
2933 1893 3121 1938 nostra
3148 1882 3556 1963 calumniantl-l

1952 1975 2056 2028 bus
2084 1973 2297 2042 plenam
2330 1973 2646 2028 facultatem
2679 1976 2866 2028 omnia
2903 1975 3100 2045 agendi
3145 1976 3536 2031 concessisset.

1950 2063 2198 2133 Namque
2235 2075 2423 2119 nostra
2456 2067 2746 2133 praesentia
2786 2080 2914 2120 cum
2948 2067 3270 2122 defensione
3318 2074 3538 2136 poterat

1951 2157 2018 2209 ad
2048 2163 2237 2209 nostra
2280 2156 2479 2210 damna
2513 2155 2924 2210 multitudinem
2957 2156 3260 2221 concitare,
3294 2155 3440 2225 quod
3481 2153 3541 2210 in

1952 2261 2013 2300 ea
2059 2261 2209 2313 pars,
2240 2261 2363 2316 quae
2410 2261 2596 2300 minus
2641 2247 2858 2301 ratione
2888 2256 3158 2314 uteretur,
3205 2260 3316 2301 non
3360 2245 3540 2301 nostri

1952 2337 2367 2404 defensionem,
2424 2338 2521 2394 sed
2584 2340 2838 2393 conatus
2872 2338 3144 2393 adversus
3181 2351 3281 2391 nos
3329 2336 3540 2406 publici

1953 2431 2387 2493 accusationem,
2424 2436 2479 2481 et
2529 2427 2943 2482 demolitionem
2993 2428 3142 2486 illam
3191 2440 3317 2482 esse
3370 2441 3542 2496 repu-

1953 2531 2125 2577 tasset
2155 2539 2169 2577 :
2208 2530 2264 2576 et
2301 2535 2402 2574 nos
2428 2533 2539 2574 non
2585 2519 2745 2573 nobis
2783 2517 3066 2590 suppetias
3097 2517 3263 2584 ferre,
3293 2517 3390 2574 sed
3430 2521 3538 2574 La-

1953 2614 2084 2668 tinis
2114 2626 2234 2668 esse
2278 2612 2619 2682 adiumento,
2645 2611 2710 2664 ‘si
2747 2610 2799 2666 id
2830 2625 3142 2681 ageremus,
3198 2611 3542 2683 existimare-

1953 2721 2095 2758 mur.
2132 2703 2194 2756 El
2225 2703 2366 2758 forte
2400 2709 2565 2757 etiam
2612 2707 2681 2757 ob
2711 2704 2855 2758 hanc
2885 2710 3133 2758 eamdem
3167 2717 3393 2758 causam
3445 2718 3542 2760 sa-

1951 2795 2221 2849 crificium
2257 2795 2370 2849 Deo
2419 2797 2617 2849 ollerre
2664 2799 2920 2861 opinatus
2951 2799 3250 2864 quispiam,
3282 2794 3402 2849 neci
3437 2808 3541 2850 nos

1950 2888 2204 2956 pessimae
2238 2890 2558 2941 tradidisset
2587 2906 2601 2940 :
2638 2888 2761 2941 talis
2792 2892 2940 2942 enim
2978 2891 3144 2942 homo
3174 2894 3280 2954 est,
3313 2898 3368 2942 et
3389 2899 3539 2942 nulla

1959 2981 2171 3033 ratione
2212 2983 2349 3034 duce
2399 2996 2488 3036 res
2534 2979 2814 3042 diiudicat,
2854 2994 2980 3033 cum
3032 2979 3098 3033 de
3124 2979 3263 3047 \Deo
3315 2994 3380 3034 ac
3425 2979 3535 3035 [ldo

1950 3073 2183 3143 qua'stio
2215 3083 2321 3135 est,
2359 3083 2412 3126 et
2435 3073 2705 3142 judicium
2738 3072 3116 3126 constituitur.
3145 3071 3213 3125 Et
3249 3078 3543 3126 contuma-

1949 3169 2030 3218 cia
2064 3163 2240 3232 magis
2263 3169 2328 3218 ae
2360 3163 2532 3228 magis
2579 3161 2630 3214 in
2678 3175 2876 3214 noxam
2909 3167 3158 3216 nostram
3193 3159 3523 3222 excitasset,
3553 3158 3558 3221 ἐ

250 3249 488 3318 νάμενον
533 3254 862 3320 παρασχεῖν.
915 3253 1037 3305 ὐτι
1086 3253 1218 3320 γοῦν
1290 3242 1616 3307 ἐπικίνδυνα
1670 3255 1845 3310 ταῦτα

1952 3263 2214 3324 tanquam
2271 3271 2393 3312 uuae
2426 3254 2661 3308 crimina
2703 3253 2967 3308 adversus
3034 3266 3136 3308 nos
3165 3251 3219 3307 in
3256 3252 3534 3322 judicium

249 3341 474 3395 ἐδόκουν
504 3344 642 3411 ἡμῖν
669 3345 764 3396 καὶ
806 3345 1122 3414 ἀμφότερα,
1175 3347 1369 3418 τρίτην
1395 3349 1568 3418 ἄλλην
1621 3348 1844 3404 ὁδεῦσαι

248 3426 577 3497 διέγνωμεν.
609 3429 687 3482 To
713 3433 822 3500 γὰρ
853 3433 946 3485 ἐπὶ
979 3436 1114 3486 πᾶσι
1149 3438 1264 3498 τοῖς
1319 3438 1616 3507 ἡμετέροις
1663 3439 1844 3493 ἔθεσιν

249 3517 677 3588 ἁπαράτρωτον,
726 3523 822 3574 καὶ
877 3512 978 3594 τὴν
1034 3526 1505 3595 ἀπαράθραυςτον
1547 3533 1648 3601 τῆς
1683 3534 1846 3601 ἡμῶν

250 3608 541 3672 εὐσεϐείας
571 3614 912 3682 συντήρησιν
952 3617 1172 3681 ἑαυτοῖς
1207 3620 1536 3684 συνειδότες,
1566 3622 1685 3676 δέον
1721 3626 1845 3678 ἑλοο

251 3703 554 3774 γισάμεθα,
587 3708 686 3775 τὴν
715 3709 816 3776 μὲν
837 3710 1136 3762 ἀπέλευσιν
1171 3713 1246 3781 μὴ
1267 3713 1689 3779 ἀναϐάλλεσθαι,
1715 3721 1848 3776 μίαν

251 3792 312 3845 δὲ
336 3793 510 3862 μόνην
540 3795 842 3863 ἀπολογίαν
868 3797 967 3867 τὴν
997 3798 1098 3868 τῆς
1128 3801 1346 3864 οίκείας
1385 3810 1631 3864 πίστεως
1649 3810 1845 3866 ὁμολο-

253 3883 382 3952 γίαν
407 3886 764 3963 ποιήσασθαι,
797 3889 935 3958 πρὸς
966 3890 1094 3944 ἄλλο
1139 3891 1197 3944 δὲ
1235 3895 1344 3946 πᾶν
1378 3897 1515 3966 πρὸς
1548 3901 1662 3951 τῶν
1689 3911 1842 3952 αντιφ

253 3975 656 4046 διατιθεμένων
689 3981 824 4048 ἡμῖν
853 3982 1146 4050 ἐριστικῶς
1203 3963 1655 4056 προσᾷερόμενον
1703 3993 1842 4045 απο-

256 4069 553 4140 σιωπῆσαι,
581 4071 674 4126 καὶ
702 4074 842 4142 πρὸς
867 4077 1054 4129 πᾶσαν.
1087 4077 1450 4147 ἑπελθουσαν,
1485 4083 1588 4134 καὶ-
1617 4083 1840 4138 ἐπελευ-

255 4165 492 4232 σομένην
520 4166 656 4234 ἡμῖν
677 4165 917 4227 ἀδικίαν,
952 4169 1125 4239 μηδὲν
1151 4172 1293 4240 πρὸς
1331 4173 1392 4224 τὸ
1429 4174 1605 4242 παρὸν
1644 4189 1830 4241 παρα-

263 4255 631 4322 φθέγξασθαι.
675 4257 788 4311 Καὶ
814 4260 1009 4326 γέγονε
1037 4259 1222 4314 τοῦτο.
1273 4263 1384 4316 Καὶ
1413 4259 1562 4334 εἶχεν
1603 4267 1750 4335 ἡμᾶς
1783 4266 1846 4320 τὺ

254 4347 607 4418 δικαστήριον
627 4349 688 4402 οὐ
720 4349 1254 4422 δικασθησομένουςι,
1284 4355 1401 4407 ἀλλ’
1435 4358 1502 4428 ῆν
1533 4367 1846 4426 προπεπον-

256 4436 428 4505 θαμεν
458 4439 783 4507 καταδίκην,
817 4440 1166 4510 βεϐαιότερον
1193 4443 1323 4506 ἴσως
1344 4446 1751 4514 ἀποισομένους
1776 4449 1843 4501 δι’

255 4521 334 4586 ἓν,
367 4522 441 4584 ὡς
493 4523 642 4576 έοικε
669 4567 684 4590 ,
731 4528 893 4596 μόνον
918 4528 1019 4597 τὴν
1053 4531 1330 4601 ἡμετέραν
1365 4535 1672 4602 παρουσίαν
1709 4553 1842 4589 κατ-

1949 3345 2146 3409 delata,
2175 3345 2252 3398 uti
2289 3361 2414 3398 vera
2448 3344 2883 3399 constabilissct.
2909 3343 3046 3399 Cum
3085 3345 3272 3414 itaque
3300 3352 3539 3411 utraque

1958 3439 2118 3492 nobis
2150 3437 2454 3507 periculosa
2503 3438 2839 3501 viderentur,
2889 3424 3120 3492 tertium
3153 3435 3293 3490 inire
3337 3435 3529 3491 consi-

1949 3528 2085 3582 lium
2123 3528 2486 3583 decrevimus.
2515 3527 2766 3598 Namque
2796 3543 2920 3582 cum
2951 3527 3004 3580 in
3038 3525 3297 3581 omnibus
3324 3526 3533 3582 nostris

1950 3620 2440 3674 Consuetudinibus
2508 3621 2910 3675 invulneratam
2969 3627 3021 3673 et
3071 3626 3273 3674 nostra:
3318 3618 3538 3687 pictatis

1949 3712 2239 3766 infractam
2343 3714 2714 3784 integritatem
2798 3722 3176 3769 conservatam
3254 3726 3286 3768 a
3379 3714 3540 3767 nobis

1949 3807 2196 3875 apprime
2241 3813 2585 3869 teneremus,
2627 3805 2772 3863 facto
2806 3820 2946 3875 opus
2979 3819 3102 3860 esse
3130 3804 3538 3874 judicavimus,

1960 3902 2244 3951 accessum
2297 3911 2495 3958 nempe
2547 3913 2654 3949 non
2691 3897 2899 3954 diutius
2933 3895 3276 3964 protrahere,
3313 3902 3366 3950 et
3400 3895 3538 3950 satis

1954 4004 2052 4058 pro
2092 3993 2254 4043 nobis
2287 4003 2638 4058 responsum,
2676 3993 2721 4043 si
2754 3995 2957 4042 nostrae
2982 3987 3104 4046 fidei
3132 3986 3537 4057 professionem

1948 4078 2372 4148 emitteremus,
2434 4082 2646 4152 reliqua
2715 4096 2846 4137 vero
2904 4083 3130 4148 omnia,
3196 4095 3321 4149 quae
3375 4080 3540 4135 nobis

1949 4177 2256 4232 adversarii
2304 4183 2652 4231 cuutenliose
2711 4174 3078 4245 Opponéreut,
3130 4175 3354 4228 silentio
3405 4189 3537 4238 per-

1952 4259 2344 4326 t'ransiremus.
2374 4275 2428 4319 ct
2479 4268 2545 4319 ad
2582 4281 2764 4328 omne,
2799 4266 2945 4335 quod
2985 4267 3188 4335 injuste
3219 4264 3366 4334 passi
3412 4279 3540 4319 era-

1949 4361 2112 4422 mus,
2165 4363 2248 4411 vel
2285 4358 2639 4425 imposterum
2699 4358 2987 4415 toleraturi
3047 4371 3343 4417 essemus.
3397 4355 3536 4410 nihil

1949 4461 2063 4505 tum
2110 4449 2594 4520 responderemus.
2635 4449 2792 4515 Quod
2846 4459 2901 4504 et
2948 4455 3151 4502 factum
3209 4457 3310 4502 est.
3355 4449 3424 4502 Et
3465 4447 3535 4501 ad

1951 4543 2192 4597 tribunal
2268 4543 2610 4597 accessimus
2665 4559 2774 4596 non
2819 4541 3147 4611 judicandi,,
3213 4540 3308 4595 sed
3370 4555 3533 4610 quam

257 4616 586 4681 επειγόντων
623 4617 730 4670 τῶν
771 4619 905 4687 ἡμῖν
928 4620 1337 4689 ὲξυφαινόντων
1367 4625 1433 4676 τὰ
1471 4626 1753 4692 πάνδεινα,
1779 4627 1842 4680 τὸ

1951 4643 2109 4686 antea
2154 4632 2673 4686 condemnationem
2719 4635 3052 4694 subtvimus,
3086 4635 3301 4683 lirtntus
3349 4644 3538 4697 repor-

257 4708 352 4757 και
377 4707 605 4775 ἀτιμίαν
631 4709 728 4760 ini.
751 4714 816 4780 τῇ
848 4712 1036 4782 ἀδικία
1064 4715 1400 4784 προστρίψαι
1418 4717 1572 4784 ἡμῖν.
1599 4712 1702 4770 Οἴα
1731 4721 1838 4791 γὰρ

258 4799 522 4868 είπομεν;
553 4797 639 4854 οἷα
665 4802 721 4854 δὲ
757 4805 858 4856 καὶ
897 4805 1254 4874 ἡκούσαμεν;

1952 4725 2144 4788 laturi,
2197 4726 2268 4779 ob
2319 4724 2496 4790 quod,
2538 4732 2596 4777 ut
2641 4723 2948 4787 videbatur,
3011 4719 3394 4775 tantummodo
3439 4733 3537 4772 no-

1952 4825 2120 4869 stram
2151 4816 2499 4881 praesentiam
2537 4816 2784 4869 studiose
2821 4814 3218 4881 poposcebant,
3259 4814 3351 4881 qui
3387 4823 3539 4865 atro-

259 4896 477 4953 ('lSsima
528 4914 760 4967 quaeque
824 4899 876 4952 in
941 4917 1042 4954 nos
1106 4902 1509 4968 moliebantur,
1564 4914 1619 4958 et
1674 4907 1834 4962 nobis

1951 4920 2069 4965 etcr
2135 4911 2455 4979 injustitiam
2509 4907 2750 4964 infamia
2829 4923 3051 4980 quoque
3100 4918 3282 4962 notam
3348 4905 3538 4962 inure-

261 4995 407 5050 bant.
441 4995 572 5060 ρυλε
600 4997 743 5049 enim
779 5007 891 5050 tum
924 4998 1210 5051 diximus?
1245 5014 1367 5067 quze
1397 5008 1450 5052 et
1480 5002 1834 5057 audivimus?

329 5096 384 5142 ι’.
442 5091 650 5141 Αὐτίκα
721 5090 1141 5160 πρώτως-περὶ
1181 5085 1257 5144 ὧν
1313 5094 1843 5164 ὲλογογραφήσαμεν

262 5183 523 5255 περὶτῆς
572 5183 1042 5252 ἐκκλησιαστικῆς
1101 5185 1356 5249 ὲνώσεως
1410 5186 1839 5258 ἀνεκρινόμεθα.

263 5275 365 5327 Καὶ
400 5270 468 5345 ἦν
503 5274 603 5344 μὲν
635 5277 666 5343 ή
713 5275 921 5346 σπιυδὴ
953 5278 1066 5338 τοῖς
1100 5276 1445 5329 ἀντιδικοῦσι
1484 5277 1698 5332 στάδιον
1723 5278 1844 5332 δια-

261 5367 452 5432 λέξεως
475 5368 783 5433 ὑπανοῖξαι,
828 5370 922 5421 καὶ
968 5369 1144 5438 μέγαν
1186 5370 1568 5442 ἀντιρρήσεως
1600 5387 1840 5441 συγκροι-

2029 5093 2117 5149 10.
2157 5093 2352 5147 Statim
2391 5093 2505 5157 illa,
2536 5107 2659 5162 qua:
2696 5105 2799 5146 nos
2831 5091 2898 5146 de
2924 5091 3129 5146 unione
3163 5092 3540 5148 ecclesiastica

1955 5187 2164 5256 scripto
2217 5185 2568 5252 tradidimus,
2621 5202 2674 5239 tn
2717 5186 2988 5254 judicium
3034 5193 3229 5238 vocata
3280 5197 3428 5238 sunt.
3474 5186 3542 5242 Et

1952 5279 2288 5333 adversariis
2332 5289 2542 5332 tantum
2598 5278 2732 5333 illud
2790 5277 3164 5341 incumbebat,
3213 5275 3540 5346 disputatio-

1951 5373 2034 5426 nis
2096 5371 2336 5425 stadium
2396 5371 2653 5440 aperiro,
2718 5379 2772 5423 et
2824 5370 3018 5440 ingens
3083 5368 3538 5424 contradictionis

262 5463 421 5535 τῆσαι
454 5463 661 5531 ἀγῶνα,
696 5461 771 5524 ὡς
803 5462 868 5514 ἂν
913 5463 1001 5515 διὰ
1055 5463 1513 5533 παρεξηγήσεων,
1566 5458 1655 5527 αἷς
1685 5463 1842 5516 αὐτοὶ

1951 5475 2229 5518 certamen
2283 5465 2639 5526 constituere,
2702 5473 2760 5516 ut
2808 5477 2903 5531 per
2960 5477 3156 5532 pravas
3209 5463 3538 5539 interpreta-

266 5555 765 5627 νομοθετικώτερον
793 5555 958 5608 πλέον
987 5555 1019 5625 ἦ
1049 5554 1581 5626 ἀποδεικτικώτερον
1607 5556 1703 5609 ἐπὶ
1723 5557 1846 5620 ταῖς

267 5650 598 5717 θεολογικαίς
633 5649 742 5701 τῶν
783 5648 1045 5717 Πατέρων
1087 5647 1330 5718 χρῶνται
1363 5650 1596 5715 φωναῖς,
1627 5648 1688 5700 τὸ
1709 5649 1842 5702 ἀλο-

267 5739 510 5813 γώτερον
538 5744 632 5794 τοῦ
658 5744 892 5813 πλήθους
922 5741 1544 5812 καταδημαγωγήσωσι,
1579 5744 1674 5795 καὶ
1697 5742 1841 5795 οὕτω

270 5850 361 5904 την
393 5833 516 5886 καθ’
541 5834 698 5903 ἡμῶν
729 5835 895 5904 δῆθεν
937 5835 1352 5900 ἀπενέγκωνται
1389 5835 1546 5906 νίκην
1575 5851 1588 5882 °.
1626 5837 1758 5906 ἡμῖν
1793 5835 1840 5886 δ’

269 5927 339 5978 ὅτι
369 5927 430 5979 τὸ
471 5927 834 5996 τυρεηὸμενον
871 5924 1079 5988 τούτοις
1131 5927 1229 5976 οὐκ
1283 5927 1564 5996 ἠγνοεῖτο·
1604 5926 1661 5977 τὸ
1694 5925 1737 5979 δ’
1768 5921 1837 5994 ἦν

1956 5556 2155 5620 tiones,
2215 5557 2281 5610 ad
2326 5572 2466 5625 quas
2518 5554 2922 5610 construendas
2956 5554 3032 5607 illi
3087 5555 3536 5608 nomotlrctatum
3589 5615 3595 5623 ,

1953 5653 2360 5719 magis‘more,
2429 5664 2592 5720 quam
2650 5648 3196 5702 dcmonstrationum
3257 5647 3535 5700 methodis

1955 5743 2179 5796 Patrum
2249 5743 2478 5797 vocibus
2533 5753 2783 5805 utuntur,
2834 5742 3182 5794 vesaniorcm
3241 5740 3536 5804 plebecula:

1955 5835 2366 5890 multitudinem
2423 5836 2579 5904 quasi
2637 5833 2913 5888 lenocinio
2965 5832 3286 5894 alliccrcnt,
3346 5831 3535 5898 sicque

1947 5929 2214 5984 adtersus
2250 5945 2344 5984 nos
2389 5929 2669 5985 victuriam
2702 5934 3070 5996 reportarem.
3103 5923 3211 5980 Nos
3246 5938 3408 5994 porro
3439 5936 3552 5975 coo-
