4150 6502
154 512 280 576 969

1211 507 1309 569 DE
1349 503 1852 568 DEPOSITIONE
1894 502 2035 568 S'UA
2081 505 2302 568 OBAT.
2349 508 2430 570 ΙΙ.

3336 509 3442 570 9ἷο

159 627 235 682 τὸ
283 638 464 697 nam
498 625 791 696 επικρίνω.
818 623 930 696 Τὴν
982 623 1092 693 γὰρ
1140 624 1309 695 αὑτοῦ
1327 624 1435 681 ,ἐπὶ
1488 621 1648 676 πλέον
1681 621 1763 675 ἑλ-

1871 624 2166 680 termiuare
2194 639 2464 695 propono.
2504 624 2607 680 Sed
2641 624 2791 681 illius
2830 623 3201 695 proflisiorem
3236 632 3443 681 tracta-

160 716 352 786 πίζων
377 717 707 786 ἐξάπλωσιν,
738 716 996 789 εὖχομαι,
1031 719 1202 781 εῐπως
1230 716 1297 771 ἂν
1331 716 1463 780 Θεὸς
1492 715 1578 770 ἔτι
1616 714 1757 780 ζῶν-

156 827 272 873 τας
342 812 492 881 ἡμᾶς
559 812 649 865 ἐπ’
696 810 985 883 ἀκροατῶν
1036 809 1417 878 ἀγωνίσασθαι
1468 807 1758 879 τιμώντων

158 901 447 972 εὐθύτητα
473 903 604 973 περί
647 920 706 957 τε
743 903 844 972 τῆς
879 900 1040 972 ἡμῶν
1074 900 1359 964 εὐσεϐείας
1400 901 1529 971 περί
1573 917 1634 953 τε
1662 900 1762 969 τῆς

161 994 679 1064 φιλορωμαιότητος
704 995 1020 1064 εὐδοκήσειε
1052 994 1141 1047 διὰ
1165 992 1267 1063 τὴν
1303 992 1396 1046 ἐπί
1429 992 1583 1047 δυσὶν
1606 993 1760 1060 ὅμως

158 1087 203 1157 ἢ
241 1086 393 1154 τρισὶ
424 1074 719 1159 μάρτυσιν
769 1086 1155 1155 Εὑαγγελικὴν
1203 1087 1389 1141 πίστιν
1439 1087 1551 1139 τῶν
1605 1086 1759 1157 εἰρη-

169 1180 377 1247 μένων,
414 1179 709 1250 προσθήσω
739 1178 803 1250 δὴ
830 1179 1273 1251 τοῖςάκροαταῖς
1307 1180 1434 1249 ὑμῖν
1494 1182 1576 1243 είς
1630 1178 1763 1233 ἀνά-

172 1285 408 1339 μνησιν,
434 1270 531 1323 καὶ
556 1269 625 1323 τὰ
653 1270 713 1323 ὲν
768 1270 1082 1341 προοιμίοις
1132 1287 1223 1341 μοι
1254 1271 1348 1324 ἐπὶ
1378 1273 1444 1342 τῇ
1470 1271 1635 1343 ὁμοίᾳ
1668 1272 1761 1325 δυ-

159 1358 337 1428 νάμει
379 1358 928 1428 προανατεταγμένα,
976 1361 1128 1413 ὅπω-
1178 1358 1385 1430 δηλαδὴ
1430 1362 1460 1415 ὁ
1497 1360 1663 1423 πολὺς
1692 1362 1762 1416 τὰ

160 1449 293 1502 θεῖα
324 1446 626 1514 Βασίλειος,
652 1448 722 1502 τὰ
760 1451 906 1503 κατά
940 1451 1043 1521 τὴν
1088 1450 1453 1523 Ἐκκλησίαν,
1483 1448 1553 1524 ἧς
1588 1452 1758 1523 ἀκρο-

156 1541 425 1605 γωνιαῖος
453 1542 549 1594 καὶ
579 1542 834 1610 συνδέτης
859 1543 1010 1605 λίθος
1041 1543 1287 1614 Χριστὸς
1314 1549 1342 1598 ὁ
1375 1546 1531 1611 Θεὸς,
1556 1545 1756 1601 διοικο·

158 1630 530 1701 νομούμενος,
574 1634 700 1694 τοὺς
743 1634 820 1704 μὴ
875 1634 1137 1701 λέγοντας
1190 1636 1417 1707 Πνεῦμα
1470 1638 1637 1704 Θεὸν,
1697 1641 1757 1693 δν

154 1721 360 1785 ἄλλαις
404 1723 461 1777 δὲ
507 1726 715 1792 φωναῖς
762 1726 823 1779 τὸ
880 1726 997 1782 ἴσον
1043 1728 1434 1798 ἐμφαίνοντας,
1476 1732 1588 1796 τοῖς
1620 1732 1758 1787 Θεὸν

154 1810 301 1867 αὐτὸ
334 1818 503 1885 τρανῇ
556 1817 620 1886 τῇ
667 1814 888 1887 γλώττῃ
934 1818 1401 1890 ἀνακηρύττουσι,
1444 1823 1757 1892 συγκατῆλ-

154 1904 383 1961 λαττεν.
411 1906 574 1961 Ἀλλά
612 1907 677 1980 δὴ
722 1908 817 1961 καὶ
866 1910 1016 1973 ὅπως
1046 1913 1074 1964 ὁ
1120 1913 1219 1981 τῆς
1257 1912 1537 1981 θεολογίας
1573 1913 1755 1985 φερώ-

155 2012 340 2068 νυμος
395 1997 495 2068 τὴν
567 1998 738 2069 αὐτὴν
790 2000 907 2053 ὁδὸν
961 2002 1065 2072 τῆς
1122 2002 1233 2056 τῶν
1301 2006 1485 2075 μερῶν
1547 2008 1758 2061 τούτων

158 2091 528 2161 καταλλαγῆς
604 2093 1039 2164 μετερχόμενος,
1128 2094 1264 2167 μηδὲ
1339 2095 1402 2149 τὸ
1485 2097 1760 2153 Ἰουδαίων

156 2184 321 2247 ἔθνος
358 2184 656 2239 ἀποϐαλεῖν
695 2185 783 2251 ἂν,
825 2188 874 2239 εί
909 2188 1008 2259 τὴν
1056 2188 1152 2241 τοῦ
1174 2189 1545 2260 ἠλειμμένου
1576 2191 1763 2263 φωνὴν

162 2274 295 2327 ἀντὶ
321 2276 424 2344 τῆς
452 2274 693 2346 Χριστοῦ
722 2277 860 2348 πρὸς
903 2276 1086 2346 ὀλίγον
1131 2280 1755 2352 ὲπιζητοῦντεςμὴξίουν

161 2366 295 2438 μεθ’
330 2368 489 2437 ἡμῶν
531 2369 845 2437 τάττεσθαι,
877 2372 959 2434 είς
1012 2371 1215 2435 πλάτος
1262 2372 1621 2445 ἐλογογράφει
1662 2377 1759 2430 καὶ

155 2459 488 2531 διαρρήδην.
549 2460 734 2515 Ταῦτα
785 2463 901 2523 τοῖς
956 2463 1425 2534 προαναταχθεῖσι
1472 2466 1755 2535 προσθεὶς,

161 2550 334 2605 ἱκανὰ
362 2552 460 2621 τὴν
490 2550 670 2621 ἡμῶν,
699 2551 774 2615 ὡς
804 2548 983 2622 οἶμαι,
1005 2552 1134 2607 ὅντα
1168 2555 1516 2623 δεφένδευσιν
1560 2558 1647 2626 ἐφ’
1675 2552 1758 2621 οἷς

156 2642 264 2695 καὶ
295 2643 460 2713 ἡμεῖς
508 2643 607 2712 τὴν
641 2644 705 2696 ὲκ
748 2644 967 2715 Πατρὸς
1022 2644 1091 2698 δι’
1146 2644 1279 2698 Υἰού
1338 2644 1434 2697 τοῦ
1484 2648 1755 2715 παναγίου

156 2731 499 2801 ἐκπόρευσιν
543 2732 887 2802 Πνεύματος,
920 2734 1094 2804 μηδὲν
1136 2735 1254 2804 τῆς,
1298 2735 1357 2799 ἐξ
1398 2736 1603 2804 ἀμφοῖν
1639 2736 1757 2790 δια-

157 2822 360 2892 φέρειν
410 2823 837 2889 ἀποδεικνύντες
886 2827 996 2879 ἀπὸ
1045 2826 1305 2897 Γραφῶν,
1337 2828 1475 2897 πρὸς
1522 2827 1621 2898 τὴν
1656 2829 1759 2899 τῆς

157 2915 633 2987 ὲκκλησιαστικῆς
670 2917 988 2986 οίκονομίάς
1036 2918 1263 2988 εἰρήνην
1289 2918 1601 2990 δεδώκαμεν
1629 2921 1759 2974 ἑαυ-

158 3005 315 3072 τοὺς,
343 3007 435 3060 τὸν
458 3006 617 3075 λόγον
646 3016 843 3079 πέρατι
872 3009 1087 3078 δίδωμι.
1119 3011 1192 3064 Σὺ
1219 3010 1286 3077 δ’,
1320 3007 1365 3065 ὦ
1402 3014 1755 3085 πατριαρχῶν

158 3098 324 3165 δυὰς,
352 3091 428 3159 ὧν
469 3101 497 3153 ὁ
551 3094 652 3170 μὲν
701 3100 802 3171 τὴν
858 3101 1235 3173 Ἀλεξάνδρου,
1270 3105 1298 3157 ὸ
1325 3105 1381 3157 δὲ
1412 3105 1511 3174 τὴν
1549 3108 1760 3159 Ἀντιο-

162 3192 314 3262 χέων
346 3195 630 3261 κοσμεῖτε,
664 3190 757 3255 οὒς
804 3192 900 3245 νῦν
932 3196 966 3264 ὴ
1013 3196 1429 3249 Κωνσταντίνου
1477 3198 1592 3267 ἔχει
1616 3199 1753 3267 παρ’

1865 715 2069 769 tionem
2119 716 2441 771 moliturum
2481 731 2568 773 me
2597 731 2852 787 sperans,
2883 723 3105 785 exopto,
3140 715 3440 770 dummodo

1867 805 2017 862 Dens
2053 807 2391 862 concesserit
2421 849 2433 870 ,
2471 816 2524 860 et
2558 808 2666 861 vita
2700 805 3048 876 permiserit,
3080 813 3206 860 ante
3237 805 3448 860 audito.

1867 913 1976 965 res,
2006 898 2099 968 qui
2140 899 2507 969 integritatem
2554 899 2761 964 colant,
2793 898 2861 954 de
2912 910 3098 954 nostra
3135 899 3359 968 pietate,
3393 906 3449 949 et

1866 992 1921 1047 in
1970 991 2286 1047 Graecorum
2342 993 2620 1047 nationem
2698 991 3120 1054 benevolentia,
3173 995 3451 1046 certamen

1866 1083 2029 1138 inire.
2085 1081 2318 1151 Propter
2360 1080 2726 1136 nihilominus
2786 1066 2847 1135 inv
2891 1082 3113 1136 duobus
3141 1080 3225 1137 vel
3275 1081 3453 1134 tribus

1868 1176 2103 1231 testibus
2147 1174 2523 1245 evangelicam
2556 1175 2831 1230 dictorum
2866 1175 3025 1228 iidem
3056 1214 3070 1237 ,
3105 1174 3261 1227 vobis
3296 1172 3451 1227 andi-

1870 1268 2089 1322 toribus
2120 1267 2175 1321 in
2208 1266 2530 1321 memoriam
2560 1266 2836 1330 inducam,
2865 1280 2987 1336 quae
3021 1265 3207 1320 statim
3244 1265 3297 1319 in
3326 1254 3455 1318 nra-

1870 1359 2039 1413 tionis
2068 1358 2318 1421 exordio,
2351 1358 2421 1412 ab
2448 1357 2639 1412 eadem
2673 1358 2945 1413 sententia
2974 1356 3199 1411 minime
3234 1356 3452 1411 discor-

1869 1449 2055 1503 dautia
2086 1447 2349 1503 collocavi
2388 1448 2706 1517 :quomodo
2756 1462 2952 1518 nempe
2993 1463 3225 1517 magnus
3261 1447 3316 1501 in
3363 1462 3452 1500 re-

1870 1542 1974 1596 bus
2002 1540 2206 1595 divinis
2258 1538 2668 1609 pertraclandis
2712 1539 2957 1595 Basilius
2980 1581 2994 1605 ,
3026 1540 3134 1594 res
3164 1538 3449 1603 Ecclesiae,

1871 1632 2032 1703 cujus
2088 1632 2229 1702 lapis
2294 1632 2579 1702 angularis
2624 1641 2678 1687 et
2719 1631 3002 1702 colligator
3050 1630 3304 1686 Christus
3346 1626 3453 1696 est,

1867 1724 2215 1795 disponens,
2274 1738 2414 1790 eos,
2476 1726 2571 1794 qui
2640 1738 2751 1779 non
2811 1724 3129 1780 asserebant
3186 1724 3453 1795 Spiritum

1870 1816 2041 1871 Deum
2072 1858 2086 1883 ,
2152 1816 2250 1872 sed
2305 1816 2429 1875 aliis
2480 1815 2718 1871 vocibus
2776 1816 2830 1870 id
2877 1815 3281 1887 exprimebant,
3328 1830 3454 1884 qua

1867 1926 1992 1966 eum
2026 1921 2217 1981 aperte
2253 1911 2402 1965 clara
2432 1926 2569 1966 voce
2600 1908 2772 1966 Deum
2809 1910 3134 1967 intonabant
3156 1949 3174 1977 ,
3210 1910 3449 1965 invicem

1864 2004 2216 2070 conciliabat;
2270 2020 2483 2060 necnon
2531 2004 2847 2075 quomodo,
2903 2005 2994 2060 cui
3041 2019 3108 2060 ex
3173 2004 3451 2075 theologia

1866 2110 2067 2150 nomen
2102 2104 2211 2160 est,
2244 2095 2545 2166 Gregorius
2589 2096 2828 2152 similem
2884 2096 3025 2151 viam
3059 2095 3284 2151 easdem
3318 2111 3457 2167 par-

1867 2196 1949 2241 tes
1996 2186 2335 2242 conciliandi
2390 2187 2569 2243 iniens
2599 2228 2615 2253 ,
2667 2203 2847 2259 neque
2879 2186 3198 2243 Judaeorum
3233 2198 3453 2259 gentem

1863 2278 2216 2347 ejiciendum,
2272 2278 2316 2333 si
2348 2278 2563 2334 deuncti
2593 2293 2802 2343 vocem,
2837 2281 2957 2334 loco
2986 2279 3189 2335 Christi
3215 2279 3283 2334 ad
3319 2288 3457 2335 tem-

1865 2385 1969 2440 pus
1992 2371 2096 2426 sibi
2130 2374 2359 2427 concedi
2391 2372 2759 2442 postulantes,
2798 2372 2852 2426 iu
2878 2381 3130 2427 nostrum
3162 2386 3456 2427 numerum

1867 2473 2031 2533 atque
2066 2464 2315 2517 ordinem
2359 2463 2570 2519 ascribi
2608 2462 2848 2531 vellent,
2898 2462 3135 2535 longiori
3197 2478 3457 2519 sermone

1864 2564 1919 2609 et
1959 2554 2136 2624 palam
2170 2555 2632 2622 prosequebatur.
2689 2552 2815 2609 lla-c
2845 2554 3211 2626 suprapositis
3242 2553 3453 2628 addens

1866 2646 2004 2701 satis
2038 2660 2312 2714 superque
2349 2660 2475 2703 esse
2507 2660 2608 2716 pro
2640 2655 2831 2701 nostra
2861 2644 3191 2701 defensione
3224 2645 3452 2716 opinor.

1867 2739 1912 2793 si
1943 2753 2045 2793 nos
2081 2753 2147 2793 ex
2190 2736 2352 2794 Patre
2402 2752 2501 2808 per
2562 2738 2765 2794 Filium
2820 2738 3164 2795 sanctissimi
3213 2736 3455 2808 Spiritus

1814 2882 1818 2893 ,
1867 2831 2277 2901 processionem
2308 2871 2324 2897 ,
2377 2830 2517 2886 nihil
2546 2829 2771 2887 diﬂ‘erre
2800 2846 2830 2885 a
2866 2832 3139 2887 sententia
3165 2871 3180 2896 ,
3231 2846 3357 2901 qua:
3387 2827 3458 2884 ιι.

1875 2921 1987 2977 lum
2017 2937 2082 2977 ex
2118 2930 2354 2992 utroque
2386 2920 2593 2977 fatetur
2640 2922 3089 2978 demonstrantes
3141 2936 3207 2976 ex
3244 2921 3457 2990 scripto

1887 3016 2103 3069 traditis
2135 3016 2464 3071 testimoniis
2488 3056 2502 3082 ,
2533 3015 2601 3070 ad
2632 3016 3024 3071 ecclesiasticae
3064 3013 3287 3070 uni'onis
3336 3014 3455 3069 dis-

1882 3111 2257 3175 pensationem
2316 3110 2690 3179 nosmetipsos
2734 3109 3082 3173 dedidimus,
3136 3108 3301 3163 ﬁnem
3329 3122 3453 3162 ora.

1870 3199 2005 3254 tioni
2038 3200 2343 3269 imponam.
2385 3200 2494 3255 Vos
2521 3216 2688 3267 vero,
2728 3215 2762 3255 ο
2816 3200 3175 3272 patriarchae,
3211 3214 3450 3270 quorum

163 3286 363 3354 ἑαυτῇ,
418 3285 697 3356 μνήσθητε
752 3286 829 3349 ὼς
873 3287 1022 3342 ἔστιν
1071 3291 1099 3343 ὀ
1157 3289 1394 3343 δικάσων
1447 3291 1597 3360 ἡμᾶς
1653 3291 1752 3344 οὐκ

1880 3294 2018 3347 alter
2052 3293 2503 3358 Alexandrinam,
2538 3294 2673 3349 alter
2704 3294 3103 3349 Antiochenam
3142 3292 3454 3349 Ecclesiam

166 3376 370 3440 ἄλλως,
402 3376 435 3447 ἢ
490 3376 565 3440 ὠς
606 3378 927 3444 δικάζομεν,
963 3380 1057 3432 καὶ
1087 3381 1116 3433 ὁ
1156 3380 1386 3443 εὐθύνας
1435 3384 1758 3452 ἀπαιτήσων

1866 3386 2151 3441 adornatis
2172 3373 2272 3448 ,"et
2306 3401 2445 3456 quos
2480 3401 2627 3441 nunc
2676 3386 2820 3456 apud
2852 3401 2911 3441 se
2940 3385 3451 3455 Constantinopolis

162 3467 342 3536 ἡμᾶς.
380 3464 565 3530 καθὼς
610 3468 773 3537 ἡμεῖς
828 3467 921 3520 τὸν
987 3469 1219 3539 πλησίον
1267 3471 1589 3541 εύθύνομεν.
1648 3474 1758 3526 Καὶ

1867 3485 2052 3539 tenet,
2082 3476 2327 3531 reducite
2380 3476 2437 3531 in
2498 3477 2821 3533 memoriam
2856 3493 2956 3533 nos
3007 3478 3075 3533 ab
3121 3478 3230 3532 alio
3258 3477 3452 3532 eadem

166 3558 287 3635 εἴγε
335 3556 411 3627 μή
450 3556 691 3627 ἐπαχθὲς
721 3557 848 3627 ὑμῖν
900 3558 1251 3629 ἐναγομένοις
1300 3560 1433 3629 παρ’
1481 3560 1639 3631 ἡμῶν
1679 3563 1758 3624 είς

1869 3569 1987 3637 ipsa
2036 3568 2197 3622 lance
2226 3608 2241 3632 ,
2290 3583 2399 3638 qua
2453 3568 2768 3639 judicamus
2815 3568 2933 3625 fore
2978 3569 3345 3637 iudicandos,
3396 3576 3453 3623 et

166 3649 406 3713 ἔννοιαν,
451 3644 526 3701 ὧν
569 3648 814 3719 ἀκριϐῶς
864 3650 1068 3716 οἴδατε,
1121 3651 1435 3718 λογίσασθε,
1473 3652 1524 3704 τί
1572 3653 1671 3722 μὲν
1703 3656 1759 3707 at

1871 3660 2116 3715 rationes
2149 3674 2179 3714 a
2228 3659 2387 3714 nobis
2444 3660 2810 3730 reposcendas
2865 3659 3029 3715 modo
3053 3700 3067 3724 ,
3104 3674 3212 3730 quo
3247 3674 3352 3715 nos
3392 3660 3449 3713 in

167 3742 464 3795 κανονικαὶ
502 3741 770 3809 διατάξεις
802 3745 898 3797 καὶ⁵
927 3748 975 3797 ot
1008 3748 1267 3816 πατρικοὶ
1303 3747 1497 3816 θεσμοὶ
1532 3747 1757 3801 διατάτ-

1866 3751 2104 3820 proximi
2146 3762 2293 3820 gesta
2325 3751 2677 3821 inquirimus.
2733 3750 2796 3805 Et
2824 3753 2871 3805 si
2907 3768 3013 3805 non
3060 3752 3273 3806 videtur
3301 3750 3453 3805 odio-

163 3849 375 3897 τονται,
407 3832 544 3886 τίδὲ
577 3835 739 3903 ἡμεῖς
793 3837 1169 3900 ἁκανονίστως
1213 3840 1307 3892 καὶ
1345 3839 1603 3907 ἀθέσμως
1656 3857 1758 3893 πε-

1866 3859 2008 3905 sum,
2045 3859 2141 3913 per
2173 3859 2276 3898 nos
2306 3844 2461 3898 vobis
2490 3844 2543 3898 in
2583 3853 2821 3899 mentem
2855 3845 3063 3909 reduci,
3085 3859 3208 3916 qua:
3238 3845 3447 3914 optime

167 3924 467 3993 πόνθαμεν.
1858 3950 1958 4005 per
1989 3949 2087 3990 vos
2140 3936 2291 4004 ipsos
2328 3937 2545 3999 nostis,
2593 3936 2778 3990 animo
2824 3946 2876 3991 et
2930 3937 3274 4008 cogitatione
3306 3950 3445 3991 con-

170 4015 371 4070 vertite
401 4055 417 4082 ,
463 4017 594 4087 quid
629 4032 907 4072 canonum
938 4021 1364 4075 constitutiones
1389 4063 1403 4089 ,
1453 4032 1506 4077 et
1540 4021 1758 4078 Patrum
1801 4030 2016 4082 sancita
2084 4026 2442 4096 pmcipiunt;
2471 4027 2601 4096 quid
2666 4027 2798 4081 item
2846 4041 2949 4082 nos
2981 4029 3177 4097 preter
3207 4040 3447 4081 canones

165 4118 226 4165 et
251 4111 381 4181 jura
410 4115 659 4182 perpessi
696 4128 916 4167 sumus.

3303 4275 3425 4291 -.μὴ

1309 4430 1659 4566 ΤΟΥ
1732 4428 2311 4565 ΑΥΤΟΥ

315 4660 556 4722 λυποῖ.
599 4659 731 4738 ηοξ
751 4660 954 4738 ,Ἇβέἱ
968 4661 2024 4738 £111Ammﬂammma».
2045 4663 2170 4738 s1
2200 4640 3020 4738 HDEE__Aél§'A_TUEZ'-TH.
3061 4666 3194 4719 [ωε
3227 4661 3317 4721 At

700 4732 1228 4787 ΑΝΤΙΡΡΗΤΙΚΟΣ
1269 4732 1941 4790 ΕΠῘΠΛΡΕΞΗΓΗΣΕΣΙ
1994 4732 2266 4789 ΡΗΣΕΩΝ
2299 4734 2509 4790 ΤΙΝΩΝ
2545 4732 2913 4791 ΓΡᾸΦΙΚΩΝ.

1454 5038 2177 5170 EJUSDEM

169 5273 519 5360 0114110,
582 5278 881 5360 9mm
943 5275 2001 5360 SECUEQQMAPOLOGETICA
2042 5278 2725 5360 Apttodtnmsrtru
2797 5283 2961 5360 QUA
3033 5283 3447 5350 AFFECTUS

255 5355 445 5428 EST,
517 5359 825 5421 ΡΑΒἹῚΜ
900 5356 1507 5421 ANTIBRHETICA
1586 5359 1695 5417 AD
1756 5357 2074 5419 PRAVAS
2156 5357 2755 5424 EXPOSITIONES
2823 5355 3446 5428 NONNULLARUM

254 5434 600 5498 SCRIPTO
658 5436 1195 5499 TRADITARUM
1239 5435 1899 5501 AUCTORITATUM.

258 5766 331 5825 α’.
363 5767 445 5822 Τὰ
480 5768 582 5839 μὶν
609 5762 703 5823 οὖν
730 5766 815 5835 ἔφ’
852 5762 935 5831 οἷς
985 5766 1187 5830 ἀδίκως
1232 5767 1328 5822 τοῦ
1355 5767 1565 5823 οἰκείου
1596 5767 1763 5837 ἡμεῖς

1942 5761 2001 5815 1.
2056 5761 2166 5817 Res
2204 5760 2398 5832 itaque
2426 5801 2441 5827 ,
2503 5776 2606 5834 pro
2659 5764 2865 5835 quibus
2906 5766 3111 5838 injuste
3158 5784 3261 5827 nos
3304 5771 3448 5829 solio

182 5857 549 5933 ἀπηλάθημεν
569 5856 763 5929 θρόνου
814 5859 873 5912 εν
909 5856 1146 5921 τούτοις,
1178 5857 1237 5912 ὲν
1291 5851 1373 5922 οἷς
1429 5857 1645 5927 καὶούκ
1683 5856 1761 5921 ὡς

1868 5851 2015 5927 pulsi
2046 5866 2261 5919 sumus,
2296 5858 2444 5909 hunc
2478 5854 2535 5909 in
2570 5855 2793 5913 modum
2832 5856 2894 5915 se
2939 5860 3200 5928 habuere,
3233 5864 3286 5921 in
3317 5868 3448 5938 qui-

181 5952 281 6024 τὴν
310 5951 597 6006 εὐσέϐειαν
632 5949 1000 6020 προδιδόντες,
1040 5948 1152 6004 οὐδ’
1189 5949 1267 6014 ὡς
1313 5950 1423 6007 τῶν
1464 5945 1759 6015 Ῥωμαίων

1871 5948 1978 6002 bus
2004 5960 2117 6006 non
2165 5946 2247 6003 uti
2284 5946 2507 6017 pietatis
2554 5950 2902 6020 proditores,
2953 5969 3131 6024 neque
3162 5955 3240 6013 uti
3293 5952 3448 6016 Gra-

435 6043 709 6104 Ριτιιοι..
747 6041 866 6103 Gtt.
926 6040 1142 6104 CXLI.

2028 6050 2029 6053 “
3051 6047 3124 6111 81
