4150 6454
707 352 812 414 983

1742 363 1954 428 JOAN.
1994 368 2211 430 VECCI
2251 371 2361 434 ΕΡ.
2404 373 2919 439 PATRIARCHB

3875 381 3977 450 98i

708 468 1002 536 prudentia
1045 469 1397 531 obscuretur.
1442 474 1714 545 Quoniam
1765 494 1896 536 vero
1939 481 2292 539 nihilominus

2402 505 2553 556 κριν,
2583 489 2835 561 ἐφεῦρον,
2887 493 2967 555 είς
3001 491 3284 564 ἀναίρεσιν
3307 496 3449 566 τάχα
3503 495 3605 566 τῆς
3627 494 3700 548 δι’
3728 493 3864 549 Υίοῦ
3916 496 3975 547 ix

707 559 999 622 prudentes
1024 575 1176 625 sunt.
1219 565 1310 621 diu
1348 583 1561 625 mecum
1603 570 1965 643 multumque.
1994 589 2290 644 suspensas

707 649 879 705 habeo
931 655 1210 722 rationes,
1265 659 1538 716 undenam
1563 663 1762 720 similis
1811 669 1978 721 sortis
2041 669 2291 727 homines

705 744 837 797 moti
861 747 1181 813 perradendi
1209 750 1503 809 dictionem
1535 755 1932 822 adinvenerint,
1965 760 2031 814 ad
2060 761 2292 817 sanctis-

709 836 835 891 simi
871 848 924 892 et
949 842 1079 897 vita:
1107 843 1372 915 principis
1408 844 1647 916 Spiritus
1679 864 1742 905 ex
1778 851 1935 907 Patre
1964 869 2059 924 per
2090 851 2286 909 Filium

701 931 1051 987 essentialcm
1115 936 1493 993 exsistentiam
1559 941 1946 998 destruendam
1981 983 1998 1008 ,
2053 953 2106 999 et
2161 961 2286 1001 cum

701 1022 875 1075 multa
909 1025 1186 1082 curiosius
1216 1029 1494 1097 examino,
1530 1031 1748 1086 tandem
1795 1043 2134 1105 anteceptam
2168 1037 2288 1090 ani-

699 1128 791 1167 mo
832 1116 1146 1184 opinionem
1202 1121 1462 1177 similium
1499 1123 1871 1180 inventionum
1913 1143 2134 1182 causam
2167 1143 2288 1184 esse
2322 1137 2349 1162 '

699 1206 959 1273 i‘ijndieo.
1025 1209 1087 1266 Et
1147 1214 1426 1282 quodnam
1471 1217 1632 1271 aliud
1685 1232 1715 1272 a
1782 1228 1932 1273 recto
1986 1235 2289 1289 securoque

695 1295 905 1365 judicio
933 1316 1178 1371 unquam
1211 1307 1470 1360 aberrare
1519 1306 1684 1365 faciet
1716 1309 1984 1376 animum,
2021 1311 2112 1382 qui
2153 1312 2288 1367 alias

700 1390 999 1456 prudenter
1051 1393 1120 1450 de
1149 1391 1521 1454 incidentibus
1559 1399 1822 1468 judicium
1877 1399 2019 1455 ferre
2064 1399 2288 1469 potest?

699 1477 769 1532 Et
814 1481 978 1552 hujus
1011 1486 1240 1557 signum
1264 1491 1636 1546 certissimum
1669 1502 1775 1555 est,
1800 1494 1948 1563 quod
1992 1508 2099 1548 non
2141 1493 2286 1562 apud

700 1571 918 1642 aliquos
943 1575 1047 1631 hoc
1083 1577 1269 1644 modo,
1303 1583 1447 1652 apud
1490 1582 1630 1640 alios
1653 1599 1780 1639 vero
1804 1584 1937 1648 alio,
1968 1585 2034 1640 de
2057 1586 2286 1639 dissidio

699 1662 1023 1723 Latinorum
1067 1681 1230 1741 atque
1279 1672 1595 1731 Graecorum
1635 1688 1855 1747 propter
1898 1692 1985 1732 res
2020 1677 2282 1732 ecclesia-

699 1759 868 1815 sticas
894 1763 1234 1829 enuntiatur,
1269 1767 1362 1820 sed
1399 1766 1543 1838 apud
1589 1784 1780 1824 omnes
1828 1783 1937 1823 uno
1962 1783 2058 1823 ore
2087 1767 2286 1824 asseri-

2399 581 2614 652 [ἰατρὸς
2643 582 2945 644 οὑσιὼδους
2974 584 3268 655 ὑπάρξεως
3295 585 3390 640 τοῦ
3427 585 3697 654 παναγίου
3743 585 3838 639 καὶ
3871 583 3979 649 ζω-

2394 670 2625 740 αρχικοῦ
2679 673 3020 742 Πνεύματος.
3075 675 3254 729 Πολλὰ
3297 676 3354 729 δὲ
3376 675 3466 729 τὸν
3503 677 3632 747 περὶ
3661 675 3856 729 τούτου
3889 693 3983 729 πο-

2392 763 2800 836 λυπραγμονῶν
2863 767 3044 836 λόγον,
3097 769 3253 838 μόλις
3300 770 3362 823 τὸ
3422 769 3980 841 προκατειλημμένον

2391 859 2458 930 τῇ
2514 857 2642 930 δόξῃ
2703 859 2879 914 αἴτιον
2906 857 3048 914 εἶναι
3095 860 3206 916 τῶν
3255 861 3518 915 τοιούτων
3577 859 3981 930 ἐφευρημᾶτων

2388 948 2758 1018 διαγινώσκω.
2793 951 2903 1004 Καὶ
2933 951 2986 1005 τί
3011 955 3122 1024 γὰρ
3153 952 3283 1008 ἄλλο
3313 954 3412 1024 τῆς
3440 952 3716 1022 ἀσφαλοῦς
3739 951 3978 1019 διαγνώ-

2391 1056 2531 1101 σεως
2558 1041 2950 1107 ἀποπλανήσει
2981 1043 3114 1094 ποτὲ
3157 1042 3358 1113 ψυχὴν,
3403 1042 3645 1106 συνετῶς
3672 1041 3979 1110 διακρίνειν

2387 1129 2457 1181 τὰ
2481 1127 2944 1199 παρεμπίπτοντα
2957 1131 3267 1202 δυναμένην
3298 1149 3313 1196 ;
3349 1133 3459 1185 Καὶ
3483 1132 3678 1185 τούτου
3710 1131 3981 1200 ἐχέγγυον

2389 1219 2626 1287 ἀσφαλὲς
2649 1219 2758 1290 ἔχω
2786 1221 2845 1273 τὸ
2865 1221 2942 1291 μὴ
2961 1221 3111 1292 παρὰ
3144 1223 3244 1294 μὲν
3266 1222 3567 1288 τοϊςοῦτω,
3601 1223 3753 1291 παρά
3771 1221 3829 1274 δὲ
3863 1224 3980 1282 τοῖς

2387 1312 2532 1366 οὕτω
2554 1314 2652 1383 τὴν
2693 1313 2788 1366 ἐπὶ
2836 1317 2946 1377 τοῖς
2975 1314 3457 1385 ἐκκλησιαστικοῖς
3493 1313 3801 1383 λογίζεσθαι
3822 1311 3983 1378 Γραι-

2387 1404 2501 1457 κῶν
2540 1404 2633 1455 καὶ
2671 1401 2918 1456 Λατίνων
2963 1404 3268 1469 διάστασιν,
3303 1405 3456 1476 παρά
3490 1404 3546 1457 δὲ
3579 1405 3743 1459 πᾶσιν
3775 1401 3969 1464 ἁπλῶς

2389 1496 2503 1548 ἴσον
2534 1493 2846 1560 λογίζεσθαι
2887 1494 2986 1563 τῆς
3023 1495 3315 1561 εὐσεϐείας
3368 1497 3645 1557 ἐκπεσεῖν,
3673 1497 3771 1550 καὶ
3811 1495 3977 1549 Λατί-

2387 1603 2508 1650 νους
2534 1587 2707 1640 εἰπεῖν
2727 1586 2994 1642 εὐσεϐεῖν.
3021 1587 3293 1641 Τοσοῦτον
3321 1591 3431 1658 γὰρ
3461 1589 3520 1642 τὺ
3547 1587 3643 1642 τοῦ
3678 1587 3980 1659 σχίσματος

2386 1680 2599 1750 χρόνιον
2620 1679 2717 1749 τὴν
2736 1679 2932 1744 ἄλογον
2953 1678 3158 1748 ταύτην
3183 1679 3521 1749 ὲπεκράτυνε
3540 1679 3715 1744 δόξαν,
3735 1677 3812 1742 ὥς
3828 1697 3978 1743 τινας

2397 1770 2518 1840 περὶ
2576 1771 2947 1834 συνελεύεεως
2977 1769 3376 1841 ἢδιαστάσεως
3425 1771 3593 1841 ἄλλης
3649 1768 3974 1840 ἡστινοσοῦν

697 1863 809 1916 ιιιτ,
847 1852 1037 1908 eadem
1096 1855 1149 1909 in
1191 1856 1344 1912 lance
1382 1873 1528 1925 esse,
1559 1875 1586 1912 a
1646 1861 1846 1929 pietate
1874 1859 2202 1922 abscedere,
2233 1869 2289 1916 et

2394 1861 2680 1923 διαθέσεως
2710 1861 2965 1916 Λατίνων
3012 1862 3107 1914 καὶ
3149 1861 3402 1931 Γραικῶν
3432 1864 3608 1915 εἰπεῖν
3663 1860 3971 1932 βούλεσθαι.

701 1941 929 1998 Latinos
981 1946 1239 2015 pietatem
1308 1949 1490 2004 colere
1541 1967 1876 2006 asseverare.
1931 1953 2285 2008 Intervallum

2394 1955 2485 2006 xui
2517 1954 2697 2020 λέγειν
2717 1952 2794 2016 ὼς
2816 1952 3145 2023 Χριστιανός
3176 1969 3261 2016 τις
3311 1955 3406 2006 καὶ
3429 1953 3659 2014 Λατῖνος
3690 1951 3896 2015 οὕτως.
3943 1950 3972 2020 ἦ

700 2037 974 2106 siquidem
1028 2040 1344 2096 schismatis
1380 2043 1516 2097 adeo
1551 2043 1771 2114 longum
1825 2059 2083 2101 vesanam
2141 2046 2285 2104 hanc

2394 2044 2512 2099 τόδε
2569 2045 2603 2116 ἢ
2647 2044 2769 2098 τόδε
2810 2044 2948 2116 πρὸς
2976 2044 3245 2116 ἀλλήλους
3303 2040 3481 2110 εἶπον,
3527 2042 3974 2115 ἢδιεπράξαντο.

698 2129 1010 2198 opinionem
1089 2134 1491 2199 corroboravit,
1532 2145 1592 2189 ut
1662 2137 1885 2206 quidam
1937 2154 2062 2195 cum
2119 2139 2186 2194 de
2217 2152 2519 2206 congressu
2558 2145 2724 2206 atque
2776 2136 3032 2201 dissidio,
3109 2137 3197 2192 vel
3247 2137 3433 2207 aliqua
3500 2138 3604 2192 alia
3651 2137 3885 2200 actione,
3924 2134 3974 2186 iu

697 2223 899 2290 quibus
934 2226 1166 2284 Latinus
1197 2239 1248 2283 et
1295 2228 1522 2284 Graecus
1596 2232 1953 2299 conveniunt,
2006 2249 2312 2291 sermonem
2357 2235 2576 2298 habent,
2634 2234 2716 2288 sic
2771 2232 3171 2301 pronuntient,
3231 2231 3582 2288 Christianus
3652 2231 3878 2302 quidam
3913 2240 3967 2286 et

699 2313 929 2374 Latinus
962 2320 1104 2375 hunc
1139 2319 1224 2374 vel
1282 2319 1335 2373 in
1374 2321 1523 2376 hunc
1573 2323 1793 2378 modum
1819 2362 1834 2389 ,
1896 2326 1998 2381 hoc
2033 2327 2116 2380 vel
2148 2327 2277 2381 illud
2320 2329 2462 2382 inter
2519 2343 2579 2383 se
2615 2326 2868 2382 collocuti
2903 2336 3032 2382 sunt
3059 2336 3158 2382 aut
3199 2337 3551 2397 peregerunt.

771 2412 862 2467 10.
892 2412 1121 2480 Quando
1151 2415 1318 2485 igitur
1355 2432 1550 2473 omnes
1600 2419 1773 2473 nostri
1818 2422 2001 2475 animo
2034 2423 2107 2475 ita
2143 2436 2283 2490 pra:-

701 2507 952 2572 occupati
982 2518 1136 2573 sunt,
1167 2515 1224 2561 ut
1273 2509 1341 2563 ad
1375 2508 1739 2564 dill‘erentiam
1769 2511 2072 2567 Christiani
2104 2511 2280 2566 Latini

703 2613 902 2653 nomen
956 2609 1148 2656 contra
1193 2610 1496 2671 Opponant,
1527 2603 1657 2672 quid
1703 2603 1774 2657 ibi
1801 2619 2028 2673 prorsus
2068 2605 2287 2673 excogi-

701 2691 808 2744 tari
861 2693 1064 2762 poterit
1089 2693 1223 2748 satis
1246 2693 1311 2748 ad
1349 2705 1614 2763 utrasque
1644 2703 1827 2764 partes
1863 2694 2287 2750 conciliandas?

699 2785 842 2852 Quid
874 2801 1004 2838 vero
1029 2785 1144 2838 haec
1176 2785 1400 2854 profero
1427 2786 1494 2841 de
1527 2787 1615 2850 iis,
1645 2790 1739 2856 qui
1766 2786 1962 2841 similia
1997 2796 2050 2840 et
2078 2788 2280 2851 dicere,

700 2888 756 2930 et
787 2877 1068 2947 inquirere
1123 2878 1234 2944 apti
1291 2886 1441 2942 sunt,
1481 2878 1570 2931 ubi
1618 2887 1673 2932 et
1725 2878 1981 2932 mulieres
2023 2887 2078 2932 et
2128 2879 2285 2946 pueri

704 2971 886 3023 adhuc
922 2969 974 3022 in
1015 2969 1285 3040 gynmceis
1338 2970 1718 3033 immorantes,
1765 2978 1818 3025 et
1852 2971 1980 3030 viri,
2011 2970 2104 3039 qui
2143 2969 2284 3023 nihil

702 3073 898 3131 praeter
922 3060 1270 3131 agriculturae
1301 3069 1357 3115 et
1385 3061 1510 3114 vilis
1568 3060 1804 3130 alicujus
1838 3059 2053 3114 artiﬁcii
2099 3060 2282 3114 scien-

2469 2429 2521 2476 ι’.
2549 2421 2728 2478 Ὅπου
2754 2420 2886 2487 γοῦν
2919 2421 2978 2485 ἐς
3008 2419 3266 2474 τοσοῦτον
3295 2421 3514 2485 πάντως
3551 2421 3659 2474 τῶν
3693 2421 3978 2493 ἡμετέρων

2393 2516 2950 2588 προκατελὴφθησαν,
2994 2515 3072 2579 ὡς
3098 2517 3179 2578 εἰς
3207 2514 3500 2584 διαστολὴν
3531 2514 3866 2584 Χριστιανοῦ
3914 2515 3976 2567 τὸ

2393 2606 2487 2659 τοῦ
2549 2607 2783 2660 Λατίνου
2842 2606 3162 2674 λογίζεσθαι
3221 2605 3419 2676 ὄνομα.
3461 2603 3514 2657 τί
3566 2604 3632 2658 ἂν
3683 2604 3820 2665 ὅλως
3860 2605 3974 2658 ἐκεῖ

2391 2699 2668 2767 λογισθείη
2706 2699 2845 2769 πρὸς
2869 2697 3220 2768 καταλλαγὴν
3254 2699 3362 2750 τῶν
3411 2695 3739 2768 ἀμφοτέρων
3795 2697 3976 2767 μερῶι

2393 2790 2616 2854 ίκανόνς
2648 2789 2759 2843 Καὶ
2792 2791 2844 2841 τί
2874 2789 3022 2861 λέγω
3061 2787 3194 2860 περὶ
3237 2786 3464 2841 τοιαῦτα
3517 2788 3696 2855 λέγειν
3722 2790 3818 2840 καὶ
3879 2787 3979 2854 ξη-

2393 2882 2508 2932 τεῖν
2554 2880 2746 2944 ἀξίων,
2770 2881 2904 2935 ὅπου
2931 2881 3027 2933 καὶ
3055 2880 3316 2947 γυναῖκες
3351 2878 3444 2930 καὶ
3491 2878 3704 2941 παῖδες,
3737 2876 3820 2930 ἔτι
3845 2879 3977 2947 περὶ

2357 2953 2374 2970 χ
2393 2975 2494 3042 τὴν
2519 2973 2909 3041 γυναικωνῖτιν
2936 2971 3432 3041 ἀναστρεφόμενοι,
3465 2972 3560 3024 καὶ
3622 2969 3816 3040 ἄνδρες
3865 2971 3975 3023 τῶν

2393 3066 2532 3128 ὅλως
2571 3064 2726 3118 οὐδὲν
2760 3064 3072 3134 γεωργικοῦ
3104 3063 3321 3136 ἦᾶλλου
3349 3064 3496 3128 τινὸς
3537 3064 3812 3136 βαναύσου
3861 3062 3973 3134 βίου

705 3157 777 3208 tia
813 3154 1036 3223 pollent,
1090 3153 1144 3208 in
1182 3153 1423 3207 maximo
1464 3153 1672 3208 scelere
1708 3162 1937 3221 ponunt,
1983 3161 2036 3208 et
2068 3153 2133 3206 de
2167 3152 2277 3206 cri-

2394 3157 2551 3210 πλέον
2583 3157 2805 3211 είδίτων
2868 3155 3114 3226 μεγάλου
3151 3156 3499 3228 ἐγκλήματος
3555 3157 3826 3227 κρίνουσι,
3849 3153 3975 3217 τοὺς

703 3246 853 3300 mine
899 3261 996 3300 eos
1057 3255 1347 3310 accusant,
1395 3244 1488 3314 qni
1523 3245 1607 3298 vel
1663 3244 1876 3299 hiscere
1935 3243 2157 3306 audent,
2217 3241 2286 3297 ad

2395 3250 2591 3321 μικρὸν
2644 3249 2778 3318 γοῦν
2824 3266 2880 3302 τι
2950 3248 3272 3320 τολμῶντας
3323 3248 3635 3320 ὑπογρύξαι
3699 3249 3837 3321 πρὸς
3878 3246 3975 3316 τὴν

703 3338 1132 3394 ecclesiasticam
1163 3351 1351 3408 pacein
1388 3336 1865 3406 comprobandum
1892 3337 1914 3390 ’ί
1945 3335 2103 3402 Quod
2134 3335 2282 3390 enim

2394 3340 2488 3410 τῆς
2553 3342 3023 3413 ἑκκλησιαστικῆς
3079 3343 3328 3412 είρήνηςξ
3380 3340 3733 3405 συναίνεσιν;
3788 3341 3968 3406 Ὅπερ

707 3434 848 3485 inter
886 3439 1108 3484 sanctos
1155 3430 1208 3483 in
1247 3427 1574 3498 theoIOgicis
1597 3428 2024 3500 scientissimum
2085 3426 2286 3495 reperi,

706 3523 1033 3595 Gregorium
1063 3560 1080 3588 ,
1136 3522 1383 3589 inquam,
1435 3518 1742 3592 Nyssenum
1773 3561 1791 3585 ,
1853 3520 1920 3576 de
1964 3519 2284 3575 exsisteutia

707 3617 829 3672 Filii
860 3617 977 3682 Dei,
1021 3630 1142 3684 qua:
1168 3630 1230 3668 ea
1265 3623 1424 3669 aetate
1457 3615 1511 3668 in
1550 3615 1925 3671 controversia
1955 3624 2071 3669 erat
2102 3615 2291 3669 dicen-

710 3720 816 3762 tem
853 3724 865 3759 :
905 3707 1048 3760 Abiit
1098 3708 1361 3776 quispiam
1395 3709 1447 3760 in
1484 3705 1772 3774 balineum,
1806 3724 1910 3761 non
1939 3707 2200 3776 quomodo
2226 3720 2290 3760 ea:

709 3800 915 3853 balineo
948 3798 1203 3852 Dominus
1245 3814 1372 3852 suus
1408 3798 1694 3852 utilitatem
1733 3799 1934 3868 capiat,
1988 3801 2184 3870 discere
2210 3800 2292 3852 in-

706 3893 893 3962 quirit,
944 3892 1034 3945 sed
1068 3909 1135 3944 an
1167 3907 1230 3945 ex
1261 3893 1349 3955 iis,
1398 3906 1516 3961 quae
1549 3908 1654 3944 non
1693 3903 1835 3958 sunt,
1870 3909 1938 3946 an
1975 3909 2096 3947 vero
2129 3907 2194 3947 ea:
2221 3893 2290 3949 iis

708 4004 827 4056 qua:
859 3995 1004 4051 sunt,
1034 3983 1214 4039 Filius
1244 3985 1335 4049 sit,
1368 3986 1683 4055 interrogat.
1720 3985 1864 4039 Abiit
1907 3988 2047 4042 alius
2075 3987 2131 4041 in
2173 4005 2291 4042 ma-

712 4079 927 4143 cellum,
975 4087 1025 4133 et
1079 4095 1182 4130 non
1234 4089 1496 4148 quantum
1551 4078 1618 4131 ait
1675 4078 1824 4130 illius
1859 4080 2112 4145 pretium,
2149 4080 2291 4148 quod

710 4175 892 4228 canale
937 4173 1271 4242 proponitur,
1318 4173 1558 4240 indagat,
1609 4171 1701 4224 sed
1737 4173 2076 4240 qurertiouem
2123 4173 2184 4225 de
2226 4173 2290 4224 iis

710 4279 829 4334 qua:
855 4274 997 4329 sunt,
1027 4275 1074 4317 et
1108 4263 1172 4315 de
1204 4263 1269 4314 iis
1296 4277 1412 4330 qua:
1443 4278 1548 4314 non
1579 4271 1697 4316 sunt
1726 4277 1840 4313 cum
1870 4262 1957 4321 iis,
1988 4261 2078 4327 qui
2109 4260 2181 4312 ibi
2216 4275 2294 4312 re-

2392 3433 2503 3503 γὰρ
2549 3434 2640 3486 τὸν
2684 3434 2743 3488 ἐν
2779 3432 2960 3501 ἁγίοις
2988 3429 3456 3500 θεολογικώτατον
3493 3423 3678 3501 εὗρον,
3709 3431 3798 3484 τὸν
3828 3430 3976 3484 Νυσ-

2395 3539 2492 3592 οης
2543 3521 2688 3590 λέγω
2719 3522 3048 3594 Γρηγόριον,
3082 3522 3338 3593 περὶτῆς
3390 3520 3525 3575 κατ’
3567 3524 3746 3575 ἐκεῖνο
3783 3520 3975 3589 καιροῦ

2391 3615 2855 3683 λογοποιούμενον
2884 3613 3176 3684 ὑπάρξεως
3237 3614 3335 3668 τοῦ
3387 3612 3517 3667 Υίοῦ
3573 3612 3669 3666 τοῦ
3711 3612 3848 3666 Θεοῦ
3895 3611 3979 3665 λέ-

2391 3726 2557 3778 γοντα
2575 3725 2590 3740 '
2625 3700 2783 3772 οὗτος
2809 3709 2941 3780 γὰρ,
2957 3706 3222 3775 Ἀπῆλθέ
3239 3724 3329 3773 τις
3353 3708 3422 3774 ἐς
3432 3706 3792 3772 βαλανεῖον,
3812 3705 3973 3775 φησι,

2393 3801 2494 3856 καί
2541 3803 2656 3872 οὐχ
2680 3802 2844 3869 ὅπως
2872 3801 2997 3866 ἕξει
3033 3801 3359 3869 θεραπείαν
3383 3803 3414 3853 ὀ
3440 3800 3660 3867 Κύριος
3689 3796 3882 3852 αὑτοῦ
3905 3797 3974 3850 ἐκ

2393 3893 2501 3949 τοῦ
2541 3894 2857 3960 βαλανέως
2889 3893 3106 3964 μαθεῖν
3151 3891 3412 3955 ἀπαιτεῖ,
3457 3893 3593 3946 ἀλλ’
3618 3894 3672 3945 sl
3695 3891 3765 3954 ἐξ
3789 3891 3980 3946 ὄντων

2394 3985 2433 4055 ἢ
2455 3985 2524 4051 ἐξ
2546 3988 2660 4041 οὐκ
2687 3985 2880 4040 ὄντων
2907 3989 2938 4040 ό
2965 3989 3119 4052 Υίος,
3144 3984 3352 4055 ἐρωτᾷ.
3382 3985 3489 4038 Καὶ
3524 3983 3764 4051 ἀπῆλθέ
3804 4000 3894 4049 τις
3914 3982 3980 4049 ἐς

2391 4079 2513 4147 τὴν
2522 4077 2868 4147 μακέλλην,
2893 4077 2992 4132 καί
3017 4077 3155 4145 οὐχί
3175 4077 3376 4130 πόσον
3399 4074 3631 4144 τιμᾶται
3663 4091 3739 4128 το
3756 4073 3850 4129 ἐπ’
3870 4077 3975 4129 αὐ-

2395 4170 2507 4239 τῆς
2537 4171 2967 4239 προτιθέμενον
2982 4168 3182 4234 ῶνιον,
3201 4167 3593 4236 λογοπρατεῒ,
3613 4167 3775 4222 ἀλλὰ
3804 4167 3871 4222 τὸ
3907 4167 3979 4232 ἐξ

2396 4261 2590 4314 ὄντων
2608 4260 2705 4314 καί
2720 4260 2790 4324 ἐξ
2818 4262 2930 4314 οὐκ
2952 4257 3145 4312 ὄντων
3168 4260 3256 4324 εις
3273 4256 3528 4330 ζήτησιν
3539 4257 3690 4325 μετὰ
3718 4255 3837 4310 τῶν
3857 4255 3984 4310 ἐκεῖ

710 4358 1006 4425 perimitur,
1046 4365 1257 4417 movet;
1294 4354 1400 4407 hoc
1448 4353 1612 4408 etiam
1667 4369 1812 4407 nunc
1859 4353 1910 4405 in
1945 4352 2200 4405 omnibus
2240 4357 2292 4404 el

2396 4349 2848 4422 εὑρισκομένων
2874 4349 3215 4418 προτίθεται
3240 4365 3255 4380 ’
3289 4348 3450 4403 τοῦτο
3476 4349 3572 4401 καὶ
3607 4347 3700 4400 νῦν
3747 4351 3804 4400 ὲν
3841 4349 3975 4400 πᾶσι

711 4463 810 4516 per
838 4445 1018 4499 omnia
1059 4443 1168 4498 fere
1203 4443 1388 4513 peragi
1421 4444 1723 4512 comperio,
1757 4451 1808 4496 et
1846 4443 1996 4510 pueri
2051 4442 2104 4494 in
2149 4442 2291 4496 ludis

2398 4445 2493 4498 καὶ
2530 4443 2617 4498 διά
2650 4445 2872 4498 πάντων
2903 4442 3095 4512 σχεδὸν
3119 4440 3365 4512 εὑρίσκω
3387 4442 3693 4510 γινόμενον,
3724 4438 3822 4492 καὶ
3851 4440 3977 4492 παῖ-

711 4536 1023 4601 litterariis,
1058 4544 1111 4589 et
1149 4535 1406 4589 mulieres
1445 4535 1500 4589 in
1536 4524 1878 4590 comictibus
1909 4533 2051 4588 inter
2093 4548 2151 4587 se
2184 4531 2288 4588 l‘usi

2395 4537 2484 4600 δες
2526 4537 2627 4601 μὲν
2661 4536 2717 4598 ἐς
2744 4534 3115 4592 διδασκαλεῖα,
3149 4533 3410 4599 γυναῖκες
3436 4530 3496 4583 δὲ
3531 4532 3588 4581 ἐν
3624 4523 3714 4592 αίς
3757 4527 3974 4582 ποιοῦν-

716 4631 933 4698 colique
995 4628 1190 4698 gratia,
1247 4641 1462 4681 necnon
1515 4627 1771 4695 agricolae
1820 4626 2114 4694 canorique
2173 4624 2290 4688 alii,

714 4725 918 4777 vilibus
945 4722 1196 4778 artilieiis
1233 4721 1457 4786 adlieti,
1488 4736 1659 4774 unum
1716 4720 1878 4788 idque
1919 4719 2073 4788 prius
2105 4729 2158 4772 et
2194 4733 2295 4788 po-

718 4818 826 4871 tius
879 4815 1104 4879 habent,
1156 4813 1466 4881 diiudicare
1509 4822 1564 4867 et
1621 4813 1898 4880 inquirere
1943 4811 2009 4864 de
2064 4812 2153 4874 iis,
2201 4810 2296 4880 qui

716 4907 979 4977 Spiritum
1034 4921 1098 4958 ex
1159 4904 1296 4958 Filio
1351 4904 1663 4959 adstruunt.
1714 4903 1925 4969 Quibus
1983 4906 2166 4973 itaque
2215 4911 2295 4968 ιιι,

715 5016 880 5071 quem
912 4999 1087 5051 oratio
1115 4992 1357 5066 iudicem
1403 4996 1642 5066 appellat
1695 5005 1751 5049 et
1798 4996 2160 5062 cognitorem,
2194 5007 2298 5048 nos

719 5073 1008 5160 subiacere
1061 5089 1326 5159 opinaris,
1393 5090 1483 5157 qni
1543 5103 1574 5140 a
1619 5087 1942 5142 mulieribus
1993 5095 2048 5142 et
2091 5085 2297 5155 pueris,

720 5187 940 5255 alioque
973 5184 1234 5238 similium
1275 5181 1704 5235 liomuncionum
1738 5194 1935 5252 genere
1978 5178 2031 5230 in
2067 5191 2297 5231 examen

722 5294 1006 5339 vocamur,
1035 5275 1178 5345 quod
1211 5275 1468 5328 Romana:
1496 5281 1740 5327 nostram
1776 5269 2078 5326 Ecclesiam
2117 5269 2302 5324 conci-

721 5371 858 5423 liare
911 5382 1200 5430 conamur,
1234 5376 1287 5420 et
1316 5366 1384 5420 ab
1430 5379 1518 5427 eo,
1550 5365 1696 5434 quod
1747 5377 1844 5433 par
1879 5370 1986 5424 est,
2017 5376 2086 5416 ne
2130 5359 2300 5414 hilum

724 5463 946 5532 quidem
980 5461 1243 5515 decedere
1275 5467 1555 5528 putamus,
1609 5457 1734 5510 licet
1779 5454 1855 5509 illi
1884 5454 2092 5519 dicant,
2126 5451 2302 5522 Spiri-

723 5567 839 5610 tum
882 5570 946 5608 ex
976 5553 1136 5607 Patre
1190 5562 1242 5604 ct
1271 5551 1409 5606 Filio
1452 5551 1769 5620 procedere,
1803 5547 1975 5601 nostri
2010 5561 2163 5608 vero,
2210 5545 2300 5614 qui

725 5663 820 5702 res
854 5645 1188 5714 tln-ologicas
1230 5651 1605 5697 tractaverunt
1658 5641 1831 5697 sancti
1863 5640 2072 5704 Patres,
2106 5654 2170 5692 ex
2203 5638 2302 5691 Pa-

723 5747 808 5794 tre
851 5747 906 5793 et
952 5736 1091 5791 Filio
1139 5752 1262 5790 eum
1313 5750 1616 5807 emergere,
1668 5743 1929 5805 praeterea
1978 5731 2180 5787 ell'unili
2248 5741 2302 5785 et

723 5829 965 5893 exsilire,
995 5828 1274 5884 nonnullis
1304 5828 1465 5883 etiam
1499 5829 1552 5882 in
1582 5827 1741 5895 locis,
1774 5825 2096 5882 naturaliter
2131 5835 2184 5881 ct
2213 5841 2302 5881 es-

2399 4646 2488 4683 ται
2517 4628 2912 4699 συνδιαγωγαῖς
2941 4625 3060 4694 μετ’
3087 4623 3335 4694 ἀλλήλων
3360 4623 3640 4691 ἠλακάτης
3693 4622 3857 4676 ἕνεκα
3884 4623 3976 4675 καὶ

2399 4721 2694 4787 ἀτράκτου,
2730 4717 2885 4771 ἔτιδὲ
2918 4717 3158 4786 γεωργοὶ
3179 4717 3274 4769 καὶ
3322 4715 3454 4769 ἄλλο
3479 4715 3587 4767 πᾶν
3617 4715 3802 4768 ὁτιοῦν
3843 4731 3975 4784 μετ-

2402 4813 2574 4874 ιόντες
2637 4811 2902 4880 βάναυσον
2949 4807 3310 4878 ἐπιτήδευμα,
3344 4804 3401 4858 ἓν
3439 4799 3588 4860 οὗτοι
3622 4806 3824 4866 πάντες
3871 4804 3978 4857 τῶν

2407 4903 2549 4974 μετά
2581 4903 2770 4971 χεῖρας
2794 4899 3035 4953 τίθενται
3068 4897 3530 4968 προύργιαίτερον
3555 4895 3617 4947 τὺ
3666 4894 3978 4965 ἀνακρίνειν

2401 4995 2496 5050 καὶ
2526 4993 3010 5063 πολυπραγμονεῖν
3033 4991 3163 5060 περὶ
3183 4989 3292 5042 τῶν
3312 4986 3491 5069 ὲκθτοῦ
3515 4987 3646 5040 Υίοῦ
3666 4989 3727 5040 τὸ
3755 4986 3971 5060 Πνεῦμα

2405 5081 2546 5140 εἶναι
2581 5085 2872 5152 λεγόντων.
2902 5082 2968 5136 Τί
2999 5081 3093 5134 οὖν
3127 5081 3214 5146 σὺ,
3255 5081 3314 5133 ὃν
3366 5081 3393 5132 ὁ
3425 5077 3620 5147 παρὼν
3652 5079 3784 5149 ἐμὸς
3827 5077 3976 5144 λόγος

2406 5183 2486 5243 εἰς
2522 5177 2781 5247 δικαστὴν
2813 5175 3197 5246 προκαλεῖται,
3229 5174 3323 5227 καὶ
3347 5170 3718 5241 διαγνώμονα,
3750 5171 3974 5240 πάσχειν

2407 5274 2555 5344 ἡμᾶς
2583 5271 2707 5337 οἴει,
2756 5270 2862 5324 ὑπὸ
2893 5267 3194 5337 γυναικῶν,
3221 5268 3319 5320 καὶ
3369 5266 3598 5328 παίδων,
3657 5264 3755 5317 καὶ
3812 5263 3976 5318 ἄλλων

2407 5366 2669 5418 τοιούτων
2719 5361 3188 5428 ἀνακρινομένους
3264 5355 3691 5427 ἀνθρωπαρίων,
3762 5356 3848 5424 ἐφ’
3900 5350 3976 5413 οἷς

2409 5457 2571 5526 ἡμεῖς
2609 5455 2676 5524 τῇ
2715 5451 3002 5520 Ῥωμαϊκῇ
3034 5451 3134 5518 τὴν
3159 5447 3285 5500 καθ’
3316 5448 3465 5517 ἡμᾶς
3505 5445 3835 5514 Ἐκκλησίαν
3854 5443 3975 5496 ὑπε-

2410 5545 2672 5617 τιθέμεθα
2711 5542 3059 5612 σπένδεσθαι,
3095 5541 3190 5593 καὶ
3218 5540 3311 5593 τοῦ
3341 5539 3552 5603 εἰκότος
3579 5539 3748 5609 μηδὲν
3776 5537 3975 5590 οἴεσθαι

2406 5636 2826 5709 διαμαρτάνειν,
2865 5633 2953 5687 διὰ
2984 5632 3227 5694 ἐκείνους
3261 5631 3360 5700 μὲν
3399 5630 3604 5697 λέγειν,
3646 5629 3706 5682 τὸ
3757 5626 3974 5697 Πνεῦμα

2409 5736 2473 5785 ἐκ
2510 5729 2724 5800 [ἰατρὸς
2784 5727 2879 5780 καὶ
2928 5724 3062 5778 Υἱοῦ
3098 5720 3524 5792 ἐκπορεύεσθαι,
3584 5723 3714 5782 τοὺς
3747 5720 3806 5772 δὲ
3853 5718 3977 5789 παρ’

2371 5823 2542 5891 ’ἡμῖν
2596 5818 2945 5886 θεολογικῶς
2996 5813 3208 5877 πάντας
3259 5812 3451 5882 ἁγίους
3509 5814 3573 5864 ἑκ
3633 5809 3846 5881 [ἰατρὸς
3891 5814 3976 5865 καὶ
