4150 6520
283 494 391 558 935

1317 490 1414 552 DE
1453 491 1964 555 DEPOSITIONE
2006 494 2154 557 SUA
2188 500 2416 558 ORAT.
2460 498 2542 561 II.

3442 494 3550 565 986

285 606 420 663 Υῑοῦ
453 608 701 679 προϊέναι
732 607 889 673 αὐτὸ,
919 605 1000 660 ἔτι
1051 606 1107 662 δὲ
1149 609 1495 679 προχεῖσθαι.
1529 608 1624 660 καὶ
1679 608 1864 679 πτηά-

1975 611 2290 680 sentiaiiter,
2320 629 2386 668 ex
2425 613 2596 668 Patre
2615 621 2667 667 et
2698 610 2880 667 Filio?
2907 608 3196 666 Undensm
3244 609 3383 664 mihi
3432 625 3544 665 ser-

284 700 422 765 ζειν,
460 698 574 753 ἐστι
608 697 666 752 δὲ
684 693 746 753 οὗ
773 700 1042 768 φυσικῶς,
1066 700 1163 753 καὶ
1197 701 1475 763 οὑσιωδῶς
1507 700 1779 770 ὑπάρχειν
1798 700 1863 753 ἐκ

1967 720 2189 759 monum
2243 720 2391 760 venae
2438 705 2775 779 aperientur,
2819 714 2880 758 ut
2918 702 3171 766 dicteria,
3218 700 3423 770 quain
3459 717 3544 755 me

286 790 500 861 Πατρός
530 792 624 844 καὶ
645 792 806 856 Υἱοῦ;
843 791 1014 845 Πόθεν
1046 809 1136 862 μοι
1165 791 1341 860 λόγων
1361 792 1864 860 ἀναστομωθήσον-

1975 797 2133 851 simili
2184 796 2346 851 modo
2379 797 2686 866 jaciuntur,
2735 809 2962 850 narrare
3009 793 3259 864 queam?
3316 803 3375 848 ut
3424 808 3546 848 cum

281 900 371 935 ται
401 881 619 950 φλέϐες,
655 883 728 943 ὡς
771 882 838 934 ἂν
867 883 1070 946 ἱκανῶς
1101 883 1168 936 τὰ
1207 883 1653 954 τοιουτοτρόπωςν
1677 897 1863 951 προσ-

1968 886 2169 942 Davide
2200 888 2450 954 eloquar,
2488 888 2592 956 Qui
2641 888 2888 942 sedebant
2928 889 2984 944 in
3014 888 3186 954 portis
3234 895 3423 958 contra
3468 902 3542 940 nu

280 973 588 1045 τριϐόμενά
648 991 742 1042 μοι
789 974 1106 1044 σκώμματα
1140 975 1533 1046 διηγήσωμαις
1565 973 1721 1029 Κῖιτά
1751 977 1863 1044 γὰρ

1975 976 2290 1046 qarriebant,
2322 987 2372 1031 et
2404 977 2459 1030 in
2485 993 2566 1030 me
2600 977 2858 1030 canebant
2888 973 3120 1029 bibentes
3152 959 3414 1037 vinum-‘1
3447 972 3541 1026 sed

282 1065 378 1118 τὸν
403 1063 572 1118 Δαυῒδ
600 1067 796 1130 εἰπεῖν,
855 1069 922 1119 οι
969 1067 1301 1136 καθήμενοι
1348 1067 1420 1120 ἐν
1465 1068 1690 1136 πύλαις
1736 1073 1867 1124 κατ’

281 1155 432 1224 ἐμοῦ
473 1157 885 1226 ἠόολέσχουν,
944 1158 1041 1211 καὶ
1081 1161 1165 1224 εἰς
1213 1159 1318 1227 ἐμὲ
1348 1160 1629 1227 ἔψαλλον
1680 1165 1733 1215 oi
1767 1163 1866 1214 πί-

281 1266 496 1316 νοντες
534 1245 705 1303 οἶνον
731 1267 745 1281 ·
780 1251 894 1302 ἀλλ’
937 1252 1100 1319 ἡμεῖς
1164 1252 1263 1320 μὲν
1292 1251 1429 1304 Θεοῦ
1471 1253 1864 1323 συναιρομένου

1967 1083 2069 1121 nos
2102 1067 2412 1121 ausiliante-
2445 1067 2680 1122 Domino
2725 1067 2911 1122 omnia
2948 1065 3327 1126 toleravimus,
3378 1079 3542 1133 ροβε·-

1968 1158 2148 1213 lorum
2188 1160 2395 1214 rabiem
2427 1159 2817 1221 sustinuimus.
2853 1157 3202 1214 saecularium
3237 1157 3553 1234 principum

1967 1253 2265 1306 iracundiae
2305 1254 2579 1322 negotium
2624 1268 2689 1308 ac
2729 1253 2972 1307 studium
3025 1250 3156 1307 {acti
3196 1266 3416 1316 sumus,
3465 1249 3553 1304 in-

279 1343 597 1412 ἠνέγκαμεν
627 1343 822 1405 ταῦτα,
851 1342 1053 1412 μανίαν
1072 1343 1264 1414 δήμων
1296 1344 1637 1416 ὑπέστημεν,
1678 1345 1857 1414 θυμοῦ

1975 1344 2101 1411 iusti
2131 1344 2332 1400 decreti
2362 1345 2578 1410 pondus
2607 1344 2975 1416 portavimus.

281 1432 876 1503 κοσμικῶν“άρχόντων
917 1432 1080 1502 ἔργον
1110 1434 1440 1504 γεγόναμεν,
1478 1434 1647 1504 βάρος
1674 1436 1862 1495 ἀδίκου

280 1523 616 1590 ἀποφάσεως
644 1524 1055 1594 ἑδαστάσαμεν.

356 1612 447 1669 ια’.
485 1615 557 1667 Σὺ
595 1616 641 1668 δ’
675 1616 924 1686 ὲπὶοΘεῷ
961 1617 1062 1687 τῆς
1093 1617 1355 1687 ἀληθείας
1391 1619 1572 1689 ἑφόρῳ
1602 1621 1696 1674 καὶ
1721 1621 1868 1691 μάρ-

282 1718 410 1775 τυρι
437 1704 664 1760 δίκασον
697 1708 984 1779 ἀρῤεπῶς,
1011 1709 1060 1760 εἰ
1093 1708 1276 1763 δίκαια
1307 1710 1506 1776 ταῦτα,
1540 1712 1589 1764 εἰ
1620 1712 1864 1780 άληθῶς,

283 1797 380 1848 καὶ
409 1796 486 1860 ὡς
513 1797 644 1862 ἔδει,
703 1800 1078 1870 πεπόνθαμεν,
1104 1801 1401 1871 ἄνθρωποι,
1449 1803 1616 1869 μηδὲν
1649 1802 1750 1872 μὲν
1782 1803 1868 1873 ἐφ’

283 1883 368 1950 οἷς
398 1889 430 1955 ή
463 1887 588 1942 καθ’
612 1892 766 1959 ἡμᾶς
809 1891 1108 1962 Ἐκκλησία
1137 1889 1492 1961 ὲνασμενίζει
1523 1891 1678 1944 ἔθεσι
1711 1909 1869 1963 νεοχ⁹

286 1979 542 2049 μοῦντες,
582 1981 681 2052 τὴν
714 1982 1002 2036 εὐσέσειάν
1023 2001 1083 2036 τε
1109 1986 1400 2053 συντηρεῖν
1425 1983 1537 2036 ἀπὸ
1567 1983 1674 2037 τῶν
1705 1984 1867 2038 θείων

291 2074 718 2139 ἀποδεικνύντες
745 2077 1002 2148 Γραφῶν,
1037 2078 1136 2148 τὴν
1159 2079 1216 2132 δὲ
1243 2078 1384 2148 μετὰ
1429 2078 1528 2131 τοῦ
1570 2079 1872 2149 μεγαλοδυ-

293 2169 469 2237 νάμου
494 2169 603 2222 τῶν
631 2170 876 2224 Λατίνων
909 2172 1092 2236 ἔθνους
1117 2173 1343 2242 εἰρήνην
1366 2173 1459 2225 καὶ
1480 2173 1759 2242 ὁμόνοιαν,
1782 2171 1872 2225 διὰ

296 2262 544 2332 μεγάλην
568 2261 667 2333 τῆς
702 2262 861 2334 ἡμῶν
899 2263 1078 2333 ἀρχῆς
1131 2264 1225 2317 καὶ
1264 2263 1546 2334 βασιλείας
1600 2263 1868 2331 ὠφέλειαν

287 2355 710 2424 συνεργοῦντες.
745 2355 981 2409 Δίκασον
1016 2357 1115 2426 μὲν
1139 2356 1252 2422 οὖν,
1284 2355 1359 2417 ὡς
1404 2357 1514 2428 ἄρα
1537 2357 1631 2408 καὶ
1658 2355 1875 2424 βούλει,

287 2446 354 2498 σὺ
389 2448 479 2500 ἐπὶ
502 2448 738 2511 τούτοις.
779 2449 924 2517 Ἐγὼ
958 2450 1013 2503 δὲ
1037 2450 1131 2502 καὶ
1155 2449 1264 2503 τῶν
1292 2449 1430 2502 νέων
1457 2448 1730 2516 θεολόγων
1751 2449 1872 2500 ἐπι-

285 2538 480 2602 ϐολὰς.
519 2541 587 2604 ἃς
635 2540 746 2594 τῶν
805 2542 986 2594 ἄλλων
1037 2542 1180 2611 τάχα
1232 2541 1592 2611 ἰσχυροτέρας
1635 2542 1699 2594 ὲκ
1742 2541 1869 2593 νέου

283 2628 539 2701 ἐφεῦρον,
570 2633 1059 2704 ὲπεξεργασαίμην
1100 2632 1188 2699 ἂν,
1239 2634 1314 2696 ὡς
1343 2635 1438 2685 καὶ
1471 2632 1854 2704 προσεθέμην.

289 2724 362 2778 Τό
397 2725 465 2778 ἐκ
499 2726 733 2794 Πατρός
773 2725 849 2780 δι’
895 2725 1034 2780 Υίοῦ
1069 2727 1504 2795 ἐκπορεύεσθαι
1533 2728 1598 2780 τὸ
1628 2727 1873 2796 Πνεῦμα

290 2815 356 2869 τό
385 2814 579 2884 ἅγιον,
610 2818 682 2869 οὔ
713 2834 847 2884 φασι
882 2817 996 2884 τὴν
1033 2819 1102 2871 ἐκ
1143 2819 1375 2886 Πατρός
1405 2818 1480 2870 δι’
1512 2819 1653 2872 Υίοῦ
1688 2819 1875 2887 ὕπαρ-

296 2908 388 2969 Ξιν
418 2909 742 2974 σημαίνειν
770 2908 878 2960 τοῦ
907 2907 1283 2976 Πνεύματος,
1321 2908 1462 2964 ἀλλ’
1514 2909 1670 2962 οὕτω
1698 2910 1873 2978 λέγε-

297 2998 434 3050 γθαι
468 2996 668 3060 τοῦτο,
701 2996 790 3050 ὅτι
827 2997 897 3050 ἐκ
929 3000 1166 3065 Πατρός
1213 2997 1288 3050 δι’
1355 2997 1494 3050 Υἱοῦ
1526 2998 1592 3051 τό
1628 2996 1874 3066 Πνεῦμα

295 3085 504 3151 διήκει.
541 3087 653 3141 Καὶ
688 3088 739 3140 εἰ
802 3088 902 3157 μέν
943 3105 996 3140 τι
1050 3089 1180 3142 ἄλλο
1246 3089 1383 3158 πρὸς
1443 3089 1747 3158 σαφήνειαν
1776 3089 1876 3158 τῆς

289 3177 523 3244 διήκειν
547 3179 747 3243 λέξεως
777 3179 964 3250 ἔχουσι
1002 3179 1210 3248 λέγειν,
1252 3180 1409 3233 αὐτοὶ
1439 3179 1738 3247 λεγόντων,
1773 3177 1871 3231 καὶ

2044 1627 2134 1681 Η.
2175 1623 2257 1678 Tu
2295 1637 2462 1693 porro
2498 1631 2626 1678 ante
2653 1620 2825 1676 Deum
2872 1631 3118 1677 veritatis
3156 1621 3446 1690 praesidem
3499 1629 3555 1677 et

1971 1726 2168 1773 testem
2209 1715 2423 1785 judica,
2461 1722 2715 1776 neutram
2770 1713 2825 1767 in
2877 1722 3086 1782 partem
3138 1712 3431 1779 inclinans,
3477 1727 3550 1767 an

1968 1809 2118 1878 iuste
2148 1807 2286 1873 haec,
2321 1821 2448 1862 vero
2490 1816 2546 1861 et
2582 1815 2641 1861 ut
2672 1805 2972 1861 addecebat
3016 1805 3166 1874 passi
3210 1819 3403 1860 sumus
3433 1820 3560 1866 nos.

1973 1907 2067 1976 qui
2119 1904 2256 1959 nihil
2295 1905 2350 1958 in
2384 1904 2475 1966 iis,
2508 1917 2648 1972 quas
2685 1910 2871 1956 nostra
2906 1901 3155 1956 Ecclesia
3206 1893 3562 1970 ampleetitur

1974 1997 2423 2060 consuetudines,
2474 1996 2823 2054 innovamus.
2864 2003 2918 2050 et
2951 1994 3207 2063 pietatem
3239 1993 3554 2046 divinarum

1973 2092 2382 2160 Scripturarum
2436 2087 2764 2143 testimoniis
2829 2085 3294 2147 demonstramus,
3367 2098 3555 2158 paceni

1973 2198 2102 2239 vero
2129 2191 2183 2237 et
2211 2179 2568 2238 concordiam
2611 2193 2735 2233 cum
2769 2178 3091 2231 Latinorum
3142 2186 3305 2246 gente
3341 2187 3559 2244 praepo-

1974 2285 2124 2331 tente
2171 2275 2241 2329 ob
2285 2287 2484 2343 magna
2536 2271 2712 2326 nostri
2757 2271 3076 2324 dominatus
3124 2278 3290 2338 atque
3343 2267 3558 2333 imperii

1972 2365 2260 2420 commoda
2286 2377 2668 2432 procuramus.
2705 2358 2990 2414 Iudicium
3024 2357 3209 2427 itaque
3255 2369 3339 2421 tu,
3376 2367 3434 2413 nt
3479 2358 3561 2413 ai-

1973 2455 2230 2519 lubesrit,
2262 2454 2329 2508 de
2362 2453 2516 2506 hisce
2544 2450 2707 2506 ferto.
2738 2449 2852 2519 Ego
2881 2459 3064 2503 autem
3099 2463 3368 2502 novorum
3402 2447 3560 2502 theo-

1972 2549 2222 2618 logorum
2281 2542 2670 2616 aggressiones
2725 2552 2783 2596 et
2829 2550 3085 2607 conatus,
3151 2555 3294 2610 quos
3344 2539 3561 2595 caeteris

1971 2639 2271 2697 validiores
2304 2640 2371 2693 ab
2401 2638 2521 2708 ipsa
2566 2637 2858 2707 juventute
2891 2633 3176 2696 adnotavi,
3217 2633 3381 2687 sicuti
3424 2631 3560 2686 mihi

1974 2732 2258 2803 proposui,
2289 2729 2599 2798 expediam.
2626 2726 2710 2780 Ea:
2740 2725 2904 2780 Patre
2935 2742 3026 2794 per
3054 2723 3259 2778 Filium
3290 2722 3557 2792 Spiritum

1974 2827 2250 2896 procedere
2306 2823 2563 2892 inquiunt
2607 2838 2710 2874 non
2751 2829 2938 2874 notare
2980 2834 3046 2875 ea:
3095 2817 3260 2871 Patre
3321 2831 3414 2884 per
3460 2814 3558 2869 Fi-

1976 2919 2109 2972 lium
2149 2917 2381 2986 Spiritus
2427 2913 2813 2976 exsisteutiam,
2870 2911 2961 2966 sed
3010 2912 3086 2965 ita
3133 2911 3264 2974 dici,
3314 2912 3454 2980 quod
3498 2925 3563 2963 ex

1976 3010 2141 3068 Patre
2183 3025 2275 3076 per
2298 3006 2499 3062 Filium
2547 3005 2783 3074 Spiritus
2825 3003 3086 3072 pervadit.
3139 3001 3294 3067 Quod
3333 3002 3380 3055 si
3430 3001 3563 3070 quid

1977 3100 2125 3154 aliud
2179 3100 2382 3153 habent
2432 3097 2499 3151 ad
2559 3093 2817 3150 dictionis
2897 3089 3222 3161 pervadendi
3298 3087 3566 3157 majorem

1978 3192 2441 3260 explanationem,
2481 3190 2535 3243 in
2568 3196 2928 3257 conspectum
2979 3198 3045 3238 ac
3074 3184 3254 3238 lucem
3303 3180 3406 3249 ipsi
3437 3194 3569 3250 pro-

288 3271 369 3330 εἰς
399 3270 608 3322 οίκείαν
669 3270 1067 3341 προτεινόντων
1123 3269 1511 3339 δεφένδευσινο
1563 3271 1612 3322 εί
1658 3270 1716 3322 δὲ
1765 3269 1860 3338 ἀφ’

1979 3286 2179 3349 ferant,
2235 3295 2290 3337 et
2345 3284 2400 3338 in
2456 3280 2735 3352 propriam
2794 3277 3173 3333 defensionem
3231 3282 3572 3343 proponant.

287 3359 453 3432 ἡμῶν
485 3363 679 3431 μαθεῖν
720 3362 1027 3431 βούλονται,
1063 3363 1212 3425 ὅπως
1238 3365 1406 3434 ἡμεῖς
1434 3362 1532 3432 τὴν
1562 3361 1711 3427 λέξιν
1744 3363 1876 3416 ταύ-

295 3469 388 3522 την
418 3452 837 3524 καταδεχόμεθα
887 3454 1150 3520 δέξασθαι
1200 3454 1312 3506 τῶν
1359 3454 1536 3508 ἄλλων
1577 3452 1874 3525 γραφικῶν

287 3544 506 3614 ῥήσεων
537 3543 805 3610 ἐπαξίως,
834 3543 961 3597 ὅσαι
993 3544 1093 3615 τὴν
1125 3544 1196 3597 δι’
1235 3544 1368 3598 Υίοῦ
1409 3548 1474 3598 ἑκ
1530 3546 1744 3617 Πατρδς
1776 3543 1872 3597 τοῦ

284 3636 562 3704 παναγίου
594 3635 816 3706 δηλοῦσι
842 3639 1163 3706 Πνεύματος
1216 3637 1452 3708 ὓπαρξιν
1495 3637 1654 3708 ἡμῶν
1685 3639 1880 3705 λεγόν-

285 3747 420 3794 των,
447 3730 762 3785 ἀκουόντων
792 3732 968 3798 αὐτοὶ,
997 3732 1073 3796 ὡς
1109 3732 1348 3802 ὁπηνίκα
1374 3733 1544 3802 ἡμεῖς
1584 3732 1677 3784 τὸν
1704 3732 1876 3802 ἅγιον

285 3823 565 3893 Κύριλλον
593 3827 652 3880 ὲν
683 3829 750 3898 τῇ
782 3826 950 3899 βίϐλῳ
977 3827 1088 3880 τῶν
1142 3827 1473 3896 Θησαυρῶν,
1525 3827 1595 3880 ἐν
1639 3827 1720 3891 τῷ
1760 3825 1874 3893 Υἱῷ

286 3915 565 3986 φυσικῶς
589 3935 653 3971 τε
683 3919 784 3972 καὶ
827 3919 1137 3985 οὐσιωδῶς
1177 3917 1392 3986 διῆκον
1444 3916 1605 3987 παρὰ
1640 3918 1875 3985 Πατρός

287 4010 357 4063 τό
375 4010 621 4079 Πνεῦμα
646 4009 1006 4080 θεολογοῦντα
1030 4009 1383 4081 εὑρίσκομεν,
1405 4010 1558 4063 οὐδὲν
1581 4010 1710 4062 ἄλλο
1748 4028 1881 4063 συν-

289 4104 423 4174 ορᾷν
475 4102 673 4174 ἔχομεν
700 4146 715 4170 ,
752 4104 785 4173 ἢ
848 4104 928 4157 ὅτι
960 4105 1063 4157 οὐκ
1117 4104 1211 4174 ἀφ’
1271 4102 1491 4166 ἑαυτοῦ,
1524 4103 1641 4154 ἀλλ’
1674 4103 1739 4154 ὲκ
1783 4102 1878 4154 τοῦ

291 4194 533 4264 Πατρός,
570 4195 708 4264 πρὸς
743 4195 802 4248 ὃν
834 4197 1011 4248 πάντα
1038 4196 1106 4249 τὰ
1143 4194 1340 4249 ἑαυτοῦ
1367 4195 1635 4264 ἀναφέρει
1667 4197 1694 4248 ό
1723 4193 1876 4258 Υἱὸς,

290 4290 355 4339 τὸ
387 4287 615 4358 Πνεῦμα
648 4288 789 4358 ἔχων
821 4289 956 4341 ἐστί.
998 4288 1108 4340 Καὶ
1158 4289 1288 4341 ὅταν
1331 4289 1410 4360 τῷ
1444 4288 1670 4358 μεγάλῳ
1706 4287 1877 4340 Βασι-

291 4379 424 4450 λείῳ
459 4381 519 4431 ὲν
551 4378 632 4450 τῷ
675 4379 888 4450 δεκάτῳ
939 4379 1112 4452 ὀγδόῳ
1153 4379 1265 4432 τῶν
1314 4381 1456 4450 πρὸς
1525 4379 1883 4448 Ἀμφιλόχιον

1976 3373 2128 3439 Quod
2161 3373 2204 3427 si
2243 3388 2272 3425 a
2307 3371 2466 3425 nobis
2491 3370 2706 3424 discere
2735 3367 2983 3437 cupiunt,
3019 3375 3079 3419 ut
3129 3379 3228 3418 nos
3266 3362 3564 3418 dictionem

1979 3467 2151 3529 illam,
2176 3474 2229 3517 et
2253 3479 2362 3533 quo
2395 3461 2708 3532 signiﬁcatu
2740 3459 3069 3528 accipimus,
3100 3457 3169 3511 ab
3208 3455 3331 3526 aliis
3364 3454 3569 3523 scripto

1979 3555 2193 3610 traditis
2223 3550 2561 3607 dictionibus
2595 3564 2700 3602 non
2742 3549 2943 3612 alieno,
2978 3560 3101 3615 qua:
3138 3560 3232 3614 per
3269 3542 3470 3598 Filium
3503 3556 3566 3594 ex

1978 3649 2140 3702 Patre
2188 3642 2521 3700 sanctissimi
2571 3640 2810 3709 Spiritus
2852 3637 3236 3693 exsistentiam
3291 3639 3568 3697 astrnunt,

1976 3753 2080 3794 nos
2106 3736 2355 3800 audiant,
2383 3749 2506 3790 cum
2548 3732 2694 3803 apud
2739 3741 2988 3785 sanctum
3027 3727 3290 3798 Cyrillum
3335 3725 3386 3777 in
3423 3721 3569 3777 The-

1978 3833 2179 3896 sauris,
2219 3831 2285 3883 in’
2320 3826 2461 3882 Filio
2521 3825 2849 3879 naturaliter
2891 3831 2939 3875 et
2988 3817 3344 3874 essentialiter
3377 3832 3569 3888 perva-

1979 3928 2102 3979 dere
2130 3942 2193 3979 ea:
2231 3924 2393 3978 Patre
2431 3920 2718 3986 Spiritum,
2755 3915 3016 3971 traditum
3052 3911 3444 3981 comperimus,
3483 3907 3581 3964 nis

1984 4018 2059 4069 hil
2093 4014 2240 4069 aliud
2295 4012 2622 4080 intelligere,
2682 4006 2788 4061 nisi
2836 4019 2942 4059 non
2991 4019 3055 4056 ex
3103 4001 3312 4069 seipso,
3362 3998 3458 4053 sed
3505 4012 3576 4052 ex

1982 4107 2165 4170 Patre,
2212 4105 2278 4161 ad
2312 4117 2474 4174 quem
2512 4100 2698 4154 omnia
2732 4113 2832 4153 sua
2863 4094 3033 4150 refert
3058 4092 3255 4158 Filius,
3301 4091 3576 4169 Spiritum

1991 4199 2193 4252 habere
2228 4215 2240 4249 :
2270 4206 2324 4249 et
2354 4210 2478 4248 cum
2523 4191 2683 4246 nobis
2726 4202 2961 4255 magnus
3000 4184 3238 4239 Basilius
3272 4183 3325 4237 in
3357 4183 3579 4236 decimo

1981 4301 2175 4345 octavo
2219 4287 2287 4341 ad
2317 4283 2758 4355 Amphilochium
2809 4281 2990 4348 capite
3022 4274 3290 4339 occurrit,
3331 4274 3522 4328 dicens
3557 4290 3571 4324 :

1985 4381 2275 4435 Naturalis
2341 4376 2555 4430 bonitas
2647 4361 2696 4426 et
2770 4387 2887 4441 quia
2955 4367 3248 4424 secundum
3320 4374 3576 4419 naturam

293 4473 616 4541 κεφαλαίων
673 4473 1102 4542 ἐντυγχάνωμεν
1147 4473 1362 4539 λέγοντι
1405 4472 1480 4535 ὡς
1520 4471 1590 4526 Ἦ
1634 4471 1871 4540 φυσικὴ

1977 4481 2078 4536 est,
2112 4467 2470 4536 sanctiﬁcatio
2501 4473 2548 4517 et
2583 4463 2730 4533 regia
2758 4461 2992 4531 dignitas
3029 4475 3094 4511 ea:
3132 4457 3290 4510 Patre
3311 4471 3406 4524 per
3439 4452 3587 4508 Uni-

291 4566 612 4636 ἁγαθότης.
650 4566 747 4619 καὶ
791 4569 824 4619 ό
877 4567 1026 4620 κατὰ
1061 4567 1251 4636 φύσιν
1299 4567 1616 4634 ἁγιασμὸς,
1676 4566 1774 4617 καὶ
1815 4562 1871 4617 τό

1982 4565 2212 4637 genitum
2259 4561 2328 4614 ad
2381 4559 2644 4629 Spiritum
2692 4556 2958 4624 pervadit,
3012 4549 3394 4607 tantummodo
3425 4563 3580 4603 com-

286 4658 623 4724 ,ϐασιλικόν
648 4657 879 4726 ἀξίωμα
903 4657 970 4710 ἐκ
1009 4657 1115 4711 τσῦ
1144 4658 1378 4726 Πατρός
1409 4657 1509 4711 διὰ
1529 4656 1636 4710 τοῦ
1675 4661 1871 4710 Μονο-

1988 4655 2350 4727 prehendere,
2398 4666 2504 4705 non
2549 4664 2579 4702 a
2611 4648 2818 4716 seipso,
2864 4645 2958 4701 sed
2991 4659 3053 4697 ex
3088 4643 3271 4706 Patre,
3313 4639 3379 4694 ad
3408 4655 3570 4708 quem

290 4749 509 4819 τενοῦς
547 4749 647 4802 ἐπὶ
701 4752 765 4802 τό
808 4751 1052 4818 Πνεῦμα
1100 4750 1318 4818 διήκει,
1364 4750 1516 4803 οὐδὲν
1569 4749 1699 4803 ἄλλο
1737 4746 1871 4801 νοοῦ·

1990 4749 2174 4804 omnia
2227 4745 2468 4816 Spiritus
2507 4743 2861 4801 referuntur,
2905 4751 2968 4790 ea
3009 4735 3195 4788 omnia
3245 4749 3340 4802 per
3376 4729 3579 4785 Filium

297 4843 490 4914 μεν,ὴ
539 4842 624 4894 ὅτι
663 4841 763 4894 οὐκ
797 4841 890 4906 ἀφ’
925 4841 1145 4906 ἑαυτοῦ,
1204 4840 1322 4894 ἀλλ’
1375 4841 1439 4892 ἐκ
1498 4839 1595 4892 τοῦ
1645 4838 1871 4908 Πατρὸς,

1990 4841 2270 4912 possidere
2296 4837 2562 4908 Spiritum
2599 4840 2879 4892 sanctum,
2917 4826 3377 4900 quemadmodum
3415 4834 3581 4878 natu-

294 4913 434 5008 στρος
461 4935 519 4988 ὃν
550 4935 728 4989 πάντα
759 4934 829 4986 τὰ
857 4933 950 4986 τοῦ
986 4934 1302 5004 Πνεῦματος
1329 4932 1682 5001 ἀναφέρεται,
1711 4929 1871 4983 ταῦτα

1993 4935 2155 4988 ralem
2234 4940 2283 4985 et
2357 4925 2708 4983 essentialem
2793 4937 2950 4977 suam
3003 4919 3405 4973 exsistentiam.
3461 4913 3586 4970 Nisi

294 5031 478 5084 πάντα
503 5028 592 5082 διὰ
622 5029 718 5083 τοῦ
756 5029 886 5083 Υἱοῦ
913 5031 973 5083 τὸ
1005 5029 1229 5098 Πνεῦμα
1254 5027 1364 5098 ἔχει
1396 5028 1457 5079 τὸ
1486 5026 1663 5094 ἅγιον,
1693 5025 1871 5096 ὥσπερ

1994 5025 2139 5077 enim
2194 5021 2429 5077 similem
2495 5033 2591 5088 per
2642 5014 2842 5070 Filium
2886 5013 3267 5068 exsistentiam
3330 5009 3580 5074 haberet,

293 5128 389 5178 καὶ
427 5125 526 5192 τὴν
561 5124 800 5194 φυσικὴν
857 5125 952 5178 καὶ
996 5121 1234 5188 οὑσιώδη
1285 5120 1482 5174 ἑαυτοῦ
1517 5118 1776 5188 ὓπαρξιν.
1815 5119 1871 5171 Ei

1990 5131 2266 5186 nunquam
2293 5114 2387 5168 illa
2416 5127 2511 5185 per
2542 5109 2745 5165 Filium
2777 5108 2984 5162 habere
3007 5105 3309 5160 diceretur.

301 5218 378 5290 μὴ
407 5218 517 5288 γὰρ
549 5218 650 5288 τὴν
683 5215 948 5286 τοιαύτην
975 5216 1062 5267 διὰ
1115 5213 1209 5268 τοῦ
1252 5213 1384 5265 Υίοῦ
1437 5211 1673 5281 ὓπαρξιν
1709 5208 1880 5280 εἶχεν,

295 5316 398 5369 οὐκ
420 5313 487 5368 ἂν
514 5315 602 5368 διὰ
637 5313 730 5365 τοῦ
766 5312 896 5363 Υἱοῦ
929 5313 1023 5366 καὶ
1047 5311 1219 5364 ταῦτα
1244 5309 1390 5379 ἔχειν
1423 5309 1663 5376 ἐλέγετο.

370 5404 459 5477 ιβ’.
500 5408 608 5460 Καὶ
641 5405 696 5459 τί
729 5406 968 5459 τοσαῦτα
998 5403 1124 5476 περὶ
1153 5402 1248 5456 τοῦ
1272 5401 1506 5468 διιῖκειν
1534 5400 1736 5470 φαμὲν,
1760 5398 1871 5450 ἐνὸν

2063 5393 2152 5446 12.
2193 5390 2260 5444 Ει
2304 5387 2436 5459 quid
2483 5395 2564 5441 tot
2608 5385 2675 5439 de
2721 5384 2960 5441 dictione
3003 5381 3324 5453 peroadeudi
3370 5393 3585 5448 aggeri-

298 5475 403 5556 διὰ⁷
442 5501 654 5553 πολλῶν
685 5499 864 5554 ἄλλων
925 5475 1138 5570 ῥήσεων
1176 5497 1463 5569 γραφικῶν
1521 5497 1871 5563 ἀναπάντητο

1997 5505 2145 5548 mus.
2181 5503 2304 5543 cum
2333 5485 2498 5540 liceat
2537 5483 2723 5536 multis
2765 5482 2887 5537 aliis
2932 5481 3139 5550 scripto
3173 5477 3392 5533 traditis
3430 5475 3587 5528 testi-

301 5596 657 5668 παραστῆσαι
705 5597 875 5666 μηδὲν
913 5569 1040 5647 ἄλλο
1077 5592 1110 5663 ἢ
1168 5592 1266 5662 τὴν
1299 5591 1364 5642 δι’
1406 5587 1532 5643 Υἱοῦ
1577 5591 1639 5639 ὲκ
1674 5587 1871 5656 Πατρὶς

2000 5583 2203 5637 moniis
2250 5581 2460 5649 absque
2507 5577 2614 5631 ulla
2667 5574 3098 5630 contradictione
3149 5573 3403 5642 probare,
3452 5569 3591 5622 nihil

300 5663 396 5748 τοῦ
425 5663 1052 5761 παναγίου-Πνεύματος
1088 5685 1328 5756 ὓπαρξιν.
1356 5685 1454 5755 τὴν
1500 5683 1568 5737 δι’
1619 5681 1751 5735 Υἱοῦ
1789 5700 1871 5752 aq

2001 5677 2148 5731 aliud
2175 5691 2269 5746 per
2292 5673 2590 5730 Filinmex
2617 5670 2777 5727 Patre
2799 5669 3136 5726 sanctissimi
3171 5666 3412 5737 Spiritus
3439 5663 3584 5717 exsi-

306 5785 522 5856 μαίνειν
566 5756 933 5849 έκπόοευσιν;
972 5781 1030 5834 Ὀ
1058 5781 1165 5850 γὰρ
1211 5777 1352 5840 θεῖος
1409 5776 1504 5830 καὶ
1542 5775 1716 5846 μέγας
1754 5775 1871 5843 άλη-

2001 5771 2258 5826 stcntiam
2306 5778 2523 5834 nclare,
2567 5780 2732 5836 quam
2772 5764 3179 5836 processionem
3218 5773 3315 5831 per
3342 5756 3546 5812 Filium

381 5945 570 6003 ‘Psai.
595 5956 787 6006 uvtn,
826 5940 910 6001 15.
