4150 6512
201 502 368 581 1001

1240 517 1339 577 DE
1380 513 1887 578 DEPOSITIONE
1925 511 2072 572 SUA
2112 511 2329 571 ORAT.
2374 509 2454 570 Il.

3336 497 3473 564 1002

199 630 320 683 καὶ
382 627 475 682 τὸν
531 624 994 701 θεολογικὼτατον
1049 630 1273 701 Νύσσης
1323 631 1449 703 μηδ’
1529 631 1666 694 ὅλως
1715 630 1803 683 διὰ

1909 627 2296 686 celeberrimus
2330 624 2612 694 Nyssenus
2644 622 2698 675 in
2737 619 3018 682 omnibus,
3059 633 3178 688 quae
3213 615 3475 672 adversus

196 720 451 774 πάντων
479 716 555 776 ῶν
606 725 730 776 κατ’
790 723 1058 794 Εὐνομίου
1135 722 1546 794 συνεγράψαντο
1585 724 1802 794 Ἀντιρο

199 811 496 880 ρητικῶν,
551 815 1073 886 ἀντειπεῖνιικείνφ
1135 817 1272 888 πρὸς
1327 815 1428 888 τὴν
1461 818 1525 870 ix
1545 818 1640 869 τοῦ
1669 816 1802 869 Υίοῢ

200 905 444 974 φωνὴν,
472 905 612 960 ἀλλὰ
634 895 830 960 ’πᾶσαν
855 906 954 977 τὴν
982 907 1103 961 κατ’
1133 908 1344 962 ἐκείνου
1388 907 1663 962 ποιεῖσθαι
1707 910 1804 962 ἀν-

198 994 522 1064 τίρρησιν,
552 994 666 1062 ἐφ’
705 989 788 1058 οἷς
845 994 1059 1063 κτίσμα
1113 997 1208 1048 καὶ
1259 993 1473 1068 ποίημα
1515 992 1611 1045 τοῦ
1668 991 1802 1045 Υίοῦ

199 1082 278 1136 τὸ
315 1083 557 1153 Πνεῦμα
609 1086 638 1139 ὁ
689 1086 918 1155 μάταιος
969 1085 1336 1157 ἐϐλασφήμει.
1395 1085 1506 1138 Καὶ
1551 1084 1652 1155 τὴν
1696 1083 1806 1136 τῶν

203 1171 408 1240 λόγων
435 1175 642 1228 τούτων
667 1176 930 1246 ἀλήθειαν
957 1176 1351 1246 ἐπιγνώσεται,
1381 1180 1410 1230 ὁ
1439 1177 1509 1230 τὰ
1537 1176 1807 1248 εἰρημένα

211 1265 731 1338 επιστατίκώτερον
845 1269 1284 1339 ἐπισκεψόμενος
1395 1267 1804 1340 ’Δντιρῤητικά.

221 1357 440 1410 Καίτοι
464 1374 530 1426 γε
566 1361 614 1412 εί
645 1358 720 1432 μὴ
762 1360 1062 1423 ἀκωλύτως
1115 1359 1454 1426 ὲθεολογεῖτο
1484 1355 1568 1424 τὸ,
1611 1362 1674 1412 ὲκ
1711 1358 1807 1411 τοῦ

219 1449 397 1511 Υιοῦ,
437 1451 540 1502 οὐκ
578 1451 644 1503 ἄν
684 1467 737 1504 τι
776 1450 907 1504 ἄλλο
961 1452 1099 1524 πρὸς
1150 1450 1463 1523 καταϐολὴν
1505 1452 1606 1520 τῆς
1647 1451 1811 1503 Εὐνο-

214 1542 364 1612 [dou
393 1541 662 1610 αἱρέσεως
693 1544 743 1595 0i
772 1545 1018 1615 Πατέρες
1062 1537 1211 1612 οὖτοι
1262 1544 1612 1615 ἰσχυρότερον
1635 1535 1810 1613 ’ἔσχον

209 1635 413 1688 εἰπεῖν
437 1634 682 1704 ἔχοντες,
713 1634 790 1698 ὡς
822 1633 887 1688 Ei
936 1636 1031 1690 καὶ
1080 1635 1296 1704 ποίημα
1353 1635 1536 1702 λέγειν
1575 1635 1810 1687 ἀποτολ-

211 1726 344 1796 μᾷς
370 1723 432 1778 τὸ
484 1725 739 1796 Πνεῦμα,
795 1726 1056 1796 Εὐνόμιε,
1105 1725 1250 1780 διατί
1299 1726 1375 1798 μὴ
1420 1725 1512 1780 τοῦ
1565 1714 1805 1797 Πατρδς,

208 1818 368 1872 ἀλλὰ
397 1818 493 1872 τοῦ
525 1818 655 1872 Υίοῦ
703 1818 917 1888 ποίημα
964 1817 1146 1886 λεγεις
1179 1818 1338 1886 αὐτὸ,
1393 1818 1534 1890 μήτε
1574 1817 1663 1872 διὰ
1712 1817 1807 1871 τοῦ

214 1909 367 1964 Υίοῦ
395 1904 537 1964 εἶναι
559 1907 828 1979 δ’μολογού
838 1927 870 1979 μ
881 1925 1001 1962 ενον
1023 1926 1037 1976 ς

1907 720 2228 776 Eunoniium
2247 718 2451 788 scripto
2473 715 2755 770 ediderunt
2773 699 3472 782 Antirrheticis,'nunquam

1905 812 2127 866 dictioni
2165 827 2226 864 ex
2261 808 2400 864 Filio
2437 807 2902 869 contradixerunt,
2939 806 3030 859 sed
3073 819 3290 858 omnem
3317 816 3472 858 suam

1906 902 2288 957 refutationem
2312 901 2571 954 adversus
2601 899 2853 954 eumdem
2882 898 3303 960 concinnarunt,
3329 897 3382 949 in
3407 911 3473 949 cn

1907 1003 2116 1049 tantum
2149 997 2331 1054 sitam,
2352 994 2494 1060 quod
2517 992 2606 1045 ille
2627 990 2749 1045 Filii
2782 1000 3087 1044 creaturam
3112 1004 3177 1044 ac
3205 989 3470 1042 facturam

1910 1084 2170 1156 Spiritum
2197 1101 2314 1140 esse
2338 1083 2564 1138 futilitcr
2591 1091 2646 1138 et
2697 1083 3012 1152 blaspheme
3069 1082 3472 1151 pronuntiaret.

1909 1178 1976 1233 Et
2003 1180 2290 1232 verborum
2313 1158 2691 1242 hujuscemodi
2751 1175 3036 1246 veritatem
3071 1185 3349 1244 agnoscet.
3383 1174 3477 1240 qui

1909 1270 2170 1324 attentius
2199 1269 2340 1322 dicta
2361 1266 2726 1339 Antirrhetica
2753 1267 3203 1322 consideraret-it.
3235 1265 3308 1320 Et
3339 1267 3478 1321 nihi-

1907 1360 2148 1426 lominus
2174 1359 2274 1413 nisi
2319 1359 2486 1412 libere
2513 1366 2856 1413 assereretur
2881 1357 3011 1412 illud
3052 1373 3120 1413 ex
3159 1358 3318 1420 Filio,
3343 1358 3477 1412 nihil

1910 1452 1976 1506 ad
2010 1449 2262 1505 Eunomii
2295 1443 2543 1504 hmresini
2569 1451 2984 1504 convellendam
3023 1451 3256 1505 validius
3287 1450 3478 1504 Patres

1909 1542 2253 1622 habuissent,
2286 1557 2411 1596 cum
2464 1549 2689 1610 possent
2746 1541 2930 1596 dicere
2969 1559 2984 1596 :
3021 1542 3172 1598 Licet
3214 1542 3477 1596 facturam

1910 1637 2080 1692 audes
2113 1651 2357 1690 asserere
2392 1633 2678 1704 Spiritum,
2726 1632 3016 1699 Eunomie,
3050 1650 3219 1705 quare
3250 1649 3358 1687 non
3380 1633 3480 1686 Pa-

1909 1728 2031 1791 tris,
2066 1727 2162 1782 sed
2194 1725 2314 1781 Filii
2369 1703 2634 1779 facturam
2694 1724 2844 1779 illum
2869 1703 3107 1790 rastruis,
3143 1703 3267 1781 tium
3303 1739 3481 1796 neque

1908 1834 2006 1891 per
2038 1818 2261 1888 Filium,
2285 1834 2459 1889 neque
2481 1826 2547 1874 ex
2572 1818 2710 1874 Filio
2740 1821 3054 1876 asscratur?

299 2006 411 2070 κγ’.
451 1969 704 2055 Τοσαῦτα
742 1969 852 2054 ’καί
888 2001 984 2053 ἐπὶ
1177 2001 1274 2054 τοῦ
1318 1999 1465 2055 θείου
1513 2004 1807 2074 Δαμασκη-

1978 2002 2072 2058 23.
2107 2000 2204 2058 His
2251 2002 2317 2058 de
2370 2002 2478 2058 divi
2545 2003 2866 2059 Damasceni
2935 2005 3083 2061 dicto
3124 2008 3477 2070 examinatis,

213 2092 326 2147 νοῦ
371 2094 625 2156 εἰπόντες
659 2093 832 2165 ῥητῷ,
882 2093 1093 2163 ἀπάρτι
1130 2093 1270 2163 πρὸς
1311 2093 1460 2163 ὑμᾶς
1504 2097 1632 2156 τοὺς
1682 2098 1806 2158 ταῖς

216 2183 412 2246 θείαις
464 2183 709 2257 Γραφαῐς
784 2178 1336 2254 ἑπηρεαστικὼτερον
1377 2186 1806 2254 ἐπιφυομένους,

221 2275 344 2329 οὐκ
373 2271 477 2329 οἶδ’
501 2274 587 2344 ἐφ’
622 2268 666 2342 ᾧ
694 2291 802 2328 τινι
829 2274 1009 2344 κέρδει
1063 2273 1244 2346 φαμεν
1293 2274 1372 2345 μὴ
1410 2273 1582 2337 οὕτως
1639 2277 1805 2344 ὑμᾶς,

217 2367 312 2436 μὴ
348 2367 484 2436 πρὸς
526 2367 638 2419 τῶν
688 2365 863 2427 αὑτὰς
913 2363 1356 2436 θεολογησάντων
1411 2365 1698 2436 Πατέρων,
1732 2366 1808 2438 μὴ

219 2459 374 2530 πρὸς
401 2457 504 2528 τῆς
553 2455 838 2528 ἀληθείας,
886 2455 1007 2525 μεθ’
1040 2450 1107 2526 ἧς
1153 2456 1351 2517 ἐκεῖνοι
1396 2454 1603 2518 ταύτας
1657 2457 1807 2508 i050-

217 2551 496 2619 λόγησαν,
526 2549 601 2619 μὴ
637 2547 776 2618 πρὸς
805 2549 902 2618 τῆς
938 2546 1172 2616 Τριὰδος
1207 2545 1400 2615 αὐτῆς,
1449 2545 1518 2598 δι’
1568 2546 1635 2617 ἢν
1671 2549 1812 2600 ἐκεῖ.

217 2655 315 2694 vat
349 2637 524 2690 πολλὰ
553 2636 649 2690 ἐπὶ
699 2637 821 2697 ταῖς
869 2633 1174 2702 Θεολογίαις
1209 2633 1441 2697 ταύταις
1496 2634 1804 2703 ἐμόγησαν,

217 2731 503 2800 ἀρκοῦσιν
525 2726 592 2789 ἃς
628 2725 783 2782 ἄλλοι
807 2725 1139 2805 διαστροφάς
1165 2728 1306 2776 κατὰ
1338 2723 1567 2793 καιροὺς
1609 2727 1808 2795 ἄπειρα

220 2818 496 2887 γάσαντο.
554 2819 613 2869 '0
647 2816 748 2887 μὲν
783 2816 896 2886 γὰρ
933 2814 1016 2878 τὸ,
1060 2813 1128 2867 τὸ
1165 2813 1235 2867 δὲ
1284 2813 1382 2868 διὰ
1435 2812 1545 2867 τοῦ
1593 2831 1811 2885 προσε-

223 2909 357 2980 χῶς
387 2910 456 2962 ἐκ
487 2908 595 2962 τοῦ
640 2907 900 2977 πρώτου,
963 2905 1071 2959 τῶν
1103 2903 1203 2958 τοῦ
1229 2906 1453 2974 Νύσσης
1488 2907 1665 2976 λόγων
1703 2908 1810 2961 ἀπο

224 3004 458 3074 ἤλειψεν
480 3019 496 3032 ·
537 3002 566 3055 δ
599 3001 657 3054 δὲ
683 3001 791 3054 τῶν
823 2999 918 3052 τοῦ
955 2999 1198 3070 μεγάλου
1229 2999 1514 3052 Βασιλείου
1546 3001 1630 3067 τὸ,
1663 3001 1808 3069 Παρ⁹

221 3095 423 3148 αὐτοῦ
463 3093 612 3162 ἕχον
674 3093 739 3145 τὸ
772 3088 951 3158 εἶναι,
988 3091 1049 3143 τδ
1085 3091 1238 3161 παρὰ
1265 3092 1356 3144 τοῦ
1387 3091 1520 3145 Υἱοῦ
1563 3092 1808 3162 δηλονότι

225 3189 295 3242 τὸ
329 3187 556 3257 Πνεῦμα
587 3183 726 3240 εἶναι
757 3187 820 3239 τὸ
842 3188 999 3253 ἂγιον
1036 3201 1050 3216 ·
1085 3185 1274 3255 ἕτερος
1311 3185 1449 3240 ὅπου
1497 3188 1526 3240 ὁ
1554 3185 1808 3256 Νύσσης,

1909 2110 2055 2150 nunc
2087 2094 2153 2149 ad
2193 2108 2310 2159 vos,
2345 2096 2438 2165 qui
2485 2095 2685 2150 divinis
2709 2094 3009 2167 Scripturis
3044 2100 3219 2169 magis
3272 2114 3333 2154 ac
3364 2116 3482 2154 ma-

1909 2187 1993 2256 gis
2026 2183 2278 2256 improbe
2309 2201 2376 2240 ac
2416 2188 2759 2242 contentiose
2798 2187 3106 2255 adharetis,
3139 2190 3348 2244 ‘nescio
3372 2207 3481 2260 quo

1911 2290 2038 2340 usu,
2070 2275 2305 2330 dicimus
2339 2293 2354 2330 :
2387 2273 2465 2330 Ne
2512 2276 2615 2331 hoc
2663 2277 2823 2331 modo
2876 2293 2973 2333 vos
3031 2281 3250 2349 geratis,
3275 2297 3356 2334 .ne
3389 2297 3484 2351 per

1909 2365 2102 2422 Patres
2133 2368 2304 2438 ipsos,
2326 2368 2418 2439 qui
2445 2384 2539 2423 eas
2561 2378 2948 2437 exposuerunt,
2979 2386 3048 2424 ne
3066 2387 3161 2440 per
3173 2373 3480 2440 veritatem,

1911 2471 2035 2511 cum
2065 2473 2171 2527 qua
2194 2458 2268 2512 illi
2294 2474 2388 2513 eas
2417 2451 2824 2521 examinarunt,
2881 2475 2945 2514 ne
2988 2476 3084 2530 per
3109 2459 3363 2518 Triadetn
3396 2464 3483 2528 ip-

1910 2563 2051 2614 sam,
2085 2549 2139 2602 in
2173 2565 2279 2619 qua
2305 2551 2382 2604 illi
2442 2551 2736 2620 asserenda
2794 2562 2945 2606 extra
2986 2555 3207 2609 modum
3259 2556 3487 2612 insuda-

1913 2651 2040 2695 runt
2077 2658 2092 2697 :
2135 2643 2268 2696 satis
2299 2650 2448 2705 sunt,
2478 2659 2616 2712 quas
2645 2643 2737 2697 alii
2772 2644 2881 2698 alio
2909 2653 3072 2714 atque
3103 2649 3212 2702 alio
3238 2659 3485 2706 tempore

1913 2737 2299 2805 perversitates
2321 2737 2614 2790 commenti
2651 2745 2798 2791 sunt.
2831 2739 2984 2792 Alius
3025 2723 3294 2807 siquidem
3328 2743 3482 2802 illud.

1910 2826 2047 2896 quod
2082 2843 2198 2880 vero
2228 2843 2292 2880 ex
2346 2827 2459 2894 illo,
2500 2827 2640 2897 quod
2690 2831 2935 2882 continue
2959 2841 3034 2883 est
3082 2847 3148 2883 ea:
3187 2834 3376 2901 primo,
3416 2849 3486 2888 ex

1912 2919 2128 2986 scriptis
2187 2916 2414 2988 Nysseni
2460 2919 2628 2972 erasit
2674 2937 2686 2973 :
2737 2919 2878 2973 alius
2943 2937 3006 2974 ex
3068 2923 3482 2978 commentariis

1914 3009 2094 3078 magni
2128 3007 2332 3072 Basilii,
2398 3009 2502 3074 Qui
2548 3011 2611 3062 ub
2641 3011 2755 3079 ipso
2789 3011 2928 3081 quod
2974 3013 3043 3066 sit
3078 3014 3252 3072 habet.
3281 3031 3310 3069 a
3346 3014 3487 3072 Filio

1914 3100 2121 3155 scilicet
2156 3099 2416 3170 Spiritum
2445 3112 2691 3155 sanctum
2720 3119 2884 3160 esse:
2917 3105 3061 3159 alius
3083 3108 3209 3174 ‘ubi
3250 3106 3481 3178 Nysseni

1911 3191 2075 3245 verba
2123 3202 2302 3255 erant,
2359 3203 2412 3245 ut
2442 3196 2785 3260 processionis
2849 3204 3057 3250 tantum
3109 3202 3484 3268 proprietatem

227 3281 340 3334 ινα
395 3280 512 3346 τὴν
551 3277 995 3346 ἐκπορευτικὴν
1056 3276 1321 3344 ἰδιότητα
1380 3275 1462 3343 τῷ
1509 3275 1807 3346 Πνεύματι

1915 3284 2140 3354 Spiritui
2171 3285 2270 3338 soli
2296 3287 2638 3339 inhaerentum
2694 3287 3052 3355 conﬁrmaret,
3091 3287 3248 3344 Patri
3292 3292 3487 3367 litteris

225 3371 398 3440 μόνῳ
444 3369 808 3437 προσοῦσαν
898 3369 1340 3436 πιστεύσηται,
1390 3368 1637 3440 ἔγραψε,
1726 3373 1804 3438 τῷ

229 3460 424 3526 Πατρὶ
465 3464 842 3529 μεταποιήσας
871 3458 1069 3528 ἔθηκεν
1103 3473 1116 3486 ⁸
1150 3457 1311 3521 ἄλλος
1347 3457 1440 3510 τὸν
1459 3459 1622 3510 αὑτὸν
1657 3459 1804 3512 Νύσ-

229 3564 336 3617 σης
386 3546 606 3616 εὑρὼν,
654 3544 1123 3612 προθεωρεῖσθαι
1177 3543 1286 3597 τὸν
1335 3543 1480 3598 flor
1541 3544 1652 3612 τῆς
1700 3545 1808 3598 τοῦ

227 3639 583 3706 Ιινεύματος
633 3637 1072 3703 ὑποστάσεως-,ἱ
1111 3636 1264 3689 κατὰ
1311 3636 1419 3689 τὸν
1457 3634 1568 3704 τῆς
1611 3637 1805 3702 αίτίας

224 3733 420 3799 λόγον
458 3729 837 3797 θεολογοῦντα,
893 3731 976 3793 τὸ,
1026 3729 1396 3796 Πνεύματος,
1437 3738 1519 3790 εις
1565 3733 1646 3794 τὸ,
1693 3732 1810 3782 Πα-

225 3821 372 3890 τρός
425 3820 762 3890 μετεποίῄσε
808 3835 819 3846 ·
870 3823 965 3871 καὶ
1024 3817 1188 3870 πάλιν
1234 3818 1370 3870 ὅπου
1417 3821 1445 3870 ὁ
1503 3818 1690 3885 αὐτὸς,
1740 3819 1808 3873 τὸ

227 3911 478 3980 Πνεῦμα
508 3911 578 3962 ἐκ
621 3907 728 3961 τοῦ
781 3908 918 3962 Υίοῦ
983 3907 1139 3960 εἶναι
1194 3907 1807 3975 προσμαρτυρεῖσθαι,

227 4007 473 4074 εἰρήκει,
537 4005 565 4055 ὁ
614 4000 928 4072 μεταποιῶν
981 4001 1104 4062 ταῖς
1154 3999 1242 4051 διὰ
1292 4000 1517 4071 σιδήρου
1573 4000 1810 4071 ξυσμαῖς

225 4099 328 4168 τὴν
366 4098 434 4161 ἐξ
466 4095 727 4163 δίεγραψε
763 4091 1029 4162 πρόθεσιν
1057 4109 1072 4124 ·
1109 4091 1203 4145 καὶ
1241 4094 1421 4175 ,πάλιν
1475 4094 1683 4163 ἔτερος,
1747 4096 1806 4148 ἐν

225 4187 310 4252 οἷς
360 4191 387 4240 ὁ
431 4188 585 4257 ᾶγίος
645 4187 966 4254 Ἐπιφάνιος
1016 4183 1160 4255 ἔφη·
1194 4185 1262 4237 El
1301 4185 1554 4251 Χριστὸς
1585 4187 1652 4240 ἐκ
1697 4187 1805 4240 τοῦ

227 4279 464 4347 ΙΙατρὸς
496 4279 843 4331 πιστεύεται
872 4275 1016 4339 Θεὸς
1032 4275 1101 4327 ἐκ
1133 4275 1304 4340 Θεοῦ,
1339 4275 1437 4329 καὶ
1465 4277 1532 4328 τὸ
1560 4263 1806 4347 Πνεῦμα

225 4375 298 4425 ἐκ
328 4371 438 4425 τοῦ
485 4368 770 4438 Χριστοῦ,
802 4367 840 4436 ἢ
871 4368 1007 4434 παρ’
1042 4365 1417 4435 ἀμφοτέρων,
1450 4369 1518 4421 El
1564 4368 1632 4422 δὲ
1666 4372 1801 4438 Χρι-

225 4467 384 4530 στὸς
458 4464 527 4515 ἐκ
593 4462 700 4514 τοῦ
751 4462 1100 4527 Πνεύματος
1144 4460 1522 4524 πιστεύεται,
1569 4459 1798 4531 ἔγραψε.

1916 3379 2219 3433 immutatis
2260 3367 2511 3448 app'osuit
2545 3397 2558 3432 :
2589 3380 2732 3434 alius
2771 3394 2899 3436 cum
2949 3382 3244 3450 reperissel
3293 3383 3486 3437 decer-

1916 3481 2130 3523 nentem
2187 3472 2439 3522 eumdem
2497 3467 2825 3540 Nyssenum,
2883 3467 3086 3523 Filium
3145 3472 3485 3542 pra'intelligi

1916 3561 2146 3626 Spiritus
2169 3560 2441 3629 [typostasi
2477 3563 2761 3614 secundum
2818 3577 2991 3615 causa:
3050 3565 3328 3627 rationem,
3366 3566 3483 3620 loco

1915 3651 2164 3718 Spiritus,
2222 3651 2404 3705 Patris
2455 3655 2741 3722 supposuit
2775 3672 2788 3706 :
2823 3670 3156 3724 rursumque
3185 3659 3277 3711 ubi
3311 3657 3478 3721 idem,

1906 3742 2159 3811 Spiritum
2192 3759 2256 3796 ea:
2291 3743 2431 3796 Filio
2453 3762 2562 3798 esse
2591 3748 2834 3798 attestari
2888 3747 3116 3812 dixerat,
3177 3751 3269 3817 qui
3309 3761 3493 3804 muta:

1910 3840 2112 3888 tionem
2151 3841 2458 3900 attentavit,
2496 3836 2640 3891 ferro
2705 3847 2887 3903 utens,
2941 3843 3384 3908 przepositionem
3417 3857 3484 3895 ex

1908 3927 2263 3992 oblitteravit;
2299 3929 2537 3996 itemque
2577 3929 2718 3982 alius
2756 3929 2845 3981 ubi
2883 3941 3107 3983 sanctus
3141 3929 3477 3998 Epiphanius

1911 4016 2041 4069 dicit
2075 4035 2086 4069 :
2151 4016 2303 4080 Quod
2334 4018 2380 4069 si
2409 4017 2648 4072 Christus
2669 4034 2734 4071 ea:
2757 4017 2920 4072 Patre
2951 4021 3184 4073 creditur
3221 4019 3360 4076 Deus
3420 4036 3485 4075 ea:

1907 4106 2040 4172 Deo,
2059 4117 2105 4160 et
2139 4107 2368 4178 Spiritus
2384 4125 2448 4162 ea:
2476 4109 2704 4174 Christo,
2741 4113 2845 4163 sive
2869 4111 2932 4162 ab
2958 4121 3196 4181 utroque.
3234 4112 3293 4166 Si
3324 4114 3483 4166 Chri-

1906 4207 2020 4252 stus
2058 4214 2122 4251 εκ
2174 4201 2378 4269 Spiritu
2410 4201 2664 4265 creditur,
2733 4203 2995 4270 reposuit.
3049 4201 3153 4256 Tut
3196 4203 3380 4272 itaque
3420 4220 3485 4258 ac

1906 4288 2075 4341 tantis
2105 4299 2157 4341 et
2195 4300 2388 4358 praeter
2415 4293 2510 4343 has
2543 4291 2667 4345 aliis
2696 4292 2748 4345 in
2779 4292 3049 4361 scriptura
3097 4295 3318 4349 tentatis
3356 4309 3483 4364 per-

1902 4377 2170 4448 fectisque
2220 4382 2690 4450 pcrversitatibus,
2724 4398 2791 4437 ne
2823 4399 2940 4450 vos,
2977 4385 3221 4454 inquam,
3259 4373 3486 4440 conten-

1905 4470 2045 4524 tiose
2085 4487 2272 4526 eorum
2297 4475 2582 4528 sententiis
2622 4476 2900 4529 mordicus
2930 4477 3403 4532 obsecundemini.

223 4557 511 4614 τοσούτων
543 4550 637 4607 οὖν
691 4553 788 4606 καὶ
842 4553 977 4623 πρὸς
1039 4551 1251 4614 τούτοις
1311 4553 1518 4621 ἐτέρων
1604 4555 1661 4606 ὲν
1717 4559 1839 4621 ταῖς
1871 4566 2111 4631 γραφαῖς
2139 4566 2440 4634 γεγονότων
2498 4568 2835 4636 ὲπισφαλῶν,
2879 4570 2953 4642 μὴ
3010 4573 3104 4624 καὶ
3148 4572 3308 4642 ὑμεῖς
3351 4575 3485 4640 ἔπη,

223 4647 532 4724 ρεαστικῶς
565 4648 688 4708 ταῖς
716 4646 945 4708 ἐννοίαις
968 4644 1148 4697 αὐτῶν
1179 4645 1492 4712 ὲπιφύεσθε.

301 4746 402 4801 κδ’.
436 4739 563 4796 Οἷον
590 4740 648 4792 δὲ
679 4740 904 4791 κάκεῖνο
963 4737 1362 4806 παρατηρῆσαί
1393 4740 1542 4790 ἐστιν
1567 4758 1580 4773 ο
1620 4744 1667 4793 οἱ
1708 4743 1807 4806 τὰς

1986 4744 2076 4797 24.
2109 4745 2280 4811 Quale
2316 4745 2480 4801 fuerit
2508 4757 2561 4802 et
2595 4748 2726 4802 illud
2759 4750 3228 4808 animadversione
3259 4757 3485 4816 minime

225 4840 372 4894 κατὰ
399 4835 646 4891 Λατίνων
679 4832 820 4885 κατὰ
858 4833 1087 4900 καιροὺς
1119 4832 1475 4901 ἀντιρρήσεις
1527 4837 1584 4886 ὲν
1643 4835 1801 4900 ἰδίαις

225 4932 578 5001 συγγραφαῖς
606 4925 972 4993 ἐκτιθέμενοι,
1013 4921 1086 4992 μὴ
1133 4923 1192 4986 ἐξ
1232 4925 1559 4988 ἀποδείξεων
1600 4945 1802 4998 γραφι-

223 5027 337 5080 κῶν
364 5025 445 5084 εἰς
483 5020 686 5073 ἄτοπόν
745 5034 799 5070 τι
854 5016 1141 5086 περιιστᾷν
1187 5017 1245 5069 τὸ
1300 5021 1432 5088 παρ.
1474 5019 1652 5072 αὐτῶν
1708 5022 1802 5073 λε-

193 5117 456 5185 ,γόμενον
511 5111 768 5182 ἔχοντες,
843 5106 981 5169 ιδίας
1043 5107 1200 5161 αὐτοὶ
1278 5107 1560 5176 δογμάτων
1626 5114 1800 5181 ἀρχὰς

221 5203 599 5259 ἁνεπλάσαντο
626 5197 717 5250 ὑπ’
749 5196 982 5266 ἀρχηγῷ
1008 5197 1200 5266 Φωτίῳ
1229 5199 1322 5249 καὶ
1355 5198 1557 5270 πρώτῳ
1589 5202 1796 5257 τούτων

220 5294 489 5364 είσηγητῇ
513 5306 524 5318 ·
572 5290 666 5341 καὶ
700 5289 799 5340 οὐκ
829 5287 893 5352 ἄν
931 5305 1017 5351 τις
1047 5289 1122 5350 ῶς
1148 5291 1230 5352 εις
1257 5291 1457 5343 ἄτοπόν
1486 5309 1539 5344 τι
1590 5294 1804 5360 ἀπαγό-

226 5397 386 5452 μενον
413 5376 693 5440 ἁποδεῖξαι
721 5374 822 5446 ἔχῃ
865 5373 928 5425 τὸ
959 5377 1023 5426 ὲκ
1055 5375 1272 5443 Πατρὸς
1309 5377 1405 5429 καὶ
1435 5377 1589 5440 Υἱοῦ,
1640 5383 1687 5431 εὶ
1722 5383 1796 5452 μή
1862 5376 1882 5391 ’

219 5488 346 5527 τινα
400 5471 528 5540 μίαν
577 5469 687 5520 τῶν
738 5467 1144 5536 πεπλασμένων
1185 5467 1389 5519 τούτων
1439 5472 1796 5539 προκαλεῖται

222 5559 429 5633 ἀρχῶν.
461 5558 582 5610 Τῶν
624 5557 683 5609 δὲ
723 5557 822 5624 τῆς
861 5559 992 5624 μιᾶς
1023 5558 1121 5626 μὲν
1154 5559 1214 5610 τὸ
1242 5558 1440 5626 ψεῦδος
1468 5562 1590 5630 τῆς,
1642 5562 1829 5630 Πᾶν’.

219 5652 507 5721 λεγούσης,
539 5650 608 5704 τὸ
653 5649 749 5700 ἐπὶ
793 5647 905 5714 τῆς
949 5648 1189 5717 Τριάόος
1216 5653 1546 5720 λεγόμενον
1567 5653 1621 5721 ,ἢ
1656 5654 1796 5722 ἑνός

219 5747 394 5802 ἐστιν
442 5744 478 5811 ῆ
529 5740 648 5795 τῶν
681 5738 882 5808 τριῶν,
916 5741 1020 5809 ὑπὸ
1076 5743 1169 5794 τοῦ
1203 5743 1298 5813 τῆς
1332 5743 1610 5814 θεολογίας
1654 5751 1831 5803 ὲπω-·

219 5837 391 5907 νύμου
419 5833 687 5904 λαμπρῶς
713 5833 1075 5901 ἀπελέγχεται
1114 5838 1170 5886 ὲν
1201 5829 1283 5897 οἷς
1318 5839 1545 5904 ἐκεῖνος,
1578 5842 1799 5894 Κοινὸν

220 5931 352 6002 τὰρ.
409 5927 564 5997 φησι»
617 5926 727 5992 Υιῷ
774 5927 892 5995 μὲν
927 5928 1024 5979 καί
1075 5930 1220 5996 ἁγίῳ
1259 5931 1560 6000 Πνεύματι
1617 5935 1681 5986 τὸ
1729 5934 1798 5987 ἐκ

471 6027 742 6083 Parnm.
777 6027 892 6079 tia.
927 6021 1136 6083 CXLI.

1911 4837 2190 4906 indignum
2229 4857 2242 4893 :
2292 4839 2393 4906 Qui
2429 4843 2691 4896 adversus
2722 4841 2946 4897 Latinos
3008 4845 3128 4899 aliis
3163 4858 3326 4918 atque
3358 4854 3484 4908 ali's

1911 4932 2244 4997 temporibus
2275 4933 2737 4988 contradictiones
2773 4934 2827 4986 in
2871 4937 3103 5004 propriis
3146 4953 3486 5000 commenta-

1909 5019 2007 5073 riis
2033 5020 2393 5086 tligesserunt,
2427 5038 2548 5076 cum
2581 5039 2690 5076 non
2725 5037 2942 5093 possent
2975 5041 3042 5079 ex
3070 5030 3275 5099 scripto
3311 5035 3484 5089 tradi-

1909 5111 1977 5164 tis
2034 5112 2600 5168 demonstrationibus
2655 5117 2706 5168 in
2742 5115 3062 5182 absurdum,
3094 5123 3239 5188 quod
3269 5125 3338 5177 ab
3375 5125 3483 5182 illis

1907 5205 2360 5273 asseverahutur,
2457 5207 2761 5274 deducere,
2855 5211 3073 5279 propria
3164 5214 3478 5284 dogmatum

1909 5296 2176 5366 principia
2229 5297 2605 5364 continuisse,
2656 5299 2759 5354 sub
2815 5315 3003 5354 eorum
3056 5304 3194 5360 duce
3255 5306 3470 5376 Photio,

1909 5388 2196 5457 primoque
2246 5389 2513 5443 similium
2549 5390 2954 5458 introductore;
3006 5395 3324 5466 nullumque
3358 5416 3479 5457 esse

1906 5482 1998 5547 qui
2046 5481 2346 5534 absurdum
2402 5483 2454 5535 in
2505 5496 2564 5536 se
2612 5482 2891 5538 continere
2946 5485 3146 5540 dictum
3199 5489 3364 5554 illud,
3411 5509 3482 5548 ex

1905 5567 2071 5622 Patre
2093 5578 2145 5621 et
2170 5569 2308 5623 Filio
2335 5571 2817 5636 demonstraverit,
2853 5573 2907 5626 ni
2939 5591 3103 5628 unum
3131 5592 3196 5630 ex
3231 5582 3479 5638 conﬁctis

1907 5660 2060 5715 hisce
2097 5664 2384 5732 principiis
2418 5670 2813 5734 assumpserit;
2851 5677 2902 5718 et
2939 5668 3098 5723 unius
3131 5672 3374 5740 quidem,
3411 5693 3479 5732 ex

1909 5753 2046 5816 illis,
2094 5757 2239 5823 quod
2277 5756 2502 5821 asserit,
2555 5757 2824 5828 Quidquid
2869 5759 2933 5812 de
2966 5760 3228 5818 Trinitate
3262 5768 3478 5836 dicitur,

1908 5854 1999 5896 aut
2048 5847 2205 5916 unius
2242 5857 2317 5900 est
2349 5857 2440 5899 aut
2483 5851 2680 5913 trium,
2719 5849 2932 5905 falsitas
2969 5865 2999 5906 ι
3040 5852 3316 5927 Theologo
3347 5859 3484 5914 Gre-

1908 5937 2062 6007 gorio
2105 5947 2291 6007 aperte
2340 5937 2625 6004 refellitur,
2674 5957 2796 5996 cum
2853 5942 2942 5994 ille
2973 5944 3159 5998 dicat:
3194 5945 3482 6009 Commune

2923 6033 2998 6094 32

3285 29 3296 40 ι
3493 23 3520 34 ι-
3797 14 3866 40 ,ςε-
