4132 6498
106 571 233 640 1033

940 578 1041 639 DE
1079 573 1599 637 PROCESSIONE
1641 571 1699 630 S.
1746 571 2105 633 SPIRITUS
2143 570 2369 631 ORAT.
2413 567 2464 628 I.

3209 552 3343 620 103i

113 691 364 762 Ἐπείπερ
396 691 425 744 ό
454 691 554 762 μὲν
598 691 687 745 ἐπὶ
734 689 850 760 λαῷ
901 691 1298 759 παθαινόμενος
1350 685 1668 741 ἀπειθοῦντι

1799 685 1892 738 lem
1920 685 2007 741 ille
2028 702 2125 756 pro
2144 685 2345 756 populo
2374 678 2621 736 indolens
2649 679 3042 749 rcfragante,et
3067 674 3346 745 przeccptis

102 782 194 833 καὶ
221 780 550 848 ἀντιλέγοντι
579 783 693 844 τοῖς
729 781 825 834 τοῦ
861 782 1068 852 Κυρίου
1105 778 1542 849 προστάγμασιν,
1578 775 1668 827 τὸν

103 870 323 939 οὐρανὸν
379 870 722 940 μαρτύρεται
765 874 861 923 καὶ
889 869 990 941 τὴν
1020 867 1124 938 γῆν
1155 869 1264 936 ἐγὼ
1290 869 1346 920 δὲ
1373 869 1674 936 γηθόμενος

105 961 188 1028 ἔφ’
216 960 292 1024 οἷς
320 961 545 1031 ἐποίησε
581 962 676 1014 νῦν
715 963 1022 1032 μεγαλείοις
1054 964 1133 1023 είς
1166 961 1315 1029 ἡμᾶς
1347 961 1375 1011 ὁ
1406 958 1674 1028 κρείττων

101 1071 163 1108 τε
208 1053 298 1107 καὶ
349 1055 488 1122 ὑπὲρ
538 1055 706 1122 ἡμᾶς.
735 1054 847 1106 Kal
896 1055 924 1106 ὁ
965 1053 1063 1122 μὲν
1115 1053 1190 1114 ώς
1238 1049 1518 1103 ὀνειδίσων
1581 1049 1675 1100 τὸν

101 1143 402 1214 γογγυστὴν
459 1144 696 1214 Ἰσραὴλ,
743 1143 856 1211 ἐγὼ
887 1143 930 1196 δ’
971 1143 1047 1204 ώς
1073 1142 1151 1210 τῷ
1200 1137 1517 1202 δεσπόζόντι
1568 1139 1675 1191 τῶν

102 1236 236 1288 ὅλων
267 1235 858 1303 ὰνθομολογησόμενος.
897 1234 1052 1287 Ἀλλά
1089 1233 1210 1284 τίνα
1233 1231 1304 1283 τά
1328 1231 1548 1301 ῥήματα
1577 1229 1676 1298 τῆς

106 1328 166 1376 ἑν
201 1326 515 1387 ἀγαλλιάσει
551 1326 687 1394 πρδς
735 1325 826 1378 τὸν
861 1325 1126 1393 ’Ὕψιστον
1156 1322 1676 1392 ἀνθομολογήσεως;

108 1411 286 1487 ’Δπερ
311 1419 470 1481 αὐτὸς
498 1420 704 1480 ἐκεῖνος
729 1420 758 1471 ὁ
794 1417 1098 1487 θεολήπτης
1131 1414 1386 1487 ἀπαρχὴν
1416 1415 1514 1478 τῆς
1546 1414 1681 1485 πρὸς

107 1510 231 1569 τοὺς
297 1507 843 1577 παραπικραίνοντας
938 1507 1283 1575 ὲπιπλήξεως
1366 1506 1680 1575 ἐποιήσατο.

109 1603 268 1663 Θεὸς,
300 1600 562 1666 ἀληθινὰ
609 1600 680 1652 τὰ
729 1598 874 1668 ἔργα
904 1598 1115 1663 αὑτοῦ,
1143 1597 1240 1651 καὶ
1267 1597 1456 1651 πᾶσαι
1474 1599 1534 1649 αι
1558 1593 1686 1650 ὁδοὶ

106 1691 290 1742 αὑτοῦ
316 1691 565 1755 κρίσεις.
622 1690 768 1753 Θεὸς
803 1689 1040 1753 πιστὸς,
1084 1687 1182 1741 καί
1214 1688 1325 1740 οὐκ
1359 1690 1528 1740 ἐστιν
1554 1684 1684 1739 ἀδι-

105 1779 509 1842 κίαέναὺτῷ,
560 1780 798 1843 Δίκαιος
850 1779 950 1832 καὶ
1004 1778 1173 1842 ὅσιος
1225 1781 1258 1831 ό
1311 1779 1549 1845 Κύριος,
1604 1775 1685 1842 ὃς,

108 1873 197 1925 ἵνα
238 1870 296 1922 τὸ
323 1871 431 1937 ἀπὸ
473 1869 626 1922 τοῦδε
657 1872 769 1930 τοῖς
800 1868 895 1921 τοῦ
935 1869 1216 1937 προφήτου
1248 1869 1346 1921 καὶ
1392 1865 1686 1935 νομοθέτου

109 1961 478 2032 προσαρμόσω
509 1960 576 2012 τά
606 1959 869 2028 ἐμαυτοῦ,
909 1959 1241 2028 σπλάγχνοις
1283 1957 1688 2026 φιλανθρώποις

111 2052 512 2117 ὲπικαμφθεὶς,
559 2051 660 2103 οὐκ
687 2050 873 2102 εἴασεν
903 2051 1051 2119 ἡμᾶς
1086 2050 1266 2101 ὀπίσω
1315 2048 1424 2099 τῶν
1472 2047 1690 2101 οἰκείων

111 2142 431 2210 θελημάτων
483 2140 815 2210 πορεύεσθαι
865 2142 1005 2194 κατά
1050 2140 1176 2203 τοὺς
1208 2139 1438 2202 πολλοὺς
1473 2141 1600 2202 τοὺς
1634 2140 1691 2191 ὲν

110 2237 227 2294 ταῖς
275 2236 706 2302 παρῳχημέναις
756 2232 1067 2302 ἔμπροσθεν
1107 2234 1340 2298 γενεαῖς,
1390 2231 1440 2283 οἶ
1498 2228 1692 2282 καὶτὰ

109 2325 367 2378 δοκοῦντα
394 2325 524 2394 περὶ
550 2323 648 2376 τοῦ
677 2325 775 2393 τῆς
808 2323 1138 2394 ὑπερουσίου
1168 2323 1394 2390 Τριάδος
1427 2323 1569 2386 ἑνὸς,
1599 2320 1692 2374 τοῦ

113 2417 379 2481 παναγίου
456 2417 551 2468 καὶ
596 2415 908 2485 ζωαρχικοῦ
961 2417 1106 2483 λέγω
1195 2415 1537 2484 Πνεύματος,
1587 2412 1696 2466 ἀπὸ

113 2507 319 2568 κοιλίας
338 2508 434 2577 ὴρε
448 2506 663 2575 ύγοντο,
699 2507 893 2559 πλατεῖ
921 2507 1014 2560 καὶ
1037 2507 1212 2575 ἀνέτῳ
1234 2507 1310 2574 τῷ
1338 2506 1572 2574 στόματι
1597 2505 1696 2573 τὴν

113 2600 390 2667 ἄφραστον
430 2599 595 2668 αὐτοῦ
632 2598 1014 2666 θεολογοῦντες
1063 2599 1157 2665 ἀφ’
1189 2597 1400 2649 ἑαυτῶν
1435 2595 1693 2666 ὕπαρξιν,

114 2688 214 2739 καὶ
259 2687 710 2758 λογομαχοῦντες,
745 2688 879 2756 φεῦί
917 2688 1011 2740 ἐπὶ
1043 2689 1398 2757 καταστροφῇ
1425 2686 1533 2738 τῶν
1575 2687 1697 2738 Ἐκ-

117 2778 356 2846 κλησιῶν
410 2781 489 2840 εἰς
519 2780 671 2832 οὐδὲν
709 2781 1002 2850 χρήσιμον,
1032 2779 1092 2829 τὸ
1142 2778 1541 2846 ὀλεθριώτατον
1588 2778 1699 2831 τῶν

121 2868 375 2922 ἁπάντων
408 2869 504 2921 καὶ
529 2870 1031 2935 ἐπικινδυνότατον,
1065 2868 1182 2920 ἀλλ’
1211 2870 1486 2937 ἐπισκοπῇ
1517 2868 1700 2934 κρείτ-

117 2975 238 3011 τονι
267 2959 425 3025 λόγου
462 2960 555 3011 καὶ
587 2958 830 3020 διανοίας
882 2959 1340 3027 ἐπισκεψάμενος,
1387 2958 1574 3029 ὥσπερ
1605 2960 1711 3016 αὐο,

120 3050 212 3112 τδς
262 3051 290 3100 ὁ
338 3050 539 3119 Κύριος
597 3051 652 3101 ὲν
709 3048 1062 3117 Εὑαγγελίοις
1099 3050 1540 3120 παρεκελεύσατο
1590 3055 1702 3115 τοῖς

126 3145 313 3206 πᾶσιν,
369 3140 704 3208 Ἔρευνᾶτε,
740 3158 757 3190 ›
787 3141 1264 3209 προτρεπόμενος,
1303 3142 1409 3206 τὰς
1435 3142 1701 3209 Γραφὰς,

125 3233 280 3286 τοῦτο
308 3233 374 3285 τὰ
401 3231 496 3284 νῦν
526 3232 690 3306 ἔργον
719 3232 907 3285 θέσθαι
941 3232 1359 3285 σπουδαιότατον
1389 3234 1536 3302 ἡμᾶς
1561 3233 1706 3286 διαν-

1779 776 2078 833 Dominicis
2102 777 2532 839 contradicente,
2555 774 2753 828 coelum
2780 781 3087 836 terramque
3118 767 3170 819 in
3197 764 3346 820 testi-

1781 870 2022 923 monium
2062 869 2333 934 advocat;
2385 882 2484 936 ego
2517 882 2647 920 vero
2691 864 2878 918 Ιιιέιίιία
2924 861 3206 915 exsultans
3253 872 3346 926 pro

1770 961 2086 1029 magniﬁcis
2113 961 2164 1012 in
2203 975 2302 1013 nos
2337 960 2402 1012 ab
2437 974 2522 1019 eo.
2551 958 2643 1028 qui
2683 957 2838 1010 nobis
2875 954 3068 1008 melior
3102 961 3155 1006 et
3188 965 3352 1019 supra

1781 1068 1881 1107 nos
1937 1061 2040 1116 est,
2097 1051 2323 1119 patratis
2374 1067 2386 1101 :
2440 1049 2529 1102 ille
2577 1059 2630 1102 et
2656 1059 2704 1101 te
2756 1049 3046 1114 increpans
3098 1042 3352 1096 lsraelem

1781 1141 2310 1204 obmurmurantcm,
2345 1153 2443 1207 ego
2473 1139 2547 1191 uti
2596 1152 2777 1190 rerum
2831 1135 3074 1188 omnium
3125 1131 3356 1183 Dmnino

1782 1234 1984 1302 gratias
2028 1242 2272 1285 acturus.
2313 1230 2416 1283 Sed
2458 1245 2704 1298 quamam
2753 1228 2913 1280 verba
2977 1224 3179 1278 fuerint
3230 1235 3353 1289 erga

1782 1321 2216 1376 excelsissimum
2281 1321 2632 1383 illum,dum
2706 1317 3079 1371 subsultumus
3137 1313 3357 1381 gaudio,

1785 1413 2083 1480 gratiarum
2132 1410 2404 1464 actionis?
2449 1409 2541 1463 illa
2588 1409 2798 1472 eadem,
2858 1422 2980 1476 quae
3010 1405 3220 1457 amatus
3272 1403 3361 1456 ille

1785 1504 2016 1559 Numine
2060 1503 2457 1573 obiurgationis
2504 1501 2765 1553 adversus
2808 1500 2888 1553 sui
2918 1499 3087 1567 ipsius
3117 1501 3362 1548 animum

1787 1597 2122 1653 oﬂ‘endentes
2155 1596 2368 1648 initium
2411 1592 2577 1646 fecit:
2635 1591 2794 1653 Deus,
2836 1607 2955 1643 vera
3000 1605 3159 1658 Opera
3192 1588 3360 1653 illius,

1787 1701 1835 1741 et
1878 1703 2054 1741 omnes
2080 1687 2176 1740 via:
2219 1689 2332 1754 ejus
2370 1684 2623 1753 judicia:
2668 1683 2805 1737 Deus
2845 1681 3017 1748 ﬁdelis
3059 1691 3108 1736 et
3142 1698 3245 1734 non
3289 1691 3365 1734 est

1789 1781 2059 1850 injustitia
2097 1780 2152 1832 in
2187 1795 2270 1841 eo,
2306 1779 2490 1848 justus
2517 1789 2564 1830 et
2605 1787 2777 1830 rectus
2807 1775 3068 1828 Dominus
3099 1777 3144 1840 ¹,
3177 1793 3196 1825 ι
3247 1774 3366 1842 qui,

1792 1882 1850 1925 ut
1912 1871 2037 1924 inde
2088 1885 2206 1924 mea
2250 1868 2318 1922 ad
2359 1870 2635 1939 propheta:
2692 1868 2836 1922 illius
2903 1876 2955 1921 et
2998 1867 3369 1936 legumlatoris

1790 1961 1952 2014 verba
2004 1963 2273 2030 adaptem,
2337 1961 2641 2014 visceribus
2700 1959 3090 2013 misericordiae
3162 1965 3369 2021 motus,

1793 2067 1900 2104 non
1967 2051 2208 2105 deseruit
2265 2067 2385 2118 nos,
2440 2059 2498 2104 ut
2560 2061 2680 2121 post
2738 2051 3050 2104 voluntates
3117 2050 3370 2119 prOprias

1795 2143 2226 2205 ambularemus,
2268 2145 2432 2198 sicuti
2481 2144 2724 2212 plerique
2784 2144 2878 2212 qui
2908 2152 3036 2197 ante
3078 2158 3177 2198 nos
3207 2158 3372 2211 supe-

1795 2233 2035 2287 rioribus
2068 2233 2515 2300 generationibus
2554 2240 2977 2302 praecesserunt,
3011 2232 3102 2302 qui
3134 2233 3376 2302 compla-

1795 2324 1903 2379 cita
1977 2325 2080 2378 sibi
2154 2326 2220 2378 de
2280 2340 2389 2379 uno
2458 2325 3008 2394 supersnbstantialis
3065 2323 3374 2391 Trinitatis,

1798 2417 2147 2471 sanctissimo
2191 2417 2410 2486 inquam
2463 2428 2518 2471 et
2559 2418 2774 2469 vivitico
2821 2415 3054 2485 Spiritu,
3087 2432 3152 2472 ex
3190 2428 3380 2472 ventre

1798 2513 2149 2570 eructarunt,
2205 2505 2316 2559 lato
2377 2502 2690 2573 eﬂ'renoqne
2774 2522 2868 2560 ore
2941 2507 3368 2560 inenarrabilem

1799 2597 1945 2652 illius
1978 2612 2045 2652 ex
2075 2598 2268 2664 seipsis
2298 2597 2672 2651 exsistentiam
2700 2599 3079 2660 decernentes,
3117 2607 3170 2650 et
3198 2598 3379 2651 verbis

1801 2689 2213 2753 contendentes,
2249 2703 2328 2741 va:
2356 2689 2482 2741 illis!
2519 2689 2571 2740 in
2600 2687 2966 2741 Ecclesiarum
3012 2687 3381 2757 perniciosam

1801 2779 2254 2844 destructionem,
2291 2783 2435 2848 quod
2467 2780 2712 2832 om..inm
2761 2789 2844 2832 est
2875 2780 3110 2832 maxime
3157 2779 3380 2832 noxium

1804 2876 1855 2922 et
1881 2869 2270 2938 periculosum;
2309 2870 2400 2922 sed
2431 2870 2650 2922 meliore
2675 2869 2905 2924 rationis
2925 2879 2978 2923 et
3011 2869 3385 2937 intelligentia:

1805 2959 2140 3029 inspectione
2168 2960 2418 3024 visitans,
2451 2960 2525 3012 uti
2559 2962 2675 3029 ipse
2713 2961 2976 3014 Dominus
3001 2962 3050 3014 in
3079 2961 3385 3031 Evangeliis

1806 3055 2052 3123 praecipit
2107 3054 2366 3107 omnibus
2418 3071 2433 3108 :
2488 3053 2738 3108 Scrutate
2795 3053 3105 3122 Scriptura:
3143 3055 3184 3120 ⁸,
3258 3065 3386 3111 ante

1807 3146 1989 3199 omnia
2051 3154 2103 3197 et
2143 3145 2424 3213 praecipue
2480 3146 2761 3208 excitavit,
2833 3143 3123 3215 effecitque
3178 3155 3234 3198 ut
3285 3161 3386 3201 nos

1811 3243 2126 3290 sanctorum
2162 3233 2384 3288 Patrum
2422 3235 2627 3303 scripta
2664 3251 3132 3305 percurreremus,
3170 3237 3388 3306 illisque

127 3327 346 3394 έστησε,
398 3325 496 3388 τὰς
572 3325 682 3376 τῶν
734 3325 907 3390 ἁγίων
956 3324 1220 3394 Πατέρων
1281 3325 1695 3393 παρασκευάσας

1811 3345 1920 3382 non
1953 3328 2298 3397 indiligenter
2333 3330 2615 3394 inspectis,
2649 3329 2909 3396 optimam
2941 3343 3132 3383 eorum
3204 3343 3390 3397 perce-

126 3420 342 3490 γραφάς
396 3415 701 3484 μετελθεῖν,
744 3411 832 3478 αἷς
884 3417 1019 3484 δῆτα
1067 3417 1162 3468 καὶ
1221 3416 1705 3485 μετ’,ἐπιμελείας

125 3509 468 3579 ἐγκύψαντας
500 3508 734 3576 ἀρίστως
784 3507 1068 3560 ἐπιϐαλεῖν
1106 3507 1183 3576 τῷ
1217 3506 1496 3575 Πνεύματι
1526 3508 1705 3560 καθω-

123 3603 390 3671 δήγησεν·
431 3599 490 3664 ἐξ
523 3594 596 3650 ὧν
625 3598 722 3668 τὴν
760 3598 926 3667 μέχρι
957 3598 1111 3650 τοῦδε
1146 3601 1532 3668 κρυπτομένην
1567 3601 1706 3652 ἀπο-

124 3691 494 3758 καλυφθέντες
541 3688 801 3758 ditatis.th
849 3687 1264 3758 κατελάϐομεν,
1299 3687 1395 3740 καὶ
1433 3688 1712 3758 συνήφθη·

125 3799 228 3853 μεν
279 3785 337 3834 ἐν
380 3779 456 3845 τῷ
492 3779 718 3847 παρόντι
758 3784 871 3842 τοῖς
922 3781 1022 3849 τῆς
1058 3779 1441 3850 πρεσϐυτέρας
1486 3779 1710 3849 Ῥώμης

121 3874 342 3942 ἀληθῶς
379 3873 474 3923 καὶ
508 3872 650 3922 κατά
678 3871 936 3940 Χριστὸν,
972 3865 1052 3933 οἷς
1081 3870 1147 3939 δὴ
1187 3869 1293 3940 πρὸ
1329 3868 1558 3938 βραχέος
1589 3869 1712 3939 τρό.

125 3982 232 4023 στος
281 3964 432 4033 ἡμᾶς
475 3963 787 4032 οἰκονομίας
826 3963 1137 4026 συνέδησεν,
1169 3963 1588 4032 ἀπορραγέντας
1621 3961 1716 4012 αὑ-

122 4058 236 4110 τῶν
265 4057 353 4109 διὰ
385 4056 547 4124 κενῆς
578 4060 641 4107 ἐκ
675 4056 913 4124 μακροῦ,
941 4055 1102 4108 τοῦτο
1143 4052 1241 4105 τοῦ
1285 4054 1419 4105 Θεοῦ
1451 4054 1538 4105 δια
1573 4054 1716 4121 πλῆ-

127 4150 223 4211 θος
255 4148 548 4218 ἁμαρτιῶν
576 4148 793 4208 πάντως
824 4147 1326 4216 παραχωρήσαντος
1359 4147 1448 4195 ἐπ’
1471 4145 1717 4215 ἀπωλείᾳ

123 4238 224 4293 τοῦ
253 4240 446 4306 γένους
479 4238 660 4309 ἡμῶν.

206 4331 271 4402 β’.
310 4331 596 4384 Ἐντεῦθεν
626 4331 735 4401 γὰρ
759 4331 937 4384 πάντα
961 4332 1259 4386 συνέπεσεν
1293 4333 1426 4401 ἡμῖν
1449 4330 1525 4382 τὰ·
1545 4330 1716 4396 δεινὰ,

125 4424 226 4476 καὶ
281 4425 350 4475 τὰ
395 4424 497 4492 τῆς
542 4423 844 4492 εὐκληρίας
879 4425 977 4492 τῆς
1011 4426 1249 4487 παλαιᾶς
1282 4426 1717 4493 ἀνατέτραπται,

1809 3421 2050 3490 ptionem
2081 3419 2285 3487 Spiritu
2312 3420 2594 3483 conduxit,
2626 3429 2680 3472 et
2702 3409 2766 3472 ad
2793 3419 2907 3473 haec
2941 3434 3114 3488 usque
3144 3427 3388 3485 tempora

1811 3513 2088 3565 occultata
2115 3510 2342 3564 veritate
2393 3509 2750 3577 deprehensa,
2779 3523 2902 3562 cum
2936 3508 3172 3562 senioris
3205 3507 3391 3562 Roma

1811 3603 2034 3656 asseclis
2064 3617 2188 3655 vere
2239 3615 2291 3655 et
2331 3601 2629 3655 secundum
2683 3598 2960 3652 Christum
3012 3598 3292 3665 canjuncti
3336 3598 3389 3649 in

1813 3691 2098 3761 praesentia
2125 3705 2339 3752 sumus,
2372 3691 2572 3758 quibus
2598 3703 2694 3742 nos
2723 3688 2887 3756 paulo
2910 3697 3034 3740 ante
3074 3688 3393 3740 (Economiw

1815 3781 2010 3836 modus
2068 3781 2365 3851 colligavit,
2394 3782 2462 3833 ab
2509 3779 2714 3834 eisdem
2771 3787 2974 3831 temere
3025 3793 3120 3846 per
3161 3777 3392 3830 multum

1816 3883 1941 3927 ante
1970 3883 2185 3942 tempus
2214 3872 2544 3941 disjnnctos,
2576 3871 2680 3924 hoc
2715 3871 2821 3924 Deo
2856 3880 3077 3940 pr0pter
3107 3871 3392 3924 innumera

1819 3975 2003 4026 nostra
2067 3965 2273 4020 scelera
2337 3966 2404 4018 ad
2457 3965 2884 4020 internecionem
2945 3963 3159 4033 generis
3221 3960 3392 4014 nostri

1820 4057 2189 4125 permittente.

1889 4339 1946 4393 2.
1991 4338 2126 4392 Hinc
2171 4336 2316 4391 enim
2367 4348 2524 4388 noxae
2576 4348 2766 4387 omnes
2822 4347 2920 4385 nos
2973 4345 3312 4405 Oppressere,
3346 4339 3400 4384 et

1824 4430 2059 4485 felicitas
2090 4430 2315 4498 antiqua
2363 4434 2417 4479 et
2457 4440 2720 4496 prospera
2749 4424 2806 4478 in
2840 4421 3200 4477 infortunium
3250 4439 3399 4478 versa

125 4517 195 4570 τὸ
253 4516 356 4584 μὲν
382 4515 495 4568 τῶν
543 4517 640 4586 τῆς
676 4516 863 4587 Ἀγαρ
912 4517 1197 4584 ἀπογόνων
1254 4516 1695 4586 καταδραμόντωε

1820 4533 1925 4586 est,
1988 4521 2183 4588 partim
2257 4519 2400 4587 quod
2467 4517 2536 4571 ab
2594 4517 2770 4587 Agare
2845 4513 3060 4568 oriundi
3114 4516 3406 4584 plerasque

123 4611 230 4672 τὰς
260 4608 383 4662 καθ’
413 4609 527 4660 Ἕω
558 4609 779 4671 πλείους
811 4609 994 4669 πόλεις
1050 4607 1146 4660 καὶ
1175 4607 1356 4676 χώρας
1411 4610 1443 4676 ἡ
1455 4609 1591 4676 μῶν,
1627 4622 1695 4658 κα

1820 4615 2064 4671 Orientis
2118 4614 2304 4677 urbes,
2360 4613 2718 4682 regionesque
2768 4617 2983 4663 nostras
3038 4611 3405 4673 vaSIaverint;

123 4702 338 4762 ταύτας
391 4701 781 4771 ποιησαμένων
831 4700 1044 4753 ἑαυτῶν
1095 4700 1436 4767 καταγώγια,
1471 4699 1562 4750 ναὶ
1610 4699 1695 4767 μὴ’

1824 4709 1990 4776 inque
2025 4706 2130 4758 illis
2179 4707 2336 4759 sedes
2385 4715 2437 4757 et
2501 4702 2858 4755 tabernacula
2905 4700 3312 4762 collor-averint,
3356 4711 3412 4752 et

125 4795 224 4848 καὶ
281 4797 625 4862 κατεχόντων
674 4795 731 4854 ὲς
781 4792 942 4860 δεῦρο
989 4793 1351 4862 τυραννικῶς,
1387 4791 1461 4853 ώς
1498 4791 1623 4842 ἔνθα
1650 4809 1695 4842 τε

1827 4799 1893 4852 ad
1947 4800 2087 4852 hanc
2131 4807 2341 4851 aetatem
2402 4796 2689 4865 tyrannide
2737 4803 2985 4862 premant
3023 4793 3178 4853 adeo,
3217 4799 3277 4847 ut
3319 4794 3408 4844 ubi

121 4885 223 4938 τοῦ
280 4883 524 4955 Χριστοῦ
570 4885 839 4952 πρότερον
872 4886 1156 4952 ἐνηργεῖτο
1192 4884 1312 4935 θεῖα
1345 4884 1622 4950 μυστήρια
1654 4899 1695 4933 τι

1826 4897 1984 4943 antea
2019 4888 2228 4941 Christi
2282 4885 2464 4940 divina
2512 4885 2768 4955 mysteria
2800 4882 3208 4940 eﬂiciehantur,
3265 4897 3413 4935 nunc

119 4975 223 5028 τοῦ
266 4974 471 5044 μιαροῦ
508 4975 753 5042 Μωάμεδ
814 4973 1156 5026 ἐκτελεῖσθαι
1219 4973 1312 5024 νῦν
1370 4973 1564 5040 ὄργια,
1627 4987 1695 5020 κα

1826 4980 2024 5048 impuri
2049 4959 2344 5032 Mahoineti
2381 4977 2723 5031 caeremoniis:
2753 4983 3104 5044 peragantnr,
3142 4983 3196 5026 et
3229 4989 3416 5026 saeto-

118 5067 260 5129 τοὺς
298 5067 478 5136 ἱεροὺς
532 5067 626 5118 καὶ
682 5065 1018 5134 σεϐασμίους
1058 5065 1219 5127 ναοὺς
1253 5064 1347 5115 τοῦ
1382 5061 1518 5115 Θεοῦ
1553 5079 1688 5132 πονη

1826 5082 2029 5124 sancta:
2059 5080 2112 5122 et
2151 5070 2472 5123 veneranda:
2525 5068 2772 5120 Numinis
2801 5067 2965 5128 aedes,
3004 5067 3054 5117 in
3095 5080 3410 5133 pravorum,

124 5157 246 5229 ρῶν
273 5158 372 5210 καὶ
403 5157 763 5227 ψυχοϐλαϐῶν
802 5156 1077 5225 δαιμόνων
1111 5151 1249 5206 εἶναι
1293 5155 1695 5222 κατοικητήρια

1828 5172 1879 5217 et
1907 5163 2104 5216 animis
2158 5163 2473 5215 nocentium
2531 5161 2841 5213 daamonum
2892 5159 3262 5211 habitationes
3291 5175 3416 5212 cra-

120 5253 208 5322 τῷ
235 5253 337 5322 τὴν
372 5253 626 5323 μυσαράν
660 5253 756 5304 καὶ
804 5251 1036 5321 βέϐηλον
1068 5249 1161 5301 τοῦ
1197 5248 1494 5319 Μαχούμετ
1529 5248 1690 5316 κλῆσι

1832 5254 2028 5317 serint,
2066 5255 2213 5322 quod
2258 5255 2310 5306 in
2355 5253 2462 5306 illis
2489 5255 2821 5306 exsecranda
2861 5250 3201 5321 profanaque
3228 5251 3418 5304 Multa-

120 5347 186 5397 ἐν
217 5343 438 5406 τούτοις
494 5342 975 5416 ἀνακηρύττεσθαι
1033 5341 1240 5409 σφόδρα
1289 5338 1499 5400 κακῶς,
1535 5341 1592 5388 ὲν
1644 5333 1695 5388 oi

1834 5347 1961 5397 meti
2002 5345 2289 5413 appellatio
2331 5345 2720 5413 proclametur,
2785 5345 3017 5408 pessime
3065 5343 3330 5412 proiecm,
3365 5345 3419 5397 in

122 5449 268 5485 ποτε
292 5433 355 5483 τὸ
389 5433 531 5500 μέγα
564 5435 653 5484 καὶ
694 5432 930 5502 φρικτὸν
971 5431 1342 5497 ἀνευφημεῖτο
1373 5429 1515 5480 πάνυ
1545 5427 1694 5480 καλῶ

1833 5437 2034 5505 quibus
2085 5438 2380 5506 aliquando
2431 5451 2684 5504 magnum
2734 5443 2787 5489 et
2825 5436 3067 5487 terribile
3115 5434 3418 5488 Salvator-is

120 5524 225 5574 τοῦ
287 5524 537 5593 Σωτῆρος
587 5525 742 5591 ἡμῶν
782 5523 972 5590 ὄνομα·
1019 5523 1080 5570 τὸ
1121 5520 1178 5571 δὲ
1224 5520 1456 5571 καὶτῶν
1503 5519 1692 5570 Ἰταλῶ

1831 5526 2000 5578 nostri
2058 5541 2255 5577 nomen
2330 5526 2661 5594 probissime
2716 5525 3161 5577 concinebatur:
3224 5526 3416 5593 partim

121 5615 410 5681 δυσμόθεν
461 5613 797 5666 ἐπελθόντων
835 5615 986 5682 ἡμῖν,
1034 5613 1167 5682 παρ’
1199 5607 1272 5665 ὧν
1305 5614 1498 5682 πρῶτα
1537 5614 1634 5681 μὲν
1666 5631 1694 5665 τ

1836 5620 1977 5687 quod
2011 5619 2156 5670 italis
2184 5635 2248 5671 ex
2282 5619 2527 5671 occiduis
2557 5617 2804 5685 partibus
2841 5619 2893 5667 in
2939 5633 3037 5669 nos
3069 5621 3420 5684 Inuum-enti-

1833 5714 1954 5772 bus,
1995 5712 2292 5762 maximum
2327 5709 2455 5760 illud
2504 5725 2566 5760 ac
2602 5711 2850 5761 onrniunt
2888 5710 3420 5774 perniciosissimum

1838 5800 2189 5870 pertulimus,
2231 5801 2875 5869 Constantinopolitanze,
2918 5799 3042 5853 heu!
3084 5800 3234 5852 urbis
3271 5799 3422 5851 exci-

126 5708 325 5776 μεῐςον
363 5707 457 5757 καὶ
499 5709 790 5775 χείριστον,
829 5701 1014 5774 ὧνπερ
1049 5707 1388 5772 ὑπέστημεν,
1437 5706 1529 5774 τῆς
1569 5707 1724 5757 Κων-

1270 5799 1283 5820 ﬁ
1316 5797 1330 5816 θ

123 5799 444 5860 σταντίνου,
482 5799 620 5866 φεῦε
664 5798 890 5860 ἅλωσις.
934 5799 997 5850 Ὢ
1046 5800 1126 5861 τίς
1161 5798 1283 5851 καθ’
1316 5798 1592 5868 Ἱερεμίαν
1633 5799 1724 5851 τὸν

203 5963 227 5996 ³
257 5960 417 6015 Deut.
449 5977 618 6025 xxxii,
655 5961 706 6014 4.
787 5960 806 5990 ³
831 5957 986 6011 Joan.
1027 5975 1078 6017 ν,
1116 5959 1205 6012 59.

458 6054 727 6112 ΡΑτιιοι..
755 6055 871 6111 Gn.
903 6048 1089 6110 CX”

2983 6053 3014 6110 3
3023 6054 3055 6111 3
