4132 6426
693 386 829 450 1035

1764 390 2245 453 CONSTANTIN
2253 391 2281 451 Ι
2322 387 2873 451 MELITENIO’I‘B

3836 386 3991 455 1036

688 500 861 553 dium.
899 496 1033 565 Quis
1076 501 1150 555 uti
1182 498 1452 558 Ieremiss
1481 502 1535 558 in
1572 502 1896 574 plangendis
1924 519 1991 558 ac
2022 506 2279 576 delacry-

2391 504 2558 558 πολὺν
2583 505 2645 558 ιν
2672 503 2931 574 ὀδυρμοῖς
2977 520 3040 556 τε
3095 504 3188 581 καὶ
3234 503 3493 572 δάκρυσι,
3541 503 3637 557 τὸν
3672 504 3769 558 καὶ
3819 506 3998 573 μόνον

693 592 905 646 mandis
934 593 1341 651 calamitatibus
1374 595 1711 664 prccellens,
1772 596 2039 666 solusque
2066 595 2280 651 lamen-

693 685 929 739 tationes
979 686 1299 741 infortuniis
1371 702 1665 757 exaequare
1716 690 1963 759 apprime
2020 688 2278 755 eximius,

693 784 909 831 nostras
936 778 1276 833 calamitates
1309 794 1406 845 pro
1432 779 1702 849 dignitate
1750 778 2189 849 collacrymabit,
2226 786 2283 832 et

692 882 790 935 pro
820 867 886 922 iis
920 882 1043 936 qua:
1073 869 1228 923 nobis
1278 868 1549 923 obvenere
1598 870 1993 924 miserabiliter
2021 869 2283 939 plangat?

692 956 831 1011 Hinc
850 957 1144 1013 subsecuta
1179 970 1262 1013 est
1286 976 1383 1028 per
1401 961 1717 1016 universam
1744 973 1953 1031 partem
1988 961 2275 1015 occiduam

695 1047 911 1100 urbium
950 1057 1003 1101 et
1023 1050 1327 1117 regionum,
1381 1065 1683 1121 earumque
1740 1054 2014 1116 omnium,
2047 1052 2283 1120 direptio

692 1146 745 1188 et
774 1137 989 1192 eversio
1022 1154 1038 1192 :
1069 1154 1168 1193 nec
1201 1140 1310 1193 alio
1338 1142 1523 1205 modo,
1552 1142 1598 1196 si
1632 1158 1754 1210 quae
1788 1158 1977 1197 versus
2004 1142 2282 1197 Orientem

692 1239 1114 1292 remanserant,
1173 1228 1465 1297 impiorum
1542 1233 1921 1303 Agarenorum
2000 1234 2279 1288 crudelem

691 1318 1034 1371 dominatum
1089 1320 1326 1386 subiere,
1378 1327 1622 1392 exceptis
1686 1326 1877 1393 paucis
1926 1327 2281 1395 quibusdam,

692 1425 814 1477 quae
856 1408 1087 1464 Romani
1122 1412 1333 1480 imperii
1362 1426 1521 1468 antea
1563 1430 1693 1484 pars
1740 1418 1963 1470 minima
2007 1419 2285 1481 exstitere,

694 1502 748 1554 in
793 1516 1047 1570 magnam
1098 1513 1304 1558 sortem
1332 1516 1448 1559 tum
1495 1509 1723 1571 nostris,
1763 1509 1856 1578 qui
1923 1524 1989 1562 ex
2032 1506 2285 1578 plurimis

694 1594 1011 1662 paucissimi
1084 1596 1392 1663 periculum
1469 1600 1739 1660 vitarunt.
1796 1611 2060 1670 reputatae
2131 1612 2281 1664 sunt,

691 1688 894 1754 quibus
939 1702 1027 1743 res
1077 1688 1291 1756 imperii
1335 1691 1389 1743 in
1438 1705 1733 1761 angustum
1779 1705 2059 1748 contracta
2098 1695 2283 1762 parvis

624 1786 635 1805 ⁸
691 1780 1041 1834 concluditur
1071 1781 1345 1836 terminis.
1380 1780 1489 1837 Tot
1520 1791 1780 1852 tantaque
1821 1785 1989 1837 ardua
2035 1796 2088 1838 et
2137 1785 2281 1839 ditii-

694 1872 962 1925 t-ultatum
988 1873 1172 1941 plena,
1195 1888 1432 1942 quorum
1460 1875 1547 1929 vel
1570 1879 1686 1929 sola
1712 1877 1974 1930 memoria
2004 1882 2285 1931 excruciat

694 1961 961 2024 animum,
1000 1962 1079 2015 ita
1125 1963 1471 2030 permittente
1522 1963 1757 2017 Numine
1806 1967 2048 2033 perpessi
2086 1982 2278 2020 sumus

701 2061 989 2122 postquam
1054 2067 1083 2107 a
1122 2052 1391 2108 Romanis
1438 2055 1701 2111 fratribus
1734 2072 1834 2111 nos
1870 2058 2039 2126 (quod
2080 2060 2287 2111 utinam

697 2156 979 2211 nunquam
1014 2140 1220 2196 factum
1253 2143 1489 2213 fuisset!)
1514 2145 1955 2199 dissociavimus.

766 2233 822 2288 5.
863 2232 970 2286 Sed
1016 2249 1162 2290 nunc
1208 2248 1423 2300 recens,
1466 2250 1589 2289 eum
1631 2251 1861 2305 prorsus
1901 2251 2004 2292 nos
2034 2238 2286 2292 revocari

696 2324 892 2389 voluit,
929 2324 1023 2394 qui
1062 2326 1360 2380 mortificat
1387 2325 1552 2392 Deus,
1597 2338 1652 2382 et
1698 2342 1895 2383 rursus
1939 2329 2196 2394 vivificat,
2231 2330 2287 2384 in

697 2419 1046 2471 concordiam
1073 2418 1154 2472 sic
1178 2419 1580 2485 concessimus,
1618 2431 1679 2479 nt
1707 2436 1810 2473 una
1847 2421 2285 2476 Christianorum

699 2505 940 2561 Ecclesia
980 2508 1033 2559 in
1063 2507 1201 2562 duas
1232 2509 1398 2561 multo
1428 2510 1627 2563 abhinc
1662 2519 1931 2578 tempore,
1969 2511 2023 2565 in
2057 2511 2285 2568 Latinos

698 2615 895 2670 nempe
924 2610 978 2654 et
1003 2599 1246 2663 Graecos,
1281 2601 1486 2655 actoris
1520 2603 1788 2655 malorum
1824 2602 2043 2657 Satanae
2071 2604 2283 2673 impro-

699 2694 869 2746 bitate
898 2693 1095 2756 divisa,
1127 2708 1344 2745 rursum
1398 2694 1449 2745 in
1479 2708 1647 2747 unum
1678 2708 1811 2762 pure
1861 2697 2201 2758 convenerit,
2234 2704 2287 2748 et

699 2785 1102 2841 sententiarum
1151 2786 1539 2839 contrarietate
1582 2786 1810 2840 omnino
1854 2788 2122 2855 dispulsa,
2178 2803 2284 2841 una

698 2878 897 2933 iterum
962 2878 1106 2930 facta
1156 2877 1246 2930 sit.
1288 2875 1535 2947 Namque
1578 2878 1705 2931 licet
1756 2879 1871 2932 heri
1921 2890 2018 2933 aut
2083 2880 2286 2934 nudius

698 2964 894 3019 tertius
925 2980 1027 3018 nos
1071 2980 1197 3017 cum
1244 2962 1508 3021 Romanis
1536 2968 1959 3034 associavimus,
1995 2979 2050 3023 et
2096 2984 2285 3038 parem

699 3056 836 3110 nihil
884 3055 1190 3110 habituram
1216 3055 1541 3110 insidiarum
1576 3058 2009 3127 composuimus,
2088 3060 2288 3113 nihilo-

2382 594 2594 664 ἱεισῶν
2623 596 2805 663 εἰδότα
2824 596 2951 659 τοὺς
2996 595 3229 681 θρήνους
3258 599 3370 658 τοῖς
3395 596 3620 665 πάθεσι,
3648 596 3751 665 τὴν
3782 597 3998 666 ἡμιτέ-

2384 704 2487 757 ραν
2534 688 2842 755 τηνικαῦτα
2871 688 2990 741 κατ’
3033 687 3191 753 ἀξίαν
3219 686 3626 743 ἀποκλαύσεται
3670 688 3999 758 συμφορὰν,

2384 777 2524 829 κάπὶ
2549 778 2663 839 τοῖς
2698 776 2973 843 συμϐᾶσιν
3005 776 3255 838 ἐλεεινῶς
3275 775 3680 844 ὀλοφυρόμενος
3716 776 3999 844 κόψεταις

2382 860 2542 915 Μετὰ
2567 860 2625 914 δὶ
2654 863 2816 916 τοῦτο
2859 863 3191 933 κατάσχεσις
3224 864 3334 918 τῶν
3383 867 3486 918 ἀνὰ
3521 868 3707 920 πᾶσαν
3740 867 4001 936 ἑσπέραν

2384 953 2593 1005 πόλεων
2631 954 2726 1006 καὶ
2763 956 2995 1024 χωρῶν,
3041 957 3136 1009 καὶ
3181 956 3390 1011 τούτων
3439 958 3695 1021 ἁπασῶν,
3741 957 3857 1012 τῶν
3896 960 4002 1027 μὲν

2386 1040 2736 1107 κατασκαφὴ.
2769 1040 2881 1094 τῶν
2913 1042 2969 1095 δὲ
3015 1043 3285 1115 πόρθησις
3305 1061 3321 1075 ⁸
3346 1045 3611 1108 ὡσαύτως
3644 1046 3746 1099 καὶ
3786 1046 3912 1100 τῶν
3946 1050 4000 1100 εί

2382 1147 2467 1191 τις
2520 1131 2882 1202 ὲναπελείφθη
2918 1134 3051 1203 πρὸς
3098 1136 3374 1200 ἀνατολὰς
3400 1141 3513 1200 τοῖς
3559 1137 3748 1201 ἀθέοις
3809 1138 3994 1207 Ἅγα-

2388 1223 2598 1290 ρηνοῖς,
2632 1223 2774 1294 πλὴν
2803 1223 2969 1277 τινῶν
3018 1225 3432 1298 εὐαριθμητων,
3464 1230 3515 1281 εί
3550 1230 3646 1283 καὶ
3681 1230 3789 1298 τῆς
3824 1229 3999 1298 βασι-

2387 1314 2533 1366 λείου
2577 1314 2774 1384 πρώην
2808 1317 3166 1380 ἐπικρατείας
3204 1320 3372 1387 μερος
3413 1318 3570 1373 οὖσαι
3614 1319 3997 1390 βραχύτατον,

2387 1406 2464 1464 είς
2491 1405 2692 1474 κλῆρον
2726 1406 2901 1475 μέγαν
2931 1408 3193 1475 γεγόνασι
3224 1411 3345 1462 ώτε
3384 1414 3499 1474 τοῖς
3523 1412 3647 1465 καθ’
3675 1414 3831 1480 ἡμᾶς
3862 1413 3993 1465 λίαν

2392 1496 2595 1564 ὀλίγοις
2633 1499 2699 1551 ὲκ
2732 1498 2949 1552 πολλῶν
2983 1500 3185 1571 κομιδῆ
3229 1488 3556 1570 διαφυγοῦσι
3584 1504 3675 1557 τὸν
3711 1506 3995 1573 κίνδυνον,

2388 1582 2469 1651 οἷς
2500 1590 2596 1642 καὶ
2654 1592 2918 1660 περιέστη
2957 1592 3030 1644 τὰ
3074 1593 3178 1663 τῆς
3227 1594 3403 1663 ἀρχῆς
3446 1598 3504 1658 ἐς
3534 1596 3727 1647 στενὸν
3757 1597 3994 1663 οὑτωσὶ,

2392 1684 2610 1751 μικροῖς
2638 1682 2809 1749 ὁρίοις
2833 1686 3312 1755 περιγραφόμενα.
3351 1685 3605 1739 Τοσαῦτα
3634 1689 3733 1739 καὶ
3759 1688 3997 1741 τοιαῦτα

2388 1771 2457 1822 τὰ
2487 1772 2728 1842 δυσχερῆ
2772 1789 2832 1824 τε
2883 1774 2978 1825 καὶ
3012 1777 3189 1843 μεστὰ
3241 1777 3635 1848 χαλεπότητος,
3663 1780 3703 1833 ἃ.
3750 1782 3853 1834 καὶ
3900 1782 3995 1835 νῦν

2390 1867 2468 1927 είς
2531 1866 2757 1934 μνήμην
2808 1865 2957 1919 ίόντα
3005 1867 3234 1938 πλήττει
3291 1887 3397 1939 μου
3444 1870 3547 1941 τὴν
3582 1871 3787 1942 ψυχὴν,
3844 1878 3993 1927 κατᾶ

2393 1955 2545 2008 θείαν
2616 1956 3018 2028 παραχώρησιν
3072 1960 3506 2032 ὑπηνέγκαμεν,
3564 1963 3988 2035 διαζευχθέντες

2401 2047 2509 2100 τῶν
2541 2048 2654 2101 ἀπὸ
2692 2048 2907 2120 Ῥώμης
2940 2049 3209 2120 ἀδελφῶν,
3249 2052 3325 2114 ὡς
3356 2053 3435 2123 μὴ
3455 2053 3688 2122 ὤφελεν.

2462 2229 2532 2295 γ’.
2568 2229 2726 2283 Ἀλλὰ
2761 2232 2975 2293 τούτοις
3006 2232 3229 2302 ἀρτίως,
3262 2234 3427 2304 ἡνίκα
3450 2235 3637 2289 τέλεον
3663 2237 3821 2305 ἡμᾶς
3852 2238 3989 2291 lm-

2390 2322 2726 2393 νακληθῆναι
2781 2322 3080 2394 τεθίληκεν
3137 2327 3167 2378 ὁ
3219 2324 3463 2380 θανατῶν
3492 2328 3648 2392 Θεὸς,
3685 2328 3784 2381 καὶ
3818 2331 3987 2386 πάλιν

2390 2414 2697 2483 ζωογονῶν,
2729 2418 2806 2478 εἰς
2858 2416 3241 2487 ὁμοφροσύνην
3302 2419 3785 2490 συνεληλύθαμεν,
3838 2422 3985 2478 ὥστε

2388 2508 2487 2577 τὴν
2516 2509 2648 2577 μίαν
2679 2507 2784 2559 τῶν
2812 2508 3162 2577 Χριστιανῶν
3212 2492 3541 2581 Ἐκκλησίαν
3580 2515 3661 2575 εἰς
3689 2513 3787 2566 δύο
3812 2515 3982 2569 πάλαι

2388 2597 2756 2667 διαιρεθεῖσαν
2787 2598 2865 2661 είς
2887 2614 2946 2651 τε
2977 2599 3104 2662 τοὺς
3122 2596 3389 2664 Λατίνους
3420 2602 3516 2654 καὶ
3549 2604 3676 2664 τοὺς
3708 2604 3980 2676 Γραικοὺς

2388 2689 2628 2760 ἐπηρείᾳ.
2676 2690 2770 2743 τοῦ
2802 2692 3115 2761 ἀρχεκάκου
3150 2692 3347 2757 Σατὰν,
3380 2693 3818 2764 παλινδρομῆσαι
3846 2696 3980 2768 πρὸς

2388 2783 2449 2833 τὸ
2481 2783 2616 2834 αὐτὸ
2646 2782 2929 2853 καθαρῶς,
2963 2785 3060 2835 καὶ
3090 2783 3221 2853 μίαν
3251 2783 3407 2845 αὖθις
3430 2785 3713 2851 γενέσθαι,
3742 2787 3802 2838 τὸ
3828 2788 3980 2857 διχο-

2390 2877 2530 2926 νοεῖν
2556 2873 2941 2926 ἀποϐαλοῦσαν
2980 2875 3348 2928 παντάπασιν.
3379 2877 3441 2927 El
3466 2876 3577 2945 γὰρ
3605 2879 3701 2930 καὶ
3734 2877 3865 2946 χθὲς
3887 2880 3980 2933 καί

2392 2966 2661 3035 πρότριτα
2699 2964 2836 3034 πρὸς
2863 2965 2988 3026 τοὺς
3016 2966 3078 3018 ὲν
3112 2966 3304 3037 Ῥώμῃ
3329 2970 3489 3037 ἡμεῖς
3524 2968 3975 3038 κατηλλάγημεν,

2391 3056 2488 3108 καὶ
2542 3056 2698 3123 φίλια
2739 3058 2959 3125 φρονεῖν
3005 3056 3142 3121 πρὸς
3184 3059 3385 3117 αὐτοὺς
3427 3058 3801 3126 συνεθέμεθα,
3840 3059 3978 3130 πλὴν

702 3148 886 3201 minus
908 3147 1075 3215 aliqui
1110 3162 1204 3201 eos
1236 3150 1391 3217 quasi
1420 3150 1472 3201 in
1508 3149 1708 3217 pietate
1742 3152 1989 3220 integros
2040 3153 2285 3204 nondum

2394 3149 2508 3202 ἀλλ’
2534 3148 2688 3201 οὔπω
2714 3151 2861 3213 τινὲς
2907 3151 3261 3220 προσήκαντο
3296 3150 3543 3213 τούτους,
3572 3154 3668 3203 καὶ
3694 3152 3771 3211 ὡς
3799 3152 3976 3219 ὑγιαί-

695 3239 798 3294 sibi
825 3238 877 3292 in
897 3242 1192 3308 antiquam
1220 3241 1569 3294 concordiam
1594 3242 1943 3311 redegerunt,
1978 3244 2123 3312 quod
2155 3257 2286 3295 nec-

699 3330 829 3382 dum
878 3330 943 3383 de
976 3330 1182 3398 Spiritu
1220 3342 1415 3384 sancto
1451 3346 1623 3385 sacrae
1654 3330 1877 3385 Patrum
1914 3347 2074 3387 voces
2096 3335 2284 3387 omni-

703 3421 829 3485 bus,
874 3421 1335 3490 quemadmodum
1386 3437 1553 3487 nuuc,
1600 3424 1980 3479 innotueranl.
2014 3424 2119 3479 Sed
2158 3427 2283 3493 quis

702 3514 944 3566 narrabit
1010 3514 1279 3581 potentias
1332 3514 1575 3576 Domini,
1627 3517 1844 3569 auditas
1882 3516 2054 3570 faciet
2095 3517 2286 3569 lauda-

701 3607 881 3661 tiones
930 3606 1073 3674 ejus,
1100 3622 1239 3675 quas
1286 3606 1339 3659 in
1384 3606 1766 3676 generationes
1800 3617 1855 3660 et
1902 3611 2287 3676 generationes

707 3709 963 3767 operatus
994 3708 1096 3760 est,
1122 3709 1175 3751 et
1217 3713 1363 3752 nunc
1394 3700 1557 3751 etiam
1604 3700 1901 3767 operatur?
1936 3698 2070 3765 Quis
2094 3702 2288 3755 multi-

704 3793 888 3861 iugam
931 3792 1080 3845 illius
1117 3790 1444 3859 sapientiam
1477 3790 1805 3852 cnuntiabit,
1832 3806 1939 3860 qua
1978 3791 2069 3844 ille
2100 3803 2288 3845 nostra

705 3884 983 3942 ordinans.
1019 3881 1357 3949 providentia
1394 3881 1498 3934 sibi
1541 3893 1671 3935 nota
1702 3884 1859 3950 plane
1894 3880 2117 3952 dirigit?
2150 3883 2287 3937 Cum

703 3976 848 4027 enim
887 3974 1201 4043 aliquando,
1234 3973 1313 4026 uti
1354 3973 1428 4025 illi
1477 3974 1866 4041 complacitum
1905 3972 2027 4035 fuit,
2070 3974 2291 4027 miseri-

705 4065 1019 4120 cordiarum
1079 4064 1260 4127 Pater,
1321 4073 1375 4118 et
1444 4064 1614 4117 totius
1668 4063 2069 4116 consolationis
2124 4063 2286 4127 Deus,

706 4168 925 4227 propter
947 4156 1169 4210 divitem
1202 4155 1351 4209 illius
1404 4154 1457 4207 in
1515 4169 1614 4207 nos
1649 4154 2106 4215 misericordiam,
2154 4156 2292 4207 duos

708 4263 934 4317 magnos
994 4255 1051 4301 et
1094 4246 1559 4317 praeclarissimos
1602 4245 1862 4299 Ecclesia:
1913 4246 2107 4299 oculos
2151 4260 2181 4299 a
2230 4262 2290 4300 se

708 4340 941 4393 invicem
992 4353 1022 4390 a
1073 4335 1246 4390 multo
1284 4344 1529 4404 tempore
1581 4337 1723 4388 male
1771 4334 2078 4403 disjunctos
2110 4335 2293 4390 denuo

712 4434 850 4485 bene
896 4431 1193 4485 convenire
1238 4429 1547 4493 conatituit,
1583 4438 1639 4481 ut
1683 4443 1790 4481 una
1834 4429 1888 4480 in
1927 4427 2048 4482 fidei
2104 4428 2293 4482 llrma-

2393 3259 2580 3304 νοντας
2626 3241 2725 3311 τὴν
2775 3241 3077 3303 εὐσέϐειαν,
3124 3243 3206 3294 ὅτι
3233 3240 3357 3311 μηδ’
3387 3240 3559 3321 οὕτως
3604 3244 3658 3294 al
3692 3245 3831 3311 περϊ
3874 3242 3967 3295 τοῦ

2391 3333 2662 3399 παναγίου
2682 3332 3013 3402 -Πνεύματος
3040 3332 3185 3398 ἱεραὶ
3217 3337 3395 3400 φωναὶ
3422 3333 3534 3385 τῶν
3560 3335 3820 3404 Πατέρων
3845 3336 3972 3387 ἁνα-

2390 3427 2808 3494 κεκαλυμμέναι
2840 3426 2952 3487 τοῖς
2980 3426 3147 3477 πᾶσιν
3202 3420 3369 3495 ἦσαν,
3424 3425 3676 3495 καθάπερ
3727 3428 3822 3479 καὶ
3858 3426 3972 3481 νῦν.

2402 3516 2566 3570 Ἀλλὰ
2597 3516 2680 3578 τίς
2703 3516 2928 3585 λαλήσει
2956 3516 3056 3579 τὰς
3093 3515 3407 3577 δυναστείας
3437 3517 3528 3570 τοῦ
3558 3518 3785 3585 Κυρίου,
3816 3520 3975 3571 ἀκου-

2393 3609 2523 3669 στὰς
2577 3608 2792 3674 ποιήσει
2824 3607 3006 3668 πάσας
3064 3606 3164 3669 τὰς
3217 3606 3454 3665 αἰνέσεις
3501 3605 3784 3670 amoma;
3836 3609 3976 3660 κατὰ

2388 3699 2581 3767 γενεὰς
2614 3700 2708 3750 καὶ
2728 3697 2918 3766 γενεὰς
2941 3698 3113 3751 είσέτι
3140 3698 3236 3750 καὶ
3262 3697 3359 3751 νῦν
3391 3697 3722 3767 ἑργάζεταις
3755 3698 3856 3760 Τίς
3880 3698 3975 3768 τὴν

2392 3792 2733 3860 πολύτροπον
2762 3792 2929 3845 αὑτοῦ
2977 3792 3169 3860 σοφίαν
3211 3792 3425 3860 ἐξείπῃ,
3459 3790 3577 3859 μεθ’
3605 3786 3672 3858 ἧς
3711 3791 3974 3858 διεξάγων

2391 3881 2601 3934 εὐθύνει
2625 3880 2814 3948 σαφῶς
2852 3879 2922 3933 τὰ
2951 3882 3195 3950 ἡμέτερα
3222 3880 3402 3947 λόγοις
3429 3876 3508 3940 οἷς
3544 3880 3837 3933 ἐπίσταται
3854 3882 3975 3933 διοι·

2391 3977 2636 4042 κήσεων;
2685 3972 2952 4040 Ἐπείπερ
2981 3972 3090 4042 γάρ
3117 3985 3254 4024 ποτε
3275 3975 3369 4025 καὶ
3385 3972 3686 4042 ηὐδόκησεν
3724 3975 3752 4024 ὁ
3781 3974 3969 4043 Πατὴρ

2390 4065 2497 4117 τῶν
2537 4063 2860 4132 οἰκτιρμῶν,
2893 4065 2989 4115 καὶ
3043 4064 3176 4125 Θεὸς
3222 4065 3404 4132 πάσης
3452 4064 3858 4134 παρακλήσεως
3886 4068 3969 4119 διὰ

2392 4157 2647 4209 πλούσιον
2675 4154 2842 4211 αὑτοῦ
2874 4155 3004 4221 περ)⁵
3038 4155 3187 4224 ἡμᾶς
3237 4155 3386 4217 ἕλεος
3420 4158 3545 4217 τοὺς
3581 4154 3677 4207 δύο
3710 4156 3969 4225 μεγάλους

2391 4247 2489 4316 τῆς
2538 4246 2864 4315 Ἐκκλησίας
2900 4248 2992 4298 καὶ
3040 4250 3365 4315 περιφανεῖς
3392 4246 3967 4317 ὁφθαλμοὺςὰλλήλων

2394 4341 2460 4393 ὲκ
2508 4337 2743 4392 παλαιοῦ
2817 4338 3141 4400 διαστάντας
3203 4337 3390 4401 κακῶς
3414 4375 3431 4402 ,
3489 4338 3766 4392 συνελθεῖν
3816 4335 3965 4400 αὖθις

2395 4432 2596 4494 καλῶς,
2632 4431 2774 4484 ὥστε
2816 4429 3126 4485 συνοδεύειν
3155 4431 3214 4483 ιν
3237 4431 3318 4501 τῷ
3350 4430 3451 4499 τῆς
3482 4430 3716 4494 πίστεως
3745 4432 3965 4500 στερεώ-

711 4534 893 4577 mento
920 4521 1293 4583 ambularent,
1350 4528 1406 4573 et
1472 4519 1525 4572 in
1577 4518 1773 4572 faciem
1815 4520 2088 4574 universa:
2120 4518 2287 4574 terra:

2400 4538 2551 4590 ματι,
2586 4524 2677 4573 καὶ
2708 4520 2949 4590 λάμπειν
3001 4521 3094 4573 ἐπὶ
3149 4521 3444 4589 προσώπου
3498 4520 3677 4586 πάσης
3713 4518 3813 4587 τῆς
3845 4520 3958 4587 γῆς,

710 4614 1143 4683 rcspleuderent,
1175 4620 1228 4665 et
1262 4610 1493 4680 fulgoris
1526 4610 1891 4665 immensitate
1919 4611 2142 4680 reliqua:
2170 4612 2294 4682 pio-

711 4721 831 4758 rum
874 4688 1061 4772 gentes
1091 4703 1491 4765 discernerent,
1523 4716 1631 4754 non
1673 4702 1859 4755 statim
1907 4718 2007 4755 nec
2049 4712 2293 4772 repente,

710 4797 837 4849 licet
880 4803 1158 4847 momento
1190 4793 1456 4860 temporis
1506 4793 1690 4843 omnia
1743 4793 1940 4860 possit,
1980 4793 2075 4847 sed
2123 4794 2294 4848 veluti

713 4891 765 4941 in
814 4888 1075 4957 primaeva
1122 4900 1301 4939 rerum
1352 4884 1735 4937 universarum
1786 4885 2089 4951 creatione,
2121 4886 2201 4940 sic
2242 4897 2296 4941 et

713 4996 859 5036 nunc
890 4978 1150 5049 paulatim
1182 4978 1287 5032 sibi
1320 4975 1659 5045 beneplacita
1688 4976 1943 5044 complet.

783 5168 837 5222 4.
880 5166 947 5222 Et
981 5164 1221 5235 primum
1268 5161 1491 5231 quidem
1542 5176 1729 5230 pacem
1780 5160 1921 5214 inter
1974 5176 2076 5215 nos
2121 5162 2296 5232 ipsos,

714 5275 877 5330 quam
929 5259 1011 5310 vel
1037 5256 1264 5310 auribus
1309 5252 1591 5322 percipere
1636 5267 1667 5305 a
1702 5253 1874 5306 multo
1915 5261 2159 5322 tempore
2188 5269 2295 5308 non

714 5353 1013 5421 potuimus,
1045 5346 1200 5415 pacis
1245 5347 1499 5414 princeps
1540 5350 1594 5395 et
1631 5350 1783 5409 pater
1818 5342 2032 5407 indicit,
2069 5344 2123 5396 in
2173 5358 2293 5398 eam

714 5442 962 5511 pluribus
1014 5450 1390 5507 saepenumero
1416 5434 1627 5487 animos
1653 5444 1872 5487 nostros
1902 5449 2210 5495 accersens,
2243 5445 2297 5489 et

713 5533 1064 5590 concordiam
1087 5545 1213 5583 cum
1243 5528 1526 5589 Romanis,
1557 5526 1610 5577 in
1637 5525 1837 5593 quibus
1859 5527 2022 5579 Deum
2042 5526 2298 5591 colimus,

720 5627 1013 5682 nonnullos
1067 5624 1291 5677 minime
1360 5635 1554 5688 capere
1603 5620 1970 5689 conspiciens,
2039 5629 2299 5688 tanquam

714 5724 1129 5787 praeoccupatos
1153 5711 1492 5781 cognitione,
1533 5721 1850 5779 propterea
1905 5724 2029 5779 qua:
2063 5711 2300 5779 majores

714 5812 886 5867 nostri
914 5808 1282 5865 contentiosis
1314 5817 1368 5862 et
1390 5805 1645 5875 litigiosis
1671 5804 2155 5873 disputationibus,
2192 5820 2297 5856 non

2397 4614 2545 4677 ὅπως
2571 4612 2639 4667 ἂν
2662 4612 2742 4682 τῷ
2770 4612 2924 4666 δασεῖ
2946 4613 3045 4683 τῆς
3077 4612 3272 4679 αἴγλης
3296 4611 3760 4682 εἰλικρινέστερον
3798 4613 3958 4681 ὁρῷεν

2396 4706 2493 4757 καὶ
2545 4706 2615 4758 τὰ
2668 4691 2836 4757 λοιπὰ
2890 4704 2999 4757 τῶν
3053 4703 3425 4757 εὐσεϐούντων
3460 4703 3650 4769 ἐθνῶν,
3683 4705 3783 4756 οὐκ
3811 4705 3958 4767 εὐθὺς

2395 4795 2518 4848 οὐδὲ
2549 4795 2916 4865 παραχρῆμα,
2944 4793 3147 4863 καίπερ
3178 4795 3235 4847 εν
3264 4796 3467 4864 ἀκαρεῖ
3498 4795 3570 4847 τὰ
3609 4794 3791 4849 πάντα
3816 4795 3959 4849 δυνά-

2400 4903 2583 4955 μενος,
2614 4886 2730 4939 ἀλλ’
2776 4885 2970 4956 ὥσπερ
3002 4887 3061 4940 ἐν
3093 4888 3235 4957 ἀρχῇ
3270 4887 3370 4955 τῆς
3414 4886 3523 4939 τῶν
3556 4886 3723 4939 ὄντων
3770 4888 3955 4941 συστά-

2400 4994 2562 5041 σεως,
2583 4978 2726 5031 οὕτω
2752 4977 2848 5033 καὶ
2879 4976 2974 5032 νῦν
2998 4977 3143 5031 κατὰ
3182 4976 3383 5048 μικρὸν
3403 4978 3471 5029 τὰ
3516 4977 3615 5046 τῆς
3658 4977 3951 5047 βουλήσεως

2398 5068 2684 5139 ἐκπληροῖ.

2474 5161 2537 5214 δ’.
2573 5162 2685 5215 Καὶ
2718 5161 2912 5231 πρῶτα
2948 5161 3047 5230 μὲν
3093 5165 3323 5232 εἰρήνην
3373 5170 3432 5214 εν
3479 5164 3614 5232 ημῖν
3657 5162 3854 5224 αὐτοῖς,
3898 5164 3951 5233 ἣν

2400 5254 2634 5306 ἀκοῦσαι
2669 5254 2862 5323 συχνὸς
2900 5253 2959 5319 ἐξ
2986 5254 3111 5306 ὅτου
3151 5256 3344 5323 χρόνος
3378 5256 3479 5307 οὐκ
3515 5255 3767 5324 ἔσχομεν,
3804 5257 3831 5305 ὁ
3866 5258 3955 5322 τῆς

2403 5344 2627 5414 είρήνης
2680 5346 2868 5414 ἄρχων
2910 5343 3065 5396 λαλεῖ
3100 5324 3194 5396 καὶ
3233 5345 3427 5415 Πατὴρ
3462 5342 3846 5413 παρακαλέσας
3886 5347 3955 5394 εἰς

2402 5438 2611 5506 ταύτην
2645 5437 2817 5489 πολλὰ
2866 5436 3129 5499 πολλάκις
3162 5438 3262 5498 τὰς
3312 5437 3586 5506 ἡμετέρας
3632 5436 3830 5505 ψυχὰς,
3874 5444 3952 5488 καλ

2403 5531 2505 5598 τὴν
2538 5529 2624 5597 ἐφ’
2670 5524 2752 5591 οἷς
2779 5529 2842 5582 τὸ
2895 5528 3050 5582 Θείον
3084 5528 3464 5597 πρεσϐεύομεν
3494 5528 3631 5596 μετὰ
3679 5528 3787 5580 τῶν
3844 5527 3940 5581 Ῥιν

2409 5622 2591 5693 μαίων
2637 5622 2891 5689 ὁμόνοιαν
2951 5619 3177 5690 μηδέπω
3226 5617 3540 5689 χωροῦντας
3590 5616 3753 5679 hiat;
3798 5618 3957 5680 είδὼς,

2405 5712 2503 5766 ἅτε
2542 5712 3115 5782 πρτκατειλημμένοις
3147 5712 3248 5782 τὴν
3283 5709 3513 5776 γνῶσιν,
3552 5708 3610 5774 ἐξ
3633 5704 3734 5761 -ὧν
3781 5711 3828 5761 oi
3864 5714 3959 5778 1:9).

2408 5805 2567 5875 ἡμῶν
2593 5805 2883 5872 ἐριστικῶς
2910 5807 3026 5868 ἅμα
3058 5807 3149 5858 καὶ
3180 5802 3516 5866 φιλονείκως,
3545 5802 3646 5855 οὐκ
3670 5801 3959 5855 ἀποεεικτι-
