4132 6456
203 415 337 476 1037
1066 407 1163 469 DE
1206 407 1728 468 PRUUESSIUNE
1771 409 1830 468 S.
1877 407 2238 469 SPIRITUS
2275 407 2495 469 ORAT.
2540 409 2588 468 I.
3337 405 3472 468 1033

203 525 319 585 κῶς
348 522 471 576 ούδδ
506 519 818 592 φιλαληθῶς
855 522 996 575 κατά
1028 520 1233 574 τούτων
1269 518 1642 601 συνέγραψαν.
1681 517 1796 569 Καὶ

1926 520 2488 582 Iemonslratiunihus,
2555 522 2636 575 vel
2679 521 2926 574 veritatis
2974 533 3163 592 amore
3210 520 3470 573 adversus

205 616 301 669 διὰ
333 615 494 668 τοῦτο
543 616 652 667 πᾶν
695 613 1012 666 τούναντίον
1044 612 1177 682 περὶ
1224 612 1405 664 αὐτῶν
1454 609 1793 681 φρονοῦντας,

1926 611 2172 664 lomauos
2221 608 2643 676 conclnnaruut,
2703 621 3102 681 proptereaque
3148 610 3458 680 oppositum

209 709 308 758 καὶ
350 706 635 774 λέγοντας,
681 703 1011 757 σπείσασθαι
1061 703 1139 774 τῷ
1186 704 1325 762 τέως
1375 699 1792 771 παρασκευάζει

1932 716 2056 756 mne
2103 702 2168 756 de
2211 702 2277 756 iis
2311 703 2631 767 sentientes,
2659 712 2713 756 et
2763 704 3142 773 obloqucntes,
3181 703 3335 772 prius
3365 706 3466 758 hos

207 800 430 862 τούτοις
461 800 610 868 ἡμᾶς
646 797 739 851 ἐπὶ
781 797 1088 865 συμϐάσεσι
1132 795 1301 864 μηδέν
1348 811 1402 845 τι
1435 794 1496 845 τὸ
1526 793 1792 864 παράπαν

1926 794 2178 846 ιοιήεοιιιη
2203 791 2272 846 ad
2297 795 2599 862 pactionem
2623 795 2792 863 adigit
2813 795 2884 868 iis
2903 794 3330 856 conditionibus.
3352 812 3474 864 qua:

210 890 708 953 ὲπικοινωνούσαις
733 891 845 950 τοῖς
869 890 1036 956 ίεροῖς
1075 887 1357 955 δόγμασιν.
1396 885 1512 942 Ἵνα
1543 885 1596 936 τί
1636 885 1800 951 γένη-

1933 899 2021 935 um
2058 899 2218 939 sacro
2248 883 2499 951 dogmate
2529 885 2661 939 nihil
2711 887 2974 941 haberent
3017 901 3331 940 commune.
3355 889 3476 952 Quo

211 999 329 1044 ται,
374 981 468 1034 καὶ
493 981 618 1034 τίνα
664 980 918 1052 τρυγήσῃ
964 978 1064 1048 τὴν
1092 976 1432 1045 ἐπικαρπίαν
1471 974 1740 1039 ἐντεῦθεν,
1768 977 1798 1027 ό

1926 977 2116 1029 andem
2148 991 2336 1045 scopo,
2367 986 2422 1031 et
2447 992 2610 1046 quem
2638 978 2764 1032 inde
2804 978 3041 1033 fructum
3089 979 3473 1045 decerpturus,

215 1075 396 1127 πάντα
426 1073 686 1143 προνοίας
713 1075 936 1140 μέτροις
959 1068 1269 1122 ἐπιστατῶν
1299 1084 1314 1133 ;
1351 1067 1437 1120 ἵνα
1467 1066 1662 1135 καιροῦ
1697 1084 1800 1118 κα-

1926 1067 2085 1120 ιπιηὶιι
2113 1071 2468 1138 providentia:
2495 1084 2750 1124 mensura
2798 1071 3099 1139 gubernat?
3130 1069 3199 1124 Ut
3230 1081 3474 1140 tempore

213 1164 461 1230 λοῦντος,
497 1163 765 1225 τοιούτοις
802 1163 890 1225 είςΔ
908 1160 1008 1231 τὴν
1036 1161 1174 1228 πρὸς
1205 1159 1399 1220 αὐτοὺς
1440 1159 1590 1228 ἡμᾶς
1619 1157 1801 1209 λαϐὼν

1926 1160 2252 1212 »οειηιοάιιηι
2282 1170 2614 1232 opportuno,
2641 1159 2714 1214 ita
2751 1159 2980 1215 allectos
3017 1175 3114 1215 nos
3164 1157 3475 1225 assumens,

221 1256 566 1326 ἡμερότητα,
614 1256 710 1306 καὶ
758 1255 857 1321 τὴν
902 1253 1050 1304 ἔνδον
1097 1252 1343 1320 γαλήνην
1379 1250 1486 1301 τῶν
1523 1247 1802 1318 λογισμῶν

1928 1268 1960 1302 ιι
1995 1259 2331 1306 mansuetam
2365 1249 2419 1305 et
2460 1252 2729 1305 interuam
2775 1252 3169 1320 cogitationum
3209 1251 3482 1320 tranquil-

212 1343 307 1399 οἷα
341 1347 442 1415 τῆς
490 1345 629 1397 κατά
661 1343 872 1398 τούτων
901 1344 1132 1412 ἐνούσης
1155 1345 1290 1412 ἡμῖν
1324 1342 1557 1412 ἀρχαίας
1604 1341 1803 1402 κακίας

1930 1340 2138 1404 itatem,
2166 1351 2353 1394 nostro
2383 1341 2650 1395 adversus
2689 1358 2783 1396 ens
2813 1341 3042 1411 antiquo
3085 1342 3212 1395 odio
3257 1358 3481 1410 prorsus

219 1436 804 1505 ἀποσκορακισοείσης
848 1433 1116 1499 τοτέλεον,
1165 1434 1367 1504 ῥᾳδίως
1402 1431 1667 1504 ὑπαγάγῃ
1694 1434 1807 1494 τοῖς

1926 1431 2383 1495 lissoluto,'facili
2431 1434 2652 1501 negotio
2702 1433 3017 1498 deduceret,
3061 1443 3117 1488 et
3156 1433 3236 1488 sic
3268 1435 3484 1503 pietatis

220 1526 562 1596 ἔμπροσθεν,
617 1526 713 1578 καὶ
751 1527 852 1593 τὴν
906 1525 1026 1577 κατ’
1061 1525 1346 1578 εὐσέϐειαν
1392 1524 1569 1586 οὕτως
1612 1525 1808 1575 ἕνωσιν

1926 1524 2168 1577 mionem
2193 1523 2522 1585 absolveret,
2545 1525 2707 1577 rebus
2743 1524 3037 1594 dogmatis,
3072 1526 3146 1578 uti
3167 1539 3227 1580 se
3256 1527 3482 1588 habent,

220 1617 635 1688 ἀπεργάσηται,
667 1617 736 1675 τὰ
772 1617 901 1686 περὶ
931 1617 1037 1679 τοῦ,
1058 1616 1350 1684 δόγματος,
1400 1615 1476 1678 ὼς
1505 1616 1640 1684 ἔχει,
1669 1615 1811 1668 κατά

1926 1613 2179 1682 paulatim
2230 1616 2284 1668 in
2317 1626 2557 1668 nostram
2586 1627 2822 1682 mentem
2875 1616 3162 1682 immissis,
3192 1617 3486 1672 occasione

220 1709 421 1761 λεπτὸν
453 1712 536 1774 είς
567 1710 658 1761 τὸν
682 1710 955 1778 ἡμέτερον
986 1707 1111 1761 νοῦν
1141 1707 1420 1778 ἐμϐαλὼν,
1455 1707 1514 1773 ἐξ
1543 1702 1617 1760 ῶν
1643 1708 1692 1759 οἱ
1714 1705 1810 1758 τοῦ

1926 1714 2132 1773 sumpta
2162 1720 2227 1759 ex
2255 1706 2346 1770 iis,
2373 1721 2494 1774 quae
2515 1706 2744 1775 Spiritui
2765 1706 2931 1762 dediti
2955 1707 3346 1778 scriptiouihus
3373 1710 3488 1763 suis

225 1800 540 1869 Ιινεύματος
566 1801 624 1852 ἐν
650 1799 927 1870 διαφόροις
944 1802 1183 1868 γραφαῖς
1209 1799 1387 1853 αὐτῶν
1437 1798 1811 1878 θεολογοῦντες

219 1895 645 1962 ἐφιλοσόφησαν.

283 1973 356 2040 ἐ’.
386 1985 550 2040 Ταῦτ’
580 1986 689 2054 ἄρα
721 1987 818 2036 καὶ
840 1983 1099 2047 τοιαύτας
1124 1985 1151 2036 ὁ
1174 1984 1281 2037 τῶν
1304 1983 1589 2052 ἡμετέρων
1618 1982 1811 2053 ψυχῶν

221 2078 507 2147 οἰκονόμος
538 2077 848 2148 πόρρωθεν,
873 2077 1064 2147 ὥσπερ
1095 2075 1184 2128 ἀεὶ
1206 2075 1370 2143 νόμος
1395 2074 1565 2144 αὐτῷ,
1601 2092 1812 2144 προκα-

225 2171 488 2223 ταὸάλλει
521 2171 620 2234 τὰς
653 2169 935 2241 ἀφορμάς,
973 2169 1067 2222 τὸν
1111 2167 1376 2237 θεοστεφῆ
1424 2169 1517 2221 καὶ
1558 2170 1812 2237 μέγιστον

224 2263 387 2332 ἡμῶν
420 2263 804 2332 αὐτοκράτορα
831 2260 926 2314 τοῦ
970 2259 1136 2330 ἔργου
1171 2257 1366 2311 τούτου
1425 2259 1628 2328 θερμὸν
1662 2262 1815 2313 ἀντι-

227 2355 480 2423 λήπτορα
516 2354 995 2422 προστησάμενος,
1027 2351 1087 2412 ὃς
1118 2343 1230 2402 οἷον
1255 2350 1346 2402 τὸν
1382 2347 1547 2419 ζῆλον
1589 2350 1682 2402 καὶ
1715 2350 1814 2417 τὴν

226 2445 370 2514 ὑπὲρ
406 2445 503 2513 τῆς
539 2447 762 2518 εἰρήνης
796 2444 1109 2514 προθυμίαν
1150 2443 1243 2494 καὶ
1274 2441 1512 2514 σπουδήν
1552 2441 1817 2507 ἐνεδείξα-

227 2555 312 2601 το,
344 2537 429 2599 τίς
466 2537 650 2600 ἱκανὸς
681 2536 761 2605 τῷ
794 2535 940 2606 λόγῳ
965 2533 1282 2604 περιλαϐεῖν
1309 2549 1326 2599 ;
1353 2534 1414 2585 οὑ
1447 2532 1555 2602 μὴν
1581 2531 1696 2585 ἀλλ’
1728 2535 1817 2585 οὐ·

221 2629 284 2681 δὲ
322 2630 419 2699 τὴν
460 2631 517 2680 ὲν
560 2627 771 2690 τούτοις
807 2629 947 2697 ὑπὲρ
980 2627 1266 2695 ἄνθρωπον
1304 2625 1472 2680 αὑτοῦ
1508 2626 1812 2695 καρτερίαν

225 2720 405 2773 οὐδενὶ
432 2719 540 2773 τῶν
565 2720 824 2774 ἀπάντων
855 2715 1009 2786 ἰσχὺς
1040 2717 1190 2769 ἐσται
1225 2714 1536 2779 διεξελθεῖν.
1593 2717 1668 2768 Οὐ
1707 2715 1816 2788 γὰρ

225 2811 367 2878 ὁμοῦ
405 2827 463 2862 τε
512 2810 826 2880 προσετάγη
860 2807 1044 2862 θεόθεν
1076 2807 1419 2876 ὑπηρετῆσαι
1456 2804 1534 2876 τῷ
1576 2807 1818 2876 λειτουρ-

229 2902 466 2970 γήματι,
514 2903 610 2953 καὶ
645 2901 782 2970 ὁμοῦ
810 2901 923 2962 τοῖς
957 2898 1049 2951 ὑπ’
1097 2898 1260 2950 αὑτὸν
1301 2896 1680 2965 ἐντειλάμενος
1717 2898 1818 2967 ἠρ-

225 3010 411 3060 κεσεν,
443 2994 632 3063 ῶσπερ
661 2995 728 3047 ἂν
767 2990 934 3054 εἴτις
967 2990 1233 3043 ὑπολάὸσι
1280 2989 1382 3061 τὴν
1418 2989 1627 3043 ἀνωθεν
1663 2989 1814 3060 αύτῷ

227 3088 482 3140 δοθεῖσαν
523 3085 773 3150 ἐξουσίαν
803 3083 1156 3148 ἀποσκοπῶν,
1211 3082 1349 3134 άλλὰ
1388 3083 1598 3144 πάντας
1632 3082 1819 3151 σχεδὸν

233 3178 674 3248 ἀνθισταμένους
706 3176 910 3246 εὑρὼν,
940 3177 1034 3228 καὶ
1065 3176 1147 3246 ὅτι
1182 3174 1373 3245 χρόνος
1400 3175 1610 3244 μακρὸς
1637 3174 1729 3243 ἀφ’
1754 3167 1816 3227 οῦ

232 3272 307 3324 τά
333 3269 428 3324 τοῦ
463 3270 786 3341 σχίσματος,
821 3271 898 3332 ὡς
931 3270 1094 3340 νόμον
1123 3268 1183 3320 τὸ
1213 3266 1525 3337 παράλογον
1551 3268 1671 3330 ἔθος
1697 3266 1823 3319 τοῦ·

231 3381 298 3417 το
325 3362 617 3433 κρατύνειν
642 3362 946 3426 ἐθέλοντας,
978 3363 1048 3431 τῇ
1079 3358 1286 3413 τούτων
1317 3359 1575 3429 ἀσθενείᾳ
1610 3375 1819 3428 συγκα-

231 3453 508 3517 ταϐαίνει,
541 3452 638 3506 καὶ
666 3450 1041 3521 μακροθύμως
1078 3448 1405 3519 μετέρχεται
1433 3451 1497 3502 τά
1518 3447 1614 3502 τοῦ
1647 3450 1823 3518 πράγ-

235 3562 432 3616 ματος.
502 3547 611 3597 Καὶ
682 3543 778 3596 νῦν
849 3542 949 3612 μὲν
1015 3541 1223 3594 πείθειν
1291 3543 1319 3591 ό
1384 3537 1638 3608 βασιλεὺς
1694 3539 1824 3603 τοῦς

241 3638 522 3708 ὑπηκόους
567 3637 861 3705 ἐπιχειρεῖ,
902 3633 997 3686 νῦν
1017 3632 1062 3684 δ’
1096 3632 1350 3700 ἀνέχεται
1388 3630 1497 3681 τῶν
1517 3630 1622 3682 ὑπὸ
1666 3633 1821 3701 χεῖρα

239 3730 664 3801 μεγαλοφρόνως
688 3729 716 3780 ὁ
741 3726 1007 3793 δεσπότης
1035 3723 1431 3790 ἀντιλεγόντων
1463 3721 1634 3794 αὐτῷ,
1666 3722 1824 3777 τοῦτο

247 3822 352 3893 μὲν
381 3825 446 3891 τῇ
494 3823 677 3889 οἰκεία
721 3819 1001 3872 κανταῦθα
1035 3817 1279 3886 συνήθως
1314 3815 1646 3886 χρηστότητι
1679 3817 1825 3890 χρώ-

239 3929 424 3982 μενος,
454 3912 614 3964 τοῦτο
641 3912 697 3963 δὲ
733 3914 825 3963 καὶ
853 3910 1124 3979 διακρίσει
1171 3909 1344 3971 διδοὺς
1381 3910 1592 3975 ἑαυτὸν,
1622 3906 1704 3973 οἷς
1742 3912 1825 3963 ὅτι

241 4004 300 4055 τὸ
329 4005 428 4071 τῆς
467 4004 667 4074 ἔχθρας
698 4005 1018 4072 μεσότοιχον
1057 4001 1328 4064 πολυετές
1373 4019 1432 4053 τε
1480 4001 1578 4054 καὶ⁵
1616 4018 1824 4071 μακρο-

235 4099 478 4169 χρόνιον,
508 4098 567 4161 ἐξ
591 4092 664 4149 ῶν
694 4097 790 4149 καὶ
815 4097 992 4150 πάντα
1025 4095 1227 4166 τρόπον
1259 4096 1539 4163 ἐπείγεται
1568 4096 1824 4165 γενέσθαι

231 4191 336 4258 τῆς
373 4190 596 4257 είρήνης
626 4188 788 4255 ὑμᾶς.
817 4185 907 4238 Ἐν
922 4186 1094 4254 τούτῳ
1123 4184 1218 4238 τοῦ
1241 4186 1448 4238 σκοποῦ
1471 4185 1819 4256 διημερεύων

236 4282 350 4343 ἀεὶ,
379 4283 473 4333 καὶ
502 4281 702 4340 νύκτας
731 4277 856 4340 ὅλας
887 4279 1165 4347 ἄγρυπνος
1207 4277 1604 4348 διακαρτερῶν,
1635 4276 1740 4340 ἕως
1778 4281 1828 4331 εἰ

239 4379 340 4425 καὶ
380 4371 454 4440 μὴ
493 4373 725 4434 πάντας,
776 4369 900 4421 ἐπεὶ
935 4368 1072 4438 μηδὲ
1119 4368 1343 4420 πάντων
1386 4369 1420 4437 ἡ
1460 4367 1683 4436 γνῶσις,
1731 4368 1828 4421 καὶ

238 4463 340 4516 τοῦ
387 4461 798 4524 λυσιτελοῦντος
835 4464 869 4532 η
907 4463 1238 4531 κατανόησις
1264 4476 1278 4489 ·
1309 4460 1370 4512 τὸ
1397 4459 1528 4528 γοῦν
1570 4460 1825 4513 πλεῖστον

239 4557 339 4608 καὶ
371 4555 668 4625 κράτιστον
708 4554 876 4625 μέρος
899 4553 994 4606 τοῦ
1025 4551 1122 4622 τῆς
1164 4551 1492 4622 Ἐκκλησίας
1524 4551 1827 4622 πληρώμα-

238 4665 337 4711 τος
367 4647 696 4716 συναγαγὼν
722 4649 802 4710 είς
843 4648 1030 4710 ταυτὸ,
1071 4647 1166 4700 καὶ
1209 4648 1353 4723 μιᾶς.
1379 4647 1604 4716 γνώμης
1633 4662 1692 4698 τε
1728 4646 1824 4700 καὶ

242 4743 442 4813 βουλῆς
489 4742 710 4806 τούτους
751 4740 1217 4811 ἀπεργασάμενος
1253 4741 1321 4809 τῇ
1359 4739 1454 4791 τοῦ
1492 4740 1824 4809 είρηνάρχου

239 4836 486 4904 Χριστοῦ
530 4834 827 4906 συνεργείᾳ
869 4834 966 4887 καὶ
1017 4834 1225 4904 χάριτι,
1274 4832 1374 4902 τὴν
1414 4832 1554 4901 μετὰ
1588 4831 1688 4901 τῆς
1716 4831 1825 4884 τῶν

253 4928 552 4997 Ῥωμαίων
590 4925 921 4996 Ἐκκλησίας
950 4928 1179 4998 είρήνην
1233 4923 1501 4992 θεοφιλῶς
1548 4923 1828 4978 ἰκτετέλε-

245 5040 365 5076 κεν.
414 5022 576 5075 Ἀλλά
603 5020 672 5073 τὰ
705 5019 806 5090 μιν
850 5017 993 5073 κατὰ
1038 5018 1132 5070 τὸν
1171 5017 1442 5087 ἡμέτερον
1481 5015 1826 5086 αὑσονάρχην

247 5114 344 5165 τιν
371 5111 639 5181 θεοστεφῆ
691 5127 750 5162 τε
791 5109 886 5164 καὶ
943 5104 1399 5179 θεομεγάλυντον,
1433 5108 1585 5171 ὅπως
1623 5109 1827 5179 θερμό-

248 5219 393 5257 τατα
420 5203 541 5257 λίαν
569 5203 984 5271 ἀγωνισάμενος
1013 5201 1134 5269 μεθ’
1167 5203 1300 5270 ὅσης
1328 5217 1390 5255 τε
1432 5201 1533 5272 τῆς
1565 5203 1706 5256 κατὰ
1729 5201 1830 5271 ψυ-

247 5295 355 5365 χὴν
383 5294 676 5365 διαπύρου,
718 5296 813 5348 καὶ⁵
858 5293 1281 5368 συντομωτάτης
1327 5292 1528 5363 ὁρμῆς,
1561 5295 1656 5347 καὶ
1707 5295 1830 5363 μεθ’

247 5385 371 5446 σίας
403 5385 504 5452 τῆς
539 5385 820 5455 ὑπομονῆς
853 5385 950 5437 καὶ
998 5383 1407 5456 μεγαλοψυχίας
1457 5385 1558 5456 τὴν
1605 5388 1830 5457 εἰρήνην

251 5476 645 5548 κατώρθωσεν,
679 5478 742 5534 οὐ
777 5476 872 5530 τοῦ
905 5479 1175 5546 παρόντος
1207 5476 1388 5546 λέγειν
1412 5478 1627 5548 καιροῦ.
1659 5479 1831 5540 Μόλις

247 5571 362 5637 γὰρ
407 5569 474 5621 ἂν
525 5569 619 5621 καὶ
672 5569 779 5640 ίδίᾳ
813 5585 898 5631 τις
948 5569 1308 5640 πραγματείᾳ
1341 5570 1406 5622 τά
1448 5569 1829 5639 περὶτούτων

250 5661 633 5729 παραστήσειε
669 5661 908 5731 τρανῶς.
1012 5704 1014 5706 τ

1827 1889 1880 1949 Β

1917 1796 2083 1850 variis
2112 1797 2484 1867 philosophati
2521 1808 2673 1853 sunt.

1986 1981 2040 2035 5.
2074 1979 2199 2036 Haec
2254 1982 2459 2051 itaque,
2495 1998 2593 2038 nec
2625 1984 2904 2041 absimiles
2935 1995 3248 2041 nostrorum
3279 1989 3492 2043 animo-

1910 2088 2032 2126 rum
2079 2074 2450 2140 dispensator,
2508 2074 2746 2141 eminus,
2789 2077 2863 2128 uti
2896 2077 3008 2145 ipse
3057 2077 3252 2142 suevit,
3290 2091 3492 2130 causas

1912 2163 2152 2232 projicit,
2187 2179 2283 2232 per
2331 2164 2497 2227 Deum
2547 2166 2838 2229 coronato,
2865 2226 2872 2227 η
2894 2168 3245 2235 maximoque
3296 2177 3489 2222 nostro

1914 2252 2240 2320 imperatore
2271 2253 2502 2324 hujusce
2529 2258 2711 2324 operis
2749 2258 2956 2311 fervido
2983 2266 3294 2325 protectore
3355 2274 3490 2312 con-

1915 2344 2246 2413 stituto,qui
2316 2356 2577 2413 quantum
2630 2352 2829 2411 zelum,
2862 2360 2912 2402 et
2934 2364 3032 2417 pro
3066 2364 3196 2415 pace
3238 2349 3489 2403 ardoretn

1914 2434 2234 2496 ostenderit.
2264 2442 2318 2488 et
2342 2450 2533 2489 curam
2564 2439 2832 2504 posuerit,
2858 2440 2981 2507 quis
3020 2441 3165 2508 potis
3192 2438 3352 2493 fuerit
3379 2454 3495 2494 ser-

1917 2539 2077 2579 mone
2107 2527 2457 2599 (inprimere?
2487 2529 2601 2582 Imo
2637 2530 2808 2600 ipsius
2849 2546 3013 2600 supra
3049 2532 3319 2586 humanas
3346 2533 3493 2586 vires

1915 2617 2136 2670 assidua
2167 2619 2346 2672 studia
2379 2621 2560 2674 verbis
2589 2623 2844 2691 prosequi
2878 2623 3079 2676 nemini
3109 2625 3352 2678 omnium
3409 2624 3494 2680 fas

1916 2707 2104 2762 fuerit.
2173 2708 2362 2780 Neque
2440 2714 2586 2766 enim
2644 2715 2810 2770 simul
2867 2715 3134 2769 divinitus
3199 2717 3494 2786 imperium

1918 2800 2152 2869 accepit,
2193 2811 2250 2854 ut
2274 2802 2583 2858 ministerio
2616 2804 2932 2866 asserviret,
2971 2815 3018 2858 et
3059 2806 3224 2860 simul
3260 2807 3496 2864 subditis

1919 2893 2268 2960 praecipiens,
2301 2894 2470 2948 veluti
2513 2895 2559 2949 si
2611 2896 2734 2964 quis
2787 2897 2840 2950 in
2885 2897 3067 2955 datam
3116 2900 3219 2953 sibi
3259 2901 3497 2972 desuper

1919 2988 2303 3041 auctoritatem
2355 2988 2673 3057 respiciens,
2728 2989 2981 3044 mandata
3029 3004 3318 3048 exsecutus
3363 3006 3492 3052 est:

1920 3075 2014 3130 sed
2051 3091 2175 3130 cum
2235 3093 2424 3131 omnes
2485 3077 2598 3131 fere
2639 3080 2743 3134 sibi
2795 3081 3072 3136 adversari
3119 3086 3497 3154 comperisset,

1919 3177 1996 3229 et,
2032 3169 2171 3237 quod
2204 3169 2317 3238 jam
2350 3181 2564 3238 tempus
2613 3173 2835 3240 longum
2869 3174 3244 3242 praeteriisset,
3266 3191 3332 3230 ex
3377 3193 3491 3248 quo

1924 3258 2210 3313 dissidium
2241 3270 2489 3315 exortum
2519 3261 2722 3338 luerat,
2762 3265 3058 3319 absurdam
3094 3267 3234 3321 hanc
3263 3285 3502 3324 consue-

1926 3353 2168 3408 tudinem
2198 3368 2353 3424 azque
2384 3364 2547 3423 atque
2575 3357 2746 3424 legem
2779 3357 3022 3413 stabilire
3053 3371 3407 3426 conarentur,
3434 3365 3503 3416 ad

1923 3457 2112 3497 eorum
2160 3444 2530 3499 inﬁrmitatem
2572 3462 2636 3500 ac
2679 3455 2872 3501 nutum
2937 3457 3109 3502 tetum
3153 3467 3210 3504 se
3255 3451 3406 3520 ﬁngit
3450 3464 3504 3506 et

1925 3539 2327 3602 accommodat,
2358 3547 2415 3592 et
2446 3541 2739 3594 toleranter
2767 3541 2932 3594 nimis
2959 3544 3237 3611 negotium
3262 3546 3500 3599 coniicit.

1925 3627 1993 3680 Et
2024 3645 2169 3684 nunc
2212 3631 2432 3700 quidem
2488 3633 2592 3685 sibi
2630 3633 2901 3688 obnoxios
2959 3635 3254 3703 imperator
3307 3637 3506 3690 blande

1927 3721 2136 3776 illicere
2192 3725 2509 3791 aggreditur
2563 3741 2576 3778 :
2637 3741 2781 3780 nunc
2826 3742 3017 3781 eorum
3064 3730 3155 3796 qui
3203 3729 3308 3782 Sub
3357 3730 3505 3782 illius

1926 3823 2202 3884 potestate
2228 3824 2408 3880 erant,
2435 3817 2703 3872 Dominus
2725 3832 2833 3871 non
2866 3819 3073 3887 absque
3105 3819 3273 3872 animi
3302 3835 3508 3888 magm-

1930 3907 2123 3962 tudine
2149 3909 2412 3964 adversos
2441 3921 2674 3964 conatus
2698 3907 2957 3973 sustinet,
2991 3912 3184 3980 partim
3225 3913 3505 3981 prepriam

1927 4003 2092 4055 etiam
2145 4003 2198 4056 in
2244 4001 2349 4056 hoc
2393 4017 2491 4071 pro
2529 4017 2684 4056 more
2729 4018 2831 4058 suo
2860 4003 3159 4057 bonitatem
3208 4000 3504 4072 usurpans,

1928 4096 2126 4166 partim
2159 4096 2492 4150 discretione
2534 4096 2705 4149 multa
2746 4096 3002 4160 metiens,
3037 4099 3182 4166 quod
3211 4097 3508 4155 simultatis

1927 4197 2092 4256 atque
2129 4187 2432 4241 inimicitia!
2479 4187 2834 4243 interstitium
2872 4204 2970 4258 per
3002 4190 3204 4244 multos
3237 4206 3412 4247 annos
3454 4201 3510 4248 et

1928 4278 2289 4332 diuturnitate
2319 4294 2418 4334 sua
2439 4278 2797 4333 obduruerat.
2825 4279 3008 4345 Quare
3040 4282 3218 4336 modis
3248 4284 3509 4341 omnibus

1927 4354 1981 4424 et
2033 4370 2226 4424 sedulo
2275 4371 2459 4425 studio
2513 4371 2582 4425 ad
2631 4373 3053 4428 conciliandam.
3099 4377 3261 4438 nobis
3316 4393 3503 4447 pacem

1928 4462 2289 4526 convertitur,
2322 4465 2376 4516 in
2404 4464 2506 4516 ho’c
2526 4464 2808 4532 proposito
2838 4467 3103 4522 continuo
3135 4471 3375 4541 integros
3392 4475 3510 4530 dies

1931 4554 2234 4622 insumens,
2285 4565 2340 4610 et
2397 4558 2585 4611 noctes
2647 4559 2888 4627 integras
2948 4560 3226 4616 insomnes
3273 4563 3510 4630 ducens,

1930 4645 2127 4709 donec,
2175 4648 2275 4700 etsi
2313 4662 2420 4701 non
2473 4647 2649 4714 omni,
2675 4665 2854 4718 neque
2901 4654 3045 4705 enim
3109 4653 3354 4708 omnium
3409 4671 3508 4711 co-

1931 4739 2126 4808 gnitio,
2160 4755 2336 4810 neque
2380 4739 2532 4795 utilis
2581 4742 3002 4812 comprehensio
3029 4752 3154 4809 est,
3197 4746 3403 4816 majore
3448 4764 3513 4803 ac

1931 4831 2144 4899 potiore
2197 4833 2558 4887 ecclesiastici
2611 4835 2991 4903 complementi
3051 4845 3204 4905 parte
3249 4839 3303 4892 in
3340 4855 3510 4894 unum

1934 4933 2146 4987 coacta,
2184 4934 2240 4980 et
2285 4924 2488 4980 Christi
2538 4926 2690 4995 pacis
2750 4927 2995 4982 auctoris
3063 4942 3167 4999 ope
3223 4940 3278 4984 et
3338 4934 3513 5001 gratia

1936 5029 2126 5070 eorum
2147 5016 2406 5086 consiliis
2449 5016 2851 5086 sententiisque
2881 5018 2948 5072 ad
2979 5033 3136 5074 suam
3178 5023 3514 5081 voluntatem

1935 5109 2212 5172 adductis,
2265 5122 2388 5162 cum
2425 5107 2671 5163 Romana
2716 5107 2960 5165 Ecclesia
3013 5126 3225 5179 pacem,
3284 5114 3362 5168 uti
3405 5113 3516 5170 Deo

1937 5200 2238 5268 placuerat.
2289 5198 2544 5254 absolvit.
2596 5200 2700 5255 Sed
2740 5202 3017 5272 quomodo
3081 5205 3375 5275 imperator
3428 5209 3517 5262 hic

1937 5299 2145 5356 noster,
2203 5292 2296 5361 qui
2355 5308 2384 5345 a
2429 5289 2541 5347 Deo
2584 5305 2880 5365 coronatus
2936 5309 3042 5361 est.
3087 5311 3142 5353 et
3198 5313 3299 5354 sua
3342 5302 3518 5354 incre-

1939 5395 2120 5439 menta
2187 5386 2469 5456 suscepit.
2531 5386 3015 5444 vehementissima
3081 5391 3399 5448 incitatione
3465 5405 3519 5449 et

1940 5476 2134 5531 ardore
2199 5478 2456 5532 insatiato
2505 5478 2885 5543 decertaverit,
2954 5491 3010 5535 et
3055 5497 3219 5551 quam
3281 5484 3515 5550 fet-vide,

1940 5579 1995 5624 et
2044 5571 2390 5624 contentioso
2435 5569 2606 5624 animi
2657 5570 2888 5639 impetu,
2938 5583 2994 5629 et
3051 5588 3156 5642 qua
3229 5575 3515 5630 tolerantia

1943 5670 1996 5717 et
2069 5662 2518 5733 magnanimitate
2585 5677 2778 5733 pacem
2841 5663 3177 5735 perfecerit,
3240 5683 3349 5722 non
3435 5678 3518 5722 est

250 5754 543 5824 praesentis
571 5759 830 5826 temporis
863 5758 1128 5813 scribere.
1158 5755 1254 5812 Vix
1293 5760 1439 5813 enim
1500 5769 1555 5813 et
1621 5757 1888 5832 singulari
1929 5760 2200 5828 quispiam
2257 5759 2324 5814 de
2366 5759 2517 5815 hisce
2546 5761 2929 5847 tractatione,
2986 5765 3169 5819 omnia
3223 5766 3517 5834 perspicue

247 5851 662 5906 memoraverit.
