4132 6486
614 418 749 482 1039

1671 417 2187 479 CONSTANTINI
2229 417 2781 479 ΜΕῌΤΕΝΙΟΤΔΞ

3740 411 3877 475 1030

681 534 732 585 6.
762 532 849 586 Dei
875 544 1038 600 porro
1081 532 1354 586 mirabilia
1375 530 1468 601 qni
1501 530 1652 585 illum
1698 533 1763 585 ad
1806 518 1919 585 haec
1953 530 2182 601 impulit,

2370 537 2446 593 ς’.
2474 532 2559 583 Ta
2584 532 2641 582 δὲ
2698 531 2791 583 τοῦ
2846 528 3168 598 κινήσαντος
3198 524 3361 581 αὐτὸν
3405 525 3486 588 είς
3522 524 3683 579 τοῦτο
3714 524 3874 588 Θεοῦ,

603 626 807 692 ιιιιιμικ
830 638 995 691 supra
1028 625 1327 676 orationem
1359 632 1761 689 converteram,
1784 625 2053 678 undenam
2089 623 2187 676 mi-

604 718 661 771 hi
684 730 1003 771 sermonum
1036 713 1217 768 fontes
1250 722 1539 784 erumpent
1582 723 1636 769 et
1682 714 2007 785 cognitionis
2034 729 2183 769 vena:

603 807 975 869 recludentur,
1008 817 1085 871 nt,
1116 806 1217 860 etsi
1249 820 1355 859 non
1383 821 1481 875 pro
1507 805 1788 876 dignitate,
1826 806 1940 860 haec
1961 806 2106 859 enim
2131 814 2186 859 et

600 912 841 977 mentem
875 909 928 954 et
952 900 1337 969 c0gitationem
1375 910 1731 969 exsuperant,
1768 900 2005 954 humana
2036 900 2183 954 nihi-

602 993 841 1046 lominus
862 992 1044 1057 lingua
1073 1003 1123 1044 et
1158 991 1432 1044 intellectu
1464 999 1831 1060 congruenter
1850 1004 2187 1043 commemo-

602 1100 738 1148 rem,
788 1090 843 1135 et
888 1098 994 1135 non
1058 1082 1393 1135 tantumdem
1446 1082 1513 1135 ab
1561 1096 1748 1136 eorum
1804 1081 2181 1149 magnitudine

554 1224 567 1227 μ
600 1177 815 1236 «adam,
848 1181 1113 1242 quantum
1138 1173 1281 1235 aliis,
1305 1173 1396 1242 qui
1418 1171 1556 1226 infra
1580 1185 1780 1226 terram
1805 1173 2185 1237 obambulant,

600 1276 655 1317 et
689 1264 945 1319 sensibus
974 1265 1302 1325 asserviunt,
1331 1262 1559 1318 inferior
1598 1262 1757 1316 sum?
1805 1261 1923 1315 Non
1957 1278 2183 1331 prorsus

601 1358 817 1413 aliunde
850 1358 981 1415 mihi
1016 1358 1289 1421 Obveniet,
1336 1373 1500 1429 quam
1535 1373 1564 1411 a
1621 1357 1851 1425 Spiritu,
1884 1367 2049 1411 vitam
2093 1357 2187 1411 tle-

603 1450 831 1504 mortuis
862 1452 1185 1518 inspirante,
1217 1451 1369 1515 dum,
1394 1460 1452 1502 ut
1485 1464 1609 1502 cum
1640 1449 1776 1503 Isaia
1808 1450 2055 1518 eloquar,
2087 1449 2186 1502 im-

604 1560 738 1612 pura
767 1544 907 1597 labia
932 1542 1309 1598 circumferam
1330 1553 1383 1596 et
1414 1542 1599 1596 multis
1622 1551 1970 1610 peccatorum
1996 1540 2180 1596 sordi-

601 1636 705 1690 bus
756 1635 977 1697 obruar,
1019 1635 1342 1703 benignitati
1400 1643 1584 1688 tamen
1614 1634 1761 1687 illius
1819 1634 2012 1694 ﬁdens.
2039 1631 2185 1700 quod

599 1733 822 1795 propter
843 1725 1346 1779 misericordiarum
1375 1724 1597 1794 pelagus
1630 1722 1838 1777 Numen
1874 1732 2186 1790 peceatores

603 1835 710 1871 non
740 1828 1045 1882 aversatur,
1080 1818 1127 1871 si
1161 1818 1227 1872 ad
1263 1818 1442 1886 ipsum
1480 1832 1671 1871 rursus
1708 1816 1965 1869 comersl
1996 1815 2182 1868 animo

2286 626 2428 693 πρὸς
2456 623 2492 676 ἀ
2523 624 2616 675 καὶ
2646 623 2852 676 ἀνωθεν
2884 621 3178 693 ὥρμημαι,
3225 616 3390 672 πόθεν
3426 634 3522 688 μοι
3562 619 3741 689 πηγαὶ
3776 622 3877 689 ρα-

2290 721 2550 787 γήσονται
2580 715 2774 783 λόγων,
2807 715 2901 768 καὶ
2930 713 3124 782 φλέϐες
3149 710 3715 781 ἀναστομωθῆσονται
3741 711 3878 779 γνὼ-

2291 828 2449 873 σεως,
2478 809 2554 872 ὡς
2579 808 2671 874 ἂν,
2706 810 2755 860 εί
2785 808 2881 861 καὶ
2912 806 2991 877 μὴ
3020 806 3144 858 κατ’
3176 805 3356 870 ἀξίαν,
3390 804 3716 875 ὑπερϐαίνει
3767 804 3877 873 γὰρ

2289 904 2465 957 ταῦτα
2507 903 2686 957 πάντα
2726 904 2853 954 νοῦν
2892 899 2988 953 καὶ
3042 900 3307 965 διάνοιαν,
3341 898 3493 968 ὅμως
3547 895 3875 967 ἀνθρωπίνῃ

2293 996 2508 1066 γλώττῃ
2557 996 2655 1048 καὶ
2700 996 2860 1066 φρενὶ
2917 994 3275 1062 καταλλήλως
3312 990 3750 1061 ὲκδιηγήσωμαι,
3782 995 3879 1042 καὶ

2297 1090 2371 1158 μὴ
2403 1088 2555 1157 παρά
2582 1086 2837 1140 τοσοῦτον
2866 1085 3186 1153 ἀπολειφθῶ
3214 1085 3317 1153 τῆς
3353 1086 3562 1137 τούτων
3593 1081 3879 1150 μεγαλειό-

2289 1195 2450 1247 τητος
2484 1178 2615 1247 παρ’
2675 1178 2798 1231 ὅσον
2860 1176 3055 1246 ἑτέρου
3103 1180 3214 1228 τῶν
3246 1178 3396 1231 κάτω
3448 1175 3749 1244 βαινόντων
3776 1177 3877 1229 καὶ

2288 1270 2645 1323 δουλευόντων
2674 1268 2929 1338 αίσθήσιι
2960 1267 3246 1336 φαίνεσθαι
3273 1267 3549 1336 δεύτεροςς
3579 1265 3697 1322 Οὐκ
3720 1266 3881 1319 ἄλλον

2291 1367 2384 1417 θεν
2424 1363 2703 1432 πάντωςῆ
2742 1360 2898 1431 παρά
2936 1359 3032 1413 τοῦ
3068 1359 3300 1424 καὶτοῖς
3328 1362 3542 1427 νεκροῖς
3574 1359 3724 1429 ζωὴν
3772 1360 3897 1428 itu.

2289 1457 2544 1519 πνέοντος
2578 1455 2718 1508 Πνεύ
2728 1471 2917 1523 ματος,
2940 1455 3077 1525 ὅπερ
3098 1455 3148 1506 εί
3168 1454 3263 1507 καὶ
3290 1452 3413 1520 καθ’
3448 1452 3679 1505 Ἡσαΐαν
3703 1452 3880 1504 εἰπεῖν

2288 1551 2570 1619 ἀκάθαρτα
2621 1550 2773 1620 χείλη
2820 1548 3129 1617 περιφέρω,
3194 1548 3292 1601 καὶ
3360 1546 3527 1598 πολὺν
3586 1542 3881 1616 ἁμαρτιῶν

2288 1643 2620 1711 ἑπισύρομαι
2654 1641 2937 1711 βόρϐορον,
2972 1640 3088 1693 ἀλλ’
3116 1638 3208 1693 οὖν
3248 1638 3329 1708 τῷ
3366 1637 3657 1708 φιλαγάθῳ
3702 1636 3882 1705 τούτῳ

2288 1733 2589 1804 θαρρήσας,
2609 1734 2689 1785 ὅτι
2718 1730 2839 1801 μηδ’
2861 1730 3266 1799 ἀποστρέφεται
3292 1731 3352 1783 τι
3368 1731 3521 1783 Θεῖον
3544 1730 3669 1790 τοὺς
3694 1727 3882 1796 πλημ-

2292 1824 2590 1893 μελοῦντας
2628 1822 2717 1877 διὰ
2750 1824 2987 1890 πέλαγος
3036 1821 3360 1893 οἰκτιρμῶν,
3411 1822 3573 1889 μόνον
3626 1821 3693 1873 ἂν
3741 1819 3883 1888 πρὸς

603 1912 957 1976 inclinentur,
978 1911 1213 1978 indeque
1245 1925 1306 1963 os
1334 1924 1603 1972 reserans,
1628 1919 1683 1961 ut
1701 1909 1995 1977 Deiparens
2018 1906 2182 1961 David

2294 1917 2426 1969 αὐτὸ
2455 1916 2549 1968 καὶ
2583 1914 2747 1967 πάλιν
2778 1915 3238 1984 ἐπιστρεφόμενοι
3267 1912 3535 1982 νεύωμεν,
3582 1910 3883 1964 κάντεῦθεν

599 2004 769 2068 canit,
788 2003 1008 2056 odorem
1036 2001 1330 2067 attraham,
1352 2002 1662 2071 iterumque
1678 2004 1925 2067 Christo,
1952 2002 2183 2070 indeque

600 2107 760 2174 enata
786 2097 959 2165 gratia
997 2094 1300 2164 cornplear,
1332 2111 1439 2164 qua
1469 2097 1542 2148 uti
1565 2098 1802 2149 carbone
1836 2096 2097 2159 nutritus,
2129 2103 2184 2148 et

598 2188 767 2242 corde
822 2197 987 2256 atque
1031 2190 1287 2241 sensibus
1326 2188 1683 2256 depurgatus.
1746 2187 2102 2246 ascensiones
2125 2185 2179 2238 in

599 2282 721 2347 ipso
761 2279 1081 2349 disponam,
1112 2287 1172 2332 et
1200 2290 1325 2331 eum
1356 2273 1542 2331 divino
1580 2292 1828 2346 praecone
1854 2275 2020 2330 Paulo
2058 2290 2184 2329 nar-

597 2373 733 2425 rabo
762 2372 1087 2440 sapientiam
1119 2369 1325 2423 multos
1366 2383 1545 2422 annos
1577 2370 1986 2434 absconditam,
2015 2384 2180 2437 quam

599 2461 924 2517 auctoritate
950 2475 1055 2529 qua
1082 2472 1183 2524 est,
1206 2461 1424 2514 occulta
1462 2460 1707 2514 revelatis
1741 2460 1887 2516 Deus
1934 2478 2034 2531 per
2063 2461 2180 2515 haec

599 2555 780 2609 media
815 2553 999 2622 dignis
1042 2552 1151 2606 alio
1179 2561 1340 2621 atque
1369 2553 1479 2606 alio
1505 2561 1745 2620 tempore
1776 2563 2053 2621 relegens,
2102 2553 2181 2607 uti

597 2645 690 2714 qui
720 2644 1095 2699 examinandis
1130 2643 1285 2698 libris
1324 2644 1567 2697 animum
1618 2642 1845 2706 addixit,
1879 2659 1941 2697 ex
1997 2644 2183 2699 multis

601 2737 887 2792 addiscere
919 2735 1083 2798 valet,
1115 2736 1376 2790 extremis
1411 2736 1562 2789 hisce
1584 2736 1780 2789 diebus
1813 2736 1973 2789 nobis
1999 2736 2184 2789 omni-

600 2830 708 2885 bus
740 2844 836 2897 per
856 2828 1165 2881 divinarum
1198 2825 1606 2895 Seripturarum
1639 2827 2035 2896 expositionem
2068 2843 2184 2880 ma-

598 2919 899 2981 nifestavit,
935 2920 1062 2973 inde
1088 2918 1247 2972 nobis
1270 2934 1597 2986 comparans
1626 2927 1680 2971 et
1715 2918 2098 2986 perfectior-em
2128 2925 2183 2972 et

596 3010 1012 3070 absolutiorem.
1047 3026 1211 3079 quam
1252 3021 1415 3064 antea
1474 3024 1720 3079 unquam
1787 3008 1990 3071 fuerat,
2026 3024 2183 3064 cem-

595 3105 937 3157 munionem.
985 3100 1073 3156 Uti
1103 3102 1371 3171 siquidem
1407 3112 1491 3157 est
1521 3101 1632 3153 liex
1666 3116 1849 3170 regum
1894 3112 1949 3155 et
1988 3100 2180 3155 Domi-

596 3210 702 3247 nus
733 3192 1133 3245 dominantium
1178 3191 1345 3255 Deos,
1396 3193 1477 3245 sic
1520 3207 1611 3259 per
1643 3207 1794 3256 eum,
1825 3193 1917 3260 qui
1946 3208 2091 3246 nunc
2130 3200 2183 3245 et

598 3288 795 3340 merito
835 3284 1123 3351 imperium
1162 3285 1496 3349 moderatur,
1522 3294 1577 3339 et
1606 3300 1767 3353 quem
1797 3284 2183 3350 invenitteque

594 3386 763 3443 atque
824 3373 1106 3439 Davtdem,
1163 3380 1289 3427 vere
1323 3376 1600 3428 hominem
1649 3376 1805 3443 juxta
1864 3390 1959 3427 cor
1994 3389 2179 3437 suum,

594 3472 826 3526 discissa
861 3472 929 3524 ab
969 3481 1198 3537 antiquo
1227 3479 1470 3535 tetnpore
1504 3467 1761 3522 Ecclesia:
1782 3465 1982 3520 Christi
2016 3480 2185 3518 mem-

595 3564 695 3617 hra
724 3563 973 3617 inuuum
1004 3562 1172 3630 probe
1202 3560 1564 3627 conjungens,
1596 3559 1650 3612 in
1676 3558 1896 3613 vinculo
1944 3558 2184 3611 charita-

596 3656 668 3712 tis
697 3670 886 3726 pacem
910 3656 1158 3724 primum
1194 3650 1447 3706 ﬁrmavit.

666 3943 719 3994 7.
764 3936 1064 4008 Oportebat
1116 3933 1282 4003 igitur
1317 3945 1427 3986 non
1464 3931 1639 3987 multo
1675 3941 1798 4001 post
1861 3939 1915 3985 et
1955 3931 2179 3986 univer-

596 4046 721 4089 sum
749 4033 895 4084 circa
918 4041 1021 4081 nos
1065 4040 1179 4080 suae
1233 4024 1590 4093 providentia
1622 4025 1937 4095 mysterium
2004 4027 2182 4078 mani-

599 4124 812 4186 festari,
842 4118 1166 4187 ostendique
1198 4116 1503 4170 Romanam
1537 4117 1838 4171 Ecclesiam
1866 4119 1917 4170 in
1965 4118 2182 4186 pietatis

598 4216 887 4274 sanctitate
953 4213 1084 4269 nihil
1115 4228 1146 4267 a
1203 4222 1388 4266 nostra
1448 4211 1699 4266 diﬂ‘erre.
1741 4212 1882 4278 Quid
1930 4226 2061 4281 ergo
2092 4212 2183 4266 ille

597 4318 879 4377 operatur,
929 4320 984 4361 et
1031 4306 1309 4376 quomodo
1342 4319 1467 4357 vere
1507 4305 1854 4358 admirabilia
1887 4312 1941 4358 et
1967 4306 2182 4377 occulta

596 4419 695 4458 sua
728 4401 958 4456 consilia
1000 4402 1053 4453 in
1088 4400 1265 4453 lucem
1308 4398 1557 4467 producit
1584 4396 1718 4451 i-Ex
1755 4397 1844 4458 iis,
1897 4398 1987 4464 qui
2021 4408 2182 4451 antea

595 4510 711 4549 rem
733 4492 1138 4563 oppugnabant,
1175 4490 1351 4544 virum
1377 4500 1489 4544 tum
1517 4489 1788 4553 doctrina,
1818 4499 1933 4543 tum
1964 4490 2178 4544 dicendi

2287 2009 2507 2073 ἀνοίξας
2558 2009 2619 2060 τὺ
2679 2006 2875 2076 στόμα,
2928 2007 3073 2060 καθά
3134 2006 3235 2059 πού
3289 2021 3457 2074 φησιν
3508 2007 3535 2057 ό
3590 2004 3899 2076 θεοπάτωρ

2284 2098 2468 2162 Δαυτδ,
2506 2098 2722 2151 ἑλκύσω
2763 2098 2861 2167 τὴν
2896 2096 3155 2163 εὐωδίαν,
3184 2095 3243 2149 τὸ
3265 2095 3366 2164 τῆς
3413 2096 3640 2165 Γραφῆς
3676 2096 3882 2160 εἰπεῖν,

2284 2192 2378 2243 καὶ
2411 2189 2565 2251 αὖθις
2601 2187 2867 2258 Χριστοῦ,
2898 2187 3119 2254 καὶτῆς
3158 2186 3369 2239 ἐκεῖθεν
3425 2185 3602 2249 οὕτως
3657 2186 3881 2255 ἐμπλη-

2288 2286 2557 2355 σθήσομαι
2588 2284 2831 2353 χάριτος,
2858 2282 2922 2336 δι’
2953 2275 3022 2352 ἦς
3055 2281 3132 2343 ὡς
3162 2280 3230 2333 δι’
3257 2279 3529 2350 ἄνθρακος
3553 2279 3885 2349 ψωμισθινο

2286 2394 2375 2439 τος
2416 2394 2531 2445 μοι,
2556 2378 2655 2443 τήν
2688 2390 2747 2427 τε
2783 2374 3014 2440 καρδίαν
3052 2370 3145 2425 καὶ
3174 2372 3244 2424 τά
3276 2372 3612 2440 αἰσθητήρια
3665 2372 3879 2441 καθαρ-

2285 2468 2419 2532 θεὶς,
2480 2464 2775 2527 ἀναϐάσεις
2810 2467 2870 2518 ἐν
2912 2465 3049 2534 αὐτῇ
3100 2465 3451 2534 διαθήσομαι,
3496 2464 3593 2516 καὶ
3632 2464 3881 2534 λαλήσω,

2286 2558 2426 2612 κατά
2452 2557 2544 2611 τὸν
2575 2557 2887 2626 θεοκήρυκα
2922 2555 3156 2621 Παῦλον,
3196 2555 3388 2622 σοφίαν
3416 2554 3517 2624 τὴν
3545 2554 3695 2608 ἔτεσι
3722 2556 3883 2609 πλεί-

2285 2667 2430 2712 στοις
2461 2649 2987 2717 ἀποκεκρυμμένην,
3014 2647 3083 2716 ἠν
3108 2650 3135 2700 ό
3166 2649 3285 2700 κατ’
3312 2647 3564 2713 ἐξουσίαν
3602 2646 3881 2701 ἀποκαλύ-

2284 2760 2434 2796 πτων
2464 2741 2636 2811 βαθέα
2652 2740 2783 2804 Θεὸς
2818 2740 2906 2793 διὰ
2936 2740 3115 2808 μέσων
3137 2739 3339 2793 τούτων
3364 2743 3477 2802 τοῖς
3498 2740 3671 2805 ἀξίοις
3702 2757 3883 2811 παρα-

2285 2834 2583 2905 γυμνῶσας
2629 2832 2773 2886 κατά
2833 2833 3080 2901 καιροὺς,
3143 2832 3218 2893 ὡς
3274 2830 3450 2885 ἔνεστι
3485 2833 3564 2903 τῷ
3603 2836 3735 2903 περὶ
3775 2834 3880 2903 τὴν

2284 2928 2531 2993 ἐξέτασιν
2554 2926 2663 2978 τῶν
2684 2924 2880 2995 βίϐλων
2906 2924 3302 2994 προστετηκότι
3329 2924 3525 2994 μαθεῖν
3544 2926 3609 2977 ὲκ
3636 2926 3873 2988 πολλῶν,

2285 3018 2374 3070 ἐπ’
2404 3017 2653 3088 ἐσχάτων
2685 3016 2890 3068 τούτων
2914 3015 3139 3084 ἡμερῶν
3173 3018 3339 3069 πᾶσιν
3364 3018 3497 3086 ἡμῖν
3522 3019 3611 3072 διά
3638 3020 3738 3084 τῆς
3765 3021 3877 3073 τῶν

2286 3107 2447 3160 θείων
2483 3106 2720 3174 Γραφῶν
2750 3104 3097 3168 ἀναπτύξεως
3129 3105 3464 3176 ὲφανέρωσε,
3521 3110 3659 3176 πρὸς
3722 3113 3875 3163 ιντε-

2286 3198 2545 3267 λεστέραν
2608 3195 2759 3249 ἐνθεν
2799 3198 2947 3266 ἡμᾶς
3006 3197 3316 3262 κοινωνίαν,
3354 3198 3449 3249 καὶ
3492 3199 3715 3267 μείζονα
3774 3200 3875 3268 τῆς

2290 3290 2513 3359 πρώτης
2571 3288 3074 3357 μετακαλούμενος.
3118 3288 3206 3346 '0;
3260 3292 3369 3364 γὰρ
3399 3291 3427 3342 ό
3462 3290 3731 3354 Βασιλεὺς
3761 3285 3872 3344 τῶν

2289 3380 2710 3451 βασιλευόντων,
2743 3381 2838 3433 καὶ
2899 3381 3103 3449 Κύριος
3134 3380 3243 3432 τῶν
3294 3384 3661 3451 κυριευόντων
3712 3381 3871 3445 Θεὸς,

2283 3475 2425 3527 οὓτω
2458 3474 2549 3526 διά
2585 3472 2679 3526 τοῦ
2707 3472 2804 3525 νῦν
2844 3472 3227 3541 βασιλεύοντος
3249 3475 3343 3527 ἐπὶ
3366 3474 3471 3544 γῆς
3495 3474 3869 3544 ἀξιοπρεπῶς,

2281 3568 2341 3622 δν
2381 3563 2538 3639 εὗρεν
2576 3567 2653 3628 ὡς
2692 3568 2781 3619 τὸν
2813 3564 2979 3619 Δαυτδ
3010 3566 3228 3637 ἀληθῶς
3254 3566 3427 3636 ἄνδρα
3450 3568 3589 3620 κατὰ
3614 3568 3712 3638 τὴν
3736 3585 3873 3638 καρ-

2282 3660 2400 3715 δίαν
2439 3659 2630 3725 αὑτοῦ,
2652 3659 2722 3710 τά
2747 3657 3081 3729 διερρωγότα
3111 3659 3170 3711 τὸ
3200 3659 3429 3715 παλαιὸν
3458 3659 3599 3731 μέλη
3621 3661 3719 3728 τῆς
3753 3658 3871 3711 Ἐκο

2283 3753 2513 3823 κλησίας
2548 3750 2787 3823 Χριστοῦ
2842 3750 3086 3818 συνάψας
3124 3750 3307 3815 καλῶς
3359 3753 3421 3805 ἂν
3472 3753 3549 3821 τῷ
3585 3754 3874 3822 συνδέσμῳ

2281 3847 2380 3915 τῆς
2411 3847 2636 3914 ἀγάπης
2674 3844 2772 3915 τὴν
2804 3844 3031 3914 εἰρήνην
3060 3843 3341 3914 καταρχὰς
3367 3846 3796 3914 ἐπρυτάνευσεν.

2355 3933 2420 4000 ζ’,
2455 3936 2605 3988 Ἔδει
2626 3934 2681 3987 δὲ
2712 3936 2820 4006 ἄρα
2846 3935 2966 4004 μετ’
2997 3934 3058 3987 οὐ
3092 3934 3231 3986 πολὺ
3260 3938 3354 3987 καὶ
3385 3934 3446 3987 τδ
3472 3937 3581 3989 πᾶν
3611 3938 3709 4006 τῆς
3736 3943 3869 4010 περὶ

2282 4025 2427 4093 ἡμᾶς
2460 4024 2627 4078 αὐτοῦ
2662 4022 3008 4094 προμηθείας
3043 4023 3397 4094 ἀποκαλύψαι
3423 4027 3748 4097 μυστήριον,
3771 4032 3869 4082 καὶ

2282 4116 2455 4182 δεῖξαι
2495 4117 2595 4185 τὴν
2652 4115 2760 4167 τῶν
2811 4116 3106 4185 Ῥωμαίων
3156 4116 3492 4186 Ἐκκλησίαν
3533 4120 3635 4191 τῆς
3668 4122 3871 4191 ἡμετέ-

2289 4224 2386 4277 ρας
2425 4210 2568 4260 κατά
2602 4208 2693 4259 τὸν
2726 4209 2822 4276 τῆς
2851 4207 3135 4270 εὐσεϐείας
3182 4206 3341 4275 λόγον
3373 4208 3544 4279 μηδὲν
3573 4211 3870 4283 διαφέρου-

2286 4318 2405 4367 σαν,
2438 4300 2491 4352 τί
2522 4301 2686 4359 ποιεῖ,
2722 4300 2819 4352 xai.
2856 4298 2973 4362 πῶς
3005 4300 3084 4360 είς
3138 4298 3260 4366 φῶς
3300 4301 3483 4369 ἐξάγει
3516 4301 3587 4354 τὰ
3620 4303 3717 4372 τῆς
3743 4302 3873 4357 θαυ-

2287 4394 2491 4460 μασίας
2518 4393 2597 4463 τῷ
2627 4393 2742 4445 δντι
2781 4392 2876 4445 καὶ
2930 4392 3167 4462 κρυφίου
3224 4393 3427 4463 ταύτης
3487 4393 3721 4465 βουλῆς;
3782 4397 3873 4462 Ἐξ

2284 4486 2467 4538 αὐτῶν
2512 4485 2637 4538 τῶν
2692 4484 2885 4554 πρώην
2950 4483 3364 4553 ἀνθεστηκότων
3430 4486 3603 4556 ἄνδρα
3654 4488 3748 4541 τὸν
3799 4490 3868 4543 τὰ

594 4586 726 4639 viiii
776 4584 1153 4639 ecclesiastico
1183 4590 1329 4636 coetu
1392 4580 1550 4636 Facile
1594 4583 1894 4650 principem
1936 4581 2182 4651 (gradus

2289 4574 2482 4643 πρῶτα
2538 4578 2772 4644 φέροντα
2831 4574 2931 4643 τῆς
2999 4575 3469 4644 ὲκκλησιαστικῆς
3538 4578 3867 4649 όμηγύρεως

593 4677 741 4733 enim
777 4686 830 4729 et
859 4674 1072 4729 ordinis
1102 4672 1186 4726 Vel
1217 4673 1554 4727 mentionem
1609 4672 1872 4727 inducere
1910 4689 2010 4727 nos
2038 4672 2183 4726 haud

592 4777 837 4839 paratos,
858 4780 1089 4835 prorsus
1110 4779 1576 4833 supervacaneum
1603 4764 1791 4835 duco),
1823 4776 1880 4818 ut
1904 4763 2181 4831 quondam

595 4840 854 4928 magnum
891 4858 1122 4912 Paulum
1179 4858 1402 4922 excitat,
1452 4872 1559 4910 non
1599 4872 1783 4927 pacem
1833 4857 2184 4915 solummodo

595 4952 1036 5013 denuntiantem,
1074 4958 1128 5001 et
1164 4947 1375 5015 reliqua
1428 4949 1616 5000 Olllllia
1685 4948 1849 5011 bona,
1888 4962 2010 5014 qua:
2065 4956 2184 5014 post

596 5043 746 5112 pacis
794 5041 1066 5111 praeconia
1126 5055 1191 5094 ex
1222 5040 1396 5098 sacris
1446 5037 1749 5109 Seripturis
1786 5039 2019 5107 collegit,
2051 5038 2181 5091 dum

599 5151 707 5189 non
746 5136 824 5188 uti
857 5134 949 5187 alii
982 5132 1139 5185 multi
1171 5133 1225 5184 in
1255 5131 1400 5186 [acto
1432 5132 1707 5195 substitit,
1755 5146 1931 5197 neque
1970 5138 2180 5183 tantum

597 5228 651 5280 in
683 5242 747 5280 ea
774 5226 914 5279 bene
945 5224 1312 5293 promovenda
1332 5223 1629 5291 acquievit,
1657 5223 1749 5275 sed
1781 5221 1997 5274 curiosa
2026 5237 2181 5274 men-

598 5320 668 5373 tis
708 5319 962 5388 indaginc
985 5326 1298 5381 sanctorum
1325 5314 1545 5367 Patrum
1568 5314 1768 5381 scripta
1794 5328 2093 5380 exponens,
2114 5312 2180 5365 ad

602 5412 862 5464 ulteriora
909 5408 1056 5461 illius
1092 5406 1378 5476 processit,
1415 5415 1468 5459 et
1499 5405 1660 5457 linem
1684 5418 1874 5456 eorum
1908 5420 2030 5473 qua:
2055 5419 2183 5456 exa-

600 5504 953 5559 rninabantur
1008 5498 1447 5568 apprehendens,
1538 5495 2002 5564 complementum
2059 5492 2181 5563 paci

602 5594 907 5650 secundum
969 5590 1248 5643 Christum
1302 5602 1431 5641 vere
1510 5586 1836 5655 sincereque
1901 5587 2177 5654 apposuit.

601 5688 761 5741 Hunc
792 5690 1035 5738 adversa:
1064 5681 1237 5748 partis
1272 5690 1456 5743 antea,
1502 5680 1616 5732 zelo
1647 5677 1714 5731 ad
1768 5682 1996 5732 honesta
2029 5693 2181 5746 qua:-

600 5796 707 5847 que
738 5791 962 5847 prorsus
994 5775 1155 5839 bono,
1191 5783 1302 5825 tum
1331 5776 1495 5826 etiam
1523 5782 1991 5841 propugnatorem
2027 5772 2180 5840 agni-

603 5880 737 5928 tum,
772 5868 860 5935 ψη
894 5865 1149 5932 praevidet
1186 5862 1372 5915 omnia
1402 5871 1528 5915 ante
1584 5877 1747 5929 quam
1784 5862 1911 5914 liant
1965 5860 2178 5937 praede-

2286 4668 2377 4720 ὲπί
2416 4685 2474 4721 τε
2510 4666 2674 4737 σοφίᾳ
2710 4667 2805 4718 καὶ
2840 4666 3022 4733 λόγοις
3061 4667 3277 4730 αὐτοῖς,
3304 4666 3395 4721 τὸν
3441 4668 3549 4737 γὰρ
3598 4670 3695 4722 τοῦ
3740 4671 3867 4741 βαθ-

2288 4760 2391 4829 μοῦ
2415 4760 2509 4812 καὶ
2543 4764 2643 4827 τῆς
2671 4758 2880 4822 τάξεως
2903 4759 2998 4810 καὶ
3028 4742 3336 4828 μνησθῆναι
3368 4762 3565 4831 κομιδῆ
3592 4765 3863 4831 περιττὸν,

2287 4853 2546 4923 ἐξαίφνης
2576 4851 2650 4914 ὥς
2687 4868 2816 4903 ποτε
2852 4853 2942 4904 τὸν
2974 4852 3147 4921 μέγαν
3177 4852 3390 4905 Παῦλον
3422 4855 3729 4920 ἀνίστησιν,
3768 4856 3867 4908 οὐκ

2288 4946 2515 5013 εἰρήνην
2557 4942 3047 5012 εὐαγγελιζόμενον
3097 4944 3280 5014 μόνον,
3310 4944 3449 4998 ἀλλὰ
3478 4946 3572 4998 καὶ
3606 4945 3735 5000 ἄλλο
3761 4948 3866 4999 πᾶν

2285 5036 2512 5104 ἀγαθὸν,
2549 5038 2687 5106 ὅπερ
2721 5038 2786 5089 ὲκ
2825 5036 2935 5088 τῶν
2969 5035 3130 5089 θείων
3168 5037 3405 5106 Γραφῶν
3453 5039 3593 5107 μετά
3635 5038 3698 5090 τὸ
3731 5040 3863 5091 ταύ-

2285 5146 2383 5197 την
2413 5127 2703 5179 ἐπαινέσαι
2731 5125 3035 5191 συνέλεξεν,
3075 5127 3198 5179 ἐπεὶ
3233 5126 3362 5197 μηδ’
3389 5128 3751 5195 ὲναπέμεινεν
3790 5127 3864 5190 ὡς

2284 5220 2334 5271 οἱ
2366 5219 2552 5271 πολλοὶ
2591 5217 2669 5288 τῷ
2695 5219 2964 5286 γεγονότι,
3011 5219 3144 5288 μηδὲ
3187 5221 3379 5288 στῆναι
3421 5221 3587 5288 μέχρι
3644 5223 3743 5287 τῆς
3786 5222 3861 5272 oi-

2285 5316 2543 5380 κονομίας
2567 5311 2666 5375 τῆς
2690 5313 2783 5363 καὶ
2814 5313 2985 5382 αὐτῆς
3016 5312 3197 5374 καλῶς
3229 5312 3519 5382 προϐάσης
3547 5312 3853 5381 ἠγάπησεν,

2284 5404 2418 5455 ἀλλὰ
2451 5406 2512 5473 τῇ
2543 5402 2635 5454 τοῦ
2672 5403 2789 5464 νοὸς
2824 5402 3329 5473 πολυπραγμοσύνῃ
3387 5404 3488 5464 τάς
3533 5403 3642 5455 τῶν
3694 5404 3859 5469 ἁγίων

2285 5496 2544 5562 Πατέρων
2584 5493 2858 5563 ἐξηγήσας
2906 5496 3146 5565 γραφὰς,
3203 5496 3297 5547 ἐπὶ
3342 5496 3403 5547 τὸ
3440 5496 3602 5548 πλέον
3662 5495 3861 5563 ταύτης

2283 5584 2457 5653 διέϐη,
2493 5584 2586 5636 καὶ
2618 5585 2676 5635 τὸ
2702 5584 2809 5635 τῶν
2835 5584 3187 5654 ζητουμένων
3222 5585 3376 5646 τέλος
3427 5584 3755 5637 καταλαϐὼν
3803 5584 3861 5634 τὸ

2286 5678 2565 5746 πλήρωμα
2616 5677 2715 5745 τῆς
2779 5678 2919 5728 κατὰ
2983 5678 3221 5743 Χριστὸν
3258 5679 3509 5747 είρήνης,
3543 5678 3617 5737 ὡς
3649 5675 3861 5745 άληθῶς

2284 5772 2637 5843 διεπράξατο.
2690 5770 2894 5823 Τοῦτον
2946 5771 3037 5822 καὶ
3084 5771 3185 5838 τῆς
3217 5771 3471 5832 ἐναντίας
3534 5771 3728 5837 μοίρας
3759 5769 3862 5838 πρὸ

2285 5865 2442 5918 τοῦδε
2503 5864 2582 5934 τῷ
2647 5866 2774 5931 περὶ
2827 5864 2893 5916 τὰ
2954 5862 3093 5915 καλά
3140 5860 3354 5924 πάντως
3407 5861 3555 5931 ζήλῳ
3598 5862 3693 5913 καὶ
3745 5866 3861 5912 τῷτί
