4132 6452
231 471 362 535 1011

1087 482 1180 541 DE
1224 484 1749 549 PROCESSIONE
1788 483 1848 556 S.
1894 484 2259 549 SPIR'ITUS
2290 486 2514 555 ORAT.
2551 488 2620 558 Ι..

3365 494 3501 559 1042

227 581 634 676 γνωριζόμενοι)
665 586 982 676 πρόμαχον,
1043 593 1070 644 ὀ
1125 595 1392 664 προειδὼς
1452 599 1629 650 πάντα
1686 597 1817 668 πρὶν

1924 600 2254 666 terminavit,
2309 603 2362 657 in
2417 601 2708 674 prasentia
2756 583 2836 660 uti
2896 605 3190 676 praesulem
3251 591 3501 672 addecet,

228 674 499 740 γενίσεως
547 673 728 731 αὐτῶν
777 683 1086 754 προώρισεν
1151 687 1557 757 ἀρχιερατικῶς
1615 691 1674 741 ἐν
1735 688 1814 760 τῷ

230 767 465 836 παρόντι
499 768 804 843 προστῆναι
831 773 931 846 τῆς
976 779 1313 850 Ἐκκλησίας
1351 782 1540 848 αὐτοῦ,
1569 778 1663 836 καὶ
1689 783 1815 836 δοῦ-

229 873 324 911 ναι
367 860 554 913 πίστιν
598 866 732 935 περὶ
779 867 890 921 τῶν
937 873 1320 942 προκειμένων
1370 874 1498 944 ὑμῖν
1536 872 1595 942 ἐξ
1648 875 1816 946 ὕψους

230 947 694 1019 ἀωκαλυφθὲντα
742 957 845 1026 τήν
877 976 936 1012 τε
989 961 1235 1015 διάνοιαν
1268 963 1362 1016 καὶ
1415 964 1474 1014 τὸ
1511 962 1673 1032 βάθος
1709 963 1818 1017 τῶν

233 1037 400 1093 θείων
431 1040 686 1111 Γραφῶν,
722 1046 970 1118 ἀρχηγοῦ
998 1051 1280 1108 κάνταῦθα
1309 1053 1404 1106 τοῦ
1437 1055 1814 1125 κραταρχοῦν-

229 1145 325 1193 τος
359 1130 517 1201 ἡμῶν
545 1138 1010 1207 χρηματίσαντος,
1035 1143 1094 1205 δς
1129 1143 1346 1212 πρῶτος
1374 1147 1468 1197 καὶ
1495 1147 1656 1212 μόνος
1687 1145 1818 1198 ἔσα-

233 1234 338 1272 m
390 1220 493 1291 μὲν
525 1225 765 1294 ἀρχῆθεν
802 1229 904 1296 τῆς
958 1231 1221 1301 ἀληθείας
1254 1233 1447 1295 αὐτὸς,
1471 1234 1555 1297 ὡς
1603 1235 1668 1287 ἐκ
1708 1235 1837 1287 τῶν

231 1309 466 1381 ὕστερον
527 1315 738 1369 τούτων
797 1318 1142 1392 ἐγνώκαμεν,
1205 1324 1438 1386 οἴκοθεν.
1509 1325 1714 1394 μᾶλλον
1758 1325 1818 1379 δὲ

229 1401 421 1458 θεόθεν
477 1411 852 1478 μαρμαρυγὰς
910 1429 1064 1477 τινας
1100 1417 1384 1486 φωτισμοῦ
1434 1418 1563 1489 περὶ
1610 1416 1820 1486 ταύτης

229 1492 545 1562 δεχόμενος,
597 1499 697 1552 οὐκ
734 1494 850 1571 εἶχε
897 1502 957 1556 δὲ.
993 1506 1090 1557 καὶ
1124 1508 1237 1569 τοῖς
1277 1506 1460 1569 ἀλλοις
1502 1508 1685 1570 αὐτοῖς
1730 1509 1820 1560 ἐκ-

227 1584 447 1653 λάμψαι
499 1590 738 1655 τρανῶς,
775 1592 870 1645 an:
931 1595 1057 1663 μηδ’
1106 1595 1356 1666 εὐπορῶν
1386 1597 1524 1658 ὅλως
1555 1597 1649 1650 τοῦ
1691 1615 1820 1666 συγρ

233 1676 560 1745 κροτοῦντος
599 1681 692 1733 ἐπὶ
744 1683 940 1754 τούτῳ,
980 1686 1075 1738 καὶ
1121 1690 1524 1758 συναρήγοντος
1552 1704 1566 1722 ⁸
1623 1691 1819 1758 ἀμέλει

227 1783 315 1820 τοι
356 1770 450 1821 καὶ
483 1775 766 1841 γραφικάς
798 1776 1036 1845 ἀπορίας
1069 1781 1128 1830 ἐν
1166 1779 1240 1847 τῷ
1284 1781 1435 1850 μέσῳ
1486 1781 1816 1851 προτείνων,

229 1860 330 1911 καὶ
377 1861 477 1923 τὰς
517 1863 696 1917 αὐτῶν
750 1865 933 1931 λύσεις
997 1871 1266 1922 πάντοθεν
1326 1873 1813 1943 εἰσπραττόμενος,

227 1953 314 2005 ὅτι
375 1957 450 2024 μὴ
510 1956 602 2007 τὸν
657 1958 915 2028 ἰσχύοντα
979 1962 1342 2032 συμϐιϐἀζειν
1396 1965 1486 2017 τὸν
1543 1964 1668 2018 νοῦν
1720 1961 1813 2018 τδῦ

227 2042 564 2111 γράμματος
590 2045 839 2118 εὕρισκε,
875 2049 971 2103 τοῦ
1002 2054 1101 2122 μὲν
1141 2056 1282 2108 κατὰ
1317 2054 1518 2107 σκοπὸν
1551 2056 1685 2126 πρὸς
1729 2074 1818 2124 μι-

229 2135 363 2205 κρὸν
391 2137 743 2206 ἀνεκόπτετο,
783 2142 882 2211 τῆς
918 2143 974 2196 δέ
1017 2145 1124 2197 τῶν
1179 2147 1420 2216 Γραφῶν
1458 2147 1687 2218 ἐρεύνης
1719 2149 1819 2202 οὒκ

230 2226 502 2298 ἀφίστατο
537 2229 740 2294 τέλεον,
769 2231 864 2285 τοῦ
897 2233 1033 2286 Θεοῦ
1075 2237 1291 2299 πάντως
1340 2238 1502 2289 αὐτὸν
1533 2239 1613 2300 εἰς
1663 2237 1820 2291 τοῦτο

232 2317 729 2388 παραϐιϐάζοντος,
760 2324 844 2376 ἵνα
872 2328 934 2377 τὸ
962 2326 1169 2394 φέγγος
1193 2328 1290 2396 τῆς
1327 2328 1588 2398 ἀληθείας
1622 2331 1686 2382 ἐκ
1711 2329 1806 2383 τοῦ

233 2411 474 2482 συνεχῶς
504 2415 730 2479 ταύταις
765 2418 1186 2489 ἐνασχολεῖσθαι,
1237 2422 1330 2473 καὶ
1364 2426 1476 2484 τοῖς
1530 2422 1637 2476 τῶν
1668 2425 1820 2476 ἀντι-

229 2503 504 2573 λεγόντων
530 2508 920 2578 ἐναστράψειεν
959 2509 1230 2580 ὄμμασιν,
1261 2513 1398 2583 ὅπερ
1429 2513 1567 2580 δῆτα
1597 2516 1690 2568 καὶ
1721 2516 1821 2568 οὐκ

229 2596 314 2657 εἰς
341 2597 558 2665 μακρὰν
590 2600 836 2667 γέγονεν.
917 2600 976 2654 ’0
1008 2601 1117 2672 γάρ
1151 2619 1232 2672 τρι
1265 2603 1358 2656 τὸν
1397 2604 1588 2674 πρώην
1616 2609 1823 2661 ἐκεῖνον

229 2683 398 2754 ζῆλον
427 2687 594 2752 πολὺς
625 2691 763 2757 μετὰ
799 2690 973 2762 βραχὺ
1009 2693 1198 2747 θεόθεν
1226 2695 1322 2747 καὶ
1364 2697 1524 2760 αὐτὸς
1576 2700 1824 2766 ἐμπνευ.

232 2778 385 2840 σθεὶς
434 2779 532 2850 τὴν
559 2781 711 2834 θείαν
769 2783 1050 2851 ἐπιμελῶς
1121 2778 1536 2858 προτεθύμηται
1596 2791 1821 2862 Γραφὴν

233 2869 492 2936 διελθεῖν,
544 2874 612 2944 ἢν
653 2873 871 2928 καὶτὸν
919 2876 1122 2946 τρόπον
1151 2879 1340 2932 τοῦτον
1385 2882 1824 2954 ἐπισκεψάμενος

231 2961 506 3032 ἐπέστησε
532 2965 623 3017 τὸν
663 2965 788 3020 νοῦν
819 2969 1110 3039 πολλαχοῦ,
1139 2971 1236 3023 καὶ
1269 2975 1379 3036 τοῖς
1423 2973 1702 3045 λογισμοῖς
1725 2979 1826 3045 ἐμ-

231 3056 495 3121 6αθύνας,
542 3061 639 3128 τῆς
683 3078 743 3114 τε
784 3060 878 3116 τοῦ
921 3065 1192 3135 δόγματος
1240 3068 1532 3138 ἀκριϐείας
1579 3069 1821 3138 ἐφίκετο,

231 3150 334 3204 καὶ
360 3153 471 3215 τοῖς
513 3154 681 3208 πᾶσιν
707 3156 786 3219 είς
819 3157 1131 3227 τούμφανὲς
1167 3161 1266 3231 τὴν
1299 3162 1406 3215 τῶν
1438 3162 1650 3228 ἀδήλων
1678 3162 1824 3231 γνῶ-

1921 685 2177 746 Εεειθείω
2208 708 2324 775 sua;
2346 696 2634 759 antistare,
2673 705 2726 750 et
2765 696 2832 751 de
2864 699 3163 768 propositis
3199 698 3383 760 nobis.
3434 714 3518 753 et.

1920 778 2030 838 alto
2051 788 2106 841 et
2133 789 2438 841 sententias
2469 796 2523 842 et
2551 789 2859 844 divinarum
2897 791 3310 861 Scripturarum
3343 779 3492 860 pro-

1921 871 2085 928 funda
2113 877 2567 934 edoctumiidem
2605 878 2808 948 facere,
2853 881 2908 934 in
2941 879 3030 945 his
3063 897 3281 950 quoque
3312 891 3504 935 nostro

1921 966 2250 1036 imperatore
2272 969 2572 1039 principem
2602 971 2787 1026 locum
2811 957 3258 1042 occupante,'qui
3292 973 3504 1041 primus

1920 1059 2178 1128 solusque
2226 1075 2255 1114 a
2315 1061 2587 1131 principio
2641 1079 2752 1118 non
2789 1076 2940 1119 extra
3011 1054 3257 1121 veritatis
3303 1064 3507 1118 limites

1921 1151 2223 1215 incedebat,
2259 1153 2342 1215 uti
2365 1168 2429 1206 ex
2464 1154 2529 1208 iis
2555 1161 2678 1222 quae
2700 1168 2888 1211 secuta
2913 1166 3064 1218 sunt,
3093 1157 3411 1218 didicimus,
3441 1157 3509 1209 de

1922 1242 2180 1311 propriis,
2205 1243 2318 1299 imo
2348 1258 2415 1298 ex
2475 1246 2713 1314 Numine
2755 1247 2942 1301 radius
3001 1249 3270 1317 quosdam
3305 1247 3509 1300 illumi-

1922 1334 2163 1390 nationis
2189 1348 2288 1405 pro
2313 1336 2416 1390 hac
2444 1336 2562 1405 ipsa
2599 1339 2903 1408 accipiens,
2933 1340 3068 1394 licet
3096 1340 3220 1395 aliis
3252 1339 3512 1408 praeclare

1923 1425 2105 1479 lumen
2127 1426 2326 1482 addere
2371 1442 2479 1480 non
2506 1435 2714 1497 posset,
2756 1437 3030 1498 tanquam
3063 1429 3156 1498 qui
3187 1427 3242 1482 in
3279 1428 3384 1482 hoc
3415 1442 3513 1480 ne-

1923 1518 2090 1586 gotio,
2119 1517 2215 1587 qui
2271 1518 2376 1573 sibi
2400 1533 2561 1588 opem
2609 1519 2926 1590 auxiliaque
2984 1521 3238 1582 deferret,
3298 1519 3506 1573 nullum

1924 1609 2205 1674 habebat»:
2239 1609 2432 1666 sedulo
2465 1621 2649 1666 tamen
2685 1625 2751 1665 ex
2788 1611 3014 1681 scriptis
3051 1612 3249 1681 petitas
3270 1610 3505 1664 diﬂicul.

1921 1708 2062 1754 tates
2078 1714 2385 1769 proponens
2398 1697 2458 1754 in
2482 1701 2684 1766 medio,
2703 1716 2833 1756 earn
2845 1717 3004 1770 mque
3020 1700 3318 1776 solutiones
3338 1701 3508 1754 unde-

1925 1806 2141 1862 quaque
2189 1791 2718 1861 conquirens,.cum
2751 1792 2847 1862 qui
2899 1792 3228 1846 sententiam
3299 1793 3507 1860 scripto

1924 1881 2204 1951 adaptaret
2238 1896 2347 1936 non
2395 1883 2753 1951 reperiretur,
2795 1899 2826 1937 a
2859 1883 3141 1952 proposito
3191 1883 3293 1938 sibi
3345 1899 3532 1952 scopo.

1925 1971 2212 2026 minimum
2249 1970 2595 2037 deﬂectebat,
2628 1973 2722 2027 sed
2753 1986 2785 2025 a
2841 1969 3258 2041 Scripturarum
3287 1971 3514 2024 investi-

1922 2064 2142 2131 gatione
2188 2075 2304 2115 non
2357 2062 2667 2126 recedebat,
2719 2060 2833 2116 Deo
2869 2077 3098 2132 prorsus
3148 2062 3337 2130 ipsum
3373 2062 3511 2116 inid

1923 2165 2304 2226 promovente,
2342 2164 2402 2210 ut
2423 2156 2673 2212 veritatis
2707 2156 2896 2212 lumen
2922 2172 2984 2211 ex
3027 2155 3294 2212 continua
3321 2171 3513 2233 earum

1927 2247 2289 2317 inquisitione
2345 2249 2851 2305 contradicentium
2901 2250 3096 2305 oculos
3154 2249 3512 2309 illuminaret.

1924 2341 2069 2410 quod
2099 2339 2312 2395 tandem
2351 2355 2455 2395 nee
2511 2340 2683 2395 multo
2713 2349 2837 2410 post
2890 2343 3095 2396 exitum
3143 2340 3353 2396 habuit.
3409 2337 3516 2405 Qui

1925 2446 2160 2500 namque
2207 2431 2383 2501 primo
2435 2431 2530 2486 ille
2556 2431 2678 2487 zelo
2728 2432 3122 2495 invalescebat,
3183 2431 3358 2499 paulo.
3385 2439 3509 2499 post

1925 2522 2041 2591 ipse
2101 2536 2322 2592 quoque
2375 2520 2613 2578 Numine
2643 2521 2884 2588 amatus,
2934 2523 3185 2578 divinam.
3225 2522 3516 2591 diligenter

1928 2613 2266 2683 Scripturam
2296 2599 2619 2684 percurrere
2651 2614 2756 2669 sibi
2798 2614 2852 2668 in
2885 2615 3072 2668 animo
3118 2614 3321 2683 posuit,
3350 2627 3514 2683 quam

1926 2719 1979 2758 et
2013 2705 2116 2759 hac
2141 2705 2357 2758 ratione
2403 2704 2700 2769 meditans,
2758 2704 2945 2759 multis
3005 2703 3059 2758 in
3095 2705 3229 2760 locis
3263 2705 3513 2759 animum

1928 2797 2066 2861 ﬁxit,
2100 2807 2154 2850 et
2174 2796 2712 2852 considerationibus
2736 2795 3007 2865 profunda
3043 2797 3360 2866 expiscans,
3417 2811 3517 2852 ac-

1928 2895 2174 2942 curatam
2211 2885 2480 2956 dogmatis
2542 2885 2792 2940 notitiam
2853 2887 3067 2952 habuit,
3093 2895 3149 2941 et
3170 2888 3430 2942 omnibus
3459 2886 3517 2942 in

1926 2986 2173 3047 apertum
2239 2976 2382 3031 haud
2414 2976 2489 3032 ita
2533 2992 2718 3031 rerum
2766 2978 3068 3047 patentium
3138 2977 3514 3047 cognitionem

1928 3065 2374 3128 communicavit,
2407 3066 2585 3120 zelum
2648 3067 2703 3120 in
2731 3069 3010 3120 contraria
3076 3078 3426 3131 convertens,
3459 3075 3514 3121 et

1928 3173 1996 3213 eo
2036 3157 2383 3211 fervidiorem
2435 3157 2523 3212 hic
2580 3173 2745 3227 quam
2812 3157 2886 3212 ibi
2938 3165 3289 3225 consecutus,
3325 3168 3517 3227 quoet

236 3261 326 3297 σιν
356 3245 714 3318 κατέστησεν,
744 3250 836 3305 τὸν
868 3251 1033 3321 ζῆλον
1068 3255 1300 3318 δεόντως
1344 3257 1479 3325 πρὸς
1510 3257 1820 3310 τούναντίον

1928 3251 2089 3320 longe
2138 3249 2376 3304 maxima
2429 3264 2492 3304 ex
2526 3250 2750 3320 scriptis
2783 3251 3118 3304 testimoniis
3181 3250 3515 3304 certitudine

233 3336 583 3406 μεταδαλὼν,
619 3341 715 3394 καὶ
752 3343 1087 3414 θερμότερον
1139 3347 1376 3400 ἐνταῦθα
1429 3347 1618 3401 τοῦτον
1669 3349 1820 3418 ἢπερ

230 3432 416 3483 ἐκεῖσε
447 3434 815 3504 κτησάμενος,
846 3437 972 3490 ὅσον
1013 3441 1109 3493 καὶ
1151 3441 1415 3510 μεγίστην
1450 3441 1514 3493 ἐκ
1546 3441 1656 3494 τῶν
1681 3457 1820 3511 γρα-

233 3521 414 3589 φικῶν
466 3527 784 3596 μαρτυριῶν
813 3529 914 3599 τὴν
945 3531 1320 3603 πληροφορίαν
1350 3533 1674 3602 ἐπλούτησε.
1712 3534 1822 3588 Καὶ

231 3611 331 3664 νῦν
358 3611 470 3665 τῶν
524 3615 761 3684 λογικῶν
795 3621 1034 3690 Χριστοῦ
1056 3625 1370 3693 ιπροσάτων
1404 3626 1609 3695 ποιμὴν
1653 3643 1820 3695 γεγοο

231 3702 363 3770 νὼς,
417 3707 739 3775 διδάσκαλος
792 3714 890 3783 τῆς
936 3715 1196 3784 ἀληθείας
1227 3719 1358 3788 ἡμῖν
1416 3717 1818 3774 ἀναδείκνυται.

230 3798 315 3852 Δι’
351 3794 411 3852 οῦ
449 3803 536 3855 καὶ
570 3803 711 3873 πρὸς
742 3803 972 3875 ζήτησιν
1020 3807 1126 3861 τῶν
1189 3805 1349 3880 ἱερῶν
1379 3809 1579 3878 λογὶων
1613 3811 1823 3876 πάντας

228 3889 361 3952 τοὺς
383 3889 662 3962 ὀλιγώρως
685 3894 866 3949 αὐτῶν
888 3897 945 3948 τὸ
974 3899 1242 3969 πρότερον
1268 3900 1492 3969 ἔχοντας
1521 3901 1818 3972 διεγείρας,

229 3985 266 4036 ὁ
291 3984 463 4036 ποιῶν
498 3989 678 4040 πάντα
707 3989 801 4040 καὶ
834 3990 1261 4057 μετασκευάξων
1285 3992 1415 4054 Θεὸς
1451 3995 1593 4064 πλὴν
1624 3995 1822 4062 ὀλίγων

228 4077 420 4142 τινῶν,
454 4078 642 4149 ἐπειδὴ
673 4083 768 4136 καὶ
825 4083 922 4149 τῆς
975 4083 1174 4146 κακίας
1225 4090 1408 4154 μεῖναι
1447 4088 1820 4158 κατάλειμμα,

231 4166 331 4219 καὶ
365 4167 421 4220 ἐν
461 4167 539 4237 τῷ
580 4170 808 4240 παρόντι
842 4172 904 4225 τὸ
957 4176 1066 4228 πᾶν
1094 4175 1192 4248 τῆς
1231 4179 1411 4246 ἰσχύος
1465 4179 1605 4250 αύτῇ
1638 4181 1822 4235 πᾶσαν

230 4258 594 4315 θεόπνευστον
633 4264 875 4334 Γραφὴν,
930 4265 1028 4337 τὴν
1065 4269 1121 4329 ἐς
1162 4269 1323 4336 δεῦρο
1384 4272 1518 4342 μηδὲ
1559 4289 1825 4339 γινωσκοη

233 4355 408 4425 μένην
440 4355 673 4422 πολλοῖς,
717 4358 765 4410 εί
800 4360 873 4429 μὴ
902 4360 968 4414 τὰ
1008 4362 1179 4415 πλείω
1217 4362 1422 4435 ταύτης
1455 4365 1654 4419 ειδέναι
1686 4367 1820 4438 φαίη

228 4465 317 4510 τις
359 4448 417 4514 ἐξ
463 4448 749 4518 ὀνόματος,
784 4453 864 4514 είς
893 4451 953 4505 τὸ
989 4452 1154 4522 μέσον
1191 4455 1506 4524 παρήγαγε,
1549 4458 1644 4510 καὶ⁵
1681 4460 1823 4528 παῤ.

1923 3343 2213 3397 ditaretur.
2239 3339 2464 3396 Etnunc
2490 3343 2701 3395 ratione
2725 3342 3081 3411 prmditarum
3105 3341 3308 3396 Christi
3329 3341 3514 3396 ovium

1923 3442 2112 3504 pastor
2141 3432 2390 3496 effectus,
2429 3432 2674 3486 veritatis
2709 3434 2968 3503 magister
2994 3433 3157 3486 nobis
3193 3433 3515 3498 innotescit,

1926 3541 2022 3598 per
2049 3540 2213 3595 quem
2242 3531 2295 3579 et
2326 3526 2392 3578 ad
2430 3538 2716 3579 sacrorum
2744 3523 3106 3595 Eloqutorum
3136 3523 3516 3593 investigatio-

1923 3628 2049 3672 nem
2077 3631 2268 3672 omnes
2295 3655 2310 3680 ,
2339 3615 2429 3685 qui
2476 3615 2587 3670 illis
2641 3615 3020 3670 examinandis
3085 3630 3145 3670 se
3177 3615 3516 3685 negligenter

1926 3709 2238 3772 tradebant,
2270 3707 2542 3774 excitans,
2578 3708 2672 3778 qui
2703 3707 2833 3762 facit
2859 3707 3044 3765 omnia
3075 3715 3129 3762 et
3177 3714 3515 3762 transmutat

1925 3800 2091 3864 Deus,
2138 3800 2327 3869 paucis
2356 3802 2683 3870 quibusdam
2728 3801 2994 3870 exceptis,
3027 3801 3250 3870 quando
3304 3808 3360 3854 et
3406 3799 3516 3855 im-

1925 3894 2214 3965 probitatis
2247 3893 2503 3964 reliquias
2531 3909 2850 3962 permanere
2874 3901 3144 3963 oporteat,
3176 3902 3230 3946 et
3256 3892 3511 3961 praesenti

1927 3990 2031 4042 hoc
2063 3997 2308 4056 tempore
2347 3987 2455 4040 vim
2491 3987 2638 4042 illius
2669 4002 2888 4041 omnem
2916 3985 3265 4054 adaperiehs,
3292 3984 3516 4039 univer-

1926 4095 2042 4134 sam
2076 4079 2340 4133 divinitus
2364 4079 2682 4148 inspiratam
2712 4078 3057 4148 Scripturam
3084 4078 3150 4130 ad
3186 4077 3301 4132 haec
3337 4092 3514 4146 usque

1925 4181 2171 4239 tempora
2230 4171 2415 4226 multis
2473 4185 2582 4224 non
2615 4171 2878 4240 agnitam,
2943 4171 2996 4224 ni
3036 4170 3184 4225 illius
3245 4170 3510 4239 pleraque

1924 4265 2198 4333 quispiam
2227 4263 2371 4317 scire
2397 4262 2618 4317 nomine
2649 4271 2810 4316 tenus
2846 4260 3283 4332 praesumpserit,
3315 4259 3369 4315 in
3397 4275 3510 4314 me-

1926 4353 2076 4409 dium
2110 4353 2360 4419 adduxit,
2385 4351 2646 4422 fecitque,
2676 4363 2735 4408 ut
2768 4355 2858 4408 illa
2888 4353 3226 4410 conﬁdenter
3253 4361 3308 4407 et
3339 4353 3512 4408 libere

1927 4447 2068 4501 inter
2093 4445 2342 4501 homines
2376 4455 2704 4501 versaretur.
2744 4445 2864 4513 Qua
2922 4446 3172 4501 Romana
3232 4444 3506 4513 Ecclesia,

233 4540 431 4612 ρησίας
469 4542 673 4611 ταύτην
711 4544 1008 4598 ἀπολαύειν
1055 4546 1314 4616 ἠξίωσεν.
1360 4547 1448 4614 ἘΞ
1505 4542 1573 4620 ἦς
1619 4551 1652 4621 ἡ
1708 4550 1820 4604 τῶν

1926 4553 2080 4609 papa:
2103 4539 2552 4594 inenarrabilium
2595 4539 2686 4594 Dei
2720 4540 2992 4594 donorum
3027 4540 3039 4592 ι
3095 4547 3244 4593 recte
3286 4537 3514 4600 sentire,

246 4607 535 4703 Ῥωμαίων
591 4607 908 4704 Ἐκκλησία,
934 4607 1230 4707 βαϐαίντῶν
1279 4607 1503 4707 ἀφάτων
1530 4607 1652 4692 τοῦ.
1685 4639 1820 4695 Θεοῦ

1929 4607 2076 4686 etad
2102 4639 2340 4688 mentem
2369 4641 2680 4688 sanctorum
2713 4630 2936 4686 Patrum
3003 4631 3298 4686 decernere
3320 4630 3512 4698 dijudi-

231 4725 454 4794 6wpetin
483 4726 495 4778 l
531 4725 833 4797 διεγνώσθη
863 4729 1190 4797 πρεσϐεύειν
1214 4729 1412 4800 ὀρθῶς,
1438 4732 1530 4785 καὶ
1558 4731 1701 4786 κατά
1728 4733 1825 4786 τὸν

229 4815 357 4870 νοῦν
386 4816 495 4869 τῶν
548 4817 720 4885 ἁγίων
778 4818 1038 4888 Πτατέρων
1088 4823 1326 4890 φρονεῖν.
1365 4821 1560 4876 Ἔνθεν
1587 4840 1668 4876 τοι
1727 4825 1822 4878 καὶ

229 4909 387 4961 πάσα
422 4908 718 4962 σκανδάλου
751 4911 1028 4980 πρόφασις
1075 4913 1210 4982 ἡμῖν
1245 4909 1601 4984 περιῄρηται,
1643 4915 1820 4970 καθά-’

229 5017 340 5070 περ
372 5001 517 5064 ιστδς
549 5002 793 5073 ἀράχνης
817 5003 1153 5071 διαλυθεῖσα,
1179 5006 1274 5059 καὶ
1300 5007 1380 5070 εἰς
1408 5007 1470 5060 τὸ
1495 5007 1666 5078 μηδὲν
1690 5025 1823 5061 κατ-

230 5095 540 5164 αντήσασα.
604 5097 685 5149 Τὰ
709 5095 768 5148 δὲ
796 5097 894 5166 τῆς
926 5099 1147 5168 εἰρήνης
1183 5100 1472 5170 περιπολεῖ
1496 5099 1817 5170 προφανῶς.

234 5186 510 5257 μηδεμίαν
565 5188 823 5260 ἀφορμὴν
871 5182 1082 5244 διδόντα
1135 5192 1470 5255 διαστάσεως
1523 5191 1819 5262 πρόξενον·

228 5273 466 5345 ἐπείπερ
511 5275 602 5340 οὓς
644 5280 1160 5350 ἐναντιογνωμονεῖν
1205 5281 1335 5351 ὑμῖν
1369 5283 1512 5336 κατὰ
1545 5282 1610 5336 τὸ
1657 5281 1823 5344 σέόας

230 5367 368 5438 πρὶν
409 5369 807 5434 ὑποπτεύοντες
843 5371 918 5436 ὡς
959 5373 1189 5445 ἐχθροὺς
1227 5376 1524 5439 ἀσπόνδους
1569 5373 1825 5428 ἀπεσειό-

233 5459 399 5528 μεθα,
429 5461 657 5525 τούτους
694 5463 898 5534 ἀρτίως
927 5466 1221 5534 ὁμοδόξους
1247 5462 1386 5522 εἶναι
1419 5467 1823 5539 κατανενοηκό-

232 5571 347 5619 τες,
399 5555 489 5608 val
521 5555 631 5625 γὰρ
672 5557 962 5626 ὁμοδόξους
997 5562 1135 5630 ἡμῖν
1180 5562 1308 5625 τοὺς
1353 5563 1454 5632 τῆς
1496 5563 1824 5635 Ἑκκλησίας

231 5643 344 5698 τῶν
379 5643 666 5716 Ῥωμαίων
698 5648 868 5714 καλῶ,
900 5652 996 5703 καὶ
1024 5651 1211 5706 καλῶν
1229 5652 1484 5707 οὐδέποτε
1517 5655 1821 5728 παύσομαι,

233 5739 286 5792 εί
317 5738 410 5790 καί
442 5756 587 5803 τινες
618 5741 651 5811 ἢ
695 5743 865 5812 κακίᾳ
909 5745 1274 5814 στοιχοῦντες,
1301 5745 1334 5815 ἢ
1364 5748 1458 5800 καὶ
1501 5749 1698 5819 ἀγνοίᾳ
1723 5767 1822 5804 κα·-

235 5831 608 5900 θυπαγόμενοι
637 5834 1060 5907 διαρρἠυνται,
1092 5839 1401 5911 στέργομεν
1427 5841 1505 5904 ὡς
1533 5840 1819 5910 ἀδελφοὺς,

239 5922 333 5974 καὶ
369 5920 616 5994 καθάπερ
668 5926 844 5980 οἰκεῖα
885 5927 1022 5999 μέλη
1059 5926 1252 5998 πρῶτά
1291 5944 1347 5983 τε
1375 5930 1469 5984 καὶ
1516 5927 1822 5999 τιμιώτερα

1926 4731 2047 4777 cata
2077 4731 2162 4777 est
2198 4740 2212 4776 :
2248 4722 2487 4792 indeque
2520 4724 2684 4778 totius
2710 4723 2955 4778 scandali
2982 4722 3200 4778 occasio
3224 4763 3239 4787 ,
3273 4721 3351 4776 uti
3393 4734 3509 4774 ara-

1925 4830 2042 4870 nea:
2093 4815 2197 4871 tela
2231 4816 2499 4871 dissoluta
2531 4827 2584 4869 et
2616 4815 2683 4870 ad
2717 4815 2949 4869 nihilum
2985 4814 3215 4869 deducta
3247 4851 3261 4876 ,
3295 4813 3511 4868 sublata

1926 4916 2029 4971 est,
2066 4919 2119 4963 et
2144 4923 2252 4978 pax
2299 4918 2488 4978 aperte
2537 4908 3082 4976 familiarissimeque
3131 4905 3512 4975 congreditur,

1923 5002 2131 5058 nullam
2184 5001 2449 5057 exhibens
2491 5015 2737 5064 causam,
2795 5014 2917 5068 quae
2965 4997 3252 5053 dissidium
3294 4996 3510 5060 aﬂerat,

1925 5108 2054 5148 cum
2086 5107 2224 5162 quos
2252 5093 2358 5148 alia
2401 5103 2566 5162 atque
2603 5107 2707 5147 nos
2739 5091 2881 5146 circa
2901 5090 3110 5144 cultum
3140 5099 3324 5144 tenere
3351 5097 3514 5144 antea

1925 5187 2212 5257 suspicati,
2266 5185 2425 5256 quasi
2497 5187 2682 5241 hostes
2735 5183 3224 5238 irreconciliabiles
3270 5198 3301 5236 a
3355 5182 3516 5236 nobis

1925 5278 2350 5348 repellebamus,
2406 5292 2504 5332 eos
2551 5292 2698 5330 nunc
2733 5275 2978 5345 ejusdem
3037 5290 3162 5329 cum
3201 5274 3362 5329 nobis
3391 5289 3516 5329 esse

1927 5372 2213 5428 sententiae
2242 5379 2628 5442 agnoscentes,
2663 5370 2744 5425 sic
2775 5369 2920 5424 enim
2958 5367 3222 5423 Romana:
3253 5367 3516 5422 Ecclesiae

1928 5463 2170 5519 asseclas
2227 5454 2514 5531 nuncupo,
2566 5471 2622 5516 et
2649 5477 2864 5530 semper
2899 5462 2953 5513 in
2977 5467 3257 5529 posterum
3292 5473 3516 5513 nuncu-

1925 5555 2093 5626 pandi
2134 5555 2344 5609 nullum
2378 5556 2540 5609 ﬁnem
2571 5554 2792 5618 faciam,
2851 5554 2977 5606 licet
3008 5552 3256 5615 nonnulli
3283 5563 3376 5605 aut
3405 5552 3512 5605 lm-

1926 5650 2185 5722 probitati
2242 5649 2469 5715 addicti,
2502 5658 2596 5704 aut
2655 5647 2960 5718 ignorantia
2994 5648 3263 5711 distracti,
3301 5647 3511 5700 dirum-

1927 5755 2150 5812 pantur,
2211 5742 2290 5796 uti
2343 5740 2541 5796 fratres
2601 5741 2898 5810 diligimus,
2956 5751 3011 5795 et
3059 5741 3220 5794 veluti
3291 5739 3512 5810 propria

1927 5842 2171 5893 membra
2201 5837 2400 5901 prima,
2426 5844 2479 5890 et
2519 5835 2641 5894 aliis
2701 5836 3056 5890 bonoratiora
3095 5833 3509 5902 amplectimur,

1927 5943 2123 6000 parum
2151 5936 2408 5988 curantes
2464 5928 2530 5984 de
2567 5928 2654 5994 iis,
2681 5927 2774 5998 qui
2801 5943 2866 5983 ex
2903 5925 3138 5998 propriis
3162 5925 3228 5980 dc
3255 5925 3508 5994 dogmate
