4132 6442
713 441 849 505 1063

1758 450 2271 512 CONSTANTINI
2308 453 2549 513 MELIT
2563 455 2655 513 EN
2668 453 2856 512 [ΟΤίΕ

3818 462 3955 518 10H

705 557 995 609 decernere
1022 556 1245 621 audent,
1300 558 1557 627 tanquam
1598 560 1688 630 qui
1748 577 1874 617 vere
1909 578 2045 616 vana
2096 572 2259 631 atque

2382 563 2469 615 πῶν
2519 562 2697 618 ἄλλων
2751 566 3221 634 ινστερνιζόμεθα,
3295 564 3504 635 βραχέα
3564 565 3679 617 τῶν
3730 558 3956 617 οἴκοθεν

708 645 889 698 inania
912 656 1199 711 conantur,
1219 655 1273 701 et
1295 663 1401 726 non
1430 650 1689 704 insistunt
1708 665 2019 706 sanctorum
2044 655 2265 708 Patrum

707 734 968 813 vestigiis,
999 737 1091 805 qui
1121 737 1463 792 sanctissimo
1485 738 1689 809 Spiritu
1721 753 1830 797 tum
1855 744 1923 795 ob
1947 743 2127 797 carnis
2164 759 2263 811 pu-

709 825 947 887 ritatem,
976 835 1087 879 tum
1116 826 1188 881 ob
1216 828 1412 882 mentis
1430 830 1801 887 sinceritatem
1835 832 2021 896 alllati,
2055 836 2263 901 optima

709 928 939 983 qucque
978 925 1032 970 et
1061 931 1159 985 pro
1203 918 1464 986 dignitate
1492 921 1851 978 tradiderunt.

788 1187 836 1243 8.
853 1190 1001 1253 Haec,
1038 1188 1176 1243 Deus
1206 1188 1447 1243 universi
1468 1189 1738 1252 conditor,
1769 1198 1857 1243 tua
1885 1204 2009 1257 erga
2033 1206 2153 1251 nos.
2179 1194 2268 1259 qui

713 1282 767 1333 in
797 1281 1111 1335 saeculorum
1143 1281 1249 1334 line
1274 1281 1431 1349 plane
1459 1280 1827 1349 pervenimus,
1873 1282 2135 1336 miracula
2170 1284 2272 1352 (sic

713 1387 821 1424 non
866 1372 1093 1427 cessasti
1148 1371 1213 1443 de
1244 1372 1333 1431 iis,
1386 1386 1524 1439 quos
1558 1372 1789 1441 propriis
1852 1374 1964 1427 tuis
2020 1375 2272 1428 manibus

710 1462 984 1521 ellinxisti.
1004 1462 1178 1515 modis
1208 1460 1464 1515 omnibus
1498 1460 1858 1526 benemereri,
1888 1471 2147 1529 tuamque
2174 1476 2271 1515 cu-
2318 1502 2321 1505 .

714 1567 826 1603 ram
861 1553 1015 1605 nobis
1048 1553 1375 1619 ostendere),
1409 1566 1529 1618 qua
1562 1566 1838 1618 nunquam
1893 1553 2270 1619 deprehende-

712 1650 841 1695 runt
881 1641 1051 1695 nostri
1075 1641 1327 1708 majores,
1365 1640 1483 1693 sive
1544 1654 1671 1708 erga
1704 1640 1921 1694 divinas
1962 1637 2273 1707 Scripturas

713 1733 951 1801 ignaras.
984 1732 1098 1783 sive
1125 1730 1284 1783 etiam
1314 1744 1443 1797 erga
1493 1728 1720 1783 Latinos
1765 1729 2061 1783 simultate.
2105 1727 2271 1781 nulla

720 1820 920 1872 ctenim
955 1829 1101 1882 sunt,
1136 1832 1257 1887 quae
1302 1818 1443 1874 inter
1470 1834 1571 1872 nos
1611 1829 1664 1872 et
1688 1819 1809 1873 illos
1838 1818 2060 1872 dissidia
2085 1820 2270 1873 conci-

2370 656 2832 723 κατατολμώντων
2866 656 3216 723 δογματίζειν
3251 657 3374 725 ἄρτι
3406 654 3822 723 φροντίζοντες,
3861 657 3956 706 ἆτε

2369 744 2849 812 κενεμϐατούντων
2875 746 2949 807 ὠς
2970 746 3207 813 ἀληθῶς,
3237 746 3371 799 ἀλλὰ
3401 747 3474 813 μὴ
3504 746 3620 803 τοῖς
3657 743 3958 813 θεοφόροις

2366 835 2906 887 κατακολουθοῦντων
2934 836 3228 901 Πατράσιν,
3264 838 3312 888 οί
3341 834 3425 903 τῷ
3478 837 3743 904 παναγίῳ
3780 826 3958 886 ﬂuuio

2371 940 2503 992 ματι
2536 925 2625 976 διά
2673 941 2732 975 τε
2780 926 3125 996 καθαρότητα
3158 928 3356 992 σαρκὸς
3396 926 3491 977 καὶ
3543 927 3669 985 νοὸς
3716 927 3958 992 εἰλικρι-

2368 1029 2516 1066 νειαν
2550 1014 2931 1083 ὲμπιεόμενοι,
2964 1015 3226 1069 κάλλιστα
3265 1018 3359 1067 καὶ
3396 1015 3533 1083 πρὸς
3572 1017 3740 1078 ἀξίαν
3803 1014 3957 1068 ἔθεο-

2367 1100 2626 1168 λόγησαν.

2437 1196 2509 1259 η’.
2541 1190 2794 1253 Τοιαῦτα,
2825 1194 2923 1245 Θεε
2956 1194 3252 1263 δημιουργὲ
3302 1194 3397 1248 τοῦ
3453 1194 3683 1256 παντὸς,
3735 1193 3840 1245 καὶ
3887 1193 3957 1244 τὰ

2371 1283 2506 1350 πρὸς
2543 1285 2690 1351 ἡμᾶς
2724 1301 2817 1335 σου
2849 1286 3113 1353 τεράστια
3140 1287 3267 1348 τοὺς
3299 1286 3379 1346 είς
3405 1286 3476 1339 τὰ
3503 1285 3637 1354 τέλη
3668 1283 3785 1335 τῶν
3816 1283 3956 1335 uitii-

2370 1390 2477 1425 νων
2521 1369 2716 1438 ’σαφῶς
2754 1375 3200 1443 καταντήσαντας
3252 1375 3478 1444 (οὕτως
3535 1376 3597 1425 οὐ
3655 1373 3954 1435 διέλειπες,

2368 1458 2463 1521 οὓς
2512 1463 2698 1529 χερσὶν
2745 1461 2904 1523 ίδίαις
2959 1461 3249 1522 διέπλασας
3298 1460 3572 1521 παντοίως
3606 1460 3951 1529 εὐεργετῶν.

2372 1551 2470 1601 καὶ
2499 1550 2597 1618 τὴν
2643 1551 2849 1601 οἰκείαν
2896 1552 3221 1619 κηδεμονίαν
3274 1551 3409 1619 ἡμῖν
3457 1548 3950 1617 ἐνδεικνύμενος),

2370 1637 2512 1706 ἅπερ
2540 1640 2598 1689 οὐ
2640 1640 2875 1691 συνεῖδον
2905 1642 2955 1691 οί
2996 1641 3101 1707 πρὸ
3134 1639 3353 1708 ἡμῶνῆ
3406 1637 3668 1708 ῥᾳστώνῃ
3701 1642 3768 1706 τῇ
3824 1639 3953 1703 πρὸς

2371 1727 2467 1790 τὰς
2496 1727 2645 1789 θείας
2698 1728 2941 1798 Γραφάς,
2980 1728 3011 1798 ἢ
3061 1734 3152 1781 καὶ
3200 1732 3266 1799 τῇ
3315 1729 3449 1797 πρὸς
3497 1731 3631 1790 τοὺς
3686 1730 3955 1788 Λατίνους

2378 1817 2737 1883 ὲναντιότητι.
2762 1817 2937 1868 Πολλὰ
2962 1820 3072 1885 γὰρ
3101 1818 3169 1868 τὰ
3201 1817 3363 1885 μέσον
3390 1815 3554 1884 ἡμῶν
3586 1833 3646 1867 τε
3677 1816 3949 1867 κάκείνω-ι

715 1920 917 1971 terunt,
950 1918 1005 1961 et
1038 1908 1270 1961 nobilior
1292 1910 1458 1961 animi
1492 1923 1636 1975 pars,
1657 1908 1702 1961 si
1734 1908 1926 1961 insitas
1958 1909 2272 1963 inimicitias

2382 1905 2470 1972 τὴν
2501 1905 2777 1974 διαμάχην
2809 1907 3293 1974 κατεργασάμενα,
3323 1908 3413 1959 καὶ
3447 1906 3594 1972 φιλεῖ
3652 1905 3946 1957 συνθολοῦ-

717 2002 898 2061 habet,
926 2001 1253 2054 conturbata
1290 2000 1343 2052 in
1379 2000 1604 2053 veritate
1634 2001 1753 2067 ipsa
1783 2003 2016 2054 excutit.
2058 2000 2181 2055 Hec
2218 2010 2273 2054 tu

2382 1994 2498 2045 σθαι
2526 1994 2592 2045 δι’
2622 1994 2823 2063 ἔχθραν
2852 1995 2910 2045 τὸ
2944 1995 3267 2062 ἡγεμονικὸν
3295 1995 3389 2061 τῆς
3430 1994 3636 2062 ψυχῆς,
3692 1994 3769 2061 μὴ
3802 2011 3952 2045 συνο-

716 2108 814 2145 nos
848 2093 900 2145 in
955 2093 1240 2161 praesentia
1291 2093 1478 2159 probe,
1505 2099 1559 2144 et
1604 2093 1759 2145 utinti
1806 2101 1955 2155 sunt,
1996 2093 2275 2146 addiscere

2382 2083 2487 2151 ρῶν
2524 2084 2622 2149 τὴν
2652 2082 2930 2151 ἀλήθειαν.
2963 2084 3148 2135 Ταῦτα
3180 2084 3241 2135 τὸ
3273 2085 3446 2151 παρὸν
3482 2083 3802 2150 ηὐδόκησις
3850 2101 3947 2134 κα-

719 2194 812 2235 tno
862 2183 1210 2251 beneplacito
1274 2181 1537 2245 eﬂ'ecisti,
1599 2193 1652 2235 et
1725 2194 2039 2251 argumenta
2093 2199 2273 2235 rerum

718 2274 873 2325 aliter
925 2287 1174 2335 exorsus,
1239 2287 1360 2340 quae
1418 2282 1509 2326 tua
1562 2280 1646 2325 est
1679 2272 1826 2325 varia
1877 2287 1942 2326 ac
1994 2273 2271 2337 multiplex

716 2363 1000 2430 sapientia,
1060 2372 1114 2417 et
1163 2372 1268 2416 tua:
1311 2362 1641 2431 cognitionis
1690 2361 2055 2430 profunditas.
2110 2364 2273 2417 alium

719 2452 879 2506 linem
913 2461 969 2507 et
990 2454 1197 2507 exitum
1222 2452 1421 2506 habere
1450 2454 1544 2505 sed
1568 2452 1741 2505 multo
1769 2453 2042 2505 meliorum
2071 2467 2277 2519 pra-pa-

719 2549 873 2607 rasti,
907 2550 963 2597 et
1003 2542 1160 2612 longe
1184 2542 1641 2611 disjunctissimos
1667 2557 1729 2596 ac
1750 2543 2024 2609 dispersos
2057 2557 2181 2594 vere
2216 2542 2269 2595 in

721 2646 889 2686 unum
921 2630 1201 2692 collectos.
1230 2631 1297 2685 in.
1318 2645 1486 2684 unum
1512 2629 1651 2682 ovile
1668 2628 1959 2681 deduxisti.
1987 2626 2051 2681 Et
2086 2643 2274 2680 rursus

717 2735 845 2775 ecce
893 2736 1035 2774 unus
1066 2735 1197 2788 grex
1256 2734 1357 2774 nos
1386 2735 1577 2773 omnes
1614 2735 1677 2773 ex
1736 2718 1900 2771 variis
1932 2718 2277 2785 diversisque

721 2809 1029 2863 nationibus
1083 2809 1371 2872 conﬂatus,
1431 2809 1589 2878 cujus
1627 2818 1813 2877 pastor
1857 2808 2111 2862 Christus
2166 2818 2269 2871 est,

722 2902 1064 2968 unigenitum
1121 2909 1273 2954 tuum
1316 2898 1574 2963 Verbum,
1638 2900 1729 2965 qui
1749 2909 1999 2953 nostram
2048 2899 2297 2952 l'ormam‘

722 2992 800 3043 uti
835 3006 935 3043 nos
976 2990 1078 3055 ipsi
1108 2998 1326 3059 propter
1358 2992 1562 3044 viscera
1599 2989 1990 3043 misericordia:
2019 2998 2123 3042 tua:
2153 3006 2276 3044 sus-

723 3084 900 3151 cepit,
953 3098 1049 3149 pro
1103 3083 1304 3150 quibus
1378 3096 1498 3149 quae
1551 3080 1764 3133 tandem
1819 3080 1915 3133 tibi
1976 3081 2276 3149 gratiarum

2383 2172 2649 2239 ταμαθείν
2688 2174 2834 2240 ἡμᾶς
2872 2174 2950 2233 είς
2997 2174 3304 2241 ἀκρίϐειαν,
3364 2175 3456 2224 καὶ
3494 2174 3565 2224 τὰ
3604 2175 3708 2237 τῆς
3747 2173 3950 2225 ὑποϐι-

2376 2277 2509 2323 σεως
2542 2261 2716 2321 ἄλλως
2749 2260 3048 2329 ἀρξάμενος
3100 2262 3240 2312 κατά
3273 2261 3371 2327 τὴν
3404 2259 3502 2327 σὴν
3543 2258 3804 2325 ποικίλην
3836 2260 3951 2309 ἑπι-

2375 2353 2611 2419 στήμην,
2642 2353 2734 2403 καὶ.
2762 2350 2824 2401 τὸ
2858 2350 3020 2418 βάθος
3056 2353 3153 2419 τῆς
3197 2351 3297 2418 σῆς
3328 2350 3515 2417 σοφίας
3542 2350 3635 2402 καὶ⁵
3662 2348 3944 2415 γνώσεως,

2374 2444 2453 2502 εἰς
2478 2441 2665 2509 ἕτερον
2703 2440 3007 2508 καταλῆξαι
3044 2441 3215 2509 πέρας
3263 2440 3469 2509 βέλτιον
3518 2440 3703 2507 πολλῷ
3778 2455 3952 2507 παρε-

2386 2529 2687 2594 σκεύασας,
2712 2531 2805 2581 καὶ
2838 2530 3075 2598 συνῆξας
3108 2530 3186 2590 εἰς
3236 2528 3294 2579 ἓν
3318 2528 3530 2597 ἀληθῶς
3566 2529 3696 2589 τοὺς
3733 2527 3951 2578 διεσπα-

2377 2620 2607 2687 σμένους
2658 2618 2753 2671 ἐπὶ
2808 2619 3037 2688 μακρὸν,
3078 2622 3171 2669 καὶ
3208 2620 3332 2680 τοὺς
3368 2610 3951 2685 ἐσκορπισμένουςείς

2373 2710 2473 2777 τὴν
2512 2708 2683 2777 αὐτὴν
2739 2709 2983 2777 μάνδραν
3058 2708 3391 2778 συνήλασας.
3451 2708 3563 2761 Καὶ
3627 2707 3798 2758 πάλιν
3848 2707 3951 2757 ἰδοὺ

2387 2800 2486 2869 μία
2515 2802 2716 2869 ποίμνη
2753 2799 2955 2862 πάντες
2977 2801 3138 2868 ἡμεῖς
3169 2802 3233 2851 ἐκ
3257 2799 3526 2867 διαφόρων
3587 2798 3952 2865 συνισταμένη

2380 2893 2475 2944 καὶ
2506 2889 2801 2955 πολυειδῶν
2832 2889 2941 2941 τῶν
2998 2889 3187 2953 ἐθνῶν,
3240 2884 3307 2958 ἦς
3339 2890 3545 2956 ποιμὴν
3598 2891 3625 2939 ὁ
3652 2887 3889 2955 Χριστὸς
3931 2890 3954 2934 ὁ

2381 2979 2675 3049 μονογενής
2723 2994 2818 3029 σου
2852 2977 3051 3043 Λόγος,
3103 2977 3131 3027 ὸ
3181 2975 3486 3044 μορφωθεὶς
3536 2972 3629 3024 διὰ
3674 2973 3953 3039 σπλάγχνα

2385 3071 2569 3129 ὲλίους
2623 3086 2719 3121 σου
2776 3067 2841 3120 τὸ
2896 3066 3021 3120 καθ’
3064 3068 3212 3135 ἡμᾶς
3260 3066 3354 3117 καὶ
3392 3066 3681 3133 ἡμέτερον,
3710 3064 3854 3131 ὑπὲρ
3884 3057 3955 3114 ὧν

723 3175 968 3227 actiones
1001 3171 1379 3239 reponuntur?
1410 3185 1572 3237 quam
1610 3170 1771 3223 etiam
1807 3170 1906 3222 tibi
1953 3171 2188 3223 debitam
2238 3187 2267 3225 a

2394 3162 2545 3224 ποῖός
2570 3177 2651 3213 σοι
2682 3159 2839 3227 λόγος
2878 3158 3230 3227 εὐχαριστίας
3260 3157 3758 3227 προσενεχθήσεται
3792 3172 3807 3220 ;
3836 3157 3953 3225 τίνα

722 3264 878 3319 nobis
904 3264 1337 3318 benevolentiam
1378 3263 1795 3328 reddemus,qui
1836 3260 1995 3315 bonis
2027 3263 2280 3315 omnibus

726 3347 957 3410 refertus
971 3372 1049 3419 es,
1068 3366 1121 3410 et
1148 3370 1367 3411 omnem
1403 3355 1632 3423 gratiam
1674 3369 1992 3420 exsuperas,
2013 3364 2068 3408 et
2096 3369 2275 3408 rerum

722 3447 1109 3510 humanarum,
1190 3444 1445 3499 omnibus
1523 3442 1987 3497 abundantissime
2034 3441 2282 3505 aﬂluens,

727 3540 882 3607 plane
903 3553 1011 3593 non
1053 3536 1303 3607 indiges?
1328 3536 1443 3591 Non
1470 3537 1658 3605 utique
1687 3550 1979 3604 possumus
2029 3535 2100 3587 ob
2126 3548 2211 3597 ea,
2230 3540 2286 3587 et

725 3646 848 3700 qum
878 3645 1023 3684 nunc
1053 3629 1330 3699 peregisti,
1350 3630 1580 3697 gratiam.
1606 3627 1745 3681 inl‘ra
1778 3632 1942 3681 etiam
1963 3627 2283 3695 dignitatem

726 3730 1012 3787 reponere,
1062 3732 1238 3785 eaque
1295 3717 1659 3786 potissimum.
1690 3716 1835 3785 quod
1891 3715 1955 3768 ad
1993 3714 2283 3768 dicendum

726 3810 949 3865 minime
979 3808 1156 3862 idonei
1191 3822 1401 3870 sumus,
1428 3822 1549 3860 cum
1602 3806 1765 3859 etiam
1812 3805 1858 3857 si
1895 3804 2169 3857 caelestem
2194 3813 2289 3858 aut

727 3901 1170 3968 Superccelestem
1205 3912 1391 3953 vocem
1415 3910 1901 3966 consequeremur.
1956 3911 2131 3964 neque
2174 3899 2284 3950 tum

729 3994 988 4046 solvendo
1021 3991 1245 4044 erimus.
1287 3990 1397 4055 Sic,
1434 3990 1778 4056 omnipotens
1804 3997 1859 4042 et
1893 3988 2288 4043 sublimissimo

730 4083 977 4146 Domine,
1013 4095 1227 4135 tuorum
1290 4081 1342 4133 in
1380 4095 1478 4133 nos
1530 4078 1921 4137 beneﬁciorum
1970 4079 2289 4148 magnitudo

728 4188 982 4228 sermone
1012 4173 1158 4226 omni
1203 4173 1381 4240 potior
1412 4181 1513 4227 est.
1549 4170 1653 4227 Sed
1699 4171 1811 4223 luec
1862 4170 1927 4223 de
1961 4170 2111 4225 hisce
2151 4171 2285 4224 satis

731 4279 1019 4332 superque.
1094 4261 1280 4331 Neque
1341 4264 1489 4315 enim
1572 4261 1640 4318 ad
1699 4262 1813 4316 lnec
1877 4260 2283 4331 comprobanda

731 4352 1088 4407 luculentiore
1122 4352 1368 4406 oratione
1402 4351 1532 4405 mihi
1564 4366 1700 4420 opus
1724 4358 1831 4409 est.

2391 3254 2448 3306 δέ
2486 3269 2567 3305 σοι
2622 3252 2715 3304 καὶ
2764 3249 2862 3319 τὴν
2930 3248 3289 3317 ὀφειλομένην
3341 3250 3477 3317 ἡμῖν
3538 3247 3953 3314 εὐγνωμοσύνην

2391 3343 2754 3412 προσοίσομεν
2781 3339 2861 3410 τῷ
2887 3341 3231 3408 ὐπερπλήρει
3256 3339 3454 3401 παντὸς
3490 3336 3715 3405 ἀγαθοῦ,
3744 3337 3827 3403 τῷ
3850 3340 3956 3389 πά-

2395 3455 2494 3508 σης
2525 3438 2784 3490 ἐπέκεινα
2835 3436 3081 3505 χάριτος,
3107 3432 3166 3496 ὃς
3198 3433 3407 3495 οὐδενὸς
3462 3432 3571 3484 τῶν
3605 3430 3957 3497 ἀνθρωπίνων

2392 3528 2616 3600 χρῄζεις
2644 3528 2760 3581 κατ’
2784 3527 2974 3581 οὐδένα
2998 3528 3225 3597 τρόπον,
3260 3526 3515 3595 ὑπάρχων
3533 3524 3591 3576 εν
3618 3525 3787 3575 πᾶσιν
3810 3526 3959 3575 ἀνεν.

2394 3619 2555 3689 δεής;
2586 3618 2699 3671 οὐκ
2753 3618 2900 3670 ἐστιν
2943 3616 3092 3677 ὅπως
3130 3612 3216 3666 διὰ
3244 3614 3416 3666 ταῦτα
3448 3614 3541 3665 καὶ
3595 3611 3704 3665 τῶν
3752 3612 3848 3664 νῦν
3881 3628 3955 3662 σοι

2395 3709 2806 3778 πεπραγμένων
2834 3708 2995 3777 χάριν
3026 3706 3125 3758 οὐκ
3150 3705 3371 3758 ἔλαττον
3396 3706 3458 3756 τὸ
3492 3704 3611 3757 κατ’
3640 3703 3800 3766 ἀξίαν
3824 3704 3952 3770 ἀφο-

2396 3801 2694 3855 σιώσασθαι
2713 3799 3100 3868 δυνηθείημεν,
3119 3801 3214 3851 καὶ
3247 3798 3446 3865 μᾶλλον
3470 3796 3550 3848 ὅτι
3579 3796 3714 3847 πολύ
3748 3796 3843 3847 καὶ
3862 3798 3953 3862 τῆς

2393 3892 2452 3944 ἐν
2498 3891 2574 3960 τῷ
2606 3892 2783 3958 λέγειν
2808 3889 2993 3951 ἀπλῶς
3026 3890 3336 3957 ίκανότητος
3380 3886 3699 3955 ἀποδέομεν,
3734 3884 3869 3937 ὅπου
3896 3900 3952 3951 γε

2396 3964 2501 4036 κ’ἃν
2525 3984 2777 4052 οὐράνιόν
2824 3997 2971 4045 τινα,
3004 3981 3099 4033 καὶ
3128 3980 3365 4042 συνόλως
3415 3976 3811 4046 ὐπερουράνιον
3841 3978 3951 4029 ἀνε-

2397 4073 2675 4141 λαὸόμεθα
2699 4075 2804 4140 τὴν
2858 4072 3064 4140 φωνὴν,
3109 4069 3227 4122 οὐδὲ
3257 4071 3379 4122 τότε
3406 4068 3467 4121 τὸ
3498 4068 3672 4137 χρεὼν
3713 4068 3951 4135 ἀπεπλή-

2398 4182 2592 4235 σαμεν.
2635 4164 2811 4228 Οὕτω,
2838 4162 3132 4224 πανσθενδς
3158 4159 3349 4229 ὖψιστε
3380 4160 3571 4229 Κύριε,
3603 4160 3781 4211 πάντα
3804 4160 3951 4226 λόγον

2398 4257 2682 4325 ὑπεραίρει
2708 4254 2897 4335 τὺγτῶν
2919 4252 3055 4323 πρὸς
3084 4252 3230 4321 ἡμᾶς
3262 4248 3712 4317 εὐεργετημάτων
3744 4265 3834 4300 σου
3865 4250 3951 4316 μέ-

2396 4345 2578 4413 γεθος.
2614 4344 2778 4397 Ἀλλά
2816 4344 2884 4396 τὰ
2927 4343 3027 4412 μὲν
3060 4342 3191 4413 περὶ
3220 4340 3426 4393 τούτων
3477 4338 3713 4392 ἐνταῦθα
3741 4338 3947 4391 κείσθω.

2398 4435 2508 4488 Καὶ
2536 4438 2642 4505 γὰρ
2666 4436 2787 4488 οὐδὲ
2818 4434 3172 4503 μακροτέρων
3200 4430 3405 4483 δεῖσθαι
3420 4431 3561 4483 δοκῶ
3590 4447 3681 4500 μοι
3705 4432 3949 4500 ῥημάτων

2329 4531 2375 4588 D
2405 4526 2540 4593 πρὸς
2573 4525 2671 4591 τὴν
2707 4524 2816 4575 τῶν
2844 4523 3151 4590 λεγομένων
3179 4522 3540 4591 παράστασιν.

803 4632 857 4688 9.
889 4628 1182 4695 Postquam
1216 4639 1343 4679 vero
1393 4625 1745 4681 addecean
1780 4623 1889 4681 Deo
1924 4625 2181 4693 gloriam,
2212 4632 2278 4684 uti

2470 4615 2535 4668 θ’.
2578 4615 2733 4668 Ἐπεὶ
2759 4615 2815 4665 δὲ
2863 4614 2962 4683 τὴν
2993 4614 3297 4682 ἀνήκουσαν
3336 4612 3408 4673 ὡς
3451 4606 3561 4663 οἷόν
3588 4627 3648 4662 τε
3683 4611 3836 4671 δόξαν
3864 4615 3946 4663 ἐπὶ

735 4722 849 4775 lieri
887 4719 1080 4787 potuit,
1106 4718 1169 4772 de
1190 4716 1356 4770 rebus
1390 4717 1557 4782 gestis
1606 4716 1976 4778 exhibuimus.
2012 4726 2067 4771 et
2102 4718 2278 4789 ingen.

2401 4708 2514 4767 τοῖς
2542 4707 2853 4774 γενομένοις
2891 4703 3288 4773 ἀνεπέμψαμεν
3320 4702 3399 4770 τῷ
3429 4700 3547 4770 Θεῷ
3574 4702 3685 4754 τῶν
3713 4706 3789 4763 είς
3818 4705 3944 4771 ἡμᾶς

733 4814 866 4866 tium
901 4814 952 4863 in
1001 4824 1101 4863 nos
1155 4807 1538 4861 beneﬁciorum
1590 4807 1868 4863 motione
1921 4809 2181 4873 inducta,
2241 4825 2273 4865 e

2406 4795 2828 4868 μεγαλοδωρειῖω
2872 4794 3038 4846 αὐτοῦ
3075 4793 3571 4864 μνημονεύσαντες,
3620 4793 3714 4844 καὶ
3766 4808 3944 4857 καταγο

736 4903 879 4957 illius
909 4901 975 4955 ad
995 4881 1119 4957 bac
1153 4913 1325 4967 usque
1348 4906 1594 4965 tempora
1654 4897 1998 4955 mirabilibus
2050 4898 2278 4955 humanc

2401 4888 2684 4955 γείλαντες
2711 4888 2825 4949 τοῖς
2855 4888 2988 4939 πᾶσι
3043 4885 3115 4938 τὰ
3143 4884 3332 4937 τούτου
3376 4884 3471 4937 καὶ
3528 4887 3585 4948 ὲς
3640 4883 3943 4953 δεῦροθαυο

734 4994 922 5064 generi
953 4990 1311 5053 denuntiatis,
1350 5004 1445 5056 par
1490 5003 1611 5045 esse
1655 4988 1869 5041 videtur
1901 5004 2045 5041 nunc
2077 4990 2278 5044 demun

2408 4981 2601 5049 μάσια,
2639 4977 2845 5030 δίκαιον
2877 4977 2947 5031 ἂν
2986 4975 3074 5045 εἴη
3102 4974 3163 5027 τὺ
3193 4974 3301 5027 ἀπὸ
3344 4973 3497 5026 τοῦδε
3529 4972 3720 5043 τρέψαι
3746 4973 3832 5023 τὸν
3874 4972 3942 5021 λό-

737 5061 792 5139 et
826 5082 1124 5136 oralionem
1158 5080 1214 5133 in
1267 5094 1365 5134 eos
1416 5088 1751 5140 convertere,
1818 5079 1910 5145 qui
1952 5094 2061 5133 non
2108 5080 2278 5135 eadeu

2401 5086 2498 5137 γον
2527 5070 2625 5120 καὶ
2663 5068 2797 5139 πρὸς
2825 5070 2952 5130 τοὺς
2975 5066 3233 5120 τάναντία
3271 5064 3600 5135 φρονοῦντας
3653 5065 3816 5132 ἡμῖν,
3864 5061 3944 5111 καὶ

739 5190 862 5245 quae
902 5188 1003 5227 nos
1039 5178 1246 5235 tenent,
1278 5178 1335 5225 et
1368 5171 1543 5225 zelum
1588 5171 1791 5225 habent
1823 5171 1915 5233 sed
1966 5185 2077 5225 non
2104 5188 2168 5227 ex
2204 5187 2278 5225 col

2406 5161 2568 5229 ζῆλον
2603 5162 2701 5232 μὲν
2730 5159 2974 5228 ἔχοντας,
3004 5157 3119 5209 ἀλλ’
3160 5154 3221 5210 οὐ
3262 5154 3384 5208 κατ’
3409 5154 3722 5220 ὶπίγνωσιν,
3745 5152 3771 5202 ὅ
3802 5167 3943 5218 φησιν

740 5241 1002 5336 gnitione,
1036 5272 1093 5323 ut
1144 5263 1363 5317 divinus
1430 5262 1725 5331 Apostolus
1764 5262 1860 5325 ait,
1905 5277 2139 5332 quorum
2175 5265 2278 5331 qui

2404 5255 2433 5305 ὁ
2472 5252 2613 5314 θεῖος
2658 5249 3001 5316 Ἀπόστολος,
3025 5242 3100 5301 ὧν
3129 5249 3177 5299 οἱ
3211 5247 3310 5313 μὲν
3334 5246 3434 5307 τὰς
3463 5246 3571 5297 τῶν
3599 5244 3768 5309 ἁγίων
3799 5241 3941 5293 [Ιατέ-

742 5362 867 5409 dam
895 5363 1208 5410 sanctorum
1242 5353 1461 5408 Patrum
1497 5367 1657 5406 voces
1715 5352 2019 5416 audientes,
2076 5369 2189 5411 non
2221 5362 2273 5407 ta

2410 5361 2520 5417 ρων
2550 5342 2735 5409 φωνὰς
2761 5339 3071 5403 ἀκούοντες,
3100 5338 3159 5390 οὐ
3198 5330 3305 5407 μὴν
3336 5334 3632 5396 συνιέντες,
3664 5334 3754 5384 τὸν
3785 5330 3941 5397 ἐγκεί-

747 5460 867 5499 inen
893 5445 1255 5515 percipientes
1310 5442 1529 5495 insitam
1580 5441 1633 5495 in
1658 5440 1763 5495 illis
1812 5441 2162 5502 sententiain.
2212 5455 2278 5495 sei

2413 5450 2576 5504 μενον
2613 5432 2804 5494 αὐταίς
2835 5428 2984 5492 νοῦν,
3009 5430 3144 5481 ἀλλά
3176 5420 3464 5496 σφαλερῶς
3492 5426 3663 5485 αὐτὰς
3700 5420 3942 5489 ἑκλαμδά·

745 5513 951 5585 temere
966 5546 1059 5584 eas
1082 5530 1460 5599 intelligentes,
1486 5545 1669 5597 pacem
1696 5531 1834 5585 adeo
1854 5535 2019 5599 probe
2042 5529 2278 5587 Ecclesia

2413 5542 2620 5588 νοντες,
2647 5524 2746 5592 τὴν
2773 5523 2915 5575 οὕτω
2943 5521 3123 5583 καλῶς
3164 5518 3258 5571 καὶ
3285 5519 3381 5571 σὺν
3409 5514 3530 5584 Θεῷ
3575 5513 3845 5582 προδᾶσαν
3881 5514 3948 5563 εί-

750 5634 869 5673 rum
887 5620 1069 5673 divina
1093 5634 1195 5688 ope
1210 5617 1409 5673 factam
1433 5620 1835 5687 calumniantur
1851 5626 1905 5672 et
1921 5618 2278 5675 criminantur

2416 5620 2583 5688 ρήνην
2618 5615 2728 5668 τῶν
2794 5611 3134 5681 Ἐκκλησιῶν
3172 5605 3571 5676 συκοφαντοῦσι
3608 5607 3702 5656 καὶ
3756 5601 3946 5654 διαδω-

746 5719 800 5761 ει
816 5710 930 5762 Ioca
951 5692 1044 5778 per
1054 5713 1234 5764 omnia
1249 5718 1587 5779 pererrantes
1597 5709 1663 5763 de
1676 5708 1834 5764 nobis
1846 5710 1984 5771 male
1996 5709 2278 5777 loquuntur

2413 5710 2562 5763 λουσι
2585 5723 2601 5739 ⁸
2625 5705 2760 5776 πρὸς
2786 5706 2840 5759 δὲ
2864 5706 2956 5758 καὶ
2972 5703 3151 5771 πάντη
3191 5693 3805 5770 περιερχόμενοικακῶς
3822 5694 3947 5761 iuta;

752 5816 872 5865 cum
906 5803 1015 5854 sint
1036 5817 1223 5853 eorum
1250 5802 1315 5854 de
1347 5800 1544 5865 quibus
1572 5800 1933 5854 determinant
1967 5800 2278 5863 ignavissimi

2424 5801 2696 5857 λέγουσιν,
2757 5798 2857 5850 οὐκ
2920 5794 3121 5858 εἰδότες
3194 5790 3321 5865 περὶ
3377 5789 3539 5842 τίνων
3616 5783 3948 5842 διαδεδαιοῦν-
