4132 6432
177 451 348 516 1053
427 516 434 523 .

1058 457 1159 516 DE
1196 456 1718 518 PROCESSIONE
1760 457 1821 518 S.
1863 460 2228 522 SPIRITUS
2268 463 2489 526 ΟΒΔΤ.
2534 463 2582 525 Ι.

3340 455 3476 523 1054

171 568 306 630 τὰς
336 566 806 636 ὑπαγορευθείσας
830 569 981 640 αὖτῷ
1010 570 1144 638 περὶ
1168 569 1266 622 τοῦ
1292 572 1433 624 [1νεύ
1443 589 1614 640 ματος
1685 574 1787 642 ῥή-

1908 573 2058 628 ἐιιιο
2093 584 2263 629 notat.
2295 574 2399 640 Qui
2431 578 2576 629 enim
2628 575 2680 627 in
2724 574 3020 642 Evangelio
3043 590 3057 625 :
3081 572 3311 640 Spiritus
3345 575 3472 627 ueri-

179 673 330 720 σεις
355 657 722 727 ἐξηγούμενος
775 659 1056 726 φαίνεται,
1117 660 1199 713 δι’
1253 655 1352 724 ὧν,
1390 663 1466 725 ώς
1521 665 1792 733 προείρη-

176 746 302 799 ταί
352 763 466 815 μοι,
519 749 616 800 καὶ
669 748 772 816 τὴν
827 750 1201 822 εὐαγγελικὴν
1269 753 1610 806 ἀναπτύσσει
1678 759 1793 818 τοῖς

179 838 638 907 ιπεσκεμμένως
692 840 950 906 διεξιοῦσι
974 843 1181 906 ταύτας
1230 844 1441 914 φωνὴν,
1482 847 1642 914 εἰπερ
1694 848 1794 899 οὐκ

183 929 340 983 ἄλλο
372 930 434 982 τὸ
471 932 600 1002 παρ’
629 930 799 1001 αὐτῆς
844 934 1268 1002 σημαινόμενον,
1299 935 1415 988 ἀλλ’
1443 937 1581 1006 ὅπερ
1607 939 1792 989 αὐταῐο

188 1026 274 1076 τὸ
322 1024 431 1091 γὰρ
475 1024 628 1093 παρὰ
680 1025 760 1093 τῷ
816 1025 1136 1096 Εὑαγγελίῳ
1190 1029 1434 1096 Πνεῦμα
1483 1028 1592 1096 τῆς
1649 1030 1798 1096 ἀλη-

191 1119 394 1181 θείας,
445 1117 688 1185 Πνεῦμα
736 1119 880 1170 κατὰ
913 1120 1122 1172 Παῦλον
1164 1121 1321 1185 Υιοῦ,
1345 1121 1444 1174 καὶ
1486 1121 1636 1187 νοῦς
1663 1123 1796 1190 Χρι-

192 1207 384 1262 στοῦ.
431 1208 668 1278 Χριστὸς
727 1209 785 1262 δὲ
834 1211 868 1279 η
920 1210 1174 1280 ἀλήθεια.
1236 1212 1436 1275 Καλῶς
1502 1213 1796 1281 τοιγαροῦν

193 1299 586 1367 προλαϐόντες
648 1299 916 1370 ἐλέγομεν
972 1305 1052 1364 είς
1112 1303 1283 1372 αὐτὴν
1331 1305 1547 1375 ἐκείνην
1596 1303 1694 1374 τὴν
1730 1307 1792 1358 ὲν

201 1392 574 1461 Εὑαγγελίοις
608 1393 939 1470 περικοπὴν,
971 1395 1107 1448 ἀλλὰ
1138 1395 1204 1464 δὴ
1256 1397 1350 1450 καὶ
1399 1396 1502 1459 τὰς
1562 1399 1798 1450 ἀποστο-

198 1482 374 1547 λικὰς
428 1485 618 1554 ῥήσεις
675 1487 1046 1556 προσπταίειν
1100 1489 1230 1550 τοὺς
1259 1487 1795 1557 ἀντιδιατιθεμένους

202 1577 347 1645 ἡμῖν
380 1577 443 1628 ὲκ
497 1577 598 1646 τῆς
633 1578 927 1647 Κυριακῆς
985 1579 1128 1648 τάχα
1161 1579 1347 1647 φωνῆς
1401 1579 1478 1642 ὡς
1498 1582 1796 1649 παρέργως

209 1669 509 1738 μετιόντας
545 1670 615 1722 τὰ
647 1671 775 1739 περὶ
798 1670 1028 1736 τούτων,
1066 1673 1162 1724 καὶ
1199 1672 1272 1742 μὴ
1301 1673 1439 1741 μετὰ
1479 1673 1577 1742 τῆς
1627 1690 1799 1744 προσ-

200 1758 458 1830 ηκούσης
500 1760 834 1823 ἐπιστασίας
865 1764 961 1815 καὶ
989 1762 1355 1831 διασκέψεως.
1386 1763 1579 1833 ’Ὀμω⁸
1611 1765 1660 1816 εί
1693 1764 1792 1818 καὶ

208 1852 293 1922 μὴ
325 1853 540 1923 πρώην,
573 1855 654 1915 είς
688 1852 749 1904 τὸ
788 1853 916 1922 ἑξῆς
944 1853 1076 1921 γοῦν
1098 1855 1245 1907 δοκῶ
1280 1855 1485 1924 μηδένα
1513 1853 1624 1906 τῶν
1646 1859 1791 1910 πάν-

203 1913 344 2008 te...
371 1913 489 1998 3...;
513 1913 588 2015 μὴ
610 1913 700 1998 δὶα
729 1913 924 2008 est;
955 1913 1326 2016 ίδιοῤῥύθμως
1342 1913 1490 2016 ’πρὸς
1515 1950 1695 2001 πάντα
1713 1948 1802 2001 λό-
1832 1913 1874 1966 ⁸

205 2052 312 2105 γον
343 2037 680 2089 ἀντιϐαίνειν
728 2036 1030 2106 ἐγνώκασι,
1057 2040 1266 2091 τούτων
1297 2055 1351 2090 τι
1410 2039 1796 2109 παραδραμεῖν

183 2128 596 2192 -ἀνεξέταστον,
623 2129 762 2197 μήτε
813 2131 918 2197 μὴν
940 2131 1020 2192 είς
1044 2130 1251 2196 γνῶσιν
1293 2129 1475 2182 αὐτῶν
1530 2131 1800 2200 ἀφικόμε-

133 2250 143 2259 -
206 2236 326 2284 νον,
361 2223 546 2290 μεῖναι
567 2221 671 2288 τῆς
695 2220 910 2282 οἰκείας
943 2220 1299 2277 ἐθελοδούλου
1346 2221 1576 2291 γνώμης
1622 2221 1799 2274 εἰσέτι

207 2314 400 2389 κακῶς
425 2313 770 2383 ἐξεχόμενον,
805 2312 1087 2383 τρέψαντα
1113 2315 1172 2367 δὲ
1221 2314 1323 2385 τὴν
1363 2314 1562 2382 ἄλογον
1609 2315 1804 2366 ἔνστα-

210 2422 304 2458 σιν
354 2402 510 2474 οἶμαι
563 2405 748 2459 πάντα
801 2407 1068 2470 τοιοῦτον,
1133 2409 1215 2469 είς
1238 2406 1424 2474 θαῦμα
1472 2406 1802 2476 μεταὸαλεῖν

205 2499 312 2566 τὴν
343 2498 692 2568 προαίρεσιν,
721 2496 817 2548 καὶ
873 2498 993 2566 μεθ’
1024 2496 1184 2565 ἡμῶν
1243 2497 1503 2565 γενέσθαι
1539 2499 1648 2550 τῶν
1702 2501 1803 2564 τῆς

206 2587 470 2658 ἀληθείας
511 2588 893 2652 ὑπασπιστῶν,
951 2589 1020 2659 ῆν
1046 2589 1072 2638 ό
1102 2590 1246 2650 θεῖος
1289 2582 1445 2650 οὗτος
1467 2590 1604 2658 ἀνὴρ
1627 2590 1788 2640 δυνά-

215 2697 314 2751 μει
364 2681 526 2746 λόγου
554 2679 958 2743 καθυποδείξας
1006 2683 1161 2750 ἡμῖν,
1227 2681 1576 2751 ὑπερμαχεῖν
1619 2679 1792 2749 αὐτῆς

208 2768 420 2836 τρόπον
435 2772 559 2820 τινὰ
599 2770 1004 2838 προετρέψατο,
1041 2770 1140 2840 τὴν
1170 2771 1362 2838 κοινὴν
1423 2771 1797 2837 πιστούμενος

207 2858 442 2918 ἔννοιαν.
472 2862 594 2931 ἥτις
631 2856 775 2930 εἶχεν
809 2863 897 2914 ἀεὶ
939 2862 1020 2914 δι’
1046 2860 1176 2915 Υίοῦ
1195 2863 1257 2914 τὸ
1286 2862 1512 2932 Πνεῦμα
1544 2863 1605 2915 τδ
1649 2862 1804 2930 ἆγιεν

207 2950 516 3017 λαμϐάνειν
574 2952 675 3020 τὴν
746 2951 1009 3022 ὕπαρξιν,
1070 2953 1147 3016 ώς
1196 2953 1359 3022 δῆλον
1403 2956 1511 3006 κὰκ
1554 2953 1656 3022 τῆς
1687 2954 1798 3006 τῶν

207 3042 565 3110 ἀπορούντων
587 3043 824 3103 διανοίας
845 3044 1017 3097 ἐστίν.
1049 3045 1211 3098 Ἐπεὶ
1241 3045 1326 3108 τίς
1362 3047 1391 3098 ὁ
1414 3045 1572 3111 λόγος
1597 3046 1697 3113 τὴν
1719 3045 1807 3098 αξ·-

206 3135 334 3188 τίαν
384 3135 611 3197 τούτους
649 3136 857 3205 ζητεῖν,
890 3136 1096 3206 ὅτιπερ
1119 3140 1232 3205 οὐχ
1272 3138 1406 3204 Υἱὸς
1436 3137 1541 3191 τοῦ
1571 3138 1709 3191 Υιοῦ
1736 3137 1806 3189 τὸ

1899 667 2025 719 tatis
2075 667 2229 718 audit
2251 665 2292 730 ⁸,
2329 665 2497 720 Paulo
2530 663 2662 718 Filii
2732 662 2990 732 Spiritus,
3022 672 3075 716 et
3106 662 3306 716 Christi
3331 680 3475 717 mens

1895 769 2014 837 est.
2049 759 2306 814 Christus
2340 775 2468 814 vero
2511 761 2710 813 veritas
2759 769 2862 812 est.
2900 757 3044 811 Bene
3075 757 3260 823 itaque
3309 737 3476 821 supra

1897 853 2238 913 dicebamus.
2280 855 2333 906 in
2368 853 2458 906 illa
2487 852 2604 920 ipsa
2635 851 2912 919 Evangelii
2941 851 3210 918 pericope,
3254 847 3387 915 quin
3422 847 3475 898 in

1897 945 2218 1014 apostolicis
2255 945 2416 998 etiam
2466 943 2649 1004 dictis,
2695 956 2882 995 errare
2924 955 3040 992 sese
3095 939 3257 991 nobis
3304 951 3479 1003 oppo-

1898 1047 2112 1100 nentes,
2159 1037 2288 1089 dum
2336 1035 2676 1090 Dominicam
2704 1035 2874 1086 -hanc
2913 1046 3100 1085 vocem
3147 1029 3476 1097 producunt,

1898 1137 2160 1195 tauquam
2194 1127 2289 1194 qui
2321 1134 2524 1178 temere
2559 1123 2762 1178 similia
2792 1130 3052 1181 tractant,
3076 1133 3174 1171 nec
3206 1119 3259 1169 in
3288 1131 3478 1168 eorum

1898 1217 2150 1269 examine
2189 1215 2487 1269 addecente
2513 1213 2961 1267 consideratione
2987 1219 3150 1278 atque
3190 1208 3485 1276 investiga-

1899 1311 2049 1364 tione
2084 1319 2337 1364 utuntur.
2371 1305 2738 1361 Nihilominus
2781 1305 2905 1358 licet
2933 1304 2983 1357 id
3015 1318 3124 1356 non
3157 1309 3317 1354 antea
3356 1315 3478 1369 ege-

1899 1405 2034 1468 rint,
2062 1401 2116 1454 in
2153 1409 2434 1472 posterum
2468 1408 2650 1452 tamen
2695 1407 2934 1464 tempus,
2966 1395 3180 1448 nullum
3210 1408 3275 1446 es
3311 1392 3481 1454 hisce,

1900 1496 2000 1565 qui
2047 1509 2157 1549 non
2206 1494 2273 1548 ad
2332 1494 2495 1546 ﬁnem
2551 1506 2729 1560 usque
2775 1488 2998 1558 proprio
3045 1486 3276 1541 arbitrio
3308 1486 3480 1544 ducti,

1899 1587 2166 1657 quidquid
2197 1583 2441 1648 aﬁ'ertur,
2473 1597 2788 1653 oppugnare
2819 1579 3248 1642 constituerunt,
3286 1577 3482 1654 borum

1900 1681 2035 1734 nihil
2086 1679 2297 1748 absque
2347 1676 2706 1746 inquisitione
2747 1671 3218 1743 pratermissuros
3263 1682 3486 1736 tneque

1898 1785 2026 1842 cum
2048 1778 2052 1781 '
2075 1772 2128 1824 in
2161 1785 2350 1825 eorum
2383 1768 2756 1837 cognitionem
2786 1765 3022 1827 venerit,
3065 1762 3120 1815 in
3151 1760 3401 1830 propria,
3432 1767 3490 1812 et

1902 1877 2065 1931 quam
2107 1862 2208 1916 sibi
2247 1860 2410 1914 male.
2437 1858 2811 1928 praefixerunt,
2864 1855 3128 1925 opinione
3162 1867 3489 1922 permansu-

1903 1971 1996 2010 ros
2030 1971 2044 2008 :
2073 1955 2167 2008 sed
2198 1954 2348 2006 nulla
2381 1953 2594 2006 ratione
2622 1950 2805 2003 nixam
2835 1947 3248 2002 contentionem
3284 1944 3486 1999 immu-

1902 2055 2116 2101 taturos
2151 2061 2342 2099 omnes
2395 2043 2676 2104 existimo,
2721 2050 2777 2094 et
2819 2040 3142 2094 electionem
3187 2036 3488 2090 admiratos

1902 2155 2011 2195 unt
2063 2138 2349 2192 nobiscum
2403 2136 2621 2189 futuros
2663 2133 2913 2187 veritatis
2955 2129 3486 2200 propugnatoribus,

1903 2248 2066 2303 quam
2100 2232 2325 2286 divinus
2357 2229 2461 2284 iste
2487 2231 2592 2293 vir,
2645 2228 2696 2280 vi
2737 2226 3105 2293 facultateque
3133 2221 3352 2275 dicendi
3393 2221 3491 2275 de-

1906 2334 2268 2380 monstratam
2325 2323 2513 2390 aliquo
2570 2320 2733 2374 modo
2789 2316 3084 2371 defendere
3143 2315 3487 2370 adhortatur.

1904 2431 2250 2475 communem
2306 2414 2653 2469 sententiam.
2693 2409 3052 2472 conﬁrmans,
3104 2421 3214 2474 qua
3273 2418 3490 2473 semper

1905 2511 2278 2566 indubitatum
2325 2515 2465 2568 erat,
2515 2519 2616 2574 per
2650 2499 2854 2556 Filium
2917 2497 3183 2568 Spiritum
3237 2504 3488 2551 sanctum

1903 2599 2284 2656 exsistentiam
2331 2595 2601 2663 accipere,
2653 2592 2733 2645 uti
2780 2588 3128 2644 manifestum
3180 2589 3238 2639 ﬁt
3280 2600 3344 2638 ex
3378 2600 3476 2639 eo-

1904 2707 2050 2756 rum,
2103 2689 2198 2759 qui
2245 2687 2592 2747 addubitant,
2648 2692 2854 2736 mente.
2899 2679 3022 2746 Qua
3071 2681 3218 2734 enim
3275 2678 3490 2732 ratione

1903 2797 2124 2838 causam
2161 2779 2585 2848 illi‘perquirent
2614 2794 2628 2828 :
2659 2775 2838 2839 Quare
2881 2790 2983 2827 non
3025 2772 3173 2842 ﬁlius
3206 2768 3335 2824 Filii
3371 2770 3496 2839 Spi-

1904 2877 2042 2930 ritus
2073 2883 2316 2932 sanctus,
2354 2870 2460 2924 nisi
2488 2869 2522 2922 ii
2559 2883 2655 2936 per
2682 2869 2861 2936 ipsum
2899 2865 3273 2920 exsistentiam
3312 2864 3492 2934 possi-

1906 2970 2039 3024 dere
2073 2968 2196 3021 sine
2237 2961 2615 3018 controversia
2662 2964 2978 3020 censerent,
3023 2966 3077 3010 et
3124 2955 3267 3026 apud
3301 2971 3497 3010 omnes

1905 3057 2084 3113 simile
2113 3057 2312 3122 dogma
2377 3051 2585 3118 absque
2636 3048 2748 3102 ulla
2797 3047 3139 3102 dubitatione
3171 3044 3389 3098 ﬁrmqu
3430 3058 3495 3096 ac

1907 3148 2107 3204 stabile
2133 3161 2256 3201 esse
2289 3141 2727 3214 cognoscerent?
2760 3139 2877 3194 [loc
2903 3153 3132 3211 prorsus
3159 3152 3225 3191 ex
3258 3129 3492 3206 respon-

207 3228 458 3298 Πνεῦμα
487 3231 552 3282 τὸ
575 3230 771 3298 ἅγιον,
809 3233 859 3284 εί
884 3232 967 3301 μὴ
993 3231 1063 3284 δι’
1091 3233 1262 3286 αὑτοῦ
1296 3233 1459 3285 τοῦτο
1489 3230 1800 3301 κεκτῆσθαι

1908 3242 2062 3296 sione
2111 3254 2214 3293 sua
2273 3237 2340 3291 ad
2391 3235 2643 3299 eosdem,
2696 3232 2904 3288 cmlesti
2952 3229 3222 3301 sapientia
3273 3228 3496 3283 abunde

207 3323 312 3390 τὴν
371 3321 608 3392 ὕπαρξιν
637 3323 1087 3393 ὁμολογουμένως
1121 3325 1480 3394 ιπρέσὸευον,
1515 3325 1611 3376 καὶ
1649 3324 1802 3394 παρὰ

210 3415 354 3468 πᾶσι
378 3415 439 3466 τὸ
461 3415 708 3470 τοιοῦτον
732 3417 912 3486 δόγμα
951 3417 1184 3487 κρατεῖν
1250 3417 1646 3489 ἀναμφιϐόλως
1703 3417 1802 3469 καὶ

210 3508 460 3576 στερρῶς
493 3508 730 3577 ᾔδεσανς
772 3510 934 3562 τοῦτο
965 3512 1024 3564 δὲ
1072 3513 1297 3574 πάντως
1338 3512 1446 3565 κᾶν
1510 3510 1610 3578 τῆς
1665 3510 1803 3580 πρὸς

209 3599 412 3659 αὐτοὺς
444 3600 741 3666 ἀπολογίας
779 3602 808 3651 ό
840 3601 941 3672 τὴν
981 3604 1238 3672 οὐράνιον
1300 3603 1497 3670 σοφίαν
1542 3602 1803 3668 παριόντι

210 3688 533 3756 πλουτήσας
554 3689 658 3758 τῆς
691 3690 896 3761 ἀρετῆς
928 3691 1103 3755 οὕτως
1127 3691 1277 3762 ἔχειν
1303 3693 1804 3761 παραστησάμενος

210 3780 575 3844 ὲϐεόαίωσεν,
611 3782 872 3851 ἀληθείας
920 3784 1013 3836 καὶ
1042 3783 1331 3852 δυνάμεως
1369 3784 1612 3852 γέμοντα
1639 3785 1807 3853 φθεγ-

1909 3346 2010 3400 pro
2041 3329 2154 3384 suis
2182 3326 2438 3381 maximis
2493 3324 2933 3392 clarissimisque
2966 3321 3264 3376 virtutibus
3287 3320 3495 3374 ditatus

1898 3426 2325 3483 demonstrans,
2364 3417 2612 3470 veritatis
2642 3414 2978 3483 virtutisque
3017 3412 3175 3481 plena
3208 3413 3373 3466 verba
3409 3411 3495 3464 lo-

1910 3526 2074 3568 cutus
2124 3509 2490 3565 confirmavit.
2547 3507 2612 3560 Et
2664 3507 2781 3560 hate
2815 3507 3036 3575 quidem
3075 3489 3257 3572 magni
3302 3502 3496 3558 Basilii

1913 3615 2071 3669 sunt,
2105 3618 2170 3656 ea
2213 3602 2472 3656 ﬁrmitate
2506 3599 2751 3669 praedita,
2788 3613 3022 3667 eamque
3061 3597 3173 3650 vim
3216 3595 3494 3660 habentia,

1918 3708 1980 3754 ut
2037 3697 2203 3752 rectis
2263 3696 2412 3748 illius
2475 3691 2826 3762 dagmatibus
2880 3703 3170 3746 assensum
3232 3697 3496 3758 praestare

1916 3787 2133 3840 animos
2165 3791 2384 3850 cogant.

212 3869 449 3938 ξάμενος
482 3872 729 3941 ῥήματα.
765 3872 847 3924 Τὰ
883 3873 981 3942 μὲν
1010 3873 1076 3942 δὴ
1103 3875 1199 3926 τοῦ
1236 3875 1475 3943 μεγάλου
1543 3873 1832 3928 Βασιλείου
1872 3874 2125 3936 τοιαῦτα,
2192 3873 2291 3926 καὶ
2348 3870 2524 3934 οὕτως
2577 3869 2779 3933 ἱκανῶς
2840 3869 3036 3940 ἔχοντα
3098 3870 3286 3920 πεῖσαι
3316 3866 3495 3937 ψυχὴν

215 3961 510 4022 συνθῖἂυαι
537 3970 648 4030 rei;
687 3968 871 4038 ὀρθοῖς
903 3969 1100 4022 τούτου
1158 3970 1453 4038 δόγμασιν,
1514 3972 1610 4034 ἁτε
1654 3972 1788 4024 πολὺ
1829 3968 2168 4024 πλουτοῦντα
2192 3968 2253 4020 τὸ
2285 3965 2529 4036 ἰσχυρόν.

293 4059 374 4112 ιδ’.
409 4061 545 4112 Τίνα
577 4060 633 4111 δὲ
663 4061 758 4111 καὶ
780 4063 849 4112 τὰ
882 4061 960 4128 τῷ
991 4061 1220 4132 Νύσσης
1252 4062 1571 4135 Γρηγορίῳ,
1594 4063 1672 4133 τῷ
1705 4081 1810 4133 μη-

227 4155 310 4208 5ὶν
336 4151 501 4226 ἦττον
542 4153 759 4223 ἀδελφῷ
801 4152 910 4223 τὴνι
926 4154 1025 4222 τῆς
1053 4156 1290 4220 πίστεως
1313 4156 1611 4224 ὁμολογίαν
1651 4158 1684 4228 ἢ
1711 4159 1809 4225 τὴν

227 4245 409 4315 σχέσιν
435 4244 535 4312 τῆς
571 4244 785 4313 φύσεως
805 4245 862 4295 ἑν
893 4244 1175 4314 διαφόροις
1204 4246 1643 4314 δογματισθέντα
1681 4249 1811 4313 περὶ

225 4337 412 4392 τούτου
439 4337 891 4405 συγγράμμασιν,
923 4335 958 4389 ἃ
993 4338 1087 4388 καὶ
1121 4339 1318 4408 μικρὸν
1367 4340 1604 4410 πρόσθεν
1629 4358 1814 4410 παρα·

1984 4063 2076 4114 14.
2118 4060 2248 4124 Quae
2295 4073 2424 4112 vero
2469 4054 2752 4127 Nyssenus
2799 4053 3098 4125 Gregorius
3153 4071 3259 4109 non
3309 4056 3496 4113 minus

1914 4153 2265 4207 confessione
2317 4149 2469 4212 ﬁdei,
2512 4163 2679 4218 quam
2725 4160 2936 4201 natura:
2981 4147 3298 4201 habitudine
3329 4145 3496 4202 frater

1917 4247 1972 4300 in
2037 4246 2207 4298 variis
2257 4243 2325 4297 de
2386 4242 2489 4295 hac
2545 4255 2602 4296 re
2665 4240 3082 4293 commentariis
3129 4237 3396 4301 decernit,
3447 4246 3494 4288 εἰ

1920 4338 2082 4409 paqu
2125 4346 2250 4389 ante
2292 4333 2622 4404 procedente
2670 4330 2919 4385 oratione
2964 4330 3217 4400 digerere
3245 4329 3490 4398 promisi-

226 4432 393 4486 3sivat
418 4435 702 4500 προϊόντος
729 4428 823 4482 τοῦ
852 4431 1012 4498 λόγου
1037 4431 1502 4502 καθυπεσχόμεθα
1524 4451 1538 4499 ;
1595 4433 1804 4502 Συνῳδὰ

1922 4430 2083 4484 mus?
2132 4427 2459 4497 Congruunt
2501 4435 2557 4480 et
2588 4425 2679 4478 illa
2716 4422 2987 4494 profecto.
3017 4433 3073 4476 et
3101 4437 3268 4491 quam
3314 4423 3499 4474 cousi-

226 4525 318 4576 καὶ
345 4522 539 4584 ταῦτα,
573 4525 667 4574 καί⁸
686 4523 749 4574 τὸ
789 4524 896 4575 πᾶν
919 4523 1212 4591 σύμφωνα,
1264 4524 1326 4576 τό
1352 4542 1412 4576 τε
1461 4525 1649 4586 σθένος
1708 4526 1804 4576 οὐκ

1920 4525 2068 4577 milia
2093 4531 2241 4583 sunt,
2281 4536 2446 4589 quam
2475 4525 2706 4587 possunt
2729 4517 3011 4580 omnibus,
3044 4529 3142 4569 nec
3178 4517 3363 4567 mimis
3396 4529 3498 4564 nn-

225 4617 531 4670 ἁποδέοντα
559 4613 670 4666 τῶν
717 4617 1164 4684 προειρημένων,
1215 4618 1312 4668 καὶ
1341 4616 1604 4686 τοιαύτην
1653 4633 1810 4684 περι-

223 4709 550 4776 ζωννύμενα
580 4708 679 4778 τὴν
707 4706 994 4776 ἀληθειαν.
1037 4707 1126 4758 Ἐν
1162 4707 1271 4778 γὰρ
1306 4708 1384 4776 τῷ
1417 4708 1621 4777 πρώτῳ
1663 4707 1808 4777 λόγῳ

220 4803 333 4855 τῶν
363 4800 532 4854 αὐτοῦ
577 4801 714 4869 πρὸς
747 4800 1013 4868 Εὐνόμιον
1038 4794 1476 4871 Ἀπιρῤητικών
1498 4803 1673 4854 ταῦτα
1695 4801 1809 4853 δια·-

219 4891 539 4961 λαμϐάνων,
570 4893 666 4944 καὶ
698 4887 858 4952 οὗτός
891 4907 1028 4960 φησι
1063 4908 1077 4922 ο
1143 4892 1346 4956 Πατὴρ
1391 4891 1508 4956 μὲν
1544 4891 1811 4959 ἄναρχος

222 4985 322 5039 καί
390 4985 722 5051 ἁγέννητος
772 4982 1018 5036 νοεῖται.
1089 4981 1191 5045 Ἐξ
1233 4981 1424 5034 αὐτοῦ
1463 4981 1530 5032 δὲ
1563 4983 1714 5034 κατὰ
1742 4983 1810 5034 τὸ

222 5076 526 5145 προσεχὲς
550 5075 925 5138 ἀδιαστάτως
959 5076 991 5126 ό
1013 5072 1358 5141 μονογενὴς
1405 5070 1534 5136 Υἱὸς
1568 5071 1647 5136 τῷ
1688 5075 1809 5126 Πα-

223 5172 314 5238 τρι
345 5168 797 5223 συνεπινοεῖται
825 5184 839 5199 ο
878 5167 953 5218 δι’
995 5167 1185 5220 αὐτοῦ
1217 5165 1286 5220 δὲ
1323 5166 1423 5219 καί
1449 5167 1574 5234 μετ’
1622 5165 1812 5219 αὑτοῦ

226 5263 371 5331 πρίν
429 5279 483 5315 τι
530 5262 712 5314 κενόν
770 5277 834 5314 τε
864 5259 961 5319 καὶ
1028 5260 1459 5314 ἀνυπόστατον
1497 5258 1594 5310 διὰ
1614 5258 1811 5326 μέσου

225 5353 639 5424 παρεμπεσεῖν
691 5353 911 5421 νόημα,
975 5352 1162 5418 εὐθὺς
1216 5353 1416 5406 καὶτὸ
1470 5334 1715 5420 Πνεῦμα
1745 5351 1812 5403 τὸ

227 5448 401 5516 ἅγιον
436 5443 836 5513 συνημμένως
856 5444 1397 5512 καταλαμϐάνεται,
1438 5447 1552 5509 οὺχ
1626 5445 1812 5497 ὑστε-

223 5540 390 5609 ρίζον
415 5539 530 5605 τὴν
579 5537 842 5604 ὕπαρξιν
883 5537 1033 5604 μετὰ
1075 5538 1182 5590 τόν
1236 5537 1394 5598 flor,
1459 5535 1615 5588 (Lars
1674 5533 1820 5587 ποτὲ

230 5634 338 5688 τὸν
352 5633 666 5702 Μονοτενῆ
685 5633 826 5701 δίχα
844 5632 951 5686 τοῦ
974 5633 1324 5700 Πνεύματος
1342 5630 1656 5696 νοηθῆναι,
1680 5627 1818 5682 au‘

231 5727 298 5780 ἐκ
332 5725 449 5795 μὲν
469 5726 578 5780 τοῦ
609 5728 758 5782 Θεοῦ
789 5725 908 5779 τῶν
963 5727 1124 5779 ὅλων
1149 5723 1248 5778 καί
1308 5724 1456 5778 αὐτὸ
1483 5723 1598 5789 τὴν
1623 5722 1822 5776 αἰτίαν

317 5885 516 5940 ‘Joau.
562 5901 672 5949 xw,
712 5883 790 5940 Π.

1917 4624 2004 4668 tea
2064 4612 2350 4682 productis
2415 4611 2729 4674 Validiora,
2808 4625 2911 4662 nec
2961 4606 3216 4662 dissimili
3271 4607 3501 4659 veritate

1915 4708 2142 4761 vallata.
2203 4704 2378 4759 Primo
2429 4718 2668 4772 namque
2717 4716 2946 4755 suorum
3007 4700 3272 4753 adversus
3320 4696 3478 4750 Euno

1916 4803 2088 4854 mium
2121 4796 2618 4851 Antirrheticorum
2648 4795 2788 4848 libro
2818 4795 2934 4846 haec
2967 4793 3356 4846 continentur:
3392 4790 3501 4843 Pa-

1921 4897 2004 4948 ter‘
2030 4889 2238 4960 quidem
2284 4889 2397 4942 sine
2441 4885 2702 4956 principio
2731 4894 2780 4938 et
2821 4884 3088 4953 ingenitus
3142 4881 3499 4960 intelligitur;

1918 4958 2076 5056 ex'eo
2115 4998 2234 5037 vero
2294 4979 2600 5035 immediate
2637 4989 2685 5030 et
2720 4977 2944 5030 indivise
2979 4958 3286 5045 unigenitus
3327 4973 3503 5026 Filius

1921 5094 2042 5151 cum
2083 5075 2246 5130 Patre
2294 5073 2454 5128 simul
2505 5071 2830 5140 intelligitur
2858 5085 2877 5124 :
2909 5085 3001 5138 per
3041 5069 3183 5120 hunc
3220 5076 3398 5119 autent
3451 5075 3502 5119 et

1920 5184 2038 5221 cum
2070 5169 2204 5236 ipso,
2237 5173 2524 5233 antequam
2553 5164 2731 5216 inanis
2761 5172 2810 5215 et
2851 5177 2954 5213 non
2985 5161 3274 5214 subsistens
3317 5159 3372 5210 in
3400 5173 3491 5210 me-

1921 5262 2010 5313 dio
2033 5260 2296 5326 perceptio
2338 5257 2567 5320 incidat,
2616 5255 2800 5307 statim
2833 5251 3066 5318 Spiritus
3113 5259 3331 5303 sanctus
3379 5246 3503 5308 iun-

1920 5355 2046 5407 ctim
2087 5353 2403 5418 concipitur,
2449 5365 2549 5402 non
2593 5356 2709 5417 post
2751 5344 2957 5399 Filium
2995 5342 3301 5398 exsisteutia
3331 5339 3503 5393 subsi-

1922 5459 2084 5511 stens,
2115 5455 2171 5499 ut
2203 5443 2496 5514 aliquando
2528 5439 2837 5510 Unigenitus
2870 5439 3063 5508 absque
3095 5435 3302 5491 Spiritu
3328 5433 3503 5486 conci-

1923 5542 2128 5611 piatur,
2153 5540 2241 5592 sed
2297 5552 2364 5590 ex
2429 5550 2605 5588 rerum
2663 5534 2897 5586 omnium
2958 5529 3067 5582 Deo
3125 5541 3171 5581 et
3227 5527 3338 5592 ipse
3389 5538 3502 5578 suae

1921 5633 2162 5686 essentia!
2193 5647 2412 5684 causam
2443 5626 2830 5691 habens,'unde
2875 5632 2924 5678 et
2965 5621 3293 5692 unigenitum
3327 5619 3505 5671 lumen

1928 5727 2120 5787 oritur,
2147 5739 2238 5791 per
2263 5737 2438 5774 verum
2460 5727 2635 5772 autem
2672 5717 2847 5769 lumen
2876 5713 3192 5774 eluccscens,
3231 5723 3393 5778 neque
3421 5709 3504 5760 di-
