4132 6428
103 436 234 502 1057

949 439 1048 498 DE
1090 433 1608 497 PROCESSIONE
1651 436 1707 495 S.
1757 435 2122 496 SI’IRITUS
2160 436 2386 497 ()RAT.
2420 435 2476 498 ἶ.

3228 435 3366 499 1058

105 548 227 617 περὶ
256 545 449 600 τούτου
478 546 715 600 διάνοιαν
739 544 1183 613 ἐξαγγέλλοντες,
1219 538 1294 597 ὧν
1331 544 1431 612 μὲν
1479 559 1680 612 προγε-

1796 543 2114 597 seutentiam
2165 542 2446 597 ferentes:
2486 543 2679 595 horum
2734 539 3012 609 antiquior
3058 543 3108 594 in
3142 543 3370 597 Rcl‘uta-

103 639 348 707 νέστερος
383 639 440 690 εν
472 633 553 699 οἷς
577 638 799 708 ἔλεγχον
832 639 924 690 τὸν
949 637 1077 707 περὶ
1107 636 1374 690 Μελέτιον
1404 635 1680 689 ἐκτίθεται

101 732 195 783 καὶ
219 729 502 794 Εὐσέϐιον,
529 725 649 782 Ἦν
677 727 746 780 δὲ
774 727 1078 782 ἀδύνατον
1111 727 1180 780 ἐν
1204 725 1279 794 τῇ
1297 727 1404 791 τῆς
1442 726 1684 794 Τριάδος

98 821 247 887 δόξῃ
277 820 342 873 τὸ
371 820 632 886 Πνεῦμα,
662 820 830 886 λέγει,
858 811 1209 882 δοξάζεσθαι
1239 817 1326 884 μὴ
1350 816 1683 884 προοδικῶς

97 912 267 966 ὄνέκ
297 911 448 966 Θεοῦ
503 911 576 963 δι’
628 911 783 972 Υιοῦ,
840 911 1001 964 ἀλλὰ
1053 908 1375 975 ποιητικῶς
1434 909 1498 960 ἐκ
1535 908 1682 961 Θεοῦ

97 1004 370 1085 γεγονὸς,
412 1003 488 1067 ὠς
530 1001 844 1070 λέγουσιν.
875 1000 1195 1070 Ὀρθοδόξου
1253 1000 1309 1052 δὲ
1368 1001 1532 1051 πάλιν
1588 1000 1684 1052 καὶ

96 1095 437 1148 Μακεδονίου
464 1093 697 1156 διάλεξιν
732 1089 1098 1161 ἐκτιθέμῖενος,
1131 1091 1275 1144 οὕτω
1311 1093 1498 1160 φησίν·
1541 1092 1683 1142 Ἐὰν

94 1178 215 1237 οὖν
251 1180 462 1250 δειχθῇ
483 1184 591 1246 τῆς
625 1181 814 1247 αὐτῆς
839 1178 992 1235 εἶναι
1021 1183 1261 1250 φύσεως
1279 1183 1374 1233 καὶ
1406 1182 1685 1247 θεότητος

94 1272 181 1339 τῷ
221 1273 334 1338 Υίῷ
361 1275 459 1326 καὶ
509 1275 588 1338 τῷ
619 1277 798 1340 Πατρι
835 1275 902 1326 τό
951 1275 1194 1342 Πνεῦμα
1252 1274 1322 1325 τό
1379 1274 1446 1335 ἐξ
1498 1273 1683 1325 αὑτοῦ

96 1365 210 1417 τοῦ
261 1363 616 1432 Πατρός’διὰ
637 1363 747 1416 τοῦ
786 1364 931 1417 Υίοῦξ
957 1363 1234 1432 ἐκχυθὲν,
1277 1364 1374 1414 καὶ
1418 1379 1685 1428 προσκυ-

97 1456 296 1521 νητόν
324 1454 424 1505 καὶ
458 1453 796 1519 λατρευτόν
820 1453 1352 1519 ἀποδειχθήσεται.
1418 1451 1688 1524 Κύριλλος

97 1546 160 1599 δὲ
185 1546 525 1616 μεθύστερον
558 1548 616 1596 ὲν
650 1547 748 1614 μὲν
801 1548 866 1614 τῇ
892 1544 1161 1614 ἑρμηνείᾳ
1190 1543 1285 1594 τοῦ
1325 1542 1470 1594 κατὰ
1518 1541 1690 1593 Ἰωάν-

99 1653 203 1702 νην
269 1633 631 1700 εὐαγγελικοῦ
691 1631 856 1701 ρητοῦ
905 1631 999 1682 τοῦ
1053 1630 1327 1696 λέγοντος,
1360 1628 1548 1679 ’Ὅταν
1577 1621 1690 1679 οὖν

100 1725 254 1793 ἔλθῃ
284 1727 317 1777 ὁ
356 1725 775 1790 Παράκλητος.
843 1723 1070 1788 Ὠσπερ
1128 1720 1238 1790 γάρ
1297 1720 1469 1772 ἐστιν
1534 1718 1690 1770 ἴδιον

103 1812 355 1882 Πνεῦμα
393 1813 502 1867 τοῦ
546 1813 708 1876 Υίοῦ,
742 1813 1008 1876 διδάσκει,
1041 1811 1314 1879 φυσικῶς
1345 1811 1414 1862 ἐν
1437 1809 1599 1873 αὐτῷ
1625 1826 1688 1862 τε

97 1905 411 1973 ὑπάρχον,
467 1904 567 1956 καί
589 1902 664 1955 δι’
709 1902 897 1956 αὑτοῦ
959 1903 1190 1969 προϊὸν,
1232 1901 1386 1954 οὕτω
1437 1900 1532 1951 καί
1579 1899 1686 1952 τοῦ

101 1998 362 2062 Πατρός.
432 1977 494 2046 Ὃ
549 1993 711 2059 αὐτὸς
767 1995 848 2056 είς
873 1993 956 2056 τὸ,
1011 1996 1092 2046 Οὐ
1290 1991 1551 2057 λαλήσει
1575 1990 1689 2057 ἀφ’

98 2086 358 2139 ιιθιιυτοῦ⁹
399 2087 732 2152 Προείρηκα
754 2084 884 2153 γὰρ,
917 2084 1128 2152 φησιν,
1162 2087 1213 2136 εί
1238 2083 1337 2135 καί
1370 2083 1454 2150 μὴ
1512 2082 1689 2135 δεδύ-

100 2179 299 2242 νησθε
323 2177 521 2229 πάντα
544 2175 780 2244 μαθεῖν.
819 2178 940 2228 Οὐκ
990 2176 1068 2228 ἂν
1107 2170 1216 2229 οὖν
1255 2174 1389 2240 ἀρα
1425 2171 1690 2238 καθάπερ

98 2266 222 2334 ἐγὼ
243 2266 485 2335 προερεῖ
503 2269 576 2320 τὰ
603 2267 892 2335 ἐσόμενα,
922 2265 1007 2335 μὴ
1047 2265 1185 2333 οὐχί
1214 2264 1451 2327 πάντως
1477 2267 1546 2315 ἐν
1562 2262 1693 2332 ἐμοί

99 2375 168 2410 τε
197 2360 498 2426 ὑπάρχον,
525 2358 622 2410 καὶ
653 2359 729 2409 δι’
755 2357 901 2426 ἐμοῦ
970 2359 1204 2424 προϊόν.
1257 2355 1350 2417 Τὸ,
1417 2353 1682 2417 Ἐκεῖνος

100 2448 214 2516 ἐμέ
268 2447 539 2510 δοξάσει,
609 2447 771 2499 πάλιν
816 2446 1275 2515 ὲπεξηγούμενος,
1341 2443 1582 2508 Ἐπειδὴ
1625 2441 1693 2494 δὲ

101 2539 436 2606 ὀμοούσιόν
481 2539 546 2591 τέ
595 2539 728 2592 ἐστι
759 2538 840 2602 τῷ
886 2537 1020 2602 Υίῷ,
1055 2538 1232 2603 λέγει,
1284 2535 1383 2587 καί
1455 2535 1690 2600 πρόεισι

102 2629 454 2697 θεοπρεπῶς
472 2630 546 2682 δι’
577 2627 788 2694 αὑτοῦ,
805 2629 1014 2684 πᾶσαν
1039 2628 1228 2682 αὑτοῦ
1250 2629 1365 2694 τὴν
1386 2628 1478 2694 ἐφ’
1500 2625 1692 2679 ἅπασι

104 2722 487 2789 τελεωτάτην
520 2723 667 2791 ἕχον
682 2720 992 2790 ἐνέργειάν
1021 2738 1083 2773 τε
1128 2720 1228 2773 καί
1268 2721 1526 2788 δύναμιν
1552 2733 1568 2748 ⁸
1595 2718 1694 2771 διὰ

101 2810 292 2868 τοῦτό
335 2831 530 2882 φησιν
579 2815 667 2867 ὅτι
706 2833 724 2866 ι
771 2817 872 2868 Ἐκ
895 2811 1002 2869 τοῦ
1024 2809 1170 2883 ἐμοῦ
1198 2814 1460 2881 λήψεται
1485 2829 1497 2841 °
1540 2831 1560 2864 ι
1601 2812 1694 2864 καὶ

101 2905 428 2973 προᾶαίνων
462 2910 661 2974 μικρὸν
700 2902 855 2967 αὖθίς
887 2923 1022 2975 φησι
1057 2905 1299 2972 ’Προιόν
1334 2904 1445 2974 γὰρ
1473 2903 1550 2957 δι’
1579 2905 1688 2955 αὺ-

101 2993 216 3051 τοῦ
249 2996 545 3066 φυσικῶς,
579 2999 660 3063 ὠς
695 2997 852 3051 ίδιον
879 2999 1065 3052 αὑτοῦ
1100 2998 1248 3065 μετὰ
1296 2997 1563 3059 πάντων,
1607 2991 1693 3048 ὧν

99 3091 232 3157 ἔχει
266 3091 528 3153 τελείως,
547 3089 876 3158 λαμϐάνειν
908 3089 1147 3158 λέγεται
1176 3090 1248 3143 τὰ
1268 3090 1476 3143 αὐτοῦ.
1507 3089 1577 3140 Τί
1602 3088 1692 3153 δέ;

1792 637 1936 686 tione
1962 644 2155 688 contra
2189 634 2526 702 ‘liypoerisitn
2583 631 2778 684 Mcletii
2811 643 2865 682 et
2903 631 3121 684 Eusebii
3151 635 3318 687 tradit
3353 652 3368 688 :

1787 723 1949 791 Atqui
2009 723 2331 791 impossibile
2365 731 2479 774 erat
2509 724 2563 774 in
2599 719 2877 773 Trinitatis
2909 722 3076 791 gloria
3109 719 3372 790 Spiritum

1788 817 2204 885 conglari/icari,
2245 818 2349 868 nisi
2383 830 2449 869 ex
2494 814 2602 868 Deo
2635 830 2723 880 per
2755 812 2956 866 Filium
2998 816 3373 882 progrediendi

1787 907 1962 967 modo,
1995 923 2097 958 non
2141 917 2317 959 autem
2348 906 2508 973 ﬂendi
2558 907 2764 957 ratione
2804 920 2868 956 ea:
2902 905 3007 956 Deo
3042 906 3128 963 sit,
3169 914 3224 955 ut
3269 905 3374 973 ipsi

1788 1000 1959 1049 aiunt.
2019 997 2323 1050 Orthodoxi
2365 997 2492 1049 item
2535 1005 2587 1048 et
2617 996 2990 1048 Macedoniam
3033 997 3374 1062 Disputatio-

1789 1107 1910 1144 item
1954 1106 2314 1159 prosequens,
2368 1092 2560 1144 scribit
2594 1109 2606 1143 :
2643 1090 2831 1156 Itaque
2881 1089 2926 1140 si
2959 1098 3223 1146 ostensum
3255 1085 3373 1154 fue-

1791 1186 1860 1237 rit
1905 1186 2142 1253 ejusdem
2186 1203 2297 1238 esse
2341 1187 2637 1238 divinitatis
2690 1186 2950 1252 Spiritum
2979 1200 3098 1236 cum
3134 1179 3277 1234 Filio
3321 1190 3373 1234 et

1789 1279 1973 1343 Patre,
2013 1280 2103 1348 qui
2133 1294 2198 1331 ea:
2239 1277 2402 1331 Patre
2425 1295 2518 1347 per
2550 1275 2752 1330 Filium
2783 1277 2984 1344 effusus
3017 1283 3118 1333 est,
3155 1283 3202 1325 et
3235 1274 3372 1324 ado~

1792 1365 1994 1416 randus
2043 1374 2091 1416 et
2132 1366 2378 1417 colendus
2418 1381 2529 1417 esse
2574 1364 3046 1416 demonstrabitur.
3083 1361 3375 1415 Recenlior

1791 1472 1921 1509 Vero
1951 1455 2187 1526 Cyrillus
2217 1458 2270 1510 in
2315 1457 2658 1525 expositione
2689 1455 2821 1508 dicti
2867 1453 3167 1520 evangelici
3203 1450 3375 1504 Joan-

1789 1546 1876 1599 nis
1942 1561 1957 1597 :
2007 1547 2139 1599 Cum
2191 1547 2370 1616 itaque
2433 1548 2748 1600 Paracletus
2802 1545 2997 1598 venerit
3040 1545 3060 1574 '
3097 1582 3110 1605 ,
3168 1542 3371 1595 docet:

1793 1635 2249 1700 Quemadmodum
2282 1639 2528 1707 proprius
2562 1648 2637 1690 est
2667 1636 2902 1703 Spiritus
2937 1633 3072 1685 Filii
3106 1631 3376 1684 naturali-

1794 1736 1874 1778 ter
1910 1727 1963 1778 in
2002 1729 2113 1791 ipso
2145 1729 2424 1790 exsisteus,
2454 1736 2502 1780 et
2533 1743 2624 1795 per
2662 1728 2836 1795 ipsum
2873 1723 3235 1793 progrediens,
3294 1722 3374 1772 ita

1795 1828 1870 1869 est
1901 1828 1948 1870 et
1984 1817 2190 1870 Patris.
2226 1817 2368 1870 Idem
2401 1819 2456 1871 in
2487 1819 2618 1870 illud
2653 1835 2666 1870 :
2703 1816 2881 1883 Neque
2907 1815 3046 1865 enim
3073 1814 3315 1880 loquetur
3343 1827 3376 1863 a

1795 1925 1848 1960 se
1875 1908 2023 1975 ipso:
2065 1908 2298 1960 Prwdixi
2339 1911 2501 1970 enim,
2533 1908 2634 1970 ait,
2670 1916 2718 1960 et
2751 1906 2798 1958 si
2835 1921 2938 1957 non
2971 1903 3158 1956 voletis
3199 1899 3377 1952 omnia

1797 2001 2091 2053 addiscere.
2127 1999 2248 2052 Non
2277 2000 2459 2069 itaque
2501 1999 2582 2051 uti
2629 2015 2722 2067 ego
2754 1998 2936 2064 futura
2962 1994 3238 2062 prwdicet,
3270 1989 3378 2042 nisi

1793 2108 2010 2160 prorsus
2040 2094 2095 2144 in
2133 2108 2212 2144 me
2241 2092 2537 2155 exsisteret,
2563 2099 2613 2142 et
2645 2106 2736 2157 per
2766 2104 2845 2140 me
2885 2086 3287 2155 progrederetur
3308 2079 3375 2134 ν.

1795 2184 2013 2238 Necnon
2067 2193 2118 2237 et
2184 2185 2336 2246 illud,
2387 2181 2490 2236 Ille
2512 2182 2836 2251 gloriﬁcabit
2881 2181 2924 2243 ⁸,
2960 2180 3259 2245 explanans
3293 2175 3379 2226 in-

1796 2279 1947 2346 quit:
1970 2277 2100 2330 Cum
2124 2292 2240 2329 vero
2263 2276 2497 2344 ejusdem
2511 2275 2752 2327 essentia
2772 2289 2889 2325 cum
2910 2270 3053 2322 Filio
3070 2271 3164 2333 sit,
3184 2278 3233 2319 et
3256 2281 3383 2334 pro-

1793 2368 2102 2436 grediatur,
2161 2367 2238 2418 uti
2285 2367 2499 2418 addecet
2531 2366 2734 2429 Deum,
2783 2378 2876 2431 per
2924 2363 3127 2429 ipsum,
3173 2370 3379 2429 omnem

1795 2476 1948 2511 suam
1981 2460 2034 2511 in
2062 2458 2302 2510 omnibus
2329 2457 2770 2526 perfectissimam
2806 2455 3168 2522 operationem
3197 2459 3245 2501 et
3274 2449 3382 2500 vir-

1797 2563 1958 2604 tutem
2003 2552 2300 2620 possidens,
2355 2558 2631 2620 propterea
2683 2549 2834 2613 dicit,
2899 2565 2917 2597 ι
2947 2546 3023 2599 De
3064 2562 3177 2599 meo
3237 2545 3384 2598 acci-

1794 2645 1895 2710 piet
1918 2643 1958 2693 ⁷.
2003 2660 2020 2692 ι
2062 2641 2124 2693 Ει
2158 2641 2346 2710 paucis
2386 2641 2616 2694 annexis
2641 2682 2656 2704 ,
2707 2637 3061 2707 Progrediens
3099 2638 3240 2693 enim
3290 2651 3384 2704 per

1795 2735 1965 2800 ipsum
1997 2732 2340 2795 naturaliter,
2380 2741 2435 2784 ut
2479 2731 2728 2800 proprius
2758 2731 2928 2798 ipsius
2961 2745 3079 2781 cum
3115 2729 3380 2791 omnibus,

1795 2841 1911 2894 qute
1961 2825 2216 2892 possidet,
2270 2823 2517 2891 perfecte,
2579 2822 2778 2874 dicitur
2831 2820 3018 2873 habere
3072 2835 3190 2890 qua:
3231 2819 3382 2872 illius

1797 2927 1939 2967 sunt.
1977 2913 2070 2967 Vis
2103 2912 2292 2982 plura?
2330 2913 2541 2965 Dictum
2593 2911 2723 2964 illud
2759 2947 2774 2973 ,
2836 2910 3176 2977 Qua'cunque
3228 2910 3384 2964 habet

1796 3006 1964 3060 Pater
2012 3022 2122 3056 mea
2185 3013 2328 3062 sunt,
2374 3002 2653 3068 explicans
2733 3002 3026 3054 enuntiat:
3095 2998 3385 3067 Propterea

1797 3098 1909 3149 dixi
1943 3097 2103 3160 vobis,
2135 3095 2273 3164 quod
2304 3095 2367 3146 de
2409 3108 2520 3146 meo
2552 3093 2766 3159 accipit,
2808 3101 2855 3144 et
2894 3091 3229 3143 amtuntiabit
3263 3107 3372 3158 po-

99 3181 201 3230 καὶ
247 3178 345 3249 τὴν
391 3178 597 3231 Πάντα
662 3179 780 3232 ὅσα
845 3182 971 3248 ἔχει
1022 3182 1054 3232 ό
1116 3181 1322 3246 Πατὴρ
1387 3177 1499 3246 ἐμά
1559 3178 1688 3230 ἐστι

1803 3187 1938 3248 bis“,
1979 3185 2206 3252 Spiritus
2265 3201 2462 3252 nempe,
2518 3185 2606 3251 qui
2653 3199 2744 3252 per
2812 3183 3006 3249 ipsum,
3053 3192 3102 3235 et
3159 3183 3211 3234 itt
3268 3183 3383 3250 ipso

105 3274 277 3342 ῥῆσιν
342 3273 662 3340 σαφηνίζειν
726 3275 1104 3342 μυσταγωγεῖ·
1163 3273 1267 3324 Διὰ
1297 3271 1473 3324 τοῦτο
1513 3267 1690 3323 εἶπεν

1797 3289 1895 3332 est.
1961 3279 2082 3332 Ilaec
2131 3281 2311 3345 itaque
2368 3293 2430 3330 ex
2477 3292 2628 3330 sacra
2687 3277 2737 3328 in
2793 3275 3053 3329 Joannem
3105 3277 3384 3342 evangeli-

99 3365 256 3433 ἡμῖν
284 3364 372 3417 ὅτι
423 3366 494 3416 ἐκ
534 3365 640 3418 τοῦ
659 3365 809 3433 ἐμοῦ
848 3366 1162 3433 λαμϐάνει,
1214 3365 1310 3417 καὶ
1371 3363 1690 3432 ἀναγγελεῖ

1801 3381 1940 3424 statu
1978 3369 2339 3438 Expositione
2396 3367 2664 3437 sapientis
2697 3367 2886 3437 Cyrilli
2921 3369 3179 3436 decerpta
3231 3375 3380 3430 sunt,

98 3455 273 3523 ὑμῖν,
303 3457 365 3506 τό
405 3456 648 3524 Πνεῦμα
693 3455 976 3522 δηλονότι
995 3459 1058 3509 τό
1082 3455 1365 3508 διἀὺτοῦ
1389 3471 1452 3508 τε
1486 3456 1587 3507 καί
1624 3455 1690 3506 ἐν

1803 3463 1895 3532 qui
1941 3465 1993 3514 in
2027 3461 2282 3514 omnibus
2311 3460 2638 3529 sibimetipsi
2676 3476 2908 3513 concors
2941 3461 2994 3512 in
3044 3459 3287 3513 secundo
3314 3459 3383 3511 ad

97 3546 292 3612 αὐτῷ.
325 3546 511 3600 Ταῦτα
546 3551 642 3616 μὲν
676 3545 768 3600 οὖν
817 3549 923 3600 ἀπὸ
955 3548 1052 3616 τῆς
1086 3548 1227 3599 κατὰ
1292 3550 1382 3598 τὸν
1449 3547 1695 3612 Εὑαγγε-

98 3638 304 3706 λιστὴν
370 3639 626 3704 Ἰωάννην
677 3640 828 3708 ίερὰς
900 3639 1199 3708 ἑρμηνείας
1264 3637 1534 3706 Κυρίλλου
1595 3636 1689 3688 τοῦ

101 3728 278 3798 σοφοῦ
338 3730 738 3800 συνελέγησαν,
808 3730 896 3794 ὃς,
957 3731 1135 3800 έαυτῷ
1209 3728 1490 3798 πανταχοῦ
1551 3729 1693 3798 σύμ-

105 3837 294 3888 φωνος
321 3820 418 3884 ὢν,
453 3823 511 3874 ἐν
543 3822 642 3890 μὲν
675 3822 754 3892 τῷ
786 3823 1026 3892 δευτέρῳ
1078 3822 1188 3874 τῶν
1246 3821 1380 3889 πρὸς
1439 3819 1697 3888 Ἑρμείαν

103 3917 281 3972 αὑτοῦ
328 3916 504 3984 λόγων
532 3918 705 3970 ταῦτα
750 3918 1108 3988 διαλαμϐάνει
1139 3911 1320 3987 ῥητῶς
1345 3931 1359 3944 ·
1400 3915 1602 3982 Ἀγιον
1629 3914 1698 3966 δὲ

107 4012 362 4082 Πνεῦμα
391 4016 714 4083 προσερεῖς
754 4014 822 4066 τό
863 4014 932 4066 ἐκ
982 4011 1131 4065 Θεοῦ
1178 4012 1412 4078 Πατρός
1461 4011 1535 4062 δι’
1558 4009 1694 4062 Υίοῦ

104 4107 525 4173 προχεόμενον
553 4108 849 4176 φυσικῶς,
867 4108 965 4159 καί
991 4106 1258 4173 καθάπερ
1282 4106 1352 4158 ἐν
1385 4106 1551 4168 τύπῳ
1583 4103 1696 4170 τῆς

104 4199 178 4250 ἐκ
204 4196 322 4250 τῶν
347 4200 662 4266 στομάτων
685 4197 983 4265 διαπνοῆς
1000 4199 1114 4265 τὴν
1127 4197 1284 4249 ίὸιαν
1300 4195 1444 4264 ἡμῖν
1461 4198 1696 4262 ὑποση-

107 4288 350 4355 μαίνων
371 4287 655 4354 ὕπαρξιν.
696 4289 784 4341 Ἐν
815 4289 871 4340 δὲ
899 4289 1012 4349 τοῖς
1038 4288 1173 4355 πρὸς
1209 4285 1525 4348 Παλλάδιον,
1551 4283 1696 4354 ἅπερ

108 4380 216 4430 και
233 4379 372 4430 αὐτὰ
398 4381 540 4431 κατὰ
559 4378 752 4431 πεῦσίν
773 4382 878 4430 εἰσι
914 4381 1008 4432 καὶ
1028 4379 1342 4446 ἀπόκρισιν,
1373 4375 1527 4438 αὖθις
1550 4374 1692 4428 οὕτω

106 4474 336 4538 διέξεισι
359 4491 371 4503 ο
411 4472 668 4539 Τρεπτόν
697 4471 766 4523 δὲ
786 4471 856 4522 οὔ
884 4487 938 4524 τι
967 4487 1083 4522 που
1105 4470 1171 4522 τὸ
1201 4467 1444 4536 Πνεῦμα
1465 4469 1596 4520 ἐστι
1615 4481 1631 4497 ⁸
1658 4468 1695 4536 ἢ

1804 3557 2079 3609 Hermiam
2148 3555 2290 3606 libro
2347 3554 2462 3605 lucc
2526 3553 2801 3621 ipsissima
2859 3552 3022 3604 Verba
3084 3550 3379 3604 continet:

1806 3646 2058 3698 Sanctum
2092 3659 2248 3712 porro
2276 3641 2537 3708 Spiritum
2567 3643 2766 3714 dixeris
2792 3643 2882 3709 qui
2917 3656 2981 3693 ex
3010 3641 3118 3693 Deo
3139 3650 3187 3692 et
3221 3639 3384 3692 Patre

1799 3753 1889 3805 per
1930 3735 2131 3789 Filium
2179 3737 2492 3806 eﬂ'unditur,
2540 3746 2588 3789 et
2634 3748 2692 3788 ut
2740 3737 2973 3803 exemplo
3001 3735 3056 3786 id
3102 3734 3380 3800 explicem,

1801 3829 2169 3898 respirationis
2215 3845 2370 3881 suam
2419 3828 2565 3880 nobis
2603 3828 2967 3879 exsistentiam
3015 3827 3278 3877 indicans.
3325 3823 3413 3877 In.

1802 3921 1957 3974 libris
1989 3921 2155 3974 etiam
2194 3921 2261 3974 ad
2299 3921 2622 3984 Palladium,
2654 3928 2958 3974 secundum
2991 3920 3380 3986 interrOgatio-

1801 4030 1924 4066 netn
1952 4020 2005 4064 et
2042 4013 2462 4081 responsionem
2497 4014 2845 4066 coocinnatis
2875 4013 2928 4064 in
2971 4012 3118 4063 hunc
3151 4010 3374 4063 modum

1799 4105 2052 4159 edisserit
2085 4121 2098 4155 :
2132 4104 2402 4156 Hutabilis
2438 4120 2552 4157 vero
2595 4104 2742 4156 nullo
2793 4104 2946 4156 modo
2993 4102 3224 4171 Spiritus
3256 4110 3331 4153 est
3364 4117 3384 4154 :

1801 4195 1990 4260 quodsi
2034 4195 2317 4263 mutationi
2362 4195 2618 4246 obnoxius
2661 4205 2761 4260 est,
2811 4195 2879 4246 ad
2933 4196 3105 4262 ipsam
3149 4193 3384 4245 divinam

1803 4295 2056 4339 naturam
2105 4287 2424 4356 vituperatio
2462 4295 2714 4345 recurret,
2747 4289 2791 4338 si
2836 4297 2909 4338 est
2953 4285 3052 4337 Dei
3095 4296 3143 4337 et
3179 4282 3384 4344 Patris,

1803 4391 2060 4448 praeterea
2095 4389 2145 4432 et
2174 4379 2298 4432 Filii
2329 4380 2683 4432 essentialiter
2717 4395 2781 4431 ea:
2815 4378 3093 4444 ambobus,
3127 4393 3191 4431 ea:
3221 4376 3387 4430 Patre

1807 4473 2005 4525 scilicet
2040 4488 2134 4541 per
2163 4469 2365 4524 Filium
2395 4472 2596 4540 effusus
2635 4469 2889 4540 Spiritus.

105 4565 280 4633 εἴπερ
320 4565 383 4617 τό
416 4563 738 4631 τρέπεσθαι
773 4562 964 4624 νοσεῖ,
1009 4563 1104 4614 ἐπ’
1170 4560 1367 4627 αὐτὴν
1419 4563 1452 4614 ό
1491 4561 1696 4629 μῶμος
1735 4564 1851 4628 τὴν
1905 4563 2108 4639 θείαν.
2144 4562 2570 4632 ἀναδραμεῖται
2614 4566 2825 4633 φύσιν,
2884 4566 3052 4630 εἴπερ
3100 4564 3231 4616 ἐστι
3280 4559 3390 4615 τοῦ

108 4657 262 4712 Θεοῦ
278 4657 378 4710 καί
403 4657 657 4724 Πατρός,
682 4655 932 4723 καὶμὴν
960 4655 1064 4708 τοῦ
1096 4655 1256 4718 Υἱοῦ,
1285 4653 1351 4706 τό
1402 4653 1710 4720 οὐσιωόῶς
1745 4656 1815 4718 ἐξ
1856 4655 2104 4724 ἀμφοῖν,
2146 4654 2342 4726 ἤγουν
2386 4657 2458 4710 ἐκ
2541 4658 2773 4724 Πατρός
2810 4658 2888 4711 δι’
2955 4657 3094 4712 Υιοῦ
3141 4659 3390 4726 προχεό-

102 4765 300 4818 μενον
327 4747 592 4816 Πνεῦμα.

184 4845 282 4903 ις’.
346 4840 414 4891 Τί
468 4841 606 4909 πρὸς
659 4843 759 4909 τὴν
815 4841 888 4904 ἐξ
934 4841 1160 4909 ἀμφοῖν
1205 4842 1387 4909 φωνὴν
1420 4840 1515 4892 τοῦ
1551 4839 1690 4892 θείου

1891 4845 1978 4899 l6.
2021 4843 2162 4910 Quid
2208 4845 2274 4897 ad
2313 4843 2482 4898 divini
2527 4844 2758 4913 hujusce
2805 4842 2986 4897 Patris
3028 4859 3094 4895 ex
3137 4843 3389 4895 ambobus

106 4932 306 4984 τούτου
345 4930 562 5000 Πατρός
587 4931 794 4983 εἴποιεν
830 4931 895 4984 ἂν
925 4934 971 4984 oi
1003 4932 1104 5001 τὴν
1131 4928 1205 4983 δι’
1234 4933 1368 4985 Υίοῦ
1402 4934 1540 5001 μήτε
1571 4949 1690 4983 συν.

1802 4952 1994 4991 vocem
2046 4933 2481 5002 respondebunt,
2514 4939 2606 5003 qui
2657 4936 2803 4990 illam
2851 4951 2946 5004 per
2988 4931 3192 4986 Filium
3239 4933 3390 4986 nullo

105 5027 248 5087 όλως
310 5025 766 5094 παραδεχόμενοι,
841 5028 934 5077 καὶ
972 5026 1201 5093 προσέτι
1258 5025 1465 5094 σφόδρα
1525 5024 1690 5077 κακί-

1802 5035 1967 5095 pacto
2016 5025 2634 5099 admittunttquinimo
2682 5025 3034 5078 vehementer
3089 5023 3391 5076 criminan-

108 5116 300 5180 ζοντες
323 5130 338 5179 ;
380 5115 438 5167 Ὀ
460 5116 560 5183 μὲν
583 5116 693 5184 γὰρ
724 5115 781 5181 ἐξ
805 5117 1006 5182 ἀμφοῖν
1036 5111 1177 5167 εἶναι
1207 5114 1355 5181 λέγει
1383 5113 1445 5166 τὸ
1473 5113 1690 5184 Πνεῦμα

1801 5115 1934 5170 tur?
1966 5113 2067 5170 Hic
2097 5116 2244 5170 enim
2289 5131 2356 5168 ex
2409 5116 2678 5170 ambobus
2712 5130 2836 5169 esse
2877 5115 3076 5167 asserit
3123 5112 3388 5181 Spiritum

105 5211 171 5262 τὸ
241 5208 422 5274 ἆγιον,
489 5209 582 5258 καὶ
635 5207 734 5276 τὴν
790 5209 1089 5278 ἑρμηνείαν
1140 5207 1338 5277 ἀθρόον
1391 5209 1691 5275 ἐπήγαγεν,

107 5304 306 5372 ἤγουν
326 5301 392 5352 ἐκ
413 5299 650 5366 Πατρός
677 5298 757 5350 δι’
791 5299 953 5363 Υίοῦ,
989 5297 1056 5350 δι’
1079 5298 1147 5368 ἢν
1217 5297 1514 5368 ἑρμηνείαν
1573 5298 1693 5350 οὐδὲ

106 5398 206 5465 τὴν
241 5394 308 5446 ἐκ
341 5393 474 5443 κάπὶ
497 5391 590 5444 τοῦ
625 5391 757 5444 Υίοῦ
807 5391 1068 5461 πρόθεσιν
1095 5389 1483 5452 ἀποϐάλλεται,
1516 5389 1696 5451 καλῶς

108 5483 307 5547 ποιῶν,
346 5483 435 5534 καὶ
461 5484 558 5552 τῆς
621 5483 816 5536 ἑαυτοῦ
864 5483 1240 5550 μεγαλοφυῖας
1273 5480 1515 5543 ἐπαξίως
1564 5499 1697 5531 παν-

107 5581 386 5632 τάπασιν·
435 5578 668 5646 ἐπείπερ
698 5577 809 5628 οἶδε
838 5578 914 5645 μὴ
959 5577 1371 5645 λυμαινομένην
1431 5575 1698 5645 μηδαμῶς

109 5673 208 5736 τὴν
251 5669 557 5730 εὐσέϐειαν,
597 5670 725 5720 ὅταν
747 5668 949 5736 δηλαδὴ
981 5667 1162 5723 καθὼ;
1199 5667 1359 5728 αὐτὸς
1387 5665 1696 5734 ἐξηγήσατο

187 5832 206 5860 ⁸¹
233 5828 387 5883 .Itizttt.
428 5847 514 5885 xv.
541 5828 628 5880 26.

1805 5218 2076 5273 sanctum,
2113 5209 2386 5276 simulque
2420 5210 2818 5277 exp0sitionem
2871 5206 3169 5271 connectit,
3209 5221 3391 5274 nempe

1803 5317 1868 5354 ea:
1897 5300 2061 5354 Patre
2084 5318 2176 5369 per
2200 5299 2428 5363 Filium,
2461 5317 2566 5369 qua
2604 5317 2703 5355 nec
2749 5301 3192 5368 praepositionem
3242 5313 3307 5350 ea:
3334 5298 3390 5350 in

1806 5389 1947 5453 Filio
1975 5393 2247 5459 repudiat,
2284 5395 2487 5460 optime
2524 5408 2678 5452 sane,
2716 5407 3052 5460 prorsusque
3086 5405 3180 5458 pro
3209 5387 3389 5458 digni-

1812 5491 1922 5534 tate
1957 5500 2068 5536 suae
2100 5483 2521 5553 magniﬁcentiae
2559 5485 2794 5548 locutus,
2835 5497 2958 5535 cum
3005 5485 3137 5536 satis
3170 5483 3388 5544 callcat,

1811 5575 1964 5627 nullo
2026 5575 2188 5629 modo
2237 5577 2491 5643 pietatem
2544 5575 2690 5635 laedi,
2745 5575 2968 5642 quando
3018 5588 3214 5642 nempe
3266 5585 3390 5624 eam

1810 5665 2254 5734 praepositionem
2293 5667 2369 5720 uti
2415 5667 2508 5720 ille
2545 5667 2937 5737 interpretatus
2984 5677 3085 5732 est,
3115 5663 3388 5736 quispiam

743 5825 973 5881 “Jonn.
1013 5843 1124 5890 xvi,
1158 5825 1244 5879 l3.
1323 5825 1498 5880 ‘ibid.
1544 5826 1628 5880 14.
1708 5824 1910 5882 'Joan.
1943 5841 2054 5884 xxv,
2100 5825 2182 5878 15.
2259 5825 2279 5857 ⁸
2309 5825 2438 5880 ibid.
2483 5827 2566 5879 15.
