4132 6430
203 379 343 446 1061

1056 380 1154 440 DE
1196 375 1712 439 PROCESSIONE
1755 376 1816 434 S.
1863 374 2228 434 SPIRITUS
2265 373 2486 435 ORAT.
2528 374 2578 436 Ι.

3351 369 3494 434 1062

200 497 304 549 καί
341 513 475 562 φασι
518 495 685 565 μηδὲν
737 494 1026 564 τυγχάνειν
1078 495 1178 548 σὺν
1227 496 1294 564 τῇ
1343 491 1619 564 παρούσῃ,
1659 488 1793 559 μηδὲ

1916 503 2066 542 nunc
2126 487 2656 557 palamiexplodnnt
2692 502 2706 540 :
2739 493 3106 554 asseruntque
3161 500 3337 554 neque
3384 497 3498 553 1am

193 587 307 650 τὰς
340 586 447 638 τῶν
475 585 992 656 ἀναγεγραμμένων
1023 586 1277 655 χρήσεων
1313 584 1534 644 πλείους
1567 583 1705 652 πρὸς
1734 584 1794 634 τὸ

198 679 575 750 προκείμενον
596 695 610 709 ·
639 680 720 731 ὅτι
751 679 825 747 μὴ
859 677 920 730 τδ
939 674 1096 734 sirm
1131 676 1384 741 ταύταις,
1417 677 1449 747 ἢ
1497 677 1560 728 τὸ
1603 676 1793 742 ὑπάρ-

194 787 338 842 χειν
359 771 541 842 ῥητῶς
570 771 920 840 πρόσκειται.
946 771 1024 840 Τῇ
1065 770 1169 838 μὲν
1195 771 1305 838 γὰρ
1335 771 1395 822 τὸ
1426 768 1788 836 πεφηνέναι,

193 853 328 925 ταῖς
361 861 416 914 δὲ
467 864 530 914 τὸ
578 862 933 929 ἐκλάμπειν,
965 861 1188 932 ἑτέραις
1219 862 1296 914 es
1333 859 1688 928 προχεῖσθαί
1732 875 1793 910 τε

195 952 302 1005 καὶ
335 953 668 1020 ἐκκεῖσθαι,
699 955 824 1014 ταῖς
884 955 1003 1022 μετ’
1055 953 1229 1012 αὐτὰς
1269 952 1330 1004 τὸ
1360 953 1696 1018 προΐεσθαι,
1724 951 1793 1019 τῇ

193 1044 260 1095 δὲ
315 1045 376 1096 τὺ
422 1044 838 1111 προέρχεσθαι,
887 1046 984 1097 καὶ
1036 1044 1215 1117 ταύτῃ
1268 1045 1329 1095 τὸ
1381 1043 1795 1112 ἐκπέμπεσθαι

197 1137 357 1202 παρά
378 1134 488 1186 τῶν
517 1136 690 1202 ἀγίων
726 1136 1156 1204 ἀπονενέμηται.
1188 1134 1406 1188 Τούτων
1436 1135 1483 1188 δ’
1508 1134 1661 1188 οὐδὲν
1694 1134 1794 1203 τὴν

197 1225 441 1294 ὓπαρξιν
493 1227 754 1296 σημαίνει
797 1226 892 1279 τοῦ
935 1226 1290 1295 Πνεύματος,
1337 1225 1570 1277 ἕκαστον
1624 1225 1680 1277 δὲ
1734 1226 1793 1278 τὸ

194 1315 382 1385 τούτῳ
431 1315 768 1385 κατάλληλον
790 1331 804 1345 °
851 1317 911 1368 τὸ
947 1315 1286 1384 πεφηνέναι
1330 1315 1427 1384 τήν
1461 1314 1630 1367 αὑτοῦ
1655 1316 1792 1384 πρὸς

197 1408 354 1476 ἡμᾶς
383 1405 650 1476 ἔκφανσιν
672 1423 686 1438 ·
733 1407 795 1460 τὸ
828 1407 1167 1475 ἐκλάμπειν
1213 1406 1315 1475 τὴν
1355 1407 1436 1465 είς
1465 1406 1556 1458 τδν
1586 1407 1792 1475 κόσμον

197 1500 454 1570 ἀρῥήτου
482 1499 677 1552 τούτου
703 1499 1084 1566 φωταύγειαν·
1131 1496 1194 1550 τὸ
1219 1495 1579 1564 προχεῖσθαί
1607 1515 1667 1549 τε
1697 1499 1791 1550 καὶ

196 1593 519 1661 ἐκκεῖσθαι
548 1592 650 1662 τὴν
686 1591 794 1645 τῶν
823 1591 1187 1660 χαρισμάτων
1231 1586 1400 1640 αὐτοῦ
1461 1590 1572 1650 τοῖς
1619 1589 1793 1654 ἀξίοις

195 1686 471 1754 διανομήν
493 1700 506 1713 ο
543 1685 603 1737 τὸ
644 1685 981 1750 προΐεσθαι,
1022 1684 1158 1751 πρὸς
1183 1683 1362 1735 δὲκαὶ
1395 1679 1794 1747 προέρχεσθαι

1903 578 2187 632 laudatum
2254 579 2636 632 testimonium
2701 592 2879 646 neque
2946 577 3212 643 majorem
3283 587 3496 645 partem

1901 686 2124 733 eorum,
2159 686 2282 740 qua
2321 684 2490 739 supra
2531 669 2698 724 allata
2729 679 2876 733 sunt,
2920 669 3219 738 quidquam
3251 667 3319 724 ad
3366 671 3498 738 pr‘o-

1903 764 2142 831 positum
2195 762 2379 816 facere
2415 779 2429 814 :
2463 761 2608 830 quod
2661 761 2714 813 in
2769 760 2896 816 illis
2925 775 3101 828 neque
3133 777 3267 820 esse,
3318 775 3498 826 nerine

1896 855 2152 907 exsistere
2185 852 2507 904 nominatim
2556 849 2892 918 proferatur,
2924 850 3018 901 lilii
3052 849 3325 917 siquidem
3345 850 3498 905 illud

1899 959 2182 1013 apparere.
2238 943 2362 996 aliis
2389 943 2645 1004 elucere;
2692 940 2815 994 aliis
2872 941 3122 1010 profundi
3161 950 3215 994 et
3269 940 3496 1008 effundi,

1904 1035 2186 1090 nonnullis
2232 1034 2508 1101 provenire
2549 1040 2605 1086 et
2655 1030 2924 1101 progredi,
2965 1040 3019 1085 et
3061 1041 3338 1099 postremo
3372 1032 3498 1084 huic

1893 1129 2066 1181 emitti
2097 1142 2128 1179 ει
2157 1127 2362 1182 sanctis
2391 1124 2702 1193 appositum
2737 1135 2842 1178 est.
2872 1121 3078 1176 Horum
3112 1138 3242 1175 vero
3279 1123 3492 1176 nullum

1905 1218 2146 1286 Spiritus
2171 1216 2575 1280 exsistenliam,
2607 1215 2703 1270 sed
2728 1213 3194 1283 unumquodque,
3221 1213 3368 1280 quod
3391 1211 3496 1265 sibi

1898 1308 2188 1376 respondet
2247 1315 2303 1361 et
2346 1321 2653 1375 congruum
2687 1314 2791 1370 est,
2831 1305 3103 1375 signitlcat
3152 1322 3166 1358 :
3217 1310 3495 1374 apparere,

1901 1397 2049 1452 illius
2079 1397 2147 1450 ad
2183 1411 2280 1450 nos
2315 1396 2743 1465 apparitionem;
2778 1395 3004 1460 elucere,
3037 1395 3186 1450 illius
3230 1396 3284 1448 in
3321 1405 3497 1449 terra-

1899 1503 2021 1540 rum
2080 1487 2270 1540 orbem
2333 1487 2757 1541 inenarrabilem
2814 1487 3316 1542 illuminationem:
3370 1503 3496 1554 pro-

1902 1580 2054 1647 fundi
2082 1589 2136 1633 et
2166 1579 2392 1648 effundi,
2428 1579 2702 1633 donorum
2741 1579 2888 1633 illius
2920 1593 3047 1647 erga
3081 1578 3275 1647 dignos
3303 1578 3496 1632 distri-

1904 1672 2179 1725 butionem
2207 1689 2223 1736 ;
2272 1673 2338 1725 ad
2380 1672 2519 1734 haec,
2543 1671 2834 1740 provenire,
2863 1678 2919 1725 et
2945 1671 3214 1739 progredi,
3253 1670 3496 1723 divinum

196 1777 306 1844 τὴν
338 1776 396 1826 ὲν
430 1776 562 1844 ήμτν
596 1773 762 1827 αὑτοῦ
819 1774 972 1828 Θείαν
1020 1773 1345 1826 ὲπὲλευσιν·
1391 1774 1450 1823 τὸ
1484 1773 1541 1824 δὲ
1574 1769 1790 1838 ἐκπέμ-

1909 1761 2058 1816 illlus
2104 1763 2158 1816 in
2196 1778 2298 1818 nos
2329 1763 2667 1829 adventum;
2701 1764 2874 1816 emitti
2915 1761 3133 1816 tandem
3183 1762 3332 1815 illius
3376 1776 3496 1826 apo-

199 1868 428 1920 πεσθαι
467 1865 564 1936 τὴν
615 1865 809 1918 τούτου
869 1867 986 1929 τοῖς
1033 1864 1306 1934 μαθηταῖς
1358 1864 1797 1931 ἑπαγγελθείσαν

1903 1855 2058 1908 stolis
2081 1869 2110 1907 a
2139 1852 2426 1908 Salvatore
2448 1854 2778 1920 promissam
2810 1855 3150 1917 missionem,
3171 1868 3293 1921 quae
3309 1853 3496 1907 omnia

201 1953 364 2022 παρά
401 1954 495 2005 τοῦ
550 1953 810 2024 Σωτῆρος
861 1953 1168 2024 ἀποστολήν
1195 1969 1209 1982 °
1241 1953 1277 2006 ει
1313 1953 1492 2005 πάντα
1543 1954 1632 2006 διὰ
1701 1948 1794 2006 τοῦ

1903 1962 1994 2013 per
2056 1945 2254 2000 Filium
2316 1956 2527 2015 patrata
2574 1961 2698 2000 esse
2732 1945 3029 2009 credimus,
3093 1960 3220 1999 cum
3279 1944 3492 1998 nullum

211 2043 340 2096 Υίοῦ
400 2043 732 2113 γεγενῆσθαι
781 2047 1137 2112 πιστεύομεν,
1198 2044 1428 2113 μηδενὸς
1480 2045 1663 2097 αὐτῶν
1698 2047 1797 2113 τὴν

203 2132 304 2185 τοῦ
363 2133 685 2202 Πνεύματος
737 2135 1099 2204 σημαίνοντος
1148 2132 1407 2204 ὕπαρξιν.
1465 2137 1572 2186 Καὶ
1619 2133 1797 2186 ταῦτα

207 2220 313 2288 μὲν
366 2212 537 2284 οὗτοι,
574 2221 712 2291 μήτε
763 2222 894 2293 περὶ
940 2215 1015 2275 ὧν
1042 2223 1403 2276 διατείνονται
1438 2223 1498 2274 τὸ
1533 2225 1797 2293 παράπαν

207 2309 600 2376 γινώσκοντες,
642 2313 735 2364 καὶ
782 2314 881 2372 τὰς
924 2312 1129 2382 μεταξὺ
1165 2315 1258 2366 τοῦ
1294 2332 1354 2367 τε
1401 2315 1642 2383 μεγάλου
1694 2316 1801 2369 Βα-

209 2401 436 2465 σιλείου,
465 2403 561 2456 καὶ
605 2403 699 2455 τοῦ
747 2403 894 2456 θείου
947 2407 1160 2476 Πατρὸς
1208 2407 1533 2460 ’Δθανασίου
1583 2410 1797 2478 ῥήσεις,

211 2495 268 2546 ὲν
305 2489 396 2557 αἷς
425 2495 486 2547 τὸ
511 2491 664 2548 εἶναι
709 2497 1033 2566 πρόσκειται
1082 2499 1410 2569 κακούργως
1463 2501 1795 2570 ἀποκρυψάο

213 2601 392 2654 μενοι.
423 2587 559 2656 Περὶ
589 2588 699 2657 γάρ
727 2587 822 2656 τῆς
864 2587 1091 2660 πρώτης
1142 2590 1394 2659 οὐδαμῶς
1442 2590 1802 2659 διαφέρεσθαι

209 2677 330 2730 ww
381 2678 553 2748 ήμᾶς,
581 2678 657 2742 ὼς
694 2679 968 2732 ἀπολύτου
1017 2681 1299 2750 κειμένης,
1341 2684 1436 2734 καὶ
1477 2681 1600 2752 δίχα
1655 2684 1804 2746 τινὸς

210 2769 348 2833 ὅλως
378 2773 649 2842 ῥήματος,
677 2775 726 2825 εί
775 2774 869 2825 καὶ
917 2773 1148 2842 δυνάμει
1181 2777 1284 2827 κάν
1325 2775 1497 2848 ταύτῃ
1527 2779 1588 2830 τὸ
1616 2777 1805 2845 ὑπάρ-

220 2877 362 2930 χειν
393 2863 512 2915 ἐστὶ
542 2864 686 2916 κατά
714 2863 844 2926 τοὺς
877 2868 1005 2934 περὶ
1043 2865 1220 2919 ταῦτα
1239 2867 1449 2929 δεινοὺς
1485 2869 1805 2935 ἀναγκαίως

207 2951 524 3023 νοούμενον.
559 2956 754 3023 Ὅμως
787 2949 932 3008 οὗτοι
965 2957 1063 3025 μὲν
1114 2956 1202 3010 διὰ
1234 2958 1342 3010 τῶν
1389 2962 1649 3012 τοιούτων
1705 2961 1804 3031 τήν

208 3042 443 3094 οίκείανμ
498 3043 729 3114 γνώμην
795 3045 1186 3114 παρέστησαν·
1246 3043 1360 3111 ἐγὼ
1395 3045 1451 3097 δὲ
1503 3050 1617 3108 τοῖς
1682 3045 1803 3098 δια-

1903 2037 2102 2090 horum
2153 2034 2398 2104 Spiritus
2455 2036 2834 2090 exsistentiam
2868 2045 3037 2089 notat.
3074 2034 3140 2089 Et
3185 2035 3240 2088 bi
3267 2036 3493 2104 quidem

1903 2129 2037 2188 haec,
2073 2143 2288 2192 eorum,
2312 2128 2382 2182 de
2410 2129 2611 2197 quibus
2642 2127 3003 2194 contendunt,
3028 2143 3260 2197 prorsus
3284 2127 3490 2198 ignari,

1901 2227 1958 2273 et
2018 2220 2179 2274 dictis
2228 2221 2370 2274 inter
2428 2235 2490 2274 ea
2523 2221 2704 2290 magni
2754 2219 2940 2273 Basilii
2980 2230 3036 2273 et
3096 2221 3268 2274 divini
3313 2220 3494 2277 Patris

1903 2310 2188 2364 Athanasii
2245 2311 2494 2381 digestis,
2525 2313 2580 2364 in
2616 2313 2820 2380 quibus
2870 2327 2982 2365 esse
3031 2312 3356 2380 adiunctum
3389 2323 3494 2377 est,

1904 2401 2177 2457 malitiose
2212 2403 2430 2456 silentio
2457 2403 2756 2470 involutisl:
2794 2418 3031 2472 namque
3061 2404 3130 2458 de
3159 2405 3339 2473 primo
3361 2405 3496 2459 nulli

1903 2494 2131 2548 dubium
2183 2510 2305 2549 esse
2351 2493 2536 2558 debet,
2583 2496 2713 2550 licet
2759 2496 3010 2550 absolute
3071 2497 3347 2565 prolatum
3402 2499 3495 2562 sit,

1905 2595 1963 2642 et
2018 2588 2228 2656 absque
2269 2587 2382 2640 ullo
2420 2602 2650 2656 prorsus
2707 2589 2911 2652 verbo,
2965 2588 3165 2643 virtute
3220 2590 3496 2659 siquidem

1905 2679 2132 2732 verbum
2164 2678 2417 2732 exsistere
2469 2681 2736 2742 continuet,
2787 2679 2965 2749 utqui
3016 2681 3069 2733 in
3125 2680 3289 2734 rebus
3338 2681 3494 2736 hisce

1905 2772 2130 2825 exerciti
2164 2780 2315 2836 sunt,
2364 2780 2420 2826 et
2463 2773 2809 2840 perspicaces
2856 2772 3187 2842 intelligunt.
3213 2773 3276 2827 Et
3308 2775 3358 2827 lii
3395 2789 3495 2844 per

1907 2862 2108 2917 similia
2153 2863 2436 2930 propriam
2503 2856 2832 2918 sententiam
2892 2879 3215 2931 expressere
3253 2881 3267 2918 :
3301 2878 3489 2919 verum

1907 2969 2010 3023 ego
2030 2957 2144 3021 jam
2198 2954 2402 3017 allatis,
2455 2961 2511 3007 et
2544 2970 2668 3023 quae
2701 2955 2791 3008 illa
2823 2956 3257 3024 subsequuntur,
3301 2973 3496 3025 super-

1916 3043 2138 3108 addam,
2167 3057 2361 3110 nempe
2389 3058 2684 3112 erumpere,
2717 3047 2999 3112 scaturrire,
3026 3055 3080 3100 et
3107 3048 3154 3101 si
3182 3049 3312 3116 quid
3342 3049 3492 3103 aliud

210 3134 467 3205 ληφθεῖσι
494 3135 834 3205 προστίθημι
886 3136 978 3187 καὶ
1004 3135 1173 3188 τάλλα
1195 3138 1264 3189 τά
1297 3135 1507 3200 τούτοις
1530 3138 1795 3206 ἑπόμενα,

1906 3135 2083 3187 simile
2139 3134 2341 3202 ubique
2405 3134 2458 3188 in
2529 3134 2732 3190 divinis
2795 3136 3098 3205 Scripturis
3153 3149 3374 3207 accepta
3425 3141 3494 3195 de

205 3230 273 3283 τὸ
310 3228 666 3288 ἀναϐλύζειν
709 3227 935 3297 δηλαδὴ,
957 3228 1016 3278 τὸ
1045 3225 1347 3294 πητιίζειν,
1391 3233 1486 3282 καὶ
1521 3230 1576 3282 εῐ
1607 3231 1661 3283 τί
1697 3248 1803 3302 περ

205 3321 400 3388 ἕτερον
445 3320 655 3385 ὅμοιον,
718 3317 864 3386 ἄπερ
930 3318 1207 3386 πανταχοῦ
1255 3321 1353 3388 τῆς
1388 3319 1537 3382 θείας
1579 3322 1804 3392 Γραφῆς

209 3410 307 3462 ἐπὶ
342 3409 434 3462 τοῦ
465 3411 778 3477 Πνεύματος
807 3409 1123 3479 εὑρίσκεται
1160 3413 1554 3480 λαμδανόμενα
1578 3430 1591 3444 ·
1627 3414 1802 3467 ταῦτα

209 3503 390 3554 πάντα
427 3503 525 3570 τὴν
552 3501 719 3554 αὐτοῦ
747 3501 948 3570 δηλοῦν
979 3502 1153 3569 λέγων
1183 3501 1416 3572 ὓπαρξιν
1443 3521 1456 3533 ν
1503 3506 1598 3559 καὶ
1638 3505 1800 3559 τοῦτο

207 3595 560 3666 δειχθήσεται
593 3595 738 3652 κατά
775 3596 836 3646 τὸ
873 3595 1160 3656 παντελῶς
1202 3596 1597 3665 ἀναμφίὸολον,
1636 3575 1696 3662 ἐξ
1725 3595 1800 3653 ὧν

210 3690 400 3757 συχνοὶ
431 3687 540 3739 τῶν
571 3688 764 3754 ἁγίων,
797 3687 938 3739 κάπὶ
994 3687 1087 3755 τῆς
1137 3689 1200 3739 ὲκ
1256 3689 1470 3758 Πατρὸς
1505 3691 1798 3760 ὑπάρξεως

206 3779 306 3832 τοῦ
343 3779 475 3832 Υίοῦ
507 3779 607 3839 τάς
637 3777 897 3840 τοιαύτας
931 3779 1117 3846 φωνὰς
1165 3779 1600 3849 παρειλήφασιν,
1632 3777 1707 3835 ὦν
1739 3786 1797 3837 al

211 3869 404 3939 ῥήσεις
441 3867 638 3937 μικρὸν
687 3867 914 3935 ὕστερον
977 3865 1167 3918 ἐνθάδε
1223 3869 1797 3940 καταστρωθήσονται.

209 3962 331 4016 Νῦν
363 3963 422 4015 δὲ
450 3962 590 4024 τέως
629 3961 724 4012 καὶ
760 3960 868 4012 τῶν
915 3960 1433 4028 ἀναγεγραμμένων
1468 3964 1526 4014 ἐν
1558 3963 1658 4034 μιᾷ
1692 3981 1797 4017 τινι

213 4055 464 4124 χρήσεων
501 4053 562 4104 τὸ
591 4050 833 4103 τοιοῦτον
866 4051 1062 4118 ὁρᾶται
1089 4053 1200 4110 τοῖς
1233 4051 1291 4102 ού
1325 4053 1620 4120 παρέργως
1655 4057 1792 4106 ἀνα-

213 4143 689 4212 γινώσκουσιν.’Τὸ
715 4144 826 4212 γὰρ
842 4141 1172 4208 ἐκλάμπειν
1191 4143 1217 4193 ὁ
1246 4139 1289 4193 Ν
1298 4140 1468 4211 ύσσης
1497 4143 1536 4194 Γ
1543 4145 1800 4214 ρηγὸριος

217 4237 486 4307 πρότερον
532 4237 625 4288 ἐπὶ
674 4233 770 4286 τοῦ
821 4233 971 4295 Υἱοῦ,
1004 4235 1096 4284 καὶ
1131 4233 1252 4285 τότε
1293 4235 1523 4294 δεόντως
1557 4238 1653 4286 ἐπὶ
1699 4235 1797 4288 τοῦ

218 4329 538 4398 Πνεύματος
597 4325 865 4388 τέθεικεν,
909 4325 997 4376 ἵνα
1066 4325 1251 4377 πᾶσαν
1305 4325 1615 4391 ἀντιλογίας
1657 4329 1798 4380 ἀπο-

213 4422 406 4494 κλείσῃ
429 4422 541 4480 τοῖς
571 4419 810 4488 φιλέρισι
841 4417 1140 4487 πρόφασιν,
1167 4416 1242 4470 Οὐ
1277 4418 1386 4486 γὰρ
1419 4417 1482 4484 δὴ
1531 4419 1669 4471 κάπὶ
1699 4417 1794 4470 τοῦ

1911 3226 2114 3295 Spiritu
2183 3228 2565 3295 reperiuntur;
2642 3235 2894 3281 astruens
2959 3230 3046 3283 illa
3101 3231 3284 3284 omnia
3346 3233 3493 3286 illius

1907 3320 2278 3372 exsistentiam
2304 3328 2604 3374 connotare
2636 3338 2649 3372 :
2681 3329 2735 3373 et
2759 3320 2863 3375 hoc
2890 3321 2962 3374 ita
2989 3336 3112 3376 esse
3144 3324 3353 3391 absque
3379 3327 3495 3377 ullo

1907 3410 2076 3464 dubio
2103 3412 2607 3474 demonstrabitur,
2661 3427 2784 3466 cum
2831 3414 3080 3482 plerique
3128 3416 3298 3468 sancti
3332 3418 3496 3471 hasce

1910 3515 2070 3554 voces
2114 3502 2182 3554 de
2219 3499 2341 3553 Filii
2395 3517 2459 3554 ex
2513 3501 2674 3555 Patre
2727 3503 3052 3557 exsistentia
3081 3509 3492 3574 usurpaverint,

1905 3605 2139 3658 quorqu
2172 3591 2312 3644 dicta
2362 3592 2524 3657 paulo
2580 3601 2703 3661 post
2738 3594 2838 3646 hac
2889 3597 3077 3647 eadem
3122 3597 3371 3649 oratione
3399 3600 3496 3651 dc-

1905 3681 2237 3732 scribentur.
2272 3679 2473 3734 Verum
2502 3698 2648 3735 nunc
2682 3682 2898 3735 interim
2939 3683 2993 3735 in
3031 3699 3138 3737 uno
3169 3686 3370 3753 cxjam
3399 3691 3496 3739 az!-

1904 3773 2086 3826 ductis
2120 3775 2455 3827 testimoniis
2483 3775 2691 3828 clarum
2732 3783 2957 3843 apparet
2987 3776 3121 3833 illis.
3154 3779 3245 3846 qui
3290 3779 3492 3834 similia

1904 3879 2013 3921 non
2049 3873 2252 3917 temere
2268 3874 2316 3917 et
2356 3865 2702 3934 indiligenter
2731 3879 2975 3921 versant.
3005 3869 3226 3924 Elucere
3255 3886 3495 3942 namque

1904 3951 2184 4022 Nyssenus
2210 3953 2511 4024 Gregorius
2555 3957 2710 4024 prius
2745 3958 2811 4011 de
2846 3957 3011 4022 Filio,
3043 3970 3158 4014 tum
3209 3963 3492 4032 deinceps,

1903 4048 1982 4100 uti
2017 4061 2117 4114 par
2146 4055 2292 4114 erat,
2321 4053 2388 4102 de
2423 4047 2628 4116 Spiritu
2679 4053 2883 4119 posuit,
2914 4062 2972 4105 ut
3011 4067 3232 4107 omnem
3269 4067 3495 4109 contra-

1901 4139 2162 4193 ditrtionis
2203 4153 2392 4194 ausam
2435 4143 2797 4196 contentiosis
2831 4146 3086 4211 eriperet.
3126 4145 3315 4216 Neque
3345 4151 3492 4203 enim

1903 4227 1955 4281 in
1991 4225 2131 4280 Filio
2156 4226 2420 4298 frigidum
2451 4243 2643 4283 eorum
2670 4231 2964 4285 consilium
2989 4233 3166 4288 locqu
3189 4236 3300 4289 ullo
3333 4241 3495 4290 modo

1904 4321 2106 4375 habere
2137 4323 2205 4375 ah
2259 4323 2430 4391 aquis
2479 4322 2777 4376 lectoribus
2829 4327 3188 4392 reputabitur.
3226 4325 3494 4384 Praeterea

1902 4411 2173 4480 siquidem
2205 4413 2407 4477 dicere,
2438 4421 2492 4465 et
2523 4413 2807 4481 profundi,
2835 4424 2888 4468 et
2923 4419 3094 4468 emitti
3123 4432 3246 4470 cum
3281 4418 3493 4473 adnexa

217 4515 348 4567 Υίοῦ
396 4514 458 4565 τὸ
513 4512 724 4582 ψυχρὸν
753 4510 933 4562 αὐτῶν
973 4513 1150 4562 ἐκεῖνο
1197 4509 1376 4577 νόημα
1419 4507 1604 4579 χώραν
1648 4508 1794 4573 ἕξειν

1903 4503 2004 4557 sibi
2034 4504 2293 4558 nonnulla
2328 4504 2640 4574 praeferant,
2677 4506 2780 4559 hoc
2823 4507 3044 4575 quidem
3092 4519 3306 4572 aeterne,
3357 4510 3490 4564 illud

214 4605 398 4668 ποσῶς
449 4603 840 4672 νομισθήσεται
897 4604 1009 4663 τοῖς
1070 4601 1181 4653 τῶν
1234 4601 1522 4670 ἀκροατῶν
1565 4599 1797 4669 ἐπιγνώ-

1907 4613 2037 4652 vero
2075 4596 2421 4662 naturaliter,
2454 4607 2505 4650 et
2533 4599 2907 4662 essentiatiter,
2954 4600 3132 4654 die;as
3173 4601 3495 4655 sorumdcm

220 4713 398 4766 μοσιν.
445 4693 678 4761 Ἀφίημι
717 4691 823 4760 γὰρ
845 4690 1052 4756 λέγειν,
1100 4690 1181 4742 ὅτι
1209 4692 1302 4742 καὶ
1332 4689 1393 4742 τὺ
1418 4691 1664 4758 προχεῖο
1679 4696 1795 4751 θαι,

1906 4690 2266 4760 cogitationes
2304 4705 2411 4742 non
2443 4690 2751 4745 admittere.
2785 4691 2904 4756 Qua
2936 4694 3080 4745 enim
3122 4693 3333 4747 ratione
3367 4695 3494 4763 Spi-

216 4789 312 4842 καὶ
365 4788 428 4838 τὸ
491 4785 907 4852 ἐκπέμπεσθαι
969 4781 1344 4852 προσκείμενά
1402 4799 1525 4835 τινα
1584 4783 1797 4847 τούτος

1909 4785 2048 4838 ritus
2080 4782 2400 4837 naturaliter
2431 4791 2486 4836 et
2531 4784 2898 4837 essentialiter
2949 4782 3177 4847 ell'usus,
3225 4787 3294 4838 de
3333 4786 3495 4841 donis

217 4881 433 4948 ἔχοντα,
467 4876 630 4929 τοῦτο
653 4875 753 4944 μὲν
779 4876 840 4926 τὸ
868 4873 1095 4940 ἀιδίως,
1135 4875 1314 4926 ἐκεῖνο
1341 4872 1398 4948 δὲ
1434 4874 1495 4926 τὸ
1524 4873 1797 4942 φυσικῶς

1911 4875 2251 4945 accipietur?
2284 4874 2348 4929 Et
2386 4875 2667 4944 quomodo
2716 4885 2922 4930 aeterne
2965 4879 3204 4932 emissus
3239 4877 3309 4931 de
3358 4879 3494 4932 mis-

368 4966 679 5032 οὺσιωδῶς
740 4968 839 5028 τὰς
910 4965 1171 5035 ῥηθείσας
1228 4945 1438 5027 ἑννοίας
1484 4965 1690 5018 τούτων
1737 4968 1797 5020 ού

1908 4969 2064 5023 sione
2121 4967 2495 5039 intelligetur?
2529 4967 2638 5022 Sed
2694 4969 2810 5036 bac
2851 4969 3075 5038 quidem
3128 4970 3180 5022 in
3234 4969 3491 5036 transitu,

217 5059 646 5128 παραδέχονται.
689 5055 811 5120 Πῶς
855 5055 961 5125 γὰρ
1014 5055 1076 5106 τὸ
1127 5053 1357 5124 Πνεῦμα
1401 5057 1652 5122 φυσικῶς
1705 5061 1797 5112 καὶ

1907 5077 2029 5131 quae
2059 5061 2127 5115 de
2157 5060 2484 5115 adversariis
2515 5065 2688 5116 multo
2738 5061 2952 5115 roboris
2997 5062 3286 5116 intervallo
3315 5065 3490 5118 victo~

215 5153 493 5214 οῦσιωδῶς
523 5149 895 5220 προχεόμεντν
921 5150 1016 5200 ἐπὶ
1052 5146 1162 5200 τῶν
1192 5149 1549 5218 χαρισμάτων
1583 5150 1796 5221 ληφθή-

1906 5155 2042 5209 riatn
2077 5154 2217 5209 ferre
2253 5164 2529 5225 poterunt.

217 5260 412 5308 σεται;
446 5244 566 5303 Πῶς
613 5242 669 5293 δὲ
704 5241 798 5293 καὶ
843 5229 1030 5302 ἁίδίως
1073 5239 1498 5309 ἐκπεμπόμενον
1547 5244 1640 5294 ἐπὶ
1696 5245 1795 5312 τῆς
1834 5246 2142 5317 ἀποστολῆς
2209 5247 2580 5318 νοηθήσεται;
2626 5249 2772 5319 Πλὴν
2837 5248 3011 5300 ταῦτα
3069 5249 3170 5308 μὲν
3213 5252 3356 5302 κατά
3402 5251 3478 5302 πάι

217 5337 393 5410 ροδον,
421 5333 524 5385 κᾶν
546 5333 594 5384 εί
631 5329 739 5382 τῶν
776 5330 1120 5384 ὑπεναντίων
1162 5331 1258 5383 καὶ
1282 5331 1426 5385 οὕτω
1449 5337 1624 5405 κρατῇ
1654 5337 1798 5388 κατὰ
1838 5338 2042 5408 πολλὴν
2073 5340 2396 5409 περιουσίαν
2425 5342 2738 5409 δυνάμεως.

289 5427 375 5480 ιθ’.
415 5425 555 5493 Ἤδη
603 5423 662 5476 δὲ
710 5423 802 5476 καὶ
837 5422 936 5485 τὰς
975 5421 1083 5475 τῶν
1124 5423 1297 5489 ἁγίων
1342 5425 1472 5494 περὶ
1515 5427 1622 5478 τῶν
1659 5445 1794 5496 προσ

1979 5434 2067 5485 19.
2107 5434 2211 5488 Sed
2245 5435 2357 5504 jam
2392 5447 2710 5489 sanctorum
2758 5436 2824 5489 de
2859 5436 3129 5504 prtedictis
3177 5437 3488 5491 testimonia

215 5525 515 5594 λεχθέντων
549 5519 788 5574 ἐκθεῖναι
828 5520 1015 5589 ῥήσεις
1047 5519 1149 5570 οὐκ
1183 5518 1434 5591 ἄκαιρον.
1475 5523 1532 5574 '0
1561 5525 1662 5592 μὲν
1685 5524 1796 5593 γὰρ

215 5614 557 5685 ἀκράδαντος
595 5610 790 5673 στῦλος
845 5611 944 5678 τῆς
1007 5609 1340 5672 Ἐκκλησίας
1399 5612 1718 5674 Ἀθανάσιος
1769 5616 1796 5666 ὁ

218 5709 415 5779 μέγας,
460 5699 523 5756 οῦ
558 5705 786 5757 πλεῖστα
830 5705 899 5756 τὰ
946 5703 1087 5772 ὑπὲρ
1133 5703 1242 5756 τῶν
1279 5704 1457 5774 ὀρθῶν
1506 5704 1798 5774 δογμάτων

228 5797 608 5860 παλαίσματα,
645 5794 744 5862 τῆς
788 5794 1072 5860 εύσεὸεῐας
1116 5799 1144 5850 ὁ
1187 5799 1435 5864 γενναῖος
1488 5800 1797 5869 ἀγωνιστής

1906 5539 2182 5593 apponere
2242 5540 2349 5580 n0u
2415 5528 2844 5596 inopportunqu
2911 5525 3095 5583 fuerit.
3154 5525 3485 5583 Inconcussa

1905 5618 2050 5670 enim
2077 5616 2337 5672 Ecclesia:
2375 5620 2633 5673 columna
2668 5634 2897 5687 magnus
2927 5620 3282 5682 Athanasius,
3324 5620 3486 5686 cujus

1907 5725 2004 5778 pro
2065 5713 2227 5765 rectis
2256 5709 2605 5780 dogmatibus
2649 5713 2905 5780 pleraque
2973 5721 3265 5762 narrantur
3309 5718 3485 5764 Curta-

1910 5802 2077 5869 miua,
2111 5819 2411 5874 generosus
2462 5805 2679 5874 pictatis
2739 5804 2943 5859 athleta
2992 5815 3045 5858 et
3091 5812 3486 5873 propugnator,
