4132 6488
576 473 714 538 1063

1637 467 2145 533 CONSTANTINI
2186 426 2736 527 MELITENIOM:

3721 462 3855 527 10M

574 588 825 645 oratione
854 586 920 643 de
942 586 1278 656 sempiterna
1307 585 1623 641 exsistentia
1664 585 1785 639 Filii
1810 594 1863 640 et
1896 584 2161 654 Spiritus.

2276 579 2360 633 iui.
2406 576 2746 647 ὑπέρμαχος,
2782 576 2838 628 ὲν
2878 574 2955 645 τῷ
3012 574 3139 644 περὶ
3184 578 3281 645 τῆς
3334 575 3508 629 ἀϊδίου
3559 574 3859 646 ὑπάρξεως

577 694 833 748 apparere
862 692 1051 733 vocem
1089 676 1157 730 de
1196 674 1319 729 Filii
1349 692 1413 730 ex
1448 677 1613 729 Patre
1639 676 1954 729 exsistentia
1995 688 2161 727 usur-

576 787 733 841 pans,
782 771 898 822 hinc
956 769 1119 827 habet
1154 784 1167 820 :
1208 766 1383 836 Igitur
1417 783 1581 836 neque
1640 765 1813 819 Filius
1856 764 2079 819 Verbum
2110 764 2165 817 in

575 860 732 915 corde
796 856 1001 924 Patris,
1061 859 1149 912 sed
1200 857 1426 911 Verbum
1473 861 1648 911 vivens
1696 875 1729 910 a
1774 859 1973 911 vivente
2032 854 2162 921 Deo,

574 965 773 1008 eterna
848 952 1184 1022 generatione
1248 966 1511 1017 apparens
1544 990 1557 1009 ,
1636 953 1828 1017 absque
1906 950 2166 1018 principio

576 1042 731 1097 Patri
765 1044 1095 1110 conjunctus.
1146 1043 1387 1112 Cyrillus
1421 1043 1472 1093 in
1515 1040 1680 1094 rebus
1712 1042 2036 1107 theologicis
2070 1040 2168 1094 de-

577 1132 869 1187 cernendis
901 1147 1172 1193 summus,
1204 1131 1451 1183 oratione
1483 1131 1547 1184 ad
1579 1128 1924 1184 Valerianum
1958 1131 2172 1200 episco-

576 1238 728 1291 pum.
771 1224 915 1276 bunc
946 1222 1001 1276 in
1034 1223 1523 1275 modumcloculus
1552 1232 1674 1275 est:
1704 1221 1933 1275 Sanctus
1959 1223 2171 1289 quidem

575 1315 861 1367 secundum
891 1320 1141 1364 naturam
1164 1328 1281 1363 cum
1315 1313 1407 1373 sit,
1439 1313 1880 1380 quemadmodum
1910 1324 1957 1365 et
1986 1311 2166 1375 Pater,

575 1405 667 1472 qui
698 1418 763 1456 ea:
799 1406 915 1466 ipso
953 1404 1209 1471 apparuit
1233 1402 1535 1471 unigenitus
1568 1402 1769 1468 Filius,
1801 1405 2172 1472 sancti/iectus

579 1492 743 1561 fuisse
769 1494 966 1545 dicitur
997 1510 1028 1545 a
1069 1491 1256 1553 Patre,
1289 1508 1409 1545 cum
1440 1503 1494 1544 ut
1530 1493 1686 1546 homo
1731 1495 2001 1563 apparuit.
2027 1493 2171 1548 Idem

575 1584 782 1636 elucere
811 1572 918 1636 non
949 1584 1059 1637 alio
1089 1585 1253 1637 modo
1278 1584 1557 1652 accipiens
1582 1584 1635 1637 in
1672 1600 1781 1637 uno
1809 1600 1873 1638 ex
1898 1585 2174 1653 capitibus

578 1675 696 1728 suis
743 1676 809 1728 (le
838 1677 1197 1743 perpetuitate
1230 1674 1351 1729 Filii
1414 1678 1529 1735 bazc
1562 1676 1838 1743 ipsissima
1881 1676 2045 1729 verba
2078 1677 2176 1729 ha-

578 1766 673 1820 bet
708 1784 722 1821 :
755 1765 859 1830 Qui
891 1783 1010 1821 vero
1051 1784 1212 1832 supra
1241 1769 1416 1821 omnia
1443 1768 1681 1820 ascendit
1699 1768 1861 1831 Deus,
1889 1768 2177 1821 elucescere

578 1859 775 1927 faciens
828 1874 893 1911 ex
955 1863 1231 1925 semetipso
1291 1861 1512 1913 indivise
1564 1861 1781 1914 Filium.
1823 1860 1887 1914 Et
1916 1862 1969 1913 in
2020 1861 2171 1915 alio:

584 1946 745 2001 l’ater
768 1964 832 2002 ea:
854 1951 1128 2018 semetipso
1157 1950 1441 2013 clarescere
1472 1951 1593 2020 fecit
1625 1950 1831 2011 Filium
1864 1954 2088 2006 indivise
2119 1962 2167 2006 et

576 2039 1026 2105 inseparabiliter.
1063 2039 1129 2094 Ει
1162 2041 1217 2097 in
1247 2042 1361 2095 alio
1398 2043 1895 2105 :Quemadmodum
1937 2042 2169 2111 Spiritus

566 2141 795 2184 sanctus
831 2145 931 2183 non
964 2131 1103 2183 subit
1138 2128 1283 2183 circa
1312 2132 1594 2183 essentiam
1625 2131 1934 2185 divisionem
1995 2132 2173 2183 diver-

577 2237 664 2275 sos
696 2223 751 2272 in
814 2220 967 2273 donis
1012 2220 1197 2273 modos
1237 2221 1515 2284 emittens,
1565 2216 1640 2273 sic
1695 2229 1745 2272 et
1808 2220 2170 2289 generativam

578 2314 860 2367 essentiam
895 2311 1013 2373 Dei,
1049 2326 1200 2364 nemo
1230 2325 1294 2364 ex
1315 2312 1379 2363 iis
1412 2310 1499 2379 qui
1534 2311 1747 2378 sapiunt
1782 2310 1983 2378 injuria
2018 2310 2171 2377 afﬁci

578 2400 935 2463 asseverabit,
972 2408 1067 2451 aut
1123 2399 1452 2460 divisionem,
1496 2408 1590 2451 aut
1638 2398 1883 2468 eﬁluxum
1944 2398 2171 2467 aliquem

578 2496 821 2557 subiisse,
866 2511 1030 2547 unum
1070 2502 1119 2547 et
1171 2494 1343 2547 solum
1386 2510 1451 2548 ea:
1503 2498 1676 2563 seipsa
1709 2494 1912 2549 elucere
1964 2493 2169 2548 Filium

579 2588 922 2657 efﬁcientem.
969 2586 1139 2641 Divus
1169 2600 1362 2640 rursus
1403 2600 1467 2639 ac
1500 2602 1749 2657 eniagnus
1785 2587 1839 2640 in
1879 2588 2045 2641 rebus
2089 2586 2173 2640 di-

579 2678 727 2731 vinis
758 2676 1473 2745 exponendis‘Atbanasius
1523 2678 1774 2731 oratione
1804 2677 1872 2731 de
1892 2676 2171 2748 Dionysio

581 2771 862 2839 episcopo.
896 2769 1195 2821 ostendens
1219 2767 1423 2836 effundi
1464 2769 1627 2822 etiam
1661 2769 1729 2824 de
1766 2768 1889 2823 Filii
1912 2784 1983 2822 ex
2009 2768 2171 2824 Patre

580 2860 905 2915 exsistentia
940 2860 1180 2925 desumi,
1241 2860 1355 2913 haec
1411 2861 1687 2914 invenitur
1737 2860 1988 2917 dixisse:
2021 2860 2170 2915 Fons

583 2953 839 3006 bonorum
883 2954 1118 3005 omnium
1169 2952 1307 3005 Deus
1364 2961 1465 3017 est,
1515 2953 1708 3020 ﬂuvius
1747 2971 1865 3008 vero
1917 2956 2169 3025 profusus

584 3042 784 3106 Filius.
840 3046 1035 3112 scripto
1083 3046 1429 3114 consignatur
1460 3058 1483 3099 .'
1516 3046 1733 3115 efﬂuxus
1789 3049 1929 3101 enim
1981 3049 2169 3102 mentis

594 3136 841 3200 Verbum,
891 3148 938 3190 et
976 3148 1031 3189 ut
1082 3138 1352 3190 hominum
1400 3140 1637 3207 exemplo
1664 3140 1718 3192 id
1760 3141 2077 3210 exprimam,
2104 3156 2170 3195 es:

2265 671 2356 725 τοῦ
2393 670 2526 723 Υἱοῦ
2564 668 2659 722 καὶ
2712 667 2805 721 τοῦ
2856 665 3175 735 [Ινεύματος
3217 666 3382 737 λόγῳ.
3411 668 3474 719 τδ
3503 667 3861 736 πεφηνέναι

2264 763 2457 824 τιθεὶς.
2505 761 2643 813 κάπὶ
2688 760 2790 827 τῆς
2840 759 2906 811 ὲκ
2978 758 3194 826 [ἰατρὸς
3242 758 3533 826 ὑπάρξεως
3587 758 3683 811 τοῦ
3729 758 3854 811 1⁵ίοῦ

2266 852 2441 905 ταῦτά
2465 867 2635 918 φησι·
2676 850 2895 903 Τοίνυν
2938 849 3080 902 οὐδὲ
3110 850 3144 901 ὁ
3191 850 3325 914 me
3361 848 3554 918 Λόγος
3589 850 3664 903 ἐν
3712 867 3860 918 καρ-

2268 944 2370 1009 δίᾳ
2416 942 2527 996 τοῦ
2577 942 2828 1009 Πατρός,
2870 941 3032 995 ἀλλὰ
3070 941 3261 1008 Λόγος
3310 938 3423 1000 ζῶν
3472 943 3593 995 ἀπὸ
3636 940 3859 1008 ζῶντος

2272 1036 2419 1089 Θεοῦ
2454 1035 2627 1100 ἀϊδίῳ
2646 1031 2930 1103 γεννήσει
2963 1028 3269 1099 πεφηνὼς,
3290 1031 3571 1098 ἀνάρχως
3601 1030 3685 1096 τῷ
3732 1036 3855 1085 Πα-

2270 1126 2362 1195 τρί
2384 1127 2615 1181 συνών.
2658 1125 2718 1178 Ὀ
2760 1124 2816 1177 δὲ
2852 1121 3317 1189 θεολογικώτατος
3360 1123 3635 1191 Κύριλλος
3680 1126 3741 1176 ἐν
3775 1124 3853 1194 τῷ

2266 1220 2408 1289 πρὸς
2432 1216 2804 1287 Οὐαλεριανὸν
2845 1216 3151 1268 ἐπίσκοπον
3185 1216 3353 1283 λόγῳ,
3386 1216 3480 1266 καὶ
3509 1211 3669 1277 οὗτος
3709 1216 3855 1270 οὕτω

2274 1321 2394 1373 πως
2419 1311 2644 1379 εἴρηκεν
2665 1324 2681 1339 ·
2718 1308 2913 1375 Ἄγιος
2952 1306 3067 1375 τὰρ
3092 1305 3179 1359 ὢν
3201 1305 3351 1359 κατὰ
3370 1307 3562 1372 φύσιν
3584 1307 3859 1376 καθάπερ

2273 1402 2481 1473 ἀμέλει
2508 1402 2609 1455 καὶ
2653 1403 2686 1454 ὀ
2725 1400 2927 1466 Πατὴρ
2979 1402 3012 1452 ό
3042 1398 3113 1463 ἐξ
3151 1398 3341 1451 αὐτοῦ
3385 1401 3670 1467 πεφηνὼς
3722 1402 3859 1464 Υἱὸς

2268 1492 2609 1565 μονογενὴς
2636 1491 2922 1560 ἠγιὰσθαι
2965 1491 3205 1559 λέγεται
3242 1492 3403 1557 παρὰ
3450 1492 3557 1544 τοῦ
3595 1492 3851 1558 Πατρός.

2276 1585 2418 1640 καθὸ
2446 1585 2719 1652 πέφηνεν
2740 1582 3077 1651 ἄνθρωπος.
3119 1582 3179 1634 '0
3209 1583 3372 1645 αὐτὸς
3412 1582 3472 1635 τὸ
3513 1582 3857 1650 ἐκλάμπειν

2276 1677 2372 1730 καὶ
2419 1675 2591 1747 ταύτῃ
2621 1674 2798 1737 διδοὺς
2839 1673 2899 1727 εν
2939 1690 3048 1726 τινι
3080 1673 3187 1724 τῶν
3233 1674 3369 1740 περῐ
3400 1673 3500 1741 τῆς
3544 1674 3854 1742 ἁϊδιότητος

2276 1767 2370 1821 τοῦ
2423 1767 2556 1820 Υίοῦ
2614 1764 2930 1832 κεφαλαίων
2987 1764 3196 1830 αὑτοῦ,
3248 1763 3473 1816 τοιαῦτα
3524 1763 3663 1831 πρὸξ
3722 1766 3857 1826 ἔπος

2276 1858 2560 1922 διέξεισιν·
2601 1855 2666 1909 ὀ
2709 1854 2778 1909 δὲ
2822 1856 2948 1908 ἀνω
2989 1854 3233 1927 πάντων
3285 1853 3669 1920 ἀναϐεϐηκὼς
3710 1856 3860 1921 Θεὸς

2207 1918 2247 1970 Β
2274 1918 2595 2018 ἐκλάμψας
2620 1949 2957 2015 ἀμερίστως
2990 1946 3060 2010 ἐξ
3093 1920 3281 2000 αὐτοῦ
3310 1946 3418 1999 τὸν
3451 1948 3612 2000 ΥΙόν.
3639 1918 3765 1999 -Καὶ
3800 1918 3859 1996 tu

2272 2034 2450 2111 ἀλλῳο
2488 2042 2552 2092 '0
2592 2039 2793 2106 Πατὴρ
2819 2040 3170 2107 ἐξέλαμψεν
3205 2038 3277 2100 ἐξ
3322 2040 3513 2093 αὐτοῦ
3554 2039 3667 2092 τὸν
3717 2040 3860 2091 Υίὸν

2270 2134 2607 2200 ἀμερίστως
2688 2131 2787 2183 καὶ
2852 2130 3251 2196 ἀδιαστάτως.
3335 2131 3445 2183 Καὶ
3512 2132 3572 2183 ἐν
3644 2132 3857 2198 ἑτέρῳθ

2272 2223 2500 2288 Ὠσπερ
2531 2222 2595 2274 τὸ
2621 2220 2862 2287 Πνεῦμα
2881 2219 2949 2272 τὸ
2979 2219 3154 2287 ἅγιον
3170 2221 3243 2273 οὐ
3273 2221 3575 2288 μερισμὸν
3621 2220 3857 2288 ὑπομέ-

2270 2335 2363 2371 νει
2394 2317 2530 2385 περὶ
2581 2319 2697 2382 τὴν
2727 2315 2952 2369 οὐσίαν
2988 2313 3313 2383 διαφόρους
3356 2314 3671 2382 ἐκπέμπειν
3710 2314 3861 2380 τοὺς

2271 2412 2342 2463 ἐν
2368 2409 2493 2474 τοῖς
2518 2412 2851 2477 χαρίσμασι
2878 2408 3139 2475 τρόπους
3166 2421 3182 2434 ⁸
3228 2409 3382 2460 οὕτω
3422 2407 3523 2459 καὶ
3565 2406 3682 2473 τὴν
3724 2424 3863 2475 τεν-

2270 2499 2530 2567 νητικὴν
2563 2498 2787 2552 οὐσίαν
2812 2495 2917 2548 τοῦ
2948 2494 3099 2550 Θεοῦ
3120 2497 3234 2549 οὐκ
3268 2495 3347 2547 ἄν
3364 2513 3454 2562 τις
3488 2494 3607 2548 τῶν
3635 2498 3861 2564 εὐφρο-

2270 2594 2544 2647 νούντων
2600 2588 2936 2644 ἀδικεῖσθαι
2989 2587 3268 2655 φήσειεν,
3321 2588 3361 2656 ἢ
3411 2590 3749 2656 μερισμὸν,
3814 2587 3857 2657 ἦ

2271 2680 2601 2752 ἀπόῤῥοιάν
2638 2696 2773 2733 τινα
2805 2680 3021 2735 παθεῖν
3058 2679 3167 2733 ἕνα
3207 2680 3305 2732 καὶ
3334 2680 3533 2747 μόνον
3566 2679 3637 2743 ἐξ
3662 2678 3863 2747 αὐτῆς

2269 2772 2680 2841 ἐκλάμψασαν
2727 2769 2888 2824 Υίόν.
2951 2769 3010 2823 '0
3066 2771 3242 2838 μέγας
3281 2765 3438 2831 αὖθις
3488 2770 3555 2821 τὰ
3581 2770 3703 2823 θεῖα
3759 2770 3862 2823 καὶ

2271 2867 2440 2928 πολὺς
2473 2864 2798 2927 Ἀθανάσιος
2819 2865 2879 2916 ὲν
2901 2859 2984 2930 τῷ
3019 2864 3151 2932 περὶ
3181 2863 3463 2916 Διονυσίου
3506 2863 3603 2916 τοῦ
3633 2865 3863 2916 ἐπισκό-

2273 2975 2377 3013 που
2412 2958 2559 3028 λόγῳ
2600 2957 2661 3008 τὸ
2712 2955 3039 3025 προχεῖσθαι
3080 2954 3301 3018 δεικνὺς
3340 2955 3425 3008 ὅτι
3470 2955 3609 3007 κάπὶ
3644 2954 3747 3024 τῆς
3791 2956 3861 3009 ὲκ

2274 3051 2491 3121 Πατρδς
2513 3048 2807 3118 ὑπάρξεως
2854 3046 3261 3114 ἑκλαμὸἀνεται
3308 3046 3402 3099 τοῦ
3437 3046 3566 3099 Υἱοῦ
3600 3047 3727 3100 τάδε
3762 3046 3862 3100 λέ·

2273 3162 2386 3215 γων
2434 3144 2799 3214 εὑρίσκεταιο
2862 3141 3035 3211 Πηγὴ
3088 3139 3208 3194 τῶν
3267 3141 3508 3211 ἀγαθῶν
3568 3141 3859 3197 ἁπάντων

582 3230 740 3285 corde
783 3245 875 3299 per
905 3245 961 3281 os
998 3229 1311 3297 effunditur.
1345 3228 1902 3309 Itetu‘sanctissimus
1931 3241 1986 3287 et
2020 3233 2167 3287 divi-

2276 3238 2442 3293 ἐστὶν
2486 3240 2519 3291 ό
2575 3235 2743 3300 Θεὸς.
2778 3235 3045 3301 ποταμὸς
3087 3234 3156 3286 δὲ
3182 3238 3591 3303 προχεόμενος
3640 3237 3673 3288 ό
3721 3234 3861 3299 Υἱὸς

588 3322 854 3375 nissimus
888 3320 1125 3391 Cyrillus
1166 3321 1218 3373 in
1265 3314 1691 3390 uno‘exsupra
1738 3323 1984 3378 laudatis
2019 3326 2172 3393 capi-

594 3414 761 3479 tibus,
824 3427 929 3465 non
997 3404 1164 3465 alium
1235 3412 1603 3480 signiﬁcatum
1669 3412 1871 3468 habere
1927 3417 2173 3483 progredi

583 3506 844 3569 ostendit,
889 3505 976 3557 liis
1031 3505 1225 3557 iisvlem
1273 3504 1451 3558 verbis
1491 3521 1505 3556 :
1547 3503 1651 3556 llic
1684 3506 1823 3558 enim
1854 3522 1919 3560 ea:
1946 3510 2177 3562 essentia

587 3595 767 3650 Patris
794 3594 1158 3664 progrediens,
1191 3595 1476 3662 genitorem
1506 3594 1650 3648 illico
1682 3595 1896 3650 Patrem
1923 3599 2173 3652 ostendit.

589 3689 653 3742 Et
686 3690 739 3742 in
766 3688 873 3741 alio
908 3706 921 3740 :
952 3686 1412 3755 Quemadmodum
1446 3687 1605 3742 Pater
1633 3690 1746 3743 sine
1782 3691 2047 3759 principio
2073 3704 2172 3757 est,

588 3784 665 3833 ita
693 3789 743 3832 et
769 3779 860 3849 qui
894 3795 959 3832 ea:
988 3779 1219 3833 essentia
1264 3779 1413 3832 illius
1460 3796 1771 3850 progressus
1808 3793 1908 3847 est,
1957 3785 2179 3839 Verbum

587 3876 702 3927 sine
728 3873 994 3941 principia‘
1034 3880 1136 3925 est.
1198 3870 1328 3925 Item
1379 3873 1433 3926 in
1464 3873 1575 3926 alio
1608 3893 1621 3929 :
1656 3874 1747 3929 Sic
1785 3887 1831 3930 et
1865 3875 2044 3932 Filius
2085 3878 2178 3933 Dei

585 3964 810 4018 indivise
839 3979 904 4017 es:
931 3962 1093 4017 Patre
1131 3977 1464 4031 progressus,
1491 3963 1765 4033 character
1790 3977 1866 4021 est
1909 3970 2177 4037 perpetui-

590 4058 715 4111 tatis
742 4056 908 4110 illius.
958 4055 1054 4109 llic
1086 4055 1217 4109 item
1252 4055 1307 4107 in
1357 4056 1464 4108 alio
1511 4056 1708 4110 borqu
1740 4061 1979 4128 capitum
2009 4050 2180 4114 emit‘ti

588 4168 656 4205 ex
687 4151 845 4205 Patre
875 4150 1209 4204 exsistentite
1254 4150 1598 4215 attribuens,
1651 4151 1797 4205 hunc
1855 4153 1907 4206 in
1957 4153 2179 4206 modum

589 4245 893 4298 orationem
937 4244 1137 4296 direxit
1178 4259 1192 4296 :
1228 4240 1360 4306 Qui:
1408 4244 1549 4296 enim
1600 4245 1777 4310 passio
1831 4246 1977 4298 circa
2017 4245 2181 4300 solem

590 4337 913 4406 agnoscitur,
946 4351 1064 4388 cum
1117 4332 1297 4387 lumen
1347 4336 1759 4404 generat?un
1809 4338 1955 4393 circa
2005 4338 2180 4407 ignem

591 4428 857 4493 separatio
890 4427 1149 4496 contingit
1180 4466 1195 4491 ,
1232 4441 1351 4477 cum
1374 4441 1439 4478 ea:
1465 4442 1520 4479 se
1542 4425 1987 4481 illuminationem
2024 4430 2178 4482 emit-

594 4519 654 4570 tit
689 4517 715 4570 ?
739 4516 945 4584 Quodsi
968 4516 1080 4570 hwc
1109 4525 1361 4587 generant
1393 4515 1605 4585 quidem
1641 4518 1884 4583 indivise,
1917 4528 1967 4572 et
1988 4518 2185 4587 absque

2274 3325 2743 3400 ἀναῨέγραπται.
2785 3328 3102 3394 Ἀπόρροια
3131 3328 3244 3396 τὰρ
3269 3327 3381 3381 νοῦ
3405 3329 3617 3396 Λόγος,
3652 3326 3752 3380 καὶ
3776 3327 3863 3391 ὠς

2275 3425 2368 3478 ἐπ’
2399 3423 2727 3491 ἀνθρώπων
2754 3419 2949 3474 είπεῑν
2982 3420 3106 3473 ἀπὸ
3135 3420 3386 3487 καρδίας
3430 3419 3529 3473 διὰ
3555 3420 3862 3488 στόματος

2276 3516 2711 3586 ἐξοχετεύεται.
2756 3516 2931 3567 Πάλιν
2967 3516 2995 3566 ὁ
3028 3516 3087 3566 ὲν
3114 3513 3315 3581 υὰτίοις
3362 3512 3699 3576 ὲνθεὼτατος
3745 3512 3864 3565 Κύ-

2285 3607 2469 3677 ριλλος
2512 3606 2569 3662 ἓν
2604 3624 2710 3659 τινι
2759 3605 2869 3660 τῶν
2914 3604 3225 3675 εἰρημένων
3276 3603 3482 3658 ἄνωθεν
3548 3602 3863 3671 κεφαλαίων

2277 3698 2442 3751 αὐτοῦ
2469 3698 2531 3750 τὸ
2561 3696 2960 3764 προέρχεσθαι
2992 3696 3087 3747 καὶ
3116 3694 3289 3765 ταύτῃ
3331 3694 3685 3765 παριστάνων
3718 3692 3864 3749 εἶναι

2278 3790 2637 3860 κατάλληλον,
2670 3787 2821 3841 ταῦτ’
2849 3787 3059 3857 ἔφησεν
3078 3788 3175 3840 ἐπὶ
3206 3786 3411 3849 λέξεως
3432 3802 3444 3815 ·
3490 3786 3554 3839 ὐ
3581 3786 3703 3855 μὲν
3747 3785 3863 3856 γὰρ

2276 3884 2347 3937 ἐκ
2379 3881 2492 3950 τῆς
2535 3881 2754 3946 οὐσίας
2795 3879 2903 3934 τοῦ
2949 3879 3181 3947 Πατρὸς
3229 3880 3563 3945 προελθὼν,
3627 3879 3863 3944 Πατέρα

2278 3972 2463 4038 εὐθὺς
2503 3970 2699 4035 ἔδειξε
2754 3969 2859 4025 τὸν
2909 3970 3316 4037 γεννήσαντα.
3368 3968 3478 4022 Καὶ
3532 3970 3592 4021 ὲν
3646 3969 3861 4040 ἑτέρῳ·

2284 4064 2513 4130 Ὠσπερ
2550 4066 2581 4115 ὁ
2627 4060 2832 4130 Πατὴρ
2880 4060 3169 4129 ἄναρχος,
3209 4060 3364 4113 οὕτω
3409 4059 3506 4112 καί
3556 4062 3589 4112 ό
3637 4060 3707 4112 ἐκ
3751 4058 3865 4124 τῆς

2281 4158 2500 4221 οὐσίας
2532 4155 2720 4209 αὐτοῦ
2762 4153 3075 4223 προελθὼν
3116 4153 3308 4221 Λόγος
3341 4151 3629 4221 ἄναρχος.
3657 4154 3769 4205 Καὶ
3802 4154 3863 4204 ἐν

2283 4248 2467 4317 ἄλλῳ·
2502 4246 2667 4300 Οὕτω
2696 4248 2794 4300 καὶ
2832 4249 2864 4299 ό
2902 4244 3040 4310 Υἱὸς
3084 4260 3192 4298 του
3238 4244 3387 4299 Θεοῦ
3427 4245 3759 4313 ὰμερίστως
3794 4244 3865 4298 ἐκ

2283 4337 2390 4391 τοῦ
2429 4335 2662 4406 Πατρὸς
2682 4334 2998 4404 προελθὼν
3031 4334 3339 4403 χαρακτήρ
3370 4335 3503 4389 ἐστι
3548 4335 3658 4403 τῆς
3682 4336 3866 4389 άτὸιό·

2283 4444 2462 4495 τητος
2506 4425 2716 4480 αὑτοῦ.
2750 4418 2922 4488 Οὗτος
2968 4426 3026 4475 ἐν
3061 4425 3208 4496 ἄλλῳ
3258 4425 3369 4478 τῶν
3396 4425 3659 4499 τοιούτων
3691 4443 3865 4494 κεφαο

2285 4519 2455 4572 itale
2491 4516 2659 4571 αὐτοῦ
2709 4519 2770 4571 τδ
2806 4516 3222 4586 ἐκπέμπεσθαι
3259 4520 3329 4589 τῇ
3372 4517 3467 4572 τοῦ
3520 4517 3652 4571 Υἱοῦ
3713 4520 3866 4588 παρὰ

576 4614 841 4679 passione
891 4626 1007 4679 qua:
1036 4625 1101 4662 ex
1138 4625 1192 4662 se
1252 4619 1413 4671 sunt,
1468 4611 1741 4673 emittunt,
1790 4628 1969 4666 annon
2020 4612 2176 4666 multo

2289 4613 2507 4682 Πατρὺς
2541 4610 2775 4680 ὑπάρξει
2809 4613 3134 4681 προσνέμων
3167 4611 3367 4665 οὑτωσί
3402 4629 3519 4674 πως
3543 4611 3863 4679 ἐφθέγξατο·

594 4704 761 4772 magis
789 4702 1090 4756 eorumdem
1131 4700 1311 4770 opifex
1342 4719 1453 4755 sua
1484 4714 1692 4758 natura:
1721 4702 1901 4758 lumen
1943 4706 2176 4759 emittit!

2290 4702 2473 4760 Ποῖον
2503 4704 2614 4776 γὰρ
2649 4705 2839 4770 πάθος
2891 4705 3029 4773 περὶ
3084 4704 3197 4757 τὸν
3240 4704 3422 4772 ἥλιον
3460 4705 3666 4772 ὁρᾶται
3707 4703 3867 4771 74rd-

592 4797 676 4851 Αιι
710 4796 825 4850 haec
849 4796 938 4849 hic
970 4795 1113 4849 idem
1139 4795 1336 4847 iterum
1373 4796 1427 4849 in
1459 4811 1570 4850 uno
1604 4794 1671 4851 ex
1697 4797 1888 4851 iisdem
1913 4799 2187 4869 capitibus

591 4892 755 4945 etiam
812 4889 1089 4957 provenire
1144 4889 1198 4941 in
1240 4889 1430 4943 eodem
1496 4890 1807 4956 signiﬁcatu
1870 4892 2185 4961 accipiens,

592 4983 743 5037 hisce
775 4982 954 5036 verbis
1004 4981 1290 5050 eloquitur
1355 4980 1720 5041 :Universum
1757 4981 1897 5038 Filii
1954 5000 2067 5039 esse
2119 5000 2187 5039 ex

591 5074 821 5128 essentia
858 5072 1037 5125 Patris
1070 5072 1332 5143 provenit.
1372 5073 1642 5129 Praeterea
1692 5076 1781 5131 hic
1827 5076 1969 5131 idem
2015 5094 2208 5132 erum»

593 5181 716 5236 pere
746 5167 813 5222 de
840 5167 957 5235 ipsa
990 5164 1115 5220 Filii
1159 5166 1484 5221 exsistentia
1522 5168 1579 5222 in
1618 5183 1727 5223 uno
1758 5185 1823 5224 ex
1860 5170 2053 5225 iisdem
2077 5170 2185 5241 iam

598 5258 765 5312 dictis
822 5257 1100 5325 capitibus
1164 5258 1403 5326 accipit,
1465 5258 1596 5313 dum
1660 5258 1737 5312 ait
1772 5278 1789 5313 ;
1835 5258 1969 5314 Erat
2021 5260 2188 5329 igitur

595 5348 832 5405 Geuitori
887 5358 1180 5402 cowternus
1253 5346 1431 5402 Filius
1493 5350 1572 5402 uti
1630 5365 1697 5403 ex
1755 5351 1979 5420 quodam
2043 5351 2187 5419 fonte

592 5450 818 5510 paterna
852 5441 1082 5493 essentia
1116 5456 1417 5508 erumpens.
1469 5440 1731 5495 Ecclesiae
1769 5456 1960 5495 rursus
2002 5441 2185 5495 lumen

597 5534 978 5586 ttivinissitnus
1017 5533 1353 5586 Athanasius
1383 5534 1559 5587 eidem
1586 5532 1973 5602 signiﬁcationi
2005 5545 2186 5586 scatu-

596 5627 701 5678 rire
731 5626 1022 5693 adaptatis,
1061 5626 1275 5679 Patrem
1313 5626 1511 5692 fontem
1556 5623 1689 5679 Filii
1726 5629 2066 5691 nuncupavit
2100 5628 2187 5681 his

594 5716 822 5779 verbis,
883 5718 1115 5785 epistola
1185 5733 1248 5769 ex
1306 5718 1517 5783 synodo
1568 5716 2065 5789 Hierosolymitaua
2119 5720 2187 5773 ad

600 5809 1003 5863 Alexandrinos
1043 5827 1057 5861 :
1099 5807 1455 5877 Cognoscunt,
1512 5811 1602 5874 qui
1643 5811 1900 5863 Arianam
1946 5812 2186 5878 laazresim

603 5898 927 5951 anathemati
986 5896 1321 5967 subjecerunt
1353 5936 1369 5963 ,
1413 5915 1515 5953 non
1576 5910 1922 5967 creaturam,
1978 5904 2069 5955 sed
2123 5919 2188 5957 ea:

2282 4814 2494 4867 μενον,
2527 4796 2625 4849 ὅτε
2650 4796 2837 4849 τίκτει
2864 4796 2930 4849 τὸ
2956 4796 3116 4864 φῶς;
3150 4796 3331 4862 Ποῖος
3369 4796 3689 4864 συμϐαίνει
3733 4792 3867 4863 περι

2289 4892 2356 4944 τὸ
2396 4890 2516 4957 πῦρ
2544 4889 2861 4959 μερισμὸς,
2914 4888 3062 4942 ὅταν
3098 4888 3391 4958 ἐκπέμπει
3424 4890 3534 4941 τὸν
3565 4888 3635 4953 ἐξ
3676 4885 3865 4942 αὐτοῦ

2289 4982 2600 5051 φωτισμόν
2624 4995 2656 5044 ξ
2688 4979 2755 5033 El
2795 4977 2863 5031 δὲ
2894 4977 3079 5033 ταῦτα
3119 4976 3305 5046 γεννᾷ
3350 4978 3471 5047 μὲν
3512 4979 3863 5047 ἀμερίστως.

2286 5072 2577 5142 ἐκπέμπει
2631 5070 2699 5123 δὲ
2745 5070 2821 5125 τὰ
2880 5070 2951 5137 ἐξ
2995 5069 3198 5123 αὐτῶν
3242 5068 3511 5137 ἀπαθῶς,
3552 5074 3625 5124 οὐ
3656 5068 3867 5135 πολλῷ

2282 5163 2528 5234 μᾶλλον
2576 5166 2609 5217 ό
2649 5164 2876 5218 τούτων
2918 5161 3173 5230 ποιητὴς
3216 5161 3324 5231 τῆς
3368 5162 3588 5218 ἑαυτοῦ
3629 5163 3868 5232 φύσεως

2285 5256 2578 5325 ἐκπέμπει
2622 5255 2688 5309 τὸ
2737 5256 3149 5324 (inauratum;
3186 5255 3332 5326 Πρὸς
3364 5256 3582 5317 τούτοις
3627 5258 3656 5307 ὀ
3706 5255 3867 5315 αὐτὸς

2288 5349 2383 5402 καὶ
2418 5348 2583 5400 πάλιν
2627 5347 2685 5400 ἐν
2736 5364 2844 5399 τινι
2886 5349 2993 5399 τῶν
3048 5346 3214 5400 αὐτοῦ
3274 5348 3608 5415 κεφαλαίων.
3664 5349 3757 5400 καὶ
3800 5348 3862 5399 τὺ

2288 5439 2559 5507 προιέναι
2586 5442 2724 5491 κάπὶ
2758 5439 2962 5508 ταύτης
2994 5439 3489 5508 ὲκλαμὸανόμενος,
3521 5438 3694 5492 ταῦτα
3729 5440 3869 5491 κατὰ

2290 5533 2441 5603 ῥῆμα
2466 5531 2724 5595 διέξεισι·
2762 5533 3016 5600 Σύμπαν
3048 5532 3116 5584 τὸ
3147 5528 3303 5584 εἶναι
3346 5532 3450 5585 τοῦ
3489 5531 3625 5584 Υίοῦ
3660 5532 3727 5584 ἐκ
3765 5531 3870 5598 τῆς

2288 5626 2395 5678 τοῦ
2452 5627 2687 5692 Πατρός
2736 5627 2952 5689 οὐσίας
3015 5630 3279 5691 πρόεισι.
3339 5627 3451 5680 Καὶ
3517 5626 3626 5695 μὴν
3676 5625 3872 5677 καὶτὸ

2292 5720 2646 5778 ἀναϐλύζειν
2701 5722 2728 5771 ὁ
2781 5719 3026 5779 τοιοῦτος
3066 5717 3155 5770 ἐπ’
3212 5718 3385 5786 αὐτῆς
3445 5719 3545 5787 τῆς
3585 5718 3872 5784 ὑπάρξεως

2290 5812 2383 5864 τόὖ
2412 5812 2544 5864 Υίοῡ
2586 5812 2801 5879 τίθησιν
2839 5812 2896 5862 ἐν
2935 5827 3046 5862 τινι
3090 5809 3200 5862 τῶν
3246 5810 3654 5879 διαληφθέντων
3703 5806 3869 5859 αὐτοῦ

2291 5905 2608 5962 κεφαλαίων
2640 5904 2783 5959 οὕτω
2830 5903 3137 5972 διατρανῶν
3164 5918 3178 5935 ο
3206 5900 3327 5958 Ἦν
3377 5902 3491 5969 ἄρα
3536 5900 3614 5967 τῷ
3663 5900 3873 5967 Tam-1f.
