4132 6436
200 355 360 421 1069

1067 359 1165 418 DE
1207 352 1721 417 PROCESSIONE
1762 354 1822 415 S.
1867 351 2228 412 SPIRITUS
2267 353 2490 416 ORAT.
2531 351 2578 410 Ι.

3317 353 3455 412 10Ὶο

192 469 284 522 τὸ
314 465 556 551 Πνεῦμα
582 466 692 534 τῆς
720 467 938 533 οὐσίας
977 466 1087 519 τοῦ
1107 466 1261 526 Υιοῦ.
1291 467 1390 519 καί
1416 469 1525 519 οὐκ
1565 465 1781 530 ἔξωθεν

1890 467 2090 518 otiosus
2117 475 2292 518 autem
2327 469 2424 519 erit
2459 465 2670 519 omnino
2720 467 2775 517 in
2803 465 2919 526 illo,
2952 464 3102 533 cujus
3134 467 3326 519 scilicet
3353 481 3452 533 est,

190 562 599 616 ὑποστατόν·
630 560 690 611 ιν
719 558 774 611 δὲ
803 559 881 629 τῷ
929 560 1099 626 τρίτῳ
1155 558 1272 608 τῶν
1301 556 1440 626 πρὸς
1499 555 1785 624 Ἑρμείαν,

200 651 291 706 τὸ
321 652 528 704 τοίνυν
553 647 732 718 ἡμᾶς,
753 649 924 719 λέγει,
941 649 1082 714 τοὺς
1105 648 1204 700 ἐπί
1225 647 1337 716 τῆς
1353 645 1562 714 τῇντῆς
1589 648 1786 712 υίότη-

213 761 316 809 τος
342 743 492 810 δόξῃ
525 741 974 810 καταχρυσοῦν,
1005 741 1154 808 φημι
1191 739 1268 806 δὴ
1309 739 1376 792 τὸ
1423 733 1669 808 Πνεῦμα
1720 737 1787 790 τὸ

216 834 407 901 Ξτιον.
440 833 688 900 ἐπείπερ
723 833 855 886 ἐστι
891 832 996 884 τοῦ
1038 830 1196 891 Υίοῦ,
1221 831 1536 899 ἐνεργήσει
1556 831 1674 898 μὲν
1698 831 1786 893 εις

202 925 454 992 ἐτέρους
487 924 601 990 τὴν
627 924 1004 989 υίοποΙῃσιν.
1025 920 1402 988 ἀπρακτήσει
1423 920 1494 972 δὲ
1516 921 1648 986 περὶ
1680 925 1786 972 τόν

192 1011 399 1080 οὗπέρ
417 1014 591 1067 ἐστιν
617 1013 731 1066 οὐκ
759 1014 1233 1080 εισκεκριμένον,
1256 1012 1395 1064 οὔτε
1414 1012 1542 1079 μὴν
1562 1009 1787 1074 ἔξωθεν

193 1098 678 1171 ἐιίπεφοιτηκὸς,
743 1102 882 1155 ἀλλ’
935 1098 1243 1163 οὐσιωδῶς
1280 1098 1560 1166 ὑπάρχον
1600 1095 1782 1160 αὐτῷ,

194 1195 309 1248 καί
351 1194 426 1246 δι’
460 1193 648 1246 αὑτοῦ
682 1195 1095 1262 προχεόμενον
1127 1191 1251 1258 τοῖς
1289 1191 1454 1245 ἑλεῖν
1479 1185 1674 1256 ἀξίοις
1715 1191 1786 1244 ἐν

192 1285 456 1350 εὐδοκία
486 1285 737 1353 Πατρός.
765 1285 933 1338 Πάλιν
957 1286 1016 1336 ὲν
1049 1283 1124 1351 τῷ
1156 1283 1298 1338 κατὰ
1330 1284 1584 1351 Ἰωάννην
1617 1283 1788 1348 Εὐαγ-

195 1377 377 1444 γελίῳ
400 1377 482 1440 τὸ,
519 1396 538 1427 ι
579 1375 752 1442 Κάγὼ
779 1375 1006 1440 αιτήσω
1029 1375 1137 1426 τὸν
1165 1374 1416 1440 Πατέρα,
1454 1373 1554 1426 καὶ
1585 1373 1785 1426 ἄλλον

193 1466 354 1536 ὑμῖν
415 1465 601 1519 δώσει
642 1464 1068 1532 "aptissimae,
1123 1482 1141 1514 ι
1219 1459 1628 1532 ἐξηγούμενος,’
1654 1457 1784 1529 'Ap'

193 1554 322 1613 οὖν
365 1559 478 1610 οὐκ
515 1555 792 1620 οίήσεταί
815 1572 908 1620 τις
956 1554 1057 1606 καὶ
1098 1553 1262 1621 μάλα
1311 1552 1576 1617 δικαίως,
1629 1553 1782 1620 φησὶ,

187 1649 445 1719 μᾶλλον
464 1648 535 1701 δὲ
557 1648 657 1702 καὶ
678 1649 977 1716 ἀραρότως
1003 1645 1394 1713 διακείσεται,
1420 1643 1509 1696 ὅτι
1543 1642 1662 1695 τῶν
1677 1641 1784 1695 τοῦ

200 1741 357 1795 Θεοῦ
401 1741 498 1794 καὶ
536 1741 769 1807 Πατρὸς
803 1737 1044 1807 ἀγαθῶν
1074 1736 1383 1799 οὐσιωδῶς
1434 1734 1721 1802 ὑπάρχων
1749 1737 1784 1788 ὁ

210 1832 684 1897 Υιὸς,κοινωνὸς,
715 1833 842 1898 ἔχει
866 1831 967 1883 καὶ
996 1831 1066 1883 τὸ
1111 1828 1354 1898 Πνεῦμα
1392 1826 1543 1879 κατὰ
1565 1826 1782 1880 τοῦτον

198 1926 316 1977 τὸν
342 1924 566 1991 τρόπον
607 1925 736 1976 καθ’
763 1924 948 1990 ὅνπερ
1002 1923 1080 1976 ἂν
1122 1921 1324 1974 νοοῖτο
1367 1919 1523 1972 καὶὸ
1554 1918 1779 1985 Πατὴρ,

195 2018 319 2068 οὐκ
363 2015 646 2078 ἐπακτὸν,
674 2014 818 2068 οὐδὲ
843 2014 1089 2077 ἔξωθεν.
1115 2014 1348 2080 Eunaee
1381 2014 1514 2080 γὰρ.
1540 2009 1783 2080 μᾶλλον

195 2104 276 2157 δὲ
297 2105 564 2174 μανικὸν
585 2105 650 2157 τὸ
674 2106 831 2158 οὕτω
861 2105 1131 2174 φρονεῖν.
1183 2105 1276 2168 El;
1299 2104 1359 2156 δὲ
1388 2103 1450 2156 τὺ
1499 2103 1668 2173 ῥητὸν
1696 2103 1782 2165 τὸ,

194 2198 287 2250 ὅτι
309 2215 337 2247 ε
363 2195 652 2264 Τεθέαμαι
673 2197 740 2247 τὸ
760 2197 1003 2265 Πνεῦμα
1028 2197 1392 2250 καταϐαῖνον
1408 2195 1478 2257 ἐξ
1498 2195 1780 2262 οὐρανοῦ,

196 2288 350 2340 ὡσεί
395 2289 774 2355 περιστερὰν,
815 2288 912 2341 καί
955 2287 1192 2356 ἔμεινεν
1235 2287 1331 2338 ἐπ’
1361 2285 1549 2338 αὐτόν
1583 2298 1596 2311 ⁸
1620 2303 1642 2336 ι
1699 2286 1782 2337 Οὐ

198 2380 316 2448 τὰρ
347 2379 544 2441 δήπου
580 2378 735 2446 λέγει
763 2416 780 2441 ,
825 2379 975 2447 πρὸς
1022 2379 1328 2444 τοσαύτην
1371 2376 1625 2445 ddo-riae-
1673 2392 1780 2428 κα-

201 2471 590 2538 ταϐησόμεθα
612 2470 708 2522 καί
741 2469 938 2536 ἡμεῖς,
993 2470 1075 2534 ὡς
1118 2470 1354 2522 οῖεσθαι
1393 2467 1688 2534 μεθεκτὸν
1712 2469 1782 2517 ἐν

197 2559 286 2625 τῷ
329 2558 481 2613 κατὰ
537 2561 730 2626 φύσιν
769 2559 879 2623 Υίῷ
919 2560 985 2618 τὸ
1029 2559 1277 2627 Πνεῦμα
1322 2558 1637 2624 ὑπάρχειν,
1680 2556 1781 2608 καὶ

195 2651 343 2718 οὐχι
385 2649 629 2718 μᾶλλον
677 2647 984 2714 οὐσιωδῶς
1031 2649 1398 2717 ἐμπεφυκὸς,
1430 2646 1632 2714 ὥσπερ
1667 2633 1782 2700 οὖν

197 2741 411 2810 ἀμέλει
432 2741 532 2793 καί
569 2739 729 2804 αὐτῷ
753 2738 834 2802 τῷ
864 2740 1070 2805 Πατρί.
1117 2739 1227 2792 Καὶ
1269 2737 1387 2806 μετ’
1417 2737 1608 2805 ὀλίγαο
1641 2738 1780 2790 Τίνα

197 2828 318 2886 οὖν
348 2833 577 2899 τρόπον
607 2828 1046 2896 ἀπομεριοῦμεν
1077 2829 1146 2880 τὸ
1189 2826 1434 2895 Πνεῦμα
1464 2827 1572 2880 τοῦ
1617 2827 1778 2891 Υιοῦ,

199 2922 271 2974 τὸ
292 2922 478 2985 οὕτως
502 2921 852 2987 ἐμπεφυκὸς
881 2917 980 2970 καί
1019 2916 1326 2981 οὐσιωδῶς
1342 2915 1679 2984 ἡνωμένον,
1701 2916 1779 2970 δι’

195 3011 392 3067 αὐτοῦ
425 3027 488 3063 τε
525 3010 881 3076 προκῦπτον
917 3009 1016 3060 καὶ
1063 3006 1341 3075 ὑπάρχον
1382 3006 1454 3060 ἐν
1483 3003 1645 3070 αὐτῷ
1669 3023 1780 3073 φυ-

196 3100 433 3167 σικὼς;
465 3100 623 3153 Οὕτω
656 3100 757 3166 τὴν
811 3099 1220 3170 προρρηθεῖσαν
1284 3099 1496 3151 ἔννοιαν
1523 3101 1552 3152 ὁ
1601 3098 1778 3165 μέγας

1889 3103 2039 3157 titius
2096 3104 2181 3156 illi
2230 3119 2342 3157 esse
2389 3104 2627 3173 Spiritus
2673 3106 2874 3160 dicitur
2918 3121 2938 3158 :

195 3186 356 3252 οὗτος
395 3191 586 3257 Πατὴρ
643 3189 909 3256 ἀναιρῶν,
947 3190 1010 3241 τὸ
1057 3187 1306 3257 φυσικῶς
1361 3189 1455 3239 καὶ
1508 3185 1782 3248 οὺσιωδῶς

200 3285 350 3350 ἔχειν
373 3281 466 3334 τὸν
498 3280 626 3332 Υἰὸν
652 3279 710 3331 τὸ
738 3280 965 3348 Πνεῦμα
995 3279 1334 3346 συνίστησιν,
1364 3277 1510 3345 ἐστιν
1554 3273 1614 3329 οὗ
1655 3277 1782 3329 καθ’

196 3373 389 3446 ἓτερρν
429 3372 585 3438 λόγον
635 3371 900 3436 κάκείνην
951 3367 1372 3436 ἀποδεχόμενος.
1445 3367 1535 3422 Ἐν
1565 3367 1674 3437 γὰρ
1715 3369 1780 3438 τῇ

200 3466 286 3524 είς
323 3463 416 3513 τὸν
473 3463 762 3530 προφήτην
829 3459 987 3530 Ἰωὴλ
1017 3458 1290 3529 ἑρμηνείᾳ
1338 3461 1480 3527 μετὰ
1510 3458 1572 3510 τὸ
1607 3460 1782 3511 είπεῖν

200 3554 335 3622 περὶ
383 3554 482 3620 τῆς
527 3552 780 3620 θεότητος
811 3549 915 3630 τοῖς
970 3547 1328 3616 Μονογενοῦς,
1389 3549 1519 3602 τάδε
1573 3550 1780 3617 φησίνο

199 3646 278 3706 ΕΙ
313 3643 382 3696 δὲ
407 3645 660 3710 γέγονεν
687 3641 1006 3708 ἄνθρωπος
1034 3639 1134 3693 καὶ
1157 3639 1396 3707 πέφηνε
1430 3641 1561 3692 καθ’
1599 3638 1779 3707 ἡμᾶς,

199 3735 471 3787 ἐπακτὸν
495 3733 657 3796 αὑτῷ
687 3733 846 3785 εἶναι
864 3732 931 3784 τὸ
954 3731 1199 3798 Πνεῦμα
1218 3730 1478 3799 λέγεται.
1513 3735 1782 3786 Καταπυ-

199 3828 454 3896 sociemur
479 3827 589 3892 γὰρ
621 3824 725 3875 καὶ
755 3824 852 3874 ἐπ’
880 3822 1070 3877 αὐτὸν
1112 3824 1182 3874 ἐν
1210 3821 1368 3874 εῖδει
1398 3816 1777 3888 περιστερᾶς,

201 3918 306 3971 ὅτε
338 3915 468 3972 καθ’
500 3914 658 3982 ἡμᾶς
679 3913 966 3982 γεγονὼς,
997 3913 1078 3978 ὡς
1098 3913 1285 3996 ἕςρην⁸
1307 3913 1392 3978 ὡς
1415 3907 1504 3976 εἷς
1525 3912 1594 3976 ἐξ
1617 3911 1782 3980 ἡμῶν

201 4003 588 4071 almam):th
610 4000 968 4061 ἐόιιπτίζετο,
1014 4004 1152 4054 τότε
1188 3999 1288 4053 καί
1321 4001 1388 4055 τὸ
1416 4000 1573 4053 [διον
1592 3999 1780 4054 αὑτοῦ

202 4097 450 4163 Πνεῦμα
472 4095 654 4147 δοτὸν
680 4093 844 4157 αὐτῷ
870 4093 1110 4159 λέγεται
1142 4092 1241 4143 διὰ
1266 4091 1332 4143 τὸ
1362 4092 1742 4159 ἀνθρώπινον
1761 4107 1776 4121 ·

202 4190 304 4244 καὶ
333 4187 510 4240 τοῦτό
533 4187 708 4239 ἐστιν
748 4184 786 4251 ἡ
835 4181 1112 4246 κένωσις.
1144 4183 1330 4236 Ταῦτα
1363 4185 1504 4236 κατὰ
1560 4183 1775 4251 παρέκ-

202 4281 363 4332 ϐασιν
395 4281 518 4347 μὲν,
539 4281 623 4332 ὅτι
653 4277 761 4329 τῶν
787 4276 1046 4329 τοιούτων
1067 4275 1254 4344 ἕτερος
1286 4277 1316 4327 ὁ
1342 4277 1530 4348 καιρός
1561 4293 1574 4308 ·
1607 4278 1781 4342 ἀναγ-

201 4373 336 4422 καῖα
361 4368 406 4420 δ’
453 4369 603 4436 ὅμως
638 4366 728 4417 διὰ
760 4367 887 4427 τοὺς
930 4364 1070 4432 πρὸς
1107 4365 1214 4417 πᾶν
1247 4364 1309 4415 τὸ
1357 4367 1780 4434 προτεινόμενον

1888 572 1991 609 non
2021 558 2551 625 adventitiusgneque
2589 557 2729 608 enim
2776 558 3101 610 extrinsecus
3152 557 3452 620 adveniens,

1886 647 1976 699 sed
2009 647 2360 700 essentialiter
2390 645 2536 700 illius
2569 645 2853 708 exsistens,
2881 655 2932 698 et
2965 663 3057 713 per
3077 663 3193 700 eum
3230 649 3453 715 effusus.

1886 747 1942 790 ut
1991 756 2023 789 a
2075 738 2248 807 dignis
2305 738 2566 805 accipitur
2589 736 2751 804 juxta
2814 736 3195 802 beneplacitum
3253 739 3454 792 Patris.

1890 830 2110 885 Rursus
2142 833 2194 884 in
2231 829 2529 898 Evangelia
2580 828 2849 894 Joannis,
2902 844 3026 885 cum
3067 831 3231 888 illud:
3288 851 3306 883 ι
3350 832 3458 899 Ego

1886 920 2078 988 rogabo
2109 918 2342 981 Patrem,
2369 932 2417 973 et
2449 919 2612 972 alium
2647 919 2983 973 Paracletum
3012 921 3160 972 dabit
3195 921 3452 983 vobis.",s

1885 1010 2274 1078 interpretatur
2312 1011 2391 1065 ait
2443 1029 2458 1064 :
2510 1014 2700 1064 Annon
2750 1012 2912 1080 igitur
2961 1012 3223 1080 quispiam
3272 1013 3456 1065 cristi-

1891 1100 2078 1164 mabit,
2111 1109 2161 1155 et
2218 1103 2402 1156 merito
2431 1141 2446 1166 ,
2495 1102 2603 1154 imo
2632 1104 2798 1155 etiam
2857 1103 3129 1168 aptissime
3185 1104 3460 1170 amplexa-

1883 1191 2048 1258 bitur,
2082 1192 2181 1246 Dei
2210 1203 2261 1245 et
2297 1192 2479 1246 Patris
2545 1193 2876 1247 naturalium
2914 1195 3169 1246 bonorum
3198 1205 3246 1245 et
3278 1211 3460 1246 essen-

1887 1286 2096 1338 tialium
2125 1301 2257 1342 cum
2299 1283 2472 1338 Filius
2533 1286 2798 1353 particeps
2831 1286 2900 1337 sit
2928 1323 2944 1346 ,
2977 1285 3164 1337 habere
3200 1283 3462 1351 Spiritum

1883 1392 1942 1429 eo
1981 1376 2134 1428 modo
2163 1417 2177 1438 ,
2229 1391 2330 1445 quo
2359 1375 2515 1428 illum
2563 1376 2752 1428 habere
2797 1387 2847 1428 et
2910 1375 3074 1429 Pater
3122 1378 3460 1445 intet'ligitur,

1887 1484 1989 1520 non
2019 1468 2310 1519 ascititiunt
2344 1483 2507 1536 neque
2553 1478 2866 1520 extraneum
2891 1470 2916 1522 ?
2953 1467 3154 1522 Stolidi
3198 1471 3334 1522 enim
3360 1485 3461 1534 est,

1885 1562 1991 1613 imo
2037 1561 2230 1628 furiosi
2269 1560 2349 1613 ita
2403 1561 2618 1614 sentire.
2657 1559 2723 1611 Et
2772 1560 2826 1612 in
2863 1560 2993 1614 illud
3035 1578 3049 1613 :
3095 1579 3112 1611 ι
3161 1559 3283 1614 Vidi
3339 1563 3464 1629 Spiv

1887 1655 2048 1702 ritum
2103 1651 2501 1704 descendentem
2551 1651 2618 1704 de
2648 1650 2778 1704 (mlo
2799 1689 2816 1714 ,
2846 1653 3002 1716 quasi
3051 1653 3380 1716 columbam,
3413 1667 3460 1707 et

1887 1742 2090 1794 mansit
2124 1757 2280 1808 super
2308 1741 2554 1793 ἐπίοι-ιδ’
2591 1760 2610 1792 ι
2654 1741 2946 1811 Nunquam
2973 1730 3114 1795 enim
3148 1745 3217 1796 ad
3255 1754 3463 1798 tantam

1891 1829 2237 1881 temeritatem
2264 1828 2635 1882 descendemus
2653 1867 2669 1894 ,
2702 1837 2762 1882 ut
2790 1831 3204 1898 participatione
3229 1834 3286 1884 in
3318 1831 3461 1896 Filia

1890 1921 2178 1974 secundum
2211 1930 2460 1972 naturam
2497 1919 2760 1988 Spiritum
2791 1938 2904 1974 esse
2929 1924 3206 1976 credamus
3231 1965 3246 1987 ,
3281 1934 3330 1977 et
3359 1940 3459 1977 non

1889 2012 2064 2079 potius
2121 2013 2582 2077 substantialiter,
2634 2013 3077 2081 quemadmodum
3139 2015 3240 2081 ipsi
3299 2017 3458 2068 etiam

1892 2100 2045 2154 Patri
2087 2101 2381 2156 adiicerent.
2428 2101 2496 2155 Et
2535 2111 2658 2171 post
2704 2118 2926 2171 pauca:
2981 2103 3254 2168 Quomodo
3297 2109 3466 2175 igitur

1890 2211 1922 2247 a
1980 2193 2125 2246 Filio
2170 2193 2428 2260 Spiritum
2487 2195 2856 2262 separabimus
2885 2233 2900 2258 ,
2943 2197 3035 2264 qui
3067 2198 3141 2250 sic
3170 2191 3381 2252 innatus
3414 2203 3461 2251 ei

1888 2294 1988 2350 est,
2029 2286 2108 2336 ita
2138 2283 2564 2337 substantialiter
2593 2286 2938 2352 conjunctus,
2984 2297 3031 2338 et
3065 2303 3157 2355 per
3187 2304 3307 2340 eum
3339 2306 3462 2357 pro-

1887 2375 2072 2436 diens,
2124 2375 2179 2426 in
2227 2373 2342 2442 ipso
2385 2375 2462 2426 ita
2513 2375 2832 2429 naturaliter
2856 2379 2978 2432 est?
3008 2377 3098 2432 Sic
3146 2361 3457 2446 praedictam

1889 2465 2203 2532 Opinionem
2233 2479 2466 2532 magnus
2515 2467 2618 2518 iste
2655 2466 2818 2521 Pater
2846 2468 3137 2522 destruons
3165 2507 3182 2530 .
3233 2483 3458 2524 natura»

1888 2551 2016 2606 liter
2044 2561 2104 2606 et
2139 2553 2511 2608 essentialiter
2547 2554 2731 2609 haberi
2767 2554 3033 2625 Spiritum
3065 2574 3095 2612 a
3126 2556 3265 2614 Filio
3299 2574 3452 2615 com-

1887 2645 2113 2718 probat,
2169 2647 2464 2715 aliquando
2493 2648 2656 2702 etiam
2689 2649 3011 2718 secundum}
3037 2651 3200 2705 aliam
3239 2668 3456 2722 quoque

1886 2737 2152 2791 rationem
2179 2740 2427 2793 eamdem
2476 2739 2840 2808 amplectitur.
2888 2739 3023 2794 Nam
3069 2740 3275 2797 Joelem
3321 2761 3451 2813 prn-

1886 2831 2104 2898 phetam
2137 2847 2416 2898 exponens
2444 2872 2459 2897 ,
2517 2841 2806 2900 postquam
2839 2833 2902 2885 de
2937 2833 3224 2889 divinitate
3259 2833 3461 2904 Unige-

1885 2922 1985 2974 niti
2022 2932 2438 2990 pertractasset,
2471 2922 2587 2978 haec
2639 2925 2871 2979 subdit:
2924 2924 3044 2986 Qua
3092 2941 3210 2977 vero
3257 2929 3460 2979 ratione

1887 3011 2062 3079 {actus
2101 3023 2178 3065 est
2236 3013 2423 3077 homo,
2473 3024 2524 3067 et
2582 3015 2737 3067 modo
2783 3025 2964 3068 nostro
3015 3019 3283 3083 apparuit,
3319 3021 3459 3071 asci-

2991 3106 3262 3161 descendit
3315 3113 3455 3163 enim

1884 3209 2039 3260 super
2072 3195 2242 3260 ipsum
2277 3195 2331 3246 in
2371 3197 2536 3263 specie
2565 3195 2855 3263 columba,
2890 3213 3011 3249 cum
3042 3198 3329 3251 secundum
3363 3216 3456 3253 nos

1886 3285 2058 3352 factus
2081 3325 2096 3348 ,
2120 3293 2178 3336 ut
2224 3285 2371 3348 dixi,
2400 3293 2655 3353 tanquam
2697 3303 2836 3339 unus
2880 3303 2947 3339 ea:
2990 3288 3135 3341 nobis
3162 3289 3434 3358 baptizare

1886 3383 1991 3436 tur,
2030 3383 2141 3426 tum
2188 3382 2240 3428 et
2278 3377 2528 3444 proprius
2588 3377 2758 3443 ipsius
2807 3375 3043 3444 Spiritus
3081 3379 3310 3433 donatus
3357 3384 3457 3448 ipsi

1882 3467 2085 3518 dicitur
2119 3477 2330 3534 propter
2351 3467 2773 3530 humanitatem;
2811 3478 2860 3520 et
2895 3468 3005 3521 hac
3031 3479 3110 3523 est
3140 3473 3452 3525 exinanitio.

1884 3555 1948 3610 Et
1985 3558 2098 3610 haec
2127 3557 2344 3625 quidem
2380 3571 2474 3624 per
2496 3557 2893 3626 digressionem
2925 3575 2954 3612 a
2988 3563 3298 3628 proposito;
3329 3577 3458 3616 sunt

1884 3648 2028 3700 enim
2092 3652 2144 3700 in
2194 3648 2343 3702 aliud
2403 3657 2622 3716 tempus
2689 3651 3106 3716 conservanda;
3150 3657 3452 3708 necessaria

1883 3746 2064 3790 tamen
2128 3738 2244 3791 Visa
2297 3747 2426 3792 sunt
2488 3749 2708 3808 pr0pter
2749 3753 3124 3809 oppugnantes
3190 3744 3454 3814 quidquid

1885 3827 1994 3881 illis
2047 3828 2384 3895 proponitur.
2426 3825 2627 3882 Verum
2680 3843 2842 3896 supra
2895 3829 3006 3897 jam
3062 3829 3312 3886 adductis
3360 3851 3455 3886 au-

1883 3915 2229 3969 ctoritatibus
2262 3913 2392 3968 satis
2422 3926 2475 3969 et
2507 3925 2567 3968 ut
2597 3915 2917 3978 addecebat.
2939 3920 3452 3982 demonstravimus.

1883 4005 1974 4060 illa
2015 4020 2270 4074 apparere
2295 4045 2310 4069 ,
2346 4003 2547 4058 elucere
2574 4045 2590 4070 ,
2642 4018 2697 4059 et
2732 4007 2818 4061 his
2853 4009 3054 4062 similia
3093 4024 3124 4062 a
3158 4011 3318 4065 nobis
3355 4029 3452 4065 su—

1882 4111 1979 4161 pra
2013 4105 2442 4150 commcmorata
2470 4135 2485 4159 ,
2524 4112 2648 4150 cum
2695 4097 2763 4150 de
2796 4097 2935 4152 Filio
2985 4101 3266 4166 dicuntur,
3308 4104 3452 4160 illius

1881 4187 2256 4241 exsistentiam
2309 4173 2607 4241 insinuaré.
2637 4187 2818 4255 Quare
2867 4190 3074 4259 majore
3127 4193 3287 4250 nobis
3329 4212 3454 4265 pro-

1881 4275 2104 4330 batione
2137 4291 2275 4345 opus
2319 4292 2427 4342 non
2457 4278 2600 4343 erit,
2645 4280 2713 4332 ad
2757 4280 3244 4338 demonstrandum
3271 4324 3288 4351 ,
3342 4288 3455 4344 hac

1879 4368 2068 4421 eadem
2094 4407 2110 4431 ,
2151 4383 2275 4422 cum
2295 4369 2373 4436 de
2405 4368 2610 4438 Spiritu
2646 4372 2902 4427 dicuntur
2929 4414 2946 4438 ,
2997 4375 3144 4432 illius
3180 4379 3454 4434 exsisten-

203 4459 613 4522 ἀντιλέγοντας.
646 4449 744 4515 Οἷς
777 4457 872 4506 καὶ
896 4452 964 4504 δι’
996 4445 1072 4504 ὧν
1123 4451 1474 4520 παρεθέμεθα
1521 4454 1774 4522 χρήσεων

1885 4457 2016 4512 tiam
2070 4460 2446 4514 manifestare.
2511 4460 2713 4516 Eadem
2775 4465 3050 4534 siquidem
3106 4470 3318 4525 ratione
3365 4471 3453 4526 hic

201 4549 514 4617 ἀρκούντως
546 4544 689 4596 δοκῶ
726 4559 840 4611 μοι,
875 4543 968 4593 καὶ
991 4541 1069 4598 ὡς
1098 4541 1283 4611 ἐχρῆν,
1307 4542 1671 4610 ἀπεδείξαμεν
1693 4543 1774 4595 ὅτι

1885 4564 2102 4617 quoque
2127 4551 2348 4604 easdem
2384 4552 2653 4607 dictiones
2706 4557 2901 4611 merito
2949 4558 3311 4627 accipiemus,
3346 4579 3450 4632 qua

200 4640 263 4691 τὸ
296 4635 651 4705 πεφηνέναι,
702 4636 797 4686 ua).
841 4635 902 4686 τὸ
942 4633 1297 4701 ἐκλάμπειν,
1361 4634 1456 4684 καὶ
1501 4627 1668 4686 τᾶλλα
1702 4635 1772 4687 τὰ

1885 4649 1934 4691 et
1965 4639 2032 4695 de
2064 4637 2203 4692 Filio
2236 4655 2329 4694 eas
2364 4643 2700 4710 accepimus.

202 4735 481 4804 παρόμοια
513 4729 748 4790 τούτοις,
778 4722 855 4780 ὧν
909 4727 1130 4780 πάντων
1198 4727 1407 4781 ἄνωθεν
1457 4729 1904 4798 ἐπεμνήσθημεν,
1960 4733 2053 4784 ἰπὶ
2111 4733 2205 4786 τοῦ
2238 4735 2365 4786 Υίοῦ
2395 4735 2786 4805 λαμϐανόμενα
2814 4741 2915 4810 τὴν
2957 4741 3122 4796 αὑτοῦ
3183 4747 3450 4812 παριστὰς

201 4844 386 4880 νουσιν
410 4825 671 4896 ὓπαρξιν.
700 4826 863 4878 Ὠστε
894 4824 1084 4876 λοιπὸν
1105 4824 1289 4876 οὐκέτι
1321 4821 1522 4892 δεήσει’
1559 4826 1805 4889 πλείονος
1844 4829 1978 4898 ἡμῖν
2042 4830 2142 4893 τῆς
2189 4833 2557 4902 κατασκευῆς,
2609 4834 2739 4887 ὅταν
2793 4837 2932 4890 κάπὶ
2984 4838 3080 4890 τοῦ
3129 4840 3451 4910 Πνεύματος

201 4919 377 4982 ταῦτα
405 4917 798 4987 λαμὸάνονται,
829 4917 934 4987 τὴν
965 4915 1212 4984 ὓπαρξιν
1282 4913 1474 4968 τούτου
1543 4914 1723 4984 λέγειν
1789 4918 2000 4986 δηλοῦν.
2046 4919 2136 4990 Τῷ
2169 4922 2279 4990 γὰρ
2321 4922 2472 4992 αὑτῷ
2525 4923 2682 4994 -λόγφ
2735 4925 3014 4980 κάνταῦθα
3053 4928 3158 4992 τὰς
3194 4933 3450 4998 τοιαύτας

203 5007 538 5077 ἐκδεξόμεθα
571 5007 801 5073 δικαίως
836 5008 1042 5080 φωνὰς,
1092 5001 1137 5076 ᾧ
1166 5007 1306 5061 κάπὶ
1329 5006 1429 5058 τοῦ
1469 5007 1600 5060 Υιοῦ
1648 5010 2090 5082 παρειλήφαμεν.

196 5157 235 5165 __
273 5097 378 5168 κβ’.
417 5099 557 5152 Ἀλλ’
584 5100 905 5168 ἑπιφύονται
935 5101 1031 5153 καὶ
1051 5100 1213 5153 πάλιν
1232 5100 1284 5152 οι
1316 5098 1452 5169 πρὸς
1477 5098 1594 5169 ἔριν
1615 5100 1780 5170 ὀρῶν·

1975 5105 2066 5160 22.
2129 5103 2236 5164 Sed
2287 5123 2482 5166 rursus
2539 5112 2714 5176 nobis,
2747 5113 2836 5182 qui
2871 5116 3089 5171 nonnisi
3136 5121 3452 5175 contentio-

202 5209 294 5267 τες
325 5193 414 5245 ἀεὶ
447 5194 542 5246 καὶ
576 5193 717 5263 πρὸς
752 5192 931 5263 μάχην
956 5191 1058 5259 τὴν
1095 5191 1772 5260 ἡμετέρανηάποδυόμενοι

1885 5195 2040 5250 nibus
2069 5197 2432 5275 addictissimi
2473 5205 2621 5264 sunt.
2659 5203 2986 5272 insurgunt,
3017 5216 3073 5260 et
3105 5209 3173 5262 ad
3207 5225 3450 5279 pugnam

202 5286 476 5352 λέγοντες.
500 5285 612 5338 Καὶ
646 5285 760 5347 πῶς
791 5286 968 5346 οὐδεὶς
999 5283 1106 5336 τῶν
1139 5283 1546 5352 διαληφθέντων
1598 5286 1772 5338 Πατέο

1885 5287 2265 5356 accinguntur,
2295 5289 2584 5345 dicentes:
2621 5291 2687 5346 Et
2718 5281 2881 5360 quam
2920 5297 2991 5350 ob
3023 5312 3243 5353 causam
3288 5315 3450 5354 nemo

207 5392 317 5446 ρων
342 5374 534 5446 εἴρηκε
565 5375 834 5454 ¹καθαρῶς
865 5375 934 5429 δι’
960 5375 1091 5429 Υἱοῦ
1139 5375 1199 5427 τὸ
1242 5373 1468 5442 Πνεῦμα
1506 5374 1566 5429 τὸ
1611 5374 1772 5442 ἆγιον

1885 5394 1945 5432 ει
1991 5380 2102 5446 jam
2161 5380 2395 5436 laudatis
2446 5381 2703 5438 Patribus
2755 5388 2902 5453 clare
2949 5385 3292 5454 enuntiavit,
3352 5406 3451 5459 per

203 5465 372 5534 ἔχειν
402 5467 522 5534 τὴν
549 5465 830 5534 ὕπαρξιν,
929 5465 1028 5536 τὴν
1053 5465 1248 5533 κυρίαν
1265 5465 1358 5517 ἐπὶ
1382 5463 1572 5519 τούτου
1604 5465 1770 5529 λέξιν,

1885 5465 2077 5522 Filium
2107 5468 2373 5538 Spiritum
2405 5486 2657 5526 sanctum
2686 5475 3050 5534 eminentiam
3078 5479 3268 5533 habere
3298 5518 3314 5542 ,
3355 5489 3452 5534 ant

211 5557 326 5626 im;
356 5557 534 5623 εστὶν,
567 5559 642 5621 ὡς
699 5559 879 5628 ἴσμεν,
917 5561 978 5611 τδ
1009 5557 1465 5624 ἐκπορεύεσθαι,
1513 5555 1724 5610 τέθεικε
1751 5573 1767 5621 ;

1885 5559 2157 5628 propriam
2187 5561 2256 5614 de
2303 5559 2395 5616 illo
2450 5562 2746 5620 dictionem
2777 5607 2791 5630 ,
2841 5583 2962 5636 quas
2995 5581 3121 5636 est.
3165 5580 3223 5625 ut
3255 5585 3449 5629 omnes

274 5713 497 5771 “Joan.
524 5731 636 5779 xlv,
665 5714 751 5769 l6.
828 5713 1048 5770 “Joan.
1083 5730 1123 5775 ι.
1153 5712 1259 5775 32;
1295 5711 1486 5769 Matth.
1517 5729 1598 5777 ιιι,
1635 5713 1738 5777 ιϐς
1774 5713 1781 5769 l

1891 5755 1905 5769 .
1945 5734 2025 5777 ιιι.
2061 5716 2150 5777 22,
