4132 6434
653 361 788 426 1079

1674 359 2195 426 CONSTANTINI
2237 361 2786 448 nsLtTENtow

3751 364 3892 430 1080

651 480 961 532 universum
987 478 1188 536 divina:
1211 482 1400 553 synodi
1422 482 1898 552 complementum,
1922 482 1978 538 in‘
2015 480 2195 552 Spiritl

2323 479 2422 552 λὴν
2458 455 2806 553 ινεχάραξεν.
2851 480 3179 553 Ἐπειδήπερ
3209 480 3409 534 ἐκείνοι
3449 479 3659 550 ταύτην
3693 483 3890 536 ἀπεδέ-

647 578 840 623 sancto
873 572 1218 638 postmodum
1247 571 1440 628 Nicaeae
1460 585 1870 644 congregatum.
1909 571 2004 628 His
2017 574 2195 628 etenin

2322 568 2482 635 ξαντό
2509 589 2591 636 τε,
2633 574 2728 625 καὶ
2760 571 2982 634 πολλοῖς
3024 571 3329 642 ἐγκωμίοις
3377 571 3891 634 ἀντεπιστείλαντες

645 649 992 716 audientibus
1018 662 1108 716 illa
1160 664 1389 734 epistola
1425 665 1681 732 perlecta,
1732 681 1857 719 curn
1919 665 1974 719 in
2007 665 2195 733 integrt

2319 662 2572 732 ἔστεψαν.
2615 664 2850 732 Προσέτι
2883 665 2941 718 δὲ
2969 664 3064 718 καὶ
3094 663 3158 718 τδ
3180 667 3280 734 τῆς
3309 662 3462 736 θείας
3497 664 3717 716 συνόδου
3748 655 3890 733 τλή-

648 752 752 805 illis
771 766 894 806 esse
925 753 1041 808 visa
1081 765 1266 810 essent
1296 758 1504 818 omnia,
1545 770 1653 811 una
1682 771 1873 811 omnes
1925 755 2215 819 sententia,

2321 770 2482 822 ρωμα
2513 757 2620 808 πᾶν
2646 755 2707 807 τὺ
2733 753 3124 824 συναθροισθὲν
3159 757 3219 809 ὲν
3256 756 3401 823 ἀγίῳ
3447 754 3735 824 Πνεύματι
3793 772 3889 823 με-

647 842 918 906 plausere,
943 853 997 898 et
1025 854 1170 899 recte
1201 860 1322 899 eam
1376 847 1632 901 dictatam
1685 860 1826 909 esse,
1851 855 1905 899 et
1932 845 1999 898 ad
2030 842 2195 898 Eccle-

2320 843 2586 913 θύστερον
2609 845 2750 898 κατά
2785 844 3047 898 Νίκαιαν.
3079 845 3175 907 Είς
3196 843 3308 914 γάρ
3336 845 3576 914 ἐπήκοον
3613 846 3710 896 καὶ
3759 845 3886 897 τού-

649 930 744 984 size
770 933 965 998 placita
999 933 1380 996 decernentes.
1445 939 1664 1005 proprio
1732 936 1946 1004 prolato
1993 935 2215 990 decreto

647 1019 1059 1085 subsignarunt.
1090 1019 1247 1080 Nulla
1275 1024 1459 1094 itaque
1488 1024 1814 1093 relinquitur
1834 1038 1966 1080 ansa
1999 1039 2067 1078 ne
2095 1039 2215 1078 om-

647 1125 763 1184 nes,
811 1111 1109 1166 dummodo
1138 1114 1328 1177 velint,
1357 1129 1422 1168 ex
1450 1113 1650 1179 divinis
1680 1113 1842 1167 dictis
1864 1114 1976 1181 jam
2011 1127 2214 1181 propo-

641 1202 762 1256 sitis
801 1202 1083 1257 veritatem
1142 1215 1460 1276 agnoscant,
1525 1216 1580 1260 et
1629 1204 1957 1260 deiferorum
2014 1206 2209 1260 horum

641 1291 864 1348 Patrum
898 1297 1142 1365 vestigiis
1163 1297 1500 1362 insistentes,
1530 1297 1600 1351 ad
1627 1311 1748 1351 eam
1789 1304 2040 1366 prompte
2079 1311 2214 1351 con-

641 1397 864 1440 currant
898 1405 910 1438 :
941 1403 1178 1456 namque
1200 1390 1430 1442 addecet
1458 1403 1574 1453 eos,
1633 1388 1728 1458 qui
1778 1395 1924 1443 metu
1963 1388 2210 1449 detinen-

641 1478 1005 1547 tur,ideoqne
1041 1481 1109 1532 ad
1158 1481 1427 1534 dictorum
1505 1482 1941 1550 acceptationem
1997 1479 2212 1535 claudi-

639 1577 791 1632 eant,
847 1571 1295 1626 contentionibus
1321 1573 1551 1642 posthac
1602 1573 1848 1636 omissis,
1893 1582 2103 1627 tantum
2156 1583 2212 1628 et

641 1660 872 1713 similem
905 1660 1126 1717 Patrum
1167 1665 1473 1734 catalogqu
1503 1666 1639 1719 citra
1668 1665 2060 1720 dubitationem
2085 1679 2208 1719 om-

639 1764 761 1802 nem
793 1760 1083 1819 sequentes
1112 1753 1218 1807 illis
1247 1756 1518 1822 propriam
1569 1756 1800 1810 salutem
1840 1754 2206 1819 committere,

636 1852 868 1904 quorum
899 1841 1197 1894 secundum
1225 1843 1589 1908 cognitionem
1650 1843 1898 1898 veritatis
1933 1841 2202 1909 doctrina,

635 1936 691 1980 et
712 1930 951 1984 melioris
1007 1931 1334 2001 dijudieatio
1356 1943 1442 1989 est
1476 1950 1609 1991 :eos
1659 1935 1952 2005 νει-ο...φί
1986 1944 2206 2004 propter

636 2019 1036 2086 improbitatem
1115 2039 1236 2078 sese
1265 2035 1583 2094 apponunt,
1605 2035 1862 2095 tanquam
1894 2027 1990 2096 qui
2013 2040 2201 2096 pacem

635 2124 757 2160 cum
801 2112 1168 2193 ttoltis‘ittilam
1217 2114 1809 2178 declinant,alIectibus
1848 2116 2200 2184 posthabitis,

634 2212 772 2260 quos
806 2199 874 2251 ad
939 2201 1085 2256 bunc
1119 2203 1261 2258 diem
1326 2204 1604 2270 foverunt,
1669 2193 2198 2262 liornm'sanctorum

633 2288 980 2343 divinissimo
1013 2295 1182 2347 cboro
1204 2308 1400 2349 manus
1426 2296 1577 2360 dare,
1612 2311 1802 2351 eorum
1841 2297 2199 2352 oliensionem

633 2380 918 2446 reveritos,
947 2398 1177 2451 quorum
1213 2395 1267 2438 et
1300 2384 1609 2441 facinorum
1671 2387 1915 2453 claritas,
1969 2397 2023 2442 ct
2078 2404 2201 2456 qua:

633 2473 757 2526 inde
807 2483 992 2528 secuta
1047 2483 1130 2528 est
1184 2476 1412 2545 gloriam
1492 2487 1746 2547 perpetue
1811 2479 2196 2532 immanentem

629 2564 916 2618 continens
965 2565 1202 2633 dignitas
1249 2578 1329 2622 est
1388 2569 1442 2622 in
1508 2569 1865 2622 admiratione
1911 2585 1926 2623 :
1969 2580 2199 2636 utroque

631 2665 762 2704 vero
787 2654 971 2708 vitatis
995 2657 1195 2720 noxiis,
1244 2656 1488 2726 proﬁcua
1528 2657 1806 2726 amplecti,
1833 2666 1886 2712 et
1919 2658 2028 2713 Deo
2069 2672 2194 2712 cum

629 2742 829 2796 tutiore
857 2753 1006 2813 parte
1034 2747 1365 2818 melioraque
1391 2748 1666 2802 adhaerere
1688 2787 1701 2801 .

697 3022 788 3077 25.
832 3023 911 3078 Ita
955 3031 1056 3089 est,
1097 3025 1374 3095 inquiunt,
1407 3027 1502 3082 sed
1538 3027 1696 3082 valde
1729 3039 1944 3085 nostros
1973 3033 2192 3088 animos

2314 950 2423 987 των
2449 936 2553 1004 τῆς
2581 933 2840 1001 τοιαύτης
2865 932 3310 1003 ἀναγνωσθείσης
3343 934 3656 1001 επιστολῆς,
3682 922 3885 999 πάντες

2314 1020 2638 1091 ἀρεσθέντες
2656 1021 2867 1084 ’κοινῶς
2891 1020 3068 1094 ταύτῃ
3105 1023 3414 1084 συνέθεντο,
3443 1022 3536 1074 καὶ
3567 1021 3755 1082 καλῶς
3785 1022 3881 1072 αὑ·

2311 1110 2410 1184 τὴν
2439 1111 2582 1181 ιχειν
2621 1112 3076 1182 ἀποφηνάμενοι,
3113 1111 3184 1165 δι’
3230 1113 3438 1175 οἰκείας
3475 1111 3698 1181 γνώμης
3749 1111 3882 1162 ἐπε-

2317 1203 2630 1271 σφράγισεν
2684 1204 2936 1266 ἕκαστος.
3001 1203 3245 1272 Οὐδεμία
3280 1204 3465 1256 τοίνυν
3519 1202 3882 1255 ἀπολείπεται

2312 1293 2584 1360 πρόφασις
2598 1293 2726 1354 τοὺς
2748 1291 2982 1354 πάντας,
2999 1291 3065 1343 ἂν
3078 1291 3334 1357 ἐθέλοιεν,
3355 1294 3414 1358 ἐξ
3432 1286 3506 1344 ὧν
3528 1290 3882 1360 παρεθέμεθα

2312 1383 2475 1436 θείων
2499 1383 2681 1454 ῥητῶν
2712 1382 2812 1452 τὴν
2832 1369 3097 1452 ἀλήθειαν
3122 1383 3347 1451 γνῶναι,
3380 1385 3476 1438 καὶ
3503 1382 3880 1452 προσδραμεῖν

2313 1473 2544 1542 ἑτοίμως
2571 1475 2740 1543 ἑαυτῇ
2777 1473 2889 1540 τῶν
2913 1473 3193 1544 θεοφόρων
3236 1473 3442 1536 τούτων
3495 1473 3707 1543 ἀνδρῶν
3759 1473 3879 1524 κατ’

2313 1563 2456 1634 ίχνια
2485 1564 2791 1635 βαίνοντας.
2818 1564 3014 1633 Χρεὼν
3063 1569 3175 1635 γὰρ
3211 1567 3329 1618 ἔστι
3387 1567 3515 1628 τοὺς
3547 1567 3648 1635 μὲν
3703 1565 3879 1635 δειλίᾳ

2308 1654 2728 1725 κατεχομένους,
2759 1656 2854 1707 καὶ
2902 1654 2990 1708 διὰ
3018 1655 3182 1709 τοῦτο
3235 1655 3374 1723 πρὸς
3409 1657 3511 1725 τὴν
3561 1654 3880 1726 παραδοχὴν

2308 1745 2424 1798 τῶν
2451 1745 2762 1814 λεγομένων
2792 1746 3147 1810 ὀκλάζοντας,
3189 1747 3284 1800 τοῦ
3327 1749 3703 1816 γνωσιμαχείν
3740 1749 3878 1817 ἀφε-

2317 1838 2522 1914 μένους
2549 1838 2776 1908 ἀπάρτι,
2793 1838 3045 1907 τοσούτῳ
3065 1837 3172 1891 ,καὶ
3190 1839 3422 1907 τοιούτῳ
3446 1839 3739 1908 καταλόγῳ
3770 1841 3881 1892 Πα-

2310 1932 2484 2002 τέρων
2502 1913 2794 2002 ἐπιτρέψαι
2813 1931 2914 2001 τὴν
2935 1913 3146 1986 οἰκείαν
3164 1932 3445 2002 σωτηρίαν
3464 1933 3879 1998 ἀνενδοιάστως,

2308 2026 2522 2088 τούτοις
2549 2023 3056 2094 ἀκολουθήσαντας,
3087 2019 3162 2076 ὧν
3188 2024 3220 2092 ἡ
3255 2024 3378 2075 κατ’
3420 2021 3724 2089 ἐπίγνωσιν
3778 2024 3879 2093 τῆς

2307 2115 2570 2186 ἀληθείας
2588 2113 2937 2176 διδασκαλία,
2968 2113 3064 2166 καὶ
3085 2112 3181 2166 τοῦ
3207 2112 3477 2181 βελτίονος
3500 2114 3533 2184 η
3567 2114 3835 2185 διάκρισις
3857 2130 3875 2145 ⁸

2306 2209 2433 2271 τοὺς
2464 2206 2522 2260 δι
2551 2207 2644 2260 διὰ
2695 2206 2897 2260 κακίαν
2947 2205 3408 2273 ἀνθισταμένους,
3466 2203 3543 2266 ὡς
3603 2203 3701 2272 τὴν
3755 2205 3878 2273 μεθ’

2305 2301 2466 2369 ἡμῶν
2495 2300 2722 2369 είρήνην
2757 2295 3135 2360 ὲκκλίναντας,
3177 2295 3240 2348 τὸ
3280 2295 3454 2358 πάθος
3502 2296 3879 2366 ἀποὸαλλομέ-

2305 2409 2432 2455 νους
2456 2393 2516 2454 ις
2534 2390 2696 2460 δεῦρο
2713 2389 2793 2459 τῷ
2820 2389 2930 2442 τῶν
2947 2389 3117 2456 ἁγίων
3133 2388 3340 2440 τούτων
3368 2387 3584 2452 ὑπεῖξαι
3611 2388 3877 2460 θειοτάτῳ

2305 2482 2473 2553 χορῷ,
2498 2481 2833 2550 πτοηθέντας
2860 2480 2923 2532 τὸ
2941 2479 3309 2549 προσκρούειν
3336 2479 3542 2542 αὐτοῖς,
3559 2471 3636 2532 ὧν
3657 2479 3691 2548 η
3733 2478 3877 2547 λαμ·

2288 2574 2514 2644 ,πρότλης
2541 2572 2651 2625 τῶν
2680 2571 2884 2641 εργων,
2921 2570 3018 2623 καὶ
3049 2570 3111 2622 τὸ
3141 2569 3394 2622 ἐντεῦθεν
3422 2564 3664 2649 ἀξίωμα,
3691 2569 3759 2621 τὸ
3787 2567 3874 2623 δός

2307 2665 2408 2730 ξαν
2437 2663 2562 2733 ἔχον
2600 2661 2678 2732 μὴ
2707 2661 3163 2730 μεταπίπτουσαν
3182 2676 3198 2692 ο
3233 2661 3536 2729 ἑκατέρους
3561 2659 3640 2723 δὲ,
3669 2657 3870 2726 φυγόν-

2306 2771 2400 2817 τας
2427 2754 2490 2806 τὸ
2523 2753 2788 2820 βλάπτον,
2821 2751 2883 2804 τὸ
2909 2749 3226 2804 λυσιτελοῦν
3269 2749 3730 2815 ἀνταλλάξασθαι,
3777 2751 3873 2804 καὶ

2302 2843 2423 2914 Θεῷ
2447 2842 2709 2912 γενέσθαι
2733 2842 2834 2912 τῆς
2861 2841 3285 2911 ἀσφαλεστάτης
3321 2841 3522 2913 μοίρας
3549 2843 3647 2894 καὶ
3683 2841 3871 2910 κρείτ-

2300 2953 2452 2989 τονος
2456 2975 2472 2989 ο

2371 2953 2422 2988 νο
2456 2975 2472 2989 .

2371 2952 2468 3083 xsc'.
2504 3027 2632 3092 Ναὶ,
2665 3028 2849 3095 φασὶν,
2889 3025 3024 3080 ἀλλά
3071 3025 3327 3097 ταράττει
3359 3025 3565 3094 σφόδρα
3593 3025 3694 3089 τὰς
3728 3027 3871 3097 ἠμε-

634 3114 822 3168 turbat
875 3132 969 3185 per
1004 3107 1199 3171 Filium
1232 3119 1415 3173 dicere
1457 3135 1579 3174 esse
1624 3120 1885 3189 Spiritum
1919 3135 2192 3189 sanctum,

2299 3119 2462 3189 τέρας
2509 3119 2688 3188 ψυχὰς
2743 3117 2806 3170 τὺ
2851 3116 2920 3169 δι’
2945 3116 3074 3170 Υίοῦ
3129 3116 3308 3184 λέγειν
3357 3113 3499 3170 εἶναι
3552 3116 3612 3168 τὸ
3646 3116 3870 3185 Πνεῦμα

632 3223 700 3259 ne
734 3208 856 3275 quis
907 3208 1032 3262 inde
1066 3209 1408 3278 imperfectio
1440 3209 1588 3265 Patri
1634 3212 1900 3268 inferatur
1936 3216 1988 3268 in
2021 3216 2191 3284 Spiri-

632 3303 722 3348 tus
751 3295 1085 3350 exsistentia.
1119 3295 1182 3352 Et
1212 3297 1484 3353 undenam
1512 3298 1565 3352 id
1596 3301 1750 3356 vobis
1784 3302 2006 3365 accidit.
2041 3316 2096 3357 ut
2121 3307 2187 3358 ad

630 3401 729 3440 eos
784 3400 1046 3443 conversa
1093 3390 1341 3443 oratione
1395 3393 1881 3460 interrogationem
1935 3395 2188 3463 dirigam,

629 3496 662 3530 υ
695 3479 959 3546 sapientia
986 3479 1193 3545 eximii,
1230 3481 1458 3546 ideoque
1483 3481 1833 3552 Evangelium
1861 3484 2192 3539 exltauricno

625 3581 730 3635 tes,
762 3572 995 3624 similem
1038 3572 1490 3628 absurdissimam
1543 3574 1874 3642 impietatem
1908 3577 2191 3644 concipere

627 3662 682 3711 in
735 3661 842 3713 illis
891 3661 1056 3715 rebus
1085 3700 1100 3724 ,
1150 3661 1204 3715 in
1257 3664 1458 3731 quibus
1498 3664 1789 3733 prazlucida
1835 3664 2189 3719 ecclesiastici

627 3750 954 3804 tirtnamenti
993 3752 1199 3804 lumina
1240 3768 1349 3806 non
1381 3753 1588 3822 absque
1629 3755 1830 3827 eadem
1854 3752 2054 3821 Spiritu
2096 3755 2190 3808 de-

624 3843 951 3895 creverunt?
984 3841 1028 3896 Ο
1064 3845 1206 3897 male
1251 3859 1439 3898 sanam
1477 3845 1746 3897 mentem!
1783 3844 1873 3912 qui
1914 3844 2095 3898 scelus
2133 3845 2188 3898 in

625 3936 714 3989 bis
743 3950 866 3989 esse
899 3944 1234 4003 reputantes,
1287 3936 1489 3988 dictam
1541 3935 1937 4002 blasphemiam
1981 3944 2191 3988 eructa-

625 4025 750 4081 stis.
782 4026 1064 4090 Attamen,
1101 4038 1159 4077 ut
1192 4041 1288 4080 eos
1313 4026 1380 4078 ab
1405 4027 1505 4080 boc
1535 4028 1759 4079 erimine
1791 4036 1843 4079 et
1877 4026 2185 4094 opprobrio,

625 4117 706 4168 uti
761 4130 857 4182 par
916 4126 1033 4177 est,
1101 4115 1433 4178 liberemus,
1515 4131 1624 4168 non
1683 4115 2184 4184 imperfectiouem,

623 4227 656 4258 o
698 4209 820 4270 viri,
854 4208 904 4260 id
950 4207 1004 4260 in
1050 4206 1207 4259 Patre
1260 4215 1444 4273 notat;
1487 4209 1946 4275 quemadmodum
1994 4226 2091 4264 nec
2135 4211 2186 4263 in

617 4299 784 4352 rebus
828 4299 1041 4360 creatis,
1091 4297 1235 4366 quod
1285 4298 1390 4350 illze
1435 4313 1532 4366 per
1578 4298 1774 4352 Filium
1827 4299 1984 4354 facta:
2036 4309 2184 4362 sunt,

619 4391 746 4443 licet
794 4389 843 4441 in
901 4389 984 4442 bis
1032 4388 1137 4442 alia
1204 4390 1344 4442 ratio
1394 4390 1487 4452 sit,
1536 4391 1636 4442 alia
1683 4391 1734 4444 in
1788 4391 1914 4454 illis,
1961 4402 2019 4445 ut
2059 4407 2185 4461 pro-

2291 3211 2353 3265 τδ
2402 3211 2578 3278 ἀγιον,
2635 3208 2710 3280 μή
2767 3208 2898 3261 ποτέ
2953 3225 3037 3271 τις
3095 3208 3344 3261 ἐντεῦθεν
3395 3206 3612 3261 ἀτέλεια
3660 3210 3867 3278 προσά-

2291 3318 2477 3355 πτοιτο
2528 3301 2607 3369 τῷ
2639 3301 2813 3369 Πατρὶ
2850 3300 2992 3352 κατά
3034 3298 3134 3370 τὴν
3187 3297 3285 3352 τοῦ
3319 3299 3633 3367 Πνεύματος
3691 3297 3867 3376 ῦπαρ.

2290 3391 2395 3458 ξιν.
2434 3391 2544 3442 Καὶ
2594 3390 2756 3442 πόθεν
2801 3390 2935 3458 ἡμῖν
2963 3389 3121 3441 τοῦτο
3143 3389 3388 3457 γέγονεν,
3436 3389 3544 3453 ἵνα,
3582 3390 3719 3457 πρὸς
3769 3389 3867 3440 αύ-

2289 3483 2414 3542 τοῦς
2467 3480 2616 3533 ῑνθεν
2677 3480 2971 3538 ἀποτείνας
3022 3479 3114 3532 τὸν
3175 3479 3355 3545 λόγον,
3381 3479 3699 3549 ποιήσωμαι
3752 3477 3856 3544 τὴν

2291 3569 2582 3641 ἐρώτησιν,
2612 3565 2658 3624 ὧ
2687 3571 2933 3639 περιττοὶ
2957 3569 3057 3639 τὴν
3097 3571 3314 3639 σοφίαν,
3370 3571 3464 3622 καὶ
3495 3568 3778 3631 κενοῦντες
3802 3571 3866 3620 ἐκ

2290 3655 2482 3715 τούτου
2516 3663 2580 3714 τὸ
2619 3661 3064 3729 Εὑαγγέλιον,,τὸ
3115 3661 3432 3728 λογίσασθαι
3460 3661 3660 3732 δηλαδὴ
3689 3664 3870 3715 τοιαύ-

2291 3770 2394 3821 την
2421 3753 2784 3821 ἀτοπωτάτην
2822 3751 3161 3816 δυσσέϐειαν,
3201 3753 3261 3810 ὲν
3292 3740 3379 3822 οἷς,
3418 3754 3466 3819 οί
3501 3752 3744 3821 λαμπροὶ
3772 3754 3867 3804 τοῦ

2294 3838 2394 3911 ⁴ἑῆς
2433 3843 2755 3913 Ἐκκλησίας
2783 3843 3165 3912 στερεώματος
3199 3841 3490 3911 φωστῆρες
3517 3843 3691 3894 είπείν
3727 3845 3868 3911 μετὰ

2289 3933 2380 3986 τοῦ
2400 3933 2539 3985 Πνεύ
2547 3950 2714 4002 ματος
2736 3933 2976 4001 ἔφθασαν
2997 3932 3138 4002 ς’[ἧς
3157 3934 3450 3994 κακονοίας
3471 3935 3483 3985 ι
3504 3935 3586 3985 ὅτι
3605 3950 3710 4003 περ
3729 3936 3865 3995 ὅλως

2289 4025 2524 4093 ἀνομίαν
2556 4025 2614 4075 ἑν
2640 4026 2847 4086 τούτοις
2878 4022 3236 4086 ὑπολαϐόντες
3270 4022 3368 4094 τὴν
3411 4023 3711 4093 είρημένην
3739 4025 3864 4078 δυσ-

2291 4121 2500 4189 φημίαν
2555 4119 2880 4188 ἡρεύξασθε.
2936 4117 3083 4188 Πλὴν
3123 4119 3200 4182 ὡς
3236 4117 3304 4172 ἂν
3347 4117 3441 4171 τοῦ
3473 4119 3740 4189 παρόντος
3775 4123 3866 4187 εγ-

2289 4215 2588 4280 κλήματος,
2619 4211 2711 4262 καὶ
2735 4208 2830 4262 τοῦ
2861 4210 3052 4278 μώμου
3078 4209 3306 4271 δεόντως
3335 4209 3395 4272 ἐξ
3431 4210 3611 4262 αὐτῶν
3641 4198 3864 4264 ἐκείνων

2291 4304 2486 4364 αὐτοὺς
2515 4299 2909 4369 ἀπαλλάξωμεν
2933 4318 2951 4335 ο
2985 4301 3085 4352 οὐκ
3114 4301 3386 4364 ἀτέλειαν,
3448 4293 3493 4352 ὦ
3519 4297 3686 4368 οὗτοι,
3707 4302 3865 4356 τοῦτ’)

2290 4395 2588 4461 κατηγορεῖ
2615 4391 2708 4443 τοῦ
2731 4392 2962 4461 Πατρδς,
2987 4389 3175 4460 ὥσπερ
3199 4390 3321 4442 οὐδὲ
3345 4390 3437 4442 ἐπὶ
3459 4391 3567 4442 τῶν
3605 4392 3865 4460 δημιουρ.-

617 4482 842 4534 cedente
886 4481 1134 4534 oratione
1169 4481 1705 4546 demonstrabimus;
1751 4483 1883 4549 quin
1935 4484 2185 4536 virtutem

2299 4485 2576 4552 γημάτων,
2609 4483 2692 4534 ὅτι
2721 4480 2894 4534 ταῦτα
2944 4480 3201 4547 γεγόνασι
3238 4478 3306 4530 δι’
3358 4479 3512 4544 Υίοῦ,
3553 4480 3652 4532 κᾶν
3707 4481 3864 4542 ἀλλος

617 4573 820 4630 vivam,
868 4583 920 4624 et
952 4570 1006 4623 in
1043 4573 1318 4640 bypostasi
1369 4573 1754 4626 subsistentem
1787 4571 1982 4626 Filium
2033 4589 2183 4627 coin-

621 4674 964 4726 monstrant,
1027 4663 1308 4729 magisque
1370 4679 1590 4716 causam
1668 4679 1734 4717 ex
1800 4663 1955 4717 Patre
2013 4665 2187 4717 deela-

624 4763 744 4808 rant
774 4771 787 4805 :
817 4755 979 4821 idque
1006 4763 1191 4820 aperte
1219 4752 1286 4806 de
1317 4754 1478 4806 rebus
1510 4754 1668 4808 factis
1719 4771 1946 4822 magnus
1971 4757 2189 4810 docebit

619 4845 854 4899 Basilius
886 4863 900 4897 :
939 4843 1071 4897 dicit
1099 4848 1245 4896 enim
1281 4845 1333 4897 in
1369 4855 1559 4899 octavo
1591 4848 1769 4914 capite
1801 4848 1866 4898 ad
1903 4848 2185 4916 Amphilo-

619 4919 799 4993 chium
834 4956 846 4990 :
884 4934 1010 4988 Ideo
1066 4936 1197 4988 dicit
1248 4936 1506 4990 Dominus
1557 4954 1574 4990 :
1623 4957 1640 4987 ι
1682 4937 1875 4990 Omnia
1933 4955 2046 4990 mea
2096 4947 2187 4989 tua

618 5037 740 5082 sunt
765 5028 830 5090 ",
863 5046 880 5077 ι
917 5037 1168 5096 tanquam
1198 5029 1265 5078 ad
1294 5028 1465 5095 ipsum
1496 5030 1643 5097 origo
1675 5030 2007 5080 conditarum
2051 5030 2186 5096 refe-

619 5122 778 5172 tenda
809 5121 900 5184 sit,
935 5126 984 5171 et
1033 5127 1124 5169 tua
1157 5134 1295 5181 mea,
1336 5118 1476 5186 quod
1512 5119 1610 5186 ipsi
1661 5135 1691 5168 a
1731 5119 1891 5170 Patre
1927 5119 2182 5170 condendi

615 5213 909 5264 auctoritas
947 5211 1201 5277 provenit.
1237 5209 1474 5274 Quorum
1523 5211 1659 5262 enim
1689 5210 1910 5278 wqualis
1960 5221 2034 5261 est
2085 5225 2179 5275 po-

617 5304 826 5367 tentia,
887 5302 1075 5352 Itorum
1127 5299 1350 5369 aqualis
1396 5310 1471 5354 est
1525 5312 1572 5353 et
1629 5303 1882 5368 operatio.
1942 5298 2181 5353 Christus

617 5392 874 5460 siquidem
927 5391 1021 5444 Dei
1077 5391 1242 5443 rirtus
1284 5399 1381 5454 est,
1437 5401 1483 5442 et
1536 5389 1631 5442 Dei
1671 5390 1958 5458 sapientia,
2008 5399 2056 5441 et
2109 5383 2184 5441 sic

619 5484 796 5536 omnia
836 5499 926 5552 per
960 5485 1136 5545 ipsum
1168 5483 1313 5550 facta
1362 5491 1505 5534 sunt.
1564 5481 1632 5535 Et
1673 5482 1864 5550 paucis
1908 5483 2182 5535 annexis:

622 5577 836 5628 Patrem
884 5591 972 5642 per
1006 5573 1200 5628 Filium
1249 5591 1452 5640 creare,
1495 5573 1657 5641 neque
1687 5573 2045 5641 imperfectam
2084 5571 2185 5625 Pa-

694 5735 733 5765 “
758 5732 912 5787 Joan.
947 5750 1074 5793 xvn,
1105 5732 1188 5786 lO.

2294 4569 2453 4636 οὗτος
2483 4574 2512 4623 ὁ
2559 4572 2733 4638 λόγος,
2783 4572 3033 4633 κάκεῖνος
3088 4571 3298 4638 ἕτερος,
3351 4571 3426 4631 ὼς
3464 4573 3744 4636 προϊόντες
3796 4587 3863 4622 τι

2297 4666 2424 4732 περὶ
2480 4660 2685 4711 τούτων
2737 4659 3223 4727 διευκρινήσομεν’
3288 4659 3519 4729 δύναμιν
3571 4659 3627 4710 δὲ
3685 4659 3863 4721 ζῶσαν

2294 4768 2390 4805 και
2413 4750 2777 4802 ὲνυπόστατον
2809 4749 3058 4801 δείκνυσι
3084 4748 3174 4802 τὸν
3220 4747 3370 4808 Υίὸν.
3419 4751 3515 4801 καὶ
3542 4749 3642 4818 τὴν
3685 4749 3861 4802 αἰτίαν

2297 4844 2496 4912 μᾶλλον
2530 4840 2820 4909 ἀναφαίνει
2859 4841 2958 4909 τὴν
2986 4841 3050 4891 ὲκ
3091 4839 3326 4908 Πατρός·
3385 4842 3481 4892 καὶ
3536 4839 3694 4892 τοῦτο
3729 4841 3867 4894 διδά-

2296 4935 2374 4999 ξει
2399 4917 2612 5002 τρανῶς
2662 4933 2753 4983 ἐπὶ
2783 4930 2905 4982 ’τῶν
2938 4930 3114 5000 ἔργων
3140 4931 3168 4981 ὁ
3208 4932 3384 5000 μέγας
3428 4931 3725 4993 Βασίλειος.
3761 4933 3863 4984 Δέ-

2293 5039 2378 5088 γει
2404 5024 2512 5091 γὰρ
2535 5022 2592 5073 ὲν
2620 5019 2696 5087 τῷ
2745 5018 2915 5090 ὀγδόῳ
2946 5017 3056 5071 τῶν
3103 5019 3241 5088 πρὸς
3306 5018 3653 5089 ’Δμφιλὸχιον
3690 5037 3860 5087 κεφα-

2289 5111 2454 5166 λαίων
2474 5125 2489 5140 ο
2523 5109 2627 5162 Διὰ
2655 5109 2834 5162 τοῦτό
2871 5124 3067 5176 φησιν
3097 5111 3131 5161 ό
3164 5109 3379 5176 Κύριος
3413 5110 3564 5176 πρὸς
3604 5110 3711 5162 τὸν
3745 5113 3862 5163 Da-

2289 5203 2487 5269 tépadc
2525 5205 2596 5254 Τὰ
2612 5203 2723 5269 ἐμὰ
2739 5201 2936 5253 πάντα
2957 5199 3041 5260 σά
3057 5199 3251 5264 ἐστιν,
3277 5220 3296 5252 ι
3315 5202 3394 5265 ὡς
3415 5202 3506 5253 ἐπ’
3533 5202 3720 5255 αὐτὸν
3752 5203 3859 5270 τῆς

2291 5293 2477 5362 ἀρχῆς
2524 5293 2644 5347 τῶν
2684 5291 3216 5361 δημιουργημάτων
3275 5294 3672 5361 ἀναγομένης,
3701 5314 3720 5345 ι
3755 5300 3849 5349 καὶ

2293 5386 2361 5437 τὰ
2383 5383 2467 5436 σὰ
2492 5383 2626 5452 ἐμὰ,
2656 5402 2676 5436 ι
2701 5384 2782 5446 ὡς
2804 5382 3038 5436 ἐκεῖθεν
3062 5382 3224 5449 αὑτῷ
3250 5383 3358 5450 τῆς
3395 5386 3589 5450 αἰτίας
3621 5386 3726 5439 τοῦ
3755 5387 3859 5452 δη-

2291 5474 2597 5548 μιουργεῖν
2649 5477 3056 5544 καθηκούσης.
3088 5468 3204 5530 Ὧν
3247 5475 3317 5528 δὲ
3363 5477 3401 5544 ἡ
3455 5476 3707 5544 δύναμις
3731 5477 3858 5546 ἴση,

2295 5573 2400 5638 ἴση
2432 5571 2666 5636 πάντως
2699 5577 2792 5624 καὶ
2840 5571 2878 5639 ἢ
2923 5570 3212 5640 ἐνέργεια.
3261 5573 3508 5638 Χριστὸς
3547 5571 3656 5639 γὰρ
3712 5573 3861 5627 Θεοῦ
