4132 6430
121 421 262 487 1081

972 419 1074 482 DE
1112 415 1636 481 PROCESSIONE
1677 417 1740 475 S.
1782 412 2136 478 SPIRITUS
2175 411 2399 474 ORAT.
2445 414 2494 475 I.

3254 406 3390 470 10.32

110 535 398 603 δύναμις,
435 531 738 596 καίυθεοῦ
771 535 980 603 σοφία,
1030 534 1129 587 καὶ
1191 535 1344 586 οὕτω
1393 535 1590 585 πάντα
1637 531 1707 583 δι’

1815 529 1912 580 tris
1946 528 2266 579 creationem
2294 535 2697 586 commonstrat,
2753 541 2913 594 neque
2949 522 3079 577 Filii
3127 523 3386 576 imbellem

108 623 308 678 αὐτοῦ
356 623 615 693 ἐγένετο.
650 625 759 677 Καὶ
811 624 951 692 μετά
1005 638 1148 676 τινα·
1195 622 1266 675 Τὸ
1299 621 1395 675 διὰ
1425 621 1531 674 τοῦ
1567 621 1716 674 Υίοῦ

111 711 504 782 δημιουργεῖν
534 712 642 766 τὸν
671 713 903 775 Πατέρα
949 713 1088 766 οὔτε
1116 710 1304 776 ἀτελῆ
1338 711 1444 764 τοῦ
1471 710 1703 777 Πατρός

108 802 238 868 τὴν
287 803 682 872 δημιουργίαν
734 804 1130 869 συνίστησιν,
1165 804 1304 857 οὔτε
1340 803 1561 855 ἄτονον
1597 802 1701 854 τοῦ

116 891 264 946 Υίοῦ
294 893 640 960 παραδηλοῖ
678 893 794 958 τὴν
842 894 1169 961 ἐνέργειαν,
1226 893 1388 947 ἀλλὰ
1441 894 1507 944 τὸ
1549 893 1702 958 ήκω-

1817 620 2170 688 operationem
2216 627 2488 681 conuolat,
2517 618 2603 670 sed
2632 619 2916 670 voluntatis
2964 616 3384 681 conjunctiouem

1811 711 2081 780 exprimit.
2116 709 2294 773 Quare
2324 700 2486 769 dictio
2516 725 2612 778 per
2644 709 2841 762 Filium
2899 707 3176 773 primaria
3212 721 3387 757 causa:

1811 804 2193 872 confessionem
2235 801 2412 866 habet,
2444 818 2547 854 non
2593 801 2645 852 in
2673 799 2879 868 defectu
2910 811 3087 850 causa:
3121 795 3381 849 conditri-

1809 896 1881 947 cis
1919 894 2231 945 assumitur.

101 985 303 1052 μένον
351 978 458 1039 τοῦ
509 987 847 1053 θελήματος
893 987 1287 1053 παρίστησιν.
1337 984 1519 1037 Ὥστε
1579 986 1629 1050 ἡ
1663 984 1737 1036 δι’
1772 984 1907 1037 Υιοῦ
1945 984 2116 1052 φωνὴ
2185 983 2296 1049 τῆς
2350 986 2870 1053 προκαταρκτικῆς
2925 983 3117 1045 αἰτίας
3170 983 3386 1045 ὁμολο-

103 1075 254 1142 τίαν
283 1073 428 1142 ἔχει,
462 1077 572 1128 οὐκ
605 1078 703 1129 ἐπὶ
740 1079 1066 1145 κατηγορίᾳ
1098 1078 1206 1130 τοῦ
1239 1077 1554 1143 ποιητικοῦ
1604 1079 1796 1130 αἰτίου
1823 1077 2377 1145 παραλαμϐάνεται.

183 1182 254 1228 κς
286 1202 302 1218 .
333 1165 480 1233 Πρὸς
527 1166 705 1222 ταῦτά
739 1185 906 1237 φησιν
959 1168 1305 1238 ὑφαρπάζων
1357 1169 1448 1220 τὸν
1485 1169 1643 1234 λόγον
1672 1169 1699 1220 ὁ

105 1255 254 1323 πρὸς
284 1255 606 1326 ἀντίρρησιν
640 1258 956 1329 πρόχειρος·
987 1260 1098 1313 Καὶ
1128 1260 1250 1312 τίνα
1289 1259 1387 1330 τὴν
1412 1261 1699 1332 κοινωνίαν

104 1343 229 1413 ἔχει
259 1343 397 1412 πρὸς
445 1345 547 1415 τὴν
598 1346 777 1399 κτίσιν
812 1347 873 1399 τὸ
911 1348 1135 1417 Πνεῦμα
1161 1349 1221 1400 τὸ
1261 1350 1438 1416 ἅγιον,
1465 1348 1547 1401 ὅτι
1573 1347 1702 1399 ταύ-

103 1448 217 1502 την
279 1431 418 1496 ὅλως
463 1435 522 1487 ιν
569 1438 682 1498 τοῖς
716 1437 848 1506 περὶ
907 1437 1100 1490 τούτου
1138 1439 1318 1506 λόγοις
1367 1437 1697 1509 παρέλαϐες,

110 1524 223 1592 τὴν
255 1523 324 1576 δι’
358 1525 490 1578 Υίοῦ
536 1529 722 1596 φωνὴν
773 1515 1173 1599 προσαρμόσας
1206 1532 1431 1600 ἀμφοῖν,
1476 1530 1572 1582 καὶ
1599 1531 1701 1597 τὴν

106 1612 369 1666 ιντεῦθεν
391 1615 486 1667 ἐπὶ
517 1617 612 1669 τοῦ
667 1619 885 1687 Πατρδς
940 1619 1399 1689 ὑποπτευομὲνην
1449 1619 1701 1672 ἀτίλὲιαν

107 1704 370 1774 μηδόλως
400 1703 544 1760 εῐναι
605 1710 724 1761 κατ’
743 1707 872 1763 ἶσον
922 1710 1382 1781 ἀποφηνάμενοςς
1447 1709 1588 1778 Ἐγὼ
1643 1711 1700 1762 δὲ

113 1799 407 1851 κοινωνίαν
438 1801 538 1869 μὲν
562 1801 821 1870 οὐδεμίαν
848 1802 1218 1866 οὐδοπωσοῦν,
1244 1801 1359 1854 ἀλλ’
1390 1801 1512 1854 οὐδὲ
1545 1800 1702 1869 λόγον

1879 1168 1970 1221 26.
2013 1169 2093 1221 Ad
2125 1170 2238 1222 haec
2289 1162 2453 1222 infcrt
2497 1183 2806 1221 sermonem
2853 1165 3145 1232 arripiens.
3181 1165 3273 1230 qui
3318 1163 3388 1212 ad

1807 1259 2293 1321 contradicendum
2366 1270 2646 1328 promptus
2711 1259 3081 1328 proclivisquc
3141 1264 3225 1308 est
3269 1269 3283 1304 :
3323 1253 3391 1305 γι

1803 1364 1969 1419 quam
2021 1350 2466 1404 communionem
2540 1352 2593 1403 iu
2654 1350 2820 1403 rebus
2881 1349 3080 1400 creatis
3148 1343 3384 1411 Spiritus

1804 1454 2027 1496 sanctus
2071 1441 2253 1502 habet,
2305 1441 2450 1508 quod
2499 1455 2621 1494 eam
2657 1438 2886 1508 prorsus
2930 1438 2984 1490 in
3036 1435 3389 1489 sermonibus

1805 1533 1872 1585 de
1915 1533 2018 1586 hac
2059 1547 2117 1584 re
2161 1531 2363 1584 habilis
2399 1529 2770 1598 assumpsisti,
2808 1528 3104 1599 dictionem
3155 1541 3248 1593 per
3283 1522 3388 1576 Fi-

1805 1619 1938 1672 lium
1971 1621 2220 1687 utrisque
2259 1620 2554 1689 adoptans,
2589 1627 2787 1685 etquae
2837 1616 2961 1669 inde
3007 1617 3058 1667 in
3115 1615 3388 1681 suspiciu-

1810 1727 1932 1765 nem
1967 1721 2190 1765 venerat
2219 1709 2595 1778 imperfectae.
2625 1711 2689 1763 de
2719 1707 2878 1762 Patre
2907 1708 3210 1761 decernens
3239 1705 3392 1783 nullo

1813 1803 1975 1856 modo
2026 1801 2368 1856 subsistere?
2399 1800 2511 1869 Ego
2541 1815 2704 1869 porro
2755 1799 2964 1852 nullam
3014 1813 3137 1851 cum
3172 1796 3392 1864 penitus

113 1885 314 1956 ἕτερον
373 1867 522 1957 ἔχειν
560 1867 701 1958 πρὸς
751 1891 851 1958 τὴν
903 1891 1086 1944 κτίσιν
1118 1893 1264 1961 φημὶ
1296 1893 1359 1945 τὸ
1391 1867 1629 1960 Πνεῦμα
1647 1892 1707 1942 τὸ

1811 1894 2253 1947 communionem
2303 1892 2530 1954 habere,
2582 1885 2762 1957 neque
2822 1889 3094 1943 rationem
3143 1887 3383 1954 aliquam

116 1977 304 2046 ἅγιον,
366 1979 508 2050 πλὴν
566 1982 737 2050 ὅνπερ
791 1982 1021 2052 ποιητὴς
1058 1983 1195 2051 πρὸς
1260 1985 1568 2053 ποιήματα,
1611 1985 1704 2034 καὶ

105 2067 389 2140 δεσπότης
427 2071 524 2122 καὶ
579 2072 768 2139 κύριος
818 2074 958 2143 πρὸς
1004 2074 1168 2126 δοῦλα
1226 2074 1323 2126 καὶ
1375 2074 1698 2142 ὑποχείρια·

106 2161 212 2214 καὶ
242 2162 394 2225 ὅστις
435 2163 509 2234 μὴ
542 2163 701 2215 τοῦτο
738 2165 960 2234 ,φρονῶν
1000 2165 1386 2235 καθομολογεῖ,
1416 2166 1490 2235 μὴ
1522 2166 1619 2218 ἴδοι
1643 2165 1704 2217 τὴ

114 2251 386 2319 παράπαν
454 2253 732 2322 ἑωσφόρον
793 2255 1182 2322 ἀνατέλλοντα,
1246 2255 1400 2322 καθά·
1441 2271 1605 2325 φησιν
1668 2257 1701 2323 ἠ

111 2341 334 2411 Γραφή.
372 2343 483 2396 Καὶ
514 2345 643 2413 περὶ
676 2345 778 2414 μὶν
807 2346 1010 2399 τούτων
1044 2344 1216 2409 οὕτως
1248 2346 1375 2415 ἔχω,
1439 2348 1536 2399 καὶ
1596 2347 1704 2410 ’ἐξω

109 2434 172 2485 δὲ
208 2435 447 2497 πάντως,
480 2434 583 2497 ἕως
614 2436 682 2489 ἂν
717 2438 854 2507 πνοή
907 2454 990 2499 τις
1043 2439 1102 2490 ἐν
1151 2441 1272 2500 ταῖς
1333 2439 1494 2508 ἐμαῖς
1561 2439 1705 2508 ῥισὶν

113 2523 504 2593 ὑπολείπηται.
537 2527 648 2597 Τὴν
673 2527 730 2578 δὲ
763 2527 837 2580 δι’
869 2528 1004 2581 Υιοῦ
1047 2527 1232 2598 φωνὴν
1261 2529 1536 2598 εὑρίσκων
1565 2530 1703 2599 πρὸς

111 2616 229 2669 τῶν
258 2615 430 2686 ἁγίων
464 2617 723 2686 Πατὲρων
743 2619 1166 2688 λαμϐανομένην
1199 2620 1294 2671 ἐπί
1311 2635 1372 2672 τε
1401 2618 1497 2672 τοῦ
1528 2619 1702 2674 Πνεῦ-

118 2723 296 2775 ματος
328 2709 422 2760 καὶ
454 2708 556 2771 τῆς
587 2711 840 2772 κτίσεως,
888 2710 950 2762 οὐ
1009 2711 1300 2781 διαγράφω
1343 2711 1526 2781 λέγειν
1558 2714 1705 2765 ὰπα-

114 2798 442 2867 ναινόμενος
478 2797 688 2869 ταύτην
732 2802 824 2852 ἐπὶ
854 2802 949 2853 τοῦ
1002 2802 1344 2872 Πνεῦματος,
1389 2782 1512 2857 ἐπεί
1549 2805 1704 2870 τόνδε

117 2891 218 2943 τὸν
263 2890 466 2961 τρόπον
503 2890 598 2944 καὶ
645 2891 711 2944 τὸ
757 2889 900 2946 εἶναι
932 2893 994 2946 τὸ
1043 2894 1290 2963 Πνεῦμα,
1319 2895 1410 2947 τὸν
1437 2895 1547 2965 γὰρ
1575 2895 1704 2969 raw

115 2978 329 3049 ἀφίημι
351 2977 469 3046 νῦν,
500 2983 562 3035 οὐ
606 2984 1046 3053 συγχωρήσομεν
1089 2987 1154 3037 ὲκ
1183 2984 1343 3037 Θεοῦ.
1409 2986 1567 3038 Διότι
1602 2987 1700 3039 καί

115 3072 195 3125 τὰ
254 3071 452 3126 πάντα
512 3074 628 3141 τὴν
679 3074 944 3141 ὕπαρξιν
990 3075 1159 3144 ἔχειν
1211 3077 1577 3143 πιστεύομεν
1631 3079 1701 3130 ἐκ

1808 1984 1864 2038 in
1913 1997 2097 2036 rerum
2147 1984 2432 2038 creatione
2482 1981 2745 2050 Spiritum
2794 1989 3069 2038 salictum,
3129 1979 3233 2036 aio,
3283 1977 3388 2028 nisi

1805 2088 1924 2126 eam
1959 2088 2121 2141 quam
2165 2071 2340 2126 factor
2380 2073 2434 2125 iu
2470 2077 2633 2126 rebus
2675 2070 2834 2124 factis
2866 2071 3132 2139 possidet,
3176 2079 3232 2120 et
3285 2059 3385 2119 do-

1809 2164 1989 2217 minus
2025 2165 2078 2216 in
2115 2180 2305 2218 servos
2339 2173 2394 2217 et
2429 2164 2706 2227 subditos,
2733 2171 2789 2215 et
2813 2163 2906 2231 qui
2939 2177 3046 2214 non
3076 2161 3152 2212 ita
3187 2168 3381 2213 tenens

1807 2256 2181 2320 conﬁtebitur,
2212 2270 2279 2308 ne
2303 2256 2486 2310 videat
2517 2257 2605 2309 ille
2641 2269 2880 2323 unquam
2918 2253 3208 2306 ducentem
3238 2249 3386 2303 diem

1803 2348 2125 2410 luciferum,
2164 2358 2225 2402 ut
2253 2349 2433 2417 inquit
2465 2347 2778 2417 Scriptura.
2804 2345 2869 2399 Et
2900 2346 2968 2399 de
2999 2345 3085 2397 his
3115 2346 3230 2396 haec
3267 2357 3386 2394 tinea

1807 2441 2076 2495 sententia
2112 2448 2218 2504 est,
2267 2439 2481 2508 eritque
2517 2448 2806 2507 perpetuo.
2836 2438 3012 2498 donec
3054 2435 3108 2488 in
3161 2432 3392 2486 naribus

1807 2533 1945 2583 meis
1959 2531 2188 2599 spiritus
2217 2531 2467 2600 reliquus
2501 2539 2606 2583 est.
2634 2527 2772 2583 Cum
2807 2543 2936 2580 vero
2967 2530 3084 2594 ipse
3116 2524 3386 2592 reperiam

1807 2639 1900 2691 per
1949 2619 2152 2674 Filium
2205 2637 2394 2675 vocem
2438 2636 2468 2674 a
2523 2621 2732 2674 sanctis
2784 2617 3040 2691 Pati-ibus
3083 2615 3291 2669 assumi
3333 2623 3390 2669 et

1806 2717 1874 2788 de
1912 2711 2145 2782 Spiritu,
2190 2721 2244 2766 et
2276 2712 2345 2767 de
2377 2713 2678 2776 creatione,
2731 2725 2839 2764 non
2878 2708 3128 2775 improbo
3164 2721 3284 2760 eam
3319 2704 3387 2759 de

1815 2804 2025 2874 Spiritu
2061 2818 2332 2866 asserere,
2361 2819 2489 2857 cum
2542 2804 2642 2857 hac
2685 2803 2895 2854 ratione
2933 2799 3201 2868 Spiritum
3238 2812 3384 2857 esse.

1813 2911 1935 2950 nam
1963 2893 2164 2950 Filiqu
2196 2893 2292 2948 Dei
2334 2895 2388 2948 iu
2421 2894 2993 2964 praseuti‘przetereo,
3030 2904 3136 2943 non
3189 2903 3385 2941 conce-

1809 2989 1999 3040 demus
2028 3001 2094 3038 ex
2129 2985 2259 3039 Deo.
2307 2983 2488 3048 Quare
2519 2988 2696 3037 omnia
2726 2984 3086 3036 exsistentiant
3109 2980 3297 3033 Ital-ere
3325 2993 3390 3030 ea:

1816 3075 1921 3128 Deo
1971 3075 2254 3127 credimus.
2281 3065 2640 3128 Nihilominus
2684 3075 2868 3127 statim
2896 3090 2959 3125 ea
2991 3074 3133 3124 inter
3158 3087 3271 3124 sese
3301 3073 3385 3121 di-

119 3162 296 3215 Θεοῦ.
343 3163 517 3230 Πλὴν
579 3164 681 3216 ἵνα
738 3166 838 3219 καί
894 3166 1196 3234 παρευθὺς
1250 3167 1351 3220 ἀπ’
1414 3168 1702 3238 ἀλλήλων

1812 3166 2162 3233 stiuguemus.
2203 3163 2326 3218 Non
2357 3167 2452 3230 sic,
2500 3183 2530 3219 0
2567 3167 2665 3218 viri
2696 3167 2901 3231 optimi,
2948 3164 3124 3215 omnia
3160 3162 3388 3213 dicimus

116 3252 276 3305 αὐτὰ
305 3252 757 3325 διαστείλωμεν,
795 3261 909 3326 οὐχ
935 3259 1142 3324 οὕτως,
1191 3254 1238 3313 ὦ
1263 3260 1600 3326 βέλτιστοι,
1631 3264 1705 3316 τὰ

117 3342 321 3396 πάντα
366 3345 566 3414 φαμὲν
608 3347 677 3399 ἐκ
713 3348 864 3400 Θεοῦ
893 3349 1161 3417 καθάπερ
1202 3350 1397 3404 καὶτὸ
1437 3353 1701 3422 Πνεῦμα.

123 3437 197 3490 Τὸ
222 3435 341 3504 μὲν
391 3438 502 3506 γάρ
532 3440 664 3492 ἐστι
696 3441 969 3507 φυσικῶς
1000 3443 1349 3512 ἐνυπάρχον
1380 3445 1560 3511 αὐτῷ.
1603 3448 1701 3499 καί

116 3526 429 3593 οὺσιωδῶς
466 3528 835 3597 ἐμπεφυκὸς,
890 3530 968 3583 ἵν’
1025 3532 1215 3597 οὕτως
1267 3533 1548 3604 εἴπωμεν,
1606 3535 1706 3589 καί

115 3620 456 3688 ἀμερίστως
489 3621 558 3683 ἐξ
583 3619 772 3674 αὑτοῦ
803 3623 1034 3689 προϊὸν,
1065 3623 1138 3677 τὰ
1166 3625 1234 3676 δὲ
1263 3625 1375 3693 τῆς
1402 3628 1705 3695 ἐνεργείας

118 3711 269 3780 ἔργα
297 3711 398 3763 καί
426 3711 748 3779 ποιήματα,
790 3714 923 3783 φησί
973 3730 1076 3766 που
1125 3716 1236 3768 τῶν
1287 3718 1481 3769 ἑαυτοῦ
1535 3735 1705 3786 κεφα-

119 3804 294 3855 λαίων
339 3803 434 3855 τοῦ
495 3803 748 3874 δευτέρου
812 3806 921 3858 τῶν
969 3807 1273 3878 Θησαυρῶν
1328 3811 1581 3880 περὶτῆς
1611 3812 1704 3864 τοῦ

121 3895 442 3964 Πνεῦματος
495 3897 783 3967 ὑπάρξεως
830 3899 1095 3966 θεολογῶν
1160 3901 1188 3952 ό
1255 3901 1706 3969 θαυμασιώτατος

120 3984 412 4054 Κύριλλος.
457 3985 730 4049 Ὡσαύτως
761 3990 1053 4058 τοιγαροῦν
1100 3990 1338 4044 ἐνταῦθα
1391 3991 1550 4060 κάγὼ
1605 3996 1706 4061 τὴν

119 4073 189 4127 δι’
251 4073 386 4125 Υἱοῦ
419 4075 604 4144 φωνὴν
663 4079 755 4129 ἐπί
803 4095 864 4130 τε
915 4080 1009 4131 τοῦ
1069 4081 1388 4150 Πνεύματος
1446 4085 1540 4135 καὶ
1596 4085 1705 4136 τῶν

123 4165 444 4234 κτισμάτων
493 4167 912 4237 ἀποδεχόμενος,
945 4171 1284 4239 κατάλληλον
1347 4173 1563 4241 ἑκάστῳ
1597 4190 1706 4224 πα-

124 4259 355 4329 ρέχομαι
415 4257 513 4328 τήν
565 4261 825 4324 διάνοιαν,
888 4262 948 4314 τὸ
1003 4265 1101 4330 μὲν
1157 4263 1384 4332 Πνεῦμα
1437 4263 1506 4316 δι’
1575 4264 1705 4316 Υίοῦ

119 4352 302 4417 λέγων
332 4351 600 4420 ὑπάρχειν
629 4354 874 4422 φυσικῶς
923 4354 1020 4406 καὶ
1047 4355 1350 4418 οὑσιωδῶς,
1408 4357 1530 4408 ἐπεὶ
1572 4357 1707 4425 μηδὲ

121 4442 365 4497 νοεῖσθαι
395 4442 553 4495 τοῦτο
584 4446 831 4514 πέφυκεν
862 4447 1018 4508 ὲκτὸς
1047 4446 1141 4498 τοῦ
1180 4448 1544 4514 Μονογενοῦς’
1606 4450 1706 4516 τὴν

117 4534 175 4585 δὲ
236 4533 417 4584 κτίσιν
471 4531 617 4585 εἶναι
673 4533 741 4585 δι’
802 4533 953 4598 Υίοῦ,
1013 4537 1149 4604 μηδὲ
1202 4537 1311 4604 γὰρ
1381 4539 1553 4606 χωρὶς
1607 4526 1703 4590 τοῦ
1739 4517 1782 4571 Π

119 4610 302 4690 Ιιόγοὺ
341 4623 547 4692 ταύτην
577 4625 697 4688 ἐξὸν
730 4628 991 4694 συστῆναι
1039 4644 1192 4690 ποτε,
1254 4629 1554 4697 ποιητικῶς
1618 4634 1712 4682 καὶ

122 4717 540 4784 δημιουργικῶς
588 4717 730 4769 κατὰ
764 4717 865 4786 τὴν
902 4718 1012 4770 τῶν
1057 4719 1319 4782 Πατὲρων
1350 4720 1501 4772 Θείαν
1534 4723 1714 4790 παρά-

121 4808 293 4870 δοσιν,
352 4807 474 4876 ἥτις
527 4809 621 4860 καὶ
669 4809 782 4870 τοῖς
820 4812 990 4861 πᾶσιν
1037 4811 1119 4871 είς
1147 4810 1334 4880 κοινὴν
1375 4812 1610 4880 κατέστη
1655 4812 1714 4863 τὸ

123 4896 238 4948 ἀπὸ
262 4895 418 4949 τοῦδε
468 4900 564 4950 καὶ
621 4897 1029 4968 ἀναμφίλεκτον
1083 4900 1314 4952 ἔννοιαν.
1353 4900 1478 4953 Ὀτι
1531 4902 1586 4952 δὲ
1625 4902 1713 4953 διὰ

131 4987 260 5041 Υἱοῦ
305 4988 366 5040 τό
395 5005 454 5040 τε
498 4988 726 5058 Πνεῦμα
787 4992 847 5042 τὸ
906 4991 1087 5058 ἅγιον,
1123 4993 1216 5044 καὶ
1270 4993 1302 5061 ἡ
1344 4993 1521 5054 κτίσις
1570 4994 1710 5057 ἐστὶ,

128 5081 429 5151 ι’ρηγόριος
457 5082 485 5132 ό
518 5081 796 5148 Νύσσης-ό
835 5083 1000 5145 πολὺς
1028 5086 1086 5133 ὲν
1137 5087 1258 5153 τοῖς
1281 5083 1443 5145 θείοις
1477 5085 1712 5154 δόγμασι

128 5178 226 5226 καὶ
259 5171 628 5242 περίϐλεπτος
671 5174 859 5240 σαφῶς
909 5174 1262 5242 διετράνωσε,
1321 5175 1416 5226 κα³ι
1451 5174 1551 5244 τὴν
1600 5176 1714 5226 δια-

130 5266 305 5336 φορὰν
355 5263 681 5333 διαπρύσιον
740 5263 1067 5334 ἀνεκήρυξε.
1149 5264 1291 5334 Φησὶ
1351 5267 1461 5335 γὰρ
1523 5267 1580 5316 ὲν
1635 5266 1713 5334 τῷ

131 5356 338 5428 πρώτῳ
398 5357 507 5410 τῶν
571 5359 710 5427 πρὸς
777 5357 1045 5426 Εὐνόμιον
1091 5359 1522 5428 ’Δντιρρητικῶν
1556 5375 1570 5388 ·
1640 5361 1708 5411 Τὸ

132 5449 377 5517 Πνεῦμα
419 5447 501 5514 τῷ
533 5449 718 5516 Harp!
755 5449 907 5503 κατὰ
938 5451 1004 5503 τὸ
1061 5450 1351 5504 ἀκτιστον
1405 5457 1711 5506 συναπτό-

127 5557 337 5609 μενον,
386 5542 573 5594 πὰλιν
629 5541 731 5595 ἀπ’
791 5543 980 5596 αὐτοῦ
1032 5541 1113 5607 τῷ
1159 5544 1244 5611 μὴ
1287 5547 1490 5612 Πατὴρ
1536 5541 1709 5609 εἶναι,

132 5633 399 5699 καθάπερ
429 5633 685 5700 ἐκεῖνος,
718 5634 1141 5702 διαχωρίζεται.
1176 5635 1296 5701 Τῆς.
1327 5637 1396 5688 δὲ
1435 5636 1585 5702 πρὸς
1610 5636 1715 5688 τὸν

134 5725 269 5778 Υίύν
313 5726 463 5778 κατὰ
512 5727 576 5778 τὸ
623 5726 912 5780 ἆκτιστον
959 5730 1301 5796 συναφείας
1349 5731 1453 5782 καὶ
1509 5730 1577 5781 ἐν
1630 5727 1710 5792 τῷ

133 5818 248 5887 τὴν
277 5820 474 5873 ιιίτίαν
505 5818 614 5889 τῆς
646 5822 962 5889 ὑπάρξεως
999 5823 1064 5875 ἐκ
1096 5824 1198 5877 τοῦ
1235 5823 1382 5877 Θεοῦ
1411 5822 1527 5877 τῶν
1551 5823 1712 5878 ὅλων

1809 3275 1874 3314 ex
1914 3259 2024 3314 Deo
2076 3260 2525 3328 quemadmodum
2563 3272 2611 3313 et
2647 3258 2924 3325 Spiritum.
2974 3257 3076 3310 llic
3125 3258 3263 3308 enim
3313 3265 3388 3308 est

1809 3351 2130 3403 naturaliter
2179 3351 2236 3402 in
2269 3367 2328 3402 eo
2382 3351 2659 3412 exsisteus,
2710 3359 2757 3401 et
2814 3349 3168 3402 essentialiter
3226 3347 3391 3400 inluc-

1809 3459 1949 3502 reus,
1980 3450 2036 3493 ut
2064 3443 2137 3494 ita
2167 3440 2430 3504 dicamus,
2457 3451 2506 3492 et
2537 3441 2758 3493 indivise
2787 3441 2849 3491 ab
2882 3443 2994 3508 ipso
3029 3440 3299 3505 prodiens.
3335 3450 3386 3491 et

1808 3537 1916 3590 Iuttc
1943 3545 2066 3586 sunt
2105 3534 2330 3585 actionis
2371 3548 2529 3599 opera
2578 3541 2625 3585 et
2686 3532 2921 3599 factura,
2960 3531 3155 3599 scribit
3189 3529 3240 3582 in
3279 3545 3388 3582 uno

1810 3630 2046 3693 (-apitutu
2088 3625 2311 3680 secundi
2356 3623 2792 3685 'l‘besauroruiu,
2833 3625 2899 3676 de
2946 3623 3181 3690 Spiritus
3237 3623 3387 3674 exsi-

1811 3721 2011 3774 stcntia
2051 3719 2378 3780 decernens,
2429 3733 2592 3785 quam
2638 3717 2876 3770 maxime
2911 3715 3249 3768 admirabilis
3285 3714 3389 3782 Cy-

1812 3810 1990 3862 rillus.
2038 3806 2368 3860 Pari/modo
2417 3807 2604 3874 itaque
2649 3805 2739 3860 hic
2795 3822 2894 3872 ego
2926 3820 3146 3872 queque
3198 3819 3387 3856 vocem

1808 3915 1901 3963 per
1931 3898 2135 3952 Filium
2182 3899 2247 3952 de
2288 3898 2493 3964 Spiritu
2529 3907 2583 3950 et
2619 3897 2782 3950 rebus
2837 3898 3036 3948 creatis
3070 3909 3388 3956 assumens,

1811 4000 2206 4058 congruentem
2245 3989 2462 4057 utrique
2507 3989 2830 4042 sententiam
2863 3987 3096 4054 appliro,
3128 3986 3386 4051 Spiritqu

1807 4097 1904 4150 per
1953 4079 2150 4132 Filium
2207 4094 2462 4132 asserens
2518 4079 2840 4131 naturaliter
2902 4087 2956 4130 et
3025 4076 3392 4129 cssentialitcr

1809 4172 2091 4236 exsistere,
2123 4186 2242 4224 eum
2276 4187 2373 4223 uec
2405 4171 2617 4238 concipi
2659 4171 2812 4223 illum
2857 4170 2936 4222 fas
2969 4170 3038 4222 sit
3072 4179 3222 4220 extra
3259 4167 3389 4220 Uni-

1811 4263 2052 4331 geuitum
2090 4271 2419 4316 :creaturas
2470 4277 2600 4315 vero
2639 4277 2764 4316 esse
2806 4277 2897 4330 per
2943 4259 3164 4319 Filium,
3216 4274 3392 4327 neque.

1811 4359 1957 4411 enim
2007 4355 2214 4426 absque
2245 4340 2436 4409 ‘Verbo
2465 4357 2710 4408 construi
2755 4369 2994 4421 unquam
3041 4354 3389 4421 potuissent;

1813 4450 1908 4503 sed
1957 4449 2122 4502 modo
2169 4448 2489 4510 creatiouis,
2534 4457 2586 4500 et
2635 4447 2970 4514 reliquorum
3024 4444 3392 4513 Opiﬁciornm,

1815 4547 2116 4598 secundum
2148 4545 2386 4597 divinam
2424 4543 2646 4595 Patrum
2687 4543 3060 4605 traditionem,
3092 4555 3213 4609 qua:
3250 4555 3394 4591 nunc

1815 4637 1976 4687 etiam
2004 4636 2251 4687 omnium
2288 4635 2600 4687 communis
2648 4644 2702 4686 et
2743 4633 3083 4685 indubitatus
3117 4640 3198 4685 est
3233 4633 3395 4684 intel-

1815 4725 2010 4779 lectus.
2067 4725 2170 4780 Sed
2214 4741 2338 4794 'per
2374 4725 2570 4778 Filium
2620 4735 2674 4777 et
2723 4725 2985 4792 Spiritum
3021 4732 3293 4782 sanctum,
3340 4734 3393 4775 et

1815 4827 2126 4870 creaturam
2168 4831 2292 4870 esse
2334 4815 2632 4881 Gregorius
2669 4813 2948 4884 Nysseuus
3001 4815 3051 4866 in
3112 4815 3393 4868 tradendis

1818 4910 1994 4962 sacris
2025 4909 2372 4977 dogmatibus
2410 4908 2630 4961 divinus
2659 4916 2826 4974 atque
2855 4906 3190 4973 conspicuus
3217 4905 3391 4970 palam

1815 5000 2132 5064 declaravit,
2170 5007 2224 5052 et
2263 4998 2559 5052 discrimen
2606 4998 2927 5051 clarissimis
2972 4997 3156 5049 verbis
3201 4997 3391 5048 edixit.

1816 5091 2007 5145 Tradit
2035 5093 2180 5144 enim
2232 5092 2283 5143 in
2319 5092 2494 5158 primo
2531 5091 2795 5144 adversus
2849 5088 3180 5141 Eunomiqu
3209 5089 3396 5140 Antir—

1819 5185 2028 5238 rhclico
2063 5201 2076 5237 :
2107 5183 2342 5252 Spiritus
2395 5181 2550 5234 Patri
2606 5182 2892 5234 secundum
2937 5181 3076 5246 quod
3133 5180 3396 5231 increatus

1816 5285 1917 5337 est,
1952 5274 2311 5343 conjungitur,
2349 5289 2637 5343 rursusque
2671 5273 2733 5324 ab
2771 5289 2850 5335 eo,
2883 5273 3021 5340 quod
3054 5271 3393 5340 quemadmo-

1815 5373 1941 5418 dum
1989 5366 2081 5418 ille
2125 5365 2288 5418 Pater
2317 5382 2422 5417 non
2458 5375 2558 5429 est,
2604 5375 2885 5428 separatur
2918 5381 2933 5418 .'
2971 5365 3314 5431 conjungitur
3346 5374 3393 5414 rt

1820 5455 1960 5508 Filio
1994 5457 2276 5509 secundum
2314 5459 2452 5527 quod
2485 5458 2750 5508 increatus
2785 5469 2882 5518 est,
2912 5466 2957 5508 et
2993 5461 3131 5525 quod
3175 5471 3391 5506 causam

1813 5550 2136 5602 exsistentia
2166 5563 2230 5601 ex
2261 5552 2495 5600 omnium
2522 5549 2627 5600 Deo
2659 5549 2873 5612 habeat,
2908 5565 3195 5618 rursusque
3219 5549 3389 5614 sejun-

1814 5643 1958 5706 g,itur
2000 5642 2342 5708 proprietate,
2388 5643 2526 5709 quod
2563 5659 2664 5694 non
2708 5651 2956 5711 tanquam
2991 5643 3288 5709 unigenitus
3330 5657 3391 5690 ac

1817 5733 1979 5784 Putre
2009 5734 2266 5798 subsistit,
2293 5743 2341 5786 et
2367 5735 2506 5802 quod
2538 5751 2629 5803 per
2676 5736 2845 5801 ipsum
2881 5732 3082 5786 Filium
3115 5738 3384 5799 apparuit.

1816 5825 2120 5896 Rursusque
2147 5845 2263 5882 cum
2305 5837 2552 5885 creatura
2591 5846 2682 5897 per
2715 5827 2913 5882 Fiiium
2947 5828 3284 5894 substititsct,
3327 5843 3386 5880 ue
