4132 6498
601 437 734 501 1087

1635 444 2055 506 CONSTANTI
2069 445 2152 504 NI
2196 443 2531 506 MELITEN
2545 441 2734 503 IOT.E

3739 441 3901 505 1088

599 547 718 609 sole
754 553 1034 602 emanant.
1069 555 1120 599 et
1174 562 1370 602 manus
1418 563 1480 602 es
1511 565 1742 619 corpore
1766 553 1886 605 dua.-
1913 567 2180 605 enascun-

2301 550 2633 617 προτυχοῦσι,
2671 551 2762 601 ναὶ
2791 551 2976 619 χεῖρες
3006 549 3071 601 lx
3094 547 3192 602 τοῦ
3222 547 3475 620 σώματος
3505 546 3600 602 δύο
3625 565 3897 624 συνανα-

596 645 709 696 tur,
751 646 802 689 et
859 638 911 688 in
946 639 1221 691 Inisunam
1281 653 1569 707 separans,
1607 640 1660 694 in
1714 641 1962 707 utrisque
2022 641 2214 694 facile-

602 743 773 778 unum
811 728 1018 791 alisque
1050 728 1158 781 alio
1181 730 1631 794 considerarero,
1680 745 1804 784 cum
1844 745 1950 783 non
1987 745 2180 785 neces-

600 809 749 871 sario
777 818 1065 870 attraltant
1108 817 1162 872 ln
1200 818 1283 872 his
1319 821 1595 881 omnibus.
1623 836 1744 888 ηυδε
1776 822 1829 872 in
1859 837 2182 886 unaquaque

602 905 749 967 serie
778 912 1020 979 neglecta
1050 921 1212 965 sunt:
1233 912 1431 966 Verum
1462 916 1527 966 de
1559 909 1698 966 Filio
1727 922 1780 966 et
1814 914 2023 982 Spiritu
2079 917 2181 968 ali-

604 1011 688 1055 ter
715 1013 822 1056 est.
887 1000 1006 1054 Non
1044 1011 1221 1069 potest
1277 1018 1503 1071 prorsus
1563 1001 1733 1058 Filius
1776 1004 2026 1074 intelligi,
2076 1005 2182 1058 nisi

601 1106 728 1142 cum
759 1106 826 1144 eo
872 1107 977 1144 una
1014 1091 1315 1146 adducatur
1343 1091 1604 1160 Spiritus,
1642 1108 1742 1145 nec
1768 1092 1876 1148 nisi
1909 1107 2016 1145 una
2051 1107 2184 1145 enn-

598 1182 828 1252 junctus
864 1191 921 1234 et
961 1181 1188 1235 minime
1221 1192 1505 1250 separatus
1537 1197 1566 1235 a
1601 1182 1740 1237 Filio
1779 1182 2036 1252 Spiritus.
2071 1183 2188 1236 Sic-

603 1272 680 1323 uti
704 1278 759 1322 et
789 1270 854 1324 de
888 1285 1141 1323 sermone
1190 1281 1242 1323 et
1281 1270 1410 1325 ﬂatu
1461 1288 1643 1326 sermo
1668 1285 1770 1325 est.
1827 1288 1951 1336 quae
1996 1282 2185 1338 nostra

604 1369 753 1425 sunt,
777 1369 967 1428 ειμι-ω
1002 1361 1122 1412 aliis
1155 1376 1185 1414 a
1224 1359 1335 1414 Deo
1393 1361 1678 1416 instructis
1723 1361 1978 1416 Patribus
2025 1363 2079 1415 in
2106 1377 2190 1415 re-

604 1454 709 1508 bus
731 1453 1044 1520 theologicis
1062 1453 1360 1520 symbolice
1385 1466 1740 1524 usurpantur,
1757 1470 1990 1523 quorum
2017 1471 2185 1509 tinum

608 1557 708 1610 per
742 1542 1002 1608 alterum,
1030 1543 1256 1611 spiritus
1305 1559 1498 1614 nempe
1537 1562 1632 1613 per
1657 1561 1966 1600 sermonem
2010 1546 2188 1614 palam

603 1648 669 1687 ex
708 1645 890 1686 mente
917 1634 1539 1706 progreditur,indeque
1569 1638 2012 1704 conjunctbuem
2033 1637 2190 1690 uniu-

605 1738 842 1792 nemque
883 1732 1118 1790 utraque
1154 1727 1455 1795 possident.
1491 1729 1672 1792 Quare
1699 1727 1937 1797 Spiritus
1965 1737 2189 1782 sanctus

604 1829 716 1867 non
764 1815 1084 1894 intelligitur
1130 1833 1237 1872 una
1277 1833 1399 1872 cum
1441 1816 1603 1885 Filio,
1657 1821 1801 1888 quod
1849 1821 2011 1872 simul
2061 1835 2186 1873 cum

2283 637 2532 705 φύονταιο
2586 638 2690 690 κάν
2750 638 2980 700 ταύταις
3025 636 3124 708 τὴν
3186 637 3317 708 μίαν
3349 637 3727 707 ἀποστήσας,
3777 636 3900 690 καὶ

2281 727 2403 780 κατ’
2437 728 2745 798 ἀμφότερον
2772 727 3014 797 εὐχερῶς
3066 727 3175 798 [χω
3217 727 3338 806 τῆς..
3368 727 3538 798 ἄλλης
3567 727 3703 780 ἄνευ
3740 728 3900 780 ἑπό-

2280 819 2479 885 ψεσθαι
2508 859 2523 879 .
2578 817 2652 887 μὴ
2713 818 3197 889 συνεφελκομένων
3248 818 3586 887 ἀναγκαίως·
3618 819 3680 870 έν
3732 820 3896 878 πᾶσι

2279 909 2492 970 τούτοις
2525 909 2634 961 τῶν
2673 908 2809 962 ,καθ’
2853 909 3096 982 ἑκάστην
3151 927 3242 979 μοι
3277 912 3596 978 συστοιχίαν
3638 909 3897 963 ἀπολει-

2284 1000 2529 1067 φθέντων
2605 1001 2967 1071 μηδοπωσοῡν
3081 999 3206 1054 Ἐπὶ
3245 984 3326 1054 ’δὲ
3395 995 3489 1052 τοῦ
3557 998 3690 1051 nos
3776 999 3897 1052 καὶ

2283 1091 2378 1143 τοῦ
2448 1091 2786 1162 Πνεύματος,
2872 1093 2974 1145 οὐκ
3042 1091 3191 1144 εστιν
3238 1092 3373 1154 ὅλως
3409 1088 3499 1143 τὸν
3550 1087 3681 1141 Υίδν
3741 1087 3894 1158 νοῆ·

2288 1198 2426 1243 σαι,
2491 1181 2564 1251 μὴ
2632 1183 2694 1234 τὸ
2741 1181 2974 1252 Πνεῦμα
3052 1182 3502 1251 συνεπαγόμενον
3533 1221 3568 1249 ,ν
3611 1179 3740 1233 οὐδὲ
3817 1178 3891 1230 τὸ

2288 1273 2510 1342 Πνεῦμα
2540 1272 2819 1342 θεωρῆσαι
2871 1277 2946 1344 μὴ
2975 1272 3200 1344 τῷΎὶᾦ
3229 1271 3575 1342 συνημμένον
3609 1268 3888 1338 ἁδιεχῶς,

2287 1366 2478 1432 ὥσπερ
2533 1364 2672 1417 κάπὶ
2723 1367 2819 1418 τοῦ
2870 1363 3002 1434 παρ’
3051 1365 3187 1435 ἡμῖν
3213 1365 3375 1432 λόγου
3410 1363 3506 1416 καὶ
3548 1361 3891 1435 πνεύματος

2288 1455 2396 1508 τῶν
2450 1457 2542 1526 καὶ
2592 1455 2794 1524 μᾶλλον
2829 1457 2943 1518 τοῖς
2999 1454 3285 1523 θεοσόφοις
3332 1453 3441 1506 τῶν
3469 1448 3735 1521 Πατέρων
3773 1438 3884 1502 ἀπὶ

2289 1543 2389 1612 τῆς
2449 1542 2733 1612 θεολογίας
2786 1544 3220 1616 λαμϐανομένων
3269 1541 3636 1612 συμϐολικῶς⁶
3680 1533 3757 1595 ὧν
3818 1537 3890 1590 τὸ

2289 1637 2478 1706 ἕτερον
2503 1637 2590 1690 διὰ
2619 1636 2714 1690 τοῦ
2749 1637 2963 1708 ἑτέρου,
2996 1635 3247 1690 τουτέστι
3289 1633 3350 1687 τὺ
3381 1631 3601 1701 πνεῦμα
3655 1629 3748 1683 διὰ
3777 1627 3888 1682 τοῦ

2291 1727 2448 1792 λόγου
2476 1727 2725 1795 πρόεισιν
2757 1727 3008 1798 ιναργῶς
3059 1729 3124 1781 ὲκ
3151 1725 3246 1780 τοῦ
3279 1723 3395 1788 νοῦ,
3422 1708 3731 1777 κάντεῦθεν
3780 1720 3889 1773 καὶ

2294 1819 2395 1886 τὴν
2458 1818 2822 1887 ἀλληλουχίαν
2887 1816 3181 1874 πλουτοῦσι
3247 1817 3340 1868 καὶ
3395 1815 3493 1884 τὴν
3544 1811 3884 1878 συνάφειαν.

605 1919 675 1960 eo
704 1919 770 1958 ex
800 1893 964 1961 Patre
1011 1909 1260 1975 exsistit;
1297 1911 1378 1964 sic
1443 1913 1589 1964 enim
1641 1921 1698 1966 et
1743 1913 1796 1964 in
1849 1904 1957 1964 illis’
1998 1912 2188 1978 priuzis

2301 1909 2455 1960 Ὥστε
2481 1909 2574 1960 καὶ
2595 1908 2656 1959 τὸ
2687 1907 2914 1976 Πνεῦμα
2941 1907 3003 1960 τδ
3031 1907 3191 1976 ἅγιον
3220 1908 3281 1960 οὐ
3313 1906 3614 1959 συννοεῖται
3653 1901 3735 1971 τῷ
3758 1900 3886 1977 ΥΞῷ

611 1994 932 2064 coniugatis
987 2012 1098 2050 uno
1137 2007 1424 2067 assumpto
1467 2011 1787 2069 sequeretur
1823 2013 1874 2053 et
1903 2000 2134 2052 alterum
2175 2017 2189 2051 :

594 2086 776 2140 simul
827 2087 977 2141 enim
1038 2103 1104 2142 ex
1168 2090 1394 2159 proprio
1442 2091 1712 2160 principio
1764 2101 1994 2159 utraque
2032 2101 2192 2144 sunt.

595 2171 770 2234 'Nunc
822 2194 954 2234 vero
1002 2191 1090 2235 res
1145 2181 1306 2235 aliter
1344 2197 1404 2237 se
1433 2182 1616 2244 habet,
1667 2183 1811 2250 quod
1867 2196 2035 2235 unum
2098 2195 2194 2249 per

611 2271 759 2325 aliud
800 2286 1034 2343 prorsus
1057 2288 1166 2328 non
1211 2281 1315 2328 est.
1384 2275 1554 2342 Igitur
1600 2274 1981 2344 inseparabilis
2033 2281 2117 2328 est
2163 2288 2194 2326 a

615 2359 750 2415 Filio
805 2362 1044 2431 Spiritus
1101 2375 1346 2428 sanctus,
1395 2366 1542 2434 quod
1579 2381 1678 2434 per
1725 2365 1905 2434 ipsum
1946 2379 1976 2418 a
2037 2363 2198 2417 Patre

615 2453 994 2508 cxsistentiam
1025 2455 1208 2508 habet.
1242 2455 1712 2521 Quemadmodum
1735 2455 1898 2508 etiam
1925 2455 2202 2508 humanus

611 2530 774 2598 l'l'atus
823 2558 852 2598 a
885 2555 1067 2600 mente
1106 2562 1203 2615 per
1225 2562 1534 2601 sermonem
1560 2545 1860 2615 egreditur.
1908 2543 2061 2600 Licet
2082 2546 2200 2600 haec

611 2652 835 2706 quoque
865 2639 1190 2708 gravissime
1213 2641 1562 2705 dissentiant,
1596 2655 1696 2694 nec
1731 2641 1842 2694 ullo
1877 2639 2036 2692 modo
2062 2652 2195 2693 con-

612 2728 837 2780 veniant
869 2737 1127 2798 tanquam
1159 2745 1282 2803 qua
1308 2731 1513 2800 absque
1540 2730 1660 2800 byp:
1683 2730 1815 2784 stasi
1842 2738 1988 2783 sunt.
2017 2727 2081 2782 Et
2110 2742 2198 2782 so-

615 2817 754 2871 lutio
784 2834 1029 2887 praesens
1057 2823 1231 2889 aquis
1253 2822 1596 2877 auditoribus
1618 2821 1832 2875 abunde
1866 2819 2050 2874 fuerit.

2289 1999 2378 2053 διὰ
2401 1999 2459 2051 τὸ
2491 2001 2863 2069 συνυπάρχειν
2889 1989 3053 2068 αὐτῷ’
3085 1999 3240 2069 παρὰ
3267 1999 3362 2051 τοῦ
3409 1983 3656 2065 ’Πατρόςθ
3762 1994 3883 2061 γὰρ

2291 2090 2357 2144 ἂν
2377 2093 2510 2143 κάπὶ
2543 2091 2653 2142 τῶν
2708 2092 2941 2159 πρώτων
3004 2092 3230 2144 ἐκείνων
3282 2089 3561 2166 συζυγιῷν
3607 2085 3705 2140 1ιὀῦ
3755 2085 3887 2148 ἑνὸς

2291 2180 2708 2250 λαμϐανομένου
2741 2181 3126 2252 συνηκολούθει
3157 2183 3251 2236 καὶ
3277 2182 3336 2234 τὸ
3381 2178 3590 2233 λοιπόν·
3619 2177 3740 2247 ἅμα
3765 2179 3885 2245 γὰρ

2292 2274 2359 2326 εκ
2383 2273 2487 2341 τῆς
2515 2273 2724 2336 οίκείας
2767 2275 2941 2344 ἀρχῆς
2981 2273 3078 2326 καὶ
3141 2274 3452 2344 ἀμφότερα.
3504 2270 3614 2323 Νῦν
3664 2269 3722 2322 δὲ
3777 2268 3884 2338 οὐχ

2293 2363 2458 2417 οῦτωο
2487 2364 2707 2427 πάντως
2737 2366 2820 2419 δτι
2855 2368 2929 2435 μὴ
2956 2363 3046 2415 διὰ
3080 2363 3175 2416 τοῦ
3205 2364 3397 2432 ἑτέρου
3447 2363 3509 2416 τὸ
3547 2362 3740 2428 ἓτερον
3784 2359 3878 2412 πέ-

2298 2472 2488 2524 φυκεν.
2531 2456 2744 2509 Οὐκοῦν
2779 2455 3086 2528 ἀχώριστον
3140 2455 3236 2508 τοῦ
3281 2453 3417 2507 Υίοῦ
3441 2453 3515 2509 τὺ,
3553 2450 3785 2519 Πνεῦμα
3819 2449 3884 2503 τδ

2301 2547 2481 2614 ἅγιον,
2509 2547 2592 2600 ὅτι
2617 2545 2690 2600 δι’
2723 2547 2887 2601 αὑτοῦ
2919 2549 3018 2619 τὴν
3045 2545 3282 2618 ὕπαρξιν
3308 2545 3421 2616 εχει
3451 2543 3601 2613 παρὰ
3630 2540 3881 2610 Πατρός·

2299 2639 2372 2700 ὡς
2405 2639 2500 2691 καὶ
2532 2638 2595 2691 τὸ
2632 2638 2732 2692 τοῦ
2778 2639 3073 2709 ἀνθρώπου
3100 2637 3319 2706 πνεῦμα
3351 2636 3502 2706 παρὰ
3529 2633 3627 2686 τοῦ
3667 2630 3760 2684 νοῦ
3793 2630 3884 2684 διὰ

2301 2729 2401 2782 τοῦ
2426 2729 2588 2798 λόγου
2635 2731 2987 2802 προέρχεται·
3052 2731 3157 2784 κᾶν
3216 2731 3297 2784 ὅτι
3344 2728 3584 2799 μάλιστα
3613 2723 3751 2777 πολὺ
3790 2722 3882 2775 καὶ

2309 2820 2488 2874 ταῦτα
2515 2822 2576 2873 τδ
2605 2822 2953 2890 ἀπεμφαῐνον
2976 2820 3265 2889 αὐχοῦσιν,
3298 2819 3374 2883 ὡς
3407 2817 3760 2874 ἀνυπόστατα
3786 2811 3884 2866 καὶ

616 2907 938 2962 ἁπεοιιεότα.
1011 2910 1282 2965 Ἐνταῦθά
1335 2929 1426 2977 μοι
1483 2912 1578 2962 καὶ
1623 2910 1694 2964 τὰ
1756 2911 1856 2981 τῆς
1908 2903 2192 2980 παρούσης
2257 2909 2577 2978 ἀρκούντως
2624 2912 2738 2973 τοῖς
2773 2909 3083 2987 εὐγνώμοσι
3111 2909 3220 2962 τῶν
3243 2907 3531 2978 ἀκροατῶν
3564 2903 3883 2959 ἀποδέδοται

613 2997 844 3062 λύσεως.

690 3153 782 3208 ‘29.-
811 3153 947 3207 Cum
999 3169 1130 3210 vero
1167 3157 1336 3210 semel
1377 3156 1443 3209 ad
1490 3171 1772 3211 sermones
1819 3157 1886 3210 de
1933 3156 2197 3226 exemplis

620 3232 810 3298 nostra
843 3244 1021 3297 oratio
1057 3258 1346 3312 progressa
1376 3254 1481 3305 est.
1523 3261 1632 3298 non
1684 3245 1786 3301 abs
1812 3261 1870 3299 re
1900 3243 2066 3299 fuerit
2091 3247 2199 3311 illa,

620 3348 744 3402 quae
773 3334 985 3389 scilicet
1013 3334 1069 3394 in
1099 3335 1340 3403 propriis
1362 3336 1772 3389 commentariis
1807 3335 2022 3404 pietatis
2048 3328 2205 3390 iusti-'-

632 3434 845 3479 tutores
879 3440 942 3479 ac
974 3426 1220 3494 magistri
1257 3435 1618 3494 usurparunt,
1650 3427 1727 3480 uti
1746 3437 1910 3489 sunt,
1962 3427 2017 3480 in
2074 3442 2206 3481 exa-

627 3531 750 3570 men
823 3519 1130 3581 adducere,
1190 3518 1331 3585 quod
1405 3515 1548 3570 forte
1601 3517 1904 3586 legentibus
1958 3532 2206 3586 percom-

626 3609 849 3663 modum
905 3608 1084 3664 cadet.
1144 3607 1368 3662 Oculum
1422 3609 1742 3674 quemdam,
1797 3622 1842 3663 et
1901 3611 2122 3678 fontem,
2157 3618 2205 3662 et

629 3701 876 3769 fluvium,
941 3717 1172 3769 magnus
1201 3701 1518 3770 Gregorius,
1561 3704 1648 3755 cui
1697 3719 1726 3757 a
1773 3705 2051 3773 theologia
2083 3720 2210 3774 cog-

628 3777 827 3844 nomen
857 3798 962 3853 est,
998 3793 1242 3844 oratione
1265 3792 1332 3843 de
1367 3788 1574 3858 Spiritu
1609 3802 1804 3845 sancto
1841 3797 1936 3856 ait,
1964 3796 2208 3848 conside-

629 3885 765 3936 ναοί.
802 3881 869 3935 Ει
903 3883 1018 3936 haec
1051 3897 1116 3936 ea
1183 3882 1309 3936 aliis
1361 3883 1454 3950 qui
1497 3893 1622 3936 ante
1657 3884 1832 3951 ipsum
1873 3885 2207 3951 claruerunt,

631 3990 757 4028 cum
789 3975 1138 4043 explicasset,
1170 3973 1330 4027 sicuti
1362 3972 1502 4026 idem
1535 3968 1784 4039 testatur,
1806 3975 1966 4027 oculo
1992 3975 2208 4038 quidem

632 4066 876 4127 Patrem,
909 4065 1043 4119 fonti
1079 4064 1299 4130 Filium,
1330 4064 1495 4118 ﬂuvio
1524 4063 1787 4134 Spiritum
1821 4076 2068 4119 sanctum
2090 4082 2214 4135 pro-

625 4157 889 4227 portione
942 4157 1179 4225 quadam
1229 4157 1565 4226 respondere
1611 4171 1875 4211 assensus
1925 4167 2044 4222 est;
2086 4158 2215 4213 licet

637 4252 747 4306 alio
783 4251 947 4304 modo
983 4251 1096 4303 lucc
1141 4251 1329 4303 eadem
1385 4253 1586 4304 rursus
1623 4249 1901 4313 vitaverit,
1946 4252 2214 4304 reveritus

637 4342 905 4413 primum,
933 4354 1000 4392 ne
1045 4339 1098 4391 in
1131 4338 1421 4393 divinitate
1460 4339 1697 4405 ﬂuxum,
1746 4342 2060 4394 ﬂrmitatetn
2093 4339 2216 4394 nul-

642 4431 756 4485 lam
794 4429 1084 4484 habentem
1113 4448 1128 4494 ;
1187 4430 1516 4492 secundum,
1548 4432 1623 4485 uti
1651 4431 1742 4485 illa
1785 4447 2013 4486 numero
2046 4446 2216 4486 unum

2379 3154 2485 3208 κθ’.
2525 3152 2682 3206 Ἐπεὶ
2701 3153 2748 3206 δ’
2778 3151 2927 3218 ἅπαξ
2958 3154 3040 3214 εἰς
3084 3153 3210 3215 τοὺς
3244 3153 3374 3220 περὶ
3399 3151 3509 3204 τῶν
3542 3149 3878 3220 ύποϐειγμά·

2305 3263 2416 3300 των
2438 3245 2634 3312 λόγους
2657 3246 3028 3313 κατέστημεν,
3092 3243 3257 3296 καλὸν
3289 3243 3356 3295 ἂν
3385 3243 3472 3311 εἰη
3517 3241 3613 3294 καὶ
3649 3241 3720 3293 τὰ
3751 3239 3878 3310 περὶ

2303 3337 2529 3402 τούτων,
2573 3339 2674 3390 ὅσα
2712 3335 2912 3406 δηλαδὴ
2943 3338 3056 3397 τοῖς
3103 3337 3328 3399 οἰκείοις
3373 3341 3807 3404 συγγράμμασιν
3832 3334 3880 3385 oi

2305 3429 2405 3499 τῆς
2438 3425 2727 3490 εὐσεϐείας
2767 3426 2986 3491 ἐξεῖπον
3017 3425 3361 3492 στοιχειωταὶ
3391 3423 3488 3476 καὶ
3548 3421 3878 3487 διδάσκαλοι,

2306 3517 2562 3587 καθάπερ
2617 3519 2753 3580 ἐστὶ,
2826 3516 3141 3582 διεξελθεῖν,
3177 3515 3310 3577 ίσως
3350 3515 3415 3566 ὲκ
3461 3511 3674 3565 τούτων
3722 3513 3882 3566 πλέον

2307 3611 2373 3664 ἄν
2403 3626 2457 3661 τι
2475 3609 2688 3676 γένοιτο
2714 3609 2823 3669 τοῖς
2856 3606 3283 3676 ἐντυγχάνουσιν
3313 3604 3522 3672 ϐφελος.
3541 3601 3884 3671 Ὀφθαλμόν

2308 3716 2443 3752 τινα
2481 3701 2580 3753 καὶ
2614 3701 2841 3766 πηγὴν,
2883 3697 2984 3751 καὶ
3041 3697 3330 3766 ποταμὸν,
3369 3698 3397 3748 ό
3439 3695 3612 3765 μέγας
3645 3695 3882 3765 τΓρηγόο

2312 3803 2426 3858 ριος
2453 3791 2482 3840 ὁ
2504 3789 2602 3857 τῆς
2629 3789 2910 3855 θεολογίας
2944 3788 3235 3855 ἐπώνυμος
3269 3792 3325 3840 ὲν
3357 3787 3434 3856 τῷ
3461 3787 3591 3856 περὶ
3632 3786 3877 3857 Πνεύμαο

2309 3881 2399 3944 τός
2429 3895 2615 3949 φησιν,
2644 3879 2968 3946 ἐνενόησα,
2999 3881 3092 3932 καὶ
3122 3877 3297 3931 ταῦτα
3327 3878 3445 3929 κατ’
3481 3876 3680 3939 ἄλλους
3709 3880 3880 3946 ἀπαγ-

2311 3972 2500 4038 γείλας
2527 3970 2636 4025 τῶν
2670 3971 2776 4042 πρὸ
2803 3971 2991 4034 αὐτοῦ,
3023 3971 3205 4033 καθὼς
3247 3971 3406 4030 αὐτὸς
3437 3962 3593 4030 οὗτος
3650 3969 3878 4045 διαμαρ-

2312 4063 2558 4132 τύρεται,
2582 4063 2660 4132 τῷ
2691 4067 2793 4128 μὲν
2821 4063 2913 4114 τὸν
2945 4062 3190 4132 Πατέρα,
3217 4065 3283 4132 τῇ
3315 4062 3371 4114 δὲ
3402 4062 3492 4113 τὸν
3540 4061 3694 4124 Υίὲιν,
3725 4060 3800 4130 τῷ
3828 4061 3880 4113 δι

2312 4156 2372 4208 τδ
2413 4140 2646 4225 Πνεῦμα
2681 4155 2742 4208 τὸ
2766 4155 2924 4224 ἅγιον
2965 4155 3247 4222 ἀναλόγως
3297 4154 3442 4223 ἔχειν
3482 4155 3758 4215 συνέθετο,
3783 4155 3879 4207 xiv

2315 4251 2363 4303 εί
2397 4249 2600 4321 τρόπον
2633 4248 2821 4317 ἕτερον
2873 4254 2942 4301 τὰ
2988 4248 3117 4317 περὶ
3165 4248 3373 4299 τούτων
3426 4245 3582 4308 αὖθις
3632 4244 3875 4315 ἐξέφυγε,

2313 4341 2496 4403 δείσας
2525 4339 2719 4410 πρῶτα
2761 4341 2860 4410 μὲν
2890 4340 2963 4410 μὴ
2995 4339 3156 4409 ῥύσιν
3178 4339 3302 4391 τινὰ
3332 4337 3590 4406 θεότητος
3615 4339 3874 4390 ὑποπτεύ-

2317 4449 2523 4502 σωμεν,
2556 4431 2746 4486 στάσιν
2778 4433 2853 4501 μὴ
2882 4431 3135 4502 ἔχουσαν,
3185 4432 3440 4501 δεύτερον
3489 4430 3546 4482 δὲ
3573 4431 3641 4482 τὸ
3661 4430 3719 4483 ἓν
3752 4425 3876 4483 εἷναι

640 4530 791 4584 sunt,
833 4521 906 4574 ita
953 4530 1010 4574 et
1040 4521 1365 4576 Trinitatem
1405 4537 1574 4574 unum
1623 4537 1744 4577 esse
1789 4520 2205 4591 suspicaremur.

2320 4522 2420 4592 τὴν
2450 4523 2676 4593 Τριάδα,
2708 4523 2962 4591 καθάπερ
2988 4524 3171 4575 ἐκεῖνα
3199 4520 3276 4589 τῷ
3309 4521 3552 4590 ἀριθμῷ.
3587 4519 3801 4574 Τούτων
3829 4522 3877 4574 δὲ

641 4614 748 4668 Sed
774 4613 1030 4668 absurdis
1057 4614 1208 4668 hisce
1241 4613 1483 4682 rejectis,
1519 4613 1751 4683 reliquis
1778 4615 2054 4679 onmibus,
2095 4631 2218 4684 quae

641 4707 696 4761 in
754 4707 862 4759 illis
927 4707 1371 4770 considerantur,
1419 4720 1704 4761 assensum
1778 4707 2032 4775 praebuit,
2070 4706 2222 4762 Hanc

634 4812 748 4868 ego
777 4798 1028 4851 similiter
1052 4797 1344 4867 imaginem
1375 4813 1682 4872 assumens,
1715 4800 1862 4868 quod
1896 4814 1964 4853 ex
1998 4799 2085 4852 illa
2110 4799 2224 4853 col-

645 4888 833 4954 ltgitur
867 4887 1202 4955 explanabo.
1236 4887 1732 4953 Quemadmodum,
1778 4889 1985 4952 dicens,
2024 4889 2222 4945 ﬂuvius

639 4996 710 5033 ex
735 4980 896 5034 oculo
934 4996 1028 5048 per
1058 4981 1261 5034 fontem
1289 4981 1610 5044 eﬂ‘unditur,
1642 4983 1713 5034 ita
1742 4994 1794 5036 et
1831 4980 2068 5050 Spiritus
2095 4998 2224 5038 san-

645 5087 768 5126 ctus
797 5087 861 5126 ex
908 5071 1066 5126 Patre
1097 5089 1190 5142 per
1226 5073 1418 5126 Filium
1452 5075 1818 5144 progreditur.
1847 5075 2056 5130 Rursus
2086 5093 2098 5129 :
2127 5074 2226 5130 So-

651 5171 752 5220 lem
799 5166 978 5218 animo
1010 5166 1243 5235 Concept',
1286 5167 1663 5222 divinissitnus
1711 5169 1800 5222 hic
1835 5168 1994 5222 Pater
2021 5169 2090 5222 de
2129 5170 2226 5222 iis-

646 5261 769 5314 dem
815 5259 870 5312 in
903 5258 1093 5314 eadem
1128 5259 1377 5311 oratione
1404 5260 1807 5327 complectitur,
1830 5269 1878 5312 et
1905 5261 2140 5322 radium,
2173 5268 2221 5314 et

652 5351 848 5402 lumen.
879 5348 1030 5402 Licet
1053 5350 1159 5404 alio
1204 5351 1366 5404 modo
1393 5350 1540 5404 illico
1584 5350 1798 5405 dictum
1852 5353 2224 5413 declinaverit,

654 5443 892 5510 primum
923 5443 1146 5505 timens,
1181 5458 1248 5496 ne
1281 5443 1727 5511 compositionem
1755 5444 1990 5512 aliquam
2021 5456 2230 5499 natura:

653 5535 1038 5603 incompositae
1095 5531 1543 5604 intelligeren‘ms,
1603 5537 1834 5590 alterum
1897 5552 1966 5590 ne
2013 5535 2227 5590 Patrem

658 5627 833 5681 solum
861 5626 1142 5695 hypostasi
1169 5628 1456 5681 donemus.
1488 5625 1684 5703 llis‘uti
1709 5643 1816 5681 non
1840 5628 2050 5695 integre
2069 5627 2232 5682 dictis

655 5718 901 5783 omissis,
922 5719 1128 5787 reliqua
1164 5718 1348 5773 omnia
1379 5718 1634 5786 imaginis
1660 5720 1904 5774 admisit.
1933 5719 1985 5772 ld
2013 5735 2232 5790 quoque

657 5823 713 5865 et
734 5828 836 5883 ego
870 5811 1167 5869 admittens
1195 5812 1530 5881 exemplum,
1566 5811 1708 5882 quod
1738 5811 1864 5868 inde
1889 5812 2234 5870 demonstra-

2321 4617 2431 4669 τῶν
2464 4616 2684 4669 ἀτόπων
2713 4614 3148 4684 ὑπεξῃρημένων
3184 4616 3292 4666 πᾶν
3341 4613 3471 4667 ἄλλο
3498 4612 3877 4682 ,θεωρούμενον

2323 4712 2381 4764 ἐν
2407 4713 2521 4772 τοῖς
2549 4707 2812 4769 τοιούτοις
2841 4710 3180 4776 προσήκατο.
3216 4706 3438 4777 Ταύτην
3467 4705 3730 4765 ὡσαύτως
3762 4705 3878 4757 ἁπο-

2323 4801 2612 4870 δεχόμενος
2635 4799 2793 4866 κάγὼ
2821 4800 2917 4868 τὴν
2943 4797 3150 4859 εἰκόνα,
3176 4798 3238 4850 τὸ
3260 4797 3321 4861 ἐξ
3369 4798 3539 4866 αὐτῆς
3594 4797 3877 4866 summa;

2327 4892 2723 4960 συναγόμενον·
2760 4891 2970 4959 Ὠσπερ
3000 4927 3014 4952 ,
3063 4888 3264 4955 λέγων,
3324 4891 3352 4941 ὁ
3417 4886 3660 4958 ποταμὸς
3717 4890 3778 4940 ἐκ
3799 4889 3878 4941 τοῦ

2326 4981 2612 5059 ὀφθαλμοῦ
2670 4983 2954 5065 προχεῖται
2985 4979 3074 5034 διὰ
3129 4981 3230 5048 τῆς
3262 4980 3468 5049 πηγῆς,
3517 4978 3662 5031 οὕτω
3702 4980 3790 5031 καὶ
3829 4979 3879 5034 τὸ

2328 5073 2552 5143 Πνεῦμα
2580 5075 2637 5124 τὸ
2677 5071 2832 5138 ἅγιον
2863 5075 2928 5123 ὲκ
2961 5071 3058 5123 τοῦ
3086 5071 3295 5141 Πατρδς
3319 5072 3406 5123 διὰ
3438 5070 3530 5123 τοῦ
3555 5069 3875 5137 Μονογενοῦς

2329 5167 2622 5238 προχωρεῖ.
2651 5165 2818 5216 Πάλιν
2845 5184 2858 5198 ·
2891 5166 3105 5220 Ἥλιον
3137 5163 3534 5232 ἐνεθυμήθην,
3565 5165 3594 5217 ό
3623 5163 3782 5225 πολὺς
3803 5155 3878 5215 οὗ-

2328 5275 2418 5320 τος
2445 5257 2514 5309 τὰ
2568 5256 2686 5308 θεῖα
2748 5257 2936 5322 Πατὴρ
2971 5256 3097 5331 περὶ
3128 5257 3240 5305 τῶν
3290 5254 3470 5305 αὐτῶν
3529 5254 3587 5304 ἐν
3632 5252 3710 5320 τῷ
3750 5254 3876 5323 αὐτῷ

2328 5348 2707 5418 διαλαμϐάνει,
2789 5347 2886 5399 καὶ
2946 5345 3179 5408 ἀκτῖνα,
3221 5345 3318 5397 καὶ
3381 5343 3504 5413 φῶς
3534 5358 3548 5374 ·
3581 5343 3684 5396 κᾶν
3732 5343 3878 5405 ἄλλως

2331 5440 2494 5502 εὐθὺς
2521 5438 2611 5490 τὸν
2674 5438 2834 5501 λόγον
2887 5433 3182 5498 ἐξέκλινεν,
3241 5433 3302 5484 ἓν
3357 5436 3454 5497 μὲν
3500 5434 3769 5501 πτοηθεὶς,
3815 5434 3880 5504 μὴ

2335 5531 2588 5585 σύνθεσίν
2609 5547 2638 5581 τ
2667 5546 2731 5581 να
2763 5529 3056 5579 ἀσυνθέτου
3082 5530 3298 5592 φύσεως
3345 5526 3746 5593 ἐπινοήσωμεν
3782 5525 3882 5578 ἔτεα

2332 5641 2428 5694 ρον
2463 5622 2540 5686 δὲ,
2596 5623 2669 5689 μὴ
2723 5622 2814 5672 τὸν
2869 5619 3084 5688 Πατέρα
3141 5619 3241 5684 μὲν
3299 5609 3719 5686 ὑποστήσωμεν,
3741 5617 3880 5670 τῶνδε

2335 5715 2552 5776 πάντως
2595 5715 2691 5767 ac:
2725 5711 2907 5773 κακῶ,
2939 5711 3174 5781 ἑχόντων
3207 5709 3618 5773 ἀπελαθέντων,
3644 5708 3798 5761 τᾶλλα
3823 5707 3881 5760 τὰ

2335 5807 2542 5861 τούτων
2623 5806 2837 5860 ἅπαντα
2918 5802 3275 5873 παρεδέξατο.
3359 5798 3530 5851 Τοῦτο
3612 5798 3879 5869 προσιέμε-
