4132 6432
233 416 372 482 1089
1080 419 1176 479 DE
1221 418 1743 480 PROCESSIONE
1784 421 1846 480 S.
1894 420 2258 484 SPIRITUS
2303 423 2524 486 ORAT.
2572 425 2623 487 Ῑ.
3357 430 3497 493 1093

226 544 318 591 νος
355 527 556 596 ὁμοίως
611 528 765 597 κάγὼ
815 531 874 584 τὸ
917 531 1240 601 ὑπόδειγμα,
1294 535 1354 586 τὸ
1389 535 1638 589 ἐντεῦθεν
1691 548 1858 596 ιινα-⁴

1869 540 1899 596 ι
1929 545 2040 602 tur,
2067 540 2262 602 edico,
2314 540 2805 608 Quemadmodum,
2870 543 3082 606 dicens,
3144 560 3208 600 ex
3260 546 3375 601 sole
3407 562 3501 616 per

226 618 488 688 κηρύττω
514 620 896 690 δεικνύμενον’
941 623 1154 694 ’Ὠσπερ
1185 623 1327 693 γὰρ,
1369 625 1565 693 λέγων,
1608 628 1672 678 ἐκ
1714 626 1810 679 τοῦ

1921 629 2136 682 radium
2165 630 2350 682 lumen
2404 631 2671 695 exoritur,
2705 634 2784 686 sic
2816 641 2870 686 et
2904 631 3144 701 Spiritus
3174 643 3399 690 sanctus
3433 650 3500 689 ex

232 711 388 780 ἡλίου
428 712 516 766 διὰ
542 712 642 780 τῆς
673 714 890 775 ἀκτῖνος
941 715 1226 768 ἀνατέλλει
1256 719 1317 769 τὸ
1359 717 1493 784 φῶς,
1526 718 1670 770 οὕτω
1718 720 1814 770 καὶ

1919 720 2224 786 Patre'per
2292 721 2494 774 Filium
2548 724 2818 791 provenit.
2850 723 2914 777 Et
2971 725 3086 779 haec
3128 726 3503 796 diviniloquus

230 803 294 856 τὸ
325 802 552 871 Πνεῦμα
603 804 665 856 τὸ
731 805 888 870 ἆγιον
958 807 1208 876 πρόεισιν
1257 811 1324 861 ἐκ
1356 808 1450 861 τοῦ
1483 811 1696 878 Πατρδς
1724 811 1813 864 διὰ

1918 814 2020 867 iste
2060 805 2308 867 veritatis
2368 822 2540 882 mysta
2570 824 2622 868 et
2653 823 3001 886 mystagogus
3032 832 3098 870 ex
3121 817 3265 882 aliis,
3291 828 3350 873 ut
3385 819 3503 887 ipse

229 891 328 945 τοῦ
362 893 512 946 Υίοῦ.
559 895 664 947 Καὶ
703 895 875 947 ταῦτα
920 896 1079 963 μὶνιό
1115 896 1382 967 Οεηγόρος
1440 892 1618 963 οὗτος,
1656 901 1691 951 δ
1714 902 1812 968 τῆς

1918 904 2198 968 indicavit,
2231 913 2475 972 accepta.
2530 905 2636 958 Alii
2668 921 2835 974 porro
2873 908 3050 961 sancti
3088 908 3279 962 Patres
3314 911 3487 978 ignem

226 983 482 1054 ἀληθείας
509 986 719 1056 μύστης
749 1003 806 1037 τε
839 987 934 1038 καὶ
964 990 1346 1056 μυσταγωγὸς.
1390 989 1449 1054 ἐξ
1498 989 1697 1054 ἄλλων,
1726 991 1813 1054 ,ὡς

1918 993 2197 1057 dixerunt,
2257 1005 2303 1046 et
2327 995 2625 1061 ﬂammam,
2657 1007 2704 1048 et
2749 997 2922 1048 lumen
2952 1013 2970 1049 :
3009 997 3098 1050 alii
3134 1000 3386 1064 radicem,
3417 1016 3505 1051 ra-

236 1078 403 1140 αὐτὺς
472 1079 744 1148 ἐδήλωσε,
812 1079 880 1132 τὰ
942 1080 1070 1144 περὶ
1133 1080 1343 1133 τούτων
1402 1082 1808 1154 διαδεξάμενος.

1917 1100 2058 1136 mum
2106 1093 2155 1136 et
2195 1089 2451 1153 fructum,
2505 1086 2647 1139 inter
2685 1103 2823 1155 quos
2875 1098 2958 1141 cst
2992 1089 3370 1146 divinissimus
3399 1090 3503 1160 Cy-

231 1171 454 1244 Ἐτεροι
486 1172 544 1224 δὲ
583 1171 691 1223 τῶν
725 1171 895 1237 ἁγίων
941 1172 1204 1240 Πατέρων
1268 1173 1388 1240 πῦρ
1421 1172 1680 1244 ἐιρήκασι
1711 1179 1810 1230 καὶ

1918 1177 2097 1239 rillus,
2138 1184 2192 1228 et
2242 1176 2362 1230 istis
2397 1177 2817 1231 immateriatam
2859 1180 3005 1232 illam
3038 1182 3336 1234 essentiam
3391 1183 3485 1235 de-

226 1263 425 1332 φλότα
444 1261 550 1324 κα)
579 1260 724 1332 φῶς·
753 1265 801 1314 οί
830 1263 884 1314 δὲ
937 1260 1128 1328 ῥίζαν,
1166 1263 1398 1318 κλάδον
1425 1283 1489 1319 τε
1519 1267 1616 1320 καὶ
1671 1286 1814 1337 καρο

1917 1272 2198 1315 notarunt.
2232 1263 2705 1328 Quemadmodum
2764 1265 2946 1334 igitur,
2992 1282 3057 1318 ne
3119 1267 3334 1336 longius
3377 1279 3502 1335 pro-

226 1354 368 1415 πὸν,
389 1350 464 1405 ὧν
481 1350 560 1415 εἷς
577 1355 693 1404 ἐστι
721 1353 814 1404 καὶ
840 1353 1146 1422 Κύριλλοςρ
1166 1356 1462 1419 θειότατος,
1487 1358 1580 1410 καὶ
1601 1360 1814 1421 τούτοις

1917 1353 2112 1406 ducam
2149 1356 2455 1406 orationem
2490 1369 2584 1422 per
2613 1353 2891 1408 ﬂammam
2926 1372 2992 1409 ex
3023 1357 3144 1422 igne
3177 1358 3360 1410 lumen
3386 1353 3501 1411 elu-

227 1443 329 1511 τὴν
358 1443 516 1496 ἄῡλον
541 1444 728 1495 οὐσίαν
757 1445 972 1510 ἐκείνην
999 1445 1303 1512 ἐσήμανεν.
1361 1445 1449 1506 Ὠς
1476 1447 1681 1508 τοίνυν,
1725 1449 1811 1500 ἵνα

1917 1453 2022 1504 cet.
2058 1454 2110 1498 et
2144 1445 2361 1499 fructus
2421 1461 2486 1498 ex
2527 1446 2711 1500 radice
2747 1462 2842 1514 per
2889 1462 3099 1501 ramum
3155 1450 3497 1514 producitur,

232 1534 310 1603 μὴ
356 1535 568 1604 μακρὸν
628 1534 977 1601 ἀποτείναιμι
1011 1535 1190 1601 λόγον,
1248 1535 1336 1587 διὰ
1366 1537 1463 1605 τῆς
1514 1539 1711 1606 φλογὸς
1751 1541 1812 1591 ὲκ

1917 1536 2033 1604 puri
2077 1535 2240 1589 modo
2282 1552 2346 1588 ex
2390 1533 2551 1589 Patre
2598 1551 2696 1604 per
2738 1535 2937 1589 Filium
2998 1537 3237 1606 Spiritus
3274 1549 3499 1592 sanctus

222 1624 320 1678 τοῦ
358 1628 528 1694 πυρὸς
559 1625 829 1694 ἐκλάμπει
863 1625 922 1677 τὸ
947 1625 1083 1694 φῶς,
1134 1630 1229 1679 καὶ
1262 1631 1289 1680 ό
1319 1629 1534 1699 καρπὸς
1593 1631 1657 1684 ἐκ
1693 1617 1812 1699 ’τῆς

1915 1627 2206 1679 emittitur.
2254 1625 2456 1679 Praeter
2497 1628 2597 1680 hos
2635 1609 2746 1680 fere
2789 1628 2964 1695 major
2988 1643 3178 1681 eorum
3208 1643 3334 1696 pars
3383 1645 3495 1681 ma-

227 1716 387 1786 ῥίζης
422 1719 508 1770 διὰ
533 1717 630 1770 τοῦ
661 1718 856 1770 κλάδου
882 1719 1248 1786 προϐάλλεται
1309 1721 1401 1773 τὸν
1422 1721 1585 1774 αὐτὸν
1613 1727 1810 1794 τρόπον

1919 1734 2072 1781 num,
2120 1717 2314 1770 Filium
2356 1756 2369 1777 .
2413 1732 2536 1771 cum
2603 1720 2878 1772 scribatur
2923 1735 2936 1770 :
2976 1717 3169 1770 Manus
3225 1728 3316 1772 tua
3380 1721 3497 1789 fecit

225 1808 292 1860 ἐκ
321 1807 414 1859 τοῦ
447 1808 660 1876 Πατρὸς
694 1809 1038 1876 ἐκπέμπεται
1077 1809 1164 1860 διὰ
1200 1808 1294 1861 τοῦ
1331 1810 1460 1862 Υίοῦ
1498 1811 1558 1863 τὸ
1586 1813 1810 1880 Πνεῦμα
1846 1868 1857 1880 _

1867 1869 1881 1880 ι
1915 1811 2023 1863 hac
2052 1812 2254 1874 omnia,
2287 1820 2333 1861 et
2374 1810 2484 1862 hth
2529 1810 2834 1862 immutatio
2877 1811 3105 1864 dextera-3
3138 1808 3372 1872 Excelsi,
3431 1814 3499 1863 ob

225 1899 290 1952 τὸ
319 1899 494 1968 ἅγιον.
525 1868 669 1966 Πρὸς
695 1868 908 1961 τούτοις
940 1901 988 1952 οί
1031 1900 1252 1964 πλείους
1290 1901 1475 1971 σχεδὸν
1517 1905 1676 1972 χεῖρα
1714 1868 1810 1972 μὲν
1846 1868 1857 1920 Ι

1867 1869 1882 1920 ἶ
1920 1917 2116 1955 massae
2172 1916 2237 1954 ex
2276 1909 2546 1954 vetustate
2593 1901 3027 1962 renovationem,
3083 1908 3137 1952 et
3167 1900 3314 1966 quod
3364 1895 3499 1953 nihil

223 1989 320 2042 τὸν
353 1989 479 2042 Υίὸν
507 1987 649 2042 κατὰ
674 1988 756 2049 τὸ,
776 1987 923 2055 Οὐχὶ
955 1988 992 2054 ἡ
1023 1990 1150 2057 χείρ
1187 2008 1304 2056 μου
1334 1990 1586 2056 ἐποίησε
1625 1993 1812 2046 ταῦτα

1914 2006 1992 2046 est
2023 1993 2307 2046 sinistrum
2361 1995 2416 2044 in
2475 1993 2608 2054 Deo,
2654 1993 2882 2060 digitum
2917 2007 3044 2045 vero
3077 1990 3340 2059 Spiritum
3375 2007 3501 2044 san-

226 2080 444 2145 πάντα,
508 2082 610 2133 καί
666 2078 818 2144 αὕτη
859 2082 897 2147 ἠ
943 2080 1272 2145 ἀλλοίωσις
1325 2082 1436 2147 τῆς
1467 2083 1674 2149 δεξιᾶς
1705 2084 1810 2137 τοῦ

1915 2096 2063 2135 ctum
2110 2093 2524 2150 nuncuparunt,
2587 2097 2652 2134 ex
2686 2081 2999 2150 evangelica
3044 2081 3233 2134 tabula
3302 2096 3497 2134 nomen

242 2168 582 2237 ’Υψίστοιη
613 2169 702 2222 διὰ
731 2169 829 2238 τὴν
855 2169 918 2220 ἐκ
945 2169 1043 2238 τῆς
1089 2170 1454 2238 παλαιότητος
1507 2175 1601 2225 τοῦ
1637 2176 1810 2244 φυρά-

1914 2173 1990 2224 illi
2045 2172 2391 2239 adaptantes.
2481 2170 2554 2223 lbi
2596 2172 2795 2224 etenim
2866 2169 3117 2224 Salvator
3154 2180 3341 2224 noster
3398 2172 3497 2224 de-

235 2277 406 2329 ματος
447 2261 813 2323 ἀνακαίνισιν,
857 2260 951 2312 καὶ
997 2261 1080 2312 ὄτι
1121 2278 1228 2332 περ
1258 2263 1413 2314 οὐδὲν
1449 2265 1811 2334 ἐπαρίστερον

1915 2265 2194 2328 scribitur,
2259 2276 2407 2314 nunc
2451 2262 2506 2312 in
2547 2260 2754 2329 Spiritu
2794 2261 2884 2314 Dei
2916 2262 3104 2316 dicens
3139 2253 3328 2329 ejicere
3389 2262 3498 2314 dae-

222 2349 303 2418 τῷ
333 2349 472 2417 Θεῷ,
505 2348 767 2400 δάκτυλον
801 2348 856 2400 δὲ
886 2349 948 2400 τὸ
981 2350 1208 2418 Πνεῦμα
1249 2352 1309 2402 τὸ
1363 2350 1519 2418 ἅγιον
1568 2355 1811 2404 κατωνό-

1917 2356 2117 2418 monia,
2169 2369 2316 2406 nunc
2373 2357 2425 2405 in
2471 2352 2567 2405 Dei
2601 2355 2791 2423 digito,
2823 2354 3050 2423 digitum
3082 2352 3176 2406 Dei
3236 2351 3498 2420 Spiritum

228 2457 432 2510 μασαν,
487 2442 552 2491 ἐκ
619 2440 717 2508 τῆς
759 2438 1127 2509 εὐαγγελικῆς
1183 2441 1400 2505 πυξίδας
1461 2444 1559 2512 τὴν
1609 2446 1804 2514 κλῆσιν

1916 2453 2166 2497 sanctum
2214 2445 2518 2512 appellans.
2555 2444 2619 2498 Et
2643 2445 2746 2498 hoc
2781 2454 3030 2512 patenter
3063 2445 3200 2498 satis
3269 2444 3323 2496 in
3357 2443 3495 2496 libro

223 2530 432 2600 ταύτην
460 2529 608 2597 αὐτῷ
662 2531 1174 2599 προσαρμόσαντες.
1217 2532 1427 2584 Ἐκεῖσε
1475 2534 1571 2583 καὶ⁸
1620 2534 1731 2601 γὰρ
1784 2536 1809 2584 ὁ

1920 2537 2333 2593 'l'hesaurorum
2385 2537 2439 2589 in
2471 2536 2633 2590 rebus
2668 2536 2990 2605 theologicis
3020 2534 3360 2602 exponendis
3382 2535 3500 2587 exi-

223 2623 418 2693 Σωτὴρ
467 2621 629 2692 ήμῶν
677 2622 1054 2690 ἁναγράφεται
1121 2623 1201 2689 πῆ
1256 2625 1357 2691 μὲν
1411 2622 1694 2676 ἐκϐάλλειν
1753 2625 1810 2674 ἐν

1918 2626 2060 2678 mins
2085 2626 2324 2695 Cyrillus
2355 2627 2635 2693 expressis
2665 2627 2750 2679 his
2804 2625 2985 2679 verbis
3017 2642 3031 2677 :
3061 2628 3150 2677 Ait
3173 2625 3401 2693 quodam
3446 2625 3502 2676 in

227 2710 509 2782 Πνεῦματι
545 2709 682 2764 Θεοῦ
744 2712 1119 2780 φθεγξάμενος
1161 2712 1231 2764 τὰ
1291 2713 1572 2781 δαιμόνια,
1643 2713 1721 2780 πῆ
1756 2713 1812 2765 δὲ

1918 2716 2034 2768 loco
2065 2715 2312 2770 Christus
2352 2717 2571 2770 Judwos
2615 2716 2888 2784 alloquens
2921 2727 2940 2765 :
2976 2734 3008 2766 ι.
3032 2705 3094 2770 Si
3124 2717 3176 2766 in
3207 2716 3373 2782 digito
3403 2713 3501 2767 Dei

222 2803 388 2857 πάλιν
413 2803 470 2854 ἐν
494 2801 740 2870 δακτύλῳ
775 2800 930 2865 Θεοῦ,
965 2801 1227 2853 δάκτυλον
1260 2802 1394 2854 Θεοῦ
1429 2804 1812 2872 προσαγορεῦ-

1915 2807 2070 2870 ejicio
2107 2807 2392 2867 daemonia,
2423 2807 2587 2873 igitur
2624 2807 2756 2858 venit
2794 2806 2860 2856 ad
2897 2819 2983 2862 vos
3013 2820 3230 2873 regnum
3272 2804 3366 2856 Dei
3394 2804 3493 2858 ".s

227 2912 328 2958 σας
354 2895 416 2948 τὸ
451 2894 675 2963 Πνεῦμα
700 2893 759 2944 τὸ
782 2893 958 2959 ἅγιον.
994 2893 1104 2946 Καὶ
1134 2891 1294 2944 τοῦτο
1339 2892 1704 2963 διε-τράνωσεν
1740 2907 1809 2946 ’.ν

1919 2896 1986 2947 Et
2017 2897 2243 2964 digitum
2297 2897 2382 2948 hic
2437 2905 2586 2948 vocat
2641 2896 2900 2963 Spiritum
2954 2905 3218 2958 sanctum,
3270 2893 3520 2962 quodam.

221 2991 290 3059 τῇ
320 2985 493 3056 βίϐλῳ
520 2985 628 3037 τῶν
649 2984 952 3052 Θησαυρών
987 2985 1014 3034 ό
1037 2982 1499 3048 θεολογικώτατος
1519 2985 1808 3054 Κύριλλος,

1917 2988 2073 3039 modo
2112 3001 2178 3040 ex
2225 2987 2412 3039 divina
2441 2988 2669 3040 essentia
2711 2995 3045 3040 emanantem
3091 2996 3141 3039 et
3181 2985 3501 3039 naturaliter

220 3076 391 3138 οὕτως
412 3075 602 3126 εἰπών·
624 3075 777 3138 Φησί
794 3087 912 3123 που
931 3070 1502 3137 ΧριστὸςἼουδαίοις
1524 3071 1809 3138 προσδια.

1915 3079 1977 3130 ab
2016 3077 2111 3130 illo
2159 3093 2469 3144 appensum,
2519 3077 2960 3145 quemadmodum
2989 3087 3036 3128 et
3076 3077 3273 3146 digitus
3313 3092 3377 3129 ex
3405 3076 3511 3154 hoc.

222 3170 570 3236 λεγόμενος
605 3181 622 3214 ι
650 3165 717 3216 El
745 3161 813 3214 δὲ
841 3163 909 3214 ἐν
931 3160 1207 3226 δακτύλῳ
1230 3163 1376 3215 Θεοῦ
1399 3163 1514 3243 ἐγὼ
1536 3165 1811 3216 ἐκϐάλλω
1839 3197 1854 3254 ⁴

1868 3195 1885 3256 ἒ
1920 3172 2074 3223 minis
2102 3185 2300 3234 manu;
2332 3169 2606 3220 brachium
2636 3169 2823 3221 etenim
2853 3181 2897 3219 et
2937 3169 3207 3220 dexteram
3241 3166 3337 3219 Dei
3363 3166 3500 3219 divi-

218 3257 293 3315 τὰ
307 3257 604 3326 δαιμόνια,
624 3254 738 3321 ἄρα
759 3253 1026 3322 ἔφθασεν
1041 3252 1134 3321 ἐφ’
1160 3251 1316 3321 ὑμᾶς
1330 3253 1368 3318 ή
1388 3241 1679 3317 ,βασιλεία
1707 3254 1812 3307 τοῦ
1843 3241 1850 3250 ’

1865 3241 1885 3256 ’
1919 3277 2000 3314 na:
2041 3261 2337 3328 Scripturte
2389 3256 2593 3311 Filium
2643 3259 2934 3326 appellant,
2970 3260 3064 3323 _uti
3110 3273 3230 3310 cu'n
3259 3257 3497 3311 dicilur:

221 3351 391 3408 Θεοῦ.
435 3368 455 3400 ι
483 3347 589 3402 Kal
626 3347 929 3399 δάκτυλον
955 3344 1168 3400 ἐνθάδε
1191 3347 1340 3412 φησι
1370 3348 1438 3399 τὸ
1469 3346 1712 3413 Πνεῦμα
1745 3347 1810 3398 τὸ

1921 3371 1937 3402 ι
1989 3350 2227 3404 Salvavit
2260 3365 2378 3400 eum
2409 3349 2623 3401 dextera
2645 3348 2816 3408 illius,
2858 3357 2906 3400 et
2940 3347 3212 3400 brachium
3255 3357 3497 3422 sanctum

225 3443 419 3511 ἄτιον,
453 3440 678 3506 τρόπον
711 3435 847 3488 τινὰ
873 3434 982 3502 τῆς
1009 3436 1172 3499 θείας
1203 3435 1422 3500 οὐσίας
1446 3436 1808 3503 ἐκπεφυκὸς,

1912 3444 2026 3509 ejus
2059 3442 2156 3493 υ.»
2193 3439 2409 3492 Necnon
2443 3453 2460 3490 :
2491 3457 2509 3489 ι
2541 3423 2777 3501 Domine,
2835 3439 3100 3491 excelsum
3162 3447 3312 3489 tuum
3373 3436 3497 3488 bra-

223 3536 324 3592 καὶ
364 3528 633 3601 φυσικῶς
666 3527 860 3593 αὐτῆς
890 3525 1352 3594 ἐκκρεμάμενον,
1403 3525 1605 3592 ὥσπερ
1648 3529 1746 3580 καὶ
1778 3531 1810 3581 ό

1913 3536 2107 3597 chium,
2138 3543 2186 3586 et
2229 3548 2332 3584 non
2380 3540 2748 3599 cognoverunt,
2784 3546 2900 3581 rum
2938 3533 3271 3597 cognoverint
3307 3543 3498 3581 revere-

215 3624 520 3686 δὰιιτυλος
541 3621 608 3673 ἐκ
624 3617 733 3686 τῆς
749 3619 1130 3685 ἀνθρωπίνης
1151 3618 1365 3684 χειρός.
1389 3617 1810 3686 Βραχίοναμέν

1911 3627 2161 3678 buntur.)
2190 3622 2336 3678 Sicut
2360 3623 2534 3688 itaque
2563 3621 2832 3674 brachium
2865 3623 3190 3673 naturaliter:
3204 3621 3496 3689 adoptatur

217 3715 333 3803 γὰρ
356 3715 450 3768 καὶ
470 3712 676 3776 δεξιὰν
695 3709 844 3764 Θεοῦ
870 3710 990 3762 τὸν
1006 3709 1568 3803 Υιόνάποκαλοῦσιν
1585 3711 1644 3803 al
1661 3711 1807 3763 θεῖαι

1910 3729 2016 3769 toto
2052 3717 2280 3784 corpori,
2331 3729 2552 3780 operam
2581 3729 2898 3782 qutecnnque
2930 3709 3237 3781 cogitationi
3279 3712 3494 3778 placue-

219 3801 455 3877 Γραφαὶ
485 3808 634 3860 κατὰ
666 3805 754 3870 τὸ,
794 3823 813 3855 ι
865 3803 1147 3856 Ἐσωσεν
1189 3801 1379 3854 αὑτὸν
1411 3802 1450 3869 ἡ
1484 3802 1654 3867 δεξιὰ
1701 3807 1808 3857 αὐ-

1913 3811 2018 3861 rint
2046 3850 2060 3872 ,
2099 3808 2308 3876 inungit
2340 3820 2458 3858 vero
2489 3821 2582 3873 pro
2610 3820 2752 3855 more
2775 3803 2940 3870 digito
2976 3803 3043 3854 ad
3082 3804 3177 3854 hoc
3213 3812 3384 3864 utens,
3416 3802 3495 3855 ita

221 3903 353 3968 τοῦ,
381 3902 481 3956 καί
511 3904 543 3954 ό
569 3897 845 3966 βραχίων
884 3897 915 3948 ό
953 3894 1125 3963 ἅγιος
1153 3894 1378 3952 αὐτοῦ.,
1400 3911 1419 3944 ι
1460 3896 1568 3948 Καὶ
1598 3895 1805 3949 πάλιν·

1909 3901 2004 3954 Dei
2040 3899 2266 3952 Verbum
2285 3914 2349 3950 ea:
2379 3913 2438 3950 eo
2469 3905 2519 3949 et
2550 3897 2607 3947 in
2627 3911 2686 3947 eo
2720 3895 3045 3946 naturaliter
3076 3896 3412 3960 adoptatum,
3436 3910 3492 3955 ιιι

225 4015 246 4049 ι
276 3996 474 4061 Κύριε.
527 3991 770 4058 ὐψὴλός
820 4003 938 4040 σου
976 3989 1009 4038 ό
1035 3986 1333 4053 βραχίων,
1366 3986 1464 4040 καί
1505 3989 1618 4041 οὐκ
1646 3989 1801 4056 ᾔδει⁹

1911 3997 1986 4043 ita
2017 3992 2215 4051 dicam,
2248 3998 2295 4040 et
2332 3988 2514 4041 intime
2559 3987 2818 4038 inhwrens
2849 3984 3174 4051 concipimus
3206 4001 3223 4046 ς
3254 3984 3308 4034 in
3347 3981 3492 4036 Filio

213 4102 362 4141 σαν·
388 4062 638 4154 γνόντες
670 4079 738 4132 δὲ
765 4077 1310 4146 αἰσχυνθήσονται.
1359 4097 1376 4127 ι
1418 4079 1648 4145 ’Ὠσπερ
1692 4075 1806 4134 οὖν

1910 4100 2082 4135 tiu-em
2127 4081 2449 4133 naturaliter
2480 4091 2526 4131 et
2558 4079 2916 4133 essentialiter
2945 4079 3307 4144 pertransiens
3336 4094 3366 4128 a
3388 4075 3491 4129 Pa-

213 4179 249 4230 δ
272 4174 549 4242 βραχίων
588 4167 862 4238 φυσικῶς
891 4168 1257 4234 ἐνήρμοσται
1285 4166 1364 4232 τῷ
1388 4169 1508 4232 ὅλῳ
1545 4169 1798 4238 σώματι,

1910 4186 1986 4226 tre
2023 4173 2281 4241 Spiritus,
2333 4187 2426 4238 per
2475 4170 2838 4239 quem~omnia
2875 4171 3130 4236 inungens
3150 4170 3491 4236 sanctiﬁcat;

213 4267 412 4321 πάντα
465 4261 747 4331 ἐνεργῶν,
806 4262 1036 4330 ὅσαπερ
1089 4260 1166 4314 ἂν
1221 4262 1371 4330 δόξῃ
1413 4262 1486 4330 τῇ
1543 4263 1801 4330 διανοίᾳ,

1908 4280 2009 4316 non
2042 4266 2204 4332 igitur
2230 4264 2487 4321 alienum,
2517 4276 2679 4328 neque
2704 4270 3016 4312 extraneum
3043 4260 3236 4314 divina:
3255 4262 3492 4313 essentia

211 4359 523 4426 καταχρίει
548 4355 616 4408 δὲ
652 4352 957 4418 συνήθως,
999 4351 1082 4416 τῷ
1110 4353 1391 4419 δακτύλῳ
1431 4356 1581 4421 πρὸς
1626 4347 1802 4409 τοῦτο

1905 4364 1978 4407 est
2003 4353 2236 4419 Spiritus
2263 4364 2501 4414 sanctus,
2527 4353 2614 4403 sed
2661 4354 2713 4403 in
2739 4353 2851 4417 ipsa
2887 4363 2934 4402 et
2971 4364 3036 4400 ex
3067 4351 3178 4418 ipsa
3221 4350 3487 4402 naturali-

212 4445 605 4514 κεχρημένοςο
643 4442 798 4496 οὕτω
837 4441 949 4493 τὸν
979 4442 1102 4510 μὲν
1133 4441 1240 4494 τοῦ
1293 4442 1444 4495 Θεοῦ
1491 4445 1687 4509 Λόγον
1729 4445 1798 4507 ἐξ

1907 4454 2004 4509 ter,
2031 4446 2188 4497 sicuti
2218 4455 2265 4496 et
2300 4445 2499 4512 digitus
2544 4443 2777 4509 corporis
2815 4444 2869 4493 in
2907 4458 3086 4501 manu,
3117 4443 3352 4509 ejusdem
3397 4458 3479 4494 na-

209 4537 400 4592 αὑτοῦ
431 4536 529 4589 καί
563 4536 633 4588 ἐν
657 4533 820 4598 αὐτῷ
844 4529 1119 4601 φυσικῶς
1145 4516 1558 4602 ἡρμοσμένον,
1599 4536 1676 4588 ἵν’
1706 4537 1803 4588 oi}-
1829 4551 1841 4609 ]

1848 4551 1882 4609 D
1912 4546 2040 4588 ται-ιε
2073 4551 2188 4586 ειιηι
2231 4550 2290 4585 (α
2324 4535 2603 4595 επείειεηε,
2647 4549 2935 4600 rursusque
2964 4549 3152 4584 manus
3186 4533 3239 4583 in
3273 4547 3480 4599 corpori

211 4643 323 4690 τως
352 4626 518 4688 alno),
549 4623 648 4677 καὶ
700 4624 1087 4691 ἐμπεφυκότα
1115 4624 1489 4692 λογιζόμεθα,
1520 4627 1592 4679 ἐν
1629 4625 1697 4678 δὲ
1727 4627 1806 4691 τῷ

1910 4641 2014 4677 non
2066 4628 2282 4677 diversa:
2313 4626 2377 4676 ab
2440 4640 2498 4676 eo
2537 4635 2762 4676 natura'.
2821 4622 2945 4676 llaec
2996 4624 3048 4677 in
3086 4622 3478 4693 Thesaurorun.

210 4715 323 4781 Υίῷ
363 4713 637 4784 φυσικῶς
665 4730 727 4766 τε
769 4714 870 4766 καὶ
917 4713 1223 4780 οὐσιωδῶς
1265 4713 1437 4781 διῆκε
1486 4717 1645 4784 παρὰ
1687 4720 1803 4769 Πα-

1907 4716 2064 4769 libris
2105 4719 2338 4769 maxime
2371 4715 2708 4768 admirabilis
2735 4715 3006 4783 Cyrillus;
3047 4714 3232 4766 etalio
3268 4729 3477 4766 eorum-

209 4811 352 4879 τρὸς
378 4811 444 4864 τὸ
471 4810 732 4876 Πνεῦμα,
781 4807 854 4860 δι’
895 4804 966 4863 οὗ
1005 4808 1076 4861 τὰ
1111 4808 1309 4861 πάντα
1343 4813 1529 4875 χρίων
1547 4809 1796 4877 ἁγιάζει·

1907 4808 2029 4859 dem
2064 4807 2183 4860 loco
2215 4806 2304 4860 hic
2336 4807 2506 4869 idem,
2551 4805 2771 4858 Patrem
2819 4821 3018 4868 rosam,
3056 4802 3257 4856 Filium
3280 4807 3461 4873 ﬂorent

209 4900 439 4956 οὐκοῦν
467 4903 580 4953 οὐκ
610 4899 954 4967 ἀλλότριον,
1012 4898 1155 4952 οὐδὲ
1200 4897 1662 4968 ἀπεξενωμένον
1689 4899 1801 4968 τῆς

1905 4895 2169 4965 Spiritum
2215 4907 2460 4950 sanctum
2489 4899 2703 4948 odorem
2732 4896 3086 4963 nuncupavit.
3118 4894 3457 4959 Quemadmo

213 4994 380 5054 θείας
399 4992 617 5055 οὐσίας
645 4993 936 5059 φαίνεται
970 4990 1036 5042 τὸ
1063 4990 1306 5059 Πνεῦμα
1332 4992 1398 5044 τὸ
1432 4991 1624 5058 ἅγιον,
1661 4993 1798 5047 ἀλλ’

1903 4991 2032 5043 dum
2067 4991 2248 5056 itaque
2281 4988 2483 5055 digitus
2508 4987 2772 5052 dependet
2802 5001 2829 5038 a
2857 4999 3086 5053 corpore
3119 5000 3212 5054 per
3242 4992 3485 5049 manum,

211 5084 284 5148 ἐξ
308 5083 498 5151 αὐτῆς
528 5085 627 5138 καί
655 5084 725 5136 ἐν
752 5079 909 5160 apta
937 5081 1231 5151 φυσικῶς,
1275 5081 1480 5151 ὥσπερ
1521 5081 1636 5139 οὖν
1695 5086 1793 5138 καί

1907 5099 1974 5138 ex
2009 5098 2137 5137 rosa
2172 5092 2302 5134 vero
2338 5096 2431 5149 per
2456 5077 2642 5133 ﬂorem
2675 5079 2809 5131 odor
2839 5079 3072 5143 aﬂlutur,
3128 5079 3200 5131 ita
3234 5089 3286 5132 et
3315 5079 3483 5147 Spiri-

211 5179 246 5228 d
286 5173 392 5228 τοῦ
417 5173 691 5242 σώματος
741 5172 1041 5237 δάκτυλος
1081 5165 1150 5225 ἐν
1189 5171 1263 5240 τῇ
1297 5175 1471 5240 χειρί,
1521 5173 1796 5243 δμοφυής

1906 5185 1993 5230 tus
2035 5184 2257 5229 sanctus
2282 5188 2348 5225 ex
2379 5170 2536 5223 Patre
2561 5185 2653 5238 per
2686 5169 3035 5238 Unigenitum
3063 5169 3323 5237 procedit.
3355 5172 3483 5234 Qua:

206 5264 297 5318 ὢν
323 5264 502 5331 αὐτῇ,
526 5264 627 5318 καὶ
674 5265 712 5330 ἡ
764 5265 894 5334 χεὶρ
930 5260 1045 5320 οὖν
1082 5264 1270 5317 πάλιν
1305 5266 1384 5323 ,ἐν
1419 5264 1793 5332 τῷ-σώματι,

1901 5280 2068 5334 porro
2093 5281 2123 5319 a
2153 5263 2353 5318 divinis
2383 5263 2641 5316 Patribus
2689 5261 2851 5314 veluti
2884 5262 2943 5314 in
2970 5264 3274 5328 exemplum
3312 5261 3481 5313 addu-

212 5360 327 5426 οὐχ
363 5358 739 5425 ἐτεροούσιος
769 5359 919 5426 πρὸς
946 5355 1092 5410 αὐτὸ
1121 5358 1532 5425 τυγχάνουσα.
1601 5357 1792 5411 Ταῦτα

1897 5369 2120 5421 cuntur,
2159 5356 2272 5408 huic
2319 5365 2372 5408 et
2415 5351 2612 5407 similia
2647 5365 2796 5415 sunt,
2819 5353 2962 5407 ulicet
2992 5354 3272 5406 minimam
3307 5353 3392 5404 illa
3427 5361 3481 5404 et

211 5451 354 5504 κατὰ
378 5455 477 5519 τὴν
511 5450 617 5502 τῶν
634 5449 711 5519 Θη
723 5449 938 5519 σαυρῶν
955 5450 1136 5502 δέλτον
1157 5451 1184 5501 ὁ
1206 5449 1655 5519 θαυμασιώτατος
1681 5448 1791 5502 Κύ-

1895 5452 2052 5503 valde
2101 5448 2346 5510 humilia,
2382 5449 2612 5502 multum
2673 5461 2702 5500 a
2734 5446 2994 5513 dignitate
3016 5461 3220 5508 rerum,
3279 5446 3481 5514 quibus

215 5541 419 5610 ριλλος·
457 5540 692 5617 ἀλλαχοῦ
721 5541 778 5592 δὲ
801 5542 1006 5610 ταύτης
1035 5557 1192 5602 ουτος
1221 5541 1385 5604 αὐτὸς
1416 5541 1526 5592 τὸν
1557 5542 1790 5608 Πατέρα

1897 5538 2294 5602 assimilantur,
2328 5536 2584 5590 deliciant
2642 5553 2656 5589 :
2713 5535 2901 5591 Omnia
2927 5541 3086 5602 enim,
3116 5535 3420 5589 eodemmet
3449 5547 3479 5587 a

205 5632 326 5702 μὲν
345 5631 552 5698 ῥόδον.
583 5631 768 5695 ἄνθος
791 5629 858 5683 δὲ
883 5631 991 5685 τὸν
1030 5633 1189 5696 Υίὸν,
1226 5633 1324 5685 καί
1365 5631 1431 5684 τὸ
1461 5632 1702 5700 Πνεῦμα
1725 5632 1790 5686 τὸ

1598 5632 1702 5700 ῖιμα
1725 5632 1790 5686 τὸ
1898 5631 2106 5702 Spiritu
2134 5639 2283 5683 motu
2305 5625 2510 5698 Cyrillo
2533 5639 2688 5695 teste,
2723 5627 2858 5682 Deus
2877 5626 3230 5696 exsuperabit.

284 5808 328 5838 “
361 5807 546 5862 Matth.
592 5825 691 5875 xu,
723 5807 813 5864 28.
897 5810 939 5840 "
972 5809 1115 5864 Psal.
1151 5825 1318 5873 xcvn,
1348 5810 1398 5863 l.
