4132 6502
679 424 818 487 1095

1702 416 2219 491 CONSTANTINI
2264 415 2810 476 MELITENIOTA!

3826 420 3970 494 1996

681 538 974 595 manifeste
1008 544 1153 607 patet
1178 550 1245 589 ex
1270 532 1450 588 verbis
1472 532 1653 603 magni
1681 532 1869 585 Basilii
1902 533 1967 585 in
1997 532 2255 600 epistola,

2375 530 2482 597 ἰμα
2515 530 2621 582 ιιαί
2654 526 2990 597 προσεκῶς.
3044 529 3141 583 Ἕκ
3195 530 3400 585 τούτων
3430 537 3525 586 καὶ
3559 532 3676 586 τῶν
3697 536 3973 588 τοιούτων

681 644 845 698 quam
874 628 964 682 ille
998 626 1151 680 dedit
1173 627 1239 678 ad
1265 624 1489 677 fratrem
1521 637 1684 677 suum
1711 622 2034 692 Gregorium
2058 621 2260 693 Nysae-

684 736 815 774 num
850 736 866 773 :
900 720 956 773 in
1003 733 1065 772 ea
1124 718 1396 787 siquidem
1451 718 1563 770 haec
1612 717 2019 785 prosequitur:
2071 716 2262 779 Quem-

682 812 971 865 admodum
1016 813 1069 864 in
1116 820 1299 863 catena
1340 809 1431 877 qui
1482 809 1637 860 unius
1685 806 1871 859 annuli
1902 807 2260 859 summitatem

685 900 1049 969 apprehendit,
1095 900 1191 949 Itoc
1241 900 1356 965 ipso
1411 896 1569 949 simul
1620 905 1668 947 et
1720 894 1948 947 alterum
2005 896 2260 968 insertum

688 990 941 1054 attrahit;
975 991 1053 1041 ita
1084 999 1133 1041 et
1164 988 1247 1039 hic
1271 988 1361 1056 qui
1390 984 1655 1054 Spiritum
1688 986 1852 1037 trahit
1874 999 1968 1051 per
2008 984 2180 1052 ipsum
2209 994 2259 1035 et

688 1080 887 1133 Filium
932 1070 987 1133 et
1026 1080 1240 1132 Patrem
1285 1096 1391 1130 una
1429 1076 1589 1130 simul
1632 1077 1941 1137 attraxerit,
1995 1084 2045 1127 et
2072 1076 2117 1127 si
2144 1076 2260 1143 quis

687 1189 797 1226 vere
831 1172 1031 1224 Filium
1052 1170 1477 1238 apprehenderit,
1515 1168 1724 1241 habebit
1752 1177 1802 1220 et
1825 1168 1995 1232 ipsum
2020 1169 2262 1233 utrinque

688 1264 805 1316 hinc
828 1264 1070 1325 Patrem,
1096 1262 1246 1314 illinc
1274 1260 1529 1325 Spiritum
1554 1269 1799 1310 sanctum
1817 1274 1927 1310 una
1947 1256 2261 1309 contra/ten-

689 1366 809 1412 tem.
852 1355 973 1409 Non
1022 1355 1158 1406 enim
1190 1361 1361 1421 potest
1412 1351 1523 1404 ullo
1559 1360 1713 1420 pacto
1750 1351 2045 1419 excogitari
2080 1351 2262 1419 aliqua

691 1446 763 1499 vel
808 1448 997 1508 sectio,
1030 1445 1107 1497 vel
1149 1444 1362 1501 divisio.
1414 1453 1471 1494 ut
1505 1443 1610 1495 sive
1646 1440 1815 1494 Filius
1850 1441 2045 1510 absque
2098 1439 2263 1494 Patre

692 1539 931 1609 cogitari,
958 1539 1062 1591 sive
1085 1534 1319 1605 Spiritus
1344 1553 1376 1587 a
1403 1532 1547 1586 Filio
1572 1534 1779 1603 sejungi
1825 1544 2006 1602 queat.
2032 1534 2263 1589 Prorsus

689 1628 818 1682 illud
855 1626 1114 1695 utrinque
1146 1625 1365 1677 Patrem
1399 1631 1452 1676 et
1487 1623 1751 1691 Spiritum
1804 1631 2059 1676 sanctum
2109 1636 2262 1675 asse-

687 1734 807 1772 rere
836 1729 1078 1786 apertam
1116 1715 1444 1769 sententiam
1477 1713 1738 1782 possidet,
1772 1727 1873 1766 nec
1904 1712 2015 1766 ulla
2041 1714 2265 1765 omnino

687 1812 899 1880 indiget
960 1809 1321 1877 expositione.
1355 1805 1617 1870 Quiuimo
1674 1803 1894 1856 divinus
1936 1801 2258 1871 Gregorius,

687 1906 756 1959 ad
784 1918 946 1973 quem
980 1904 1125 1955 dicta
1150 1899 1377 1968 cpistola
1410 1898 1533 1950 data
1566 1888 1671 1955 est.
1701 1893 1983 1965 Nysse‘nus
2008 1894 2259 1955 antistes.

685 1996 930 2049 oratione
967 1992 1032 2045 ad
1083 1992 1369 2044 Alilabium
1393 1990 1563 2042 licata:
1581 1987 1875 2041 Trinitatis
1892 1977 2263 2040 differentiam

2367 620 2845 673 συναποδέδεικται
2882 621 3135 689 φανερῶς
3162 624 3245 675 ὅτι
3275 624 3368 675 καὶ
3416 623 3585 693 μέσος
3609 623 3712 677 τοῦ
3740 626 3971 695 Πατρδς

2364 714 2458 764 καὶ
2513 711 2605 763 τοῦ
2665 711 2983 777 Πνιύματος
3020 712 3049 762 6
3093 711 3244 774 Υἰός.
3276 714 3337 765 Εἰ
3370 714 3479 782 γᾴρ
3527 717 3556 767 6
3581 716 3778 789 Πατὴρ
3814 719 3970 787 ἁρχὴ

2365 801 2489 853 καθ’
2516 800 2812 869 ὁμολογίαν
2844 802 3051 869 κοινὴν,
3076 803 3103 853 6
3124 801 3181 854 δὲ
3209 802 3338 865 Υἱὸς
3364 804 3586 871 ἁμέσως
3615 808 3683 858 ιιι
3714 806 3825 859 τοῦ
3846 809 3969 859 [Ια-

2362 892 2515 959 τρὸς,
2538 891 2613 951 ὡς
2646 892 2890 967 ἀνεφάνη.
2923 891 3056 960 πρὸς
3085 892 3195 945 τῶν
3223 894 3424 963 ῥητῶν,
3454 891 3969 964 ὢνπαρεθὲμεθα,

2362 982 2428 1035 δι’
2459 981 2625 1035 αὑτοῦ
2667 982 2723 1034 δὲ
2758 982 2819 1034 τὸ
2855 982 3081 1051 Πνεῦμα
3102 984 3162 1035 τὸ
3188 983 3347 1051 ἅγιον
3374 1001 3388 1014 ·
3424 987 3454 1039 6
3478 986 3606 1049 Υιδς
3630 986 3748 1055 ἄρα
3786 988 3972 1056 μέσος

2366 1074 2578 1143 Πατρός
2616 1091 2676 1125 τε
2712 1075 2805 1127 καὶ
2835 1076 3174 1145 Πνεύματος.
3210 1078 3320 1131 Καὶ
3369 1078 3525 1146 δῆλον
3560 1078 3617 1142 ιξ
3664 1073 3744 1132 ὧν
3769 1081 3803 1131 6
3866 1082 3969 1147 μὲ-

2364 1178 2467 1226 γας
2510 1162 2792 1225 Βασίλειος
2826 1164 2884 1214 ἐν
2915 1166 2980 1232 τῇ
3035 1165 3171 1232 πρὸς
3200 1166 3291 1216 τὸν
3333 1166 3530 1217 οἰκεῖον
3559 1166 3801 1234 ἀδελφὸν
3837 1170 3970 1219 ἐπι-

2366 1254 2527 1323 στολῇ
2565 1254 2655 1307 τὸν
2714 1253 2935 1324 Νύσσης
2980 1255 3018 1307 Γ
3024 1257 3282 1325 ρηγόριον
3340 1255 3553 1325 εἴρηκε.
3612 1257 3827 1318 Ταῦτα,
3869 1257 3968 1308 καὶ

2364 1346 2473 1413 γὰρ
2524 1348 2702 1397 ἐκεῖσε
2740 1345 3029 1409 διέξεισιν
3076 1348 3306 1413 Ὥσπερ
3355 1347 3423 1411 ἔξ
3462 1348 3744 1411 ἁλύσεως
3771 1350 3811 1398 d
3854 1347 3965 1399 τοῦ

2365 1434 2501 1498 ὲνὸς
2532 1433 2720 1500 ἄκρου
2763 1436 3072 1505 ἁψάμενος
3102 1438 3203 1490 καὶ
3235 1440 3299 1490 τὸ
3330 1438 3533 1505 ἕτερον
3580 1434 3779 1505 ἀκρον
3804 1454 3964 1491 συν-

2365 1525 2777 1588 επεσπάσατο,
2830 1527 3021 1593 οὕτως
3070 1532 3105 1582 d
3153 1529 3221 1581 τὸ
3280 1529 3517 1597 Πνεῦμα
3567 1530 3855 1593 ἑλκούσας
3888 1529 3961 1582 δι’

2365 1618 2551 1672 αὐτοῦ
2601 1620 2701 1671 καί
2758 1623 2863 1671 τὸν
2906 1622 2950 1671 Υ
2946 1620 3042 1673 ἱὸν
3094 1621 3193 1674 καί
3228 1624 3335 1674 τὸν
3377 1621 3606 1689 Πατέρα
3644 1624 3961 1689 συνεφελ-

2367 1711 2595 1762 κύσατο
2631 1725 2645 1738 ·
2684 1710 2783 1762 καί
2823 1711 2931 1763 τὸν
2972 1713 3110 1764 Υἰὸν
3137 1710 3375 1778 ἀληθῶς
3405 1711 3571 1776 ὅστις
3602 1712 3808 1778 λάϐοι,
3835 1711 3960 1776 ἕξει

2366 1799 2553 1851 αὐτὸν
2589 1798 2973 1866 ἑκατέρωθεν,
3007 1801 3091 1868 πῆ
3120 1802 3237 1869 μὲν
3278 1804 3386 1856 τὸν
3432 1802 3652 1856 ἑαυτοῦ
3692 1805 3957 1868 Πατέρα,

2366 1889 2447 1955 πῆ
2490 1890 2558 1942 δὲ
2609 1890 2676 1942 τὸ
2702 1892 2863 1943 lator
2903 1894 3144 1961 Πνεῦμα
3192 1896 3707 1961 συνεπιστάμενος.
3734 1898 3824 1947 οὐ
3849 1895 3960 1962 τὺρ

2367 1982 2538 2034 ἐστιν
2557 1981 2879 2049 ἐπινοῆσαι
2905 1982 3151 2051 τομὴνίῆ
3178 1983 3488 2051 διαίρεσιν,
3510 1985 3590 2050 ὠς
3610 1985 3650 2053 ἦ
3678 1986 3825 2039 Υίὸν
3851 2003 3959 2053 χω-

686 2087 934 2139 indicare
967 2082 1178 2147 volens,
1206 2096 1428 2133 causam
1461 2078 1684 2132 dixiLel
1709 2087 2014 2141 causatum,
2042 2086 2097 2131 et
2119 2078 2265 2129 illius

2375 2078 2458 2139 οὶς
2497 2074 2603 2127 τοῦ
2630 2075 2860 2142 Πατρὸς
2890 2073 3207 2143 νοηθῆναι,
3236 2074 3274 2143 ἣ
3303 2077 3370 2129 τὸ
3416 2077 3662 2144 Πνεῦμα
3685 2077 3796 2129 τοῦ
3823 2073 3959 2128 Υἰοῦ

688 2175 833 2244 quod
892 2189 957 2226 ex
1028 2185 1195 2224 causa
1254 2179 1373 2224 erat
1428 2169 1627 2221 iterum
1686 2169 1848 2221 aliam
1903 2166 2264 2220 diﬂ'erentiaut

689 2266 966 2335 apposuit.
1042 2245 1289 2330 Namque
1343 2264 1442 2313 hoc
1493 2260 1709 2326 quidem
1736 2272 1859 2313 esse
1891 2258 2206 2311 immediate
2238 2272 2267 2309 a

692 2364 893 2429 primo,
933 2361 1035 2413 hoc
1073 2372 1202 2410 vero
1251 2366 1347 2424 per
1392 2336 1852 2407 Filiumananare
1886 2367 1953 2406 ex
1984 2350 2184 2420 primo,
2212 2359 2271 2401 ut

691 2468 857 2521 supra
884 2453 995 2519 jam
1040 2450 1442 2507 adnotavimus,
1478 2444 1685 2498 addidit
1712 2461 1729 2501 :
1759 2444 1900 2496 Adeo
1943 2450 2000 2495 ut
2033 2441 2271 2510 unigeni-

694 2553 805 2595 tum
836 2540 1191 2593 iudubitatum
1228 2545 1435 2589 maneat
1484 2536 1539 2587 in
1593 2532 1755 2596 Filio,
1789 2542 1837 2586 et
1879 2548 1943 2586 ea:
1979 2532 2141 2586 Patre
2162 2546 2271 2583 esse

695 2633 961 2699 Spiritum
997 2635 1049 2683 in
1084 2630 1241 2682 dubio
1276 2644 1374 2679 non
1422 2629 1514 2691 sit,
1551 2624 1687 2677 Filii
1737 2626 2057 2679 mediatione
2096 2635 2143 2677 et
2175 2625 2275 2677 sibi

692 2728 793 2793 ipsi
828 2703 1151 2793 unigenitum
1187 2729 1552 2783 conservante,
1577 2729 1627 2771 et
1660 2718 1921 2786 Spiritum
1958 2736 1989 2770 a
2035 2716 2273 2769 naturali

692 2816 763 2869 ad
793 2814 1009 2869 Patrem
1049 2813 1359 2865 habitudine
1390 2828 1493 2864 non
1531 2819 1759 2864 arcente.
1798 2810 1929 2863 Item
1965 2810 2030 2862 de
2068 2809 2273 2877 Spiritu

694 2917 887 2980 sancto
928 2914 1193 2966 tractans,
1240 2906 1370 2955 dum
1425 2904 1477 2954 in
1529 2900 1910 2954 Macedoniam
1972 2885 2275 2964 invehitur,

694 2999 958 3067 scripsit:
994 2995 1059 3048 In
1102 2995 1289 3064 quibus
1320 3010 1438 3064 qua:
1479 2992 1765 3047 secundum
1797 2994 1987 3045 bonum
2036 2992 2275 3060 operatio

693 3098 794 3150 est,
833 3088 1037 3141 nullam
1068 3087 1489 3138 imminutionem
1522 3093 1614 3137 aut
1645 3084 2065 3137 immutationem
2095 3082 2272 3136 liabet.

2366 2167 2809 2237 διαζευχθῆναι.
2852 2170 3077 2233 Πάντως
3114 2171 3174 2223 τὸ
3200 2172 3544 2243 ἑκατέρωθεν
3580 2173 3677 2226 τοῦ
3704 2173 3845 2227 1⁸ἰοῦ
3871 2172 3959 2226 u-

2369 2277 2488 2327 γειν
2518 2257 2659 2313 εἰναι
2696 2260 2787 2313 τὸν
2814 2262 3036 2331 Πατέρα
3083 2263 3177 2316 καὶ
3208 2263 3268 2315 τὸ
3295 2264 3515 2333 Πνεῦμα
3537 2266 3596 2317 τὸ
3628 2266 3793 2333 ἅγιον
3828 2281 3961 2334 τιμο-

2371 2352 2514 2419 ᾳανῆ
2547 2351 2645 2421 τὴν
2694 2352 2907 2405 ἔννοιαν
2952 2354 3239 2423 κέκτηται,
3280 2359 3375 2408 καὶ
3406 2358 3466 2409 οὐ
3505 2344 3681 2429 δήπου
3720 2358 3875 2420 τινὸς
3899 2356 3959 2413 16

2374 2442 2633 2510 παράπαν
2671 2444 2843 2496 δεῖται
2880 2446 2979 2514 τῆς
3023 2446 3361 2514 ἐξηγήσεως.
3400 2447 3457 2500 ὐ
3481 2449 3537 2500 δὲ
3572 2448 3715 2511 θεῖος
3747 2448 3961 2519 Γρητό-

2374 2549 2508 2601 ριος,
2546 2533 2680 2602 πρὸς
2714 2532 2772 2584 ὃν
2799 2532 2865 2586 τὰ
2894 2536 2993 2603 τῆς
3023 2536 3281 2606 τοιαύτης
3318 2539 3629 2607 ἐπιστολῆς,
3662 2540 3779 2592 τῶν
3806 2540 3958 2592 Νυσ-

2374 2625 2549 2675 σαέων
2579 2623 2607 2673 6
2642 2625 2927 2695 πρόεδρος,
2978 2627 3209 2698 ἐπείπερ
3256 2630 3315 2680 ὲν
3349 2629 3428 2699 τῷ
3473 2632 3608 2699 πρὸς
3668 2632 3959 2685 ’Δὸλά6;ον

2373 2714 2519 2783 λὸγῳ
2548 2714 2647 2783 τὴν
2680 2715 2947 2784 διαφορὰν
2999 2717 3098 2786 τῆς
3135 2720 3414 2787 μακαρίας
3465 2720 3692 2790 Τριάδος
3714 2722 3959 2791 δηλῶσαι

2376 2804 2569 2869 θέλων,
2623 2806 2692 2859 τὸ
2738 2806 2935 2860 αιτιον
2994 2803 3117 2861 εἰπε
3155 2811 3251 2862 καὶ
3307 2811 3372 2863 t6
3407 2810 3694 2877 αἰτιατὸν,
3742 2813 3959 2865 καὶτοῦ

2376 2895 2435 2960 ἐξ
2471 2896 2655 2958 αἰτίας
2686 2896 2850 2949 πάλιν
2887 2897 3057 2968 ἄλλην
3096 2898 3362 2970 διαφορὰν
3398 2902 3697 2971 παρέλαϐε.
3736 2903 3815 2956 Τὸ
3859 2904 3961 2971 μὶν

2377 2989 2488 3056 γὰρ
2530 2982 2814 3057 προσέχῶς
2843 2990 2908 3041 ἐκ
2951 2987 3047 3041 τοῦ
3102 2988 3345 3058 πρώτου,
3393 2994 3453 3043 τὸ
3480 2991 3538 3043 δὲ
3592 2990 3683 3045 διὰ
3703 2992 3803 3044 τοῦ
3833 2992 3960 3047 fle-5

2382 3081 2566 3149 μένειν
2609 3080 2701 3132 καὶ
2727 3082 2790 3132 ἐκ
2818 3079 2914 3133 τοῦ
2939 3080 3182 3150 πρώτου,
3209 3082 3461 3151 καθάπερ
3495 3082 3801 3151 φθάσαντες
3825 3086 3962 3137 ἄνω-

696 3180 975 3245 Quomodo
996 3179 1196 3232 rationi
1221 3187 1621 3230 consentaneum
1643 3175 1805 3245 fuerit
1828 3174 2070 3228 ordinem
2093 3190 2273 3228 secun-

2382 3172 2477 3223 Θεν
2507 3170 2739 3240 ἔφημεν,
2776 3172 2987 3235 τούτοις
3014 3172 3300 3243 δπήγαγεν
3326 3187 3342 3204 ο
3379 3173 3563 3227 Ὥστε
3602 3174 3701 3230 καὶ
3756 3173 3826 3226 τὸ
3847 3192 3963 3243 μο-

691 3272 821 3325 dum
855 3287 1130 3325 numerum
1156 3270 1540 3323 imminutionis
1586 3269 1821 3337 alicujus
1854 3275 1946 3327 aut
1985 3267 2273 3322 secundum

694 3374 945 3417 naturam
1018 3354 1401 3415 immutationis
1468 3360 1677 3429 signum
1749 3374 1861 3414 esse
1919 3359 2276 3413 existimare?

696 3452 1155 3517 Quemadmodum
1179 3452 1224 3504 si
1256 3452 1372 3520 quis
1411 3450 1466 3502 in
1507 3450 1677 3503 tribus
1712 3448 2048 3517 lampadibus
2074 3449 2228 3502 subdi
2252 3478 2271 3488 -

690 3545 861 3597 visam
919 3542 1193 3610 ﬂammam
1258 3541 1583 3607 conspiciens
1640 3539 1882 3611 (causam
1960 3555 2078 3592 vero
2133 3539 2278 3592 tertii

693 3630 925 3699 luminis,
946 3647 1303 3701 supponamus
1340 3646 1452 3683 esse
1478 3631 1704 3697 primum
1728 3628 2003 3697 ﬂammam
2027 3642 2094 3683 ea:
2140 3644 2282 3680 cout—

694 3724 1051 3775 municatione
1092 3738 1209 3774 cum
1244 3720 1415 3773 medio
1459 3729 1747 3773 extremum
1814 3717 2277 3789 inﬂammantem),

696 3807 1033 3883 postmodum
1079 3819 1341 3865 astrueret
1398 3810 1453 3861 in
1505 3809 1681 3878 prima
1731 3810 1951 3877 flamma
2010 3806 2281 3863 abundare

699 3904 952 3968 calorem,
1000 3919 1126 3956 eam
1172 3917 1293 3955 vero
1336 3916 1453 3969 qua
1498 3900 1837 3971 subsequitur
1879 3902 2179 3965 immutari,
2222 3910 2281 3955 et

696 3996 958 4064 paulatim
1010 3994 1280 4060 imminui,
1317 3994 1530 4045 tertiam
1566 4007 1656 4045 nec
1692 3994 1862 4061 ignem
1892 3990 2122 4060 amplius
2164 4007 2281 4045 cen-

698 4091 917 4142 sendum
948 4103 1079 4151 esse,
1107 4086 1226 4139 licet
1256 4101 1406 4153 tequa
1438 4086 1639 4137 ratione
1674 4084 1867 4135 adurat
1909 4094 1958 4136 et
1989 4084 2279 4151 splendeat,

696 4182 979 4250 omniaque
1009 4180 1148 4249 ignis
1200 4190 1461 4246 operetur.
1494 4177 1801 4232 Concordat
1838 4191 1963 4229 eum
2029 4176 2115 4238 his
2154 4192 2281 4247 per-

698 4273 1107 4341 spicacissimus
1158 4266 1516 4338 Epiphanius,
1567 4268 1660 4337 qui
1726 4283 1827 4322 sua
1895 4267 1948 4321 itt
2023 4272 2278 4335 magnum

702 4363 999 4418 Sabbatum
1034 4364 1284 4417 oratione
1311 4362 1460 4415 hunc
1492 4362 1543 4411 in
1584 4362 1805 4414 modum
1836 4360 2114 4427 eloquitur
2161 4377 2174 4413 :
2211 4358 2279 4411 In

699 4456 871 4509 medio
900 4461 1125 4507 duorum
1152 4453 1468 4506 animalium
1501 4454 1709 4521 agnitus
1740 4452 1894 4505 Jesus
1928 4454 2019 4505 Dei
2062 4450 2275 4517 Filius;

2378 3262 2625 3329 νογενὰς
2648 3261 3071 3330 ἁναμςρίόολον
3090 3262 3189 3315 in!
3218 3265 3325 3318 τοῦ
3357 3265 3401 3315 Υ
3399 3265 3494 3321 ἰοῦ
3510 3264 3739 3335 μένειν,
3764 3266 3863 3320 καί
3892 3267 3960 3320 τὸ

2377 3353 2447 3406 ἐκ
2482 3352 2591 3405 τοῦ
2620 3354 2849 3420 Πατρός
2875 3348 3028 3406 εἶναι
3053 3354 3119 3406 τὸ
3166 3353 3414 3424 Πνεῦμα
3437 3356 3521 3425 μὴ
3558 3357 3963 3426 «inmanius-

2378 3441 2491 3511 τῆς
2528 3443 2635 3497 τοῦ
2666 3444 2802 3497 Υἰοὺ
2823 3445 3133 3513 μεσιτείας
3175 3446 3275 3498 καί
3303 3446 3496 3511 ἐαυτῷ
3538 3448 3604 3501 τὸ
3638 3451 3959 3519 μονογενὲς

2378 3538 2828 3604 φυλαττούσης,
2865 3538 2963 3591 καί
2992 3538 3061 3591 τὸ
3098 3538 3342 3608 Πνεῦμα
3365 3539 3475 3607 τῆς
3503 3539 3773 3608 φυσικῆς
3810 3543 3957 3610 πρὸς

2379 3632 2487 3681 τὸν
2552 3628 2785 3697 Πατέρα
2838 3627 3111 3697 σχέσεως
3155 3630 3242 3699 μὴ
3294 3632 3721 3700 ἀπειργούσης.
3763 3633 3825 3686 'U
3860 3636 3956 3686 αὺ-

2380 3720 2469 3782 τδς
2505 3723 2632 3790 περὶ
2683 3719 2778 3771 τοῦ
2820 3721 2979 3786 ἁγίου
3039 3722 3355 3791 Πνεύματος
3388 3721 3828 3791 διαλαμϐάνων,
3863 3725 3957 3777 καὶ

2381 3812 2523 3861 κατὰ
2554 3808 2891 3863 Μακεδονίου
2945 3811 3244 3881 φερόμενος
3291 3810 3415 3864 τάδε
3462 3813 3668 3883 φησίν-⁸
3719 3815 3844 3881 Ἐφ’
3873 3808 3957 3867 ὧν

2378 3898 2417 3964 ἠ
2476 3901 2626 3954 κατὰ
2677 3900 2743 3953 τὸ
2775 3901 3004 3968 ἀγαθὸν
3050 3901 3319 3971 ἐνέργεια
3371 3902 3661 3972 οὐδεμίαν
3697 3903 3949 3958 ἐλάττω-

2380 4005 2487 4043 σιν
2520 3990 2557 4058 ἢ
2584 3994 2988 4061 παραλλαγὴν
3016 3993 3165 4061 ἔχει,
3195 3992 3321 4059 πῶς
3367 3994 3824 4067 ἐστινκεῠλοτον
3843 3998 3955 4065 τὴν

2381 4084 2533 4137 κατὰ
2580 4084 2687 4137 τὸν
2729 4080 2981 4153 ἀριθμὸν
3031 4084 3206 4148 τάξιν
3232 4087 3615 4154 ἐλαττώσεώς
3652 4106 3811 4154 τινος
3849 4088 3951 4156 τῆς

2381 4175 2531 4227 κατὰ
2547 4176 2751 4244 ῇφύσιν
2786 4167 3185 4247 παραλλαγῆς
3210 4180 3443 4235 οἴεσθαι
3480 4182 3737 4249 σημεῖον
3772 4184 3951 4247 sirm;

2383 4265 2610 4333 ’Ὠσπερ
2658 4267 2734 4318 ἂν
2756 4267 2812 4319 εἰ
2863 4285 2953 4333 τις
2980 4268 3051 4321 ἐν
3092 4270 3250 4338 τρισί
3282 4272 3557 4339 λαμπάσι
3583 4272 3952 4343 διῃρημένην

2375 4358 2628 4420 ,Βλέπων
2652 4358 2768 4425 τὴν
2791 4359 3010 4429 φλόγα,
3050 4363 3248 4413 αἰτίαν
3277 4362 3346 4413 δὲ
3379 4363 3485 4417 τοῦ
3517 4365 3717 4431 τρίτου
3766 4366 3951 4433 φωτὸς

2382 4449 2733 4518 ὐποθώμεθα
2761 4448 2917 4503 εἶναι
2971 4454 3084 4513 τὴν
3115 4453 3358 4521 πρώτην
3402 4457 3599 4526 φλόγα
3643 4457 3713 4510 ἐκ
3765 4458 3953 4512 διαδό-

700 4549 756 4602 in
779 4548 950 4601 medio
982 4545 1166 4601 Patris
1199 4557 1248 4600 et
1278 4545 1509 4613 Spiritus
1557 4545 1784 4597 duorum
1829 4546 2133 4608 viventium,
2168 4544 2273 4596 vita

2380 4559 2535 4607 σεως
2569 4542 2668 4595 διὰ
2693 4544 2800 4597 τοῦ
2823 4545 3019 4611 μέσου
3046 4545 3111 4597 τὸ
3155 4544 3344 4614 ἀκρον
3378 4546 3724 4615 ἐξάψασαν,
3757 4548 3950 4603 ἔπειτα

700 4654 764 4691 ea:
821 4641 948 4704 vita,
984 4647 1179 4691 natura
1230 4640 1336 4691 vita
1388 4639 1643 4707 cognitus.
1697 4637 1769 4689 Ita
1804 4636 1859 4689 hi
1913 4638 1980 4691 de
2013 4637 2281 4689 Trinitate

704 4728 1075 4798 philosophati
1134 4737 1286 4789 sunt,
1344 4739 1397 4780 nt
1456 4730 1753 4782 revelatum
1800 4728 1903 4800 luit
1962 4744 1990 4781 a
2051 4727 2279 4797 Spiritu,

702 4821 1032 4889 principium
1088 4828 1398 4872 asserentes
1451 4819 1686 4885 Patrem,
1715 4822 1951 4878 medium
1979 4820 2197 4885 Filium,
2230 4830 2282 4874 et

707 4925 802 4980 per
832 4912 1011 4978 ipsum
1045 4909 1313 4979 Spiritum
1350 4924 1630 4971 sanctum,
1665 4926 1803 4979 quos
1828 4926 1927 4981 nos
1964 4913 2036 4964 uti
2071 4913 2283 4980 pietatis

704 5003 871 5055 duces
921 5012 1235 5069 sequentes,
1294 5015 1482 5053 eorum
1532 5002 1795 5053 doctrinis
1836 5011 1891 5054 et
1938 5004 2285 5055 sermonibus

707 5091 1037 5144 insistimus.
1073 5091 1141 5143 At
1175 5101 1421 5146 recentes
1456 5091 1717 5159 theologi,
1755 5092 1943 5145 nescio
1975 5108 2003 5143 a
2047 5108 2283 5160 quonam

703 5182 901 5245 edocti,
937 5196 1166 5249 prorsus
1200 5198 1229 5233 e
1292 5192 1475 5233 ventre
1524 5192 1700 5235 tamen
1734 5184 1785 5235 in
1837 5200 1936 5236 nos
1965 5182 2097 5237 falsa
2128 5185 2287 5249 jacti-

707 5283 846 5335 tant,
880 5276 1180 5328 secundum
1219 5274 1417 5326 lineam
1450 5286 1652 5339 rectam
1690 5274 2002 5343 elIingentes
2033 5290 2130 5327 nos
2164 5289 2282 5328 eam

706 5363 1032 5432 intelligere,
1080 5375 1135 5416 et
1182 5366 1387 5417 nostris
1431 5366 1784 5418 adversantes
1839 5366 1946 5417 alio
1995 5368 2153 5417 modo
2181 5368 2287 5417 cir—

707 5456 1103 5517 cumscribere,
1155 5469 1276 5523 qua:
1323 5455 1475 5509 nullo
1518 5459 1681 5509 modo
1732 5466 2011 5524 nequeunt
2051 5458 2289 5509 circum-

708 5546 895 5608 scribi,
961 5559 1252 5611 conantur,
1348 5548 1679 5615 traduntque
1744 5547 1900 5615 juxta
1984 5554 2282 5618 secundam

708 5638 958 5708 ﬁguram,
1002 5650 1096 5692 aut.
1144 5641 1481 5722 triangulum
1532 5656 1651 5694 eam
1701 5641 2096 5710 disimnendam
2144 5656 2284 5695 esse.

708 5731 813 5783 Alii
875 5740 930 5785 et
985 5731 1221 5786 circulos
1277 5734 1540 5799 quosdam
1609 5734 1987 5814 introducunt,
2046 5735 2290 5804 quisqui-

713 5820 818 5875 lias
871 5823 1133 5887 quasdam
1187 5826 1581 5891 cogitationum
1636 5836 1974 5891 cruciantes,
2034 5842 2197 5899 quas,
2234 5829 2286 5881 in

2384 4632 2817 4694 κατασκευάζοι
2870 4635 3226 4695 πλεονάζειν
3267 4638 3337 4693 ἐν
3383 4637 3457 4706 τῇ
3515 4640 3715 4709 πρώτῃ
3776 4644 3942 4710 φλογί

2384 4726 2499 4792 τὴν
2520 4727 2877 4793 θερμασίαν,
2916 4724 2991 4792 τῇ
3024 4725 3092 4777 δὲ
3121 4727 3349 4794 ἐφεξῆς
3376 4731 3833 4796 ὑποϐεϐηκέναι,
3856 4730 3941 4785 καὶ

2384 4816 2533 4882 πρὸς
2587 4816 2653 4868 τὸ
2710 4816 2968 4869 ἔλαττον
3018 4818 3184 4885 ἔχειν
3226 4819 3341 4885 τὴν
3388 4822 3804 4890 παραλλαγὴν,
3843 4824 3943 4891 τὴν

2384 4909 2451 4960 δὲ
2484 4910 2687 4975 τρίτην
2734 4909 2891 4976 μηδὲ
2940 4910 3061 4979 πῦρ
3094 4912 3183 4964 ἐτι
3215 4910 3580 4979 λογίζεσθαι,
3615 4913 3732 4967 κᾶν
3772 4930 3940 4983 παρα·

2386 5002 2659 5066 πλησίως
2681 5001 2843 5065 καίῃ,
2877 5002 2973 5053 καί
3005 5003 3211 5069 φαίνῃ,
3252 5006 3351 5055 καί
3380 5004 3577 5057 πάντα
3602 5005 3678 5057 τὰ
3716 5005 3819 5059 τοῦ
3843 5022 3937 5060 πιν-

2378 5095 2488 5159 ρὸς
2514 5092 2844 5160 ἐργάζηται.
2870 5092 3323 5162 Σύμφωνόςὲστι
3347 5097 3559 5158 τούτοις
3596 5102 3689 5150 καὶ
3721 5102 3749 5153 6
3778 5099 3939 5169 διορα-

2388 5184 2686 5246 τικώτατος
2728 5184 2786 5237 Ἐ
2800 5187 3065 5249 πιφάνιος.
3110 5186 3197 5237 Ἐν
3224 5188 3335 5256 γὰρ
3363 5188 3439 5257 τῷ
3467 5191 3544 5250 εἰς
3572 5190 3635 5241 τὸ
3663 5193 3803 5258 μέγα
3825 5190 3943 5243 Σάδ-

2389 5278 2551 5326 ϐατον
2586 5278 2770 5342 οἰκείῳ
2802 5276 2945 5344 λόγῳ
2969 5277 3062 5325 καὶ
3093 5272 3247 5338 οὗτος
3280 5279 3426 5331 οὕτω
3462 5280 3651 5347 φησίν·
3678 5282 3773 5332 Ἐν
3794 5280 3941 5348 μέσῳ

2388 5366 2497 5421 δύο
2527 5365 2687 5426 ζωῶν
2742 5370 3035 5435 γνωσθεὶς
3067 5369 3303 5436 Ἰησοῦς
3333 5373 3367 5423 ό
3398 5373 3667 5437 θεόπαις,
3693 5373 3762 5424 ἐν
3793 5378 3939 5441 μέσῳ

2389 5461 2618 5527 Πατρός
2650 5462 2748 5513 καί
2795 5462 3141 5529 Ιινεύματος
3189 5461 3309 5515 τῶν
3360 5463 3471 5516 δύο
3518 5462 3693 5523 ζωῶν.
3733 5464 3837 5531 ζωὴ
3882 5467 3938 5515 ὲκ

2390 5550 2558 5619 ζωῆς,
2603 5553 2797 5619 ,φύσει
2842 5550 2953 5620 ζωὴ
2990 5552 3437 5620 τνωριζόμενος.
3501 5556 3640 5608 Ἀλλ’
3662 5549 3805 5607 οὗτοι
3858 5556 3940 5623 μὲν

2390 5640 2533 5692 οὕτω
2562 5640 2661 5710 τὴν
2693 5642 2899 5710 Τριαὸα
2950 5644 3426 5713 τεθεοὶογήκασιν,
3466 5644 3539 5706 ὡς
3573 5645 3942 5713 ἀπεκαλύφθη-

2393 5750 2491 5785 σαν
2520 5734 2582 5784 ὲκ
2610 5733 2703 5785 τοῦ
2736 5733 3070 5804 Πνεύματος,
3103 5737 3277 5818 ἀριδὴν
3314 5737 3413 5805 μὲν
3442 5737 3684 5799 εἰπόντες
3720 5736 3808 5789 τὸν
3845 5738 3940 5791 Πι-

2395 5827 2552 5895 τέρα,
2586 5830 2753 5897 μέσον
2782 5827 2838 5880 δὲ
2872 5830 2964 5881 τὸν
2988 5829 3134 5902 ἶξὶὸν,
3163 5830 3258 5882 καὶ
3284 5830 3352 5883 δῖ’
3385 5829 3550 5884 αὐτοῦ
3576 5830 3637 5882 τὸ
3664 5830 3873 5895 Πνεῦμα
3889 5831 3941 5882 τὸ
