4132 6488
219 474 357 545 18.0?

1074 475 1170 535 DE
1211 468 1732 535 PROCESSIONE
1772 470 1836 535 S.
1881 471 2238 537 SPIRI’I’US
2276 471 2501 532 ORAT.
2546 471 2592 531 Ι.

3331 466 3468 532 1098

213 602 395 669 αγιον,
433 590 517 659 οῖς
545 594 705 666 ὑμεῖς
754 593 831 657 ὡς
874 591 1092 661 ὁδηγοῖς
1128 590 1413 655 εὐσεϐείας
1440 588 1802 643 ἀκολουθοῦν-

1904 588 2163 645 cordibus
2213 590 2332 645 suis
2379 588 2521 643 l‘otas
2578 584 2995 643 circumferunt.
3048 583 3157 640 Nos
3197 595 3377 640 autem
3404 602 3470 641 ex

211 706 331 755 τις,
382 690 508 754 ταῖς
563 684 747 740 αὐτῶν
791 682 1164 744 διδασκαλίαις
1193 683 1286 736 καὶ
1338 684 1451 744 τοῖς
1486 681 1665 749 λόγοις
1698 681 1796 750 ἐμ.

220 779 487 850 μένομεν.
512 777 578 830 Οἱ
605 775 660 828 δὲ
686 769 782 827 θῦν
804 770 1044 839 θεολόγοι
1066 770 1234 824 πόθεν
1249 768 1347 822 οὐκ
1366 764 1484 821 οῖδα
1509 766 1796 837 μαθόντες,

216 872 440 933 πάντως
471 868 579 922 ἀπὸ
622 864 835 927 κοιλίας
867 863 1050 917 αὐτῶν
1099 861 1277 931 μάτην
1311 858 1469 930 ἡμῶν
1516 857 1796 927 καταψεύ-

216 962 421 1021 δονται.
450 956 593 1015 κατὰ
626 953 1138 1027 γραμμὴνέὑθεῖαν
1170 952 1499 1013 πλάττοντες
1552 949 1793 1003 νοεῖσθαι

217 1050 427 1122 ταύτην
458 1050 615 1119 ἡμῖν.
647 1048 712 1100 Oi
743 1046 837 1099 καὶ
866 1043 1027 1113 δῆθεν
1056 1045 1169 1105 τοῖς
1192 1041 1488 1111 ἡμετέροις
1519 1036 1795 1092 ἐναντιού-

224 1158 401 1212 μενοι,
454 1138 784 1209 διαγράφειν
846 1136 1052 1205 ἑτέρως
1116 1132 1414 1202 πειρῶνται
1464 1130 1565 1200 τὴν
1599 1128 1798 1199 ἀπερί-

219 1249 468 1305 γραπτον
490 1249 504 1262 ·
536 1230 631 1283 καί
662 1244 796 1296 φασι
824 1228 967 1280 κατὰ.
990 1225 1178 1295 σχῆμα
1198 1224 1454 1292 δεύτερον
1478 1220 1623 1291 ἔχειν
1655 1219 1794 1274 ταῦ-

224 1341 328 1392 την
360 1325 394 1393 ἢ
430 1324 571 1376 κατὰ
604 1320 894 1389 τρίγωνον.
937 1317 1123 1369 Ἀλλοι
1160 1316 1217 1369 δὲ
1245 1315 1339 1368 καὶ
1370 1312 1605 1373 κύκλους
1646 1310 1797 1375 τινας

222 1415 647 1486 παρεισάγουσι,
677 1408 982 1481 ουρφετούς
1006 1424 1159 1470 τινας
1189 1406 1391 1469 πάντες
1422 1403 1641 1458 ἐννοιῶν
1662 1404 1798 1456 ἁπο-

224 1506 513 1569 πτύοντες,
532 1504 625 1566 οὓς
654 1504 770 1563 ταῖς
804 1500 1051 1569 καρδίαις
1082 1498 1263 1551 αὐτῶν
1290 1497 1676 1567 ἐπισυρόμενοι
1699 1511 1798 1547 πε-

224 1596 562 1667 ριφέρουσιν.
606 1595 800 1665 Ἡμεῖς
823 1592 880 1646 δὲ
912 1591 1082 1662 μηδὲν
1115 1590 1251 1644 ῐδιον
1275 1590 1458 1655 λέγειν
1492 1586 1798 1658 τολμῶντες

218 1690 365 1741 κατὰ
391 1682 776 1758 τὴνὊεολόγον
816 1688 1023 1754 φωνὴν,
1072 1681 1436 1751 Ἀμέριστος,
1495 1676 1696 1751 φαμὶν,
1729 1678 1801 1732 ἐν

211 1780 542 1852 μεριστοῖς,
571 1782 625 1833 el
657 1777 754 1832 δεῖ
784 1780 1101 1845 συντόμως
1127 1773 1339 1838 εἰπεῖν,
1369 1774 1408 1840 ἠ
1436 1772 1668 1839 θεότης,
1699 1770 1799 1824 καὶ

217 1868 351 1927 οῖον
380 1873 450 1926 ἐν
492 1871 691 1939 ήλίοις
744 1867 943 1936 τρισὶν
987 1864 1300 1934 ἐχομένοις
1345 1862 1641 1931 ἀλλήλων
1692 1861 1803 1931 μία

216 1963 325 2017 τοῦ
345 1962 542 2032 φωτὸς
572 1960 932 2030 σύγκρασις,
965 1957 1228 2023 ἀπείρων
1257 1972 1321 2009 τε
1349 1952 1527 2023 τριῶν
1553 1953 1798 2021 ἄπειρος

1907 682 2142 752 propriis
2168 681 2306 736 nihil
2329 679 2575 750 proferre
2614 679 2880 734 audentes
2938 678 3241 733 secundum
3293 674 3475 732 Theo-

1903 774 2012 844 logi
2075 788 2287 839 vocem,
2348 773 2612 835 lndivisa,
2654 771 2910 834 dicimus,
2943 772 2997 823 in
3047 770 3201 823 rebus
3254 768 3472 833 divisis,

1902 864 1949 918 si
1977 861 2117 916 brevi
2146 877 2384 916 sermone
2424 860 2739 915 absolvenda
2778 876 2857 913 res
2880 868 2982 923 est,
3016 857 3223 924 Deitas,
3247 870 3297 912 et
3322 860 3476 929 quasi

1905 953 1960 1007 in
1984 953 2150 1006 tribus
2195 952 2395 1007 solibus
2441 960 2623 1005 mutuo
2682 951 3068 1030 adltwrentibus
3110 968 3217 1004 una
3260 952 3477 1005 luminis

1903 1045 2102 1109 mistio,
2155 1054 2205 1098 et
2263 1044 2599 1114 infinitarum
2647 1044 2808 1097 trium
2852 1042 3065 1112 inﬁnita
3116 1045 3339 1097 cohaesio
3386 1060 3480 1114 per

1899 1135 2076 1188 omnia
2110 1143 2158 1189 et
2189 1149 2349 1203 super
2376 1135 2558 1188 omnia
2596 1149 2713 1189 sere
2740 1135 3063 1202 perveniens.
3106 1132 3478 1189 Nihilominus

1899 1225 2063 1281 etiam
2102 1224 2208 1280 hoc
2261 1216 2446 1291 modo,
2483 1233 2545 1279 ut
2587 1225 2765 1279 sancti
2797 1222 3165 1288 tradiderunt,
3208 1225 3480 1294 principio

1898 1317 2050 1372 dives
2076 1324 2182 1379 est,
2211 1325 2265 1369 et
2295 1316 2536 1369 medium
2565 1315 2756 1383 iactat,
2789 1324 2844 1370 et
2884 1315 3032 1384 quod
3062 1315 3188 1369 inde
3233 1317 3479 1385 sequitur

1900 1421 2007 1461 non
2041 1404 2270 1475 respuit,
2289 1406 2470 1459 omnia
2494 1405 2654 1458 modo
2680 1404 2889 1459 divino.
2918 1402 3049 1460 Post
3072 1404 3313 1460 Verbum
3349 1422 3478 1461 vero

1901 1496 2164 1567 Spiritum
2184 1504 2430 1551 sanctum
2453 1495 2702 1567 intelligi,
2726 1496 2878 1550 testis
2892 1506 2974 1551 est
2996 1510 3224 1566 magnus
3246 1495 3480 1551 Basilius

1902 1588 2151 1643 oratione
2173 1587 2227 1641 in
2251 1587 2474 1641 fratrem
2502 1584 2804 1656 Nysseoum
2829 1585 3152 1652 Gregorium
3178 1601 3192 1638 :
3222 1586 3479 1654 Spiritus,

1901 1683 2101 1753 inquit,
2132 1683 2269 1737 hanc
2302 1682 2566 1736 notionem
2597 1689 2649 1735 et
2702 1680 3048 1750 eognoscibile
3092 1681 3302 1751 signum
3335 1681 3479 1749 ejus,

1901 1787 2018 1843 qut:
2061 1769 2347 1826 secundum
2388 1769 2717 1841 hypostasim
2766 1779 2869 1834 est,
2923 1768 3262 1837 proprietatis
3305 1770 3478 1833 habet,

1902 1880 2006 1935 quo
2041 1872 2158 1933 post
2186 1860 2414 1928 Filium,
2437 1870 2487 1916 et
2515 1877 2636 1916 cum
2671 1858 2816 1915 Filio
2851 1860 3012 1915 simul
3042 1870 3091 1916 et
3132 1862 3242 1931 ipse
3272 1878 3325 1917 se
3351 1862 3480 1931 facit

1906 1953 2214 2007 internosci.

215 2052 496 2122 συμφυτα
515 2048 829 2119 πανταχοῦ
855 2047 955 2102 καὶ
978 2048 1129 2115 ὑπὲρ
1158 2047 1224 2100 τὸ
1246 2045 1370 2101 πᾶν
1399 2043 1478 2111 τῷ
1541 2045 1669 2100 ὄντι
1735 2044 2057 2114 διήκουσα.
2098 2044 2246 2115 ῐιλὴν
2314 2046 2412 2099 καὶ
2483 2044 2626 2099 οὕτω
2684 2042 2991 2099 πλουτοῦσα
3049 2044 3190 2099 κατὰ
3238 2044 3338 2117 τὴν
3370 2044 3479 2097 τῶν

216 2147 393 2216 ἁγίων
446 2127 744 2213 παράδοσιν
798 2139 898 2211 τὴν
968 2140 1164 2210 ἀρχὴν,
1223 2138 1286 2191 τό
1349 2153 1409 2191 τε
1474 2137 1637 2206 μέσον
1706 2136 1971 2207 αὐχοῦσα,
2022 2135 2114 2188 καὶ
2181 2135 2245 2187 τὸ
2283 2134 2457 2205 μεταλ
2496 2135 2670 2188 τοῦτο“
2715 2135 3009 2206 δεχομένη,
3042 2134 3112 2187 τὰ
3141 2134 3317 2187 πάντα
3360 2134 3476 2188 θεο-

218 2236 472 2306 πρεπῶς.
502 2232 611 2287 Τοῦ
640 2233 698 2286 δὲ
736 2231 880 2301 μετὰ
906 2229 999 2282 τὸν
1027 2228 1273 2306 λόγον-τὸ
1306 2225 1530 2296 Πνεῦμα
1553 2224 1793 2278 νοεῖσθαι
1832 2225 1895 2279 τὸ
1927 2224 2083 2292 ἆγιον
2147 2224 2358 2293 μάρτυς
2390 2226 2418 2276 ό
2484 2223 2658 2293 μέγας
2708 2223 3012 2285 Βασίλειος.
3041 2222 3102 2283 ὃς
3132 2225 3189 2277 ιν
3218 2222 3297 2293 τῷ
3341 2224 3473 2293 πρὸς

216 2302 312 2385 sint
349 2328 551 2381 οἰκεῖον
596 2325 826 2393 ἀδελφὸν
857 2302 1303 2394 ι“ρηγόριον’τὺν
1357 2321 1580 2391 Νύσσης
1611 2322 1777 2390 λόγῳ,
1824 2320 1895 2373 Τὸ
1962 2318 2226 2388 Πνεῦμα,
2270 2319 2426 2389 φησι,
2472 2318 2538 2372 τὸ
2570 2316 2969 2387 τνωριστικὸν
3016 2315 3127 2385 τῆς
3159 2316 3309 2372 κατὰ
3363 2319 3480 2386 τὴν

216 2423 565 2479 ὑπόστασιν
596 2414 892 2481 ἰδιότητος
915 2413 1170 2482 σημεῖον
1197 2414 1323 2481 ἔχει
1366 2412 1434 2467 τὸ
1482 2412 1633 2482 μετὰ
1684 2411 1792 2464 τὸν
1827 2410 1965 2464 Υίὸν
1992 2410 2091 2465 καὶ
2126 2410 2248 2465 σὺν
2276 2408 2875 2480 αὑτῷλτνωριζεσθαι.

293 2509 397 2582 λβ¹.
432 2512 653 2563 To“.er
698 2508 875 2574 οὓτως
927 2509 1162 2579 ἑχόντων
1210 2509 1309 2560 οὐκ
1339 2508 1521 2576 ἀγνοῶ
1552 2524 1614 2575 γε
1653 2509 1793 2575 τάχα

1971 2505 2061 2561 52.
2107 2506 2231 2561 llaec
2282 2507 2357 2561 ita
2406 2520 2465 2560 se
2517 2506 2741 2570 habent,
2790 2514 2843 2561 et
2871 2520 2973 2577 ego
3018 2521 3142 2577 qua:
3206 2509 3478 2578 praedictis

224 2604 324 2659 καὶ
366 2603 438 2656 τὰ
482 2599 744 2654 δοκοῦντα
774 2601 888 2662 τοῖς
940 2598 1034 2653 νῦν
1084 2598 1296 2669 ῥηθεῖσι
1354 2596 1793 2667 προσίστασθαιο

220 2696 415 2763 διόπερ
446 2691 633 2745 ἐνθάδε
662 2692 891 2743 κάκεῖνα
946 2691 1168 2762 προθεὶς
1219 2689 1320 2759 τὴν
1371 2687 1798 2741 ἀνακύπτουσαν

225 2786 290 2852 ἐξ
327 2783 509 2839 αὐτῶν
564 2781 897 2850 ἀμφιόολίαν
949 2780 1024 2841 ὡς
1074 2773 1187 2833 οἷόν
1243 2796 1302 2832 τε
1331 2777 1581 2832 διαλῦσαι
1610 2776 1801 2847 πειρά-

224 2893 418 2945 σομαι,
454 2876 552 2944 τῆς
585 2871 846 2941 ἀληθείας
901 2869 1045 2924 κατὰ
1075 2869 1304 2940 δύναμιν
1360 2870 1798 2937 ἁντιποιησάμεο

220 2984 335 3029 νος.
374 2964 433 3018 ’0
462 2963 560 3035 μὲν
594 2963 704 3032 γὰρ
733 2965 791 3014 ὲν
822 2962 997 3030 ἁγίοις
1038 2961 1226 3031 Πατὴρ
1279 2958 1437 3030 ἡμῶν
1482 2958 1801 3021 Ἀθανάσιος

223 3060 286 3111 ἐν
334 3057 506 3126 ὀγδόῳ
539 3056 647 3108 τῶν
677 3056 1013 3123 πεντήκοντα
1045 3052 1378 3120 κεφαλαίων,
1409 3044 1484 3104 ὧν
1512 3054 1611 3120 τὴν
1640 3049 1799 3103 ἐκθε-

225 3167 311 3203 σιν
342 3151 407 3202 ὲκ
442 3146 761 3218 μαρτυριῶν
817 3145 1119 3215 ἐποιήσατο
1149 3141 1461 3213 γραφικῶν,
1518 3140 1613 3194 ἐπὶ
1665 3142 1799 3194 πᾶσι

220 3243 295 3294 τὰ
326 3241 466 3293 αὐτὰ
513 3240 798 3306 προσεῖναι
855 3234 935 3304 τῷ
988 3235 1165 3303 Πατρὶ
1217 3235 1310 3286 καὶ
1348 3232 1425 3304 τῷ
1455 3232 1597 3302 ἁγίῳ
1630 3231 1797 3286 Ilvati-

227 3348 361 3401 ματι
394 3327 772 3400 παραστῆσαι,
806 3327 904 3379 καὶ
939 3324 1034 3378 τοῦ
1070 3324 1391 3393 Πνεῦματος
1427 3324 1490 3376 τὸ
1523 3323 1798 3394 καθῆσθαι

222 3421 512 3486 δεικνύων,
542 3420 733 3488 ὥσπερ
764 3416 979 3471 καὶτοῦ
1011 3417 1225 3488 Πατρὸς
1255 3417 1349 3468 καὶ
1382 3414 1476 3467 τοῦ
1520 3413 1668 3478 Υἱοῦ,
1723 3415 1799 3484 μὴ

228 3516 392 3582 μόνον
422 3512 477 3566 δὲ
504 3512 641 3566 ἀλλὰ
676 3510 771 3572 καὶ
794 3511 857 3562 τὸ
889 3508 1294 3578 συγκαθῆσθαι,
1320 3509 1444 3561 τάδε
1492 3512 1626 3577 πρὸς
1673 3508 1802 3570 ἔπος

222 3605 607 3674 διαλαμϐάνων
628 3603 802 3672 φησί·
848 3600 957 3657 Τοῦ
999 3600 1229 3669 Πατρός
1261 3600 1367 3655 τοῦ
1396 3599 1621 3667 Κυρίου
1652 3598 1802 3667 πρὸς

223 3696 331 3752 τὸν
346 3696 631 3763 Ἰωάννην
650 3695 958 3764 λέγοντος,
976 3693 1103 3761 Ἐφ’
1127 3692 1199 3745 ὃν
1223 3690 1298 3746 ἂν
1311 3692 1463 3758 ιδοις
1480 3692 1547 3745 τὸ
1563 3692 1802 3759 Πνεῦμα

223 3787 587 3858 καταϐαῖνον
614 3786 712 3840 καὶ
736 3786 932 3856 μένον
954 3786 1025 3838 ἐν
1056 3784 1238 3849 αὐτῷ,
1276 3787 1308 3837 ό
1356 3785 1569 3852 Κύριος
1595 3780 1764 3837 εἶπεν
1784 3797 1799 3814 '

1902 2599 2186 2654 adversari
2239 2599 2496 2654 videntur
2544 2598 2707 2669 plane
2751 2615 3027 2669 cognosco
3083 2619 3097 2656 :
3147 2613 3478 2673 quapropter

1900 2690 2010 2745 illis
2060 2690 2151 2745 hic
2179 2693 2400 2761 positis,
2439 2707 2559 2762 quae
2603 2708 2667 2748 ex
2706 2695 2842 2762 ipsis
2899 2694 3063 2749 dubia
3113 2695 3384 2761 oriuntur,
3420 2706 3479 2752 ut

1897 2782 2045 2839 vires
2096 2783 2430 2849 concedunt,
2475 2784 2777 2839 dissolvere
2836 2785 3105 2851 conabor,
3145 2788 3388 2853 veritati,
3420 2800 3479 2845 ut

1900 2872 2017 2929 ﬁeri
2060 2884 2278 2944 potest,
2314 2874 2562 2932 innixus.
2615 2876 2853 2931 Sanctus
2903 2876 3048 2931 enim
3080 2877 3241 2932 Pater
3290 2888 3478 2934 noster

1898 2965 2237 3020 Athanasius
2268 2965 2321 3020 in
2374 2974 2569 3022 octavo
2608 2967 3007 3036 quinquaginta
3042 2967 3308 3037 capitum,
3338 2984 3479 3039 quo-

1900 3069 2021 3110 rum
2073 3058 2471 3126 expositionem
2522 3072 2590 3111 ex
2632 3058 2840 3128 scripto
2882 3058 3101 3113 traditis
3146 3061 3478 3117 testimoniis

1901 3162 2190 3219 aggressus
2226 3157 2333 3211 est,
2368 3148 2424 3201 in
2477 3148 2733 3203 omnibus
2766 3148 2955 3202 eadem
3007 3149 3187 3205 inesse
3228 3150 3373 3206 Patri
3424 3164 3479 3206 et

1901 3238 2042 3293 Filio
2070 3247 2126 3294 et
2154 3238 2384 3309 Spiritui
2424 3250 2617 3295 sancto
2650 3239 2881 3308 probare
2914 3239 3128 3306 volens,
3157 3251 3210 3296 et
3237 3240 3477 3313 Spiritus

1902 3331 2201 3386 sessionem
2249 3345 2396 3398 esse,
2424 3331 2891 3400 quemadmodum
2944 3342 2999 3386 et
3046 3334 3225 3388 Patris
3254 3344 3307 3389 ct
3355 3333 3475 3388 ιείιιί

1902 3421 2302 3485 demonstrans,
2329 3436 2429 3477 nec
2456 3422 2635 3476 solum
2656 3421 2730 3485 id,
2752 3423 2847 3476 sed
2872 3424 3037 3476 etiam
3063 3422 3227 3477 simul
3264 3428 3475 3490 sedero,

1904 3513 2019 3566 han:
2044 3514 2110 3567 ad
2143 3513 2370 3567 verbum
2402 3513 2582 3582 inquit
2619 3530 2634 3567 :
2675 3511 2836 3567 Patre
2871 3512 3085 3568 Domini
3115 3517 3182 3567 ad
3212 3514 3475 3570 Joannem

1903 3604 2140 3657 dicente:
2174 3602 2339 3670 Super
2368 3619 2519 3673 quem
2550 3604 2743 3658 videris
2778 3603 3037 3674 Spiritum
3057 3605 3474 3671 descendentem,

1903 3704 1953 3749 et
1981 3704 2274 3747 manentem
2304 3698 2358 3748 in
2385 3695 2500 3761 illo,
2527 3695 2783 3750 Dominus
2816 3696 2953 3750 dixit
2978 3712 2996 3751 :
3019 3695 3077 3750 Si
3107 3695 3271 3752 Pater
3300 3699 3391 3769 qui
3421 3702 3474 3753 in

1905 3799 1985 3836 me
2021 3791 2219 3847 manet,
2270 3784 2379 3851 ipse
2419 3784 2547 3854 facit
2594 3799 2776 3851 opera.
2820 3783 3121 3839 Secundum
3162 3786 3339 3856 itaque
3367 3790 3476 3841 Ita'c

226 3883 296 3934 Ei
324 3851 391 3933 δέ
420 3884 452 3934 ό
487 3881 689 3946 Πατὴρ
803 3878 873 3931 ἐν
901 3877 1033 3947 ἐμοὶ
1070 3878 1275 3948 μένων
1304 3850 1487 3943 αὺτδς
1536 3877 1695 3931 ποιεῖ
1731 3878 1802 3932 τὰ

1907 3875 2205 3929 testimonia
2233 3850 2429 3940 dicito,
2452 3873 2613 3929 Pater
2630 3850 2685 3929 et
2717 3873 2947 3942 Spiritus
2974 3887 3183 3931 manent
3217 3850 3272 3930 in
3306 3876 3476 3942 Filio,

138 3990 146 3995 ’
225 3973 388 4042 ἔργα.
420 3971 567 4026 Εἰπὲ
595 3967 709 4026 οὖν
756 3971 907 4024 κατὰ
963 3972 1070 4036 τὰς
1116 3970 1472 4039 μαρτυρίας,
1510 3971 1542 4023 ό
1601 3967 1804 4037 Πατὴρ

228 4061 329 4115 καὶ
363 4064 430 4115 τὸ
454 4061 698 4129 Πνεῦμα
722 4061 1021 4129 μένουσιν
1046 4060 1117 4113 ἐν
1150 4060 1229 4125 τῷ
1262 4058 1370 4123 Υὶῷ
1403 4058 1441 4127 ἢ
1473 4058 1581 4123 οὕς
1622 4058 1801 4125 Φησὶ,

226 4152 561 4208 Μένουσιν.
602 4154 669 4205 Ei
700 4147 817 4206 οὖν
843 4151 912 4204 ὲν
940 4149 1020 4215 τῷ
1052 4149 1181 4215 Υιῷ,
1213 4150 1509 4217 μένουσιν
1539 4152 1569 4201 ὁ
1601 4147 1805 4215 Πατὴρ

227 4246 328 4298 καὶ
363 4245 431 4297 τὸ
476 4243 739 4311 Πνεῦμα,
792 4243 901 4297 τοῦ
967 4244 1107 4295 Υἱοῦ
1142 4242 1531 4304 καθίσαντος,
1566 4239 1802 4307 ἀνάγκη

227 4331 851 4401 πᾶσασυγκαθῆσθαι
894 4329 1054 4394 αὐτῴ
1085 4331 1183 4385 καὶ
1226 4330 1367 4395 τοὺς
1406 4330 1703 4398 μένοντας
1734 4329 1806 4384 ἐν

228 4425 408 4490 αὐτῷ.
446 4425 560 4480 Καὶ
604 4426 719 4494 μετ’
750 4424 908 4492 ὀλίγα
931 4439 946 4454 ο
982 4420 1071 4486 Τῷ
1097 4422 1213 4490 μὲν
1244 4420 1354 4485 Υίῷ
1381 4420 1561 4489 ἴσμεν
1590 4422 1805 4489 ἀφωρι-

228 4520 464 4589 σμένην
484 4517 717 4571 δίαιταν
734 4516 803 4569 ἐκ
833 4512 1048 4577 δεξιῶν
1066 4512 1170 4566 τοῦ
1199 4511 1445 4579 Πατρός,
1471 4511 1672 4577 ὥσπερ
1693 4507 1806 4568 οὖν

230 4609 382 4678 πρὸς
416 4610 523 4661 τὸν
570 4606 790 4660 ἑαυτοῦ
840 4605 977 4657 Υιὸν
1020 4599 1172 4665 εἶπε,
1204 4621 1223 4653 ι
1255 4602 1454 4656 Κάθου
1483 4600 1552 4654 ἐκ
1593 4600 1806 4664 δεξιῶν

230 4718 371 4771 μου’
396 4718 415 4751 ι
435 4700 501 4753 ἐκ
537 4697 605 4752 δὲ
627 4698 734 4752 τοῦ
756 4698 1000 4751 καθίσαι
1020 4697 1086 4749 ἐκ
1109 4691 1323 4756 δεξιῶν
1351 4693 1455 4747 τὸν
1481 4693 1613 4747 Υιὸν
1635 4693 1807 4764 ἐστιν

228 4791 549 4857 ἐπινοῆσαι
580 4789 611 4842 ὃ
643 4787 770 4841 κατ’
799 4785 1132 4854 ἐπιτροπὴν
1161 4781 1292 4838 εἷπε
1334 4784 1428 4838 καὶ
1474 4784 1553 4849 τῷ
1586 4784 1805 4840 ἑαυτοῦ

230 4885 555 4953 Πνεύμιιτι,
576 4880 778 4934 Κάθου
799 4876 870 4942 ἐξ
890 4878 1212 4945 εὐωνύμων
1229 4895 1348 4945 μου
1368 4893 1382 4907 ·
1402 4875 1507 4930 τοῦ
1541 4876 1608 4929 δὲ
1628 4879 1807 4946 καθη-

225 4974 417 5046 μένου
438 4974 476 5041 ἠ
501 4971 871 5039 προσηγορία
887 4966 1217 5037 ἀξιώματός
1230 4967 1361 5021 ἐστι
1373 4968 1667 5037 σημασία.
1696 4967 1806 5021 Καὶ

230 5066 409 5122 ταῦτα
442 5065 597 5136 μὶν-ὁ
630 5062 909 5123 θειότατος
951 5060 1266 5123 Ἀθανάσιος
1295 5062 1354 5113 ὲν
1389 5054 1470 5122 οἷς
1504 5061 1571 5117 ὲκ
1614 5059 1806 5125 δεξιῶν

232 5159 506 5231 καθῆσθαι
553 5157 650 5210 τοῦ
700 5154 919 5225 Πατρὸς
954 5154 1046 5208 τὸν
1090 5154 1216 5206 Υἰὸν
1271 5152 1531 5239 εἰρηκὼς,
1562 5154 1658 5206 καὶ
1704 5152 1881 5239 τῆςυ

231 5256 295 5321 ἐξ
322 5244 621 5322 εὐωνύμων
649 5248 707 5302 δὲ
739 5238 1010 5318 καθέδρας
1050 5245 1140 5299 διὰ
1193 5246 1255 5299 τὸ
1285 5234 1511 5316 Πνεῦμα
1543 5245 1805 5316 μνησθεὶς

230 5340 481 5398 ὁπωσοῦν
504 5338 651 5393 ἔοικε
679 5338 771 5391 τὸν
800 5337 1017 5406 Πατέρα
1058 5337 1223 5404 μέσον
1256 5330 1395 5388 εἶναι
1426 5334 1801 5416 τούτωνιάπο-

235 5435 574 5506 φηνάμενος,
617 5432 677 5483 ’0
707 5428 754 5482 δ’
788 5431 845 5482 ὲν
876 5427 1131 5499 θεολογίᾳ
1155 5426 1472 5497 διαλάμψας
1502 5426 1806 5497 Γρηγόριος

234 5528 296 5580 ὲν
321 5526 420 5595 μὲν
445 5523 525 5595 τῷ
552 5524 696 5592 λόγῳ
723 5518 803 5592 τῷ
832 5521 913 5584 εἰς
946 5521 1047 5590 τὴν
1080 5519 1187 5572 τῶν
1227 5522 1302 5589 ρν¹
1324 5519 1640 5572 ἐπισκόπων
1664 5534 1808 5598 παρ-

234 5616 428 5673 ουσίαν
473 5614 699 5668 τοιαῦτα
761 5613 902 5665 κατά
958 5612 1108 5681 ῥῆμα
1166 5610 1443 5675 διέξεισιν
1504 5610 1691 5679 φύσις
1738 5609 1808 5663 δὲ

234 5707 362 5774 τοῖς
410 5705 568 5773 τρισὶ
609 5704 746 5770 μίαο
794 5702 1011 5766 ἔνωσις
1048 5701 1117 5754 δὲ
1150 5704 1181 5754 ό
1228 5699 1455 5768 Πατὴρ,
1484 5700 1553 5765 ἐξ
1606 5696 1678 5757 οὗ
1708 5702 1808 5756 καὶ

313 5864 361 5893 ¹⁹
383 5859 531 5916 Psai.
560 5873 670 5921 eis,
702 5858 754 5911 1.

562 5953 834 6010 Parnm“
876 5950 916 6009 ϐ
931 5968 990 6007 ε.
1030 5945 1235 6008 CXLI.

1907 3965 1984 4019 vel
2002 3981 2103 4019 non
2121 3966 2257 4033 ΜΠ,
2283 3965 2520 4021 Manent.
2543 3964 2603 4021 Si
2624 3969 2802 4036 itaque
2828 3970 2884 4020 in
2908 3966 3050 4021 Filio
3077 3978 3287 4022 manent
3316 3968 3479 4024 Pater

1904 4065 1953 4109 et
1982 4054 2235 4125 Spiritus,
2285 4074 2404 4111 cum
2430 4059 2618 4111 sederit
2651 4058 2822 4112 Filius
2869 4060 3162 4113 necessario
3216 4069 3263 4113 et
3292 4061 3373 4113 illi
3404 4062 3480 4115 si-

1905 4148 2019 4200 mul
2055 4147 2329 4213 sedebunt,
2389 4150 2479 4217 qui
2514 4161 2724 4202 manent
2763 4151 2818 4203 in
2846 4167 2927 4205 eo.
2980 4151 3050 4205 Et
3090 4161 3214 4221 post
3255 4168 3425 4222 pauca
3460 4173 3474 4208 :

1906 4238 2039 4293 Filio
2061 4240 2255 4293 scimus
2288 4240 2655 4308 praescriptum
2706 4256 2815 4295 esse
2855 4240 3026 4296 locum
3080 4259 3109 4295 a
3135 4244 3334 4298 dextris
3364 4244 3478 4299 Pa-

1907 4332 2027 4387 tris.
2055 4331 2508 4411 Quemadmodum
2557 4333 2695 4386 enint
2728 4331 2799 4386 ad
2844 4349 2999 4387 suum
3049 4332 3252 4388 Filium
3294 4337 3430 4390 dixit
3457 4354 3476 4391 :

1914 4443 1933 4476 ι
1970 4425 2105 4482 Sede
2137 4443 2168 4480 ο
2192 4427 2394 4481 ὀρεινὴ
2431 4428 2558 4482 meis
2576 4429 2643 4480 ".
2696 4446 2714 4479 ι
2747 4425 2880 4480 Cum
2913 4443 3029 4482 vero
3059 4430 3252 4484 sederit
3297 4450 3328 4485 a
3354 4432 3481 4487 dex-

1910 4518 2007 4571 tris
2043 4516 2241 4582 Filius,
2275 4518 2435 4571 datur
2460 4518 2602 4572 nobis
2633 4517 2879 4587 intelligi,
2913 4520 3252 4575 mandantem
3271 4524 3474 4580 dixisse

1905 4619 1954 4664 et
1978 4625 2075 4664 suo
2094 4609 2323 4677 Spiritui
2344 4626 2362 4665 ε
2382 4610 2516 4686 Βεμε
2548 4628 2580 4664 a
2600 4612 2834 4666 sinistris
2864 4613 2991 4666 meis
3010 4628 3029 4666 :
3051 4613 3277 4669 sedentis
3302 4625 3479 4671 autem

1908 4700 2193 4770 appellatio
2226 4701 2509 4771 dignitatis
2540 4714 2616 4754 est
2667 4702 2897 4771 signum.
2950 4701 3013 4757 Et
3041 4704 3159 4758 haec.
3199 4705 3479 4762 divinissi-

1909 4805 2031 4845 nius
2057 4790 2388 4846 Athanasius
2411 4804 2534 4844 cum
2564 4800 2789 4856 asserat,
2808 4789 3006 4846 Filium
3025 4808 3054 4847 a
3076 4792 3284 4850 dextris
3300 4794 3480 4852 Patris

1909 4873 2139 4950 sedisse,
2163 4889 2217 4937 et
2260 4882 2409 4937 sedis
2447 4898 2476 4936 a
2514 4882 2754 4937 sinistris
2782 4892 3002 4953 propter
3040 4880 3302 4955 Spiritum
3328 4904 3480 4944 men-

1910 4974 2108 5028 tionem
2143 4973 2387 5038 inducat,
2441 4974 2659 5029 videtur
2686 4974 3086 5044 quodammodo
3109 4977 3324 5034 Patrem
3359 4996 3482 5034 mc-

1907 5063 2057 5118 dium
2086 5064 2225 5118 inter
2255 5062 2452 5117 Filium
2482 5072 2537 5119 et
2569 5063 2833 5134 Spiritum
2873 5076 3121 5121 sanctum
3153 5067 3477 5123 decrevisse.

1910 5155 1977 5208 Et
2005 5154 2095 5221 qui
2130 5153 2185 5209 in
2217 5154 2489 5224 theologia
2514 5154 2813 5224 praecelluit
2836 5153 3128 5224 Gregorius
3158 5158 3402 5212 oratione
3426 5161 3479 5212 iu
3594 5199 3601 5205 .

1913 5245 2017 5301 ιεο
2032 5246 2413 5316 episcoporum
2448 5242 2740 5302 adventum
2768 5247 3042 5317 ipsissitna
3073 5248 3241 5305 verba
3279 5251 3477 5304 habet:

1916 5336 2133 5391 Natura
2152 5348 2329 5393 autem
2348 5338 2514 5392 tribus
2536 5355 2677 5393 una:
2699 5339 2825 5393 unio
2849 5355 2973 5395 uero
3004 5339 3191 5405 Pater,
3207 5355 3272 5395 es:
3305 5357 3408 5411 quo
3430 5353 3480 5395 et

1911 5426 1981 5479 ad
2036 5443 2190 5496 quem
2251 5427 2571 5496 referuntur,
2627 5444 2744 5498 qua
2794 5427 3203 5498 subsequuntur.
3247 5429 3482 5486 Hedium

1911 5527 1965 5572 et
1995 5520 2111 5589 ipse
2163 5518 2379 5574 Patrem
2444 5520 2659 5575 videtur
2722 5521 3126 5586 quodammodo
3193 5522 3482 5577 collocare.

1913 5608 2112 5664 Eorum
2141 5610 2288 5664 enim
2332 5625 2454 5680 qua
2500 5612 2762 5665 uniuntur
2792 5611 3028 5666 medium
3060 5620 3143 5667 est
3165 5611 3311 5681 quod
3343 5614 3485 5678 unit,

1911 5711 1967 5758 et
1998 5700 2147 5757 unio.
2184 5702 2252 5755 Et
2279 5701 2333 5757 in
2361 5702 2715 5759 antirrbetico
2753 5702 2823 5759 de
2877 5701 3083 5773 Spiritu
3119 5712 3329 5769 sancto,
3360 5704 3483 5775 Spi-

2997 5950 3072 6013 35
