4132 6436
114 427 319 512 “ιιοί

1033 449 1134 514 ΒΕ
1172 437 1696 522 PROCESSIONE
1733 459 1794 521 s.
1836 457 2190 524 SPIRlTUS
2218 448 2455 527 “onA'r.
2497 463 2550 526 Ι.

3300 469 3440 539 11θὲ

139 558 274 613 τὸν
298 558 400 627 μδν
424 561 500 623 ὡς
533 559 593 626 ἐξ
622 559 792 615 αὑτοῦ
812 545 883 616 ’τὸ
907 557 1050 618 εἶναι
1085 564 1445 633 πλουτοῦντα,
1479 567 1540 620 τὺ
1572 568 1629 623 es
1658 569 1744 624 διὰ

1855 570 2132 640 propriam
2158 570 2533 628 exsistentiam
2566 573 2886 642 immanent,
2918 575 3091 637 Filius
3125 581 3440 642 immediate

136 653 230 704 τὸ
285 652 532 721 ἁχρόνως
554 654 849 723 ὑπάρχειν,
879 657 975 710 καὶ
1005 657 1179 711 ταῦτα
1208 658 1388 729 τούτῳ
1417 663 1751 732 συνάναρχα.

150 743 396 796 Τούτου
427 747 606 799 τοίνυν
634 744 807 809 οὕτως
847 747 1258 818 ἀναιρεθέντος,
1313 752 1511 814 ἓνωσις
1541 752 1609 808 ἂν
1655 757 1747 823 ρη-

139 835 223 889 οε
239 838 298 907 εη
332 838 474 889 κατὰ
499 838 592 889 τὸν
626 839 803 907 μέγαν
834 840 1137 911 Γρηγόριον
1168 843 1196 894 ὁ
1229 834 1437 914 Πατὴρ,
1481 844 1565 898 δτι
1595 861 1754 913 φυσι-

139 925 288 989 κῶς
318 927 377 990 ἐξ
414 925 583 980 αὑτοῦ
616 931 901 997 προϊόντας
937 931 967 982 ό
1005 931 1133 996 Υίὺς
1183 933 1280 986 καὶ
1330 932 1402 986 τδ
1427 933 1654 1005 Πνεῦμα
1687 934 1750 988 τὸ

137 1015 337 1084 ἅγιον
368 1019 784 1091 ἀνεκφοιτήτως
815 1024 1073 1090 μένουσιν
1109 1026 1166 1078 ἐν
1191 1025 1344 1095 αὐτῷ
1372 1027 1519 1082 κατὰ
1546 1028 1647 1100 τὴν
1677 1031 1753 1085 oi-

138 1107 331 1160 κεῖαν
386 1106 623 1178 ὓπαρξιν
669 1111 989 1179 ἕκαστ“ον,τό
1035 1115 1136 1184 μὲν
1191 1117 1416 1186 ἀμ’έσως
1465 1120 1640 1174 συνὼν
1671 1121 1750 1192 τῷ

135 1199 361 1269 οῖκείῳ
395 1203 702 1274 γεννήτορι,
733 1205 792 1257 τὸ
813 1204 870 1258 δὲ
902 1205 972 1258 δι’
994 1205 1148 1272 Υἰοῦ,
1182 1210 1367 1274 καθὼς
1392 1214 1420 1267 ὀ
1443 1211 1609 1280 λόγος.
1627 1215 1753 1281 πολι

134 1287 400 1359 λιχόθεν
427 1291 654 1362 ὕστερον
687 1295 938 1365 δηλώσει,
972 1300 1050 1370 τῷ
1097 1301 1275 1371 Πατρὶ
1317 1304 1743 1373 συναπτόμενον.

135 1379 344 1435 Τοῦτο
368 1383 653 1453 σημαίνων
682 1388 709 1439 ό
739 1382 907 1451 πολὺς
932 1390 1032 1458 τὴν
1066 1392 1350 1460 θεολογίαν
1373 1393 1535 1456 οὗτος
1579 1396 1742 1466 ἀνὴρ,

141 1472 280 1524 κᾶν
317 1471 394 1542 τῷ
421 1476 552 1545 περὶ
575 1477 706 1530 Υίοῦ
745 1481 948 1549 πρώτῳ
969 1482 1114 1551 λόγῳ
1144 1485 1263 1555 μεθ’
1295 1479 1370 1542 ὦν
1399 1481 1552 1541 εἴπεν
1569 1488 1745 1544 ἄλλων

135 1566 272 1634 τὴν
308 1570 608 1638 μοναρχίαν
660 1571 858 1641 ἄριστα
909 1575 1197 1642 συνιστῶν,
1227 1578 1327 1631 καὶ
1372 1580 1522 1645 πρὸς
1555 1579 1622 1635 τὸ
1649 1579 1747 1654 ,ἓν

137 1652 294 1708 τῶν
327 1656 395 1721 ἐξ
416 1658 602 1712 αὐτοῦ
628 1662 985 1731 σύννευσις,
1016 1666 1229 1738 εἴρηκε.
1268 1669 1452 1722 Ταῦτα
1487 1671 1592 1724 κάν
1625 1672 1746 1726 τού-

137 1742 310 1807 τοις,
341 1739 418 1798 ὧν
449 1747 583 1810 ῖσως
607 1750 668 1802 οὐ
702 1751 905 1820 φαῦλος
946 1755 1059 1823 ἐγὼ
1092 1759 1344 1829 κριθείην
1371 1760 1524 1830 παρὰ
1548 1763 1659 1825 τοῖς
1682 1756 1741 1816 εὖ

138 1833 464 1905 φρονοῦσιν
499 1841 864 1915 ἑρμηνευτής.
904 1847 1017 1900 Καὶ
1059 1849 1192 1914 γοῦν
1249 1851 1543 1906 ὑπόλοιπόν
1595 1855 1742 1908 ἐστιν

1863 659 2087 730 proprio
2118 659 2351 731 genitori
2384 661 2693 731 adhaerens,
2729 661 2966 734 Spiritus
2999 682 3093 733 per
3119 667 3343 740 Filium,
3375 687 3437 731 ut

1861 752 2206 818 postmodum
2263 754 2437 810 oratio
2492 754 2680 817 multis
2737 757 3042 816 declarabit
3093 761 3243 819 Patri
3304 782 3437 822 con-

1857 839 2102 908 junctus.
2135 842 2249 897 Hoc
2279 843 2530 900 indicans
2564 833 2617 900 in
2651 848 3172 921 rebus'tbeologicis
3196 858 3439 916 eximius

1861 929 1954 985 bic
1983 930 2141 986 Pater
2172 935 2418 988 oratione
2439 936 2615 1005 prima
2645 937 2714 993 de
2741 937 2879 994 Filio
2913 957 3025 1012 pra:
3046 945 3187 1007 ,aliis‘
3216 964 3436 1005 monar-

1857 1020 2037 1075 chiam
2077 1021 2395 1087 stabiliens,
2434 1033 2485 1077 et
2521 1025 2591 1077 ad
2619 1041 2782 1080 unum
2817 1045 3032 1096 eorum,
3067 1048 3185 1102 ante
3221 1051 3288 1090 ea:
3318 1037 3442 1100 ipso

1841 1123 2012 1176 sunt,
2059 1111 2341 1179 conjuncta
2377 1117 2690 1184 propensio,
2737 1112 2894 1174 dixit.
2949 1120 3014 1174 Et
3057 1123 3125 1177 de
3156 1125 3241 1181 liis
3275 1130 3430 1195 satis,

1857 1211 2091 1266 quorum
2123 1213 2225 1268 ego
2253 1198 2487 1257 fortasse
2515 1216 2624 1256 non
2649 1205 2828 1260 malus
2850 1220 2880 1259 a
2907 1208 3039 1263 viris
3069 1212 3433 1279 prudentibus

1840 1287 2135 1358 .judicarer
2181 1290 2468 1360 interpres.
2514 1293 2803 1365 Reliquum
2846 1308 2929 1353 est
2958 1299 3147 1371 itaque
3176 1311 3230 1357 et
3267 1305 3431 1382 verba

1857 1383 2032 1451 magni
2069 1381 2256 1438 Patris
2285 1383 2574 1440 Athanasii
2605 1388 2961 1456 examinare,
2992 1401 3048 1446 et
3074 1381 3430 1452 addecentem

1855 1471 1984 1535 illis,
2014 1482 2074 1526 ut
2104 1473 2220 1528 ﬁeri
2255 1477 2476 1544 poterit,
2501 1477 2833 1534 solutionem
2869 1481 3086 1539 ail'erre.
3116 1485 3429 1553 Symbolico

1855 1562 2053 1617 etenim
2087 1563 2279 1620 beatus
2309 1566 2401 1621 ille
2423 1581 2488 1622 ex
2526 1569 2690 1624 rebus
2717 1571 2974 1627 humanis
3003 1577 3336 1646 nostrisque,
3362 1581 3431 1634 de

1853 1652 1921 1707 iis
1959 1668 2082 1723 quae
2113 1669 2279 1724 supra
2309 1671 2414 1712 nos
2443 1667 2572 1714 sunt
2601 1659 2836 1730 locutus,
2866 1678 2993 1719 cum
3029 1669 3366 1726 ostendisset
3398 1685 3429 1725 a

1851 1743 2057 1798 dextris
2086 1743 2264 1801 Patris
2311 1745 2509 1803 Filium
2569 1749 2781 1819 sedere,
2821 1763 3112 1825 postquam
3156 1759 3425 1816 dixisset:

1855 1831 1922 1890 Ut
1941 1834 2103 1888 datur
2127 1835 2371 1907 intelligi,
2390 1838 2727 1894 mandantem
2751 1841 2948 1897 dixisse
2971 1856 3022 1898 et
3046 1862 3143 1900 suo
3162 1847 3430 1918 Spiritui:

137 1929 381 1998 ἁπάρτι
419 1936 511 1983 καὶ
545 1933 613 1985 τὰ
645 1933 798 2004 παρὰ
826 1935 919 1988 τοῦ
963 1937 1206 2006 μεγάλου
1258 1940 1471 2011 [ἰατρὸς
1520 1941 1744 1994 Ἀθανα-

1851 1926 1985 1980 Sede
2015 1944 2045 1978 η
2087 1928 2325 1981 sinistris
2373 1932 2540 1995 meis,
2589 1941 2878 2001 prepterea
2922 1935 3072 1990 visus
3118 1949 3201 1993 est
3250 1949 3305 1994 et
3339 1940 3429 1996 hic

142 2019 292 2077 σίου
340 2022 560 2090 ῥήματα
601 2023 1028 2094 διασκέψασθαι,
1079 2029 1175 2082 καὶ
1212 2029 1312 2102 τὴν
1360 2033 1747 2101 προσήκουσαν

139 2110 404 2178 τούτοις,
476 2113 552 2177 ὡς
605 2117 747 2183 ἐνὸν,
799 2118 953 2171 λύσιν
1005 2123 1347 2190 ἐπενεγκεῖν.
1396 2123 1748 2193 Συμϐολικῶς

139 2205 280 2272 γὰρ
316 2205 345 2255 δ
373 2206 644 2277 μακάριος
678 2209 744 2262 ἐκ
787 2210 898 2262 τῶν
937 2212 1060 2264 καθ’
1097 2215 1248 2285 ἡμᾶς
1288 2215 1591 2285 διαλεχθεὶς
1620 2220 1748 2287 περί

140 2293 278 2347 τῶν
315 2293 459 2364 ὑπὲρ
492 2288 662 2364 ἡμᾶς,
705 2299 798 2353 καὶ
829 2301 1011 2366 δείξας
1038 2305 1101 2356 ὲκ
1130 2303 1321 2371 δεξιῶν
1353 2307 1626 2375 καθῆσθαι
1649 2307 1744 2361 τοῦ

140 2383 387 2455 Πατρδς
411 2388 504 2440 τὸν
529 2388 678 2453 Υίδν,
699 2391 934 2461 ἐπείπερ
959 2394 1186 2464 ἔφησεν,
1219 2397 1318 2461 Ὠς
1341 2398 1513 2451 ἐστιν
1543 2388 1747 2454 ἐπινο-

141 2476 339 2546 ῆσαι,
395 2479 482 2533 ὅτι
535 2483 664 2536 κατ’
709 2483 1045 2554 ἐπιτροπὴν
1096 2485 1228 2543 εῖπε
1273 2492 1367 2544 καί
1404 2491 1482 2556 τῷ
1528 2492 1745 2547 ἑαυτοῦ

141 2573 492 2641 Πνεύματι,
532 2576 728 2632 Κάθου
753 2579 824 2642 ἐξ
854 2582 1178 2650 εὐωνύμων
1197 2601 1338 2652 μου,
1371 2584 1560 2638 τούτου
1585 2586 1744 2654 χάριν

143 2661 317 2727 ἔδοξε
359 2664 454 2716 καὶ
481 2660 635 2730 οὗτος
668 2668 760 2722 τὸν
791 2670 1019 2742 Πατέρα
1063 2674 1231 2743 μέσον
1268 2676 1437 2744 φάναι
1482 2677 1575 2730 τοῦ
1608 2676 1740 2732 Υἰοῦ

143 2755 258 2807 καὶ
297 2753 390 2807 τοῦ
424 2757 763 2825 Πνεῦματος.
786 2763 859 2814 Τὸ
886 2763 942 2817 δὲ
961 2765 1060 2831 τῆς
1094 2766 1282 2835 ὑγιοῦς
1314 2768 1524 2833 ἐννοίας
1549 2772 1741 2842 πόρρω

144 2847 544 2903 παντάπασιν.
586 2849 659 2902 To
713 2851 825 2929 γὰρ
864 2853 942 2919 ,ἑξ
1000 2856 1300 2929 εὐωνύμων
1339 2860 1611 2931 καθῆσθαι
1681 2867 1742 2917 τὸ

147 2938 396 3010 Πνεῦμα
435 2942 497 2996 τὸ
544 2945 697 3014 ἅγιον
750 2949 844 3004 τοῦ
888 2951 1105 3020 [ἰατρὸς
1163 2954 1356 3020 ἐστιν,
1411 2957 1633 3026 εῖρηκεν
1712 2960 1741 3011 ὁ

145 3032 383 3098 Μέγας,
413 3033 754 3103 ἐπινοῆσαι,
789 3041 890 3110 τὴν
924 3043 1092 3095 τινῶν
1141 3045 1386 3115 ἐκφήνας
1418 3047 1622 3101 ἄτοπον
1655 3048 1740 3102 ἐν·

139 3121 254 3203 ,θεν
286 3122 578 3194 ὑπόληψιν,
608 3129 668 3180 οὐ
696 3129 806 3200 μὴν
853 3130 950 3185 καὶ
986 3136 1450 3202 συγκατατίθεται
1478 3154 1494 3170 ⁸
1533 3140 1738 3208 μᾶλλον

149 3212 267 3281 μὲν
316 3213 410 3266 οὖν
444 3215 501 3281 ἐξ
540 3211 929 3290 ὤν’ἑπιφέρει,
972 3225 1069 3278 καὶ
1110 3224 1308 3294 ψεῦδος
1358 3228 1563 3301 ταύτην
1603 3233 1741 3285 ἀπε-
1766 3264 1808 3320 c

145 3305 362 3372 λέγξας
387 3309 625 3376 τρανῶς,
659 3312 766 3364 ἀπὸ
783 3315 1034 3384 χρήσεως
1068 3319 1344 3389 γραφικῆς
1376 3321 1563 3389 σαφῶς
1591 3340 1738 3392 παρα

151 3399 352 3467 ίστησι
413 3400 512 3471 τὴν
569 3402 850 3472 ἀληθειαν.
909 3408 1129 3477 Προϊὼν
1161 3410 1270 3479 γὰρ
1318 3411 1454 3481 πρὸς
1483 3413 1560 3483 τῷ
1593 3415 1737 3468 τέλει

145 3489 253 3542 τοῦ
309 3492 476 3544 αὑτοῦ
530 3497 842 3563 κεφαλαίου
893 3499 1068 3554 ταῦτα
1120 3501 1395 3567 διέξεισιν,
1458 3503 1534 3566 ὡς
1562 3509 1619 3558 ἐν
1657 3507 1738 3578 τῷ

148 3584 446 3648 ἑκατοστῷ
473 3585 680 3657 ἑννάτῳ
712 3589 928 3661 1Ῑναλμῷ
957 3609 1144 3662 φησιν.
1169 3612 1195 3645 s
1237 3591 1426 3649 Ἐἶπεν
1459 3599 1493 3650 ό
1525 3599 1737 3666 Κύριος

145 3675 236 3742 τῷ
282 3679 480 3744 Κυρίῳ
504 3697 648 3748 μου,
672 3683 872 3738 Κάθου
908 3685 977 3739 ἐκ
1014 3685 1232 3751 δεξιῶν
1254 3707 1394 3756 μου,
1436 3711 1454 3742 ι
1490 3693 1588 3745 καί
1637 3712 1740 3748 κα-

147 3767 464 3821 θισάντων
487 3772 704 3835 αὐτῶν,
745 3777 910 3843 λέγει
959 3778 997 3844 ἠ
1043 3779 1253 3848 Γραφὴ
1285 3783 1435 3850 πρὸς
1471 3784 1578 3836 τὸν
1601 3787 1736 3854 Χρι-

145 3862 343 3912 στόν·
385 3880 402 3910 ι
437 3862 656 3930 Ὠμοσε
678 3867 913 3935 Κύριος,
946 3869 1041 3922 καὶ
1071 3873 1141 3925 οὐ
1160 3876 1736 3944 μεταμεληθήσεταιο

148 3952 240 4006 Σὺ
282 3955 480 4022 ἱερεὺς
512 3959 599 4022 εις
619 3959 728 4011 τὸν
752 3959 939 4015 αἰῶνα
970 3967 1120 4019 κατὰ
1174 3966 1290 4035 τὴν
1323 3970 1497 4035 τάξιν
1519 3977 1740 4045 Melli-

147 4043 370 4104 σαδὲκ,
402 4045 498 4098 καί
527 4047 742 4115 Κύριος
771 4049 838 4102 ἐκ
864 4049 1082 4115 δεξιῶν
1111 4070 1248 4112 σου.
1281 4077 1300 4111 ι
1331 4061 1502 4130 Δῆλον
1535 4063 1629 4118 οὖν
1652 4043 1737 4120 δτι

146 4139 214 4184 τὸ
249 4132 483 4202 Πνεῦμα
513 4135 578 4187 ἐκ
611 4136 806 4202 δεξιῶν
853 4141 1000 4195 ista;
1047 4146 1158 4198 Καὶ
1194 4151 1251 4200 ὲν
1284 4150 1361 4219 τῷ
1396 4152 1633 4225 πέμπτῳ
1680 4158 1737 4212 δὲ

147 4223 267 4276 τῶν
297 4225 615 4292 κεφαλαίων
643 4229 706 4281 τὸ
736 4231 869 4284 αὐτὸ
899 4233 993 4286 τοῦ
1023 4233 1265 4292 τοιούτου
1298 4226 1535 4314 Ψαλμοῦ
1571 4250 1733 4318 ῥητὸν

134 4316 532 4386 ἐξηγούμενος
558 4319 708 4387 λέγει
731 4336 746 4353 ο
786 4323 895 4377 Τοῦ
914 4320 1028 4379 οὖν
1058 4329 1194 4384 Υἱοῦ
1221 4336 1409 4387 πάλιν
1428 4337 1497 4392 ἐκ
1523 4316 1738 4404 δεξιῶν

152 4408 223 4461 τὸ
281 4408 547 4476 Πνεῦμα.
589 4411 662 4463 Τὸ
688 4411 871 4467 τοίνυν
906 4417 969 4468 ἐκ
1017 4418 1212 4486 δεξιῶν
1257 4425 1351 4477 τοῦ
1391 4429 1736 4500 Μονογενοῦς

149 4494 300 4552 εῖναι
333 4499 392 4551 τὸ
423 4500 646 4571 Πνεῦμα
678 4505 738 4556 τὸ
770 4507 948 4575 ἅγιον,
979 4509 1055 4574 ὡς
1087 4513 1342 4569 ἐντεῦθεν
1373 4521 1468 4573 καὶ
1497 4494 1732 4580 νοεῖσθαι

155 4590 332 4658 μέσον
360 4591 598 4659 μάλιστα
632 4595 724 4648 τὸν
750 4596 879 4651 Υίὸν
923 4600 1014 4654 διὰ
1057 4605 1155 4674 τῆς
1190 4610 1322 4677 μιᾶς
1348 4611 1552 4684 ταύτης
1585 4618 1734 4683 ἀξιο.
1770 4609 1812 4664 D

153 4683 356 4736 πίστου
386 4683 671 4754 Γραφικῆς
719 4691 973 4760 χρήσεως
1049 4698 1152 4749 κάν
1201 4701 1315 4766 τοῖς
1347 4703 1469 4758 δυσὶ
1508 4683 1736 4774 τούτοις

154 4776 480 4844 κεφαλαίοις
512 4780 787 4845 ἀπέδειξε.
823 4784 896 4836 Τὸ
914 4785 961 4837 δ’
990 4787 1061 4852 ἐξ
1083 4790 1407 4862 εὐωνύμων
1438 4799 1737 4869 καθῆσθαι

150 4867 320 4921 τοῦτο
380 4868 486 4923 τοῦ
516 4870 665 4926 Θεοῦ
700 4873 798 4928 καὶ
845 4880 1097 4946 Πατρός,
1140 4884 1279 4954 ὅπερ
1319 4889 1538 4954 ἀνάξιον
1567 4867 1738 4961 δντως

152 4964 250 5009 καὶ
277 4959 483 5027 λέγειν,
524 4963 604 5015 ὄτι
658 4965 795 5036 μηδὲ
836 4967 1025 5040 χώραν
1080 4972 1198 5042 ἔχει
1254 4980 1492 5044 συνόλως
1534 4985 1652 5039 εκεῖ
1675 4959 1736 5041 to

151 5050 334 5117 λαιὸν,
370 5054 564 5119 ἐστιν,
592 5055 736 5126 εἷπε,
797 5063 896 5115 καί
936 5065 1130 5132 μόνον
1149 5068 1495 5141 ἐπινοῆσαι,
1530 5079 1592 5131 τὸ
1624 5081 1734 5136 τῶν

153 5141 374 5198 πολλῶν
448 5149 702 5203 ἐντεῦθεν
750 5153 894 5224 τάχα
972 5159 1270 5229 περίεργον
1329 5165 1731 5239 αίνιττόμενος.

165 5234 580 5307 ’Δπεκρούσατο
612 5243 668 5295 δὲ
703 5248 1057 5316 παρακατιὼν
1110 5251 1179 5305 δι’
1212 5249 1290 5309 ὧν

157 5341 365 5398 στηκεν
388 5347 403 5362 ·
437 5331 575 5402 πλὴν
611 5337 659 5388 εί
701 5337 775 5406 μή
805 5355 910 5392 που
942 5346 1200 5410 περιττός
1233 5366 1318 5412 τις

153 5421 599 5492 ἀναμοχλεύσας,
623 5426 686 5480 τὸ
724 5431 790 5482 ὲκ
815 5431 1010 5496 δεξιῶν
1045 5435 1137 5488 τοῦ
1212 5438 1558 5510 Μονογενοῦς

155 5511 331 5576 οὕτως
359 5519 649 5589 ἀμφότερα
671 5521 730 5572 τὸ
755 5521 951 5579 δοκεῖν.

153 5612 383 5675 φρονεῖν
410 5624 424 5639 ο
450 5613 574 5663 ἐπεὶ
614 5615 749 5684 μηδὲ
774 5614 1069 5688 περιόδους
1101 5625 1368 5691 κυκλικάς
1435 5632 1613 5688 ἐκεῖσε
1637 5639 1756 5695 δέον

159 5713 355 5762 σαντες
386 5700 740 5772 ἐδηλώσαμεν
768 5708 994 5768 ἄνωθεν.

226 5793 332 5863 λγ’.
366 5797 438 5850 Τὸ
468 5798 525 5852 δὴ
581 5801 673 5853 τὸν
720 5789 848 5857 Υἱὸν
881 5807 1049 5875 μέσον
1093 5810 1362 5885 ὑπάρχειν
1395 5818 1493 5872 τοῦ
1524 5823 1735 5896 Πατρὸς

161 5884 255 5945 καὶ
287 5887 381 5942 τοῦ
429 5891 750 5963 Πνεύματος
795 5895 882 5951 διὰ
915 5899 1128 5958 πολλῶν
1162 5884 1274 5978 ήδη
1297 5907 1566 5968 δέδεικται
1596 5932 1608 5946 ·

1859 2013 2095 2072 medium
2151 2019 2296 2074 inter
2332 2017 2527 2074 Filium
2572 2031 2626 2076 et
2681 2021 2944 2092 Spiritum
2991 2025 3204 2083 Patrem
3253 2031 3427 2088 collo-

1848 2121 2023 2161 casse.
2049 2107 2150 2163 Sed
2185 2109 2236 2162 id
2261 2123 2293 2162 a
2324 2125 2450 2164 vera
2473 2110 2829 2181 intelligentia
2855 2131 3018 2184 quam
3043 2118 3424 2190 longissimum

1845 2208 1956 2252 est.
2008 2197 2257 2267 Namque
2303 2214 2332 2252 a
2379 2201 2620 2256 sinistris
2652 2202 2830 2260 Patris
2871 2202 3134 2275 Spiritum
3170 2199 3422 2267 sanctum

1847 2289 2058 2354 sedere,
2085 2289 2250 2346 datur
2279 2291 2507 2362 intelligi
2540 2292 2772 2363 Magnus
2804 2295 2962 2362 dixit,
3006 2301 3423 2372 nonnullorum,

1845 2394 1968 2449 quae
1987 2380 2114 2435 inde
2138 2382 2442 2449 oriebatur,
2467 2384 2764 2440 absurdam
2790 2387 3107 2456 opinionem
3137 2406 3420 2466 promens,

1846 2473 1932 2525 cui
1984 2471 2098 2539 ipse
2145 2488 2432 2529 assensum
2469 2477 2701 2531 minime
2753 2488 3004 2548 praestat;
3056 2481 3172 2539 imo
3215 2500 3280 2540 ex
3314 2487 3422 2543 illis

1845 2577 1966 2630 qua:
1993 2563 2293 2630 subnectit,
2325 2582 2443 2621 eam
2481 2567 2559 2622 uti
2591 2569 2876 2624 mendacio
2904 2572 3223 2641 implicitam
3256 2578 3426 2634 refel-

1847 2652 1991 2716 lens,
2027 2653 2208 2721 palam
2239 2655 2500 2727 clareque
2530 2656 2828 2728 Scriptura:
2859 2663 3189 2719 auctoritate
3221 2669 3424 2726 verita-

1845 2749 1951 2798 tem
1984 2746 2198 2814 aperit:
2222 2748 2527 2816 procedens
2555 2745 2825 2820 siquidem
2853 2753 2908 2806 in
2934 2755 3039 2809 line
3065 2756 3196 2812 dicti
3227 2762 3420 2826 capitis

1844 2833 2071 2903 digerit:
2112 2833 2205 2890 Uti
2232 2838 2287 2890 in
2321 2841 2602 2893 centesimo
2637 2857 2772 2895 nono
2807 2841 3026 2898 Psalmo
3053 2848 3171 2900 ait:
3209 2867 3229 2900 ι
3274 2849 3422 2906 Dixit

1842 2922 2105 2979 Dominus
2151 2926 2378 2982 Domino
2414 2945 2562 2984 meo:
2607 2929 2740 2986 Sede
2783 2949 2817 2986 a
2857 2935 3062 2990 dextris
3101 2941 3266 3004 meis,
3307 2961 3327 2994 ι
3369 2955 3422 2998 ει

1842 3030 1958 3068 cum
2007 3015 2089 3068 illi
2142 3018 2435 3083 sedissem,
2485 3022 2616 3075 dicit
2670 3021 2954 3093 Scriptura
3011 3027 3082 3080 ad
3125 3029 3422 3092 Christum:

1848 3123 1869 3157 ι
1902 3098 2116 3160 Juraoit
2175 3107 2430 3163 Dominus
2452 3149 2468 3174 ,
2509 3121 2560 3164 et
2609 3129 2712 3166 non
2757 3117 3024 3183 panitebit
3057 3135 3175 3174 eum
3204 3138 3223 3174 :
3255 3122 3332 3177 Tu
3364 3143 3420 3180 es

1845 3193 2098 3248 Sacerdos
2122 3198 2177 3249 in
2208 3207 2457 3252 a'terntsm
2482 3202 2768 3258 secundum
2796 3207 3032 3260 ordinem
3054 3208 3419 3284 Melchisedsc,

1841 3296 1890 3338 et
1919 3285 2175 3343 Dominus
2228 3306 2260 3341 a
2289 3291 2492 3346 dextris
2523 3297 2650 3349 tuis.
2683 3314 2702 3346 ι
2734 3297 3080 3357 Manifestum
3108 3304 3290 3376 itaque
3314 3318 3418 3375 est,

1845 3376 2106 3446 Spiritum
2152 3397 2183 3434 a
2226 3381 2437 3438 dextris
2464 3400 2610 3441 esse.
2643 3387 2708 3440 Et
2743 3389 2798 3442 in
2841 3392 3035 3462 quinto
3065 3397 3244 3466 capite
3273 3399 3416 3455 idem

1842 3469 2086 3536 ejusdem
2126 3471 2327 3526 Psalini
2391 3476 2598 3530 dictum
2647 3479 2970 3548 explanans,
3009 3486 3234 3556 inquit:
3284 3489 3416 3545 Filii

1839 3561 2017 3630 itaque
2063 3578 2249 3619 rursus
2293 3582 2327 3619 a
2372 3569 2574 3621 dextris
2627 3567 2876 3635 Spiritus.
2925 3573 3096 3645 Igitur
3140 3594 3172 3633 a
3212 3581 3418 3639 dextris

1848 3649 2119 3720 Unigeniti
2152 3653 2388 3724 Spiritus
2429 3667 2654 3716 sanctus
2684 3677 2809 3717 cum
2843 3665 2944 3732 sit,
2977 3667 3104 3722 inde
3133 3679 3188 3724 et
3223 3675 3415 3740 praeci-

1843 3756 1947 3810 pue
1973 3747 2212 3799 medium
2242 3747 2472 3818 intelligi
2503 3750 2725 3818 Filium,
2747 3770 2812 3810 ex
2842 3757 2944 3813 hac
2974 3759 3092 3813 sola
3123 3759 3418 3832 Scriptum

1842 3833 2190 3900 auctoritate,
2223 3837 2279 3891 in
2313 3838 2398 3894 bis
2429 3841 2648 3896 dubbus
2684 3847 2955 3915 capitibus
2986 3851 3416 3910 demonstratur.

1839 3921 1907 3976 At
1935 3923 2064 3979 illud
2099 3943 2132 3978 a
2168 3929 2401 3984 sinistris
2439 3930 2534 3986 Dei
2565 3942 2616 3987 et
2650 3934 2830 3991 Patris
2860 3940 3058 4006 sedere,
3092 3946 3240 4013 quod
3271 3945 3419 4000 indi-

1839 4028 2002 4083 gnum
2048 4017 2297 4086 profecto
2326 4032 2444 4087 est,
2487 4027 2634 4094 quod
2680 4030 2764 4082 vel
2814 4033 2995 4087 verbis
3032 4037 3413 4104 exprimatur:

1841 4103 1913 4156 ibi
1959 4107 2104 4159 enim
2156 4109 2385 4165 sinistro
2414 4112 2567 4168 locus
2609 4117 2836 4173 omnino
2867 4121 3054 4177 nullus
3083 4103 3164 4178 est
3189 4141 3204 4179 :
3232 4129 3417 4193 datur,

1842 4194 2052 4264 inquit,
2105 4198 2342 4268 facultas
2390 4214 2597 4259 tantum
2647 4208 2895 4280 intelligi,
2946 4213 3241 4271 multorum
3294 4219 3422 4276 inde

1840 4285 2076 4344 fortasse
2121 4293 2501 4350 curiositatem
2560 4299 2832 4366 innuens,
2880 4320 3044 4372 quam
3088 4311 3420 4376 procedente

1838 4380 2106 4447 oratione,
2138 4397 2204 4437 ex
2237 4385 2306 4440 iis
2337 4402 2460 4456 qua:
2489 4395 2966 4461 pronuntiaverat,
3003 4401 3223 4454 retudit.
3259 4399 3423 4457 Utra-

1838 4482 1946 4536 que
1997 4470 2144 4526 enim
2189 4488 2311 4530 esse
2363 4476 2478 4530 ﬁeri
2533 4482 2759 4550 nequit;
2804 4484 2860 4537 ni
2913 4487 3184 4557 quispiam
3234 4491 3420 4549 intima

1841 4555 1944 4609 bac
1964 4558 2252 4626 prudentia
2284 4565 2624 4630 praecellens,
2651 4580 2704 4624 et
2731 4555 3420 4648 profundas—cogitationes

1842 4649 2210 4714 submovens,
2257 4669 2321 4708 ex
2359 4656 2566 4714 dextris
2599 4659 2878 4734 Uuigeniti
2919 4683 2983 4722 ex
3019 4671 3260 4728 sinistris
3298 4677 3422 4730 esse

1841 4737 2022 4795 Patris
2049 4745 2459 4811 quodammodo
2485 4752 2650 4819 dicat,
2682 4757 2761 4810 sic
2797 4769 3026 4830 utraque
3049 4765 3419 4827 concordans.

1845 4840 1904 4883 ut
1938 4831 2041 4887 sibi
2083 4835 2322 4892 Videtur.
2364 4837 2471 4895 Sed
2507 4843 2611 4898 hoc
2652 4861 2833 4917 neque
2870 4867 2967 4905 ore
2999 4853 3242 4920 proferre
3277 4856 3422 4912 inte-

1843 4935 2000 4990 grum
2031 4921 2221 4990 fuerit,
2253 4938 2466 4986 tantum
2507 4933 2667 4990 abest
2699 4947 2757 4992 ut
2783 4940 2966 4994 animo
2994 4952 3264 5012 teneatur,
3295 4964 3420 5002 cum

1845 5023 2024 5080 neque
2079 5017 2376 5075 circnlarcs
2436 5024 2650 5093 periodi
2706 5027 2781 5084 ibi
2843 5034 3214 5102 concipienda
3270 5048 3418 5102 sunt,

1843 5104 1985 5168 quod
2035 5107 2365 5175 quibusdam
2410 5115 2749 5184 sapientibus
2799 5125 3109 5194 perplacet,
3157 5140 3214 5182 ut
3253 5144 3420 5198 supra

1843 5192 2292 5261 signiﬁcavimus.

1354 5259 1759 5371 ιζπητξίρευσεν.
1808 5259 2080 5358 Ἐκὰτερα
2113 5291 2224 5363 γὰρ
2287 5295 2556 5371 ὑπάρχειν
2586 5304 2697 5358 τῶν
2765 5307 3046 5363 ἀδυνάτων
3077 5311 3136 5363 ἓν
3182 5331 3237 5368 τι
3264 5313 3422 5367 καθέο

2011 5352 2023 5358 -
2123 5352 2135 5358 -
2192 5352 2203 5363 υ
2406 5352 2494 5371 ’δέ

1357 5352 1434 5416 ὡς
1464 5357 1534 5447 τα
1600 5366 1774 5422 πολλὰ
1813 5375 1913 5446 τὴν
1969 5382 2121 5438 κάτω
2160 5387 2382 5442 σύνεσιν
2431 5392 2507 5447 ῶν

1591 5451 1652 5519 ἐξ
1711 5459 2015 5536 εὐωνύμων
2047 5469 2191 5530 εἷναί
2253 5492 2374 5542 πως

1002 5529 1160 5582 Ἀλλὰ
1183 5534 1341 5587 τοῦτο
1367 5538 1469 5605 μὲν
1535 5543 1654 5598 οὐδὲ
1685 5549 1776 5606 διὰ
1816 5575 1876 5611 σι

2576 5399 2671 5450 καὶ
2715 5398 2929 5468 βαθέων
2971 5402 3136 5472 δῆθεν
3193 5406 3418 5460 ἐννοιῶν

2425 5483 2547 5551 ἐρεῖ
2589 5485 2687 5539 τοῦ
2764 5489 3005 5560 Πατρὸς,
3059 5495 3420 5563 συμσιδάζων

1883 5560 2090 5632 ὀματος
2162 5573 2458 5643 προφέρειν
2491 5577 2678 5645 καλὸν,
2716 5582 2794 5650 μή
2828 5583 2913 5637 τοί
2959 5601 3022 5653 γε
3062 5560 3420 5660 τὸίπαράπαν

1797 5655 1956 5717 νοεῖν,
1983 5656 2012 5708 ὃ
2048 5658 2184 5727 δῆτά
2228 5679 2362 5722 τισι,
2386 5664 2495 5718 τῶν
2524 5667 2620 5720 νῦν
2670 5671 2899 5742 ἀρέσκει
2951 5679 3150 5747 σοφῶν,
3173 5680 3249 5744 ὡς
3276 5681 3417 5752 φθάασ

1916 5835 2007 5889 33.
2072 5835 2271 5894 Verum
2324 5840 2522 5900 Filium
2580 5848 2723 5904 inter

2777 5851 2995 5912 Patrem
3047 5868 3102 5916 et
3155 5862 3420 5934 Spiritum

1849 5927 2088 5984 medium

2145 5946 2303 5999 esse,
2364 5936 2614 6007 pluribus
2664 5940 2776 6012 jam
2827 5947 3259 6014 demonstratum
3312 5971 3417 6022 est.
