4132 6432
149 458 308 522 1105
1018 457 1115 516 DE
1157 453 1620 516 PRUCESSION
1632 450 1679 513 Ε
1712 454 1755 518 S

1859 453 1932 512 PI
1945 449 2178 512 RITUS
2213 449 2434 510 ΟΒΛΤ.
2484 450 2534 507 ῐ.
3289 438 3423 500 1166

145 583 289 634 την
321 563 516 628 τάξιν,
543 562 636 632 ἐφ’
657 555 746 616 ὧν
768 561 897 616 ἐστι
927 561 1219 628 πρότερον
1247 561 1344 614 καὶ
1378 560 1662 628 δεύτερον
1683 560 1754 613 οὐ

1860 566 2161 614 substantia
2208 558 2550 610 eminentiam
2600 552 2974 608 demonstrari.
3037 550 3146 604 Nos
3195 565 3312 601 rero
3353 564 3405 600 sc

151 657 330 711 κατὰ
371 655 486 722 τὴν
545 652 841 723 ἡμετέραν
892 653 1087 716 θέσιν,
1147 653 1284 706 ἀλλ’
1333 651 1402 705 ἐκ
1440 652 1552 721 τῆς
1600 650 1752 706 κατὰ

148 747 371 815 φύσιν
429 743 634 809 αὐτοῖς
681 744 1153 810 ἐνυπαρχούσης
1199 744 1606 810 ἀκολουθίαςς
1664 742 1753 797 τι-

147 855 273 901 νος
314 832 430 890 οὖν
450 836 662 890 ἕνεκεν
703 836 907 889 ἀθετεῖ
929 834 1044 902 τὴν
1077 836 1250 900 τάξιν
1287 836 1383 889 ἐπὶ
1419 835 1566 890 Θεοῦ
1598 839 1750 905 λαμ-

151 926 504 989 6άνεσθαι;
533 923 801 993 Ἡγεῒται,
824 925 876 978 ει
904 925 1222 990 ἐπιδείξειε
1243 925 1532 995 μηδαμῶς
1549 927 1753 992 ἄλλως

149 1021 227 1072 τὸ
299 1020 598 1084 πρότερον
669 1017 768 1070 ἐπὶ
826 1017 977 1071 Θεοῦ
1042 1017 1332 1081 νοεῖσθαι,
1391 1018 1753 1086 λειπόμενον

142 1109 337 1172 ¹ἕξειν
369 1109 499 1161 κατ’
527 1107 724 1173 αὐτὴν
748 1107 864 1170 τὴν
891 1109 1114 1162 οὐσίαν
1143 1107 1262 1173 τὴν
1289 1108 1598 1176 ὑπεροχὴν
1625 1107 1753 1160 ἐπι-

147 1198 552 1251 δείκνυσθαι.
593 1197 783 1261 Ἡμεῖς
809 1195 878 1247 δὲ
911 1196 1062 1249 κατὰ
1089 1198 1208 1265 μὲν
1232 1197 1347 1263 τὴν
1393 1196 1509 1249 τῶν
1547 1198 1753 1250 αἰτίων

150 1285 326 1353 πρὸς
357 1285 430 1338 τὰ
466 1285 535 1348 ἐξ
559 1282 760 1338 αὐτῶν
781 1284 1006 1351 σχέσιν
1043 1287 1440 1354 προτετάχθαι
1471 1287 1578 1341 τοῦ
1611 1286 1750 1340 Υιοῦ

151 1374 292 1428 τὸν.
338 1375 572 1442 Πατέρα
613 1375 842 1444 φαμέν·
880 1362 1139 1430 κατὰ⁸δὲ
1190 1378 1306 1443 τὴν
1344 1377 1456 1446 τῆς
1509 1380 1754 1446 φύσεως

150 1466 471 1534 διαφορὰν
535 1469 758 1532 οὐκέτι,
800 1467 944 1521 οὐδὲ
999 1469 1150 1523 κατὰ
1198 1470 1314 1538 τὴν
1372 1470 1479 1526 τοῦ
1529 1476 1752 1540 χρόνου

151 1558 505 1626 ὑπεροχήν.
541 1559 616 1611 “Ἠ
648 1559 802 1612 οὕτω
828 1571 894 1628 γε
928 1560 1028 1613 καὶ
1063 1561 1211 1615 αὐτὸ
1247 1563 1312 1616 τὸ
1339 1562 1571 1630 Πατέρα
1600 1560 1754 1617 εἶναι

152 1650 281 1702 τὸν
315 1651 469 1702 Θεὸν
497 1645 875 1719 ἀθετήσομεν
909 1653 1020 1718 τῆς
1051 1653 1202 1707 κατὰ
1247 1653 1362 1720 τὴν
1386 1656 1610 1724 οὺσζαν
1642 1656 1757 1710 ἀλ·-

152 1743 556 1810 λοτριότητος
585 1741 700 1811 τὴν
714 1744 992 1812 φυσικὴν
1022 1745 1366 1815 συνάφειαν
1393 1748 1752 1814 ἀθετούσης.

156 1833 292 1884 Καὶ
324 1832 500 1886 ταῦτα
541 1834 642 1902 μιν
703 1835 762 1888 ὲν
795 1836 876 1906 τῷ
906 1838 1110 1906 πρώτῳ
1153 1838 1263 1890 τῶν
1297 1839 1436 1908 πρὸς
1481 1839 1755 1910 Εὐνόμιον

154 1923 602 2007 ἀντιῤῥῃτικῶν.
638 1923 729 1977 Ἐν
760 1927 871 1994 γὰρ
903 1927 982 1996 τῷ
1011 1928 1180 1997 τρίτῳ
1211 1929 1320 1982 τῶν
1352 1930 1533 1984 αὐτῶν
1563 1932 1753 2003 ἀντιρ-

159 2014 455 2086 911mm,-
482 2017 578 2082 τίς
608 2016 718 2085 γὰρ
753 2017 1010 2086 ἀνάγκη,
1059 2021 1247 2088 φησὶν,
1281 2024 1334 2074 ει
1365 2021 1444 2087 τῷ
1467 2022 1756 2090 ἀξιώματι

122 2181 136 2193 θ
156 2109 273 2160 καὶ
316 2106 391 2174 τῇ
417 2106 585 2171 τάξει
635 2108 837 2176 τρίτον
867 2109 1126 2179 ὑπάρχει
1161 2113 1226 2165 τὸ
1259 2114 1524 2182 Πνεῦμα,
1555 2117 1757 2182 τρίτον

156 2195 334 2252 εἶναι
387 2201 534 2254 αὐτὸ
589 2200 686 2254 καὶ
723 2200 798 2268 τῇ
836 2195 1060 2269 escit,-
1132 2204 1433 2273 Ἂξιώματι
1482 2206 1601 2273 μὲν
1643 2207 1756 2274 γὰρ

157 2292 558 2358 δευτερεύειν
585 2293 691 2346 τοῦ
737 2292 874 2346 Υἱοῦ
913 2294 1331 2360 παραδίδωσιν
1361 2299 1393 2349 ό
1432 2297 1544 2362 τῆς
1574 2299 1753 2350 εὐσε-

159 2381 340 2446 68¹ας
373 2383 557 2462 λόγος
585 2398 599 2410 ·
639 2382 822 2449 φύσει
845 2381 912 2434 δὲ
937 2384 1102 2451 τρίτῃ
1128 2382 1390 2452 χρῆσθαι
1413 2386 1556 2438 οὔτε
1595 2388 1757 2454 παρὰ

164 2469 301 2522 τῶν
335 2473 522 2540 ἁγίων
581 2471 976 2542 δεδιδάτμεθα
1019 2476 1299 2542 Γραφῶν,
1348 2477 1488 2530 οὔτε
1525 2477 1594 2530 ἐκ
1638 2477 1757 2530 τῶν

161 2559 510 2643 εἰρημένων
531 2564 682 2614 κατὰ
713 2561 780 2614 τὸ
824 2563 1166 2616 ἀκόλουθον
1211 2566 1476 2618 δυνατὸν
1524 2571 1758 2620 συλλο-

164 2650 460 2718 γίζεσθαι.
505 2652 603 2718 Ὠς
640 2653 750 2721 γὰρ
775 2656 808 2706 ό
847 2656 977 2719 Υἱὸς
1023 2653 1096 2722 τῇ
1129 2655 1293 2718 τάξει
1319 2656 1437 2723 μὲν
1479 2657 1758 2726 δεύτερος

165 2739 288 2793 τοῦ
317 2742 573 2812 Πατρός,
608 2741 696 2794 ὅτι
731 2741 834 2796 ἀπ’
887 2743 1150 2810 ἐκείνου,
1182 2744 1281 2797 καὶ
1325 2746 1635 2814 ἀξιώματι,
1668 2749 1758 2799 ὅτι

163 2829 334 2898 ἁρχὴ
357 2831 456 2884 καὶ
483 2831 644 2886 αἰτία
671 2833 736 2885 τὸ
765 2833 922 2887 εἶναι
950 2833 1178 2903 Πατέρα
1198 2837 1407 2901 αὑτοῦ,
1433 2830 1530 2891 καὶ
1560 2838 1650 2892 ὅτι
1679 2839 1757 2892 δι’

164 2921 366 2976 αὐτοῦ
391 2923 428 2988 ἠ
464 2923 768 2990 πρόσοδος
788 2925 885 2977 καὶ
918 2927 1280 2994 προσαγωγὴ
1304 2929 1454 2996 πρὸς
1476 2930 1584 2983 τὸν
1611 2930 1760 2984 Θεὸν

165 3010 278 3064 καὶ
316 3012 569 3079 Πατέρα,
610 3015 791 3081 φύσει
831 3013 900 3066 δὲ
951 3015 1154 3069 οὐκέτι
1203 3015 1508 3085 δεύτερος,
1536 3019 1687 3073 διότι
1719 3022 1758 3088 ἡ

167 3105 391 3167 θεότης
418 3104 489 3156 ἐν
536 3103 795 3172 ἐκατέρῳ
836 3106 979 3175 μία·
1017 3109 1172 3159 οὕτω
1213 3109 1502 3176 δηλονότι
1547 3111 1645 3165 καὶ
1692 3111 1759 3164 τὸ

1854 647 2086 702 cundum
2113 661 2396 699 causarum
2431 643 2500 696 ad
2533 655 2615 706 ea,
2646 658 2760 711 qua:
2786 657 2852 695 ea:
2887 640 3017 708 ipsis
3046 648 3189 699 sunt,
3217 636 3425 690 relatio.

1855 756 1968 794 nem
2012 737 2249 808 prmponi
2297 735 2443 790 Filio
2496 735 2710 788 Patrem
2754 735 3018 802 fatemur,
3064 741 3271 784 natura’
3314 745 3426 781 rere

1854 831 2160 883 diuersitate
2210 828 2356 880 nullo
2418 826 2612 890 modo,
2674 840 2835 893 neque
2889 822 3176 877 secundum
3236 833 3427 888 tempus

1855 921 2305 990 exsuperantiam.
2341 919 2429 972 Sic
2457 919 2596 972 enim
2630 924 2678 969 et
2714 916 2930 968 Patrem
2963 930 3071 966 esse
3109 911 3273 965 Deum
3307 911 3432 977 reji-

1856 1029 2124 1074 eeremus,
2154 1028 2274 1063 cum
2307 1008 2606 1063 essentialis
2648 1007 2927 1059 diversitas
2969 1001 3268 1058 naturalem
3313 1016 3432 1052 cou-

1847 1105 2178 1173 junctionem
2217 1109 2452 1169 respuat.
2510 1099 2574 1152 Et
2621 1099 2735 1152 hmo
2775 1095 2993 1165 quidem
3031 1094 3083 1146 in
3126 1092 3304 1162 primo
3337 1090 3431 1142 ad-

1855 1212 2048 1253 versus
2108 1196 2437 1250 Eunomium
2484 1191 2880 1253 antirrhetico,
2941 1189 2994 1241 in
3058 1187 3218 1240 tertio
3269 1199 3430 1236 vero:

1856 1290 1989 1355 Qua:
2011 1290 2146 1342 enim
2172 1287 2456 1343 necessitas
2486 1297 2585 1346 est,
2610 1285 2655 1337 si
2685 1284 2941 1351 dignitate
2970 1288 3018 1333 et
3049 1279 3228 1332 ordine
3253 1278 3429 1329 tertius

1854 1391 1931 1434 est
1979 1379 2246 1449 Spiritus,
2297 1379 2506 1432 tertium
2539 1390 2740 1444 quoque
2783 1388 2895 1426 esse
2938 1372 3176 1424 eumdem
3214 1371 3435 1422 naturai

1858 1474 2132 1541 Dignitate
2162 1474 2297 1525 enim
2329 1469 2614 1522 secundum
2640 1482 2747 1519 esse
2779 1482 2811 1517 a
2847 1463 3012 1522 Filio,
3037 1462 3201 1512 tradit
3227 1459 3432 1527 pietati:

1855 1567 2026 1627 ratio,
2061 1563 2154 1616 sed
2195 1573 2390 1615 natura
2422 1561 2576 1613 tertia
2609 1560 2718 1619 uti,
2759 1571 2918 1624 neque
2944 1571 2975 1606 ιι
3005 1553 3200 1605 sanctis
3227 1549 3433 1604 Litteris

1854 1656 2153 1717 edocemur,
2191 1670 2355 1723 neque
2388 1667 2452 1706 ex
2481 1653 2583 1713 Itis,
2610 1665 2727 1720 quae
2757 1649 2903 1700 dicta
2932 1654 3074 1708 sunt,
3108 1653 3250 1698 recta
3279 1644 3431 1694 ducta

1856 1749 2068 1818 sequela
2097 1761 2376 1814 possumus
2402 1744 2790 1796 demonstrare.
2821 1736 3279 1804 Quemadmodum
3301 1735 3430 1786 enitr

1857 1841 2027 1895 Filius
2055 1839 2238 1892 ordine
2265 1827 2477 1904 quidem
2501 1832 2760 1886 secundus
2786 1838 2862 1883 est
2897 1845 2929 1882 a
2975 1827 3161 1889 Patre,
3187 1829 3433 1895 quoniam

1857 1949 1923 1988 ea:
1949 1933 2073 1998 illo,
2106 1940 2157 1985 et
2183 1930 2462 1998 dignitate,
2494 1924 2632 1995 quod
2657 1923 2975 1991 principium
3004 1933 3053 1974 et
3083 1934 3247 1974 causa
3281 1916 3432 1969 Patet

1856 2024 2005 2078 illius
2037 2030 2138 2087 est,
2182 2029 2232 2074 et
2263 2020 2401 2090 quod
2425 2033 2517 2087 per
2546 2019 2718 2085 ipsum
2745 2027 2987 2067 accessus
3017 2020 3065 2063 et
3094 2009 3349 2063 adductio
3372 2023 3435 2059 aa

1859 2114 2027 2167 Deum
2054 2122 2103 2165 et
2133 2112 2378 2183 Patrem,
2414 2117 2609 2162 natura
2651 2121 2770 2160 vero
2799 2102 3106 2170 neutiquam
3156 2100 3440 2155 secundus.

1857 2205 1994 2274 quod
2025 2204 2211 2257 Deitas
2240 2202 2294 2254 in
2327 2213 2548 2270 utroque
2573 2215 2678 2251 una
2707 2214 2725 2251 :
2756 2197 2834 2248 ita
2869 2193 3103 2249 videlicet
3130 2203 3176 2246 et
3210 2189 3436 2262 Spiritus

1858 2304 2076 2352 sanctus
2122 2295 2221 2348 etsi
2275 2291 2460 2346 ordine
2497 2288 2642 2343 Filio
2677 2287 2898 2356 inferior
2922 2295 2999 2340 est
3049 2294 3100 2337 et
3155 2283 3437 2353 dignitate,

1859 2402 2132 2456 nunquam
2184 2395 2358 2453 tamen
2404 2383 2503 2437 rite
2551 2380 2823 2442 dicemus,
2866 2377 3012 2445 sequi
3059 2388 3178 2434 exn:
3222 2373 3437 2426 alterius

1858 2493 1973 2531 esse
2014 2486 2243 2530 naturas.
2303 2474 2446 2528 Idem
2490 2470 2718 2542 epistola
2762 2469 2828 2523 ad
2873 2467 3154 2536 prOprium
3208 2464 3437 2518 fratrem

1857 2568 2185 2634 Gregorium
2234 2564 2541 2636 Nysseuum
2591 2562 2708 2616 hinc
2761 2560 2970 2614 habet:
3017 2557 3122 2624 Qui
3173 2553 3435 2623 Spiritum

1859 2656 2142 2716 intellexit,
2171 2656 2344 2723 ipsum
2375 2654 2429 2706 in
2455 2653 2624 2720 seipso
2649 2650 2939 2712 intellexit,
2969 2658 3015 2701 et
3047 2645 3246 2701 Filium
3270 2643 3434 2700 simul

1859 2763 1921 2801 ea
1939 2745 2288 2814 intelligentia
2317 2743 2616 2812 complexus
2639 2752 2739 2814 est,
2773 2741 2865 2809 qui
2901 2754 3019 2794 vero
3054 2739 3191 2790 hunc
3226 2751 3442 2803 accepe-

1860 2837 1963 2900 rit,
1996 2834 2201 2888 Filium
2233 2851 2266 2887 a
2299 2832 2461 2886 Patre
2492 2847 2594 2885 non
2635 2833 2814 2886 divisit
2840 2870 2854 2893 ,
2898 2830 2987 2883 sed
3009 2829 3170 2896 juxta
3208 2814 3444 2880 ordinent

1860 2928 2068 2998 quidem
2095 2941 2442 2995 personarum
2470 2933 2870 2993 consequenter,
2872 2923 3033 2990 jua‘ta
3054 2937 3170 2976 vero
3199 2933 3445 2972 naturam

1861 3019 2186 3085 conjunctim
2232 3017 2396 3069 trium
2442 3000 2789 3083 personarum
2828 3013 2987 3081 [idem
3028 3010 3212 3064 eadem
3243 3009 3446 3062 ratione

1861 3117 2307 3178 contemperatam
2353 3107 2404 3159 in
2460 3109 2632 3174 seipso
2679 3112 2970 3173 expressit.-
3017 3101 3082 3158 Et
3129 3103 3181 3157 in
3230 3102 3447 3157 decimo

169 3195 424 3261 Πνεῦμα
446 3193 512 3246 τὸ
544 3194 737 3263 ἄτιον.
775 3198 826 3249 ει
855 3197 956 3251 καὶ
989 3199 1328 3266 ὑποϐέϐηκε
1350 3203 1456 3254 τὸν
1489 3203 1628 3255 Υιὸν
1680 3201 1755 3270 τῇ

1860 3202 2094 3271 septimo
2123 3198 2304 3268 capite
2344 3197 2411 3251 ad
2447 3197 2890 3266 Amphilochium
2925 3213 2939 3250 :
2990 3194 3448 3261 Quemadmodum

169 3283 346 3346 τάξει
375 3284 472 3336 καὶ
501 3282 580 3348 τῷ
611 3285 917 3354 ἀξιώματι,
942 3289 1146 3342 οὐκέτι
1175 3289 1253 3342 ἂν
1282 3294 1524 3358 εικότως
1548 3293 1628 3359 ὡς
1653 3295 1757 3347 ἀλ-

169 3376 429 3443 λοτρίας
476 3375 760 3444 ὑπάρχον
803 3379 1067 3445 φύσεως.
1113 3380 1173 3433 '0
1222 3383 1384 3443 αὐτὸς
1419 3385 1479 3436 ὲν
1525 3388 1591 3455 τῇ
1625 3386 1760 3454 πρὸς

171 3467 272 3519 τὸν
303 3468 504 3518 οἰκεῖον
532 3467 763 3536 ἀδελφὸν
787 3468 1092 3539 Γρηγόριον
1121 3470 1215 3524 τὸν
1246 3473 1471 3543 Νύσσης
1498 3474 1757 3546 ἐπιστολῇ

170 3558 305 3611 τάδε
362 3559 528 3626 φησιν
553 3574 568 3590 ·
615 3563 678 3612 '0
702 3559 772 3612 τὸ
810 3561 1054 3629 Πνεῦμα
1088 3561 1325 3628 νοήσας
1367 3567 1518 3619 αὑτό
1569 3583 1633 3619 τε
1665 3567 1758 3636 ἐφ’

169 3649 397 3702 ἑαυτοῦ
421 3649 663 3716 ἐνόησε,
685 3651 782 3702 καὶ
807 3651 915 3704 τὸν
941 3653 1078 3705 Υιὸν
1105 3651 1180 3720 τῇ
1215 3653 1454 3721 διανοίᾳ
1478 3671 1759 3724 συμπαρ-

170 3738 427 3804 εδέξατο
450 3756 463 3772 ε
500 3743 533 3793 ό
559 3738 628 3792 δὲ
664 3740 843 3795 τοῦτο
881 3741 1086 3795 λαϐὼν
1128 3743 1233 3797 τοῦ
1296 3743 1429 3798 Υιοῦ
1476 3744 1582 3798 τόν
1641 3748 1756 3799 Πα·

169 3832 318 3901 τέρα
349 3836 420 3887 οὐ
452 3833 870 3903 κατεμέρισεν,
903 3836 1043 3890 ἀλλ’
1070 3835 1416 3902 ἀκολούθως
1453 3839 1572 3906 μὲν
1600 3841 1756 3892 κατὰ

170 3928 294 3994 τὴν
323 3925 522 3991 τάξιν,
551 3925 955 3994 συνημμένως
993 3927 1063 3980 δὲ
1093 3927 1243 3981 κατὰ
1273 3929 1386 3996 τὴν
1425 3931 1614 3998 φύσιν
1640 3928 1759 3984 τῶν

172 4015 358 4086 τριῶν
414 4015 568 4069 κατὰ
620 4016 846 4068 ταυτὸν
895 4017 1397 4085 συγκεκραμένην
1446 4017 1514 4070 ἐν
1567 4017 1759 4085 ἐαυτῷ

171 4109 296 4174 τὴν
349 4108 563 4161 πίστιν
619 4107 1078 4162 ἀνετυπώσατο.
1142 4108 1251 4163 Καὶ
1303 4112 1361 4164 ὲν
1412 4111 1489 4181 τῷ
1546 4111 1758 4182 δεκάτῳ

173 4199 396 4269 ἑϐδόμῳ
427 4198 539 4252 τῶν
568 4199 704 4269 πρὸς
735 4199 1088 4268 ’Δμφιλόχιον
1116 4201 1431 4268 κεφαλαίων
1453 4219 1466 4231 ·
1517 4204 1608 4270 Ὡς
1639 4205 1758 4259 τοί·

171 4307 298 4346 νυν
350 4291 479 4361 ἔχει
532 4294 565 4345 ό
611 4292 742 4355 Υἱὸς
772 4292 922 4356 πρὸς
978 4294 1088 4343 τεν
1120 4291 1375 4359 Πατέρα,
1416 4293 1568 4346 οὕτω
1605 4297 1758 4362 πρὸς

173 4385 286 4436 τὸν
307 4385 444 4436 Υιὸν
471 4384 534 4436 τὸ
566 4383 810 4451 Πνεῦμα
841 4383 994 4436 κατὰ
1022 4385 1136 4451 τὴν
1163 4386 1232 4437 έν
1267 4385 1345 4451 τῷ
1375 4388 1754 4459 βαπτίσματι

174 4473 684 4543 παραδεδομένην
741 4475 848 4529 τοῦ
880 4476 1070 4545 λόγου
1130 4479 1450 4542 σύνταξιν.
1493 4483 1562 4534 Et
1593 4483 1661 4535 δὲ
1693 4483 1756 4536 τὸ

1861 3309 1984 3362 ergo
2015 3308 2068 3345 se
2097 3290 2250 3344 liabet
2285 3284 2457 3343 Filius
2481 3289 2550 3342 ad
2581 3287 2920 3353 Patrem,ita
2943 3303 2997 3341 se
3023 3287 3176 3340 habet
3208 3285 3445 3351 Spiritus

1861 3385 1929 3436 ad
1980 3381 2186 3436 Filium
2225 3381 2523 3435 secundum
2575 3379 2833 3434 sermonis
2891 3380 3339 3434 constructionem
3393 3379 3448 3430 in

1863 3474 2128 3540 baptismo
2167 3474 2444 3528 traditam.
2501 3471 2655 3538 Quod
2681 3475 2731 3526 si
2784 3471 3019 3540 Spiritus
3066 3472 3246 3524 eodem
3293 3482 3449 3539 atque

1860 3565 2030 3620 Filius
2073 3565 2262 3618 ordine
2286 3564 2613 3628 colloratur;
2667 3561 2837 3616 Filius
2870 3572 3044 3616 autem
3076 3562 3254 3615 eodem
3293 3571 3450 3627 atque

1862 3657 2028 3712 Pater
2047 3669 2097 3711 et
2129 3655 2381 3727 Spiritus,
2417 3667 2465 3710 et
2498 3654 2661 3709 Pater
2690 3657 2978 3707 duntaxat.
3012 3655 3216 3709 Horum
3245 3656 3448 3723 partim

1865 3749 2084 3819 quidem
2114 3748 2519 3812 contradicens,
2560 3747 2754 3816 partim
2797 3745 3000 3799 docens
3033 3760 3264 3815 magnus
3297 3742 3450 3800 Basi-

1860 3842 1968 3896 lius
2001 3840 2250 3894 veritatis
2301 3853 2499 3893 souora
2533 3838 2662 3892 tuba
2708 3837 2891 3891 lassus
2930 3845 3035 3890 est.
3082 3835 3205 3890 Alio
3234 3851 3451 3904 quoque

1859 3935 1984 3989 loco
2029 3933 2098 3987 de
2137 3931 2330 3986 ordine
2376 3931 2702 4000 disputans,
2739 3928 2894 3982 illum
2944 3942 3051 3980 non
3104 3928 3451 3983 admittentes

1863 4023 2350 4080 vehementissime
2411 4030 2656 4075 accusat.
2718 4017 2969 4088 Namque
3023 4018 3092 4072 ad
3147 4017 3482 4073 canonicas'

1859 4115 2088 4186 cpistola
2146 4113 2388 4170 scribit:
2439 4113 2673 4180 Spiritus
2739 4105 2957 4165 sanctus
3001 4110 3156 4164 Patri
3205 4121 3256 4164 et
3302 4107 3449 4166 Filio

1859 4216 2309 4272 connumeratur,
2350 4204 2489 4276 quod
2531 4220 2693 4272 supra
2738 4217 2942 4256 onmem
2987 4210 3287 4256 creaturam
3327 4217 3450 4256 con-

1864 4299 2029 4359 sistit,
2066 4297 2240 4350 locum
2274 4312 2392 4350 vero
2424 4303 2666 4362 occupat,
2701 4292 3144 4362 qummdmodum
3175 4309 3265 4346 nos
3291 4292 3442 4347 docet

1859 4391 1915 4443 in
1965 4388 2248 4458 Evangelia
2295 4387 2574 4448 Dominus,
2605 4387 2783 4447 dicens
2818 4402 2836 4440 :
2882 4404 2900 4438 ι
2935 4385 3132 4439 Ειιηιει
3167 4386 3438 4453 baptisate

1860 4483 1917 4535 in
1947 4482 2158 4534 nomine
2207 4476 2424 4542 Patris,
2471 4488 2518 4533 et
2555 4477 2679 4532 Filii
2726 4487 2774 4532 et
2821 4476 3054 4542 Spiritus
3110 4479 3279 4531 sancti
3315 4479 3384 4531 ".
3424 4497 3440 4528 ι

173 4565 424 4634 Πνεῦμα
453 4564 532 4630 τῷ
566 4566 679 4630 Υιῷ
723 4566 1149 4629 συντέτακται,
1190 4571 1222 4621 ό
1251 4568 1320 4621 δὲ
1373 4571 1504 4637 Υἱὸς
1532 4570 1612 4638 τῷ
1633 4575 1752 4626 Πα-

1861 4578 1966 4642 Qui
1995 4576 2338 4646 prteposuerit
2371 4575 2524 4628 illum
2564 4573 2729 4641 Filio,
2766 4575 2845 4628 vel
2882 4573 3042 4628 Patre
3079 4575 3274 4629 dixerit
3302 4573 3449 4626 anti-

174 4660 292 4726 τρι,
325 4660 422 4714 και
459 4659 528 4713 τὸ
567 4659 813 4728 Πνεῦμα
861 4657 943 4723 τῷ
977 4659 1162 4727 llath
1194 4661 1498 4729 δηλονότι.
1535 4664 1754 4719 Τούτων

173 4754 244 4805 τὰ
278 4751 376 4821 μὲν
419 4753 743 4834 ἀντιλέγων,
794 4753 864 4806 τὰ
903 4753 959 4804 δὲ
1011 4755 1107 4806 καὶ
1154 4754 1424 4807 διδάσκων
1472 4754 1753 4820 Βασίλειος

175 4848 204 4899 ὁ
226 4848 422 4915 μέγας,
442 4847 475 4915 ἠ
497 4846 595 4915 τῆς
618 4835 880 4916 ἀληῦείας
905 4845 1146 4917 εὔσημος
1170 4847 1407 4915 σάλπιγξ
1431 4848 1754 4917 ἐφθέγξατο.

177 4938 586 5007 Διαλαμσάνων
615 4936 672 4988 δὲ
704 4937 870 4990 πάλιν
904 4939 1033 5006 περὶ
1089 4937 1191 5006 τῆς
1249 4937 1456 5003 τάξεως
1487 4938 1748 5008 ἀλλαχοῦ,

179 5031 392 5100 βαρέως
439 5029 550 5082 τῶν
585 5029 936 5082 ἁθετούντων
990 5031 1163 5100 αὐτὴν
1214 5031 1614 5099 καταφέρεται.
1647 5031 1758 5083 Καὶ

177 5124 289 5191 γὰρ
326 5123 383 5175 ὲν
447 5123 547 5192 μὶν
580 5125 648 5191 τῇ
682 5121 820 5193 πρὸς
864 5124 962 5186 τὰς
1020 5121 1314 5184 κανονικὰς
1359 5121 1652 5190 ἐπιστολῇ,
1689 5121 1758 5174 Τὸ

181 5214 429 5282 Πνεῦμα
467 5216 533 5267 τὸ
554 5215 756 5282 ἅγιον,
777 5215 946 5283 λέγει,
982 5215 1168 5283 Πατρὶ
1192 5216 1310 5283 μὲν
1345 5216 1444 5267 καὶ
1478 5213 1586 5279 Υιῷ
1609 5230 1760 5267 συν-

178 5306 531 5374 αριθμεῐται,
586 5305 739 5360 διότι
790 5307 890 5360 καὶ
945 5307 1101 5374 ὑπὲρ
1142 5308 1259 5374 τὴν
1311 5307 1515 5360 κτίσιν
1547 5308 1718 5369 ζέστί
1743 5323 1758 5339 ·

178 5400 457 5453 τέτακται
483 5398 570 5463 δὲ,
595 5399 676 5462 ὡς
703 5399 773 5452 ἐν
800 5401 1151 5469 Eiram-exigo
1179 5400 1573 5470 δεδιδάγμεθα
1598 5400 1760 5467 παρὰ

180 5489 288 5550 τοῦ
321 5490 547 5557 Κυρίου
579 5493 878 5557 εἰπόντος,
913 5510 932 5542 ι
978 5493 1381 5559 Πορευθέντες
1436 5490 1759 5556 βαπτίζετε

178 5588 266 5649 εις
299 5585 364 5636 τὸ
421 5584 611 5650 ὄνομα
661 5583 764 5636 τοῦ
794 5585 1028 5650 Πατρὸς
1058 5585 1155 5638 καὶ
1185 5584 1290 5639 τοῦ
1337 5585 1476 5638 Υιοῦ
1517 5583 1616 5637 καὶ
1651 5581 1759 5636 τοῦ

180 5677 354 5743 ἁγίου
386 5675 756 5741 Πνεύματος.
804 5695 821 5727 s
870 5677 933 5728 Ὀ
964 5676 1033 5730 δὲ
1059 5677 1360 5744 προτιθεὶς
1386 5676 1492 5731 τοῦ
1532 5675 1690 5740 Υιοῦ,
1721 5674 1757 5740 ἢ

249 5833 296 5862 ’⁸
321 5831 512 5887 Matth.
556 5850 750 5897 nvm,
794 5833 874 5888 I9.

1859 4667 2096 4738 quiorem
2141 4679 2272 4730 esse,
2309 4666 2508 4719 resistit
2537 4665 2639 4719 iste
2677 4664 2774 4718 Itei
2801 4665 3144 4726 ordinationi,
3171 4673 3221 4717 et
3254 4681 3286 4717 a
3316 4681 3455 4722 sana.

1861 4758 1968 4826 [ide
1998 4756 2204 4811 alienus
2237 4756 2491 4817 aberrat,
2528 4755 2652 4809 dum
2686 4773 2791 4810 non
2827 4755 3144 4812 inuiolatum
3183 4765 3448 4811 conservat

1865 4850 2020 4903 illum
2050 4849 2288 4908 ordinem
2320 4847 2746 4916 gloriﬁcationis,
2771 4863 2922 4918 quem
2951 4847 3150 4916 accepit
3173 4847 3447 4911 traditum,

1867 4941 1956 4995 sed
1987 4950 2042 4993 ut
2071 4941 2277 5004 placere
2303 4941 2468 5008 possit
2501 4940 2823 4999 hominibus,
2855 4939 3130 4992 verborum
3159 4939 3262 4992 sibi
3292 4940 3449 4991 adin-

1867 5034 1998 5087 t'enit
2033 5033 2310 5086 novitates.
2334 5029 2398 5084 Et
2417 5029 2605 5100 paucis
2627 5029 2856 5084 additis:
2888 5028 3060 5099 Usque
3086 5031 3219 5083 adeo
3250 5029 3359 5085 hac
3382 5033 3450 5086 de

1867 5125 2051 5179 ordine
2085 5124 2356 5176 innovatio
2401 5123 2567 5191 ipsius
2611 5121 2965 5182 subsistentia:
2988 5124 3447 5190 annihilationem,

1869 5227 1916 5270 et
1952 5217 2075 5277 ﬁdei
2115 5217 2278 5269 totius
2308 5215 2708 5284 abuegationem
2752 5213 2928 5269 habet.
2969 5214 3144 5283 Eque
3181 5233 3304 5286 ergo
3343 5219 3447 5270 im-

1861 5310 2007 5378 pium
2034 5318 2132 5371 est,
2163 5317 2210 5361 et
2259 5312 2328 5360 ad
2367 5318 2642 5384 creaturas
2678 5306 2938 5371 Spiritum
2978 5307 3250 5374 deducere,
3283 5319 3332 5362 et
3354 5327 3449 5363 su-

1861 5401 2121 5470 periorem
2157 5397 2319 5452 Patre
2364 5408 2410 5452 et
2455 5398 2598 5452 Filio
2627 5407 2885 5462 statuere,
2925 5401 3032 5453 sive
3063 5401 3131 5453 sit
3159 5402 3446 5457 secundum

1865 5502 2100 5561 tempus,
2145 5491 2254 5545 sive
2302 5492 2502 5545 ratio~e
2551 5493 2755 5544 ordinis
2809 5493 3160 5560 superioritas
3212 5495 3329 5550 illa.
3385 5497 3448 5551 Et

1864 5568 2090 5650 epistula
2123 5582 2191 5636 ad
2227 5581 2571 5638 Eustathium
2601 5585 2715 5637 haec
2749 5583 2910 5638 habet
2938 5600 2952 5637 :
2989 5581 3286 5654 Fugiendos
3309 5603 3441 5650 esse,

1864 5677 1952 5744 qui
1987 5675 2172 5729 seriem
2206 5665 2422 5729 nobisla
2457 5671 2684 5729 Domino
2713 5673 2967 5727 traditam
2999 5675 3329 5738 iuvatcum,
3365 5683 3446 5733 uti
