  <div class='ocr_page' id='page_1' title='image "/cluster/home/n/w/nwhite01/storage/ocr_20150623/141/pst.000005714575/564.png"; bbox 0 0 4132 6460; ppageno 0'>
   <div class='ocr_carea' id='block_1_1' title="bbox 195 421 335 491">
    <p class='ocr_par' dir='ltr' id='par_1_1' title="bbox 195 421 335 491">
     <span class='ocr_line' id='line_1_1' title="bbox 195 421 335 491; baseline -0.007 0"><span class='ocrx_word' id='word_1_1' title='bbox 195 421 335 491; x_wconf 79' lang='grc'><strong>1109</strong></span> 
     </span>
    </p>
   </div>
   <div class='ocr_carea' id='block_1_2' title="bbox 1040 400 2544 495">
    <p class='ocr_par' dir='ltr' id='par_1_2' title="bbox 1040 400 2544 495">
     <span class='ocr_line' id='line_1_2' title="bbox 1040 400 2544 495; baseline -0.001 -5"><span class='ocrx_word' id='word_1_2' title='bbox 1040 425 1139 490; x_wconf 77' lang='lat' dir='ltr'><strong>n1:</strong></span> <span class='ocrx_word' id='word_1_3' title='bbox 1177 400 1702 491; x_wconf 74' lang='lat' dir='ltr'><strong>PaecnssmNE</strong></span> <span class='ocrx_word' id='word_1_4' title='bbox 1731 427 1793 495; x_wconf 69' lang='lat' dir='ltr'><strong>s.</strong></span> <span class='ocrx_word' id='word_1_5' title='bbox 1828 426 2188 490; x_wconf 74' lang='lat' dir='ltr'><strong>srmrrus</strong></span> <span class='ocrx_word' id='word_1_6' title='bbox 2224 423 2448 490; x_wconf 71' lang='lat' dir='ltr'><strong>ean.</strong></span> <span class='ocrx_word' id='word_1_7' title='bbox 2493 429 2544 489; x_wconf 85' lang='grc' dir='ltr'>ι.</span> 
     </span>
    </p>
   </div>
   <div class='ocr_carea' id='block_1_3' title="bbox 3326 421 3461 487">
    <p class='ocr_par' dir='ltr' id='par_1_3' title="bbox 3326 421 3461 487">
     <span class='ocr_line' id='line_1_3' title="bbox 3326 421 3461 487; baseline -0.015 -1"><span class='ocrx_word' id='word_1_8' title='bbox 3326 421 3353 486; x_wconf 86' lang='grc' dir='ltr'><strong>Ῑ</strong></span> <span class='ocrx_word' id='word_1_9' title='bbox 3365 423 3461 487; x_wconf 76' lang='grc' dir='ltr'><strong>ι·ῐο</strong></span> 
     </span>
    </p>
   </div>
   <div class='ocr_carea' id='block_1_4' title="bbox 189 534 1788 610">
    <p class='ocr_par' dir='ltr' id='par_1_4' title="bbox 189 534 1766 609">
     <span class='ocr_line' id='line_1_4' title="bbox 189 534 1766 609; baseline 0.002 -19"><span class='ocrx_word' id='word_1_10' title='bbox 189 534 530 606; x_wconf 73' lang='grc' dir='ltr'>τοῦπατρὸς</span> <span class='ocrx_word' id='word_1_11' title='bbox 561 535 657 591; x_wconf 79' lang='grc' dir='ltr'><strong>τὸν</strong></span> <span class='ocrx_word' id='word_1_12' title='bbox 699 537 852 602; x_wconf 61' lang='grc' dir='ltr'>Υίδν,</span> <span class='ocrx_word' id='word_1_13' title='bbox 898 535 1138 593; x_wconf 63' lang='grc' dir='ltr'>ἐνταῦθα</span> <span class='ocrx_word' id='word_1_14' title='bbox 1193 538 1248 592; x_wconf 71' lang='grc' dir='ltr'>δὶ</span> <span class='ocrx_word' id='word_1_15' title='bbox 1277 539 1340 593; x_wconf 77' lang='grc' dir='ltr'><strong>τὺ</strong></span> <span class='ocrx_word' id='word_1_16' title='bbox 1399 538 1633 609; x_wconf 80' lang='grc' dir='ltr'>Πνεῦμα</span> <span class='ocrx_word' id='word_1_17' title='bbox 1668 539 1766 593; x_wconf 83' lang='grc' dir='ltr'>τοῦ</span> 
     </span>
    </p>
   </div>
   <div class='ocr_carea' id='block_1_5' title="bbox 1892 534 3458 610">
    <p class='ocr_par' dir='ltr' id='par_1_5' title="bbox 1892 535 3458 610">
     <span class='ocr_line' id='line_1_5' title="bbox 1892 535 3458 610; baseline 0 -19"><span class='ocrx_word' id='word_1_18' title='bbox 1892 536 2140 608; x_wconf 79' lang='lat' dir='ltr'><strong>tSpiritu</strong></span> <span class='ocrx_word' id='word_1_19' title='bbox 2168 547 2291 603; x_wconf 79' lang='lat' dir='ltr'><strong>tuo,</strong></span> <span class='ocrx_word' id='word_1_20' title='bbox 2317 549 2368 594; x_wconf 83' lang='lat' dir='ltr'><strong>et</strong></span> <span class='ocrx_word' id='word_1_21' title='bbox 2394 557 2426 593; x_wconf 78' lang='grc' dir='ltr'><strong>α</strong></span> <span class='ocrx_word' id='word_1_22' title='bbox 2452 541 2589 608; x_wconf 81' lang='lat' dir='ltr'><strong>[acie</strong></span> <span class='ocrx_word' id='word_1_23' title='bbox 2629 547 2722 594; x_wconf 83' lang='lat' dir='ltr'><strong>tua</strong></span> <span class='ocrx_word' id='word_1_24' title='bbox 2759 555 2859 610; x_wconf 83' lang='lat' dir='ltr'><strong>qua</strong></span> <span class='ocrx_word' id='word_1_25' title='bbox 2911 537 3114 608; x_wconf 61' lang='lat' dir='ltr'><strong>fugiam</strong></span> <span class='ocrx_word' id='word_1_26' title='bbox 3155 538 3203 570; x_wconf 80' lang='lat'>“</span> <span class='ocrx_word' id='word_1_27' title='bbox 3226 538 3253 590; x_wconf 69' lang='grc' dir='ltr'>ἲ</span> <span class='ocrx_word' id='word_1_28' title='bbox 3290 555 3308 589; x_wconf 75' lang='grc' dir='ltr'><strong>ι</strong></span> <span class='ocrx_word' id='word_1_29' title='bbox 3350 535 3458 591; x_wconf 77' lang='lat' dir='ltr'><strong>Fa—</strong></span> 
     </span>
    </p>
   </div>
   <div class='ocr_carea' id='block_1_6' title="bbox 189 626 1774 699">
    <p class='ocr_par' dir='ltr' id='par_1_6' title="bbox 189 626 1774 699">
     <span class='ocr_line' id='line_1_6' title="bbox 189 626 1774 699; baseline 0.002 -17"><span class='ocrx_word' id='word_1_30' title='bbox 189 627 410 697; x_wconf 72' lang='grc' dir='ltr'>Πατρδς</span> <span class='ocrx_word' id='word_1_31' title='bbox 447 628 546 683; x_wconf 77' lang='grc' dir='ltr'>καὶ</span> <span class='ocrx_word' id='word_1_32' title='bbox 577 626 675 682; x_wconf 80' lang='grc' dir='ltr'>τοῦ</span> <span class='ocrx_word' id='word_1_33' title='bbox 715 627 845 682; x_wconf 81' lang='grc' dir='ltr'>Υίοῦ</span> <span class='ocrx_word' id='word_1_34' title='bbox 903 629 1209 699; x_wconf 74' lang='grc' dir='ltr'>προτιθεὶς,</span> <span class='ocrx_word' id='word_1_35' title='bbox 1262 630 1362 684; x_wconf 77' lang='grc' dir='ltr'>καὶ</span> <span class='ocrx_word' id='word_1_36' title='bbox 1407 630 1501 696; x_wconf 72' lang='grc' dir='ltr'>τὸν</span> <span class='ocrx_word' id='word_1_37' title='bbox 1549 631 1678 684; x_wconf 78' lang='grc' dir='ltr'>Υίὸν</span> <span class='ocrx_word' id='word_1_38' title='bbox 1717 631 1774 685; x_wconf 63' lang='grc' dir='ltr'>δὲ</span> 
     </span>
    </p>
   </div>
   <div class='ocr_carea' id='block_1_7' title="bbox 189 717 1774 792">
    <p class='ocr_par' dir='ltr' id='par_1_7' title="bbox 189 717 1774 792">
     <span class='ocr_line' id='line_1_7' title="bbox 189 717 1774 792; baseline 0.003 -20"><span class='ocrx_word' id='word_1_39' title='bbox 189 718 361 774; x_wconf 64' lang='grc' dir='ltr'>πάλιν</span> <span class='ocrx_word' id='word_1_40' title='bbox 388 717 557 772; x_wconf 74' lang='grc' dir='ltr'>αὐτὸν</span> <span class='ocrx_word' id='word_1_41' title='bbox 609 718 708 773; x_wconf 76' lang='grc' dir='ltr'>τοῦ</span> <span class='ocrx_word' id='word_1_42' title='bbox 736 719 988 790; x_wconf 72' lang='grc' dir='ltr'>Πατρός.</span> <span class='ocrx_word' id='word_1_43' title='bbox 1031 720 1142 772; x_wconf 73' lang='grc' dir='ltr'><strong>Καὶ</strong></span> <span class='ocrx_word' id='word_1_44' title='bbox 1191 720 1357 774; x_wconf 83' lang='grc' dir='ltr'>Δαυῖδ</span> <span class='ocrx_word' id='word_1_45' title='bbox 1412 722 1441 771; x_wconf 89' lang='grc' dir='ltr'><strong>ό</strong></span> <span class='ocrx_word' id='word_1_46' title='bbox 1478 721 1774 792; x_wconf 82' lang='grc' dir='ltr'>θεοπάτωρ</span> 
     </span>
    </p>
   </div>
   <div class='ocr_carea' id='block_1_8' title="bbox 189 809 1776 883">
    <p class='ocr_par' dir='ltr' id='par_1_8' title="bbox 189 809 1776 883">
     <span class='ocr_line' id='line_1_8' title="bbox 189 809 1776 883; baseline 0.003 -20"><span class='ocrx_word' id='word_1_47' title='bbox 189 809 294 863; x_wconf 78' lang='grc' dir='ltr'><strong>καὶ</strong></span> <span class='ocrx_word' id='word_1_48' title='bbox 320 809 579 879; x_wconf 75' lang='grc' dir='ltr'>βασιλεύς</span> <span class='ocrx_word' id='word_1_49' title='bbox 605 827 622 844; x_wconf 80' lang='grc' dir='ltr'><strong><em>ο</em></strong></span> <span class='ocrx_word' id='word_1_50' title='bbox 658 827 680 862; x_wconf 83' lang='grc' dir='ltr'><strong>ε</strong></span> <span class='ocrx_word' id='word_1_51' title='bbox 731 811 858 875; x_wconf 84' lang='grc' dir='ltr'><strong>Ποῦ</strong></span> <span class='ocrx_word' id='word_1_52' title='bbox 887 811 1161 880; x_wconf 69' lang='grc' dir='ltr'>πορευθῶ</span> <span class='ocrx_word' id='word_1_53' title='bbox 1181 811 1303 868; x_wconf 75' lang='grc' dir='ltr'>ἀπὸ</span> <span class='ocrx_word' id='word_1_54' title='bbox 1352 812 1462 866; x_wconf 82' lang='grc' dir='ltr'><strong>τοῦ</strong></span> <span class='ocrx_word' id='word_1_55' title='bbox 1506 814 1776 883; x_wconf 79' lang='grc' dir='ltr'>Πνεύμα·</span> 
     </span>
    </p>
   </div>
   <div class='ocr_carea' id='block_1_9' title="bbox 191 901 1772 976">
    <p class='ocr_par' dir='ltr' id='par_1_9' title="bbox 191 901 1772 976">
     <span class='ocr_line' id='line_1_9' title="bbox 191 901 1772 976; baseline 0.003 -22"><span class='ocrx_word' id='word_1_56' title='bbox 191 901 300 966; x_wconf 77' lang='grc' dir='ltr'><strong>τός</strong></span> <span class='ocrx_word' id='word_1_57' title='bbox 323 915 466 966; x_wconf 88' lang='grc' dir='ltr'>σου,</span> <span class='ocrx_word' id='word_1_58' title='bbox 505 903 604 956; x_wconf 77' lang='grc' dir='ltr'><strong>καί</strong></span> <span class='ocrx_word' id='word_1_59' title='bbox 625 902 742 957; x_wconf 70' lang='grc' dir='ltr'>ἀπὸ</span> <span class='ocrx_word' id='word_1_60' title='bbox 767 902 876 957; x_wconf 86' lang='grc' dir='ltr'><strong>τοῦ</strong></span> <span class='ocrx_word' id='word_1_61' title='bbox 893 902 1223 972; x_wconf 76' lang='grc' dir='ltr'><strong>προσώπου</strong></span> <span class='ocrx_word' id='word_1_62' title='bbox 1241 919 1360 959; x_wconf 89' lang='grc' dir='ltr'><strong>σου</strong></span> <span class='ocrx_word' id='word_1_63' title='bbox 1375 906 1494 960; x_wconf 79' lang='grc' dir='ltr'>ποῦ</span> <span class='ocrx_word' id='word_1_64' title='bbox 1520 906 1689 976; x_wconf 72' lang='grc' dir='ltr'>φύγω</span> <span class='ocrx_word' id='word_1_65' title='bbox 1702 924 1721 971; x_wconf 93' lang='grc'><strong><em>;</em></strong></span> <span class='ocrx_word' id='word_1_66' title='bbox 1753 924 1772 958; x_wconf 75' lang='grc' dir='ltr'><strong>ι</strong></span> 
     </span>
    </p>
   </div>
   <div class='ocr_carea' id='block_1_10' title="bbox 195 990 1777 1064">
    <p class='ocr_par' dir='ltr' id='par_1_10' title="bbox 195 990 1777 1064">
     <span class='ocr_line' id='line_1_10' title="bbox 195 990 1777 1064; baseline 0.003 -20"><span class='ocrx_word' id='word_1_67' title='bbox 195 990 504 1062; x_wconf 76' lang='grc' dir='ltr'>Βρόσωπον</span> <span class='ocrx_word' id='word_1_68' title='bbox 559 992 618 1046; x_wconf 71' lang='grc' dir='ltr'>δὲ</span> <span class='ocrx_word' id='word_1_69' title='bbox 671 992 768 1047; x_wconf 82' lang='grc' dir='ltr'>τοῦ</span> <span class='ocrx_word' id='word_1_70' title='bbox 802 994 1019 1064; x_wconf 82' lang='grc' dir='ltr'>Πατρὸς</span> <span class='ocrx_word' id='word_1_71' title='bbox 1074 994 1104 1047; x_wconf 95' lang='lat'><strong>6</strong></span> <span class='ocrx_word' id='word_1_72' title='bbox 1157 991 1326 1060; x_wconf 88' lang='grc' dir='ltr'><strong>Υίός.¹</strong></span> <span class='ocrx_word' id='word_1_73' title='bbox 1353 1013 1373 1048; x_wconf 79' lang='grc' dir='ltr'><strong>ι</strong></span> <span class='ocrx_word' id='word_1_74' title='bbox 1420 995 1483 1051; x_wconf 82' lang='lat'><strong>&#39;0</strong></span> <span class='ocrx_word' id='word_1_75' title='bbox 1506 996 1777 1064; x_wconf 69' lang='grc' dir='ltr'>ἑωρακὼς</span> 
     </span>
    </p>
   </div>
   <div class='ocr_carea' id='block_1_11' title="bbox 195 1079 1772 1156">
    <p class='ocr_par' dir='ltr' id='par_1_11' title="bbox 195 1079 1772 1156">
     <span class='ocr_line' id='line_1_11' title="bbox 195 1079 1772 1156; baseline 0.003 -24"><span class='ocrx_word' id='word_1_76' title='bbox 195 1081 313 1149; x_wconf 69' lang='grc' dir='ltr'>γὰρ</span> <span class='ocrx_word' id='word_1_77' title='bbox 343 1079 474 1149; x_wconf 71' lang='grc' dir='ltr'>ἐμὲ,</span> <span class='ocrx_word' id='word_1_78' title='bbox 510 1098 530 1132; x_wconf 70' lang='grc' dir='ltr'><strong>ι</strong></span> <span class='ocrx_word' id='word_1_79' title='bbox 566 1081 756 1150; x_wconf 74' lang='grc' dir='ltr'>φησὶν,</span> <span class='ocrx_word' id='word_1_80' title='bbox 794 1101 812 1133; x_wconf 86' lang='lat' dir='ltr'><strong>s</strong></span> <span class='ocrx_word' id='word_1_81' title='bbox 866 1082 1089 1151; x_wconf 68' lang='grc' dir='ltr'>ἑώρακε</span> <span class='ocrx_word' id='word_1_82' title='bbox 1136 1083 1246 1138; x_wconf 73' lang='grc' dir='ltr'>τὸν</span> <span class='ocrx_word' id='word_1_83' title='bbox 1295 1085 1528 1156; x_wconf 77' lang='grc' dir='ltr'>Πατέρα</span> <span class='ocrx_word' id='word_1_84' title='bbox 1566 1102 1711 1153; x_wconf 85' lang='grc' dir='ltr'>μου.</span> <span class='ocrx_word' id='word_1_85' title='bbox 1752 1104 1772 1137; x_wconf 85' lang='lat' dir='ltr'><strong>s</strong></span> 
     </span>
    </p>
   </div>
   <div class='ocr_carea' id='block_1_12' title="bbox 197 1170 1776 1248">
    <p class='ocr_par' dir='ltr' id='par_1_12' title="bbox 197 1170 1776 1248">
     <span class='ocr_line' id='line_1_12' title="bbox 197 1170 1776 1248; baseline 0.003 -22"><span class='ocrx_word' id='word_1_86' title='bbox 197 1170 278 1226; x_wconf 79' lang='lat' dir='ltr'><strong><em>T6</em></strong></span> <span class='ocrx_word' id='word_1_87' title='bbox 301 1170 359 1224; x_wconf 65' lang='grc' dir='ltr'>δὲ</span> <span class='ocrx_word' id='word_1_88' title='bbox 389 1176 588 1241; x_wconf 71' lang='grc' dir='ltr'>μικρὸν</span> <span class='ocrx_word' id='word_1_89' title='bbox 614 1171 842 1246; x_wconf 76' lang='grc' dir='ltr'>ὕστερον</span> <span class='ocrx_word' id='word_1_90' title='bbox 874 1176 903 1228; x_wconf 91' lang='lat'><strong>6</strong></span> <span class='ocrx_word' id='word_1_91' title='bbox 935 1175 1092 1244; x_wconf 80' lang='grc' dir='ltr'><strong>λόγος</strong></span> <span class='ocrx_word' id='word_1_92' title='bbox 1112 1176 1390 1241; x_wconf 74' lang='grc' dir='ltr'><strong>ἀποδείξει</strong></span> <span class='ocrx_word' id='word_1_93' title='bbox 1423 1178 1776 1248; x_wconf 76' lang='grc' dir='ltr'><strong>τρανότερον.</strong></span> 
     </span>
    </p>
   </div>
   <div class='ocr_carea' id='block_1_13' title="bbox 194 1259 1780 1336">
    <p class='ocr_par' dir='ltr' id='par_1_13' title="bbox 194 1259 1780 1336">
     <span class='ocr_line' id='line_1_13' title="bbox 194 1259 1780 1336; baseline 0.004 -21"><span class='ocrx_word' id='word_1_94' title='bbox 194 1259 423 1316; x_wconf 78' lang='grc' dir='ltr'>τούτων</span> <span class='ocrx_word' id='word_1_95' title='bbox 455 1261 602 1316; x_wconf 78' lang='grc' dir='ltr'>οὕτω</span> <span class='ocrx_word' id='word_1_96' title='bbox 660 1265 773 1325; x_wconf 78' lang='grc' dir='ltr'>τοῖς</span> <span class='ocrx_word' id='word_1_97' title='bbox 807 1265 942 1318; x_wconf 81' lang='grc' dir='ltr'>πᾶσι</span> <span class='ocrx_word' id='word_1_98' title='bbox 999 1267 1444 1336; x_wconf 79' lang='grc' dir='ltr'>γινωσκομένων,</span> <span class='ocrx_word' id='word_1_99' title='bbox 1497 1267 1665 1322; x_wconf 84' lang='grc' dir='ltr'>πόθεν</span> <span class='ocrx_word' id='word_1_100' title='bbox 1713 1268 1780 1321; x_wconf 80' lang='grc' dir='ltr'>ἂν</span> 
     </span>
    </p>
   </div>
   <div class='ocr_carea' id='block_1_14' title="bbox 194 1346 1780 1431">
    <p class='ocr_par' dir='ltr' id='par_1_14' title="bbox 194 1346 1780 1431">
     <span class='ocr_line' id='line_1_14' title="bbox 194 1346 1780 1431; baseline 0.005 -27"><span class='ocrx_word' id='word_1_101' title='bbox 194 1346 316 1422; x_wconf 79' lang='grc' dir='ltr'>εῐχε</span> <span class='ocrx_word' id='word_1_102' title='bbox 358 1354 460 1424; x_wconf 80' lang='grc' dir='ltr'>τὴν</span> <span class='ocrx_word' id='word_1_103' title='bbox 514 1354 660 1408; x_wconf 85' lang='grc' dir='ltr'><strong>κατά</strong></span> <span class='ocrx_word' id='word_1_104' title='bbox 706 1354 808 1426; x_wconf 80' lang='grc' dir='ltr'>τὴν</span> <span class='ocrx_word' id='word_1_105' title='bbox 845 1357 1231 1428; x_wconf 81' lang='grc' dir='ltr'><strong>ἀπαρίθμησιν</strong></span> <span class='ocrx_word' id='word_1_106' title='bbox 1286 1359 1780 1431; x_wconf 74' lang='grc' dir='ltr'>τάξινινάλλαγὴν</span> 
     </span>
    </p>
   </div>
   <div class='ocr_carea' id='block_1_15' title="bbox 196 1441 1781 1519">
    <p class='ocr_par' dir='ltr' id='par_1_15' title="bbox 196 1441 1781 1519">
     <span class='ocr_line' id='line_1_15' title="bbox 196 1441 1781 1519; baseline 0.006 -24"><span class='ocrx_word' id='word_1_107' title='bbox 196 1441 310 1518; x_wconf 71' lang='grc' dir='ltr'>τῷν</span> <span class='ocrx_word' id='word_1_108' title='bbox 339 1443 626 1513; x_wconf 81' lang='grc' dir='ltr'><strong>ὀνομάτων</strong></span> <span class='ocrx_word' id='word_1_109' title='bbox 650 1446 923 1511; x_wconf 76' lang='grc' dir='ltr'><strong>κακίζειν,</strong></span> <span class='ocrx_word' id='word_1_110' title='bbox 957 1447 1215 1502; x_wconf 77' lang='grc' dir='ltr'>ἀσέϐειάν</span> <span class='ocrx_word' id='word_1_111' title='bbox 1239 1465 1298 1501; x_wconf 88' lang='grc' dir='ltr'><strong>τε</strong></span> <span class='ocrx_word' id='word_1_112' title='bbox 1334 1449 1542 1519; x_wconf 86' lang='grc' dir='ltr'>ταύτην</span> <span class='ocrx_word' id='word_1_113' title='bbox 1569 1451 1781 1505; x_wconf 87' lang='grc' dir='ltr'>ἀποκα-</span> 
     </span>
    </p>
   </div>
   <div class='ocr_carea' id='block_1_16' title="bbox 194 1531 1782 1613">
    <p class='ocr_par' dir='ltr' id='par_1_16' title="bbox 194 1531 1782 1613">
     <span class='ocr_line' id='line_1_16' title="bbox 194 1531 1782 1613; baseline 0.008 -28"><span class='ocrx_word' id='word_1_114' title='bbox 194 1531 335 1596; x_wconf 84' lang='grc' dir='ltr'>λεῖν,</span> <span class='ocrx_word' id='word_1_115' title='bbox 385 1534 484 1587; x_wconf 62' lang='grc' dir='ltr'><strong>καὶ⁵</strong></span> <span class='ocrx_word' id='word_1_116' title='bbox 532 1537 631 1603; x_wconf 85' lang='grc' dir='ltr'>τῆς</span> <span class='ocrx_word' id='word_1_117' title='bbox 684 1536 1039 1610; x_wconf 77' lang='grc' dir='ltr'><strong>ὑγιαινούσης</strong></span> <span class='ocrx_word' id='word_1_118' title='bbox 1089 1538 1327 1605; x_wconf 87' lang='grc' dir='ltr'>πίστεως</span> <span class='ocrx_word' id='word_1_119' title='bbox 1370 1542 1722 1613; x_wconf 78' lang='grc' dir='ltr'><strong>ἀλλοτρίωσιν</strong></span> <span class='ocrx_word' id='word_1_120' title='bbox 1753 1546 1782 1598; x_wconf 88' lang='lat'><strong>6</strong></span> 
     </span>
    </p>
   </div>
   <div class='ocr_carea' id='block_1_17' title="bbox 194 1623 1777 1705">
    <p class='ocr_par' dir='ltr' id='par_1_17' title="bbox 194 1623 1777 1705">
     <span class='ocr_line' id='line_1_17' title="bbox 194 1623 1777 1705; baseline 0.008 -30"><span class='ocrx_word' id='word_1_121' title='bbox 194 1623 300 1694; x_wconf 76' lang='grc' dir='ltr'>τὴν</span> <span class='ocrx_word' id='word_1_122' title='bbox 324 1625 468 1688; x_wconf 75' lang='grc' dir='ltr'><strong>κατά</strong></span> <span class='ocrx_word' id='word_1_123' title='bbox 492 1625 732 1696; x_wconf 73' lang='grc' dir='ltr'>Χριστὸν</span> <span class='ocrx_word' id='word_1_124' title='bbox 762 1628 1015 1682; x_wconf 74' lang='grc' dir='ltr'><strong>παιδείαν</strong></span> <span class='ocrx_word' id='word_1_125' title='bbox 1045 1630 1316 1690; x_wconf 69' lang='grc' dir='ltr'>ἐπέκεινα,</span> <span class='ocrx_word' id='word_1_126' title='bbox 1336 1631 1556 1686; x_wconf 88' lang='grc' dir='ltr'>πάντων</span> <span class='ocrx_word' id='word_1_127' title='bbox 1593 1632 1777 1705; x_wconf 70' lang='grc' dir='ltr'>μαθηο</span> 
     </span>
    </p>
   </div>
   <div class='ocr_carea' id='block_1_18' title="bbox 197 1713 1783 1793">
    <p class='ocr_par' dir='ltr' id='par_1_18' title="bbox 197 1713 1783 1793">
     <span class='ocr_line' id='line_1_18' title="bbox 197 1713 1783 1793; baseline 0.008 -27"><span class='ocrx_word' id='word_1_128' title='bbox 197 1713 440 1780; x_wconf 76' lang='grc' dir='ltr'>τευθεὶς,</span> <span class='ocrx_word' id='word_1_129' title='bbox 505 1717 604 1771; x_wconf 81' lang='grc' dir='ltr'>καὶ</span> <span class='ocrx_word' id='word_1_130' title='bbox 653 1717 862 1788; x_wconf 87' lang='grc' dir='ltr'>ταύτην</span> <span class='ocrx_word' id='word_1_131' title='bbox 895 1719 1142 1791; x_wconf 78' lang='grc' dir='ltr'>ἀκριϐῶς</span> <span class='ocrx_word' id='word_1_132' title='bbox 1195 1722 1527 1793; x_wconf 78' lang='grc' dir='ltr'>ἑξασκήσας,</span> <span class='ocrx_word' id='word_1_133' title='bbox 1578 1724 1655 1789; x_wconf 81' lang='grc' dir='ltr'>ὡς</span> <span class='ocrx_word' id='word_1_134' title='bbox 1685 1726 1783 1779; x_wconf 80' lang='grc' dir='ltr'>καὶ</span> 
     </span>
    </p>
   </div>
   <div class='ocr_carea' id='block_1_19' title="bbox 200 1806 1783 1884">
    <p class='ocr_par' dir='ltr' id='par_1_19' title="bbox 200 1806 1783 1884">
     <span class='ocr_line' id='line_1_19' title="bbox 200 1806 1783 1884; baseline -0.003 -23"><span class='ocrx_word' id='word_1_135' title='bbox 200 1807 323 1870; x_wconf 75' lang='grc' dir='ltr'>τοῖς</span> <span class='ocrx_word' id='word_1_136' title='bbox 348 1806 532 1871; x_wconf 63' lang='grc' dir='ltr'>ἄλλοις</span> <span class='ocrx_word' id='word_1_137' title='bbox 559 1808 817 1877; x_wconf 81' lang='grc' dir='ltr'>γενέσθαι</span> <span class='ocrx_word' id='word_1_138' title='bbox 849 1811 1196 1877; x_wconf 84' lang='grc' dir='ltr'>διδάσκαλος,</span> <span class='ocrx_word' id='word_1_139' title='bbox 1229 1813 1273 1865; x_wconf 58' lang='grc' dir='ltr'>όκ</span> <span class='ocrx_word' id='word_1_140' title='bbox 1299 1813 1467 1883; x_wconf 73' lang='grc' dir='ltr'>μηδὲν</span> <span class='ocrx_word' id='word_1_141' title='bbox 1489 1814 1588 1883; x_wconf 74' lang='grc' dir='ltr'>τῆς</span> <span class='ocrx_word' id='word_1_142' title='bbox 1615 1817 1783 1884; x_wconf 74' lang='grc' dir='ltr'>εὐαγ-</span> 
     </span>
    </p>
   </div>
   <div class='ocr_carea' id='block_1_20' title="bbox 200 1897 1814 1967">
    <p class='ocr_par' dir='ltr' id='par_1_20' title="bbox 200 1897 1814 1967">
     <span class='ocr_line' id='line_1_20' title="bbox 200 1897 1814 1967; baseline 0.006 -17"><span class='ocrx_word' id='word_1_143' title='bbox 200 1897 433 1967; x_wconf 77' lang='grc' dir='ltr'>γελικῆς</span> <span class='ocrx_word' id='word_1_144' title='bbox 462 1899 742 1965; x_wconf 86' lang='grc' dir='ltr'>πυκτίδος,</span> <span class='ocrx_word' id='word_1_145' title='bbox 777 1903 874 1954; x_wconf 79' lang='grc' dir='ltr'>καὶ</span> <span class='ocrx_word' id='word_1_146' title='bbox 907 1903 1018 1956; x_wconf 85' lang='grc' dir='ltr'><strong>τῶν</strong></span> <span class='ocrx_word' id='word_1_147' title='bbox 1051 1904 1269 1958; x_wconf 86' lang='grc' dir='ltr'>σεπτῶν</span> <span class='ocrx_word' id='word_1_148' title='bbox 1291 1905 1599 1965; x_wconf 72' lang='grc' dir='ltr'>ἐπιστολῶν</span> <span class='ocrx_word' id='word_1_149' title='bbox 1625 1907 1781 1961; x_wconf 81' lang='grc' dir='ltr'>Παύο</span> <span class='ocrx_word' id='word_1_150' title='bbox 1810 1913 1814 1949; x_wconf 78' lang='grc' dir='ltr'><strong><em>ἲ</em></strong></span> 
     </span>
    </p>
   </div>
   <div class='ocr_carea' id='block_1_21' title="bbox 202 1985 1777 2070">
    <p class='ocr_par' dir='ltr' id='par_1_21' title="bbox 202 1985 1777 2070">
     <span class='ocr_line' id='line_1_21' title="bbox 202 1985 1777 2070; baseline 0.01 -31"><span class='ocrx_word' id='word_1_151' title='bbox 202 1985 305 2040; x_wconf 82' lang='grc' dir='ltr'><strong>λου</strong></span> <span class='ocrx_word' id='word_1_152' title='bbox 341 1989 436 2041; x_wconf 82' lang='grc' dir='ltr'><strong>τοῦ</strong></span> <span class='ocrx_word' id='word_1_153' title='bbox 468 1989 813 2062; x_wconf 78' lang='grc' dir='ltr'>θεοκήρυκος</span> <span class='ocrx_word' id='word_1_154' title='bbox 836 1993 989 2062; x_wconf 88' lang='grc' dir='ltr'><strong>παρά</strong></span> <span class='ocrx_word' id='word_1_155' title='bbox 1024 1995 1202 2050; x_wconf 88' lang='grc' dir='ltr'>πάντα</span> <span class='ocrx_word' id='word_1_156' title='bbox 1229 1997 1321 2050; x_wconf 84' lang='grc' dir='ltr'>τὸν</span> <span class='ocrx_word' id='word_1_157' title='bbox 1355 1997 1472 2066; x_wconf 85' lang='grc' dir='ltr'>βίον</span> <span class='ocrx_word' id='word_1_158' title='bbox 1512 1999 1777 2070; x_wconf 81' lang='grc' dir='ltr'>προτιμό·</span> 
     </span>
    </p>
   </div>
   <div class='ocr_carea' id='block_1_22' title="bbox 203 2080 1782 2158">
    <p class='ocr_par' dir='ltr' id='par_1_22' title="bbox 203 2080 1782 2158">
     <span class='ocr_line' id='line_1_22' title="bbox 203 2080 1782 2158; baseline 0.009 -28"><span class='ocrx_word' id='word_1_159' title='bbox 203 2093 366 2146; x_wconf 73' lang='grc' dir='ltr'>τερον</span> <span class='ocrx_word' id='word_1_160' title='bbox 418 2080 813 2151; x_wconf 74' lang='grc' dir='ltr'>ἡγησάμενος;</span> <span class='ocrx_word' id='word_1_161' title='bbox 844 2084 953 2137; x_wconf 83' lang='grc' dir='ltr'>τῶν</span> <span class='ocrx_word' id='word_1_162' title='bbox 983 2084 1042 2138; x_wconf 68' lang='grc' dir='ltr'>δὲ</span> <span class='ocrx_word' id='word_1_163' title='bbox 1079 2088 1385 2141; x_wconf 80' lang='grc' dir='ltr'>Δαυῖδικῶν</span> <span class='ocrx_word' id='word_1_164' title='bbox 1441 2089 1691 2158; x_wconf 77' lang='grc' dir='ltr'>Ψαλμῶν</span> <span class='ocrx_word' id='word_1_165' title='bbox 1721 2089 1782 2144; x_wconf 88' lang='grc' dir='ltr'><strong>τδ</strong></span> 
     </span>
    </p>
   </div>
   <div class='ocr_carea' id='block_1_23' title="bbox 203 2165 1782 2251">
    <p class='ocr_par' dir='ltr' id='par_1_23' title="bbox 203 2165 1782 2251">
     <span class='ocr_line' id='line_1_23' title="bbox 203 2165 1782 2251; baseline 0.013 -33"><span class='ocrx_word' id='word_1_166' title='bbox 203 2165 372 2237; x_wconf 78' lang='grc' dir='ltr'>βάθος</span> <span class='ocrx_word' id='word_1_167' title='bbox 405 2169 719 2239; x_wconf 67' lang='grc' dir='ltr'>ἑξιχνιάσας</span> <span class='ocrx_word' id='word_1_168' title='bbox 759 2173 861 2227; x_wconf 76' lang='grc' dir='ltr'>οὐκ</span> <span class='ocrx_word' id='word_1_169' title='bbox 907 2175 1138 2239; x_wconf 80' lang='grc' dir='ltr'>ἀπεικὸς</span> <span class='ocrx_word' id='word_1_170' title='bbox 1190 2177 1266 2240; x_wconf 84' lang='grc' dir='ltr'>ὼς</span> <span class='ocrx_word' id='word_1_171' title='bbox 1295 2181 1495 2249; x_wconf 78' lang='grc' dir='ltr'>ἄριστα</span> <span class='ocrx_word' id='word_1_172' title='bbox 1547 2180 1782 2251; x_wconf 81' lang='grc' dir='ltr'>διερμη-</span> 
     </span>
    </p>
   </div>
   <div class='ocr_carea' id='block_1_24' title="bbox 202 2259 1783 2340">
    <p class='ocr_par' dir='ltr' id='par_1_24' title="bbox 202 2259 1783 2340">
     <span class='ocr_line' id='line_1_24' title="bbox 202 2259 1783 2340; baseline 0.008 -26"><span class='ocrx_word' id='word_1_173' title='bbox 202 2259 392 2314; x_wconf 84' lang='grc' dir='ltr'>νεῦσαι</span> <span class='ocrx_word' id='word_1_174' title='bbox 427 2262 522 2313; x_wconf 81' lang='grc' dir='ltr'>καὶ</span> <span class='ocrx_word' id='word_1_175' title='bbox 555 2264 624 2316; x_wconf 82' lang='grc' dir='ltr'><strong>τά</strong></span> <span class='ocrx_word' id='word_1_176' title='bbox 655 2263 792 2325; x_wconf 81' lang='grc' dir='ltr'>τέως</span> <span class='ocrx_word' id='word_1_177' title='bbox 817 2263 1026 2320; x_wconf 79' lang='grc' dir='ltr'>τούτων</span> <span class='ocrx_word' id='word_1_178' title='bbox 1053 2267 1317 2323; x_wconf 81' lang='grc' dir='ltr'>δοκοῦντα</span> <span class='ocrx_word' id='word_1_179' title='bbox 1348 2271 1651 2340; x_wconf 77' lang='grc' dir='ltr'>δυσέφικτα</span> <span class='ocrx_word' id='word_1_180' title='bbox 1671 2274 1783 2337; x_wconf 86' lang='grc' dir='ltr'>τοῖς</span> 
     </span>
    </p>
   </div>
   <div class='ocr_carea' id='block_1_25' title="bbox 202 2345 1785 2431">
    <p class='ocr_par' dir='ltr' id='par_1_25' title="bbox 202 2345 1785 2431">
     <span class='ocr_line' id='line_1_25' title="bbox 202 2345 1785 2431; baseline 0.008 -28"><span class='ocrx_word' id='word_1_181' title='bbox 202 2351 442 2415; x_wconf 74' lang='grc' dir='ltr'>πολλοῖς.</span> <span class='ocrx_word' id='word_1_182' title='bbox 485 2345 634 2420; x_wconf 81' lang='grc' dir='ltr'>Ἐγὼ</span> <span class='ocrx_word' id='word_1_183' title='bbox 663 2355 766 2424; x_wconf 83' lang='grc' dir='ltr'>μὲν</span> <span class='ocrx_word' id='word_1_184' title='bbox 795 2355 889 2410; x_wconf 70' lang='grc' dir='ltr'>οὖν</span> <span class='ocrx_word' id='word_1_185' title='bbox 913 2358 1024 2412; x_wconf 75' lang='grc' dir='ltr'>οὔτ’</span> <span class='ocrx_word' id='word_1_186' title='bbox 1048 2359 1116 2413; x_wconf 84' lang='grc' dir='ltr'><strong>ἀν</strong></span> <span class='ocrx_word' id='word_1_187' title='bbox 1162 2360 1328 2431; x_wconf 79' lang='grc' dir='ltr'>φαίην</span> <span class='ocrx_word' id='word_1_188' title='bbox 1359 2361 1512 2425; x_wconf 68' lang='grc' dir='ltr'>ποτε,</span> <span class='ocrx_word' id='word_1_189' title='bbox 1546 2365 1653 2418; x_wconf 77' lang='grc' dir='ltr'>καὶ·</span> <span class='ocrx_word' id='word_1_190' title='bbox 1674 2364 1785 2418; x_wconf 86' lang='grc' dir='ltr'><strong>τῶν</strong></span> 
     </span>
    </p>
   </div>
   <div class='ocr_carea' id='block_1_26' title="bbox 203 2440 1783 2522">
    <p class='ocr_par' dir='ltr' id='par_1_26' title="bbox 203 2440 1783 2522">
     <span class='ocr_line' id='line_1_26' title="bbox 203 2440 1783 2522; baseline 0.009 -27"><span class='ocrx_word' id='word_1_191' title='bbox 203 2440 477 2510; x_wconf 77' lang='grc' dir='ltr'>λεγόντων</span> <span class='ocrx_word' id='word_1_192' title='bbox 508 2446 708 2510; x_wconf 79' lang='grc' dir='ltr'>οἵτινές</span> <span class='ocrx_word' id='word_1_193' title='bbox 749 2448 858 2501; x_wconf 85' lang='grc' dir='ltr'>είσι</span> <span class='ocrx_word' id='word_1_194' title='bbox 907 2452 1345 2522; x_wconf 72' lang='grc' dir='ltr'>παραφροσύνην</span> <span class='ocrx_word' id='word_1_195' title='bbox 1384 2454 1783 2522; x_wconf 84' lang='grc' dir='ltr'>καταγινώσκω</span> 
     </span>
    </p>
   </div>
   <div class='ocr_carea' id='block_1_27' title="bbox 205 2533 1784 2612">
    <p class='ocr_par' dir='ltr' id='par_1_27' title="bbox 205 2533 1784 2612">
     <span class='ocr_line' id='line_1_27' title="bbox 205 2533 1784 2612; baseline 0.009 -26"><span class='ocrx_word' id='word_1_196' title='bbox 205 2533 412 2604; x_wconf 72' lang='grc' dir='ltr'><strong>⁴πολλήν</strong></span> <span class='ocrx_word' id='word_1_197' title='bbox 440 2552 457 2567; x_wconf 77' lang='grc' dir='ltr'><strong>ο</strong></span> <span class='ocrx_word' id='word_1_198' title='bbox 494 2536 620 2590; x_wconf 67' lang='grc' dir='ltr'>ἐπεὶ</span> <span class='ocrx_word' id='word_1_199' title='bbox 647 2537 753 2591; x_wconf 84' lang='grc' dir='ltr'><strong>τῶν</strong></span> <span class='ocrx_word' id='word_1_200' title='bbox 783 2539 877 2592; x_wconf 87' lang='grc' dir='ltr'><strong>δύο</strong></span> <span class='ocrx_word' id='word_1_201' title='bbox 905 2541 1112 2595; x_wconf 87' lang='grc' dir='ltr'>τούτων</span> <span class='ocrx_word' id='word_1_202' title='bbox 1147 2541 1206 2596; x_wconf 74' lang='grc' dir='ltr'>ἓν</span> <span class='ocrx_word' id='word_1_203' title='bbox 1239 2544 1304 2612; x_wconf 90' lang='grc' dir='ltr'><strong>γέ</strong></span> <span class='ocrx_word' id='word_1_204' title='bbox 1329 2561 1381 2598; x_wconf 92' lang='grc' dir='ltr'><strong>τι</strong></span> <span class='ocrx_word' id='word_1_205' title='bbox 1403 2546 1623 2609; x_wconf 73' lang='grc' dir='ltr'>πάντως</span> <span class='ocrx_word' id='word_1_206' title='bbox 1655 2565 1784 2600; x_wconf 89' lang='grc' dir='ltr'>συν-</span> 
     </span>
    </p>
   </div>
   <div class='ocr_carea' id='block_1_28' title="bbox 205 2623 1787 2708">
    <p class='ocr_par' dir='ltr' id='par_1_28' title="bbox 205 2623 1787 2708">
     <span class='ocr_line' id='line_1_28' title="bbox 205 2623 1787 2708; baseline 0.009 -30"><span class='ocrx_word' id='word_1_207' title='bbox 205 2623 454 2692; x_wconf 83' lang='grc' dir='ltr'>άγουσιν,</span> <span class='ocrx_word' id='word_1_208' title='bbox 521 2625 556 2697; x_wconf 75' lang='grc' dir='ltr'><strong>ἢ</strong></span> <span class='ocrx_word' id='word_1_209' title='bbox 609 2628 672 2681; x_wconf 76' lang='grc' dir='ltr'>τὸ</span> <span class='ocrx_word' id='word_1_210' title='bbox 704 2629 780 2700; x_wconf 76' lang='grc' dir='ltr'>μὴ</span> <span class='ocrx_word' id='word_1_211' title='bbox 811 2640 934 2694; x_wconf 83' lang='grc' dir='ltr'>ταις</span> <span class='ocrx_word' id='word_1_212' title='bbox 989 2631 1163 2697; x_wconf 79' lang='grc' dir='ltr'>θείαις</span> <span class='ocrx_word' id='word_1_213' title='bbox 1195 2638 1422 2700; x_wconf 83' lang='grc' dir='ltr'>ταύταις</span> <span class='ocrx_word' id='word_1_214' title='bbox 1465 2636 1558 2689; x_wconf 85' lang='grc' dir='ltr'><strong>τδν</strong></span> <span class='ocrx_word' id='word_1_215' title='bbox 1611 2637 1787 2708; x_wconf 80' lang='grc' dir='ltr'>μέγαν</span> 
     </span>
    </p>
   </div>
   <div class='ocr_carea' id='block_1_29' title="bbox 204 2717 1786 2798">
    <p class='ocr_par' dir='ltr' id='par_1_29' title="bbox 204 2717 1786 2798">
     <span class='ocr_line' id='line_1_29' title="bbox 204 2717 1786 2798; baseline 0.01 -30"><span class='ocrx_word' id='word_1_216' title='bbox 204 2717 637 2789; x_wconf 65' lang='grc' dir='ltr'>ιντετυχηκέναι</span> <span class='ocrx_word' id='word_1_217' title='bbox 662 2723 1055 2794; x_wconf 81' lang='grc' dir='ltr'>φωναῖς,.ὂπερ</span> <span class='ocrx_word' id='word_1_218' title='bbox 1077 2725 1364 2793; x_wconf 87' lang='grc' dir='ltr'>ἀδύνατον,</span> <span class='ocrx_word' id='word_1_219' title='bbox 1395 2729 1455 2781; x_wconf 81' lang='grc' dir='ltr'><strong>οὺ</strong></span> <span class='ocrx_word' id='word_1_220' title='bbox 1477 2731 1586 2798; x_wconf 85' lang='grc' dir='ltr'><strong>γάρ</strong></span> <span class='ocrx_word' id='word_1_221' title='bbox 1603 2729 1668 2783; x_wconf 80' lang='grc' dir='ltr'><strong>ἀν</strong></span> <span class='ocrx_word' id='word_1_222' title='bbox 1695 2731 1786 2785; x_wconf 80' lang='grc' dir='ltr'>τὸν</span> 
     </span>
    </p>
   </div>
   <div class='ocr_carea' id='block_1_30' title="bbox 208 2800 1787 2886">
    <p class='ocr_par' dir='ltr' id='par_1_30' title="bbox 208 2800 1787 2886">
     <span class='ocr_line' id='line_1_30' title="bbox 208 2800 1787 2886; baseline 0.009 -26"><span class='ocrx_word' id='word_1_223' title='bbox 208 2807 463 2870; x_wconf 69' lang='grc' dir='ltr'>τοσοῦτον</span> <span class='ocrx_word' id='word_1_224' title='bbox 492 2827 557 2862; x_wconf 87' lang='grc' dir='ltr'>πε</span> <span class='ocrx_word' id='word_1_225' title='bbox 567 2809 620 2879; x_wconf 63' lang='lat' dir='ltr'><strong>pi</strong></span> <span class='ocrx_word' id='word_1_226' title='bbox 642 2800 740 2880; x_wconf 82' lang='grc' dir='ltr'>τὴν</span> <span class='ocrx_word' id='word_1_227' title='bbox 765 2813 873 2866; x_wconf 86' lang='grc' dir='ltr'><strong>τῶν</strong></span> <span class='ocrx_word' id='word_1_228' title='bbox 898 2814 1060 2886; x_wconf 81' lang='grc' dir='ltr'>ίερῶν</span> <span class='ocrx_word' id='word_1_229' title='bbox 1082 2816 1298 2885; x_wconf 80' lang='grc' dir='ltr'>Λογίων</span> <span class='ocrx_word' id='word_1_230' title='bbox 1317 2817 1568 2883; x_wconf 69' lang='grc' dir='ltr'>ἑξέτασιν</span> <span class='ocrx_word' id='word_1_231' title='bbox 1588 2823 1641 2874; x_wconf 75' lang='lat' dir='ltr'><strong>ei</strong></span> <span class='ocrx_word' id='word_1_232' title='bbox 1661 2821 1787 2875; x_wconf 77' lang='grc' dir='ltr'>καθ’</span> 
     </span>
    </p>
   </div>
   <div class='ocr_carea' id='block_1_31' title="bbox 205 2897 1788 2983">
    <p class='ocr_par' dir='ltr' id='par_1_31' title="bbox 205 2897 1788 2983">
     <span class='ocr_line' id='line_1_31' title="bbox 205 2897 1788 2983; baseline 0.008 -30"><span class='ocrx_word' id='word_1_233' title='bbox 205 2897 449 2970; x_wconf 69' lang='grc' dir='ltr'>ικάστην</span> <span class='ocrx_word' id='word_1_234' title='bbox 489 2899 676 2969; x_wconf 81' lang='grc' dir='ltr'>σχεδὸν</span> <span class='ocrx_word' id='word_1_235' title='bbox 706 2901 793 2955; x_wconf 73' lang='lat' dir='ltr'><strong>in’</strong></span> <span class='ocrx_word' id='word_1_236' title='bbox 834 2903 1138 2975; x_wconf 68' lang='grc' dir='ltr'>δκκλησίας</span> <span class='ocrx_word' id='word_1_237' title='bbox 1166 2909 1248 2971; x_wconf 86' lang='grc' dir='ltr'><strong>είς</strong></span> <span class='ocrx_word' id='word_1_238' title='bbox 1297 2909 1484 2980; x_wconf 77' lang='grc' dir='ltr'>κοινὴν</span> <span class='ocrx_word' id='word_1_239' title='bbox 1519 2913 1788 2983; x_wconf 80' lang='grc' dir='ltr'>ἀκρόασιν</span> 
     </span>
    </p>
   </div>
   <div class='ocr_carea' id='block_1_32' title="bbox 209 2987 1786 3071">
    <p class='ocr_par' dir='ltr' id='par_1_32' title="bbox 209 2987 1786 3071">
     <span class='ocr_line' id='line_1_32' title="bbox 209 2987 1786 3071; baseline 0.01 -30"><span class='ocrx_word' id='word_1_240' title='bbox 209 2987 733 3060; x_wconf 82' lang='grc' dir='ltr'>ἀναγινωσκόμεναι</span> <span class='ocrx_word' id='word_1_241' title='bbox 772 2995 964 3066; x_wconf 72' lang='grc' dir='ltr'>ῥήσεις</span> <span class='ocrx_word' id='word_1_242' title='bbox 1010 2996 1281 3061; x_wconf 81' lang='grc' dir='ltr'>διέλαθον,</span> <span class='ocrx_word' id='word_1_243' title='bbox 1314 2999 1346 3069; x_wconf 78' lang='grc' dir='ltr'>ἢ</span> <span class='ocrx_word' id='word_1_244' title='bbox 1375 3000 1434 3052; x_wconf 78' lang='grc' dir='ltr'>τὸ</span> <span class='ocrx_word' id='word_1_245' title='bbox 1467 3002 1611 3055; x_wconf 87' lang='grc' dir='ltr'><strong>κατά</strong></span> <span class='ocrx_word' id='word_1_246' title='bbox 1640 3003 1786 3071; x_wconf 78' lang='grc' dir='ltr'>γνώο</span> 
     </span>
    </p>
   </div>
   <div class='ocr_carea' id='block_1_33' title="bbox 212 3081 1787 3157">
    <p class='ocr_par' dir='ltr' id='par_1_33' title="bbox 212 3081 1787 3157">
     <span class='ocr_line' id='line_1_33' title="bbox 212 3081 1787 3157; baseline 0.01 -25"><span class='ocrx_word' id='word_1_247' title='bbox 212 3097 326 3152; x_wconf 83' lang='grc' dir='ltr'><strong>μην</strong></span> <span class='ocrx_word' id='word_1_248' title='bbox 357 3081 459 3154; x_wconf 74' lang='grc' dir='ltr'>τὴν</span> <span class='ocrx_word' id='word_1_249' title='bbox 504 3085 757 3137; x_wconf 63' lang='grc' dir='ltr'>ἐναντίαν</span> <span class='ocrx_word' id='word_1_250' title='bbox 784 3087 1000 3148; x_wconf 79' lang='grc' dir='ltr'>τούτοις</span> <span class='ocrx_word' id='word_1_251' title='bbox 1033 3087 1273 3157; x_wconf 76' lang='grc' dir='ltr'>βαδίζειν</span> <span class='ocrx_word' id='word_1_252' title='bbox 1320 3091 1506 3146; x_wconf 82' lang='grc' dir='ltr'>αὐτόν.</span> <span class='ocrx_word' id='word_1_253' title='bbox 1538 3093 1648 3147; x_wconf 79' lang='grc' dir='ltr'><strong>Καὶ</strong></span> <span class='ocrx_word' id='word_1_254' title='bbox 1683 3093 1787 3147; x_wconf 83' lang='grc' dir='ltr'><strong>ποῦ</strong></span> 
     </span>
    </p>
   </div>
   <div class='ocr_carea' id='block_1_34' title="bbox 1876 628 3459 696">
    <p class='ocr_par' dir='ltr' id='par_1_34' title="bbox 1876 628 3459 696">
     <span class='ocr_line' id='line_1_34' title="bbox 1876 628 3459 696; baseline 0 -14"><span class='ocrx_word' id='word_1_255' title='bbox 1876 629 1990 684; x_wconf 87' lang='lat' dir='ltr'><strong>cies</strong></span> <span class='ocrx_word' id='word_1_256' title='bbox 2018 639 2202 684; x_wconf 76' lang='lat' dir='ltr'><strong>ru&#39;em</strong></span> <span class='ocrx_word' id='word_1_257' title='bbox 2237 630 2411 686; x_wconf 79' lang='lat' dir='ltr'><strong>Patris</strong></span> <span class='ocrx_word' id='word_1_258' title='bbox 2438 628 2613 687; x_wconf 85' lang='lat' dir='ltr'><strong>Filius</strong></span> <span class='ocrx_word' id='word_1_259' title='bbox 2637 639 2722 685; x_wconf 87' lang='lat' dir='ltr'><strong>est</strong></span> <span class='ocrx_word' id='word_1_260' title='bbox 2748 647 2762 684; x_wconf 91' lang='lat'><strong>:</strong></span> <span class='ocrx_word' id='word_1_261' title='bbox 2802 647 2821 682; x_wconf 81' lang='grc' dir='ltr'><strong>ι</strong></span> <span class='ocrx_word' id='word_1_262' title='bbox 2850 630 2959 696; x_wconf 79' lang='lat' dir='ltr'><strong>Qui</strong></span> <span class='ocrx_word' id='word_1_263' title='bbox 2987 630 3126 684; x_wconf 74' lang='lat' dir='ltr'><strong>enim</strong></span> <span class='ocrx_word' id='word_1_264' title='bbox 3151 628 3282 684; x_wconf 77' lang='lat' dir='ltr'><strong>sidit</strong></span> <span class='ocrx_word' id='word_1_265' title='bbox 3307 646 3410 693; x_wconf 79' lang='lat' dir='ltr'><strong>me,</strong></span> <span class='ocrx_word' id='word_1_266' title='bbox 3439 649 3459 682; x_wconf 83' lang='lat' dir='ltr'><strong>s</strong></span> 
     </span>
    </p>
   </div>
   <div class='ocr_carea' id='block_1_35' title="bbox 1879 709 3466 790">
    <p class='ocr_par' dir='ltr' id='par_1_35' title="bbox 1879 709 3466 790">
     <span class='ocr_line' id='line_1_35' title="bbox 1879 709 3466 790; baseline 0.004 -20"><span class='ocrx_word' id='word_1_267' title='bbox 1879 709 2078 788; x_wconf 84' lang='lat' dir='ltr'><strong>inquit,</strong></span> <span class='ocrx_word' id='word_1_268' title='bbox 2135 737 2154 770; x_wconf 84' lang='lat' dir='ltr'><strong>s</strong></span> <span class='ocrx_word' id='word_1_269' title='bbox 2191 721 2321 774; x_wconf 74' lang='lat' dir='ltr'><strong>sidit</strong></span> <span class='ocrx_word' id='word_1_270' title='bbox 2363 729 2415 775; x_wconf 89' lang='lat' dir='ltr'><strong>et</strong></span> <span class='ocrx_word' id='word_1_271' title='bbox 2451 720 2665 775; x_wconf 83' lang='lat' dir='ltr'><strong>Patrem</strong></span> <span class='ocrx_word' id='word_1_272' title='bbox 2693 733 2877 776; x_wconf 62' lang='lat' dir='ltr'><strong>meum</strong></span> <span class='ocrx_word' id='word_1_273' title='bbox 2912 722 2981 775; x_wconf 77' lang='lat'><strong>&quot;.</strong></span> <span class='ocrx_word' id='word_1_274' title='bbox 3017 741 3037 774; x_wconf 74' lang='grc' dir='ltr'><strong>ι</strong></span> <span class='ocrx_word' id='word_1_275' title='bbox 3100 720 3256 787; x_wconf 84' lang='lat' dir='ltr'><strong>Quod</strong></span> <span class='ocrx_word' id='word_1_276' title='bbox 3303 724 3466 790; x_wconf 86' lang='lat' dir='ltr'><strong>paulo</strong></span> 
     </span>
    </p>
   </div>
   <div class='ocr_carea' id='block_1_36' title="bbox 1877 809 3469 879">
    <p class='ocr_par' dir='ltr' id='par_1_36' title="bbox 1877 809 3469 879">
     <span class='ocr_line' id='line_1_36' title="bbox 1877 809 3469 879; baseline 0.004 -18"><span class='ocrx_word' id='word_1_277' title='bbox 1877 817 2002 879; x_wconf 86' lang='lat' dir='ltr'><strong>post</strong></span> <span class='ocrx_word' id='word_1_278' title='bbox 2023 809 2200 865; x_wconf 80' lang='lat' dir='ltr'><strong>oratio</strong></span> <span class='ocrx_word' id='word_1_279' title='bbox 2243 812 2446 867; x_wconf 84' lang='lat' dir='ltr'><strong>clarius</strong></span> <span class='ocrx_word' id='word_1_280' title='bbox 2480 810 2899 867; x_wconf 81' lang='lat' dir='ltr'><strong>demonstrabit.</strong></span> <span class='ocrx_word' id='word_1_281' title='bbox 2941 811 3069 868; x_wconf 73' lang='lat' dir='ltr'><strong>Haec</strong></span> <span class='ocrx_word' id='word_1_282' title='bbox 3102 828 3227 867; x_wconf 90' lang='lat' dir='ltr'><strong>cum</strong></span> <span class='ocrx_word' id='word_1_283' title='bbox 3260 814 3337 868; x_wconf 86' lang='lat' dir='ltr'><strong>ita</strong></span> <span class='ocrx_word' id='word_1_284' title='bbox 3369 812 3469 868; x_wconf 78' lang='lat' dir='ltr'><strong>de-</strong></span> 
     </span>
    </p>
   </div>
   <div class='ocr_carea' id='block_1_37' title="bbox 1877 899 3461 972">
    <p class='ocr_par' dir='ltr' id='par_1_37' title="bbox 1877 899 3461 972">
     <span class='ocr_line' id='line_1_37' title="bbox 1877 899 3461 972; baseline 0.003 -18"><span class='ocrx_word' id='word_1_285' title='bbox 1877 907 2025 954; x_wconf 89' lang='lat' dir='ltr'><strong>creta</strong></span> <span class='ocrx_word' id='word_1_286' title='bbox 2058 900 2167 955; x_wconf 89' lang='lat' dir='ltr'><strong>sint</strong></span> <span class='ocrx_word' id='word_1_287' title='bbox 2202 901 2271 955; x_wconf 93' lang='lat' dir='ltr'><strong>ab</strong></span> <span class='ocrx_word' id='word_1_288' title='bbox 2300 899 2582 967; x_wconf 88' lang='lat' dir='ltr'><strong>omnibus,</strong></span> <span class='ocrx_word' id='word_1_289' title='bbox 2611 901 2884 956; x_wconf 89' lang='lat' dir='ltr'><strong>undenam</strong></span> <span class='ocrx_word' id='word_1_290' title='bbox 2918 902 2972 956; x_wconf 91' lang='lat' dir='ltr'><strong>in</strong></span> <span class='ocrx_word' id='word_1_291' title='bbox 3008 901 3219 967; x_wconf 77' lang='lat' dir='ltr'><strong>ordine,</strong></span> <span class='ocrx_word' id='word_1_292' title='bbox 3249 903 3342 972; x_wconf 90' lang='lat' dir='ltr'><strong>qui</strong></span> <span class='ocrx_word' id='word_1_293' title='bbox 3374 914 3461 958; x_wconf 86' lang='lat' dir='ltr'><strong>est</strong></span> 
     </span>
    </p>
   </div>
   <div class='ocr_carea' id='block_1_38' title="bbox 1883 978 3467 1056">
    <p class='ocr_par' dir='ltr' id='par_1_38' title="bbox 1883 978 3467 1056">
     <span class='ocr_line' id='line_1_38' title="bbox 1883 978 3467 1056; baseline 0.002 -12"><span class='ocrx_word' id='word_1_294' title='bbox 1883 978 2186 1044; x_wconf 82' lang='lat' dir='ltr'><strong>secundum</strong></span> <span class='ocrx_word' id='word_1_295' title='bbox 2246 991 2718 1046; x_wconf 84' lang='lat' dir='ltr'><strong>enumerationem</strong></span> <span class='ocrx_word' id='word_1_296' title='bbox 2744 1034 2759 1056; x_wconf 95' lang='lat'><strong>,</strong></span> <span class='ocrx_word' id='word_1_297' title='bbox 2797 992 3081 1046; x_wconf 83' lang='lat' dir='ltr'><strong>nominum</strong></span> <span class='ocrx_word' id='word_1_298' title='bbox 3124 990 3467 1046; x_wconf 86' lang='lat' dir='ltr'><strong>immntatio-</strong></span> 
     </span>
    </p>
   </div>
   <div class='ocr_carea' id='block_1_39' title="bbox 1879 1065 3472 1158">
    <p class='ocr_par' dir='ltr' id='par_1_39' title="bbox 1879 1065 3472 1158">
     <span class='ocr_line' id='line_1_39' title="bbox 1879 1065 3472 1158; baseline 0.004 -27"><span class='ocrx_word' id='word_1_299' title='bbox 1879 1092 2006 1133; x_wconf 83' lang='lat' dir='ltr'><strong>nem</strong></span> <span class='ocrx_word' id='word_1_300' title='bbox 2060 1065 2382 1158; x_wconf 33' lang='lat' dir='ltr'><strong>improbare.</strong></span> <span class='ocrx_word' id='word_1_301' title='bbox 2427 1082 2628 1148; x_wconf 91' lang='lat' dir='ltr'><strong>potuit,</strong></span> <span class='ocrx_word' id='word_1_302' title='bbox 2666 1080 3112 1154; x_wconf 87' lang='lat' dir='ltr'><strong>impietatemque</strong></span> <span class='ocrx_word' id='word_1_303' title='bbox 3163 1096 3283 1137; x_wconf 89' lang='lat' dir='ltr'><strong>eam</strong></span> <span class='ocrx_word' id='word_1_304' title='bbox 3326 1099 3472 1137; x_wconf 86' lang='lat' dir='ltr'><strong>nun-</strong></span> 
     </span>
    </p>
   </div>
   <div class='ocr_carea' id='block_1_40' title="bbox 1882 1171 3466 1250">
    <p class='ocr_par' dir='ltr' id='par_1_40' title="bbox 1882 1171 3466 1250">
     <span class='ocr_line' id='line_1_40' title="bbox 1882 1171 3466 1250; baseline 0.003 -26"><span class='ocrx_word' id='word_1_305' title='bbox 1882 1183 2105 1239; x_wconf 84' lang='lat' dir='ltr'><strong>cupare,</strong></span> <span class='ocrx_word' id='word_1_306' title='bbox 2134 1181 2196 1226; x_wconf 67' lang='lat' dir='ltr'><strong>&#39;et</strong></span> <span class='ocrx_word' id='word_1_307' title='bbox 2226 1185 2383 1226; x_wconf 65' lang='lat' dir='ltr'><strong>sanae.</strong></span> <span class='ocrx_word' id='word_1_308' title='bbox 2412 1171 2536 1226; x_wconf 77' lang='lat' dir='ltr'><strong>ﬂdei</strong></span> <span class='ocrx_word' id='word_1_309' title='bbox 2595 1171 3002 1238; x_wconf 76' lang='lat' dir='ltr'><strong>alienationem,</strong></span> <span class='ocrx_word' id='word_1_310' title='bbox 3032 1173 3125 1242; x_wconf 85' lang='lat' dir='ltr'><strong>qui</strong></span> <span class='ocrx_word' id='word_1_311' title='bbox 3167 1174 3466 1250; x_wconf 74' lang='lat' dir='ltr'><strong>secundum</strong></span> 
     </span>
    </p>
   </div>
   <div class='ocr_carea' id='block_1_41' title="bbox 1881 1259 3472 1337">
    <p class='ocr_par' dir='ltr' id='par_1_41' title="bbox 1881 1259 3472 1337">
     <span class='ocr_line' id='line_1_41' title="bbox 1881 1259 3472 1337; baseline 0.003 -23"><span class='ocrx_word' id='word_1_312' title='bbox 1881 1259 2162 1316; x_wconf 80' lang='lat' dir='ltr'><strong>Christum</strong></span> <span class='ocrx_word' id='word_1_313' title='bbox 2216 1261 2525 1317; x_wconf 73' lang='lat' dir='ltr'><strong>doctrinam</strong></span> <span class='ocrx_word' id='word_1_314' title='bbox 2559 1277 2723 1332; x_wconf 87' lang='lat' dir='ltr'><strong>supra</strong></span> <span class='ocrx_word' id='word_1_315' title='bbox 2755 1263 2893 1337; x_wconf 80' lang='lat' dir='ltr'><strong>alios</strong></span> <span class='ocrx_word' id='word_1_316' title='bbox 2922 1265 3151 1319; x_wconf 85' lang='lat' dir='ltr'><strong>edoctus</strong></span> <span class='ocrx_word' id='word_1_317' title='bbox 3187 1279 3305 1320; x_wconf 85' lang='lat' dir='ltr'><strong>eam</strong></span> <span class='ocrx_word' id='word_1_318' title='bbox 3337 1265 3472 1319; x_wconf 63' lang='lat' dir='ltr'><strong>adeo</strong></span> 
     </span>
    </p>
   </div>
   <div class='ocr_carea' id='block_1_42' title="bbox 1882 1350 3470 1421">
    <p class='ocr_par' dir='ltr' id='par_1_42' title="bbox 1882 1350 3470 1421">
     <span class='ocr_line' id='line_1_42' title="bbox 1882 1350 3470 1421; baseline 0.004 -15"><span class='ocrx_word' id='word_1_319' title='bbox 1882 1350 2153 1421; x_wconf 75' lang='lat' dir='ltr'><strong>exquisite</strong></span> <span class='ocrx_word' id='word_1_320' title='bbox 2199 1352 2468 1418; x_wconf 78' lang='lat' dir='ltr'><strong>exercuit,</strong></span> <span class='ocrx_word' id='word_1_321' title='bbox 2505 1361 2562 1405; x_wconf 88' lang='lat' dir='ltr'><strong>ut</strong></span> <span class='ocrx_word' id='word_1_322' title='bbox 2610 1352 2944 1407; x_wconf 89' lang='lat' dir='ltr'><strong>aliis-etiam</strong></span> <span class='ocrx_word' id='word_1_323' title='bbox 2978 1353 3170 1408; x_wconf 84' lang='lat' dir='ltr'><strong>doctor</strong></span> <span class='ocrx_word' id='word_1_324' title='bbox 3209 1351 3470 1413; x_wconf 74' lang='lat' dir='ltr'><strong>evaserit.</strong></span> 
     </span>
    </p>
   </div>
   <div class='ocr_carea' id='block_1_43' title="bbox 1881 1440 3474 1516">
    <p class='ocr_par' dir='ltr' id='par_1_43' title="bbox 1881 1440 3474 1516">
     <span class='ocr_line' id='line_1_43' title="bbox 1881 1440 3474 1516; baseline 0.001 -20"><span class='ocrx_word' id='word_1_325' title='bbox 1881 1450 1937 1496; x_wconf 89' lang='lat' dir='ltr'><strong>et</strong></span> <span class='ocrx_word' id='word_1_326' title='bbox 1962 1442 2055 1511; x_wconf 80' lang='lat' dir='ltr'><strong>qui</strong></span> <span class='ocrx_word' id='word_1_327' title='bbox 2102 1441 2249 1503; x_wconf 88' lang='lat' dir='ltr'><strong>libro</strong></span> <span class='ocrx_word' id='word_1_328' title='bbox 2299 1440 2652 1512; x_wconf 71' lang='lat' dir='ltr'><strong>Evangellco,</strong></span> <span class='ocrx_word' id='word_1_329' title='bbox 2695 1452 2750 1497; x_wconf 85' lang='lat' dir='ltr'><strong>et</strong></span> <span class='ocrx_word' id='word_1_330' title='bbox 2806 1442 2960 1498; x_wconf 83' lang='lat' dir='ltr'><strong>Pauli</strong></span> <span class='ocrx_word' id='word_1_331' title='bbox 2998 1445 3169 1499; x_wconf 78' lang='lat' dir='ltr'><strong>divini</strong></span> <span class='ocrx_word' id='word_1_332' title='bbox 3205 1446 3474 1516; x_wconf 62' lang='lat' dir='ltr'><strong>praconis</strong></span> 
     </span>
    </p>
   </div>
   <div class='ocr_carea' id='block_1_44' title="bbox 1882 1530 3476 1608">
    <p class='ocr_par' dir='ltr' id='par_1_44' title="bbox 1882 1530 3476 1608">
     <span class='ocr_line' id='line_1_44' title="bbox 1882 1530 3476 1608; baseline 0.003 -24"><span class='ocrx_word' id='word_1_333' title='bbox 1882 1531 2058 1586; x_wconf 86' lang='lat' dir='ltr'><strong>sacris</strong></span> <span class='ocrx_word' id='word_1_334' title='bbox 2092 1530 2352 1608; x_wconf 84' lang='lat' dir='ltr'><strong>Epistolis</strong></span> <span class='ocrx_word' id='word_1_335' title='bbox 2391 1547 2516 1587; x_wconf 91' lang='lat' dir='ltr'><strong>cum</strong></span> <span class='ocrx_word' id='word_1_336' title='bbox 2575 1534 2801 1600; x_wconf 80' lang='lat' dir='ltr'><strong>viveret,</strong></span> <span class='ocrx_word' id='word_1_337' title='bbox 2859 1533 2996 1588; x_wconf 84' lang='lat' dir='ltr'><strong>nihil</strong></span> <span class='ocrx_word' id='word_1_338' title='bbox 3037 1534 3230 1590; x_wconf 84' lang='lat' dir='ltr'><strong>habuit</strong></span> <span class='ocrx_word' id='word_1_339' title='bbox 3271 1535 3476 1603; x_wconf 85' lang='lat' dir='ltr'><strong>pretio-</strong></span> 
     </span>
    </p>
   </div>
   <div class='ocr_carea' id='block_1_45' title="bbox 1884 1621 3475 1694">
    <p class='ocr_par' dir='ltr' id='par_1_45' title="bbox 1884 1621 3475 1694">
     <span class='ocr_line' id='line_1_45' title="bbox 1884 1621 3475 1694; baseline 0.003 -18"><span class='ocrx_word' id='word_1_340' title='bbox 1884 1621 2026 1685; x_wconf 89' lang='lat' dir='ltr'><strong>sius,</strong></span> <span class='ocrx_word' id='word_1_341' title='bbox 2072 1621 2467 1678; x_wconf 81' lang='lat' dir='ltr'><strong>Davidicorum</strong></span> <span class='ocrx_word' id='word_1_342' title='bbox 2509 1637 2643 1677; x_wconf 78' lang='lat' dir='ltr'><strong>vero</strong></span> <span class='ocrx_word' id='word_1_343' title='bbox 2689 1622 3030 1678; x_wconf 65' lang='lat' dir='ltr'><strong>Paulinorum</strong></span> <span class='ocrx_word' id='word_1_344' title='bbox 3075 1623 3348 1694; x_wconf 82' lang='lat' dir='ltr'><strong>profunda</strong></span> <span class='ocrx_word' id='word_1_345' title='bbox 3377 1640 3475 1680; x_wconf 55' lang='lat' dir='ltr'><strong>ex.</strong></span> 
     </span>
    </p>
   </div>
   <div class='ocr_carea' id='block_1_46' title="bbox 1884 1703 3476 1788">
    <p class='ocr_par' dir='ltr' id='par_1_46' title="bbox 1884 1703 3476 1788">
     <span class='ocr_line' id='line_1_46' title="bbox 1884 1703 3476 1788; baseline 0.003 -20"><span class='ocrx_word' id='word_1_346' title='bbox 1884 1703 2157 1784; x_wconf 79' lang='lat' dir='ltr'><strong>piscatus.</strong></span> <span class='ocrx_word' id='word_1_347' title='bbox 2213 1729 2323 1769; x_wconf 92' lang='lat' dir='ltr'><strong>non</strong></span> <span class='ocrx_word' id='word_1_348' title='bbox 2370 1714 2581 1784; x_wconf 77' lang='lat' dir='ltr'><strong>abiecte</strong></span> <span class='ocrx_word' id='word_1_349' title='bbox 2612 1754 2629 1780; x_wconf 93' lang='lat'><strong>,</strong></span> <span class='ocrx_word' id='word_1_350' title='bbox 2663 1716 2755 1769; x_wconf 83' lang='lat' dir='ltr'><strong>sed</strong></span> <span class='ocrx_word' id='word_1_351' title='bbox 2776 1717 3022 1770; x_wconf 88' lang='lat' dir='ltr'><strong>omnium</strong></span> <span class='ocrx_word' id='word_1_352' title='bbox 3085 1718 3310 1788; x_wconf 79' lang='lat' dir='ltr'><strong>Optime,</strong></span> <span class='ocrx_word' id='word_1_353' title='bbox 3354 1733 3476 1788; x_wconf 76' lang='lat' dir='ltr'><strong>qua:</strong></span> 
     </span>
    </p>
   </div>
   <div class='ocr_carea' id='block_1_47' title="bbox 1884 1807 3475 1880">
    <p class='ocr_par' dir='ltr' id='par_1_47' title="bbox 1884 1807 3475 1880">
     <span class='ocr_line' id='line_1_47' title="bbox 1884 1807 3475 1880; baseline 0.001 -18"><span class='ocrx_word' id='word_1_354' title='bbox 1884 1817 2112 1862; x_wconf 89' lang='lat' dir='ltr'><strong>eatenus</strong></span> <span class='ocrx_word' id='word_1_355' title='bbox 2137 1808 2324 1862; x_wconf 85' lang='lat' dir='ltr'><strong>multis</strong></span> <span class='ocrx_word' id='word_1_356' title='bbox 2372 1817 2532 1876; x_wconf 84' lang='lat' dir='ltr'><strong>captu</strong></span> <span class='ocrx_word' id='word_1_357' title='bbox 2567 1807 2804 1862; x_wconf 77' lang='lat' dir='ltr'><strong>difﬁcilia</strong></span> <span class='ocrx_word' id='word_1_358' title='bbox 2863 1817 3043 1874; x_wconf 69' lang='lat' dir='ltr'><strong>erant,</strong></span> <span class='ocrx_word' id='word_1_359' title='bbox 3084 1809 3475 1880; x_wconf 77' lang='lat' dir='ltr'><strong>interpretatus</strong></span> 
     </span>
    </p>
   </div>
   <div class='ocr_carea' id='block_1_48' title="bbox 1885 1897 3475 1976">
    <p class='ocr_par' dir='ltr' id='par_1_48' title="bbox 1885 1897 3475 1976">
     <span class='ocr_line' id='line_1_48' title="bbox 1885 1897 3475 1976; baseline 0.002 -24"><span class='ocrx_word' id='word_1_360' title='bbox 1885 1909 1991 1952; x_wconf 88' lang='lat' dir='ltr'><strong>est.</strong></span> <span class='ocrx_word' id='word_1_361' title='bbox 2020 1898 2132 1968; x_wconf 71' lang='lat' dir='ltr'><strong>Ego</strong></span> <span class='ocrx_word' id='word_1_362' title='bbox 2151 1897 2336 1968; x_wconf 84' lang='lat' dir='ltr'><strong>itaque</strong></span> <span class='ocrx_word' id='word_1_363' title='bbox 2364 1914 2649 1969; x_wconf 86' lang='lat' dir='ltr'><strong>nunquam</strong></span> <span class='ocrx_word' id='word_1_364' title='bbox 2683 1899 2735 1952; x_wconf 91' lang='lat' dir='ltr'><strong>id</strong></span> <span class='ocrx_word' id='word_1_365' title='bbox 2771 1909 3079 1976; x_wconf 83' lang='lat' dir='ltr'><strong>asserentes</strong></span> <span class='ocrx_word' id='word_1_366' title='bbox 3101 1900 3339 1971; x_wconf 74' lang='lat' dir='ltr'><strong>Ingentis</strong></span> <span class='ocrx_word' id='word_1_367' title='bbox 3377 1901 3475 1955; x_wconf 89' lang='lat' dir='ltr'><strong>de-</strong></span> 
     </span>
    </p>
   </div>
   <div class='ocr_carea' id='block_1_49' title="bbox 1888 1989 3480 2055">
    <p class='ocr_par' dir='ltr' id='par_1_49' title="bbox 1888 1989 3480 2055">
     <span class='ocr_line' id='line_1_49' title="bbox 1888 1989 3480 2055; baseline 0.001 -10"><span class='ocrx_word' id='word_1_368' title='bbox 1888 1990 2104 2046; x_wconf 78' lang='lat' dir='ltr'><strong>mentia.-</strong></span> <span class='ocrx_word' id='word_1_369' title='bbox 2132 1989 2530 2055; x_wconf 85' lang='lat' dir='ltr'><strong>insimularem,</strong></span> <span class='ocrx_word' id='word_1_370' title='bbox 2565 2004 2692 2046; x_wconf 90' lang='lat' dir='ltr'><strong>cum</strong></span> <span class='ocrx_word' id='word_1_371' title='bbox 2727 1989 3044 2048; x_wconf 65' lang='lat' dir='ltr'><strong>ex&#39;duobus</strong></span> <span class='ocrx_word' id='word_1_372' title='bbox 3095 1991 3328 2047; x_wconf 86' lang='lat' dir='ltr'><strong>alterum</strong></span> <span class='ocrx_word' id='word_1_373' title='bbox 3361 2006 3480 2046; x_wconf 87' lang='lat' dir='ltr'><strong>om-</strong></span> 
     </span>
    </p>
   </div>
   <div class='ocr_carea' id='block_1_50' title="bbox 1892 2080 3474 2152">
    <p class='ocr_par' dir='ltr' id='par_1_50' title="bbox 1892 2080 3474 2152">
     <span class='ocr_line' id='line_1_50' title="bbox 1892 2080 3474 2152; baseline 0.001 -17"><span class='ocrx_word' id='word_1_374' title='bbox 1892 2081 2023 2136; x_wconf 91' lang='lat' dir='ltr'><strong>nino</strong></span> <span class='ocrx_word' id='word_1_375' title='bbox 2082 2080 2370 2152; x_wconf 76' lang='lat' dir='ltr'><strong>colligant;</strong></span> <span class='ocrx_word' id='word_1_376' title='bbox 2423 2090 2516 2136; x_wconf 88' lang='lat' dir='ltr'><strong>aut</strong></span> <span class='ocrx_word' id='word_1_377' title='bbox 2557 2096 2813 2152; x_wconf 76' lang='lat' dir='ltr'><strong>magnum</strong></span> <span class='ocrx_word' id='word_1_378' title='bbox 2860 2081 3007 2138; x_wconf 87' lang='lat' dir='ltr'><strong>hunc</strong></span> <span class='ocrx_word' id='word_1_379' title='bbox 3051 2083 3229 2138; x_wconf 84' lang='lat' dir='ltr'><strong>virum</strong></span> <span class='ocrx_word' id='word_1_380' title='bbox 3266 2086 3323 2138; x_wconf 86' lang='lat' dir='ltr'><strong>in</strong></span> <span class='ocrx_word' id='word_1_381' title='bbox 3375 2083 3474 2137; x_wconf 90' lang='lat' dir='ltr'><strong>has</strong></span> 
     </span>
    </p>
   </div>
   <div class='ocr_carea' id='block_1_51' title="bbox 1890 2174 3477 2247">
    <p class='ocr_par' dir='ltr' id='par_1_51' title="bbox 1890 2174 3477 2247">
     <span class='ocr_line' id='line_1_51' title="bbox 1890 2174 3477 2247; baseline -0.001 -16"><span class='ocrx_word' id='word_1_382' title='bbox 1890 2189 2050 2231; x_wconf 66' lang='lat' dir='ltr'><strong>voces</strong></span> <span class='ocrx_word' id='word_1_383' title='bbox 2082 2189 2189 2230; x_wconf 90' lang='lat' dir='ltr'><strong>non</strong></span> <span class='ocrx_word' id='word_1_384' title='bbox 2227 2174 2514 2238; x_wconf 86' lang='lat' dir='ltr'><strong>incidisse,</strong></span> <span class='ocrx_word' id='word_1_385' title='bbox 2546 2175 2694 2245; x_wconf 87' lang='lat' dir='ltr'><strong>quod</strong></span> <span class='ocrx_word' id='word_1_386' title='bbox 2730 2174 2846 2230; x_wconf 78' lang='lat' dir='ltr'><strong>ﬁeri</strong></span> <span class='ocrx_word' id='word_1_387' title='bbox 2879 2176 3094 2245; x_wconf 87' lang='lat' dir='ltr'><strong>nequit,</strong></span> <span class='ocrx_word' id='word_1_388' title='bbox 3126 2191 3306 2247; x_wconf 89' lang='lat' dir='ltr'><strong>neque</strong></span> <span class='ocrx_word' id='word_1_389' title='bbox 3329 2178 3477 2230; x_wconf 74' lang='lat' dir='ltr'><strong>enim</strong></span> 
     </span>
    </p>
   </div>
   <div class='ocr_carea' id='block_1_52' title="bbox 1893 2257 3454 2334">
    <p class='ocr_par' dir='ltr' id='par_1_52' title="bbox 1893 2257 3454 2334">
     <span class='ocr_line' id='line_1_52' title="bbox 1893 2257 3454 2334; baseline -0.002 -13"><span class='ocrx_word' id='word_1_390' title='bbox 1893 2266 2039 2321; x_wconf 90' lang='lat' dir='ltr'><strong>hunc</strong></span> <span class='ocrx_word' id='word_1_391' title='bbox 2067 2264 2123 2319; x_wconf 91' lang='lat' dir='ltr'><strong>in</strong></span> <span class='ocrx_word' id='word_1_392' title='bbox 2157 2265 2332 2321; x_wconf 86' lang='lat' dir='ltr'><strong>sacris</strong></span> <span class='ocrx_word' id='word_1_393' title='bbox 2363 2257 2610 2334; x_wconf 82' lang='lat' dir='ltr'><strong>Eloquils</strong></span> <span class='ocrx_word' id='word_1_394' title='bbox 2636 2263 3017 2320; x_wconf 77' lang='lat' dir='ltr'><strong>examinandis</strong></span> <span class='ocrx_word' id='word_1_395' title='bbox 3049 2265 3211 2321; x_wconf 83' lang='lat' dir='ltr'><strong>talem</strong></span> <span class='ocrx_word' id='word_1_396' title='bbox 3235 2273 3454 2319; x_wconf 74' lang='lat' dir='ltr'><strong>tantum</strong></span> 
     </span>
    </p>
   </div>
   <div class='ocr_carea' id='block_1_53' title="bbox 1891 2352 3483 2424">
    <p class='ocr_par' dir='ltr' id='par_1_53' title="bbox 1891 2352 3483 2424">
     <span class='ocr_line' id='line_1_53' title="bbox 1891 2352 3483 2424; baseline 0.001 -16"><span class='ocrx_word' id='word_1_397' title='bbox 1891 2370 2015 2424; x_wconf 91' lang='lat' dir='ltr'><strong>que,</strong></span> <span class='ocrx_word' id='word_1_398' title='bbox 2052 2369 2175 2424; x_wconf 70' lang='lat' dir='ltr'><strong>qua:</strong></span> <span class='ocrx_word' id='word_1_399' title='bbox 2218 2352 2337 2409; x_wconf 82' lang='lat' dir='ltr'><strong>fere</strong></span> <span class='ocrx_word' id='word_1_400' title='bbox 2369 2354 2605 2423; x_wconf 76' lang='lat' dir='ltr'><strong>singulis</strong></span> <span class='ocrx_word' id='word_1_401' title='bbox 2633 2354 2828 2409; x_wconf 86' lang='lat' dir='ltr'><strong>diebus</strong></span> <span class='ocrx_word' id='word_1_402' title='bbox 2864 2353 2918 2408; x_wconf 87' lang='lat' dir='ltr'><strong>in</strong></span> <span class='ocrx_word' id='word_1_403' title='bbox 2960 2354 3196 2410; x_wconf 78' lang='lat' dir='ltr'><strong>ecclesia</strong></span> <span class='ocrx_word' id='word_1_404' title='bbox 3242 2353 3299 2410; x_wconf 91' lang='lat' dir='ltr'><strong>in</strong></span> <span class='ocrx_word' id='word_1_405' title='bbox 3329 2370 3483 2411; x_wconf 88' lang='lat' dir='ltr'><strong>com-</strong></span> 
     </span>
    </p>
   </div>
   <div class='ocr_carea' id='block_1_54' title="bbox 1894 2445 3444 2515">
    <p class='ocr_par' dir='ltr' id='par_1_54' title="bbox 1894 2445 3444 2515">
     <span class='ocr_line' id='line_1_54' title="bbox 1894 2445 3444 2515; baseline -0.001 -14"><span class='ocrx_word' id='word_1_406' title='bbox 1894 2461 2117 2501; x_wconf 89' lang='lat' dir='ltr'><strong>munem</strong></span> <span class='ocrx_word' id='word_1_407' title='bbox 2150 2445 2400 2501; x_wconf 88' lang='lat' dir='ltr'><strong>omnium</strong></span> <span class='ocrx_word' id='word_1_408' title='bbox 2428 2445 2766 2500; x_wconf 88' lang='lat' dir='ltr'><strong>audientiam</strong></span> <span class='ocrx_word' id='word_1_409' title='bbox 2799 2445 3127 2515; x_wconf 70' lang='lat' dir='ltr'><strong>legebantur</strong></span> <span class='ocrx_word' id='word_1_410' title='bbox 3157 2447 3444 2503; x_wconf 86' lang='lat' dir='ltr'><strong>latnissent</strong></span> 
     </span>
    </p>
   </div>
   <div class='ocr_carea' id='block_1_55' title="bbox 1892 2537 3484 2608">
    <p class='ocr_par' dir='ltr' id='par_1_55' title="bbox 1892 2537 3484 2608">
     <span class='ocr_line' id='line_1_55' title="bbox 1892 2537 3484 2608; baseline -0.001 -15"><span class='ocrx_word' id='word_1_411' title='bbox 1892 2549 1988 2593; x_wconf 87' lang='lat' dir='ltr'><strong>aut</strong></span> <span class='ocrx_word' id='word_1_412' title='bbox 2011 2537 2292 2594; x_wconf 89' lang='lat' dir='ltr'><strong>contraria</strong></span> <span class='ocrx_word' id='word_1_413' title='bbox 2334 2538 2663 2594; x_wconf 84' lang='lat' dir='ltr'><strong>sentientem</strong></span> <span class='ocrx_word' id='word_1_414' title='bbox 2711 2538 2795 2591; x_wconf 83' lang='lat' dir='ltr'><strong>via</strong></span> <span class='ocrx_word' id='word_1_415' title='bbox 2847 2546 3014 2608; x_wconf 90' lang='lat' dir='ltr'><strong>atque</strong></span> <span class='ocrx_word' id='word_1_416' title='bbox 3054 2538 3134 2592; x_wconf 87' lang='lat' dir='ltr'><strong>illi</strong></span> <span class='ocrx_word' id='word_1_417' title='bbox 3172 2540 3277 2593; x_wconf 88' lang='lat' dir='ltr'><strong>alia</strong></span> <span class='ocrx_word' id='word_1_418' title='bbox 3308 2539 3484 2594; x_wconf 87' lang='lat' dir='ltr'><strong>inam-</strong></span> 
     </span>
    </p>
   </div>
   <div class='ocr_carea' id='block_1_56' title="bbox 1893 2631 3485 2702">
    <p class='ocr_par' dir='ltr' id='par_1_56' title="bbox 1893 2631 3485 2702">
     <span class='ocr_line' id='line_1_56' title="bbox 1893 2631 3485 2702; baseline 0 -14"><span class='ocrx_word' id='word_1_419' title='bbox 1893 2632 2102 2688; x_wconf 79' lang='lat' dir='ltr'><strong>balare.</strong></span> <span class='ocrx_word' id='word_1_420' title='bbox 2155 2631 2221 2686; x_wconf 86' lang='lat' dir='ltr'><strong>Et</strong></span> <span class='ocrx_word' id='word_1_421' title='bbox 2253 2633 2531 2702; x_wconf 89' lang='lat' dir='ltr'><strong>quomodo</strong></span> <span class='ocrx_word' id='word_1_422' title='bbox 2563 2633 2614 2688; x_wconf 89' lang='lat' dir='ltr'><strong>id</strong></span> <span class='ocrx_word' id='word_1_423' title='bbox 2649 2631 2816 2688; x_wconf 76' lang='lat' dir='ltr'><strong>fuerit</strong></span> <span class='ocrx_word' id='word_1_424' title='bbox 2863 2632 3188 2689; x_wconf 66' lang='lat' dir='ltr'><strong>Christianae</strong></span> <span class='ocrx_word' id='word_1_425' title='bbox 3214 2635 3485 2690; x_wconf 81' lang='lat' dir='ltr'><strong>constitu-</strong></span> 
     </span>
    </p>
   </div>
   <div class='ocr_carea' id='block_1_57' title="bbox 1895 2719 3480 2794">
    <p class='ocr_par' dir='ltr' id='par_1_57' title="bbox 1895 2719 3480 2794">
     <span class='ocr_line' id='line_1_57' title="bbox 1895 2719 3480 2794; baseline 0.001 -17"><span class='ocrx_word' id='word_1_426' title='bbox 1895 2720 2105 2777; x_wconf 76' lang='lat' dir='ltr'><strong>tionis?</strong></span> <span class='ocrx_word' id='word_1_427' title='bbox 2152 2719 2291 2775; x_wconf 84' lang='lat' dir='ltr'><strong>Nam</strong></span> <span class='ocrx_word' id='word_1_428' title='bbox 2321 2721 2524 2790; x_wconf 83' lang='lat' dir='ltr'><strong>injuria</strong></span> <span class='ocrx_word' id='word_1_429' title='bbox 2547 2721 2628 2776; x_wconf 88' lang='lat' dir='ltr'><strong>sic</strong></span> <span class='ocrx_word' id='word_1_430' title='bbox 2667 2721 2877 2792; x_wconf 79' lang='lat' dir='ltr'><strong>prolata</strong></span> <span class='ocrx_word' id='word_1_431' title='bbox 2915 2737 3157 2793; x_wconf 88' lang='lat' dir='ltr'><strong>quonam</strong></span> <span class='ocrx_word' id='word_1_432' title='bbox 3202 2724 3480 2794; x_wconf 75' lang='lat' dir='ltr'><strong>procedat,</strong></span> 
     </span>
    </p>
   </div>
   <div class='ocr_carea' id='block_1_58' title="bbox 1893 2811 3484 2884">
    <p class='ocr_par' dir='ltr' id='par_1_58' title="bbox 1893 2811 3484 2884">
     <span class='ocr_line' id='line_1_58' title="bbox 1893 2811 3484 2884; baseline -0.003 -13"><span class='ocrx_word' id='word_1_433' title='bbox 1893 2811 2154 2871; x_wconf 74' lang='lat' dir='ltr'><strong>omnibus</strong></span> <span class='ocrx_word' id='word_1_434' title='bbox 2199 2811 2668 2867; x_wconf 86' lang='lat' dir='ltr'><strong>considerandum</strong></span> <span class='ocrx_word' id='word_1_435' title='bbox 2713 2813 2986 2884; x_wconf 86' lang='lat' dir='ltr'><strong>relinquo.</strong></span> <span class='ocrx_word' id='word_1_436' title='bbox 3020 2812 3128 2868; x_wconf 89' lang='lat' dir='ltr'><strong>Sed</strong></span> <span class='ocrx_word' id='word_1_437' title='bbox 3171 2829 3270 2869; x_wconf 91' lang='lat' dir='ltr'><strong>nec</strong></span> <span class='ocrx_word' id='word_1_438' title='bbox 3301 2825 3484 2867; x_wconf 83' lang='lat' dir='ltr'><strong>mente</strong></span> 
     </span>
    </p>
   </div>
   <div class='ocr_carea' id='block_1_59' title="bbox 1894 2903 3479 2974">
    <p class='ocr_par' dir='ltr' id='par_1_59' title="bbox 1894 2903 3479 2974">
     <span class='ocr_line' id='line_1_59' title="bbox 1894 2903 3479 2974; baseline 0.001 -18"><span class='ocrx_word' id='word_1_439' title='bbox 1894 2903 2111 2970; x_wconf 85' lang='lat' dir='ltr'><strong>quidem</strong></span> <span class='ocrx_word' id='word_1_440' title='bbox 2140 2903 2451 2972; x_wconf 86' lang='lat' dir='ltr'><strong>concipere,</strong></span> <span class='ocrx_word' id='word_1_441' title='bbox 2486 2907 2696 2958; x_wconf 82' lang='lat' dir='ltr'><strong>tantum</strong></span> <span class='ocrx_word' id='word_1_442' title='bbox 2730 2905 2906 2970; x_wconf 85' lang='lat' dir='ltr'><strong>abest,</strong></span> <span class='ocrx_word' id='word_1_443' title='bbox 2940 2912 3001 2958; x_wconf 89' lang='lat' dir='ltr'><strong>ut</strong></span> <span class='ocrx_word' id='word_1_444' title='bbox 3030 2905 3190 2960; x_wconf 86' lang='lat' dir='ltr'><strong>labiis</strong></span> <span class='ocrx_word' id='word_1_445' title='bbox 3229 2904 3479 2974; x_wconf 75' lang='lat' dir='ltr'><strong>proﬁteri</strong></span> 
     </span>
    </p>
   </div>
   <div class='ocr_carea' id='block_1_60' title="bbox 1895 2993 3507 3065">
    <p class='ocr_par' dir='ltr' id='par_1_60' title="bbox 1895 2993 3507 3065">
     <span class='ocr_line' id='line_1_60' title="bbox 1895 2993 3507 3065; baseline 0.001 -16"><span class='ocrx_word' id='word_1_446' title='bbox 1895 2993 1980 3049; x_wconf 77' lang='lat' dir='ltr'><strong>fas</strong></span> <span class='ocrx_word' id='word_1_447' title='bbox 2002 2993 2096 3056; x_wconf 87' lang='lat' dir='ltr'><strong>sit.</strong></span> <span class='ocrx_word' id='word_1_448' title='bbox 2127 2995 2277 3061; x_wconf 85' lang='lat' dir='ltr'><strong>quod</strong></span> <span class='ocrx_word' id='word_1_449' title='bbox 2327 2995 2432 3050; x_wconf 91' lang='lat' dir='ltr'><strong>hoc</strong></span> <span class='ocrx_word' id='word_1_450' title='bbox 2460 2995 2685 3065; x_wconf 88' lang='lat' dir='ltr'><strong>quidem</strong></span> <span class='ocrx_word' id='word_1_451' title='bbox 2723 2995 3081 3064; x_wconf 67' lang='lat' dir='ltr'><strong>impudentiae</strong></span> <span class='ocrx_word' id='word_1_452' title='bbox 3113 3003 3507 3060; x_wconf 49' lang='lat' dir='ltr'><strong>summaesu-</strong></span> 
     </span>
    </p>
   </div>
   <div class='ocr_carea' id='block_1_61' title="bbox 1898 3081 3487 3155">
    <p class='ocr_par' dir='ltr' id='par_1_61' title="bbox 1898 3081 3487 3155">
     <span class='ocr_line' id='line_1_61' title="bbox 1898 3081 3487 3155; baseline 0.001 -17"><span class='ocrx_word' id='word_1_453' title='bbox 1898 3081 2024 3138; x_wconf 88' lang='lat' dir='ltr'><strong>illud</strong></span> <span class='ocrx_word' id='word_1_454' title='bbox 2061 3083 2287 3136; x_wconf 83' lang='lat' dir='ltr'><strong>convitii</strong></span> <span class='ocrx_word' id='word_1_455' title='bbox 2344 3081 2695 3154; x_wconf 62' lang='lat' dir='ltr'><strong>infamiaeque</strong></span> <span class='ocrx_word' id='word_1_456' title='bbox 2756 3085 3003 3155; x_wconf 86' lang='lat' dir='ltr'><strong>plenum.</strong></span> <span class='ocrx_word' id='word_1_457' title='bbox 3058 3084 3242 3151; x_wconf 82' lang='lat' dir='ltr'><strong>Quare</strong></span> <span class='ocrx_word' id='word_1_458' title='bbox 3273 3087 3487 3143; x_wconf 69' lang='lat' dir='ltr'><strong>divina-</strong></span> 
     </span>
    </p>
   </div>
   <div class='ocr_carea' id='block_1_62' title="bbox 211 3171 1788 3271">
    <p class='ocr_par' dir='ltr' id='par_1_62' title="bbox 211 3171 1788 3256">
     <span class='ocr_line' id='line_1_62' title="bbox 211 3171 1788 3256; baseline 0.008 -31"><span class='ocrx_word' id='word_1_459' title='bbox 211 3171 373 3225; x_wconf 81' lang='grc' dir='ltr'>τοῦτο</span> <span class='ocrx_word' id='word_1_460' title='bbox 441 3173 837 3245; x_wconf 85' lang='grc' dir='ltr'>Χριστιανικῆς</span> <span class='ocrx_word' id='word_1_461' title='bbox 897 3179 1326 3248; x_wconf 83' lang='grc' dir='ltr'>καταστάσεως;</span> <span class='ocrx_word' id='word_1_462' title='bbox 1386 3180 1469 3236; x_wconf 84' lang='grc' dir='ltr'><strong>Τά</strong></span> <span class='ocrx_word' id='word_1_463' title='bbox 1521 3186 1632 3255; x_wconf 77' lang='grc' dir='ltr'><strong>γάρ</strong></span> <span class='ocrx_word' id='word_1_464' title='bbox 1690 3187 1788 3256; x_wconf 81' lang='grc' dir='ltr'>τῆς</span> 
     </span>
    </p>
   </div>
   <div class='ocr_carea' id='block_1_63' title="bbox 1892 3171 3483 3271">
    <p class='ocr_par' dir='ltr' id='par_1_63' title="bbox 1901 3173 3483 3244">
     <span class='ocr_line' id='line_1_63' title="bbox 1901 3173 3483 3244; baseline 0.004 -18"><span class='ocrx_word' id='word_1_465' title='bbox 1901 3189 2024 3228; x_wconf 90' lang='lat' dir='ltr'><strong>rum</strong></span> <span class='ocrx_word' id='word_1_466' title='bbox 2053 3173 2249 3227; x_wconf 88' lang='lat' dir='ltr'><strong>harum</strong></span> <span class='ocrx_word' id='word_1_467' title='bbox 2279 3188 2474 3229; x_wconf 71' lang='lat' dir='ltr'><strong>vocum</strong></span> <span class='ocrx_word' id='word_1_468' title='bbox 2510 3174 2678 3244; x_wconf 88' lang='lat' dir='ltr'><strong>probe</strong></span> <span class='ocrx_word' id='word_1_469' title='bbox 2701 3183 2925 3244; x_wconf 70' lang='lat' dir='ltr'><strong>gnarus,</strong></span> <span class='ocrx_word' id='word_1_470' title='bbox 2955 3183 3012 3230; x_wconf 89' lang='lat' dir='ltr'><strong>et</strong></span> <span class='ocrx_word' id='word_1_471' title='bbox 3043 3188 3234 3230; x_wconf 86' lang='lat' dir='ltr'><strong>earum</strong></span> <span class='ocrx_word' id='word_1_472' title='bbox 3259 3185 3483 3233; x_wconf 79' lang='lat' dir='ltr'><strong>senten-</strong></span> 
     </span>
    </p>
   </div>
   <div class='ocr_carea' id='block_1_64' title="bbox 209 3260 1794 3344">
    <p class='ocr_par' dir='ltr' id='par_1_64' title="bbox 209 3260 1794 3344">
     <span class='ocr_line' id='line_1_64' title="bbox 209 3260 1794 3344; baseline 0.008 -30"><span class='ocrx_word' id='word_1_473' title='bbox 209 3260 427 3332; x_wconf 75' lang='grc' dir='ltr'>ὕϐρεως</span> <span class='ocrx_word' id='word_1_474' title='bbox 481 3262 657 3328; x_wconf 79' lang='grc' dir='ltr'>οὕτως</span> <span class='ocrx_word' id='word_1_475' title='bbox 696 3265 825 3318; x_wconf 71' lang='grc' dir='ltr'>ἔνθα</span> <span class='ocrx_word' id='word_1_476' title='bbox 871 3268 965 3320; x_wconf 72' lang='grc' dir='ltr'><strong>καὶ</strong></span> <span class='ocrx_word' id='word_1_477' title='bbox 1018 3264 1307 3335; x_wconf 76' lang='grc' dir='ltr'>διαϐαίνει,</span> <span class='ocrx_word' id='word_1_478' title='bbox 1371 3272 1612 3344; x_wconf 87' lang='grc' dir='ltr'>παρίημι</span> <span class='ocrx_word' id='word_1_479' title='bbox 1664 3278 1794 3337; x_wconf 78' lang='grc' dir='ltr'>τοὺς</span> 
     </span>
    </p>
   </div>
   <div class='ocr_carea' id='block_1_65' title="bbox 215 3352 1811 3434">
    <p class='ocr_par' dir='ltr' id='par_1_65' title="bbox 215 3352 1811 3434">
     <span class='ocr_line' id='line_1_65' title="bbox 215 3352 1811 3434; baseline 0.007 -29"><span class='ocrx_word' id='word_1_480' title='bbox 215 3352 424 3415; x_wconf 73' lang='grc' dir='ltr'>πάντας</span> <span class='ocrx_word' id='word_1_481' title='bbox 464 3358 709 3411; x_wconf 82' lang='grc' dir='ltr'>σκοπεῖν.</span> <span class='ocrx_word' id='word_1_482' title='bbox 773 3355 915 3411; x_wconf 80' lang='grc' dir='ltr'>Ἀλλ’</span> <span class='ocrx_word' id='word_1_483' title='bbox 946 3358 1102 3412; x_wconf 74' lang='grc' dir='ltr'>οὐδὲν</span> <span class='ocrx_word' id='word_1_484' title='bbox 1137 3360 1344 3414; x_wconf 86' lang='grc' dir='ltr'>τούτων</span> <span class='ocrx_word' id='word_1_485' title='bbox 1376 3362 1498 3415; x_wconf 72' lang='grc' dir='ltr'>οὐδὲ</span> <span class='ocrx_word' id='word_1_486' title='bbox 1542 3364 1811 3434; x_wconf 64' lang='grc' dir='ltr'>ἐννοῆσαι.</span> 
     </span>
    </p>
   </div>
   <div class='ocr_carea' id='block_1_66' title="bbox 214 3443 1794 3522">
    <p class='ocr_par' dir='ltr' id='par_1_66' title="bbox 214 3443 1794 3522">
     <span class='ocr_line' id='line_1_66' title="bbox 214 3443 1794 3522; baseline 0.008 -24"><span class='ocrx_word' id='word_1_487' title='bbox 214 3443 414 3515; x_wconf 76' lang='grc' dir='ltr'>χρεὼν,</span> <span class='ocrx_word' id='word_1_488' title='bbox 448 3447 523 3517; x_wconf 84' lang='grc' dir='ltr'>μή</span> <span class='ocrx_word' id='word_1_489' title='bbox 548 3447 635 3500; x_wconf 89' lang='grc' dir='ltr'><strong>τοί</strong></span> <span class='ocrx_word' id='word_1_490' title='bbox 666 3465 730 3517; x_wconf 87' lang='grc' dir='ltr'><strong>γε</strong></span> <span class='ocrx_word' id='word_1_491' title='bbox 774 3449 885 3503; x_wconf 86' lang='grc' dir='ltr'><strong>τῶν</strong></span> <span class='ocrx_word' id='word_1_492' title='bbox 934 3450 1160 3522; x_wconf 85' lang='grc' dir='ltr'>χειλέων</span> <span class='ocrx_word' id='word_1_493' title='bbox 1189 3456 1541 3522; x_wconf 75' lang='grc' dir='ltr'>προενεγκεῖν</span> <span class='ocrx_word' id='word_1_494' title='bbox 1565 3471 1580 3487; x_wconf 76' lang='grc' dir='ltr'><strong>ο</strong></span> <span class='ocrx_word' id='word_1_495' title='bbox 1618 3457 1700 3508; x_wconf 85' lang='grc' dir='ltr'>ὃτι</span> <span class='ocrx_word' id='word_1_496' title='bbox 1727 3456 1794 3510; x_wconf 83' lang='grc' dir='ltr'><strong>’τὸ</strong></span> 
     </span>
    </p>
   </div>
   <div class='ocr_carea' id='block_1_67' title="bbox 220 3537 1795 3617">
    <p class='ocr_par' dir='ltr' id='par_1_67' title="bbox 220 3537 1795 3617">
     <span class='ocr_line' id='line_1_67' title="bbox 220 3537 1795 3617; baseline 0.006 -27"><span class='ocrx_word' id='word_1_497' title='bbox 220 3539 320 3606; x_wconf 73' lang='grc' dir='ltr'>μὲν</span> <span class='ocrx_word' id='word_1_498' title='bbox 360 3537 752 3613; x_wconf 80' lang='grc' dir='ltr'>ἀναισχυντίας</span> <span class='ocrx_word' id='word_1_499' title='bbox 800 3542 964 3611; x_wconf 86' lang='grc' dir='ltr'>γέμει</span> <span class='ocrx_word' id='word_1_500' title='bbox 1002 3547 1226 3613; x_wconf 82' lang='grc' dir='ltr'><strong>συχνῆς,</strong></span> <span class='ocrx_word' id='word_1_501' title='bbox 1268 3544 1330 3598; x_wconf 88' lang='grc' dir='ltr'><strong>τδ</strong></span> <span class='ocrx_word' id='word_1_502' title='bbox 1377 3545 1434 3599; x_wconf 77' lang='grc' dir='ltr'>δὲ</span> <span class='ocrx_word' id='word_1_503' title='bbox 1482 3546 1795 3617; x_wconf 83' lang='grc' dir='ltr'>δυσφημίας</span> 
     </span>
    </p>
   </div>
   <div class='ocr_carea' id='block_1_68' title="bbox 217 3629 1796 3698">
    <p class='ocr_par' dir='ltr' id='par_1_68' title="bbox 217 3629 1796 3698">
     <span class='ocr_line' id='line_1_68' title="bbox 217 3629 1796 3698; baseline 0.006 -17"><span class='ocrx_word' id='word_1_504' title='bbox 217 3629 400 3698; x_wconf 75' lang='grc' dir='ltr'>πάσης</span> <span class='ocrx_word' id='word_1_505' title='bbox 449 3630 761 3686; x_wconf 86' lang='grc' dir='ltr'>ἀνάπλεων.</span> <span class='ocrx_word' id='word_1_506' title='bbox 813 3633 976 3686; x_wconf 81' lang='grc' dir='ltr'>Ὥστε</span> <span class='ocrx_word' id='word_1_507' title='bbox 1028 3636 1122 3690; x_wconf 72' lang='grc' dir='ltr'>καὶ</span> <span class='ocrx_word' id='word_1_508' title='bbox 1175 3636 1287 3689; x_wconf 84' lang='grc' dir='ltr'><strong>τῶν</strong></span> <span class='ocrx_word' id='word_1_509' title='bbox 1341 3637 1603 3691; x_wconf 88' lang='grc' dir='ltr'>τοιούτων</span> <span class='ocrx_word' id='word_1_510' title='bbox 1633 3638 1796 3692; x_wconf 81' lang='grc' dir='ltr'>θείων</span> 
     </span>
    </p>
   </div>
   <div class='ocr_carea' id='block_1_69' title="bbox 216 3720 1795 3797">
    <p class='ocr_par' dir='ltr' id='par_1_69' title="bbox 216 3720 1795 3797">
     <span class='ocr_line' id='line_1_69' title="bbox 216 3720 1795 3797; baseline 0.008 -26"><span class='ocrx_word' id='word_1_511' title='bbox 216 3720 413 3787; x_wconf 59' lang='grc' dir='ltr'>φακῶν</span> <span class='ocrx_word' id='word_1_512' title='bbox 473 3723 533 3776; x_wconf 76' lang='grc' dir='ltr'>ἐν</span> <span class='ocrx_word' id='word_1_513' title='bbox 597 3722 802 3792; x_wconf 84' lang='grc' dir='ltr'>γνώσει</span> <span class='ocrx_word' id='word_1_514' title='bbox 855 3725 1160 3796; x_wconf 81' lang='grc' dir='ltr'>τυγχάνων,</span> <span class='ocrx_word' id='word_1_515' title='bbox 1224 3727 1419 3797; x_wconf 84' lang='grc' dir='ltr'>ἀκρως</span> <span class='ocrx_word' id='word_1_516' title='bbox 1455 3744 1517 3781; x_wconf 85' lang='grc' dir='ltr'><strong>τε</strong></span> <span class='ocrx_word' id='word_1_517' title='bbox 1583 3729 1795 3783; x_wconf 92' lang='grc' dir='ltr'>τούτων</span> 
     </span>
    </p>
   </div>
   <div class='ocr_carea' id='block_1_70' title="bbox 213 3810 1794 3892">
    <p class='ocr_par' dir='ltr' id='par_1_70' title="bbox 213 3810 1794 3892">
     <span class='ocr_line' id='line_1_70' title="bbox 213 3810 1794 3892; baseline 0.005 -27"><span class='ocrx_word' id='word_1_518' title='bbox 213 3810 626 3882; x_wconf 68' lang='grc' dir='ltr'>ἀπειλημμένος</span> <span class='ocrx_word' id='word_1_519' title='bbox 659 3815 687 3866; x_wconf 90' lang='lat'><strong>6</strong></span> <span class='ocrx_word' id='word_1_520' title='bbox 727 3814 902 3884; x_wconf 89' lang='grc' dir='ltr'>μέγας</span> <span class='ocrx_word' id='word_1_521' title='bbox 929 3814 1234 3880; x_wconf 81' lang='grc' dir='ltr'>Βασίλειος,</span> <span class='ocrx_word' id='word_1_522' title='bbox 1261 3817 1357 3871; x_wconf 76' lang='grc' dir='ltr'>καὶ</span> <span class='ocrx_word' id='word_1_523' title='bbox 1394 3817 1602 3878; x_wconf 84' lang='grc' dir='ltr'>ταύτας</span> <span class='ocrx_word' id='word_1_524' title='bbox 1634 3821 1794 3892; x_wconf 79' lang='grc' dir='ltr'>στέρ-</span> 
     </span>
    </p>
   </div>
   <div class='ocr_carea' id='block_1_71' title="bbox 213 3903 1792 3990">
    <p class='ocr_par' dir='ltr' id='par_1_71' title="bbox 213 3903 1792 3990">
     <span class='ocr_line' id='line_1_71' title="bbox 213 3903 1792 3990; baseline 0.004 -34"><span class='ocrx_word' id='word_1_525' title='bbox 213 3920 332 3970; x_wconf 85' lang='grc' dir='ltr'><strong>γων</strong></span> <span class='ocrx_word' id='word_1_526' title='bbox 359 3903 608 3990; x_wconf 67' lang='grc' dir='ltr'>δεόγτως.</span> <span class='ocrx_word' id='word_1_527' title='bbox 642 3905 738 3959; x_wconf 83' lang='grc' dir='ltr'><strong>ἀτε</strong></span> <span class='ocrx_word' id='word_1_528' title='bbox 769 3905 950 3968; x_wconf 84' lang='grc' dir='ltr'>καλῶς</span> <span class='ocrx_word' id='word_1_529' title='bbox 973 3906 1224 3976; x_wconf 70' lang='grc' dir='ltr'>ἐχούσας,</span> <span class='ocrx_word' id='word_1_530' title='bbox 1257 3910 1352 3962; x_wconf 71' lang='grc' dir='ltr'>καὶ</span> <span class='ocrx_word' id='word_1_531' title='bbox 1384 3910 1792 3980; x_wconf 74' lang='grc' dir='ltr'>προσαποδεχό-</span> 
     </span>
    </p>
   </div>
   <div class='ocr_carea' id='block_1_72' title="bbox 219 3995 1797 4070">
    <p class='ocr_par' dir='ltr' id='par_1_72' title="bbox 219 3995 1797 4070">
     <span class='ocr_line' id='line_1_72' title="bbox 219 3995 1797 4070; baseline 0.003 -22"><span class='ocrx_word' id='word_1_532' title='bbox 219 3995 502 4066; x_wconf 69' lang='grc' dir='ltr'>μενος,ηοὺ</span> <span class='ocrx_word' id='word_1_533' title='bbox 524 3995 624 4066; x_wconf 83' lang='grc' dir='ltr'>τὴν</span> <span class='ocrx_word' id='word_1_534' title='bbox 652 3997 797 4051; x_wconf 78' lang='grc' dir='ltr'>κατά</span> <span class='ocrx_word' id='word_1_535' title='bbox 822 3997 921 4067; x_wconf 78' lang='grc' dir='ltr'>τὴν</span> <span class='ocrx_word' id='word_1_536' title='bbox 955 3998 1343 4068; x_wconf 83' lang='grc' dir='ltr'>ἀπαρίθμησιν</span> <span class='ocrx_word' id='word_1_537' title='bbox 1373 3999 1480 4054; x_wconf 87' lang='grc' dir='ltr'><strong>τῶν</strong></span> <span class='ocrx_word' id='word_1_538' title='bbox 1511 3999 1797 4070; x_wconf 81' lang='grc' dir='ltr'>ὀνομάτων</span> 
     </span>
    </p>
   </div>
   <div class='ocr_carea' id='block_1_73' title="bbox 215 4077 1799 4162">
    <p class='ocr_par' dir='ltr' id='par_1_73' title="bbox 215 4077 1799 4162">
     <span class='ocr_line' id='line_1_73' title="bbox 215 4077 1799 4162; baseline 0.004 -22"><span class='ocrx_word' id='word_1_539' title='bbox 215 4086 539 4158; x_wconf 71' lang='grc' dir='ltr'>ἀναλλαγὴν,</span> <span class='ocrx_word' id='word_1_540' title='bbox 571 4088 670 4160; x_wconf 81' lang='grc' dir='ltr'><strong>την</strong></span> <span class='ocrx_word' id='word_1_541' title='bbox 697 4087 751 4141; x_wconf 64' lang='grc' dir='ltr'>δὲ</span> <span class='ocrx_word' id='word_1_542' title='bbox 778 4088 899 4142; x_wconf 81' lang='grc' dir='ltr'>καθ’</span> <span class='ocrx_word' id='word_1_543' title='bbox 928 4077 1164 4160; x_wconf 80' lang='grc' dir='ltr'>ὓπαρξιν</span> <span class='ocrx_word' id='word_1_544' title='bbox 1189 4092 1435 4150; x_wconf 73' lang='grc' dir='ltr'>αἰτιᾶται</span> <span class='ocrx_word' id='word_1_545' title='bbox 1466 4091 1669 4146; x_wconf 80' lang='grc' dir='ltr'>τούτων</span> <span class='ocrx_word' id='word_1_546' title='bbox 1702 4108 1799 4162; x_wconf 78' lang='grc' dir='ltr'>με-</span> 
     </span>
    </p>
   </div>
   <div class='ocr_carea' id='block_1_74' title="bbox 215 4181 1800 4256">
    <p class='ocr_par' dir='ltr' id='par_1_74' title="bbox 215 4181 1800 4256">
     <span class='ocr_line' id='line_1_74' title="bbox 215 4181 1800 4256; baseline 0.001 -22"><span class='ocrx_word' id='word_1_547' title='bbox 215 4181 459 4236; x_wconf 88' lang='grc' dir='ltr'>τάθεσιν.</span> <span class='ocrx_word' id='word_1_548' title='bbox 497 4181 622 4235; x_wconf 78' lang='grc' dir='ltr'><strong>Ὀτι</strong></span> <span class='ocrx_word' id='word_1_549' title='bbox 647 4182 705 4235; x_wconf 79' lang='grc' dir='ltr'>δὲ</span> <span class='ocrx_word' id='word_1_550' title='bbox 736 4182 833 4235; x_wconf 75' lang='grc' dir='ltr'>καὶ</span> <span class='ocrx_word' id='word_1_551' title='bbox 870 4183 932 4235; x_wconf 79' lang='grc' dir='ltr'><strong>τὸ</strong></span> <span class='ocrx_word' id='word_1_552' title='bbox 979 4183 1120 4236; x_wconf 87' lang='grc' dir='ltr'><strong>κατά</strong></span> <span class='ocrx_word' id='word_1_553' title='bbox 1144 4183 1236 4236; x_wconf 76' lang='grc' dir='ltr'>τὸν</span> <span class='ocrx_word' id='word_1_554' title='bbox 1284 4183 1549 4251; x_wconf 85' lang='grc' dir='ltr'>Θεολόγον</span> <span class='ocrx_word' id='word_1_555' title='bbox 1591 4185 1800 4256; x_wconf 83' lang='grc' dir='ltr'>Γρηγό-</span> 
     </span>
    </p>
   </div>
   <div class='ocr_carea' id='block_1_75' title="bbox 221 4269 1797 4344">
    <p class='ocr_par' dir='ltr' id='par_1_75' title="bbox 221 4269 1797 4344">
     <span class='ocr_line' id='line_1_75' title="bbox 221 4269 1797 4344; baseline 0.003 -22"><span class='ocrx_word' id='word_1_556' title='bbox 221 4287 338 4342; x_wconf 89' lang='grc' dir='ltr'>ριον</span> <span class='ocrx_word' id='word_1_557' title='bbox 367 4271 612 4338; x_wconf 89' lang='grc' dir='ltr'>ίσότιμον</span> <span class='ocrx_word' id='word_1_558' title='bbox 649 4269 745 4324; x_wconf 82' lang='grc' dir='ltr'>τοῦ</span> <span class='ocrx_word' id='word_1_559' title='bbox 771 4270 904 4325; x_wconf 87' lang='grc' dir='ltr'><strong>Υίοῦ</strong></span> <span class='ocrx_word' id='word_1_560' title='bbox 934 4273 1030 4325; x_wconf 73' lang='grc' dir='ltr'>καὶ</span> <span class='ocrx_word' id='word_1_561' title='bbox 1055 4271 1152 4325; x_wconf 77' lang='grc' dir='ltr'><strong>τοῦ</strong></span> <span class='ocrx_word' id='word_1_562' title='bbox 1177 4272 1501 4344; x_wconf 83' lang='grc' dir='ltr'>Πνεύματος</span> <span class='ocrx_word' id='word_1_563' title='bbox 1543 4272 1661 4326; x_wconf 76' lang='grc' dir='ltr'>οὔτι</span> <span class='ocrx_word' id='word_1_564' title='bbox 1692 4291 1797 4327; x_wconf 88' lang='grc' dir='ltr'><strong>που</strong></span> 
     </span>
    </p>
   </div>
   <div class='ocr_carea' id='block_1_76' title="bbox 216 4360 1794 4432">
    <p class='ocr_par' dir='ltr' id='par_1_76' title="bbox 216 4360 1794 4432">
     <span class='ocr_line' id='line_1_76' title="bbox 216 4360 1794 4432; baseline 0.003 -18"><span class='ocrx_word' id='word_1_565' title='bbox 216 4361 318 4431; x_wconf 81' lang='grc' dir='ltr'>τὴν</span> <span class='ocrx_word' id='word_1_566' title='bbox 346 4360 583 4430; x_wconf 80' lang='grc' dir='ltr'>ὓπαρξιν</span> <span class='ocrx_word' id='word_1_567' title='bbox 639 4361 903 4426; x_wconf 83' lang='grc' dir='ltr'>ὡσαύτως</span> <span class='ocrx_word' id='word_1_568' title='bbox 961 4363 1107 4432; x_wconf 70' lang='grc' dir='ltr'>εχειν</span> <span class='ocrx_word' id='word_1_569' title='bbox 1142 4365 1555 4431; x_wconf 79' lang='grc' dir='ltr'>καταναγκάζει</span> <span class='ocrx_word' id='word_1_570' title='bbox 1584 4364 1794 4418; x_wconf 86' lang='grc' dir='ltr'>τούτων</span> 
     </span>
    </p>
   </div>
   <div class='ocr_carea' id='block_1_77' title="bbox 216 4445 1802 4528">
    <p class='ocr_par' dir='ltr' id='par_1_77' title="bbox 216 4445 1802 4528">
     <span class='ocr_line' id='line_1_77' title="bbox 216 4445 1802 4528; baseline 0 -18"><span class='ocrx_word' id='word_1_571' title='bbox 216 4457 444 4524; x_wconf 80' lang='grc' dir='ltr'>ἀμφοῖν,</span> <span class='ocrx_word' id='word_1_572' title='bbox 475 4455 552 4518; x_wconf 85' lang='grc' dir='ltr'>ὡς</span> <span class='ocrx_word' id='word_1_573' title='bbox 592 4445 845 4509; x_wconf 73' lang='grc' dir='ltr'>ἐντεῦθεν</span> <span class='ocrx_word' id='word_1_574' title='bbox 876 4456 1012 4524; x_wconf 83' lang='grc' dir='ltr'>μηδὲ</span> <span class='ocrx_word' id='word_1_575' title='bbox 1044 4455 1197 4521; x_wconf 79' lang='grc' dir='ltr'>τάξιν</span> <span class='ocrx_word' id='word_1_576' title='bbox 1233 4457 1356 4510; x_wconf 86' lang='grc' dir='ltr'>κατ’</span> <span class='ocrx_word' id='word_1_577' title='bbox 1393 4457 1564 4528; x_wconf 77' lang='grc' dir='ltr'>αὐτὴν</span> <span class='ocrx_word' id='word_1_578' title='bbox 1591 4458 1650 4510; x_wconf 72' lang='grc' dir='ltr'>ὲν</span> <span class='ocrx_word' id='word_1_579' title='bbox 1677 4458 1802 4510; x_wconf 80' lang='grc' dir='ltr'>τού-</span> 
     </span>
    </p>
   </div>
   <div class='ocr_carea' id='block_1_78' title="bbox 1898 3265 3482 3339">
    <p class='ocr_par' dir='ltr' id='par_1_78' title="bbox 1898 3265 3482 3339">
     <span class='ocr_line' id='line_1_78' title="bbox 1898 3265 3482 3339; baseline 0.003 -19"><span class='ocrx_word' id='word_1_580' title='bbox 1898 3267 2031 3321; x_wconf 84' lang='lat' dir='ltr'><strong>tiam</strong></span> <span class='ocrx_word' id='word_1_581' title='bbox 2062 3267 2290 3335; x_wconf 88' lang='lat' dir='ltr'><strong>pulchre</strong></span> <span class='ocrx_word' id='word_1_582' title='bbox 2330 3265 2541 3338; x_wconf 85' lang='lat' dir='ltr'><strong>callens</strong></span> <span class='ocrx_word' id='word_1_583' title='bbox 2572 3282 2807 3338; x_wconf 76' lang='lat' dir='ltr'><strong>magnus</strong></span> <span class='ocrx_word' id='word_1_584' title='bbox 2844 3266 3101 3332; x_wconf 85' lang='lat' dir='ltr'><strong>Basilius,</strong></span> <span class='ocrx_word' id='word_1_585' title='bbox 3141 3284 3366 3339; x_wconf 87' lang='lat' dir='ltr'><strong>easque,</strong></span> <span class='ocrx_word' id='word_1_586' title='bbox 3405 3273 3482 3324; x_wconf 90' lang='lat' dir='ltr'><strong>uti</strong></span> 
     </span>
    </p>
   </div>
   <div class='ocr_carea' id='block_1_79' title="bbox 1897 3357 3487 3429">
    <p class='ocr_par' dir='ltr' id='par_1_79' title="bbox 1897 3357 3487 3429">
     <span class='ocr_line' id='line_1_79' title="bbox 1897 3357 3487 3429; baseline 0.003 -17"><span class='ocrx_word' id='word_1_587' title='bbox 1897 3371 1996 3429; x_wconf 88' lang='lat' dir='ltr'><strong>par</strong></span> <span class='ocrx_word' id='word_1_588' title='bbox 2049 3367 2153 3423; x_wconf 90' lang='lat' dir='ltr'><strong>est,</strong></span> <span class='ocrx_word' id='word_1_589' title='bbox 2180 3366 2442 3428; x_wconf 87' lang='lat' dir='ltr'><strong>tanquam</strong></span> <span class='ocrx_word' id='word_1_590' title='bbox 2485 3357 2626 3413; x_wconf 86' lang='lat' dir='ltr'><strong>bene</strong></span> <span class='ocrx_word' id='word_1_591' title='bbox 2673 3359 2908 3413; x_wconf 81' lang='lat' dir='ltr'><strong>dictatas</strong></span> <span class='ocrx_word' id='word_1_592' title='bbox 2947 3359 3287 3429; x_wconf 85' lang='lat' dir='ltr'><strong>amplectens</strong></span> <span class='ocrx_word' id='word_1_593' title='bbox 3335 3363 3487 3416; x_wconf 75' lang='lat' dir='ltr'><strong>exci-</strong></span> 
     </span>
    </p>
   </div>
   <div class='ocr_carea' id='block_1_80' title="bbox 1899 3444 3488 3517">
    <p class='ocr_par' dir='ltr' id='par_1_80' title="bbox 1899 3444 3488 3517">
     <span class='ocr_line' id='line_1_80' title="bbox 1899 3444 3488 3517; baseline 0.004 -19"><span class='ocrx_word' id='word_1_594' title='bbox 1899 3444 2189 3515; x_wconf 86' lang='lat' dir='ltr'><strong>piensque,</strong></span> <span class='ocrx_word' id='word_1_595' title='bbox 2219 3457 2330 3499; x_wconf 91' lang='lat' dir='ltr'><strong>non</strong></span> <span class='ocrx_word' id='word_1_596' title='bbox 2373 3445 2839 3512; x_wconf 88' lang='lat' dir='ltr'><strong>immutationem,</strong></span> <span class='ocrx_word' id='word_1_597' title='bbox 2873 3463 2994 3517; x_wconf 67' lang='lat' dir='ltr'><strong>qua</strong></span> <span class='ocrx_word' id='word_1_598' title='bbox 3029 3450 3315 3504; x_wconf 89' lang='lat' dir='ltr'><strong>nominum</strong></span> <span class='ocrx_word' id='word_1_599' title='bbox 3349 3464 3488 3505; x_wconf 86' lang='lat' dir='ltr'><strong>enu-</strong></span> 
     </span>
    </p>
   </div>
   <div class='ocr_carea' id='block_1_81' title="bbox 1899 3535 3494 3612">
    <p class='ocr_par' dir='ltr' id='par_1_81' title="bbox 1899 3535 3494 3612">
     <span class='ocr_line' id='line_1_81' title="bbox 1899 3535 3494 3612; baseline 0.005 -24"><span class='ocrx_word' id='word_1_600' title='bbox 1899 3535 2222 3600; x_wconf 88' lang='lat' dir='ltr'><strong>meratione,</strong></span> <span class='ocrx_word' id='word_1_601' title='bbox 2255 3536 2350 3591; x_wconf 88' lang='lat' dir='ltr'><strong>sed</strong></span> <span class='ocrx_word' id='word_1_602' title='bbox 2384 3538 2686 3592; x_wconf 85' lang='lat' dir='ltr'><strong>secundum</strong></span> <span class='ocrx_word' id='word_1_603' title='bbox 2714 3539 3093 3594; x_wconf 78' lang='lat' dir='ltr'><strong>exsistentiam</strong></span> <span class='ocrx_word' id='word_1_604' title='bbox 3123 3541 3203 3605; x_wconf 84' lang='lat' dir='ltr'><strong>tit,</strong></span> <span class='ocrx_word' id='word_1_605' title='bbox 3237 3550 3494 3612; x_wconf 84' lang='lat' dir='ltr'><strong>transpo-</strong></span> 
     </span>
    </p>
   </div>
   <div class='ocr_carea' id='block_1_82' title="bbox 1898 3619 3490 3688">
    <p class='ocr_par' dir='ltr' id='par_1_82' title="bbox 1898 3619 3490 3688">
     <span class='ocr_line' id='line_1_82' title="bbox 1898 3619 3490 3688; baseline 0.003 -8"><span class='ocrx_word' id='word_1_606' title='bbox 1898 3622 2154 3681; x_wconf 81' lang='lat' dir='ltr'><strong>sitionem</strong></span> <span class='ocrx_word' id='word_1_607' title='bbox 2191 3619 2538 3684; x_wconf 87' lang='lat' dir='ltr'><strong>criminatur.</strong></span> <span class='ocrx_word' id='word_1_608' title='bbox 2587 3627 2980 3685; x_wconf 80' lang='lat' dir='ltr'><strong>Verumtamen</strong></span> <span class='ocrx_word' id='word_1_609' title='bbox 3012 3631 3316 3686; x_wconf 87' lang='lat' dir='ltr'><strong>secundum</strong></span> <span class='ocrx_word' id='word_1_610' title='bbox 3352 3631 3490 3688; x_wconf 82' lang='lat' dir='ltr'><strong>Gre.-</strong></span> 
     </span>
    </p>
   </div>
   <div class='ocr_carea' id='block_1_83' title="bbox 1899 3715 3490 3791">
    <p class='ocr_par' dir='ltr' id='par_1_83' title="bbox 1899 3715 3490 3791">
     <span class='ocr_line' id='line_1_83' title="bbox 1899 3715 3490 3791; baseline 0.005 -21"><span class='ocrx_word' id='word_1_611' title='bbox 1899 3719 2116 3788; x_wconf 75' lang='lat' dir='ltr'><strong>gorium</strong></span> <span class='ocrx_word' id='word_1_612' title='bbox 2175 3715 2515 3791; x_wconf 69' lang='lat' dir='ltr'><strong>Theologum</strong></span> <span class='ocrx_word' id='word_1_613' title='bbox 2579 3721 2858 3777; x_wconf 84' lang='lat' dir='ltr'><strong>honorem</strong></span> <span class='ocrx_word' id='word_1_614' title='bbox 2924 3722 3191 3791; x_wconf 67' lang='lat' dir='ltr'><strong>aequalem</strong></span> <span class='ocrx_word' id='word_1_615' title='bbox 3247 3721 3371 3780; x_wconf 80' lang='lat' dir='ltr'><strong>Filii</strong></span> <span class='ocrx_word' id='word_1_616' title='bbox 3435 3733 3490 3778; x_wconf 80' lang='lat' dir='ltr'><strong>et</strong></span> 
     </span>
    </p>
   </div>
   <div class='ocr_carea' id='block_1_84' title="bbox 1905 3810 3484 3884">
    <p class='ocr_par' dir='ltr' id='par_1_84' title="bbox 1905 3810 3484 3884">
     <span class='ocr_line' id='line_1_84' title="bbox 1905 3810 3484 3884; baseline 0.003 -18"><span class='ocrx_word' id='word_1_617' title='bbox 1905 3810 2153 3881; x_wconf 88' lang='lat' dir='ltr'><strong>Spiritus</strong></span> <span class='ocrx_word' id='word_1_618' title='bbox 2183 3819 2545 3881; x_wconf 90' lang='lat' dir='ltr'><strong>utrorumque</strong></span> <span class='ocrx_word' id='word_1_619' title='bbox 2570 3812 2947 3868; x_wconf 79' lang='lat' dir='ltr'><strong>exsistcutiam</strong></span> <span class='ocrx_word' id='word_1_620' title='bbox 2978 3829 3134 3884; x_wconf 60' lang='lat' dir='ltr'><strong>atque</strong></span> <span class='ocrx_word' id='word_1_621' title='bbox 3167 3814 3484 3881; x_wconf 84' lang='lat' dir='ltr'><strong>se-habere,</strong></span> 
     </span>
    </p>
   </div>
   <div class='ocr_carea' id='block_1_85' title="bbox 1901 3903 3492 3974">
    <p class='ocr_par' dir='ltr' id='par_1_85' title="bbox 1901 3903 3492 3974">
     <span class='ocr_line' id='line_1_85' title="bbox 1901 3903 3492 3974; baseline 0.003 -17"><span class='ocrx_word' id='word_1_622' title='bbox 1901 3917 2008 3957; x_wconf 89' lang='lat' dir='ltr'><strong>non</strong></span> <span class='ocrx_word' id='word_1_623' title='bbox 2046 3917 2264 3972; x_wconf 79' lang='lat' dir='ltr'><strong>cogere,</strong></span> <span class='ocrx_word' id='word_1_624' title='bbox 2304 3912 2362 3956; x_wconf 92' lang='lat' dir='ltr'><strong>ut</strong></span> <span class='ocrx_word' id='word_1_625' title='bbox 2394 3903 2521 3958; x_wconf 91' lang='lat' dir='ltr'><strong>inde</strong></span> <span class='ocrx_word' id='word_1_626' title='bbox 2551 3917 2730 3974; x_wconf 88' lang='lat' dir='ltr'><strong>neque</strong></span> <span class='ocrx_word' id='word_1_627' title='bbox 2754 3905 2890 3961; x_wconf 81' lang='lat' dir='ltr'><strong>crdo</strong></span> <span class='ocrx_word' id='word_1_628' title='bbox 2914 3907 3125 3961; x_wconf 80' lang='lat' dir='ltr'><strong>ratione</strong></span> <span class='ocrx_word' id='word_1_629' title='bbox 3153 3906 3299 3961; x_wconf 87' lang='lat' dir='ltr'><strong>illius</strong></span> <span class='ocrx_word' id='word_1_630' title='bbox 3322 3908 3376 3961; x_wconf 90' lang='lat' dir='ltr'><strong>in</strong></span> <span class='ocrx_word' id='word_1_631' title='bbox 3405 3907 3492 3962; x_wconf 82' lang='lat' dir='ltr'><strong>his</strong></span> 
     </span>
    </p>
   </div>
   <div class='ocr_carea' id='block_1_86' title="bbox 1900 3993 3490 4066">
    <p class='ocr_par' dir='ltr' id='par_1_86' title="bbox 1900 3993 3490 4066">
     <span class='ocr_line' id='line_1_86' title="bbox 1900 3993 3490 4066; baseline 0.003 -17"><span class='ocrx_word' id='word_1_632' title='bbox 1900 3994 2114 4064; x_wconf 79' lang='lat' dir='ltr'><strong>penitus</strong></span> <span class='ocrx_word' id='word_1_633' title='bbox 2143 3993 2334 4049; x_wconf 86' lang='lat' dir='ltr'><strong>nullus</strong></span> <span class='ocrx_word' id='word_1_634' title='bbox 2355 3995 2446 4060; x_wconf 86' lang='lat' dir='ltr'><strong>sit,</strong></span> <span class='ocrx_word' id='word_1_635' title='bbox 2482 4008 2551 4051; x_wconf 79' lang='lat' dir='ltr'><strong>ex</strong></span> <span class='ocrx_word' id='word_1_636' title='bbox 2582 3997 2913 4066; x_wconf 64' lang='lat' dir='ltr'><strong>praelaudata</strong></span> <span class='ocrx_word' id='word_1_637' title='bbox 2944 3998 3122 4057; x_wconf 83' lang='lat' dir='ltr'><strong>Patris</strong></span> <span class='ocrx_word' id='word_1_638' title='bbox 3155 3999 3490 4054; x_wconf 79' lang='lat' dir='ltr'><strong>aucwritate</strong></span> 
     </span>
    </p>
   </div>
   <div class='ocr_carea' id='block_1_87' title="bbox 1900 4083 3495 4160">
    <p class='ocr_par' dir='ltr' id='par_1_87' title="bbox 1900 4083 3495 4160">
     <span class='ocr_line' id='line_1_87' title="bbox 1900 4083 3495 4160; baseline 0.003 -20"><span class='ocrx_word' id='word_1_639' title='bbox 1900 4085 2157 4141; x_wconf 88' lang='lat' dir='ltr'><strong>omnibus</strong></span> <span class='ocrx_word' id='word_1_640' title='bbox 2215 4085 2569 4142; x_wconf 81' lang='lat' dir='ltr'><strong>manifestum</strong></span> <span class='ocrx_word' id='word_1_641' title='bbox 2621 4097 2869 4144; x_wconf 77' lang='lat' dir='ltr'><strong>remanet</strong></span> <span class='ocrx_word' id='word_1_642' title='bbox 2903 4103 2917 4142; x_wconf 86' lang='lat'><strong>:</strong></span> <span class='ocrx_word' id='word_1_643' title='bbox 2952 4083 3243 4145; x_wconf 73' lang='lat' dir='ltr'><strong>Metuone</strong></span> <span class='ocrx_word' id='word_1_644' title='bbox 3291 4092 3495 4160; x_wconf 83' lang='lat' dir='ltr'><strong>princi-</strong></span> 
     </span>
    </p>
   </div>
   <div class='ocr_carea' id='block_1_88' title="bbox 1903 4176 3494 4249">
    <p class='ocr_par' dir='ltr' id='par_1_88' title="bbox 1903 4176 3494 4249">
     <span class='ocr_line' id='line_1_88' title="bbox 1903 4176 3494 4249; baseline 0.005 -20"><span class='ocrx_word' id='word_1_645' title='bbox 1903 4177 2052 4248; x_wconf 83' lang='lat' dir='ltr'><strong>pium</strong></span> <span class='ocrx_word' id='word_1_646' title='bbox 2081 4176 2397 4246; x_wconf 78' lang='lat' dir='ltr'><strong>inferiorum</strong></span> <span class='ocrx_word' id='word_1_647' title='bbox 2435 4178 2754 4247; x_wconf 82' lang='lat' dir='ltr'><strong>principium</strong></span> <span class='ocrx_word' id='word_1_648' title='bbox 2807 4181 3028 4248; x_wconf 68' lang='lat' dir='ltr'><strong>faciam,</strong></span> <span class='ocrx_word' id='word_1_649' title='bbox 3077 4183 3162 4236; x_wconf 88' lang='lat' dir='ltr'><strong>his</strong></span> <span class='ocrx_word' id='word_1_650' title='bbox 3203 4183 3494 4249; x_wconf 82' lang='lat' dir='ltr'><strong>manifeste</strong></span> 
     </span>
    </p>
   </div>
   <div class='ocr_carea' id='block_1_89' title="bbox 1902 4269 3496 4344">
    <p class='ocr_par' dir='ltr' id='par_1_89' title="bbox 1902 4269 3496 4344">
     <span class='ocr_line' id='line_1_89' title="bbox 1902 4269 3496 4344; baseline 0.004 -19"><span class='ocrx_word' id='word_1_651' title='bbox 1902 4269 2161 4325; x_wconf 75' lang='lat' dir='ltr'><strong>indicans</strong></span> <span class='ocrx_word' id='word_1_652' title='bbox 2208 4270 2421 4339; x_wconf 70' lang='lat' dir='ltr'><strong>aequale</strong></span> <span class='ocrx_word' id='word_1_653' title='bbox 2475 4286 2706 4341; x_wconf 91' lang='lat' dir='ltr'><strong>prorsus</strong></span> <span class='ocrx_word' id='word_1_654' title='bbox 2761 4287 2884 4328; x_wconf 89' lang='lat' dir='ltr'><strong>esse</strong></span> <span class='ocrx_word' id='word_1_655' title='bbox 2931 4275 3267 4344; x_wconf 89' lang='lat' dir='ltr'><strong>principium</strong></span> <span class='ocrx_word' id='word_1_656' title='bbox 3323 4277 3496 4332; x_wconf 82' lang='lat' dir='ltr'><strong>etiam</strong></span> 
     </span>
    </p>
   </div>
   <div class='ocr_carea' id='block_1_90' title="bbox 1909 4362 3502 4437">
    <p class='ocr_par' dir='ltr' id='par_1_90' title="bbox 1909 4362 3502 4437">
     <span class='ocr_line' id='line_1_90' title="bbox 1909 4362 3502 4437; baseline 0.004 -21"><span class='ocrx_word' id='word_1_657' title='bbox 1909 4362 2040 4428; x_wconf 84' lang='lat' dir='ltr'><strong>illis,</strong></span> <span class='ocrx_word' id='word_1_658' title='bbox 2059 4362 2153 4432; x_wconf 93' lang='lat' dir='ltr'><strong>qui</strong></span> <span class='ocrx_word' id='word_1_659' title='bbox 2182 4376 2246 4418; x_wconf 78' lang='lat' dir='ltr'><strong>ex</strong></span> <span class='ocrx_word' id='word_1_660' title='bbox 2285 4362 2404 4432; x_wconf 88' lang='lat' dir='ltr'><strong>ipso</strong></span> <span class='ocrx_word' id='word_1_661' title='bbox 2422 4373 2634 4429; x_wconf 87' lang='lat' dir='ltr'><strong>sunt,et</strong></span> <span class='ocrx_word' id='word_1_662' title='bbox 2655 4365 2954 4435; x_wconf 75' lang='lat' dir='ltr'><strong>principale</strong></span> <span class='ocrx_word' id='word_1_663' title='bbox 2971 4365 3040 4420; x_wconf 86' lang='lat' dir='ltr'><strong>ab</strong></span> <span class='ocrx_word' id='word_1_664' title='bbox 3058 4367 3370 4437; x_wconf 57' lang='lat' dir='ltr'><strong>aequalitate</strong></span> <span class='ocrx_word' id='word_1_665' title='bbox 3388 4384 3502 4424; x_wconf 84' lang='lat' dir='ltr'><strong>non</strong></span> 
     </span>
    </p>
   </div>
   <div class='ocr_carea' id='block_1_91' title="bbox 1905 4449 3498 4531">
    <p class='ocr_par' dir='ltr' id='par_1_91' title="bbox 1905 4449 3498 4531">
     <span class='ocr_line' id='line_1_91' title="bbox 1905 4449 3498 4531; baseline 0.004 -25"><span class='ocrx_word' id='word_1_666' title='bbox 1905 4449 2114 4516; x_wconf 86' lang='lat' dir='ltr'><strong>dirimi,</strong></span> <span class='ocrx_word' id='word_1_667' title='bbox 2141 4466 2284 4521; x_wconf 64' lang='lat' dir='ltr'><strong>quae,</strong></span> <span class='ocrx_word' id='word_1_668' title='bbox 2311 4461 2372 4531; x_wconf 80' lang='lat' dir='ltr'><strong>ut</strong></span> <span class='ocrx_word' id='word_1_669' title='bbox 2393 4468 2518 4507; x_wconf 87' lang='lat' dir='ltr'><strong>cum</strong></span> <span class='ocrx_word' id='word_1_670' title='bbox 2545 4455 2738 4508; x_wconf 89' lang='lat' dir='ltr'><strong>eodem</strong></span> <span class='ocrx_word' id='word_1_671' title='bbox 2774 4456 2988 4524; x_wconf 86' lang='lat' dir='ltr'><strong>loquar,</strong></span> <span class='ocrx_word' id='word_1_672' title='bbox 3019 4459 3301 4526; x_wconf 64' lang='lat' dir='ltr'><strong>aqualem</strong></span> <span class='ocrx_word' id='word_1_673' title='bbox 3323 4459 3498 4513; x_wconf 88' lang='lat' dir='ltr'><strong>hono-</strong></span> 
     </span>
    </p>
   </div>
   <div class='ocr_carea' id='block_1_92' title="bbox 218 4541 1788 4620">
    <p class='ocr_par' dir='ltr' id='par_1_92' title="bbox 218 4547 1788 4620">
     <span class='ocr_line' id='line_1_92' title="bbox 218 4547 1788 4620; baseline 0.002 -21"><span class='ocrx_word' id='word_1_674' title='bbox 218 4563 334 4610; x_wconf 89' lang='grc' dir='ltr'>τοις</span> <span class='ocrx_word' id='word_1_675' title='bbox 369 4547 509 4609; x_wconf 81' lang='grc' dir='ltr'>ὅλως</span> <span class='ocrx_word' id='word_1_676' title='bbox 555 4547 733 4599; x_wconf 84' lang='grc' dir='ltr'>τελεῖν</span> <span class='ocrx_word' id='word_1_677' title='bbox 791 4547 1042 4612; x_wconf 80' lang='grc' dir='ltr'>αὐτόθεν,</span> <span class='ocrx_word' id='word_1_678' title='bbox 1080 4550 1144 4601; x_wconf 81' lang='grc' dir='ltr'>ὲκ</span> <span class='ocrx_word' id='word_1_679' title='bbox 1191 4550 1289 4619; x_wconf 84' lang='grc' dir='ltr'>τῆς</span> <span class='ocrx_word' id='word_1_680' title='bbox 1345 4549 1788 4620; x_wconf 72' lang='grc' dir='ltr'><strong>στεροεκτεθιείσης¹</strong></span> 
     </span>
    </p>
   </div>
   <div class='ocr_carea' id='block_1_93' title="bbox 1892 4541 3498 4620">
    <p class='ocr_par' dir='ltr' id='par_1_93' title="bbox 1908 4546 3498 4616">
     <span class='ocr_line' id='line_1_93' title="bbox 1908 4546 3498 4616; baseline 0.003 -18"><span class='ocrx_word' id='word_1_681' title='bbox 1908 4558 2024 4598; x_wconf 91' lang='lat' dir='ltr'><strong>rem</strong></span> <span class='ocrx_word' id='word_1_682' title='bbox 2070 4550 2304 4606; x_wconf 67' lang='lat' dir='ltr'><strong>naturae,</strong></span> <span class='ocrx_word' id='word_1_683' title='bbox 2335 4554 2388 4599; x_wconf 90' lang='lat' dir='ltr'><strong>et</strong></span> <span class='ocrx_word' id='word_1_684' title='bbox 2442 4546 2728 4600; x_wconf 71' lang='lat' dir='ltr'><strong>sententia:</strong></span> <span class='ocrx_word' id='word_1_685' title='bbox 2770 4549 3262 4616; x_wconf 79' lang='lat' dir='ltr'><strong>conspirationem,</strong></span> <span class='ocrx_word' id='word_1_686' title='bbox 3294 4557 3349 4603; x_wconf 90' lang='lat' dir='ltr'><strong>et</strong></span> <span class='ocrx_word' id='word_1_687' title='bbox 3381 4563 3498 4603; x_wconf 85' lang='lat' dir='ltr'><strong>mo-</strong></span> 
     </span>
    </p>
   </div>
   <div class='ocr_carea' id='block_1_94' title="bbox 218 4639 1801 4711">
    <p class='ocr_par' dir='ltr' id='par_1_94' title="bbox 218 4639 1801 4711">
     <span class='ocr_line' id='line_1_94' title="bbox 218 4639 1801 4711; baseline 0.003 -19"><span class='ocrx_word' id='word_1_688' title='bbox 218 4639 388 4707; x_wconf 80' lang='grc' dir='ltr'>λέγω,</span> <span class='ocrx_word' id='word_1_689' title='bbox 439 4639 712 4708; x_wconf 85' lang='grc' dir='ltr'>πατρικῆς</span> <span class='ocrx_word' id='word_1_690' title='bbox 750 4639 958 4711; x_wconf 86' lang='grc' dir='ltr'>ταύτης</span> <span class='ocrx_word' id='word_1_691' title='bbox 1014 4643 1290 4711; x_wconf 80' lang='grc' dir='ltr'>χρήσεως,</span> <span class='ocrx_word' id='word_1_692' title='bbox 1345 4641 1654 4710; x_wconf 82' lang='grc' dir='ltr'>καταφανὲς</span> <span class='ocrx_word' id='word_1_693' title='bbox 1686 4645 1801 4706; x_wconf 90' lang='grc' dir='ltr'>τοῖς</span> 
     </span>
    </p>
   </div>
   <div class='ocr_carea' id='block_1_95' title="bbox 221 4730 1803 4803">
    <p class='ocr_par' dir='ltr' id='par_1_95' title="bbox 221 4730 1803 4803">
     <span class='ocr_line' id='line_1_95' title="bbox 221 4730 1803 4803; baseline 0.001 -18"><span class='ocrx_word' id='word_1_694' title='bbox 221 4730 473 4785; x_wconf 82' lang='grc' dir='ltr'>ὁπωσοῦν</span> <span class='ocrx_word' id='word_1_695' title='bbox 502 4731 905 4794; x_wconf 85' lang='grc' dir='ltr'>ὲφιστάνουσιν.</span> <span class='ocrx_word' id='word_1_696' title='bbox 940 4731 1189 4787; x_wconf 74' lang='grc' dir='ltr'>Δέδοικα</span> <span class='ocrx_word' id='word_1_697' title='bbox 1224 4733 1356 4802; x_wconf 71' lang='grc' dir='ltr'>γὰρ,</span> <span class='ocrx_word' id='word_1_698' title='bbox 1411 4735 1578 4802; x_wconf 80' lang='grc' dir='ltr'>φησὶν</span> <span class='ocrx_word' id='word_1_699' title='bbox 1637 4737 1664 4786; x_wconf 90' lang='lat'><strong>6</strong></span> <span class='ocrx_word' id='word_1_700' title='bbox 1707 4735 1803 4803; x_wconf 87' lang='grc' dir='ltr'>μέ-</span> 
     </span>
    </p>
   </div>
   <div class='ocr_carea' id='block_1_96' title="bbox 220 4822 1801 4893">
    <p class='ocr_par' dir='ltr' id='par_1_96' title="bbox 220 4822 1801 4893">
     <span class='ocr_line' id='line_1_96' title="bbox 220 4822 1801 4893; baseline 0.001 -17"><span class='ocrx_word' id='word_1_701' title='bbox 220 4839 348 4892; x_wconf 85' lang='grc' dir='ltr'>γας,</span> <span class='ocrx_word' id='word_1_702' title='bbox 384 4823 501 4890; x_wconf 77' lang='grc' dir='ltr'>τὴν</span> <span class='ocrx_word' id='word_1_703' title='bbox 561 4823 763 4892; x_wconf 76' lang='grc' dir='ltr'>ἀρχὴν</span> <span class='ocrx_word' id='word_1_704' title='bbox 805 4822 893 4891; x_wconf 81' lang='grc' dir='ltr'><strong>μὴ</strong></span> <span class='ocrx_word' id='word_1_705' title='bbox 921 4825 1266 4878; x_wconf 75' lang='grc' dir='ltr'>ἐλαττόνων</span> <span class='ocrx_word' id='word_1_706' title='bbox 1317 4823 1518 4893; x_wconf 76' lang='grc' dir='ltr'>ἀρχὴν</span> <span class='ocrx_word' id='word_1_707' title='bbox 1542 4824 1801 4890; x_wconf 80' lang='grc' dir='ltr'>ποιήσω,</span> 
     </span>
    </p>
   </div>
   <div class='ocr_carea' id='block_1_97' title="bbox 1909 4633 3494 4696">
    <p class='ocr_par' dir='ltr' id='par_1_97' title="bbox 1909 4633 3494 4696">
     <span class='ocr_line' id='line_1_97' title="bbox 1909 4633 3494 4696; baseline 0.003 -6"><span class='ocrx_word' id='word_1_708' title='bbox 1909 4635 2075 4690; x_wconf 86' lang='lat' dir='ltr'><strong>tionis</strong></span> <span class='ocrx_word' id='word_1_709' title='bbox 2105 4633 2551 4690; x_wconf 78' lang='lat' dir='ltr'><strong>conformitatem</strong></span> <span class='ocrx_word' id='word_1_710' title='bbox 2578 4646 3000 4694; x_wconf 83' lang='lat' dir='ltr'><strong>commonstrat.</strong></span> <span class='ocrx_word' id='word_1_711' title='bbox 3061 4639 3137 4694; x_wconf 84' lang='lat' dir='ltr'><strong>De</strong></span> <span class='ocrx_word' id='word_1_712' title='bbox 3167 4641 3274 4695; x_wconf 87' lang='lat' dir='ltr'><strong>hoc</strong></span> <span class='ocrx_word' id='word_1_713' title='bbox 3295 4641 3494 4696; x_wconf 88' lang='lat' dir='ltr'><strong>eodem</strong></span> 
     </span>
    </p>
   </div>
   <div class='ocr_carea' id='block_1_98' title="bbox 1911 4722 3500 4802">
    <p class='ocr_par' dir='ltr' id='par_1_98' title="bbox 1911 4722 3500 4802">
     <span class='ocr_line' id='line_1_98' title="bbox 1911 4722 3500 4802; baseline 0.004 -20"><span class='ocrx_word' id='word_1_714' title='bbox 1911 4729 2108 4782; x_wconf 85' lang='lat' dir='ltr'><strong>iterum</strong></span> <span class='ocrx_word' id='word_1_715' title='bbox 2137 4728 2200 4781; x_wconf 88' lang='lat' dir='ltr'><strong>iu-</strong></span> <span class='ocrx_word' id='word_1_716' title='bbox 2243 4728 2481 4783; x_wconf 84' lang='lat' dir='ltr'><strong>secunda</strong></span> <span class='ocrx_word' id='word_1_717' title='bbox 2523 4722 2774 4792; x_wconf 86' lang='lat' dir='ltr'><strong>oratione</strong></span> <span class='ocrx_word' id='word_1_718' title='bbox 2819 4733 2886 4784; x_wconf 90' lang='lat' dir='ltr'><strong>de</strong></span> <span class='ocrx_word' id='word_1_719' title='bbox 2929 4745 3062 4800; x_wconf 84' lang='lat' dir='ltr'><strong>pace</strong></span> <span class='ocrx_word' id='word_1_720' title='bbox 3123 4732 3500 4802; x_wconf 85' lang='lat' dir='ltr'><strong>diviniloquus</strong></span> 
     </span>
    </p>
   </div>
   <div class='ocr_carea' id='block_1_99' title="bbox 1915 4820 3499 4892">
    <p class='ocr_par' dir='ltr' id='par_1_99' title="bbox 1915 4820 3499 4892">
     <span class='ocr_line' id='line_1_99' title="bbox 1915 4820 3499 4892; baseline 0.003 -18"><span class='ocrx_word' id='word_1_721' title='bbox 1915 4820 2020 4874; x_wconf 90' lang='lat' dir='ltr'><strong>iste</strong></span> <span class='ocrx_word' id='word_1_722' title='bbox 2048 4820 2252 4875; x_wconf 84' lang='lat' dir='ltr'><strong>clarius</strong></span> <span class='ocrx_word' id='word_1_723' title='bbox 2287 4820 2373 4875; x_wconf 89' lang='lat' dir='ltr'><strong>his</strong></span> <span class='ocrx_word' id='word_1_724' title='bbox 2417 4820 2600 4876; x_wconf 80' lang='lat' dir='ltr'><strong>verbis</strong></span> <span class='ocrx_word' id='word_1_725' title='bbox 2650 4823 3002 4892; x_wconf 85' lang='lat' dir='ltr'><strong>prosequitur</strong></span> <span class='ocrx_word' id='word_1_726' title='bbox 3035 4839 3049 4879; x_wconf 88' lang='lat'><strong>:</strong></span> <span class='ocrx_word' id='word_1_727' title='bbox 3106 4823 3346 4879; x_wconf 78' lang='lat' dir='ltr'><strong>Trinitas</strong></span> <span class='ocrx_word' id='word_1_728' title='bbox 3385 4841 3499 4880; x_wconf 77' lang='lat' dir='ltr'><strong>vere</strong></span> 
     </span>
    </p>
   </div>
   <div class='ocr_carea' id='block_1_100' title="bbox 221 4909 1788 4985">
    <p class='ocr_par' dir='ltr' id='par_1_100' title="bbox 221 4912 1788 4983">
     <span class='ocr_line' id='line_1_100' title="bbox 221 4912 1788 4983; baseline -0.003 -15"><span class='ocrx_word' id='word_1_729' title='bbox 221 4912 399 4983; x_wconf 79' lang='grc' dir='ltr'>δηλῶν</span> <span class='ocrx_word' id='word_1_730' title='bbox 427 4914 490 4966; x_wconf 78' lang='grc' dir='ltr'>ὲκ</span> <span class='ocrx_word' id='word_1_731' title='bbox 516 4912 714 4965; x_wconf 89' lang='grc' dir='ltr'>τούτου</span> <span class='ocrx_word' id='word_1_732' title='bbox 757 4913 943 4982; x_wconf 88' lang='grc' dir='ltr'>σαφῶς</span> <span class='ocrx_word' id='word_1_733' title='bbox 982 4913 1058 4976; x_wconf 75' lang='grc' dir='ltr'>ὡς</span> <span class='ocrx_word' id='word_1_734' title='bbox 1109 4912 1200 4981; x_wconf 84' lang='grc' dir='ltr'>ῐση</span> <span class='ocrx_word' id='word_1_735' title='bbox 1242 4915 1338 4966; x_wconf 75' lang='grc' dir='ltr'>καὶ</span> <span class='ocrx_word' id='word_1_736' title='bbox 1367 4915 1400 4982; x_wconf 81' lang='grc' dir='ltr'><strong>η</strong></span> <span class='ocrx_word' id='word_1_737' title='bbox 1425 4912 1570 4983; x_wconf 82' lang='grc' dir='ltr'>ἀρχὴ</span> <span class='ocrx_word' id='word_1_738' title='bbox 1599 4916 1713 4976; x_wconf 86' lang='grc' dir='ltr'>τοῖς</span> <span class='ocrx_word' id='word_1_739' title='bbox 1743 4914 1788 4979; x_wconf 68' lang='grc' dir='ltr'><strong>ἐξ</strong></span> 
     </span>
    </p>
   </div>
   <div class='ocr_carea' id='block_1_101' title="bbox 1892 4909 3500 4985">
    <p class='ocr_par' dir='ltr' id='par_1_101' title="bbox 1916 4909 3500 4985">
     <span class='ocr_line' id='line_1_101' title="bbox 1916 4909 3500 4985; baseline 0.006 -22"><span class='ocrx_word' id='word_1_740' title='bbox 1916 4909 2180 4975; x_wconf 80' lang='lat' dir='ltr'><strong>Trinitas,</strong></span> <span class='ocrx_word' id='word_1_741' title='bbox 2231 4911 2451 4980; x_wconf 76' lang='lat' dir='ltr'><strong>fratres,</strong></span> <span class='ocrx_word' id='word_1_742' title='bbox 2497 4910 2737 4967; x_wconf 79' lang='lat' dir='ltr'><strong>Trinitas</strong></span> <span class='ocrx_word' id='word_1_743' title='bbox 2796 4929 2900 4968; x_wconf 85' lang='lat' dir='ltr'><strong>non</strong></span> <span class='ocrx_word' id='word_1_744' title='bbox 2947 4916 3292 4985; x_wconf 77' lang='lat' dir='ltr'><strong>incequalium</strong></span> <span class='ocrx_word' id='word_1_745' title='bbox 3323 4924 3500 4972; x_wconf 74' lang='lat' dir='ltr'><strong>rerum</strong></span> 
     </span>
    </p>
   </div>
   <div class='ocr_carea' id='block_1_102' title="bbox 221 5001 1788 5077">
    <p class='ocr_par' dir='ltr' id='par_1_102' title="bbox 221 5003 1788 5077">
     <span class='ocr_line' id='line_1_102' title="bbox 221 5003 1788 5077; baseline -0.001 -17"><span class='ocrx_word' id='word_1_746' title='bbox 221 5003 394 5074; x_wconf 82' lang='grc' dir='ltr'>αὐτῆς</span> <span class='ocrx_word' id='word_1_747' title='bbox 423 5005 641 5067; x_wconf 78' lang='grc' dir='ltr'>πάντως</span> <span class='ocrx_word' id='word_1_748' title='bbox 673 5007 813 5071; x_wconf 63' lang='grc' dir='ltr'>εστὶ,</span> <span class='ocrx_word' id='word_1_749' title='bbox 845 5007 939 5059; x_wconf 72' lang='grc' dir='ltr'>καὶ</span> <span class='ocrx_word' id='word_1_750' title='bbox 993 5007 1052 5058; x_wconf 86' lang='grc' dir='ltr'>τὸ</span> <span class='ocrx_word' id='word_1_751' title='bbox 1093 5007 1327 5077; x_wconf 70' lang='grc' dir='ltr'>ἀρχικδν</span> <span class='ocrx_word' id='word_1_752' title='bbox 1355 5008 1455 5059; x_wconf 85' lang='grc' dir='ltr'>οὐκ</span> <span class='ocrx_word' id='word_1_753' title='bbox 1486 5007 1788 5076; x_wconf 77' lang='grc' dir='ltr'>ἀναιρεῖται</span> 
     </span>
    </p>
   </div>
   <div class='ocr_carea' id='block_1_103' title="bbox 1892 5001 3502 5077">
    <p class='ocr_par' dir='ltr' id='par_1_103' title="bbox 1911 5001 3502 5072">
     <span class='ocr_line' id='line_1_103' title="bbox 1911 5001 3502 5072; baseline 0.004 -19"><span class='ocrx_word' id='word_1_754' title='bbox 1911 5001 2262 5066; x_wconf 81' lang='lat' dir='ltr'><strong>enumeratio,</strong></span> <span class='ocrx_word' id='word_1_755' title='bbox 2294 5005 2388 5054; x_wconf 86' lang='lat' dir='ltr'><strong>sed</strong></span> <span class='ocrx_word' id='word_1_756' title='bbox 2411 5002 2623 5070; x_wconf 83' lang='lat' dir='ltr'><strong>parium</strong></span> <span class='ocrx_word' id='word_1_757' title='bbox 2655 5014 2702 5056; x_wconf 81' lang='lat' dir='ltr'><strong>et</strong></span> <span class='ocrx_word' id='word_1_758' title='bbox 2744 5020 2808 5057; x_wconf 77' lang='lat' dir='ltr'><strong>ea:</strong></span> <span class='ocrx_word' id='word_1_759' title='bbox 2850 5020 2998 5072; x_wconf 73' lang='lat' dir='ltr'><strong>sequo</strong></span> <span class='ocrx_word' id='word_1_760' title='bbox 3049 5006 3295 5060; x_wconf 78' lang='lat' dir='ltr'><strong>honorem</strong></span> <span class='ocrx_word' id='word_1_761' title='bbox 3333 5010 3502 5070; x_wconf 80' lang='lat' dir='ltr'><strong>possi-</strong></span> 
     </span>
    </p>
   </div>
   <div class='ocr_carea' id='block_1_104' title="bbox 223 5095 1788 5170">
    <p class='ocr_par' dir='ltr' id='par_1_104' title="bbox 223 5095 1788 5170">
     <span class='ocr_line' id='line_1_104' title="bbox 223 5095 1788 5170; baseline 0.001 -20"><span class='ocrx_word' id='word_1_762' title='bbox 223 5095 360 5169; x_wconf 74' lang='grc' dir='ltr'>πρὸς</span> <span class='ocrx_word' id='word_1_763' title='bbox 389 5097 490 5166; x_wconf 84' lang='grc' dir='ltr'>τῆς</span> <span class='ocrx_word' id='word_1_764' title='bbox 532 5099 822 5169; x_wconf 76' lang='grc' dir='ltr'>ίσότητος,’</span> <span class='ocrx_word' id='word_1_765' title='bbox 841 5100 983 5170; x_wconf 70' lang='grc' dir='ltr'>ἠτιῖ,</span> <span class='ocrx_word' id='word_1_766' title='bbox 1013 5099 1134 5151; x_wconf 85' lang='grc' dir='ltr'>κατ’</span> <span class='ocrx_word' id='word_1_767' title='bbox 1167 5100 1332 5152; x_wconf 84' lang='grc' dir='ltr'>αὑτὸν</span> <span class='ocrx_word' id='word_1_768' title='bbox 1361 5099 1569 5152; x_wconf 73' lang='grc' dir='ltr'>ἐκεῖνον</span> <span class='ocrx_word' id='word_1_769' title='bbox 1599 5101 1788 5165; x_wconf 56' lang='grc' dir='ltr'><strong>εἰπεῖνἸ</strong></span> 
     </span>
    </p>
   </div>
   <div class='ocr_carea' id='block_1_105' title="bbox 1892 5095 3503 5170">
    <p class='ocr_par' dir='ltr' id='par_1_105' title="bbox 1913 5096 3503 5168">
     <span class='ocr_line' id='line_1_105' title="bbox 1913 5096 3503 5168; baseline 0.006 -21"><span class='ocrx_word' id='word_1_770' title='bbox 1913 5096 2148 5148; x_wconf 83' lang='lat' dir='ltr'><strong>dentium</strong></span> <span class='ocrx_word' id='word_1_771' title='bbox 2179 5096 2596 5164; x_wconf 81' lang='lat' dir='ltr'><strong>comprehensio,</strong></span> <span class='ocrx_word' id='word_1_772' title='bbox 2629 5097 2833 5167; x_wconf 87' lang='lat' dir='ltr'><strong>quibus</strong></span> <span class='ocrx_word' id='word_1_773' title='bbox 2864 5113 2991 5168; x_wconf 73' lang='lat' dir='ltr'><strong>erga</strong></span> <span class='ocrx_word' id='word_1_774' title='bbox 3039 5099 3259 5155; x_wconf 85' lang='lat' dir='ltr'><strong>Patrem</strong></span> <span class='ocrx_word' id='word_1_775' title='bbox 3295 5098 3417 5155; x_wconf 81' lang='lat' dir='ltr'><strong>Filii</strong></span> <span class='ocrx_word' id='word_1_776' title='bbox 3450 5111 3503 5156; x_wconf 81' lang='lat' dir='ltr'><strong>et</strong></span> 
     </span>
    </p>
   </div>
   <div class='ocr_carea' id='block_1_106' title="bbox 222 5181 1788 5260">
    <p class='ocr_par' dir='ltr' id='par_1_106' title="bbox 222 5181 1788 5260">
     <span class='ocr_line' id='line_1_106' title="bbox 222 5181 1788 5260; baseline 0 -17"><span class='ocrx_word' id='word_1_777' title='bbox 222 5187 517 5260; x_wconf 80' lang='grc' dir='ltr'>ὁμοτιμίαν</span> <span class='ocrx_word' id='word_1_778' title='bbox 544 5188 784 5257; x_wconf 84' lang='grc' dir='ltr'>φύσεως,</span> <span class='ocrx_word' id='word_1_779' title='bbox 811 5181 914 5244; x_wconf 69' lang='grc' dir='ltr'>’καὶ</span> <span class='ocrx_word' id='word_1_780' title='bbox 947 5189 1173 5260; x_wconf 86' lang='grc' dir='ltr'>γνώμης</span> <span class='ocrx_word' id='word_1_781' title='bbox 1200 5187 1530 5258; x_wconf 86' lang='grc' dir='ltr'>σύμπνοιαν,</span> <span class='ocrx_word' id='word_1_782' title='bbox 1556 5191 1652 5242; x_wconf 86' lang='grc' dir='ltr'>καὶ</span> <span class='ocrx_word' id='word_1_783' title='bbox 1670 5207 1788 5245; x_wconf 69' lang='lat' dir='ltr'><strong>rau-</strong></span> 
     </span>
    </p>
   </div>
   <div class='ocr_carea' id='block_1_107' title="bbox 1892 5181 3500 5260">
    <p class='ocr_par' dir='ltr' id='par_1_107' title="bbox 1916 5185 3500 5260">
     <span class='ocr_line' id='line_1_107' title="bbox 1916 5185 3500 5260; baseline 0.004 -21"><span class='ocrx_word' id='word_1_784' title='bbox 1916 5185 2152 5260; x_wconf 62' lang='lat' dir='ltr'><strong>Spiri’tus</strong></span> <span class='ocrx_word' id='word_1_785' title='bbox 2191 5185 2479 5257; x_wconf 72' lang='lat' dir='ltr'><strong>puritatem</strong></span> <span class='ocrx_word' id='word_1_786' title='bbox 2506 5187 2797 5243; x_wconf 81' lang='lat' dir='ltr'><strong>conﬁrmat</strong></span> <span class='ocrx_word' id='word_1_787' title='bbox 2838 5207 2852 5244; x_wconf 82' lang='grc' dir='ltr'><strong>ι</strong></span> <span class='ocrx_word' id='word_1_788' title='bbox 2897 5190 2993 5244; x_wconf 87' lang='lat' dir='ltr'><strong>sed</strong></span> <span class='ocrx_word' id='word_1_789' title='bbox 3036 5191 3500 5259; x_wconf 85' lang='lat' dir='ltr'><strong>quemadmodum</strong></span> 
     </span>
    </p>
   </div>
   <div class='ocr_carea' id='block_1_108' title="bbox 225 5257 1788 5349">
    <p class='ocr_par' dir='ltr' id='par_1_108' title="bbox 225 5257 1788 5349">
     <span class='ocr_line' id='line_1_108' title="bbox 225 5257 1788 5349; baseline 0.002 -16"><span class='ocrx_word' id='word_1_790' title='bbox 225 5257 427 5349; x_wconf 80' lang='grc' dir='ltr'>τότητα</span> <span class='ocrx_word' id='word_1_791' title='bbox 466 5281 740 5349; x_wconf 84' lang='grc' dir='ltr'>κινήσεως</span> <span class='ocrx_word' id='word_1_792' title='bbox 779 5257 1229 5349; x_wconf 36' lang='lat' dir='ltr'><strong>between-Hegi.</strong></span> <span class='ocrx_word' id='word_1_793' title='bbox 1269 5257 1466 5332; x_wconf 84' lang='grc' dir='ltr'>τούτου</span> <span class='ocrx_word' id='word_1_794' title='bbox 1511 5280 1676 5334; x_wconf 84' lang='grc' dir='ltr'>πάλιν</span> <span class='ocrx_word' id='word_1_795' title='bbox 1739 5285 1788 5336; x_wconf 57' lang='lat' dir='ltr'><strong>si</strong></span> 
     </span>
    </p>
   </div>
   <div class='ocr_carea' id='block_1_109' title="bbox 1892 5257 3499 5349">
    <p class='ocr_par' dir='ltr' id='par_1_109' title="bbox 1916 5257 3499 5348">
     <span class='ocr_line' id='line_1_109' title="bbox 1916 5257 3499 5348; baseline 0.004 -16"><span class='ocrx_word' id='word_1_796' title='bbox 1916 5257 2362 5348; x_wconf 58' lang='lat' dir='ltr'><strong>hisce‘paternus</strong></span> <span class='ocrx_word' id='word_1_797' title='bbox 2416 5282 2553 5333; x_wconf 83' lang='lat' dir='ltr'><strong>ordo</strong></span> <span class='ocrx_word' id='word_1_798' title='bbox 2604 5295 2712 5334; x_wconf 92' lang='lat' dir='ltr'><strong>non</strong></span> <span class='ocrx_word' id='word_1_799' title='bbox 2761 5281 2998 5348; x_wconf 74' lang='lat' dir='ltr'><strong>laeditur,</strong></span> <span class='ocrx_word' id='word_1_800' title='bbox 3031 5257 3152 5337; x_wconf 76' lang='lat' dir='ltr'><strong>cum</strong></span> <span class='ocrx_word' id='word_1_801' title='bbox 3191 5283 3295 5338; x_wconf 85' lang='lat' dir='ltr'><strong>hac</strong></span> <span class='ocrx_word' id='word_1_802' title='bbox 3332 5285 3499 5338; x_wconf 77' lang='lat' dir='ltr'><strong>etiam</strong></span> 
     </span>
    </p>
   </div>
   <div class='ocr_carea' id='block_1_110' title="bbox 223 5370 1788 5443">
    <p class='ocr_par' dir='ltr' id='par_1_110' title="bbox 223 5370 1788 5443">
     <span class='ocr_line' id='line_1_110' title="bbox 223 5370 1788 5443; baseline 0.001 -20"><span class='ocrx_word' id='word_1_803' title='bbox 223 5370 466 5442; x_wconf 82' lang='grc' dir='ltr'>δευτέρῳ</span> <span class='ocrx_word' id='word_1_804' title='bbox 531 5371 641 5423; x_wconf 83' lang='grc' dir='ltr'>τῶν</span> <span class='ocrx_word' id='word_1_805' title='bbox 705 5373 1012 5442; x_wconf 82' lang='grc' dir='ltr'>Είρηνικῶν</span> <span class='ocrx_word' id='word_1_806' title='bbox 1073 5371 1406 5442; x_wconf 86' lang='grc' dir='ltr'>τρανότερον</span> <span class='ocrx_word' id='word_1_807' title='bbox 1473 5375 1501 5426; x_wconf 90' lang='lat'><strong>6</strong></span> <span class='ocrx_word' id='word_1_808' title='bbox 1542 5372 1788 5443; x_wconf 73' lang='grc' dir='ltr'>θεηγόροι</span> 
     </span>
    </p>
   </div>
   <div class='ocr_carea' id='block_1_111' title="bbox 1892 5370 3506 5443">
    <p class='ocr_par' dir='ltr' id='par_1_111' title="bbox 1919 5371 3506 5442">
     <span class='ocr_line' id='line_1_111' title="bbox 1919 5371 3506 5442; baseline 0.006 -19"><span class='ocrx_word' id='word_1_809' title='bbox 1919 5371 2131 5427; x_wconf 80' lang='lat' dir='ltr'><strong>ratione</strong></span> <span class='ocrx_word' id='word_1_810' title='bbox 2173 5371 2336 5426; x_wconf 88' lang='lat' dir='ltr'><strong>Pater</strong></span> <span class='ocrx_word' id='word_1_811' title='bbox 2393 5373 2725 5442; x_wconf 87' lang='lat' dir='ltr'><strong>principium</strong></span> <span class='ocrx_word' id='word_1_812' title='bbox 2808 5375 2902 5441; x_wconf 90' lang='lat' dir='ltr'><strong>sit,</strong></span> <span class='ocrx_word' id='word_1_813' title='bbox 2949 5376 3031 5432; x_wconf 84' lang='lat' dir='ltr'><strong>sic</strong></span> <span class='ocrx_word' id='word_1_814' title='bbox 3082 5387 3135 5431; x_wconf 91' lang='lat' dir='ltr'><strong>et</strong></span> <span class='ocrx_word' id='word_1_815' title='bbox 3188 5377 3241 5430; x_wconf 83' lang='lat' dir='ltr'><strong>in</strong></span> <span class='ocrx_word' id='word_1_816' title='bbox 3286 5375 3424 5432; x_wconf 81' lang='lat' dir='ltr'><strong>Filio</strong></span> <span class='ocrx_word' id='word_1_817' title='bbox 3453 5388 3506 5432; x_wconf 80' lang='lat' dir='ltr'><strong>et</strong></span> 
     </span>
    </p>
   </div>
   <div class='ocr_carea' id='block_1_112' title="bbox 225 5455 1788 5536">
    <p class='ocr_par' dir='ltr' id='par_1_112' title="bbox 225 5455 1788 5534">
     <span class='ocr_line' id='line_1_112' title="bbox 225 5455 1788 5534; baseline 0.003 -19"><span class='ocrx_word' id='word_1_818' title='bbox 225 5455 379 5526; x_wconf 71' lang='grc' dir='ltr'>οὗτος</span> <span class='ocrx_word' id='word_1_819' title='bbox 422 5462 668 5530; x_wconf 79' lang='grc' dir='ltr'>διέξεισι,</span> <span class='ocrx_word' id='word_1_820' title='bbox 705 5464 895 5530; x_wconf 82' lang='grc' dir='ltr'>Τριὰς,</span> <span class='ocrx_word' id='word_1_821' title='bbox 939 5465 1135 5531; x_wconf 84' lang='grc' dir='ltr'>λέγων,</span> <span class='ocrx_word' id='word_1_822' title='bbox 1171 5465 1251 5529; x_wconf 84' lang='grc' dir='ltr'><strong>ὡς</strong></span> <span class='ocrx_word' id='word_1_823' title='bbox 1274 5463 1517 5532; x_wconf 70' lang='grc' dir='ltr'>ἀληθῶς</span> <span class='ocrx_word' id='word_1_824' title='bbox 1547 5465 1586 5532; x_wconf 75' lang='grc' dir='ltr'>ἡ</span> <span class='ocrx_word' id='word_1_825' title='bbox 1614 5465 1788 5534; x_wconf 80' lang='grc' dir='ltr'>Τριὰς</span> 
     </span>
    </p>
   </div>
   <div class='ocr_carea' id='block_1_113' title="bbox 1892 5455 3501 5536">
    <p class='ocr_par' dir='ltr' id='par_1_113' title="bbox 1921 5463 3501 5536">
     <span class='ocr_line' id='line_1_113' title="bbox 1921 5463 3501 5536; baseline 0.001 -18"><span class='ocrx_word' id='word_1_826' title='bbox 1921 5463 2126 5534; x_wconf 84' lang='lat' dir='ltr'><strong>Spiritu</strong></span> <span class='ocrx_word' id='word_1_827' title='bbox 2161 5465 2356 5519; x_wconf 90' lang='lat' dir='ltr'><strong>horum</strong></span> <span class='ocrx_word' id='word_1_828' title='bbox 2411 5465 2694 5533; x_wconf 58' lang='lat' dir='ltr'><strong>aequalitas</strong></span> <span class='ocrx_word' id='word_1_829' title='bbox 2734 5465 3008 5533; x_wconf 88' lang='lat' dir='ltr'><strong>ordinem,</strong></span> <span class='ocrx_word' id='word_1_830' title='bbox 3038 5467 3132 5536; x_wconf 91' lang='lat' dir='ltr'><strong>qui</strong></span> <span class='ocrx_word' id='word_1_831' title='bbox 3161 5468 3214 5522; x_wconf 94' lang='lat' dir='ltr'><strong>in</strong></span> <span class='ocrx_word' id='word_1_832' title='bbox 3257 5467 3366 5522; x_wconf 89' lang='lat' dir='ltr'><strong>illis</strong></span> <span class='ocrx_word' id='word_1_833' title='bbox 3397 5475 3501 5529; x_wconf 83' lang='lat' dir='ltr'><strong>est,</strong></span> 
     </span>
    </p>
   </div>
   <div class='ocr_carea' id='block_1_114' title="bbox 225 5553 1788 5627">
    <p class='ocr_par' dir='ltr' id='par_1_114' title="bbox 225 5554 1787 5626">
     <span class='ocr_line' id='line_1_114' title="bbox 225 5554 1787 5626; baseline 0.002 -16"><span class='ocrx_word' id='word_1_834' title='bbox 225 5554 502 5624; x_wconf 66' lang='grc' dir='ltr'>ἀδελφοὶ,</span> <span class='ocrx_word' id='word_1_835' title='bbox 547 5554 718 5624; x_wconf 85' lang='grc' dir='ltr'>Τριὰς</span> <span class='ocrx_word' id='word_1_836' title='bbox 761 5556 829 5608; x_wconf 79' lang='grc' dir='ltr'>δὲ</span> <span class='ocrx_word' id='word_1_837' title='bbox 884 5558 957 5610; x_wconf 84' lang='grc' dir='ltr'><strong>οὐ</strong></span> <span class='ocrx_word' id='word_1_838' title='bbox 996 5555 1358 5626; x_wconf 78' lang='grc' dir='ltr'>πραγμάτων</span> <span class='ocrx_word' id='word_1_839' title='bbox 1399 5557 1632 5612; x_wconf 80' lang='grc' dir='ltr'>ἀνίσων</span> <span class='ocrx_word' id='word_1_840' title='bbox 1661 5558 1787 5613; x_wconf 76' lang='grc' dir='ltr'><strong>ἀπα</strong></span> 
     </span>
    </p>
   </div>
   <div class='ocr_carea' id='block_1_115' title="bbox 1892 5553 3504 5627">
    <p class='ocr_par' dir='ltr' id='par_1_115' title="bbox 1919 5553 3504 5627">
     <span class='ocr_line' id='line_1_115' title="bbox 1919 5553 3504 5627; baseline 0.003 -18"><span class='ocrx_word' id='word_1_841' title='bbox 1919 5553 2145 5609; x_wconf 89' lang='lat' dir='ltr'><strong>minime</strong></span> <span class='ocrx_word' id='word_1_842' title='bbox 2193 5555 2423 5611; x_wconf 90' lang='lat' dir='ltr'><strong>dirimit.</strong></span> <span class='ocrx_word' id='word_1_843' title='bbox 2473 5554 2630 5610; x_wconf 88' lang='lat' dir='ltr'><strong>Hunc</strong></span> <span class='ocrx_word' id='word_1_844' title='bbox 2679 5557 2864 5627; x_wconf 85' lang='lat' dir='ltr'><strong>itaque</strong></span> <span class='ocrx_word' id='word_1_845' title='bbox 2905 5558 3164 5613; x_wconf 87' lang='lat' dir='ltr'><strong>ordinem</strong></span> <span class='ocrx_word' id='word_1_846' title='bbox 3215 5558 3270 5613; x_wconf 91' lang='lat' dir='ltr'><strong>in</strong></span> <span class='ocrx_word' id='word_1_847' title='bbox 3304 5555 3504 5613; x_wconf 81' lang='lat' dir='ltr'><strong>Triade</strong></span> 
     </span>
    </p>
   </div>
   <div class='ocr_carea' id='block_1_116' title="bbox 222 5645 1788 5727">
    <p class='ocr_par' dir='ltr' id='par_1_116' title="bbox 222 5646 1788 5717">
     <span class='ocr_line' id='line_1_116' title="bbox 222 5646 1788 5717; baseline 0.001 -18"><span class='ocrx_word' id='word_1_848' title='bbox 222 5646 530 5717; x_wconf 77' lang='grc' dir='ltr'>ριθμησις,</span> <span class='ocrx_word' id='word_1_849' title='bbox 560 5646 700 5700; x_wconf 68' lang='grc' dir='ltr'><strong>ἀλλ’</strong></span> <span class='ocrx_word' id='word_1_850' title='bbox 729 5647 880 5701; x_wconf 75' lang='grc' dir='ltr'>ἴσων</span> <span class='ocrx_word' id='word_1_851' title='bbox 919 5647 1020 5702; x_wconf 83' lang='grc' dir='ltr'>καὶ</span> <span class='ocrx_word' id='word_1_852' title='bbox 1045 5649 1350 5715; x_wconf 77' lang='grc' dir='ltr'>ὁμοτίμων</span> <span class='ocrx_word' id='word_1_853' title='bbox 1381 5647 1735 5717; x_wconf 57' lang='grc' dir='ltr'>σύλληψις,</span> <span class='ocrx_word' id='word_1_854' title='bbox 1754 5651 1788 5702; x_wconf 63' lang='grc' dir='ltr'>ιλ</span> 
     </span>
    </p>
   </div>
   <div class='ocr_carea' id='block_1_117' title="bbox 1892 5645 3506 5727">
    <p class='ocr_par' dir='ltr' id='par_1_117' title="bbox 1922 5645 3506 5727">
     <span class='ocr_line' id='line_1_117' title="bbox 1922 5645 3506 5727; baseline 0.001 -29"><span class='ocrx_word' id='word_1_855' title='bbox 1922 5658 2251 5701; x_wconf 80' lang='lat' dir='ltr'><strong>conservare</strong></span> <span class='ocrx_word' id='word_1_856' title='bbox 2315 5645 2551 5702; x_wconf 80' lang='lat' dir='ltr'><strong>maxime</strong></span> <span class='ocrx_word' id='word_1_857' title='bbox 2606 5647 2988 5727; x_wconf 71' lang='lat' dir='ltr'><strong>necessarium</strong></span> <span class='ocrx_word' id='word_1_858' title='bbox 3049 5656 3175 5712; x_wconf 71' lang='lat' dir='ltr'><strong>est,</strong></span> <span class='ocrx_word' id='word_1_859' title='bbox 3230 5662 3394 5718; x_wconf 88' lang='lat' dir='ltr'><strong>quem</strong></span> <span class='ocrx_word' id='word_1_860' title='bbox 3453 5657 3506 5700; x_wconf 87' lang='lat' dir='ltr'><strong>ct</strong></span> 
     </span>
    </p>
   </div>
   <div class='ocr_carea' id='block_1_118' title="bbox 224 5729 1788 5809">
    <p class='ocr_par' dir='ltr' id='par_1_118' title="bbox 224 5729 1788 5809">
     <span class='ocr_line' id='line_1_118' title="bbox 224 5729 1788 5809; baseline -0.004 -16"><span class='ocrx_word' id='word_1_861' title='bbox 224 5729 303 5793; x_wconf 79' lang='grc' dir='ltr'><strong>ὧν</strong></span> <span class='ocrx_word' id='word_1_862' title='bbox 353 5739 453 5809; x_wconf 76' lang='grc' dir='ltr'>τὴν</span> <span class='ocrx_word' id='word_1_863' title='bbox 501 5740 636 5809; x_wconf 74' lang='grc' dir='ltr'>πρὸς</span> <span class='ocrx_word' id='word_1_864' title='bbox 665 5739 757 5792; x_wconf 62' lang='grc' dir='ltr'>τὶν</span> <span class='ocrx_word' id='word_1_865' title='bbox 787 5738 1005 5806; x_wconf 78' lang='grc' dir='ltr'>Πατέρα</span> <span class='ocrx_word' id='word_1_866' title='bbox 1067 5740 1402 5806; x_wconf 72' lang='grc' dir='ltr'>παρίστησιν</span> <span class='ocrx_word' id='word_1_867' title='bbox 1441 5740 1666 5809; x_wconf 61' lang='grc' dir='ltr'>ἰσότητα</span> <span class='ocrx_word' id='word_1_868' title='bbox 1716 5739 1788 5792; x_wconf 72' lang='grc' dir='ltr'>τοὶ</span> 
     </span>
    </p>
   </div>
   <div class='ocr_carea' id='block_1_119' title="bbox 1892 5729 3507 5809">
    <p class='ocr_par' dir='ltr' id='par_1_119' title="bbox 1925 5735 3507 5807">
     <span class='ocr_line' id='line_1_119' title="bbox 1925 5735 3507 5807; baseline 0.003 -15"><span class='ocrx_word' id='word_1_869' title='bbox 1925 5753 2160 5807; x_wconf 78' lang='lat' dir='ltr'><strong>magnus</strong></span> <span class='ocrx_word' id='word_1_870' title='bbox 2198 5735 2534 5793; x_wconf 79' lang='lat' dir='ltr'><strong>Athanasius</strong></span> <span class='ocrx_word' id='word_1_871' title='bbox 2568 5737 2804 5807; x_wconf 87' lang='lat' dir='ltr'><strong>perbelle</strong></span> <span class='ocrx_word' id='word_1_872' title='bbox 2827 5740 3046 5795; x_wconf 71' lang='lat' dir='ltr'><strong>callens</strong></span> <span class='ocrx_word' id='word_1_873' title='bbox 3067 5741 3314 5796; x_wconf 77' lang='lat' dir='ltr'><strong>oratione</strong></span> <span class='ocrx_word' id='word_1_874' title='bbox 3339 5739 3507 5796; x_wconf 77' lang='lat' dir='ltr'><strong>tertia</strong></span> 
     </span>
    </p>
   </div>
   <div class='ocr_carea' id='block_1_120' title="bbox 303 5898 1395 5965">
    <p class='ocr_par' dir='ltr' id='par_1_120' title="bbox 303 5898 1395 5965">
     <span class='ocr_line' id='line_1_120' title="bbox 303 5898 1395 5965; baseline -0.004 -11"><span class='ocrx_word' id='word_1_875' title='bbox 303 5900 348 5930; x_wconf 84' lang='lat'>“</span> <span class='ocrx_word' id='word_1_876' title='bbox 375 5900 522 5958; x_wconf 81' lang='lat' dir='ltr'><strong>Psal.</strong></span> <span class='ocrx_word' id='word_1_877' title='bbox 551 5915 812 5965; x_wconf 70' lang='grc' dir='ltr'>οιιιγιιι,</span> <span class='ocrx_word' id='word_1_878' title='bbox 844 5900 893 5956; x_wconf 87' lang='grc'><strong>7.</strong></span> <span class='ocrx_word' id='word_1_879' title='bbox 936 5898 1162 5955; x_wconf 80' lang='lat' dir='ltr'><strong>&quot;Joan.</strong></span> <span class='ocrx_word' id='word_1_880' title='bbox 1202 5914 1311 5956; x_wconf 73' lang='lat' dir='ltr'><strong>xlv.</strong></span> <span class='ocrx_word' id='word_1_881' title='bbox 1345 5899 1395 5952; x_wconf 86' lang='lat'><strong>9.</strong></span> 
     </span>
    </p>
   </div>
  </div>
