4132 6428
186 432 337 500 1113

1046 433 1145 504 DE
1184 441 1704 504 PROCESSIONE
1746 443 1805 503 S.
1849 442 2211 506 SPIRITUS
2253 445 2475 506 ORAT.
2520 445 2570 507 Ι.

3338 437 3471 503 liii

268 551 364 610 λε’.
394 552 539 608 ⁹Αλλ’
571 553 661 607 ἵνα
689 552 750 606 τδ
788 553 899 608 ἀπὸ
950 555 1108 608 τοῦδε
1141 557 1238 608 καὶ
1273 555 1375 618 τὰς
1424 556 1674 625 κλήσεις,
1705 548 1782 610 ὧν

1956 557 2048 610 55.
2088 555 2194 612 Sed
2257 565 2316 612 ut
2373 557 2540 612 etiam
2597 551 3013 624 appellationes,
3073 550 3275 621 quibus
3327 551 3472 606 inter

188 646 458 714 ἀλληλοις
498 645 856 700 κοινωνοῦσιν
896 647 924 699 ὅ
973 663 1030 699 τε
1066 646 1196 710 Υίδς
1234 648 1330 700 καὶ
1373 647 1434 699 τὸ
1465 646 1693 716 Πνεῦμα
1727 646 1788 699 τὸ

187 739 382 805 ἅγιον,
417 739 444 790 6
479 739 580 808 μὲν
609 738 964 808 ἁναφορικῶς
1006 738 1145 807 πρὸς
1187 740 1282 792 τὸν
1329 740 1554 808 Πατέρα
1579 739 1786 800 ταύτας

189 830 632 900 ὀνομαζόμενος,
679 832 741 884 τὸ
764 831 822 885 δὲ
860 832 1090 901 Πνεῦμα
1135 829 1274 900 πρὸς
1306 831 1401 884 τὸν
1455 832 1609 897 Υίὸν,
1651 810 1789 903 πρὸς

188 925 431 986 ταύταις
461 929 556 978 καὶ
592 924 764 977 τᾶλλα
814 924 998 977 πάντα
1041 925 1111 977 δι’
1146 917 1234 977 ὧν
1280 924 1647 994 κηρύττεται,
1694 925 1788 978 καὶ

195 1014 412 1081 μᾶλλον
440 1016 471 1084 ἡ
500 1017 558 1080 ἐν
589 1014 784 1082 Τριάδι
809 1014 967 1080 τάξις
996 1014 1388 1083 λαμπρότερον
1419 1015 1609 1067 ἐνθάδε
1646 1032 1791 1085 προ--

192 1105 464 1176 Θήσομεν.
509 1107 705 1160 Εικὼν
730 1109 758 1160 6
793 1107 919 1169 Υἱὸς
953 1105 1047 1160 τοῦ
1087 1108 1322 1176 Πατρδς,
1362 1108 1532 1162 εἰκὼν
1565 1109 1660 1160 καὶ
1692 1106 1788 1160 τοῦ

192 1193 336 1247 Υἱοῦ
370 1194 429 1246 τὸ
461 1195 689 1264 Πνεῦμα
721 1196 778 1247 τὸ
805 1194 989 1262 ἅγιον,
1037 1197 1223 1260 καθὼς
1268 1199 1296 1249 6
1326 1197 1553 1266 Νύσσης
1581 1197 1790 1266 Γρηγό-

196 1303 320 1356 pro;
355 1287 446 1338 τὸν
477 1286 570 1339 τοῦ
605 1286 1043 1356 Θαυματουργοῦ
1071 1289 1379 1358 Γρηγορίου
1414 1289 1530 1359 βίον
1572 1292 1652 1351 εἰς
1693 1289 1790 1358 ζῆ·

196 1376 298 1429 λον
336 1378 539 1448 ἀρετῆς
574 1377 966 1446 ἀφηγούμενος
993 1381 1051 1432 ἐν
1089 1383 1155 1450 τῇ
1183 1380 1323 1450 πρὸς
1359 1380 1547 1433 τοῦτον
1579 1384 1788 1433 ἀποκα-

194 1467 470 1545 λυφθείσῃ
532 1463 900 1541 μυσταγωγία
947 1473 1100 1539 παρὰ
1129 1473 1224 1526 τοῦ
1273 1471 1510 1543 πρώτως
1558 1474 1616 1526 ὲν
1668 1475 1782 1535 τοῖς

198 1558 505 1624 αὐτόπταις
539 1561 632 1613 τοῦ
663 1563 841 1630 Λόγου
871 1563 1321 1631 θεολογήσαντος.
1366 1563 1532 1615 αὑτὸν
1574 1565 1789 1615 ἐκεῖνον

195 1651 295 1704 τὸν
317 1651 727 1722 Εὑαγγελιστὴν
743 1653 1003 1723 Ἰωάννην
1020 1655 1354 1724 παρίστησιν
1375 1655 1786 1708 ἐκδιδάσκοντα.

197 1744 368 1810 Λέγει
397 1745 506 1814 γὰρ
548 1748 727 1798 ἐκεῖσε
752 1746 893 1816 πρὸς
923 1746 1056 1808 ἔπος
1091 1746 1239 1799 οὕτω
1285 1732 1596 1814 τρανότατα
1623 1761 1639 1776 ·
1680 1745 1791 1800 Kal

197 1835 274 1888 ἐν
312 1837 556 1904 Πνεῦμα
611 1837 785 1905 ἅγιον
821 1837 892 1891 ἐκ
951 1836 1101 1892 Θεοῦ
1163 1836 1278 1905 τὴν
1324 1837 1590 1904 ὓπαρξιν
1619 1836 1785 1906 ἕχον,

203 1927 308 1980 καὶ
339 1927 437 1981 διὰ
480 1928 613 1983 Υιοῦ
662 1929 937 1997 πεφηνὸς
979 1928 1216 1996 δηλαδὴ
1263 1929 1388 1993 τοῖς
1432 1928 1784 1996 ἀνθρώποις,

197 2020 386 2073 εἰκὼν
412 2019 516 2073 τοῦ
559 2020 718 2084 Υιοῦ,
768 2019 1003 2073 τελείου
1063 2020 1281 2076 τελεία.
1317 2019 1424 2073 Ναὶ
1467 2019 1573 2089 μὴν
1621 2020 1717 2071 καὶ
1762 2021 1791 2073 6

201 2111 352 2174 Θεῖος
391 2110 713 2174 Ἀθανάσιος
743 2113 800 2164 ὲν
825 2114 891 2180 τῇ
923 2112 1059 2180 πρὸς
1090 2111 1419 2180 Σεραπίωνα
1439 2112 1532 2162 τὸν
1562 2107 1789 2164 ἐπίσκο-

202 2220 308 2256 πον
344 2201 602 2271 ἐπιστολῇ
634 2202 865 2269 βεϐαιοῖ.
898 2201 1133 2266 Δίεξεισι
1165 2201 1277 2271 γὰρ
1304 2201 1400 2253 καὶ
1431 2193 1587 2263 οὗτος
1614 2199 1790 2252 ταῦτα

203 2291 427 2362 ρητῶςυ
471 2291 670 2344 Είκὼν
734 2291 844 2345 τοῦ
901 2291 1040 2345 Υἱοῦ
1093 2291 1335 2361 λέγεται
1386 2289 1485 2342 καί
1536 2292 1668 2344 ἐστι
1725 2287 1790 2341 τὸ

199 2381 470 2449 Πνεῦμα.
516 2383 964 2454 Καιμαρτυρὶαν
1004 2386 1200 2450 ἐπάγει
1230 2381 1512 2451 παριυθὺς
1554 2383 1792 2435 ἀποστο-

199 2474 389 2542 λικήν.
450 2493 469 2526 ι
515 2475 633 2541 οὓς
677 2474 813 2545 γὰρ,
853 2494 873 2528 ι
923 2476 1080 2543 φησὶ,
1131 2494 1149 2526 ι
1187 2475 1479 2544 προέγνω,
1535 2477 1793 2542 τούτους

200 2565 304 2619 καί
328 2565 626 2634 προώρισε
678 2567 1077 2635 συμμόρφους
1108 2566 1217 2634 τῆς
1246 2569 1485 2631 εἰκόνος
1525 2569 1632 2622 τοῦ
1658 2570 1792 2623 Υιοῦ

200 2659 417 2713 αὐτοῦ.
459 2677 478 2710 ι
518 2660 584 2712 Τί
614 2660 669 2713 δέ
694 2661 847 2712 ἐστιν
898 2649 1065 2712 εἰκὼν
1103 2661 1130 2712 6
1183 2659 1448 2729 Θεολὸγος
1490 2661 1794 2731 Γρηγόρμος

204 2748 267 2799 ὲν
295 2746 372 2815 τῷ
400 2749 528 2815 περὶ
562 2747 696 2801 Υἱοῦ
743 2748 982 2819 δευτέρῳ
1017 2750 1162 2818 λόγῳ
1192 2750 1571 2819 διερμηνεύει,
1612 2769 1792 2822 σαφηο

207 2837 374 2919 νίζων
403 2838 546 2891 οῦτω
575 2840 674 2894 καὶ
707 2839 980 2900 συντιθείς
1003 2857 1018 2872 ο
1056 2840 1253 2894 Είκὼν
1275 2842 1346 2893 δὲ
1369 2841 1476 2895 τοῦ
1509 2843 1742 2912 Πατρὸς
1762 2848 1796 2899 δ

213 2922 350 2997 Ῡίύς
377 2931 459 2997 ὡς
487 2932 832 3000 όμοούσιος,
861 2934 957 2985 καὶ
1008 2932 1101 2985 ὅτι
1149 2933 1330 2987 τοῦτο
1367 2934 1624 3001 ἐκεῖθεν,
1652 2938 1793 2990 ἀλλ’

203 3024 322 3077 οὐκ
353 3023 421 3076 ἐκ
454 3026 672 3078 τούτου
726 3023 950 3092 Πατήρ.
1002 3024 1156 3091 Αὕτη
1193 3026 1303 3092 γὰρ
1354 3026 1563 3090 εἰκόνος
1611 3028 1793 3094 φύσις,

209 3114 442 3186 μίμημα
477 3111 619 3169 εἶναι
650 3115 744 3168 τοῦ
777 3116 1093 3186 ἀρχετύπου
1123 3132 1136 3145 ·
1161 3116 1274 3170 Καὶ
1310 3112 1372 3170 οὗ
1419 3117 1662 3184 λέγεται,
1698 3119 1798 3171 πά-

206 3208 294 3259 λιν
331 3210 532 3276 μορφὴ
584 3207 679 3261 τοῦ
713 3209 926 3278 [ἰατρὸς
959 3210 986 3260 6
1017 3209 1168 3273 Υίὸς,
1203 3209 1389 3278 μορφὴ
1417 3208 1511 3260 καὶ
1538 3209 1632 3262 τοῦ
1665 3208 1794 3263 Υίοῦ
1828 3243 1864 3294 C

205 3299 266 3350 τὸ
304 3298 530 3368 Πνεῦμα
563 3300 624 3351 τὸ
657 3299 833 3368 ἅγιον.
865 3301 1002 3367 Περὶ
1036 3299 1229 3352 τούτου
1265 3300 1630 3367 διαλαμϐάνει
1652 3301 1797 3354 κατὰ

204 3388 306 3457 τὴν
327 3389 458 3458 πρὸς
475 3390 801 3459 Σεραπίωνα
820 3389 912 3442 τὸν
930 3391 955 3441 ὲ
968 3389 1239 3442 πίσκοπον
1257 3390 1552 3461 ἐπιστολὴν
1569 3391 1596 3442 6
1618 3390 1797 3458 μέγας

204 3481 525 3542 διδάσκαλος
549 3469 894 3544 ’λθανάσιος,
919 3485 983 3535 Et
1000 3481 1068 3534 δὲ
1092 3482 1158 3535 τὸ
1187 3483 1452 3550 Πνεῦμα,
1475 3482 1675 3550 λέγων,
1705 3485 1800 3536 εὐ-

207 3574 356 3627 ωδία
395 3574 490 3628 καί
513 3575 715 3643 μορφή
746 3575 850 3629 τοῦ
891 3576 1027 3628 Υιοῦ
1050 3577 1241 3637 ἐστιν,
1278 3575 1546 3642 εὔδηλον
1573 3579 1652 3642 ὡς
1686 3579 1799 3630 οὐκ

208 3665 288 3720 ἂν
312 3666 406 3732 ειη
435 3666 500 3719 τὸ
531 3667 779 3735 Πνεῦμα
801 3667 1028 3736 κτίσμα
1051 3684 1064 3696 ·
1092 3667 1302 3735 ἐπειδὴ
1345 3669 1441 3720 καὶ
1479 3671 1510 3722 ό
1538 3670 1692 3732 Υἱὸς,
1733 3669 1803 3721 ἐν

205 3760 408 3830 μορφῇ
425 3759 531 3814 τοῦ
556 3760 705 3813 Θεοῦ
732 3761 1036 3827 ὑπάρχων,
1057 3762 1170 3814 οὐκ
1193 3761 1323 3814 ἐστι
1340 3762 1583 3829 κτίσμα.
1609 3764 1803 3829 Πρόσ-

210 3866 379 3904 ωπον
407 3849 562 3912 αὖθις
586 3848 708 3914 ίτοῦ
748 3851 959 3920 Πατρὸς
999 3852 1027 3902 6
1081 3851 1227 3914 Υίδς,
1257 3852 1550 3922 πρόσωπον
1588 3854 1681 3906 καὶ
1705 3853 1812 3925 τοῦ.

212 3942 347 3996 Υίοῦ
369 3943 431 3994 τὸ
458 3941 688 4012 Πνεῦμα
703 3943 766 3996 τὸ
786 3943 970 4011 ἅγιον.
993 3944 1138 3997 ’Δλλ’
1159 3944 1242 3998 ὅτι
1266 3951 1365 4014 μὲν
1389 3947 1687 4016 πρόσωπον
1709 3947 1802 4000 τοῦ

213 4036 431 4106 Πατρὸς
463 4039 492 4090 6
522 4037 652 4099 Υίδς
677 4039 706 4089 6
726 4037 1018 4100 Θεσπέσιος
1047 4037 1320 4109 πολλαχοῦ
1350 4039 1574 4103 διέξεισι
1603 4040 1806 4110 Κύριλ-

211 4126 327 4192 λος.
367 4125 460 4179 Ἐν
493 4125 597 4196 μιν
625 4130 692 4198 τῇ
726 4128 1000 4199 ἑρμηνείᾳ
1034 4128 1128 4182 τοῦ
1155 4133 1302 4183 κατὰ
1335 4129 1594 4199 Ἰωάννην
1621 4131 1808 4200 Εὐαγ-

211 4218 400 4288 γιλίου
426 4221 491 4290 τῇ
541 4219 620 4282 είς
655 4219 714 4274 τὺ
736 4221 900 4291 ῥητὸν
929 4220 1009 4285 τὸ,
1041 4239 1059 4272 ι
1087 4216 1300 4277 Ἦντὸ
1333 4221 1460 4291 φῶς
1502 4223 1570 4277 τὸ
1603 4224 1810 4290 ἀληθι-

212 4311 329 4364 νόν
354 4328 368 4342 ο
391 4331 422 4363 ιι
462 4310 686 4380 Ἀμέλει
704 4311 771 4364 τὸ
794 4312 1125 4380 πρόσωπον
1147 4313 1254 4367 τοῦ
1273 4313 1529 4368 Θεοῦκαὶ
1552 4317 1804 4384 Πατρός,

214 4405 538 4457 τουτέστιν
574 4407 607 4458 ό
640 4403 771 4470 Υἱὸς
829 4395 1079 4474 χορηγεῖ
1124 4403 1202 4474 τῇ
1251 4407 1449 4459 κτίσει
1486 4407 1596 4461 τὸν
1627 4425 1808 4476 φωτι-

215 4494 397 4562 σμόν-ο
415 4493 620 4562 ὁμοίως
638 4496 732 4555 καὶ
756 4495 836 4557 είς
855 4493 938 4558 τὸ,
967 4511 987 4546 s
1031 4494 1381 4562 Ἐργιίζεσθε
1402 4496 1489 4565 μὴ
1525 4496 1637 4563 τὴν
1650 4497 1810 4563 ,βρῶ-

1889 665 2012 706 sese
2057 659 2250 704 mutuo
2289 647 2706 703 communicant
2744 645 2914 699 Filius
2959 652 3013 696 et
3057 642 3299 712 Spiritus
3353 658 3474 696 san-

1889 751 2032 800 ctus.
2065 742 2153 796 ille
2185 741 2425 811 quidem,
2458 755 2581 794 cum
2615 738 2846 793 refertur
2877 736 2942 790 ad
2976 737 3214 797 Patrem,
3252 749 3346 788 eas
3369 733 3473 789 sibi

1888 833 2197 894 vindicans,
2236 831 2474 898 Spiritus
2511 844 2642 883 vero
2683 844 2807 883 cum
2847 825 3086 880 refertur
3144 825 3208 878 ad
3246 822 3472 887 Filium,

1889 934 1943 978 et
2004 905 2197 993 praeter
2229 923 2327 976 has
2382 921 2592 990 reliqua
2648 921 2857 982 omnia,
2895 933 2993 987 per
3035 933 3158 986 qua:
3197 917 3470 984 praecipue

1890 1018 2201 1082 clariusque
2247 1015 2299 1067 iu
2353 1011 2624 1067 Trinitate
2671 1013 2806 1066 ordo
2860 1011 3212 1080 praedicatur,
3263 1009 3365 1063 hoc
3421 1009 3476 1063 in

1896 1107 2016 1160 loco
2063 1119 2418 1173 apponemus.
2470 1107 2655 1171 Imago
2687 1101 2857 1154 Filius
2905 1112 2988 1154 est
3036 1098 3238 1156 Patris.
3296 1099 3478 1167 imago

1892 1199 2054 1253 etiam
2089 1198 2211 1251 Filii
2249 1195 2489 1265 Spiritus
2541 1205 2786 1256 sanctus,
2831 1204 2888 1246 ut
2937 1191 3222 1263 Nysseuus
3271 1190 3479 1259 (ἔνθεο.

1893 1290 2010 1342 rius
2038 1289 2287 1356 Gregorii
2320 1286 2718 1354 Thaumaturgi
2767 1301 2854 1340 res
2894 1297 3080 1355 gestas
3125 1284 3192 1338 ad
3233 1284 3480 1334 excitatae

1893 1383 2022 1434 dum
2059 1381 2125 1435 ad
2158 1382 2384 1435 virtutes
2415 1380 2658 1433 animum
2709 1393 2996 1438 euarrans,
3054 1377 3107 1429 in
3147 1376 3482 1429 revcla-Iione

1895 1473 2016 1527 lidei
2052 1473 2117 1526 ad
2155 1473 2300 1525 hunc
2346 1471 2547 1540 ipsum,
2574 1471 2755 1540 primo
2802 1469 2945 1533 inter
2977 1483 3075 1522 eos
3109 1469 3200 1536 qui
3240 1466 3479 1522 Verbum

1893 1567 2190 1629 viderant,
2251 1565 2541 1626 dictante,
2609 1565 2762 1617 illum
2837 1564 3020 1632 ipsqu
3089 1561 3480 1627 evangelistam

1892 1658 2155 1713 Joannem
2209 1656 2492 1711 dor-cutem
2543 1655 2868 1709 introducit.
2928 1653 3152 1707 Fatetur
3210 1653 3357 1704 enim
3409 1651 3484 1705 ibi

1895 1751 2011 1805 hac
2061 1750 2127 1804 ad
2200 1749 2427 1802 verbum
2485 1749 2872 1817 apertissime:
2932 1745 2997 1798 Et
3038 1761 3186 1797 unus
3245 1742 3484 1811 Spiritus

1896 1852 2112 1896 sanctus
2133 1858 2198 1896 ea:
2226 1839 2333 1893 Deo
2384 1841 2754 1894 exsiszeutiam
2810 1837 3024 1897 habens.
3057 1845 3106 1890 et
3143 1852 3235 1904 per
3281 1833 3486 1887 Filium

1900 1947 2186 1998 apparens,
2238 1929 2540 1982 liominibti's
2597 1930 2818 1993 scilicet,
2873 1929 3048 1996 imago
3101 1925 3232 1978 Filii
3269 1925 3486 1994 perfecti

1897 2023 2151 2091 perchta.
2205 2021 2469 2074 Praeterea
2503 2020 2722 2074 divinus
2756 2018 3093 2071 Athanasius
3115 2017 3180 2070 ad
3235 2015 3488 2082 Serapio-

1901 2127 2024 2166 nem
2077 2112 2395 2180 episcOpum
2459 2109 2688 2178 epistola
2759 2108 2809 2162 id
2875 2109 3186 2161 oeulirmat.
3249 2092 3489 2173 Usurpat

1900 2205 2044 2258 enim
2081 2203 2198 2257 haec
2239 2203 2518 2272 ipsissima
2551 2201 2713 2254 verba
2752 2219 2765 2254 :
2813 2199 3001 2268 Imago
3045 2196 3178 2253 Filii
3212 2200 3415 2251 dicitur
3436 2206 3488 2251 et

1880 2291 1977 2350 .‘est
2010 2294 2260 2364 Spiritus.
2292 2293 2357 2347 Et
2379 2292 2760 2348 testimonium
2793 2291 2976 2345 statim
3009 2305 3074 2345 ex
3107 2291 3368 2358 Apostolo
3393 2303 3490 2354 pe-

1901 2386 2060 2449 titum
2087 2386 2255 2440 addit.
2283 2402 2301 2436 ι
2335 2383 2482 2448 Quos
2505 2385 2660 2446 enim,
2679 2401 2696 2434 ι
2738 2384 2834 2444 ait,
2861 2401 2880 2433 ι
2905 2383 3278 2450 rra'cognooit,
3311 2381 3405 2433 hos
3439 2386 3491 2432 et

1899 2477 2298 2547 pra‘desliuavit
2329 2474 2622 2542 conformes
2654 2473 2902 2541 imaginis
2927 2471 3054 2525 Filii
3078 2467 3223 2526 illius
3248 2471 3311 2522 ’⁸.
3329 2489 3348 2522 ι
3381 2468 3490 2523 Sed

1900 2569 2029 2640 quid
2079 2569 2259 2637 imago
2305 2567 2375 2621 sit
2423 2564 2718 2634 Gregorius
2753 2565 3066 2634 'I'heologus
3107 2563 3357 2616 oratione
3397 2574 3490 2615 se-

1901 2661 2078 2716 cunda
2105 2661 2170 2714 de
2203 2658 2340 2712 Filio
2367 2658 2451 2712 his
2485 2659 2659 2710 Verbis
2692 2655 3034 2723 apertissime
3060 2654 3312 2718 declarat
3341 2666 3493 2704 com-

1901 2754 2163 2824 ponitque
2202 2769 2216 2803 :
2253 2749 2441 2819 Imago
2491 2765 2610 2803 vero
2643 2746 2824 2800 Patris
2867 2745 3065 2803 Filius.
3101 2758 3354 2813 tauquam
3401 2744 3492 2811 qui

1901 2846 1985 2899 illi
2021 2841 2496 2896 consubstantialis
2521 2849 2622 2904 est,
2657 2848 2706 2892 et
2726 2839 2864 2907 quod
2894 2837 2992 2890 hoc
3033 2837 3155 2890 inde
3173 2849 3271 2900 est,
3297 2852 3399 2895 non
3429 2850 3494 2888 ex

1901 2957 1960 2994 eo
1989 2938 2173 2995 Pater.
2201 2936 2325 2990 llam
2341 2939 2485 2990 enim
2517 2935 2770 3003 imaginis
2802 2942 2996 2984 natura
3023 2943 3105 2985 est
3131 2931 3491 2986 imitationem

1902 3050 2024 3088 esse
2057 3034 2357 3102 archetypi.
2403 3030 2467 3083 Et
2497 3030 2589 3083 ubi
2630 3028 2832 3082 dicitur
2866 3041 3060 3079 rursus
3097 3025 3271 3089 [arma
3315 3025 3494 3079 Putris

1904 3125 2099 3189 Filius,
2133 3122 2308 3177 forma
2357 3131 2404 3175 et
2461 3119 2581 3173 Filii
2611 3120 2850 3188 Spiritus
2900 3127 3126 3170 sanctus
3192 3117 3488 3169 asseritur.

1906 3217 1980 3269 De
2013 3217 2113 3269 hoc
2177 3214 2340 3268 etiam
2385 3221 2586 3266 tractat
2654 3225 2887 3280 magnus
2927 3209 3120 3262 doctor
3157 3205 3496 3261 Athanasius

1901 3309 1965 3362 ad
1986 3306 2343 3376 Serapionem
2374 3305 2690 3372 episcopum
2716 3301 2945 3368 epistola
2973 3318 2987 3354 :
3012 3301 3165 3364 Quod
3186 3300 3232 3352 si
3258 3298 3495 3367 Spiritus

1902 3400 2067 3452 bonus
2121 3377 2255 3451 odor
2306 3406 2354 3448 et
2404 3395 2580 3459 [arma
2641 3391 2775 3446 Filii
2820 3391 3110 3460 esttplanc
3149 3390 3495 3450 manifestum

1902 3500 2136 3544 remanet
2179 3487 2439 3554 Spiritum
2479 3495 2782 3539 creaturam
2826 3501 2931 3557 non
2965 3499 3096 3540 esse.
3141 3497 3258 3534 cum
3317 3491 3365 3534 et
3401 3479 3496 3531 Fi-

1903 3583 2004 3636 lius
2033 3584 2086 3634 in
2118 3582 2291 3648 {arma
2320 3578 2416 3632 Dei
2445 3577 2709 3631 exsistens
2751 3586 3002 3629 creatura
3028 3591 3132 3628 non
3165 3583 3262 3626 est.
3303 3569 3494 3633 Eacies

1909 3689 2100 3729 rursus
2165 3666 2347 3725 Patris
2402 3668 2599 3737 Filius,
2645 3668 2814 3723 facies
2864 3668 3027 3720 etiam
3083 3663 3496 3734 Filii_Spiritus

1905 3775 2150 3821 sanctus.
2186 3763 2291 3818 Sed
2322 3763 2512 3817 faciem
2539 3776 2663 3815 esse
2698 3761 2813 3815 sive
2843 3759 3052 3812 vultum
3082 3756 3265 3808 Patris
3294 3753 3495 3807 Filium

1905 3856 2155 3926 pluribus
2188 3854 2240 3908 in
2284 3855 2418 3909 locis
2458 3852 2701 3906 inculcat
2735 3849 2991 3921 Cyrillus.
3051 3847 3108 3900 lu
3149 3845 3496 3913 expositione

1907 3948 2190 4017 Evangelii
2257 3946 2562 4001 secundum
2642 3942 2912 3998 Joannem
2990 3941 3057 3993 ad
3127 3939 3216 3993 illa
3287 3935 3497 3990 verba:

1913 4059 1932 4091 ι
1972 4037 2108 4093 Erat
2168 4037 2262 4091 lux
2317 4053 2439 4091 uera
2493 4037 2562 4100 ”,
2617 4053 2635 4087 ι
2702 4033 2871 4088 Plane
2931 4031 3097 4100 facies
3156 4029 3253 4082 Dei
3292 4037 3343 4081 et
3387 4025 3521 4080 Pa-.

1909 4135 2008 4186 tris
2051 4170 2066 4194 ,
2144 4131 2241 4184 hoc
2301 4140 2377 4184 est
2446 4127 2668 4193 Filius,
2717 4127 2977 4196 elargitur
3055 4131 3320 4177 creatum
3373 4119 3498 4172 illu-

1908 4225 2275 4280 minutionem.
2299 4221 2365 4276 Et
2393 4222 2447 4276 in
2477 4219 2610 4274 illud
2635 4235 2649 4273 :
2686 4238 2704 4272 ι
2737 4217 3050 4289 Operamini
3081 4232 3182 4269 non
3207 4214 3382 4267 cibum
3407 4212 3499 4283 qui

1909 4318 2044 4383 perit
2077 4317 2147 4380 “,
2193 4334 2211 4367 ι
2252 4312 2474 4368 Faciem
2499 4314 2638 4366 enim
2685 4310 2780 4366 Dei
2809 4320 2859 4366 et
2902 4308 3085 4364 Patris
3139 4306 3346 4361 Filium
3386 4320 3501 4360 esse

1914 4408 2154 4472 tradunt,
2192 4407 2281 4476 qui
2327 4416 2404 4460 est
2447 4399 2742 4459 character.
2795 4403 2999 4456 Lumen
3033 4412 3212 4455 autem
3263 4414 3329 4453 ex
3361 4400 3498 4467 ipso,

1913 4501 2146 4570 gratiam
2196 4514 2288 4566 per
2337 4496 2602 4567 Spiritum
2660 4498 2713 4550 in
2747 4505 3056 4551 creaturam
3095 4495 3496 4564 pervenientem.

203 4599 323 4638 ’σιν
348 4583 464 4649 τὴν
495 4585 950 4653 ἀπολλυμένην.
990 4607 1007 4637 ι
1031 4587 1363 4653 Πρόσωπον
1389 4589 1499 4656 τὰρ
1532 4589 1634 4642 τοῦ
1659 4589 1799 4642 Θεοῦ

1913 4591 1976 4644 Ει
2007 4597 2129 4660 post
2159 4605 2331 4654 pauca
2379 4606 2393 4642 :
2428 4587 2564 4643 Cum
2591 4605 2733 4652 vero,
2801 4590 3006 4641 nemine
3050 4586 3105 4639 id
3145 4586 3499 4648 improbante,

216 4678 318 4730 καί
373 4678 604 4744 Πατρός
651 4677 760 4730 τὸν
816 4680 951 4731 Υίέν
1001 4675 1152 4732 εἶναι
1210 4680 1424 4748 φασιν,
1478 4679 1626 4749 ὅπερ
1674 4681 1809 4734 ἐστι

217 4767 410 4822 πάλιν
441 4771 474 4823 ό
501 4770 813 4837 χαρακτήρ
839 4787 852 4798 ·
890 4769 1015 4838 φῶς
1050 4771 1118 4823 δὲ
1155 4773 1223 4824 τὸ
1253 4773 1324 4836 ἐξ
1353 4773 1540 4827 αὑτοῦ
1566 4773 1683 4842 τὴν
1711 4775 1809 4829 διὰ

216 4862 325 4918 τοῦ
371 4865 722 4932 Πνεύματος
777 4863 877 4916 ἐπὶ
907 4865 1023 4930 τὴν
1066 4866 1271 4918 κτίσιν
1316 4865 1660 4930 διήκουσαν
1703 4869 1812 4937 χὰο

210 4971 332 5022 ριν.
368 4955 476 5006 Καὶ
509 4953 646 5038 μετ’⁸
667 4953 825 5023 ὀλίγα
852 4970 866 4984 ο
915 4955 1156 5023 Ἐπειδὴ
1194 4955 1264 5008 δὲ
1310 4960 1809 5026 ὁμολογουμένως

217 5045 548 5112 πρόσωπόν
573 5045 706 5097 ἐστι
733 5045 840 5098 τοῦ
875 5046 1022 5098 Θεοῦ
1054 5049 1151 5098 καὶ
1197 5047 1432 5114 Πατρός
1465 5050 1496 5100 ό
1538 5049 1689 5114 Υἱὸς,
1717 5051 1811 5116 εἴη

215 5136 418 5206 δήπου
440 5138 682 5208 πάντως
703 5137 887 5201 αὐτὸς
913 5137 1010 5190 καί
1038 5141 1070 5191 ὁ
1095 5138 1424 5208 χαρακτὴρ,
1453 5140 1524 5192 ἐν
1547 5135 1595 5208 ᾧ
1623 5158 1816 5209 σφρα-

218 5228 359 5296 τίζει
402 5229 566 5291 Θεός.
614 5227 706 5281 Ἐν
727 5228 782 5280 δὲ
813 5227 890 5297 τῷ
926 5228 1164 5297 πέμπτῳ
1195 5229 1303 5279 τῶν
1334 5229 1472 5298 πρὸς
1507 5230 1769 5301 Ἑρμείαν
1795 5251 1810 5264 ο

221 5321 352 5374 Ὀτι
379 5326 489 5390 γὰρ
518 5324 700 5376 οἱονεὶ
751 5323 815 5376 τὸ
855 5324 1184 5389 πρόσωπον
1214 5322 1321 5375 τοῦ
1360 5324 1510 5377 Θεοῦ
1559 5325 1656 5377 καὶ
1695 5330 1810 5379 Πα-

218 5417 359 5482 τρός
387 5413 560 5469 ἐστιν
590 5417 623 5468 ό
649 5415 802 5479 mc,
836 5414 1304 5468 ἐκπαιδεύσειεν
1341 5415 1420 5468 ἂν
1467 5417 1738 5481 εὐκόλως
1777 5417 1810 5470 6

230 5505 581 5575 Ψαλμῳὸὸς,
611 5506 758 5559 ποτὲ
782 5506 897 5570 μὲν
931 5507 1145 5576 λέγων,
1191 5525 1209 5558 ι
1239 5507 1365 5561 Ποῦ
1389 5511 1661 5574 πορευθῶ
1690 5509 1811 5562 ἀπὸ

220 5599 329 5655 τοῦ
360 5600 708 5666 Πνεύματός
731 5615 850 5653 σου
867 5617 886 5666 ;
918 5600 1020 5653 και
1048 5599 1166 5654 ἀπὸ
1197 5599 1306 5653 τοῦ
1340 5599 1670 5666 προσώπου
1693 5617 1811 5654 σου

220 5693 342 5748 ποῦ
370 5693 579 5762 φύςαιη
622 5713 639 5743 ι
684 5695 829 5747 ποτὲ
876 5693 945 5746 δὲ
992 5694 1072 5759 ὡς
1099 5693 1170 5748 ἐκ
1214 5694 1544 5762 προσώπου
1576 5693 1693 5747 τῶν
1726 5699 1810 5762 εἰς

299 5854 346 5888 ³⁸
375 5853 538 5908 Rom.
572 5866 692 5919 vm,
728 5854 815 5910 '29.
898 5854 941 5884 ”
966 5849 1124 5908 Joau.
1159 5867 1198 5920 ι,
1236 5855 1287 5909 ι.
1367 5854 1410 5888 ³⁸
1446 5851 1699 5918 Ιοιιιι.ι·ι,
1725 5855 1817 5908 '27.
1894 5855 1934 5886 ³³
1972 5853 2116 5910 Psal.
2148 5869 2413 5918 cxxn‘trt,
2448 5851 2503 5906 7.

1914 4683 2079 4752 {acies
2103 4691 2179 4735 est
2214 4682 2311 4734 Dei
2350 4691 2398 4734 et
2450 4679 2629 4733 Patris
2663 4679 2854 4740 Filius,
2897 4680 2999 4731 erit
3030 4678 3244 4729 omnino
3278 4677 3388 4742 ipse
3452 4683 3502 4728 et

1915 4777 2213 4837 character,
2258 4776 2310 4828 in
2335 4790 2437 4843 quo
2471 4773 2610 4826 Deus
2646 4773 2847 4842 signat.
2911 4769 2974 4823 Et
3015 4771 3154 4823 libro
3185 4768 3378 4837 quinto
3431 4768 3500 4821 ad

1915 4868 2193 4920 Hermiam
2231 4884 2245 4920 :
2288 4864 2507 4918 Faciem
2536 4881 2694 4930 porro
2740 4863 2832 4916 Dei
2865 4874 2910 4916 et
2940 4861 3120 4914 Patris
3153 4877 3263 4914 esse
3297 4857 3501 4912 Filium

1915 4959 2061 5028 faciti
2106 4959 2310 5026 negotio
2351 4961 2572 5008 instruet
2601 4954 2940 5017 Psalmodus,
2992 4967 3130 5008 nunc
3166 4951 3379 5020 quidem
3413 4949 3502 5001 di-

1917 5067 2034 5104 cens
2065 5065 2083 5105 :
2119 5068 2138 5100 ι
2184 5047 2298 5112 Quo
2345 5050 2536 5101 cadam
2579 5063 2610 5100 a
2643 5046 2848 5115 Spiritu
2887 5055 2976 5098 tuo
2999 5085 3013 5109 ,
3069 5053 3118 5097 et
3151 5060 3184 5096 a
3237 5043 3376 5111 [acie
3412 5051 3503 5094 tua

1915 5159 2017 5213 quo
2053 5143 2257 5211 fugiam
2283 5142 2323 5172 ³¹
2347 5139 2370 5193 ?
2402 5157 2432 5192 ιλ
2457 5157 2593 5194 nunc
2631 5157 2745 5193 rero
2773 5150 3029 5208 tanquam
3074 5153 3140 5192 ex
3163 5151 3388 5205 persona
3414 5151 3502 5188 eo-

1917 5251 2032 5286 rum
2072 5235 2240 5303 quiin
2277 5233 2426 5285 illum
2451 5234 2788 5284 crediderunt
2824 5245 2840 5282 :
2877 5250 2894 5282 ι
2941 5230 3224 5300 Signatum
3246 5237 3322 5282 est
3348 5243 3503 5295 super

1915 5345 2009 5382 nos
2035 5327 2209 5380 lumen
2235 5325 2408 5380 vultus
2444 5329 2518 5378 tui
2552 5326 2599 5356 ³⁸
2633 5341 2647 5387 ;
2693 5344 2712 5376 ι
2774 5327 2972 5393 signati
3018 5322 3282 5392 siquidem
3315 5337 3500 5374 sumus

1917 5419 2124 5489 Spiritu
2170 5427 2352 5472 sancto
2416 5418 2484 5470 ad
2541 5419 2953 5470 similitudinem
3010 5427 3060 5468 et
3108 5415 3503 5480 expressionem

1916 5512 2092 5566 vultus
2143 5510 2360 5576 Patris,
2399 5511 2497 5563 hoc
2536 5519 2613 5562 est
2665 5506 2819 5562 Filii.
2870 5505 2934 5562 Et
2962 5509 3076 5562 hare
3106 5508 3390 5561 insinuant
3420 5503 3503 5559 la-

1918 5605 2057 5660 eiem
2086 5602 2263 5657 Patris
2296 5599 2496 5656 Filium
2527 5615 2673 5666 esse;
2712 5607 2766 5654 et
2797 5599 2920 5654 Filii
2959 5601 3150 5654 faciem
3172 5612 3296 5653 esse
3327 5593 3505 5668 Spiri-

1921 5706 2053 5761 tum,
2087 5702 2314 5748 sauctus
2348 5694 2489 5748 idem
2518 5693 2630 5760 ipse
2661 5692 2878 5746 abunde
2915 5692 3049 5747 satis
3084 5689 3241 5746 nobis
3275 5689 3506 5744 demon-

2582 5855 2626 5885 “
2654 5851 2794 5906 Psal.
2833 5869 2906 5908 tv.
2949 5852 3002 5904 7.
