4132 6438
247 431 382 498 1121
1096 426 1194 488 DE
1235 427 1751 488 PROCESSIONE
1789 427 1828 486 S

1943 427 2252 486 PIRlTUS
2290 427 2514 490 ORAT.
2565 431 2618 489 Ι.
3353 428 3518 489 ’1122

245 547 342 600 καὶ
376 547 410 615 ἡ
444 543 595 608 τάξις
645 542 680 612 ἡ
729 540 1132 610 πολυύμνητος,
1185 541 1306 595 καθ’
1338 541 1404 611 ἢν
1449 543 1559 594 ἀπ’)
1589 541 1683 594 τοῦ
1721 541 1828 592 Πα-

1936 549 2084 594 runt.
2117 539 2182 592 Et
2214 541 2437 594 ubinam
2473 550 2697 610 paterna
2733 543 2991 612 dignitas,
3033 552 3086 598 et
3119 541 3257 598 ordo
3290 552 3368 598 tot
3387 560 3519 611 pra:-

243 637 373 703 τρὸς
403 635 696 705 ἀρχόμενοι
731 633 870 684 κατὰ
913 631 979 684 tb
1005 632 1155 693 ,εἰκὸς
1191 632 1280 685 ἐπὶ
1313 633 1404 684 τὸν
1460 632 1588 683 Υίὺν
1618 629 1828 701 χωροῦ-

1941 629 2120 684 comis
2151 632 2491 696 decantatus,
2549 649 2710 700 quem
2757 646 3051 702 sequentes
3100 649 3128 687 ι
3175 634 3335 689 Patre
3363 636 3519 690 initio

247 743 368 795 μιν,
394 727 486 778 καὶ
512 723 686 787 οὕτως
714 725 805 776 ἐπὶ
835 726 895 775 tb
923 723 1146 791 Πνεῦμα
1175 722 1234 774 t6
1256 723 1411 788 ἅγιον
1435 722 1786 790 διαδαίνομεν
1809 737 1828 787 ς

243 818 431 879 καθὼς
471 820 498 870 6
530 815 751 885 Νύσσης
777 815 1074 884 Γρηγόριος
1114 817 1171 866 ὲν
1210 814 1290 884 τῷ
1323 817 1524 884 πρώτῳ
1551 814 1660 866 τῶν
1692 815 1829 884 πρὸς

243 909 512 977 Εὐνόμιον
554 907 999 977 Ἀντιρῤητικῶν,
1056 907 1150 959 Ἐκ
1183 906 1291 979 τοῦ
1333 907 1567 973 Πατρός
1592 906 1688 960 διὰ
1720 906 1827 960 τοῦ

253 1002 394 1056 Υιοῦ
424 1002 523 1054 ἐπὶ
559 1003 624 1055 τὸ
657 1001 898 1070 Πνεῦμα
933 995 1262 1068 χωροῦέὶεν,
1309 1002 1494 1066 φησίν.
1540 1000 1827 1068 Ἀλλάτὴν

247 1095 348 1165 μὶν
389 1095 526 1163 πρὸς
557 1095 714 1147 τοῦτο
759 1094 1112 1161 τελεωτέραν,
1147 1093 1240 1144 καὶ
1276 1093 1562 1161 κρείττονα
1593 1092 1746 1145 λύσιν
1772 1094 1828 1146 ὲν

241 1189 324 1255 τῷ
352 1185 586 1254 δευτέρῳ
613 1186 755 1253 λόγῳ
796 1183 1203 1252 ταμιευσόμεθα
1228 1182 1315 1234 διὰ
1349 1184 1409 1235 t6
1455 1183 1654 1251 μᾶλλον
1686 1201 1826 1253 χρη-

245 1274 496 1344 σιμεύειν
521 1278 700 1328 ἐκεῖσε
729 1275 934 1342 ταύτην
966 1276 1095 1343 ἡμῖν
1117 1290 1130 1304 ο
1161 1273 1255 1325 νῦν
1287 1272 1343 1325 δὲ
1371 1275 1621 1326 τοσοῦτον
1662 1276 1826 1341 μόνον

242 1364 443 1424 αὐτοὺς
469 1365 850 1434 ὲρωτήσομεν·
888 1363 1011 1425 Πῶς
1043 1363 1136 1415 καὶ
1168 1362 1289 1414 τίνα
1315 1363 1515 1431 τρόπον
1543 1361 1606 1414 tb
1632 1349 1827 1431 6pooﬁ-

244 1471 362 1506 σιον
400 1455 480 1516 είς
537 1453 831 1520 ἀπολογίαν
879 1453 1083 1506 τούτων
1135 1453 1358 1506 πάντων
1407 1452 1825 1523 προσάλλεσ6ε’;

241 1542 501 1608 Διότιπερ
556 1540 842 1608 ὀμοούσιον
893 1539 968 1608 τῷ
1015 1541 1127 1610 Υἱῷ
1174 1539 1234 1592 t6
1270 1540 1492 1609 Πνεῦμα
1534 1540 1594 1592 tb
1647 1539 1825 1608 ἅγιον,

241 1630 333 1683 διὰ
362 1631 517 1684 τοῦτο
569 1634 634 1683 τὰ
669 1631 1105 1700 ἀπηριθμημένα
1156 1631 1354 1695 πάντα,
1410 1631 1629 1692 καὶτὰς
1683 1632 1827 1688 ἀνω,-

242 1724 390 1792 τέρω
440 1725 643 1775 τούτων
709 1723 1099 1791 διαληφθείσας
1156 1722 1381 1790 κλήσεις
1444 1722 1588 1789 ἔχειν
1639 1721 1825 1786 λέγετε

244 1816 399 1884 παρὰ
434 1815 526 1866 τοῦ
559 1815 692 1866 Υίοῦ
724 1817 818 1868 καὶ
848 1815 981 1880 πρὸς
1013 1815 1102 1866 τὸν
1129 1814 1292 1879 Υίόνς
1327 1814 1436 1869 Καὶ
1471 1815 1517 1865 εί
1543 1812 1601 1864 tb
1629 1812 1824 1880 ὁμοού-

1939 719 2128 779 ducto,
2170 719 2244 771 uti
2274 734 2370 787 par
2409 729 2511 781 est,
2559 721 2624 774 ad
2667 720 2865 774 Filium
2910 722 3138 789 gradum
3174 721 3431 784 facimus,
3467 730 3522 776 et

1940 810 2021 864 sic
2066 812 2224 878 plane
2279 812 2344 863 ad
2384 810 2646 880 Spiritum
2706 823 2954 867 sanctum
3016 815 3386 883 procedimus,
3442 813 3520 867 uti

1940 899 2221 969 Nyssenus
2274 901 2575 970 Gregorius
2630 905 2807 970 primo
2870 903 3137 958 adiersus
3193 905 3519 957 Ιίυιιοιιιίιιιῐι

1937 993 2299 1046 antirihetico
2327 1011 2339 1046 :
2380 993 2464 1046 Ea:
2487 994 2645 1047 Patre
2678 1005 2768 1064 per
2798 996 2992 1048 Filium
3017 997 3084 1048 nd
3113 995 3370 1062 Spiritum
3399 1011 3524 1063 per-

1938 1083 2310 1146 reuimus,ait.
2353 1082 2455 1137 Sed
2482 1085 2866 1140 absolutiorem
2894 1088 3268 1155 potimemq'ue
3295 1089 3523 1153 hujusce

1937 1174 2264 1229 solutionem
2318 1177 2558 1231 secunda.
2604 1179 2854 1232 oratione
2910 1180 3339 1240 reservahimus,
3370 1179 3520 1246 quod

1937 1268 2011 1320 ibi
2050 1268 2208 1321 nobis
2237 1271 2407 1338 magis
2441 1270 2696 1336 prodesse
2727 1285 3031 1338 speramus.
3063 1268 3217 1323 Nunc
3255 1285 3381 1322 vero
3410 1281 3525 1322 latt-

1937 1356 2109 1409 tillum
2143 1358 2212 1410 ab
2246 1358 2378 1424 ipsis
2420 1357 2738 1426 perquiram
2777 1374 2792 1411 :
2832 1357 3143 1423 Quomodo,
3199 1368 3254 1411 et
3287 1373 3393 1425 qua
3431 1373 3519 1411 ra-

1941 1451 2089 1503 tione
2113 1451 2363 1504 eamdem
2404 1464 2680 1523 naturam,
2723 1468 2846 1504 cum
2899 1452 2965 1507 de
2999 1451 3084 1506 his
3143 1451 3401 1504 omnibus
3432 1466 3518 1504 re-

1934 1539 2238 1605 spondetis,
2289 1540 2628 1608 proponitis?
2676 1541 2814 1607 Quia
2882 1549 2968 1596 est
3009 1540 3262 1611 ejusdem
3312 1549 3524 1594 natura:

1941 1644 2064 1683 cum
2106 1626 2245 1683 Filio
2275 1631 2514 1698 Spiritus
2567 1643 2813 1693 sani-tus,
2845 1642 3125 1699 propterea
3157 1641 3519 1684 annumerata

1935 1723 2139 1781 omnia,
2172 1732 2225 1774 et
2247 1737 2407 1790 supra
2435 1721 2549 1790 jam
2597 1724 2840 1790 digestas
2866 1723 3259 1791 appellationes
3317 1721 3519 1774 habere

1935 1813 2116 1867 dicitis
2147 1829 2176 1866 a
2210 1812 2346 1866 Filio
2374 1824 2427 1868 et
2449 1827 2697 1883 respectu
2730 1813 2896 1868 Filii?
2931 1813 2993 1867 Et
3025 1815 3070 1868 si
3109 1815 3233 1882 quia
3269 1813 3516 1880 ejusdem

245 1921 360 1957 σιον
388 1906 562 1956 αἴτιον
591 1904 668 1974 τῷ
705 1903 980 1971 Πνεύματι
1029 1902 1236 1956 τούτων
1270 1903 1532 1954 ἁπάντων
1566 1901 1706 1966 ἐστὶ,
1740 1901 1828 1952 καὶ

1939 1916 2148 1959 naturae
2180 1913 2282 1966 est,
2323 1921 2490 1959 causa
2531 1915 2636 1971 est,
2684 1907 2831 1975 quod
2863 1904 3098 1974 Spiritus
3129 1906 3273 1964 dicta
3332 1904 3546 1958 oinnia'

243 1995 345 2047 οὐκ
393 1996 527 2063 ἄλλη
573 2013 654 2057 τις
706 1999 888 2065 σχέσις
923 1995 1074 2062 παρὰ
1108 1993 1207 2062 τὴν
1254 1993 1670 2061 ὁμοουσιότητα,
1705 1991 1826 2043 καθ’

244 2085 312 2154 ἣν
342 2085 684 2153 ᾠκειωμένον
733 2087 943 2150 πέφυκε
989 2084 1063 2152 τῷ
1094 2083 1225 2151 Υίῷ,
1270 2083 1366 2135 καὶ
1412 2080 1539 2150 ἑξῆς
1593 2082 1826 2150 μάλιστα

243 2173 322 2242 τῷ
347 2174 622 2244 Πνεῦματι
652 2174 728 2243 τῷ
765 2175 903 2243 ἁγίῳ
930 2175 989 2226 tb
1021 2173 1302 2241 ὀμοούσιον
1330 2189 1344 2202 ·
1372 2173 1559 2241 ἐπειδή
1601 2191 1704 2240 περ
1737 2176 1826 2226 άν-

243 2267 527 2335 τιστρέφει
548 2266 608 2318 t6
623 2268 930 2335 ὀμοούσιον,
955 2266 1047 2318 καὶ
1069 2265 1258 2334 ὥσπερ
1275 2265 1558 2332 ὀμοούσιον
1581 2265 1639 2317 tb
1663 2265 1828 2318 Πνεῦ-

250 2374 326 2426 μα
353 2356 449 2429 τῷ⁹
468 2356 601 2425 Υίῴ,
629 2356 723 2407 καὶ
754 2357 780 2406 6
816 2357 934 2417 Tib;
963 2354 1249 2417 ὁμοούσιὸς
1282 2356 1397 2406 ἐστι
1422 2353 1497 2422 τῷ
1525 2354 1822 2424 Πνεῦματι,

245 2448 312 2500 τὰ
340 2447 806 2516 ἀναγεγραμμένα
843 2449 1018 2499 πάντα
1049 2447 1368 2516 ῥηθήσεται,
1405 2448 1496 2496 καὶ
1531 2446 1822 2498 ἀνάπαλιν.

248 2542 358 2594 Καὶ
389 2541 476 2593 ἵνα
506 2539 675 2593 ταῦτα
711 2539 829 2592 καθ’
856 2539 911 2590 ἓν
941 2538 1298 2591 ὲπαναλαϐὼν
1323 2538 1458 2606 πρὸς
1487 2539 1826 2604 σαφεστέραν

247 2631 526 2684 κάνταῦθα
568 2631 956 2700 παραθήσομαι
1025 2631 1275 2698 δήλωσιν.
1329 2629 1506 2680 Είκὼν
1553 2627 1646 2680 τοῦ
1695 2628 1834 2681 Υὶοῦι

245 2725 308 2775 τὸ
341 2722 586 2793 Πνεῦμα,
615 2724 710 2776 καὶ
738 2724 766 2775 6
801 2723 926 2785 Tib;
967 2724 1127 2774 εἰκὼν
1160 2723 1225 2774 ἂν
1255 2721 1340 2792 εἴη
1364 2722 1455 2773 τοῦ
1485 2721 1824 2789 Πνεῦματος.

247 2816 449 2884 Μορφὴ
489 2817 548 2867 t6
593 2815 816 2884 Πνεῦμα
863 2813 954 2866 τοῦ
993 2813 1147 2876 Υίοῦ,
1181 2815 1364 2884 μορφὴ
1399 2815 1490 2866 καὶ
1523 2816 1548 2864 6
1579 2813 1705 2875 Tib;
1733 2812 1826 2864 τοῦ

251 2906 567 2972 Πνεύματος
640 2907 706 2959 ἂν
763 2907 995 2972 λέγοιτο.
1062 2906 1361 2974 Πρόσωπον
1422 2905 1514 2956 τοῦ
1579 2904 1708 2956 Tioﬁ
1769 2905 1828 2955 tb

249 2979 498 3066 Πνεῦμα,
526 3001 616 3051 καὶ
646 2999 674 3051 6
706 2999 831 3059 Tib;
864 2998 1152 3066 πρόσωπον
1183 2998 1248 3050 ἂν
1283 2998 1498 3049 καλοῖτο
1532 2998 1624 3049 τοῦ
1661 2997 1830 3049 Πνεύ-

251 3105 438 3159 ματος.
480 3089 759 3158 Ἐνέργεια
789 3091 847 3142 t6
878 3090 1099 3158 Πνεῦμα
1129 3088 1224 3142 τοῦ
1275 3087 1426 3151 Υίοῦ,
1458 3089 1706 3156 καθάπερ
1736 3090 1827 3140 καὶ

247 3179 540 3243 δέδεικται,
573 3181 692 3231 κατ’
723 3181 851 3233 αὐτὸ
885 3181 1042 3232 τοῦτο
1076 3183 1167 3232 καὶ
1193 3182 1221 3232 ὁ
1253 3180 1378 3241 Tib;
1413 3181 1663 3248 ἐνέργεια
1696 3179 1828 3229 πάν-

249 3287 356 3332 τως
386 3272 709 3342 ὀνομασθείη
742 3271 835 3323 τοῦ
869 3271 1204 3340 ιινεύματος.
1249 3271 1432 3340 Ῥῆμα
1480 3271 1572 3322 τοῦ
1616 3269 1742 3321 Υίοῦ
1772 3271 1829 3322 t6

252 3363 507 3433 Πνεῦμα.
537 3365 686 3432 ρἦα
737 3364 828 3415 τοῦ
885 3363 1202 3430 Πνεῦματος
1250 3363 1314 3414 ἂν
1358 3357 1827 3432 προσαγορευθείη

250 3459 346 3510 καὶ
384 3460 410 3509 6
445 3457 592 3518 Υἱός.
627 3456 731 3508 Καὶ
764 3455 869 3527 μὴν
896 3455 1026 3508 ίδιον
1076 3456 1170 3508 τοῦ
1205 3455 1334 3508 Υίοῦ
1372 3457 1431 3508 tb
1460 3438 1701 3523 Πνεῦμα,
1737 3458 1830 3507 καὶ

247 3549 427 3612 ὁΥίδς
476 3549 605 3610 ῐδιος
647 3550 712 3602 ᾶν
743 3550 978 3618 ὐπὰρχοι
1022 3548 1114 3600 τοῦ
1153 3550 1490 3609 Πνεῦματος.
1533 3547 1674 3620 Πρὸς
1708 3548 1832 3598 τού-

249 3655 364 3700 τοις
420 3639 635 3692 δίδωσιν
685 3641 713 3692 6
761 3639 885 3702 Tib;
934 3640 993 3692 t6
1041 3639 1285 3708 Πνεῦμα,
1319 3640 1488 3708 διδοίη
1523 3639 1589 3692 ἂν
1649 3640 1742 3691 καὶ
1771 3639 1829 3690 t6

253 3718 478 3799 Πνεῦμα
525 3731 614 3783 τὸν
644 3727 790 3783 Υίόν.
829 3732 1068 3799 Χορηγεῖ
1099 3732 1126 3782 6
1168 3731 1292 3791 Tib;
1343 3730 1401 3781 tb
1454 3729 1696 3798 Πνεῦμα,
1735 3731 1831 3784 καὶ

251 3818 313 3872 τὸ
352 3819 575 3890 Πνεῦμα
601 3821 692 3872 τὸν
728 3820 856 3872 Υίὸν
890 3823 1251 3889 χορηγήσειεν
1287 3819 1372 3872 ἄν.
1418 3819 1514 3871 Ἐκ
1565 3817 1657 3870 τοῦ
1697 3817 1828 3872 Υίοῦ

250 3909 519 3978 λαμϐάνει
542 3913 599 3964 t6
628 3911 874 3980 Πνεῦμα,
909 3911 1148 3980 λήψαιτο
1188 3912 1254 3965 ἃν
1286 3912 1378 3964 καὶ
1414 3912 1443 3964 6
1471 3912 1598 3974 Tib;
1636 3915 1699 3964 ὲκ
1733 3912 1827 3965 τοῦ

255 3999 594 4071 Πνεύματος.
630 4003 769 4056 Ὅσα
811 4001 921 4070 ἔχει
959 4004 1018 4055 t6
1062 4002 1286 4071 Πνεῦμα
1329 4003 1481 4070 παρὰ
1521 4002 1615 4055 τοῦ
1655 4002 1829 4070 Λόγου

253 4089 389 4161 ἔχει,
416 4095 508 4143 καὶ
541 4094 568 4144 6
616 4092 739 4154 Tib;
787 4095 885 4146 ὅσα
921 4093 1053 4162 ἔχει,
1103 4093 1258 4145 ταῦτ’
1290 4095 1354 4146 ἂν
1397 4095 1508 4163 ἔχοι
1555 4094 1704 4163 παρὰ
1736 4093 1828 4146 τοῦ

255 4179 592 4249 Πνεύματος.
625 4185 722 4235 Διὰ
749 4181 843 4235 τοῦ
873 4183 1186 4252 Πνεῦματος
1211 4190 1238 4236 6
1268 4184 1398 4248 Tib;
1422 4188 1652 4255 ἐνεργεῖ,
1681 4186 1832 4251 ἐνερ-

253 4273 378 4342 γοίη
418 4272 482 4326 ἂν
513 4275 604 4326 καὶ
636 4275 697 4325 tb
729 4273 950 4343 Πνεῦμα
980 4275 1068 4326 διὰ
1096 4274 1189 4326 τοῦ
1241 4275 1388 4326 Tioﬁ.
1433 4271 1778 4328 ’Ᾱποστέλλει
1804 4277 1831 4328 6

253 4363 384 4427 Tib;
409 4365 467 4415 τὺ
491 4364 737 4432 Πνεῦμα,
773 4366 865 4416 καὶ
905 4365 1067 4426 αὐτὸς
1097 4365 1161 4416 ἂν
1191 4364 1524 4432 ἀποσταλείη
1554 4367 1704 4434 παρὰ
1735 4367 1829 4418 τοῦ

255 4452 593 4521 Πνεῦματος.
648 4453 871 4516 Δοξάζει
921 4455 980 4504 tb
1013 4452 1234 4531 Πνεῦμα
1280 4453 1371 4506 τὸν
1425 4453 1574 4514 Tibv,
1617 4455 1830 4519 δοξάσω.

1930 1995 2234 2062 possideat,
2267 2011 2364 2048 nec
2400 1992 2506 2050 alia
2556 1998 2664 2048 ulla
2713 1997 2932 2058 relatio,
2965 2005 3164 2064 praeter
3199 1996 3340 2049 hanc
3368 2011 3520 2048 eam.

1930 2089 2048 2140 dem
2105 2097 2374 2150 naturam,
2414 2103 2518 2156 qua
2546 2103 2768 2156 apprrpi
2787 2089 2929 2140 iatur
2955 2088 3111 2151 Filio,
3147 2098 3197 2140 et
3221 2103 3325 2155 qua
3351 2087 3520 2154 potis-

1933 2179 2134 2230 simum
2176 2177 2403 2246 Spiritui
2431 2188 2622 2232 sancto
2648 2179 2764 2232 htec
2789 2182 2976 2232 eadem
3004 2189 3197 2232 natura
3234 2178 3514 2241 convenit,

1929 2267 2378 2336 quandoquidem
2443 2269 2557 2323 hzec
2610 2270 2799 2324 eadem
2877 2280 3072 2324 natura
3127 2281 3323 2326 contra
3391 2285 3516 2322 ver-

1931 2358 2082 2422 titur,
2121 2370 2174 2410 et
2204 2360 2280 2412 uti
2317 2359 2564 2426 ejusdem
2592 2369 2802 2414 natura;
2830 2369 2915 2415 est
2946 2359 3181 2429 Spiritus
3209 2378 3330 2415 eum
3355 2361 3514 2418 Filio.

1931 2450 2002 2502 ita
2034 2459 2088 2503 et
2123 2448 2293 2504 Filius
2326 2461 2408 2505 est
2433 2453 2676 2519 ejusdem
2707 2462 2918 2506 naturae
2945 2468 3068 2506 eum
3120 2454 3352 2522 Spiritu,
3381 2469 3511 2506 om-

1931 2542 2029 2594 nia
2060 2556 2226 2609 ειη)ιά
2288 2544 2562 2611 descripta
2611 2545 2726 2598 vice
2774 2560 2931 2598 versa
2982 2545 3511 2612 pronuntiabuntur.

1930 2628 2060 2694 Qua:
2090 2633 2154 2684 ad
2185 2640 2349 2685 unum
2375 2633 2696 2701 recolligens
2722 2635 2787 2686 ad
2836 2637 3005 2703 magis
3040 2643 3314 2702 patentem
3355 2636 3517 2688 inti-l-

1933 2721 2136 2774 lertum
2174 2724 2260 2776 hic
2294 2738 2586 2790 apponam.
2640 2723 2821 2792 Imago
2867 2724 2990 2778 Filii
3025 2725 3264 2794 Spiritus
3298 2736 3419 2789 est,
3462 2736 3516 2780 et

1931 2809 2102 2865 Filius
2150 2805 2332 2877 imago
2370 2813 2612 2882 Spiritus
2646 2816 2826 2868 fuerit.
2866 2813 3061 2869 Forma
3094 2827 3176 2870 est
3221 2816 3339 2870 Filii
3393 2817 3518 2886 Spi—

1931 2907 2090 2968 ritus,
2111 2905 2280 2958 forma
2304 2921 2524 2975 quoque
2550 2907 2784 2974 Spiritus
2805 2907 2973 2962 Filius
2998 2909 3291 2962 diceretur.
3326 2909 3515 2966 Facies

1933 2993 2054 3048 Filii
2107 2994 2364 3064 Spiritus,
2396 3005 2449 3051 et
2488 2996 2660 3053 Filius
2707 2998 2878 3053 facies
2925 2999 3161 3068 Spiritus
3201 3011 3513 3067 vocaretur.

1932 3087 2091 3140 Actio
2122 3085 2247 3140 Filii
2277 3088 2535 3158 Spiritus,
2575 3099 2632 3142 ut
2662 3099 2943 3144 ostensum
2976 3099 3080 3153 est,
3107 3094 3172 3143 ob
3193 3091 3332 3145 hanc
3363 3107 3516 3145 ram-

1934 3177 2054 3231 dem
2087 3180 2352 3232 rationem
2403 3190 2454 3232 et
2491 3181 2666 3234 Filius
2703 3183 2877 3235 modis
2912 3183 3162 3235 omnibus
3216 3184 3358 3236 actio
3391 3182 3511 3248 Spi-

1935 3270 2073 3321 ritus
2108 3280 2546 3336 nunruparetur.
2610 3270 2842 3324 Verbum
2898 3271 3018 3325 Filii
3051 3272 3290 3341 Spiritus
3317 3284 3420 3340 est,
3459 3285 3514 3328 ιι

1935 3360 2161 3413 verbum
2199 3360 2438 3428 Spiritus
2496 3363 2864 3429 appellaretut
2907 3374 2959 3417 et
2999 3361 3189 3418 Filius.
3242 3364 3507 3418 Prii-terea

1936 3451 2191 3518 pr0prius
2232 3461 2312 3504 est
2347 3451 2462 3503 Filii
2503 3451 2767 3520 Spiritus,
2809 3466 2861 3507 et
2893 3453 3061 3508 Filius
3086 3458 3338 3523 proprius
3364 3465 3514 3509 esset

1935 3540 2191 3607 Spiritus.
2220 3542 2297 3594 Ad
2332 3543 2466 3604 haec,
2490 3543 2708 3595 exhibet
2740 3543 2907 3595 Filius
2926 3540 3518 3611 Spiriln'm,‘exhibrret

1932 3641 1984 3683 et
2015 3629 2210 3683 Filium
2233 3629 2494 3696 Spiritus,
2522 3633 2836 3699 suppeditat
2868 3633 3041 3698 Filius
3065 3631 3354 3700 Spiritum,
3379 3649 3511 3701 sup-

1933 3724 2196 3791 peditaret
2217 3734 2270 3776 et
2295 3723 2490 3775 Filiqu
2512 3724 2767 3790 Spiritus.
2785 3725 2858 3778 Ex
2877 3724 3020 3777 Filio
3036 3727 3227 3794 accipit
3255 3725 3513 3802 Spiritus,

1935 3816 2207 3882 acciperet
2238 3825 2290 3868 et
2311 3814 2481 3869 Filius
2506 3831 2534 3869 a
2562 3814 2788 3884 Spiritu.
2814 3814 3164 3886 Quaecunque
3197 3819 3360 3872 habet
3383 3820 3510 3887 Spi-

1935 3907 2070 3958 ritus
2100 3923 2127 3958 a
2163 3906 2341 3960 Verbo
2369 3909 2548 3966 habrt,
2571 3915 2625 3960 et
2669 3908 2899 3960 Verbum
2943 3924 3283 3978 quaecunque
3331 3911 3514 3976 habet,

1936 3993 2161 4047 haberet
2185 4009 2213 4046 a
2235 3995 2459 4060 Spiritu.
2505 3994 2608 4048 Per
2634 3995 2899 4064 Spiritum
2937 3995 3114 4066 Filius
3141 4009 3424 4066 operatur,
3461 4014 3516 4056 rt

1934 4084 2170 4152 Spiritus
2199 4100 2289 4152 per
2307 4083 2504 4138 Filium
2532 4095 2874 4155 operaretur.
2931 4090 3090 4142 Mittit
3121 4090 3293 4144 Filius
3335 4093 3514 4161 Spiri-

1936 4184 2073 4236 tum,
2101 4185 2154 4228 et
2179 4175 2297 4244 ipse
2321 4193 2538 4246 quoque
2569 4193 2597 4230 a
2629 4177 2831 4245 Spiritu
2864 4179 3190 4251 mitteretur.
3226 4182 3513 4239 Glorilicat

1935 4266 2132 4320 Filium
2162 4269 2422 4336 Spiritus,
2461 4270 2798 4338 gloriﬁcaret
2827 4273 2987 4325 etiam
3025 4275 3284 4343 Spiritum
3312 4275 3507 4332 Filius.

1937 4358 2066 4424 Quae
2123 4361 2276 4413 audit
2343 4376 2374 4414 a
2416 4361 2552 4414 Filio
2615 4361 2856 4430 loquitur
2891 4365 3173 4432 Spiritus,
3233 4377 3286 4421 ct
3345 4369 3515 4424 Filius

1936 4453 2065 4506 item
2137 4453 2391 4522 loquetur
2443 4469 2788 4523 quaecunque
2845 4456 3112 4512 audit-erit
3180 4475 3208 4511 a
3281 4460 3512 4529 Spiritu.

255 4544 323 4596 ἂν
351 4546 444 4596 καὶ
477 4543 601 4607 Υἱὸς
633 4545 694 4595 tb
737 4542 984 4610 Πνεῦμα.
1027 4543 1241 4596 Ἐκεῖνα
1291 4542 1442 4595 λαλεῖ
1487 4544 1547 4596 τὸ
1585 4543 1827 4614 Πνεῦμα,

1939 4541 1994 4595 In
2070 4548 2294 4599 nomine
2347 4545 2467 4598 Filii
2525 4549 2754 4601 mittitur
2817 4565 2846 4602 a
2907 4547 3068 4604 Patre
3124 4549 3408 4620 Spiritus,
3466 4570 3521 4610 et

254 4637 353 4689 ὅσα
381 4635 569 4687 ἀκούει
621 4634 772 4704 παρὰ
797 4635 890 4686 τοῦ
922 4633 1075 4699 Υίοῦ,
1106 4635 1197 4686 καὶ
1225 4636 1251 4686 6
1283 4633 1411 4696 Tib;
1440 4637 1625 4687 ὲκείνα
1661 4636 1830 4706 λαλη-

255 4742 360 4790 σει,
391 4727 489 4778 ὅσα
539 4725 603 4779 ἂν
635 4725 858 4778 ἀκούσοι
906 4727 1058 4795 παρὰ
1089 4723 1182 4777 τοῦ
1244 4726 1578 4795 Πνεῦματος.
1619 4729 1728 4780 ἘνΙ
1755 4728 1832 4796 τῷ

253 4819 477 4887 ὀνόματι
504 4817 599 4870 τοῦ
625 4817 754 4870 Tioﬁ
783 4818 1059 4884 πέμπεται
1085 4818 1143 4869 tb
1169 4818 1388 4886 Πνεῦμα
1417 4821 1567 4886 παρὰ
1596 4821 1829 4889 Πατρδς,

253 4909 532 4978 πεμφθείη
574 4910 640 4962 ἂν
669 4910 762 4960 καὶ
797 4911 824 4961 6
855 4910 982 4970 Tib;
1017 4910 1074 4960 ὲν
1118 4907 1195 4978 τῷ
1219 4910 1324 4977 ρτοῦ
1371 4910 1687 4980 Πνεύματος
1720 4913 1833 4963 ὀνο-

258 5014 410 5070 μαοιξι.
440 5000 710 5068 Τοιαύτην
740 5001 886 5063 τάξιν
908 5003 1000 5052 καὶ
1030 5000 1191 5069 φύσιν
1217 5002 1332 5071 ἔχει
1355 5001 1413 5053 τὸ
1440 5001 1664 5070 Πνεῦμα
1694 5007 1831 5073 πρὸς

255 5093 345 5146 τὸν
383 5090 532 5154 Υίὸν,
565 5091 683 5143 οἵαν
709 5094 736 5144 6
767 5091 894 5153 Tib;
939 5091 1048 5160 ἔχει
1084 5092 1218 5160 πρὸς
1260 5092 1349 5144 τὸν
1385 5095 1620 5161 Πατέρα,
1651 5095 1836 5146 τοιαύ-

253 5201 353 5250 την
379 5184 442 5236 ἂν
471 5186 560 5235 καὶ
592 5186 619 5234 6
650 5183 776 5246 Tib;
807 5183 938 5253 πρὸς
967 5183 1026 5234 t6
1057 5183 1279 5252 Πνεῦμα
1308 5187 1399 5236 καὶ
1427 5187 1582 5249 τάξιν
1612 5186 1704 5236 καὶ
1736 5186 1838 5254 φύ-

256 5293 363 5341 σιν,
389 5275 507 5327 οἶαν
542 5275 673 5327 αὐτὸ
712 5275 846 5342 πρὸς
873 5275 963 5326 τὸν
1007 5277 1242 5344 Πατέρα.
1293 5276 1602 5329 Κάντεῦθεν
1634 5277 1837 5346 σύγχυ-

1936 4633 2104 4688 Filius
2144 4637 2196 4689 in
2252 4639 2474 4691 nomine
2521 4637 2759 4705 Spiritus
2821 4645 3142 4698 mitteretur.
3211 4647 3362 4699 illum
3426 4665 3521 4701 or-

1943 4729 2126 4781 dinem
2187 4739 2241 4782 et
2307 4741 2558 4784 naturam
2622 4732 2786 4786 habet
2821 4733 3057 4803 Spiritus
3119 4754 3243 4807 erga
3296 4739 3516 4807 Filium,

1938 4837 2100 4888 quam
2139 4819 2310 4875 Filius
2345 4822 2505 4875 habet
2553 4840 2678 4892 erga
2711 4823 2925 4878 Patrem
2953 4870 2967 4892 ,
3024 4829 3166 4882 illam
3243 4831 3417 4899 ipsam
3465 4843 3520 4887 ct

1940 4910 2111 4966 Filius
2155 4915 2381 4967 habebit
2414 4925 2664 4968 naturam
2695 4927 2748 4971 et
2779 4919 3027 4972 ordinem
3069 4937 3195 4989 erga
3224 4922 3514 4992 Spiritum,

1937 5021 2101 5072 quam
2142 5005 2228 5057 ille
2259 5006 2420 5059 habet
2446 5024 2570 5076 erga
2604 5008 2844 5064 Patrem.
2873 5010 3012 5064 Hinc
3043 5013 3294 5068 confusio
3317 5021 3512 5072 subseo

1934 5109 2133 5166 qnetur
2166 5099 2218 5150 in
2250 5096 2470 5160 Triade,
2507 5116 2630 5168 qute
2662 5101 2925 5170 Spiritum
2962 5106 3012 5156 in
3050 5111 3300 5162 ordinem
3341 5112 3512 5180 cogit,

1936 5191 2070 5242 etin
2102 5188 2278 5242 oliicio
2328 5200 2381 5241 et
2437 5191 2647 5244 ratione
2701 5195 2924 5247 retinet.
2993 5196 3147 5261 Quod
3185 5203 3310 5268 quis
3357 5219 3517 5272 aequo

1939 5283 2125 5335 animo
2165 5279 2350 5345 ferret,
2380 5283 2679 5338 dummodo
2720 5294 2881 5339 rectae
2919 5286 3042 5340 lidei
3083 5291 3418 5347 addicatur?

255 5386 339 5431 σις
379 5369 738 5438 ἀκολουοήσει
768 5372 832 5440 τῇ
880 5371 939 5421 tb
969 5370 1189 5438 Πνεῦμα
1228 5370 1304 5431 είς
1337 5369 1588 5434 εὐταξίαν
1621 5373 1828 5441 ἁγοὺη]
1868 5373 2058 5443 Τριάδι
2123 5376 2218 5426 καὶ
2263 5378 2604 5447 συντηρούσῃ
2671 5378 2804 5447 πρὸς
2853 5380 3151 5449 εὐκοσμίαν
3188 5401 3246 5437 τε
3290 5388 3381 5438 καὶ
3423 5404 3520 5440 κα-

255 5464 535 5516 τάστασιν.
583 5465 648 5516 Ὃ
680 5465 761 5527 τίς
797 5465 915 5516 ποτ’
942 5465 1006 5517 ἂν
1037 5465 1322 5532 ἀνάσχοιτο
1351 5465 1457 5517 τῶν
1489 5469 1829 5536 αἱρουμένων
1869 5469 2209 5538 ὀρθοδοξεῖν;

328 5555 423 5619 λζ’.
469 5555 610 5624 Ἐγὼ
639 5556 680 5608 δ’
710 5558 921 5626 ἀκήκοα
945 5557 1036 5610 καί
1060 5575 1240 5621 τινων,
1268 5559 1294 5608 ὃ
1316 5575 1366 5610 τι
1397 5559 1462 5609 ἂν
1488 5559 1641 5626 τύχοι
1663 5560 1830 5626 (905-;—

256 5647 504 5715 γομένων
539 5648 734 5716 κομιδῆ
764 5647 1072 5718 προπετῶς,
1106 5649 1180 5711 ὡς
1218 5648 1368 5700 οὐδὲν
1396 5649 1594 5701 κωλύει
1623 5653 1714 5702 καὶ
1742 5654 1834 5702 τὸν

260 5739 385 5791 Υίδν
412 5742 586 5792 εἰπεῖν
615 5740 708 5791 τοῦ
739 5741 1054 5810 Πνεῦματος
1087 5740 1235 5793 ἴδιον.
1277 5740 1391 5808 Ἐφ’
1420 5737 1500 5803 οἷς
1538 5741 1716 5793 ἔπεισί
1746 5761 1834 5809 μοι

258 5829 578 5906 θαυμάζειν,
610 5830 724 5894 πῶς
766 5832 824 5883 οὐ
865 5832 1122 5900 τρέμουσι
1162 5831 1337 5899 λέγειν
1382 5833 1475 5902 ἀρ’
1532 5834 1763 5900 ἑαυτῶν,
1801 5834 1836 5887 ά

2011 5559 2100 5614 57.
2145 5561 2255 5630 Ego
2287 5578 2451 5631 porro
2484 5580 2512 5618 a
2552 5567 2826 5619 nnimullis
2869 5572 3074 5635 audivi,
3114 5576 3205 5641 qui
3247 5577 3518 5644 quidquid

1942 5651 1994 5704 in
2049 5653 2275 5706 liuet-am
2312 5659 2540 5717 venerit.
2575 5668 2774 5713 temere
2803 5663 3196 5731 obloqunntur,
3223 5668 3366 5731 nihil
3413 5671 3516 5719 0!:-

1944 5752 2088 5798 stare
2112 5754 2162 5796 et
2191 5744 2384 5797 Filium
2419 5747 2650 5815 Spiritus
2698 5729 2980 5820 proprium
3024 5729 3253 5810 dicere}
3293 5769 3345 5811 et
3375 5763 3521 5814 Subit

1948 5852 2034 5889 me
2063 5836 2377 5902 admiratio,
2414 5841 2688 5906 quoamdo
2739 5859 2847 5896 non
2885 5847 3177 5914 trepidant,
3222 5865 3284 5902 ex
3324 5852 3519 5918 sci,=s:s
