4132 6438
215 389 348 460 ll“

1056 401 1152 460 DE
1193 385 1701 458 PROCESSIONE
1739 387 1800 451 S.
1844 385 2198 451 SPllllTUS
2238 383 2454 449 ORAT.
2503 385 2582 446 ll.

3335 377 3478 442 ΜΞ

207 509 494 575 κρείττους
556 509 650 561 καὶ
716 509 1127 579 νουνεχὲστεροι
1199 507 1486 559 πιίθεσθαι
1553 503 1794 572 φιλοῦσιν

1916 515 2018 568 tum
2061 512 2281 554 Sensum
2328 508 2674 567 exsuperant,
2720 513 2840 552 cum
2886 511 3048 548 cnrue
3090 493 3474 560 imugittullouu

207 597 482 666 ἀσμένους
513 600 571 650 ὲν
602 602 715 660 τοῖς
767 601 908 669 ὑπὲρ
943 600 1112 668 ἡμᾶς,
1144 597 1236 658 οὒς
1265 596 1358 648 καὶ
1407 596 1611 646 δίκαιον
1651 590 1791 658 γνώ-

215 705 325 758 μης
357 689 828 757 ύπερθαυμάζειν,
858 694 950 742 καὶ⁸
985 689 1188 758 σφόδρα
1222 688 1446 748 τούτους
1478 685 1565 745 διὰ
1591 682 1792 744 παντὸς

215 779 602 848 ἀποδέχεσθαι.
655 783 799 848 Πρὸς
852 783 962 850 γάρ
990 798 1071 832 τοι
1115 781 1240 840 τοὺς
1292 778 1507 840 ἀλλους,
1540 777 1654 828 ὅσοι
1693 775 1792 844 τὴν

213 871 342 938 περὶ
383 870 578 934 λόγους
626 873 874 924 παιδείαν
910 871 1129 924 πάντων
1167 869 1364 937 μικροῦ
1415 870 1668 936 προέχειν
1711 866 1795 918 δο-

214 958 470 1021 κοῦντες,
504 961 642 1028 πρὸς
688 960 766 1028 τῷ
801 960 1029 1029 μηδενὸς
1073 960 1206 1021 ὅλως
1241 956 1567 1027 φροντίζειν,
1617 958 1670 1010 εί
1710 955 1794 1019 τίς

219 1064 327 1099 που
356 1051 450 1100 καὶ
476 1049 658 1115 λέγειν
693 1052 749 1102 ὲν
783 1052 896 1111 τοῖς
926 1050 1053 1118 περὶ
1087 1050 1319 1109 πίστεως
1364 1047 1478 1116 ἔχει
1512 1064 1563 1098 τι
1598 1048 1794 1116 χρήσι-

193 1202 201 1224 ι
225 1154 344 1205 μον,
369 1139 490 1191 οὐδὲ
518 1142 644 1212 ταῖς,
664 1140 832 1209 ἱεραῖς
865 1139 1078 1203 ἀξιοῦσι
1107 1140 1400 1209 προσέχειν
1424 1138 1686 1206 Γραφαῖς,
1722 1136 1798 1198 ὡς

218 1227 308 1293 ἀφ’
339 1229 550 1282 έαντῶν
583 1231 741 1300 δῆθεν
776 1230 1166 1299 κατειληφότες
1203 1231 1262 1282 τὸ
1304 1228 1398 1281 τοῦ
1447 1225 1800 1297 κηρύγματος

221 1319 470 1386 ἀκριϐὲς,
509 1321 742 1390 ἁρμόσει
797 1322 858 1374 τδ
912 1323 1006 1374 τοῦ
1055 1320 1384 1375 Ἀποστόλου
1445 1320 1657 1387 σαφῶς,
1717 1319 1800 1370 ὅτι

233 1407 722 1475 Ἐματαιώθησαν
761 1411 831 1463 ἐν·
883 1409 1014 1473 ταῖς
1054 1409 1352 1472 διανοίαις
1401 1407 1621 1467 αὐτῶν,
1689 1405 1803 1474 φά-

223 1515 480 1565 σκοντες
531 1498 688 1555 εἶναι
737 1501 937 1570 σοφοί,
980 1500 1436 1570 ἐμωράνθησαν,
1484 1499 1568 1566 ἐφ’
1710 1497 1804 1550 καὶ

228 1589 318 1642 τδν
354 1591 620 1643 νοῦν-ὐπὸ
667 1593 974 1658 κενοδοξίας
1005 1592 1066 1644 τὸ
1099 1591 1364 1660 παράπαν
1399 1576 1805 1656 τυφλώττοντες

227 1680 354 1741 τοὺς
380 1681 589 1733 ἑαυτῶν
637 1681 932 1750 λογισμοὺς
963 1683 1060 1752 τῆς
1092 1681 1199 1734 τῶν
1237 1681 1515 1750 θεηγόρων
1542 1679 1802 1747 Πατάρων

223 1766 575 1832 διδασκαλίας
624 1771 1030 1841 προκρίνουσιν.
1080 1771 1281 1822 Ἐνίοτε
1327 1770 1383 1822 δὲ
1427 1770 1520 1822 καὶ
1552 1769 1807 1838 περιτρέ-

227 1878 353 1913 πειν
404 1862 700 1931 πειρῶνται
745 1863 883 1930 πρὸς
929 1862 990 1913 τὸ
1017 1860 1208 1913 δοκοῦν
1239 1861 1421 1922 αὐτοῖς
1452 1860 1551 1930 τὴν
1606 1857 1801 1927 ἀκλινῆ

227 1952 334 2003 τῶν
363 1952 572 2023 ἀνδρῶν
602 1951 698 2004 τοῦ
731 1949 1049 2018 Πνεύματος
1069 1949 1299 2011 ἔννοιαν,
1329 1946 1650 2017 φιλονείκως
1674 1946 1806 2017 περὶ

227 2041 432 2108 ταύτης
465 2042 600 2111 πρὸς
632 2039 726 2103 οὒς
760 2040 825 2094 ἀν
849 2039 1004 2108 τύχοι
1027 2039 1422 2109 διαλεγόμενοι,
1446 2038 1541 2091 καὶ
1564 2038 1623 2091 ού
1651 2039 1809 2108 φρίτ-

226 2144 412 2182 τουσιν
445 2131 503 2182 ὲν
532 2130 592 2183 ού
634 2131 887 2191 παικτοῖς
916 2129 978 2182 τὸ
1027 2130 1090 2196 δὴ
1135 2129 1533 2199 θρυλλούμενον
1585 2129 1806 2192 παίζον-

227 2238 342 2286 τες,
380 2222 615 2289 μάλιστα
663 2221 720 2273 δι
758 2222 826 2274 τὰ
864 2221 987 2275 θεῖα
1035 2221 1343 2274 διαϐάλλειν
1393 2220 1806 2284 σπουδάζοντες.

230 2314 342 2366 Καὶ
368 2312 607 2382 παρίημι
637 2313 814 2381 λέγειν
846 2313 973 2382 περὶ
1002 2313 1109 2367 τῶν
1138 2313 1224 2367 διά
1263 2314 1454 2382 φθόνον
1501 2315 1599 2366 καὶ
1631 2317 1808 2384 μῖσος,

227 2405 332 2456 οὐκ
359 2403 537 2471 ὀλίγον
565 2403 674 2474 γὰρ
705 2407 818 2467 τοῖς
851 2404 1047 2458 πάθεσι
1081 2405 1293 2469 τούτοις
1335 2405 1637 2468 έαλωκότες
1676 2407 1810 2475 ἡμῖν

229 2495 571 2562 ἐπιφύονται,
610 2498 1083 2566 παρατρεχόντων,
1133 2497 1167 2567 ἢ
1225 2499 1316 2550 καὶ
1363 2499 1812 2567 παραποιούντων

234 2587 417 2637 ἑκοντὶ
450 2583 551 2655 τὴν
585 2586 866 2655 ἀλήθειαν,
892 2584 972 2650 οἷς
1005 2587 1223 2658 ἀπόχρη
1257 2588 1348 2640 καὶ
1378 2589 1540 2657 μόνον
1565 2590 1642 2652 είς
1663 2589 1815 2653 ἐξου-

231 2677 459 2730 δὲνωσιν
492 2677 550 2730 τὸ
579 2681 767 2741 κακοῖς
815 2679 911 2731 καὶ
950 2675 1090 2732 εἶναι
1126 2679 1221 2733 καὶ
1253 2679 1616 2749 ὀνομάζεσθαι
1664 2680 1815 2751 παρά

231 2771 348 2832 τοῖς
377 2769 575 2840 ἄριστα
602 2768 918 2839 διακρίνειν,
943 2770 1038 2823 καὶ
1060 2770 1374 2825 τελεώτατα
1403 2770 1530 2839 περὶ
1550 2787 1611 2824 τὺ
1627 2770 1815 2824 ιούτων

233 2860 620 2930 γινώσκουσιν.
657 2861 796 2914 Ἀλλ’
829 2863 1023 2915 ἐκεῖνοι
1055 2862 1152 2931 μὲν
1189 2862 1412 2924 τούτους
1437 2862 1532 2917 καὶ
1573 2864 1633 2916 το
1675 2863 1815 2916 κατά

233 2950 361 3004 νοῦν
392 2951 704 3016 ἀναπολεῖν,
753 2951 857 3013 ἓως
892 2951 959 3005 ἂν
1003 2951 1108 3004 ὑπὸ
1144 2950 1442 3020 βασκανίας
1490 2954 1626 3022 πρὸς
1669 2956 1817 3024 ἡμᾶς

235 3041 450 3112 ιχθρῶς
482 3042 698 3110 ῑχοντες
745 3040 1060 3112 ἀδιόρθωτοι
1118 3041 1376 3110 μένωσιν,
1425 3041 1720 3107 ἐπιϐλαϐές
1755 3061 1815 3097 τε

1907 605 2223 658 concepere.
2257 591 2375 646 llis.
2421 590 2582 656 paulu
2629 599 2749 640 ante
2783 585 3126 648 commorati,
3148 586 3257 637 imo
3285 597 3472 635 eorum

1903 681 2160 734 meliores
2196 681 2704 748 prttdcntiorcsque,
2743 679 2794 732 in
2828 679 2990 731 rebus
3037 691 3158 744 qua:
3183 689 3344 744 Supra
3378 690 3475 728 nos

1899 780 2026 826 sunt
2073 771 2295 828 suaderi
2357 779 2563 832 amant,
2599 786 2735 838 quos
2776 780 2827 823 et
2863 770 2986 836 jure
3019 768 3214 823 merito
3253 767 3322 821 ob
3351 782 3477 821 sen-

1902 863 2122 916 tentiam
2161 862 2396 917 maxime
2427 861 2732 925 laudamus,
2763 869 2815 915 et
2860 868 3123 930 perpetuo
3159 858 3478 928 recipimus.

1899 952 2034 1006 Aliis
2059 967 2209 1017 vero,
2257 954 2350 1021 qui
2383 953 2602 1007 dicendi
2647 963 2761 1006 arte
2809 960 2976 1021 alque
3003 949 3309 1004 eruditione
3351 949 3481 1002 reli-

1901 1058 2041 1108 quos
2074 1043 2210 1098 alios
2237 1059 2498 1114 superare
2532 1045 2632 1097 sibi
2691 1044 2967 1108 videnlur,
3002 1060 3125 1098 cum
3159 1045 3294 1098 alias
3325 1059 3482 1097 men-

1903 1139 2010 1184 tem
2039 1145 2265 1198 prorsus
2295 1147 2398 1186 n0u
2433 1133 2782 1202 applicent,si
2810 1133 2933 1202 quis
2955 1131 3021 1187 de
3053 1132 3154 1185 ﬁde
3179 1133 3479 1200 proﬁcuum

1903 1222 2106 1291 aliquid
2161 1238 2466 1292 proponere
2523 1233 2718 1288 tentet,
2781 1238 2957 1293 neque
2994 1224 3128 1278 satis
3182 1223 3482 1290 Scripturis

1904 1315 2147 1368 animum
2185 1314 2471 1369 advertere
2496 1316 2702 1378 volunt,
2735 1315 2893 1384 quasi
2920 1330 2988 1369 ex
3011 1329 3132 1369 sese
3156 1315 3480 1382 exquisitam

1905 1403 2309 1472 praedicationis
2369 1405 2636 1458 rationem
2683 1404 3208 1474 praeoccupaverint,
3263 1404 3485 1467 adapta-

1907 1494 2053 1548 bitur
2097 1508 2207 1548 non
2259 1495 2554 1564 incongrue
2613 1495 2742 1548 illud
2800 1494 3081 1563 Apostoli:
3146 1492 3482 1546 Evanueruut

1905 1589 1961 1641 in
1983 1587 2390 1657 cogitationibus
2422 1588 2555 1651 suis,
2575 1603 2693 1641 cum
2715 1603 2768 1640 se
2788 1587 3055 1640 crederent
3071 1600 3177 1639 esse
3201 1584 3484 1650 sapientes,

1905 1680 2057 1734 stulti
2107 1681 2238 1749 facti
2297 1690 2417 1734 sunt
2449 1679 2519 1732 ιδ.
2579 1679 2724 1734 Hinc
2753 1689 2807 1733 et
2859 1688 3093 1733 mentem
3157 1678 3226 1730 ob
3292 1690 3487 1729 vanam

1909 1769 1993 1822 sui
2027 1769 2486 1823 existimationem
2519 1767 2676 1837 plane
2706 1768 2964 1833 obcacati
2997 1765 3248 1836 proprias
3277 1763 3489 1832 cogita-

1913 1863 2086 1915 tiones
2146 1860 2607 1929 diviniloquorum
2669 1857 2897 1913 Patrum
2958 1857 3226 1912 doctrinis
3278 1870 3489 1924 przepo-

1908 1962 2064 2008 nunt.
2102 1953 2254 2021 Saepe
2281 1954 2446 2006 etiam
2480 1966 2710 2006 numero
2759 1952 3042 2004 immotam
3083 1949 3326 2002 virorum
3364 1946 3491 2016 Spi-

1908 2042 2045 2097 ritus
2069 2043 2391 2098 senteutiam
2417 2052 2724 2111 pervertere
2743 2050 3029 2102 conantur,
3054 2051 3112 2094 ut
3129 2040 3230 2095 sibi
3251 2040 3492 2108 compla.

1909 2142 2014 2196 cet,
2050 2133 2390 2189 contentiose
2420 2133 2488 2188 de
2529 2147 2590 2186 ea
2637 2147 2762 2187 cum
2796 2132 2970 2187 obviis
3026 2131 3331 2200 quibusque
3373 2145 3490 2184 scr-

1914 2239 2130 2297 monem
2170 2225 2540 2288 conferentes,
2588 2238 2689 2278 nec
2734 2223 2984 2284 horrent,
3020 2223 3070 2275 in
3103 2222 3208 2276 illis
3237 2236 3268 2277 a
3291 2221 3490 2290 quibus

1911 2317 2072 2388 longe
2101 2324 2187 2372 est
2211 2316 2397 2386 jocus,
2454 2315 2600 2386 quod
2647 2316 2936 2384 proverbio
2975 2315 3168 2378 fertur,
3217 2316 3489 2380 ludentes,

1913 2419 1968 2464 et
1996 2409 2141 2479 quod
2170 2409 2414 2464 atrocius
2453 2416 2558 2473 est,
2607 2422 2825 2461 summo
2873 2410 3065 2462 studio
3089 2408 3274 2462 divina
3303 2406 3490 2461 crimi-

1914 2509 2140 2554 nantur.
2170 2498 2236 2553 Et
2277 2510 2542 2568 praetereo
2570 2501 2637 2555 de
2669 2499 2736 2554 iis
2787 2500 2990 2562 dicere,
3038 2499 3131 2568 qui
3164 2498 3289 2552 odio
3331 2508 3492 2568 atque

1917 2591 2235 2658 invidentia,
2277 2590 2362 2645 his
2383 2591 2527 2646 enim
2556 2590 2842 2645 aﬂ‘ectibus
2871 2606 2978 2644 non
3020 2591 3308 2644 minimum
3343 2606 3493 2643 man-

1916 2681 2105 2750 cipati,
2132 2680 2186 2734 in
2222 2694 2322 2735 nos
2356 2689 2677 2749 assurgunt,
2719 2688 3171 2750 praetercurrunt,
3213 2687 3268 2733 et
3291 2680 3494 2733 verita-

1917 2781 2025 2826 tem
2080 2781 2274 2841 sponte
2320 2780 2656 2841 pervertunt,
2731 2771 2784 2825 in
2847 2785 3079 2839 quorum
3124 2778 3491 2838 contemptum

1916 2862 2052 2916 satis
2086 2861 2413 2931 abundeque
2439 2868 2546 2929 est,
2593 2863 2718 2916 dum
2772 2863 3003 2930 lltipl‘Oltl
3059 2871 3113 2916 et
3154 2871 3492 2932 rcputantur,

1916 2963 1969 3006 et
2001 2962 2388 3021 nuncupantur
2417 2952 2487 3006 ab
2514 2952 2735 3024 optimis
2774 2968 2953 3007 rerum
2980 2954 3172 3006 harum
3192 2954 3492 3023 judicibus,

1919 3053 1972 3098 et
2017 3041 2433 3113 perlectissimis
2463 3043 2864 3115 cognitoribus.
2901 3043 3287 3115 Verumtamen
3330 3047 3496 3098 hosce

237 3134 333 3185 καὶ
360 3132 720 3198 ἐπικίνδυνον,
756 3132 832 3204 μή
879 3148 1013 3184 ποτε
1041 3130 1136 3184 τοῦ
1158 3133 1272 3202 τῆς
1306 3133 1508 3196 κακίας
1549 3133 1631 3186 ίοῦ
1681 3135 1812 3205 πρὸς

1921 3133 2006 3188 vel
2046 3143 2225 3189 mente
2247 3134 2558 3204 concipere,
2593 3148 2878 3205 quousque
2940 3134 3185 3189 invident
3216 3134 3491 3197 obstricti,

237 3223 436 3291 αὐτοῦς
489 3222 820 3290 ὑγιαίνοντες
885 3221 966 3274 ἐτι
1027 3222 1121 3275 καὶ
1171 3223 1324 3275 αὐτοὶ
1387 3223 1809 3295 μεταλάϐωμεν.

236 3313 398 3367 οὕτω
436 3313 534 3383 τῆς
566 3311 924 3366 θεοπνεύστου
981 3312 1406 3382 κατολιγωροῦσι
1458 3313 1700 3384 Γραφῆς,
1739 3313 1816 3377 ώς

238 3404 272 3457 δ
304 3405 459 3473 λόγος
505 3404 716 3459 ἀνωθεν
756 3403 966 3472 φθάσας
1002 3403 1105 3458 κᾶν
1153 3405 1430 3474 ἀμυδρῶς,
1481 3405 1618 3468 τέως
1651 3405 1697 3458 δ’
1722 3402 1817 3458 οὖν

242 3495 615 3565 παρεδήλωσε.
653 3495 732 3548 Δι’
765 3495 833 3565 ἢν
865 3493 1047 3548 αἰτίαν
1073 3495 1195 3548 οὐδὲ
1238 3495 1602 3566 προσϐλέπειν
1635 3497 1818 3560 αὐτοῖς

240 3584 503 3649 ὡσαύτως
545 3588 910 3657 διακειμένοις
942 3589 1001 3641 τὸ
1035 3587 1143 3640 ἀπὸ
1181 3588 1356 3654 τοῦδε,
1396 3588 1471 3657 μὴ
1512 3589 1597 3641 ὅτι
1625 3604 1688 3655 γε
1722 3605 1819 3656 με·

241 3676 512 3731 ταδιδόναι
536 3677 695 3745 λόγου
727 3678 912 3743 καλὸν,
939 3678 1035 3732 ἀτε
1071 3676 1148 3747 μὴ
1179 3679 1409 3730 κατόπιν
1434 3676 1534 3748 τῆς
1562 3678 1672 3732 τῶν
1704 3679 1822 3732 θεο-

250 3768 430 3835 σόφων
479 3767 741 3839 Πατέρων
794 3767 1186 3838 μυσταγωγίας
1218 3768 1278 3821 τὸ
1303 3767 1524 3822 σύνολον
1552 3769 1818 3837 βαίνουσι,

243 3862 364 3925 ταῖς
409 3860 641 3923 οἰκείαις
693 3860 750 3914 δὲ
797 3859 1046 3928 γνώμαις
1086 3861 1389 3930 στοιχοῦσιν
1439 3863 1728 3931 ἐριστικῶς
1764 3862 1823 3927 ἐξ

243 3955 498 4022 οίήσεως.
535 3953 727 4023 Ἡμεῖς
784 3953 841 4006 δὲ
883 3955 1048 4024 μηδὲν
1106 3955 1239 4008 ῐδιον
1289 3959 1508 4025 φρονεῖν
1554 3956 1586 4026 ἢ
1646 3958 1824 4025 λέγειν

246 4043 559 4112 τολμῶντες
586 4045 733 4115 -περὶ
752 4043 910 4108 Θεοῦ,
945 4044 1192 4114 θρασέων
1235 4048 1345 4117 γάρ
1387 4047 1689 4118 ἡγούμεθα,
1730 4050 1825 4102 καὶ

247 4135 312 4189 τὸ
340 4137 449 4190 πᾶν
477 4137 675 4200 εἰπεῖν,
709 4137 1011 4205 ἀλογίστων
1035 4137 1242 4207 ἀνδρῶν
1271 4139 1332 4191 τδ
1367 4139 1696 4193 διανοεῖσθαι
1731 4143 1826 4194 καὶ

246 4227 428 4282 λαλεῖν
475 4228 570 4297 ἀφ’
604 4229 815 4282 ἑαυτῶν
846 4229 915 4281 τά
957 4228 1051 4281 τοῦ
1093 4228 1411 4298 Πνεύματος
1451 4231 1618 4302 χωρὶς
1656 4232 1827 4287 uno-

251 4335 442 4391 ματος,
469 4321 569 4384 τὰς
593 4320 741 4391 ίεράς
767 4319 875 4373 τῶν
903 4320 1076 4388 ἀγίων
1102 4323 1322 4392 γραφὰς
1365 4323 1485 4392 μετ’
1510 4323 1827 4393 ἐπιμελείας

1919 3235 1974 3280 et
2020 3226 2312 3280 nobiscum
2348 3225 2670 3283 inimicitias
2700 3239 2949 3296 gerentes
2983 3226 3272 3282 iucorrecti
3308 3242 3497 3296 perse-

1917 3323 2157 3381 verant,
2218 3330 2329 3370 non
2389 3317 2599 3386 absque
2649 3319 2896 3388 periculo
2929 3329 2982 3373 et
3012 3328 3257 3374 extremo
3301 3319 3497 3374 discri-

1917 3408 2065 3461 mine
2110 3414 2215 3470 est,
2253 3421 2322 3462 ne
2346 3422 2554 3462 veneno
2583 3409 2944 3478 improbitatis
2989 3425 3088 3464 nos
3133 3425 3351 3480 quoque
3403 3412 3494 3479 qui

1920 3499 2039 3552 sani
2081 3513 2296 3564 sumus,
2327 3497 2654 3553 inﬂciemur.
2714 3497 2806 3554 Sic
2852 3499 3111 3555 divinitus
3171 3500 3490 3570 inspiratam

1922 3589 2262 3659 Scripturam
2295 3589 2572 3658 despectui
2599 3588 2824 3654 habent,
2858 3599 2916 3643 ut
2945 3605 3112 3659 supra
3144 3600 3338 3655 oratio,
3373 3593 3499 3645 licet

1922 3680 2176 3742 tenuiter.
2194 3680 2380 3749 aliquo
2402 3689 2587 3735 tamen
2613 3683 2778 3736 modo
2801 3681 3150 3750 signiﬁcavit.
3173 3681 3498 3751 Propterea-

1921 3781 2030 3844 ‘qne
2050 3786 2145 3827 eos
2165 3772 2499 3841 inposterum
2521 3771 2602 3825 sic
2616 3772 2910 3841 dispositos
2934 3787 3040 3826 non
3075 3773 3297 3837 intueri,
3327 3776 3498 3831 multo

1924 3866 2106 3925 minus
2143 3863 2419 3934 colloquio
2458 3863 2694 3932 dignari,
2728 3865 2996 3934 optimum
3039 3863 3229 3928 luerit,
3263 3879 3386 3918 cum
3423 3865 3497 3919 illi

1925 3973 1955 4012 a
1989 3956 2175 4011 divino
2205 3956 2431 4009 numine
2451 3956 2764 4010 edoctorum
2803 3956 3068 4028 vestigiis,
3099 3972 3277 4028 neque
3303 3958 3500 4012 divina!

1925 4049 2184 4104 doctrinae
2221 4053 2500 4122 insistant,
2548 4049 2640 4102 sed
2673 4050 2913 4118 propriis
2970 4050 3321 4119 opinionibus
3361 4066 3496 4105 vana

1927 4138 2010 4193 sui
2048 4140 2486 4196 exsistimatione
2522 4139 2862 4195 contentiose
2890 4139 3174 4193 incedunt.
3220 4137 3329 4194 Nos
3369 4155 3501 4194 vero

1927 4232 1995 4287 de
2028 4228 2137 4286 Deo
2171 4232 2380 4302 aliquid
2414 4232 2698 4304 proprium
2736 4247 2910 4300 neque
2946 4240 3152 4295 tenere,
3190 4247 3366 4300 neque
3389 4233 3503 4287 elo-

1927 4324 2022 4395 qui
2052 4323 2334 4388 audentes,
2390 4325 2802 4379 temerariorum
2836 4324 3105 4394 siquidem
3153 4325 3205 4379 id
3233 4339 3298 4378 ac
3345 4325 3502 4393 plane

247 4413 344 4466 ttat
399 4413 638 4482 συνεχῶς
685 4412 1122 4482 ἀναπτύσσομεν,
1164 4415 1259 4466 καὶ
1313 4414 1517 4477 ταύτας
1564 4415 1641 4478 ὡς
1688 4415 1812 4469 Θεοί

1931 4416 2165 4471 rationis
2187 4417 2408 4486 inopum
2447 4416 2728 4470 hominum
2753 4417 2994 4485 cogitare
3023 4426 3076 4470 et
3103 4417 3399 4472 decernese
3433 4434 3501 4473 ex

247 4501 430 4571 φωνὰς
460 4503 756 4575 διαρρήδην
785 4502 1094 4567 ἀκούοντες,
1122 4507 1240 4568 ταῖς
1277 4505 1378 4576 τῆς
1427 4505 1654 4573 καρδίας
1682 4505 1812 4562 πλα-

1929 4509 2169 4577 propriis
2205 4483 2299 4561 de_
2326 4505 2539 4578 Spiritu
2573 4507 2783 4575 absque
2809 4483 3040 4575 Spiritu,
3085 4521 3247 4561 sacra
3279 4516 3524 4583 sancto--

247 4592 332 4659 ξλν
358 4594 786 4664 ιγχαράττομεν,
817 4598 909 4648 καὶ
941 4596 1029 4648 διά
1060 4596 1309 4665 γλώττης
1357 4596 1495 4667 πρὸς
1531 4600 1657 4661 τοὺς
1687 4597 1824 4664 ιξω-

247 4685 340 4738 θεν
367 4684 443 4747 ώς
492 4685 631 4750 ενὺν,
675 4690 726 4740 εί
771 4686 976 4757 δεήσει,
1019 4690 1392 4759 προφέρομεν,
1433 4689 1824 4758 ιπερωτῶντες

243 4769 358 4829 οἷον
384 4776 641 4850 ἑκάστοτε
683 4775 774 4830 διὰ
799 4777 908 4832 τῶν
937 4778 1194 4831 τοιούτων
1242 4779 1470 4850 γραφῶν
1501 4781 1625 4841 τοὺς
1652 4759 1823 4842 αύτάς

248 4849 610 4930 συλλαϐόντας
641 4867 737 4918 καὶ
773 4867 1032 4930 τεκόντας
1059 4869 1116 4919 ὲν
1141 4849 1420 4938 Πνεύματι
1452 4870 1580 4938 περὶ
1605 4867 1822 4922 πάντων

245 4955 357 5009 τῶν
394 4958 474 5018 είς
505 4956 792 5012 εὐσέϐειαν
826 4959 1162 5026 ἀνηκόντων,
1203 4960 1278 5022 ὡς
1323 4960 1572 5030 Πατέρας
1609 4963 1678 5031 τῇ
1722 4960 1814 5013 πί-

248 5060 365 5099 στει
401 5049 616 5110 κοινοὺς
651 5050 746 5102 καὶ
781 5050 1186 5122 πρεσϐυτέρους
1219 5053 1285 5121 τῇ
1314 5052 1424 5103 τῶν
1453 5051 1676 5121 ἡμερῶν
1703 5068 1815 5103 παο

245 5135 486 5208 λαιὸτητι
513 5140 656 5192 κατὰ
678 5141 892 5210 div-1:06
917 5145 1193 5211 μακαρίου
1224 5141 1505 5205 Μωῦσέως
1534 5141 1819 5212 θειοτάτην

247 5231 345 5285 καῖΙ
381 5234 703 5302 σοφωτάτην
736 5237 1084 5306 παραίνεσιν,
1109 5236 1203 5288 καὶ
1249 5234 1421 5288 ταῦτα
1462 5235 1560 5303 μεν
1609 5234 1820 5302 μανθά·

245 5338 431 5384 νοντες
453 5325 733 5392 ἀσφαλῶς,
767 5328 864 5381 καὶ
894 5330 1002 5391 τοῖς
1031 5328 1212 5389 ἀλλοις
1235 5327 1423 5395 χρείας
1475 5325 1820 5378 καταλαὲού-

247 5429 349 5486 σης
375 5414 449 5481 ώς
479 5417 710 5486 δύναμις
755 5421 1249 5490 παραπέμποντες.
1288 5419 1480 5472 Ἰεένοεν
1517 5436 1598 5470 τοι
1628 5419 1730 5472 καί
1759 5417 1821 5470 τὸ

245 5507 424 5578 παρὶν
467 5509 526 5573 ἐξ
555 5510 738 5562 αὐτῶν
762 5512 989 5566 ἐκείνων
1017 5516 1225 5565 ἐσεῖταί
1257 5512 1322 5564 τά
1356 5513 1454 5581 τῆς
1489 5510 1821 5576 ἀποδείξεως

246 5601 381 5668 ἡμῖν
437 5604 530 5654 τοῦ
586 5603 954 5673 προκειμένου
1009 5602 1345 5673 ζητήματος,
1386 5603 1469 5655 ὅτι
1514 5605 1609 5656 καὶ
1663 5601 1824 5655 τοῦτο

320 5764 366 5796 ⁸⁵
389 5730 544 5815 llum.
586 5779 625 5823 ι,
658 5761 746 5815 ἳΙ.

1927 4612 2050 4652 rum
2092 4597 2373 4654 volumina
2410 4597 2702 4666 diligenter
2751 4597 3123 4665 continuoque
3171 4597 3497 4662 evolvimus,

1925 4703 2102 4758 eaque
2153 4689 2233 4744 uti
2284 4689 2378 4744 Dei
2429 4703 2595 4746 voces
2629 4690 2806 4758 palam
2854 4690 3158 4755 audientes,
3222 4690 3276 4744 in
3319 4691 3503 4746 cordis

1926 4761 2130 4836 tabulis
2159 4777 2476 4841 incidimus,
2495 4785 2550 4831 et
2570 4776 2755 4846 lingua
2777 4776 2846 4831 ad
2875 4777 3036 4842 alios,
3056 4789 3135 4833 uti
3154 4778 3270 4832 ﬁeri
3301 4788 3500 4849 potest,

1926 4869 2056 4925 dum
2069 4883 2210 4939 opus
2233 4875 2336 4932 est,
2353 4866 2654 4932 ollerimus,
2683 4866 3503 4937 quodammodointerrogantes

1924 4973 2024 5028 per
2075 4975 2140 5013 ea
2185 4960 2393 5029 scripta
2425 4958 2572 5024 illos,
2616 4959 2710 5029 qui
2759 4973 2819 5013 ea
2863 4968 3255 5028 conceperant,
3316 4967 3372 5013 et
3405 4975 3505 5030 pe-

1927 5059 2186 5121 pererunt
2207 5054 2260 5106 in
2281 5050 2488 5122 Spiritu
2511 5052 2580 5106 de
2596 5051 2851 5106 omnibus
2881 5050 2948 5104 ad
2970 5051 3223 5121 pietatem
3247 5061 3504 5122 spectan-

1929 5145 2098 5210 tibus,
2143 5143 2220 5198 uti
2268 5143 2456 5199 Patres
2499 5142 2604 5198 ﬁde
2661 5158 3020 5206 communes,
3078 5151 3132 5196 et
3179 5143 3503 5211 antiquitate

1926 5232 2136 5287 dierum
2185 5232 2448 5291 seniores.
2485 5232 2787 5287 secundum
2831 5231 2974 5286 beati
3026 5231 3228 5303 Moysis
3271 5231 3502 5286 divinis-

1927 5325 2122 5378 simam
2153 5339 2217 5379 ac
2239 5322 2700 5394 sapientissimam
2743 5317 3198 5386 admonitionem,
3237 5332 3289 5377 et
3326 5323 3404 5378 sic
3437 5337 3501 5377 ea

1932 5415 2348 5480 tutodiscimus,
2369 5419 2424 5470 et
2456 5414 2605 5479 aliis,
2640 5429 2764 5469 cum
2803 5414 3099 5468 necessitas
3127 5424 3230 5474 est.
3269 5415 3346 5467 uti
3371 5429 3502 5483 pos-

1929 5522 2144 5570 sumus,
2183 5506 2598 5562 demandamus.
2642 5506 2777 5560 llinc
2801 5505 2964 5559 etiam
3005 5520 3148 5560 nunc
3177 5521 3241 5560 cx
3273 5507 3500 5571 eisdem,

1929 5599 1996 5653 ad
2037 5599 2316 5672 prmnlis
2366 5599 2684 5669 quaestionis
2722 5597 3246 5653 demonstrationem
3299 5597 3506 5654 condu~
