4132 6484
696 342 827 404 1113

1703 359 2206 424 (ΞΟΝΞΤΑΝΤΙΧΙ
2254 364 2801 430 ΜΕΙᾸΤΕΝΙΟΤιΕ

3799 363 3942 431 liii

691 464 867 513 centla
911 470 1180 528 petentur,
1224 466 1365 535 quod
1412 470 1509 521 hoc
1546 472 1819 540 negotium
1852 474 1993 531 vires
2034 487 2248 532 nostras

2358 476 2588 551 μεῖζονῆ
2622 480 2755 534 ’καθ’
2788 481 2939 551 ἡμᾶς
2960 479 3331 553 διατρανῶσαι
3354 454 3811 552 δυνάμει-λόγου,
3844 486 3944 535 καὶ

687 560 997 615 exsuperat.
1035 568 1133 607 nec
1171 570 1461 623 possumus
1502 569 1684 615 nostra
1734 563 1946 618 dicendi
2001 566 2255 622 facultate

688 656 956 708 exponere
1004 644 1305 715 docereque
1332 649 1399 702 de
1435 648 1567 715 Deo,
1617 664 1670 707 et
1712 653 2023 726 incorrupta
2055 658 2254 725 prima-

690 746 795 797 que
831 742 1041 793 natura,
1070 748 1192 787 cum
1227 735 1355 791 illud
1386 737 1621 807 indigeat
1652 743 1911 809 virorum,
1946 746 2037 815 qui
2067 761 2255 814 supre-

693 835 835 872 mam
880 828 933 875 et
989 824 1251 892 p0tiorem
1296 829 1618 895 sapientiam
1672 834 1972 903 antiquitus
2021 837 2255 905 puritate

691 913 884 965 tuentis
916 916 1191 969 consecuti
1236 927 1382 981 sunt,
1413 921 1506 989 qui
1530 932 1582 974 et
1608 934 1887 991 parentum
1946 924 2123 980 locum
2152 929 2255 980 ob—

691 1002 944 1069 tinentes,
995 1006 1154 1061 nobis
1197 1007 1470 1076 ﬁdelibus,
1514 1012 1677 1067 veluti
1716 1017 1978 1071 continuo
2007 1018 2253 1073 doctrina

688 1109 786 1147 sua
809 1106 1127 1163 generantes
1149 1112 1338 1155 omnes
1368 1102 1668 1157 secundum
1696 1103 1884 1169 Deum,
1918 1109 2253 1177 interrogan-

692 1186 835 1241 tibus
883 1190 935 1240 in
990 1191 1241 1258 praesenti
1270 1192 1433 1248 sicuti
1465 1194 1695 1251 Mosaica
1735 1197 2037 1253 admonitio
2068 1200 2254 1268 praeci—

686 1276 783 1345 pit.
828 1279 1059 1346 propriis
1090 1279 1281 1336 iterum
1319 1284 1539 1355 scriptis
1571 1288 1993 1355 annuntiabunt,
2020 1300 2072 1346 et
2094 1292 2255 1348 rebus

685 1366 942 1421 omnibus
993 1382 1116 1423 cum
1145 1371 1403 1428 seniores
1441 1376 1613 1429 nostri
1650 1376 1779 1441 sint,
1830 1376 2012 1432 dicent
2064 1392 2255 1446 perac-

686 1460 970 1513 commode
993 1460 1331 1533 edocentque
1352 1465 1418 1519 de
1447 1467 1748 1535 quaestione
1776 1469 1995 1523 nuncin
2025 1484 2251 1525 examen

688 1550 987 1619 proposita,
1028 1555 1490 1621 quemadmodum
1529 1568 1584 1612 et
1618 1560 1671 1614 in
1708 1572 1834 1615 ante
1862 1563 2072 1630 digesta
2128 1577 2252 1615 ora-

690 1640 835 1696 tione
871 1654 1211 1714 peregerunt,
1268 1648 1321 1702 in
1363 1666 1469 1718 qua
1504 1666 1597 1719 per
1633 1649 1835 1706 Filium
1889 1653 2249 1706 eminentiam

686 1734 872 1789 habere
914 1735 1173 1805 Spiritum
1216 1752 1458 1796 sanctum
1490 1757 1591 1798 nos
1619 1743 2015 1801 instruxerunt.
2056 1742 2160 1799 Sed
2196 1745 2248 1797 in

686 1841 749 1880 ea
786 1828 1004 1896 quidem
1040 1845 1137 1899 per
1187 1830 1386 1888 Filium
1441 1842 1652 1889 tantum
1700 1849 1765 1889 ex
1813 1834 1971 1891 Patre
2018 1834 2254 1906 Spiritus
2286 1805 2330 1865 Β

688 1918 1082 1985 exsisteutiam,
1111 1922 1256 1991 quod
1300 1938 1409 1978 non
1438 1924 1581 1980 ultra
1627 1935 1808 1982 nostra
1849 1927 2077 1996 quastio
2129 1940 2251 1997 pro-

687 2011 1018 2079 grederetur,
1048 2013 1101 2067 in
1135 2013 1237 2070 bac
1271 2030 1401 2070 vero
1428 2016 1592 2072 etiam
1626 2031 1692 2072 ex
1724 2016 1881 2071 Patre
1925 2027 1979 2071 et
2004 2032 2070 2071 ex
2118 2016 2256 2072 Filio

690 2100 948 2169 Spit'iltlttt
981 2115 1229 2159 sanctum
1264 2106 1548 2174 exsistere,
1580 2110 1722 2178 quod
1755 2117 1998 2163 nostrum
2029 2109 2081 2164 in
2123 2122 2259 2178 pra:-

691 2196 863 2248 seutia
889 2196 1225 2265 propositum
1265 2206 1369 2261 est,
1423 2200 1748 2264 cdocebuut,
1786 2201 2068 2271 multoque
2096 2215 2255 2271 aper-

692 2287 801 2341 tius
838 2302 998 2355 quam
1067 2288 1164 2353 illi,
1200 2290 1297 2358 qui
1338 2292 1573 2359 pueriles
1604 2292 1908 2346 litterarum
1957 2301 2113 2346 notas
2160 2306 2254 2361 per

688 2378 857 2432 otium
884 2379 1305 2449 interpretantur
1327 2398 1341 2435 :
1361 2396 1485 2436 cum
1517 2398 1623 2437 nou
1652 2383 1841 2447 semel,
1866 2398 1966 2438 nec
1988 2382 2071 2439 bis
2107 2392 2254 2439 terve

688 2479 1003 2524 sanctorum
1037 2474 1410 2543 unusquisque
1431 2483 1484 2528 et
1510 2473 1667 2545 plane
1688 2489 1877 2530 omnes
1904 2475 1971 2530 de
2001 2475 2100 2529 hoc
2126 2475 2257 2545 dog-

694 2567 837 2611 mate
877 2564 1223 2629 pronuntiata
1263 2564 1556 2628 sententia,
1605 2563 1876 2617 silentium
1909 2563 2255 2635 postmodum

694 2647 799 2702 sibi
830 2648 1165 2716 indixerunt,
1192 2652 1283 2706 sed
1311 2653 1619 2723 ubicunque
1646 2652 1757 2708 fere
1787 2669 2097 2709 sermonum
2129 2668 2259 2709 suo-

692 2753 836 2805 rum,
872 2738 1197 2808 quibusdam
1243 2742 1407 2797 etiam
1456 2744 1508 2797 in
1562 2743 1697 2798 locis
1741 2745 1955 2809 crebro,
2006 2744 2255 2812 exemplo

689 2832 1062 2899 praestantium
1092 2833 1382 2902 pictorum,
1410 2836 1501 2905 qui
1529 2837 1727 2905 saepius
1757 2849 1810 2890 et
1854 2836 2077 2890 calcatis
2110 2837 2257 2890 colo-

690 2918 843 2974 ribus
874 2920 1086 2976 tabulas
1118 2922 1381 2987 inﬁciunt,
1410 2939 1534 2979 eum
1569 2927 1712 2993 quod
1747 2924 2076 2995 imprimitur
2100 2939 2253 2993 aper—

690 3009 801 3064 tius
848 3012 1265 3081 expressiusque
1294 3013 1531 3084 elﬂgiare
1564 3016 1923 3075 contendunt.
1959 3016 2052 3084 qui
2086 3014 2252 3068 rebus

681 3099 894 3156 divinis
922 3103 1254 3171 exponendis
1304 3104 1666 3172 praestiterunt
1693 3104 1846 3165 illud,
1891 3119 1955 3158 ex
1999 3103 2154 3157 Patre
2200 3109 2255 3155 et

692 3189 831 3246 Filio
864 3191 1125 3260 Spiiitum
1160 3203 1409 3248 sanctum
1455 3195 1739 3258 exsistere,
1771 3193 1960 3249 sedulo
1996 3195 2046 3248 in
2074 3195 2251 3247 omni-

692 3284 794 3340 bus
847 3284 961 3338 suis
1009 3286 1225 3354 scriptis
1275 3286 1813 3356 compreliendentes,
1874 3288 1926 3340 in
1978 3286 2255 3340 nonnullis

692 3373 808 3425 suis
842 3372 1099 3435 bomiliis.
1132 3386 1446 3436 constanter
1492 3384 1545 3431 et
1573 3378 1913 3431 abundanter
1939 3379 2063 3431 data
2092 3390 2255 3445 opera

691 3465 1054 3536 philosophati
1102 3475 1250 3534 sum,
1293 3480 1349 3522 ut
1383 3483 1481 3523 nos
1534 3470 1695 3527 etiam
1729 3469 1817 3524 bic
1860 3469 2150 3524 liberaliter
2204 3478 2258 3523 et

694 3556 914 3624 copiose
938 3557 1005 3610 de
1034 3557 1137 3612 boc
1166 3567 1484 3627 argumento
1514 3560 1783 3615 erudient.

763 3650 818 3703 2.
851 3649 1030 3715 Quare
1059 3651 1124 3707 ad
1160 3652 1427 3709 addeceus
1468 3654 1789 3725 principium
1832 3655 2134 3712 orationem
2164 3655 2258 3710 de.

696 3742 979 3804 ducentes.
1013 3742 1138 3798 inde
1166 3745 1310 3815 quod
1340 3746 1496 3802 nobis
1525 3747 1577 3800 in
1601 3758 1779 3803 mente
1815 3747 2045 3803 volvitur
2068 3764 2260 3819 aggre-

696 3834 931 3889 diemur.
966 3832 1197 3891 Omnino
1243 3822 1372 3892 vero
1418 3838 1687 3893 addccens
1719 3839 2043 3910 principium
2076 3839 2258 3903 fuerit,

705 3942 829 3981 cum
861 3942 1056 3982 manus
1085 3927 1161 3985 rei
1198 3929 1552 3998 imponimus,
1573 3929 1781 3985 Numen
1812 3932 2104 4000 propitium
2137 3932 2262 3985 red-

698 4020 846 4074 dere.
887 4018 988 4084 Qui
1040 4020 1183 4074 enim
1214 4034 1341 4075 vere
1385 4035 1486 4076 nos
1508 4008 1825 4092 sumus,qu‘i
1860 4022 2058 4077 similia
2080 4023 2263 4077 curio-

700 4111 816 4168 sius
841 4109 1167 4180 investigare
1193 4111 1435 4166 animum
1467 4112 1821 4177 intendimus,
1861 4111 1928 4167 ad
1956 4128 2078 4182 quae
2103 4113 2264 4167 intel-

699 4204 1013 4258 lectualium
1067 4205 1310 4259 omnium
1390 4215 1718 4273 potestatum
1783 4206 1917 4261 ordo
1950 4206 2020 4260 ob
2084 4206 2266 4275 gloria:

703 4297 1045 4352 inaccessum
1102 4298 1289 4366 nequit
1342 4297 1627 4367 attingere,
1681 4298 1733 4351 ni
1786 4298 1911 4365 quis
1949 4312 2044 4352 eos
2080 4297 2264 4366 quiin

706 4403 932 4458 corpore
985 4404 1108 4443 cum
1163 4388 1502 4457 iucorporcis
1564 4389 1906 4443 decertarunt
1951 4389 2264 4447 advocarit,

2355 571 2814 642 παραστήσασθαι
2845 572 2975 643 περὶ
2999 572 3140 627 Θεοῦ
3167 589 3228 627 τε
3262 573 3359 627 καὶ
3385 575 3487 644 τῆς
3509 574 3813 643 ἀκηράτου
3837 572 3939 626 καὶ

2355 660 2578 732 πρώτης
2608 661 2822 731 φύσεως
2848 662 2929 728 δν,
2956 664 3052 718 καὶ
3078 664 3252 718 δεῖται
3280 663 3390 718 τῶν
3406 662 3505 735 τὴν
3531 663 3812 716 ἀνωτάτω
3842 663 3942 715 καὶ

2355 751 2658 821 κρείττονα
2679 753 2876 820 σοτρίαν
2911 742 3449 826 καθαρότητι-πάλαι
3496 755 3615 817 νοὸς
3646 753 3943 823 κτησαμέ-

2354 858 2462 894 νων
2494 840 2732 911 ἀνδρῶν,
2756 842 2807 895 οἶ
2833 842 2931 897 καὶ
2962 843 3226 914 Πατέρων
3256 844 3417 912 λόγον
3455 842 3756 913 ἐπέχοντες
3798 845 3943 912 ἡμῖν

2353 933 2464 992 τοῖς
2497 934 2731 995 πιστοῖς.
2768 932 2866 987 ἀτε
2891 933 3188 999 γεννῶντες
3212 934 3300 987 ἀεὶ
3328 932 3416 987 διὰ
3447 937 3545 1003 τῆς
3573 934 3940 996 διδασκαλίας

2353 1023 2535 1076 αὐτῶν
2558 1025 2685 1088 τοὺς
2710 1028 2919 1089 πάντας
2944 1028 3084 1081 κατά
3104 1026 3263 1091 Θεὸν,
3281 1027 3701 1097 ἐπερωτήσασιν
3721 1027 3940 1079 ὡσανεὶ

2356 1113 2656 1181 κάνταῦθα,
2697 1116 2949 1189 καθάπερ
2986 1118 3019 1187 ἡ
3051 1117 3323 1187 Metuisti)
3356 1116 3765 1187 παρακέλευσις
3800 1116 3942 1167 ὑποο

2352 1206 2563 1260 τίθεται
2590 1208 2679 1261 διὰ
2709 1208 2820 1261 τῶν
2844 1208 3062 1262 οἰκείων
3078 1210 3173 1263 καὶ
3203 1210 3367 1262 πάλιν
3397 1206 3930 1277 ἀναγγελοῦσιγραο

2354 1298 2471 1366 φῶν
2503 1300 2597 1352 καὶ
2636 1302 2750 1361 τοῖς
2803 1301 2949 1364 ὅλοις
2996 1301 3362 1372 πρεσϐύτεροι
3410 1299 3699 1361 τελοῦντες
3745 1298 3937 1367 ἡμῶν,

2356 1387 2571 1456 ἐροῦσιν
2600 1389 2832 1453 εἰκότως
2865 1392 2959 1444 καὶ
2982 1391 3111 1459 περὶ
3139 1390 3233 1443 τοῦ
3264 1390 3360 1442 νῦν
3396 1390 3477 1452 εἰς
3508 1388 3763 1453 ἐξέτασιν
3799 1404 3939 1456 προ-

2354 1478 2692 1549 σεὸλημένου
2718 1480 3041 1545 διδάξουσιν,
3067 1481 3141 1543 ὥς
3170 1484 3275 1535 κάν
3304 1483 3382 1549 τῷ
3424 1481 3529 1549 πρὸ
3549 1481 3747 1533 τούτου
3789 1480 3936 1548 λόγῳ

2354 1569 2647 1638 προφανῶς
2673 1572 3057 1639 πεποιήκασιν,
3079 1571 3208 1623 ἔνθα
3222 1571 3301 1631 τὸ,
3329 1572 3412 1623 Δι’
3441 1570 3579 1623 Υἰοῦ
3599 1570 3718 1636 τὴν
3736 1570 3935 1635 ὕπαρ-

2356 1656 2453 1721 ξιν
2474 1657 2598 1727 ’ἔχει
2620 1659 2691 1712 ἐκ
2717 1659 2940 1726 Πατρός
2972 1659 3039 1712 τὸ
3064 1660 3302 1727 Πνεῦμα
3330 1663 3396 1712 τὸ
3427 1660 3617 1728 ἄτιον,
3655 1661 3809 1728 ἡμᾶς
3839 1658 3932 1722 ἐξ-

2355 1745 2701 1801 επαίδευσαν.
2736 1747 2883 1817 Πλὴν
2909 1748 3090 1802 ἐκεῖσε
3129 1749 3228 1818 μὲν
3255 1750 3356 1819 τὴν
3380 1748 3453 1803 δι’
3474 1748 3606 1803 Υἱοῦ
3640 1748 3737 1800 καὶ
3767 1746 3932 1816 μόνον

2356 1836 2422 1889 ἐκ
2471 1835 2689 1906 Πατρδς
2716 1834 2811 1889 τοῦ
2862 1836 3184 1905 Πνεύματος
3219 1834 3483 1906 ὕπαρξιν,
3510 1837 3593 1890 δτι
3637 1835 3732 1887 καὶ
3766 1833 3931 1902 μέχρι

2355 1924 2615 1979 τοσούτου
2651 1924 2773 1979 τότε
2801 1926 2870 1979 τὰ
2899 1925 3001 1997 τῆς
3021 1926 3301 1996 ἡμετέρας
3324 1925 3609 1996 ζητήσεως
3639 1938 3656 1954 ⁸
3692 1922 3933 1976 ἐνταῦθα

2356 2014 2413 2068 δέ
2452 2015 2549 2067 καὶ
2596 2015 2659 2067 τὸ
2706 2016 2859 2085 παρά
2909 2015 3123 2086 Πατρδς
3180 2015 3277 2068 καὶ
3331 2014 3467 2068 Υἰοῦ
3501 2015 3561 2066 τὸ
3590 2011 3822 2079 Πνεῦμα
3871 2008 3933 2061 τδ

2357 2104 2515 2172 ἀγιον
2537 2102 2828 2173 ὑπάρχειν,
2858 2103 3020 2157 τοῦτο
3045 2104 3157 2173 γάρ
3182 2105 3212 2157 δ
3238 2104 3461 2166 σκοπὸς,
3490 2103 3694 2171 ἀρτίως
3720 2116 3933 2169 μυσταο

2356 2194 2510 2264 γωγή
2519 2211 2691 2259 σουσι,
2743 2196 2837 2247 καὶ
2861 2194 3040 2264 πολλῷ
3059 2195 3223 2248 πλέον
3244 2195 3389 2265 ἥπερ
3411 2196 3461 2247 οἰ
3486 2195 3597 2255 τοῖς
3613 2193 3725 2245 τῶν
3746 2207 3931 2260 γραμ-

2359 2288 2546 2355 μάτων
2593 2284 2799 2344 τύπους
2850 2285 2994 2338 κατὰ
3033 2284 3231 2356 σχολὴν
3274 2286 3677 2355 ἑρμηνεύοντες
3704 2300 3719 2315 ·
3812 2286 3931 2336 ἐπεὶ

2358 2375 2482 2445 μηδ’
2513 2374 2681 2441 ἀπαξν
2706 2375 2845 2447 μηδὲ
2868 2376 2973 2438 δὶς.
3000 2374 3033 2445 ἢ
3064 2377 3161 2429 καὶ
3184 2379 3305 2445 τρὶς
3330 2376 3566 2438 ἕκαστος
3591 2375 3704 2428 τῶν
3732 2377 3930 2443 ἁγίων,

2355 2467 2451 2521 καὶ
2484 2467 2682 2530 πάντες
2712 2467 2901 2530 ἁπλῶς
2945 2467 3196 2528 εἰπόντες
3224 2470 3353 2537 περὶ⁵
3392 2468 3487 2521 τοῦ
3521 2467 3771 2521 τοιούτου
3803 2468 3931 2535 δδ-γ-

2359 2574 2531 2627 ματος
2558 2556 2978 2626 ἀπηλλάγησαν,
3025 2557 3307 2627 πανταχοῦ
3337 2558 3393 2611 δὲ
3422 2557 3531 2611 τῶν
3566 2556 3716 2610 ἰδίων
3752 2556 3929 2623 λόγων

2360 2648 2569 2720 σχεδὸν,
2606 2648 2722 2702 ἐστι
2750 2649 2800 2701 δ’
2824 2642 2885 2700 οὗ
2924 2650 3020 2700 καὶ
3049 2648 3199 2715 θαμὰ
3226 2649 3367 2701 κατὰ
3397 2648 3523 2710 τοὺς
3549 2648 3663 2704 τῶν
3706 2646 3929 2717 ζωγρά-

2357 2758 2474 2809 φων
2516 2740 2748 2802 δεινοὺς.
2799 2739 2853 2793 οἳ
2887 2739 3152 2802 πολλάκις
3202 2740 3298 2793 καὶ
3344 2740 3465 2808 μεθ’
3522 2737 3930 2809 ὑπερδολῆςτά

2356 2833 2623 2903 χρώματα
2648 2835 2761 2894 τοίς
2789 2832 3005 2895 πίναξιν
3028 2831 3429 2895 ἐπιϐάλλουσιν,
3484 2832 3705 2885 ἐπειδὰν
3741 2832 3806 2885 τὸ
3830 2850 3929 2902 χιι·

2359 2922 2831 2993 ρακτηριζόμενον
2863 2922 3049 2986 αὐτοῖς
3095 2923 3495 2995 ἐναργέστερον
3530 2926 3797 2979 εἰκονίσαι
3839 2926 3930 2979 θε-

2357 3012 2628 3078 λήσωσινο
2658 3010 2833 3072 οὕτως
2865 3012 2913 3064 οἰ
2946 3011 3013 3063 τά
3044 3011 3167 3065 θεῖα
3208 3014 3365 3079 σοφοὶ
3388 3012 3451 3065 τὸ
3492 3014 3556 3065 ἐκ
3588 3011 3807 3083 Πατρός
3836 3013 3930 3066 καὶ

2362 3102 2493 3156 Υἰοῦ
2525 3103 2587 3154 τὸ
2627 3100 2855 3172 Πνεῦμα
2886 3101 2947 3154 τδ
2969 3102 3126 3180 ἅγιον
3153 3103 3424 3173 ὑπάρχειν
3453 3102 3696 3173 ἀτεχνῶς
3738 3105 3798 3156 ἐν
3825 3102 3929 3156 πά-

2359 3215 2479 3258 σαις
2507 3198 2625 3255 ταῖς
2656 3196 2865 3247 ἐαυτῶν
2899 3194 3129 3248 διαλαϐό
3161 3212 3255 3255 τες
3296 3198 3563 3264 γραφαῖς,
3595 3199 3738 3248 κατά
3773 3212 3927 3255 τινας

2354 3291 2468 3343 τῶν
2519 3288 2737 3341 οἰκείων
2776 3286 3004 3354 ὁμιλιῶν
3058 3288 3335 3354 ἐπιμόνως
3365 3286 3462 3338 καὶ
3519 3291 3617 3340 civ
3678 3287 3927 3358 δαψιλείᾳ

2358 3380 2863 3448 πετξιλοσοιρήκασιν
2898 3377 3233 3447 ἐξεπίτηδες,
3269 3377 3411 3431 ὥστε
3439 3378 3534 3430 καὶ
3558 3379 3704 3447 ἡμᾶς
3737 3378 3925 3431 ἐνθάῖε

2359 3470 2751 3541 φιλοτιμότατα
2769 3471 2864 3522 καὶ
2886 3468 3159 3531 πλουσίως
3189 3468 3248 3533 ἐξ
3268 3468 3451 3521 αὐτῶν
3476 3469 3545 3523 τὰ
3579 3469 3708 3538 περὶ
3734 3468 3924 3521 τούτου

2360 3560 2692 3627 σοφίσουσιν.

2433 3649 2499 3719 β’.
2526 3650 2635 3702 Καὶ
2668 3647 2735 3717 δὴ
2766 3644 2951 3701 λοιπὸν
3002 3647 3080 3709 εἰς
3114 3647 3434 3716 πρέπουσαν
3479 3646 3573 3697 τὸν
3609 3644 3771 3712 λόγον
3798 3645 3925 3698 ἄνα-

2360 3741 2625 3811 γαγόντες
2652 3738 2849 3809 ἀρχὴν,
2878 3736 3092 3790 ἐκεῖθεν
3123 3736 3452 3806 ἐφαψόμεθα
3479 3734 3574 3789 τοῦ
3621 3735 3766 3788 κατά
3796 3752 3916 3789 σκο-

2363 3837 2486 3893 πόν.
2514 3833 2806 3905 Πρέπουσα
2836 3830 2892 3884 δέ
2916 3847 2979 3899 γε
3008 3829 3222 3893 πάντως
3274 3830 3417 3900 ἀρχὴ
3451 3829 3512 3881 τὸ
3543 3830 3699 3882 θεῖον
3730 3827 3814 3897 ἐφ’
3847 3821 3926 3891 οἷς

2361 3925 2724 3997 ἐγχειροῦμεν
2758 3923 3237 3993 ἐξευμενίσασθαι.
3273 3922 3431 3981 Τίνες
3466 3920 3574 3991 γάρ
3609 3920 3773 3990 ἡμεῖς
3800 3919 3901 3987 ἀλη

2366 4013 2497 4087 θῶς,
2549 4023 2630 4075 ὅτι
2684 4017 2912 4073 τοιαῦτα
2955 4015 3386 4087 προθυμούμεθα
3427 4016 3923 4085 πολυπραγμονεῖν,

2366 4108 2441 4168 ὧν
2488 4111 2773 4180 ἐφικέσθαι
2828 4111 2920 4160 καὶ
2968 4107 3077 4161 τῶν
3141 4105 3344 4176 νοερῶν
3386 4104 3666 4173 δυνάμεων
3701 4101 3923 4157 ἀπασῶν

2366 4205 2400 4273 ἡ
2429 4202 2583 4267 τάξις
2611 4200 2866 4278 ἀδυνατεῖ
2889 4196 2978 4250 διὰ
3006 4196 3069 4249 τὸ
3089 4197 3189 4264 τῆς
3216 4194 3374 4264 δόξης
3398 4194 3704 4263 ἀπρόσιτον
3731 4210 3747 4256 ;
3774 4192 3925 4255 ἐκτὸς

2366 4295 2419 4346 εἰ
2457 4293 2533 4363 μὴ
2579 4293 2708 4353 τοὺς
2742 4286 3141 4358 ἁμιλληθέντας
3170 4287 3283 4347 τοίς
3319 4287 3635 4355 ἀσωμάτοις
3677 4283 3818 4336 εἴποι
3844 4300 3922 4343 τις

2372 4383 2512 4453 μετά
2545 4379 2821 4449 σώματος,
2860 4371 2942 4440 οἷς
2990 4376 3085 4429 καὶ
3131 4374 3332 4444 ἑαυτὴν
3358 4375 3551 4427 τούτου
3608 4374 3770 4445 χάριν
3806 4373 3925 4427 ὅσον

702 4482 903 4553 quibus
947 4482 1173 4550 hujusce
1213 4481 1385 4549 gratia
1440 4481 1814 4552 semetipsum,
1867 4493 2131 4552 quantum
2188 4481 2261 4535 ilii

2371 4474 2611 4545 ἐχώρουν
2641 4473 2675 4541 ἡ
2701 4469 2873 4537 Τριάς
2895 4467 3233 4537 ἀπεκάλυψε.
3252 4466 3372 4520 Τῶν
3395 4467 3453 4520 δὲ
3474 4465 3753 4535 τοιαύτην,
3781 4467 3919 4534 ἀμυ-

706 4590 900 4643 capere
929 4564 1202 4643 poterant,
1229 4572 1388 4629 Trias
1422 4573 1829 4630 manifestavit'l
1868 4573 2074 4629 Horum
2103 4587 2266 4644 porro

704 4667 798 4737 qui
849 4666 1033 4730 talem,
1075 4675 1290 4721 tenuem
1336 4682 1531 4735 nempe
1575 4676 1630 4722 et
1674 4666 2009 4722 moderatam
2049 4666 2116 4721 de
2159 4667 2269 4720 Deo

704 4760 1157 4815 illuminationem
1206 4768 1554 4832 acceperunt,
1606 4774 1835 4829 eamque
1871 4759 2013 4814 ultra
2061 4769 2269 4813 mentes

707 4852 977 4914 cmlestcs,
1011 4851 1155 4921 quod
1196 4852 1249 4907 in
1279 4866 1444 4906 carne
1494 4852 1872 4908 immateriata:
1899 4852 2021 4905 vita:
2051 4850 2271 4905 institu-

708 4956 821 4997 tum
882 4951 1213 5007 tenuerunt,
1298 4943 1532 5011 indeque
1620 4943 1819 4997 tuentis
1892 4941 2269 4996 ascensionem

710 5036 988 5089 consecuti
1016 5043 1168 5095 sunt,
1199 5033 1475 5103 quomodo
1505 5033 1722 5088 difﬁcile
1750 5048 1856 5087 non
1893 5032 2057 5087 fuerit
2089 5031 2270 5094 nobis,

708 5125 801 5195 qui
836 5125 973 5179 infra
1013 5136 1075 5193 et,
1103 5126 1247 5179 circa
1274 5133 1473 5180 terram
1505 5125 1635 5180 limo
1674 5126 1997 5179 iuvolvimur
2024 5125 2094 5180 de
2122 5124 2274 5178 simi-

709 5220 855 5273 libus
877 5218 1212 5287 perquirere,
1248 5232 1374 5271 cum
1402 5219 1729 5271 deberemus
1757 5218 1960 5286 absque
1999 5224 2081 5269 tot
2104 5215 2272 5269 ratio-

707 5308 1073 5363 cinationibus
1097 5315 1408 5361 sanctorum
1430 5305 1651 5361 Patrum
1673 5307 1905 5361 decretis
1938 5309 1991 5361 in
2021 5321 2273 5361 commu-

708 5416 831 5453 nem
876 5400 1165 5454 utilitatetu
1220 5399 1565 5468 dogmatibus
1602 5400 1968 5470 acquiescere,
2003 5413 2110 5452 non
2146 5412 2275 5449 vero

705 5506 893 5544 eorum
912 5492 1157 5546 ﬁduciam
1175 5501 1227 5545 et
1246 5491 1545 5545 libertatem
1563 5492 1829 5555 aemulari,
1847 5504 2080 5558 quorum
2110 5487 2274 5541 vitam

710 5599 814 5637 non
866 5597 1057 5637 sumus
1102 5582 1348 5636 imitati?
1383 5581 1774 5644 Nihilominus.
1807 5596 1932 5635 cum
1966 5596 2032 5636 ex
2078 5580 2274 5635 iisdem

711 5674 1043 5741 testimonia,
1096 5674 1173 5729 uti
1223 5675 1450 5743 polliciti
1478 5690 1691 5739 sumus,
1730 5675 1783 5727 in
1814 5673 2099 5743 praesentia
2144 5686 2273 5741 pro-

710 5765 923 5833 cedent,
983 5766 1053 5821 ob
1104 5766 1373 5821 dicturum
1422 5767 1625 5831 scripto
1672 5766 1998 5820 tradtorutu
2053 5763 2272 5817 uberem

2364 4566 2499 4638 δράν
2518 4564 2717 4637 δηλαδὴ
2738 4562 2833 4617 καὶ
2858 4561 3108 4632 μετρίαν,
3137 4560 3266 4630 περὶ
3292 4557 3431 4612 Θεοῦ
3460 4557 3795 4628 δεδεγμένων
3823 4556 3919 4627 τὴν

2369 4657 2658 4728 ελλαμψιν,
2686 4656 2782 4708 καὶ
2813 4652 3022 4723 ταύτην
3043 4652 3154 4705 τῶν
3178 4649 3447 4721 οὐρανίων
3479 4649 3617 4701 νόων
3670 4649 3924 4700 ἐπέκεινα

2369 4748 2457 4805 διὲ
2489 4750 2587 4818 τὴν
2616 4747 2778 4802 ἀῦλον
2814 4747 2873 4798 ἐν
2900 4745 3066 4814 σαρκὶ
3094 4740 3397 4805 πολιτείαν,
3430 4740 3526 4793 καὶ
3555 4738 3654 4807 τὴν
3687 4738 3781 4791 τοῦ
3813 4739 3923 4800 νοὸς

2371 4840 2623 4897 ἐντεῦθεν
2662 4839 2949 4900 ἀνάϐασιν,
2978 4834 3095 4899 πῶς
3128 4836 3189 4887 ού
3224 4833 3460 4904 χαλεπὸν
3506 4834 3617 4895 τοῖς
3651 4820 3800 4883 κάτω
3834 4830 3922 4884 καὶ

2375 4936 2505 5004 περὶ
2557 4934 2656 5005 τὴν
2699 4933 2802 5002 γῆν
2850 4927 3248 4998 ίλυσπωμένοις
3285 4926 3418 4995 ἡμῖν
3455 4924 3516 4977 τὸ
3570 4924 3700 4994 περὶ
3742 4921 3920 4975 τούτου

2374 5027 2679 5097 διερευνᾷν,
2721 5023 2841 5076 δέον
2894 5018 3299 5085 ἀσυλλογίστως
3344 5014 3637 5087 ἀρκεῖσθαι
3683 5016 3795 5075 τοῖς
3827 5012 3921 5067 ὓπδ

2384 5118 2495 5172 τῶν
2526 5117 2699 5183 ἁγίων
2724 5114 2983 5183 Πατέρων
3010 5107 3315 5163 ἐκτεθεῖσιν
3342 5110 3423 5170 εἰς
3445 5106 3630 5177 κοινὴν
3666 5105 3920 5173 ὠφέλειαν

2374 5210 2661 5279 δόγμασιν,
2689 5206 2750 5257 ού
2793 5204 2899 5274 μὴν
2930 5198 3219 5271 μιμεῖσθαι
3242 5198 3339 5268 τὴν
3373 5196 3689 5267 παρρησίαν
3726 5187 3801 5247 ὧν
3828 5196 3910 5244 τὸν

2380 5303 2491 5373 βῖον
2538 5300 2637 5354 οὐκ
2666 5295 3059 5367 ἐζηλώσαμεν;
3091 5292 3283 5361 Ὅμως
3332 5290 3456 5343 ἐπεὶ
3484 5287 3556 5340 τὰ
3584 5287 3684 5354 τῆς
3726 5302 3917 5355 μαρτυ-

2379 5392 2507 5464 ρίας
2538 5390 2597 5455 ἐξ
2626 5386 2807 5441 αὐτῶν
2832 5382 3035 5437 τούτων
3068 5383 3204 5452 ἡμῖν
3243 5380 3389 5433 κατά
3419 5378 3516 5449 τὴν
3560 5376 3846 5445 ὑπόσχεσιν
3869 5375 3919 5423 iv

2378 5482 2460 5554 τῷ
2514 5480 2743 5551 παρόντι
2787 5474 3125 5546 προϐήσεται
3177 5471 3268 5524 διὰ
3326 5469 3646 5539 περιουσίαν
3692 5467 3920 5536 χρήσεων

2380 5570 2693 5642 γραφικῶν,
2734 5560 2812 5620 ὧν
2846 5561 3195 5634 εὐποροῦμεν
3224 5559 3437 5613 πολλῶν
3465 5559 3599 5628 πρὸς
3639 5557 3918 5621 ἀπόδειξιν,

2382 5664 2485 5717 οὐκ
2529 5660 2684 5714 ἐσται
2722 5657 3012 5727 δυσχερὴς,
3040 5653 3183 5707 δοκῶ
3238 5667 3351 5720 μοι,
3394 5651 3740 5703 παντάπασιν
3772 5651 3801 5717 ή
3835 5648 3919 5711 τῆς

2386 5753 2620 5825 θεωρίας
2657 5750 2925 5816 ἐξέτασις.
2959 5747 3021 5802 Εἰ
3054 5746 3099 5799 δ’
3134 5743 3309 5807 ἄλλως
3340 5742 3542 5796 ἄτοπον
3588 5743 3698 5803 τοῖς
3736 5740 3912 5793 πεπλα-
