4132 6434
188 427 322 483 1145

1007 423 1104 483 DE
1145 421 1663 483 PROCESSIONE
1703 422 1760 481 S.
1809 423 2164 485 SPlRlTUS
2201 425 2422 489 ORAT.
2467 427 2550 486 Il.

3293 423 3429 489 1H6

189 531 439 600 δημένοις
479 533 576 593 τὰς
609 530 811 598 έξωθεν
860 532 1165 603 αἰσθήσεις,
1194 529 1262 582 δι’
1297 523 1372 584 ῶν
1400 531 1520 591 ταῖς
1546 528 1694 584 ἔνδον
1725 531 1752 582 ό

1867 533 2089 600 rapiam,
2122 535 2320 601 quibus
2352 536 2524 604 iisque
2563 536 2863 603 przemultis
2887 551 2993 591 non
3033 535 3386 591 destiluimur

188 623 428 693 πόλεμος
468 625 530 678 τὸ
560 624 744 695 ζητεῖν
789 625 930 688 ὅλως
982 625 1112 693 περὶ
1160 620 1323 688 Θεοῦ,
1361 620 1614 692 καθάπερ
1645 621 1752 673 οὐδ’

185 715 402 782 εὑαγὶς,
433 714 545 767 οὐδ’
579 717 727 769 ὅσιον
770 713 1024 768 ὁπωσοῦν
1058 711 1328 767 ἅπτεσθαι
1381 710 1627 781 καθαροῦ
1663 711 1754 764 τδν

188 801 263 874 μὴ
299 806 556 880 καθαρόνξ
595 806 709 859 ἀλλ’
773 808 905 876 ἡμῖν
949 805 1108 868 ἵλεως
1175 806 1387 872 γένοιτο
1431 805 1662 875 Κύριος,
1717 806 1751 874 ἠ

186 896 492 966 ἀδιαίρετος
511 897 682 966 Τριὰς
703 900 795 950 καὶ
819 896 1144 966 ἁχὼριστος,
1170 897 1227 950 τὸ
1245 896 1530 966 ὁμοούσιον
1553 897 1756 964 κράτος

185 988 281 1038 καὶ
317 987 744 1056 ταὺτοδύναμον,
773 990 802 1040 ὁ
844 988 1100 1055 ἄναρχος,
1130 987 1296 1054 λέγω,
1325 988 1538 1056 Πατὴρ,
1569 989 1597 1039 ὁ
1629 1003 1758 1038 συν-

153 1108 157 1111 ι
186 1077 422 1145 άναρχος
444 1077 593 1141 Υἰδς,
620 1078 713 1130 καὶ
743 1077 804 1156 το
855 1077 1076 1146 Πνεῦμα
1123 1076 1184 1129 τὸ
1220 1078 1515 1142 συναῖδιον,
1557 1077 1643 1128 ὅτι
1681 1075 1756 1144 μὴ

187 1167 309 1220 κατ’
340 1167 569 1234 ἄγνοιαν
599 1168 816 1221 ἑαυτῶν
845 1170 955 1230 τοῖς
987 1167 1319 1235 ἁγιωτάτοις
1351 1167 1757 1236 ἐμφιλοχωρεῖν

186 1259 440 1327 άνάγνως
475 1257 818 1328 πειρώμεθα,
858 1262 996 1327 μήτε
1027 1259 1135 1328 μὴν
1157 1260 1298 1312 κατὰ
1330 1259 1753 1329 περιφρόνησιν.

185 1347 424 1416 Οἴδαμεν
449 1348 558 1416 γὰρ
593 1350 672 1400 ὅτι
707 1349 849 1401 ὅσων
883 1349 1130 1419 γέμομεν
1176 1349 1552 1419 ρυπασμάτων
1575 1349 1756 1418 ἡμεῖς,

185 1439 283 1492 καὶ
310 1438 371 1490 τὸ
399 1439 468 1491 τὰ
517 1439 637 1492 θεῖα
668 1441 1023 1510 περιφρονεῖν
1053 1439 1279 1510 ὄλεθρον
1307 1439 1487 1509 ψυχῆς
1524 1440 1757 1494 ἐπιστά-

189 1529 355 1600 μεθα.
393 1529 702 1602 Τοιγαροῦν
732 1531 833 1584 οὑκ
857 1530 1108 1591 ἐντεῦθεν
1139 1533 1219 1594 είς
1246 1531 1406 1585 τοῦτο
1433 1532 1759 1594 καθυπαγό-

189 1620 354 1689 μεθα,
399 1621 474 1687 μὴ
509 1619 725 1688 φρενῶν
763 1619 909 1692 οὕτω
950 1614 1141 1690 πόρῤω
1182 1636 1286 1672 που
1325 1620 1609 1689 πέσοιμεν,
1657 1619 1761 1672 ὑπὸ

183 1712 242 1766 δὲ
265 1712 366 1781 τῆς
400 1711 497 1763 νῦν
522 1709 931 1781 ὶπικρατοΰσης
964 1712 1092 1774 τοὺς
1121 1711 1376 1775 πλείονας
1407 1710 1756 1783 ἰδιορῤύθμου

186 1803 379 1872 φορᾶς,
405 1800 474 1870 ἢν
501 1801 581 1863 είς
633 1800 693 1853 τὸ
726 1800 995 1868 θεολογεῖν
1033 1798 1247 1853 οἴκοθεν
1291 1800 1614 1863 άκαθέκτως
1668 1803 1763 1854 ὲκ-

185 1893 516 1956 δείκνυνται,
547 1891 640 1945 καὶ
668 1893 763 1944 τοῦ
796 1891 1073 1945 πιστεύειν
1097 1891 1280 1944 αὐτῶν
1307 1890 1379 1955 ὡς
1420 1892 1761 1962 αὑτάρεσκον

186 1981 369 2053 ἑαυτῷ
417 1983 524 2034 τῶν
560 1983 720 2052 ίερῶν
759 1981 1085 2050 ἀλογοῦνται
1141 1981 1396 2050 Γραφῶν,
1446 1979 1617 2034 πολλὰ
1650 1980 1763 2049 βια-

190 2075 432 2138 σθέντες,
467 2077 563 2128 καὶ⁹
601 2074 744 2127 κατὰ
776 2073 909 2126 Θεὸν
942 2074 1073 2136 ίσως
1102 2071 1603 2143 ζηλοτυπήσαντες,
1650 2074 1762 2136 τοῖς

187 2169 458 2230 τοιούτοις
509 2169 738 2230 ἑαυτοὺς
777 2165 1167 2236 ῖμπαρέχομεν
1218 2165 1500 2235 φέροντες,
1549 2165 1636 2217 ῖνα
1687 2163 1764 2235 μὴ

190 2261 622 2333 κατακριθῶμεν
665 2261 737 2314 δι’
792 2261 1096 2330 ὑποστολὴν
1144 2260 1466 2330 προέμενοι,
1505 2259 1764 2329 παρῳδη-

185 2356 311 2407 τέον
345 2354 453 2425 γὰρ
495 2352 730 2408 ἐνταῦθα
763 2353 836 2407 τὰ
881 2351 981 2422 τῆς
1022 2351 1271 2422 Γραφῆς,
1330 2350 1430 2420 τὴν
1479 2349 1763 2420 ἀλήθειαν.

187 2438 361 2508 Οὗτος
391 2447 432 2497 δ’
450 2445 608 2512 λόγος
645 2445 744 2514 τῆς
793 2441 954 2512 ἡμῶν
988 2442 1126 2512 πρὸς
1155 2442 1218 2495 τὸ
1250 2443 1365 2506 τοῖς
1407 2442 1627 2506 ἀδύτοις
1661 2445 1762 2512 ἐμ-

188 2537 446 2590 ϐατεύειν
490 2536 692 2607 ὁρμῆς,
730 2537 827 2590 καὶ
876 2535 977 2600 τὰς
1032 2535 1187 2599 θείας
1238 2535 1431 2606 ῥήσεις
1481 2536 1622 2604 μετὰ
1666 2535 1764 2589 τοῦ

191 2628 514 2698 Πνεύματος
558 2626 1016 2692 διασκέπτεσθαι,
1053 2627 1148 2679 καὶ
1192 2626 1254 2680 οὑ
1285 2626 1490 2695 φαῦλος
1546 2626 1622 2690 ὡς
1669 2627 1768 2680 πέ-

191 2712 446 2785 πεισμαι.
480 2718 572 2771 Διὸ
600 2716 932 2788 συγγνώμην
963 2717 1107 2788 εχειν
1137 2718 1328 2789 θαρρῶ
1353 2718 1448 2771 καὶ
1478 2719 1630 2790 παρὰ
1654 2720 1768 2782 τοῖς

189 2810 301 2863 τῶν
340 2810 647 2880 ἀνθρώπων
697 2809 1060 2881 εὐγνώμοσιν.
1102 2811 1171 2864 Ἦ
1210 2811 1312 2882 μὶν
1341 2806 1436 2865 οὖν
1471 2811 1768 2876 ἑξαιτίασις

190 2903 443 2973 τοιαύτη,
476 2904 572 2958 καὶ
617 2902 794 2967 οὕτως
845 2903 1043 2973 ἰσχυρά
1097 2919 1160 2956 τε
1201 2903 1297 2957 καὶ
1347 2904 1763 2975 ἀναντίρρητος.

206 2994 440 3063 ’Ᾱπάρτι
500 2993 559 3046 δε
598 2991 695 3046 τοῦ
752 2993 1254 3062 καταπετάσματος
1292 2991 1426 3044 εῐσω
1487 2992 1768 3061 χωρητέον

198 3087 348 3156 ἡμῖν,
390 3086 484 3154 καὶ
520 3085 656 3155 πρὸς
692 3085 864 3150 αὐτὴν
893 3085 1035 3137 ἰτέον
1070 3083 1168 3153 τὴν
1195 3083 1308 3136 τῶν
1341 3081 1507 3152 ιερῶν
1567 3083 1766 3150 λογίων

1860 623 1996 676 haud
2025 623 2128 676 erit
2161 638 2388 691 prersus
2420 626 2661 693 diﬂicile,
2686 636 2744 680 ut
2776 627 2905 680 mibi
2936 627 3170 691 videtur,
3203 643 3434 694 praesen-

1859 715 1926 767 tis
1977 713 2373 780 speculationis
2421 731 2672 770 examen.
2717 717 2921 782 Quodsi
2973 717 3134 770 aliter
3189 717 3432 784 ineptum

1858 817 1938 861 est
1969 807 2096 869 illis,
2140 808 2232 875 qui
2273 808 2640 862 exterioribus
2687 809 2958 882 sensibus,
2989 822 3086 875 per
3113 823 3253 878 quos
3293 809 3431 861 inte-

1859 896 2094 950 rioribus
2115 897 2312 950 bellum
2342 897 2619 960 indicitur,
2652 897 3079 960 hallucinantnr,
3105 898 3436 966 quimstiones

1859 988 2084 1041 omnino
2109 988 2173 1042 de
2201 989 2306 1041 Deo
2330 987 2551 1050 habere,
2585 989 3043 1055 quemadmodum
3079 1004 3253 1056 neque
3279 988 3430 1057 pium

1861 1093 2036 1145 neque
2081 1090 2330 1133 sanctum
2383 1087 2658 1148 utcunque
2695 1094 2799 1132 non
2853 1095 3046 1148 purum
3100 1095 3232 1144 pura
3265 1080 3436 1131 attin-

1860 1187 1986 1238 gere
2019 1190 2033 1226 :
2069 1173 2163 1226 sed
2211 1172 2369 1227 nobis
2399 1173 2670 1242 propitius
2702 1172 2772 1227 sit
2797 1170 2963 1236 Deus,
3007 1172 3238 1225 indivisa
3270 1180 3322 1224 et
3359 1172 3437 1223 in-

1859 1261 2178 1330 separabilis
2209 1262 2471 1328 Trinitas,
2502 1262 2987 1318 consubstantialis
3037 1261 3290 1330 idemque
3329 1274 3432 1328 po-

1861 1358 1980 1405 tens
2034 1359 2296 1420 potestas,
2343 1351 2549 1419 absque
2620 1351 2888 1420 principio
2963 1350 3181 1418 inquam
3237 1348 3433 1402 Pater.

1859 1447 2165 1498 coaeternus
2226 1440 2417 1506 Filius,
2457 1449 2517 1496 et
2549 1450 2858 1496 coaeternus
2909 1439 3147 1510 Spiritus
3183 1448 3435 1502 sanctus,

1862 1546 1961 1585 nos
2017 1532 2302 1586 nostrimet
2353 1531 2598 1602 ipsorum
2650 1547 2756 1585 non
2807 1530 3005 1600 ignari,
3043 1543 3220 1596 neque
3253 1542 3434 1580 rerum

1861 1619 2120 1691 despectu
2192 1636 2316 1677 cum
2389 1621 2754 1678 sanctissimis
2809 1634 3176 1675 consuescere
3224 1618 3438 1686 impure

1861 1714 2264 1783 praesumimus,
2300 1729 2537 1783 namque
2565 1714 2723 1782 plane
2751 1713 2976 1773 scimus,
3019 1724 3152 1780 quot
3185 1726 3286 1763 nos
3315 1725 3437 1763 sor-

1864 1806 2021 1858 dibus
2053 1803 2428 1872 inquinemur,
2457 1814 2512 1860 et
2542 1820 2631 1859 res
2671 1805 2886 1859 divinas
2920 1802 3078 1858 ﬂocci
3108 1802 3286 1856 facere
3317 1799 3440 1853 ani-

1866 1897 1938 1949 mi
1971 1896 2196 1950 exitium
2223 1905 2434 1951 certum
2461 1910 2582 1951 esse
2611 1905 2884 1951 tenemus.
2917 1893 3035 1947 Non
3069 1893 3191 1946 inde
3215 1905 3345 1958 ergo
3372 1889 3436 1942 ad

1865 1993 1967 2048 hoc
1988 2006 2390 2061 promovemur,
2407 2007 2516 2047 non
2540 1993 2611 2046 ita
2633 1991 2867 2046 delirare
2887 1999 2940 2044 et
2964 1996 3143 2043 mente
3166 1988 3282 2056 capi
3308 2001 3441 2040 con-

1866 2087 2064 2154 tigerit,
2117 2085 2211 2141 sed
2261 2086 2328 2139 ab
2362 2100 2453 2162 ea,
2500 2101 2625 2155 quae
2673 2099 2820 2139 nunc
2871 2084 3164 2165 plerosque
3211 2088 3441 2148 occupat

1865 2178 2100 2248 propriis
2124 2176 2476 2247 opinionibus
2500 2173 2904 2231 obsecundandi
2939 2172 3118 2242 cepia,
3140 2170 3234 2240 qui
3256 2171 3322 2223 ad
3354 2183 3441 2222 res

1865 2269 2078 2324 divinas
2101 2267 2514 2342 pertractandas
2552 2267 2924 2322 indesinenter
2957 2264 3257 2324 ducuntur,
3292 2270 3346 2314 et
3382 2259 3443 2312 tl-

1865 2355 1987 2409 dem
2016 2354 2297 2417 adhibere,
2324 2362 2584 2424 tanquam
2606 2355 2696 2423 qui
2731 2368 2827 2408 sua
2848 2353 3187 2407 admirantur
3211 2358 3440 2403 tantum-

1868 2448 2052 2510 modo,
2088 2446 2294 2501 divinis
2331 2445 2636 2515 Scripturis
2662 2447 2966 2514 negligunt,
2994 2443 3314 2497 multimode
3345 2457 3444 2494 nec

1866 2552 1974 2592 non
2005 2548 2060 2593 et
2089 2537 2385 2592 secundum
2416 2536 2583 2592 Deum
2611 2537 2726 2591 zelo
2765 2535 2960 2598 coacti,
2985 2533 3352 2600 nosmetipsos
3387 2533 3439 2584 in

1866 2629 2085 2685 eosdem
2115 2627 2492 2697 [impellimus,
2535 2643 2604 2683 ne
2645 2627 3098 2687 condemnemur,
3143 2624 3295 2693 quod
3342 2637 3444 2678 nos

1867 2718 2233 2775 subducentes
2259 2719 2542 2774 veritatem
2571 2716 2910 2787 prodidimus
2930 2733 2945 2782 ;
2967 2715 3261 2784 Scriptura:
3289 2727 3445 2766 nam-

1867 2827 1974 2882 que
2022 2812 2190 2866 verba
2238 2812 2344 2867 hoc
2377 2811 2430 2864 in
2477 2811 2598 2866 loco
2648 2825 2745 2879 per
2785 2809 3062 2879 parodiam
3109 2804 3444 2886 enuntianda

1868 2912 2016 2959 sunt.
2057 2902 2180 2956 Haec
2214 2901 2357 2956 ratio
2387 2911 2470 2956 est
2497 2901 2671 2958 nostri
2703 2901 2756 2955 in
2787 2900 2947 2969 adyta
2983 2897 3303 2969 penetrandi
3336 2897 3439 2949 im-

1869 3004 2046 3064 pctus,
2088 3003 2141 3048 et
2173 2994 2355 3048 divina
2404 2993 2569 3047 verba
2615 3007 2739 3047 cum
2795 2991 3000 3061 Spiritu
3049 2989 3395 3044 examinandi
3423 3028 3440 3051 ,

1871 3101 1992 3151 nec,
2029 3093 2088 3140 ut
2121 3100 2267 3152 reor,
2305 3083 2714 3162 vili‘pendenda
2759 3090 2862 3137 est.
2905 3081 3315 3150 Proptereaqne
3348 3094 3441 3132 ve-

191 3175 501 3245 διάσκεψιν,
533 3177 595 3230 τδ
635 3175 864 3245 Πνεῦμα
894 3176 995 3246 τῆς
1033 3172 1316 3244 ἀληθείας,
1371 3173 1516 3244 ὑπὲρ
1564 3164 1628 3226 οὗ
1663 3175 1759 3226 καὶ

1870 3178 2014 3233 niam
2048 3186 2472 3233 consecuturum
2503 3191 2589 3231 me
2637 3190 2799 3246 spero
2835 3174 2902 3228 ab
2929 3173 3101 3243 aequis
3135 3187 3314 3227 rerum
3349 3173 3444 3223 lia-

190 3268 261 3321 δι’
322 3268 350 3320 δ
389 3267 758 3338 πολεμοῦμεν,
821 3267 915 3320 καὶ
962 3265 1374 3336 πολεμούμεθα,
1444 3263 1541 3317 τοῦ
1593 3264 1760 3332 λόγου

1867 3286 1988 3325 rum
2015 3267 2416 3340 cognitoribus.
2448 3265 2741 3321 Excusatio
2769 3266 2934 3335 igitur
2958 3265 3072 3318 haec
3093 3271 3200 3328 est,
3225 3274 3279 3317 et
3305 3260 3445 3315 adeo

192 3360 692 3430 προστησαμένοις,
729 3358 919 3430 ῶσπερ
953 3359 1124 3422 είκδς,
1157 3359 1307 3420 ὅπως
1331 3357 1428 3425 τῆς
1451 3356 1763 3424 προθέσεως

1872 3362 2071 3423 valida,
2115 3369 2175 3415 ut
2204 3359 2280 3414 illi
2314 3359 2616 3414 contradici
2677 3358 2899 3412 minime
2930 3356 3124 3425 possit.
3160 3355 3266 3409 Sed
3299 3367 3446 3406 nunc

192 3451 438 3515 ἐπαξίως
485 3450 910 3520 ἀγωνισάμενοι,
948 3451 1051 3521 τὴν
1079 3449 1364 3514 ἀπόδειξιν
1427 3448 1647 3517 ἀσφαλῆ
1674 3449 1763 3501 καὶ

1875 3450 2093 3509 tandem
2141 3451 2195 3504 in
2227 3449 2404 3503 velum
2441 3448 2853 3517 ingrediendum
2891 3447 3053 3500 nobis
3083 3453 3187 3504 est,
3234 3452 3289 3496 et
3319 3456 3443 3510 pro-

195 3540 422 3611 βεϐαίαν
449 3540 546 3594 καὶ
576 3541 691 3603 τοῖς
725 3542 894 3594 πᾶσιν
932 3541 1351 3611 άναμφήριστον
1377 3539 1763 3610 ποιησώμεθα,

1875 3541 2226 3611 grediendnm
2258 3540 2324 3595 ad
2361 3542 2534 3606 ipsum
2570 3538 2878 3592 divinorum
2938 3536 3281 3604 eloquiorum
3317 3545 3446 3585 exa-

190 3633 293 3695 τὰς
327 3633 438 3686 τῶν
464 3621 639 3703 ἁγίων
672 3631 1062 3696 θεοπνεύστους
1086 3632 1272 3702 φωνάς
1297 3631 1576 3702 εχομένως
1617 3631 1757 3684 κατὰ

1877 3648 2021 3696 men,
2060 3631 2321 3702 Spiritum
2371 3631 2641 3696 veritatis,
2695 3630 2762 3683 de
2810 3645 2917 3698 quo
2963 3638 3016 3682 et
3070 3627 3228 3695 cujus
3276 3639 3445 3679 causa

189 3725 346 3790 ⁶τάξιν
383 3725 686 3795 ὲκθέμενοι.

1875 3723 2076 3776 bellum
2131 3723 2287 3779 nobis
2337 3722 2614 3786 indicitur,
2661 3731 2717 3776 et
2769 3720 3006 3776 vicissim
3063 3719 3261 3776 bellum
3303 3717 3443 3772 indi-

193 3817 417 3882 cimus,
481 3813 829 3871 sermonibus
896 3813 1121 3878 nostris.
1189 3815 1266 3869 uti
1321 3829 1420 3885 par
1493 3823 1615 3879 est,
1682 3815 2162 3884 praeponentibus,
2231 3821 2291 3869 ut
2361 3815 2428 3868 de
2525 3813 2800 3885 preposito
2883 3823 3208 3883 argumento
3284 3811 3447 3881 digno

193 3908 565 3972 decertantes.
626 3915 681 3963 et
727 3917 1044 3963 sanctorum
1092 3905 1608 3977 aDeoinspiratas
1647 3921 1813 3961 voces
1877 3920 2039 3960 unam
2095 3915 2218 3972 post
2277 3905 2441 3960 aliam
2501 3905 2807 3977 digerentes
2855 3920 2957 3960 suo
3022 3904 3232 3967 ordine,
3274 3911 3445 3957 tutam

191 4021 261 4064 ac
289 4003 565 4068 stabilem,
605 4017 784 4073 neque
816 4001 911 4057 ulli
945 4001 1170 4061 dubiam
1204 3999 1724 4057 demonstrationem
1761 3985 2108 4071 peragamus.

261 4101 334 4164 γ’,
371 4093 572 4163 Πρῶτα
599 4092 781 4146 τοίνυν
801 4091 878 4156 ῶς
908 4093 976 4149 ἂν
1025 4095 1123 4146 καὶ
1162 4092 1287 4146 κατ’
1330 4092 1502 4164 αὐτὴν
1538 4094 1638 4161 τὴν
1675 4091 1763 4161 τῆς

1946 4089 2001 4144 3.
2040 4087 2282 4145 Primum
2319 4089 2501 4159 igitur,
2538 4097 2598 4143 nt
2631 4088 2682 4142 in
2717 4088 2833 4156 ipsa
2868 4085 3108 4140 materia:
3140 4083 3424 4154 aggressio

192 4184 510 4248 ὑποθέσεως
536 4183 790 4253 είσϐολὴν
820 4181 944 4235 καθ’
969 4181 1162 4253 είρμδν
1189 4183 1358 4254 προΐῃ
1389 4183 1459 4236 τὰ
1486 4180 1588 4251 τῆς
1620 4197 1763 4251 παρ-

1876 4196 1944 4235 ne
1980 4181 2234 4236 distincte
2259 4191 2315 4234 et
2340 4181 2592 4234 ordinate
2619 4194 2857 4250 prasens
2899 4179 2992 4234 hic
3023 4187 3286 4233 tractatus
3320 4191 3449 4246 pro-

191 4277 363 4347 ούσης
402 4273 790 4345 πραγματείας
821 4274 976 4343 ἡμῖν,
1009 4273 1147 4344 ὅπερ
1193 4275 1250 4326 έν
1277 4273 1354 4343 τῷ
1381 4272 1763 4343 προεκτεθέντι

1875 4273 2051 4338 cedat,
2083 4273 2232 4341 quod
2291 4275 2345 4326 in
2392 4273 2802 4343 antea,vulgata
2854 4271 3106 4326 oratione
3151 4269 3256 4324 sub
3291 4269 3452 4323 initio

203 4367 341 4438 παρ’
387 4366 547 4437 ἡμῶν
588 4366 734 4436 λόγῳ
780 4364 1116 4437 ζητούμενον
1154 4367 1278 4420 κατ’
1311 4365 1490 4436 ἀρχὰς
1512 4364 1573 4418 δν
1617 4364 1763 4428 τέλος

1872 4364 2278 4432 quaerebamus,
2328 4376 2382 4418 et
2408 4364 2667 4419 facultate
2715 4363 2954 4434 Spiritus
2977 4361 3150 4416 tinem
3195 4360 3447 4424 fecimus,

198 4459 408 4522 ἱκανῶς
439 4458 870 4527 παρεστήσαμεν
899 4459 967 4526 τῇ
1009 4455 1242 4526 δυνάμει
1282 4455 1379 4509 τοῦ
1423 4457 1767 4526 Πνεύματος,

1871 4453 1926 4507 id
1953 4469 2102 4508 nunc
2130 4465 2339 4509 certum
2370 4465 2535 4524 atque.
2574 4455 2945 4509 indubitatum
2991 4464 3258 4514 tenentes,
3293 4455 3448 4506 inde-

193 4551 356 4608 τοῦτο
389 4552 485 4604 νῦν
511 4547 950 4619 ὁμολογούμενον
983 4549 1284 4618 ὶσχηκότες
1325 4547 1471 4601 κατὰ
1502 4548 1763 4619 πρόϐασιν

1870 4562 1977 4616 que
2041 4549 2444 4616 progredientes
2492 4547 2744 4612 dicimus,
2789 4545 3244 4617 quemadmodum
3296 4544 3446 4614 pium

195 4642 352 4696 ινθεν
379 4641 583 4712 φαμὲν,
619 4642 704 4694 δτι
731 4639 1003 4711 καθάπερ,
1029 4639 1253 4704 εὐσεϐὲς
1289 4641 1382 4694 διὰ
1425 4641 1522 4694 τοῦ
1549 4639 1682 4694 Υίοῦ
1711 4641 1774 4694 τδ

196 4734 427 4803 Πνεῦμα
470 4733 533 4786 τὸ
582 4733 741 4801 ἅγιον
787 4728 930 4786 εῖναι
993 4734 1239 4802 φρονεῖν,
1291 4731 1434 4785 οὕτω
1468 4732 1532 4803 δὴ
1566 4732 1660 4786 καὶ
1713 4733 1773 4785 τὸ

195 4825 525 4895 πρεσϐεύειν
553 4826 665 4878 κὰκ
706 4823 802 4878 τοῦ
835 4823 966 4877 Υίοῦ
996 4822 1291 4893 τυγχάνειν
1318 4823 1410 4876 τὸν
1431 4825 1617 4893 ὅμοιον
1646 4824 1770 4894 τρό-

194 4934 300 4970 πον
354 4914 664 4988 ὀρθόδοξον.
723 4916 799 4970 υὺ
847 4915 958 4985 γὰρ
1005 4915 1081 4977 ὼς
1118 4914 1242 4967 καθ’
1283 4914 1591 4984 ὑπηρεσίαν
1649 4914 1773 4968 τινὰ

195 5008 446 5070 νοοῦντες
507 5008 686 5061 τελεῖν
725 5008 784 5060 τὸ
826 5007 1054 5076 Πνεῦμα
1087 5007 1150 5060 τὸ
1182 5008 1337 5075 ἅγιον
1359 5007 1448 5059 διὰ
1491 5005 1585 5060 τοῦ
1620 5005 1770 5073 Υίοῦ,

193 5095 389 5152 τούτου
418 5095 483 5167 δὴ
516 5097 680 5168 χάριν
710 5095 770 5150 τὸ
790 5097 856 5150 ὲκ
881 5102 975 5152 τοῦ
1011 5095 1144 5151 Υίοῦ
1176 5097 1320 5150 κατὰ
1355 5095 1558 5166 τρόπον
1592 5096 1773 5163 ἁπαξ-

195 5188 386 5252 απλῶς
411 5193 672 5244 παντοῖον
697 5187 1112 5262 ἀπαναινόμεθα
1135 5207 1150 5224 ο
1189 5190 1266 5261 μὴ
1317 5189 1457 5261 πρὸς
1477 5191 1771 5263 ,τοσαύτην

194 5279 524 5335 δυσσέϐειαν
569 5281 988 5354 κατενεχθῶμέν
1030 5299 1187 5348 ποτε,
1247 5283 1381 5354 μηδὲ
1421 5283 1482 5336 τὸ
1527 5282 1772 5336 τοιοῦτον

196 5370 527 5442 βλάσφημον
580 5373 739 5443 ημῶν
776 5373 1198 5443 κατισχύσειενι
1264 5374 1340 5438 ὼς
1393 5374 1441 5426 δ’
1492 5375 1772 5440 οὑσιωδῶς

194 5464 468 5533 ὑπάρχειν
487 5466 550 5519 τὸ
570 5465 725 5536 ἅγιον
746 5465 971 5536 Πνεῦμα
997 5467 1360 5535 γινώσκοντες
1384 5467 1471 5520 διὰ
1497 5467 1592 5521 τοῦ
1617 5466 1767 5532 Υἱοῦ,

193 5555 342 5608 κατὰ
373 5555 534 5610 τοῦτο
561 5560 656 5611 καὶ
691 5561 755 5612 ὲκ
814 5559 908 5612 τοῦ
955 5559 1086 5612 Υίοῦ
1123 5561 1428 5628 πεφυκέναι
1462 5560 1640 5623 κ;.λῶς
1676 5560 1770 5612 καὶ

191 5647 420 5711 δεόντως
452 5648 776 5720 δοξάζομεν.
827 5651 1047 5721 Ἐπειδή
1097 5652 1174 5720 μὴ
1208 5637 1370 5720 μόνον
1400 5653 1461 5703 τὺ
1499 5651 1586 5703 διά
1618 5669 1767 5714 τινος

192 5737 602 5811 δημιουργικῶς
667 5741 974 5812 καθέστηκε
1036 5744 1468 5812 τοιουτοτρόπως
1536 5744 1630 5796 καὶ
1709 5744 1768 5807 ἐξ

196 5830 383 5898 αὑτοῦ,
415 5833 536 5887 καθ’
561 5832 590 5886 ὃ
617 5834 1024 5905 σημαινόμενον
1057 5835 1150 5888 καὶ
1187 5833 1255 5887 τὰ
1284 5833 1480 5900 πάντα,
1511 5835 1646 5888 κατὰ
1679 5836 1767 5888 τὸν

1877 4655 1972 4710 per
2001 4639 2196 4694 Filium
2230 4633 2490 4708 Spiritum
2521 4649 2770 4696 sanctum
2802 4640 3069 4694 exsistere
3096 4639 3329 4701 sentire,
3375 4638 3448 4690 ita

1875 4733 1992 4803 pari
2050 4731 2212 4786 modo
2267 4733 2516 4787 eumdem
2571 4733 2732 4786 etiam
2781 4746 2846 4785 ex
2897 4729 3035 4784 Filio
3090 4744 3214 4785 esse
3265 4736 3448 4784 tenere

1876 4824 2238 4878 orthodoxum
2266 4832 2368 4877 est.
2409 4821 2597 4893 Neque
2627 4823 2772 4877 enim
2804 4823 2988 4877 servili
3024 4823 3186 4876 modo
3218 4821 3445 4889 opinan-

1876 4923 1958 4968 tes
1986 4925 2106 4970 esse
2159 4913 2420 4983 Spiritum
2463 4921 2709 4968 sanctum
2751 4927 2846 4982 per
2896 4910 3114 4974 Filium,
3161 4919 3448 4981 propterea

1877 5006 2027 5060 illum
2079 5008 2241 5061 etiam
2285 5022 2353 5060 ex
2388 5006 2527 5061 Fdio
2572 5005 2746 5062 modis
2801 5005 3059 5059 omnibus
3125 5005 3444 5073 rejicimus;

1874 5099 2018 5154 absit
2058 5109 2118 5152 ut
2166 5113 2406 5170 unquam
2451 5100 2518 5154 ad
2548 5099 2876 5162 impietatem
2927 5098 3158 5152 similem
3194 5097 3446 5166 prolaba-

1875 5208 2018 5258 mur,
2050 5206 2228 5259 neque
2271 5191 2470 5245 similis
2503 5190 2841 5260 blasphemia
2877 5205 2977 5246 nos
3027 5199 3257 5259 occupet
3293 5191 3306 5244 !
3349 5191 3445 5245 sed

1874 5284 1951 5337 uti
1981 5283 2344 5337 essentialiter
2385 5281 2654 5336 exsistere
2705 5279 2969 5348 Spiritum
3000 5291 3248 5337 sanctum
3281 5296 3450 5351 agno-

1871 5378 2078 5433 scimus
2134 5393 2232 5447 per
2278 5377 2503 5443 Filium,
2549 5378 2666 5447 pari
2715 5378 2924 5431 ratione
2953 5386 3009 5433 et
3036 5394 3101 5432 ex
3135 5376 3274 5432 Filio
3305 5393 3448 5445 esse,

1874 5479 2020 5524 recte
2077 5481 2132 5524 et
2199 5469 2277 5524 nti
2309 5472 2532 5525 addecet
2578 5471 2884 5538 epiuamnr.
2941 5470 3077 5524 Cum
3119 5485 3227 5526 non
3271 5472 3450 5525 solum

1871 5561 2016 5630 quod
2055 5577 2151 5631 per
2180 5563 2416 5631 aliquem
2447 5562 2742 5617 creationis
2769 5563 2933 5617 modo
2959 5563 3226 5629 substitit,
3256 5565 3450 5617 eodem

1872 5655 2034 5708 modo
2055 5657 2218 5708 etiam
2239 5669 2306 5708 ex
2331 5655 2422 5708 illo
2449 5669 2555 5718 est,
2578 5671 2687 5724 quo
2713 5655 3021 5726 significant
3053 5656 3235 5708 omnia
3281 5669 3450 5709 evan-

1872 5747 2078 5815 gelisla‘.
2112 5744 2335 5802 Joannis
2368 5747 2516 5802 dicto
2565 5763 2660 5818 per
2713 5748 2909 5802 Filium
2961 5750 3097 5802 tacta
3129 5757 3280 5807 sunt.
3323 5761 3450 5801 nam

1871 5837 2088 5911 reliqua
2126 5838 2365 5909 exempla
2413 5853 2535 5893 cum
2588 5838 2750 5891 multa
2810 5838 2916 5891 sint
2954 5838 3016 5890 ad
3055 5850 3265 5902 manus,
3301 5835 3448 5905 quod
