4132 6428
247 430 388 498 1153

1103 434 1204 495 ΒΕ
1249 430 1767 494 ΡΚΟΕΕεὸιυΝΕ
1807 429 1871 487 S.
1907 428 2266 487 Sl‘llll'l'US
2301 429 2504 487 ΟΠΑΤ
2572 430 2646 489 ΙΙ.

3369 429 3506 493 ilbi

247 541 348 596 τοῦ
383 541 624 604 διανοίας
662 541 860 596 αὒτίκα
906 543 1254 611 παρήγαγεν,
1305 542 1590 594 ιπειπὼν·
1631 536 1819 591 Τοῦτο

1935 539 2072 592 νιοὺῆ
2115 538 2396 606 manifesto
2428 538 2557 590 alibi
2587 536 2781 598 edixit,
2824 541 3036 593 mulieri
3082 540 3289 606 quidem
3316 556 3508 594 conre-

242 631 360 704 γὰρ
398 631 544 701 ἡμῖν
589 631 803 701 σαφῶς
847 631 1088 700 ἑτέρωθι
1117 633 1496 685 διεστείλατο
1521 649 1534 663 ·
1586 626 1828 697 γυναικί

237 722 362 793 μὲν
383 721 741 791 προσήκειν,
769 721 986 788 λέγων,
1016 719 1084 774 τὸ
1127 722 1198 773 ἐκ
1238 721 1346 774 τοῦ
1374 719 1596 786 ἀνδρὸς
1624 733 1828 788 γεγεν-

242 810 494 881 νῆσθαι,
549 811 726 878 ἀνδρὶ
774 811 845 862 δὲ
882 812 950 864 τὸ
1000 808 1102 864 διὰ
1145 809 1256 878 τῆς
1287 809 1595 880 γυναικὸς,
1633 807 1704 860 ἐν
1735 800 1829 872 οῖς

242 919 439 973 φησιν
467 902 554 956 ὅτι
577 902 778 970 ὥσπερ
797 902 952 972 γυνή
979 902 1050 966 ἐξ
1070 901 1320 970 ἀνδρὸς,
1361 901 1515 954 οὕτω
1544 899 1642 952 καί
1670 896 1828 966 ἀνὴρ

240 994 345 1049 διὰ
377 995 488 1060 τῆς
515 995 824 1063 τρναικός.
874 993 1004 1046 Ἰδοὺ
1039 994 1139 1062 τῆς
1194 991 1479 1052 εὐσεϐείας
1509 992 1539 1058 ὴ
1583 989 1824 1056 εὔσημος

242 1085 501 1152 σάλπιγξ,
536 1088 562 1136 ὁ
587 1085 752 1146 πολὺς
783 1084 878 1135 καὶ
909 1081 1085 1151 μέγας
1111 1082 1392 1142 Βασίλειος
1421 1080 1510 1134 διὰ
1539 1079 1636 1148 τῆς
1664 1077 1826 1145 ἁγίας

244 1176 565 1245 παρέστησε
625 1171 908 1242 Παρθένου
949 1171 1072 1223 λίαν
1131 1168 1496 1240 ἁριδηλότατα
1552 1166 1645 1219 τὸν
1691 1164 1827 1217 Θεὸν

244 1264 422 1330 Λόγον
458 1262 739 1332 σαρκικῶς
766 1261 1062 1331 κυηθῆιναι.
1083 1258 1178 1312 τοῦ
1207 1258 1644 1329 χριστοκήρυκος
1673 1255 1828 1307 Παύ-

244 1353 341 1424 λου
382 1355 480 1424 τὴν
514 1354 813 1424 ἑρμηνείαν
873 1352 1317 1424 ἀπολεξάμενος,
1375 1350 1517 1419 ὅπερ
1558 1347 1656 1402 καὶ
1705 1346 1831 1417 μετ’

246 1445 414 1498 αὑτὸν
445 1446 814 1514 ὲδογμάτισαν
872 1447 901 1501 ὅ
954 1464 1016 1501 τε
1075 1446 1278 1511 σεπτδς
1335 1444 1633 1517 Κύριλλος,
1676 1445 1828 1498 καὶὸ

246 1534 612 1605 Δαμασκόθεν
657 1539 822 1604 σοφὲς
887 1538 1169 1606 Ἰωάννης,
1216 1541 1265 1592 oi
1301 1536 1702 1606 προλεχθέντες
1734 1551 1827 1605 μοι

245 1623 351 1694 τῆς
386 1627 642 1694 ἀληθείας
675 1628 996 1700 συνίστορες
1022 1630 1295 1700 ἀκριϐεῖς.
1342 1627 1505 1683 una
1526 1627 1619 1680 καὶ
1643 1626 1826 1698 ὲκετῆς

251 1715 438 1782 ἁγίας,
487 1715 562 1779 ὡς
603 1715 815 1771 ἀνωθεν
868 1736 960 1788 μοι
1016 1719 1360 1789 διείληπται,
1423 1717 1704 1786 Παρθένου
1733 1716 1826 1771 τὸν

248 1803 384 1858 Θεὸν
416 1807 589 1874 Λόγον
616 1809 664 1859 oi
697 1808 854 1862 αὐτοὶ
883 1813 983 1880 τῆς
1027 1810 1360 1879 Ἑκκλησίας
1391 1809 1676 1878 διαφανεῖς
1708 1825 1822 1876 φω-

1929 633 2072 688 nire.
2102 631 2304 691 dicens,
2339 644 2404 682 α
2438 631 2644 683 homine
2675 638 2857 684 natam
2886 647 3016 693 esse,
3049 632 3250 684 homini
3277 648 3394 685 vero
3415 648 3506 702 per

1929 721 2202 775 mulierem
2235 761 2248 783 ,
2305 722 2371 775 in.
2443 722 2551 775 illis
2627 738 2744 791 quae
2797 724 2937 777 dixit
2970 736 2989 774 :
3055 721 3142 781 Uti
3199 724 3384 777 mulier
3443 740 3508 778 ea:

1929 816 2086 876 uiro,
2143 814 2221 867 ita
2277 824 2328 866 et
2359 814 2440 867 vir
2485 830 2577 883 per
2633 814 2927 868 mulierem.
2991 813 3068 868 Eu
3141 815 3354 883 pietatis
3422 815 3510 868 lu-

1934 905 2106 972 signis
2188 904 2339 964 tuba,
2421 907 2627 958 multus
2677 921 3019 975 magnusque
3094 904 3352 970 Basilius,
3414 921 3507 975 per

1930 1004 2178 1050 sanctam
2250 991 2528 1063 Virginem
2579 996 2738 1065 plane
2787 995 3106 1066 liquidoque
3161 995 3509 1050 confirmavit

1929 1083 2101 1138 Deum
2137 1082 2375 1139 Verbum
2420 1085 2477 1138 in
2508 1099 2674 1140 carne
2701 1085 2969 1156 genitum.
3001 1086 3204 1139 Chriin
3236 1087 3507 1154 praeconis

1927 1174 2564 1245 Pauliiinterpretatione
2591 1192 2704 1247 prae
2733 1179 2990 1234 omnibus
3020 1178 3144 1233 aliis
3175 1193 3329 1245 usus,
3361 1178 3507 1248 quod

1926 1276 1983 1321 et
2012 1276 2135 1336 post
2176 1281 2300 1322 eum
2358 1267 2722 1325 decreverunt
2767 1271 3114 1326 venerandus
3169 1271 3403 1342 Cyrillus
3455 1280 3510 1326 et

1934 1357 2309 1412 Damascenus
2341 1359 2561 1428 sapiens
2592 1357 2859 1425 Joannes,
2909 1359 3001 1429 qui
3062 1369 3221 1415 antea
3269 1376 3366 1430 per
3425 1375 3510 1416 me

1929 1445 2135 1501 laudati
2163 1455 2314 1509 sunt,
2347 1447 2598 1504 veritatis
2636 1465 2763 1505 cum
2805 1449 2999 1504 eodem
3028 1449 3364 1519 cognitores.
3403 1447 3510 1504 Sed

1927 1536 2092 1589 etiam
2149 1550 2216 1590 ex
2263 1545 2453 1592 sancta
2499 1535 2744 1607 Virgine,
2806 1546 2866 1592 ut
2922 1552 3085 1607 supra
3133 1537 3510 1601 ostendimus.

1929 1628 2102 1683 Deum
2146 1627 2386 1684 Verbum
2430 1626 2594 1683 iidem
2653 1629 2909 1685 Ecclesia
2955 1629 3378 1700 pmclarissima
3431 1629 3512 1683 lu-

1928 1721 2079 1774 mina
2146 1719 2529 1775 decreverunt.
2580 1717 2763 1786 Quare
2812 1719 2968 1775 hisce
3020 1720 3310 1791 perspicue
3362 1733 3511 1774 nunc

1928 1810 2362 1864 demonstratum
2401 1818 2507 1875 est,
2548 1812 2696 1881 quod
2742 1812 3049 1867 secundum
3079 1811 3382 1867 essentiam
3412 1826 3510 1881 per

253 1896 455 1967 στῆρες
485 1897 871 1966 ὲθεολόγησαν.
899 1903 1103 1954 Λοιπὸν
1134 1901 1225 1954 διὰ
1268 1902 1478 1956 τούτων
1505 1899 1821 1969 εἰλικρινῶς

1935 1898 2152 1969 aliquod
2191 1906 2296 1966 est,
2332 1899 2635 1955 secundum
2666 1899 2919 1956 eamdem
2949 1901 3116 1956 etiam
3147 1915 3214 1957 ex
3247 1900 3339 1957 illo
3365 1915 3511 1959 esse.

248 1989 637 2043 ἀποδέδεικται
678 1991 775 2047 νῦν
827 1994 888 2045 τὸ
934 1994 1058 2045 κατ’
1086 1993 1278 2046 οὐσίαν
1299 1992 1389 2046 διά
1448 2009 1597 2055 τινος
1656 1989 1826 2058 εἶναι,

249 2081 393 2134 κατά
418 2081 622 2148 ταύτην
647 2081 741 2135 καὶ
764 2080 828 2148 ἐξ
849 2081 1032 2138 αὐτοῦ.

327 2188 391 2224 ε.
427 2170 600 2223 Τοῦτο
656 2171 836 2224 δὲκαὶ
884 2174 998 2234 τοῖς
1047 2175 1185 2227 πᾶσι
1244 2173 1562 2242 καταφανὲς
1598 2172 1828 2226 ἄλλοθεν

253 2261 379 2316 καθ’
429 2262 877 2331 ὁμολογουμένην
932 2262 1145 2316 ἔννοιαν
1179 2265 1274 2317 καὶ
1327 2265 1558 2335 κοινήνο
1597 2258 1713 2317 οἷον
1768 2265 1828 2317 ὲν

255 2353 648 2423 ὕποδείγμασι,
677 2353 767 2406 διὰ
793 2355 893 2418 τῆς
920 2355 1138 2419 ἀκτῖνος
1160 2356 1481 2426 ἀκραιφνώς
1517 2357 1827 2427 ἀστράπτει

252 2446 316 2499 τὸ
340 2445 455 2515 φῶς
481 2458 496 2473 ⁶
526 2445 757 2512 αἰύγάξει
775 2446 927 2498 τουτὶ¹
957 2448 1064 2499 κάκ
1088 2449 1186 2516 τῆς
1205 2449 1429 2510 ἀκτῖνος
1455 2447 1555 2500 οὐκ
1582 2446 1826 2500 ἔλαττον.

253 2533 330 2586 To
368 2531 586 2601 πνεῦμα
638 2533 855 2602 πρόεισι
903 2535 991 2587 διὰ
1034 2535 1128 2588 τοῦ
1169 2536 1327 2600 λόγου
1385 2536 1632 2606 τρανῶςο
1666 2534 1828 2588 τοῦτο

254 2624 388 2695 παρ’
451 2623 604 2677 οὐδὲν
649 2627 755 2679 κάκ
795 2625 890 2679 τοῦ
944 2626 1104 2696 λόγου
1150 2628 1509 2698 προέρχεται.
1578 2628 1677 2680 Διά
1732 2624 1828 2678 τοῦ

253 2713 454 2778 ἄνθους
482 2717 513 2766 ᾗ
539 2714 682 2786 ὀσμὴ
719 2717 946 2786 φέρεται
997 2719 1256 2788 καθαρῶς
1284 2733 1300 2749 ⁸
1332 2721 1427 2772 καὶ
1466 2721 1531 2770 ἐκ
1582 2719 1676 2771 τοῦ
1737 2719 1830 2773 ἄν·

255 2808 384 2870 θους
439 2809 577 2878 αὑτὴ
617 2811 737 2862 κατ’
794 2810 908 2863 ἴσον
944 2813 1319 2866 σκεδάννυται.
1391 2813 1518 2874 Τιῖς
1573 2811 1830 2880 διορῶσιν

255 2897 505 2970 ιναργῶς
534 2898 704 2960 ὅντως
725 2901 758 2966 ἡ
790 2901 939 2968 πηγὴ
968 2900 1260 2969 βλαστάνει
1286 2901 1375 2954 διὰ
1394 2900 1489 2954 τοῦ
1507 2900 1788 2970 όφθαλμοῦ
1813 2915 1834 2929 θ

258 2988 413 3060 βρύει
447 2993 540 3044 καὶ
575 2993 639 3043 ἐκ
664 2990 760 3042 τοῦ
801 2991 1088 3059 ὀφθαλμοῦ
1111 2992 1330 3056 τούτοις
1354 2994 1657 3062 παρόμοιον
1691 2991 1834 3061 αὕτη

257 3081 356 3132 καὶ⁷
388 3081 792 3150 παραπλήσιον.
825 3083 922 3133 Διά
951 3081 1044 3136 τοῦ
1073 3083 1364 3154 στελέχους
1395 3085 1422 3136 ό
1455 3083 1666 3153 καρπὸς
1697 3082 1830 3152 βλα-

1999 2173 2053 2228 5.
2095 2170 2210 2227 Hoc
2258 2180 2314 2230 et
2350 2172 2609 2230 omnibus
2640 2174 2782 2239 {aliis
2833 2174 3057 2232 aliunde
3109 2177 3274 2234 etiam
3332 2179 3512 2248 palam

1929 2271 2294 2333 apertumque
2341 2262 2508 2318 fuerit
2558 2264 2860 2319 secundum
2908 2279 3260 2322 communem
3288 2275 3515 2324 senten—

1931 2356 2084 2421 tiam,
2139 2365 2194 2409 et
2244 2368 2366 2424 quae
2393 2368 2425 2409 a
2462 2355 2682 2410 nemine
2731 2355 2785 2409 in
2836 2357 3064 2412 dubium
3102 2360 3358 2414 vertitur.
3395 2358 3518 2416 Sint

1929 2449 2199 2519 exempla.
2252 2446 2360 2502 Per
2405 2446 2624 2502 radium
2675 2447 2824 2502 clare
2862 2447 3048 2502 lumen
3093 2447 3350 2521 eﬂulget:
3405 2451 3516 2506 hoc

1932 2543 2072 2597 idem
2117 2556 2224 2595 non
2281 2539 2463 2595 minus
2514 2555 2581 2594 ex
2621 2539 2776 2594 radio
2828 2541 3040 2596 rutilat.
3075 2541 3262 2597 Flatus
3294 2551 3519 2598 emanat

1931 2633 2221 2703 perspicue
2276 2645 2374 2702 per
2423 2645 2786 2687 sermonem:
2834 2632 2922 2686 bi-c
2957 2632 3124 2686 etiam
3151 2647 3216 2687 ex
3264 2647 3519 2689 sermone

1933 2729 2190 2795 emigrat.
2228 2725 2332 2780 Per
2363 2725 2552 2780 ﬂorem
2590 2726 2727 2781 odor
2766 2740 2903 2795 pu-re
2940 2725 3113 2780 fertur
3149 2744 3166 2782 :
3200 2734 3255 2781 et
3285 2741 3350 2782 ex
3385 2727 3520 2783 ﬂore

1934 2819 2024 2874 hic
2076 2821 2217 2874 idem
2253 2833 2362 2873 non
2400 2817 2652 2874 dissimili
2710 2818 2925 2873 ratione
2972 2818 3328 2889 dispergitur.
3384 2818 3516 2885 Illis,

1933 2911 2033 2981 qui
2061 2911 2282 2987 penitus
2325 2909 2743 2978 introspiciunt,
2782 2924 2921 2987 _vere
2968 2908 3093 2965 fons
3148 2927 3246 2981 per
3295 2911 3518 2966 oculum

1933 2984 2202 3058 scaturit:
2233 3002 2416 3057 exsilit
2441 3011 2495 3057 et
2525 3016 2592 3056 ex
2616 2984 2900 3057 oculohic
2942 3001 3083 3058 idem
3123 3002 3246 3073 pari
3279 3017 3381 3058 nec
3405 3001 3523 3058 dis-

1935 3094 2102 3149 simili
2151 3091 2316 3146 modo
2347 3111 2362 3148 :
2391 3107 2488 3163 per
2517 3099 2774 3148 truncum
2805 3101 2994 3163 aperte
3043 3092 3258 3150 fructus
3309 3095 3518 3166 germi-

261 3171 446 3225 στάνει
473 3171 826 3241 περιφανῶς⁶
867 3174 960 3224 καὶ
1010 3174 1075 3227 ὲκ
1124 3174 1219 3226 τοῦ
1255 3174 1544 3242 στελέχους
1590 3187 1830 3224 τοιουτο-

1935 3193 2050 3249 nat,
2077 3195 2132 3239 et
2154 3199 2220 3240 ex
2253 3195 2448 3238 trunco
2480 3185 2735 3242 similiter
2762 3186 2904 3240 idem
2951 3186 3154 3256 prodit.
3209 3187 3407 3257 Aperte
3433 3186 3522 3244 fu-

259 3260 477 3329 τρόπως
506 3263 668 3323 αὐτὸς
694 3261 914 3328 φύεται.
957 3264 1249 3334 Προδήλως
1279 3266 1320 3317 ό’
1341 3265 1549 3327 καπνὸς
1583 3266 1832 3331 ἀναπέμ-

259 3369 422 3406 πεται
451 3354 538 3405 διὰ
561 3354 660 3422 τῆς
693 3353 890 3421 φλογός
914 3371 927 3384 ·
977 3349 1134 3418 οὗτος
1173 3356 1298 3410 κατ’
1337 3357 1491 3410 οὐδὲν
1522 3350 1690 3426 ἦττον
1725 3355 1832 3408 κάκ

260 3445 361 3511 τῆς
397 3441 598 3511 φλογὸς
643 3443 972 3498 ἀναδίδοται.
1012 3444 1197 3498 Ταῦτα
1223 3447 1288 3517 δὴ
1319 3449 1495 3500 πάντα
1519 3445 1585 3499 δι’
1606 3437 1666 3497 οῦ
1692 3446 1834 3499 κατά

260 3538 425 3605 φύσιν
452 3536 683 3590 ἕκαστον
716 3537 978 3608 ὑπάρχει,
1014 3541 1109 3591 καὶ
1142 3539 1201 3605 ἐξ
1234 3539 1404 3591 αὑτοῦ
1437 3539 1654 3598 πάντως
1687 3538 1831 3588 ὲστί.

263 3629 421 3682 Κατά
453 3631 716 3698 τοιαύτην
746 3630 960 3685 ἔννοιαν
1001 3635 1094 3683 καὶ
1143 3633 1207 3683 ὲκ
1235 3632 1356 3689 .,τοῦ
1405 3629 1536 3682 Υίοῦ
1571 3629 1632 3681 τὸ
1678 3627 1834 3694 ἆγιον

260 3718 490 3788 Πνεῦμα
519 3719 932 3789 δογματίζομεν
978 3717 1138 3784 εἶναι,
1162 3721 1328 3791 μηδὲν
1359 3719 1745 3782 ὲνδοιάζοντες.
1772 3716 1835 3769 Οί

258 3809 361 3878 τὴν
393 3809 678 3879 παροῦσαν
705 3810 836 3879 γοῦν
869 3812 1151 3878 θεολογίαν
1190 3813 1266 3881 μὴ
1314 3811 1690 3880 προσιέμενοι,
1742 3809 1834 3862 διὰ

251 3902 467 3973 ταύτην
500 3902 558 3954 δὲ
614 3905 708 3955 καὶ
742 3903 1182 3973 κατηγοροῦντες
1220 3901 1400 3971 ἡμῶν,
1431 3903 1671 3954 ἴστωσαν
1705 3901 1836 3969 περὶ

260 3995 323 4047 τὸ
355 3994 522 4056 σέϐας
562 3995 698 4047 αὐτὸ
742 3993 1105 4064 λογιζόμενοι,
1155 3992 1451 4047 κάντεῦθεν
1497 3995 1630 4063 ἡμῖν
1666 3994 1837 4060 ὲγκαο

261 4084 481 4149 λοῦντες
513 4087 604 4138 διὰ
638 4086 830 4154 κενῆς.
881 4086 1371 4156 Ἀποδεδειγμένου
1411 4084 1520 4156 γὰρ
1555 4085 1709 4144 ὄντος
1740 4082 1836 4135 τοῦ

263 4180 323 4232 τὸ
356 4177 578 4247 Πνεῦμα
606 4178 666 4230 τὸ
697 4177 854 4245 ἅγιον
913 4177 1184 4248 ὑπάρχειν
1227 4177 1316 4231 διὰ
1340 4175 1435 4229 τοῦ
1473 4177 1651 4245 Δόγου
1683 4175 1836 4245 παρὰ

263 4267 361 4322 τοῦ
393 4267 530 4320 Θεοῦ
562 4266 659 4320 καὶ
694 4265 929 4335 Πατρός,
965 4266 1121 4319 αὐτοὶ
1142 4265 1416 4333 δοξάζειν,
1442 4267 1556 4319 κάκ
1581 4264 1676 4318 τοῦ
1704 4262 1835 4318 Υἰοῦ

261 4359 422 4414 τοῦτο
453 4360 766 4431 φεύγοντες,
799 4358 1000 4427 ἀμέλει
1025 4375 1111 4412 τοι
1137 4359 1231 4411 καὶ
1263 4358 1466 4429 μᾶλλον
1497 4360 1529 4426 ὴ
1540 4359 1646 4427 μᾶς
1669 4357 1836 4410 ἕνεκα

263 4449 457 4505 τούτου
505 4446 783 4516 πανταχοῦ
814 4446 1230 4517 περισύροντες,
1283 4446 1586 4516 παροδικὴν
1632 4445 1835 4514 ἐμφαί-

263 4558 446 4596 νουσιν
470 4539 665 4603 οὓτως,
703 4538 731 4590 ὃ
755 4538 849 4590 καὶ
881 4537 1238 4610 βλασφημίας
1286 4537 1580 4592 ἀνάπλεων
1613 4538 1834 4608 ἀπάσης
1865 4535 1916 4596 D

266 4637 405 4696 ἐστὶ,
435 4634 534 4702 τὴν
567 4631 661 4684 τοῦ
693 4629 1012 4700 Πνεύματος
1047 4630 1136 4683 διὰ
1168 4629 1264 4683 τοῦ
1290 4627 1632 4698 Μονογενοῦς
1662 4628 1838 4697 ὓπαρ-

265 4727 353 4794 ξιν
397 4725 458 4776 οὐ
493 4724 714 4787 πάντως
739 4721 976 4792 οὐσιώδη
1011 4725 1110 4775 καὶ
1144 4723 1407 4793 φυσικὴν,
1453 4723 1649 4774 ὁποίαν
1677 4722 1838 4791 ἡμεῖς

240 4817 656 4888 ἀπαραιτήτως
690 4815 1172 4884 εἰσπραττόμενοι,
1201 4815 1335 4883 πρὸς
1362 4814 1537 4883 αὐτῆς
1567 4815 1666 4882 τῆς
1707 4813 1841 4882 ἀλη-

264 4909 419 4970 θείας
461 4904 906 4975 ἀποφαινόμεθα.
937 4905 1045 4957 Καὶ
1072 4904 1284 4975 μάρτυς
1320 4921 1415 4975 μοι
1448 4903 1540 4957 τοῦ
1570 4903 1839 4975 παρόντος

262 5003 426 5068 λόγου
454 4999 514 5052 τὸ
547 4998 657 5052 πᾶν
694 4999 1164 5068 ἀπαράγραπτος,
1195 4999 1279 5050 ὃτι
1335 4997 1641 5067 παροδικὴν
1665 5013 1841 5050 τοιου-

265 5092 550 5162 τοτρόπως
615 5089 835 5143 ἐοίκασι
882 5091 982 5158 τὴν
1045 5089 1119 5143 διῖ
1182 5088 1314 5143 Υίοῦ
1364 5090 1460 5144 τοῦ
1517 5089 1839 5159 Πνεύματος

263 5183 462 5254 δηλοῦν
493 5179 752 5249 ὓπαρξιν,
777 5183 804 5234 ό
837 5178 906 5239 τὰ
944 5180 1066 5234 θεῖα
1098 5180 1266 5244 πολὺς
1318 5181 1413 5235 καὶ
1447 5183 1624 5252 μέγας
1673 5183 1839 5237 Βασί-

265 5274 432 5338 λειος,
457 5272 518 5326 ὃν
541 5277 596 5324 ἐν
627 5271 704 5341 τῷ
744 5271 984 5340 πέμπτῳ
1013 5271 1124 5324 τῶν
1160 5272 1298 5341 πρὸς
1325 5272 1418 5325 τὸν
1453 5275 1600 5343 ίερὸν
1639 5273 1843 5344 Ἀμφι-

266 5365 447 5434 λόχιον
497 5362 836 5432 κεφαλαίων,
895 5363 1026 5432 περὶ
1084 5357 1257 5433 οὗπερ
1318 5363 1530 5418 ἀνωθεν
1579 5365 1842 5429 πολλάκις

265 5454 534 5520 διέλαϐον,
563 5453 768 5524 τρόπον
792 5452 852 5506 ὃν
878 5453 1209 5524 προείρηταί
1245 5472 1359 5524 μοι,
1391 5457 1514 5526 τὴν,
1551 5457 1844 5528 γεννώμε.

265 5560 373 5609 νος
391 5545 462 5598 ἐκ
488 5545 795 5612 γυναικὸς,
823 5545 1194 5616 ἀποστολικὴν
1221 5546 1381 5616 ῥῆσιν
1407 5549 1839 5619 ἐξηγησάμενοςο

267 5635 716 5706 ἑπαναλαμϐἀνει
746 5637 838 5690 τὸν
861 5635 1043 5705 λόγον,
1075 5637 1172 5690 καὶ
1199 5638 1363 5690 πάλιν
1393 5640 1538 5693 οὕτω
1570 5642 1839 5708 διέξεισιν·

282 5729 442 5783 Ἀλλ’
464 5727 624 5797 ὅμως
656 5727 919 5783 ἐνταῦθα
937 5729 1088 5798 ὁμοῦ
1120 5730 1240 5799 μὲν
1267 5733 1330 5785 τὸ
1363 5731 1696 5803 ἀδιάφορον
1737 5735 1843 5803 τῆς

268 5820 540 5890 χρήσεως
569 5821 1053 5891 ἐνδεικνύμενος,
1082 5824 1233 5892 ὁμοῦ
1264 5821 1332 5878 δὲ
1357 5824 1455 5877 καὶ
1489 5825 1556 5879 τὸ
1585 5827 1839 5896 σφάλμα

1937 3289 2059 3329 mus
2100 3290 2196 3344 per
2225 3273 2502 3329 ﬂammam
2534 3274 2841 3330 emittitur:
2881 3273 2971 3330 hic
3003 3275 3168 3330 etiam
3199 3289 3264 3329 ex
3297 3272 3520 3331 ﬂamma

1934 3387 2091 3441 teque
2126 3371 2474 3441 producitur.
2509 3368 2636 3425 Haec
2662 3373 2847 3425 omnia
2892 3385 2990 3441 per
3015 3370 3162 3440 quod
3213 3370 3516 3426 secundum

1938 3471 2188 3517 naturam
2230 3462 2445 3531 singula
2494 3471 2641 3526 sunt,
2696 3462 2860 3516 etiam
2916 3462 3144 3516 omnino
3169 3477 3237 3515 ex
3263 3476 3350 3517 eo.
3385 3460 3511 3517 Non

1936 3555 2044 3609 alio
2078 3568 2242 3608 sensu
2276 3564 2328 3606 et
2359 3567 2421 3606 es
2456 3550 2595 3606 Filio
2632 3552 2895 3622 Spiritum
2938 3567 3084 3616 esse,
3110 3552 3248 3606 nihil
3283 3552 3520 3606 addubi-

1935 3656 2111 3700 tantes
2129 3645 2492 3698 decernimus.
2511 3643 2693 3709 Quare
2713 3643 2808 3714 qui
2829 3653 3155 3712 praesentem
3180 3643 3517 3713 theologiam

1939 3749 2046 3789 non
2080 3734 2400 3798 admittunt,
2442 3732 2678 3802 ideoque
2729 3743 2972 3788 nostrum
3005 3749 3203 3788 nomen
3237 3733 3519 3798 deferunt,

1936 3826 2112 3880 sciant
2142 3839 2200 3879 se
2229 3825 2368 3878 male
2403 3824 2650 3878 divinum
2681 3824 2888 3879 cultum
2918 3825 3247 3893 intelligere,
3284 3826 3520 3894 indeque

1937 3915 2097 3970 nobis
2132 3923 2333 3970 temere
2370 3913 2574 3968 crimen
2594 3913 2916 3985 impingere.
2949 3913 3082 3968 Cum
3112 3915 3256 3968 enim
3289 3913 3522 3968 demon-

1938 4016 2171 4062 stratum
2200 4007 2294 4070 sit,
2332 4003 2597 4074 Spiritum
2631 4013 2879 4060 sanctum
2915 4005 3185 4061 exsistere
3222 4020 3291 4060 ex
3325 3991 3433 4059 Deo
3465 4011 3522 4058 et

1937 4097 2096 4151 Patre
2146 4111 2240 4165 per
2291 4094 2549 4156 Verbum,
2583 4095 2687 4167 ipsi
2735 4094 2888 4150 illum
2923 4097 3086 4150 etiam
3127 4111 3194 4152 ex
3256 4095 3395 4150 Filio
3431 4110 3522 4151 re-

1939 4198 2200 4255 spuentes
2229 4187 2408 4242 dicere
2438 4195 2493 4240 et
2518 4187 2682 4257 hujus
2716 4203 2881 4243 causa
2909 4189 3111 4259 ubique
3136 4189 3382 4244 locorum
3416 4204 3523 4246 no-

1939 4287 2110 4334 stram
2136 4277 2337 4333 famam
2362 4280 2579 4349 probris
2610 4280 2939 4346 lacerantes,
2973 4285 3351 4338 transitoriam
3377 4298 3526 4339 com-

1940 4380 2269 4437 monstrant,
2304 4372 2449 4441 quod
2495 4372 2891 4442 blasphemiam
2921 4389 3140 4428 omnem
3182 4376 3534 4434 abundanter

1942 4466 1994 4516 iu
2026 4477 2084 4517 se
2114 4464 2498 4533 complectitur
2523 4503 2540 4530 ,
2597 4465 2834 4535 Spiritus
2874 4481 2966 4535 per
2994 4466 3346 4536 Unigenitum
3376 4469 3526 4524 exsi-

1941 4555 2224 4619 stentiam,
2291 4570 2398 4608 non
2431 4571 2658 4626 prorsus
2684 4557 3030 4612 essentialem
3087 4561 3525 4630 naturalemque,

1941 4645 2159 4714 qualem
2188 4661 2286 4700 nos
2316 4647 2669 4704 severissime
2701 4647 2982 4718 exigentes
3014 4665 3110 4717 per
3161 4651 3333 4719 ipsam
3381 4652 3527 4706 veri-

1941 4747 2106 4790 tatem
2160 4737 2528 4794 decernimus.
2569 4738 2635 4792 Et
2687 4742 2972 4810 presentis
3029 4743 3132 4795 mei
3183 4743 3313 4796 dicti
3369 4746 3533 4801 testis

1941 4829 2083 4882 adsit
2116 4829 2269 4883 omni
2311 4830 2635 4898 exceptione
2689 4831 2890 4901 major,
2927 4833 3029 4886 hoc
3065 4835 3227 4887 modo
3256 4836 3524 4890 transito-

1940 4923 2081 4975 riam
2135 4919 2377 4991 Spiritus
2425 4937 2522 4992 per
2576 4920 2774 4977 Filium
2816 4925 3166 4979 existentiam
3209 4926 3528 4993 signiﬁcari,

1941 5012 1996 5066 in
2037 5012 2203 5066 rebus
2234 5012 2437 5066 divinis
2463 5014 2706 5070 eximius
2754 5030 3097 5086 magnusque
3139 5017 3394 5083 Basilius,
3431 5019 3531 5086 qui

1947 5104 2146 5174 quinto
2176 5105 2243 5158 ad
2272 5104 2727 5175 Amphilochium
2763 5109 2960 5179 capite,
2993 5110 3152 5176 cuius
3177 5124 3342 5178 supra
3377 5126 3532 5164 tuen-

1943 5195 2016 5250 tio
2054 5211 2087 5249 a
2117 5211 2204 5250 me
2255 5196 2476 5252 inducta
2517 5209 2623 5262 est,
2644 5201 2805 5254 modo
2837 5215 2948 5270 quo
2982 5201 3370 5266 indicavimus,
3401 5203 3525 5257 dic-

1946 5296 2060 5340 tum
2090 5287 2659 5356 Apostolicummatus
2713 5305 2778 5344 ex
2807 5291 3026 5344 muliere
3071 5305 3197 5344 cum
3241 5291 3528 5356 declaras,-

1943 5385 2048 5442 set,
2084 5392 2376 5434 resumens
2413 5393 2749 5445 sermonem,
2793 5382 2959 5438 verba
3000 5381 3080 5436 sic
3109 5381 3527 5447 iterat:Quam-

1941 5485 2100 5539 quam
2131 5470 2216 5523 hic
2240 5471 2523 5538 Apostolus
2552 5473 2716 5525 simul
2740 5475 3019 5527 ostenderis
3045 5475 3312 5528 diversum
3334 5474 3528 5529 harum

1943 5577 2124 5614 vocum
2160 5577 2339 5625 usum,
2383 5563 2546 5615 simul
2579 5563 2746 5618 obiter
2776 5567 3042 5634 corrigens
3069 5563 3418 5635 quarumdam
3441 5584 3530 5620 ero

1946 5668 2115 5706 rorem
2138 5653 2560 5706 existimantium
2593 5652 2804 5708 Domini
2836 5671 3028 5720 cor,.-us
3063 5672 3175 5708 esse
3225 5656 3530 5723 spirituale,

1947 5753 2006 5796 ut
2057 5744 2355 5798 ostenderet
2395 5760 2612 5796 carnem
2658 5744 2754 5801 Dei
2802 5731 3155 5814 gestatrieem,
3193 5761 3258 5798 ex
3297 5745 3529 5798 Immmm

1949 5851 2126 5889 massa
2161 5846 2455 5890 concretam
2479 5836 2664 5904 fuisse,
2698 5839 2886 5891 maluit
2921 5840 2996 5892 uti
3032 5841 3181 5892 verba
3215 5838 3525 5908 signi/imu—
