4132 6500
193 564 316 635 illi!

190 779 249 832 τὸ
277 779 399 850 ἑξῆς
439 779 936 850 παραπέμψαντες,
978 780 1129 834 δοκεῖ
1175 798 1270 850 μοι
1305 781 1402 834 καὶ
1435 782 1497 834 τὸ
1533 780 1750 848 λογίζε-

192 870 310 924 σθαι
334 871 624 940 περιττόν·
659 872 879 943 ἀνάγκη
914 872 1050 941 γοῦν
1105 871 1251 926 οὕτω
1286 873 1380 925 τὸν
1416 872 1617 935 όλικῶς
1658 873 1752 924 εὐ-

191 961 397 1024 σεσείας
426 961 899 1034 άντιποιούμενον,
936 964 1034 1017 καὶ
1079 965 1302 1039 φρονεῖν
1353 963 1752 1034 βεόουλημένον

189 1051 670 1121 ὀρθὰιπρεσόεύειν
690 1051 970 1116 οὑσιωδῶς
997 1053 1270 1126 ὑπάρχειν
1298 1053 1505 1112 διὰτοῦ
1530 1052 1662 1106 Υίοῦ
1691 1053 1753 1105 τὸ

192 1143 406 1212 Πνεῦμα
441 1144 500 1196 τὸ
562 1142 738 1211 ἅγιον.
802 1144 1008 1197 Τούτου
1065 1145 1125 1198 δὶ
1165 1145 1450 1212 φανέντος,
1491 1146 1600 1197 κάκ
1657 1141 1772 1207 τοῦ,

191 1228 316 1285 Tibi}
349 1236 570 1298 πάντως
614 1234 788 1297 ἔστὶνῖ
813 1234 911 1289 ατε
944 1235 1196 1305 φυσικῶς
1223 1238 1316 1291 ἐπὶ
1351 1239 1418 1306 τῇ
1455 1235 1552 1288 τοῦ
1583 1220 1754 1288 nias-

193 1343 352 1394 ματος
381 1327 537 1397 παρὰ
555 1327 772 1398 Πατρὸς
798 1328 1032 1397 ὑπάρξει
1065 1329 1159 1381 τοῦ
1194 1327 1326 1381 Υίοῦ
1347 1328 1751 1398 μεσιτεύοντος.

132 1403 144 1416 ’
195 1418 294 1472 Καὶ
330 1414 496 1471 τοῦτο
519 1415 952 1486 τεθεολογήκασι
977 1417 1177 1488 μικροῦ
1199 1419 1402 1481 πάντες
1427 1419 1476 1470 oi
1495 1419 1596 1486 τῆς
1624 1420 1758 1473 ἁπο-

193 1505 444 1575 στολικῆς
507 1506 836 1576 Ἐκκλησίας
890 1507 1295 1571 διδασκαλικῶς
1349 1509 1757 1579 δξηγησάμενοι

191 1597 332 1651 κατὰ
352 1595 648 1664 διαφόρους
681 1599 938 1668 καιροὺς,
969 1591 1047 1652 ὧν
1075 1599 1284 1669 ἁπάρτι
1316 1599 1483 1652 καλὸν
1512 1601 1757 1655 ἐκθεῖναι

191 1688 282 1741 καὶ
313 1688 380 1740 τὰ
409 1689 574 1758 ῥητὰ,
603 1687 813 1741 τούτων
855 1688 980 1742 κατ’
1005 1690 1183 1760 δνομα
1238 1692 1582 1762 μνησθέντας
1608 1694 1757 1763 ἡμᾶς

191 1779 268 1840 είς
296 1778 574 1842 ἀπόδειξιν
620 1778 717 1831 τοῦ
747 1781 1115 1850 προκειμένου
1166 1781 1505 1851 ζητήματος.
1570 1785 1660 1845 Ὠς
1690 1782 1757 1837 ἂν

191 1868 365 1922 τοίνυν
391 1869 498 1940 ὁδῷ
530 1870 628 1923 καὶ
647 1868 800 1934 τάξει
817 1874 1159 1941 χρησάμενοι
1191 1873 1332 1928 κάπὶ
1354 1875 1568 1939 τούτοις
1595 1877 1758 1947 ⁴ἡμεῖς

191 1955 353 2022 ἀξίως
375 1958 557 2012 αὐτῶν
582 1962 969 2026 πεποιηκέναι,
998 1962 1094 2014 καὶ
1110 1963 1182 2026 ώς
1207 1963 1408 2034 χρεὼν,
1435 1965 1757 2036 νομισθείη-

194 2066 318 2120 μεν,
337 2050 649 2119 καταρχὰς,
668 2049 746 2113 ὡς
769 2051 1073 2121 ιμφέρεται
1095 2054 1208 2116 τοῖς
1238 2057 1560 2122 πρακτικοῖς
1581 2054 1676 2123 τῆς
1703 2057 1759 2106 ὲν

191 2140 394 2211 Νικαίᾳ
454 2141 678 2210 πρώτης
725 2141 972 2204 συνόδου,
1029 2144 1169 2210 πρὸς
1201 2144 1294 2196 τὸν
1349 2143 1645 2213 φιλόσοφον
1708 2146 1758 2197 oi

194 2232 440 2303 θεοφόροι
466 2233 709 2302 Πατέρες
736 2233 827 2286 διὰ
849 2233 944 2286 τοῦ
965 2235 1272 2288 ἐπισκόπου
1295 2234 1552 2288 Λεοντίου
1571 2235 1757 2302 φασίν

187 2323 443 2392 Εὕρηται
476 2323 542 2377 τὸ
591 2324 835 2392 Πνεῦμα
867 2325 1350 2394 ἐκπορευόμενον
1396 2326 1515 2395 μὲν
1546 2327 1614 2379 ἐκ
1654 2327 1761 2381 τοῦ

193 2417 446 2484 Πατρὸς,
509 2415 665 2470 ιδιον
716 2415 787 2475 δὲ
838 2417 947 2471 τοῦ
983 2411 1120 2472 non“)
1155 2418 1252 2472 καί
1298 2419 1366 2482 ἐξ
1397 2418 1587 2473 αὐτοῦ
1620 2419 1764 2472 ἁνα-

193 2507 444 2568 ϐλύζονι
488 2509 690 2577 Ἤρκει
743 2512 857 2573 τοῖς
892 2510 1209 2580 εὐγνώμοσι
1243 2511 1352 2563 τῶν
1405 2511 1693 2579 ἀκροατῶν
1728 2513 1761 2580 ἡ

195 2600 447 2670 παροῦσα
480 2601 575 2652 καὶ
624 2601 763 2672 μόνη
822 2602 1048 2672 χρῆσις.
1094 2602 1169 2666 ὡς
1209 2605 1271 2655 ἐκ
1326 2603 1536 2656 πολλῶν
1594 2604 1764 2670 ἁγίων

194 2692 326 2762 ὁμοῦ
362 2691 612 2761 ῥηθεῖσα,
651 2691 828 2745 καὶτὸ
858 2692 1187 2762 άδιάὸλητον
1219 2694 1393 2757 οὕτως
1423 2695 1642 2764 ἔχουσα,
1670 2696 1764 2747 καὶ

195 2784 397 2852 μᾶλλον
445 2785 529 2838 ὅτι
569 2801 674 2852 περ
722 2786 1001 2856 ἀρχὴκαὶ
1035 2786 1286 2856 θεμέλιος
1336 2787 1436 2856 τῆς
1482 2787 1762 2858 ὀρθοδὸξου

195 2877 429 2940 πίστεως
459 2869 606 2929 οὗτοι
632 2878 895 2946 γεγόνασι
929 2879 1113 2932 θεόθεν
1136 2881 1289 2948 ημῖν,
1328 2881 1535 2948 πρῶτοι
1561 2881 1630 2932 τὰ
1656 2881 1764 2932 τῶν

195 2967 485 3037 αίρετικῶν
521 2969 926 3032 καταϐαλόντες
962 2973 1302 3040 φρυάγματα
1357 2974 1500 3026 κατὰ
1539 2973 1766 3043 γνώμην

195 3061 384 3130 κοινὴν
430 3061 527 3114 καὶ
566 3058 909 3116 συνέλευσιν.
944 3063 1061 3115 Νῦν
1097 3064 1155 3117 δέ
1185 3081 1248 3131 γε
1282 3065 1377 3117 καὶ
1408 3066 1616 3135 συχνῶν
1647 3067 1767 3122 ἐτέ-

197 3171 305 3225 ρων
319 3154 394 3207 ,τὸ
431 3154 655 3224 βέὸαιον
685 3145 955 3207 πάντοθεν
977 3156 1218 3225 ἐχουσῶν
1248 3155 1597 3224 εὐποροῦμεν
1629 3172 1768 3227 μαρ-

195 3244 419 3315 τυριῶν,
451 3242 518 3308 ἂς
556 3261 689 3297 ποτε
734 3244 845 3297 τῶν
904 3246 1169 3313 Πατέρων
1225 3248 1411 3315 σχεδὸν
1450 3250 1499 3300 οἱ
1549 3248 1768 3311 πλείους

1024 568 1121 638 DE
1160 573 1674 639 PROCESSIONE
1714 574 1777 637 S.
1817 571 2180 636 SPIBITUS
2217 572 2439 634 ORAT.
2482 572 2564 632 II.

3283 557 3418 633 1162

128 696 134 700 ’
189 685 546 759 διηλιγξαμεν
567 686 854 758 ἀμυδρῶς,
883 686 946 742 τὸ
970 689 1157 743 πλεῖον
1199 689 1300 760 τῆς
1326 689 1633 756 ἐξετάσεως
1664 688 1748 752 είς

1870 696 1936 770 get
2002 687 2237 742 tenuiter
2283 681 2806 747 demonstravimus,
2879 679 3144 750 potiorem
3212 687 3420 746 partem

1853 778 2124 833 examinis
2144 779 2198 832 in
2223 775 2506 847 sequentia
2531 774 2896 838 remittentes,
2932 774 3012 828 vel
3045 781 3229 826 mente
3254 771 3419 824 etiam

1853 868 2062 937 agitare
2093 878 2560 940 supervacaneum
2609 868 2772 919 duco.
2827 864 3062 919 Necesse
3105 872 3191 918 est
3240 862 3425 928 itaqm:

1854 973 1980 1015 eum
2014 959 2105 1028 qui
2146 959 2294 1013 omni
2320 973 2386 1012 ex
2413 964 2564 1025 parte
2593 953 2779 1024 pietati
2804 944 3080 1008 addicitur
3123 959 3178 1007 et
3211 959 3419 1006 rectam

1855 1049 2181 1104 sententiam
2225 1047 2429 1112 ambit,
2463 1053 2650 1099 tenere
2702 1043 3064 1096 essentialiter
3090 1055 3184 1109 per
3227 1037 3422 1091 Filium

1858 1119 2117 1210 Spiritum
2153 1150 2400 1194 sanctum
2424 1137 2708 1192 exsistere.
2742 1135 2796 1188 ld
2839 1133 2932 1188 ubi
2993 1130 3333 1193 inclaruerit,
3358 1143 3424 1180 ex

1855 1229 1994 1286 Filio
2029 1246 2247 1300 quoque
2276 1232 2499 1300 omnino
2524 1228 2647 1293 erit,
2682 1241 2807 1280 cum
2857 1224 3180 1279 naturaliter
3207 1223 3260 1275 in
3297 1219 3424 1288 Spi-

1855 1323 1997 1378 ritus
2034 1338 2063 1377 a
2087 1323 2246 1377 Patre
2280 1321 2602 1378 exsistantia
2658 1315 2832 1372 Filius
2857 1316 3071 1371 medius
3101 1316 3192 1370 sit.
3224 1310 3288 1366 Et
3324 1312 3429 1364 hoc

1858 1422 2065 1467 tantum
2101 1427 2206 1466 non
2239 1426 2433 1468 omnes
2495 1411 2803 1471 decrevere,
2835 1408 2930 1476 qui
2982 1403 3301 1474 apostolica
3329 1401 3430 1453 Ευ-

1857 1503 2036 1558 clesiae
2064 1503 2229 1557 veluti
2262 1503 2514 1556 doctores
2550 1501 2674 1555 aliis
2696 1509 2864 1569 atque
2905 1497 3031 1551 aliis
3087 1493 3428 1564 temporibus

1857 1594 2154 1664 praefuere,
2191 1609 2424 1663 quorum
2479 1607 2627 1647 nunc
2678 1593 2846 1656 dicta,
2877 1602 3066 1644 eorum
3096 1587 3222 1640 item
3252 1586 3428 1637 uomi-

1857 1686 2019 1741 nibus
2072 1684 2536 1748 commemoratis,
2564 1683 2628 1737 ad
2659 1683 2995 1752 propositam
3065 1679 3430 1748 quaestionem

1859 1777 2338 1832 demonstrandam
2375 1776 2463 1830 hic
2501 1774 2747 1845 digerere
2797 1788 2907 1828 non
2967 1772 3072 1826 erit
3108 1772 3432 1838 inopportu-

1859 1882 2014 1921 num.
2045 1864 2117 1920 Ut
2147 1881 2277 1935 ergo
2335 1864 2595 1922 methodo
2641 1863 2945 1934 ordineque
2996 1861 3051 1914 in
3104 1861 3188 1913 his
3218 1872 3436 1928 quoque

1861 1959 2094 2015 servatis
2120 1973 2218 2028 pro
2247 1957 2511 2028 dignitate
2569 1971 2762 2010 eorum
2820 1968 2935 2010 rem
2960 1961 3354 2024 pertractasse,
3385 1966 3439 2002 ιι

1792 2024 1832 2078 Β
1871 2052 1947 2106 ιιιί
2004 2024 2254 2114 addecet,
2311 2024 2713 2113 existimemur,
2753 2044 2873 2117 ipso
2912 2048 3100 2102 statim
3141 2044 3320 2108 initio,
3359 2046 3438 2095 uti

1870 2143 1922 2196 in
1951 2141 2088 2196 actis
2122 2138 2354 2195 Nicena:
2386 2139 2580 2209 primae
2612 2138 2803 2209 synodi
2858 2137 3111 2199 habetur,
3140 2134 3309 2188 divini
3363 2135 3440 2185 illi

1868 2231 2056 2287 Patres
2099 2233 2163 2287 ad
2227 2232 2613 2301 philosophum
2680 2245 2775 2298 per
2805 2229 3092 2283 Leontium
3122 2228 3440 2294 episcopum

1869 2323 2238 2391 respondent:
2273 2320 2548 2375 Invenitur
2603 2319 2835 2388 Spiritus
2899 2329 3115 2370 sanctus
3165 2316 3444 2384 procedere

1870 2409 2073 2480 quidem
2097 2424 2162 2462 es
2201 2408 2378 2470 Patre.
2424 2411 2667 2478 proprius
2700 2423 2820 2461 vero
2885 2406 3012 2460 Filii
3056 2423 3188 2469 esse,
3220 2416 3362 2492 etes:
3385 2421 3444 2455 eo

1869 2517 2146 2555 enianans.
2171 2500 2368 2570 Equis
2401 2500 2747 2554 auditoribus
2770 2507 2907 2553 satis
2931 2510 3080 2553 esset
3120 2498 3202 2550 vel
3265 2497 3443 2550 solum

1872 2594 1976 2646 hoc
1995 2592 2222 2657 dictum,
2257 2601 2519 2661 tanquam
2536 2591 2680 2661 quod
2718 2606 2780 2644 ex
2807 2590 3004 2645 multis
3021 2590 3283 2643 Patribus
3318 2605 3447 2656 pru~

1873 2685 2181 2738 nuntiatum
2212 2693 2336 2748 est,
2365 2687 2599 2753 ideoque
2651 2683 2720 2737 ab
2751 2683 2900 2736 omni
2942 2683 3215 2737 calumnia
3261 2681 3446 2734 exciu-

1875 2789 2054 2847 ptum,
2087 2778 2514 2848 et-potissimutn
2546 2779 2688 2845 quod
2744 2778 3061 2830 orthodoxae
3101 2775 3221 2829 ﬁdei
3245 2777 3381 2843 prius
3404 2779 3450 2824 i-

1873 2870 2022 2940 pium
2067 2885 2130 2922 ac
2177 2870 2589 2924 fundamentum
2637 2884 2667 2923 a
2726 2869 2838 2923 Deo
2864 2869 3021 2923 nobis
3059 2870 3240 2922 traditi
3302 2886 3448 2933 sun,

1874 2963 1979 3041 qui
1997 2963 2158 3032 primi
2197 2963 2576 3035 haereticorum
2614 2961 2793 3018 fastus
2822 2963 3106 3016 communi
3141 2973 3265 3017 voto
3287 2973 3450 3031 atqu.-

1871 3067 2172 3124 congressu
2195 3055 2551 3124 disiecerunt.
2598 3053 2754 3109 Nunc
2804 3070 2930 3109 vero
2965 3065 3020 3108 et
3072 3055 3453 3125 frequentibus

1875 3149 1998 3203 aliis
2025 3149 2189 3203 certis
2223 3157 2386 3217 atque
2434 3148 2754 3201 indubitatis
2819 3146 3150 3201 testimoniis
3208 3148 3453 3201 abunda.

1876 3255 2022 3307 mus,
2056 3254 2177 3308 quae
2204 3241 2384 3308 potior
2425 3253 2550 3306 pars
2579 3238 2824 3304 Patrum,
2862 3243 3244 3309 unusquisque
3275 3257 3368 3309 per
3396 3259 3454 3292 su

194 3335 428 3400 ῑκαστος
463 3334 561 3407 τὴν
599 3334 800 3388 ἑαυτοῦ
839 3336 1321 3407 συγγραψάμενος,
1372 3337 1405 3409 ἢ
1438 3336 1535 3392 καὶ
1563 3339 1768 3393 τούτων

1879 3335 2166 3405 proprium
2198 3331 2548 3400 conscripsit,
2583 3331 2887 3386 authorum
2921 3335 3166 3402 quaedam
3195 3335 3452 3403 priva'iui

195 3427 351 3490 τινὰς
382 3427 634 3494 κατι-δίαν
658 3427 894 3492 ἐξέθετο.
928 3430 1282 3500 Ιιαραχρῆμα
1322 3433 1416 3483 καὶ
1465 3431 1574 3500 γὰρ
1608 3434 1633 3484 ό
1668 3432 1769 3500 τῆς

199 3518 502 3581 ἀθανασίας
542 3518 859 3588 ἐπώνυμος,
909 3519 968 3581 ὃς
995 3521 1091 3572 καὶ
1137 3520 1281 3574 κατὰ
1334 3521 1543 3592 ταύτην
1572 3521 1636 3592 δὴ
1669 3521 1768 3589 τὴν

197 3595 424 3680 πρώτην
459 3609 884 3680 σύνοδον-μέγας
922 3612 1022 3679 τὴν
1060 3612 1272 3683 ὑψηλὴν
1300 3615 1395 3665 καὶ
1430 3614 1544 3667 ἄνω
1571 3617 1770 3683 φέρου-

197 3715 298 3750 σαν
338 3695 531 3766 σοφίαν
561 3698 920 3770 ἔγνωρίζετο,
959 3703 1056 3774 καὶ
1082 3701 1250 3763 πολὺς
1285 3704 1344 3754 ὲν
1393 3703 1473 3771 τῷ
1506 3703 1638 3772 περὶ
1668 3701 1770 3771 τῆς

171 3772 472 3859 Ιὲνσάρκου
503 3793 835 3859 ἐπιφανείας
865 3793 960 3846 τοῦ
991 3772 1128 3846 Θεοῦ
1171 3794 1316 3864 λόγῳ
1343 3796 1558 3862 τρανῶς
1594 3794 1770 3858 οὕτως

195 3883 539 3948 ἀπαγγέλλει
565 3883 694 3954 περὶ
727 3883 824 3940 τοῦ
858 3884 1210 3954 Πνεύματος·
1245 3886 1442 3952 Αὐτὸς
1473 3889 1582 3955 γὰρ
1621 3886 1771 3940 αὐτὸ

194 3973 427 4026 ἄνωθεν
455 3975 725 4042 ἔπεμπεν
755 3975 840 4040 ὡς
877 3976 1064 4048 Θεὸς,
1097 3978 1197 4030 καὶ
1240 3977 1422 4043 αὐτὸς
1474 3980 1623 4032 αὐτὸ
1663 3978 1772 4031 κά-

194 4066 385 4118 τωθεν
419 4063 753 4131 ὑπεδέχετο
801 4066 880 4131 ὡς
912 4066 1247 4134 ἄνθρωπος.
1297 4067 1398 4131 Ἐξ
1428 4067 1618 4120 αὑτοῦ
1661 4064 1775 4123 οὖν

194 4158 289 4233 είς
317 4157 506 4209 αὑτὸν
538 4157 766 4223 κατῄει,
789 4159 858 4210 ἐκ
887 4157 996 4224 τῆς
1027 4161 1307 4226 θεότητος
1331 4159 1521 4213 αὐτοῦ
1548 4164 1639 4226 είς
1660 4163 1777 4229 τὴν

195 4248 630 4315 ἀνθρωπότητα
661 4248 873 4303 αὑτοῦ.
907 4251 1020 4302 Καὶ
1071 4251 1100 4302 ό
1127 4249 1366 4320 χρυσοῦς
1397 4252 1498 4320 τὴν
1528 4251 1776 4318 γλῶτταν

195 4342 258 4392 ὲν
286 4339 364 4408 τῷ
406 4341 539 4408 περὶ
589 4341 698 4392 τῶν
753 4340 847 4391 δύο
882 4339 1172 4410 Διαθηκῶν
1203 4341 1369 4411 λόγῳ,
1423 4341 1526 4394 Διὰ
1561 4343 1670 4412 γὰρ
1709 4342 1777 4396 τὸ

196 4435 482 4500 γενέσθαι
527 4435 680 4485 ναὸν
712 4430 824 4498 τῆς
870 4434 1055 4496 θείας,
1085 4434 1420 4506 διαγορεύει,
1467 4435 1778 4504 δυνάμεως

195 4526 266 4575 τὸ
296 4521 472 4590 σῶμα
504 4522 607 4574 τοῦ
637 4524 860 4590 Κυρίου
911 4524 979 4576 τὸ
1027 4524 1338 4592 θεοφόρον,
1387 4526 1526 4597 γίνῃ
1552 4527 1651 4578 καὶ
1695 4527 1777 4581 σὺ

179 4615 348 4680 ναὸς
387 4616 518 4668 καθ’
557 4615 844 4684 ὁμοίωσιν
873 4616 1062 4670 αὑτοῦ
1089 4632 1104 4647 ⁸
1146 4616 1294 4686 δέχῃ
1343 4617 1454 4685 τὰρ
1479 4618 1779 4686 ἐκπεμπό-

1877 3416 2171 3494 evulgavit.
2231 3421 2478 3492 Namque
2502 3424 2724 3492 ’primns
2783 3435 2912 3478 ante
2940 3425 3102 3488 alios,
3133 3428 3221 3479 cui
3247 3427 3315 3478 ab
3344 3427 3452 3478 im-

1876 3517 2209 3572 mortalitate
2239 3530 2440 3570 nomen
2465 3523 2569 3581 eat,
2619 3526 2673 3570 et
2699 3518 2792 3584 qui
2827 3517 2879 3568 in
2918 3517 3034 3584 ipsa
3093 3517 3264 3585 prima
3291 3534 3457 3588 syuu.

1876 3612 1968 3675 do,
2019 3609 2243 3664 sublimi
2328 3615 2385 3661 et
2439 3621 2562 3676 quae
2601 3606 2669 3661 ad
2730 3609 3019 3677 superiora
3064 3611 3323 3664 conducit
3360 3627 3456 3664 Sn-

1877 3701 2078 3772 pientia
2109 3698 2452 3768 praecelebris
2480 3699 2782 3754 habebatur
2806 3708 2972 3770 atque
3030 3703 3294 3766 eximius,
3322 3718 3451 3754 oru-

1880 3796 2028 3848 tione
2057 3792 2126 3846 de
2147 3791 2492 3861 apparitione
2532 3791 2626 3844 Dei
2669 3791 2721 3844 in
2777 3790 2948 3846 carne
3019 3803 3208 3861 aperte
3255 3793 3368 3847 haec
3389 3795 3457 3848 de

1881 3884 2083 3955 Spiritu
2123 3885 2443 3954 pronuntiat
2473 3899 2488 3938 :
2519 3883 2636 3952 Ipse
2657 3885 2796 3937 enim
2829 3883 2981 3936 illum
3020 3885 3242 3954 desuper
3277 3888 3456 3939 mitte-

1880 3977 1968 4029 bat
2003 3978 2079 4030 uti
2103 3977 2262 4040 Dens,
2295 3986 2342 4029 et
2369 3977 2478 4044 ipse
2508 3990 2627 4028 eum
2657 3977 2712 4027 in
2741 3977 2845 4028 imo
2877 3976 3201 4045 excipiebat,
3257 3980 3335 4029 uti
3363 3979 3458 4028 Im-

1879 4084 1984 4122 mo.
2018 4068 2101 4121 Ea:
2134 4069 2246 4134 ipso
2290 4070 2468 4137 itaque
2492 4068 2547 4120 in
2585 4067 2760 4135 ipsum
2815 4067 3184 4134 descendebat,
3243 4085 3309 4122 ea:
3344 4071 3454 4122 dei.

1881 4170 1988 4214 tate
2014 4162 2178 4228 ipsius
2211 4163 2264 4214 in
2306 4161 2688 4214 humanitatem
2751 4159 2944 4227 ipsius.
2981 4159 3044 4214 Et
3080 4162 3262 4233 lingua
3288 4179 3457 4218 aurea

1880 4251 2139 4320 praeditus
2195 4251 2440 4304 oratione
2471 4250 2537 4304 de.
2573 4249 2791 4304 duobus
2839 4247 3206 4309 Testameutis
3241 4268 3259 4306 :
3292 4252 3458 4322 Prop-

1881 4352 2023 4396 terea
2054 4342 2193 4395 enim
2235 4344 2372 4410 quod
2404 4340 2606 4409 factum
2638 4351 2714 4395 est
2742 4343 2937 4395 divina:
2955 4343 3170 4396 virtutis
3203 4347 3452 4412 templum

1881 4447 2068 4500 carpus
2106 4430 2315 4483 Domini
2360 4430 2642 4503 dei/erunt,
2685 4430 2753 4499 [is
2785 4443 2836 4484 et
2893 4441 2950 4485 tu
2983 4435 3232 4500 templum
3266 4452 3456 4488 serun.

1879 4523 2004 4573 dum
2041 4521 2186 4594 illius
2215 4520 2620 4574 similitudinem
2649 4537 2666 4574 :
2695 4522 2888 4588 accipis
2915 4524 3053 4575 enim
3089 4526 3155 4576 ab
3189 4525 3302 4592 ipso
3332 4526 3458 4580 mis-

1879 4628 1996 4665 sum
2031 4611 2316 4682 Spiritum.
2350 4611 2585 4667 Omnino
2617 4613 2748 4666 illud
2779 4615 2842 4666 ab
2886 4615 3020 4683 ipso,
3049 4614 3194 4669 idem
3226 4622 3309 4672 est
3331 4633 3459 4672 cum

188 4722 389 4775 μενον
417 4706 554 4774 παρ’
603 4705 792 4759 αὐτοῦ
827 4707 894 4759 τὸ
939 4709 1204 4776 Πνεῦμα.
1251 4710 1475 4771 Πάντως
1504 4710 1583 4772 τὸ,
1638 4711 1768 4778 παρ⁴

1888 4704 1982 4758 illo
2031 4705 2262 4774 ezipso.
2299 4702 2364 4756 Et
2399 4716 2559 4756 nemo
2602 4703 2739 4755 adeo
2782 4703 2962 4756 infans
2982 4712 3152 4773 atque
3196 4705 3460 4774 insipiens

194 4797 412 4862 αὐτοῦ,
444 4799 604 4851 τοῦτο
655 4799 856 4852 ταυτὸν
909 4801 1147 4870 ὑπάρχει
1195 4800 1274 4870 τῷ
1305 4800 1374 4864 ἐξ
1421 4801 1632 4857 αὑτοῦ.
1668 4804 1779 4855 Καὶ

191 4891 380 4954 οὐδεὶς
419 4891 512 4942 ἐπὶ
537 4889 797 4943 ’τοσοῦτον
827 4891 1047 4960 ἀμαθὴς
1077 4893 1174 4970 καῖ
1199 4892 1450 4962 ἀνόητος,
1484 4893 1560 4956 ὡς
1583 4893 1778 4960 διαφοο

196 4983 305 5053 ρὰν
333 4983 431 5053 τὴν
466 4982 737 5052 τυχοῦσαν
785 4986 930 5036 νοεῖν
964 4984 1060 5036 ἐπὶ
1103 4983 1312 5037 τούτων
1343 4984 1406 5048 δὴ
1442 4985 1553 5037 τῶν
1581 4971 1781 5053 προθέ-

197 5091 364 5127 σεων.
404 5074 564 5127 ’Δλλά
592 5073 765 5127 ταῦτα
792 5063 892 5143 μὲν
921 5060 949 5126 δ
1002 5091 1062 5126 τε
1109 5076 1284 5143 μέγας
1331 5075 1653 5138 ’Δθανάσιος
1683 5079 1781 5130 καὶ

193 5166 226 5218 ὁ
257 5163 405 5225 θεῖος
434 5164 824 5232 Χρυσόστομος
849 5180 863 5195 ·
894 5165 922 5215 ό
966 5164 1022 5217 δι
1056 5164 1537 5234 δογματικώτατος
1577 5167 1780 5237 Κύριλ-

193 5257 296 5318 λος
325 5257 384 5307 ἐν
417 5257 632 5318 πολλοῖς
658 5256 770 5309 τῶν
800 5256 968 5309 αὐτοῦ
996 5257 1172 5324 λόγων
1220 5259 1316 5309 καὶ
1352 5259 1620 5322 πολλάκις
1647 5263 1779 5326 περὶ

192 5347 400 5408 τούτου
427 5347 705 5412 διέξεισιν.
745 5347 962 5401 Οὐκοῦν
1002 5350 1061 5399 ἐν
1097 5349 1194 5417 μὲν
1229 5348 1308 5419 τῷ
1342 5348 1488 5417 λόγῳ
1519 5351 1598 5419 τῷ
1642 5352 1780 5421 πρὸς

193 5434 507 5510 Νεστῖόριον
533 5457 546 5472 ·
579 5441 649 5492 El
681 5441 779 5494 καί
813 5441 948 5494 εστι
975 5441 1041 5492 τὸ
1071 5441 1311 5508 Πνεῦμα
1340 5442 1410 5494 ἐν
1442 5445 1778 5497 ὑποστάσει

197 5532 394 5599 ιόικῇ,
448 5531 550 5585 καί
595 5529 673 5597 δὴ
711 5531 810 5584 καί
860 5530 1088 5584 νοεῖται
1157 5532 1287 5584 καθ’
1324 5532 1525 5593 ἑαυτὸ,
1568 5535 1696 5584 καθ’
1749 5533 1781 5586 ὃ

196 5621 458 5690 Πνεῦμά
485 5621 752 5676 ἐστικαὶ
771 5625 885 5690 οὐχ
932 5623 1100 5688 Υίός·
1139 5621 1278 5676 ἀλλ’
1319 5617 1434 5676 οὖν
1469 5623 1641 5676 ἑστιν
1673 5627 1784 5678 οὐκ

194 5716 538 5783 ἀλλότριον
564 5713 774 5767 αὑτοῦ.
809 5715 1053 5782 Πνεῦμα
1082 5717 1196 5782 γὰρ
1225 5715 1513 5781 ἀληθείας
1555 5714 1780 5783 ὠνόμα-

195 5822 374 5868 σται,
405 5806 506 5862 καί
532 5803 667 5858 ἐστι
690 5805 949 5881 £01076;-
972 5805 1011 5870 ἡ
1051 5805 1326 5870 ἀλήθεια,
1361 5806 1458 5858 καί
1480 5805 1784 5874 προχεῖται

196 5898 348 5965 παρ’
387 5896 578 5950 αὑτοῦ
614 5895 885 5963 καθάπερ
915 5896 1122 5958 ἀμέλει
1153 5895 1254 5951 καὶ
1282 5897 1352 5948 ἐκ
1385 5897 1499 5950 τοῦ
1531 5901 1780 5963 Πατρός

195 5990 262 6041 ιν
303 5989 362 6041 δὲ
418 5987 494 6055 τῷ
537 5988 672 6055 πρὸς
713 5987 808 6037 τὸν
858 5979 1085 6054 βασιλέα
1114 5987 1436 6040 Θεοδόσιονο
1482 5987 1784 6054 Ἀπο.ιύων

491 6084 779 6154 Parant",
809 6085 924 6144 Gn.
961 6083 1144 6143 CXLI

1884 4796 2068 4858 fuerit,
2101 4796 2195 4864 qui
2223 4796 2305 4850 vel
2334 4796 2616 4857 minimam
2633 4795 2996 4850 dilierentiam
3026 4798 3169 4852 inter
3191 4799 3290 4854 has
3314 4816 3455 4869 pra:-

1882 4890 2182 4958 positiones
2244 4889 2651 4958 excogitaverit.
2713 4887 2778 4941 Et
2813 4890 2924 4955 haec
2955 4891 3176 4958 quidem
3227 4906 3456 4961 magnus

1882 4980 2218 5035 Athanasius
2252 4989 2306 5033 et
2345 4979 2566 5035 divinus
2640 4980 3071 5050 Cbrysostomus
3099 4999 3112 5034 :
3151 4992 3205 5034 at
3235 4983 3287 5036 in
3317 4986 3450 5054 dog-

1883 5073 2124 5128 matibus
2153 5071 2523 5142 dijudicandis
2548 5072 3086 5139 prwllentissimus
3104 5072 3366 5144 Cyrillus,
3401 5079 3452 5130 iu

1846 5207 1851 5211 .
1884 5164 2069 5220 multis
2096 5163 2211 5219 suis
2240 5163 2584 5218 orationibus
2607 5172 2661 5218 et
2688 5164 2991 5233 saepissime
3019 5165 3086 5219 de
3114 5167 3227 5222 hoc,
3245 5182 3457 5219 SCI'IIIO-

1876 5272 2008 5312 ~nem
2039 5257 2252 5325 digerit.
2292 5255 2354 5308 Et
2383 5256 2632 5309 oratione
2681 5267 2872 5309 contra
2907 5253 3217 5312 Nestorium
3258 5276 3270 5310 :
3302 5257 3452 5312 Licet

1887 5352 2126 5419 Spiritus
2155 5353 2209 5404 in
2239 5351 2459 5418 propria
2491 5349 2763 5418 hypostasi
2796 5350 2887 5414 sit,
2915 5361 2964 5403 et
3008 5352 3168 5404 etiam
3214 5368 3304 5420 per
3354 5354 3450 5406 sei.

1884 5460 2036 5512 psum
2087 5445 2421 5510 intelligatur
2447 5481 2461 5505 ,
2509 5443 2715 5495 ratione
2767 5458 2872 5510 qua
2903 5440 3134 5508 Spiritus
3169 5456 3242 5497 est
3275 5454 3324 5496 et
3356 5461 3458 5498 non

1889 5533 2088 5599 Filius,
2119 5533 2460 5587 nihilominus
2501 5548 2604 5586 non
2638 5542 2715 5587 est
2773 5534 2980 5587 alienus
3013 5535 3077 5586 ab
3105 5551 3185 5590 eo.
3222 5534 3455 5603 Spiritus

1887 5627 2024 5681 enim
2073 5627 2317 5678 veritatis
2349 5625 2524 5678 dictus
2557 5635 2658 5689 est,
2689 5631 2732 5678 et
2770 5637 2844 5679 est
2890 5625 3134 5680 Christus
3160 5631 3372 5689 veritas,
3409 5639 3456 5680 et

1886 5716 2177 5784 effunditur
2202 5714 2266 5766 ab
2300 5715 2433 5781 ipso,
2466 5729 2525 5767 eo
2553 5714 2709 5770 modo
2748 5730 2850 5783 quo
2878 5723 2929 5765 et
2977 5729 3042 5767 ex
3074 5710 3254 5768 Patre.
3298 5714 3360 5766 Et
3390 5717 3454 5766 ad

1887 5807 2266 5874 imperatorem
2322 5803 2708 5864 ,Theodoslum
2764 5821 2778 5858 :
2835 5808 3092 5858 Liberam
3146 5823 3178 5858 a
3227 5809 3456 5874 pecratis

1886 5913 2026 5962 eum,
2050 5897 2139 5965 qui
2165 5896 2266 5959 ipsi
2286 5896 2544 5959 adliceret,
2577 5899 2789 5963 proprio
2844 5893 3082 5962 deinceps
3113 5899 3260 5965 ungit
3323 5895 3455 5962 Spi-

1888 5989 2020 6056 ritu,
2065 6003 2215 6058 quem
2249 5988 2497 6043 immittit
2547 5988 2720 6057 ipsuin
2761 5996 3016 6056 tanquam
3062 6005 3126 6043 ea:
3163 5989 3266 6042 Deo
3300 5988 3454 6042 Patrt

2924 6084 3000 6148 37
