4132 6428
674 383 809 449 ηδ’]

1698 382 2211 448 CONSTANTINI
2252 382 2794 451 MELITENIOTxE

3780 384 3927 451 1768

658 497 966 570 quianullo
996 488 1157 553 modo
1214 491 1387 553 refelli
1421 502 1680 573 possunt,
1742 510 1797 555 et
1836 488 2235 555 dubitationem

2354 500 2702 557 παντάπασιν
2734 499 2947 563 οὔσαις,
2963 497 3057 551 καὶ
3084 496 3219 568 πρὸς
3251 496 3417 568 μηδὲν
3444 476 3683 568 ὁρώσαις
3706 496 3929 567 ἀμφισ-

662 604 881 644 omnem
908 588 1178 645 eximunt.
1212 585 1367 655 Quis
1398 603 1462 643 es
1500 587 1831 645 adversariis
1878 590 2048 659 igitur
2075 590 2238 645 etiam

659 678 775 735 hinc
811 679 864 733 in
907 692 1062 733 suam
1096 676 1429 732 sententiam
1472 677 1769 743 invertere,
1817 686 1873 731 et
1902 678 2046 742 suis,
2103 692 2241 745 quas

666 770 785 839 ipse
818 770 872 823 in
916 783 976 824 se
1008 769 1671 840 nutrit,‘cogitationibus
1703 769 1960 839 adaptare
2010 769 2238 823 conabi-

658 868 751 913 tur
772 859 796 912 τ
820 857 1066 931 Namque
1110 861 1200 916 his
1234 875 1357 918 sese
1390 875 1670 933 opponere
1692 872 2068 933 praterquam
2093 860 2239 931 quod

658 944 862 1007 frustra
885 967 1105 1022 operam
1157 953 1457 1019 insumere,
1495 954 1736 1008 maxime
1788 953 1840 1007 id
1882 955 2047 1009 etiam
2095 960 2243 1008 esset

656 1046 912 1113 projects
934 1044 1198 1111 audaciae,
1217 1042 1660 1115 quandoquidem
1684 1043 1762 1097 illi
1791 1041 2241 1114 suntapostolicte

661 1134 915 1196 Fcclosite
977 1137 1198 1196 nemine
1268 1150 1497 1205 prorsus
1573 1134 1926 1207 discrepante
1999 1135 2241 1191 illustres

662 1227 937 1297 magistri,
963 1236 1364 1298 proptereaque
1386 1228 1522 1293 illis,
1555 1220 1818 1298 tanquam
1849 1227 1942 1297 qui
1976 1225 2241 1281 continuo

657 1333 783 1373 cum
832 1316 1042 1388 Spiritu
1096 1318 1477 1389 eloquuntur,
1537 1332 1769 1388 prorsus
1825 1316 2239 1372 assentiendum

657 1418 761 1465 est.
804 1408 911 1465 Sed
944 1410 998 1463 hi
1027 1409 1248 1481 quidem
1272 1409 1383 1465 hac
1404 1410 1621 1465 ratione
1654 1410 1866 1480 digesta
1898 1417 2058 1463 antea
2093 1408 2239 1462 dicta

660 1499 849 1563 robur,
877 1497 1117 1569 illudque
1148 1498 1286 1553 citra
1321 1513 1544 1554 omnem
1572 1498 2010 1554 controversiam
2036 1486 2246 1553 habere

660 1604 763 1643 suo
789 1590 1105 1644 testimonio
1132 1589 1551 1646 conﬁrmarunt.

732 1679 821 1733 11.
883 1678 955 1735 Ut
1007 1696 1159 1746 vero,
1203 1682 1349 1751 quod
1410 1697 1554 1737 nunc
1597 1684 1867 1753 quaeritur
1922 1696 1952 1734 a
2014 1680 2238 1749 multis,

652 1771 965 1825 absolutius
1023 1785 1214 1825 rursus
1273 1784 1369 1839 per
1416 1770 1627 1840 scripto
1677 1770 1874 1825 tradita
1928 1770 2273 1841 testimonia!

2344 591 2671 662 σητήσιμον.
2697 592 2790 655 Τίς
2817 590 2927 644 τῶν
2944 588 3352 659 ἀνθεστηκότων
3382 585 3566 642 λοιπον
3592 588 3930 659 διαστρέψαι

2344 682 2691 752 πειράσεται,
2717 682 2809 734 καὶ
2837 680 3040 743 ταύτας
3065 682 3202 749 πρὸς
3250 681 3312 733 τὸ
3342 679 3534 733 δοκοῦν
3586 682 3792 751 ἑαυτῷ,
3825 683 3927 735 καὶ

2341 776 2473 838 τοῖς,
2503 768 2615 837 οἷος
2654 774 2815 836 αὐτὸς
2843 772 2985 843 ῐχων
3040 771 3165 844 νοῦν
3200 772 3336 835 ὅλως
3366 772 3462 825 καὶ
3491 771 3741 843 λογισμῷ
3789 773 3931 826 διοι-

2340 866 2648 935 κούμενος;
2680 864 2901 935 Τὺγάρ
2941 865 3218 919 ἀντειπεῖν
3238 864 3359 937 τοῖς
3386 863 3637 933 είρηκόσι
3664 864 3805 933 πρὸς
3842 864 3927 933 τῷ

2342 957 2519 1026 πάντη
2552 956 2836 1027 τυγχάνειν
2860 956 3120 1022 ἀνήνυτον
3143 953 3245 1006 καῖ
3266 952 3387 1005 λίαν
3416 951 3561 1006 ἔοικε
3595 952 3881 1024 τολμηρόν
3906 969 3924 984 ·

2341 1046 2573 1114 ἐπείπερ
2630 1044 3148 1117 τῆςνάποστολικῆς
3199 1043 3533 1113 Ἐκκλησίάς
3591 1048 3929 1112 περιφανεῖς

2340 1134 2788 1205 ὁμολογουμένως
2812 1133 3159 1187 διδάσκαλοι·
3194 1132 3277 1185 διὸ
3296 1134 3436 1185 κάπὶ
3462 1133 3595 1185 πᾶσι
3629 1131 3926 1184 πείθεσθαι

2339 1225 2553 1289 τούτοις
2583 1224 2711 1288 τοὺς
2747 1226 2957 1287 πάντας
2990 1221 3191 1294 χρεὼν,
3228 1216 3318 1275 οἷα
3360 1221 3625 1292 διηνεκῶς
3678 1229 3929 1289 φθεγγοο

2346 1317 2529 1388 μένοις
2579 1315 2716 1385 μετά
2749 1314 2843 1368 τοῦ
2876 1314 3215 1384 Πνεύματος.
3277 1311 3419 1365 Ἀλλ’
3474 1311 3616 1364 οὕτω
3640 1310 3751 1379 μὲν
3775 1305 3929 1387 οὗτοι

2341 1407 2441 1471 τὰς
2470 1406 2893 1477 προεκτεθείσας
2940 1406 3211 1475 πατρικὰς
3235 1406 3459 1475 χρήσεις
3482 1404 3547 1455 τὸ
3572 1403 3799 1472 ἰσχυρὸν
3829 1406 3932 1457 καὶ

2342 1498 2746 1567 ἀναμφίλεκτον
2799 1496 2943 1567 ἔχειν
2976 1496 3318 1550 ιύεσαίωσαν
3356 1496 3447 1549 διά
3496 1497 3605 1548 τῶν
3646 1493 3923 1547 τοιούτων

2348 1588 2683 1662 μαρτυριῶν.

2416 1686 2506 1734 ια’.
2544 1679 2664 1734 Ἵνα
2687 1678 2745 1732 δι
2769 1679 2863 1731 καὶ
2886 1678 2948 1731 τὸ
2975 1677 3311 1749 ζητούμενον
3361 1678 3514 1749 παρά
3564 1678 3676 1731 τῶν
3702 1680 3927 1733 πολλῶν

2343 1768 2673 1837 τελεώτερον
2696 1766 2786 1821 διὰ
2826 1761 3115 1837 γραφικῶν
3151 1762 3308 1829 αὖθις
3349 1768 3600 1837 χρήσεων
3633 1764 3931 1839 παραστή-

659 1864 1141 1928 ιίεηιοιιειηωυε,
1198 1861 1710 1932 perspicacissimus
1774 1861 2119 1932 Epiphanius
2180 1860 2232 1913 in

2346 1874 2541 1926 σωμεν,
2563 1858 2592 1909 ό
2614 1856 2715 1939 μὲν
2737 1855 3193 1927 διορατικώτατος
3226 1856 3543 1925 Ἐπιφάνιος
3560 1859 3617 1909 ὲν
3638 1858 3715 1928 τῷ
3734 1858 3928 1927 οἰκείῳ

656 1952 878 2021 propria
918 1953 1189 2013 oratione,
1222 1953 1309 2005 cui
1337 1965 1535 2023 nomen
1584 1963 1670 2010 est
1721 1957 2020 2023 Ancyroto,
2063 1951 2240 2020 Spiri-

660 2054 744 2094 tua
800 2050 1037 2105 sanctus,
1096 2042 1211 2105 ait,
1260 2042 1601 2111 nonfrutris
1642 2042 1809 2110 frater
1838 2082 1853 2105 ,
1914 2059 2017 2095 non
2058 2040 2241 2097 Pntris

661 2133 851 2202 frater,
884 2131 975 2185 sed
1012 2146 1076 2185 ea:
1119 2133 1237 2201 ipsa
1292 2134 1521 2186 essentia
1569 2130 1751 2185 Patris
1793 2142 1840 2185 et
1878 2130 2057 2195 Filii;
2099 2143 2153 2187 et
2186 2134 2242 2187 in

661 2224 831 2293 rebus
854 2224 1057 2278 divinis
1102 2224 1419 2293 praecellens
1470 2222 1708 2291 Cyrillus
1740 2224 1794 2276 in
1848 2237 1958 2277 uno
2015 2222 2241 2278 secundi

659 2289 1067 2369 Thesa‘urornm
1095 2289 1271 2384 capite
1304 2315 1415 2369 ait:
1473 2289 1787 2367 Decernente
1809 2316 1985 2383 itaque
2010 2314 2240 2378 Christo,

658 2407 713 2460 iu
763 2406 879 2475 ipso
913 2418 960 2460 et
1025 2421 1092 2460 ea:
1154 2407 1268 2474 ipso
1323 2407 1638 2459 naturaliter
1690 2406 1943 2459 exsistere
1983 2404 2245 2473 Spiritum

659 2506 815 2543 suum
844 2491 1435 2561 decernit..lterumquo
1464 2494 1517 2545 in
1550 2492 1659 2547 alio
1683 2493 1750 2547 de
1782 2493 1983 2561 Spiritu
2013 2503 2240 2547 saneto:

659 2579 754 2634 Uti
769 2596 848 2635 re:
882 2583 1106 2635 essentia
1125 2584 1387 2636 'ecsistens
1422 2581 1788 2636 distribuentis
1820 2582 1956 2635 illud
1997 2582 2240 2647 Sanctis,

661 2670 859 2728 Christi
890 2673 1112 2728 scilicet.
1158 2671 1226 2725 Et
1259 2672 1314 2727 in
1336 2672 1481 2727 alio:
1517 2670 1744 2726 Necesse
1782 2681 1859 2726 est
1890 2672 2057 2742 igitur
2086 2670 2248 2740 fateri

660 2761 816 2815 illum
848 2777 961 2817 esse
1008 2776 1075 2816 ea:
1130 2762 1359 2816 essentia
1385 2759 1519 2814 Filii
1576 2773 1623 2815 et
1681 2760 1802 2825 Dei,
1839 2777 2044 2815 omnem
2093 2760 2244 2812 illius

660 2853 970 2922 facultatem
992 2866 1041 2908 et
1074 2855 1433 2923 operationem
1461 2854 1837 2922 possidentem.
1862 2854 1995 2907 Item
2024 2852 2077 2906 in
2106 2852 2246 2905 alio:

666 2943 894 2999 Nullum
936 2946 1113 3015 itaque
1167 2944 1374 2999 Paulus
1408 2955 1615 2999 natum
1672 2944 1959 2999 discrimen
2016 2941 2152 2996 Filii
2198 2950 2251 2997 et

662 3036 897 3107 Spiritus
949 3040 1121 3093 sancti
1167 3026 1402 3107 agnoicit
1440 3080 1455 3104 ,
1518 3041 1607 3092 sed
1668 3032 1828 3091 veluti
1862 3052 1927 3090 ea:
1965 3037 2079 3105 ipso
2108 3045 2161 3089 et
2196 3036 2251 3087 in

2341 1948 2483 2015 λόγῳ
2510 1946 2589 2018 τῷ
2612 1948 2754 2000 οὕτω
2785 1964 2903 2009 πως
2930 1946 3251 2017 καλουμένῳ
3290 1941 3641 2017 ’Δγκυρωτιῖῃ
3674 1948 3928 2017 Πνεῦμα

2341 2038 2533 2106 ἅγιον,
2568 2038 2752 2110 φησὶν,
2785 2039 2858 2092 οὐ
2887 2036 3299 2106 συνάδελφον,
3352 2040 3427 2092 οὐ
3469 2033 3925 2107 πατράδελφον,

2340 2128 2481 2183 ἀλλ’
2500 2129 2570 2182 ἐκ
2594 2126 2706 2196 τῆς
2741 2126 2928 2194 αὐτῆς
2959 2129 3175 2194 οὐσίας
3198 2128 3429 2196 Πατρός
3459 2128 3558 2183 καὶ
3585 2129 3722 2183 Υίοῦ
3758 2144 3773 2159 ·
3807 2132 3834 2181 ὁ
3858 2130 3927 2181 δὲ

2344 2222 2413 2274 τὰ
2448 2219 2568 2273 Beia
2605 2221 2766 2289 σοφὸς
2819 2219 3089 2291 Κύριλλος
3116 2222 3175 2272 ὲν
3218 2221 3300 2272 ἑνὶ
3330 2220 3439 2272 τῶν
3478 2219 3802 2288 κεφαλαίων
3826 2219 3927 2273 τοῦ

2292 2357 2300 2368 ,
2346 2314 2601 2382 δευτέρου
2626 2312 2772 2380 λέγει
2794 2312 2901 2366 τῶν
2928 2311 3233 2382 θησαυρῶν
3254 2328 3268 2350 ν
3296 2313 3786 2381 Νομοθετοῦντος
3808 2330 3919 2365 τοι

2348 2402 2574 2472 γαροῦν
2605 2402 2713 2456 τοῦ
2760 2402 3041 2471 Χριστοῦ,
3084 2403 3161 2467 ὡς
3196 2403 3268 2455 ἐν
3297 2400 3459 2467 αὐτῷ
3492 2402 3592 2455 καὶ
3622 2402 3690 2466 ἐξ
3734 2403 3927 2456 αὐτοῦ

2347 2491 2623 2561 φυσικῶς
2657 2492 2933 2561 ὑπάρχον
2969 2491 3038 2544 τὸ
3079 2492 3327 2561 Πνεῦμα
3358 2494 3544 2546 αὐτοῦ
3594 2492 3924 2561 νομοθετεῖ.

2348 2585 2459 2638 Καὶ
2487 2584 2649 2637 πάλιν
2700 2587 2774 2667 ἐν,
2805 2584 2949 2654 ἀλλῳ
2977 2584 3107 2654 περὶ
3143 2585 3235 2637 τοῦ
3272 2585 3583 2653 Πνεύματος
3610 2599 3626 2612 ·
3667 2583 3769 2650 Ὧς
3816 2586 3927 2653 γὰρ

2348 2676 2460 2745 τῆς
2490 2677 2709 2743 οὐσίας
2733 2677 3013 2746 ὑπάρχον
3043 2676 3157 2745 τῆς
3206 2676 3313 2731 τοῦ
3348 2676 3758 2747 χορηγοῦντος
3802 2673 3927 2743 τοῖς

2348 2769 2562 2837 ἁγίοις,
2591 2767 2849 2835 Χριστοῦ
2872 2767 3134 2835 δηλαδή.
3168 2767 3277 2823 Καὶ
3318 2770 3376 2820 ὲν
3410 2769 3583 2837 ἑτέρῳ
3608 2783 3621 2797 ·
3663 2766 3923 2835 Ἀνάγκη

2349 2861 2569 2913 λοιπὸν
2596 2861 2665 2913 ἐκ
2701 2858 2811 2925 τῆς
2845 2860 3062 2924 οὐσίας
3098 2842 3396 2927 ὑπάρχειν
3427 2858 3748 2926 ὁμολογεῖν
3772 2860 3921 2911 αὐτώ

2349 2949 2462 3018 τῆς
2512 2949 2621 3003 τοῦ
2674 2950 2813 3003 Υίοῦ
2854 2950 2950 3002 καὶ
2984 2948 3153 3013 Θεοῦ,
3215 2948 3424 3000 πᾶσαν
3458 2947 3649 3002 αὐτοῦ
3692 2946 3807 3012 τήν
3860 2962 3921 2999 τε

2349 3041 2609 3111 δύναμιν
2636 3040 2736 3093 καί
2770 3039 2885 3107 τὴν
2916 3037 3224 3107 ἐνέργειαν
3251 3038 3417 3107 ἕχον.
3453 3039 3562 3090 Καὶ
3595 3037 3660 3091 αὖ
3682 3040 3742 3091 ὲν
3775 3038 3920 3107 dli-qi

660 3128 776 3196 ipso
839 3128 1159 3181 naturaliter
1199 3129 1539 3182 exsistentem
1589 3127 1971 3181 dominationis
2035 3126 2245 3179 nomine

2351 3134 2553 3206 φησίνο
2596 3132 2896 3201 Οὑὸεμίαν
2926 3131 3041 3199 ἄρα
3087 3132 3329 3201 φύσεως
3366 3127 3532 3185 οἶδεν
3576 3135 3609 3184 ό
3676 3131 3920 3196 Παῦλος

659 3220 897 3297 insignit.
932 3216 1041 3273 Nec
1081 3233 1188 3273 non
1222 3221 1278 3273 in
1306 3220 1414 3274 alio
1448 3237 1462 3275 :
1496 3218 1676 3287 Igitur
1732 3234 1797 3271 ea:
1841 3218 2067 3271 essentia
2107 3216 2240 3271 Filii

2346 3200 2641 3295 διαφορὰν
2696 3200 2806 3292 τῆς
2863 3221 2971 3276 τοῦ
3019 3200 3154 3276 rabo
3186 3223 3283 3276 καὶ
3324 3223 3499 3291 ἁγίου
3547 3224 3915 3293 Πνεύματος,

663 3310 919 3377 Spiritus.
956 3312 1105 3365 Idem
1156 3313 1210 3365 in
1238 3310 1579 3381 expositione
1619 3310 1896 3381 Evangelii
1932 3308 2237 3365 secundum

2346 3319 2478 3374 ἀλλ’
2529 3318 2610 3384 ὡς
2638 3315 2707 3381 ἐξ
2739 3314 2929 3369 αὐτοῦ
2964 3315 3063 3368 καὶ
3098 3314 3167 3367 ἐν
3209 3313 3367 3379 αὐτῷ
3417 3313 3690 3384 φυσικῶς
3734 3315 3918 3382 ὑπάρ-

659 3403 948 3465 Joannem,
1001 3404 1055 3457 in
1087 3403 1240 3466 illud,
1294 3421 1313 3454 t
1355 3401 1478 3456 Non
1521 3403 1769 3473 loquetur
1818 3420 1851 3456 a
1883 3407 2181 3473 semetipso.
2216 3422 2234 3455 ι

2346 3429 2457 3483 χον
2486 3409 2565 3475 τῷ
2592 3407 2705 3477 τῆς
2735 3409 3087 3475 κυριότητος
3115 3408 3357 3475 ὀνόματι
3391 3406 3581 3463 καλεῖ.
3616 3409 3725 3461 Καὶ
3756 3407 3917 3460 πάλιν

664 3493 950 3560 Propterea
974 3493 1070 3546 hoc
1109 3493 1384 3557 adnezuit,
1427 3489 1654 3545 Ventura
1695 3492 2035 3545 annuntiabit
2065 3492 2242 3547 vobis:

2346 3504 2403 3554 ὲν
2434 3500 2606 3569 ἑτέρῳ
2630 3513 2647 3531 ο
2697 3496 2941 3553 Οὐκοῦν
2977 3498 3045 3550 ἐκ
3101 3497 3211 3565 τῆς
3248 3498 3479 3570 ὀὐσίας
3517 3498 3624 3552 τοῦ
3688 3500 3823 3552 Υίοῦ
3854 3504 3916 3552 τὸ

662 3583 917 3648 Prorsus,
942 3586 1133 3655 inquit,
1154 3601 1217 3640 ea:
1244 3601 1360 3639 mea
1375 3586 1601 3640 essentia
1634 3583 1864 3655 Spiritus
1886 3593 1984 3647 est,
2010 3594 2061 3639 et
2092 3586 2245 3655 quasi

2346 3592 2611 3661 Πνεῦμα.
2652 3570 2714 3645 ’ὁ
2738 3592 2900 3653 αὐτὸς
2931 3592 2989 3645 ὲν
3020 3592 3086 3661 τῇ
3120 3590 3391 3661 ἑρμηνείᾳ
3429 3590 3523 3643 τοῦ
3557 3592 3701 3643 κατὰ
3737 3592 3928 3651 ’ἰωὰ-,κε

663 3693 807 3731 ntens
841 3694 957 3731 mea
986 3686 1088 3739 est,
1120 3678 1195 3729 ita
1249 3686 1305 3729 ut
1337 3679 1608 3731 annuntiet
1654 3694 1798 3746 teque
1835 3688 1990 3747 atque
2030 3695 2122 3748 ego
2149 3678 2238 3747 fu-

2347 3702 2446 3754 νην
2475 3682 2812 3751 Εὐαγγελίου
2841 3683 2920 3744 είς
2948 3682 3027 3743 τὸ,
3066 3699 3084 3732 t
3127 3685 3208 3735 Οὐ
3234 3682 3344 3750 γὰρ
3370 3682 3635 3757 λαλήσει
3660 3682 3756 3751 ἐφ’
3775 3683 3914 3734 ἑαν-

664 3779 807 3822 tura.
860 3767 936 3821 Ex
968 3768 1053 3821 his
1081 3767 1245 3823 dictis
1274 3764 1457 3823 divini
1475 3768 1663 3838 Cyrilli
1695 3769 1903 3823 nullum
1936 3778 2055 3833 est,
2091 3769 2237 3833 quod

664 3863 1008 3931 expositione
1059 3861 1319 3931 indigeat.
1379 3860 1476 3917 His
1522 3862 1669 3916 enim
1733 3862 1989 3917 omnibus
2053 3874 2239 3932 aperte

2345 3775 2451 3829 τοῦ
2484 3789 2501 3806 ⁶
2545 3794 2565 3827 s
2624 3775 2725 3826 Διά
2763 3773 2874 3842 γάρ
2921 3790 3010 3826 τοι
3035 3770 3210 3825 τοῦτο
3240 3772 3669 3841 προστέθεικεν
3705 3774 3795 3826 ὅτι
3835 3777 3912 3829 Τὰ

2345 3867 2640 3935 ἐρχόμενα
2661 3863 2984 3934 ἀναγγελεῖ
3020 3863 3194 3933 ἡμῖν·
3229 3864 3316 3917 ὅτι
3337 3864 3413 3933 δὴ
3450 3863 3688 3931 πάντως
3712 3865 3781 3919 ἐκ
3810 3863 3917 3932 τῆς

665 3953 1078 4016 demonstravit,
1134 3951 1398 4022 Spiritum
1463 3963 1715 4008 sanctum
1761 3968 1883 4008 esse
1936 3954 2106 4008 etiam
2170 3967 2237 4007 ex

2346 3940 2494 4026 ἐμῆς
2520 3957 2739 4022 οὐσίας
2777 3956 2844 4007 τὸ
2876 3955 3122 4024 Πνεῦμα
3140 3955 3291 4019 ἐστι,
3325 3955 3423 4008 καὶ
3467 3951 3598 4009 οἷον
3622 3956 3765 4025 ἐμός
3789 3956 3917 4009 ἐστι

672 4042 989 4114 Unigenito,
1024 4043 1385 4114 Epiphanium
1423 4030 1622 4113 pietate
1650 4043 1911 4115 inclytum
1949 4045 2245 4113 prudenter

664 4152 925 4205 sequens,
953 4138 1110 4207 cujus
1140 4138 1348 4192 dictum
1372 4138 1457 4192 uti
1500 4152 1560 4193 se
1596 4136 1760 4192 habet
1794 4138 2031 4215 propriis
2060 4124 2245 4193 verbis

666 4244 830 4297 supra
866 4230 1247 4283 recitavimus.

2345 4050 2514 4117 νοῦς,
2549 4049 2631 4116 τῷ
2665 4048 2826 4117 ἐρεῖν
2864 4049 3053 4103 αὐτὸν
3073 4050 3147 4102 τὰ
3174 4048 3461 4117 ἐσόμενα,
3486 4032 3751 4116 καθάπερ
3784 4049 3913 4117 ἐγώ.

2349 4142 2573 4196 Τούτων
2626 4142 2780 4195 οὐδὲν
2812 4141 3044 4205 ούδόλως
3090 4141 3349 4211 δεόμενον
3384 4142 3685 4210 σαφηνείας
3710 4142 3851 4203 nvo,
3888 4144 3919 4193 ὁ

2353 4230 2643 4293 θεσπέσιος
2670 4226 2793 4283 εἶπε
2822 4229 3117 4298 Κύριλλος.
3152 4227 3253 4281 Διά
3300 4228 3409 4298 γάρ
3453 4228 3671 4282 πάντων
3708 4229 3891 4295 ἀπεφῇ
3907 4254 3920 4265 .

669 4334 801 4371 νατο
828 4318 1084 4391 καθαρῶς
1119 4316 1259 4374 εῖναι
1297 4320 1359 4372 τὸ
1382 4321 1541 4389 ἅγιον
1572 4320 1799 4391 Πνεῦμα
1860 4322 1970 4373 κάκ
2003 4318 2098 4395 τοῦ
2153 4320 2514 4391 Μονογενοῦς,
2576 4321 2953 4393 ἀκολουθήσας
3012 4319 3199 4383 καλῶς
3248 4318 3550 4390 Ἐπιφανίφ
3615 4317 3695 4389 τῷ
3727 4318 3919 4385 κλειτῷ

665 4411 789 4467 κατ’
808 4412 1122 4487 κεύσὲσειαν,
1140 4406 1201 4466 οὗ
1221 4410 1318 4482 τὴν
1352 4412 1509 4483 ῥῆσιν
1530 4412 1603 4475 ῶς
1625 4412 1713 4464 ἐπ’
1734 4411 1906 4481 αὐτῆς
1920 4412 2018 4482 τῆς
2043 4411 2240 4477 λέξεως
2278 4414 2391 4484 ἔχει
2418 4415 2515 4467 καὶ
2546 4411 3003 4484 προτεθείκαμεν.

734 4505 829 4559 η.
865 4504 1005 4557 Sunt
1034 4504 1393 4558 nihilominus
1417 4519 1486 4559 es
1523 4503 1849 4583 adversariis
1886 4503 2088 4558 nostris
2117 4502 2240 4572 plu-

2420 4505 2512 4576 ιβ’.
2547 4506 2737 4577 Ὅμως
2790 4507 2837 4560 δ’
2882 4506 2976 4562 οὖν
3036 4507 3141 4560 κάν
3174 4506 3388 4567 τούτοις
3432 4503 3569 4557 είσὶν
3613 4502 3747 4557 ἔνιοι
3807 4503 3916 4556 τῶν

667 4596 819 4661 rimi,
850 4596 945 4666 qui
974 4597 1312 4652 contentiose
1335 4595 1496 4650 nimis
1522 4605 1688 4666 atque
1717 4594 2083 4650 inverecunde
2113 4594 2249 4651 adeo

666 4697 946 4759 patentem
999 4687 1289 4741 veritatem
1315 4697 1654 4757 oppugnant,
1681 4685 1981 4755 dicuntque
2002 4686 2249 4741 divinum

668 4781 819 4835 hunc
845 4779 1087 4840 Patrem,
1128 4778 1432 4848 sapientem
1462 4792 1653 4847 nempe
1693 4777 1987 4849 Cyrillum,
2018 4778 2079 4833 in
2131 4778 2250 4848 ple—

668 4875 859 4944 risque
884 4873 970 4928 bis
1000 4873 1115 4927 suis
1137 4870 1298 4925 dictis
1326 4870 1630 4945 exessentia
1655 4868 1806 4935 Filii,
1843 4870 1910 4923 ad
1958 4868 2251 4939 Epiphanii

669 4976 911 5024 mentem
962 4964 1146 5033 palam
1188 4963 1593 5033 .pronuntiare,
1656 4960 1922 5015 exsistere
1983 4958 2247 5029 Spiritum

670 5066 944 5123 sanctum,
982 5056 1077 5110 sed
1129 5055 1182 5109 in
1221 5054 1420 5123 quibus
1460 5052 1724 5122 reperitur
1764 5051 1833 5106 de
1864 5050 2008 5105 Filio
2043 5064 2253 5105 sermo-

670 5165 797 5207 nem
826 5150 1027 5203 habere
1070 5162 1259 5203 rursus
1293 5148 1610 5200 naturaliter
1662 5144 1862 5199 addere
1895 5163 1909 5199 :
1956 5158 2134 5215 neque
2163 5143 2251 5197 in-

672 5241 847 5296 veniri
878 5238 1141 5309 Spiritum
1178 5246 1428 5293 sanctum
1458 5235 1779 5305 simpliciter
1811 5234 2032 5288 nonnisi
2057 5232 2247 5286 addito

672 5332 994 5389 naturaliter
1020 5332 1314 5385 decernere
1342 5343 1409 5382 ex
1440 5325 1605 5391 Filio,
1638 5334 1694 5381 et
1724 5342 1791 5380 ex
1816 5325 2055 5380 essentia
2082 5324 2249 5391 illius,

672 5425 753 5480 uti
808 5424 1014 5477 dictum
1085 5428 1208 5484 est,
1264 5420 1320 5472 in
1368 5417 1559 5488 majori
1607 5427 1764 5489 parte
1825 5418 2023 5495 horum
2074 5417 2251 5471 dicto-

670 5530 794 5572 rum
822 5515 1091 5569 enuntiat.
1137 5509 1353 5565 Scimus
1374 5524 1539 5579 porro
1568 5524 1759 5565 omnes
1782 5508 2029 5577 ejusdem
2066 5524 2253 5563 essen-

671 5608 762 5664 tia:
799 5616 959 5675 atque
1005 5612 1217 5661 natura:
1247 5604 1384 5657 citra
1418 5601 1586 5657 ullum
1627 5602 1922 5657 discrimen
1957 5617 2083 5656 cum
2109 5599 2253 5655 Filio

670 5712 794 5755 esse
822 5695 1086 5765 Spiritum
1117 5695 1389 5759 sanctum,
1418 5695 1599 5748 ethoc
1622 5707 1744 5748 esse
1774 5691 1974 5763 dogma
2014 5690 2253 5747 catholi-

673 5804 799 5846 cum
827 5789 922 5863 ab_
943 5788 1170 5857 antiquo
1203 5796 1447 5856 tempore
1477 5785 1735 5842 Ecclesiae
1763 5773 2043 5839 tradﬁum.
2087 5782 2256 5852 igitur

2353 4596 2607 4651 πλεῖστον
2639 4598 2811 4661 ἀδεῶς
2842 4597 3243 4665 ἀντικειμένων
3288 4597 3442 4665 ἡμῖν,
3496 4593 3546 4647 οἱ
3598 4592 3918 4661 φιλονείκως

2352 4688 2489 4759 πρὸς
2521 4692 2764 4760 φανερὰν
2791 4688 2965 4752 οὕτως
2991 4688 3257 4759 ἀλήθειαν
3295 4684 3724 4757 ἀναισχυντοῦσι
3755 4691 3916 4756 μαχό-

2357 4791 2531 4852 μενοί,
2566 4781 2661 4835 καί
2690 4799 2857 4850 φασιν
2879 4780 2955 4846 ὡς
2987 4782 3016 4834 ὁ
3049 4780 3191 4845 θεῖος
3226 4779 3419 4850 Πατὴρ
3474 4772 3651 4841 οὗτος,
3699 4780 3729 4831 δ
3762 4781 3915 4845 σοφλς

2351 4873 2596 4942 δηλονότι
2629 4872 2923 4944 Κύριλλος,
2955 4876 3015 4927 ὲν
3045 4873 3146 4943 μέν
3166 4889 3249 4925 τοι
3278 4872 3389 4934 τοῖς
3412 4869 3622 4924 πλείοσι
3655 4869 3765 4922 τῶν
3796 4870 3914 4922 ἑαυ-

2352 4966 2447 5017 τοῦ
2483 4966 2690 5019 τούτων
2714 4965 2901 5036 ῥητῶν
2957 4965 3026 5019 ἐκ
3084 4964 3195 5033 τῆς
3221 4963 3443 5027 οὐσίας
3474 4961 3579 5015 τοῦ
3616 4961 3753 5014 Υίοῦ
3785 4965 3915 5014 κατὰ

2352 5059 2444 5109 τὸν
2514 5059 2826 5128 μακαρίτην
2888 5057 3206 5125 Ἐπιφάνιον
3291 5054 3654 5121 καταγγέλλει
3712 5053 3913 5121 τρανῶς

2352 5145 2618 5216 ὑπάρχειν
2644 5145 2703 5197 τὸ
2739 5144 2962 5215 Πνεῦμα
2994 5148 3053 5199 τὸ
3081 5145 3235 5214 ἅγιον
3264 5161 3278 5176 ο
3304 5150 3361 5198 ὲν
3381 5146 3525 5207 ὅσοις
3547 5143 3590 5196 δ’
3612 5144 3911 5213 εὑρίσκεται

2354 5233 2527 5302 λέγων
2557 5236 2621 5287 ὲκ
2646 5234 2739 5287 τοῦ
2768 5235 2899 5287 Υἰοῦ
2929 5235 3088 5289 πάλιν
3108 5237 3171 5308 τιὸ
3192 5233 3467 5304 φυσικῶς
3496 5236 3673 5290 ἐκεῖσε
3707 5235 3913 5304 aspecti-

2356 5326 2516 5395 θησιν
2541 5324 2710 5396 ἠοῠὶε
2750 5326 2807 5379 δὲ
2832 5326 3084 5396 φαίνεται
3117 5326 3179 5378 τὸ
3214 5326 3439 5396 Πνεῦμα
3460 5324 3519 5377 τὸ
3550 5324 3705 5391 ἅγιον
3741 5322 3915 5384 ἁπλῶς

2352 5417 2696 5486 δογματίζων
2728 5420 2793 5471 ὲκ
2852 5418 2948 5471 τοῦ
2997 5416 3129 5470 Υίοῦ
3178 5416 3302 5487 δίχα
3346 5401 3455 5468 τοῦ
3482 5411 3776 5484 φυσικῶς,
3810 5414 3911 5465 κάκ

2354 5512 2450 5581 τῆς
2485 5510 2673 5573 οὐσίας
2711 5509 2900 5577 αὐτοῦ,
2929 5510 3179 5580 καθάπερ
3223 5508 3467 5581 είρηται,
3498 5506 3659 5559 τοῦτο
3684 5504 3914 5571 Θεολογεί

2356 5606 2468 5667 τοῖς
2488 5603 2597 5655 τῶν
2620 5602 2878 5656 τοιούτων
2904 5601 3085 5673 ῥητῶν
3118 5600 3382 5653 πλείοσιν.
3421 5600 3609 5668 Ἰσμεν
3634 5598 3691 5650 δὲ
3724 5597 3912 5657 πάντες

2357 5695 2457 5765 τῆς
2479 5694 2647 5765 αὐτῆς
2683 5682 2870 5758 οὐσίας
2909 5696 3004 5747 καὶ
3039 5710 3259 5761 φυσεως
3306 5688 3749 5762 ἀπαραλλάκτως
3779 5685 3837 5741 δν
3858 5685 3912 5738 τδ

2359 5782 2583 5853 Πνεῦμα
2640 5782 2703 5837 τὸ
2752 5782 2909 5852 ᾶγιον
2964 5780 3043 5852 τῷ
3100 5781 3234 5851 Υίῷ,
3283 5782 3379 5835 καὶ
3427 5776 3586 5832 τοῦτο
3638 5773 3913 5832 καθολικδν
