4132 6440
68 492 194 558 [85

894 493 992 556 DE
1034 492 1559 557 PROCESSIONE
1599 491 1660 552 S.
1704 487 2069 550 SPIRI'I‘US
2110 487 2335 572 ORAT.
2377 488 2466 550 II.

3187 487 3335 588 uss-

68 603 354 676 ιτειδήπερ
379 600 520 667 κατὰ
546 603 674 666 τοὺς
697 603 878 658 αὐτῶν
906 604 1132 657 ἐκείνων
1160 609 1400 674 καιροὺς,
1415 603 1634 662 ἅπαντα

1745 601 2026 655 tendentes
2079 593 2417 664 decrevisse,
2472 598 2916 668 quandoquidem
2960 615 3150 655 eorum
3201 615 3320 656 aevo

68 693 474 765 αρεισεφθάρη
516 695 586 746 τὰ
630 693 741 748 τῶν
784 696 1073 762 αίοέσεων,
1127 695 1278 765 ὅλην,
1319 695 1395 759 ὡς
1432 697 1629 762 εἰπεῖν,

68 785 359 856 ηνικαῦτα
403 785 748 849 κενώσαντες
784 787 928 839 κατὰ
962 787 1064 856 τῆς
1116 787 1382 856 ἀληθείας
1413 787 1505 840 τοῦ
1541 788 1633 856 ἐχ-

68 877 188 947 ροῦ
220 878 321 946 τὴν
356 879 646 947 φαρέτραν
679 876 872 943 αὐτοῦ,
908 880 1004 930 καὶ
1037 879 1238 940 κακίας
1286 878 1454 947 μηδὲν
1485 875 1628 940 εἶδος

74 973 188 1039 μῖν
216 968 630 1038 ὑπολιπομένου
676 967 793 1032 τοῖς
832 969 1169 1040 μεθύστερον
1223 971 1446 1040 ἀφορῶν
1492 970 1630 1040 πρὸς

68 1061 398 1126 δσσέϐειαν,
419 1061 513 1114 ἅτε
542 1061 678 1130 πρὸς
699 1062 1112 1128 ἀνταγωνιστὰς
1137 1060 1354 1130 ἔχοντος
1380 1063 1634 1132 ἰσχυροὺς

73 1153 153 1205 αὶ
186 1149 618 1221 πεφραγμένους
641 1151 728 1202 ἀεὶ
763 1155 876 1212 τοῖς
920 1151 1106 1214 ὅπλοις
1137 1154 1233 1218 τῆς
1266 1151 1527 1214 πίστεως.
1569 1150 1638 1203 Οί

73 1258 107 1294 ε
150 1241 216 1310 δὴ
243 1240 341 1292 καὶ
377 1242 616 1310 μάλιστα
640 1240 729 1293 διά
763 1241 934 1294 ταῦτα
954 1234 1193 1310 ¹βρεφῶν
1217 1240 1458 1310 τρώσεις
1489 1241 1638 1310 λογι-

68 1333 298 1400 ·ἁμενοι
325 1331 424 1395 τὰς
471 1331 669 1385 τούτου
717 1331 900 1400 βολὰς,
944 1333 1124 1389 τέλεον
1160 1332 1632 1398 καθεῖλοναύτὸν,

68 1423 155 1486 ὰς
195 1423 481 1492 μεθοδείας
511 1423 622 1474 τῶν
659 1424 925 1492 αἱρέσεων
976 1424 1167 1476 πασῶν
1197 1424 1633 1494 ἀνατρέψαντες,

68 1530 133 1576 ›ς
185 1512 391 1576 ἐξεῖναι
441 1513 677 1575 καὶτοῖς
712 1514 1196 1582 μεταγενεστέροις
1251 1515 1385 1581 ἡμῖν
1429 1515 1637 1583 ἀπροσ-

68 1587 283 1676 ,ὁπτὶος
338 1602 450 1655 ⁸ιεῶν
483 1601 662 1673 ὀρθῶν
693 1601 980 1671 δογμάτων
1009 1603 1353 1672 ἀντέχεσθαι.
1412 1603 1520 1656 Καί
1545 1621 1637 1674 μοι

66 1694 207 1745 οκεῖ
236 1690 314 1762 τῷ
346 1691 606 1762 κηδεμόνι
646 1692 804 1745 τουτὶ
844 1692 951 1746 τῶν
999 1693 1287 1763 ἡμετέρων
1325 1693 1507 1756 καλῶς
1556 1695 1638 1748 οὶ-

66 1783 437 1858 ιονομῃθῆναι
473 1783 685 1853 ψυχῶν,
737 1783 800 1836 τό
828 1800 903 1836 .τε
959 1786 1062 1854 τῆς
1110 1782 1368 1853 γνώσεως
1412 1785 1638 1848 ἀσθενές

66 1875 156 1927 ταὶ
185 1872 286 1942 τὴν
314 1873 441 1943 περὶ
489 1877 554 1926 τὰ
583 1876 797 1944 χρηστά
827 1873 1112 1945 ρᾳστὼνην
1164 1875 1320 1944 ἡμῶν
1361 1875 1637 1944 προγινώ-

66 1981 276 2018 ικοντι.
313 1964 422 2033 Καὶ
479 1964 589 2034 γὰρ
621 1965 674 2017 ετ
711 1982 795 2028 τις
831 1969 1064 2034 αἵρεσις,
1098 1966 1320 2018 ἀπέστω
1350 1966 1406 2018 δέ
1459 1965 1638 2032 τοῦτο,
1675 1947 1714 2000 Β

66 2055 225 2106 mea
243 2053 453 2133 ἀνεφύη
474 2055 611 2122 πρὸς
633 2055 692 2108 τὸ
715 2058 909 2127 παρὸν,
940 2058 992 2108 τί
1012 2055 1132 2108 ποτ’
1161 2055 1226 2109 ἂν
1254 2055 1641 2124 ἐνεδειξάμεθα

66 2149 308 2198 ἐνναῖον
330 2147 429 2199 καὶ
460 2146 912 2215 πεπαιδευμένων
939 2147 1152 2217 φρενῶν
1187 2147 1339 2211 ἀξιον
1365 2166 1378 2211 ;
1413 2149 1560 2210 ὃπως
1582 2148 1641 2201 δὲ

66 2239 359 2301 ωστάντες
398 2236 845 2310 διεμαχεσάμεθα
877 2224 1024 2309 πρὸς
1048 2240 1241 2308 αὐτὴν,
1280 2239 1454 2300 οὓτως
1488 2240 1637 2309 ἀμαέ

66 2330 170 2392 θῶς
194 2331 558 2400 παρατάξεων
599 2331 841 2399 λογικῶν
872 2331 1092 2400 ἔχοντες
1118 2347 1132 2395 ς
1165 2333 1275 2382 Καὶ
1309 2331 1477 2383 πόθεν
1507 2330 1640 2399 ἐθη-

66 2420 340 2489 ιεύσαμεν
387 2421 446 2473 τὺ
509 2423 901 2491 κεκρυμμένον
970 2423 1395 2501 ἀνιχνεὶύσαντες
1467 2422 1524 2471 ἐν
1564 2420 1642 2490 τῷ

66 2511 220 2564 Ξάθει
245 2510 340 2563 τοῦ
374 2510 689 2582 ζητήματος
718 2510 943 2582 ἀληθὲς,
975 2511 1140 2565 ὁπότε
1173 2511 1232 2564 τὸ
1261 2512 1504 2578 ἀσφαλὲς
1533 2509 1643 2562 τῶν

66 2600 340 2668 ιειμένων
365 2602 500 2670 ἡμῖν
531 2601 820 2670 δογμάτων
847 2600 916 2653 δι’
945 2599 1240 2669 ἀμέλειαν,
1283 2595 1641 2651 οὑδοπωσοῦν

66 2691 444 2760 ,πιστάμεθα;
476 2692 659 2755 καθὼς
687 2693 784 2763 τὴν
805 2693 944 2763 πρὸς
975 2693 1152 2745 ταῦτα
1181 2689 1385 2762 πολλὴν.
1409 2689 1643 2759 ἀπορίαν

66 2785 223 2858 ῇμῶν
288 2777 446 2844 οὗτος
499 2786 526 2837 δ
573 2784 1111 2853 καιρὸςάπελέγξας
1164 2784 1233 2836 τὰ
1289 2783 1385 2834 νῦν
1419 2781 1640 2844 ἔδειξεν,

66 2873 230 2944 ῇνίκα
265 2873 494 2942 μηδενὸς
549 2873 881 2942 λαληθέντος
921 2873 1149 2926 ⁴καινοῦ
1201 2875 1523 2926 παντάπασι
1582 2869 1642 2922 τὸ

66 2968 290 3038 ρρονεῖν
349 2966 752 3036 ἐσαλεύθημεν.
803 2965 914 3020 Καὶ
967 2966 1087 3019 δέον
1123 2967 1477 3028 ἀκούσαντας
1535 2964 1642 3016 τῶν

66 3057 375 3127 ιεγομένων
423 3059 692 3130 μηδαμῶς
739 3060 1084 3130 ταραχθῆναι
1119 3059 1213 3110 τὸν
1274 3059 1423 3123 νοῦν,
1470 3056 1641 3126 γινώ-

64 3168 310 3214 σκοντας
344 3152 455 3204 άπὸ
485 3151 595 3204 τῶν
623 3151 785 3204 θείων
812 3149 1048 3220 Γραφῶν
1106 3149 1206 3218 τὴν
1238 3149 1339 3217 τῆς
1380 3147 1643 3216 ἀληθείας

64 3241 390 3306 ἀνάπτυξιν,
410 3239 853 3309 ἡμεῖςτοσοῦτον
877 3241 1291 3309 κατεσχέθημεν
1323 3240 1427 3292 ὑπὸ
1445 3239 1636 3306 ζάλης,

64 3330 154 3398 ὕφ’
186 3327 252 3402 ἧς
284 3331 376 3382 καὶ
405 3330 700 3400 διέστημεν
729 3332 810 3393 είς
837 3329 994 3396 δόξας
1015 3329 1188 3392 ἀδεῶς
1209 3329 1640 3400 ἐμπεπτωκότες

64 3420 293 3486 πώλάς,
316 3420 458 3475 ὥστε
492 3422 588 3474 καὶ
613 3420 885 3491 βάλλομεν
908 3419 1194 3490 ἀλλήλους,
1230 3419 1332 3487 φεῦ
1361 3417 1462 3486 τῆς
1487 3421 1644 3471 ἀναι-

64 3512 322 3582 ςθησίαςῑ
360 3511 434 3575 ὡς
460 3511 526 3563 ἂν
557 3513 614 3563 ἐν
647 3512 963 3580 σκοτομήνῃ
989 3510 1117 3574 τινὶ,
1151 3509 1244 3562 καὶ
1274 3507 1365 3561 ὑπ’
1398 3505 1643 3575 ἀλλήλων

64 3603 405 3676 βαλλομεθα,
444 3603 582 3672 μήτε
625 3603 687 3654 τὸ
732 3601 828 3654 τοῦ
861 3601 1135 3670 δόγματος
1166 3597 1400 3668 ἀκριϐὲς
1434 3597 1640 3658 εἰδότες

64 3694 124 3758 ἐξ
158 3691 525 3760 ἀναγνώσεως
559 3691 747 3744 αὐτῶν
773 3695 883 3743 τῶν
929 3689 1091 3742 θείων
1123 3687 1380 3760 Γραφῶν,
1408 3689 1503 3739 καὶ
1537 3685 1644 3738 τῶν

64 3792 124 3842 ἐν
158 3783 582 3854 ταύταιςκίερῶν
613 3783 836 3852 λογίων,
867 3781 925 3834 εῐ
956 3781 1037 3844 τίς
1061 3799 1164 3834 που
1199 3781 1496 3850 προφέρει,
1537 3795 1647 3848 μη-

64 3878 276 3933 δοτιοῦν
313 3877 627 3940 ἐπαΐοντες,
659 3875 734 3938 ὡς
761 3874 990 3936 δικαίως
1026 3871 1423 3943 κληρώσασθαι
1455 3871 1552 3924 καὶ
1584 3870 1644 3922 τὸ

64 3969 236 4042 ῥηθὲν
263 3970 414 4037 παρά
451 3985 546 4019 του
577 3967 686 4019 τῶν
718 3966 960 4038 θύραθεν
987 3964 1259 4034 ποιητῶν,
1292 3964 1353 4017 τὸ
1386 3963 1522 4032 πρὸς
1542 3962 1644 4030 τὴν

64 4061 335 4130 ἀλήθειαν
375 4061 588 4129 ἀχρεῖοι
609 4057 813 4128 δηλαδὴ
836 4059 932 4111 καὶ
962 4052 1102 4109 εἷναι
1124 4057 1219 4109 καὶ
1254 4055 1642 4125 ὀνομάζεσθαι.

64 4149 328 4203 Τοιοῦτον
367 4150 428 4200 τὸ
457 4150 730 4219 ἡμέτερον
758 4147 855 4200 νῦν
891 4151 954 4199 ἐκ
990 4145 1290 4216 διαμέτρου
1320 4150 1432 4208 τοῖς
1467 4148 1646 4198 ἐκπα-

64 4244 182 4295 λαι.
209 4242 320 4294 Καὶ
345 4241 450 4293 οὐκ
476 4241 656 4306 ἀγνοῶ
679 4239 738 4292 τὸ
769 4237 1174 4308 προσίστασθαι
1199 4238 1408 4298 τούτοις
1429 4235 1645 4298 δοκοῦν,

64 4339 207 4405 ὅπερ
249 4331 437 4395 ἄνδτις
474 4331 637 4401 τυχὸν
686 4333 766 4394 είς
813 4308 875 4382 τὸ
928 4329 1095 4399 μέσον
1119 4329 1480 4401 προτείνειεν,
1514 4327 1590 4390 ῶς
1619 4329 1647 4380 ὁ

64 4421 196 4488 τοὺς
228 4425 368 4492 κατὰ
390 4425 483 4476 τὸν
519 4421 712 4492 καιρὸν
753 4421 966 4474 ἐκεῖνον
1015 4419 1253 4490 δύναμιν
1307 4416 1646 4488 περιζώσας,

65 4520 169 4572 καὶ
201 4518 270 4570 τά
306 4518 442 4588 πρὸς
481 4515 767 4568 εὐσέϐειαν
824 4511 1165 4574 καθοπλίσας
1202 4511 1358 4575 Θεὸς,
1389 4512 1549 4580 είπερ
1580 4507 1648 4580 ἦν

1737 694 1974 749 haereses
2004 706 2195 746 omnes
2228 691 2608 761 obrepserunt,
2629 707 2752 745 cum
2791 691 3126 755 universam,
3157 700 3216 744 ut
3247 694 3322 745 ita

1737 783 1938 844 dicam.
1973 798 2038 836 eo
2089 790 2331 850 tempore
2376 781 2637 851 adversus
2689 783 2974 834 veritatem
3009 781 3318 847 pharetram

1733 874 1947 936 daemon
1969 873 2329 938 exhausisset,
2361 874 2495 926 adeo
2533 880 2592 926 ut
2619 872 2707 926 ille
2740 872 2951 926 nullum
2981 873 3200 926 malitiae
3231 889 3322 936 ge—

1738 981 1840 1018 nus
1895 964 2055 1018 nobis
2079 961 2444 1032 postmodum
2477 961 2676 1017 futuris
2719 963 3220 1032 reliquumjecerit
3253 945 3337 1015 atl-

1738 1056 2096 1124 impietatem,
2143 1055 2272 1108 dum
2326 1070 2449 1108 cum
2498 1056 2737 1108 robustis
2777 1063 2831 1108 et
2893 1071 3108 1123 semper
3156 1055 3324 1113 armis

1740 1147 1862 1200 fidei
1899 1145 2186 1202 instructis
2217 1145 2548 1204 adversariis
2602 1146 2930 1206 decertaret,
2966 1147 3058 1218 qui
3112 1146 3194 1199 vel
3253 1161 3319 1197 eo

1739 1235 1978 1308 maxime
2012 1248 2312 1302 puerorum
2341 1235 2757 1287 'vulnera‘illius
2802 1234 2940 1286 ictus
2989 1243 3321 1302 reputantes,

1741 1322 1984 1391 funditus
2037 1339 2157 1377 eum
2215 1335 2627 1392 oppresserunt,
2689 1326 2974 1379 fraudibus
3009 1339 3061 1380 et
3113 1328 3324 1380 artibus

1741 1417 2117 1470 universarum
2140 1416 2419 1470 barcsecn
2449 1417 2676 1480 eversis,
2701 1427 2759 1470 ut
2789 1418 2901 1485 jam
2942 1419 3097 1472 nobis
3132 1435 3322 1474 eorum

1740 1509 1974 1573 posteris
2010 1508 2188 1572 liceat,
2225 1507 2428 1576 absque
2459 1509 2570 1562 ullo
2603 1508 2992 1584 impedimento
3040 1523 3202 1578 atque
3236 1516 3326 1564 in-

1741 1598 2030 1652 commodo
2060 1599 2224 1653 rectis
2240 1598 2584 1667 dogmatibus
2615 1602 2878 1664 tenaciter
2917 1601 3313 1656 adium-escere.

1741 1685 1809 1738 Et
1840 1686 1970 1738 mihi
2005 1680 2219 1740 videtur
2241 1690 2342 1742 hoc
2367 1679 2509 1743 recte
2531 1691 2849 1758 probequea
2875 1703 3183 1746 nostrorum
3207 1694 3324 1747 ani-

1742 1792 1954 1830 morum
1991 1789 2243 1834 curatore
2273 1791 2470 1835 nostra!
2499 1783 2826 1850 cognitionis
2867 1786 3323 1849 imbecillitatem,

1743 1873 1793 1919 et
1821 1867 1964 1920 circa
2000 1868 2137 1920 bona
2164 1871 2447 1938 segnitiem
2477 1873 2832 1939 praevidente,
2860 1874 2997 1928 bene
3023 1875 3322 1929 admodum

1743 1962 2058 2016 ordinatum
2125 1973 2290 2032 atque
2349 1965 2678 2020 instructum
2743 1968 2932 2035 fuisse,
2968 1979 3057 2024 -υι
3102 1971 3147 2023 si
3203 1986 3326 2040 qua:

1744 2052 1988 2118 haeresis,
2031 2057 2175 2122 quod
2214 2055 2378 2120 absit,
2409 2057 2638 2112 aliunde
2686 2059 2790 2113 hoc
2848 2061 3108 2130 temporis
3140 2063 3324 2114 exori-

1743 2153 1913 2206 retur,
1943 2151 2257 2211 suppeteret
2284 2160 2606 2213 generosum
2662 2147 2942 2216 quidpiam
2997 2159 3049 2221 et
3094 2150 3328 2204 eruditis

1744 2233 2020 2305 mentibus
2042 2234 2286 2302 dignum,
2311 2251 2419 2304 quo
2440 2236 2744 2302 copflrmati
2778 2241 3171 2308 constitutique
3204 2255 3326 2294 eam

1743 2331 2209 2392 oppugnarenius,
2242 2326 2336 2393 qui
2377 2340 2558 2378 rerum
2590 2326 3000 2383 dialecticarum
3033 2333 3324 2396 apparatu

1744 2411 2000 2466 instructi
2055 2415 2282 2469 minime
2338 2431 2554 2470 sumus.
2613 2417 2679 2471 Et
2731 2420 3002 2472 undenarn
3046 2419 3326 2472 veritatem

1744 2505 2074 2558 occultatam
2131 2507 2186 2560 in
2225 2508 2497 2577 profundo
2536 2510 2876 2577 quaestionis
2931 2511 3328 2580 investigantes

1743 2597 2063 2664 explicaturi
2103 2612 2370 2662 essemus,
2432 2601 2527 2670 qui
2559 2603 2886 2654 traditarum
2919 2602 3082 2655 nobis
3107 2601 3336 2670 dogma-

1745 2692 1858 2737 tum
1911 2686 2262 2740 securitatem
2303 2689 2372 2742 ob
2401 2690 2788 2759 negligentiam
2839 2691 2989 2754 nullo
3025 2692 3185 2744 modo
3226 2706 3322 2744 co-
3365 2752 3370 2755 _

1745 2779 2087 2852 gnoscimus,
2121 2779 2198 2832 uti
2232 2779 2508 2850 ingentem
2541 2792 2784 2836 nostram
2827 2782 2894 2836 ad
2933 2783 3131 2836 similia
3164 2784 3332 2837 insci-

1744 2871 1876 2922 tiam
1909 2871 2012 2924 lioc
2047 2878 2264 2939 tempus
2297 2887 2602 2941 coarguens
2629 2875 3044 2937 demonstravit,
3074 2875 3202 2928 dum
3231 2890 3330 2928 no-

1743 2975 1872 3014 vum
1906 2975 2016 3013 non
2071 2961 2164 3026 sit,
2200 2961 2344 3030 quod
2399 2961 2451 3014 in
2494 2977 2748 3017 sermone
2804 2964 3088 3018 hominum
3132 2963 3324 3029 fertur,

1743 3061 1798 3104 et
1832 3065 1932 3105 nos
1961 3051 2028 3104 de
2060 3059 2242 3104 mente
2273 3051 2600 3118 decidimus,
2633 3062 2686 3106 et
2715 3069 2838 3108 cum
2876 3071 3013 3124 opus
3040 3065 3329 3114 essetista-

1746 3141 1876 3212 tutis
1926 3139 2316 3210 obsequentes,
2353 3151 2410 3196 et
2442 3155 2838 3212 cognoscentes
2885 3162 2951 3200 ex
3001 3145 3205 3200 divinis
3238 3147 3333 3200 lit-

1747 3232 1880 3285 teris
1927 3232 2173 3288 veritatis
2231 3235 2653 3300 expositionem,
2705 3251 2735 3289 a
2787 3246 2966 3291 mente
3011 3253 3118 3291 non
3151 3238 3332 3292 dimo-

1745 3322 1881 3384 veri,
1940 3337 2041 3376 nos
2066 3324 2400 3376 tantumdem
2427 3323 2786 3392 opprimimur
2821 3324 3191 3388 ﬂuctuatione,
3222 3341 3330 3396 qua

1743 3415 2047 3470 scindimur
2096 3424 2149 3468 et
2194 3400 2247 3467 in
2291 3414 2491 3467 multas
2530 3413 2816 3482 opiniones
2867 3416 3127 3469 audacter
3157 3424 3212 3469 et
3270 3417 3331 3470 li-

1745 3519 1932 3579 center
1968 3507 2289 3570 incidimus,
2329 3515 2390 3558 ut
2442 3515 2658 3560 nosmet
2716 3515 2907 3560 mutuo
2957 3498 3329 3576 pe'rcutiamus

1745 3599 1876 3666 (heu
1898 3597 2224 3668 stuporem!)
2246 3599 2410 3652 veluti
2441 3598 2493 3650 in
2522 3597 2791 3666 profunda
2815 3598 3069 3667 caligine,
3089 3609 3143 3652 et
3169 3601 3332 3653 vicis-

1744 3689 1846 3744 sim
1891 3692 2286 3758 percutiamur,
2348 3702 2523 3756 neque
2561 3688 2886 3757 exquisitam
2919 3690 3188 3756 dogmatis
3238 3706 3328 3741 ra-

1745 3782 1947 3835 tionem
1981 3789 2254 3845 tenentes,
2286 3795 2408 3849 quae
2443 3780 2604 3834 nobis
2629 3795 2694 3833 ex
2749 3780 2982 3834 lectione
3013 3771 3324 3845 divina’ruin

1747 3871 2173 3941 Scripturarum,
2191 3881 2246 3925 et
2266 3887 2331 3925 ex
2362 3872 2468 3926 illis
2484 3887 2604 3941 qua:
2633 3872 2764 3926 inibi
2785 3883 2912 3926 sunt
2928 3873 3166 3941 eloquia,
3185 3889 3326 3940 sug-

1746 3964 1973 4033 geritur,
2007 3972 2061 4017 et
2094 3963 2136 4016 si
2162 3962 2287 4032 quis
2307 3962 2360 4016 in
2397 3963 2873 4032 mediumaliquid
2911 3964 3135 4032 profert,
3165 3967 3232 4018 ad
3263 3963 3329 4018 il-
3357 3969 3359 3971 ’

1747 4057 1858 4110 lum
1886 4055 2217 4109 audiendum
2247 4056 2463 4109 animos
2497 4071 2603 4109 non
2632 4056 2918 4126 erigimus,
2949 4066 3006 4110 ut
3036 4059 3228 4112 merito
3260 4059 3328 4112 de

1748 4146 1907 4200 nobis
1937 4145 2047 4199 dici
2077 4148 2272 4214 possit,
2314 4146 2458 4215 quod
2490 4161 2520 4199 a
2556 4156 2712 4215 poeta
2741 4158 2897 4201 extra
2927 4149 3132 4202 Christi
3164 4151 3329 4203 scho-

1748 4239 1853 4292 lam
1896 4239 2311 4307 pronuntiatum
2359 4247 2465 4303 est,
2503 4239 2571 4293 ad
2609 4239 2891 4298 veritatem
2915 4244 3333 4310 agnoscendain

1748 4328 1964 4398 ineptos
2005 4343 2107 4383 nos
2135 4329 2345 4384 scilicet
2378 4345 2502 4384 esse
2532 4343 2587 4384 et
2630 4333 2937 4400 nuncupari
2969 4331 2992 4384 ?
3021 4331 3113 4386 Sic
3145 4346 3349 4387 unsrer.

1752 4421 1840 4476 hic
1875 4430 1928 4476 et
1957 4422 2217 4494 antiquits
2244 4431 2418 4476 status
2441 4423 2789 4489 et.conditio,
2822 4425 3232 4493 perpendiculo,
3254 4426 3330 4477 uti

1751 4515 1928 4579 aiunt,
1981 4512 2124 4566 inter
2178 4528 2237 4568 se
2286 4513 2516 4568 distant.
2572 4513 2681 4569 Nec
2713 4531 2799 4569 me
2827 4515 2976 4578 latet,
3009 4518 3152 4584 quod
3183 4517 3332 4585 ipsos

65 4611 228 4681 χρεία
265 4610 360 4661 κα¹ι
391 4607 533 4660 κατά
553 4605 611 4657 τὸ
633 4602 808 4674 παρὸν
836 4603 1096 4656 τοιούτων
1117 4601 1330 4672 ἀνδρῶν
1364 4602 1644 4671 μεγάλων,

1752 4605 2046 4658 obfirmare
2103 4604 2339 4668 videtur,
2372 4615 2427 4658 et
2466 4605 2612 4674 quod
2656 4621 2937 4661 nonnemo
2983 4607 3036 4660 in
3095 4608 3330 4660 medium

64 4705 98 4754 ὁ
125 4701 287 4762 αὐτὸς
312 4699 534 4760 πάντως
571 4695 638 4748 ἂν
673 4695 840 4748 πάλιν
893 4693 1192 4759 ἀνέδειξεν.
1223 4691 1370 4762 Πλὴν
1401 4689 1518 4744 οῖδα
1549 4708 1647 4745 σα-

65 4791 191 4862 φῶς
232 4791 327 4843 καὶ
363 4790 444 4841 ὅτι
505 4787 758 4858 βούλεται
799 4784 1168 4857 προηγεῖσθαι
1215 4783 1471 4852 σώφρονα
1509 4782 1646 4852 βίον,

65 4877 150 4944 οἷς
179 4881 373 4950 μέλλει
402 4878 501 4949 τὴν
531 4877 729 4931 ἑαυτοῦ
759 4877 920 4948 χάριν
951 4874 1517 4946 ἐπιδαψιλεύσασθαι,
1553 4875 1650 4927 καὶ

72 4973 295 5042 σεμνόν.
332 4970 536 5024 Τούτου
568 4970 625 5023 δέ
668 4971 772 5022 κᾶν
827 4970 876 5021 si
931 4969 1030 5021 καὶ
1055 4968 1119 5020 τὸ
1162 4968 1337 5037 πέρας
1376 4966 1436 5031 ἐξ
1483 4965 1648 5018 αύτοῦ

71 5067 182 5127 τοῖς
226 5063 472 5134 μετιοῦσι
505 5061 868 5134 βραϐεύηται,
900 5063 1034 5123 τέως
1067 5061 1112 5114 δ’
1137 5060 1230 5115 οῦν
1259 5061 1321 5114 τό
1355 5077 1416 5127 γε
1442 5061 1649 5129 κατάρ-

72 5157 268 5224 ξασθαι
297 5155 599 5224 προθύμως
623 5155 723 5222 τῆς
752 5155 1150 5224 προαιρέσεως,
1184 5152 1250 5223 ἢν
1281 5153 1482 5204 ἐκείνοι
1515 5169 1650 5222 κτη-

74 5248 327 5313 σάμενοι,
369 5245 572 5314 μᾶλλον
609 5245 667 5296 δὲ
706 5243 1156 5313 πεπλουτηκότες
1189 5242 1333 5306 κατά
1361 5241 1518 5303 Θεὸν,
1555 5242 1650 5293 ἐπὶ

71 5339 233 5389 τόσον
263 5336 465 5406 ἀρετῆς
496 5330 634 5405 ἧκον
663 5334 764 5404 τὴν
811 5334 1077 5404 πρόθεσιν
1104 5333 1271 5385 αὑτοῦ
1320 5330 1649 5384 τελειώσανο

73 5445 185 5490 τος,
217 5427 290 5488 ὼς
348 5429 442 5480 καὶ
493 5426 676 5495 λύχνοι
709 5425 896 5478 λοιπὸν
921 5424 1265 5496 χρηματίσαι
1301 5410 1650 5494 περιφανεῖς,

73 5521 235 5586 λόγον
264 5519 409 5586 ζωῆς
439 5504 612 5570 ἀπασι
646 5519 756 5580 τοῖς
783 5517 970 5579 ἀλλοις
1014 5516 1308 5585 ἐπέχοντες
1331 5533 1344 5547 ·
1383 5508 1446 5568 οὗ
1486 5516 1651 5585 χάριν

78 5619 172 5669 καὶ
199 5617 296 5685 τῆς
321 5615 529 5668 ἀνωθεν
557 5615 747 5683 σοφίας
775 5595 982 5676 αὐτοὺς
1023 5615 1051 5666 ό
1097 5614 1258 5682 μόνος
1312 5612 1475 5679 σοφὸς
1510 5611 1654 5662 κατά

81 5705 241 5772 φύσιν
274 5703 560 5774 ἐνέπλησε,
598 5703 667 5756 δι’
720 5698 786 5774 ἦς
829 5703 923 5757 τοῦ
969 5703 1146 5756 δολίου
1199 5704 1296 5756 καὶ
1340 5703 1651 5775 ἀρχεκάκου

79 5798 371 5866 δράκοντος
403 5795 802 5859 καταϐαλόντες
830 5797 900 5848 τά
926 5793 1397 5865 πανουργεύμιτα
1425 5793 1518 5844 κα)⁸
1553 5792 1654 5856 τὰς

85 5888 356 5955 μηχανὰς,
385 5884 528 5953 λέγω
556 5887 660 5948 τὰς
689 5886 1041 5948 παντοδαπάς
1065 5886 1332 5954 αἱρέσεις,
1359 5882 1426 5946 ἀς
1461 5881 1652 5953 ἐξεῦρε

1753 4694 1893 4750 forte
1946 4694 2289 4763 produxerit,
2341 4696 2597 4750 eumdem
2655 4712 2850 4765 nempe
2907 4698 3107 4766 ipsum,
3139 4699 3232 4766 qui
3266 4713 3333 4750 eo

1754 4798 1996 4854 tempore
2027 4787 2152 4842 illos
2183 4787 2511 4842 fortitudine
2541 4788 2946 4852 circumcinxit,
2983 4798 3036 4842 et
3065 4789 3129 4842 ad
3164 4790 3334 4854 pieta-

1725 4888 1858 4933 ἰείη
1891 4882 2128 4934 armavit
2159 4881 2351 4946 Deum,
2383 4882 2428 4934 si
2466 4883 2521 4934 in
2552 4882 2807 4950 praesenti
2835 4882 2998 4935 etiam
3032 4883 3332 4935 necessitas

1754 4980 1994 5040 urgeret,
2017 4980 2073 5026 et
2108 4973 2380 5027 similibus
2415 4966 2630 5043 magnis
2658 4973 2972 5028 hominibus
3004 4989 3141 5042 opus
3191 4984 3337 5028 esset

1752 5065 1975 5117 omnino
2031 5064 2230 5132 iterum
2282 5075 2859 5120 commonstraturum.
2923 5069 3171 5120 Attamen
3218 5067 3339 5135 pla-

1753 5170 1822 5208 ne
1850 5156 1968 5224 ipse
1995 5161 2148 5221 novi,
2183 5157 2345 5211 vitam
2383 5159 2729 5226 prudentem,
2777 5166 2832 5212 et
2863 5175 2890 5211 a
2935 5161 3078 5213 vitiis
3111 5173 3334 5212 vacuam

1754 5247 1949 5315 praeire
2008 5263 2233 5303 necesse
2285 5264 2408 5303 esse
2457 5250 2510 5302 in
2564 5250 2694 5314 illis,
2746 5251 2968 5319 quibus,
3008 5251 3126 5317 ejus
3160 5261 3336 5318 gratia

1755 5337 2035 5392 afﬂuenter
2064 5340 2414 5393 concedenda
2451 5351 2556 5395 est.
2613 5340 2786 5408 Hujus
2821 5351 3000 5394 autem
3039 5341 3158 5393 finis
3215 5341 3338 5392 licet

1755 5427 2146 5483 exercentibus
2175 5429 2426 5493 dedatur,
2468 5431 2831 5484 nihilominus
2873 5441 3123 5498 prompto
3154 5431 3338 5482 animo

1756 5519 2023 5588 propositi
2081 5521 2516 5588 aggressionem,
2571 5535 2693 5574 cum
2759 5520 2833 5572 illi
2888 5520 3123 5574 Numine
3174 5519 3338 5570 etiam

1755 5624 1916 5677 opem
1957 5609 2166 5664 ferente
2197 5615 2416 5664 abunde
2453 5613 2848 5680 possedissent,
2893 5613 2945 5664 in
2989 5619 3197 5663 tantum
3230 5611 3340 5659 vir-

1758 5702 1890 5755 tutis
1941 5716 2258 5770 pervenere,
2289 5702 2581 5757 consilium
2635 5705 2928 5772 providens
2975 5702 3338 5763 absolventes.

1761 5803 1818 5846 ut
1845 5803 1900 5846 et
1957 5793 2192 5848 lucernae
2233 5792 2288 5846 in
2323 5805 2599 5862 posterum
2652 5796 3080 5862 praeclarissima:
3111 5792 3345 5845 exslilc‘

1763 5885 1893 5950 rint,
1933 5886 2053 5940 vita:
2094 5885 2360 5939 rationem
2410 5885 2531 5940 aliis
2563 5887 2817 5941 omnibus
2857 5887 3337 5951 eiliibentes,pro-
