4132 6434
137 403 280 468 1193

989 420 1090 482 DE
1125 421 1644 487 PROCESSIONE
1685 428 1746 488 S.
1790 427 2150 492 SPIRITUS
2189 430 2410 493 ORAT.
2456 433 2541 494 II.

3244 437 3383 500 1134

127 513 339 579 ψαντες
380 515 434 568 ετ
465 535 516 570 τι
552 519 714 589 ῥητὸν
741 523 850 578 τῶν
894 528 1045 598 παρὰ
1079 529 1307 602 γνώμην
1347 534 1552 598 αὐτοῖς,
1587 536 1708 597 ταῖς

1810 535 2078 592 derate‘et
2116 537 2364 604 licenter,
2397 540 2492 596 sed
2523 539 2629 595 alia
2655 555 2876 612 quoque
2906 542 3140 612 plurima
3189 547 3384 610 turbu.

124 602 188 656 δὲ
226 605 480 662 τοιοῦτον
537 610 726 680 ἕτερον
763 617 900 687 πρὸς
955 619 1017 672 τὸ
1070 621 1261 674 δοκοῦν
1294 625 1508 690 τούτοις
1543 644 1712 697 μετα-

127 697 492 767 ποιήσαντες,
531 697 606 757 ὦν
639 705 918 772 ἁπάντων,
951 710 1028 772 ὡς
1069 712 1334 784 ἐφικτὸν,
1358 719 1496 780 κατά
1529 719 1713 788 χώραν

132 787 550 859 μνησθήσομαι.

205 1058 313 1132 κβ’.
349 1062 456 1116 Καὶ
480 1062 534 1116 τί
576 1063 721 1134 λέγω
763 1069 894 1138 περὶ
922 1064 997 1124 ὧν
1032 1075 1384 1146 μετέγραψαν
1419 1077 1621 1148 βίϐλων
1654 1082 1713 1137 ἐν

127 1153 248 1210 τοῖς
278 1153 490 1208 ἑαυτῶν
513 1154 736 1240 ἔκαστοι
758 1159 866 1211 τῶν
891 1162 1297 1234 διαληφθέντων
1323 1173 1556 1240 καιροῖς,
1579 1173 1712 1229 ὅπου

130 1255 199 1307 γε
229 1241 442 1296 τούτων
473 1245 655 1298 αὐτῶν
676 1234 808 1303 ἔνιοι
831 1251 926 1303 καὶ
961 1254 1069 1306 τῶν
1117 1257 1181 1309 ἐκ
1210 1259 1438 1312 παλαιοῦ
1470 1261 1712 1333 γεγραμ-

134 1332 317 1399 μένων
351 1333 661 1406 ὁλοσχερῶς
700 1339 800 1393 ούκ
828 1342 1158 1411 ἐφείσαντο;
1198 1348 1321 1402 Τῶν
1360 1332 1617 1406 τοιούτων
1653 1332 1710 1406 δ’

131 1423 330 1487 ἁπλῶς
359 1425 507 1480 ἔστιν
534 1428 599 1492 ἃς
639 1429 857 1498 ἔξεσαν,
903 1437 1028 1490 τινὰ
1071 1439 1479 1508 μεταϐαλόντες
1510 1447 1620 1500 τῶν
1653 1450 1711 1502 ἐν

130 1515 355 1580 αὐταῖς,
409 1520 544 1574 ἄλλα
570 1521 615 1574 δ’
669 1523 738 1577 αὖ
775 1524 1098 1601 ἐκϐαλόντες
1147 1533 1413 1590 τοτέλεον.
1457 1538 1565 1590 Καί
1621 1555 1711 1608 μοι

131 1613 341 1673 παντὸς
371 1612 465 1664 τοῦ
494 1615 653 1684 λόγου
689 1619 992 1690 μαρτύριον
1029 1623 1281 1693 ἀψευδὲς,
1310 1628 1450 1700 ὅπερ
1483 1633 1718 1701 γενόμε-έ·

135 1717 303 1771 μενον
341 1703 428 1772 ἐφ’
467 1705 626 1782 ἡμῶν
681 1709 1090 1780 ἀναπέφανται.
1137 1716 1257 1769 Τῶν
1291 1719 1569 1789 ἀρχόντων
1599 1722 1710 1793 γὰρ

127 1793 276 1862 ἀνήρ
308 1811 391 1858 τις
422 1796 536 1850 τῶν
569 1799 1071 1869 ὲκκλησιαστικῶν,
1102 1807 1467 1879 ἀντεχόμενος
1501 1814 1704 1883 κομιδῆ

127 1882 200 1935 τὰ
224 1885 417 1954 πρῶτα
444 1886 535 1939 τοῦ
572 1863 894 1960 σχίσματος,
917 1895 1009 1948 τὸν
1029 1863 1130 1966 μὲν
1155 1899 1212 1951 ἐν
1237 1863 1464 1964 ’τούτοις
1481 1863 1708 1974 βαθιμδν,
1737 1863 1787 1923 Β

127 1975 229 2027 καὶ
264 1976 367 2046 τὴν
398 1978 550 2044 τάξιν
576 1981 636 2032 ού
666 1981 982 2049 πολλοστὸς,
1021 1987 1126 2040 κᾶν
1156 1990 1269 2050 τοῖς
1307 1989 1485 2060 λόγοις
1514 1994 1571 2047 δὲ
1602 1997 1711 2050 τῶν

127 2065 434 2123 δοκούντων
491 2065 576 2132 εἷς
614 2074 1058 2144 γνωριζόμενος,
1109 2080 1345 2151 ἀρχαίαν
1375 2100 1434 2136 τε
1463 2085 1558 2138 καὶ
1591 2086 1709 2151 ἀξι-

127 2156 358 2210 έπαινον
403 2160 586 2214 δέλτον
617 2163 692 2226 ὡς
725 2166 947 2235 ἀληθῶς
1005 2170 1101 2241 τοῦ
1130 2172 1432 2228 Νυσσαέων
1476 2176 1709 2248 ἔχουσαν

127 2245 433 2318 Γρηγορίου
469 2255 1119 2329 συγγράμματα,διχόθεν
1151 2279 1212 2316 το
1241 2245 1710 2331 παντελῶς-ἀδιά-

124 2336 327 2408 ϐλητον
389 2347 756 2418 κεκτημένην,
785 2353 880 2402 καὶ
931 2351 992 2403 τὸ
1053 2355 1268 2423 πιστὸν,
1315 2357 1378 2411 ἐκ
1419 2377 1476 2414 τε
1507 2361 1708 2435 δηλαδὴ

123 2428 221 2481 τοῦ
268 2432 571 2487 ἀπταίστου
601 2440 696 2491 καὶ
737 2440 837 2510 τῆς
866 2442 978 2496 τῶν
1035 2428 1704 2524 ἡμερῶνπαλαιότητοςί

114 2521 334 2593 ’ταύτην
388 2524 516 2594 γοῦν
553 2529 579 2580 ὁ
614 2532 858 2596 τοιοῦτος
897 2537 1018 2590 κατ’
1057 2541 1231 2610 ἀρχὰς
1290 2543 1389 2613 τῆς
1424 2521 1708 2610 διενέξεως

127 2616 354 2687 μετιὼν,
379 2619 452 2684 ὡς
486 2622 566 2684 είς
593 2622 692 2692 τὴν
737 2625 945 2683 ἄνωθεν
998 2633 1320 2689 ἐκτεθεῖσαν
1348 2637 1442 2689 τοῦ
1493 2638 1708 2710 Πέτρδς

125 2711 290 2780 ῥῆσιν
325 2715 655 2785 κατήντησε,
693 2717 858 2788 ζῆλόν
907 2739 1032 2776 τινα
1080 2727 1175 2780 καὶ
1219 2729 1381 2791 αὐτὸς
1420 2733 1468 2784 εἰ
1496 2733 1590 2785 καὶ
1628 2735 1704 2806 μὴ

126 2803 251 2868 κατ’
302 2806 601 2876 ἐπίγνωσιν
653 2810 800 2881 σχὼν
833 2811 985 2878 ἔξεσε
1021 2818 1120 2887 τὴν
1172 2821 1264 2873 ἐπὶ
1292 2823 1384 2876 τοῦ
1416 2825 1546 2878 Υἰοῦ
1569 2832 1706 2884 κει.

130 2895 301 2965 μένην
330 2889 403 2951 ’ἐκ
427 2900 710 2969 πρόθεσιν,
735 2902 803 2974 ἢν
836 2906 1150 2975 ἐντυχόντες
1179 2911 1365 2965 πολλοὶ
1389 2918 1453 2985 τῇ
1483 2918 1706 2991 τοιαύτῃ

129 2986 440 3060 δογματικῇ
490 2991 657 3063 βίϐλῳ
693 2995 752 3046 τὸ
789 2999 940 3065 πρὶν,
978 3000 1202 3064 οίκείοις
1245 3003 1553 3074 ὀφθαλμοῖς
1607 2986 1703 3079 £7:

124 3081 524 3152 γεγραμμένην
572 3085 788 3154 τρανῶς
841 3089 1018 3163 ταύτῃ
1054 3094 1398 3165 κατείδομεν,
1453 3100 1549 3154 καὶ
1594 3104 1695 3171 τῆς

1815 625 1947 681 lenti
2005 628 2253 684 homines
2282 630 2677 694 adulterarum,
2712 647 2776 687 ex
2809 634 2894 689 his
2949 634 3173 704 quidem
3231 639 3386 692 aure-

1802 723 2013 778 rentes.
2051 716 2094 770 si
2133 718 2263 785 quid
2294 719 2553 787 scriptum
2579 729 2727 775 esset
2766 722 2909 790 quod
2943 723 3076 791 ipsis
3097 739 3206 780 non
3246 728 3386 781 arri-

1814 806 1987 872 deret,
2011 805 2066 860 in
2097 808 2214 862 aliis
2242 810 2390 862 aliud
2413 811 2608 873 simile,
2647 821 2704 865 ut
2734 813 2849 871 illis
2883 815 3169 871 videbatur
3212 833 3384 889 appo-

1815 904 2026 960 nentes,
2059 911 2183 965 quae
2210 899 2416 963 omnia,
2450 900 2528 954 uti
2551 901 2694 957 vires
2724 906 3117 973 concesserint,
3141 913 3386 977 tempore

1815 995 2117 1056 opportuno
2144 992 2603 1051 commemorabo.

1886 1076 1979 1132 22.
2020 1075 2085 1130 Ει
2112 1079 2240 1146 quid
2268 1079 2357 1134 hic
2380 1081 2602 1150 inquam
2627 1082 3055 1155 de'transcriptis
3085 1087 3152 1141 ab
3180 1088 3385 1143 eisdem

1815 1163 1920 1218 alio
1958 1173 2121 1234 atque
2167 1167 2275 1221 alio
2312 1176 2554 1238 tempore
2583 1173 2975 1240 voluminibus,
3007 1176 3135 1230 dum
3192 1191 3382 1232 eorum

1815 1250 2198 1313 nonttulli"nec
2220 1260 2288 1313 ab
2316 1260 2442 1326 illis,
2481 1277 2602 1332 quae
2627 1264 2696 1317 ab
2721 1267 2947 1334 antiquo
2979 1275 3222 1335 tempore
3250 1284 3386 1324 exa-

1814 1354 1930 1399 rata
1960 1356 2137 1413 erant,
2199 1363 2395 1407 manus
2420 1353 2855 1409 abstinuerunt?
2889 1358 2943 1412 in
2978 1359 3178 1428 quibus
3215 1362 3385 1416 multa

1813 1448 2122 1504 eraserunt,
2158 1439 2284 1496 aliis
2316 1440 2436 1497 loco
2464 1457 2654 1498 eorum
2688 1447 3011 1516 suppositis,
3053 1451 3384 1518 quibusdam

1813 1529 1975 1583 etiam
2026 1545 2254 1600 prorsus
2304 1535 2545 1590 abolitis.
2605 1536 2669 1590 Et
2694 1537 2899 1593 dictum
2936 1557 3116 1594 meum
3168 1542 3386 1598 abunde

1811 1620 2122 1682 confirmat.
2160 1624 2305 1692 quod
2366 1634 2554 1680 nostra
2608 1628 2709 1682 hac
2765 1637 2922 1684 aetate
2969 1630 3178 1691 factum
3215 1632 3387 1689 fuisse

1810 1721 2150 1779 compertum
2184 1723 2287 1768 est.
2320 1712 2397 1769 Ex
2450 1718 2791 1787 principibus
2831 1722 2974 1774 enim
3038 1723 3167 1778 viris
3212 1726 3386 1780 eccle-

1810 1802 2050 1858 siasticis
2078 1819 2240 1869 unus,
2269 1807 2504 1875 primum
2536 1811 2755 1878 quidem
2787 1813 3071 1868 scliismati
3103 1831 3265 1884 quam
3290 1819 3386 1871 ad-

1814 1880 2169 1959 dictissimus,
2199 1898 2292 1951 sed
2324 1899 2500 1965 gradu
2538 1909 2591 1954 et
2636 1902 2830 1957 ordine
2859 1904 3000 1959 inter
3024 1921 3117 1960 eos
3150 1910 3384 1964 unus-de

1814 1985 2024 2053 multis,
2059 1988 2161 2044 etsi
2194 1988 2248 2043 in
2281 1991 2493 2046 dicendi
2542 2001 2659 2047 arte
2686 2009 2795 2049 non
2833 1996 3118 2065 imperitus
3149 2000 3382 2056 habere-

1815 2085 1922 2140 tur,
1951 2079 2204 2132 volumen
2232 2081 2364 2136 satis
2400 2091 2674 2138 vetustum
2706 2096 2761 2139 et
2786 2102 2910 2143 vere
2927 2092 3382 2160 commendabile,

1813 2162 2062 2236 Gregorii
2092 2166 2324 2238 Nysseni
2373 2177 2798 2231 commentarios
2819 2181 3128 2245 continens,
3177 2181 3381 2252 duplici

1813 2269 1878 2308 ex
1917 2258 2092 2328 capite
2129 2259 2263 2312 nulli
2301 2260 2590 2337 calumniae
2637 2265 2960 2332 obnoxium,
2987 2277 3039 2323 et
3067 2265 3227 2325 ﬁdem
3275 2272 3380 2326 sibi

1813 2347 2189 2402 inconcussam
2217 2351 2480 2416 retinens,
2513 2354 2656 2421 quod
2689 2357 2854 2413 nullis
2889 2360 3103 2414 mendis
3124 2370 3270 2416 esset
3300 2363 3383 2416 in—

1813 2453 2085 2509 spersum,
2114 2449 2169 2495 et
2197 2451 2467 2501 vetustate
2517 2449 2781 2518 temporis
2824 2460 2969 2504 esset
2997 2454 3380 2523 conspicuum.

1813 2534 1929 2587 Hoc
1959 2532 2123 2603 igitur
2158 2535 2247 2589 ille
2279 2535 2332 2589 in
2378 2539 2652 2608 principio
2697 2541 2912 2598 dissidii
2950 2559 3295 2613 percurrens,
3321 2559 3383 2605 ut

1812 2626 1883 2678 ad
1909 2639 2074 2693 supra
2135 2626 2411 2681 laudatum
2456 2629 2634 2687 Patris
2688 2634 2894 2688 dictum
2935 2642 3205 2705 pervenit,
3261 2642 3380 2697 zelo

1809 2716 2046 2784 quodam
2081 2716 2359 2787 abreptus,
2413 2723 2516 2776 etsi
2579 2739 2683 2778 non
2739 2727 3037 2783 secundum
3076 2732 3381 2797 scientiam,

1807 2806 2343 2878 erasitprmpositam
2401 2809 2540 2866 Filio
2570 2801 3012 2884 praepositionem
3071 2835 3158 2886 ex,
3216 2837 3383 2892 quam

1808 2904 1966 2950 antea
2019 2899 2266 2969 plerique
2312 2911 2557 2957 nostrum
2593 2906 2648 2959 in
2680 2907 2773 2960 illo
2798 2908 3110 2978 dogmatico
3150 2921 3380 2969 tractatu

1805 3000 1930 3044 cum
1962 2988 2214 3044 volumen
2253 2991 2657 3051 involveremus
2689 3002 2922 3067 propriis
2961 2992 3136 3059 oculis
3186 3020 3382 3060 exara-

1809 3086 1915 3132 tam
1939 3082 2226 3150 perspicue
2283 3097 2765 3156 conspexeramus,
2798 3101 2852 3146 et
2897 3094 2965 3147 ah
2997 3096 3208 3166 integro
3237 3099 3383 3157 dicto

123 3171 254 3241 ὅλης
291 3175 502 3242 ρήσεωτ
542 3178 816 3244 ἀποξέσας
845 3182 943 3250 τὴν
976 3184 1044 3237 ἐκ
1074 3185 1284 3256 ἀφῆκεν
1319 3190 1488 3260 αὐτὴν
1523 3193 1701 3258 οὕτως

1803 3185 1870 3224 ex
1901 3171 2152 3238 eradens,
2213 3180 2540 3234 sententiam
2572 3181 2644 3235 ita
2696 3183 2801 3255 legi
2837 3187 3053 3258 reliquit
3085 3208 3098 3244 :
3149 3190 3382 3258 Spiritus

123 3267 601 3333 ἀναγινώσκεσθαι
626 3287 639 3301 ·
676 3273 747 3326 Τὸ
775 3273 842 3326 δὲ
873 3275 1048 3344 ἅγιον
1075 3279 1322 3349 Πνεῦμα
1367 3283 1465 3336 καὶ
1499 3284 1566 3337 ἐκ
1593 3284 1701 3338 τοῦ

122 3359 355 3424 Πατρός
381 3361 640 3431 λέγεται,
672 3364 773 3418 καὶ
799 3368 907 3420 τοῦ
957 3368 1096 3424 γ’ίοῦ
1126 3366 1281 3425 εἶναι
1316 3387 1700 3444 πρεσμαρευο

111 3450 329 3516 ρεῑται.
363 3453 472 3506 Kal.
501 3454 619 3507 τότε
656 3458 757 3525 μὲν
797 3458 1195 3530 διαφερόμενος
1235 3460 1390 3529 οὗτος
1422 3456 1554 3536 ἡμῖν
1583 3471 1701 3538 ἐχό-

123 3558 263 3610 μενα
301 3544 399 3610 τῆς
427 3545 620 3598 ἐαυτοῦ
650 3549 882 3619 γνώμης
911 3555 1244 3621 είργὰσατο·
1290 3557 1384 3610 τοῦ
1413 3559 1604 3627 χρόνου
1640 3561 1698 3614 δέ

119 3630 423 3699 προϊόντος,
466 3633 657 3705 ἐπειδὴ
715 3640 1051 3713 μεθύστερον
1080 3627 1433 3716 τῆςείρήνης
1479 3651 1698 3715 ἐγένετο

118 3723 212 3772 καὶ
244 3721 426 3787 αὐτὸς,
478 3719 564 3776 οἷα
601 3726 971 3798 πληττόμενος
1009 3733 1116 3786 ὑπὸ
1144 3735 1240 3788 τοῦ
1274 3738 1594 3803 συνειδότος,
1619 3739 1696 3803 ὡς

115 3811 284 3877 ἔοικε,
316 3814 377 3866 τὸ
420 3815 673 3871 τελεσθὲν
701 3822 1079 3893 ἀπεκάλυψεν.
1127 3828 1346 3896 Ἀμέλει
1400 3831 1696 3899 τοιγαροῦν

115 3903 213 3955 καὶ
243 3901 581 3973 ζητήσαντες
614 3911 897 3979 ἐπιμελῶς
928 3915 1030 3983 τὴν
1083 3915 1266 3986 βίϐλον
1294 3921 1477 3988 ἡμεῖς,
1506 3922 1695 3991 ὄμμα-

118 4007 203 4043 σιν
253 3994 434 4056 αὐτοῖς
489 3996 859 4069 ἑωράκειμεν,
906 4004 1045 4073 ὅπερ
1093 4006 1230 4076 ἀκοῇ
1284 4009 1691 4080 παρελάϐομεν.

115 4085 228 4136 Καὶ
255 4084 412 4156 νῦνή
458 4088 558 4156 μὲν
589 4090 794 4159 δέλτος,
841 4092 916 4158 ὡς
969 4097 1141 4161 εἰκὸς,
1194 4099 1347 4170 μένει
1383 4103 1478 4155 καὶ
1528 4105 1693 4157 καθέ·

117 4191 284 4244 στηκε
323 4179 459 4250 παρ’
491 4183 626 4250 ἡμῖν
648 4184 741 4236 τὸν
770 4187 937 4261 τόπον
967 4189 1066 4258 τῆς
1097 4189 1167 4243 ἐκ
1215 4175 1528 4261 προθέσεως
1575 4195 1694 4259 ἐξε-

114 4268 310 4334 σμένον
340 4271 435 4321 καὶ
491 4273 648 4324 κενὸν
682 4257 924 4344 φέρουσα
949 4294 962 4306 ·
991 4257 1061 4331 τὰ
1089 4280 1145 4332 δέ
1166 4297 1229 4350 γε
1257 4257 1351 4350 τῆς
1384 4257 1692 4358 ύποθέσεως

113 4358 494 4427 σημειωθέντα
527 4368 715 4436 γραφῇ
770 4368 1048 4439 παρεδόθη
1079 4374 1219 4426 κατὰ
1255 4373 1551 4441 διάγνωσιν
1596 4379 1692 4432 καὶ

110 4451 290 4520 κρίσιν
316 4454 622 4526 συνοδικὴν,
656 4458 807 4522 ὅπως
858 4461 923 4514 ἂν
951 4461 1126 4530 ἔχοιεν
1171 4463 1370 4518 εἰδέναι
1401 4465 1468 4519 δι’
1512 4468 1690 4536 ἀσφά-

1803 3280 1919 3318 ινενο
1944 3277 2158 3322 sanctus
2189 3281 2236 3322 et
2260 3286 2323 3323 ex
2356 3269 2522 3326 Patre
2551 3275 2770 3340 dicitur,
2800 3287 2850 3332 ει
2883 3279 3013 3336 Filii
3043 3300 3153 3338 esse
3184 3289 3384 3340 astrui-

1802 3362 1908 3409 tur.
1938 3355 2005 3408 Et
2029 3366 2140 3412 tum
2176 3374 2206 3413 a
2239 3361 2393 3417 nobis
2426 3363 2516 3418 ille
2544 3365 2816 3424 diSSidens
2844 3386 2959 3426 sua:
2992 3376 3234 3444 opinioni
3260 3394 3384 3446 per-

1807 3451 2155 3505 accommoda
2241 3459 2588 3522 pertentavit.
2655 3459 2758 3515 Sed
2827 3464 3075 3521 elabente
3139 3480 3381 3541 tempore

1800 3539 2054 3595 unionem
2090 3544 2391 3615 amplexus,
2429 3557 2483 3603 et
2507 3553 2870 3620 conscientia,
2905 3560 2980 3612 uti
3012 3576 3108 3628 par
3151 3577 3251 3626 est,
3288 3581 3378 3620 ve-

1797 3642 1978 3700 xatus,
2008 3633 2208 3691 factum
2239 3639 2514 3696 revelavit.
2562 3643 2743 3709 Quare
2796 3663 2898 3704 nos
2951 3650 3243 3723 diligenter
3283 3673 3377 3712 vo-

1798 3722 2006 3781 lumine
2035 3729 2369 3798 couquisito,
2411 3733 2543 3801 ipsis
2588 3737 2764 3793 oculis
2815 3722 3173 3810 inspexi-nus,
3228 3748 3376 3815 quod

1800 3813 1988 3868 auditu
2023 3830 2512 3885 usurpaveramus.
2551 3823 2617 3876 Et
2648 3839 2796 3878 nunc
2851 3830 3127 3894 volumen,
3168 3813 3377 3886 uti-ad-

1797 3903 1971 3972 decet,
2001 3907 2268 3975 persistit,
2325 3919 2378 3964 et
2439 3926 2802 3971 conservatur
2830 3919 2973 3986 apud
3028 3936 3160 3984 nos,
3193 3923 3373 3976 locum

1795 4005 1859 4042 ex
1891 3995 2294 4063 praepositionis
2324 4013 2542 4054 erasum
2580 4018 2927 4073 vacuumque
2955 4009 3209 4066 deferens
3242 4032 3254 4068 :
3291 4019 3371 4070 rei

1796 4092 1976 4138 autem
2016 4098 2397 4156 argumentum
2432 4093 2804 4162 obsignatum,
2837 4101 3086 4175 examine
3130 4115 3184 4158 ct
3230 4106 3372 4175 judi-

1797 4173 1881 4229 cio
1915 4178 2172 4244 synodico
2203 4180 2423 4250 scriptis
2459 4185 2722 4240 traditum
2743 4199 2841 4254 est,
2877 4201 2934 4244 ut
2961 4173 3167 4261 posteri
3197 4173 3264 4252 ob
3287 4200 3372 4254 sui

1795 4267 2139 4323 securitatem
2197 4271 2315 4327 hac
2356 4274 2492 4343 ipsa,
2533 4277 2608 4335 uti
2641 4290 2862 4348 peracta
2908 4295 3058 4350 sunt,
3114 4303 3371 4360 recognoo

1795 4372 1950 4414 scere
1982 4363 2222 4432 possint.
2250 4365 2319 4419 Et
2346 4367 2450 4423 hoc
2477 4384 2623 4425 nunc
2653 4381 2840 4429 actum
2872 4385 2977 4443 est,
3014 4392 3139 4433 cum
3172 4385 3367 4439 omnes

1794 4451 1909 4508 fere
1941 4455 2056 4524 paci
2084 4465 2136 4510 et
2164 4458 2354 4514 unioni
2383 4461 2743 4532 adhaesimus,
2775 4471 2870 4522 sed
2900 4471 3226 4530 universalis
3257 4476 3371 4532 dis-

110 4541 262 4594 λειαν
288 4545 502 4608 πάντως
555 4548 648 4600 καὶ
688 4551 738 4601 οἱ
785 4554 1237 4626 μεταγενέστεροι
1273 4556 1467 4622 ταῦτα,
1509 4560 1690 4624 καθὼς

1803 4545 1923 4600 sidti
1957 4547 2351 4621 discordiaque
2384 4561 2630 4624 tempore
2655 4569 2814 4614 erant
2861 4561 3020 4630 plane
3046 4564 3116 4618 ob
3141 4578 3333 4638 conten
3353 4601 3372 4614 -

111 4632 207 4684 καὶ
240 4635 570 4706 προέϐησαν.
618 4639 780 4695 Ἀλλὰ
831 4643 991 4695 τοῦτο
1024 4645 1121 4714 μὲν
1143 4647 1346 4716 ἀρτίως
1393 4651 1614 4704 ἐπειδὰν
1636 4655 1685 4706 oi

109 4725 310 4788 πάντες
332 4727 530 4796 μικροῦ
555 4731 656 4798 τῆς
692 4731 940 4798 ἐνώσεως
964 4737 1058 4789 καὶ
1084 4738 1179 4806 τῆς
1208 4739 1463 4808 ὁμονοίας
1493 4744 1682 4812 ἐσμὲν,

107 4816 230 4868 κατ’
260 4819 464 4873 ἐκεῖνον
493 4822 550 4874 δὲ
581 4822 673 4874 τὸν
706 4824 801 4894 τῆς
828 4825 1093 4896 διχονοίας
1134 4830 1232 4899 τῆς
1263 4831 1560 4904 καθολικῆς
1591 4835 1686 4907 δη-

105 4904 280 4959 λονότι
310 4910 502 4978 καιρὸν
539 4913 632 4981 καὶ
667 4914 766 4983 τῆς
793 4915 1130 4984 διαστάσεως
1160 4919 1304 4992 ἦσαν
1337 4923 1436 4992 μὶν
1466 4924 1535 4978 διῖ
1566 4904 1683 4996 ἔριν

105 4995 220 5049 τῶν
278 4997 438 5069 ἱερῶν
471 4999 671 5068 βίϐλων
706 5005 985 5073 λυμεῶνες
1042 5027 1207 5078 τινες,
1254 5015 1282 5065 ό
1313 5013 1368 5066 δὲ
1411 4995 1683 5081 ἐξετάζων

105 5086 282 5150 οὐδεὶς
313 5090 380 5142 τὰ
431 5092 561 5160 περὶ
611 5094 821 5149 τούτων
855 5099 949 5150 καὶ
997 5103 1415 5172 σημειούμενος.
1466 5095 1590 5159 Ὅτι
1625 5107 1683 5161 δὲ

105 5177 406 5246 τηνικαῦτα
431 5185 870 5254 παρεφθάρησαν
901 5189 1080 5242 αὐτῶν
1111 5191 1211 5245 οὐκ
1244 5193 1420 5262 ὀλίγαι
1443 5199 1546 5251 κάν
1563 5201 1682 5261 ταῖς

110 5273 510 5340 μεταγραφαῖς,
559 5274 812 5328 ἐντεῦθεν
867 5277 1103 5347 μάλιστα
1142 5284 1398 5351 φανερόν.
1446 5283 1535 5337 Ἐν
1572 5287 1681 5354 γὰρ

107 5358 185 5428 τῷ
214 5361 308 5423 τὰς
343 5361 556 5431 βίϐλους
594 5366 746 5435 ημᾶς
793 5367 972 5432 πάσας
1003 5370 1319 5440 ἁνερευνᾷν,
1353 5373 1448 5427 καὶ
1500 5373 1682 5442 βίϐλον

105 5454 201 5507 τοῦ
231 5453 396 5508 αὐτοῦ
422 5455 462 5508 Γ
468 5457 730 5528 ρηγορίου
787 5462 1078 5529 πονήματα
1112 5462 1240 5532 μίαν
1271 5462 1526 5534 εὕρομεν,
1557 5467 1681 5536 ἥτις

106 5548 166 5599 ἐν
193 5549 331 5600 κατὰ
348 5548 441 5600 τὸν
475 5549 612 5621 πρὸς
647 5548 1117 5621 ’Δϐλάϐιονιηλόγον
1142 5553 1290 5624 ρητῷ
1319 5554 1394 5622 τῷ
1423 5557 1552 5626 περὶ
1584 5557 1679 5610 τοῦ

107 5638 276 5692 αἰτίου
324 5639 421 5692 καὶ
453 5640 548 5694 τοῦ
583 5640 831 5695 αἰτιατοῦ
875 5645 1160 5711 φάσκοντι,
1209 5647 1270 5700 τ’)
1299 5647 1357 5700 δέ
1398 5650 1567 5715 ἐστιν,
1596 5651 1678 5705 ὅτι

110 5732 180 5784 Τὸ
199 5729 668 5800 ἀπαράλλακτον
690 5733 796 5804 τῆς
816 5735 1060 5806 φύσεως
1082 5741 1536 5810 ὁμολογοῦντες,
1561 5745 1675 5813 τὴν

102 5819 248 5875 κατὰ
277 5823 342 5875 τὸ
389 5821 586 5876 αἴτιον
621 5824 722 5876 καὶ
768 5828 1037 5883 αἰτιατόν
1086 5828 1380 5898 διαφορὰν
1434 5834 1543 5887 οὐκ
1576 5834 1677 5902 ἀρ-

347 5915 613 5978 ΡΑτιιοι..
645 5920 762 5981 GR.
801 5921 1000 5984 CXLI.

1800 4638 2001 4696 tionem
2029 4657 2310 4699 sacrorum
2374 4648 2715 4706 voluminum
2748 4666 3096 4724 corruptores
3126 4661 3366 4728 quidam,

1795 4731 1889 4798 qui
1915 4747 2042 4787 vero
2061 4749 2122 4788 ea
2146 4737 2542 4804 examinat-ent,
2563 4743 2985 4816 obsignaretque
3013 4752 3225 4819 nullus;
3251 4762 3364 4810 tum

1794 4836 1925 4878 vero
1958 4826 2126 4881 multa
2173 4844 2364 4884 eorum
2415 4833 2599 4888 vitiata
2649 4851 2771 4897 esse
2811 4855 2875 4894 ex
2926 4856 3114 4898 eorum
3157 4850 3366 4901 exscri-

1792 4916 1978 4985 ptione
2011 4918 2185 4987 palam
2223 4921 2280 4974 lit
2314 4924 2688 4983 manifestum.
2723 4928 2973 5000 Namque
3022 4950 3144 4989 cum
3175 4943 3362 4995 omnia

1793 5007 2067 5065 volumina
2101 5015 2574 5085 conquireremus,
2603 5021 2843 5088 ejusdem
2870 5023 3116 5096 Gregorii
3167 5040 3367 5086 tracta-

1796 5107 1883 5153 tus
1913 5099 2198 5158 continens
2232 5120 2400 5162 unum
2431 5109 2761 5175 invenimus,
2784 5114 2930 5182 quod
2961 5117 3014 5170 in
3061 5114 3364 5176 dicto'ora-

1793 5191 1959 5246 tionis
1997 5193 2063 5246 ad
2103 5195 2392 5252 Ablabium
2438 5200 2504 5255 de
2555 5216 2718 5256 causa
2752 5213 2806 5258 et
2839 5205 3036 5263 eﬂ’ectu
3105 5210 3358 5269 dicente:

1790 5282 2182 5342 Immutabilem
2203 5299 2252 5342 et
2287 5293 2462 5347 omnia
2487 5294 2711 5350 similem
2750 5307 3000 5352 naturam
3033 5302 3358 5370 conﬁtentes,

1789 5375 2072 5432 discrimen
2111 5397 2286 5436 causa
2315 5396 2363 5438 et
2396 5385 2621 5454 effectus
2664 5403 2766 5441 non
2821 5389 3145 5459 inﬁciamur,
3193 5398 3357 5463 paulo

1791 5468 1932 5524 inira
1969 5485 2092 5526 cum
2125 5473 2377 5529 eﬂ'ectum
2422 5479 2738 5544 subdividit,
2779 5493 2984 5549 partem
3027 5485 3176 5540 illius
3227 5488 3360 5542 alte-

1792 5573 1932 5623 ram,
1966 5575 2182 5632 nempe,
2213 5566 2310 5617 hoc
2331 5567 2536 5636 quidem
2563 5572 2938 5628 immediate-tt
2966 5577 3162 5644 primo.
3202 5578 3280 5632 uti
3305 5587 3360 5632 et

1788 5653 1892 5706 alia
1926 5652 2134 5723 reliqua
2167 5655 2444 5719 volumina
2472 5659 2525 5715 in
2554 5665 2944 5721 secontiuebat
2971 5705 2986 5732 ,
3021 5668 3210 5736 altera,
3239 5687 3360 5740 qua

1786 5748 2096 5802 necessario
2125 5753 2497 5823 consequitur,
2529 5769 2656 5811 cum
2683 5757 2736 5813 in
2776 5759 2899 5816 aliis
2932 5763 3186 5817 omnibus
3209 5763 3355 5833 lega-

1789 5843 1898 5900 tur,
1919 5836 2034 5916 ‘hoc
2053 5845 2153 5903 est,
2189 5838 2284 5895 hoc
2306 5857 2424 5898 vero
2452 5859 2542 5912 per
2565 5849 2864 5919 contiguum
2887 5869 2918 5904 a
2942 5855 3132 5920 primo,
3169 5855 3219 5908 in
3251 5853 3357 5913 hoc

2901 5944 2974 6004 33
