4132 6436
119 469 255 538 1197

973 472 1071 533 DE
1114 469 1634 534 PROCESSIONE
1673 471 1737 535 S.
1774 466 2136 530 SPIRITUS
2175 466 2402 528 ORAT.
2440 466 2520 527 Il.

3223 466 3361 533 1193

112 590 468 658 διστακτικὴν
500 588 743 650 διάνοιαν
772 590 841 644 δι’
862 591 1041 646 αὖτῶν
1073 593 1263 663 πόρρω
1288 609 1393 646 που
1438 593 1556 646 ὄντι
1586 608 1661 645 σα

1792 588 1852 643 Et
1885 587 2145 643 omnibus
2180 585 2532 642 manifestum
2568 594 2671 651 est,
2707 583 2868 639 verba
2911 585 3026 642 haec
3065 589 3363 643 vcnerandi

110 678 230 747 φῶς
252 680 659 749 ἀπεκρούσατο.
690 682 799 734 Καὶ
827 682 1103 752 προφανὲς
1126 684 1239 747 τοῖς
1257 684 1401 747 ὅλοις
1417 682 1566 736 ἐστὶν
1598 682 1683 735 ὅτι

113 771 343 841 ῥήματα
366 771 541 826 ταῦτα
572 772 666 826 τοῦ
686 772 901 831 ,σεπτοῢ
934 775 1219 828 Βασιλεία»
1267 776 1361 828 καὶ
1390 775 1686 845 θεοφάντο-

113 877 231 929 ρος,
254 863 353 916 οὐκ
377 862 543 917 ἄλλου
568 863 737 929 τινὸς,
785 865 850 918 ἐκ
887 882 947 918 τε
973 867 1068 919 τοῦ
1104 866 1273 937 χωρὶς
1308 867 1683 938 ἀντιρρήσεως

110 952 317 1015 πάσαις
348 952 683 1022 ιμφέρεσθαι
706 954 930 1021 δέλτοις,
956 957 1050 1010 καὶ
1072 957 1259 1027 πολλῷ
1288 957 1476 1023 πλέον,
1514 958 1573 1021 ἐξ
1605 954 1683 1012 ῶν

108 1040 331 1115 δηλοῦσι
359 1044 429 1096 τὰ
466 1045 807 1115 ἑπαγόμινα.
841 1047 1004 1115 Λέγει
1034 1049 1141 1117 γὰρ
1164 1051 1225 1102 ὲν
1253 1049 1467 1112 τούτοις
1520 1049 1682 1114 αὐτὸς

101 1133 281 1197 οὕτως
304 1135 556 1205 άδιεχῶς,
592 1136 667 1199 ὡς
700 1137 888 1207 μηδενί
908 1155 1017 1191 τινι
1047 1139 1199 1209 μέσῳ
1222 1139 1675 1211 διακοπτόμενος·

102 1225 293 1285 Φύσει
320 1225 389 1278 δὲ
414 1228 577 1299 τρίτῃ
599 1227 865 1297 χρῆσθαι
896 1230 1035 1283 οὐτε
1056 1236 1215 1298 παρὰ
1243 1231 1364 1293 τῶν
1380 1232 1565 1301 ἁγίων
1587 1233 1682 1287 δε-

102 1315 429 1385 διδάγμεθα
454 1320 733 1387 Γραφῶν,
761 1320 902 1374 οὔτε
925 1321 993 1373 ἐκ
1028 1321 1147 1373 τῶν
1183 1322 1513 1393 εἰρημένων
1528 1324 1680 1378 κατὰ

100 1405 454 1460 ἀκόλουθον
497 1406 765 1461 δυνατὸν
780 1408 1263 1480 συλλογίζεσθαι.
1294 1414 1498 1467 Λοιπὸν
1543 1414 1679 1468 ἀσύ-

102 1511 306 1548 στατον
330 1497 465 1559 ὅλως
494 1500 586 1550 καὶ
613 1499 1026 1561 ἀναπόδεικτον.
1064 1502 1274 1555 Ἐκεῖνο
1302 1502 1381 1565 δὲ,
1429 1504 1675 1558 τουτέστι

97 1587 181 1649 τῷ
205 1587 489 1657 ἀξιώματι
515 1588 888 1657 δευτερεύειν
912 1593 978 1645 τὸ
1004 1592 1251 1662 Πνεῦμα
1283 1594 1350 1647 τὸ
1374 1593 1546 1664 ἅγιον
1566 1595 1675 1650 τοῦ

97 1679 262 1743 Υὶοῦ,
288 1680 397 1750 τῆς
418 1683 721 1745 εὐσεϐείας
740 1683 1155 1751 παραδίδωσιν
1181 1687 1214 1738 ὁ
1231 1686 1432 1753 λόγος.
1458 1688 1551 1740 Διὸ
1578 1688 1676 1743 καὶ

98 1769 323 1839 βέϐαιον
342 1772 521 1840 πάντη
539 1775 632 1823 καὶ
648 1772 1078 1842 ἀναμφίλεκτον.
1094 1774 1349 1828 Τοιοῦτον
1361 1776 1429 1830 τὰ
1447 1779 1674 1848 ῥήματα

96 1861 274 1914 ταῦτα
297 1862 533 1948 φέροντα
550 1862 673 1917 νοῦν
688 1864 903 1934 ἔχονται
923 1864 1030 1919 τῶν
1050 1865 1201 1936 ἑξῆς,
1219 1867 1361 1920 ὥστε
1377 1871 1472 1923 καὶ
1494 1869 1556 1933 ἐξ
1574 1870 1673 1923 αὒ-

1787 679 2174 735 et-divinorum
2202 677 2526 734 revelatoris
2552 675 2760 743 Basilii,
2793 691 2901 731 non
2925 677 3153 733 alterius
3178 678 3371 749 cujus-

1788 770 1935 842 piam
1984 786 2129 834 esse,
2180 771 2325 841 quod
2371 770 2510 825 citra
2537 769 2701 823 ullam
2753 770 3248 828 centradictionem
3304 771 3360 826 in

1788 862 2040 919 omnibus
2068 861 2438 917 voluminibus
2466 860 2952 927 circumferuntur,
2976 871 3030 915 et
3054 862 3227 916 multo
3246 877 3364 916 ma-

1786 956 1871 1024 gis
1889 970 1954 1009 ex
1988 953 2079 1020 iis,
2116 968 2240 1024 qua
2265 951 2654 1022 subsequentia
2679 951 2999 1021 important.
3024 951 3274 1024 Namque
3306 954 3361 1007 in

1786 1046 1873 1101 bis
1920 1042 2073 1100 nullo
2133 1045 2241 1100 alio
2270 1043 2581 1113 interiecto,
2612 1058 2682 1098 ne
2718 1044 2895 1099 medio
2946 1043 3135 1115 aliquo
3179 1045 3361 1101 oratio

1786 1136 2297 1207 interrumperetur,
2345 1135 2533 1192 subdit
2571 1154 2587 1188 :
2621 1133 2727 1189 Sed
2791 1146 2988 1190 natura
3033 1138 3196 1192 tertia
3249 1138 3356 1203 uti,

1784 1244 1947 1297 neque
1978 1245 2012 1281 α
2044 1229 2239 1282 sanctis
2266 1226 2489 1281 Litteris
2504 1218 2804 1293 edacemur,
2830 1243 2991 1298 neque
3014 1242 3080 1286 ea:
3103 1230 3170 1282 iis
3192 1271 3207 1294 ,
3234 1244 3354 1298 quis

1780 1317 1924 1371 dicta
1978 1326 2121 1381 sunt,
2156 1327 2301 1372 recta
2354 1316 2517 1370 ducta
2549 1317 2765 1386 sequela
2801 1333 3081 1386 possumus
3134 1319 3357 1373 demon-

1779 1419 1973 1469 strare,
2001 1424 2192 1477 nempe
2218 1410 2324 1462 hoc
2365 1407 2443 1463 ait
2483 1424 2498 1462 :
2533 1405 2750 1461 Natura
2778 1412 2941 1475 tertia
2971 1412 3052 1463 uti
3092 1407 3354 1479 Spiritum

1778 1506 2041 1561 sanctum,
2097 1513 2258 1567 neque
2286 1516 2319 1552 α
2367 1498 2558 1552 divinis
2595 1496 2815 1552 Litteris
2845 1500 3158 1568 didicimus,
3186 1518 3352 1571 neque

1777 1605 1843 1644 ea:
1870 1590 2027 1643 dictis
2055 1591 2236 1661 colligi
2252 1601 2634 1661 consequenter
2683 1604 2879 1662 potest.
2916 1592 3151 1651 Prorsus
3179 1595 3351 1666 igitur

1779 1679 1884 1733 hoc
1906 1681 2009 1735 sibi
2040 1696 2151 1735 non
2195 1690 2431 1745 constat,
2459 1697 2559 1737 nec
2582 1699 2824 1753 unquam
2854 1683 3346 1743 demonstrabitur.

1780 1772 1916 1827 [llud
1988 1786 2166 1838 vero,
2239 1772 2511 1843 Dignitale
2577 1775 2868 1828 secundum
2926 1792 3040 1829 esse
3116 1794 3149 1829 a
3206 1775 3353 1830 Filio

1778 1864 2040 1934 Spiritum
2108 1877 2351 1918 sanctum
2380 1904 2398 1929 ,
2462 1865 2678 1932 pietatis
2732 1868 2877 1920 ratio
2952 1868 3141 1921 tradit.
3221 1868 3355 1924 Pro-

93 1952 345 2023 τῶνττῆς
392 1934 662 2018 ἐκδόσεως
709 1954 804 2007 τοῦ
837 1957 1076 2025 μεγάλου
1103 1934 1479 2014 πιστεύεσθαι.
1531 1959 1661 2013 Τού-

1774 1966 2072 2027 ptereaque
2104 1958 2322 2011 ﬁrmum
2353 1957 2583 2011 omnino
2602 1966 2690 2013 est
2720 1967 2776 2012 et
2818 1959 2955 2013 citra
2986 1960 3152 2014 ullam
3184 1959 3353 2016 haesi-

98 2059 213 2097 των
256 2042 313 2096 δὲ
350 2044 649 2099 κάντεῦθεν
671 2046 905 2114 μάλιστα
933 2046 1026 2099 τοῦ
1062 2048 1228 2118 σοφοῦ
1268 2050 1423 2104 τοῦδε
1454 2051 1672 2122 Πατρὸς

93 2133 482 2203 άναφανέντων
547 2137 701 2205 ἡμῖν,
759 2139 974 2207 ἀνάγκη
1040 2138 1101 2192 τὸ
1147 2139 1492 2195 διστακτικὺν
1524 2142 1673 2210 ἴσως

92 2225 379 2308 ἀλλότριον
412 2228 681 2298 ὑπάρχειν
723 2229 1019 2299 προστεθὲν
1051 2230 1275 2301 ὕστερον
1299 2250 1314 2265 ο
1370 2233 1670 2305 ἐπειδήπερ

90 2314 471 2385 ἀκατάλληλὸν
527 2320 674 2371 ἐστιν
728 2321 936 2385 αὐτοῖς,
995 2322 1090 2373 καὶ
1150 2322 1319 2390 ἄμφω
1348 2323 1443 2375 τοῦ
1500 2325 1675 2379 αὐτοῦ·⁴

88 2409 385 2477 τυγχάνειν
408 2409 689 2465 ἀδύνατον.
716 2410 1180 2491 Οὖτωπολλαίῶς
1208 2412 1270 2466 τὸ
1303 2415 1454 2481 ἴσως
1480 2414 1667 2469 διστα-

86 2498 280 2554 κτικδν
325 2501 644 2572 προσθήκην
705 2502 877 2555 τελσίν
929 2504 958 2557 ὁ
1011 2502 1170 2570 λόγος
1229 2505 1513 2570 ἀπέδειξε,
1574 2508 1670 2561 καὶ

87 2590 411 2663 προσθήκην
468 2592 634 2664 μηδέν
700 2594 931 2665 ἔχουσαν
990 2595 1183 2663 ὑγιὲς,
1234 2596 1330 2650 ἆτε
1394 2597 1525 2676 μηδι
1586 2594 1668 2662 οἷς

88 2682 391 2753 προσετέθη
418 2683 769 2753 συνᾴδουσαν.
827 2683 988 2739 una
1044 2684 1202 2738 τοῦτο
1262 2686 1362 2755 μὲν
1424 2687 1551 2757 μηδ’
1586 2689 1667 2752 είς

86 2770 389 2841 ἐνθύμησιν
425 2772 484 2826 τὸ
516 2774 779 2844 παράπαν
807 2773 959 2828 ἐλθὸν
990 2774 1067 2845 τῷ
1117 2775 1400 2847 θεολήπτῳ
1464 2768 1679 2850 Πᾶτρὶ,

84 2862 424 2932 πλασάμενοι
465 2862 574 2918 τῶν
628 2866 886 2935 μαχίμων
930 2866 1140 2936 ἀνδρῶν
1190 2865 1343 2931 ἔνιοι,
1392 2869 1579 2933 κακῶς
1606 2869 1665 2923 ἐν

88 2972 198 3009 τισι
258 2939 461 3034 βίϐλοις
513 2956 861 3025 προσέθεντο,
930 2957 1021 3011 διὰ
1067 2960 1167 3029 τῆς
1242 2958 1663 3027 ὁλιγοσυλλάϐου

92 3046 319 3116 ταυτησὶ
378 3046 474 3099 καὶ
532 3045 788 3116 βραχείας
824 3047 1007 3117 φωνῆς
1072 3048 1322 3113 δόξαντες
1385 3050 1533 3117 ἅπαξ
1563 3051 1663 3121 τῆς

1774 2049 2053 2104 tationem.
2104 2046 2243 2105 Cum
2298 2050 2467 2104 verba
2533 2049 2651 2105 hac
2724 2050 2962 2107 similem
3018 2054 3349 2117 sententiam

1772 2140 2058 2208 referant,
2132 2155 2259 2195 cum
2334 2140 2691 2208 sequentibus
2781 2143 3104 2209 cohaerent,
3177 2160 3349 2214 quare

1770 2247 1837 2288 ex
1872 2233 1965 2288 his
1994 2246 2214 2302 quoque
2238 2232 2460 2303 propria
2510 2232 2699 2287 Basilii
2762 2248 2887 2289 esse
2964 2235 3344 2291 conﬁrmatur.

1772 2318 1899 2375 Haec
1937 2321 2105 2375 etiam
2132 2335 2257 2376 cum
2288 2319 2583 2379 manifesto
2616 2331 2921 2392 appareant
2938 2324 3206 2395 sapientis
3236 2326 3345 2380 bn-

1766 2407 1859 2479 jus
1894 2409 2072 2465 Patris
2104 2409 2326 2481 propria
2358 2423 2504 2475 esse,
2541 2424 2765 2467 necesse
2814 2418 2902 2467 est
2928 2412 3058 2466 illud
3090 2412 3341 2481 fortasse,

1771 2500 1915 2570 quod
1952 2514 2064 2554 rem
2095 2500 2315 2555 dubiam
2347 2499 2549 2565 reddit,
2578 2501 2803 2555 minime
2848 2502 3150 2574 genuinum
3198 2518 3341 2569 esse,

1770 2590 2124 2663 postmodum
2164 2591 2438 2657 additum,
2465 2578 2594 2647 dum
2638 2606 2761 2646 cum
2793 2592 2900 2649 illis
2933 2608 3039 2647 non
3065 2596 3340 2664 congruit,

1768 2691 1822 2739 et
1854 2693 2087 2752 utraque
2113 2679 2358 2751 ejusdem
2389 2673 2663 2751 uniusque
2688 2696 2814 2737 esse
2847 2681 2964 2735 fieri
3008 2683 3223 2752 nequit:
3250 2676 3345 2739 Sic

1767 2773 1958 2829 multis
1994 2773 2272 2843 variisque
2318 2771 2497 2828 modis
2544 2767 2684 2841 for‘te
2714 2773 2848 2828 illud
2880 2774 3342 2830 dubietatisxau-

1767 2882 1885 2923 sam
1910 2866 2243 2922 additionem
2280 2865 2404 2922 ess'e
2434 2867 2608 2920 oratio
2634 2862 3065 2931 demonstravit,
3102 2867 3341 2923 additio-

1765 2973 2001 3028 nemque
2024 2958 2163 3013 nihil
2215 2972 2411 3013 sanum
2434 2957 2488 3011 in
2520 2971 2581 3011 se
2628 2958 3025 3024 continentem,
3075 2967 3334 3028 tanquam

1763 3063 1885 3117 qua:
1918 3064 2095 3119 neque
2123 3063 2250 3103 cum
2286 3048 2379 3111 iis,
2425 3047 2626 3118 quibus
2678 3048 2864 3102 addita
2889 3056 2995 3125 est,
3049 3060 3339 3105 consonet.

90 3137 720 3209 ὲαυτῶνμκικρατηκέναι
745 3138 1073 3206 προθέσεως.
1101 3137 1176 3192 Τὸ
1197 3138 1275 3203 δὲ,
1316 3140 1445 3206 παρ’
1474 3139 1661 3196 αὑτοῦ

1763 3136 1877 3192 Sed
1908 3138 2012 3191 hoc
2037 3137 2164 3192 cum
2184 3150 2286 3192 nec
2316 3137 2373 3191 in
2401 3146 2639 3191 mentem
2682 3151 2907 3207 prorsus
2952 3139 3191 3195 venisset
3220 3138 3339 3195 Nu-

88 3226 153 3280 τὸ
182 3222 337 3280 εἶναι
375 3225 541 3296 ἕχον,
590 3226 691 3280 καὶ
753 3226 892 3295 παρ’
948 3226 1137 3281 αὐτοῦ
1194 3226 1500 3298 λαμϐάνον
1562 3220 1669 3285 καῖ

83 3317 465 3387 ἀναγγέλλων
487 3318 655 3387 ἡμῖν,
688 3318 789 3373 καὶ
838 3314 997 3387 ὅλως
1026 3320 1267 3387 ἐκείνης
1296 3320 1405 3389 τῆς
1463 3323 1660 3390 atria;

80 3410 444 3479 ἐξημμένον,
474 3410 572 3478 τῆς
600 3409 692 3473 τοῦ
730 3410 895 3479 σοφοῦ
934 3410 1171 3475 διανοίας
1224 3410 1284 3465 ὃν
1330 3408 1477 3466 ἅπαν
1502 3412 1572 3482 δὴ.
1596 3411 1658 3465 τὸ

86 3502 291 3555 τοιοῦτο
345 3501 507 3571 ῥητὸν
532 3541 549 3569 ,
601 3501 697 3556 καὶ
753 3502 1003 3571 κείμενον
1052 3503 1110 3555 ὲν
1165 3502 1368 3566 δέλτοις
1417 3503 1658 3571 πολλαῖς,

82 3597 228 3662 ὅμως
252 3594 369 3647 ἀνθ’
402 3585 478 3648 ὧν
509 3592 763 3661 πολέμιον
791 3592 1109 3662 περιφανῶς
1132 3592 1291 3645 τοῦτο
1317 3594 1436 3657 ταῖς
1478 3592 1656 3646 αὐτῶν

87 3685 330 3756 γνώμαις
382 3685 714 3756 καθέστηκε,
758 3687 858 3753 τῆς
915 3684 1228 3755 περικοπῆς
1293 3684 1420 3756 ὅλης
1454 3684 1658 3749 σκαιῶς

82 3779 429 3846 ὰφελρμενοι,
458 3780 578 3840 ταῖς
611 3774 807 3847 μικρὸν
852 3776 1058 3830 ἀνωθεν
1089 3776 1369 3845 ῥηθείσαις
1424 3776 1525 3829 οὐκ
1573 3777 1658 3829 ὲν-

77 3862 327 3942 έγραψαν
351 3868 553 3939 βίϐλοις
586 3868 867 3937 καταρχὰς
893 3870 991 3939 τῆς
1028 3868 1138 3921 τῶν
1166 3868 1427 3922 τοιούτων
1460 3868 1660 3921 συστά-

82 3979 219 4023 σεως
249 3961 310 4011 τὸ
338 3959 446 4011 πᾶν
481 3956 573 4009 τοῦ
607 3956 944 4026 βουλήματος
1002 3957 1102 4027 ἤδη
1164 3958 1485 4027 νομίσαντες
1533 3958 1683 4015 κατ’,

81 4053 237 4120 ισχίνν
269 4050 546 4119 ἄρρηκτον
574 4046 717 4116 ἔχειν
746 4047 963 4111 αὐτοὺς,
988 4047 1181 4117 ὲφρσον
1200 4046 1261 4099 τὸ
1292 4046 1530 4117 δηλωθὲν
1554 4050 1655 4119 τῆς

79 4144 329 4210 χρήσεως
360 4142 423 4194 ἐκ
456 4138 549 4193 τοῦ
578 4139 744 4207 μέσου
776 4138 1006 4208 δολερῶς
1045 4139 1431 4208 πεποιήκασιν,
1466 4140 1525 4192 οὐ
1549 4139 1656 4210 μὴν

80 4234 469 4300 ἐπιστήσαντες
494 4228 738 4299 ἀκριϐῶς
763 4232 877 4292 τοῖς
896 4228 1235 4299 ἑκατέρωθεν
1268 4226 1655 4299 ἐγνωσμένοις,

79 4322 112 4374 ἃ
141 4322 551 4392 προσηκάμενοι
602 4320 829 4383 δεόντως
854 4319 1159 4389 ἐνέγραψαν
1219 4323 1312 4373 καὶ
1349 4322 1557 4388 αὐταῖς,
1604 4323 1653 4375 εί

79 4416 171 4466 καὶ
199 4415 352 4482 σφίσι
392 4411 723 4480 προσέθεντο
744 4410 803 4462 τὸ
834 4409 981 4475 ἴσως
1003 4410 1371 4476 διστακτικδν,
1398 4412 1486 4465 διὰ
1532 4413 1655 4465 τού-

84 4522 169 4558 του
218 4506 382 4575 δῆθεν
414 4505 490 4567 ὠς
544 4503 736 4573 ἔχοντα
763 4501 1098 4572 πλημμελῶς
1125 4508 1192 4555 τὰ
1221 4503 1442 4557 τοιαῦτα
1485 4504 1647 4557 κολά·

76 4597 304 4662 ζοντες,
358 4597 495 4665 ὅπερ
551 4595 645 4646 καὶ
700 4593 986 4662 προλαϐὼν
1033 4596 1060 4647 ὀ
1096 4593 1249 4660 λόγος
1305 4594 1647 4665 παρέστησεν

77 4686 300 4749 ἱκανῶς,
329 4687 607 4756 ἀλλότριον
656 4685 857 4747 αὐτῶν,
905 4680 994 4737 οἷα
1041 4683 1314 4747 παντελῶς
1346 4686 1649 4755 ἀσυνάρτη-

74 4795 184 4834 τον.
247 4778 322 4832 Οὐ
382 4778 561 4830 τοίνυν
630 4777 1023 4845 ἐπιστήσαντες
1072 4773 1336 4843 ἀκριϐῶς,
1396 4774 1648 4846 καθάπερ

75 4872 309 4942 ἔφημεν,
342 4872 455 4931 τοῖς
486 4867 771 4930 τοιούτοις,
806 4867 927 4919 οὐδὲ
977 4866 1382 4936 ὲμϐαθύναντες
1422 4868 1470 4920 οἱ
1512 4883 1648 4936 προ-

75 4966 297 5017 κόπτειν
327 4961 717 5025 σπουδάζοντες
752 4959 812 5011 τὸ
872 4960 1074 5029 σχίσμα
1148 4958 1234 5011 διὰ
1294 4962 1513 5025 παντὸς,
1572 4958 1647 5023 ῶς

73 5057 244 5109 ταῦτα
280 5055 369 5106 καὶ
400 5054 640 5122 μάλιστα
669 5050 789 5104 κατ’
828 5051 1026 5119 εὐσεϐῆ
1071 5050 1309 5105 διάνοιαν
1350 5052 1442 5103 καὶ
1494 5053 1641 5119 λογι-

77 5148 212 5215 σμὸν
231 5144 538 5216 ὀρθοδοξίας
565 5142 842 5213 ὲχόμενον,
888 5141 947 5193 τὸ
975 5140 1212 5194 τοιοῦτον
1270 5143 1431 5212 ῥητὸν
1474 5143 1643 5211 ἀναγ-

74 5241 239 5299 καίως
274 5236 720 5305 εἰσπράττονται·
770 5234 831 5285 τὸ
865 5234 962 5303 μὲν
1002 5234 1082 5286 ὅτι
1128 5234 1248 5303 μηδ’
1278 5233 1344 5285 ἂν
1399 5234 1641 5286 εἰσελεύ-

75 5331 261 5386 σεσθαι
307 5329 500 5399 σοφίαν
556 5327 738 5390 ποσῶς
790 5328 868 5388 εις
914 5327 1236 5397 κακότεχνον
1301 5324 1477 5397 ψυχὴν
1540 5327 1643 5397 τῆς

74 5420 221 5485 θείας
248 5422 470 5489 Γραφῆς
494 5419 830 5490 ἀκηκόαμεν,
874 5418 968 5471 καὶ
1000 5418 1173 5478 ἄλλως
1205 5416 1261 5469 δὲ
1307 5418 1642 5487 κυριώτερον

70 5510 162 5561 τοῦ
205 5511 339 5565 Θεοῦ
380 5509 523 5575 τάχα
588 5507 884 5577 σφήλαντος
940 5508 997 5557 ὲν
1050 5507 1258 5568 τούτοις
1298 5505 1516 5570 αὐτοὺς,
1546 5507 1640 5559 καὶ

74 5604 254 5669 μένειν
302 5605 379 5665 εἰς
419 5602 639 5669 ἔλεγχον
697 5602 795 5669 τῆς
858 5598 1190 5668 κακουργίας
1235 5597 1415 5651 αὐτῶν
1466 5597 1640 5651 ταῦτα

72 5694 610 5763 παρασκευάσαντος.
640 5691 795 5744 Ἐπεί
823 5691 906 5742 τοί
935 5707 998 5758 γε
1033 5690 1127 5742 καλ⁵
1156 5688 1350 5751 αὐτοὺς
1370 5688 1639 5758 δήπουθεν

67 5788 322 5856 παρῆκαν
380 5785 445 5839 ἂν
494 5786 551 5837 ἐν
610 5785 729 5845 ταῖς
782 5782 1009 5843 οἰκείαις
1051 5783 1443 5851 μεταγραφαῖς,
1482 5780 1638 5849 εἴπερ

68 5872 499 5941 ἐμϐατεύοαντες
529 5866 639 5938 τοῖς
666 5873 949 5937 τοιούτοις,
1010 5871 1063 5925 τί
1092 5871 1181 5926 καὶ
1219 5869 1497 5938 βούλονται
1560 5871 1636 5941 τῷ

1764 3229 1910 3284 mine
1962 3227 2142 3283 aﬂlato
2185 3226 2355 3293 Patri,
2382 3229 2709 3283 contentiosi
2738 3229 2991 3283 homines
3019 3229 3339 3301 impruden-

1766 3329 1847 3375 ter
1899 3322 2295 3391 contingentes,
2343 3321 2401 3375 in
2446 3321 2728 3378 nonnullis
2752 3323 3123 3380 voluminibus
3156 3339 3336 3395 appo-

1762 3419 2017 3477 suerunt,
2096 3418 2418 3480 reputantes
2486 3427 2582 3481 per
2633 3411 2853 3468 brevem
2916 3414 3055 3470 hanc
3113 3424 3168 3469 et
3228 3431 3338 3471 non

1760 3504 1949 3559 multis
1986 3502 2211 3573 syllabis
2249 3512 2591 3559 constantem
2629 3504 2922 3560 dictionem
2972 3507 3140 3561 semel
3170 3523 3333 3571 suum

1760 3597 2101 3666 propositum
2150 3596 2526 3651 conﬁrmasse.
2560 3593 2627 3649 Et
2655 3595 2809 3661 illud,
2840 3599 2904 3650 ab
2928 3598 3040 3667 ipso
3065 3582 3335 3667 possiden-

1762 3694 1885 3752 tem,
1917 3694 1966 3739 et
2005 3688 2069 3739 ab
2102 3686 2217 3756 ipso
2249 3687 2596 3755 accipientem
2622 3697 2673 3741 et
2709 3688 3119 3742 aununtiantem
3156 3691 3332 3757 nobis,

1757 3786 1807 3831 et
1844 3778 1899 3831 in
1923 3768 2130 3831 summa
2173 3778 2238 3831 ab
2273 3793 2335 3832 ea
2373 3794 2537 3832 causa
2558 3779 2949 3848 dependentem,
2979 3780 3188 3836 dictum
3228 3782 3335 3837 hoc
3396 3836 3405 3841 ,

1761 3879 1935 3924 totum
1990 3884 2057 3925 ex
2101 3878 2282 3925 mente
2328 3870 2593 3941 sapientis
2645 3870 2910 3939 originem
2966 3888 3121 3927 suam
3160 3874 3337 3947 agno-

1759 3974 1943 4027 scene,
1960 3970 2015 4016 et
2042 3961 2231 4017 multis
2259 3963 2715 4032 comprehensum
2739 3965 3109 4021 voluminibus
3135 3968 3329 4022 nihilo.

1758 4052 1942 4107 minus
1987 4053 2132 4122 quod
2162 4052 2341 4122 palam
2373 4069 2564 4108 eorum
2594 4056 2945 4125 opinionibus
2986 4058 3329 4129 adversatur,

1758 4158 1787 4197 a
1822 4144 2032 4214 reliqua
2061 4144 2321 4216 pericope
2354 4146 2573 4215 stupide
2616 4156 2979 4216 removentes,
3010 4150 3063 4203 in
3096 4150 3330 4205 volumi-

1756 4234 1921 4289 nibus
1959 4235 2271 4304 jam‘supra
2319 4234 2575 4291 indicatis
2610 4251 2725 4291 non
2771 4239 3162 4309 ascripserunt,
3202 4258 3330 4298 cum

1755 4326 1845 4399 illa
1876 4325 2117 4395 primum
2143 4326 2537 4393 describerent,
2568 4325 2839 4383 intentum
2875 4345 3038 4385 suum
3069 4333 3205 4388 satis
3239 4335 3332 4389 tir-

1756 4427 1953 4482 meque
1980 4413 2053 4467 ita
2090 4421 2154 4467 ut
2184 4413 2239 4468 in
2282 4423 2558 4483 posterum
2610 4415 2828 4487 infringi
2873 4417 3099 4475 minime
3122 4434 3326 4490 posset,

1753 4504 2141 4560 corroborasse
2163 4505 2557 4572 existimantes,
2583 4508 2713 4563 dum
2742 4509 2871 4565 dicti
2903 4522 3108 4581 partem
3144 4516 3331 4586 signa-

1754 4601 1860 4645 tam
1886 4591 2074 4648 dolose
2100 4594 2167 4649 de
2199 4595 2380 4651 medio
2420 4597 2695 4663 tulissent,
2738 4608 2846 4654 non
2877 4612 3133 4659 accurate
3172 4622 3329 4661 men-

1753 4692 1860 4737 tem
1880 4683 2125 4754 ﬁgentes,
2147 4701 2266 4757 qua
2290 4696 2519 4758 utraque
2534 4705 2599 4744 ex
2617 4700 2770 4759 parte
2795 4692 3211 4763 dignoscuntur,
3233 4699 3325 4755 illa

1751 4789 1875 4828 cum
1901 4778 2242 4846 accepissent
2282 4781 2357 4834 uti
2398 4795 2497 4851 par
2522 4790 2629 4848 est,
2662 4799 2771 4837 una
2796 4799 2921 4840 cum
2958 4784 3066 4844 illi's
3092 4792 3327 4859 scripse-

1750 4876 1899 4931 runt,
1923 4866 2051 4922 licet
2067 4867 2178 4924 illis
2204 4872 2555 4940 opposuerim
2572 4873 2709 4943 forte
2738 4877 2961 4931 dubium
2986 4894 3229 4948 movens,
3260 4900 3323 4939 ea

1748 4953 2023 5011 additione
2038 4959 2193 5027 quasi
2214 4958 2411 5019 similia
2431 4962 2561 5017 vitio
2583 4964 2916 5033 laborarent,
2936 4978 3318 5041 temperantes,

1747 5049 1894 5115 quod
1960 5058 2117 5104 antea
2166 5052 2355 5107 oratio.
2391 5052 2607 5110 abunde
2663 5057 3078 5133 demonsuavit,
3148 5079 3320 5135 eaque

1746 5156 1943 5208 nempe
1962 5142 2136 5196 aliena
2160 5147 2307 5209 esse,
2336 5146 2480 5214 quod
2514 5146 2672 5217 plane
2702 5166 2825 5205 cum
2853 5153 2975 5209 aliis
3002 5170 3112 5210 non
3138 5157 3319 5213 coita:-

1746 5242 1920 5286 reant.
1957 5232 2074 5287 Non
2101 5220 2353 5290 accurate
2377 5235 2562 5306 itaque
2592 5239 2741 5295 hisce
2791 5250 3029 5297 mentem
3062 5244 3312 5315 ﬁgentes,

1744 5340 1923 5394 neque
1962 5333 2307 5395 penetrantes
2342 5328 2437 5398 qui
2474 5328 2715 5385 schisma
2750 5333 2940 5389 sedula
2970 5350 3101 5391 cura
3136 5341 3315 5394 conti-

1744 5431 1961 5485 nuoque
1988 5428 2330 5487 promovent,
2360 5421 2565 5476 dictum
2598 5424 2703 5479 hoc
2728 5427 2804 5480 uti
2848 5438 3006 5485 recte
3029 5429 3147 5488 tidei
3182 5447 3317 5489 con-

1744 5522 1949 5562 sonans
1980 5510 2281 5566 secundum
2317 5512 2459 5583 piam
2493 5517 2815 5572 sententiam
2845 5528 2899 5575 et
2927 5520 3314 5591 cogitationem

1744 5601 2054 5656 necessario
2080 5604 2324 5673 exigunt,
2358 5614 2470 5660 tum
2503 5608 2645 5677 quod
2679 5608 3097 5670 intelleximusa
3128 5610 3312 5671 divina

1742 5690 2023 5760 Scriptura
2062 5694 2114 5747 in
2155 5694 2390 5750 animam
2435 5714 2655 5767 pravam
2684 5718 2789 5757 non
2821 5704 3192 5774 ingressuram
3218 5724 3313 5763 sa-

1741 5784 2025 5852 pientiam,
2080 5793 2134 5838 et
2182 5786 2344 5839 etiam
2392 5790 2537 5858 quod
2597 5794 2770 5862 magis
2814 5796 3095 5866 proprium
3128 5797 3312 5864 fuerit,

1742 5874 1883 5933 Deus
1913 5876 1966 5931 in
2006 5876 2091 5933 his
2128 5877 2277 5948 ipsos
2319 5878 2533 5951 fauens,
2568 5900 2630 5941 ea
2659 5887 2729 5944 ad
2763 5887 2878 5945 hac
2908 5898 3152 5960 tempora
3188 5906 3315 5962 per-
