4132 6432
81 417 230 484 1201·

932 427 1031 488 DE
1069 422 1586 488 PBOCESSIONE
1610 423 1688 500 ,S-
1729 423 2093 486 SPIRITUS
2131 423 2355 484 ORAT.
2399 422 2486 484 Ιῐ.

3192 417 3329 484 1202

79 535 263 597 αύτοῖς
293 535 386 589 καὶ
432 536 717 606 όμότιμον,
763 537 949 601 ἁπλῶς
1005 539 1183 594 πάντα
1225 537 1511 602 πλουτοῦν,
1552 535 1653 588 δσα

1762 545 1813 590 et
1840 534 1894 590 in
1919 549 2134 590 summa
2187 534 2419 589 ditatum
2459 531 2744 594 omnibus,
2787 544 2818 585 a
2849 529 3112 601 dignitate
3144 530 3328 584 divina

78 625 274 692 θεῖκῶς
300 625 395 680 καὶ
424 625 544 680 κατ’
574 624 762 681 οὐσίαν
795 629 823 682 ὁ
847 627 1037 699 Πατὴρ
1070 628 1288 697 σύναμα
1316 627 1411 680 καὶ
1436 627 1464 679 ό
1499 625 1647 691 Υἰδς,

77 717 214 787 πλὴν
243 717 351 770 τῶν
375 719 501 774 καθ’
524 719 758 774 ἕκαστον
782 721 964 790 αὐτῶν
1010 722 1309 792 ίδιοτήτων,
1362 721 1458 775 καὶ
1500 720 1564 773 νεῖ
1596 719 1648 772 τί

78 825 179 863 που
215 809 427 863 τούτοιν
461 811 668 880 ἀμφοῖν
703 814 818 866 ἔστι
853 813 1184 885 πρόσφορον.
1220 814 1377 868 Οὕτω
1401 816 1526 884 περὶ
1554 793 1676 868 τοῦ.

80 897 179 965 τῆς
210 897 509 968 θεαρχικῆς
547 900 778 970 Τριάδος
827 901 967 967 ἑνὸς,
997 901 1092 954 τοῦ
1124 902 1391 971 παναγίου
1448 903 1651 976 δηλαδὴ

77 987 809 1060 Πνεύματος,’θεολογοῦμεν
841 994 1024 1062 ἡμεῖς.
1052 993 1306 1047 Τοιοῦτον
1351 994 1482 1049 αὐτὸ
1530 998 1651 1058 ταῖς

76 1076 167 1130 τοῦ
199 1079 443 1145 μεγάλου
462 1080 676 1151 Πατρδς
729 1080 1017 1138 Βασιλείου
1049 1087 1244 1153 σοφαῖς
1295 1085 1648 1155 εἰσηγήσεσιν

80 1167 567 1246 ἰξακολουθοῦντρς
600 1173 1002 1243 πρεσϐεύομεν.
1049 1175 1148 1227 Arb
1166 1177 1259 1228 καὶ
1291 1169 1370 1236 rb
1411 1175 1646 1247 ἀξίωμα,

78 1259 195 1311 καθ’
208 1259 237 1310 ὃ
254 1260 598 1330 δευτερεύειν
614 1263 832 1332 λέγεται
849 1267 908 1318 τὺ
922 1265 1147 1337 Πνεῦμα
1161 1269 1222 1324 τὸ
1238 1268 1390 1335 ἀγιον
1405 1266 1498 1320 τοῦ
1521 1267 1650 1322 Υίοῦ

76 1349 181 1404 τῶν
201 1353 709 1424 ἀναγεγραμμένων
722 1357 1192 1428 ἑκλαμϐανόμενοι
1213 1354 1332 1412 κατ’
1348 1359 1524 1426 οὐδὲν,
1553 1360 1649 1415 ire

78 1442 212 1493 πολὺ
242 1445 539 1512 φερόντων,
560 1447 617 1499 τὸ
637 1445 942 1516 δύσφημον,
959 1449 1050 1525 ri),
1068 1451 1204 1518 παρ’
1217 1451 1404 1505 αὑτοῦ
1421 1436 1651 1506 τὸεῖναι

76 1530 245 1599 ἕχον,
278 1533 374 1587 καί
400 1534 538 1604 παρ’
571 1536 760 1591 αὐτοῦ
784 1540 1096 1608 λαμϐάνον
1136 1541 1234 1596 καί
1269 1543 1652 1612 ἀναγγέλλον-

77 1621 244 1692 ήμῖν’
283 1627 380 1682 ’ταὶ
413 1627 570 1694 ὅλως
595 1630 839 1697 ἐκείνης
872 1632 985 1699 τῆς
1039 1634 1232 1698 αιτίας
1266 1635 1608 1704 ἇξημμένον
1632 1652 1647 1667 ο

77 1713 176 1784 τῆς
206 1716 471 1780 ἐκδόσεως
508 1718 675 1776 αὐτοῦ
702 1719 797 1773 τοῦ
824 1720 1087 1791 θεηγόρου
1120 1723 1332 1794 Πατρδς
1361 1724 1650 1782 Βασιλείου

80 1803 411 1874 πιστεύομεν
437 1808 849 1882 ἀναπιρῤήτως
877 1814 1078 1880 τελεῖν,
1119 1815 1198 1878 ὡς
1249 1817 1648 1889 ἐξηγουμένου.

81 1894 196 1957 πῶς
219 1897 412 1967 εῖρηκε
434 1898 778 1969 δευτερεύειν
812 1904 1087 1974 ἀξιώματι
1115 1895 1207 1961 τοῦ
1241 1909 1372 1963 Υίοῦ
1403 1910 1464 1963 τὸ
1487 1906 1672 1965 Πνεῦ-’

83 2002 158 2052 μα
192 1987 255 2040 ro
301 1988 478 2054 ἀγιον,
521 1991 605 2044 δτι
634 1995 800 2061 φησὶν
836 1995 911 2060 ὡς
944 1997 1086 2066 παρ’
1135 1999 1325 2055 αὑτοῦ
1383 2000 1450 2053 τὸ
1499 1997 1657 2056 εἷναι

77 2075 243 2153 ἕχον,
267 2080 365 2132 καί
401 2082 540 2149 παρ’
569 2083 762 2138 αὐτοῦ
788 2087 1120 2154 λαμϐάνον,
1145 2092 1247 2144 καί
1274 2069 1658 2160 arcemduae?

77 2165 248 2231 ἡμῖν,
272 2165 374 2220 καί
407 2167 565 2235 ὅλως
595 2169 837 2238 ἐκείνης
884 2174 998 2243 τῆς
1027 2178 1232 2241 αἰτίας
1289 2180 1654 2249 ἐξημμένον.

82 2253 156 2306 ’Ἦ
191 2253 436 2310 δότωσαν
461 2260 513 2312 οἰ
541 2261 680 2329 πρὸς
721 2262 879 2316 τοῦτο
916 2265 1243 2335 προθέμενοι
1285 2268 1384 2340 τὴν
1411 2272 1659 2326 ἐναντίαν

81 2347 398 2400 παντάπασι
431 2348 670 2418 βαδίζειν
695 2353 830 2424 ἡμῖν
859 2354 1058 2424 ἑτέραν
1076 2359 1289 2412 ¹ἔννοιαν
1315 2363 1434 2423 ταῖς
1482 2364 1564 2424 εἰς
1598 2365 1659 2417 rb

79 2434 235 2490 Θεῖον
262 2435 449 2508 ὀρθαῖς
482 2440 784 2513 ὑπολήψεσι
807 2446 913 2499 τῶν
937 2448 1196 2518 Πατέρων
1230 2455 1657 2522 συντρέχουσαν,

82 2526 204 2580 καθ’
233 2528 302 2599 ἢν
350 2531 690 2603 δευτερεύειν
718 2537 987 2606 ἀξιώματι
1017 2539 1112 2592 τοῦ
1161 2539 1291 2595 Υῑοῦ
1331 2542 1392 2594 τὸ
1433 2543 1660 2614 Πνεῦμα

81 2618 142 2670 τὸ
196 2621 350 2687 ἀγιον
407 2624 658 2696 εἰρῆσθαι
728 2630 1062 2698 νομίζουσιν.
1123 2633 1210 2696 Ὠς
1257 2634 1404 2688 ἐστιν
1459 2636 1665 2689 ἄτοπον

84 2709 345 2776 ἰπιεικῶς
376 2715 579 2800 ταύτην
621 2719 721 2787 μιν
766 2721 1192 2792 ἀποδοκιμάζειν
1224 2724 1442 2789 αὐτοὺς,
1495 2725 1662 2795 ἀλλην

83 2802 169 2884 δε,
197 2806 471 2876 μηδεμίαν
526 2809 638 2864 τῶν
689 2812 929 2867 εὐσεϐῶν
991 2815 1237 2882 εἰσάγειν
1302 2819 1662 2886 μηδοπωσοῦν

81 2894 366 2991 δύνασθαι.
403 2898 575 2952 Πόθεν
605 2918 620 2966 ;
655 2901 833 2956 Ὅπου
855 2922 916 2973 γε
937 2905 1037 2973 τῆς
1060 2906 1315 2976 ἀληθείας
1335 2909 1430 2961 ἰπὶ
1461 2913 1662 2974 παντὸς

83 2984 270 3054 λόγου’
289 2991 385 3042 καὶ
421 2991 743 3062 πράγματος
763 2993 934 3065 ,οὖσης
967 2998 1118 3066 μιᾶς,
1150 2999 1367 3070 ἀνάγκη
1399 3001 1463 3073 δὴ
1483 3002 1664 3056 πᾶσαν

84 3078 261 3140 τελεῖν
283 3081 411 3148 μίαν
458 3083 583 3136 τινὰ
622 3087 716 3138 καὶ
750 3087 985 3141 ἐνταῦθα
1007 3088 1107 3156 τὴν
1131 3092 1392 3164 ἀληθινὴν
1429 3095 1663 3151 ἔννοιαν.

1753 626 1980 682 minime
2030 625 2293 693 alienum,
2324 624 2526 696 quibus
2582 621 2952 681 essentialiter
3002 620 3166 676 simul
3215 635 3327 675 una

1752 717 1917 775 Pater
1944 728 2001 775 et
2053 717 2224 773 Filius
2259 718 2622 781 adornantur,
2685 714 2929 782 exceptis
2983 713 3326 784 singulorum

1750 813 2205 885 proprietatibus,
2237 815 2298 868 et
2326 811 2372 867 si
2410 810 2544 880 quid
2573 821 2657 863 est
2707 807 2853 862 aliud
2884 808 3029 872 quod
3060 806 3333 861 ambobus

1751 905 1872 962 istis
1902 906 2212 960 conveniat.
2243 901 2357 957 Hoc
2397 900 2559 956 modo
2589 900 2658 954 de
2681 914 2790 954 uno
2820 897 3042 953 Deitatis
3067 895 3332 967 principis

1734 995 1989 1068 ~'l'riadis,
2050 993 2406 1068 sanctissimo
2456 1005 2652 1060 nempe
2699 988 2932 1058 Spiritu,
2977 974 3334 1044 decernimus

1750 1102 1875 1143 nos.
1907 1085 2096 1141 Talem
2149 1066 2302 1140 illum
2349 1080 2862 1154 providentissimus
2923 1074 3331 1147 magni.Patris

1751 1177 1938 1234 Basilii
1996 1176 2394 1232 instructiones
2453 1180 2745 1241 sequentes
2773 1174 3043 1224 tenemus;
3078 1165 3348 1234 Propter-~

1750 1284 1924 1340 eaque
1977 1278 2034 1324 et
2081 1266 2425 1337 dignitatem,
2484 1281 2590 1336 qua
2645 1262 2923 1320 secundus
2968 1275 3087 1316 esse
3121 1274 3150 1313 a
3195 1257 3350 1314 Filio-

1751 1356 1952 1416 dicitur
1999 1357 2239 1430 Spiritus
2294 1365 2535 1420 sanctus,
2605 1368 2672 1410 ex
2721 1354 2832 1423 jam
2879 1366 3046 1421 supra
3110 1347 3345 1418 scriptis

1753 1452 1980 1506 minime
1998 1450 2314 1520 eripientes,
2345 1462 2413 1502 ne
2443 1447 2498 1501 in
2524 1447 2790 1500 immanes
2821 1442 3188 1512 blasphemiae
3212 1453 3345 1510 pro-

1753 1543 2020 1605 labamur,
2057 1539 2214 1603 illud,
2241 1554 2305 1592 ea:
2329 1539 2444 1608 ipso
2467 1552 2577 1590 esse
2602 1534 2981 1604 possidentem,
3030 1541 3079 1586 et
3112 1533 3178 1583 ab
3223 1531 3337 1599 ipso

1752 1633 2091 1703 accipientem
2120 1639 2170 1686 et
2207 1629 2608 1684 denuntiantem
2647 1627 2819 1690 nobis,
2863 1632 2916 1678 et
2946 1625 3002 1677 in
3026 1637 3236 1677 summa
3268 1623 3334 1676 ab

1753 1723 1850 1779 illa
1880 1738 2044 1777 causa
2082 1720 2479 1790 dependentem,
2528 1732 2595 1772 ex
2625 1716 2835 1772 calamo
2881 1721 3167 1784 manuque
3200 1714 3341 1767 divi-

1755 1815 1961 1882 niloqui
1989 1813 2284 1883 magnique
2329 1808 2515 1865 Basilii
2545 1806 2885 1878 processisse
2932 1805 3073 1859 citra
3117 1811 3341 1857 contra-

1758 1907 2052 1964 dictionem
2087 1904 2381 1969 credimus,
2429 1902 2614 1971 aliquo
2642 1897 2807 1954 modo
2837 1895 3189 1966 exponentis.
3225 1910 3332 1963 qua

1759 1997 1976 2050 ratione
2041 1991 2264 2056 dixerit,
2309 1990 2573 2059 dignitate
2629 1985 2935 2043 secundum
2963 1997 3088 2040 esse
3120 1996 3151 2036 a
3201 1981 3340 2037 Filio

1741 2086 2030 2156 ’Spiritum
2054 2089 2326 2147 sanctum,
2367 2092 2561 2148 nempe
2600 2076 2744 2146 quod
2774 2075 2840 2130 ab
2867 2077 2982 2143 ipso
3003 2089 3116 2128 esse
3155 2072 3336 2136 habet,

1757 2189 1806 2232 et
1838 2176 1902 2231 ab
1947 2177 2061 2246 ipso
2103 2173 2298 2241 accipit
2339 2179 2388 2224 et
2417 2169 2702 2223 annuntiat
2763 2166 2937 2231 nobis,
2975 2175 3024 2218 et
3053 2166 3106 2216 in
3131 2177 3342 2218 summa

1758 2271 1826 2326 ab
1851 2268 1947 2323 ίιία
1994 2283 2158 2322 causa
2187 2251 2436 2334 dependet
2477 2278 2491 2315 :
2526 2269 2617 2314 aut
2650 2259 2746 2328 qui
2780 2257 2886 2312 sibi
2914 2262 3341 2326 proposuerunt,

1758 2363 1922 2416 aliam
1947 2359 2216 2428 nobisque
2245 2355 2578 2413 contrariam
2619 2346 2836 2406 calcare
2901 2348 3069 2412 viam,
3122 2355 3342 2402 senten-

1747 2454 1890 2509 tiam
1948 2451 2138 2515 aliam,
2183 2449 2334 2505 sanis
2391 2445 2615 2504 Patrum
2647 2442 2716 2496 de
2751 2439 2990 2495 Numine
3034 2436 3342 2508 approbo»

1760 2534 2010 2599 ‘sionibns
2039 2536 2372 2598 concordem
2415 2535 2723 2599 insinuent,
2756 2532 2829 2586 ob
2873 2543 3038 2600 quam
3071 2528 3342 2599 Spiritum

1762 2643 2014 2689 sanctum
2049 2648 2080 2686 a
2113 2629 2254 2686 Filio
2277 2626 2576 2685 secundum
2617 2625 2828 2679 dictum
2879 2635 3002 2677 esse
3025 2620 3340 2690 opinantur.

1765 2727 1946 2794 Quare
1989 2725 2289 2781 absurdum
2332 2731 2416 2778 est
2471 2718 2639 2790 plane
2688 2718 2830 2771 hanc
2888 2715 3037 2784 ipsos
3086 2711 3340 2780 rejicere,

1763 2821 1929 2876 aliam
1979 2833 2108 2875 vero
2169 2815 2403 2878 nullam,
2434 2826 2582 2882 'qun
2622 2817 2771 2865 recta
2799 2807 2894 2873 sit,
2935 2805 3132 2860 aﬂ'erre
3191 2800 3344 2856 nullo

1773 2909 1938 2965 modo
1966 2923 2149 2979 posse.
2211 2902 2536 2961 Undenami
2569 2901 2708 2956 Cum
2738 2898 2932 2954 una-in
2974 2910 3034 2952 re
3065 2905 3348 2954 sermone-

1764 3012 1872 3070 que
1915 2997 2098 3052 omnis
2129 2995 2333 3051 veritas
2390 2993 2485 3059 sit,
2529 2992 2618 3046 hic
2646 2990 2808 3044 etiam
2832 3001 2995 3042 unam
3047 2995 3344 3049 veramque

1765 3089 2094 3149 sententiam
2140 3102 2282 3144 esse.
2325 3084 2451 3140 Huc
2503 3097 2633 3138 vero
2672 3079 2862 3146 fuerit,"
2910 3079 2956 3134 si
3015 3076 3341 3146 compendio

84 3169 236 3241 Αὕτη
263 3172 320 3224 δί
351 3173 568 3257 πάντως
586 3177 952 3243 καθέστηκεν,
985 3183 1032 3234 εἰ
1063 3183 1143 3235 δεῖ
1171 3186 1450 3256 συντόμως
1467 3189 1675 3260 εἰπεῖν,

1781 3198 1870 3239 res
1908 3179 2246 3251 expedienda
2275 3186 2378 3240 est,
2431 3189 2596 3244 quam
2628 3188 2659 3227 a
2695 3185 2894 3241 magno
2938 3170 3045 3223 hoc
3089 3165 3344 3222 instructi

85 3262 155 3331 ἢν
185 3263 321 3332 πρὸς
358 3265 452 3326 τοῦ
517 3261 754 3336 μεγάλου
805 3270 1150 3342 διδαχθέντες
1214 3278 1660 3350 ἀποδεδώκαμεν.

88 3353 319 3420 Ὠσπερ
338 3358 469 3424 γὰρ,
495 3357 584 3411 ἵνα
608 3362 732 3413 κατ’
764 3363 932 3417 αὑτὸν
956 3363 1022 3417 τὰ
1048 3364 1167 3419 θεῖα
1188 3367 1355 3420 πολὺν
1387 3371 1484 3422 καὶ
1508 3366 1664 3436 αὖθις

87 3446 217 3513 ἰρῶ,
247 3449 414 3514 τάξει
443 3451 542 3506 καί
571 3452 858 3523 ἀξιώματι
882 3456 989 3510 τοῦ
1019 3460 1250 3527 Πατρός
1277 3459 1450 3516 ἐστιν
1471 3465 1504 3517 ό
1533 3466 1665 3531 Υίὸς

86 3535 388 3618 δεύτερος,
414 3543 504 3606 ὅτι
528 3546 666 3611 παρ’
694 3547 884 3601 αὐτοῦ
911 3545 1194 3616 κέκτηται
1226 3552 1345 3618 μεθ’
1377 3547 1454 3607 ὧν
1489 3553 1667 3609 ἀλλων

89 3628 330 3693 πλουτεῖ,
360 3633 460 3685 καί
493 3632 610 3700 τὴν
633 3636 833 3688 αἰτίαν
860 3639 958 3691 καί
988 3640 1101 3706 τήν
1129 3641 1330 3710 ἀρχὴν
1374 3644 1485 3711 τῆς
1549 3648 1666 3700 ὑπ·-

88 3719 338 3788 άρξεως,
365 3722 425 3774 ού
457 3724 581 3776 κατ’
603 3722 812 3780 ῐννοιαν
859 3729 1053 3799 ἑτέραν
1082 3733 1204 3784 τινά
1229 3733 1324 3786 τοῦ
1360 3734 1666 3806 ἀξιώματός

84 3829 149 3864 τε
183 3813 410 3882 καὶτῆς
460 3815 668 3881 τάξεως
709 3818 980 3888 οὐδαμῶς,
1030 3821 1329 3891 ἐπειδήπερ
1364 3825 1420 3877 αἰ
1485 3826 1667 3881 λοιπαὶ

90 3905 264 3958 πᾶσαι
293 3907 460 3975 χωρὶς
485 3909 688 3979 ταύτης
705 3911 1066 3983 ἀποφέρονται
1101 3914 1235 3966 πολύ
1259 3934 1310 3971 τι
1339 3919 1400 3971 τὸ
1425 3916 1669 3990 βλάσφηο

94 4016 194 4067 μον
229 4015 243 4028 ·
276 4000 420 4068 οὕτω
445 3992 697 4072 δεύτερον
727 4001 898 4067 τάξει,
925 4006 1018 4058 καὶ
1053 4005 1198 4059 τοῦτ’
1229 4006 1362 4061 αὐτὸ
1389 4010 1482 4064 τοῦ
1539 4011 1665 4084 θεηο

79 4091 256 4160 γγόρου
290 4092 528 4161 Πατρὸς,
583 4093 678 4145 καὶ
735 4092 1006 4163 ἀξιώματι
1053 4096 1112 4148 τὸ
1147 4097 1369 4169 Πνεῦμα
1401 4101 1462 4154 τὸ
1513 4101 1669 4164 ἅγιον

91 4183 212 4235 κατ’
279 4181 537 4253 οὐδεμίαν
579 4182 759 4236 αὐτῶν
812 4183 1040 4250 ἔννοιαν,
1072 4187 1189 4242 ἀλλ’
1234 4188 1266 4258 ἢ
1303 4191 1511 4259 πέφυκε
1573 4193 1669 4248 τοῦ

77 4271 451 4340 Μονογενοῦς,
494 4272 633 4343 πλὴν
661 4275 746 4329 δτι
772 4292 854 4329 τοι
898 4278 1029 4348 παρ’
1058 4279 1224 4333 αὐτοῦ
1275 4281 1337 4334 τὸ
1365 4281 1503 4336 εἶναι
1530 4283 1667 4356 εχει,

78 4363 352 4434 οιαὶ-παρ’
399 4363 563 4419 αὐτοῦ
603 4365 870 4433 λαμϐάνει
918 4369 1010 4421 καὶ
1049 4370 1366 4439 ἀναγγέλλει
1401 4377 1552 4446 ἡμῖν,
1577 4378 1672 4431 καὶ

91 4456 230 4520 ὅλως
258 4457 477 4528 ἐκείνης
529 4457 629 4526 τῆς
662 4460 843 4521 αἰτίας
873 4460 1130 4530 ἐξῆπται,
1178 4465 1319 4518 κατὰ
1379 4467 1469 4521 τὸν
1507 4468 1670 4537 σοφὸν

93 4549 186 4600 καὶ
221 4549 396 4619 μέγαν
444 4551 741 4605 Βασίλειον.
797 4553 893 4606 Ἐκ
920 4553 1123 4608 τούτων
1151 4556 1247 4610 καὶ
1293 4559 1526 4626 μάλιστα
1573 4562 1672 4624 τάς

95 4636 464 4713 βίϐλους,αῖς
491 4642 737 4710 ἔγκειται
774 4645 836 4698 τὸ
865 4647 1104 4701 τοιοῦτον
1132 4651 1314 4720 ῥητὸν,
1362 4652 1672 4716 ἀποσώζειν

91 4733 154 4786 τὺ
183 4735 408 4803 γνήσιον
454 4735 646 4798 κάλλος
678 4736 772 4789 τοῦ
805 4738 1014 4808 Πατρὺς
1043 4741 1500 4813 διαϐεϐαιούμεθα
1527 4761 1542 4775 ο
1572 4747 1672 4809 τὰς

91 4824 149 4877 δὲ
177 4826 370 4889 λοιπάς
386 4827 539 4891 δσαις
564 4829 754 4891 ποσῶς,
771 4827 1260 4902 ἐγκειταιιδηλαδὴ
1292 4835 1352 4888 τὺ
1377 4837 1533 4889 νόθον
1577 4840 1673 4893 καὶ

95 4918 530 4986 παρέγγραπτον
562 4921 709 4992 ἔχειν
738 4924 1176 4992 ἀποφαινόμεθα.

167 5008 268 5065 κε’.
335 5011 477 5081 Πρὸς
529 5011 565 5066 ἀ
589 5015 682 5067 καὶ
721 5014 796 5085 μὴ
845 5014 1127 5079 σθένοντες
1169 5016 1470 5086 ἀντιλέγειν
1503 5021 1553 5072 οἰ
1586 5019 1672 5073 διὰ

98 5102 301 5164 παντὸς
321 5101 442 5156 κατ’
476 5101 660 5172 ὄρεξιν
683 5105 747 5175 δὴ
770 5105 940 5177 μόνην
970 5108 1062 5160 καὶ
1089 5105 1301 5179 θέλημα
1331 5109 1432 5179 τῆς
1457 5110 1674 5175 οἰκείας

94 5193 274 5262 ψυχῆς
301 5193 610 5262 ἡγούμενοι,
647 5193 805 5248 τοῦτο
827 5197 1040 5266 τρυφὴν
1098 5198 1328 5268 φήσαιεν
1385 5199 1452 5252 ἂν
1520 5201 1672 5267 ῖσως,

95 5287 192 5338 ἐπὶ
217 5286 277 5339 τὸ
305 5286 466 5357 ῥητὸν
484 5285 578 5339 τοῦ
607 5287 903 5342 Νύσσαέων
929 5277 1319 5358 ἀρχιποίμενος
1347 5291 1672 5361 Γρηγορίου,

97 5374 192 5427 τοῦ
249 5377 362 5435 τοῖς
397 5374 631 5445 δόγμασι
683 5376 971 5446 διαϐοήτου
1015 5378 1503 5448 μεταπηδήσαντες
1533 5383 1674 5433 κατὰ

97 5466 229 5529 τοὺς
276 5466 520 5532 ἀγεννεῖς
565 5465 674 5520 τῶν
725 5468 1161 5523 καταϐαινόντων
1221 5470 1301 5531 εἰς
1344 5469 1406 5521 rb
1462 5471 1676 5524 στάδιον

101 5558 389 5628 ἀθλητῶν,“
417 5558 612 5624 οἵτινες
635 5560 784 5614 ἐςτιν
820 5553 881 5613 οὗ
912 5561 1172 5630 γέμοντες
1201 5563 1475 5626 ἀναιδείας
1538 5563 1675 5633 ὁμοῦ

103 5651 198 5704 καὶ
223 5651 602 5722 φρονήματος,
637 5653 855 5704 ἐπειδὰν
891 5652 1164 5723 ἡττηθῶσι
1201 5653 1321 5706 καθ’
1365 5654 1423 5706 ἓν
1478 5647 1676 5723 ἀγώνι-

106 5759 243 5810 σμα,
278 5744 422 5811 φημὶ
446 5743 543 5812 τὴν
571 5745 744 5812 πάλην
777 5744 956 5812 τυχὸν,
1003 5743 1194 5812 ἀθρόον
1249 5745 1342 5796 καὶ
1399 5745 1675 5814 παρευθὺς

108 5833 351 5902 θρασέως
388 5854 495 5899 πως
534 5837 917 5906 μεταπηδῶσιν
965 5836 1051 5905 ἐφ’
1111 5837 1315 5906 ἕτερον,
1365 5839 1501 5907 μήτε
1548 5839 1670 5902 τοὺς

1769 3274 2172 3334 tradididimus.
2200 3268 2656 3337 Quemadmodum
2681 3268 2841 3328 enim,
2868 3275 2927 3318 ut
2958 3277 3084 3315 cum
3113 3261 3361 3315 divinisr

1767 3369 1908 3426 simo
1938 3367 2045 3422 isto
2071 3377 2263 3418 rursus
2303 3362 2549 3430 eloquar,
2590 3358 2772 3410 ordine
2801 3363 2859 3408 et
2879 3354 3141 3422 dignitate
3171 3349 3353 3404 Filius

1765 3467 1839 3514 est
1858 3455 2116 3513 secundus
2141 3471 2173 3508 α
2195 3447 2377 3516 Patre,
2394 3450 2532 3520 quod
2556 3449 2620 3500 ab
2645 3449 2758 3514 ipso
2781 3446 3072 3516 possideat,
3091 3457 3214 3496 cum
3246 3441 3348 3495 bo-

1770 3551 1857 3606 nis
1893 3547 2126 3617 reliquis
2160 3544 2361 3616 quibus
2387 3541 2774 3610 locupletatur,
2810 3547 2858 3591 et
2883 3551 3101 3606 causam
3129 3541 3177 3587 et
3201 3535 3351 3600 prin-

1767 3643 1964 3710 cipium
1987 3654 2100 3694 sua:
2125 3636 2471 3700 exsistentic,
2505 3647 2613 3686 non
2647 3631 2754 3685 alio
2787 3643 3016 3699 prorsus
3036 3626 3348 3695 signiﬁcatu
3371 3633 3376 3642 '

1770 3730 2056 3802 dignitatis
2088 3739 2144 3785 et
2184 3725 2434 3790 ordinis,
2504 3724 2634 3776 dum
2682 3721 2892 3789 reliqua
2943 3719 3148 3782 0mnia,
3173 3731 3344 3770 unum

1772 3824 1877 3878 hoc
1931 3821 1979 3878 si
2033 3819 2301 3890 excipias,
2360 3813 2591 3871 immani
2636 3811 2971 3881 blasphemia
3035 3810 3345 3862 horreant:

1770 3915 1854 3970 sic
1885 3921 1939 3967 et
1974 3911 2214 3982 Spiritus
2257 3917 2486 3964 sanctus
2517 3905 2798 3960 secundus
2828 3911 2912 3956 est
2942 3915 2970 3952 a
3013 3898 3153 3952 Filio
3181 3907 3235 3952 et
3259 3895 3349 3951 di-

1773 3999 2063 4070 gnitateet
2113 3985 2328 4059 ordine,
2383 4009 2496 4047 non
2528 4001 2591 4046 ut
2626 3991 2741 4060 ipsi
2779 3991 3094 4059 opinantur,
3147 3985 3243 4041 sed
3292 3995 3350 4040 ut

1770 4091 1996 4148 exsistit
2039 4089 2109 4143 ab
2146 4087 2464 4156 Unigenito,
2529 4094 2743 4139 tantum
2797 4082 2925 4152 quia
2959 4082 3029 4135 ab
3060 4081 3181 4148 ips‘o
3209 4090 3350 4134 ‘esse

1773 4185 1960 4249 habet,
1989 4191 2044 4238 et
2090 4181 2159 4237 ab
2194 4183 2314 4250 ipso
2353 4179 2576 4248 accipit,
2615 4187 2669 4232 et
2700 4176 2995 4231 annuntiat
3049 4174 3236 4239 nobis,
3293 4181 3349 4226 et

1773 4275 1829 4329 in
1854 4288 2069 4328 summa
2115 4272 2184 4326 ab
2217 4271 2307 4324 illa
2353 4285 2527 4324 causa
2569 4267 2791 4338 pendet,
2841 4268 2918 4320 uti
2978 4266 3194 4332 sapiens
3229 4279 3348 4316 Ina-

1774 4379 2021 4435 gnusque
2061 4362 2302 4417 Basilius
2333 4361 2603 4416 decernit.
2670 4358 2767 4414 His
2795 4358 3142 4428 potissimum
3189 4354 3348 4408 volu-

1777 4458 1923 4511 mina
1959 4456 2168 4519 omnia,
2224 4456 2280 4509 in
2320 4454 2521 4524 quibus
2571 4453 2775 4506 dictum
2828 4449 3012 4504 simile
3065 4456 3347 4507 exaratur.

1703 4531 1752 4590 ο
1779 4545 2073 4619 genuinam
2110 4544 2564 4613 pulchritudinem
2587 4540 2765 4595 Patris
2791 4540 3025 4594 retinere
3063 4549 3350 4590 assevera-

1777 4653 1923 4700 mus,
1949 4637 2160 4706 reliqua
2200 4635 2410 4698 omnia,
2448 4635 2500 4688 in
2531 4633 2728 4701 quibus
2772 4644 2880 4684 non
2912 4629 3128 4699 legitur,
3163 4626 3350 4694 spuria

1776 4740 1942 4799 atque
1970 4727 2275 4784 adulterata
2304 4741 2428 4783 esse
2452 4725 2821 4780 decernimus.

1847 5011 1936 5064 25.
1974 5009 2142 5063 Dictis
2175 5023 2298 5063 eum
2325 5008 2706 5061 contradicere
2730 5015 3024 5073 nequeant,
3060 5002 3362 5078 quirebus

1777 5103 1831 5157 in
1860 5103 2115 5157 omnibus
2141 5101 2285 5171 quod
2312 5100 2578 5155 voluntati
2603 5108 2657 5153 et
2676 5098 2887 5152 libidini
2919 5111 3032 5151 sua
3074 5098 3349 5151 obsecun-

1777 5196 1892 5256 dat,
1919 5196 2083 5264 idque
2120 5195 2350 5263 propria:
2400 5194 2596 5247 anima:
2632 5193 2860 5246 delicias
2890 5200 3054 5260 atque
3095 5190 3350 5244 oblecta-

1779 5297 1962 5342 menta
1990 5294 2265 5356 reputant,
2299 5287 2484 5340 dicent
2513 5285 2774 5350 fortasse,
2803 5285 2857 5338 in
2905 5285 3108 5338 dictum
3146 5283 3352 5351 Grego-

1781 5380 1848 5433 rii
1884 5377 2252 5448 Nyssenorum
2291 5377 2574 5443 antistitis,
2606 5377 2659 5430 in
2681 5375 3026 5446 dogmatibus
3047 5375 3352 5430 statuendis

1781 5471 2143 5533 celeberrimi,
2183 5470 2510 5535 resilientes,
2544 5470 2624 5524 uti
2678 5469 2855 5540 ignavi
2920 5468 3215 5522 luctatores
3249 5468 3350 5523 de-

1780 5562 2100 5617 scendentes
2124 5562 2179 5614 in
2208 5562 2467 5626 stadium,
2487 5562 2582 5631 qui
2611 5557 2948 5630 impudentia
2973 5557 3346 5626 jactantiaque

1781 5656 1950 5723 pleni,
1981 5669 2103 5709 cum
2146 5654 2200 5708 in
2242 5669 2352 5707 uno
2390 5636 2712 5716 certamine,
2762 5652 2908 5706 lucta
2944 5665 3138 5719 nempe
3181 5664 3346 5718 supev

1782 5747 1907 5810 rati,
1939 5746 2119 5800 statim
2163 5760 2226 5798 ac
2265 5751 2504 5811 repente
2536 5744 2587 5794 in
2646 5742 2794 5794 aliud
2864 5738 3202 5796 transiliunt,
3253 5750 3353 5789 nec

1781 5840 2066 5893 minimum
2095 5837 2315 5904 quidem
2361 5843 2691 5904 spectatores
2742 5831 2982 5897 ret-criti,
3016 5832 3067 5886 in
3113 5841 3348 5900 quorum
