4132 6426
103 453 254 517 1209

959 455 1060 517 DE
1099 443 1616 517 PROCESSIONE
1657 455 1720 515 S.
1755 453 2118 522 SPIRITUS
2157 459 2393 540 ΟΒΛΤ.
2416 462 2505 524 ΙΙ.

3226 458 3366 527 1210

99 566 202 619 καὶ
230 565 567 636 τελεωτέραν
601 569 1106 640 προτιμησάμενος,
1131 570 1208 634 ὡς
1230 569 1500 641 περιττὴν
1540 567 1685 623 ἔκει-

1800 570 1906 626 bile
1961 571 2300 638 praeferens.
2365 584 2631 644 tanquam
2697 589 3169 644 supervacaneum
3232 575 3366 635 illud

95 672 202 725 νην
235 657 574 728 τεαρέδραμε.
604 658 710 714 Καὶ
745 661 854 730 μὴν
897 661 1057 730 δῆλον
1076 663 1188 724 τοῖς
1231 661 1684 729 διαγινώσκουσιν

96 746 378 812 ὁπωσοῦν,
415 749 591 818 μήτοι
609 767 672 819 γε
694 752 874 822 μόνοις
904 750 1016 816 τοῖς
1046 752 1396 823 ὑψηλοῐςπὴν
1423 752 1681 819 διάνοιαν,

94 834 176 900 ὥς
211 837 264 889 ιι
284 837 360 908 μὴ
395 837 625 912 διαφορά
654 843 758 900 κάν
772 840 1002 906 τούτοις,
1031 841 1108 913 τῷ
1140 841 1461 912 Υἱῷ,λέγω,
1495 840 1588 895 καὶ
1609 839 1686 910 τῷ

101 927 386 998 Πνεύματι
422 930 499 1001 τῷ
529 934 800 1003 πιναγιῳ,
831 916 962 988 καθ(
982 933 1214 1004 ὓπαρξιν
1241 933 1358 988 ἐστι
1383 951 1486 1000 τις,
1521 932 1690 1004 aias-

99 1017 214 1072 λων
241 1022 304 1073 οὐ
336 1022 686 1095 διαφέρουσιν
707 1025 924 1095 ἀληθῶς
956 1028 1047 1080 καὶ
1074 1025 1427 1097 κυρίως,’καὶ
1481 1025 1687 1096 σύγχυ-
1721 1023 1726 1028 ’

101 1127 190 1174 σις
226 1112 378 1166 ἔνθεν
401 1118 511 1178 τοῖς
543 1116 920 1182 ὑποστατικοϊς
952 1117 1234 1187 ἰδιώμασιν
1265 1132 1281 1149 ⁶
1303 1117 1441 1188 ὅπερ
1470 1118 1686 1170 ἀτοπώο

97 1220 268 1257 τατον
296 1204 375 1274 τῷ
403 1207 516 1259 ὑντι
545 1207 708 1272 τελεῖ,
736 1207 830 1260 καὶ
872 1207 974 1276 τῆς
1006 1207 1289 1270 εὐσεϐείας
1323 1205 1688 1278 ἀλλοτριώταρ

99 1310 219 1348 τον.
257 1292 421 1358 Αὖθις
445 1295 627 1367 δὲτὴν
674 1297 794 1350 καθ’
829 1296 1062 1369 ὓπαρξιν
1086 1298 1423 1368 κεκτημένος
1463 1299 1490 1357 δ
1525 1297 1689 1367 σοφὸς

98 1379 562 1455 οὖτος,διαφοράν
587 1387 778 1456 ἑτέραν
809 1388 909 1440 οὑκ
941 1389 1007 1443 ἀν
1061 1404 1193 1441 ποτε
1256 1391 1409 1458 παρά
1459 1390 1682 1460 ταύτην,

99 1475 180 1537 ὡς
209 1475 359 1538 εἰκὸς
386 1515 402 1541 ,
433 1476 617 1531 ἐνθάδε
644 1469 1064 1549 προέκρινεν,οὑ
1102 1480 1265 1549 μόνον
1289 1479 1410 1532 ἀνθ’
1443 1474 1518 1534 ὧν
1547 1480 1690 1551 αὕτη

103 1566 324 1635 πέφυκε
386 1567 522 1637 μόνη
578 1568 811 1638 διαφορά
857 1569 1063 1638 κυρίως
1088 1564 1190 1623 ’καὶ
1245 1570 1481 1639 ἀληθῶς,
1548 1571 1583 1641 ἡ
1631 1570 1690 1624 δι

105 1655 252 1709 κατὰ
283 1655 466 1726 σχέσιν
493 1657 683 1711 ἕπεται
701 1659 767 1729 τῇ
791 1659 1037 1730 τοιαύτῃ,
1060 1659 1261 1730 δηλαδὴ
1280 1662 1347 1731 τῇ
1364 1659 1493 1713 καθ’
1515 1657 1691 1730 ῦπαρ·-

107 1745 213 1812 ξιν,
231 1747 347 1801 ἀλλ’
380 1750 460 1802 ὅτι
485 1750 579 1802 καὶ
609 1750 771 1814 αὑτδς
797 1751 886 1804 διὰ
921 1752 1082 1805 τοῦτο
1127 1752 1462 1822 προθέμενος
1512 1751 1692 1820 λέγειν

1792 663 2073 733 praeteriit.
2135 663 2204 719 Et
2258 665 2615 723 nihilominus
2683 665 2769 720 vel
2827 664 3038 722 levibus
3106 665 3222 722 veri
3272 683 3370 725 co-

1791 754 2118 826 gnitoribus,
2160 769 2266 808 non
2309 763 2519 822 tantum
2561 755 2693 811 solis
2738 757 3070 826 cogitatione
3117 757 3372 814 sublimi-

1791 847 1894 902 bus
1929 847 2108 917 palam
2157 849 2264 914 est,
2317 847 2361 904 si
2393 848 2689 904 discrimen
2740 848 2962 918 aliquod
3012 849 3178 904 etiam
3217 849 3369 905 inter

1794 938 1920 1003 bos,
1971 937 2192 1002 Filium,
2246 939 2498 1008 inquam.
2544 947 2599 994 et
2634 934 2898 1009 Spiritum
2952 940 3370 996 sanctissimum

1794 1029 2096 1084 secundum
2147 1029 2530 1083 exsistentiam
2571 1044 2678 1082 non
2719 1037 2845 1093 εει,
2879 1043 3009 1085 vero
3056 1037 3108 1083 et
3150 1029 3373 1099 proprio

1795 1118 1940 1173 inter
1980 1133 2100 1173 sese
2131 1133 2244 1172 non
2282 1118 2526 1184 differre,
2581 1119 2819 1188 indeque
2855 1119 2909 1173 in
2943 1120 3374 1189 proprietatibus

1795 1210 2157 1281 hypostaticis
2191 1211 2576 1265 confusionem
2619 1208 2794 1282 sequi,
2839 1211 2982 1280 quod
3022 1225 3148 1264 vere
3179 1211 3376 1265 absur-

1796 1299 2086 1355 dissimum
2123 1300 2306 1362 fuerit,
2338 1307 2395 1354 et
2437 1315 2466 1353 a
2503 1301 2707 1368 pietate
2736 1314 2900 1368 quam
2932 1298 3199 1353 alienum.
3234 1298 3376 1354 Rur-

1796 1407 2004 1460 susque
2038 1392 2261 1461 sapiens
2292 1391 2382 1446 hic
2415 1391 2712 1446 discrimen
2744 1391 3050 1446 secundum
3096 1388 3374 1445 exsitten-

1796 1483 1926 1536 tiam
1961 1494 2177 1546 nactus,
2210 1481 2422 1536 nullum
2455 1493 2699 1550 unquam
2732 1485 2927 1550 praeter
2956 1481 3058 1535 hoc
3086 1480 3258 1541 aliud.
3292 1479 3374 1534 uti

1797 1586 1896 1641 par
1942 1583 2051 1635 est,
2103 1571 2191 1626 hic
2227 1571 2562 1640 praetulisset
2597 1589 2612 1626 :
2641 1572 2759 1631 noni
2800 1571 2979 1626 solum
3010 1569 3154 1638 quod
3190 1569 3374 1637 ipsum

1797 1663 1976 1719 solum
2019 1675 2148 1717 vero
2195 1663 2527 1733 proprieque
2581 1663 2881 1718 discrimen
2931 1670 3057 1724 est,
3106 1668 3161 1714 et
3227 1659 3376 1729 quod

1767 1751 2098 1806 secundum
2165 1752 2489 1806 relationem
2534 1761 2633 1806 est
2689 1751 2816 1814 hoc,
2867 1750 3014 1820 quod
3071 1749 3376 1805 secundum

103 1843 166 1894 ιν
198 1842 264 1910 τῇ
299 1839 560 1912 θεαρχικῇ
593 1843 783 1914 Τριάδι
811 1843 939 1914 περὶ
975 1844 1238 1914 διαφορᾶς
1268 1843 1494 1907 ἀνωθεν,
1531 1861 1688 1898 τουτ-

1800 1839 2175 1898 exsistentiam
2223 1845 2306 1895 e'st
2336 1839 2712 1909 Consequitur,
2750 1841 2846 1896 sed
2877 1845 3042 1895 etiam
3077 1845 3226 1909 quod
3260 1840 3379 1909 ipse

105 1933 257 1984 (ortv
287 1933 350 1984 ἐκ
375 1934 467 1985 τοῦ
498 1934 730 2004 Πατρὸς,
753 1934 849 1988 καὶ
880 1934 960 1986 ἔτι
989 1934 1194 2004 προϊὼν
1236 1935 1486 2005 τῆςκαθ⁸
1518 1933 1694 2006 ὓπαρ-

105 2023 329 2090 ξιν,οὑκ
367 2023 531 2094 ἀλλης
561 2025 703 2088 τινὸς
735 2026 1130 2095 ἐμνημόνευσε.
1166 2025 1276 2080 Καὶ
1304 2026 1414 2095 γάρ
1441 2027 1498 2080 ὲν
1538 2027 1694 2096 πρώ-

103 2131 222 2176 τυις
257 2115 355 2184 μὶν
386 2115 573 2186 εἴρηκε
610 2117 736 2184 περὶ
767 2115 861 2168 τοῦ
911 2116 1146 2188 Πατρδς,
1197 2117 1272 2180 ὠς
1316 2116 1495 2179 αἰτίας
1540 2111 1695 2179 ἐκτός

103 2207 278 2270 ἐστιν,
308 2206 476 2276 ἧγουν
514 2205 614 2260 οὑκ
660 2205 724 2259 εκ
757 2223 903 2269 τινος
924 2223 939 2236 ο
965 2207 1165 2276 ἑφεξῆς
1206 2203 1266 2260 ’δὲ
1292 2207 1470 2260 κοινὸν
1522 2207 1582 2259 τὸ
1637 2205 1697 2271 ἐξ

106 2279 291 2358 αἰτίας
317 2297 394 2364 τῷ
424 2296 540 2366 Υιῷ
558 2297 651 2350 καὶ
669 2295 1052 2366 τῷτΠνεὺματι
1096 2295 1390 2364 τυγχάνειν
1420 2296 1608 2359 εἰπὼν,
1636 2296 1697 2349 τὸ

104 2388 363 2455 διάφορον
389 2387 489 2457 τῆς
509 2389 656 2454 -πρδς
679 2390 770 2441 τὸν
801 2387 1023 2457 Πατέρα
1051 2387 1237 2456 θεῖκῆς
1269 2387 1511 2458 ἐδήλωσε
1571 2387 1691 2440 τού·

105 2494 217 2529 των
248 2475 555 2545 ὑπάρξεως.
586 2472 721 2530 Εῐτα
750 2478 842 2529 καὶ
865 2475 964 2546 τὴν
1016 2463 1156 2546 πρὸς
1197 2477 1402 2548 ἄλληλα
1435 2477 1696 2548 διαφορὰν

105 2567 316 2619 τούτων
339 2565 516 2619 αὑτῶν
553 2567 923 2636 ἐξηγήσασθαι
955 2566 1254 2635 βουληθεὶς,
1280 2568 1429 2627 ὅπως
1481 2568 1549 2621 τά
1597 2571 1697 2636 τῆς

111 2660 327 2729 ῥήσεως
381 2659 526 2711 κατὰ
563 2655 710 2723 λέξιν
736 2659 960 2728 γίνηταὶ
1020 2675 1111 2727 μοι
1173 2658 1470 2723 διαλαϐεῖν,
1521 2657 1697 2721 οὕτως

107 2753 351 2820 ἔφησεν·
404 2751 467 2804 Ὀ
516 2752 626 2820 γὰρ
663 2751 1000 2820 μονογενὴς
1036 2749 1167 2814 Υἱὸς·
1221 2750 1290 2803 ἐκ
1334 2752 1438 2804 τοῦ
1470 2751 1699 2818 Πατρός

110 2844 273 2910 παρὰ
299 2842 408 2910 τῆς
442 2845 615 2911 ἁγίας
653 2843 906 2912 Γραφῆς
953 2841 1323 2912 ὀνομάζεται,
1379 2843 1477 2902 καὶ
1520 2843 1698 2911 μέχρι

110 2936 327 2998 τούτου
389 2940 422 2990 ὁ
466 2937 650 3004 λόγος
691 2937 940 3002 ἵστησιν
967 2936 1127 3002 αὐτῷ
1175 2935 1241 2989 τὸ
1277 2934 1506 3006 ιδὶωμα.
1536 2935 1611 2989 τὸ
1632 2936 1702 2989 δὲ

110 3025 286 3094 ἅγιον
316 3026 557 3095 Πνεῦμα
583 3025 688 3079 και.
706 3026 772 3080 ἐκ
799 3026 904 3080 τοῦ
932 3028 1163 3094 Πατρύς
1196 3012 1431 3096 λέγεται
1453 3068 1467 3090 ,
1501 3027 1598 3080 καὶ
1632 3028 1700 3080 ἐκ

110 3117 222 3172 τοῦ
270 3116 406 3171 Υιοῦ
477 3113 629 3170 εἶναι
685 3119 1240 3185 προσμαρτυρεῖται.
1292 3117 1514 3180 Πάντως
1573 3119 1699 3187 περὶ

1798 1933 1849 1988 id
1885 1944 2130 2004 propter,
2165 1949 2290 1988 cum
2325 1933 2428 1988 sibi
2455 1933 2511 1986 in
2544 1932 2766 1988 deitatis
2804 1934 3053 2002 principe
3082 1931 3282 1985 Triade
3309 1931 3381 1986 de

1801 2024 2126 2078 discrimine
2157 2025 2341 2078 dicere
2373 2009 2774 2093 proposuisset,
2809 2038 2876 2077 ex
2923 2019 3058 2085 alto,
3111 2038 3178 2076 ex
3212 2019 3377 2077 Patre

1799 2130 2018 2184 nempe,
2067 2121 2120 2169 et
2163 2115 2470 2168 orationem
2511 2113 2845 2168 continuatis
2891 2113 3060 2176 illius,
3095 2113 3240 2181 quod
3275 2117 3380 2166 se-

1798 2208 2044 2262 cundum
2097 2198 2472 2282 exsistentiam
2522 2213 2628 2270 est,
2683 2218 2783 2258 nec
2827 2205 3057 2258 alterius
3107 2203 3377 2257 metuinit‘.

1795 2296 2043 2367 Namqu
2097 2297 2151 2350 iu
2210 2294 2405 2366 primis
2463 2294 2530 2349 do
2585 2292 2751 2348 Patre
2803 2292 2977 2356 dixit,
3034 2307 3159 2346 eum
3220 2303 3377 2346 extra

1797 2406 2047 2454 causam,
2077 2405 2187 2444 non
2237 2404 2305 2443 ex
2345 2388 2532 2457 aliquo
2564 2402 2763 2456 nempe
2791 2401 2938 2450 esse,
2972 2385 3376 2452 subsequenter

1798 2496 1922 2538 cum
1972 2495 2270 2536 commune
2331 2494 2447 2534 esse
2491 2478 2821 2534 asseruisset
2869 2475 3010 2530 Fillo
3059 2474 3382 2544 et'SpiI-itul

1798 2588 1866 2627 ex
1922 2587 2093 2628 causa
2158 2586 2324 2636 esse,
2409 2569 2730 2623 earumdem
2793 2566 2992 2620 divina:
3045 2559 3384 2620 ex'sis'tentia

1799 2674 2053 2734 respectu
2093 2663 2274 2716 Patris
2327 2659 2695 2716 diﬂ‘eroutiam
2749 2653 3080 2713 insinuavit.
3128 2655 3383 2711 Postmo-

1798 2755 1928 2809 dutn
1956 2753 2339 2810 diﬂ‘erentiam.
2371 2767 2493 2820 qua-
2533 2752 2674 2804 inter
2702 2750 2802 2803 hos
2836 2749 3062 2803 eosdem
3090 2745 3386 2800 intercedit

1799 2862 2100 2918 exponens,
2146 2855 2206 2901 ut
2256 2845 2423 2899 Verba
2477 2843 2593 2913 ipsa
2628 2841 2757 2896 dicti
2787 2840 3277 2908 comprehendam,
3308 2836 3380 2890 ita

1799 2940 2104 2999 enuntiavit
2138 2954 2152 2991 :
2192 2935 2530 3005 Uuigenittw
2557 2947 2781 3002 namque
2812 2928 2988 2984 Filius
3040 2945 3104 2982 ea:
3138 2927 3302 2982 Patre
3348 2941 3381 2980 a

1801 3047 1956 3084 sacra
1993 3029 2270 3096 διτὶριιιηι
2314 3027 2532 3090 dicitur,
2568 3039 2729 3092 neque
2774 3024 2917 3076 ultra
2951 3022 3046 3074 hoc
3078 3021 3226 3073 illius
3259 3035 3383 3086 pro-

1790 3120 2079 3185 prietate‘m
2115 3118 2290 3171 oratio
2318 3117 2587 3180 extendit,
2625 3113 2857 3180 Spiritus
2905 3129 3022 3166 vero
3070 3120 3287 3164 sanctus
3329 3118 3382 3164 et

113 3207 397 3278 ὑπάρξεως
419 3205 699 3260 κάνταῦθα
731 3207 824 3259 τοῦ
865 3205 993 3259 Υῑοῦ
1023 3207 1118 3278 ’καὶ
1173 3204 1267 3260 τοῦ
1324 3206 1639 3276 Πνεῦματος
1669 3207 1697 3258 ὀ

1800 3224 1864 3262 ex
1912 3207 2072 3263 Patre
2119 3209 2344 3269 dicitur,
2399 3218 2447 3260 et
2502 3220 2567 3258 ea:
2609 3205 2745 3258 Filio
2795 3221 2908 3258 esse
2963 3203 3245 3256 astruitur.
3286 3200 3385 3256 Hic

111 3276 270 3364 λόγος
301 3300 468 3352 ἐστίν.
523 3299 687 3352 Ὥστε
716 3304 811 3351 καὶ
859 3297 892 3368 ἡ
955 3276 1157 3366 μεταξὺ
1212 3300 1420 3350 τούτων
1466 3298 1699 3367 διαφορά

111 3391 227 3453 τοῖς
245 3390 504 3443 κάλλιστα
531 3389 710 3444 νοοῦσι
739 3389 860 3442 καθ’
882 3388 1112 3458 ὓπαρξιν
1138 3405 1151 3418 ·
1185 3390 1304 3440 ἐπεὶ
1337 3392 1446 3451 τοῖς
1474 3391 1696 3459 ἑτέρως,

115 3479 261 3548 φημὶ
284 3479 420 3532 κατὰ
457 3481 664 3548 σχέσιν,
690 3479 786 3537 νῦν
830 3475 1230 3547 ὲκλαμδάνουσι
1279 3477 1378 3547 τὴν
1436 3478 1698 3546 διαφορὰν

117 3571 487 3640 ἀσυνάρτητον
519 3569 596 3639 τῷ
627 3571 790 3622 παντὶ
815 3571 874 3621 τὸ
899 3569 1026 3638 περὶ
1055 3568 1148 3620 τοῦ
1193 3567 1509 3637 Πνεὺματος
1543 3566 1700 3620 τοῦτο

117 3659 212 3713 και
270 3660 658 3728 ἀκατάλληλον.
717 3661 900 3729 Ὁρᾷς.
948 3662 975 3712 ὁ
1036 3660 1361 3730 μαχόμενος,
1391 3659 1506 3721 πῶς
1531 3661 1701 3726 ἀναγ-

118 3754 290 3814 καίως
323 3752 358 3822 ἡ
385 3739 593 3804 διάνοια
620 3750 714 3802 τοῦ
745 3751 902 3819 λόγου
946 3749 1042 3820 τὶν
1072 3749 1142 3803 ἐκ
1183 3749 1437 3817 πρόθεσιν
1481 3753 1702 3804 ἀπαιτεῖ

121 3847 252 3916 περὶ
276 3848 384 3914 τὴν
398 3846 518 3897 καθ’
545 3844 779 3914 ὓπαρξιν
809 3845 866 3897 ὲν
890 3845 955 3914 τῇ
1009 3846 1181 3912 σεπτῇ
1217 3841 1407 3913 Τριάδι
1439 3843 1700 3913 διαφορὰν

121 3937 522 4006 καταγινομένη
573 3936 855 3999 τοτέλεον;
894 3932 1104 3986 Οὐκοῦν
1157 3933 1406 3994 ἐντεῦθεν
1467 3935 1701 4004 φανερὸν

117 4029 194 4092 ὡς
225 4029 254 4080 ὁ
278 4028 384 4080 τῶν
406 4028 691 4096 δογμάτων
713 4028 930 4096 ἀριστος
959 4018 1113 4088 οὗτος
1136 4026 1418 4096 ὑφηγητὴς
1443 4025 1580 4094 μετά
1605 4027 1702 4096 τῆς

119 4117 375 4186 τοιαύτης
438 4115 747 4186 προθέσεως
794 4116 893 4184 τὴν
945 4115 1275 4186 δηλωθείσαν
1331 4114 1496 4167 αὑτοῦ
1542 4116 1706 4184 ῥῆσιν

123 4207 406 4274 ἐξέδωκεν.
435 4209 609 4260 Ἔνιοι
638 4207 692 4259 δὲ
719 4206 828 4259 τῶν
875 4206 1186 4258 παντάπασι
1240 4206 1587 4276 κακοσχόλων
1612 4208 1702 4259 ἀν-

121 4303 264 4373 δρῶν
315 4302 413 4372 τὴν
463 4300 719 4369 ἀλήθειαν
770 4301 829 4353 ὲν
895 4300 1094 4369 ptem;
1147 4299 1289 4353 τισὶν
1335 4300 1697 4369 ἐλωϐήσαντο.

123 4393 373 4448 Τοσαῦτα
400 4393 464 4460 δὴ
501 4395 592 4445 καὶ
619 4391 790 4453 οὕτως
838 4392 1028 4460 ἔχοντα
1071 4396 1198 4460 παρ’
1259 4393 1414 4460 ἡμῶν
1437 4391 1700 4459 ίλέὶζεκται

1803 3302 2031 3355 omnino
2063 3299 2130 3352 de
2163 3300 2489 3351 exsistentia
2522 3293 2644 3349 Filii
2676 3307 2729 3350 et
2773 3295 3010 3364 Spiritus
3055 3307 3238 3348 sermo
3273 3300 3380 3347 est.

1801 3389 1981 3455 Quare
2011 3391 2152 3442 inter
2176 3403 2274 3442 eos
2296 3387 2626 3451 ttiﬂeretttia,
2657 3386 2752 3455 qui
2787 3386 2994 3454 Optime
3025 3401 3137 3438 rem
3173 3382 3380 3437 intelii-

1802 3489 1955 3549 gunt,
2002 3481 2306 3533 SCt'lﬂldUlﬂ
2343 3477 2725 3532 exsistentiam
2765 3475 2970 3537 est,'et
2997 3471 3382 3533 'diﬂerentiatn

1803 3569 2108 3635 secundum
2137 3569 2461 3624 relationem
2500 3567 2809 3637 intelligere
2839 3567 2908 3620 de
2950 3564 3160 3634 Spiritu
3203 3563 3384 3617 modis

1803 3663 2061 3718 omnibus
2095 3662 2341 3731 ine-ptum
2373 3669 2537 3730 atque
2578 3661 2970 3734 incongruum,
3002 3665 3104 3710 est.
3132 3652 3371 3708 Videsne

1803 3756 1896 3824 qui
1945 3754 2300 3818 adversaris,
2356 3753 2684 3807 sententiam
2740 3749 3008 3805 orationis
3066 3748 3384 3801 necessario

1804 3847 2251 3918 praepositionem
2299 3862 2364 3899 ea:
2395 3846 2697 3914 requirere,
2745 3857 2866 3898 cum
2901 3841 2966 3894 ad
3013 3830 3380 3894 diﬂ‘oreutiam

1805 3940 2107 3994 secundum
2148 3937 2531 3990 exsistentiam
2577 3935 2630 3986 in
2661 3931 2862 3986 Triade
2889 3930 3114 3983 omnino
3146 3929 3385 3998 descen-

1803 4029 1933 4083 dat?
1958 4028 2096 4082 Hinc
2121 4028 2285 4096 igitur
2321 4026 2676 4080 manifestum
2715 4033 2822 4086 est,
2863 4022 3382 4092 prmstautissimum

1807 4122 1974 4196 hunc
2009 4125 2324 4189 degmatum
2380 4120 2732 4186 interpretem
2788 4131 2913 4169 cum
2975 4116 3079 4168 hac
3127 4113 3385 4182 praeposi-

1805 4215 1953 4268 tione
2000 4213 2112 4283 jam
2171 4212 2391 4266 allatum
2445 4211 2650 4264 dictum
2711 4209 3037 4277 evulgasse,
3101 4215 3157 4260 et
3215 4222 3383 4275 quos-

1807 4305 1934 4360 dam
1978 4318 2211 4374 prorsus
2245 4317 2346 4356 suo
2378 4302 2493 4356 otio
2543 4301 2796 4355 homines
2839 4299 3147 4360 abutentes,
3189 4295 3386 4350 verita-

1809 4405 1916 4450 tem
1953 4396 2008 4448 in
2039 4394 2322 4449 nonnullis
2353 4393 2730 4456 voluminibus
2759 4391 3066 4444 mulilasse.
3101 4387 3206 4443 Tot
3235 4396 3289 4442 et
3313 4389 3385 4442 ita

123 4486 264 4538 κατὰ
293 4485 353 4537 τὸ
378 4486 549 4553 παρὸν
583 4485 678 4536 καὶ
719 4484 846 4552 περὶ
890 4485 988 4551 τῆς
1019 4485 1236 4552 ρἡεως
1267 4484 1564 4554 Γρηγορῐου
1604 4482 1697 4537 τοῦ

1809 4502 1870 4540 se
1915 4485 2167 4540 habentia
2199 4501 2228 4538 a
2279 4485 2436 4538 nobis
2485 4488 2539 4537 in
2568 4484 2860 4552 praesentia
2887 4482 2956 4535 de
2991 4481 3139 4535 dicto
3165 4481 3388 4548 quoque

122 4575 456 4647 διαπρεποῦς
489 4577 558 4627 ’ὲν
617 4578 725 4637 τοῖς
760 4575 1041 4643 δόγμασιν,
1086 4574 1146 4637 ἐξ
1197 4569 1272 4628 ὧν
1319 4553 1697 4644 ἀπεδείξαμεν,

1811 4577 2084 4646 Gregorii,
2113 4577 2168 4629 in
2194 4574 2510 4630 asserendis
2533 4575 2886 4644 dogmatibus
2912 4571 3384 4642 prastautissimi,

121 4669 200 4730 ὼς
229 4667 431 4734 ἀδελφὰ
457 4669 547 4719 καὶ
578 4663 730 4728 οὖτος
759 4666 834 4736 τῷ
863 4666 1008 4735 σοςῷ
1041 4666 1307 4734 Βασιλείῳ
1353 4667 1586 4738 φρονῶν,
1643 4668 1704 4720 τὸ

125 4761 280 4825 ἅγιον
307 4757 530 4826 Πνεῦμα
557 4758 664 4809 κάκ
690 4756 783 4808 τοῦ
817 4752 945 4808 Υἱοῦ
976 4754 1096 4808 κατ’
1113 4758 1317 4808 ἐκεῖνον
1341 4757 1543 4825 ἔφησεν
1563 4756 1705 4826 ἔχειν

123 4852 224 4914 τὴν
258 4846 493 4917 ὓπαρξιν
513 4864 528 4879 ο
558 4844 638 4908 οἷς
679 4848 1010 4917 ἀμφοτέροις
1041 4846 1249 4899 δίκαιον
1280 4846 1557 4901 κάνταῦθα
1579 4848 1706 4921 τοὺς

125 4941 334 5002 πάντας
366 4939 678 4993 ἀκολουθεῖν
707 4938 1026 5001 πεισθέντας
1057 4936 1231 4999 καλῶς
1266 4939 1378 4999 τοῖς
1410 4938 1705 5004 πανσόφοις

127 5032 304 5086 αὐτῶν
352 5033 445 5085 καὶ
493 5031 657 5093 θείοις
714 5030 1058 5098 διδάγμασιν.
1109 5023 1269 5081 Οὗτοι
1305 5029 1412 5095 γὰρ
1439 5026 1702 5097 ὤφθησαν

127 5110 230 5195 τῆς
263 5125 453 5194 ὑγιοῦς
490 5126 720 5187 πίστεως
752 5126 982 5195 ἀρχηγοὶ
1016 5123 1107 5177 καὶ⁸
1127 5123 1226 5192 τῆς
1253 5123 1573 5193 ὀρθοδοξίας
1611 5127 1706 5176 ὲκ-

132 5218 392 5288 φάντορες
417 5217 534 5287 ἅμα
559 5218 652 5270 καὶ
675 5219 933 5287 κήρυκες.

205 5404 310 5474 κη’.
340 5405 526 5474 Ὅμως
572 5403 693 5457 ἐπεὶ
745 5405 881 5475 πρὸς
929 5405 1271 5475 παράστασιν
1319 5405 1412 5460 τοῦ
1463 5405 1704 5460 τοιούτου

131 5493 395 5564 δόγματος
428 5493 650 5563 βεϐαίαν
683 5495 776 5549 καὶ
803 5495 1014 5566 ἀσφαλῆ
1033 5497 1126 5548 καὶ
1154 5495 1330 5550 ἀλλων
1361 5496 1572 5549 πολλῶν
1612 5498 1705 5550 εὑέ

133 5583 408 5654 ποροῦμεν
436 5585 721 5656 πατρικῶν
756 5587 1025 5655 χρήσεωνζ
1049 5584 1219 5654 αἴπερ
1248 5586 1342 5639 καὶ
1369 5585 1702 5656 ἀδιάϐλητοι.

134 5674 222 5727 διὰ
244 5673 305 5726 τὸ
335 5675 486 5742 παρὰ
517 5675 715 5738 πάσαις
742 5679 874 5739 ,ταῖς
920 5675 1256 5745 ὁπουδήποτε
1320 5675 1523 5738 βίϐλοις
1586 5679 1706 5739 ταῖς

138 5765 308 5833 ιιραῖς
337 5763 596 5830 ὡσαύτως
630 5765 988 5834 ὶκφέρεσθαι,
1017 5766 1110 5819 καὶ
1159 5766 1299 5819 κατά
1330 5767 1389 5819 τὸ
1447 5766 1705 5832 παντελὲς

136 5853 576 5925 ἀπαράλλακτον,
601 5859 694 5912 καὶ
719 5855 936 5925 ταύτας,
967 5857 1041 5921 ὡς
1059 5857 1114 5910 τὸ
1128 5858 1296 5921 εἰκὸς,
1323 5855 1507 5911 ἐνθάδε
1534 5875 1673 5928 προσ
1691 5890 1705 5902 -

1805 4668 1948 4723 dicta
1979 4677 2130 4730 sunt,
2160 4667 2361 4736 quibus
2399 4666 2748 4720 ostendimus
2798 4668 2943 4717 hunc
2974 4677 3196 4733 quoque
3238 4675 3380 4716 con-

1810 4770 2072 4815 sentanea
2136 4773 2264 4812 cum
2314 4759 2562 4827 sapiente
2611 4757 2816 4810 Basilio
2868 4767 3167 4819 tenentem,
3229 4761 3384 4822 a‘que

1806 4860 1969 4919 atque
2031 4851 2182 4902 illum
2265 4848 2530 4918 Spiritum
2595 4859 2844 4902 sanctum
2901 4848 3064 4900 etiam
3123 4863 3188 4900 ex
3247 4845 3387 4898 FlliO

1806 4943 2181 4996 exsistentiam
2207 4942 2406 4995 habere
2434 4942 2740 4995 asseruisse
2772 4958 2785 4992 :
2817 4955 2956 5008 quos
2985 4939 3138 5007 sequi
3172 4951 3268 5007 par
3301 4944 3387 4990 est

1806 5035 1967 5088 etiam
2013 5035 2068 5087 in
2111 5034 2213 5088 hoc
2245 5049 2458 5096 omnes,
2511 5032 2848 5086 doctissimis
2900 5031 3218 5084 earumdem
3249 5028 3389 5080 divi-

1808 5128 2004 5196 nisque
2031 5126 2379 5194 dogmatibus
2429 5140 2648 5188 suasps.
2701 5123 2767 5176 Hi
2813 5124 3012 5177 etenim
3068 5137 3216 5176 sanae
3259 5121 3385 5174 iidci

1807 5219 1975 5274 duces
2029 5219 2232 5286 reperti
2275 5228 2424 5280 sunt,
2477 5227 2531 5270 et
2575 5217 3013 5271 orthodoxorum
3063 5215 3381 5280 dogmntum

1809 5312 2134 5376 interpretes
2169 5311 2334 5364 simul
2376 5325 2438 5364 ac
2472 5324 2776 5378 praecones.

1876 5404 1968 5459 28.
2008 5399 2376 5458 Nihilominus
2419 5419 2544 5458 cum
2585 5403 2652 5456 ad
2703 5400 3172 5456 corroborandum
3218 5399 3388 5451 stahi-

1809 5495 2161 5565 liendumque
2192 5497 2295 5550 hoc
2324 5496 2517 5564 dogma
2554 5504 2763 5549 certum
2801 5509 2867 5549 ac
2921 5494 3138 5547 ﬁrmum
3167 5502 3222 5547 et
3261 5491 3388 5546 aliis

1809 5588 1996 5644 multis
2051 5587 2274 5642 Patrum
2338 5587 2758 5642 auctoritatibus
2814 5585 3202 5646 abundemus,
3261 5599 3386 5652 quae

1809 5679 2096 5734 calumniis
2129 5680 2380 5734 obnoxia:
2410 5679 2632 5736 minime
2669 5687 2816 5742 sunt,
2857 5677 3000 5747 quod
3033 5677 3084 5729 in
3123 5676 3380 5730 omnibus

1809 5770 2182 5824 voluminibus
2229 5770 2544 5840 ubicunque
2587 5771 2829 5839 gentium
2869 5770 2958 5823 illa
3009 5768 3382 5837 reperiuntur,

1809 5863 1892 5919 sui
1947 5877 2163 5928 semper
2217 5865 2424 5919 similes
2474 5864 2800 5928 habeantur,
2850 5862 2968 5917 illas
3011 5875 3251 5931 quoque,
3301 5860 3382 5913 uti
