4132 6448
221 416 362 485 1217

1064 418 1162 477 DE
1206 404 1727 476 PROCESSIONE
1765 415 1826 476 S.
1869 414 2238 477 SPIRITUS
2280 415 2504 477 ORAT.
2547 417 2629 478 ίῙ.

3333 414 3482 501 ιειι

219 536 319 590 καὶ
346 534 456 588 τῶν
510 533 644 587 ὅλων
676 529 750 596 ὡς
787 530 1002 601 άληθῶς
1052 528 1499 601 ἀρχοειδέστερον
1538 528 1798 607 ῥημάτων

1905 530 1986 592 bis
2050 531 2308 586 omnibus
2369 530 2649 599 antiquius
2707 543 2830 584 cum
2874 529 2997 595 sit,
3054 529 3263 600 reliqua
3297 532 3486 589 omnia

213 623 430 687 τελοῦν,
463 625 678 677 ἅπαντα
711 625 778 676 τά
808 623 969 676 λοιπὰ
1021 622 1226 675 τούτων
1281 618 1624 686 ἀναλυόμενα
1659 619 1798 688 πρὸς

220 715 391 770 ἑαυτὸ
419 714 636 782 δέχεται
663 731 677 745 ·
713 714 871 767 τοῦτο
905 714 959 766 δὲ
995 713 1054 765 τὸ
1092 710 1489 780 ἐκπορεύεσθαι
1539 710 1634 763 καὶ
1663 709 1798 762 αὐτὸ

217 807 364 876 πρὸς
422 808 536 868 τοῖς
589 805 770 866 ἄλλοις
834 803 1198 870 ἀναλυόμενον
1256 801 1420 862 ὅλοις,
1465 800 1544 861 εἰς
1575 799 1636 851 τὸ
1665 799 1796 851 ἐστὶ

215 896 371 967 παρὰ
405 897 514 949 τῶν
543 898 641 962 τῆς
673 894 1002 962 Ἑκκλησίας
1025 892 1204 960 σοφῶν
1233 893 1325 944 καὶ
1353 889 1690 943 διδασκάλων
1717 890 1799 951 είς

212 987 315 1056 τὴν
354 987 470 1049 πῶς
507 986 738 1056 ὓπαρξιν
773 983 1042 1054 ὲξελήφθη
1075 981 1168 1034 τοῦ
1199 972 1536 1049 Πνεῦματος,
1559 978 1656 1048 τὴν
1676 977 1800 1032 τού-

213 1093 314 1131 του
350 1078 482 1149 πρὸς
519 1079 609 1129 τὸν
647 1075 775 1128 Υἰδν
807 1077 1069 1144 ἐμφαῖνον
1118 1071 1424 1141 διαστολὴν,
1455 1070 1549 1122 καὶ
1594 1069 1653 1121 τὸ
1681 1069 1794 1122 διά·

213 1184 386 1238 φόρον
449 1167 584 1238 πρὸς
638 1165 798 1219 αὑτὸν
853 1165 950 1233 τῆς
1009 1162 1316 1233 ὑπάρξεως.
1367 1162 1502 1215 Ἰνα
1536 1159 1629 1212 καὶ
1687 1159 1796 1229 γὰρ

211 1260 282 1312 τὸ
309 1259 498 1326 ὄνομα
535 1252 806 1324 παρέλθῃ
840 1254 951 1322 τῆς
972 1253 1314 1330 γεννήσεως
1346 1253 1383 1320 ἡ
1413 1251 1648 1318 Γραφὴ,
1680 1248 1798 1318 τὴν

211 1350 606 1416 ἐκπόρευσιν,
653 1348 905 1416 Ἰωάννης
933 1349 960 1398 ό
1001 1345 1391 1414 Χρυσόστομος
1425 1344 1607 1412 φησὶν,
1637 1341 1796 1409 εἴρη-

214 1460 350 1498 κεν.
375 1443 543 1494 Ὅταν
575 1436 668 1492 οὖν
707 1437 1236 1509 πρόκειται“τούτοις
1257 1435 1318 1488 τὸ
1348 1434 1442 1487 τοῦ
1479 1434 1796 1502 Πνεῦματος

214 1536 336 1597 πῶς
376 1535 643 1602 ὑπάρχειν
667 1533 860 1590 είπεῖν,
892 1528 1194 1598 τηνικαῦτα
1217 1527 1278 1595 δὴ
1306 1526 1403 1596 τὴν
1432 1525 1796 1594 ἐκπορεύεται

214 1622 944 1693 λέξινπαραλαμσάνουσιν.
994 1620 1190 1673 Ἦνίκα
1237 1618 1280 1671 δ’
1341 1618 1527 1680 αὐτοῖς
1573 1618 1602 1669 ό
1639 1617 1796 1684 λόγος

222 1713 473 1784 βούλεται
507 1714 634 1781 περὶ
665 1713 759 1779 τῆς
783 1710 969 1773 ἁπλῶς
999 1711 1094 1762 καὶ
1128 1709 1294 1778 μόνης
1333 1707 1622 1776 ὑπάρξεως
1666 1706 1796 1760 τοὺ-

216 1822 312 1859 του
347 1803 636 1865 διαλαϐεῖν,
665 1800 787 1854 τότέ
816 1803 986 1872 χωρὶς
1017 1801 1112 1853 τοῦ
1141 1801 1453 1868 γεννᾶσθαι,
1481 1798 1542 1851 τὸ
1561 1798 1617 1849 δὲ
1656 1797 1796 1850 πάνυ

217 1913 327 1960 τως
359 1896 488 1951 ἴδιον
521 1896 615 1947 τοῦ
648 1865 1084 1962 Υίοῦ,“χρῶνται
1132 1865 1228 1943 καὶ
1258 1893 1370 1951 τοῖς
1421 1889 1628 1950 λοιποῖς
1661 1889 1796 1941 πᾶσι
1826 1865 1870 1920 Β

220 1989 448 2058 ῥήμασι,
475 1987 569 2038 καὶ
602 1986 800 2055 μᾶλλον
830 1985 1050 2037 ἐπειδὰν
1073 1982 1230 2035 τοῦτο
1256 1982 1570 2051 κηρύττωσι
1603 1981 1716 2034 καὶ.
1734 1983 1798 2032 ἐκ

214 2080 314 2133 τοῦ
348 2078 501 2141 Υίοῦ,
533 2078 725 2130 καθότι
757 2077 952 2146 μηδενὶ
973 2075 1081 2127 τῶν
1113 2074 1368 2127 ἁπάντων
1403 2075 1430 2124 ό
1453 2071 1656 2142 τρόπος
1690 2071 1798 2140 άμ-

216 2171 457 2241 φίδοξος.
488 2172 584 2233 Τίς
611 2171 720 2240 γάρ
750 2158 882 2221 ποτε
917 2168 978 2221 τδ
1011 2167 1234 2237 Πνεῦμα
1266 2167 1324 2219 τὸ
1354 2168 1511 2233 ἅγιον
1557 2163 1800 2226 ἀκούσας

216 2266 286 2317 ἐκ
321 2263 416 2316 τοῦ
453 2263 582 2315 Υίοῦ
610 2264 866 2331 γέννησιν
907 2259 1086 2312 τελεῖν
1127 2259 1373 2328 ὑπολάϐῃ
1413 2258 1511 2325 τὴν
1549 2256 1606 2321 ἐξ
1633 2252 1800 2308 αὑτοῦ

217 2355 374 2410 θείαν
401 2354 632 2424 ὕπαρξιν
661 2369 674 2417 ;
706 2354 806 2406 Διά
830 2369 912 2405 τοι
942 2351 1102 2404 τοῦτο
1133 2351 1229 2403 καὶ
1257 2350 1331 2412 ὡς
1364 2347 1659 2402 ὲπιτοπολὺ
1691 2348 1801 2408 τοῖς

216 2445 401 2506 ἄλλοις
430 2444 601 2511 αὐτὴν
630 2441 884 2510 δηλοῦσιν
936 2441 1218 2508 ὀνόμασιν,
1267 2431 1348 2498 οἷς
1392 2435 1596 2489 ἅπασίν
1651 2437 1800 2486 ἔστιν

216 2537 488 2603 ἑπόμενον
518 2533 576 2596 ἐξ
594 2535 835 2599 ἀνάγκης
873 2533 1012 2584 νοεῖν
1038 2529 1130 2582 τὸν
1151 2530 1349 2598 τρόπον
1371 2516 1796 2595 τῆς¹ὑπάρξεως,

215 2627 337 2697 ἦτοι
373 2619 431 2676 τὸ
461 2621 882 2690 ἐκπορεύεσθαι.
915 2619 1119 2672 Τούτου
1153 2619 1209 2672 δὲ
1259 2619 1395 2686 πρός
1453 2607 1597 2679 τίνος
1636 2615 1800 2684 μηδο-

217 2715 439 2770 πωσοῦν
474 2715 759 2782 νοηθέντος
783 2713 989 2776 αὐτοῖς,
1015 2709 1165 2762 ἔσται
1193 2707 1314 2761 κατ’
1345 2709 1550 2758 ἐκεῖνον
1573 2705 1664 2758 τὸν
1688 2705 1804 2757 ἓτε-

221 2827 339 2880 ρον,
375 2807 510 2879 ἠὼς
548 2808 582 2875 ἡ
609 2794 884 2878 γέννησις)
922 2803 1047 2855 Ἐπὶ
1074 2803 1183 2872 γὰρ
1220 2801 1328 2853 τῶν
1366 2800 1464 2884 τῇς
1495 2799 1667 2866 ἁγίας·
1707 2797 1803 2850 καὶ

217 2899 520 2970 θεαρχικῆς
560 2897 793 2966 Τριάδος
825 2895 1090 2955 αἰτιατών
1123 2895 1192 2946 τὰ
1215 2893 1310 2946 δύο
1341 2893 1498 2944 ταυτὶ
1532 2893 1670 2962 μόνα
1704 2891 1804 2960 τῆς

217 2989 339 3050 πῶς
372 2986 663 3052 ὑπάρξεως
705 2985 1014 3054 σημαντικά
1058 2983 1320 3048 πέφυκεν.
1353 2983 1544 3035 Ἔσται
1575 2998 1802 3052 τοιγαρο

219 3078 319 3134 οῦν
355 3077 433 3146 τῷ
472 3077 550 3146 μὴ
607 3066 915 3145 βουλομένίρ
939 3075 1036 3143 τὴν
1073 3074 1402 3143 ὲκπόρευσιν
1435 3073 1522 3126 ἐπ’
1571 3073 1802 3136 ἐκείνοις

1904 631 2243 693 qttaecunqtte
2286 623 2376 676 illa
2398 623 2535 688 sint,
2590 621 2834 676 resoluta
2869 620 2921 674 in
2958 635 3081 676 sese
3123 622 3382 690 recipiat.
3416 621 3484 678 Et

1904 715 2007 768 hoc
2037 713 2353 781 procedere,
2390 712 2469 766 uti
2513 711 2727 779 reliqua
2759 711 2863 765 alia
2912 712 3236 766 resolutum"
3259 713 3311 764 in
3345 711 3486 768 illud

1905 814 2008 869 est,
2044 806 2112 858 ab
2146 805 2403 858 Ecclesia:
2434 804 2610 859 doctis
2651 804 3079 873 praeceptoribus
3119 805 3174 857 in
3206 805 3485 858 essistcn-

1911 899 2042 952 tiam
2106 908 2208 950 suo
2272 897 2434 949 modo
2483 894 2725 964 Spiritus
2784 895 3112 960 desumitur,
3177 896 3320 950 illius
3357 910 3486 966 erga

1900 987 2098 1041 Filium
2150 985 2512 1040 diﬂ‘erentiam
2571 987 2860 1047 indicans,
2905 994 2960 1039 et
3015 986 3293 1040 diversum
3357 1001 3486 1056 erga

1899 1093 2022 1134 eum
2055 1078 2390 1132 essistentia:
2415 1078 2658 1131 modum.
2695 1077 2962 1147 Namque,
3005 1086 3062 1130 ut
3094 1094 3285 1132 nomen
3336 1094 3488 1147 genab

1900 1170 2125 1223 rationis
2148 1169 2438 1238 praeteriret
2467 1166 2771 1233 Scriptura,
2795 1169 3146 1238 processionis
3190 1185 3398 1230 nomen,
3426 1177 3488 1224 ut

1897 1257 2136 1313 Joannes
2194 1258 2623 1326 Citrysostmnus
2703 1257 2912 1320 tradit,
2976 1261 3276 1326 usurpavit.
3344 1257 3482 1312 Cum

1899 1353 2082 1421 itaque
2112 1344 2214 1406 sibi
2261 1357 2595 1420 praponunt,
2628 1349 2865 1418 Spiritus
2891 1350 3227 1403 essistentia:
3261 1350 3472 1403 modutr

1897 1442 2200 1512 exprimere
2233 1482 2247 1504 ,
2311 1449 2423 1492 tum
2476 1438 2860 1507 processionis'
2901 1453 3090 1492 vocem
3158 1447 3484 1506 assumunt;

1898 1551 2021 1592 cum
2051 1537 2121 1591 de
2150 1533 2636 1603 siruplicLsolaque
2655 1533 2971 1588 exsistentia
2999 1531 3142 1584 illius
3171 1536 3483 1586 sertnoue‘m

1899 1625 2128 1688 faciunt,
2177 1635 2288 1679 tum
2348 1639 2454 1677 una
2505 1633 2728 1694 excepta
2755 1622 3125 1693 generatione,
3180 1637 3302 1690 quas
3354 1635 3489 1690 pro-

1898 1720 2014 1788 pria
2049 1715 2171 1771 Filii
2205 1725 2310 1782 est,
2339 1713 2562 1784 reliquis
2588 1715 2708 1768 aliis
2739 1715 2921 1769 verbis
2946 1722 3197 1777 utuntur,
3235 1721 3288 1766 et
3311 1711 3482 1781 potis-

1898 1810 2095 1865 simum
2136 1823 2258 1862 cum
2284 1807 2434 1860 illum
2465 1821 2529 1860 es
2573 1806 2712 1860 Filio
2755 1800 3250 1876 praedicant,quod
3291 1805 3488 1856 modus

1899 1899 2236 1955 exsistentite
2272 1905 2404 1952 tunc
2443 1898 2576 1952 nulli
2617 1898 2818 1951 dubius
2857 1904 3118 1951 remanet.
3168 1893 3302 1960 Quis
3339 1897 3486 1947 enim

1903 2005 2141 2060 unquam
2187 1989 2413 2044 audiens
2450 1988 2710 2058 Spiritum
2746 1996 2998 2042 sanctum
3039 2002 3103 2041 ex
3133 1983 3296 2050 Filio,
3324 1999 3492 2054 gene-

1900 2066 2165 2136 rationem
2229 2095 2351 2142 esse
2403 2079 2846 2148 comprehendet,
2880 2093 3004 2147 quae
3055 2091 3122 2132 ex
3180 2092 3246 2131 eo
3304 2076 3490 2131 divina

1900 2173 2222 2229 essistentia
2273 2173 2392 2226 est?
2440 2173 2849 2241 Proptereaque
2907 2180 2969 2226 ut
3029 2170 3322 2239 plurimum
3369 2166 3490 2222 aliis

1902 2282 2022 2322 eam
2059 2264 2390 2322 dictionibus
2439 2263 2720 2327 dcnOtant,
2764 2261 2967 2331 quibus
3013 2260 3268 2314 omnibus
3294 2264 3489 2312 cons’e-

1902 2365 2133 2428 quenter
2156 2354 2356 2409 modus
2387 2353 2900 2414 illiusexsistentire
2945 2351 3238 2415 indicatur,
3271 2362 3494 2418 proces-

1903 2449 1985 2503 sio
2018 2447 2246 2506 scilicet.
2283 2445 2385 2499 hoc
2410 2444 2454 2497 si
2482 2460 2509 2496 a
2541 2457 2814 2512 quoquam
2840 2458 2907 2496 ex
2934 2442 3125 2496 iisdem
3153 2441 3492 2510 concipiatur

1903 2538 2007 2593 erit
2030 2537 2331 2590 secundum
2364 2532 2527 2586 alium
2565 2534 2788 2586 modum
2812 2529 3112 2599 generatio.
3140 2527 3388 2595 Namque
3437 2528 3492 2582 in

1904 2628 2147 2683 causaiis
2196 2627 2249 2678 in
2308 2634 2499 2678 sancta
2555 2634 2608 2677 et
2643 2623 2947 2678 divinitatis
3001 2616 3248 2692 principe
3293 2618 3494 2674 Trtade

1906 2717 2022 2770 hac
2080 2715 2190 2768 duo
2252 2714 2632 2767 tantummodo
2687 2714 2800 2766 sola
2867 2713 3088 2764 modum
3157 2709 3495 2764 exsistettt'rzn

1906 2815 2202 2862 conuolare
2233 2817 2358 2874 apta
2397 2814 2518 2858 nata
2561 2812 2710 2858 sunt.
2761 2803 2877 2856 Erit
2913 2802 3078 2870 igitur
3109 2801 3209 2858 illi.
3238 2800 3333 2863 qui
3366 2801 3496 2868 proo

1907 2901 2210 2955 cessionem
2244 2899 2302 2950 in
2339 2897 2444 2950 illis
2472 2895 2777 2964 intelligere
2817 2896 3038 2957 abnuet,
3067 2893 3306 2962 Spiritus
3361 2906 3492 2947 san-

1908 3003 2027 3045 ctus
2057 2989 2294 3057 genitus,
2341 3003 2451 3067 qpo
2505 2997 2753 3056 potestne
2797 2987 3095 3054 excogitari
3159 2979 3497 3038 absurdius?

1910 3080 1997 3135 Sic
2024 3082 2208 3143 verba,
2231 3094 2372 3148 qua:
2409 3093 2504 3147 per
2539 3089 2598 3132 se
2626 3087 2804 3141 stant,
2832 3078 3017 3130 omnia
3047 3075 3395 3145 pronuntiata
3429 3076 3496 3130 de

218 3171 387 3235 νοεῖν,
407 3169 743 3237 γεννώμενον
773 3167 834 3218 τὸ
870 3165 1093 3233 Πνεῦμα
1122 3165 1180 3217 τὸ
1213 3157 1587 3235 ἂγιον,ὀῦπερ
1618 3167 1671 3218 τί
1707 3166 1800 3232 γέ-

1909 3164 2149 3238 Spiritu,
2185 3166 2361 3219 modis
2428 3165 2682 3220 omnibus
2737 3175 2791 3219 et
2850 3165 3162 3220 necessario
3219 3165 3497 3234 processio

220 3259 354 3312 νοιτ⁹
414 3259 480 3312 ἂν
520 3258 908 3326 άτοπὼτερονς
975 3253 1161 3319 Οὕτως
1214 3253 1308 3310 sit
1352 3257 1446 3309 τοῦ
1484 3255 1802 3324 Πνεὺματος

223 3351 359 3403 πᾶσι
388 3351 452 3421 δὴ
488 3353 600 3411 τοῖς
638 3351 848 3418 ῥήμασι
875 3352 984 3410 τοῖς
1021 3350 1380 3419 ὑπαρκτικοῖς
1410 3350 1803 3418 ἀπαραιτήτως

221 3440 511 3495 ἀκολουθεῖ
546 3441 640 3492 καὶ
664 3440 785 3494 κατ’
809 3441 1056 3510 ἀνάγκην
1082 3441 1142 3492 τὸ
1173 3440 1596 3509 ἐκπορεύεσθαι.
1633 3439 1806 3491 Τοῦτο

223 3533 589 3604 γινώσκοντες
630 3535 746 3608 καὶ.
773 3533 882 3603 τῷν
937 3533 1215 3602 Πατάρων,
1241 3528 1324 3596 οἷς
1372 3533 1638 3602 ἐχαρίσθη
1669 3533 1804 3601 πρὸς

221 3626 316 3679 τοῦ
343 3621 668 3694 Πνιὺματος.
689 3625 750 3676 τὸ
778 3623 1068 3693 θεολογείν,
1087 3626 1391 3694 ἐχρήσαντο
1408 3627 1520 3685 τοῖς
1545 3623 1805 3686 τοιούτοις

223 3717 320 3770 lui
348 3718 459 3776 τοῖς
488 3715 673 3776 ἁπλῶς
701 3715 993 3789 ὑπάρξεως
1013 3730 1026 3744 ·
1077 3715 1293 3779 τούτου,
1334 3713 1513 3776 καθὼς
1546 3714 1808 3783 προειρή-

225 3817 425 3880 καμεν,
458 3809 552 3860 καὶ
591 3807 794 3877 μᾶλλον
843 3811 901 3860 ἰν
955 3802 1035 3869 οἷς
1082 3808 1216 3860 αὐτὸ
1256 3806 1627 3876 διετρὰνωσαν
1666 3802 1806 3858 εἶναι

224 3899 335 3952 κάκ
368 3898 454 3950 τοῦ
493 3899 646 3962 Υίοῦ,
677 3899 766 3952 διὰ
791 3899 853 3950 τὸ
896 3897 972 3969 μὴ
1006 3901 1096 3951 τὸν
1123 3899 1325 3968 τρόπον
1351 3898 1494 3950 οὑτω
1533 3900 1639 3950 τινὶ
1676 3913 1808 3964 τυγ-

224 3988 412 4059 χάνειν
443 3989 758 4057 ἀμφίδοξον.
807 3991 960 4043 Ἐπεὶ
990 3991 1050 4043 τὸ
1080 3993 1236 4057 ἆγιον
1283 3989 1512 4059 Πνεῦμα
1554 3991 1807 4056 λέγοντες

227 4071 500 4149 ὑπάρχειν
563 4082 629 4132 ὲκ
677 4079 770 4133 τοῦ
817 4082 1053 4152 Πατρός,
1113 4082 1175 4133 τὸ
1224 4081 1622 4150 ἐκπορεύεσθαι
1674 4081 1806 4132 πᾶσι

223 4167 338 4232 τοῖς
381 4173 583 4233 λοιποῖς
636 4172 896 4234 πολλάκις
941 4173 1309 4242 ὲγκρίνουσιν,
1367 4174 1441 4234 ὡς
1475 4172 1572 4238 τὴν
1614 4170 1808 4243 τούτου

225 4264 360 4334 πρὸς
398 4261 489 4313 τὸν
529 4263 648 4314 Γίὺν
682 4266 946 4330 σημαῖνον
996 4264 1281 4334 διαφορὰν,
1329 4264 1482 4324 ὅστις
1515 4264 1608 4314 καὶ
1644 4262 1807 4324 αὐτὸς

225 4353 437 4408 ἐκεῖθεν
491 4357 554 4405 ἐκ
590 4354 684 4405 τοῦ
720 4341 932 4426 Πατρός
970 4357 1231 4424 πέφηνεν.
1291 4354 1445 4406 Ἐστι
1482 4354 1526 4405 δ’
1574 4347 1634 4405 οὗ
1706 4355 1806 4422 τὴν

223 4445 481 4515 τοιαύτην
511 4447 694 4515 φωνὴν
718 4448 810 4498 καὶ
831 4447 908 4509 ὡς
926 4447 1124 4516 χρῆσιν
1146 4446 1390 4498 τιθέασιν
1416 4446 1801 4513 εὑαγγελικὴν,

1907 3261 2262 3327 consequitur
2298 3276 2314 3314 :
2352 3259 2513 3328 idque
2533 3260 2765 3311 scientes
2788 3255 3002 3318 Patres,
3040 3257 3242 3324 quibus
3282 3273 3312 3311 a
3367 3257 3498 3325 Spi-

1908 3355 2012 3406 ritu
2051 3363 2241 3403 sancto
2270 3365 2357 3403 res
2402 3350 2734 3417 tlteologicas
2767 3357 3106 3418 pertractare
3151 3349 3334 3402 datum
3387 3357 3493 3414 est,

1907 3445 1972 3499 de
2029 3443 2262 3511 simplici
2305 3443 2625 3509 exsistentia
2679 3441 2766 3493 illa
2808 3451 3184 3509 usurparunt;
3216 3448 3272 3494 et
3323 3442 3496 3494 multo

1908 3538 2234 3608 proinptiu's,
2291 3537 2350 3591 ut
2401 3535 2512 3602 jam
2549 3535 2826 3596 diximus,
2874 3547 3001 3586 cum
3048 3532 3314 3602 Spiritum
3369 3547 3498 3588 esse

1907 3645 1972 3684 cx
2009 3630 2144 3683 Filio
2180 3637 2366 3696 aperte
2397 3617 2801 3696 significaram,
2831 3617 2975 3694 quod
3012 3625 3102 3677 illa
3141 3624 3350 3677 ratione
3377 3639 3498 3676 mo-

1908 3722 2011 3775 dus
2045 3737 2073 3772 a
2116 3721 2264 3772 nullo
2307 3721 2360 3772 in
2391 3720 2555 3772 dubio
2585 3729 2900 3788 poneretur.
2949 3716 3194 3785 Namque
3230 3715 3495 3784 Spiritum

1910 3821 2164 3864 sanctum
2209 3812 2522 3864 asserentes
2580 3825 2646 3863 ex
2720 3809 2882 3863 Patre
2928 3809 3232 3872 exsistere,
3294 3809 3496 3877 sacpius

1911 3904 2216 3965 procedere
2264 3903 2348 3955 usi
2414 3911 2540 3954 sunt
2573 3939 2589 3966 ,
2639 3910 2897 3969 tanquam
2935 3901 3081 3970 quod
3131 3901 3274 3954 inter
3315 3901 3494 3968 ipsum

1910 4003 1961 4047 ct
2018 3993 2214 4047 Filium
2273 3992 2570 4047 discrimen
2628 3993 2942 4061 exprimat,
2984 3981 3084 4060 ‘qui
3117 4003 3171 4045 et
3226 3994 3340 4062 ipse
3373 3994 3496 4046 inde

1909 4101 1975 4140 es
2036 4083 2192 4138 Patre
2267 4095 2448 4137 ortum
2527 4084 2795 4152 agnosdt.
2887 4081 3041 4152 Sape
3115 4085 3278 4137 etiam
3350 4084 3496 4138 hanc

1910 4177 2206 4231 dictionem
2286 4176 2364 4228 uti
2436 4176 2642 4229 dictum
2720 4163 3098 4244 evangelicum
3164 4178 3485 4240 collocant,

1911 4269 2239 4324 conilrmare
2292 4269 2538 4321 volentes
2597 4267 2838 4336 Spiritus
2899 4283 2965 4321 ex
3030 4267 3190 4321 Patre
3252 4268 3494 4322 divinam

1910 4361 2306 4425 exsistentiant,
2362 4360 2829 4428 quemadmodum
2874 4369 2927 4414 et
2978 4361 3182 4414 dictum
3239 4359 3494 4423 alterum,

1911 4451 1987 4505 De
2015 4470 2126 4506 meo
2158 4454 2409 4520 accipiet,
2436 4464 2750 4517 assumunt,
2781 4464 2841 4505 ut
2873 4454 3244 4508 testimonium
3305 4451 3495 4506 Domi-

228 4535 544 4605 βουλόμενοι
581 4538 928 4606 παραστῆσαι
967 4541 1062 4603 τὴν
1090 4529 1190 4588 ¹τοῦ
1227 4536 1547 4606 Πνεὺματος
1603 4539 1669 4588 ὲκ
1711 4535 1805 4588 τοῦ

1913 4547 2130 4611 nicum,
2194 4558 2318 4596 cunt
2381 4547 2672 4600 ostendere
2745 4560 3049 4612 conantur,
3114 4548 3492 4599 exsisteutiam

226 4627 439 4696 Πατρὸς
471 4627 620 4679 θείαν
666 4627 922 4697 ὕπαρξιν,
953 4627 1144 4697 ὥσπερ
1187 4631 1280 4682 καὶ
1306 4629 1425 4699 τὴν,
1464 4645 1484 4679 ι
1537 4628 1638 4682 Ἐκ
1697 4628 1805 4681 τοῦ

225 4719 371 4790 ἐμοῦ
397 4719 680 4794 λήψεται,
722 4740 740 4772 ι
803 4723 960 4791 ῥῆσιν
1009 4723 1308 4793 ἔσχηκασιν
1365 4722 1442 4784 ὡς
1501 4724 1807 4792 μαρτυρίαν

229 4815 536 4882 Κυριακὴν,
571 4815 854 4878 ἀποδεῖξαι
877 4815 1144 4882 θέλοντες,
1173 4814 1254 4868 ὅτι
1285 4817 1384 4888 τὴν
1421 4816 1658 4887 ὓπαρξιν
1692 4816 1806 4886 ἔχει

229 4905 334 4958 κάκ
377 4893 471 4956 τοῦ
501 4903 632 4956 Υίοῦ
666 4906 726 4956 τὸ
751 4904 972 4974 Πνεῦμα
1001 4907 1064 4958 τὸ
1110 4909 1284 4974 ἆγιον.
1341 4907 1452 4960 Καὶ
1485 4907 1690 4959 τούτων
1726 4907 1808 4968 είς

215 4995 622 5066 ,ἀναντίίῖρητον
658 4999 840 5048 πίστιν
859 4977 1190 5070 ἀρκέσουσιν
1239 5002 1370 5069 ημῖν
1399 5000 1428 5052 ὃ
1473 5015 1530 5051 τε
1596 4999 1807 5061 κλεινῗς

242 5085 554 5154 Έπιφάνιος
603 5091 696 5140 καὶ
737 5091 765 5139 ό
813 5087 1123 5158 θαυμαστὸς
1165 5091 1457 5159 Κύριλλος,
1504 5084 1580 5142 ὦν
1640 5089 1669 5141 ὁ
1708 5090 1809 5160 μὲν

239 5173 558 5241 Ἐπιφάνιος
586 5177 647 5228 ὲν
678 5176 754 5244 τῷ
801 5157 1133 5247 ’Ᾱγκυριυτῷ
1157 5157 1282 5232 τάδε
1311 5179 1608 5248 φθέγγεται
1653 5157 1836 5249 «Apr?

229 5264 412 5333 φανῶς
443 5267 537 5319 καὶ
568 5269 876 5336 ττρανότατα
902 5285 914 5297 ·
937 5269 1181 5338 Πνεῦμα
1214 5269 1386 5345 ᾷγιον
1411 5274 1484 5324 οὐ
1510 5271 1808 5325 συν-ἁδελ-

229 5374 368 5427 φον,
393 5360 465 5412 οὐ
491 5357 938 5428 πατράόελφον,
972 5362 1110 5416 ἀλλ’
1141 5363 1209 5415 ἐκ
1247 5361 1354 5429 τῆς
1377 5364 1566 5431 αὐτῆς
1590 5367 1808 5431 οὐσίας

233 5450 458 5518 Πατρός
497 5452 595 5504 καί
621 5451 780 5505 Υιοῦ.
803 5455 911 5506 Καὶ
935 5455 1120 5521 αὐτὸς
1135 5458 1247 5525 ¹γιὰρ
1277 5459 1307 5508 ό
1323 5458 1676 5527 Mororum-
1707 5461 1810 5512 λέ·-

234 5559 338 5611 rei,
352 5561 368 5592 ι
390 5541 461 5594 Τό
479 5543 722 5611 Πνεῦμα
737 5545 885 5626 rddas
903 5545 1007 5598 τοῦ
1026 5550 1258 5615 Πατρός
1270 5549 1765 5618 ἐκπορευόμενον,
1779 5568 1798 5602 s

229 5637 339 5700 καὶ,
379 5654 398 5686 ι
420 5633 522 5688 Ἕκ
559 5635 664 5688 τοῦ
691 5636 837 5705 ἐμοῦ
867 5638 1148 5706 λήψεται,
1189 5659 1206 5691 ›
1237 5642 1338 5693 ἵνα
1363 5642 1446 5710 μὴ
1481 5644 1806 5711 ἀλλότριον

228 5731 534 5797 νομισθείη
563 5732 791 5798 Πατρός
813 5731 967 5800 μηδέ
997 5735 1153 5789 Υίοῦ.
1179 5736 1287 5788 Καὶ
1312 5739 1450 5803 μετὰ
1489 5739 1716 5789 πλεῖστα
1743 5737 1804 5790 τὸ

229 5821 387 5888 ῥητὸν
417 5823 554 5890 ὅπερ
589 5823 680 5876 καὶ
721 5825 1150 5894 προτεθείκαμεν
1181 5846 1195 5863 ο
1246 5831 1575 5895 Ἀμφότερα
1603 5850 1799 5887 κατοι-

1911 4635 2114 4688 habere
2171 4636 2337 4690 etiam
2365 4650 2431 4688 ex
2485 4633 2624 4689 Filio
2661 4635 2922 4704 Spirituru
2958 4647 3233 4690 sanctum.
3291 4635 3496 4704 [lisque

1909 4726 2212 4782 contradici
2241 4728 2467 4780 minimc
2489 4741 2669 4796 posse,
2698 4728 2915 4780 abunde
2974 4728 3283 4796 probabunt
3332 4726 3497 4796 incly-

1911 4827 1998 4872 tus
2027 4817 2389 4886 Epiphanius,
2418 4827 2472 4870 et
2494 4818 2837 4872 admirabilis
2863 4818 3124 4887 Cyrilltts.
3153 4817 3496 4886 Epiphanius

1909 4913 2051 4967 enim
2090 4912 2142 4964 in
2179 4912 2456 4982 Ancyroto
2511 4912 2860 4980 apertissime
2905 4912 3324 4978 clarissimeque
3381 4897 3496 4962 haec

1909 5000 2430 5073 profert:Spiritus
2489 5015 2703 5056 sanctus
2730 5017 2833 5055 non
2890 5004 3059 5073 frater
3112 5001 3322 5070 fratris,
3389 5015 3494 5052 nou

1907 5095 2078 5160 patris
2109 5093 2297 5161 frater,
2339 5095 2429 5146 sed
2472 5109 2535 5147 ex
2559 5095 2741 5147 eadem
2772 5094 3003 5147 essentia
3041 5093 3219 5146 Patris
3257 5103 3304 5145 et
3334 5089 3492 5146 Filii.

1910 5178 2158 5249 Namque
2186 5192 2236 5233 et
2266 5182 2374 5247 ipse
2405 5179 2716 5252 Uuigeitittts
2756 5183 2886 5235 dicit
2925 5199 2942 5235 :
2979 5200 2996 5234 t
3029 5181 3262 5252 Spiritus
3287 5182 3492 5248 Patris,

1908 5281 1982 5337 et,
2020 5272 2159 5338 ιριιὶ
2195 5288 2260 5326 ea:
2285 5271 2450 5327 Patre
2471 5277 2759 5342 procedit,»
2799 5285 2869 5338 et,
2900 5293 2919 5326 ι
2950 5274 3024 5328 De
3044 5291 3154 5328 meo
3187 5276 3430 5343 accipiet,
3471 5293 3490 5326 ι

1911 5385 1973 5422 ηε
2010 5371 2217 5423 alienus
2246 5381 2581 5438 reputaretur
2603 5369 2792 5424 Patris
2824 5383 2871 5425 et
2917 5369 3071 5426 Filii.
3092 5371 3158 5425 Et
3187 5372 3374 5426 multis
3400 5370 3494 5425 ad-

1909 5461 2040 5528 ditis
2074 5464 2280 5517 dictum
2307 5475 2465 5518 antea
2499 5480 2717 5534 quoque
2754 5480 2784 5518 a
2819 5464 2978 5519 nobis
3008 5467 3236 5518 allatum
3281 5483 3293 5518 :
3338 5463 3495 5518 Uter-

1908 5555 2008 5623 que
2049 5555 2308 5607 inhabitat
2359 5559 2410 5608 in
2439 5558 2646 5609 (tamine
2677 5557 2852 5625 justo,
2883 5555 3130 5611 Christus
3167 5567 3216 5610 et
3258 5555 3494 5626 Spiritus

1911 5648 2078 5700 iilius.
2127 5647 2328 5712 Quodsi
2361 5648 2602 5703 Christus
2632 5666 2697 5703 ea:
2751 5649 2917 5703 Patre
2960 5651 3198 5702 creditur
3227 5649 3371 5703 Deus
3430 5663 3495 5700 ea:

1912 5741 2051 5805 Deo,
2079 5750 2128 5792 et
2169 5738 2398 5808 Spiritus
2430 5758 2492 5794 ea:
2523 5742 2757 5803 Christo,
2802 5753 2895 5796 aut
2926 5744 2991 5796 ab
3023 5756 3269 5812 utroque,
3329 5753 3384 5795 ut
3415 5746 3492 5797 ait

1910 5832 2172 5897 Christus.
2230 5853 2246 5886 t
2282 5836 2371 5890 aui
2405 5851 2433 5887 a
2472 5834 2632 5888 Patre
2668 5839 2920 5900 procedit,
2955 5855 2970 5887 ι
3008 5846 3078 5901 et,
3118 5855 3134 5886 ι
3173 5837 3257 5888 Itic
3283 5837 3346 5888 a'e
3382 5851 3492 5887 meo
