4074 6442
47 411 62 469 l
77 414 190 475 237

914 409 1012 469 DE
1057 407 1581 468 PROCESSIONE
1621 407 1683 466 S.
1730 405 2095 464 SPIRlTUS
2137 404 2359 463 ORAT.
2415 406 2494 462 ll.

3198 399 3334 462 1238

46 525 70 574 ὁ
103 524 271 590 λόγος
305 524 333 573 ὀ
384 521 443 574 τὸ
496 523 658 592 ῥητὸν
711 521 851 592 ἔχων
896 521 1358 590 ἀναγινώσκεται.
1403 523 1651 592 Κὰπειδὴ

1760 529 1947 575 noster
2018 534 2331 574 sermonem
2401 519 2669 580 haberet,
2727 517 3085 585 praesentibus
3147 515 3335 569 multis

46 611 213 683 30610
248 611 527 664 διαλαθεῖν
556 612 679 673 τοὺς
711 613 922 674 πάντας
952 613 1054 664 οὑκ
1089 608 1178 682 ἦν,
1217 613 1338 664 οὑδέ
1363 612 1642 683 διαδρᾶναι

46 671 176 754 κατ’
216 701 389 771 αὐτὴν
419 702 516 771 τὴν
550 671 879 768 ἀνάννωσιν,
902 671 1019 766 τοῖς
1051 671 1175 756 τώγ’
1200 705 1375 759 ἄλλων
1416 671 1645 758 ἐπίστα-

46 792 380 860 τικωτέροις
430 792 528 863 τὴν
580 793 820 845 διάνοιαν
872 794 1116 863 εὑρεθὲν,
1161 796 1236 858 ὡς
1268 796 1440 866 δῶρόν
1467 816 1521 851 τι
1566 799 1643 870 τῷ

46 883 486 953 θεομεγα>.ύντῳ
521 883 736 954 βασιλεῖ
762 888 1220 955 προσενήνεκται.
1261 889 1416 943 Κατά
1441 891 1646 960 ταύτην

46 975 104 1025 δὲ
143 975 247 1044 τὴν
277 975 490 1044 ἡμέραν
524 976 620 1028 καὶ
649 976 786 1045 πρός
807 994 927 1030 τινα
954 979 1186 1048 μοναχὸν
1204 979 1303 1049 τῆς
1330 983 1644 1053 συμμορίας

46 1066 241 1138 αὑτῶν
283 1065 443 1135 ἔτυχε
497 1065 827 1136 ποιήσασθαι
884 1067 1040 1135 λόγον
1070 1068 1164 1122 τὸν
1195 1067 1453 1139 θεόσοφον
1488 1073 1646 1143 ἡμῶν

46 1157 440 1225 αὐτοκράτορα
496 1159 595 1211 σὺν
633 1157 844 1228 ἑτέροις
874 1158 1072 1212 οὐκοῦν
1108 1160 1378 1225 πλείστοις
1423 1164 1645 1234 κομιδῆ,

50 1249 150 1296 καί
186 1247 247 1298 τὸ
271 1248 515 1300 τοιοῦτον
539 1249 701 1318 ῥητὸν
743 1250 988 1311 εἰπόντος
1015 1251 1110 1304 τοῦ
1145 1251 1432 1322 θεόφρονος
1473 1255 1648 1308 Abeo-

47 1340 284 1406 νὰρχου,
319 1341 413 1391 καὶ
447 1340 582 1408 ὁμοῦ
618 1339 907 1405 δείξαντος,
925 1343 1132 1406 ἐκεῖνος
1180 1344 1349 1413 μηδὲν
1403 1344 1646 1416 μελήσας

53 1429 424 1498 μηδοπωσοῦν
477 1430 811 1498 ἐξεκάλυψεν
859 1433 1024 1487 αὐτοῦ
1072 1434 1132 1486 τὸ
1183 1436 1517 1507 ἀπόρρητον,
1555 1439 1651 1491 καὶ

48 1520 121 1570 δι’
175 1520 342 1588 ὅρκου
396 1523 925 1592 προπιστωσάμενος
969 1526 1060 1578 τὸν
1106 1526 1264 1592 λόγον
1308 1529 1502 1594 αὑτοῦ,
1554 1531 1651 1584 Μὰ

55 1611 194 1678 τὴν
223 1615 530 1681 σωτηρίαν
553 1631 696 1681 μου,
730 1617 852 1668 κατ’
897 1615 1016 1680 ἔθος
1049 1617 1158 1670 τῶν
1206 1620 1458 1690 μοναχῶν
1494 1622 1651 1690 εἴρη-

55 1721 182 1768 κεν,
218 1706 300 1769 ὡς
336 1706 441 1758 τὸν
467 1707 616 1768 ,βίον
641 1706 749 1760 τοῦ
771 1707 1042 1776 μάκαρος
1080 1711 1402 1766 Διονυσίου
1431 1714 1652 1780 καινῶς

56 1795 180 1859 τὴν
203 1794 473 1877 σήμερον
509 1797 602 1849 ἐπ’
623 1798 959 1865 ἐκκλησίας
993 1801 1506 1877 ἁνεγινώσκομεν,
1543 1808 1652 1860 τὸν

1751 608 1892 672 aliis,
1933 609 2097 678 idque
2128 609 2338 664 dictum
2373 609 2638 662 recitante
2670 608 2851 662 divina
2882 615 3063 661 mente
3105 606 3337 677 praedito

1755 699 2110 768 imperatore,
2146 709 2200 753 et
2230 700 2397 753 simul
2438 699 2786 763 ostendente,
2827 698 2917 753 ille
2966 699 3109 752 nulla
3157 699 3336 767 posita

1753 803 1904 842 mora
1941 788 2158 850 occulta
2206 789 2409 843 mentis
2450 789 2732 850 revelavit,
2774 797 2828 841 et
2854 787 3220 857 jurejurando
3258 787 3341 840 di-

1755 893 1844 935 cta
1899 880 2246 935 conﬁrmavit
2284 899 2296 935 :
2335 880 2441 933 Per
2488 896 2660 932 meam
2731 880 2995 943 salutem,
3043 882 3124 935 sic
3189 896 3339 933 more

1755 971 2156 1024 monachorum
2199 971 2439 1034 locutus,
2473 971 2601 1022 dum
2632 972 2815 1024 statim
2846 971 3007 1023 vitam
3038 971 3177 1024 beati
3211 970 3340 1022 Dio--

1755 1062 1894 1131 nysii
1941 1062 2147 1131 publice
2187 1064 2340 1117 hodie
2380 1064 2434 1116 in
2470 1063 2692 1116 ecclesia
2743 1061 3043 1130 legebamus
3067 1102 3082 1126 ,
3115 1074 3340 1116 mentem

1756 1149 1919 1218 ﬁgens
1981 1149 2157 1204 nescio
2215 1164 2316 1217 quo
2373 1149 2529 1200 modo
2593 1152 2645 1200 in
2705 1150 3037 1218 assignatum
3095 1151 3339 1210 dictum,

1754 1241 2002 1295 volumen
2056 1242 2140 1292 ira
2186 1243 2445 1293 exardens
2485 1239 2594 1308 igni
2645 1239 2854 1292 tradere
2906 1238 3236 1301 studueram,
3293 1247 3339 1289 et

1757 1333 1894 1400 forte
1949 1342 2007 1385 ut
2064 1334 2149 1385 ira
2204 1331 2681 1394 subministrabat,
2733 1347 2844 1384 rem
2903 1331 3238 1398 peregissem,
3295 1339 3342 1382 et

1759 1422 1927 1474 animi
1979 1421 2207 1474 consilia
2257 1421 2415 1489 ﬁnem
2452 1419 2774 1483 habuissent,
2833 1417 2941 1470 nisi
2993 1417 3206 1483 plenum
3246 1431 3339 1467 no-

1758 1524 1933 1568 strum
1973 1515 2151 1566 orbem
2190 1522 2334 1565 terra
2369 1512 2608 1580 marique
2636 1509 2892 1563 similium
2935 1509 3196 1563 libremus
3236 1523 3346 1560 esse

1759 1604 2057 1658 scivissem.
2122 1602 2333 1656 Similia
2402 1602 2652 1654 narranti
2716 1615 2840 1670 quae
2897 1601 2976 1654 rei
3035 1599 3342 1670 ignorantia

1759 1692 2334 1758 attribuetur?Quam
2395 1706 2591 1746 rursus
2645 1690 3017 1760 improbitatis
3067 1703 3342 1744 summam

1764 1802 1874 1840 non
1925 1786 2263 1840 excesserit?
2318 1784 2591 1851 Conspexi
2647 1783 2764 1852 ipse
2809 1795 3028 1851 quoque
3077 1781 3335 1834 volumen

54 1886 220 1938 νοῦν
250 1873 639 1955 ἐπιστήσας,
679 1888 808 1954 πῶς
854 1892 968 1943 οὐκ
1019 1888 1155 1945 οἶδα
1209 1874 1307 1948 καί
1358 1871 1542 1962 αὐτὸς
1575 1896 1656 1963 τῷ

1762 1880 1896 1932 satis
1933 1878 2219 1946 antiquum
2266 1885 2430 1945 atque
2479 1886 2775 1939 vetustum,
2825 1873 3012 1927 multis
3050 1871 3344 1939 capitibus,

53 1977 395 2043 δηλωθέντι
434 1978 622 2047 ῥητῷ,
661 1981 728 2034 τὸ
773 1981 1044 2045 βιϐλίον,
1087 1983 1192 2037 τοῦ
1223 1986 1416 2054 θυμοῦ
1443 1985 1657 2048 ζέσαν-

54 2085 188 2131 τος,
220 2068 364 2136 πυρί
397 2069 774 2137 παραδοῦναι
811 2071 1248 2143 βεϐούλευμαι,
1280 2077 1378 2130 καὶ
1421 2079 1551 2147 τάχ’
1581 2077 1660 2134 ἂν

56 2160 144 2223 ὡς
163 2160 584 2227 ιύπητόρευενό
605 2164 794 2230 θυμὸς
805 2162 1240 2234 διεπραξάμην,
1260 2169 1359 2221 καί
1380 2173 1468 2234 εις
1481 2174 1660 2242 ἔργον

60 2251 306 2303 τέλειον
319 2252 492 2317 ἐξέϐη
513 2251 584 2304 τὰ
599 2251 700 2320 τῆς
718 2253 982 2322 βουλῆς,
999 2259 1050 2309 εί
1063 2257 1148 2324 μὴ
1170 2258 1374 2326 πλήρη
1393 2261 1511 2314 τῶν
1529 2282 1642 2319 κατ

57 2346 210 2395 αὐτὸ
241 2344 478 2407 βίϐλων
500 2344 699 2397 τελεῖν
719 2346 1073 2416 ἠπιστάμην
1096 2349 1212 2416 τὴν
1231 2352 1361 2406 καθ’
1385 2353 1545 2423 ἡμᾶς
1577 2359 1662 2410 οι-

59 2433 374 2498 κουμένην
389 2435 539 2500 πρὸς
569 2433 686 2502 γῆν
708 2436 806 2490 καί
841 2439 994 2505 πρὸς
1017 2439 1342 2497 θάλατταν.
1373 2444 1414 2496 Τ
1420 2444 1557 2498 αὕτα
1580 2445 1659 2516 τῷ

63 2525 309 2593 φήσαντι
344 2525 506 2577 ποίαν
531 2524 755 2593 ἄγνοιαν
785 2528 1188 2598 ἐπιμαρτυρεϊς
1221 2533 1392 2595 Ποίας
1412 2533 1468 2587 δὲ
1496 2536 1659 2589 πάλιν

65 2614 380 2685 ὑπερϐολὴν
412 2615 608 2679 κακίας
639 2615 976 2682 ἀπέλειπεν;
1023 2615 1178 2672 Εἶδον
1210 2621 1321 2688 ἐγὼ
1351 2627 1446 2676 καὶ
1478 2625 1660 2694 βίὸλον

63 2705 193 2756 τινὰ
236 2704 347 2756 τῶν
389 2704 632 2775 ἀρχαίων
683 2706 775 2763 καὶ
808 2705 1056 2759 παλαιῶν
1105 2708 1457 2781 πολλαχόθεν,
1493 2714 1566 2777 ὡς
1599 2717 1660 2768 τὸ

65 2796 238 2873 είκὺς,
279 2796 617 2850 πλουτοῦσαν
654 2798 716 2849 τὸ
742 2797 1074 2868 ἀξιόπιστον,
1103 2802 1226 2874 ἥτις
1256 2805 1313 2856 ἐν
1357 2790 1454 2873 μὲν
1484 2807 1660 2862 ἆπαν.

67 2904 124 2939 τι
153 2889 353 2958 τουτῳὶ
406 2886 485 2956 τῷ
535 2887 701 2958 λόγῳ,
749 2888 935 2952 καθὼς
978 2890 1114 2959 δῆτα
1145 2895 1248 2946 κάν
1291 2897 1403 2959 τοῖς
1431 2896 1656 2960 λοιποῖς,

67 2977 194 3030 οὑδὲ
225 2978 467 3048 κεραίαν.
510 2980 697 3047 σχεδὸν
728 2979 1049 3050 ἐξεσμένην,
1083 2983 1157 3053 μή
1191 2984 1272 3037 τοί
1297 3002 1362 3052 γε
1394 2990 1658 3058 στοιχεῖον

67 3063 140 3135 ἦν
173 3066 392 3136 εχουσα,
446 3071 587 3121 κατὰ
637 3069 798 3137 μόνον
837 3070 891 3122 δὲ
919 3072 981 3125 τὸ
1035 3073 1296 3137 πολλάκις
1344 3079 1474 3147 παρ’
1500 3078 1658 3149 ἡμῶν

69 3156 308 3209 ἐνταῦθα
353 3156 647 3226 διαληφθέν
706 3161 1030 3233 άδιάὸλῃτον
1064 3165 1198 3216 πᾶσι
1247 3166 1409 3234 ῥητὸν
1435 3166 1660 3238 ἐξεσμέ-

69 3263 166 3300 νον
201 3247 361 3316 ἔφερέ
391 3267 444 3300 τι
470 3249 670 3319 χωρίον
705 3251 907 3319 μεταξὺ
935 3253 1026 3306 τοῦ
1055 3255 1540 3325 ἐκπορευόμενον
1564 3262 1659 3314 καὶ

68 3338 177 3407 τῆς
213 3340 402 3394 αὐτοῦ
437 3339 656 3406 λέξεως,
711 3343 767 3394 ἐν
800 3335 953 3413 ᾧπερ
995 3344 1304 3414 ἐγέγραπτο
1340 3348 1417 3400 δι’
1441 3365 1454 3378 ·
1499 3349 1660 3405 τοῦτο

70 3429 132 3482 δέ
167 3431 383 3492 πάντως
437 3432 718 3501 πρόθεσις.
768 3434 878 3487 Καὶ
920 3436 1027 3506 γὰρ
1059 3437 1160 3506 τὴν
1205 3438 1520 3494 τελευταίαν
1561 3441 1658 3495 τοῦ

68 3522 558 3590 ἐκπορευόμενον
577 3525 871 3596 συλλαῦὴν,
893 3526 1135 3595 δηλονότι
1160 3528 1220 3581 τδ
1239 3547 1372 3595 νον,
1392 3533 1658 3602 πρότερον

71 3613 337 3682 κειμένην
390 3614 558 3668 αὑτοῦ
589 3616 752 3681 ξέσας
795 3633 881 3678 τις
916 3616 1163 3686 ὕστερον,
1217 3621 1433 3675 καὶτοῦ
1474 3623 1658 3693 στίχου

74 3705 190 3764 θεὶς
216 3705 443 3768 ἄνωθεν,
463 3706 538 3770 ὡς
565 3709 660 3760 καὶ
689 3709 964 3778 μακρόθεν
987 3713 1013 3763 ὁ
1034 3713 1323 3784 χαρακτὴρ
1347 3714 1456 3768 τῶν
1480 3731 1659 3787 γραμ-

79 3797 266 3865 μάτων
316 3797 639 3866 ὑπέφαινεν,
689 3798 849 3863 ἄλλος
893 3799 969 3853 ὣν
1004 3803 1153 3872 παρὰ
1187 3805 1276 3856 τὸν
1310 3806 1660 3875 ἀρχαῖονικαὶ

77 3887 327 3949 παλαιὸν,
377 3889 470 3940 καί
499 3904 552 3939 τι
600 3891 849 3960 φανερῶς
895 3891 992 3944 καὶ
1041 3892 1258 3957 ἀπόζων
1303 3899 1573 3966 νεότητος,
1600 3901 1660 3952 τὸ

74 3975 263 4045 λεχθὲν
309 3975 481 4040 οὕτως
530 3977 739 4054 ἔγραψε
789 3981 864 4034 δι’
901 3982 1148 4050 θρασέως
1198 3986 1294 4038 καὶ
1345 3989 1657 4060 τολμηρῶς,

77 4065 197 4120 εἶτα
227 4069 322 4132 καὶ
348 4070 694 4138 ἁπόστροφον
725 4071 806 4133 εἰς
838 4071 897 4124 τὸ
924 4072 1114 4126 αὑτοῦ
1144 4075 1490 4146 διεχάραξεν,
1517 4078 1658 4136 ὥστε

79 4161 156 4226 μὴ
209 4159 350 4211 κατὰ
387 4160 486 4228 τὴν
525 4161 836 4230 ἔμπροσθεν
883 4164 1030 4216 θέσιν
1075 4165 1134 4216 τὸ
1177 4168 1661 4240 ἐκπορευόμενον

75 4250 302 4316 αὐτοῦ,
353 4251 413 4304 τὸ
475 4252 531 4305 δὲ
585 4253 1068 4323 ἐκπορευόμενον
1117 4258 1194 4312 δι’
1250 4263 1440 4316 αὑτοῦ
1500 4263 1660 4318 τοῦτο

69 4341 572 4416 άναγινώσκεσθαι.
622 4343 731 4414 Τὴν
774 4346 1033 4417 τοιαύτην
1085 4355 1536 4426 μεταφραστικὴν
1571 4355 1656 4426 βί-

77 4431 204 4482 6λον
252 4434 349 4483 σίν
403 4432 530 4500 ἐμοὶ
583 4433 678 4486 καὶ
721 4433 830 4488 τῶν
886 4435 1157 4504 ἐκκρίτων
1211 4440 1510 4496 ἐθεάσαντο
1559 4445 1658 4512 τῆς

1763 1969 1841 2022 uti
1885 1984 1982 2037 par
2017 1977 2162 2032 erat,
2200 1967 2359 2021 lidem
2410 1967 2514 2021 sibi
2561 1966 2888 2028 concilians,
2923 1966 3069 2033 quod
3119 1965 3172 2018 in
3225 1966 3344 2017 uui-

1762 2074 1921 2113 versa
1986 2059 2088 2112 hac
2146 2059 2415 2122 oratione,
2470 2057 2547 2110 uti
2604 2058 2658 2110 in
2709 2056 2940 2125 reliquis
2993 2057 3120 2109 aliis
3170 2071 3345 2124 neque

1761 2154 2043 2215 minimam
2081 2152 2357 2216 lineolam,
2392 2161 2602 2206 tantum
2635 2153 2786 2205 abest
2820 2161 2880 2203 ut
2927 2152 3160 2204 litteram
3187 2189 3203 2210 .
3241 2151 3343 2203 ha-

1771 2246 1925 2298 beret
1956 2259 2196 2308 causam,
2235 2244 2330 2298 sed
2365 2245 2420 2297 in
2459 2244 2564 2297 hoc
2598 2261 2647 2296 s-
2676 2243 2798 2310 pius
2829 2256 2858 2295 a
2889 2243 3054 2295 nobis
3099 2241 3342 2306 laudato,

1764 2333 2029 2402 nulloque
2075 2334 2295 2386 crimini
2334 2332 2578 2386 obnoxio
2616 2331 2767 2386 dicto
2813 2344 3037 2384 erasum
3071 2329 3338 2385 referebat

1761 2422 1999 2489 Spatium
2031 2424 2174 2479 iter
2203 2424 2457 2493 procedit,
2484 2431 2541 2478 et
2569 2439 2633 2477 ea:
2662 2424 2776 2493 ipso
2812 2421 3105 2486 dictiones,
3143 2422 3200 2477 in
3237 2437 3346 2491 quo

1767 2519 2032 2586 scriptum
2056 2515 2289 2581 ει·;ιι.δι’,
2315 2531 2437 2586 quae
2467 2515 2692 2570 omnino
2706 2515 3020 2584 praepositio
3040 2525 3162 2582 est;
3191 2531 3347 2569 nam-

1761 2621 1868 2677 que
1885 2618 2214 2678 postremam
2239 2606 2503 2663 dictionis
2521 2608 2720 2676 ἐκπορε
2730 2606 3071 2675 νόμενον,ᾳαὶ
3084 2608 3345 2676 procedit,

1764 2699 2055 2769 syllabam,
2090 2716 2178 2751 νον
2210 2714 2430 2768 nempe,
2465 2698 2620 2767 prius
2652 2697 2848 2751 ibidem
2884 2697 3193 2766 appositam
3224 2712 3346 2751 ero-

1761 2791 1897 2846 dens
1928 2792 2200 2860 quispiam
2233 2799 2517 2861 postea,et
2539 2804 2707 2859 supra
2735 2789 2936 2843 lineam
2963 2804 3247 2859 apponens
3289 2798 3348 2842 ut

1763 2882 1927 2951 longe
1977 2884 2142 2936 etiam
2203 2878 2517 2948 inspicienti
2560 2889 2701 2932 notae
2738 2879 3045 2934 litterarum
3093 2880 3345 2948 designa~

1761 2975 1917 3037 bant,
1953 2989 2078 3029 cum
2125 2980 2314 3027 essent
2366 2969 2438 3026 ab
2469 2969 2717 3040 antiquis
2757 2970 2862 3024 illis
2905 2979 3075 3039 atque
3115 2971 3347 3024 vetustis

1762 3068 2019 3132 diversae,
2053 3074 2103 3120 et
2155 3063 2518 3119 recentiorem
2569 3077 2791 3115 manum
2827 3063 3004 3130 palam
3061 3060 3344 3131 praesel‘ur-

1765 3165 1910 3222 rent,
1962 3157 2170 3211 dictum
2213 3156 2287 3208 ita
2340 3155 2588 3209 exaravit
2627 3153 2717 3218 δι’,
2768 3154 3032 3208 audacter
3072 3153 3247 3209 nimis
3285 3169 3346 3208 ae

1684 3218 1729 3275 Ο
1769 3248 2082 3306 temerarie.
2113 3257 2225 3300 tum
2259 3247 2611 3316 postmodum
2646 3246 3044 3312 apostrophum
3080 3250 3340 3316 superad-

1760 3342 1900 3395 didit
1948 3341 2022 3394 illi
2078 3338 2241 3393 αὑτοῦ
2285 3353 2350 3391 ea:
2405 3339 2517 3404 ipso
2546 3351 2563 3390 :
2592 3341 2728 3391 adeo
2778 3346 2838 3390 ut
2883 3352 2991 3391 non
3042 3340 3342 3393 secundum

1760 3433 2001 3502 positum
2033 3431 2214 3500 primo
2243 3428 2676 3498 ἐκπορευόμενον
2701 3427 2888 3492 αὑτοῦ,
2923 3429 3017 3483 sed
3049 3431 3347 3502 ἐκπορευό-

1765 3541 1926 3595 μενον
1967 3523 2034 3577 δι’
2066 3521 2232 3575 αὑτοῦ
2284 3522 2410 3576 inde
2465 3522 2760 3590 legeretur.
2810 3520 2925 3594 Hoc
2958 3521 3348 3592 Metapltrasta:

1763 3617 2016 3670 volumen
2048 3630 2154 3669 una
2184 3629 2396 3668 mecum
2421 3630 2486 3667 ex
2516 3615 2894 3668 ecclesiastico
2921 3627 3063 3668 cmtu
3093 3615 3344 3668 homines

1763 3707 2010 3774 primarii
2056 3706 2213 3760 multi
2259 3716 2690 3776 conspexerunt,
2727 3715 2854 3760 ante
2889 3721 3020 3760 vero
3071 3721 3263 3760 omnes
3291 3717 3346 3760 et

1767 3812 1894 3855 cum
1933 3798 2189 3851 omnibus
2240 3811 2436 3851 norma
2483 3806 2536 3850 et
2583 3797 2770 3867 regula
2821 3796 3140 3867 dogmatum
3182 3813 3347 3853 vene~

1764 3890 1971 3943 randus
2030 3897 2217 3943 noster
2269 3889 2587 3957 patriarcha
2647 3890 2882 3943 intuitus
2935 3898 3038 3943 est.
3099 3890 3178 3943 Ex
3233 3906 3343 3957 quo

1765 3995 1996 4048 prorsus
2029 3981 2336 4036 ostenditur
2387 3989 2440 4035 et
2473 3981 2866 4049 quoquomodo
2913 3981 3340 4041 attendentibus.

1763 4079 1818 4124 et
1852 4079 2045 4125 contra
2099 4085 2202 4124 nos
2249 4070 2593 4138 improbitati
2651 4071 2879 4124 minime
2927 4071 3150 4131 deditis,
3189 4071 3340 4128 illud.

1762 4177 1831 4217 ex
1887 4161 2031 4217 Filio
2085 4177 2305 4231 quoque
2360 4159 2635 4231 Spiritum
2687 4162 3003 4230 procedere,
3059 4175 3186 4216 ante
3246 4180 3344 4216 ltus

1762 4256 1931 4312 etiam
1996 4256 2296 4310 nonnullos
2343 4270 2455 4309 non
2511 4270 2819 4309 recusasse.
2860 4255 3095 4323 Ideoque
3132 4257 3223 4323 qui
3277 4272 3341 4308 ex

1765 4350 2072 4405 schismate
2102 4357 2282 4412 erant,
2319 4362 2428 4401 non
2468 4347 2655 4402 minus
2704 4348 2791 4402 his
2817 4348 2910 4414 qui
2951 4362 3099 4401 nunc
3132 4348 3344 4411 vivunt,

1764 4454 1864 4509 pro
1913 4439 2174 4493 facultate
2213 4453 2316 4492 sua
2358 4437 2600 4506 quisque
2642 4438 2939 4491 immutare
2973 4447 3027 4491 et
3074 4439 3342 4490 invertere

92 4520 420 4591 Ἐκκλησίας
471 4524 679 4587 πολλοὶ,
717 4527 822 4579 ποὺ
865 4527 1086 4582 πάντων
1125 4530 1183 4582 δὲ
1208 4533 1304 4583 καὶ
1345 4534 1486 4599 μετὰ
1515 4535 1655 4586 πάνυ

1766 4532 1948 4585 conati
1985 4537 2141 4584 sunt.
2197 4528 2291 4583 Sic
2327 4529 2507 4598 palam
2558 4529 2662 4581 hoc
2698 4528 3046 4583 conﬁrmavit
3081 4529 3344 4584 adversus

76 4630 184 4666 των
218 4616 246 4666 ὁ
274 4615 450 4667 κανὼν
493 4617 602 4669 τῶν
650 4617 960 4689 δογμάτων,
1007 4623 1035 4673 ό
1069 4622 1264 4684 σεπτδς
1312 4617 1471 4687 οὗτος
1496 4626 1654 4695 ἡμῶν

81 4703 423 4776 πατριάρχης
460 4707 725 4776 ἑώρακεν.
769 4710 858 4774 Ἐξ
888 4705 956 4781 ἧς
1003 4711 1222 4775 πάντως
1251 4713 1529 4769 δείκνυται
1558 4721 1653 4771 καὶ

76 4796 187 4857 τοῖς
229 4794 477 4849 ὁπωσοῦν
534 4797 910 4866 ἐπιϐάλλουσι,
961 4803 1056 4854 καὶ
1100 4804 1175 4873 μὴ
1225 4808 1650 4877 συνεσχημένοις

1765 4636 1889 4677 sese
1925 4632 2264 4690 opponentes
2295 4621 2494 4683 oratio,
2536 4620 2906 4688 processionis
2941 4619 3180 4673 dictione
3209 4636 3348 4673 non-

1765 4715 1944 4770 nullos
2001 4725 2224 4769 sanctos
2273 4729 2405 4767 usos
2460 4711 2651 4778 luisse,
2712 4730 2837 4768 cum
2902 4712 3166 4782 Spiritum
3216 4729 3345 4768 Sun-

1763 4816 1910 4862 ctum
1947 4806 2111 4860 etiam
2161 4822 2226 4859 ex
2256 4804 2395 4862 Filio
2438 4806 2814 4861 exsistentiam
2861 4807 3062 4860 habere
3093 4805 3344 4859 decreve-

77 4884 210 4953 ὁμοῦ
241 4889 409 4956 κακίᾳ
437 4890 503 4958 τῇ
549 4887 671 4942 καθ’
703 4890 883 4958 ἡμῶν,
910 4893 993 4944 ὅτι
1020 4893 1080 4944 τὸ
1125 4895 1559 4965 ἐκπορευόμενον
1585 4900 1651 4953 ἐκ
1759 4907 1910 4950 runt.

79 4975 168 5026 τοῦ
208 4974 335 5027 Υίοῦ
388 4976 613 5065 Πνεῦμα
661 4980 760 5033 καὶ
806 4979 916 5032 τῶν
964 4983 1069 5050 πρὸ
1109 4984 1267 5052 ἡμῶν
1307 4986 1439 5039 ἔνιοι
1466 4989 1646 5055 λέγειν
1685 4988 1743 5041 τὸ
1797 4988 1962 5059 ῥητὸν
2013 4987 2324 5058 νενοήκασι.
2404 4984 2504 5036 Διά
2585 4985 2743 5039 τοῦτο
2784 4988 2893 5059 γὰρ
2956 4990 3199 5042 κάκεῖνοι
3254 4991 3349 5043 τοῦ

81 5066 373 5136 σχίσμα-τος
403 5063 555 5149 ὅντες
575 5068 729 5122 οὐδὲν
765 5063 928 5141 ἦττον
956 5073 1065 5126 τῶν
1089 5074 1206 5139 νῦν,
1267 5077 1342 5140 ὡς
1377 5073 1544 5150 εἶχον,
1585 5081 1717 5134 αὐτὸ
1760 5079 2151 5150 μεταποιῆσαι,
2206 5079 2300 5132 καὶ
2352 5079 2678 5150 μεταϐαλεῖν
2735 5082 3128 5152 ἐπειράθησαν.
3183 5083 3343 5136 Οὕτω

79 5159 287 5229 τρανῶς
315 5162 660 5230 παρέστησεν
683 5162 712 5215 δ
740 5160 896 5231 λόγος
925 5168 1037 5228 τοῖς
1098 5157 1467 5229 ἀντιϐαίνουσι
1492 5173 1552 5225 τὸ
1606 5174 1802 5242 παρὸν.
1875 5171 1951 5234 ὡς
1982 5174 2076 5225 καὶ
2123 5174 2191 5243 τῇ
2243 5173 2632 5241 ἐκπορεύεται
2681 5173 2821 5238 λέξει
2865 5176 3002 5235 τινὲς
3035 5176 3145 5227 τῶν
3179 5178 3351 5244 ἁγίων

82 5253 407 5321 ἐχρήσαντο,
438 5253 499 5306 τὸ
525 5254 749 5326 Πνεῦμα
776 5258 836 5310 τὸ
870 5258 1027 5326 ἅγιον
1051 5263 1147 5314 καὶ
1180 5263 1242 5315 ἐκ
1272 5263 1367 5317 τοῦ
1401 5265 1535 5319 Υίοῦ
1563 5265 1662 5337 τὴν
1703 5266 1936 5336 ὕπαρξιν
1966 5265 2111 5336 ἔχειν
2153 5266 2598 5333 θεολογήσαντες.

150 5342 238 5399 ).δ’.
289 5345 429 5398 Ἀλλ’
473 5348 665 5416 ἐπειδὴ
716 5351 813 5403 καὶ
864 5352 926 5404 τὸ
974 5350 1308 5422 ζητούμενον
1361 5357 1659 5426 εὑρηκότες

81 5436 239 5505 ἡμεῖς
285 5435 383 5506 τὴν
429 5438 664 5510 ἀπορίαν
713 5442 894 5505 αὐτοῖς
940 5446 1021 5507 εἰς
1075 5443 1227 5506 τέλος
1265 5447 1653 5518 διελυσάμεθα,

82 5526 214 5596 φέρε
244 5526 429 5583 λοιπὸν
459 5530 737 5586 κάνταῦθα
771 5535 1098 5605 προθέμενοι
1146 5536 1352 5607 βραχέα
1386 5542 1513 5610 περὶ
1556 5542 1656 5609 τῆς

83 5619 276 5683 λέξεως
329 5622 532 5691 ταύτης
579 5626 778 5690 εἰπεῖν,
819 5627 1041 5696 ἴδοιμεν,
1097 5630 1146 5680 εί
1201 5631 1368 5696 δοκεῖ,
1418 5632 1655 5702 πρῶτον,

88 5711 259 5776 πῶςὺ
304 5714 721 5789 Χρυσορῤήμων
767 5718 935 5788 αὐτὴν
987 5720 1239 5787 Ἰωάννης
1288 5722 1653 5792 ἡρμήνευσεν·

91 5805 238 5872 Ὅτι,
299 5811 485 5877 φησὶν,
550 5808 694 5879 οἵδε,
738 5811 837 5882 τὴν
877 5813 1240 5887 εὐαγγελικὴν
1291 5813 1658 5885 ἐξηγούμενος

1842 5359 1932 5413 34.
1977 5357 2085 5412 Sed
2114 5359 2334 5426 quando
2362 5360 2664 5428 quastione
2686 5371 2964 5429 comperta
2996 5377 3098 5416 nos
3129 5364 3350 5418 dubita-

1767 5451 1970 5506 tionem
2016 5452 2237 5506 illorum
2275 5452 2650 5519 dissolvimus,
2684 5469 2782 5524 age
2837 5471 2985 5508 nunc
3019 5458 3184 5510 etiam
3237 5459 3347 5516 hic.

1767 5560 1894 5598 cum
1953 5545 2171 5599 animus
2231 5546 2302 5599 sit
2362 5561 2536 5614 pauca
2587 5547 2653 5600 de
2695 5547 2936 5601 dictione
2991 5549 3094 5602 hac
3139 5551 3345 5610 dicem.

1772 5637 2081 5697 videamus,
2115 5637 2159 5688 εἰ
2198 5638 2400 5705 placet,
2435 5639 2672 5706 primum
2708 5641 2984 5707 quomodo
3018 5654 3137 5693 eam
3180 5656 3344 5696 λιιι-ιι

1767 5730 1948 5797 lingua
1989 5728 2229 5784 Joannes
2271 5731 2663 5799 interpretatus
2709 5742 2792 5786 est
2826 5752 2840 5786 :
2870 5731 3024 5796 Quod
3065 5735 3227 5795 nouit,
3275 5736 3350 5787 uit

1768 5819 2146 5888 evangelieam
2184 5835 2371 5877 vocem
2403 5837 2708 5892 exponens,
2741 5833 2789 5877 et
2815 5826 3079 5894 profunda
3121 5824 3252 5890 Dci;
3295 5835 3347 5880 et
