4074 6434
84 432 235 495 1245

949 435 1047 494 DE
1089 433 1602 495 PROCESSIONE
1644 435 1703 493 S.
1749 433 2110 493 SPlRlTUS
2151 433 2375 494 ()RAT.
2416 430 2502 491 ΙΙ.

3203 392 3354 485 me

84 545 242 608 Τέως
283 545 362 608 ὡς
406 544 473 598 ἂν
527 545 1033 615 ἑπεξεργασὰμενοι
1065 546 1127 597 τὸ
1176 546 1458 614 συντόμως
1509 547 1683 615 ῥηθὲν-

1793 555 1973 600 nentes
2003 544 2299 614 perfectius
2336 552 2582 597 nostram
2634 541 2702 594 de
2749 541 2852 595 boc
2892 540 3217 594 sententiain
3253 555 3352 594 ex-

81 639 423 706 τελεώτερον
449 637 539 691 τὸν
569 638 726 706 ἡμῶν
752 639 812 689 ἐν
841 636 1016 707 τούτῳ
1045 636 1171 691 νοῦν
1199 641 1666 708 παραστήσωμεν.

77 731 208 782 οὐκ
236 729 556 798 ἀνατρέπων
586 730 646 810 τῇ
673 728 927 791 λέγεσθαι
949 731 1008 781 τὸ
1035 730 1260 798 Πνεῦμα
1287 731 1347 783 τὸ
1387 730 1543 798 ἅγιον
1574 732 1671 783 καὶ

76 824 158 875 ιιι
191 819 286 872 τοῦ
311 819 465 882 Υίοῦ,
486 818 584 888 τὴν
609 820 771 889 ῥῆσιν
800 819 922 886 τὴν.
955 821 1057 874 Ἐκ
1083 821 1188 874 τοῦ
1216 820 1350 874 Υιοῦ
1378 819 1446 874 δὲ
1473 823 1544 874 οὐ
1569 821 1667 880 λέ-

81 925 307 976 τομεν.
357 902 514 960 εἶπεν
549 909 579 960 6
630 908 1034 977 χαριτώνυμος.
1087 909 1354 981 Ἑπείπερ
1404 908 1548 962 οὕτω
1607 926 1672 977 γε

82 998 320 1059 πάντως
345 998 377 1065 ἢ
411 997 512 1060 τὰς
541 997 812 1061 τοσαύτας
845 1002 1030 1066 φωνὰς
1058 999 1168 1053 τῶν
1196 1000 1546 1070 θεοφθόγγων
1576 1001 1672 1054 καὶ

82 1087 319 1140 σεπτῶν
347 1088 612 1156 Πατέρων
647 1089 823 1154 ἔδοξεν
849 1091 1088 1154 ἀγνοεῖν,
1125 1091 1221 1144 καὶ
1253 1095 1404 1154 ποῖος
1443 1091 1509 1146 ἂν
1541 1090 1673 1146 ταύ-

82 1192 197 1236 τας
235 1175 425 1246 ἔτερος
455 1171 618 1241 εἶδεν,
666 1178 714 1228 εί
745 1176 821 1246 μὴ
868 1176 1003 1244 φαίη
1039 1193 1124 1239 τις
1151 1178 1244 1230 τὸν
1291 1178 1544 1232 τοσοῦτον
1573 1177 1674 1247 τὴν

83 1267 208 1319 τῶν
241 1268 404 1332 ιερῶν
456 1267 738 1334 δογμάτων
784 1267 1068 1333 ὲξέτασινς
1104 1267 1137 1338 ἢ
1193 1270 1499 1336 γινώσκων,
1535 1270 1674 1340 πρὸς

85 1359 386 1426 ἀναίρεσιν
434 1361 529 1410 καὶ
584 1358 796 1411 τελείαν
839 1360 1149 1426 ἁνασκευὴν
1196 1360 1404 1414 τούτων
1453 1362 1674 1430 χωρεῖν.

90 1450 215 1500 Καὶ
248 1451 354 1518 μὴν
395 1450 518 1511 τοὺς
551 1449 802 1512 πλείονας
844 1451 1023 1504 αὐτῶν
1056 1453 1386 1523 γεννήτορας
1427 1454 1512 1505 ὔπ⁹
1555 1453 1682 1505 Ἐκ-

87 1540 335 1610 κλησίας
361 1539 592 1609 ὕμνησε.
644 1541 945 1613 Τοιγαροῦν
984 1544 1084 1597 οὐκ
1114 1545 1439 1614 ἀνατρέπων
1467 1547 1551 1610 τὺ,
1577 1545 1679 1598 καὶ

85 1632 162 1685 ὲκ
222 1631 330 1684 τοῦ
399 1631 569 1694 Υίοῦ,
619 1632 721 1702 τὴν
784 1631 1172 1701 διαληφθείσαν
1222 1638 1250 1687 6
1303 1635 1468 1705 σοφὸς
1520 1637 1678 1707 ῥῆσιν

90 1721 328 1787 ἔφησεν,
367 1720 502 1774 ἀλλὰ
526 1722 587 1774 τὸ
620 1721 948 1790 πρεσϐεύειν
972 1724 1035 1775 ἐκ
1065 1723 1158 1778 τοῦ
1190 1721 1319 1776 Υίοῦ
1361 1725 1421 1775 τὸ
1454 1722 1681 1792 Πνεῦμα

87 1811 159 1861 τὸ
189 1810 364 1876 ᾰγιον.
413 1810 489 1871 ὡς
514 1811 583 1863 ἐκ
631 1811 858 1880 πρώτης
890 1811 1083 1881 ἀρχῆς,
1110 1812 1256 1881 ὅπερ
1289 1813 1412 1864 ’τῶν
1443 1811 1680 1865 ἔκπαλαί

88 1894 244 1952 ’τισιν
297 1900 556 1969 ἐνομίσθη
609 1901 816 1962 κακῶς.
869 1902 1122 1954 ἐντεῦθεν
1169 1903 1676 1974 ἀποπεμπόμενος·

89 1991 189 2044 διὰ
221 1991 381 2045 τοῦτο
411 1991 518 2061 γὰρ
554 1993 778 2061 εἴρηκεν
805 1993 872 2046 ἐκ
899 1993 1003 2047 τοῦ
1040 1994 1199 2056 Υίοῦ,
1241 1996 1316 2064 μὴ
1356 1994 1537 2064 μέντοι
1560 1995 1675 2049 κάκ

91 2081 210 2137 τοῦ
252 2083 387 2136 Υζοῦ
438 2084 807 2161 διηγόρευσεν.
858 2084 1012 2139 Ἐπεὶ
1060 2085 1216 2139 τοῦτο
1264 2085 1531 2156 πολλαχοῦ
1585 2088 1678 2141 καὶ

92 2169 256 2236 οὗτος
305 2174 414 2236 τῷν
457 2175 803 2244 δογματικῶν
858 2178 1171 2246 κεφαλαίων
1226 2179 1413 2243 αὐτοῦ,
1455 2181 1678 2248 προσέτι

92 2266 157 2319 δὲ
185 2266 283 2320 καὶ
317 2266 426 2319 τῶν
455 2268 672 2320 οἰκείων
697 2267 876 2337 μελῶν
905 2267 1052 2320 ἐστιν
1085 2263 1147 2323 οῦ
1179 2269 1460 2339 προδήλως
1487 2271 1684 2338 ἐκήρυ-

94 2356 217 2422 ξεν,
255 2358 313 2409 ὲν
343 2356 487 2417 ὅσοις
514 2355 712 2427 δηλαδὴ
744 2357 949 2409 τούτων
983 2356 1078 2410 διὰ
1123 2357 1225 2411 τοῦ
1265 2357 1400 2412 Υίοῦ
1434 2358 1499 2410 τὸ
1529 2374 1682 2410 παν-

96 2447 277 2516 ἁγιον
320 2449 558 2517 Πνεῦμα
597 2448 1004 2518 τεθεολόγηκεν,
1042 2450 1123 2502 ὅτι
1170 2449 1367 2504 ταυτὸν
1398 2450 1461 2502 τό
1499 2466 1557 2502 τε
1587 2449 1684 2502 διὰ

97 2535 214 2589 τοῦ
244 2537 380 2590 Υῐοῦ
407 2536 566 2590 τοῦτο
597 2538 690 2590 καί⁸
735 2538 798 2590 τὸ
827 2539 942 2591 κάκ
973 2538 1081 2592 τοῦ
1117 2537 1254 2592 Υιοῦ
1293 2541 1407 2602 τοῖς
1445 2539 1587 2592 κατά
1619 2554 1680 2606 γε

96 2626 206 2696 τὴν
247 2627 456 2680 ἔννοιαν
484 2630 591 2681 τῶν
620 2627 878 2682 τοιούτων
910 2630 1102 2696 φωνῶν
1133 2629 1532 2699 1ἑιμῶιιθύνουσι.
1571 2630 1686 2681 Ka-

103 2721 288 2789 θάπερ
337 2723 447 2789 γὰρ
497 2720 787 2788 ὁμολογίαν
837 2721 934 2786 τῆς
976 2721 1460 2791 προκαταρκτικῆς
1508 2721 1688 2784 αίτίας

104 2812 270 2882 αὐχεῖ
299 2812 438 2864 κατὰ
483 2812 576 2864 τὸν
603 2811 778 2881 μέγαν
809 2810 1087 2864 Βασίλειον
1135 2811 1197 2864 τὸ
1228 2810 1326 2864 διὰ
1374 2811 1482 2864 τοῦ
1523 2796 1686 2872 Υίοῦ,

109 2903 206 2960 τὸν
259 2903 444 2973 ὅμοιον
491 2905 690 2975 τρόπον
753 2905 938 2956 καὶτὸ
994 2903 1064 2956 ἐκ
1115 2902 1223 2957 τοῦ
1289 2900 1428 2955 Υιοῦ
1487 2902 1691 2972 ταύτην

107 2996 372 3057 δείκνυσι,
408 2996 503 3048 καὶ
543 2996 678 3067 πρὸς
715 2995 884 3066 αὐτὴν
915 2998 1026 3058 τοῖς
1064 2995 1420 3064 εὐεπηϐόλοις
1449 2995 1541 3048 τὸν
1568 2993 1693 3046 νοῦν

113 3087 470 3157 ἀναφέρεται.
503 3088 576 3139 Τὸ
618 3087 675 3141 δὲ
704 3088 773 3140 ἐκ
809 3087 918 3141 τοῦ
969 3087 1130 3150 Υιοῦ,
1162 3088 1267 3140 κᾶν
1311 3088 1370 3141 αἱ
1407 3085 1695 3156 προθέσεις

113 3180 284 3249 ἔχωσι
304 3179 366 3231 τὸ
387 3178 564 3249 πάντη
593 3178 811 3241 ταυτὸν,
840 3178 914 3240 ὡς
938 3176 1232 3247 ἀρχόμενοι
1249 3177 1343 3230 τοῦ
1368 3177 1527 3245 λόγου
1555 3177 1695 3229 κατὰ

113 3242 180 3323 τί
212 3268 415 3338 ἀρκοῦν
467 3242 914 3339 παρεστήσαμεν,
1140 3267 1187 3320 δ’
1230 3263 1324 3321 οὖν
1354 3269 1414 3320 τδ
1443 3242 1697 3321 ⁷νοεῖσθαι
1725 3242 1767 3298 C

114 3363 210 3414 τὸν
261 3361 389 3412 Υἰὸν
428 3359 652 3430 πρώτην
697 3360 871 3428 ἀρχὴν
899 3360 1136 3428 ὑποψίαν
1185 3360 1436 3413 ὁπωσοῦν
1469 3359 1701 3429 παρέχει

103 3450 213 3504 οιαὶ
245 3448 449 3502 δίδωσι.
483 3449 591 3501 Καὶ
620 3450 692 3518 μή
725 3465 814 3517 μοι
840 3449 1046 3516 λεγέτω
1075 3465 1159 3512 τις
1192 3451 1528 3518 παραυτίκα,
1565 3447 1700 3518 πρὸς

117 3539 394 3592 ἀντίθεσιν
432 3538 602 3607 μόνην
632 3539 781 3603 ὀξὺς,
813 3541 894 3591 ὅτι
925 3541 1018 3592 καὶ
1044 3542 1073 3592 6
1104 3540 1201 3593 xci
1228 3539 1522 3607 σύνδεσμος
1547 3533 1701 3600 οὗτος

116 3630 356 3698 δήλωσιν
389 3629 571 3698 ἀρχῶν
604 3630 695 3681 δύο
729 3621 1012 3701 κέκτηται.
1041 3621 1153 3684 Kal
1178 3631 1284 3700 γὰρ
1317 3631 1698 3698 συντιθέμενος

126 3721 267 3789 μετὰ
301 3720 393 3772 τοῦ
417 3719 548 3772 Υίοῦ
580 3720 820 3787 πέφευγε
845 3720 1052 3789 ταύτην
1075 3719 1174 3790 τὴν
1201 3706 1446 3791 πονηρὰν
1468 3721 1698 3785 ἔννοιαν,

119 3811 312 3878 ιπειδὴ
371 3810 514 3864 κατὰ
563 3809 662 3877 τὴν
691 3810 867 3864 αίτίαν
899 3809 1150 3880 οὐδαμῶς
1183 3809 1417 3881 ἄναρχος
1460 3813 1488 3864 6
1536 3811 1658 3874 Υίδς
1683 3851 1698 3876 ,

120 3901 260 3967 πρὸς
288 3900 463 3970 ἀρχὴν
485 3900 562 3965 δὲ,
605 3901 747 3968 φημὶ
772 3901 863 3953 τὸν
894 3901 1134 3969 Πατέρα,
1165 3903 1408 3968 φυσικῶς
1431 3904 1702 3971 ἀναγόμε-

119 4010 234 4055 νος.
270 3990 342 4042 T6
379 3993 447 4045 ἔκ
495 3992 598 4046 τοῦ
627 3991 761 4046 Υιοῦ
791 3993 970 4044 τοίνυν
1010 3994 1087 4054 ὡς
1132 3992 1370 4046 ὕποπτον
1401 3992 1458 4046 ὃν
1487 3993 1514 4044 6
1560 3992 1700 4054 θείος

124 4083 318 4152 Πατὴρ
358 4083 596 4137 διδάσκει
632 4082 704 4152 μὴ
754 4083 1030 4149 λέγεσθαι.
1060 4084 1132 4135 Τὸ
1181 4083 1239 4136 δὲ
1271 4082 1368 4136 διὰ
1400 4084 1505 4137 τοῦ
1542 4083 1698 4146 Ποῦ,

123 4172 285 4226 τοῦτο
315 4172 371 4225 δὲ
405 4173 547 4225 κατὰ
578 4173 679 4242 τὴν
709 4172 990 4242 προδᾶσαν
1017 4173 1292 4236 ἀπόδειξιν
1314 4165 1508 4225 ταυτὸν
1535 4173 1700 4234 ὅντως

123 4263 202 4332 τῷ
232 4265 333 4317 καί
357 4265 425 4318 ἐκ
462 4263 567 4317 τοῦ
598 4263 755 4327 Υίοῦ,
791 4265 1049 4328 πολλάκις
1081 4266 1153 4326 ὡς
1192 4267 1326 4334 ἡμῖν
1356 4263 1697 4335 προείρηται,

124 4351 221 4406 καὶ
243 4347 396 4415 οὗτος
437 4354 495 4406 ἐν
527 4355 635 4416 τοῖς
667 4353 1013 4422 δογματικοίς
1049 4355 1363 4423 κεφαλαίοις
1407 4355 1570 4433 αὑτοῦ
1622 4355 1700 4406 δι-

125 4446 424 4513 ετράνωσε,
459 4445 599 4514 προς
637 4445 691 4499 δὲ
724 4447 816 4498 καὶ
843 4447 929 4496 ἐπ’
968 4446 1292 4515 Ἔκκλησίας
1310 4448 1480 4510 αὐτῆς
1506 4446 1699 4516 ψάλλε-

128 4537 254 4589 σθαι
303 4536 439 4604 πρὸς
487 4538 705 4589 πάντων
740 4536 1044 4606 παρέδωκε.
1085 4537 1256 4590 Τοῦτο
1306 4540 1399 4591 καὶ
1433 4537 1697 4605 Κύριλλος

126 4625 156 4675 6
207 4623 703 4713 Osqydposeqltbv
739 4629 796 4677 ὲν
844 4631 957 4686 τοῖς
1013 4627 1149 4694 πρὸς
1198 4627 1493 4679 Παλλάδιον
1532 4625 1704 4688 οὕτως

130 4710 446 4780 ίφθέγξατσ
468 4710 726 4781 Τρεπτὸν
742 4715 816 4780 δὴ
835 4717 905 4769 οὔ
922 4717 1014 4769 τοι
1025 4733 1143 4770 που
1166 4716 1230 4768 τὸ
1250 4716 1492 4779 Πνεῦμὰ
1512 4717 1704 4776 ἐστιν,

129 4805 167 4871 ἢ
189 4804 357 4871 ειπερ
374 4803 438 4856 τὸ
460 4804 777 4871 τρέπεσθαι
798 4806 1077 4860 νοσεῗὲπ’
1101 4806 1295 4873 αὐτὴν
1325 4810 1354 4860 ό
1368 4805 1566 4875 μῶμος
1594 4805 1706 4871 τὴν

129 4896 296 4949 θείαν
345 4896 763 4965 ἁναδραμεῖται
796 4898 1004 4964 φύσιν,
1035 4898 1202 4963 ειπερ
1251 4897 1382 4950 ἐστὶ
1415 4897 1520 4949 τοῦ
1557 4895 1706 4949 Θεοῦ

132 4985 232 5037 καί
262 4983 512 5051 Πατρὸς,
553 4985 650 5038 καί
690 4985 817 5052 μὴν
849 4985 948 5038 καί
997 4986 1103 5039 τοῦ
1136 4986 1273 5039 Υιοῦ
1304 4986 1368 5038 τὸ
1403 4984 1705 5050 οὐσιωδῶς

131 5077 202 5140 ἐξ
239 5075 480 5144 ἀμφοῖν,
511 5074 702 5145 ἤγουν
732 5077 800 5129 ὲκ
841 5079 1070 5144 Πατρός
1106 5077 1179 5130 δι’
1218 5076 1352 5130 Υίοῡ
1384 5079 1705 5144 προχεόμε-

132 5183 244 5219 νον
278 5158 541 5230 Πνεῦμα.
582 5167 909 5230 meum“;
931 5167 1265 5230 ὀθιιδτατος
1300 5167 1706 5236 είπὼν-Κύριλ-

136 5254 226 5316 λος
253 5258 337 5308 ὅτι
379 5255 440 5308 τὸ
477 5257 633 5323 ᾰγιον
678 5257 903 5325 Πνεῦμα
945 5255 1150 5309 διὲιτοῦ
1193 5249 1346 5316 Υἱοῦ.
1379 5257 1704 5318 τοσαυτάκις

133 5345 190 5398 δὲ
226 5347 320 5399 καὶ
374 5347 456 5400 ὅτι
493 5348 602 5400 κάκ
652 5347 745 5400 τοῦ
787 5347 932 5410 Υίυῦ,
962 5350 1060 5408 τὰς
1113 5348 1167 5400 δὲ
1216 5349 1406 5418 ῥήσεις
1461 5350 1564 5401 γάν
1594 5352 1704 5410 τοῖς

136 5438 255 5491 δυσὶ
276 5437 454 5506 λόγοις
479 5438 804 5506 τεθείκαμεν
824 5458 838 5470 ·
862 5439 1094 5510 ἐπείπερ
1118 5439 1187 5503 ἐξ
1205 5439 1426 5509 ἀμφοῖν
1450 5439 1703 5504 ἐνταῦθα,

135 5526 229 5580 τοῦ
267 5516 742 5597 Πατρὸςδηλονότι
777 5531 867 5581 καὶ
899 5528 994 5582 τοῦ
1035 5529 1186 5594 Υίοῦ,
1229 5529 1442 5599 γλώττῃ
1474 5529 1704 5598 λαμπρᾷ

136 5619 228 5670 καὶ
258 5618 459 5688 χείλεσι
495 5620 693 5688 κομιδῆ
733 5621 1038 5689 διατράνοις
1068 5621 1212 5688 ἐρεῖν
1241 5620 1499 5689 ἔφθασεν,
1532 5623 1709 5690 ἑρμη-

135 5707 326 5772 νεύων,
367 5709 441 5773 ὡς
471 5711 570 5762 οὐκ
598 5709 658 5775 ἐξ
687 5711 859 5780 ἀρχῆς
888 5729 1020 5781 φησι
1054 5709 1277 5782 πρώτης
1309 5713 1372 5765 ὲκ
1409 5712 1502 5764 τοῦ
1528 5713 1657 5764 Υξοῦ
1687 5726 1700 5740 °

137 5797 268 5868 πρὸς
311 5798 437 5862 ἔπος
483 5800 780 5869 ἐπήγαγεν,
807 5801 843 5869 ἣ
868 5804 946 5867 ὡς
977 5804 1049 5856 δι’
1098 5804 1232 5859 Υίολῦ
1278 5806 1700 5873 προχεόμενον.

1775 636 2064 704 plicemus.
2127 634 2244 688 Non
2281 633 2535 689 refellens
2587 630 2742 695 illud.
2801 629 3063 696 Spiritum
3102 639 3353 683 sanetum

1774 727 1936 780 etiam
1957 741 2022 780 ex
2056 723 2195 779 Filio
2223 725 2354 788 dici,
2397 723 2618 778 eﬂatum
2655 722 2787 776 illud
2820 739 2834 775 :
2872 721 2957 775 Ea;
3001 719 3143 772 Filio
3178 732 3354 773 autem

1775 833 1880 871 non
1905 817 2132 870 dicimus
2155 854 2171 876 .
2201 815 2290 870 cui
2322 832 2351 868 a
2383 813 2553 884 gratia
2588 827 2786 866 nomen
2820 819 2926 874 est,
2963 810 3357 879 pronuntiavit.

1778 912 1919 966 Tum
1958 909 2228 980 siquidem
2287 917 2366 963 tot
2394 906 2860 974 diviniloquorum
2913 919 2978 958 ac
3016 904 3356 957 venerando-

1777 1019 1900 1059 rum
1935 1003 2159 1057 Patrum
2192 1015 2354 1055 voces
2381 999 2665 1069 ignorasse
2691 997 2996 1058 videretur,
3028 1003 3085 1050 et
3103 995 3356 1063 quisnam

1778 1095 1918 1150 alius
1951 1108 2017 1147 eo
2047 1081 2502 1162 perfectius'illas
2543 1088 2800 1153 tenuerit,
2827 1088 2928 1140 nisi
2953 1086 3226 1155 quispiam
3268 1100 3360 1137 as-

1779 1185 2036 1249 seruerit,
2069 1187 2218 1237 hunc
2249 1191 2460 1236 tantum
2497 1195 2781 1234 sacrorum
2805 1177 3120 1249 dogmatunt
3147 1174 3360 1228 eratni-

1783 1285 2060 1336 natorem.
2097 1289 2192 1328 eas
2251 1281 2568 1328 noscentem
2621 1270 2686 1326 ad
2730 1284 2919 1324 earum
2960 1267 3224 1335 integram
3269 1264 3362 1318 de-

1779 1372 2146 1430 structionem
2166 1360 2541 1431 processisse;
2575 1370 2628 1415 et
2659 1363 2841 1414 tamen
2881 1371 3071 1410 earum
3105 1362 3360 1408 auctores

1780 1462 1972 1529 majori
2007 1475 2073 1514 ex
2099 1466 2253 1527 parte
2282 1469 2468 1510 coram
2499 1450 2741 1506 Ecclesia
2776 1447 2995 1517 hymnis
3027 1443 3194 1500 editis
3244 1443 3362 1495 lau-

1780 1553 1948 1607 davit.
1981 1550 2162 1618 Itaque
2186 1560 2292 1600 non
2327 1545 2620 1599 destruens
2662 1538 2820 1602 illud,
2878 1537 3041 1591 etiam
3071 1550 3139 1588 ea:
3180 1531 3351 1610 Filio,

1780 1643 2000 1711 sapiens
2057 1640 2146 1694 hic
2190 1637 2272 1689 vir
2296 1635 2529 1688 adducta
2561 1631 2728 1685 verba
2792 1625 3168 1697 pronuntiavit
3198 1663 3214 1686 ,
3268 1627 3363 1711 sed

1781 1710 2096 1799 opinionem
2147 1742 2211 1779 ex
2244 1723 2384 1777 Filio
2426 1734 2550 1775 esse
2586 1727 2846 1786 tanquam
2885 1729 2950 1768 ex
3006 1711 3184 1782 primo
3210 1710 3368 1779 print-

1782 1821 1923 1892 cipio
1954 1818 2217 1890 Spiritum
2255 1822 2528 1876 sanctum,
2561 1810 2707 1878 quod
2744 1808 2890 1860 inter
2920 1804 3184 1871 antiquos
3225 1815 3368 1855 non-

1781 1889 1913 1969 nulli
1963 1889 2221 1981 perverse
2253 1910 2591 1965 tenuerunt,
2647 1899 2808 1967 longe
2849 1897 2975 1949 hinc
3031 1889 3367 1964 amandavit.

1780 1978 2175 2076 pr0ptereaque
2222 2013 2287 2052 ea:
2321 1994 2484 2060 Filio,
2521 2007 2629 2048 non
2665 1999 2844 2044 autem
2890 1987 3052 2040 etiam
3103 1997 3166 2036 ea:
3201 1978 3364 2038 Filio.

1781 2072 2023 2165 scripsit.
2066 2083 2520 2159 Quandoquidem
2586 2081 2720 2136 illud
2779 2081 2869 2132 hic
2904 2080 3022 2146 ipse
3067 2076 3271 2141 saepius
3304 2072 3359 2124 in

1781 2187 2056 2256 capitibus
2105 2179 2437 2254 dogmaticis
2493 2176 2635 2236 suis,
2692 2183 2747 2226 ct
2795 2171 2847 2225 in
2892 2169 3081 2222 multis
3140 2178 3364 2256 quoque

1782 2255 2016 2335 canticis
2053 2274 2354 2345 aliquando
2403 2269 2691 2340 perspicue
2724 2261 3024 2318 admodum
3063 2255 3370 2320 concinuit,

1785 2368 1838 2425 in
1867 2371 2066 2439 quibus
2097 2381 2287 2434 nempe
2311 2379 2402 2432 per
2434 2358 2646 2413 Filium
2684 2353 2952 2424 Spiritum
2982 2358 3227 2403 sanctum
3247 2361 3375 2401 esse

1787 2459 2043 2516 decrevit.
2093 2457 2238 2510 Idem
2270 2454 2414 2507 enim
2445 2460 2548 2515 est,
2595 2464 2687 2517 per
2713 2443 2936 2507 Filium,
2970 2451 3045 2505 et,
3079 2441 3241 2494 etiam
3293 2450 3360 2489 ea:

1800 2548 1969 2610 Filio,
2001 2545 2143 2614 apud
2195 2558 2290 2596 eos
2328 2539 2421 2610 qui
2462 2540 2516 2592 in
2553 2537 2744 2589 barum
2790 2545 2987 2584 vocum
3041 2527 3369 2581 sententiain

1793 2645 2124 2717 profundius
2178 2644 2490 2706 penetrant.
2533 2626 3007 2696 Quemadmodum
3062 2624 3208 2676 enim
3266 2620 3376 2688 pri-

1792 2713 1981 2794 maria:
2044 2745 2232 2789 causae
2293 2725 2700 2783 confessionem
2758 2721 2814 2774 in
2879 2733 2937 2772 se
2965 2713 3378 2784 comprehcndit

1792 2842 2014 2884 auctore
2043 2838 2240 2893 magno
2268 2818 2481 2874 Basilio
2516 2815 2674 2875 illud,
2701 2808 3053 2882 per'Filium,
3092 2818 3246 2874 aequa
3286 2817 3376 2855 ra-

1795 2924 1944 2974 tione
1971 2927 2026 2974 et
2055 2914 2212 2978 illud,
2247 2927 2312 2965 ex
2343 2908 2486 2963 Filio
2518 2905 2770 2962 eamdem
2797 2903 2974 2972 ipsam
3005 2898 3374 2956 demonstrat,

1796 3020 1849 3064 et
1881 3009 2097 3063 ali-eam
2130 3002 2338 3074 judicio
2369 2997 2568 3052 mentis
2603 3001 2917 3064 compotum
2953 2986 3210 3043 refertur.
3241 2982 3377 3037 Illud

1800 3115 1963 3170 porro
1994 3113 2058 3151 ea:
2091 3093 2258 3158 Filia,
2326 3092 2453 3145 licet
2479 3086 2898 3158 praepositiones
2928 3093 3144 3148 semper
3167 3085 3220 3131 et
3262 3075 3381 3128 ubi-

1799 3168 1906 3260 que
1939 3189 2244 3258 aequalibus
2303 3183 2518 3236 viribus
2568 3177 2835 3248 polleant.
2871 3180 2932 3226 ut
2984 3169 3146 3225 initio
3207 3168 3377 3222 nrstri

1801 3285 2086 3338 discursus
2141 3274 2358 3332 abunde
2401 3271 2540 3328 satis
2592 3267 2968 3338 probavimus,
3018 3260 3381 3341 nihilominus

1807 3374 2047 3442 primum
2116 3365 2449 3436 principium
2500 3361 2606 3414 dici
2658 3358 2725 3412 de
2775 3354 2955 3417 Filio,
3012 3351 3378 3442 suspicionem

1802 3441 2205 3529 quodammodo
2274 3452 2495 3522 ingerit.
2569 3448 2639 3503 Et
2708 3459 2871 3501 nemo
2937 3444 3068 3497 mihi
3130 3441 3382 3509 protinus

1803 3552 2044 3620 replicet,
2078 3544 2288 3601 tantum
2335 3543 2402 3596 ad
2444 3537 2930 3595 contradicendum
2971 3538 3186 3590 acutus,
3237 3529 3382 3582 banc

1804 3619 2246 3712 praepositionem
2311 3632 2549 3690 duorum
2634 3625 3033 3697 principiorum
3115 3619 3378 3673 indicittm

1804 3709 1913 3800 pras
1943 3745 2001 3783 se
2033 3728 2192 3783 ferre.
2257 3722 2502 3790 Namque
2563 3717 2829 3787 applicata
2921 3712 3062 3766 Filio
3139 3709 3377 3764 similem

1802 3820 2180 3890 cogitationem
2233 3814 2462 3875 vitavit,
2532 3824 2657 3863 cum
2720 3808 2930 3860 ratione
2999 3817 3379 3856 causaanun-

1801 3926 1964 3983 quam
2024 3907 2229 3976 absque
2278 3902 2545 3979 principio
2580 3898 2748 3953 Filius
2776 3905 2878 3957 est,
2927 3895 3055 3948 dum
3106 3891 3180 3983 ad
3234 3891 3380 3983 pri-n-

1801 3977 2005 4070 cipinm
2068 3978 2667 4050 Patrem’naturaliter
2746 3984 3035 4039 referatur.
3106 3978 3182 4034 Ex
3241 3977 3380 4032 Filio

1802 4093 2008 4159 itaque,
2043 4085 2190 4156 quod
2231 4085 2442 4152 absque
2481 4079 2798 4148 suspicione
2847 4091 2960 4129 .non
2994 4083 3100 4135 est,
3161 4071 3381 4123 divinus

1803 4181 1891 4234 hic
1919 4177 2078 4232 Pater.
2107 4175 2332 4228 minime
2354 4171 2455 4223 dici
2488 4174 2666 4223 docet.
2688 4166 2821 4220 illud
2850 4178 3010 4231 porro
3038 4177 3129 4230 per
3152 4159 3378 4228 Filium,

1801 4270 1981 4335 quOd,
2038 4276 2099 4320 ut
2183 4264 2535 4317 antecedente
2622 4254 3093 4311 demonstratione
3179 4250 3378 4320 proba-

1803 4364 1917 4412 tum
1950 4365 2055 4420 est,
2092 4371 2213 4410 cum
2247 4354 2389 4406 idem
2418 4358 2568 4404 notet
2597 4358 2761 4416 atque
2796 4345 2950 4408 illud,
3003 4345 3165 4397 etiam
3196 4359 3259 4396 ex
3286 4338 3381 4394 Fi-

1802 4452 1899 4513 lio,
1931 4457 1992 4502 nt
2025 4446 2224 4514 saepius
2249 4459 2278 4496 a
2315 4442 2474 4496 nobis
2496 4451 2656 4492 antea
2687 4438 2891 4490 dictum
2925 4444 3027 4496 est.
3061 4435 3151 4488 ltic
3178 4435 3292 4502 ipse
3325 4432 3378 4485 in

1734 4571 1777 4624 ι)
1808 4537 2133 4609 dogmaticis
2189 4533 2307 4588 suis
2355 4531 2629 4598 capitibus
2659 4526 2979 4589 declaravit,
3025 4533 3078 4577 et
3132 4525 3293 4575 etiam
3326 4522 3379 4572 in

1808 4629 2057 4686 Ecclesia
2090 4627 2157 4680 ab
2185 4622 2442 4677 omnibus
2497 4619 2714 4675 concini
2742 4617 2985 4672 tradidit.
3025 4613 3138 4668 Hoc
3163 4626 3381 4682 quoque

1816 4720 2193 4785 diviniloquus
2220 4713 2456 4784 Cyrillus
2477 4713 2530 4764 in
2562 4710 2630 4763 iis
2653 4725 2774 4777 qua;
2795 4707 2862 4760 ad
2909 4693 3208 4760 Palladium
3242 4701 3382 4756 scri-

1808 4813 1935 4880 psit,
1969 4812 2041 4864 ita
2082 4806 2376 4862 declaravit
2411 4821 2426 4858 :
2462 4802 2735 4855 Mutab'ilis
2767 4816 2886 4853 vero
2907 4813 3164 4866 nusquam
3204 4793 3378 4862 Spiri-

1807 4910 1890 4953 tus
1918 4908 2020 4961 est;
2041 4897 2177 4966 quod
2205 4896 2252 4949 si
2281 4895 2564 4947 mutationi
2595 4893 2854 4946 obnoxius
2878 4900 2976 4954 est,
3003 4890 3057 4940 in
3088 4888 3259 4954 ipsam
3284 4900 3382 4937 ua-

1808 5003 1985 5044 turam
2027 4988 2267 5041 divinam
2317 4985 2635 5052 vituperatio
2677 4995 2932 5042 recurret,
2989 4981 3034 5032 si
3078 4988 3154 5032 est
3187 4976 3282 5029 Dei
3327 4987 3376 5029 et

1809 5081 2011 5142 Patris,
2060 5089 2109 5134 et
2171 5081 2334 5132 etiam
2413 5077 2542 5131 Filii
2595 5074 2949 5130 essentialiter
2993 5087 3057 5126 ea:
3105 5070 3381 5144 ambobus,

1807 5187 1986 5241 nempe
2024 5187 2087 5225 ea:
2115 5170 2274 5223 Patre
2336 5185 2426 5236 per
2465 5168 2660 5222 Filium
2687 5164 2918 5235 Spiritus
2956 5165 3179 5232 effusus.
3240 5161 3380 5217 Cum

1807 5264 2044 5316 dixisset
2120 5263 2319 5330 saepius
2383 5259 2760 5314 divinissimus
2824 5257 3058 5327 Cyrillns
3113 5253 3383 5323 Spiritum

1807 5365 2055 5408 sanctum
2081 5352 2414 5423 per-Filium,
2437 5351 2598 5404 toties
2623 5350 2786 5403 etiam
2815 5359 2868 5400 et
2897 5362 2962 5402 ex
2994 5346 3131 5399 Filio
3160 5359 3384 5410 quoque

1807 5446 2199 5514 pronuntiarit.
2240 5444 2390 5497 Dicta
2424 5443 2570 5496 illius
2596 5442 2650 5494 in
2674 5440 2889 5494 duabus
2923 5440 3072 5492 hisce
3101 5437 3376 5497 orationis

1805 5538 1906 5590 bus
1931 5537 2213 5591 attulimus
2257 5553 2271 5588 :
2322 5531 2764 5603 quandoquidem
2833 5531 2921 5584 hic
2973 5546 3038 5583 ea:
3100 5528 3376 5598 ambobus.

1805 5627 1965 5684 Patre
1993 5630 2200 5682 scilicet
2231 5637 2284 5681 et
2321 5626 2473 5692 Filio,
2513 5626 2656 5681 clara
2688 5639 2820 5678 voce
2849 5632 2902 5677 et
2933 5621 3149 5676 senoris
3182 5623 3374 5676 admoo

1807 5726 1932 5774 dum
2001 5721 2164 5775 labiis
2255 5720 2415 5781 dixit.
2491 5720 2874 5787 interpretans,
2955 5731 3062 5770 non
3155 5716 3230 5769 nti
3312 5731 3375 5768 ex

1809 5813 1980 5882 prima
2040 5828 2203 5866 causa
2263 5811 2417 5868 Filio.
2481 5812 2643 5865 verba
2707 5812 2796 5866 illa
2849 5807 3147 5879 subjnnxit,
3199 5824 3379 5880 nempe
