4074 6438
158 455 321 522 1253
1044 455 1141 516 DE
1183 452 1703 515 PROCESSIUNE
1745 451 1808 513 S.
1852 448 2220 519 SPIRITUS
2259 451 2486 511 ORAT.
2532 451 2616 512 ΙΙ,
3324 449 3462 512 Ῑξῖιί

151 571 452 639 ήμαρτον,
488 569 610 622 ἐπεὶ
635 570 884 636 θεογόνος
943 567 970 617 ὁ
1029 565 1242 634 Πατὴρ,
1285 565 1407 616 ἐπεὶ
1435 561 1779 632 γεννώμενος

1906 562 2229 632 proponitur,
2268 576 2298 616 a
2333 569 2561 616 veritate
2597 566 2857 629 rectaque
2899 561 3170 617 sententia
3227 563 3462 634 delapsi.

151 663 222 727 ἐξ
260 660 437 715 αὐτοῦ
475 664 723 726 πέφυκεν
765 663 793 712 ὁ
824 658 974 718 Υἱὸς,
1011 658 1110 725 οὐχ
1143 657 1222 707 ὅτι
1265 654 1320 707 δὲ
1356 655 1604 723 πρόεισιν
1645 653 1768 723 ἕχον

1906 668 1931 706 n
1960 653 2326 707 maximarum
2346 666 2527 705 rerum
2545 644 2890 722 ignoratione
2922 653 3121 706 versati
3149 662 3300 705 sunt.
3344 652 3467 708 Ideo

151 751 268 822 τὴν
306 750 545 823 ὓπαρξιν
579 754 638 813 ἐξ
673 751 840 804 αὐτοῦ
892 750 986 801 καὶ
1015 745 1340 816 τὺ,Πνεῦμα
1376 745 1436 798 τὸ
1485 745 1663 812 ἆγιον.
1707 741 1769 796 Ὀ

1909 743 2020 797 nim
2038 745 2207 798 Deum
2221 742 2610 814 generatPater
2623 741 2768 812 quod
2786 743 2999 811 genitus
3011 758 3076 796 ex
3097 757 3162 796 eo
3178 743 3347 797 Filius
3362 751 3468 807 est,

153 845 222 896 se
259 841 396 908 Υἱὸς
443 845 505 896 ού
550 843 796 910 θεογόνος
849 839 1059 908 σαφῶς,
1111 837 1413 906 καθά-ειπερ
1470 834 1603 903 μηδὲ
1641 834 1770 886 Υἱὸν

1906 852 1987 890 non
2003 836 2148 905 quod
2167 836 2542 905 progreditur,
2577 850 2643 889 ex
2671 835 2792 904 ipso
2829 834 3206 889 exsistentiam
3259 835 3468 890 habens

156 937 470 1006 κέκτηται.
497 936 698 989 Λοιπὸν
735 935 798 986 οὐ
834 931 1082 998 θεογόνον
1114 929 1254 982 κατὰ
1286 927 1377 979 τὸν
1409 927 1535 978 Υἰδν
1563 923 1764 978 οῦκουν

1906 926 2122 995 ipiritus
2142 935 2390 980 sanctus.
2426 923 2600 979 Filius
2626 933 2806 978 autem
2849 923 2941 979 Dei
2963 925 3176 993 genitor
3219 939 3325 977 non
3361 934 3466 990 est,

157 1029 287 1080 οὐδ’
322 1028 458 1081 αὐτὸ
493 1029 554 1080 τὸ
584 1027 813 1095 Πνεῦμα
841 1023 903 1076 τὸ
929 1023 1087 1089 ἆγιον
1109 1038 1123 1050 ·
1161 1023 1257 1072 καὶ
1285 1018 1431 1070 ἔστιν
1463 1019 1594 1070 ἴδιον
1615 1015 1774 1068 τοῦτο

1911 1032 2002 1070 um
2032 1015 2173 1071 Filio
2207 1024 2394 1070 careat
2428 1017 2543 1072 :sic
2571 1033 2672 1071 nec
2704 1017 2800 1071 Dei
2821 1018 3038 1085 genitor
3052 1025 3160 1079 est,
3190 1017 3267 1071 uti
3293 1031 3470 1085 neque

166 1118 423 1189 μάλιστα
471 1117 564 1170 τοῦ
627 1115 861 1184 Πατρὸς,
925 1114 1018 1165 καὶ
1065 1110 1164 1178 τῆς
1197 1110 1552 1170 ὑποστάσεως
1601 1106 1770 1160 αὐτοῦ

1906 1110 2062 1166 l‘ilius
2095 1121 2176 1166 est
2215 1111 2462 1180 Spiritus
2489 1120 2739 1166 sanctus.
2776 1107 2839 1161 Et
2871 1120 2954 1162 est
2978 1110 3081 1163 hoc
3112 1109 3468 1178 preprium'et

164 1212 303 1263 κατ’
340 1209 642 1279 ἐξαίρετον.
680 1206 937 1259 Τοιοῦτον
971 1203 1029 1255 τὸ
1060 1203 1183 1254 καθ’
1208 1201 1368 1270 ἡμῶν
1394 1202 1491 1253 καὶ
1518 1200 1616 1268 τῆς
1645 1201 1779 1268 ἁλη-

1906 1205 2219 1274 traecipuum
2248 1200 2449 1267 Patl‘is,
2483 1213 2539 1256 et
2570 1202 2880 1272 hypostasis
2913 1202 3064 1255 illius
3094 1201 3469 1255 excellentiori

167 1302 338 1364 θείας
375 1303 545 1372 αὐτῆς
580 1307 732 1372 παρὰ
764 1301 871 1353 τῶν
909 1297 1250 1351 ὑπεναντίων
1281 1294 1624 1348 ἀναπλασθὶν
1655 1294 1781 1347 ἄτο-

1906 1301 2122 1366 μιοόιιω
2151 1297 2336 1352 modo.
2371 1292 2437 1350 Et
2472 1296 2637 1365 hujus
2669 1303 2863 1349 contra
2902 1308 3002 1348 nos
3031 1303 3084 1348 et
3119 1293 3292 1364 ipsam
3328 1293 3471 1345 veri-

169 1405 306 1443 πον.
341 1390 504 1444 Οὕτω
545 1392 646 1460 τῆς
680 1391 854 1460 ἀρχῆς
891 1389 1248 1456 ὑποτεθεὶσης
1285 1384 1540 1455 ψευδοῦς,
1588 1386 1681 1436 καὶ
1719 1384 1783 1436 τὸ

1907 1397 2051 1442 atem
2129 1387 2199 1442 ab
2285 1387 2628 1443 adversariis
2702 1384 2931 1464 absurdi
3011 1382 3278 1449 conticti,
3345 1398 3471 1438 cum

173 1491 565 1558 συμπέρασμα
589 1485 788 1556 ψεῦδος
817 1483 1180 1552 καθέστηκεν.

1906 1477 2219 1547 >rincipium
2280 1475 2479 1530 falsum
2571 1482 2960 1544 supponatur,
3054 1471 3473 1527 conclusionem

1888 1570 2018 1623 item
2087 1568 2433 1623 mendacium
2479 1567 2764 1620 continere
2827 1579 3052 1620 necesse
3081 1571 3185 1620 est.

253 1684 358 1737 λθθ.
395 1679 522 1736 Οἶον
553 1683 610 1737 δὲ
643 1685 886 1746 κάκεῖνο,
931 1681 1000 1734 δι’
1029 1676 1088 1736 οὗ
1119 1681 1276 1733 τοῦτο
1326 1681 1619 1746 συνάγουσι
1651 1678 1778 1732 συλ-

176 1771 538 1838 λογιστικῶς,
588 1773 726 1840 ὅπερ
754 1773 848 1823 καὶ
903 1769 1146 1822 τιθέασιν
1196 1769 1271 1832 ὡς
1325 1771 1393 1821 ἀν
1424 1767 1640 1837 ἀξίωμα
1688 1769 1784 1820 καὶ

181 1862 380 1932 κοινὴν
439 1863 690 1924 ἔννοιαν;
725 1862 929 1925 ’Δπαν,
985 1862 1142 1930 φασὶ,
1176 1861 1237 1913 τὸ
1285 1861 1492 1931 κυρίως
1518 1861 1610 1913 ἐπὶ
1642 1860 1781 1913 Θεοῦ

1962 1661 2056 1716 39.
2084 1661 2257 1728 Quale
2289 1662 2420 1715 item
2448 1669 2555 1726 est,
2591 1661 2736 1729 quod
2773 1659 2850 1712 illi
2887 1659 3280 1713 ratiocinantes
3327 1658 3476 1712 colli-

1891 1763 2049 1824 gunt,
2091 1763 2145 1807 et
2171 1755 2247 1806 uti
2305 1753 2720 1822 pronuntiatum
2757 1758 2814 1804 et
2846 1764 3198 1805 communem
3257 1757 3478 1804 senten-

1895 1847 2026 1898 tiam
2059 1842 2421 1913 proponunt?
2466 1841 2769 1909 Quidquid,
2817 1840 3100 1904 inquiunt,
3150 1840 3371 1910 proprie
3392 1843 3479 1893 ‘de

185 1931 572 2024 θεωρούμενον
619 1955 752 2022 ἡμῖν
806 1955 901 2007 καὶ
945 1953 1238 2022 λεγόμενον
1287 1952 1457 2022 ἦτῆς
1507 1953 1788 2022 μακαρίας

1906 1937 2006 1992 Deo
2035 1936 2424 1991 consideratur
2457 1948 2486 1987 a
2521 1932 2683 1987 nobis
2716 1942 2771 1986 et
2824 1931 3048 1997 dicitur,
3081 1941 3177 1986 aut
3216 1941 3301 1986 est
3343 1931 3478 1985 bea-

188 2044 289 2096 καὶ
317 2042 636 2112 ζωαρχικῆς
663 2042 890 2112 Τριὰδος
921 2042 1121 2106 κοινὸν,
1153 2041 1317 2111 ἢτῶν
1338 2041 1542 2112 ταύτης
1572 2042 1788 2094 σεπτῶν

189 2134 555 2186 ὑποστάσεων
594 2134 722 2201 μιᾶς
757 2133 911 2197 ἴδιον,
940 2134 1013 2195 ὼς
1047 2133 1330 2199 ἀναγκαία
1355 2150 1438 2196 τις
1471 2135 1504 2202 ὴ
1535 2132 1788 2202 παροῦσα

193 2224 296 2278 νῦν
329 2225 476 2288 θέσις
512 2224 716 2278 αὑτῶν.
756 2225 951 2278 Ἔνθεν
990 2242 1074 2277 τοι
1104 2227 1198 2277 καὶ
1239 2225 1629 2277 ἀναπόδεικτον
1655 2225 1792 2276 ταύ-

192 2335 300 2386 την
338 2317 698 2388 προφέρουσι.
724 2316 874 2388 Πλὴν
910 2317 1047 2387 πρὸς
1085 2315 1280 2368 τούτου
1318 2319 1669 2385 ὲρωτήσομεν
1697 2317 1791 2369 δύο

193 2408 351 2472 τινὰς
380 2413 680 2479 ἐρωτήσεις
709 2411 892 2479 ἡμεῖς,
941 2410 1036 2462 ἐὰν
1063 2409 1171 2478 ἄρα
1215 2407 1483 2461 δύνωνται
1522 2408 1659 2478 πρὸς
1693 2409 1791 2479 τὴν

193 2501 459 2570 δευτέραν
491 2500 916 2569 ἀποκρίνασθαι.
957 2500 1033 2551 Τὸ
1075 2500 1322 2553 αἱτιατδν
1373 2498 1631 2567 λέγεσθαι
1656 2515 1790 2567 τυγ-

196 2595 385 2663 χάνειν
440 2593 533 2646 ἐπὶ
568 2591 704 2644 Θεοῦ
755 2592 972 2652 πάντως
1020 2589 1087 2643 ἂν
1140 2591 1283 2644 κατὰ
1332 2593 1432 2652 τὰς
1477 2589 1585 2642 τῶν
1619 2589 1793 2657 ἁγίων

197 2686 385 2755 φωνὰς
440 2685 660 2752 φαίητε.
719 2681 894 2735 Τοῦτο
944 2683 999 2734 δὲ
1055 2684 1289 2752 πότερον
1337 2681 1439 2752 τῆς
1493 2680 1795 2751 θεαρχικῆς

197 2760 430 2844 Ὑρώδης
462 2773 663 2830 κοινὸν.
695 2773 729 2842 ἢ
772 2773 883 2825 τῶν
931 2771 1139 2841 ταύτης
1173 2771 1390 2824 σεπτῶν
1437 2771 1795 2824 ύποστάσεων

206 2867 337 2935 μιᾶς
372 2864 503 2917 [διον
531 2879 550 2930 ;
590 2862 680 2926 Ὧς
704 2863 842 2934 δρῶ,
871 2865 1135 2932 κεχήνασι
1160 2863 1222 2915 τδ
1261 2862 1435 2932 παρὸν
1477 2863 1794 2926 ἀτονοῦντες

204 2959 342 3028 πρὸς
386 2957 484 3025 τὴν
532 2956 864 3025 ἀπόκρισιν·
904 2953 1138 3021 ἐπείπερ
1193 2954 1294 3008 οὐκ
1346 2956 1560 3025 ἔχουσιν
1611 2956 1793 3007 εἰπεῖν

202 3044 478 3116 οῦμενουν
510 3045 717 3098 τούτων
749 3044 1057 3114 οὐδέτερον.
1090 3045 1163 3096 Τὸ
1197 3045 1307 3115 γὰρ
1355 3045 1797 3109 αἰτιατδν·δντως

203 3138 299 3191 επὶ
324 3136 461 3204 Θεοῦ
493 3135 882 3207 καθορώμενον
911 3135 1048 3206 ὁμοῦ
1080 3135 1175 3187 καὶ
1205 3135 1503 3205 λεγόμενον
1543 3137 1667 3189 οὔτε
1696 3138 1798 3202 τῆς

1892 2041 1961 2086 ta:
2003 2029 2239 2098 vitaeque
2275 2027 2540 2096 principis
2572 2024 2791 2080 Triadis
2835 2039 3156 2091 commune,
3189 2036 3283 2077 aut
3310 2027 3477 2079 unius

1893 2123 2221 2178 veneranda:
2253 2119 2568 2190 hypostasis
2609 2117 2916 2188 proprium.
2967 2116 3035 2172 Et
3081 2121 3220 2172 hanc
3249 2118 3478 2184 positio-

1895 2227 2018 2266 nem
2048 2211 2217 2268 veluti
2248 2209 2619 2264 necessariam
2645 2207 2856 2274 absque
2878 2206 2988 2259 ulla
3009 2207 3480 2261 demonstratione

1895 2308 1950 2359 in
1993 2304 2234 2359 medium
2304 2299 2616 2371 proferunt.
2673 2297 2783 2354 Nos
2830 2298 3193 2354 nihilominus
3248 2299 3482 2369 hujusce

1897 2412 2063 2451 causa
2089 2397 2201 2450 duo
2236 2395 2304 2448 ab
2330 2393 2465 2460 ipsis
2495 2400 2771 2460 petemus,
2792 2393 2839 2445 si
2865 2400 3047 2444 tamen
3073 2392 3143 2446 ad
3175 2394 3478 2447 secundum

1897 2501 2090 2541 eorum
2119 2483 2456 2553 respondere
2480 2491 2770 2552 poterunt:
2794 2483 3094 2538 Causatum
3115 2499 3239 2538 esse
3262 2484 3316 2538 in
3347 2484 3478 2551 Deo,

1899 2579 1945 2633 si
1982 2587 2307 2633 sanctorum
2343 2589 2509 2629 voces
2543 2575 2698 2643 sequi
2736 2590 2846 2630 non
2889 2576 3153 2640 abnuitis,
3190 2576 3297 2631 hoc
3328 2587 3482 2632 estne

1902 2668 2210 2723 divinitatis
2258 2667 2526 2736 principis
2570 2665 2787 2720 Triadis
2844 2682 3158 2729 commune,
3215 2685 3282 2722 an
3325 2684 3480 2722 reve.

1904 2762 2085 2816 rendte
2113 2761 2264 2815 illius
2296 2759 2613 2830 ltypustasis
2643 2760 2808 2816 unius
2838 2762 3121 2830 proprium
3144 2761 3169 2813 ?
3197 2759 3267 2815 Ut
3301 2761 3481 2825 video,

1896 2856 2012 2924 jam
2073 2863 2266 2923 aperto
2304 2867 2401 2905 ore
2437 2852 2614 2917 hiant,
2665 2854 3014 2923 responsioni
3059 2855 3318 2924 impares,
3357 2871 3480 2909 cum

1901 2955 2156 3000 neutrum
2209 2944 2393 2999 dicere
2423 2946 2664 2998 valeant.
2705 2942 2953 3014 Namque
2993 2955 3276 3002 causatum
3333 2948 3480 3015 quod

1905 3052 2031 3093 vere
2069 3039 2123 3090 in
2167 3036 2280 3092 Deo
2332 3038 2699 3106 conspicitur,
2748 3045 2804 3091 et
2836 3038 2903 3092 de
2942 3052 3012 3092 eo
3037 3039 3260 3106 dicitur,
3306 3054 3486 3108 neque

1903 3125 2028 3178 vita:
2056 3125 2322 3194 principis
2369 3123 2587 3180 Triadis
2626 3140 2921 3181 commune
2954 3136 3062 3191 est,
3112 3143 3290 3198 neque
3322 3134 3489 3183 utrius

208 3228 523 3297 ζωαρχικῆς
553 3226 760 3295 πέφηνε
788 3227 1020 3295 Τριάδος
1050 3226 1249 3292 κοινὸν,
1287 3227 1412 3280 οὔτε
1451 3229 1560 3279 τῶν
1591 3227 1796 3297 ταύτης

1906 3215 2048 3269 illius
2081 3217 2448 3286 hypostaseon
2475 3216 2795 3286 proprium;
2825 3221 2918 3272 sed
2952 3222 3204 3283 duarum,
3239 3228 3299 3274 ut
3335 3226 3484 3291 quisv

209 3319 564 3372 ὑποστάσεων
596 3319 730 3387 μιᾶς
778 3318 932 3382 ἴδιον,
963 3318 1071 3369 τῶν
1119 3317 1215 3370 δύο
1267 3319 1322 3370 δὲ
1361 3319 1561 3387 μόνων,
1605 3320 1681 3383 ὡς
1731 3321 1798 3372 ἂν

1906 3309 2047 3376 piam
2077 3308 2309 3372 diceret,
2343 3309 2628 3378 proprium
2662 3319 2719 3362 et
2755 3324 3068 3376 commune,
3120 3310 3244 3366 Filii
3293 3330 3489 3384 nempe

207 3411 352 3464 εῐποι
395 3427 504 3472 τις,
538 3410 672 3462 [διον
704 3410 799 3463 καὶ
850 3410 1051 3473 κοινὸν,
1098 3410 1349 3463 τουτέστι
1380 3410 1476 3464 τοῦ
1524 3410 1656 3463 Υίοῦ
1704 3414 1798 3465 καὶ

1906 3409 1956 3452 et
1988 3398 2159 3452 divini
2189 3401 2486 3468 omniaque
2517 3400 2800 3470 operantis
2829 3399 3095 3470 Spiritus.
3126 3402 3310 3468 Quare
3337 3421 3484 3460 nunc

209 3501 302 3554 τοῦ
333 3500 480 3554 θείου
529 3503 623 3553 καὶ
659 3501 1006 3570 παντουργοῦ
1048 3502 1389 3570 Πνεύματος.
1459 3503 1622 3556 Ὥστε
1673 3520 1806 3556 κατ-

223 3591 426 3662 εὸλήθη
456 3591 551 3644 νῦν
569 3593 629 3642 τὸ
661 3591 866 3643 τούτων
895 3591 1135 3662 ἀξίωμα,
1165 3593 1341 3645 καὶτὸ
1374 3591 1477 3661 τῆς
1505 3593 1692 3660 κοινῆς
1722 3597 1806 3644 ὲν-

217 3686 356 3747 νοίας
384 3684 566 3738 αὐτῶν
601 3685 754 3752 παρὰ
807 3684 1025 3736 πάντων
1060 3685 1547 3749 καταπεπάτηται.
1587 3684 1710 3747 Πῶς
1737 3686 1801 3737 ἄν

217 3793 341 3830 ποτε
386 3773 642 3844 τοιαύτην
696 3773 966 3844 σύντομον
1017 3774 1175 3843 νίκην
1207 3776 1450 3843 νικήσειέ
1496 3793 1604 3838 τις,
1642 3755 1693 3828 εί
1728 3777 1805 3846 μὴ

216 3868 445 3939 δυνάμει
461 3867 560 3920 τοῦ
581 3866 916 3936 ἐμπνέοντος
942 3864 1037 3917 καὶ
1064 3867 1175 3926 τοῖς
1208 3869 1421 3935 νεκροῖς
1449 3866 1802 3936 Πνεῦματοςς

225 3960 322 4022 Ὠς
361 3961 428 4013 ἂν
475 3958 532 4011 δὲ
562 3959 649 4011 διὰ
680 3957 894 4011 πολλῶν
943 3957 1036 4009 τὸν
1083 3958 1241 4025 λόγον
1294 3959 1680 4030 συστήσωμεν,
1712 3960 1805 4012 καὶ

224 4053 417 4120 μᾶλλον
467 4050 648 4104 αὐτῶν
696 4050 806 4102 τῶν
850 4049 1079 4118 ἔγγιστα
1109 4049 1204 4102 τοῦ
1256 4049 1460 4101 σκοποῦ
1492 4051 1559 4101 τὰ
1616 4055 1807 4120 πᾶρῤω

221 4146 314 4198 καὶ
358 4142 428 4196 τὰ
480 4143 700 4212 μακρὰν
732 4140 1186 4209 καταλείψαντες,
1240 4141 1301 4192 τδ
1358 4141 1715 4196 ἀποστέλλειν
1744 4142 1807 4196 τὸ

223 4237 372 4306 ἅγιον
403 4231 628 4304 Πνεῦμα
671 4233 764 4286 τοῦ
808 4233 1022 4303 Πατρὸς
1056 4234 1175 4302 ἅμα
1206 4235 1300 4286 καὶ
1337 4233 1431 4285 τοῦ
1477 4233 1643 4285 Υίοῦ·
1679 4235 1805 4287 τού-

225 4345 314 4380 του
369 4327 424 4380 δὶ
475 4328 568 4379 τοῦ
623 4325 768 4378 θείου
828 4323 1149 4393 Πνεύματος
1210 4325 1310 4377 οὐκ
1353 4325 1502 4376 ἔστιν
1555 4325 1807 4395 οὐδαμῶς

223 4419 339 4473 οὐδὲ
379 4419 622 4487 λέγεται,
660 4417 747 4470 διὰ
781 4417 841 4469 τὸ
877 4416 951 4486 μὴ
979 4417 1041 4469 τὸ
1079 4415 1211 4469 αὐτὸ
1251 4416 1510 4481 καθάπαξ
1544 4418 1808 4488 ἐγχωρεῖν

224 4515 564 4573 ἁποστέλλον.
597 4511 774 4566 τελεῖν
821 4513 915 4566 καὶ
971 4511 1440 4580 ἀποστελλόμενοι»
1463 4529 1478 4544 ο
1532 4512 1640 4564 οὐδ’
1674 4512 1808 4564 ἀπο·

1903 3505 2095 3544 eorum
2136 3491 2554 3560 pronuntiatum
2613 3508 2890 3557 eversum,
2931 3500 2984 3547 et
3033 3497 3345 3551 communis
3388 3513 3488 3551 eo-

1907 3582 2157 3642 rumdem
2243 3584 2514 3638 sententia
2570 3583 2639 3638 ab
2699 3587 2957 3640 omnibus
3009 3588 3329 3642 conculcata
3382 3605 3487 3646 εει.

1908 3672 2159 3738 Quanam
2223 3673 2438 3728 ratione
2492 3674 2632 3729 adeo
2672 3667 3142 3745 ‘compeudiosam
3200 3679 3486 3734 victoriam

1908 3766 2205 3834 quispiam,
2235 3765 2339 3820 nisi
2367 3765 2633 3836 Spiritus,
2665 3767 2757 3836 qui
2797 3767 2962 3822 etiam
2986 3768 3288 3825 demortuis
3310 3771 3489 3842 inspi-

1908 3871 2012 3923 rat,
2066 3857 2328 3913 facultate
2396 3859 2888 3928 consequeretur?
2946 3859 3012 3915 Ut
3062 3876 3190 3916 vero
3245 3863 3493 3932 pluribus

1908 3951 2212 4004 orationem
2233 3949 2682 4015 c‘orroboremus,
2712 3952 2779 4006 iis
2815 3953 3164 4021 potissimum
3217 3972 3338 4024 qua:
3367 3972 3493 4026 pru—

1910 4043 2087 4111 posito
2121 4040 2371 4107 proxima
2421 4050 2573 4103 sunt,
2604 4049 2658 4093 et
2685 4057 2806 4110 qua:
2855 4042 3015 4112 longe
3051 4047 3358 4115 proculque
3392 4046 3490 4101 ab-

1909 4143 2055 4198 sunt,
2100 4133 2385 4202 neglectis,
2438 4142 2656 4187 mttere
2725 4133 2990 4204 Spiritum
3026 4147 3278 4191 sanctum
3310 4139 3498 4193 Patris

1910 4235 1964 4279 et
1993 4223 2115 4278 Filii
2140 4234 2242 4283 est.
2265 4223 2495 4292 hujusce
2527 4240 2654 4279 vero
2679 4224 2919 4295 Spiritus
2944 4229 3122 4282 sancti
3150 4229 3299 4283 nullo
3326 4232 3495 4286 modo

1910 4328 2013 4383 est,
2050 4332 2226 4386 neque
2253 4316 2479 4382 dicitur,
2515 4319 2662 4388 quod
2699 4315 2816 4382 tier}
2871 4323 3080 4391 nequit,
3119 4333 3182 4377 ut
3237 4325 3379 4379 idem
3419 4326 3496 4386 sit

1912 4412 2134 4465 mittens
2164 4423 2217 4464 et
2251 4411 2454 4465 missus
2485 4429 2500 4477 ;
2544 4426 2722 4481 neque
2757 4412 2906 4467 aliud
2958 4414 3237 4483 quidpiam
3277 4419 3497 4474 mittere

1914 4517 2142 4573 prorsus
2208 4502 2498 4572 gloriatur,
2561 4504 2710 4573 quod
2777 4504 3024 4573 ejusdem
3055 4507 3129 4560 sit
3165 4523 3290 4560 cum
3341 4524 3408 4564 eo
3440 4519 3496 4563 et

233 4605 469 4661 στέλλειν
499 4605 686 4675 ἕτερον
711 4621 762 4657 τι
787 4603 846 4656 τὸ
873 4603 1139 4674 παράπαν
1169 4602 1347 4674 αὐχεῖ,
1379 4601 1646 4674 τυγχάνον
1673 4603 1798 4674 ὁμό-

1911 4599 2096 4668 ςῐοτίιε
2122 4607 2177 4653 et
2205 4597 2453 4655 honoris.
2500 4595 2642 4664 Quid
2679 4599 2782 4652 hoc
2819 4599 2886 4653 ad
2924 4609 3087 4668 quem
3123 4601 3255 4655 mihi
3285 4601 3353 4656 ab
3389 4585 3497 4657 ini-

225 4697 372 4765 δοξον
406 4698 502 4750 καὶ
529 4697 794 4766 ὁμότιμον
821 4695 1012 4749 αὐτοῦ.
1042 4695 1108 4748 Τί
1139 4713 1230 4765 μοι
1253 4696 1316 4748 τὸ
1341 4697 1516 4766 παρὸν
1546 4697 1681 4766 πρὸς
1710 4697 1801 4748 τὸν

228 4788 462 4860 ἀρχῆθεν
501 4788 738 4850 σκοπύν;
773 4787 1010 4857 ἐχόμενα
1041 4787 1234 4839 τούτου
1267 4787 1360 4839 καὶ
1391 4787 1798 4859 πλησιαίτερον.

227 4884 364 4938 Αὐτὸ
413 4883 638 4952 Πνεῦμα
704 4881 766 4934 τὸ
803 4882 959 4950 ἅγιον
1015 4881 1237 4950 πνεῦμα
1285 4882 1397 4934 τοῦ·
1436 4882 1648 4952 Πατρδς
1707 4884 1802 4935 καὶ

229 4977 440 5046 πνεῦμα
483 4975 576 5029 τοῦ
611 4975 763 5039 Υίοῦ,
808 4974 1027 5044 πνεῦμα
1055 4974 1113 5026 δὲ
1165 4974 1260 5026 τοῦ
1315 4974 1636 5043 Πνεύματος
1675 4974 1799 5028 οὔτε

228 5073 484 5138 πέφυκεν,
514 5065 637 5120 οὗτε
675 5067 784 5135 μὴν
830 5065 1177 5134 ὀνομάζεται,
1206 5064 1297 5118 διὰ
1323 5065 1384 5118 τὸ
1433 5066 1570 5136 μηδὲ
1617 5065 1800 5137 ὑπάρ-

228 5182 336 5234 χειν
384 5159 598 5222 ἑαυτοῦ,
654 5157 776 5228 μηδ’
820 5157 1172 5227 εὑρίσκεσθαι
1221 5155 1382 5210 τοῦτο
1441 5158 1801 5227 καλούμενον.

231 5256 358 5308 Οὐδὲ
392 5253 554 5308 πάλιν
599 5252 940 5322 καθέστηκεν
969 5249 1064 5302 τοῦ
1094 5249 1232 5302 Πνεύ
1243 5267 1411 5320 ματος
1439 5250 1569 5304 ἄλλο
1597 5267 1674 5314 τι,
1697 5251 1802 5320 τῆς

231 5350 472 5418 ἒεὸτητος
514 5347 807 5415 ἱσταμένης
840 5347 896 5395 ὲν
941 5346 1122 5412 τρισὶν
1156 5344 1544 5398 ὑποστάσεσιν.
1598 5344 1802 5397 Λοιπὸν

229 5443 314 5492 »ιι
357 5441 454 5509 τὴν
487 5437 721 5506 ὓπαρξιν
771 5435 1034 5488 πλουτοῦν
1082 5434 1145 5485 τὸ
1193 5434 1419 5504 Πνεῦμα
1449 5437 1509 5488 τὸ
1553 5435 1710 5504 ἅγιον
1735 5437 1801 5488 ἐκ

226 5533 310 5586 τοῦ
343 5533 551 5602 [πατρὸς
580 5530 698 5599 ἁμα
733 5531 828 5581 καὶ
857 5525 952 5579 τοῦ
982 5525 1136 5592 Υίοῦ,
1175 5528 1386 5594 ταύτην
1416 5529 1480 5580 οὐ
1511 5529 1802 5600 κέκτηται,

233 5625 318 5678 κπὶ
347 5625 476 5694 παρ’
519 5622 712 5675 ἑαυτοῦ
743 5622 804 5672 τὸ
836 5619 1056 5673 σύνολον
1107 5621 1228 5672 οὐδὲ
1258 5621 1401 5690 ἔχειν
1434 5623 1554 5685 τοῖς·
1583 5625 1799 5684 πιστοῖς

230 5713 680 5783 καταγγέλλεται·
714 5713 848 5765 διότι
881 5711 1013 5781 μηδὲ
1056 5712 1304 5778 δυνατὸν,
1349 5711 1474 5780 μηδ’
1511 5712 1801 5789 ἐνδεχόμε-

231 5826 311 5865 νον
337 5807 608 5874 ὁπωσοῦν,
639 5807 796 5861 τοῦτο
824 5808 922 5875 τῆς
956 5804 1246 5872 ὑπάρξεως
1289 5805 1386 5873 τῆς
1417 5805 1623 5868 οἰκείας
1654 5801 1798 5860 εἶναι

232 5884 527 5974 παραίτιον.
552 5901 671 5975 Ἰῆς
720 5901 778 5954 δὲ
809 5898 1038 5971 ἰ’ριὰδος
1091 5900 1152 5950 τὸ
1197 5896 1402 5969 τέλειον
1437 5899 1710 5970 φερούσης
1741 5902 1799 5954 ἐν

1912 4691 1990 4744 tio
2019 4705 2247 4760 scopum
2300 4703 2698 4759 proposueram
2721 4688 2747 4741 τ
2782 4689 3008 4760 propius
3032 4691 3100 4750 ad
3138 4691 3316 4759 ipsum
3340 4707 3500 4748 acce-

1912 4784 2127 4840 damus.
2167 4783 2406 4853 Spiritus
2431 4787 2666 4838 sanctus
2685 4783 2915 4848 spiritus
2945 4781 3146 4846 Patris,
3184 4794 3238 4839 et
3272 4786 3503 4854 spiritus

1913 4875 2060 4941 Filii,
2085 4876 2314 4945 spiritus
2336 4889 2469 4930 vero
2499 4874 2738 4943 Spiritus
2763 4891 2938 4944 neque
2959 4884 3044 4930 est
3079 4891 3256 4946 neque
3295 4879 3502 4933 voci:a-—

1915 4978 2027 5033 tur,
2058 4968 2203 5038 quod
2242 4983 2354 5022 non
2397 4977 2482 5022 est
2513 4969 2598 5023 sui
2650 4967 2850 5037 ipsius,
2882 4985 3060 5040 neque
3083 4971 3397 5039 reperiatur
3425 4975 3506 5027 ita

1913 5071 2288 5130 nuncupatus.
2308 5059 2499 5130 Neque
2525 5077 2720 5116 rursus
2747 5061 2894 5115 aliud
2927 5065 3208 5132 quidpiam
3251 5065 3500 5134 assigna-

1914 5163 2004 5210 tur
2035 5154 2135 5221 ipsi
2159 5153 2408 5222 Spiritui,
2436 5167 2562 5207 eum
2586 5152 2771 5207 Deitas
2807 5154 2862 5207 in
2901 5155 3078 5210 tribus
3111 5157 3506 5226 Itypostasibus

1912 5245 2197 5300 consistat.
2237 5243 2421 5310 Quare
2447 5261 2574 5298 cum
2611 5244 2991 5299 exsistentiam
3021 5247 3223 5301 babeat
3255 5245 3504 5315 Spiritus

1914 5346 2142 5390 sanctus
2171 5350 2236 5389 ex
2275 5334 2436 5391 Patre
2463 5336 2626 5390 simul
2669 5346 2724 5390 et
2754 5335 2916 5398 Filio.
2951 5352 3070 5392 eam
3102 5353 3208 5392 non
3249 5339 3502 5408 posside-

1913 5430 1993 5483 bit
2025 5431 2250 5485 omnino
2304 5431 2470 5482 etiam
2529 5446 2560 5484 a
2598 5432 2918 5498 Setnetipso,
2984 5446 3161 5500 neque
3228 5433 3497 5486 haberea

1915 5523 2165 5577 fidelibus
2227 5523 2641 5592 pronuntiatur,
2695 5523 2841 5592 quod
2895 5525 3014 5577 ﬁeri
3066 5524 3273 5592 nequit,
3319 5536 3504 5593 neque

1910 5617 2138 5684 omnino
2164 5616 2324 5671 liceat
2344 5615 2456 5669 ullo
2478 5614 2662 5678 modo,
2716 5617 2861 5669 hunc
2909 5617 3248 5672 exsiSIenti;e
3267 5616 3506 5686 propria:

1912 5693 2151 5767 causam
2169 5722 2315 5763 esse.
2344 5707 2481 5761 Cum
2522 5721 2655 5761 vero
2683 5707 2841 5763 Trias
2868 5707 3263 5776 perfectionem
3296 5725 3409 5778 prze
3435 5724 3504 5762 se

1911 5806 2052 5859 [erat
2081 5802 2246 5856 rebus
2267 5799 2528 5854 omnibus
2556 5799 2612 5854 iu
2645 5796 2875 5860 Debate,
2914 5814 3149 5869 persona
3185 5801 3290 5853 alia
3314 5816 3499 5854 esset:-

1914 5897 2116 5952 tialiter
2143 5908 2208 5948 ει
2241 5892 2538 5962 semetipsa
2562 5907 2668 5947 neu
2691 5891 2900 5963 prodit,
2931 5891 2999 5947 ad
3021 5895 3166 5962 quod
3200 5895 3500 5948 absurdum
