4074 6436
155 446 306 508 1265

1010 445 1108 508 DE
1146 445 1662 509 PRCCESSIONE
1699 450 1761 511 s.
1797 403 2166 511 smn-Irus
2192 447 2416 509 ORAT.
2461 444 2545 506 II.

3291 431 3448 533 1266.

153 553 522 624 κατηξίωται,
577 528 896 608 καταλιπὼν
929 554 996 609 τὰ
1048 557 1246 623 πάντα,
1305 558 1400 612 καὶ
1450 560 1586 630 μηδὲ
1620 559 1750 627 περὶ

1852 568 2052 618 conatu
2081 574 2147 616 ac
2176 558 2370 615 sedulo
2401 557 2585 614 studio
2615 554 2684 611 ad
2712 553 2896 612 fmdus
2945 551 3093 609 illico
3129 563 3429 621 pacemque

151 643 274 700 τοῦ
296 645 566 714 δόγματος
590 646 782 700 τούτου
805 645 1174 718 ποιησάμενος
1207 648 1364 717 λόγον
1400 651 1546 717 τινὰ,
1577 650 1745 725 Ιπάσῃ

156 737 373 809 σπουδῇ
409 737 509 790 καὶ
533 737 815 810 προθυμίᾳ
855 738 992 809 πρδς
1024 738 1123 808 τὴν
1171 739 1525 811 καταλλαγὴν
1550 741 1746 813 ἀθρόον

157 831 263 882 καὶ
283 828 382 900 τὴν
402 829 628 902 εἰρήνην
652 829 917 902 ἰχὼρησε.
943 832 1051 888 Καὶ
1076 833 1488 905 παρατρέχωτά
1514 838 1635 906 μετ’
1657 837 1745 890 αἰ-

159 920 294 984 δοῦς
337 920 433 974 καὶ
479 920 822 990 σεϐάσματος
853 922 992 995 πρὸς
1027 925 1119 977 τὸν
1164 926 1424 995 τηνικάδε
1477 926 1746 998 πρόεδρον

155 1006 266 1062 τοῦ
295 1006 659 1064 ἀποστολικοῦ
697 1010 886 1081 θρόνου
933 1011 1241 1083 γράμματα
1283 1013 1475 1068 τούτου
1523 1015 1622 1070 καὶ
1645 1015 1746 1080 τὰς

160 1098 484 1166 ὲπιστολάίς,
518 1098 648 1152 ἔνθα
703 1085 904 1171 πολλὴν
931 1096 1125 1174 ἐκείνῳ
1174 1107 1615 1176 προσμαρτυρῶν
1645 1106 1745 1178 τὴν

163 1188 508 1260 ἁγιωσύνην,
544 1190 783 1260 συνεχῶς
830 1191 1088 1262 εὔχεσθαι
1129 1194 1223 1247 καὶ
1259 1195 1400 1266 ὑπὲρ
1433 1196 1598 1250 αὐτοῦ
1630 1197 1744 1251 δέει⁹

161 1295 282 1341 ται,
317 1277 499 1342 καθὼς
535 1283 650 1343 τοῖς
697 1281 1004 1350 φιλοπόνως
1053 1283 1369 1354 ἐξήτασται.
1419 1284 1613 1341 Καίτοι
1641 1287 1745 1342 ποῦ

161 1368 383 1422 δίκαιον
439 1369 711 1422 συνελθεῖν
769 1371 1082 1442 ἀνθρώποις
1130 1374 1293 1428 αὐτὸν
1348 1376 1407 1428 ὲν
1463 1376 1747 1439 εὐσεϐείας

165 1460 605 1530 προσπταίουσιν
651 1462 787 1525 ὅλως
835 1463 1084 1538 δόγματι,
1140 1464 1214 1536 μὴ
1267 1465 1426 1520 τοῦτο
1482 1468 1746 1539 πρότερον

166 1551 638 1634 ἀποσαλλομένοις
674 1553 857 1617 καλῶς
889 1556 984 1634 καὶ
1031 1557 1129 1626 τὴν
1170 1558 1380 1627 αἵρεσιν
1410 1555 1590 1612 αὐτῶν
1618 1559 1750 1614 ἀνα-

167 1643 502 1715 θεματίῧασι
529 1631 686 1712 {Kal
728 1645 836 1716 μὴν
865 1631 978 1700 οὐδ’
1006 1646 1117 1718 ἔχει
1139 1665 1223 1712 τις
1255 1647 1422 1713 δεῖξαι
1452 1650 1626 1705 πολλὰ
1650 1667 1748 1717 μο·

167 1736 355 1806 γήσας
383 1737 504 1790 κατ’
538 1735 768 1807 ἐρευναν
796 1739 891 1792 καὶ
922 1727 1136 1809 καμὼν,
1161 1741 1238 1805 ὡς
1281 1741 1564 1813 διόρθωσιν
1591 1737 1749 1807 οὗτός

167 1843 299 1881 τινα
324 1827 425 1881 τοῦ.
449 1828 770 1899 σφάλματος.
795 1830 1006 1884 ἐκεῖθεν
1029 1833 1334 1904 ἀπῄτησεν,
1357 1833 1481 1887 οὕτε
1506 1834 1747 1888 λίϐελλον

168 1917 379 1990 δηλαδὴ
405 1919 645 1985 πίατεως
671 1921 951 1990 εὐσεϐοῦς,
973 1923 1098 1978 οὔτε
1127 1926 1188 1978 τὸ
1223 1925 1560 1997 βραχύτατον
1588 1928 1753 1997 ψιλὴν
1786 1906 1827 1960 Β

166 2012 279 2066 κᾶν
315 2011 612 2084 ὑπόσχεσιν
636 2029 652 2047 ο
681 2016 764 2070 δτι
791 2015 849 2070 δδ
893 2019 1063 2088 μόνην
1087 2018 1186 2090 τὴν
1217 2021 1560 2092 καταλλαγὴν
1592 2021 1752 2092 ἔσχεν

170 2105 381 2175 εὑρεῖν,
413 2107 994 2181 ἀπολυπραγμονητως
1035 2111 1199 2175 εὐθὺς
1231 2113 1435 2183 ταύτην
1479 2115 1751 2186 ἥρπασεν.

168 2195 334 2250 οὕτω
379 2196 584 2263 ῠῷτιος
613 2201 642 2252 ό
694 2216 791 2254 του
830 2199 1049 2273 πρώτου
1093 2202 1392 2274 σχίσματος
1426 2204 1688 2276 ἀρχηγὸς,
1724 2206 1754 2258 ό

174 2289 390 2344 τούτων
420 2290 564 2346 κατά
615 2292 750 2345 πολὺ
793 2293 861 2346 τά
888 2296 948 2358 ἐς
993 2294 1186 2364 λόγους
1233 2296 1563 2368 σοφώτερος,
1617 2298 1754 2368 πρὸς

173 2379 317 2449 ιριν,
350 2381 412 2434 οὐ
438 2385 576 2455 πρὸς
612 2384 870 2455 ἀλήθειαν
903 2385 1100 2440 οὔκουν
1125 2388 1498 2453 -οὐδοπωσοῦν,
1529 2390 1754 2442 ἀντεῖπε

172 2470 380 2542 καὶτῷ
409 2473 592 2532 καλῶς
622 2475 802 2546 ἔχοντι
846 2477 1024 2547 τούτῳ
1057 2479 1310 2550 δόγματι.
1342 2480 1456 2550 Τῆς
1483 2479 1614 2549 γοῦν
1651 2497 1757 2534 τοι-

171 2562 350 2634 αύτης
367 2564 555 2618 ἕνεκεν
579 2567 758 2630 αἰτίας
781 2569 875 2622 καὶ
897 2570 949 2624 οἰ
977 2571 1096 2640 μετ’
1118 2572 1281 2627 αὑτὸν
1302 2573 1517 2644 χρόνοις
1538 2575 1756 2643 συχνοῖς

171 2649 346 2740 οῦτοι,
382 2656 509 2727 περί
558 2651 634 2712 ὧν
663 2659 788 2727 ἄρτι
836 2660 1041 2732 φαμὲν,
1073 2664 1174 2734 τὴν
1218 2663 1347 2734 μίαν
1385 2665 1765 2737 ἀποστολικὴν

176 2747 345 2815 ἁγίαν
378 2749 472 2802 καὶ
505 2749 800 2822 καθολικὴν
841 2752 1168 2824 Ἐκκλησίαν
1207 2755 1519 2828 διέρρηξαν,
1553 2757 1649 2810 καὶ
1677 2759 1758 2821 εἰς

175 2838 326 2908 μέρη
343 2840 661 2910 κατέτεμεν,
684 2840 876 2910 λόγους
904 2847 1148 2914 μακροὺς
1175 2847 1481 2916 ὲκθέμενοι,
1506 2847 1603 2902 καὶ
1625 2848 1756 2901 πολ-

177 2930 310 2994 λοὺς
334 2932 470 2999 μετά
493 2930 602 2984 τῶν
629 2933 806 2988 ἀλλων
835 2936 1040 3002 κακῶν,
1077 2937 1173 2991 καὶ
1196 2939 1340 3014 κατά
1359 2939 1456 2993 τοῦ
1485 2939 1756 3011 παρόντος

181 3023 324 3090 πρὸς
352 3021 633 3106 εὐσέϐειαν
655 3024 932 3106 ἀσφαλοῦς
957 3027 1249 3098 δόγματος,
1289 3027 1370 3093 οἷς
1404 3031 1535 3094 (aut;
1556 3030 1587 3082 ό
1621 3031 1755 3094 Θεὸς

177 3112 278 3166 τοῦ
305 3103 659 3183 ἀγκλήματος
688 3103 794 3173 καῖ’
816 3116 1036 3182 τούτοις
1063 3119 1345 3182 ἀποδιδοὺς
1375 3119 1478 3191 τῆς
1509 3121 1756 3186 ’ἀτοπίας

173 3206 492 3273 ἀνενεγκεῖν
515 3207 721 3275 ταύτης
754 3207 953 3271 αὐτοὺς
997 3210 1098 3264 οὐκ
1135 3211 1439 3282 ηὐδόκησεν
1462 3225 1478 3242 ο
1503 3213 1586 3266 ὃτι
1617 3212 1762 3285 μηδδ-

178 3297 509 3351 κλέπτεσθαι
557 3300 818 3365 πολλάκις
855 3303 1020 3371 φιλεῖ,
1052 3301 1156 3358 κᾶν
1185 3303 1236 3356 εἰ
1282 3303 1604 3377 καθέστηκε.
1629 3297 1786 3369 λίανέ

184 3392 586 3464 φιλάνθρωπος.
613 3395 689 3448 Οὐ
718 3395 863 3464 λέγω
903 3392 1200 3461 δὲικπάντας
1228 3397 1356 3461 τοὺς
1376 3376 1518 3453 κατὰ
1539 3398 1633 3452 τὸν
1658 3376 1754 3453 τοῦ

180 3485 482 3556 σχίσματικ
510 3487 671 3552 δντας
697 3488 907 3558 καιρὸν,
941 3488 1240 3559 ἐπειδήπερ
1276 3487 1400 3542 οὐδὲ
1427 3493 1756 3562 κατηγορεῖν

180 3579 402 3632 πάντων
429 3578 496 3651 δη
528 3579 737 3633 τούτων
763 3581 937 3648 ἀξιον.
977 3580 1102 3634 Εἰσὶ
1123 3582 1232 3653 γάρ
1259 3597 1426 3648 τινες,
1453 3583 1614 3649 εἰσιν,
1637 3583 1754 3652 οῖγε

177 3671 276 3725 τοῦ
305 3670 427 3724 κατ’
457 3671 656 3737 αὐτοὺς
690 3672 895 3738 πάθους
920 3672 1184 3745 ἀνώτεροι
1226 3673 1485 3744 φανέντες
1520 3678 1596 3739 ὡς
1623 3675 1757 3746 ἀλη-

175 3761 306 3826 θῶς,
345 3762 426 3833 τῷ
449 3764 677 3835 τοιούτῳ
706 3765 937 3836 δόγματι
971 3765 1335 3838 συνηγοροῦσι
1366 3765 1650 3838 κραταιῶς
1692 3768 1752 3822 ὲν

179 3853 456 3924 διαφόροις
486 3855 668 3909 αὐτῶν
713 3857 1161 3927 συγγράμμασιν,
1192 3858 1242 3910 οἰ
1292 3858 1391 3927 μὲν
1419 3856 1756 3928 ἀπερικαλύ-

177 3963 332 4008 πτως
357 3946 450 4000 καὶ
483 3947 733 4018 φανερῶς
763 3949 858 4002 ἅτε
891 3949 1248 4019 τυγχάνοντες
1277 3950 1412 4014 ὅλως
1438 3949 1533 4005 τοῦ
1579 3949 1754 4005 Πνεύ-

181 4052 376 4107 ματος,
426 4039 476 4090 οἰ
525 4037 584 4091 δὲ
623 4040 1119 4107 συνεσκιασμένως,
1169 4042 1347 4095 εἰπεῖν
1398 4041 1473 4096 δὲ.
1509 4041 1750 4109 κάλλιον,

174 4130 556 4201 οἰκονομικῶς,
588 4127 678 4185 οἷα
720 4132 815 4185 καὶ
851 4133 1006 4185 αὐτοὶ
1035 4132 1207 4195 πάθος
1252 4131 1611 4203 ἀνθρώπινον,
1641 4133 1752 4187 δει-

176 4219 300 4278 λίαν
327 4221 509 4293 φημὶ,
538 4221 861 4292 πάσχοντες.
896 4224 1014 4277 Ἵνα
1056 4223 1114 4277 δὲ
1144 4223 1603 4294 παρώηλὼσαιμι
1648 4222 1752 4278 πᾶ-

178 4327 264 4364 σιν
292 4314 425 4383 ἡμῖν
458 4313 554 4365 καὶ
592 4315 695 4381 τὴν
721 4314 1037 4381 οἰκονομίαν
1075 4315 1268 4386 αὐτὴν.
1299 4317 1375 4368 ὲν
1400 4317 1753 4385 προσχήματι

174 4403 427 4473 διαλόγου
455 4405 924 4477 παρρησιάζονται
965 4409 1178 4477 τρανῶς
1223 4409 1324 4478 τὴν
1351 4408 1628 4479 ἀλήθειαν,
1657 4409 1753 4474 οὓς

176 4497 521 4569 ἀμφοτέρους
555 4496 651 4550 ῐδοι
675 4513 760 4560 τις
786 4497 854 4551 ἂν
881 4498 949 4551 εκ
975 4499 1083 4553 τῶν
1112 4497 1487 4553 θεοπνεύστων
1515 4499 1752 4570 Γραφῶν

1779 3254 1824 3312 C

1851 652 2120 709 cucurrit.
2158 649 2227 705 Et
2268 659 2536 722 praetereo
2566 662 2706 719 quas
2746 646 2836 703 ille
2885 651 3210 701 reverenter
3233 641 3432 697 admo-

1852 742 1982 798 dum
2029 742 2417 810 submisseque
2448 747 2562 794 tum
2597 737 2663 792 ad
2701 734 3016 807 apostolicae
3046 733 3192 789 sedis
3237 732 3433 803 pra2si-

1850 835 1975 892 dem
2015 833 2276 903 epistolas
2303 831 2619 900 scriptaque
2645 827 2820 892 "dedit,
2864 824 2960 880 ubi
3014 823 3240 879 multam
3278 823 3429 879 illius

1850 927 2196 985 sanctitatem
2251 931 2596 987 contestans,
2643 930 2704 976 ut
2737 921 2805 975 de
2847 932 2914 973 eo
2947 931 3139 988 preces
3187 913 3431 971 eﬂ‘undat

1853 1019 2152 1081 continue,
2176 1013 2470 1086 Supplicat,
2503 1011 2665 1068 sicuti
2693 1010 2764 1067 ab
2790 1008 3077 1065 industriis
3112 1007 3432 1062 hominibus

1853 1103 2226 1160 exuninatum
2275 1095 2379 1157 est.
2421 1099 2487 1155 Et
2531 1109 2716 1155 tamen
2757 1113 2868 1169 quo
2912 1098 3036 1169 jure
3085 1097 3176 1153 ille
3218 1105 3430 1166 poterat

1853 1211 1979 1253 cum
2059 1193 2383 1250 hominibus
2463 1193 2518 1248 in
2593 1192 2818 1262 pietatis
2877 1187 3129 1260 ddgmatc
3204 1204 3429 1259 prorsus

1847 1285 2244 1360 aberrantibus
2283 1282 2599 1350 convenire,
2651 1282 2707 1336 ni
2755 1281 2910 1352 prius
2955 1280 3086 1335 illud
3133 1280 3302 1349 probe
3345 1295 3430 1334 re-

1850 1376 2139 1446 iecissent,
2183 1386 2240 1429 et
2271 1374 2525 1432 haeresim
2558 1364 2838 1443 prOpriam
2866 1371 3201 1426 anathemati
3243 1370 3439 1440 subje-

1851 1468 2214 1525 cisseuti-et
2271 1466 2637 1521 nihilominus
2693 1465 2823 1533 licet
2865 1463 3140 1532 quispiam
3193 1464 3428 1518 multum

1847 1559 2181 1617 laboraverit
2229 1569 2282 1614 et
2329 1556 2695 1628 perquirendo
2738 1555 3090 1619 delassetur,
3149 1569 3428 1624 nunquam

1849 1652 2090 1723 reperiet
2130 1666 2256 1725 eum
2307 1650 2548 1720 aliquam
2602 1648 2808 1703 erroris
2854 1645 3257 1702 correctionem
3306 1645 3432 1700 inde

1849 1733 2267 1815 expostulasse,
2322 1756 2501 1813 neque
2556 1739 2959 1808 libellum-piae
3025 1737 3191 1799 ﬁdei.
3256 1751 3444 1808 neque

1851 1832 2001 1903 quod
2051 1831 2344 1886 minimum
2389 1838 2510 1885 erat
2558 1827 2763 1884 nudam
2814 1828 2892 1882 rei
2925 1827 3381 1898 pollicitationem
3413 1844 3445 1881 :-

1855 1924 1949 1980 sed
2005 1922 2127 1978 sola
2187 1908 2643 1976 reconciliatione
2709 1918 2978 1984 obtenta,
3058 1918 3200 1972 citra
3262 1916 3432 1971 ullnm

1854 2029 2084 2070 examen
2135 2012 2321 2069 statim
2372 1997 2523 2065 illam
2568 2009 2825 2080 arripuit.
2878 2007 2971 2063 Sic
3014 2000 3240 2062 Photius
3270 2007 3435 2077 primi

1854 2105 2170 2181 schismatis
2225 2111 2424 2160 auctor
2504 2102 2660 2158 hisce
2705 2100 2900 2166 multo,
2953 2099 3000 2155 si
3047 2097 3264 2155 dicendi
3318 2097 3430 2153 vim

1856 2197 2200 2261 consideres.
2249 2194 2578 2265 sapientior,
2615 2192 2970 2250 contentione
3007 2206 3072 2246 ac
3125 2190 3433 2257 simultate,

1856 2305 1966 2346 non
2002 2288 2255 2345 veritatis
2297 2301 2486 2344 amore
2544 2291 2658 2341 ulla
2701 2285 2898 2349 modo,
2934 2285 3073 2339 bene
3123 2297 3183 2338 se
3211 2281 3434 2337 habenti

1861 2381 1994 2438 huic
2022 2378 2269 2451 dogmati
2297 2377 2523 2434 restitit.
2569 2377 2725 2433 Hanc
2764 2375 2932 2446 igitur
2975 2377 3044 2430 ob
3087 2387 3315 2428 causam
3340 2372 3443 2441 qui-

1853 2489 1981 2531 eum
2022 2471 2378 2544 postmodum
2425 2469 2710 2526 subsecuti
2769 2476 2903 2524 sunt
2949 2469 3156 2521 mullos
3184 2475 3305 2535 post
3337 2479 3446 2519 an-

1855 2581 1984 2631 nos,
2038 2565 2108 2621 de
2165 2563 2369 2635 quibus
2421 2576 2574 2618 nunc
2632 2560 2933 2631 loquimur,
2968 2573 3132 2614 unam
3185 2566 3444 2613 sanctam-

1856 2656 2188 2714 catbolicam
2222 2663 2284 2711 et
2319 2652 2679 2725 apostolicam
2726 2649 3030 2706 Ecclesiam
3067 2648 3434 2714 discidcrunt,

1854 2758 1913 2807 et
1953 2749 2023 2805 in
2056 2754 2243 2818 partes
2274 2746 2710 2814 discerpserunt,
2740 2741 2956 2798 diiiusis
2987 2739 3286 2815 multisque
3324 2753 3438 2809 pra:

1854 2840 2000 2898 abis.
2046 2839 2262 2904 'malis,
2345 2845 2539 2893 contra
2604 2845 2784 2891 tutum
2871 2833 2980 2889 hoc
3063 2841 3460 2903 securumt1ue-

1845 2930 2412 3003 ,dogmatractatibns
2455 2928 2658 2994 editis"
2673 2927 2877 2997 quibus
2922 2925 3156 2981 fortasse
3188 2924 3332 2980 Deda
3362 2924 3436 2980 ob

1855 3025 1967 3081 hoc
2019 3025 2230 3079 crimen
2262 3018 2494 3078 temere
2544 3028 2811 3074 tentatum
2877 3018 3190 3074 retribncns
3241 3031 3436 3088 pmnas

1856 3114 2105 3186 inﬂigere
2158 3129 2269 3170 non
2331 3112 2426 3169 diu
2479 3111 2738 3174 distulit'r
2783 3125 2962 3181 neque
3006 3109 3152 3166 enim
3212 3108 3438 3180 culpam

1854 3207 2138 3264 remittere
2181 3206 2488 3276 sepissime
2539 3204 2703 3268 solet,
2750 3202 2881 3258 licet
2921 3201 3300 3273 perhurnanus
3338 3201 3433 3256 sit.

1857 3297 2050 3370 Neque
2096 3298 2164 3354 de
2210 3296 2471 3353 omnibus
2510 3296 2735 3366 loquor,
2769 3294 2864 3364 qui
2920 3293 3240 3350 schismatis
3293 3302 3437 3348 tem-

1856 3405 1990 3462 pore
2017 3388 2274 3455 fuerunt,
2315 3402 2443 3443 cum
2473 3387 2582 3442 illis
2611 3387 2871 3442 omnibus
2900 3385 3118 3442 crimen
3137 3384 3434 3457 appingere

1855 3499 2040 3556 neque
2091 3483 2404 3549 decorum,
2455 3495 2634 3552 neque
2676 3480 2887 3550 justo
2936 3490 3042 3537 est.
3099 3481 3256 3537 Sunt.
3283 3483 3432 3537 enim

1854 3577 2102 3649 quidam,
2154 3585 2287 3638 sunt
2314 3577 2498 3645 plane,
2531 3574 2625 3646 qui
2650 3573 2828 3630 simili
2877 3571 3076 3629 aﬂectu
3117 3575 3460 3645 Superiores-

1853 3685 2019 3743 qnam
2048 3669 2338 3725 verissime
2362 3667 2518 3735 facti,
2554 3667 2722 3738 hujus
2748 3667 3026 3739 dogmatis
3059 3666 3236 3723 valide
3265 3669 3465 3723 variis»

1855 3747 1975 3820 suis
2000 3761 2400 3834 soriptionibus
2429 3759 2803 3832 patrocinium
2840 3758 3170 3831 suscipiunt,
3207 3759 3458 3829 quidam.

1853 3854 2035 3910 malam
2089 3863 2390 3924 aperteque
2445 3861 2712 3923 tanquam
2759 3853 2852 3923 qui
2917 3867 3151 3923 prorsus
3202 3846 3433 3924 Spiritui

1854 3946 2215 4011 addicuntur,
2265 3943 2912 4016 quidam‘subobscure,
2953 3944 3039 4000 vel
3099 3952 3160 4001 ut
3227 3943 3434 4000 clarius

1855 4040 2058 4104 dicam,
2100 4037 2335 4111 tempori
2379 4053 2506 4095 sese
2535 4037 2791 4094 humane
2827 4038 2955 4094 vita:
2994 4036 3292 4108 fragilitate
3337 4053 3454 4094 ac--

1814 4121 1822 4129 ’
1854 4131 2292 4190 eommodantcs.
2329 4129 2405 4189 Ut
2429 4144 2562 4187 vero
2609 4129 2770 4187 vobis
2815 4120 3074 4186 domibus
3103 4131 3278 4199 ipsam
3310 4126 3461 4186 sese

1853 4221 2307 4280 accommodandi
2361 4221 2598 4292 tempori
2653 4220 2925 4276 rationem
2983 4220 3270 4290 aperiam,
3325 4220 3432 4276 sub

1853 4315 2038 4384 specie
2067 4314 2269 4385 dialogi
2305 4313 2598 4384 perspicue
2625 4312 2911 4384 publicant
2941 4311 3253 4376 veritatem,
3289 4327 3436 4382 quos

1852 4413 2122 4476 utrosque
2155 4405 2431 4475 quispiam
2471 4419 2537 4458 es
2567 4404 2831 4459 divinitus
2863 4403 3149 4472 inspiratis
3189 4401 3434 4468 Scriptu-

1851 4499 1933 4554 ris
1990 4497 2100 4551 hoc
2154 4497 2353 4564 dogma
2421 4495 2872 4552 demonstrantes
2930 4502 2985 4547 et
3038 4493 3430 4547 conﬁrmantcs

172 4588 631 4652 ἀποδεικνύοντας
670 4589 802 4643 αὐτὸ
837 4591 897 4642 τὸ
933 4588 1111 4656 δόγμα
1159 4591 1256 4644 καὶ
1302 4591 1744 4653 συνιστάνοντας.

1853 4590 2227 4659 conspexerit.
2261 4589 2366 4654 Qui
2393 4603 2526 4642 vero
2561 4603 2630 4643 ex
2660 4587 2964 4643 schismate
2986 4596 3118 4641 aunt
3153 4585 3442 4641 contraria

172 4681 237 4734 Οἰ
270 4679 328 4734 δέ
375 4698 440 4746 γε
469 4679 564 4734 τοῦ
617 4681 920 4751 σχίσματος
973 4681 1283 4736 τούναντίον
1325 4682 1748 4753 διαπράττονται

175 4773 307 4838 πᾶν,
335 4774 409 4824 ὲκ-
440 4773 540 4842 τῆς
595 4771 802 4835 κοιλίας
847 4771 1024 4826 αὐτῶν
1053 4774 1151 4837 τὰς
1186 4772 1492 4841 ἀντιλογίας
1540 4773 1749 4844 προφέ-

175 4881 383 4934 ρουσιν,
419 4863 627 4926 οἰκείας
639 4862 976 4928 ιπλάττοντες
1003 4864 1096 4917 ιπί.
1119 4863 1220 4935 τῆς
1244 4864 1523 4932 θεολογίας
1547 4866 1743 4935 ἀρχὰς,

173 4959 283 5010 κάκ
312 4956 518 5010 τούτων
566 4957 647 5018 εἰς
674 4955 851 5011 ἄτοπα
881 4956 1052 5010 πολλά
1098 4956 1190 5010 τὸν
1231 4957 1387 5024 λόγον
1417 4957 1746 5025 ἀπάγοντες.

175 5049 298 5109 Τοῖς
329 5045 592 5107 τοιούτοις
625 5044 918 5122 τοιγαροῦν
948 5044 1287 5116 προσέξομεν
1314 5047 1476 5116 ἡμεῖς
1521 5045 1746 5116 ὲρευγο·

175 5139 360 5210 μένοις
393 5138 488 5207 ἀφ’
525 5139 772 5200 ἑαυτῶν,-
789 5136 1053 5204 παρέντες
1095 5138 1222 5199 τοὺς
1253 5137 1468 5201 κοινοὺς
1496 5137 1745 5201 Πατέοας

171 5226 332 5295 ἡμῶν
365 5227 491 5288 τοὺς
519 5224 934 5294 φθεγγομένους.
961 5223 1104 5293 μετά
1132 5222 1236 5279 τοῦ.
1258 5226 1608 5297 Πνεύματος;
1649 5227 1742 5297 Μὴ

172 5317 306 5385 πρὸς
331 5314 696 5385 τῆς·ὶλςτίδος,
724 5315 792 5384 ἢν
830 5313 1144 5385 έλπίζομεν,
1189 5304 1450 5382 δυσωπῶ,
1476 5316 1616 5387 πρὸς
1641 5316 1743 5386 τῆς
1769 5379 1771 5384 ,

170 5406 424 5480 Τριάδος,
471 5405 533 5457 τὸ
566 5404 824 5476 μέγιστον
872 5399 907 5478 ᾖ
939 5404 1303 5476 λατρεύομεψ
1358 5408 1434 5479 μὴ
1471 5408 1603 5480 περὶ⁵
1643 5410 1743 5480 τὴν

170 5499 369 5571 εὐχερῆ
405 5486 612 5570 ταύτην
641 5496 901 5570 ἐπιλογην
931 5496 1076 5552 οὕτω
1114 5494 1401 5568 γενώμεθα
1435 5498 1746 5553 κακοὶηδια-

169 5596 473 5666 γνώμονες,
501 5595 579 5658 ὡς
601 5595 892 5666 προκρῖναι
919 5595 1047 5657 τοὺς
1067 5596 1320 5663 γηγενεῖς
1348 5596 1455 5647 τῶν
1485 5595 1744 5665 ἄντικρυς

169 5683 435 5758 οὐρανίων
466 5687 700 5760 ἀνδρῶν,
731 5686 961 5741 καὶτῶν
991 5686 1126 5740 νόων
1153 5688 1476 5757 αὐτόχρημα
1501 5687 1625 5750 τοὺς
1656 5689 1748 5739 λο-

170 5779 492 5849 γιζομένους
540 5779 660 5831 κατ’
694 5777 1002 5850 ἄνθρωπον.
1048 5779 1236 5848 Δῶμεν
1280 5779 1409 5833 ποτὶ
1442 5778 1742 5850 προθύμως

147 5872 265 5936 ’τὰς
313 5871 481 5936 ἀκοὰς
519 5874 639 5936 ταῖς
678 5872 782 5944 τῶν
830 5873 1000 5944 ἁγίων
1050 5873 1220 5945 lapsi;
1255 5872 1507 5944 χρήσεσι.
1541 5872 1608 5928 Τί
1646 5873 1740 5928 καὶ

1859 4695 2078 4737 summo
2117 4668 2254 4735 nixu
2289 4679 2616 4742 moliuntur,
2647 4691 2712 4733 ex
2745 4685 2936 4732 ventre
2961 4673 3431 4731 contradictiones

1857 4771 2169 4838 aﬂerentcs,
2212 4771 2440 4842 propria
2476 4771 2531 4825 in
2579 4770 2746 4825 rebus
2794 4767 3136 4838 theologicis
3162 4766 3432 4837 principia

1857 4864 2257 4934 contingentes,
2289 4879 2354 4918 ex
2381 4863 2586 4932 quibus
2631 4861 2685 4916 in
2718 4861 2958 4917 absurda
2993 4874 3280 4915 innumera
3307 4872 3435 4913 ora.

1859 4956 2063 5012 tionem
2093 4953 2407 5023 impellunt.
2441 4952 2602 5008 Hisce
2638 4952 2810 5023 igitur
2835 4966 2940 5007 nos
2972 4951 3215 5005 animum
3239 4949 3432 5004 adver-

1853 5058 2031 5104 temus
2055 5045 2150 5116 qui
2179 5060 2246 5101 ex
2277 5045 2526 5115 propriis.
2570 5045 2773 5099 similia
2814 5051 3092 5108 eructant,
3123 5041 3434 5096 communi-

1855 5141 1960 5196 bus
1999 5135 2215 5194 nostris
2266 5137 2552 5204 Patribus,
2582 5136 2676 5208 qui
2707 5150 2836 5192 eum
2885 5133 3096 5205 Spiritu
3129 5134 3433 5204 loquuntur

1853 5231 2156 5304 neglectis?
2206 5228 2286 5285 Ne
2320 5245 2416 5301 per
2460 5245 2638 5299 spem,
2674 5237 2840 5300 quam
2890 5242 3201 5299 speramus,
3238 5241 3428 5292 exoro,

1852 5340 1947 5395 per
1974 5311 2393 5395 Triademerga
2434 5335 2601 5391 quam
2629 5313 2987 5390 potissimitm
3019 5328 3210 5373 noster
3243 5317 3444 5373 cultus.

1849 5423 1982 5480 est;
2015 5429 2083 5468 ne
2132 5413 2277 5468 circa
2311 5410 2530 5466 facilem
2593 5410 2740 5465 hunc
2768 5408 3062 5474 delectum,
3097 5409 3236 5462 adeo
3263 5407 3447 5461 noxia.

1851 5505 2245 5575 dijudicemus,
2289 5513 2350 5558 ut
2384 5499 2686 5574 terrigenas
2728 5517 2857 5558 vere
2886 5500 3208 5558 eiulatibus
3243 5501 3426 5555 homi-

1852 5598 2036 5664 nibus,
2070 5606 2124 5652 ct
2155 5596 2404 5649 humano
2430 5609 2584 5650 more
2629 5594 3022 5650 ratiocinantes
3055 5593 3201 5648 veris
3227 5591 3430 5646 intelli-

1852 5689 2054 5762 gentiis
2105 5701 2518 5759 pneponamus.
2597 5687 2799 5742 Demus
2850 5683 3444 5755 tandem'aliquando-

1852 5781 2022 5838 alacri
2053 5781 2238 5836 animo
2270 5795 2432 5836 aures
2467 5778 2641 5834 sacris
2667 5786 2988 5834 sanctorum
3027 5775 3216 5832 dictis.
3257 5773 3426 5842 Quid,

1851 5875 2008 5947 quasi
2049 5873 2222 5945 ipsam
2273 5871 2610 5928 audientiam
2663 5883 3011 5940 respuamus,
3060 5869 3273 5924 vultum
3325 5867 3424 5922 ob-
