  <div class='ocr_page' id='page_1' title='image "/cluster/home/n/w/nwhite01/storage/ocr_20150623/141/pst.000005714575/644.png"; bbox 0 0 4074 6434; ppageno 0'>
   <div class='ocr_carea' id='block_1_1' title="bbox 111 456 264 518">
    <p class='ocr_par' dir='ltr' id='par_1_1' title="bbox 111 456 264 518">
     <span class='ocr_line' id='line_1_1' title="bbox 111 456 264 518; baseline 0.007 -1"><span class='ocrx_word' id='word_1_1' title='bbox 111 456 264 518; x_wconf 62' lang='lat'><strong>1269</strong></span> 
     </span>
    </p>
   </div>
   <div class='ocr_carea' id='block_1_2' title="bbox 974 443 2508 515">
    <p class='ocr_par' dir='ltr' id='par_1_2' title="bbox 974 443 2508 515">
     <span class='ocr_line' id='line_1_2' title="bbox 974 443 2508 515; baseline -0.01 0"><span class='ocrx_word' id='word_1_2' title='bbox 974 454 1069 515; x_wconf 90' lang='lat' dir='ltr'><strong>DE</strong></span> <span class='ocrx_word' id='word_1_3' title='bbox 1111 448 1626 514; x_wconf 75' lang='lat' dir='ltr'><strong>PRUCESSIONE</strong></span> <span class='ocrx_word' id='word_1_4' title='bbox 1665 450 1725 509; x_wconf 93' lang='lat' dir='ltr'><strong>S.</strong></span> <span class='ocrx_word' id='word_1_5' title='bbox 1769 445 2126 507; x_wconf 79' lang='lat' dir='ltr'><strong>SPIRITUS</strong></span> <span class='ocrx_word' id='word_1_6' title='bbox 2162 443 2379 505; x_wconf 76' lang='grc' dir='ltr'><strong>ΟΒΑἸ.</strong></span> <span class='ocrx_word' id='word_1_7' title='bbox 2430 443 2508 501; x_wconf 87' lang='lat' dir='ltr'><strong>ll.</strong></span> 
     </span>
    </p>
   </div>
   <div class='ocr_carea' id='block_1_3' title="bbox 3251 441 3386 502">
    <p class='ocr_par' dir='ltr' id='par_1_3' title="bbox 3251 441 3386 502">
     <span class='ocr_line' id='line_1_3' title="bbox 3251 441 3386 502; baseline -0.007 0"><span class='ocrx_word' id='word_1_8' title='bbox 3251 441 3386 502; x_wconf 71' lang='grc' dir='ltr'><strong>12ἷο</strong></span> 
     </span>
    </p>
   </div>
   <div class='ocr_carea' id='block_1_4' title="bbox 104 551 1735 636">
    <p class='ocr_par' dir='ltr' id='par_1_4' title="bbox 104 556 1706 636">
     <span class='ocr_line' id='line_1_4' title="bbox 104 556 1706 636; baseline -0.006 -18"><span class='ocrx_word' id='word_1_9' title='bbox 104 567 256 618; x_wconf 65' lang='grc' dir='ltr'>αὐτὸ</span> <span class='ocrx_word' id='word_1_10' title='bbox 316 564 590 636; x_wconf 78' lang='grc' dir='ltr'>προσῆκόν</span> <span class='ocrx_word' id='word_1_11' title='bbox 658 566 806 628; x_wconf 70' lang='grc' dir='ltr'>ἐστι,</span> <span class='ocrx_word' id='word_1_12' title='bbox 876 561 975 614; x_wconf 85' lang='grc' dir='ltr'><strong>κάν</strong></span> <span class='ocrx_word' id='word_1_13' title='bbox 1041 564 1150 624; x_wconf 80' lang='grc' dir='ltr'>τοῖς</span> <span class='ocrx_word' id='word_1_14' title='bbox 1216 558 1349 628; x_wconf 76' lang='grc' dir='ltr'>πρὸς</span> <span class='ocrx_word' id='word_1_15' title='bbox 1405 556 1706 627; x_wconf 81' lang='grc' dir='ltr'>ἀλλήλους,</span> 
     </span>
    </p>
   </div>
   <div class='ocr_carea' id='block_1_5' title="bbox 1826 551 3388 636">
    <p class='ocr_par' dir='ltr' id='par_1_5' title="bbox 1826 551 3388 620">
     <span class='ocr_line' id='line_1_5' title="bbox 1826 551 3388 620; baseline -0.001 -14"><span class='ocrx_word' id='word_1_16' title='bbox 1826 553 1872 607; x_wconf 93' lang='lat' dir='ltr'><strong>in</strong></span> <span class='ocrx_word' id='word_1_17' title='bbox 1918 553 2122 607; x_wconf 77' lang='lat' dir='ltr'><strong>mutuis</strong></span> <span class='ocrx_word' id='word_1_18' title='bbox 2169 552 2479 620; x_wconf 87' lang='lat' dir='ltr'><strong>colloquiis.</strong></span> <span class='ocrx_word' id='word_1_19' title='bbox 2527 560 2640 604; x_wconf 86' lang='lat' dir='ltr'><strong>tum</strong></span> <span class='ocrx_word' id='word_1_20' title='bbox 2694 553 2746 602; x_wconf 92' lang='lat' dir='ltr'><strong>in</strong></span> <span class='ocrx_word' id='word_1_21' title='bbox 2799 551 3237 613; x_wconf 80' lang='lat' dir='ltr'><strong>commentariis,</strong></span> <span class='ocrx_word' id='word_1_22' title='bbox 3281 568 3388 606; x_wconf 89' lang='lat' dir='ltr'><strong>non</strong></span> 
     </span>
    </p>
   </div>
   <div class='ocr_carea' id='block_1_6' title="bbox 106 649 1708 728">
    <p class='ocr_par' dir='ltr' id='par_1_6' title="bbox 106 649 1708 728">
     <span class='ocr_line' id='line_1_6' title="bbox 106 649 1708 728; baseline -0.01 -15"><span class='ocrx_word' id='word_1_23' title='bbox 106 658 310 727; x_wconf 66' lang='grc' dir='ltr'>φημὶ,</span> <span class='ocrx_word' id='word_1_24' title='bbox 364 658 582 728; x_wconf 84' lang='grc' dir='ltr'>λόγοις,</span> <span class='ocrx_word' id='word_1_25' title='bbox 646 658 748 709; x_wconf 85' lang='grc' dir='ltr'><strong>κάν</strong></span> <span class='ocrx_word' id='word_1_26' title='bbox 813 657 925 717; x_wconf 81' lang='grc' dir='ltr'>τοῖς</span> <span class='ocrx_word' id='word_1_27' title='bbox 978 653 1428 722; x_wconf 84' lang='grc' dir='ltr'><strong>συγγράμμασιν,</strong></span> <span class='ocrx_word' id='word_1_28' title='bbox 1480 651 1538 702; x_wconf 85' lang='grc' dir='ltr'>οὐ</span> <span class='ocrx_word' id='word_1_29' title='bbox 1602 649 1708 719; x_wconf 79' lang='grc' dir='ltr'>μὴν</span> 
     </span>
    </p>
   </div>
   <div class='ocr_carea' id='block_1_7' title="bbox 111 741 1706 822">
    <p class='ocr_par' dir='ltr' id='par_1_7' title="bbox 111 741 1706 822">
     <span class='ocr_line' id='line_1_7' title="bbox 111 741 1706 822; baseline -0.007 -18"><span class='ocrx_word' id='word_1_30' title='bbox 111 743 494 822; x_wconf 66' lang='grc' dir='ltr'>προᾶτεθῆναι</span> <span class='ocrx_word' id='word_1_31' title='bbox 534 749 678 802; x_wconf 75' lang='grc' dir='ltr'>κατὰ</span> <span class='ocrx_word' id='word_1_32' title='bbox 735 747 832 817; x_wconf 80' lang='grc' dir='ltr'>τὴν</span> <span class='ocrx_word' id='word_1_33' title='bbox 887 746 1155 799; x_wconf 72' lang='grc' dir='ltr'><strong>ὑπόνοιαν·</strong></span> <span class='ocrx_word' id='word_1_34' title='bbox 1192 744 1292 813; x_wconf 84' lang='grc' dir='ltr'>τήν</span> <span class='ocrx_word' id='word_1_35' title='bbox 1324 760 1486 796; x_wconf 89' lang='grc' dir='ltr'>τινων</span> <span class='ocrx_word' id='word_1_36' title='bbox 1536 743 1594 796; x_wconf 83' lang='grc' dir='ltr'>ὲν</span> <span class='ocrx_word' id='word_1_37' title='bbox 1630 741 1706 810; x_wconf 85' lang='grc' dir='ltr'><strong>τῷ</strong></span> 
     </span>
    </p>
   </div>
   <div class='ocr_carea' id='block_1_8' title="bbox 110 831 1709 910">
    <p class='ocr_par' dir='ltr' id='par_1_8' title="bbox 110 831 1709 910">
     <span class='ocr_line' id='line_1_8' title="bbox 110 831 1709 910; baseline -0.007 -16"><span class='ocrx_word' id='word_1_38' title='bbox 110 841 385 903; x_wconf 78' lang='grc' dir='ltr'><strong>πολλάκις</strong></span> <span class='ocrx_word' id='word_1_39' title='bbox 419 839 636 910; x_wconf 71' lang='grc' dir='ltr'>ῥηθέντι</span> <span class='ocrx_word' id='word_1_40' title='bbox 692 855 779 907; x_wconf 84' lang='grc' dir='ltr'><strong>μοι</strong></span> <span class='ocrx_word' id='word_1_41' title='bbox 833 836 1095 906; x_wconf 77' lang='grc' dir='ltr'>Συμϐόλῳ</span> <span class='ocrx_word' id='word_1_42' title='bbox 1129 834 1227 902; x_wconf 72' lang='grc' dir='ltr'>τῆς</span> <span class='ocrx_word' id='word_1_43' title='bbox 1275 836 1530 896; x_wconf 78' lang='grc' dir='ltr'>πίστεως,</span> <span class='ocrx_word' id='word_1_44' title='bbox 1587 831 1709 884; x_wconf 77' lang='grc' dir='ltr'>ἐπεὶ</span> 
     </span>
    </p>
   </div>
   <div class='ocr_carea' id='block_1_9' title="bbox 113 923 1710 996">
    <p class='ocr_par' dir='ltr' id='par_1_9' title="bbox 113 923 1710 996">
     <span class='ocr_line' id='line_1_9' title="bbox 113 923 1710 996; baseline -0.008 -8"><span class='ocrx_word' id='word_1_45' title='bbox 113 937 225 988; x_wconf 81' lang='grc' dir='ltr'><strong>καί</strong></span> <span class='ocrx_word' id='word_1_46' title='bbox 255 934 362 986; x_wconf 86' lang='grc' dir='ltr'><strong>τῶν</strong></span> <span class='ocrx_word' id='word_1_47' title='bbox 416 932 585 996; x_wconf 78' lang='grc' dir='ltr'>ἁγίων</span> <span class='ocrx_word' id='word_1_48' title='bbox 631 932 678 982; x_wconf 87' lang='grc' dir='ltr'><strong>οἰ</strong></span> <span class='ocrx_word' id='word_1_49' title='bbox 710 928 951 989; x_wconf 83' lang='grc' dir='ltr'>πλείονες</span> <span class='ocrx_word' id='word_1_50' title='bbox 999 927 1108 979; x_wconf 85' lang='grc' dir='ltr'><strong>τῶν</strong></span> <span class='ocrx_word' id='word_1_51' title='bbox 1161 925 1602 993; x_wconf 86' lang='grc' dir='ltr'>θεολογησάντων</span> <span class='ocrx_word' id='word_1_52' title='bbox 1649 923 1710 976; x_wconf 81' lang='grc' dir='ltr'><strong>τὸ</strong></span> 
     </span>
    </p>
   </div>
   <div class='ocr_carea' id='block_1_10' title="bbox 116 1014 1708 1090">
    <p class='ocr_par' dir='ltr' id='par_1_10' title="bbox 116 1014 1708 1090">
     <span class='ocr_line' id='line_1_10' title="bbox 116 1014 1708 1090; baseline -0.007 -13"><span class='ocrx_word' id='word_1_53' title='bbox 116 1023 329 1077; x_wconf 72' lang='grc' dir='ltr'>σεπτὸν</span> <span class='ocrx_word' id='word_1_54' title='bbox 351 1023 528 1090; x_wconf 77' lang='grc' dir='ltr'>δόγμα</span> <span class='ocrx_word' id='word_1_55' title='bbox 551 1021 722 1080; x_wconf 68' lang='grc' dir='ltr'>τουτὶ,</span> <span class='ocrx_word' id='word_1_56' title='bbox 753 1017 1137 1086; x_wconf 64' lang='grc' dir='ltr'>τὸ*Σύμ6ολον,</span> <span class='ocrx_word' id='word_1_57' title='bbox 1170 1015 1344 1080; x_wconf 77' lang='grc' dir='ltr'>οὕτως</span> <span class='ocrx_word' id='word_1_58' title='bbox 1365 1017 1440 1079; x_wconf 82' lang='grc' dir='ltr'>ὡς</span> <span class='ocrx_word' id='word_1_59' title='bbox 1467 1014 1585 1067; x_wconf 77' lang='grc' dir='ltr'>κατ’</span> <span class='ocrx_word' id='word_1_60' title='bbox 1611 1017 1708 1084; x_wconf 83' lang='grc' dir='ltr'>ἀρ-</span> 
     </span>
    </p>
   </div>
   <div class='ocr_carea' id='block_1_11' title="bbox 113 1109 1702 1186">
    <p class='ocr_par' dir='ltr' id='par_1_11' title="bbox 113 1109 1702 1186">
     <span class='ocr_line' id='line_1_11' title="bbox 113 1109 1702 1186; baseline -0.004 -19"><span class='ocrx_word' id='word_1_61' title='bbox 113 1117 234 1186; x_wconf 76' lang='grc' dir='ltr'><strong>χὰς</strong></span> <span class='ocrx_word' id='word_1_62' title='bbox 276 1114 556 1181; x_wconf 79' lang='grc' dir='ltr'><strong>συνετέθη,</strong></span> <span class='ocrx_word' id='word_1_63' title='bbox 606 1111 698 1162; x_wconf 56' lang='grc' dir='ltr'><strong>καὶ⁵</strong></span> <span class='ocrx_word' id='word_1_64' title='bbox 738 1109 831 1162; x_wconf 82' lang='grc' dir='ltr'><strong>νῦν</strong></span> <span class='ocrx_word' id='word_1_65' title='bbox 887 1109 1042 1171; x_wconf 76' lang='grc' dir='ltr'>αὖθίς</span> <span class='ocrx_word' id='word_1_66' title='bbox 1090 1110 1259 1172; x_wconf 74' lang='grc' dir='ltr'>ἐστιν,</span> <span class='ocrx_word' id='word_1_67' title='bbox 1311 1109 1702 1175; x_wconf 86' lang='grc' dir='ltr'>ἀνεγίνωσκον,</span> 
     </span>
    </p>
   </div>
   <div class='ocr_carea' id='block_1_12' title="bbox 117 1199 1708 1273">
    <p class='ocr_par' dir='ltr' id='par_1_12' title="bbox 117 1199 1708 1273">
     <span class='ocr_line' id='line_1_12' title="bbox 117 1199 1708 1273; baseline -0.004 -17"><span class='ocrx_word' id='word_1_68' title='bbox 117 1207 272 1273; x_wconf 78' lang='grc' dir='ltr'>μήτε</span> <span class='ocrx_word' id='word_1_69' title='bbox 305 1221 353 1256; x_wconf 88' lang='grc' dir='ltr'><strong>τι</strong></span> <span class='ocrx_word' id='word_1_70' title='bbox 381 1200 709 1271; x_wconf 66' lang='grc' dir='ltr'>προσθεντες</span> <span class='ocrx_word' id='word_1_71' title='bbox 745 1201 999 1253; x_wconf 78' lang='grc' dir='ltr'><strong>ἐπέκεινα</strong></span> <span class='ocrx_word' id='word_1_72' title='bbox 1031 1200 1316 1269; x_wconf 79' lang='grc' dir='ltr'><strong>μηδαμῶς,</strong></span> <span class='ocrx_word' id='word_1_73' title='bbox 1345 1199 1481 1268; x_wconf 78' lang='grc' dir='ltr'>μηδὲ</span> <span class='ocrx_word' id='word_1_74' title='bbox 1510 1199 1570 1251; x_wconf 82' lang='grc' dir='ltr'><strong>τὸ</strong></span> <span class='ocrx_word' id='word_1_75' title='bbox 1603 1216 1708 1251; x_wconf 88' lang='grc' dir='ltr'>πα-</span> 
     </span>
    </p>
   </div>
   <div class='ocr_carea' id='block_1_13' title="bbox 116 1287 1706 1361">
    <p class='ocr_par' dir='ltr' id='par_1_13' title="bbox 116 1287 1706 1361">
     <span class='ocr_line' id='line_1_13' title="bbox 116 1287 1706 1361; baseline -0.005 -15"><span class='ocrx_word' id='word_1_76' title='bbox 116 1294 315 1361; x_wconf 82' lang='grc' dir='ltr'>ράπαν</span> <span class='ocrx_word' id='word_1_77' title='bbox 347 1293 519 1360; x_wconf 77' lang='grc' dir='ltr'>μηδὲν</span> <span class='ocrx_word' id='word_1_78' title='bbox 557 1290 902 1360; x_wconf 76' lang='grc' dir='ltr'>ὑφελόμενοι.</span> <span class='ocrx_word' id='word_1_79' title='bbox 937 1289 1108 1340; x_wconf 80' lang='grc' dir='ltr'>Τοῦτο</span> <span class='ocrx_word' id='word_1_80' title='bbox 1156 1288 1252 1340; x_wconf 75' lang='grc' dir='ltr'>καὶ</span> <span class='ocrx_word' id='word_1_81' title='bbox 1294 1289 1452 1357; x_wconf 76' lang='grc' dir='ltr'>ἡμεῖς</span> <span class='ocrx_word' id='word_1_82' title='bbox 1488 1287 1706 1355; x_wconf 82' lang='grc' dir='ltr'>ἀπαρα-</span> 
     </span>
    </p>
   </div>
   <div class='ocr_carea' id='block_1_14' title="bbox 114 1376 1708 1454">
    <p class='ocr_par' dir='ltr' id='par_1_14' title="bbox 114 1376 1708 1454">
     <span class='ocr_line' id='line_1_14' title="bbox 114 1376 1708 1454; baseline -0.007 -15"><span class='ocrx_word' id='word_1_83' title='bbox 114 1386 354 1454; x_wconf 79' lang='grc' dir='ltr'>ποίητον</span> <span class='ocrx_word' id='word_1_84' title='bbox 383 1383 682 1452; x_wconf 74' lang='grc' dir='ltr'><strong>τηροῦμεν,</strong></span> <span class='ocrx_word' id='word_1_85' title='bbox 712 1381 805 1432; x_wconf 80' lang='grc' dir='ltr'>καὶ</span> <span class='ocrx_word' id='word_1_86' title='bbox 819 1380 1140 1452; x_wconf 21' lang='grc' dir='ltr'>,τηρήσομεν</span> <span class='ocrx_word' id='word_1_87' title='bbox 1188 1378 1308 1430; x_wconf 83' lang='grc' dir='ltr'>κατ’</span> <span class='ocrx_word' id='word_1_88' title='bbox 1352 1377 1592 1439; x_wconf 75' lang='grc' dir='ltr'><strong>ἐκείνους</strong></span> <span class='ocrx_word' id='word_1_89' title='bbox 1621 1376 1708 1428; x_wconf 85' lang='grc' dir='ltr'>διὰ</span> 
     </span>
    </p>
   </div>
   <div class='ocr_carea' id='block_1_15' title="bbox 118 1469 1712 1546">
    <p class='ocr_par' dir='ltr' id='par_1_15' title="bbox 118 1469 1712 1546">
     <span class='ocr_line' id='line_1_15' title="bbox 118 1469 1712 1546; baseline -0.006 -18"><span class='ocrx_word' id='word_1_90' title='bbox 118 1477 354 1538; x_wconf 73' lang='grc' dir='ltr'>παντός.</span> <span class='ocrx_word' id='word_1_91' title='bbox 404 1475 462 1528; x_wconf 90' lang='lat'><strong>&#39;0</strong></span> <span class='ocrx_word' id='word_1_92' title='bbox 495 1475 739 1546; x_wconf 81' lang='grc' dir='ltr'>θεόφρων</span> <span class='ocrx_word' id='word_1_93' title='bbox 785 1473 971 1526; x_wconf 80' lang='grc' dir='ltr'>οὑτοσί</span> <span class='ocrx_word' id='word_1_94' title='bbox 1004 1473 1101 1524; x_wconf 74' lang='grc' dir='ltr'>καὶ</span> <span class='ocrx_word' id='word_1_95' title='bbox 1141 1471 1398 1540; x_wconf 85' lang='grc' dir='ltr'>θεόσοφος</span> <span class='ocrx_word' id='word_1_96' title='bbox 1425 1469 1582 1540; x_wconf 84' lang='grc' dir='ltr'>ἡμῶν</span> <span class='ocrx_word' id='word_1_97' title='bbox 1610 1469 1712 1522; x_wconf 77' lang='grc' dir='ltr'>αύ-</span> 
     </span>
    </p>
   </div>
   <div class='ocr_carea' id='block_1_16' title="bbox 118 1563 1712 1637">
    <p class='ocr_par' dir='ltr' id='par_1_16' title="bbox 118 1563 1712 1637">
     <span class='ocr_line' id='line_1_16' title="bbox 118 1563 1712 1637; baseline -0.006 -17"><span class='ocrx_word' id='word_1_98' title='bbox 118 1568 420 1637; x_wconf 81' lang='grc' dir='ltr'>τοκράτωρ</span> <span class='ocrx_word' id='word_1_99' title='bbox 465 1565 738 1635; x_wconf 76' lang='grc' dir='ltr'>ἐγγυητὴς</span> <span class='ocrx_word' id='word_1_100' title='bbox 773 1565 1090 1634; x_wconf 76' lang='grc' dir='ltr'>ἀξιόχρεως,</span> <span class='ocrx_word' id='word_1_101' title='bbox 1130 1564 1313 1629; x_wconf 81' lang='grc' dir='ltr'>Ὥστε,</span> <span class='ocrx_word' id='word_1_102' title='bbox 1361 1563 1454 1614; x_wconf 76' lang='grc' dir='ltr'><strong>καὶ</strong></span> <span class='ocrx_word' id='word_1_103' title='bbox 1484 1563 1535 1614; x_wconf 74' lang='lat' dir='ltr'><strong>si</strong></span> <span class='ocrx_word' id='word_1_104' title='bbox 1566 1576 1712 1623; x_wconf 88' lang='grc' dir='ltr'>τινες</span> 
     </span>
    </p>
   </div>
   <div class='ocr_carea' id='block_1_17' title="bbox 117 1651 1711 1715">
    <p class='ocr_par' dir='ltr' id='par_1_17' title="bbox 117 1651 1711 1715">
     <span class='ocr_line' id='line_1_17' title="bbox 117 1651 1711 1715; baseline -0.007 -2"><span class='ocrx_word' id='word_1_105' title='bbox 117 1659 244 1713; x_wconf 84' lang='grc' dir='ltr'><strong>τῶν</strong></span> <span class='ocrx_word' id='word_1_106' title='bbox 276 1657 492 1710; x_wconf 84' lang='grc' dir='ltr'>πάντων</span> <span class='ocrx_word' id='word_1_107' title='bbox 525 1656 647 1708; x_wconf 79' lang='grc' dir='ltr'>ὲστὲ</span> <span class='ocrx_word' id='word_1_108' title='bbox 693 1656 932 1708; x_wconf 78' lang='grc' dir='ltr'>τοιοῦτόν</span> <span class='ocrx_word' id='word_1_109' title='bbox 971 1671 1022 1707; x_wconf 91' lang='grc' dir='ltr'><strong>τι</strong></span> <span class='ocrx_word' id='word_1_110' title='bbox 1063 1653 1244 1715; x_wconf 83' lang='grc' dir='ltr'>κακῶς</span> <span class='ocrx_word' id='word_1_111' title='bbox 1290 1651 1711 1715; x_wconf 84' lang='grc' dir='ltr'>ὑποπτεύοντες,</span> 
     </span>
    </p>
   </div>
   <div class='ocr_carea' id='block_1_18' title="bbox 123 1740 1712 1818">
    <p class='ocr_par' dir='ltr' id='par_1_18' title="bbox 123 1740 1712 1818">
     <span class='ocr_line' id='line_1_18' title="bbox 123 1740 1712 1818; baseline -0.008 -15"><span class='ocrx_word' id='word_1_112' title='bbox 123 1751 336 1803; x_wconf 90' lang='grc' dir='ltr'>τούτων</span> <span class='ocrx_word' id='word_1_113' title='bbox 392 1748 799 1818; x_wconf 76' lang='grc' dir='ltr'>ἀκροασάμενοι</span> <span class='ocrx_word' id='word_1_114' title='bbox 849 1746 909 1798; x_wconf 83' lang='grc' dir='ltr'><strong>τὸ</strong></span> <span class='ocrx_word' id='word_1_115' title='bbox 951 1745 1126 1814; x_wconf 79' lang='grc' dir='ltr'>παρὸν</span> <span class='ocrx_word' id='word_1_116' title='bbox 1161 1741 1504 1812; x_wconf 83' lang='grc' dir='ltr'>μεταμάθετε</span> <span class='ocrx_word' id='word_1_117' title='bbox 1531 1740 1712 1801; x_wconf 84' lang='grc' dir='ltr'>καλῶς</span> 
     </span>
    </p>
   </div>
   <div class='ocr_carea' id='block_1_19' title="bbox 128 1828 1710 1911">
    <p class='ocr_par' dir='ltr' id='par_1_19' title="bbox 128 1828 1710 1911">
     <span class='ocr_line' id='line_1_19' title="bbox 128 1828 1710 1911; baseline -0.008 -17"><span class='ocrx_word' id='word_1_118' title='bbox 128 1828 232 1911; x_wconf 67' lang='grc' dir='ltr'>τὴῦ</span> <span class='ocrx_word' id='word_1_119' title='bbox 259 1839 537 1910; x_wconf 75' lang='grc' dir='ltr'>ἀλήθειαν.</span> <span class='ocrx_word' id='word_1_120' title='bbox 581 1837 860 1890; x_wconf 80' lang='grc' dir='ltr'>Ἐντεῦθεν</span> <span class='ocrx_word' id='word_1_121' title='bbox 891 1835 984 1888; x_wconf 76' lang='grc' dir='ltr'>καὶ</span> <span class='ocrx_word' id='word_1_122' title='bbox 1035 1836 1134 1904; x_wconf 78' lang='grc' dir='ltr'>τὴν</span> <span class='ocrx_word' id='word_1_123' title='bbox 1165 1835 1450 1886; x_wconf 72' lang='grc' dir='ltr'>διάστασιν</span> <span class='ocrx_word' id='word_1_124' title='bbox 1502 1831 1710 1884; x_wconf 74' lang='grc' dir='ltr'>ἀποϐα-</span> 
     </span>
    </p>
   </div>
   <div class='ocr_carea' id='block_1_20' title="bbox 125 1922 1712 2000">
    <p class='ocr_par' dir='ltr' id='par_1_20' title="bbox 125 1922 1712 2000">
     <span class='ocr_line' id='line_1_20' title="bbox 125 1922 1712 2000; baseline -0.006 -16"><span class='ocrx_word' id='word_1_125' title='bbox 125 1933 335 2000; x_wconf 81' lang='grc' dir='ltr'>λόντες,</span> <span class='ocrx_word' id='word_1_126' title='bbox 391 1933 485 1983; x_wconf 74' lang='grc' dir='ltr'><strong>καὶ</strong></span> <span class='ocrx_word' id='word_1_127' title='bbox 542 1929 871 1998; x_wconf 78' lang='grc' dir='ltr'>ἀποθέμενοι</span> <span class='ocrx_word' id='word_1_128' title='bbox 932 1927 992 1978; x_wconf 77' lang='grc' dir='ltr'>τὸ</span> <span class='ocrx_word' id='word_1_129' title='bbox 1053 1927 1331 1994; x_wconf 84' lang='grc' dir='ltr'>διχονοεῖν,</span> <span class='ocrx_word' id='word_1_130' title='bbox 1390 1922 1712 1976; x_wconf 74' lang='grc' dir='ltr'>ἀσπάσασθε</span> 
     </span>
    </p>
   </div>
   <div class='ocr_carea' id='block_1_21' title="bbox 123 2013 1714 2090">
    <p class='ocr_par' dir='ltr' id='par_1_21' title="bbox 123 2013 1714 2090">
     <span class='ocr_line' id='line_1_21' title="bbox 123 2013 1714 2090; baseline -0.008 -14"><span class='ocrx_word' id='word_1_131' title='bbox 123 2022 355 2085; x_wconf 80' lang='grc' dir='ltr'><strong>τελείως</strong></span> <span class='ocrx_word' id='word_1_132' title='bbox 386 2022 485 2089; x_wconf 79' lang='grc' dir='ltr'><strong>τὴν</strong></span> <span class='ocrx_word' id='word_1_133' title='bbox 519 2020 638 2090; x_wconf 81' lang='grc' dir='ltr'>μεθ’</span> <span class='ocrx_word' id='word_1_134' title='bbox 669 2019 824 2089; x_wconf 82' lang='grc' dir='ltr'>ἡμῶν</span> <span class='ocrx_word' id='word_1_135' title='bbox 858 2017 1083 2086; x_wconf 75' lang='grc' dir='ltr'>εἰρήνην</span> <span class='ocrx_word' id='word_1_136' title='bbox 1108 2016 1202 2068; x_wconf 69' lang='grc' dir='ltr'>καὶ</span> <span class='ocrx_word' id='word_1_137' title='bbox 1229 2016 1329 2084; x_wconf 79' lang='grc' dir='ltr'>τὴν</span> <span class='ocrx_word' id='word_1_138' title='bbox 1363 2013 1714 2082; x_wconf 83' lang='grc' dir='ltr'>καταλλαγὴν</span> 
     </span>
    </p>
   </div>
   <div class='ocr_carea' id='block_1_22' title="bbox 124 2105 1718 2183">
    <p class='ocr_par' dir='ltr' id='par_1_22' title="bbox 124 2105 1718 2183">
     <span class='ocr_line' id='line_1_22' title="bbox 124 2105 1718 2183; baseline -0.007 -16"><span class='ocrx_word' id='word_1_139' title='bbox 124 2113 575 2183; x_wconf 71' lang='grc' dir='ltr'>ὲνστερνίσασθε.</span> <span class='ocrx_word' id='word_1_140' title='bbox 610 2113 818 2173; x_wconf 76' lang='grc' dir='ltr'>Πάντες</span> <span class='ocrx_word' id='word_1_141' title='bbox 851 2109 1037 2170; x_wconf 85' lang='grc' dir='ltr'>ἁπλῶς</span> <span class='ocrx_word' id='word_1_142' title='bbox 1063 2110 1112 2160; x_wconf 84' lang='grc' dir='ltr'><strong>οἰ</strong></span> <span class='ocrx_word' id='word_1_143' title='bbox 1159 2107 1439 2169; x_wconf 76' lang='grc' dir='ltr'>τελοῦντες</span> <span class='ocrx_word' id='word_1_144' title='bbox 1477 2107 1570 2158; x_wconf 77' lang='grc' dir='ltr'><strong>τοῦ</strong></span> <span class='ocrx_word' id='word_1_145' title='bbox 1601 2105 1718 2176; x_wconf 85' lang='grc' dir='ltr'>σχί-</span> 
     </span>
    </p>
   </div>
   <div class='ocr_carea' id='block_1_23' title="bbox 128 2196 1718 2272">
    <p class='ocr_par' dir='ltr' id='par_1_23' title="bbox 128 2196 1718 2272">
     <span class='ocr_line' id='line_1_23' title="bbox 128 2196 1718 2272; baseline -0.008 -15"><span class='ocrx_word' id='word_1_146' title='bbox 128 2220 344 2272; x_wconf 54' lang='lat' dir='ltr'><strong>aptato;</strong></span> <span class='ocrx_word' id='word_1_147' title='bbox 371 2204 464 2255; x_wconf 67' lang='grc' dir='ltr'>καὶ</span> <span class='ocrx_word' id='word_1_148' title='bbox 500 2203 598 2272; x_wconf 78' lang='grc' dir='ltr'><strong>τῆς</strong></span> <span class='ocrx_word' id='word_1_149' title='bbox 627 2203 868 2270; x_wconf 74' lang='grc' dir='ltr'>ταραχῆς</span> <span class='ocrx_word' id='word_1_150' title='bbox 898 2200 1058 2269; x_wconf 86' lang='grc' dir='ltr'>μέχρι</span> <span class='ocrx_word' id='word_1_151' title='bbox 1102 2196 1195 2249; x_wconf 83' lang='grc' dir='ltr'>τοῦ</span> <span class='ocrx_word' id='word_1_152' title='bbox 1227 2196 1320 2249; x_wconf 82' lang='grc' dir='ltr'>νῦν</span> <span class='ocrx_word' id='word_1_153' title='bbox 1351 2196 1591 2263; x_wconf 82' lang='grc' dir='ltr'>γαλήνης</span> <span class='ocrx_word' id='word_1_154' title='bbox 1621 2196 1718 2256; x_wconf 69' lang='grc' dir='ltr'>τὰς</span> 
     </span>
    </p>
   </div>
   <div class='ocr_carea' id='block_1_24' title="bbox 125 2287 1715 2364">
    <p class='ocr_par' dir='ltr' id='par_1_24' title="bbox 125 2287 1715 2364">
     <span class='ocr_line' id='line_1_24' title="bbox 125 2287 1715 2364; baseline -0.004 -18"><span class='ocrx_word' id='word_1_155' title='bbox 125 2296 316 2364; x_wconf 61' lang='grc' dir='ltr'>ψυχὰς</span> <span class='ocrx_word' id='word_1_156' title='bbox 346 2293 724 2362; x_wconf 79' lang='grc' dir='ltr'>πληρωθέντες</span> <span class='ocrx_word' id='word_1_157' title='bbox 762 2293 893 2362; x_wconf 72' lang='grc' dir='ltr'>ἡμῖν</span> <span class='ocrx_word' id='word_1_158' title='bbox 928 2293 988 2343; x_wconf 75' lang='grc' dir='ltr'><strong>τὸ</strong></span> <span class='ocrx_word' id='word_1_159' title='bbox 1038 2289 1147 2344; x_wconf 79' lang='grc' dir='ltr'><strong>ἀπὸ</strong></span> <span class='ocrx_word' id='word_1_160' title='bbox 1185 2290 1340 2342; x_wconf 76' lang='grc' dir='ltr'>τοῦδε</span> <span class='ocrx_word' id='word_1_161' title='bbox 1389 2287 1715 2356; x_wconf 67' lang='grc' dir='ltr'>συνάφθητε.</span> 
     </span>
    </p>
   </div>
   <div class='ocr_carea' id='block_1_25' title="bbox 130 2378 1717 2458">
    <p class='ocr_par' dir='ltr' id='par_1_25' title="bbox 130 2378 1717 2458">
     <span class='ocr_line' id='line_1_25' title="bbox 130 2378 1717 2458; baseline -0.008 -17"><span class='ocrx_word' id='word_1_162' title='bbox 130 2387 228 2458; x_wconf 74' lang='grc' dir='ltr'><strong>Μὴ</strong></span> <span class='ocrx_word' id='word_1_163' title='bbox 253 2387 353 2455; x_wconf 81' lang='grc' dir='ltr'>τὴν</span> <span class='ocrx_word' id='word_1_164' title='bbox 384 2387 462 2448; x_wconf 90' lang='grc' dir='ltr'><strong>εἰς</strong></span> <span class='ocrx_word' id='word_1_165' title='bbox 514 2387 760 2456; x_wconf 84' lang='grc' dir='ltr'>κρεῖττον</span> <span class='ocrx_word' id='word_1_166' title='bbox 798 2383 977 2445; x_wconf 85' lang='grc' dir='ltr'>ποσῶς</span> <span class='ocrx_word' id='word_1_167' title='bbox 1014 2381 1340 2452; x_wconf 77' lang='grc' dir='ltr'>αἰσχυνθῆτε</span> <span class='ocrx_word' id='word_1_168' title='bbox 1398 2378 1717 2450; x_wconf 77' lang='grc' dir='ltr'>μεταϐολὴν,</span> 
     </span>
    </p>
   </div>
   <div class='ocr_carea' id='block_1_26' title="bbox 136 2473 1721 2550">
    <p class='ocr_par' dir='ltr' id='par_1_26' title="bbox 136 2473 1721 2550">
     <span class='ocr_line' id='line_1_26' title="bbox 136 2473 1721 2550; baseline -0.005 -20"><span class='ocrx_word' id='word_1_169' title='bbox 136 2477 284 2550; x_wconf 81' lang='grc' dir='ltr'>μηδὲ</span> <span class='ocrx_word' id='word_1_170' title='bbox 315 2478 412 2547; x_wconf 81' lang='grc' dir='ltr'>τὴν</span> <span class='ocrx_word' id='word_1_171' title='bbox 459 2478 540 2538; x_wconf 83' lang='grc' dir='ltr'><strong>εἰς</strong></span> <span class='ocrx_word' id='word_1_172' title='bbox 573 2477 634 2529; x_wconf 86' lang='grc' dir='ltr'>τδ</span> <span class='ocrx_word' id='word_1_173' title='bbox 678 2476 887 2546; x_wconf 75' lang='grc' dir='ltr'>βέλτιον</span> <span class='ocrx_word' id='word_1_174' title='bbox 936 2474 1238 2543; x_wconf 77' lang='grc' dir='ltr'>ὲντραπῆτε</span> <span class='ocrx_word' id='word_1_175' title='bbox 1292 2473 1604 2542; x_wconf 79' lang='grc' dir='ltr'>μετάθεσιν.</span> <span class='ocrx_word' id='word_1_176' title='bbox 1649 2473 1721 2524; x_wconf 78' lang='grc' dir='ltr'>Τὸ</span> 
     </span>
    </p>
   </div>
   <div class='ocr_carea' id='block_1_27' title="bbox 134 2566 1721 2640">
    <p class='ocr_par' dir='ltr' id='par_1_27' title="bbox 134 2566 1721 2640">
     <span class='ocr_line' id='line_1_27' title="bbox 134 2566 1721 2640; baseline -0.004 -16"><span class='ocrx_word' id='word_1_177' title='bbox 134 2571 201 2625; x_wconf 72' lang='grc' dir='ltr'>ιν</span> <span class='ocrx_word' id='word_1_178' title='bbox 233 2570 500 2640; x_wconf 79' lang='grc' dir='ltr'>γενήθητε</span> <span class='ocrx_word' id='word_1_179' title='bbox 534 2568 628 2622; x_wconf 77' lang='grc' dir='ltr'><strong>καὶ</strong></span> <span class='ocrx_word' id='word_1_180' title='bbox 658 2570 791 2640; x_wconf 87' lang='grc' dir='ltr'>πρὸς</span> <span class='ocrx_word' id='word_1_181' title='bbox 820 2567 1078 2637; x_wconf 81' lang='grc' dir='ltr'>ἀλλήλους</span> <span class='ocrx_word' id='word_1_182' title='bbox 1107 2569 1202 2620; x_wconf 71' lang='grc' dir='ltr'><strong>καὶ</strong></span> <span class='ocrx_word' id='word_1_183' title='bbox 1233 2566 1368 2633; x_wconf 86' lang='grc' dir='ltr'>πρὸς</span> <span class='ocrx_word' id='word_1_184' title='bbox 1399 2567 1568 2634; x_wconf 79' lang='grc' dir='ltr'>ἡμᾶς,</span> <span class='ocrx_word' id='word_1_185' title='bbox 1601 2566 1721 2618; x_wconf 69' lang='grc' dir='ltr'>ἐπεὶ</span> 
     </span>
    </p>
   </div>
   <div class='ocr_carea' id='block_1_28' title="bbox 133 2656 1720 2731">
    <p class='ocr_par' dir='ltr' id='par_1_28' title="bbox 133 2656 1720 2731">
     <span class='ocr_line' id='line_1_28' title="bbox 133 2656 1720 2731; baseline -0.004 -15"><span class='ocrx_word' id='word_1_186' title='bbox 133 2663 408 2731; x_wconf 73' lang='grc' dir='ltr'>διαφοράν</span> <span class='ocrx_word' id='word_1_187' title='bbox 446 2677 566 2714; x_wconf 90' lang='grc' dir='ltr'>τινα</span> <span class='ocrx_word' id='word_1_188' title='bbox 617 2661 710 2713; x_wconf 72' lang='grc' dir='ltr'><strong>καὶ</strong></span> <span class='ocrx_word' id='word_1_189' title='bbox 742 2661 872 2729; x_wconf 84' lang='grc' dir='ltr'>παρ’</span> <span class='ocrx_word' id='word_1_190' title='bbox 907 2660 1036 2728; x_wconf 87' lang='grc' dir='ltr'>ὑμῖν</span> <span class='ocrx_word' id='word_1_191' title='bbox 1081 2659 1349 2729; x_wconf 77' lang='grc' dir='ltr'>ἔγνωμεν.</span> <span class='ocrx_word' id='word_1_192' title='bbox 1400 2656 1572 2712; x_wconf 80' lang='grc' dir='ltr'>Τοῦτο</span> <span class='ocrx_word' id='word_1_193' title='bbox 1605 2659 1720 2724; x_wconf 81' lang='grc' dir='ltr'>νῦν,</span> 
     </span>
    </p>
   </div>
   <div class='ocr_carea' id='block_1_29' title="bbox 133 2748 1723 2821">
    <p class='ocr_par' dir='ltr' id='par_1_29' title="bbox 133 2748 1723 2821">
     <span class='ocr_line' id='line_1_29' title="bbox 133 2748 1723 2821; baseline 0.011 -18"><span class='ocrx_word' id='word_1_194' title='bbox 133 2755 243 2821; x_wconf 78' lang='grc' dir='ltr'>τὴν</span> <span class='ocrx_word' id='word_1_195' title='bbox 291 2753 515 2821; x_wconf 80' lang='grc' dir='ltr'>εἰρήνην</span> <span class='ocrx_word' id='word_1_196' title='bbox 565 2751 730 2820; x_wconf 73' lang='grc' dir='ltr'>φημὶ,</span> <span class='ocrx_word' id='word_1_197' title='bbox 781 2753 1238 2820; x_wconf 82' lang='grc' dir='ltr'>καρποφορήσατε</span> <span class='ocrx_word' id='word_1_198' title='bbox 1287 2748 1366 2818; x_wconf 76' lang='grc' dir='ltr'><strong>τῷ</strong></span> <span class='ocrx_word' id='word_1_199' title='bbox 1421 2750 1723 2820; x_wconf 71' lang='grc' dir='ltr'>εἰρηνάρχῐι</span> 
     </span>
    </p>
   </div>
   <div class='ocr_carea' id='block_1_30' title="bbox 136 2840 1722 2914">
    <p class='ocr_par' dir='ltr' id='par_1_30' title="bbox 136 2840 1722 2914">
     <span class='ocr_line' id='line_1_30' title="bbox 136 2840 1722 2914; baseline -0.003 -14"><span class='ocrx_word' id='word_1_200' title='bbox 136 2845 387 2914; x_wconf 80' lang='grc' dir='ltr'>Χριστῷ,</span> <span class='ocrx_word' id='word_1_201' title='bbox 417 2843 493 2912; x_wconf 79' lang='grc' dir='ltr'><strong>τῷ</strong></span> <span class='ocrx_word' id='word_1_202' title='bbox 522 2841 590 2894; x_wconf 87' lang='grc' dir='ltr'><strong>δι’</strong></span> <span class='ocrx_word' id='word_1_203' title='bbox 628 2841 939 2910; x_wconf 83' lang='grc' dir='ltr'>ἀγαθότητα</span> <span class='ocrx_word' id='word_1_204' title='bbox 970 2841 1134 2894; x_wconf 84' lang='grc' dir='ltr'>πάλαι</span> <span class='ocrx_word' id='word_1_205' title='bbox 1172 2840 1468 2909; x_wconf 70' lang='grc' dir='ltr'>συνάψαντι</span> <span class='ocrx_word' id='word_1_206' title='bbox 1515 2843 1583 2894; x_wconf 79' lang='grc' dir='ltr'>τὰ</span> <span class='ocrx_word' id='word_1_207' title='bbox 1613 2843 1722 2895; x_wconf 85' lang='grc' dir='ltr'>διε-</span> 
     </span>
    </p>
   </div>
   <div class='ocr_carea' id='block_1_31' title="bbox 139 2932 1725 3005">
    <p class='ocr_par' dir='ltr' id='par_1_31' title="bbox 139 2932 1725 3005">
     <span class='ocr_line' id='line_1_31' title="bbox 139 2932 1725 3005; baseline -0.002 -15"><span class='ocrx_word' id='word_1_208' title='bbox 139 2937 330 2990; x_wconf 88' lang='grc' dir='ltr'>στῶτα</span> <span class='ocrx_word' id='word_1_209' title='bbox 378 2935 514 3005; x_wconf 79' lang='grc' dir='ltr'>πρὸς</span> <span class='ocrx_word' id='word_1_210' title='bbox 553 2935 770 2986; x_wconf 74' lang='grc' dir='ltr'>ἕνωσιν.</span> <span class='ocrx_word' id='word_1_211' title='bbox 806 2934 919 3002; x_wconf 83' lang='grc' dir='ltr'><strong>Οὐχ</strong></span> <span class='ocrx_word' id='word_1_212' title='bbox 970 2932 1141 2996; x_wconf 77' lang='grc' dir='ltr'>οὕτως</span> <span class='ocrx_word' id='word_1_213' title='bbox 1195 2933 1362 2985; x_wconf 81' lang='grc' dir='ltr'>αὑτὸν</span> <span class='ocrx_word' id='word_1_214' title='bbox 1419 2933 1725 3004; x_wconf 73' lang='grc' dir='ltr'>θεραπέῦόν</span> 
     </span>
    </p>
   </div>
   <div class='ocr_carea' id='block_1_32' title="bbox 137 3022 1726 3094">
    <p class='ocr_par' dir='ltr' id='par_1_32' title="bbox 137 3022 1726 3094">
     <span class='ocr_line' id='line_1_32' title="bbox 137 3022 1726 3094; baseline -0.001 -16"><span class='ocrx_word' id='word_1_215' title='bbox 137 3029 264 3078; x_wconf 74' lang='grc' dir='ltr'>ἐστι</span> <span class='ocrx_word' id='word_1_216' title='bbox 310 3023 418 3077; x_wconf 88' lang='grc' dir='ltr'><strong>τῶν</strong></span> <span class='ocrx_word' id='word_1_217' title='bbox 456 3024 676 3077; x_wconf 83' lang='grc' dir='ltr'>πάντων</span> <span class='ocrx_word' id='word_1_218' title='bbox 722 3022 899 3086; x_wconf 69' lang='grc' dir='ltr'>οὐδὲν,</span> <span class='ocrx_word' id='word_1_219' title='bbox 928 3023 1003 3084; x_wconf 84' lang='grc' dir='ltr'>ὡς</span> <span class='ocrx_word' id='word_1_220' title='bbox 1033 3022 1091 3073; x_wconf 78' lang='grc' dir='ltr'>τὸ</span> <span class='ocrx_word' id='word_1_221' title='bbox 1135 3024 1252 3089; x_wconf 82' lang='grc' dir='ltr'>μετ’</span> <span class='ocrx_word' id='word_1_222' title='bbox 1292 3022 1539 3091; x_wconf 82' lang='grc' dir='ltr'>ἀλλήλων</span> <span class='ocrx_word' id='word_1_223' title='bbox 1577 3025 1726 3094; x_wconf 74' lang='grc' dir='ltr'>ἡμᾶς</span> 
     </span>
    </p>
   </div>
   <div class='ocr_carea' id='block_1_33' title="bbox 137 3113 1726 3188">
    <p class='ocr_par' dir='ltr' id='par_1_33' title="bbox 137 3113 1726 3188">
     <span class='ocr_line' id='line_1_33' title="bbox 137 3113 1726 3188; baseline -0.003 -17"><span class='ocrx_word' id='word_1_224' title='bbox 137 3116 446 3188; x_wconf 69' lang='grc' dir='ltr'>εἰρηνεύειν</span> <span class='ocrx_word' id='word_1_225' title='bbox 498 3115 780 3170; x_wconf 76' lang='grc' dir='ltr'>ἑκάστοτε.</span> <span class='ocrx_word' id='word_1_226' title='bbox 829 3113 1048 3185; x_wconf 83' lang='grc' dir='ltr'>Ταύτην</span> <span class='ocrx_word' id='word_1_227' title='bbox 1084 3115 1178 3167; x_wconf 75' lang='grc' dir='ltr'><strong>καὶ</strong></span> <span class='ocrx_word' id='word_1_228' title='bbox 1219 3115 1548 3185; x_wconf 85' lang='grc' dir='ltr'>σωματικῶς</span> <span class='ocrx_word' id='word_1_229' title='bbox 1600 3132 1726 3168; x_wconf 90' lang='grc' dir='ltr'>συν-</span> 
     </span>
    </p>
   </div>
   <div class='ocr_carea' id='block_1_34' title="bbox 1815 642 3392 712">
    <p class='ocr_par' dir='ltr' id='par_1_34' title="bbox 1815 642 3392 712">
     <span class='ocr_line' id='line_1_34' title="bbox 1815 642 3392 712; baseline -0.002 -14"><span class='ocrx_word' id='word_1_230' title='bbox 1815 653 1999 700; x_wconf 86' lang='lat' dir='ltr'><strong>tamen</strong></span> <span class='ocrx_word' id='word_1_231' title='bbox 2054 645 2110 697; x_wconf 86' lang='lat' dir='ltr'><strong>in</strong></span> <span class='ocrx_word' id='word_1_232' title='bbox 2161 643 2358 711; x_wconf 64' lang='lat' dir='ltr'><strong>saepius</strong></span> <span class='ocrx_word' id='word_1_233' title='bbox 2403 657 2432 696; x_wconf 89' lang='lat' dir='ltr'><strong>a</strong></span> <span class='ocrx_word' id='word_1_234' title='bbox 2483 657 2567 694; x_wconf 87' lang='lat' dir='ltr'><strong>me</strong></span> <span class='ocrx_word' id='word_1_235' title='bbox 2606 651 3041 695; x_wconf 79' lang='lat' dir='ltr'><strong>commemorato</strong></span> <span class='ocrx_word' id='word_1_236' title='bbox 3076 642 3199 696; x_wconf 80' lang='grc' dir='ltr'>[ἰ.ἰεί</span> <span class='ocrx_word' id='word_1_237' title='bbox 3232 643 3392 712; x_wconf 58' lang='lat' dir='ltr'><strong>Symo</strong></span> 
     </span>
    </p>
   </div>
   <div class='ocr_carea' id='block_1_35' title="bbox 1812 734 3390 804">
    <p class='ocr_par' dir='ltr' id='par_1_35' title="bbox 1812 734 3390 804">
     <span class='ocr_line' id='line_1_35' title="bbox 1812 734 3390 804; baseline -0.001 -15"><span class='ocrx_word' id='word_1_238' title='bbox 1812 735 1938 790; x_wconf 86' lang='lat' dir='ltr'><strong>bolo</strong></span> <span class='ocrx_word' id='word_1_239' title='bbox 1970 735 2374 804; x_wconf 86' lang='lat' dir='ltr'><strong>apponendum,</strong></span> <span class='ocrx_word' id='word_1_240' title='bbox 2401 748 2525 788; x_wconf 89' lang='lat' dir='ltr'><strong>cum</strong></span> <span class='ocrx_word' id='word_1_241' title='bbox 2557 747 2683 802; x_wconf 91' lang='lat' dir='ltr'><strong>pars</strong></span> <span class='ocrx_word' id='word_1_242' title='bbox 2709 742 3026 787; x_wconf 83' lang='lat' dir='ltr'><strong>sanctorum</strong></span> <span class='ocrx_word' id='word_1_243' title='bbox 3062 734 3261 802; x_wconf 86' lang='lat' dir='ltr'><strong>potior,</strong></span> <span class='ocrx_word' id='word_1_244' title='bbox 3295 736 3390 802; x_wconf 85' lang='lat' dir='ltr'><strong>qui</strong></span> 
     </span>
    </p>
   </div>
   <div class='ocr_carea' id='block_1_36' title="bbox 1814 822 3389 894">
    <p class='ocr_par' dir='ltr' id='par_1_36' title="bbox 1814 822 3389 894">
     <span class='ocr_line' id='line_1_36' title="bbox 1814 822 3389 894; baseline -0.003 -14"><span class='ocrx_word' id='word_1_245' title='bbox 1814 822 2187 881; x_wconf 85' lang='lat' dir='ltr'><strong>venerandum</strong></span> <span class='ocrx_word' id='word_1_246' title='bbox 2227 827 2330 878; x_wconf 88' lang='lat' dir='ltr'><strong>hoc</strong></span> <span class='ocrx_word' id='word_1_247' title='bbox 2353 824 2546 893; x_wconf 75' lang='lat' dir='ltr'><strong>dogma</strong></span> <span class='ocrx_word' id='word_1_248' title='bbox 2579 824 3032 892; x_wconf 85' lang='lat' dir='ltr'><strong>pronuntiarunt,</strong></span> <span class='ocrx_word' id='word_1_249' title='bbox 3065 825 3389 894; x_wconf 78' lang='lat' dir='ltr'><strong>Symbolum</strong></span> 
     </span>
    </p>
   </div>
   <div class='ocr_carea' id='block_1_37' title="bbox 1816 920 3392 983">
    <p class='ocr_par' dir='ltr' id='par_1_37' title="bbox 1816 920 3392 983">
     <span class='ocr_line' id='line_1_37' title="bbox 1816 920 3392 983; baseline -0.004 -7"><span class='ocrx_word' id='word_1_250' title='bbox 1816 931 1875 976; x_wconf 88' lang='lat' dir='ltr'><strong>ut</strong></span> <span class='ocrx_word' id='word_1_251' title='bbox 1911 922 1978 975; x_wconf 82' lang='lat' dir='ltr'><strong>ab</strong></span> <span class='ocrx_word' id='word_1_252' title='bbox 2011 921 2169 975; x_wconf 84' lang='lat' dir='ltr'><strong>initio</strong></span> <span class='ocrx_word' id='word_1_253' title='bbox 2195 920 2584 975; x_wconf 84' lang='lat' dir='ltr'><strong>concinnatum</strong></span> <span class='ocrx_word' id='word_1_254' title='bbox 2619 927 2726 982; x_wconf 89' lang='lat' dir='ltr'><strong>est,</strong></span> <span class='ocrx_word' id='word_1_255' title='bbox 2775 928 2828 974; x_wconf 91' lang='lat' dir='ltr'><strong>et</strong></span> <span class='ocrx_word' id='word_1_256' title='bbox 2878 935 3026 974; x_wconf 91' lang='lat' dir='ltr'><strong>nunc</strong></span> <span class='ocrx_word' id='word_1_257' title='bbox 3060 935 3256 974; x_wconf 86' lang='lat' dir='ltr'><strong>rursus</strong></span> <span class='ocrx_word' id='word_1_258' title='bbox 3288 929 3392 983; x_wconf 81' lang='lat' dir='ltr'><strong>est,</strong></span> 
     </span>
    </p>
   </div>
   <div class='ocr_carea' id='block_1_38' title="bbox 1812 1012 3384 1082">
    <p class='ocr_par' dir='ltr' id='par_1_38' title="bbox 1812 1012 3384 1082">
     <span class='ocr_line' id='line_1_38' title="bbox 1812 1012 3384 1082; baseline 0 -16"><span class='ocrx_word' id='word_1_259' title='bbox 1812 1013 2150 1078; x_wconf 91' lang='lat' dir='ltr'><strong>recitarunt;</strong></span> <span class='ocrx_word' id='word_1_260' title='bbox 2198 1012 2332 1066; x_wconf 81' lang='lat' dir='ltr'><strong>nihil</strong></span> <span class='ocrx_word' id='word_1_261' title='bbox 2382 1012 2458 1064; x_wconf 88' lang='lat' dir='ltr'><strong>illi</strong></span> <span class='ocrx_word' id='word_1_262' title='bbox 2497 1012 2639 1066; x_wconf 90' lang='lat' dir='ltr'><strong>ultra</strong></span> <span class='ocrx_word' id='word_1_263' title='bbox 2693 1014 2978 1078; x_wconf 77' lang='lat' dir='ltr'><strong>addentes,</strong></span> <span class='ocrx_word' id='word_1_264' title='bbox 3032 1029 3209 1082; x_wconf 91' lang='lat' dir='ltr'><strong>neque</strong></span> <span class='ocrx_word' id='word_1_265' title='bbox 3265 1014 3384 1066; x_wconf 92' lang='lat' dir='ltr'><strong>vico</strong></span> 
     </span>
    </p>
   </div>
   <div class='ocr_carea' id='block_1_39' title="bbox 1816 1103 3394 1173">
    <p class='ocr_par' dir='ltr' id='par_1_39' title="bbox 1816 1103 3394 1173">
     <span class='ocr_line' id='line_1_39' title="bbox 1816 1103 3394 1173; baseline 0.001 -15"><span class='ocrx_word' id='word_1_266' title='bbox 1816 1118 1974 1158; x_wconf 81' lang='lat' dir='ltr'><strong>versa</strong></span> <span class='ocrx_word' id='word_1_267' title='bbox 2022 1105 2318 1173; x_wconf 81' lang='lat' dir='ltr'><strong>quidquam</strong></span> <span class='ocrx_word' id='word_1_268' title='bbox 2370 1105 2675 1159; x_wconf 87' lang='lat' dir='ltr'><strong>dementes.</strong></span> <span class='ocrx_word' id='word_1_269' title='bbox 2721 1103 2838 1158; x_wconf 78' lang='lat' dir='ltr'><strong>Hoc</strong></span> <span class='ocrx_word' id='word_1_270' title='bbox 2893 1106 3057 1158; x_wconf 86' lang='lat' dir='ltr'><strong>etiam</strong></span> <span class='ocrx_word' id='word_1_271' title='bbox 3107 1121 3208 1158; x_wconf 87' lang='lat' dir='ltr'><strong>nos</strong></span> <span class='ocrx_word' id='word_1_272' title='bbox 3249 1109 3394 1160; x_wconf 80' lang='lat' dir='ltr'><strong>nulla</strong></span> 
     </span>
    </p>
   </div>
   <div class='ocr_carea' id='block_1_40' title="bbox 1818 1196 3391 1261">
    <p class='ocr_par' dir='ltr' id='par_1_40' title="bbox 1818 1196 3391 1261">
     <span class='ocr_line' id='line_1_40' title="bbox 1818 1196 3391 1261; baseline 0.001 -13"><span class='ocrx_word' id='word_1_273' title='bbox 1818 1196 2016 1250; x_wconf 80' lang='lat' dir='ltr'><strong>vocula</strong></span> <span class='ocrx_word' id='word_1_274' title='bbox 2053 1197 2396 1249; x_wconf 89' lang='lat' dir='ltr'><strong>immutatum</strong></span> <span class='ocrx_word' id='word_1_275' title='bbox 2438 1211 2852 1261; x_wconf 87' lang='lat' dir='ltr'><strong>conservamus,</strong></span> <span class='ocrx_word' id='word_1_276' title='bbox 2890 1205 2966 1259; x_wconf 91' lang='lat' dir='ltr'><strong>et,</strong></span> <span class='ocrx_word' id='word_1_277' title='bbox 3005 1206 3063 1250; x_wconf 91' lang='lat' dir='ltr'><strong>ut</strong></span> <span class='ocrx_word' id='word_1_278' title='bbox 3095 1197 3170 1250; x_wconf 89' lang='lat' dir='ltr'><strong>illi</strong></span> <span class='ocrx_word' id='word_1_279' title='bbox 3202 1199 3391 1251; x_wconf 84' lang='lat' dir='ltr'><strong>edide-</strong></span> 
     </span>
    </p>
   </div>
   <div class='ocr_carea' id='block_1_41' title="bbox 1813 1289 3394 1357">
    <p class='ocr_par' dir='ltr' id='par_1_41' title="bbox 1813 1289 3394 1357">
     <span class='ocr_line' id='line_1_41' title="bbox 1813 1289 3394 1357; baseline 0.001 -16"><span class='ocrx_word' id='word_1_280' title='bbox 1813 1296 1962 1352; x_wconf 87' lang='lat' dir='ltr'><strong>runt,</strong></span> <span class='ocrx_word' id='word_1_281' title='bbox 1985 1298 2250 1357; x_wconf 89' lang='lat' dir='ltr'><strong>perpetuo</strong></span> <span class='ocrx_word' id='word_1_282' title='bbox 2284 1289 2759 1343; x_wconf 85' lang='lat' dir='ltr'><strong>conservabimus.</strong></span> <span class='ocrx_word' id='word_1_283' title='bbox 2794 1289 2984 1342; x_wconf 83' lang='lat' dir='ltr'><strong>Divina</strong></span> <span class='ocrx_word' id='word_1_284' title='bbox 3037 1299 3216 1342; x_wconf 89' lang='lat' dir='ltr'><strong>mente</strong></span> <span class='ocrx_word' id='word_1_285' title='bbox 3255 1305 3394 1357; x_wconf 70' lang='lat' dir='ltr'><strong>prx-</strong></span> 
     </span>
    </p>
   </div>
   <div class='ocr_carea' id='block_1_42' title="bbox 1817 1378 3394 1448">
    <p class='ocr_par' dir='ltr' id='par_1_42' title="bbox 1817 1378 3394 1448">
     <span class='ocr_line' id='line_1_42' title="bbox 1817 1378 3394 1448; baseline 0 -16"><span class='ocrx_word' id='word_1_286' title='bbox 1817 1378 1963 1432; x_wconf 88' lang='lat' dir='ltr'><strong>ditus</strong></span> <span class='ocrx_word' id='word_1_287' title='bbox 2009 1387 2061 1431; x_wconf 92' lang='lat' dir='ltr'><strong>et</strong></span> <span class='ocrx_word' id='word_1_288' title='bbox 2097 1395 2126 1431; x_wconf 92' lang='lat' dir='ltr'><strong>a</strong></span> <span class='ocrx_word' id='word_1_289' title='bbox 2159 1378 2268 1433; x_wconf 89' lang='lat' dir='ltr'><strong>Deo</strong></span> <span class='ocrx_word' id='word_1_290' title='bbox 2291 1380 2518 1433; x_wconf 89' lang='lat' dir='ltr'><strong>edoctus</strong></span> <span class='ocrx_word' id='word_1_291' title='bbox 2553 1380 2645 1434; x_wconf 90' lang='lat' dir='ltr'><strong>hic</strong></span> <span class='ocrx_word' id='word_1_292' title='bbox 2672 1387 2859 1434; x_wconf 87' lang='lat' dir='ltr'><strong>noster</strong></span> <span class='ocrx_word' id='word_1_293' title='bbox 2893 1380 3195 1448; x_wconf 82' lang='lat' dir='ltr'><strong>imperator</strong></span> <span class='ocrx_word' id='word_1_294' title='bbox 3226 1394 3394 1448; x_wconf 87' lang='lat' dir='ltr'><strong>spon-</strong></span> 
     </span>
    </p>
   </div>
   <div class='ocr_carea' id='block_1_43' title="bbox 1816 1469 3394 1538">
    <p class='ocr_par' dir='ltr' id='par_1_43' title="bbox 1816 1469 3394 1538">
     <span class='ocr_line' id='line_1_43' title="bbox 1816 1469 3394 1538; baseline 0.003 -16"><span class='ocrx_word' id='word_1_295' title='bbox 1816 1483 1909 1522; x_wconf 87' lang='lat' dir='ltr'><strong>sor</strong></span> <span class='ocrx_word' id='word_1_296' title='bbox 1953 1469 2196 1536; x_wconf 91' lang='lat' dir='ltr'><strong>locuples</strong></span> <span class='ocrx_word' id='word_1_297' title='bbox 2239 1469 2426 1524; x_wconf 89' lang='lat' dir='ltr'><strong>fuerit.</strong></span> <span class='ocrx_word' id='word_1_298' title='bbox 2463 1470 2646 1538; x_wconf 84' lang='lat' dir='ltr'><strong>Quare</strong></span> <span class='ocrx_word' id='word_1_299' title='bbox 2689 1473 2790 1525; x_wconf 87' lang='lat' dir='ltr'><strong>etsi</strong></span> <span class='ocrx_word' id='word_1_300' title='bbox 2835 1473 3085 1525; x_wconf 90' lang='lat' dir='ltr'><strong>nonnulli</strong></span> <span class='ocrx_word' id='word_1_301' title='bbox 3138 1487 3203 1525; x_wconf 84' lang='lat' dir='ltr'><strong>ex</strong></span> <span class='ocrx_word' id='word_1_302' title='bbox 3236 1473 3394 1526; x_wconf 89' lang='lat' dir='ltr'><strong>vobis</strong></span> 
     </span>
    </p>
   </div>
   <div class='ocr_carea' id='block_1_44' title="bbox 1817 1561 3394 1633">
    <p class='ocr_par' dir='ltr' id='par_1_44' title="bbox 1817 1561 3394 1633">
     <span class='ocr_line' id='line_1_44' title="bbox 1817 1561 3394 1633; baseline 0.002 -17"><span class='ocrx_word' id='word_1_303' title='bbox 1817 1561 2025 1630; x_wconf 82' lang='lat' dir='ltr'><strong>aliquid</strong></span> <span class='ocrx_word' id='word_1_304' title='bbox 2055 1563 2160 1616; x_wconf 82' lang='lat' dir='ltr'><strong>tale</strong></span> <span class='ocrx_word' id='word_1_305' title='bbox 2202 1578 2310 1616; x_wconf 93' lang='lat' dir='ltr'><strong>non</strong></span> <span class='ocrx_word' id='word_1_306' title='bbox 2361 1565 2598 1630; x_wconf 73' lang='lat' dir='ltr'><strong>ingenue</strong></span> <span class='ocrx_word' id='word_1_307' title='bbox 2633 1565 3018 1633; x_wconf 82' lang='lat' dir='ltr'><strong>suspieamini,</strong></span> <span class='ocrx_word' id='word_1_308' title='bbox 3066 1565 3155 1619; x_wconf 88' lang='lat' dir='ltr'><strong>his</strong></span> <span class='ocrx_word' id='word_1_309' title='bbox 3186 1565 3394 1619; x_wconf 83' lang='lat' dir='ltr'><strong>auditis</strong></span> 
     </span>
    </p>
   </div>
   <div class='ocr_carea' id='block_1_45' title="bbox 1816 1654 3397 1711">
    <p class='ocr_par' dir='ltr' id='par_1_45' title="bbox 1816 1654 3397 1711">
     <span class='ocr_line' id='line_1_45' title="bbox 1816 1654 3397 1711; baseline 0 -2"><span class='ocrx_word' id='word_1_310' title='bbox 1816 1663 1964 1709; x_wconf 89' lang='lat' dir='ltr'><strong>recte</strong></span> <span class='ocrx_word' id='word_1_311' title='bbox 2000 1669 2147 1710; x_wconf 90' lang='lat' dir='ltr'><strong>nunc</strong></span> <span class='ocrx_word' id='word_1_312' title='bbox 2184 1656 2468 1709; x_wconf 76' lang='lat' dir='ltr'><strong>veritatem</strong></span> <span class='ocrx_word' id='word_1_313' title='bbox 2511 1656 2792 1710; x_wconf 84' lang='lat' dir='ltr'><strong>addiscite.</strong></span> <span class='ocrx_word' id='word_1_314' title='bbox 2835 1654 2972 1711; x_wconf 86' lang='lat' dir='ltr'><strong>Hinc</strong></span> <span class='ocrx_word' id='word_1_315' title='bbox 3016 1657 3182 1711; x_wconf 90' lang='lat' dir='ltr'><strong>etiam</strong></span> <span class='ocrx_word' id='word_1_316' title='bbox 3233 1657 3397 1711; x_wconf 88' lang='lat' dir='ltr'><strong>dissi-</strong></span> 
     </span>
    </p>
   </div>
   <div class='ocr_carea' id='block_1_46' title="bbox 1817 1745 3397 1802">
    <p class='ocr_par' dir='ltr' id='par_1_46' title="bbox 1817 1745 3397 1802">
     <span class='ocr_line' id='line_1_46' title="bbox 1817 1745 3397 1802; baseline 0.003 -4"><span class='ocrx_word' id='word_1_317' title='bbox 1817 1745 1908 1798; x_wconf 88' lang='lat' dir='ltr'><strong>dio</strong></span> <span class='ocrx_word' id='word_1_318' title='bbox 1971 1759 2035 1796; x_wconf 89' lang='lat' dir='ltr'><strong>ac</strong></span> <span class='ocrx_word' id='word_1_319' title='bbox 2085 1745 2426 1799; x_wconf 53' lang='lat' dir='ltr'><strong>dissensione</strong></span> <span class='ocrx_word' id='word_1_320' title='bbox 2475 1746 2766 1802; x_wconf 80' lang='lat' dir='ltr'><strong>exstinctis</strong></span> <span class='ocrx_word' id='word_1_321' title='bbox 2823 1756 2878 1801; x_wconf 92' lang='lat' dir='ltr'><strong>et</strong></span> <span class='ocrx_word' id='word_1_322' title='bbox 2943 1747 3397 1802; x_wconf 76' lang='lat' dir='ltr'><strong>contentionibus</strong></span> 
     </span>
    </p>
   </div>
   <div class='ocr_carea' id='block_1_47' title="bbox 1821 1832 3398 1907">
    <p class='ocr_par' dir='ltr' id='par_1_47' title="bbox 1821 1832 3398 1907">
     <span class='ocr_line' id='line_1_47' title="bbox 1821 1832 3398 1907; baseline 0.003 -22"><span class='ocrx_word' id='word_1_323' title='bbox 1821 1833 2076 1902; x_wconf 83' lang='lat' dir='ltr'><strong>sepositis</strong></span> <span class='ocrx_word' id='word_1_324' title='bbox 2107 1832 2401 1902; x_wconf 88' lang='lat' dir='ltr'><strong>perfectam</strong></span> <span class='ocrx_word' id='word_1_325' title='bbox 2441 1835 2726 1889; x_wconf 88' lang='lat' dir='ltr'><strong>nobiscum</strong></span> <span class='ocrx_word' id='word_1_326' title='bbox 2759 1851 2948 1906; x_wconf 89' lang='lat' dir='ltr'><strong>pacem</strong></span> <span class='ocrx_word' id='word_1_327' title='bbox 2984 1839 3314 1907; x_wconf 88' lang='lat' dir='ltr'><strong>componite,</strong></span> <span class='ocrx_word' id='word_1_328' title='bbox 3344 1849 3398 1892; x_wconf 86' lang='lat' dir='ltr'><strong>et</strong></span> 
     </span>
    </p>
   </div>
   <div class='ocr_carea' id='block_1_48' title="bbox 1821 1924 3414 2000">
    <p class='ocr_par' dir='ltr' id='par_1_48' title="bbox 1821 1924 3414 2000">
     <span class='ocr_line' id='line_1_48' title="bbox 1821 1924 3414 2000; baseline 0.005 -25"><span class='ocrx_word' id='word_1_329' title='bbox 1821 1924 2168 1977; x_wconf 80' lang='lat' dir='ltr'><strong>concordiam</strong></span> <span class='ocrx_word' id='word_1_330' title='bbox 2207 1924 2385 1978; x_wconf 89' lang='lat' dir='ltr'><strong>amico</strong></span> <span class='ocrx_word' id='word_1_331' title='bbox 2419 1935 2636 1991; x_wconf 83' lang='lat' dir='ltr'><strong>pectore</strong></span> <span class='ocrx_word' id='word_1_332' title='bbox 2679 1929 2963 1996; x_wconf 86' lang='lat' dir='ltr'><strong>suscipite.</strong></span> <span class='ocrx_word' id='word_1_333' title='bbox 2998 1929 3204 1984; x_wconf 87' lang='lat' dir='ltr'><strong>Omnes</strong></span> <span class='ocrx_word' id='word_1_334' title='bbox 3228 1946 3414 2000; x_wconf 63' lang='lat' dir='ltr'><strong>gone--</strong></span> 
     </span>
    </p>
   </div>
   <div class='ocr_carea' id='block_1_49' title="bbox 1820 2014 3396 2090">
    <p class='ocr_par' dir='ltr' id='par_1_49' title="bbox 1820 2014 3396 2090">
     <span class='ocr_line' id='line_1_49' title="bbox 1820 2014 3396 2090; baseline 0.004 -22"><span class='ocrx_word' id='word_1_335' title='bbox 1820 2015 2008 2068; x_wconf 90' lang='lat' dir='ltr'><strong>raliter</strong></span> <span class='ocrx_word' id='word_1_336' title='bbox 2053 2014 2338 2070; x_wconf 85' lang='lat' dir='ltr'><strong>schismati</strong></span> <span class='ocrx_word' id='word_1_337' title='bbox 2382 2017 2668 2087; x_wconf 71' lang='lat' dir='ltr'><strong>tur-bisque</strong></span> <span class='ocrx_word' id='word_1_338' title='bbox 2703 2021 2772 2072; x_wconf 88' lang='lat' dir='ltr'><strong>ad</strong></span> <span class='ocrx_word' id='word_1_339' title='bbox 2801 2019 2903 2074; x_wconf 86' lang='lat' dir='ltr'><strong>hoc</strong></span> <span class='ocrx_word' id='word_1_340' title='bbox 2940 2029 3152 2090; x_wconf 88' lang='lat' dir='ltr'><strong>tempus</strong></span> <span class='ocrx_word' id='word_1_341' title='bbox 3193 2022 3396 2076; x_wconf 86' lang='lat' dir='ltr'><strong>addicti</strong></span> 
     </span>
    </p>
   </div>
   <div class='ocr_carea' id='block_1_50' title="bbox 1824 2108 3395 2179">
    <p class='ocr_par' dir='ltr' id='par_1_50' title="bbox 1824 2108 3395 2179">
     <span class='ocr_line' id='line_1_50' title="bbox 1824 2108 3395 2179; baseline 0.004 -17"><span class='ocrx_word' id='word_1_342' title='bbox 1824 2108 2484 2178; x_wconf 80' lang='lat' dir='ltr'><strong>animumtranquillitute</strong></span> <span class='ocrx_word' id='word_1_343' title='bbox 2529 2111 2797 2179; x_wconf 88' lang='lat' dir='ltr'><strong>oppletiin</strong></span> <span class='ocrx_word' id='word_1_344' title='bbox 2833 2112 3078 2167; x_wconf 86' lang='lat' dir='ltr'><strong>futurum</strong></span> <span class='ocrx_word' id='word_1_345' title='bbox 3138 2115 3395 2170; x_wconf 86' lang='lat' dir='ltr'><strong>unimini.</strong></span> 
     </span>
    </p>
   </div>
   <div class='ocr_carea' id='block_1_51' title="bbox 1821 2196 3392 2273">
    <p class='ocr_par' dir='ltr' id='par_1_51' title="bbox 1821 2196 3392 2273">
     <span class='ocr_line' id='line_1_51' title="bbox 1821 2196 3392 2273; baseline 0.005 -23"><span class='ocrx_word' id='word_1_346' title='bbox 1821 2196 1900 2250; x_wconf 83' lang='lat' dir='ltr'><strong>Ne</strong></span> <span class='ocrx_word' id='word_1_347' title='bbox 1949 2199 2002 2250; x_wconf 88' lang='lat' dir='ltr'><strong>in</strong></span> <span class='ocrx_word' id='word_1_348' title='bbox 2063 2199 2257 2252; x_wconf 89' lang='lat' dir='ltr'><strong>melius</strong></span> <span class='ocrx_word' id='word_1_349' title='bbox 2317 2199 2629 2254; x_wconf 84' lang='lat' dir='ltr'><strong>immutatio</strong></span> <span class='ocrx_word' id='word_1_350' title='bbox 2676 2216 2770 2256; x_wconf 88' lang='lat' dir='ltr'><strong>vos</strong></span> <span class='ocrx_word' id='word_1_351' title='bbox 2833 2204 3069 2271; x_wconf 86' lang='lat' dir='ltr'><strong>pudeat,</strong></span> <span class='ocrx_word' id='word_1_352' title='bbox 3121 2221 3295 2273; x_wconf 84' lang='lat' dir='ltr'><strong>neque</strong></span> <span class='ocrx_word' id='word_1_353' title='bbox 3340 2207 3392 2258; x_wconf 88' lang='lat' dir='ltr'><strong>in</strong></span> 
     </span>
    </p>
   </div>
   <div class='ocr_carea' id='block_1_52' title="bbox 1823 2290 3403 2360">
    <p class='ocr_par' dir='ltr' id='par_1_52' title="bbox 1823 2290 3403 2360">
     <span class='ocr_line' id='line_1_52' title="bbox 1823 2290 3403 2360; baseline 0.006 -18"><span class='ocrx_word' id='word_1_354' title='bbox 1823 2290 2001 2357; x_wconf 86' lang='lat' dir='ltr'><strong>magis</strong></span> <span class='ocrx_word' id='word_1_355' title='bbox 2049 2290 2262 2359; x_wconf 79' lang='lat' dir='ltr'><strong>integra</strong></span> <span class='ocrx_word' id='word_1_356' title='bbox 2309 2291 2574 2346; x_wconf 85' lang='lat' dir='ltr'><strong>transitus</strong></span> <span class='ocrx_word' id='word_1_357' title='bbox 2623 2303 2970 2360; x_wconf 77' lang='lat' dir='ltr'><strong>perterrent;</strong></span> <span class='ocrx_word' id='word_1_358' title='bbox 3010 2297 3152 2349; x_wconf 90' lang='lat' dir='ltr'><strong>inter</strong></span> <span class='ocrx_word' id='word_1_359' title='bbox 3187 2313 3281 2350; x_wconf 91' lang='lat' dir='ltr'><strong>vos</strong></span> <span class='ocrx_word' id='word_1_360' title='bbox 3348 2308 3403 2351; x_wconf 86' lang='lat' dir='ltr'><strong>ct</strong></span> 
     </span>
    </p>
   </div>
   <div class='ocr_carea' id='block_1_53' title="bbox 1824 2379 3401 2451">
    <p class='ocr_par' dir='ltr' id='par_1_53' title="bbox 1824 2379 3401 2451">
     <span class='ocr_line' id='line_1_53' title="bbox 1824 2379 3401 2451; baseline 0.006 -19"><span class='ocrx_word' id='word_1_361' title='bbox 1824 2379 1966 2432; x_wconf 90' lang='lat' dir='ltr'><strong>inter</strong></span> <span class='ocrx_word' id='word_1_362' title='bbox 2015 2394 2117 2433; x_wconf 86' lang='lat' dir='ltr'><strong>nos</strong></span> <span class='ocrx_word' id='word_1_363' title='bbox 2165 2396 2333 2434; x_wconf 92' lang='lat' dir='ltr'><strong>unum</strong></span> <span class='ocrx_word' id='word_1_364' title='bbox 2385 2383 2500 2435; x_wconf 85' lang='lat' dir='ltr'><strong>fieri</strong></span> <span class='ocrx_word' id='word_1_365' title='bbox 2558 2398 2666 2436; x_wconf 89' lang='lat' dir='ltr'><strong>non</strong></span> <span class='ocrx_word' id='word_1_366' title='bbox 2721 2384 3116 2451; x_wconf 77' lang='lat' dir='ltr'><strong>dedignemini,</strong></span> <span class='ocrx_word' id='word_1_367' title='bbox 3167 2403 3292 2441; x_wconf 91' lang='lat' dir='ltr'><strong>cum</strong></span> <span class='ocrx_word' id='word_1_368' title='bbox 3347 2398 3401 2442; x_wconf 83' lang='lat' dir='ltr'><strong>et</strong></span> 
     </span>
    </p>
   </div>
   <div class='ocr_carea' id='block_1_54' title="bbox 1825 2469 3402 2546">
    <p class='ocr_par' dir='ltr' id='par_1_54' title="bbox 1825 2469 3402 2546">
     <span class='ocr_line' id='line_1_54' title="bbox 1825 2469 3402 2546; baseline 0.006 -24"><span class='ocrx_word' id='word_1_369' title='bbox 1825 2469 1966 2522; x_wconf 81' lang='lat' dir='ltr'><strong>inter</strong></span> <span class='ocrx_word' id='word_1_370' title='bbox 2007 2486 2103 2523; x_wconf 85' lang='lat' dir='ltr'><strong>vos</strong></span> <span class='ocrx_word' id='word_1_371' title='bbox 2135 2470 2365 2525; x_wconf 87' lang='lat' dir='ltr'><strong>dissidia</strong></span> <span class='ocrx_word' id='word_1_372' title='bbox 2399 2487 2509 2526; x_wconf 89' lang='lat' dir='ltr'><strong>nos.</strong></span> <span class='ocrx_word' id='word_1_373' title='bbox 2544 2489 2654 2526; x_wconf 91' lang='lat' dir='ltr'><strong>non</strong></span> <span class='ocrx_word' id='word_1_374' title='bbox 2693 2472 2927 2544; x_wconf 74' lang='lat' dir='ltr'><strong>fugiant.</strong></span> <span class='ocrx_word' id='word_1_375' title='bbox 2966 2477 3125 2531; x_wconf 83' lang='lat' dir='ltr'><strong>liunc</strong></span> <span class='ocrx_word' id='word_1_376' title='bbox 3171 2477 3224 2530; x_wconf 90' lang='lat' dir='ltr'><strong>in</strong></span> <span class='ocrx_word' id='word_1_377' title='bbox 3265 2495 3402 2546; x_wconf 63' lang='lat' dir='ltr'><strong>pra-</strong></span> 
     </span>
    </p>
   </div>
   <div class='ocr_carea' id='block_1_55' title="bbox 1826 2560 3402 2637">
    <p class='ocr_par' dir='ltr' id='par_1_55' title="bbox 1826 2560 3402 2637">
     <span class='ocr_line' id='line_1_55' title="bbox 1826 2560 3402 2637; baseline 0.003 -21"><span class='ocrx_word' id='word_1_378' title='bbox 1826 2562 1971 2616; x_wconf 88' lang='lat' dir='ltr'><strong>senti</strong></span> <span class='ocrx_word' id='word_1_379' title='bbox 2031 2560 2314 2628; x_wconf 87' lang='lat' dir='ltr'><strong>fructum,</strong></span> <span class='ocrx_word' id='word_1_380' title='bbox 2391 2580 2582 2633; x_wconf 87' lang='lat' dir='ltr'><strong>pacem</strong></span> <span class='ocrx_word' id='word_1_381' title='bbox 2653 2566 2903 2632; x_wconf 83' lang='lat' dir='ltr'><strong>scilicet,</strong></span> <span class='ocrx_word' id='word_1_382' title='bbox 2965 2569 3114 2636; x_wconf 75' lang='lat' dir='ltr'><strong>pacis</strong></span> <span class='ocrx_word' id='word_1_383' title='bbox 3172 2569 3402 2637; x_wconf 84' lang='lat' dir='ltr'><strong>principi</strong></span> 
     </span>
    </p>
   </div>
   <div class='ocr_carea' id='block_1_56' title="bbox 1825 2651 3403 2728">
    <p class='ocr_par' dir='ltr' id='par_1_56' title="bbox 1825 2651 3403 2728">
     <span class='ocr_line' id='line_1_56' title="bbox 1825 2651 3403 2728; baseline 0.003 -21"><span class='ocrx_word' id='word_1_384' title='bbox 1825 2651 2048 2707; x_wconf 85' lang='lat' dir='ltr'><strong>Christo</strong></span> <span class='ocrx_word' id='word_1_385' title='bbox 2087 2655 2213 2708; x_wconf 87' lang='lat' dir='ltr'><strong>date</strong></span> <span class='ocrx_word' id='word_1_386' title='bbox 2239 2697 2251 2721; x_wconf 95' lang='lat'><strong>,</strong></span> <span class='ocrx_word' id='word_1_387' title='bbox 2285 2656 2380 2725; x_wconf 74' lang='lat' dir='ltr'><strong>qui</strong></span> <span class='ocrx_word' id='word_1_388' title='bbox 2410 2672 2509 2710; x_wconf 87' lang='lat' dir='ltr'><strong>sua</strong></span> <span class='ocrx_word' id='word_1_389' title='bbox 2539 2657 2928 2727; x_wconf 38' lang='lat' dir='ltr'><strong>bonitateljani</strong></span> <span class='ocrx_word' id='word_1_390' title='bbox 2963 2659 3094 2713; x_wconf 91' lang='lat' dir='ltr'><strong>olim</strong></span> <span class='ocrx_word' id='word_1_391' title='bbox 3126 2660 3403 2728; x_wconf 79' lang='lat' dir='ltr'><strong>disjuncta</strong></span> 
     </span>
    </p>
   </div>
   <div class='ocr_carea' id='block_1_57' title="bbox 1827 2744 3396 2821">
    <p class='ocr_par' dir='ltr' id='par_1_57' title="bbox 1827 2744 3396 2821">
     <span class='ocr_line' id='line_1_57' title="bbox 1827 2744 3396 2821; baseline 0.004 -23"><span class='ocrx_word' id='word_1_392' title='bbox 1827 2744 1881 2798; x_wconf 91' lang='lat' dir='ltr'><strong>in</strong></span> <span class='ocrx_word' id='word_1_393' title='bbox 1937 2761 2105 2799; x_wconf 90' lang='lat' dir='ltr'><strong>unum</strong></span> <span class='ocrx_word' id='word_1_394' title='bbox 2157 2747 2445 2816; x_wconf 79' lang='lat' dir='ltr'><strong>conjunxit</strong></span> <span class='ocrx_word' id='word_1_395' title='bbox 2503 2747 2766 2816; x_wconf 80' lang='lat' dir='ltr'><strong>perfecte.</strong></span> <span class='ocrx_word' id='word_1_396' title='bbox 2825 2749 2972 2804; x_wconf 84' lang='lat' dir='ltr'><strong>Nihil</strong></span> <span class='ocrx_word' id='word_1_397' title='bbox 3029 2753 3204 2821; x_wconf 60' lang='lat' dir='ltr'><strong>magis</strong></span> <span class='ocrx_word' id='word_1_398' title='bbox 3267 2755 3396 2805; x_wconf 71' lang='lat' dir='ltr'><strong>inlt‘t</strong></span> 
     </span>
    </p>
   </div>
   <div class='ocr_carea' id='block_1_58' title="bbox 1828 2837 3407 2910">
    <p class='ocr_par' dir='ltr' id='par_1_58' title="bbox 1828 2837 3407 2910">
     <span class='ocr_line' id='line_1_58' title="bbox 1828 2837 3407 2910; baseline 0.004 -18"><span class='ocrx_word' id='word_1_399' title='bbox 1828 2837 2012 2892; x_wconf 89' lang='lat' dir='ltr'><strong>omnia</strong></span> <span class='ocrx_word' id='word_1_400' title='bbox 2067 2838 2145 2890; x_wconf 91' lang='lat' dir='ltr'><strong>illi</strong></span> <span class='ocrx_word' id='word_1_401' title='bbox 2198 2839 2583 2908; x_wconf 82' lang='lat' dir='ltr'><strong>complacitum</strong></span> <span class='ocrx_word' id='word_1_402' title='bbox 2643 2848 2766 2904; x_wconf 89' lang='lat' dir='ltr'><strong>est,</strong></span> <span class='ocrx_word' id='word_1_403' title='bbox 2825 2857 2989 2910; x_wconf 89' lang='lat' dir='ltr'><strong>quam</strong></span> <span class='ocrx_word' id='word_1_404' title='bbox 3057 2855 3246 2899; x_wconf 93' lang='lat' dir='ltr'><strong>mutuo</strong></span> <span class='ocrx_word' id='word_1_405' title='bbox 3307 2863 3407 2899; x_wconf 73' lang='lat' dir='ltr'><strong>ttta</strong></span> 
     </span>
    </p>
   </div>
   <div class='ocr_carea' id='block_1_59' title="bbox 1836 2931 3402 3004">
    <p class='ocr_par' dir='ltr' id='par_1_59' title="bbox 1836 2931 3402 3004">
     <span class='ocr_line' id='line_1_59' title="bbox 1836 2931 3402 3004; baseline 0.006 -21"><span class='ocrx_word' id='word_1_406' title='bbox 1836 2931 2147 2984; x_wconf 65' lang='lat' dir='ltr'><strong>concordiae</strong></span> <span class='ocrx_word' id='word_1_407' title='bbox 2175 2931 2396 2985; x_wconf 87' lang='lat' dir='ltr'><strong>vinculo</strong></span> <span class='ocrx_word' id='word_1_408' title='bbox 2426 2940 2689 3002; x_wconf 89' lang='lat' dir='ltr'><strong>perpetuo</strong></span> <span class='ocrx_word' id='word_1_409' title='bbox 2729 2935 2978 3004; x_wconf 78' lang='lat' dir='ltr'><strong>colligari</strong></span> <span class='ocrx_word' id='word_1_410' title='bbox 3014 2954 3028 3002; x_wconf 87' lang='lat'><strong>;</strong></span> <span class='ocrx_word' id='word_1_411' title='bbox 3067 2936 3234 3001; x_wconf 81' lang='lat' dir='ltr'><strong>illam,</strong></span> <span class='ocrx_word' id='word_1_412' title='bbox 3273 2938 3402 2992; x_wconf 90' lang='lat' dir='ltr'><strong>dum</strong></span> 
     </span>
    </p>
   </div>
   <div class='ocr_carea' id='block_1_60' title="bbox 1829 3021 3407 3094">
    <p class='ocr_par' dir='ltr' id='par_1_60' title="bbox 1829 3021 3407 3094">
     <span class='ocr_line' id='line_1_60' title="bbox 1829 3021 3407 3094; baseline 0.006 -20"><span class='ocrx_word' id='word_1_413' title='bbox 1829 3034 2059 3089; x_wconf 85' lang='lat' dir='ltr'><strong>corpore</strong></span> <span class='ocrx_word' id='word_1_414' title='bbox 2100 3021 2154 3074; x_wconf 88' lang='lat' dir='ltr'><strong>in</strong></span> <span class='ocrx_word' id='word_1_415' title='bbox 2199 3023 2361 3077; x_wconf 90' lang='lat' dir='ltr'><strong>terris</strong></span> <span class='ocrx_word' id='word_1_416' title='bbox 2405 3025 2568 3077; x_wconf 87' lang='lat' dir='ltr'><strong>vitam</strong></span> <span class='ocrx_word' id='word_1_417' title='bbox 2618 3034 2826 3094; x_wconf 77' lang='lat' dir='ltr'><strong>ageret,</strong></span> <span class='ocrx_word' id='word_1_418' title='bbox 2861 3027 3029 3080; x_wconf 87' lang='lat' dir='ltr'><strong>veluti</strong></span> <span class='ocrx_word' id='word_1_419' title='bbox 3069 3045 3269 3082; x_wconf 92' lang='lat' dir='ltr'><strong>munus</strong></span> <span class='ocrx_word' id='word_1_420' title='bbox 3305 3030 3407 3083; x_wconf 74' lang='lat' dir='ltr'><strong>ali-</strong></span> 
     </span>
    </p>
   </div>
   <div class='ocr_carea' id='block_1_61' title="bbox 1830 3113 3406 3189">
    <p class='ocr_par' dir='ltr' id='par_1_61' title="bbox 1830 3113 3406 3189">
     <span class='ocr_line' id='line_1_61' title="bbox 1830 3113 3406 3189; baseline 0.008 -23"><span class='ocrx_word' id='word_1_421' title='bbox 1830 3113 1974 3180; x_wconf 88' lang='lat' dir='ltr'><strong>quod</strong></span> <span class='ocrx_word' id='word_1_422' title='bbox 2008 3113 2271 3182; x_wconf 83' lang='lat' dir='ltr'><strong>apostolis</strong></span> <span class='ocrx_word' id='word_1_423' title='bbox 2312 3123 2367 3169; x_wconf 88' lang='lat' dir='ltr'><strong>et</strong></span> <span class='ocrx_word' id='word_1_424' title='bbox 2402 3115 2688 3184; x_wconf 84' lang='lat' dir='ltr'><strong>discipulis</strong></span> <span class='ocrx_word' id='word_1_425' title='bbox 2731 3134 2951 3189; x_wconf 86' lang='lat' dir='ltr'><strong>semper</strong></span> <span class='ocrx_word' id='word_1_426' title='bbox 2998 3123 3308 3186; x_wconf 79' lang='lat' dir='ltr'><strong>exhibebat,</strong></span> <span class='ocrx_word' id='word_1_427' title='bbox 3350 3136 3406 3178; x_wconf 87' lang='lat' dir='ltr'><strong>ct</strong></span> 
     </span>
    </p>
   </div>
   <div class='ocr_carea' id='block_1_62' title="bbox 137 3204 1735 3282">
    <p class='ocr_par' dir='ltr' id='par_1_62' title="bbox 137 3208 1728 3280">
     <span class='ocr_line' id='line_1_62' title="bbox 137 3208 1728 3280; baseline -0.003 -15"><span class='ocrx_word' id='word_1_428' title='bbox 137 3213 346 3278; x_wconf 79' lang='grc' dir='ltr'>διάγων</span> <span class='ocrx_word' id='word_1_429' title='bbox 369 3211 461 3263; x_wconf 73' lang='grc' dir='ltr'>ἐπὶ</span> <span class='ocrx_word' id='word_1_430' title='bbox 486 3210 586 3279; x_wconf 80' lang='grc' dir='ltr'>γῆς</span> <span class='ocrx_word' id='word_1_431' title='bbox 610 3208 684 3271; x_wconf 86' lang='grc' dir='ltr'>ὼς</span> <span class='ocrx_word' id='word_1_432' title='bbox 706 3209 874 3280; x_wconf 84' lang='grc' dir='ltr'>δῶρόν</span> <span class='ocrx_word' id='word_1_433' title='bbox 898 3226 951 3260; x_wconf 86' lang='grc' dir='ltr'><strong>τι</strong></span> <span class='ocrx_word' id='word_1_434' title='bbox 976 3210 1236 3278; x_wconf 79' lang='grc' dir='ltr'>παρεῖχεν</span> <span class='ocrx_word' id='word_1_435' title='bbox 1253 3209 1338 3260; x_wconf 78' lang='grc' dir='ltr'>ἀεὶ</span> <span class='ocrx_word' id='word_1_436' title='bbox 1366 3211 1478 3272; x_wconf 86' lang='grc' dir='ltr'>τοῖς</span> <span class='ocrx_word' id='word_1_437' title='bbox 1495 3209 1728 3261; x_wconf 88' lang='grc' dir='ltr'>ἀποστό-</span> 
     </span>
    </p>
   </div>
   <div class='ocr_carea' id='block_1_63' title="bbox 1826 3204 3402 3282">
    <p class='ocr_par' dir='ltr' id='par_1_63' title="bbox 1831 3204 3402 3273">
     <span class='ocr_line' id='line_1_63' title="bbox 1831 3204 3402 3273; baseline 0.007 -17"><span class='ocrx_word' id='word_1_438' title='bbox 1831 3216 1897 3256; x_wconf 77' lang='lat' dir='ltr'><strong>ex</strong></span> <span class='ocrx_word' id='word_1_439' title='bbox 1924 3204 2161 3258; x_wconf 86' lang='lat' dir='ltr'><strong>terrenis</strong></span> <span class='ocrx_word' id='word_1_440' title='bbox 2191 3220 2384 3260; x_wconf 87' lang='lat' dir='ltr'><strong>rursus</strong></span> <span class='ocrx_word' id='word_1_441' title='bbox 2413 3206 2661 3273; x_wconf 84' lang='lat' dir='ltr'><strong>avolans,</strong></span> <span class='ocrx_word' id='word_1_442' title='bbox 2693 3209 2886 3263; x_wconf 85' lang='lat' dir='ltr'><strong>iisdem</strong></span> <span class='ocrx_word' id='word_1_443' title='bbox 2924 3214 3000 3264; x_wconf 92' lang='lat' dir='ltr'><strong>uti</strong></span> <span class='ocrx_word' id='word_1_444' title='bbox 3034 3211 3402 3268; x_wconf 71' lang='lat' dir='ltr'><strong>lnercditatcm</strong></span> 
     </span>
    </p>
   </div>
   <div class='ocr_carea' id='block_1_64' title="bbox 139 3300 1722 3371">
    <p class='ocr_par' dir='ltr' id='par_1_64' title="bbox 139 3300 1722 3371">
     <span class='ocr_line' id='line_1_64' title="bbox 139 3300 1722 3371; baseline 0 -16"><span class='ocrx_word' id='word_1_445' title='bbox 139 3305 258 3365; x_wconf 82' lang='grc' dir='ltr'>λοις</span> <span class='ocrx_word' id='word_1_446' title='bbox 293 3301 385 3354; x_wconf 67' lang='grc' dir='ltr'><strong>καὶ⁵</strong></span> <span class='ocrx_word' id='word_1_447' title='bbox 413 3301 682 3371; x_wconf 83' lang='grc' dir='ltr'>μαθηταῖς</span> <span class='ocrx_word' id='word_1_448' title='bbox 705 3317 720 3332; x_wconf 76' lang='grc' dir='ltr'><strong>ο</strong></span> <span class='ocrx_word' id='word_1_449' title='bbox 750 3300 844 3354; x_wconf 82' lang='grc' dir='ltr'>καὶ</span> <span class='ocrx_word' id='word_1_450' title='bbox 867 3303 975 3354; x_wconf 85' lang='grc' dir='ltr'><strong>τῶν</strong></span> <span class='ocrx_word' id='word_1_451' title='bbox 998 3301 1149 3354; x_wconf 80' lang='grc' dir='ltr'>κάτω</span> <span class='ocrx_word' id='word_1_452' title='bbox 1170 3300 1458 3371; x_wconf 74' lang='grc' dir='ltr'>διατριϐῶν</span> <span class='ocrx_word' id='word_1_453' title='bbox 1482 3301 1722 3370; x_wconf 72' lang='grc' dir='ltr'>ἀφιπτά-</span> 
     </span>
    </p>
   </div>
   <div class='ocr_carea' id='block_1_65' title="bbox 145 3389 1724 3466">
    <p class='ocr_par' dir='ltr' id='par_1_65' title="bbox 145 3389 1724 3466">
     <span class='ocr_line' id='line_1_65' title="bbox 145 3389 1724 3466; baseline -0.001 -20"><span class='ocrx_word' id='word_1_454' title='bbox 145 3395 336 3466; x_wconf 75' lang='grc' dir='ltr'>μὲνος,</span> <span class='ocrx_word' id='word_1_455' title='bbox 369 3391 526 3444; x_wconf 82' lang='grc' dir='ltr'>πάλιν</span> <span class='ocrx_word' id='word_1_456' title='bbox 558 3389 635 3453; x_wconf 85' lang='grc' dir='ltr'>ὡς</span> <span class='ocrx_word' id='word_1_457' title='bbox 669 3389 733 3443; x_wconf 80' lang='grc' dir='ltr'>ἂν</span> <span class='ocrx_word' id='word_1_458' title='bbox 776 3407 898 3443; x_wconf 87' lang='grc' dir='ltr'>τινα</span> <span class='ocrx_word' id='word_1_459' title='bbox 947 3391 1147 3461; x_wconf 84' lang='grc' dir='ltr'>κλῆρον</span> <span class='ocrx_word' id='word_1_460' title='bbox 1204 3391 1390 3454; x_wconf 82' lang='grc' dir='ltr'>αὐτοῖς</span> <span class='ocrx_word' id='word_1_461' title='bbox 1425 3391 1597 3444; x_wconf 72' lang='grc' dir='ltr'>ἐδίδου</span> <span class='ocrx_word' id='word_1_462' title='bbox 1630 3393 1724 3445; x_wconf 72' lang='grc' dir='ltr'><strong>καὶ</strong></span> 
     </span>
    </p>
   </div>
   <div class='ocr_carea' id='block_1_66' title="bbox 141 3477 1722 3555">
    <p class='ocr_par' dir='ltr' id='par_1_66' title="bbox 141 3477 1722 3555">
     <span class='ocr_line' id='line_1_66' title="bbox 141 3477 1722 3555; baseline 0 -17"><span class='ocrx_word' id='word_1_463' title='bbox 141 3486 573 3555; x_wconf 81' lang='grc' dir='ltr'>κατελίμπανεν.</span> <span class='ocrx_word' id='word_1_464' title='bbox 627 3477 849 3554; x_wconf 85' lang='grc' dir='ltr'>Ἦσπερ</span> <span class='ocrx_word' id='word_1_465' title='bbox 893 3486 1054 3554; x_wconf 82' lang='grc' dir='ltr'>ἡμεῖς</span> <span class='ocrx_word' id='word_1_466' title='bbox 1096 3485 1185 3539; x_wconf 79' lang='grc' dir='ltr'><strong>διὰ</strong></span> <span class='ocrx_word' id='word_1_467' title='bbox 1235 3486 1450 3550; x_wconf 85' lang='grc' dir='ltr'>τέλους,</span> <span class='ocrx_word' id='word_1_468' title='bbox 1479 3484 1722 3554; x_wconf 80' lang='grc' dir='ltr'>ἀδελφοὶ,</span> 
     </span>
    </p>
   </div>
   <div class='ocr_carea' id='block_1_67' title="bbox 140 3575 1726 3658">
    <p class='ocr_par' dir='ltr' id='par_1_67' title="bbox 140 3575 1726 3658">
     <span class='ocr_line' id='line_1_67' title="bbox 140 3575 1726 3658; baseline -0.001 -25"><span class='ocrx_word' id='word_1_469' title='bbox 140 3577 508 3642; x_wconf 70' lang='grc' dir='ltr'>καθικετεύω,</span> <span class='ocrx_word' id='word_1_470' title='bbox 541 3575 616 3652; x_wconf 57' lang='grc' dir='ltr'>ικὴ</span> <span class='ocrx_word' id='word_1_471' title='bbox 668 3575 1003 3644; x_wconf 85' lang='grc' dir='ltr'>ἀποσταίητε</span> <span class='ocrx_word' id='word_1_472' title='bbox 1030 3592 1045 3606; x_wconf 86' lang='lat'><strong><em>°</em></strong></span> <span class='ocrx_word' id='word_1_473' title='bbox 1097 3575 1298 3642; x_wconf 78' lang='grc' dir='ltr'>μᾶλλον</span> <span class='ocrx_word' id='word_1_474' title='bbox 1345 3577 1726 3658; x_wconf 77' lang='grc' dir='ltr'>προσδράμετε</span> 
     </span>
    </p>
   </div>
   <div class='ocr_carea' id='block_1_68' title="bbox 142 3666 1728 3738">
    <p class='ocr_par' dir='ltr' id='par_1_68' title="bbox 142 3666 1728 3738">
     <span class='ocr_line' id='line_1_68' title="bbox 142 3666 1728 3738; baseline -0.002 -12"><span class='ocrx_word' id='word_1_475' title='bbox 142 3671 290 3726; x_wconf 80' lang='grc' dir='ltr'><strong>κατά</strong></span> <span class='ocrx_word' id='word_1_476' title='bbox 313 3669 478 3738; x_wconf 86' lang='grc' dir='ltr'>τάχος</span> <span class='ocrx_word' id='word_1_477' title='bbox 506 3668 666 3735; x_wconf 78' lang='grc' dir='ltr'>αὐτῇ,</span> <span class='ocrx_word' id='word_1_478' title='bbox 698 3667 792 3722; x_wconf 75' lang='grc' dir='ltr'><strong>καὶ</strong></span> <span class='ocrx_word' id='word_1_479' title='bbox 814 3666 921 3720; x_wconf 88' lang='grc' dir='ltr'><strong>τῶν</strong></span> <span class='ocrx_word' id='word_1_480' title='bbox 953 3669 1016 3720; x_wconf 80' lang='grc' dir='ltr'>ὲκ</span> <span class='ocrx_word' id='word_1_481' title='bbox 1041 3667 1244 3736; x_wconf 86' lang='grc' dir='ltr'>ταύτης</span> <span class='ocrx_word' id='word_1_482' title='bbox 1272 3668 1456 3721; x_wconf 90' lang='grc' dir='ltr'>καλῶν</span> <span class='ocrx_word' id='word_1_483' title='bbox 1483 3669 1728 3723; x_wconf 83' lang='grc' dir='ltr'>ἀπολαύ-</span> 
     </span>
    </p>
   </div>
   <div class='ocr_carea' id='block_1_69' title="bbox 142 3757 1731 3829">
    <p class='ocr_par' dir='ltr' id='par_1_69' title="bbox 142 3757 1731 3829">
     <span class='ocr_line' id='line_1_69' title="bbox 142 3757 1731 3829; baseline -0.001 -15"><span class='ocrx_word' id='word_1_484' title='bbox 142 3777 294 3817; x_wconf 81' lang='grc' dir='ltr'>σετε.</span> <span class='ocrx_word' id='word_1_485' title='bbox 322 3761 496 3813; x_wconf 81' lang='grc' dir='ltr'>Πόσον</span> <span class='ocrx_word' id='word_1_486' title='bbox 533 3757 712 3811; x_wconf 73' lang='grc' dir='ltr'>οἴεσθε</span> <span class='ocrx_word' id='word_1_487' title='bbox 755 3757 961 3828; x_wconf 85' lang='grc' dir='ltr'>πλῆθος</span> <span class='ocrx_word' id='word_1_488' title='bbox 1001 3758 1211 3828; x_wconf 89' lang='grc' dir='ltr'>ἀνδρῶν</span> <span class='ocrx_word' id='word_1_489' title='bbox 1243 3758 1361 3829; x_wconf 77' lang='grc' dir='ltr'>ἅμα</span> <span class='ocrx_word' id='word_1_490' title='bbox 1401 3760 1497 3812; x_wconf 77' lang='grc' dir='ltr'>καὶ</span> <span class='ocrx_word' id='word_1_491' title='bbox 1543 3777 1731 3828; x_wconf 84' lang='grc' dir='ltr'>γυναι-</span> 
     </span>
    </p>
   </div>
   <div class='ocr_carea' id='block_1_70' title="bbox 142 3847 1730 3921">
    <p class='ocr_par' dir='ltr' id='par_1_70' title="bbox 142 3847 1730 3921">
     <span class='ocr_line' id='line_1_70' title="bbox 142 3847 1730 3921; baseline -0.003 -13"><span class='ocrx_word' id='word_1_492' title='bbox 142 3854 255 3908; x_wconf 66' lang='grc' dir='ltr'><strong>κῶν</strong></span> <span class='ocrx_word' id='word_1_493' title='bbox 289 3852 367 3921; x_wconf 82' lang='grc' dir='ltr'><strong>τῷ</strong></span> <span class='ocrx_word' id='word_1_494' title='bbox 397 3850 652 3920; x_wconf 82' lang='grc' dir='ltr'>σχίσματι</span> <span class='ocrx_word' id='word_1_495' title='bbox 694 3847 872 3918; x_wconf 84' lang='grc' dir='ltr'>τούτῳ</span> <span class='ocrx_word' id='word_1_496' title='bbox 917 3847 1013 3918; x_wconf 79' lang='grc' dir='ltr'>τὴν</span> <span class='ocrx_word' id='word_1_497' title='bbox 1048 3848 1226 3918; x_wconf 80' lang='grc' dir='ltr'>ψυχὴν</span> <span class='ocrx_word' id='word_1_498' title='bbox 1254 3849 1540 3916; x_wconf 78' lang='grc' dir='ltr'>ἀπολέσαι,</span> <span class='ocrx_word' id='word_1_499' title='bbox 1570 3849 1635 3903; x_wconf 85' lang='grc' dir='ltr'><strong>δι’</strong></span> <span class='ocrx_word' id='word_1_500' title='bbox 1661 3851 1730 3920; x_wconf 75' lang='grc' dir='ltr'>ἣν</span> 
     </span>
    </p>
   </div>
   <div class='ocr_carea' id='block_1_71' title="bbox 145 3935 1727 4014">
    <p class='ocr_par' dir='ltr' id='par_1_71' title="bbox 145 3935 1727 4014">
     <span class='ocr_line' id='line_1_71' title="bbox 145 3935 1727 4014; baseline -0.001 -17"><span class='ocrx_word' id='word_1_501' title='bbox 145 3941 408 3997; x_wconf 80' lang='grc' dir='ltr'>σπεύδετε</span> <span class='ocrx_word' id='word_1_502' title='bbox 441 3941 600 4014; x_wconf 81' lang='grc' dir='ltr'>δῆθεν</span> <span class='ocrx_word' id='word_1_503' title='bbox 634 3942 728 3994; x_wconf 78' lang='grc' dir='ltr'>καὶ</span> <span class='ocrx_word' id='word_1_504' title='bbox 757 3941 895 4012; x_wconf 78' lang='grc' dir='ltr'>ὑπὲρ</span> <span class='ocrx_word' id='word_1_505' title='bbox 931 3935 1020 4012; x_wconf 80' lang='grc' dir='ltr'>ἧς,</span> <span class='ocrx_word' id='word_1_506' title='bbox 1056 3940 1161 3994; x_wconf 77' lang='grc' dir='ltr'><strong>κᾶν</strong></span> <span class='ocrx_word' id='word_1_507' title='bbox 1208 3941 1284 4012; x_wconf 74' lang='grc' dir='ltr'>μὴ</span> <span class='ocrx_word' id='word_1_508' title='bbox 1317 3941 1568 4007; x_wconf 88' lang='grc' dir='ltr'>δεόντως,</span> <span class='ocrx_word' id='word_1_509' title='bbox 1602 3943 1727 4014; x_wconf 85' lang='grc' dir='ltr'>μηδ’</span> 
     </span>
    </p>
   </div>
   <div class='ocr_carea' id='block_1_72' title="bbox 143 4030 1729 4104">
    <p class='ocr_par' dir='ltr' id='par_1_72' title="bbox 143 4030 1729 4104">
     <span class='ocr_line' id='line_1_72' title="bbox 143 4030 1729 4104; baseline -0.002 -14"><span class='ocrx_word' id='word_1_510' title='bbox 143 4038 205 4090; x_wconf 69' lang='grc' dir='ltr'>ἐν</span> <span class='ocrx_word' id='word_1_511' title='bbox 244 4030 324 4097; x_wconf 73' lang='grc' dir='ltr'>οἷς</span> <span class='ocrx_word' id='word_1_512' title='bbox 353 4034 536 4100; x_wconf 81' lang='grc' dir='ltr'>ἄξιον;</span> <span class='ocrx_word' id='word_1_513' title='bbox 591 4033 755 4086; x_wconf 82' lang='grc' dir='ltr'>πόσον</span> <span class='ocrx_word' id='word_1_514' title='bbox 803 4032 1074 4104; x_wconf 82' lang='grc' dir='ltr'>μοναχῶν,</span> <span class='ocrx_word' id='word_1_515' title='bbox 1109 4032 1275 4086; x_wconf 86' lang='grc' dir='ltr'>πόσον</span> <span class='ocrx_word' id='word_1_516' title='bbox 1320 4033 1673 4103; x_wconf 74' lang='grc' dir='ltr'>μοναζουσῶν</span> <span class='ocrx_word' id='word_1_517' title='bbox 1701 4037 1729 4088; x_wconf 86' lang='grc' dir='ltr'><strong>ό</strong></span> 
     </span>
    </p>
   </div>
   <div class='ocr_carea' id='block_1_73' title="bbox 143 4123 1731 4198">
    <p class='ocr_par' dir='ltr' id='par_1_73' title="bbox 143 4123 1731 4198">
     <span class='ocr_line' id='line_1_73' title="bbox 143 4123 1731 4198; baseline -0.001 -16"><span class='ocrx_word' id='word_1_518' title='bbox 143 4128 444 4198; x_wconf 61' lang='grc' dir='ltr'>δολιόσρων</span> <span class='ocrx_word' id='word_1_519' title='bbox 469 4125 662 4196; x_wconf 77' lang='grc' dir='ltr'>ἐχθρὸς</span> <span class='ocrx_word' id='word_1_520' title='bbox 690 4125 975 4195; x_wconf 73' lang='grc' dir='ltr'>ἐσύλησεν,</span> <span class='ocrx_word' id='word_1_521' title='bbox 999 4123 1090 4186; x_wconf 83' lang='grc' dir='ltr'><strong>οὓς</strong></span> <span class='ocrx_word' id='word_1_522' title='bbox 1120 4126 1327 4188; x_wconf 84' lang='grc' dir='ltr'>πάντας</span> <span class='ocrx_word' id='word_1_523' title='bbox 1354 4127 1451 4196; x_wconf 85' lang='grc' dir='ltr'>τῆς</span> <span class='ocrx_word' id='word_1_524' title='bbox 1473 4126 1565 4180; x_wconf 84' lang='grc' dir='ltr'><strong>τοῦ</strong></span> <span class='ocrx_word' id='word_1_525' title='bbox 1595 4126 1731 4198; x_wconf 77' lang='grc' dir='ltr'>Χρι-</span> 
     </span>
    </p>
   </div>
   <div class='ocr_carea' id='block_1_74' title="bbox 147 4215 1731 4287">
    <p class='ocr_par' dir='ltr' id='par_1_74' title="bbox 147 4215 1731 4287">
     <span class='ocr_line' id='line_1_74' title="bbox 147 4215 1731 4287; baseline -0.001 -13"><span class='ocrx_word' id='word_1_526' title='bbox 147 4218 280 4274; x_wconf 82' lang='grc' dir='ltr'>στοῦ</span> <span class='ocrx_word' id='word_1_527' title='bbox 319 4217 603 4278; x_wconf 80' lang='grc' dir='ltr'>κοινωνίας</span> <span class='ocrx_word' id='word_1_528' title='bbox 643 4215 960 4284; x_wconf 86' lang='grc' dir='ltr'>ἀποτεμὼν,</span> <span class='ocrx_word' id='word_1_529' title='bbox 990 4217 1192 4269; x_wconf 88' lang='grc' dir='ltr'>οἰκεῖον</span> <span class='ocrx_word' id='word_1_530' title='bbox 1219 4216 1565 4287; x_wconf 82' lang='grc' dir='ltr'>κατάὄρωμα</span> <span class='ocrx_word' id='word_1_531' title='bbox 1595 4235 1731 4272; x_wconf 86' lang='grc' dir='ltr'>παν-</span> 
     </span>
    </p>
   </div>
   <div class='ocr_carea' id='block_1_75' title="bbox 144 4303 1730 4376">
    <p class='ocr_par' dir='ltr' id='par_1_75' title="bbox 144 4303 1730 4376">
     <span class='ocr_line' id='line_1_75' title="bbox 144 4303 1730 4376; baseline 0 -14"><span class='ocrx_word' id='word_1_532' title='bbox 144 4307 320 4370; x_wconf 83' lang='grc' dir='ltr'>τελῶς</span> <span class='ocrx_word' id='word_1_533' title='bbox 370 4306 740 4372; x_wconf 60' lang='grc' dir='ltr'>ἀπετέλεσενς</span> <span class='ocrx_word' id='word_1_534' title='bbox 765 4304 880 4358; x_wconf 72' lang='grc' dir='ltr'>ἐστι</span> <span class='ocrx_word' id='word_1_535' title='bbox 902 4303 946 4357; x_wconf 82' lang='grc' dir='ltr'><strong>δ’</strong></span> <span class='ocrx_word' id='word_1_536' title='bbox 977 4303 1070 4368; x_wconf 80' lang='grc' dir='ltr'><strong>οὓς</strong></span> <span class='ocrx_word' id='word_1_537' title='bbox 1111 4305 1462 4376; x_wconf 86' lang='grc' dir='ltr'>ἀποχωρίσας</span> <span class='ocrx_word' id='word_1_538' title='bbox 1491 4309 1587 4360; x_wconf 79' lang='grc' dir='ltr'>καὶ</span> <span class='ocrx_word' id='word_1_539' title='bbox 1631 4307 1730 4376; x_wconf 84' lang='grc' dir='ltr'>τῆς</span> 
     </span>
    </p>
   </div>
   <div class='ocr_carea' id='block_1_76' title="bbox 151 4394 1732 4469">
    <p class='ocr_par' dir='ltr' id='par_1_76' title="bbox 151 4394 1732 4469">
     <span class='ocr_line' id='line_1_76' title="bbox 151 4394 1732 4469; baseline -0.001 -16"><span class='ocrx_word' id='word_1_540' title='bbox 151 4400 343 4469; x_wconf 79' lang='grc' dir='ltr'>κοινῆς</span> <span class='ocrx_word' id='word_1_541' title='bbox 401 4399 602 4467; x_wconf 85' lang='grc' dir='ltr'>ἀγέλης</span> <span class='ocrx_word' id='word_1_542' title='bbox 642 4394 799 4465; x_wconf 72' lang='grc' dir='ltr'>ἡμῶν</span> <span class='ocrx_word' id='word_1_543' title='bbox 828 4396 912 4460; x_wconf 81' lang='grc' dir='ltr'><strong>εἰς</strong></span> <span class='ocrx_word' id='word_1_544' title='bbox 958 4396 1108 4465; x_wconf 78' lang='grc' dir='ltr'>πάθη</span> <span class='ocrx_word' id='word_1_545' title='bbox 1151 4396 1334 4460; x_wconf 82' lang='grc' dir='ltr'>κακῶς</span> <span class='ocrx_word' id='word_1_546' title='bbox 1375 4395 1590 4469; x_wconf 80' lang='grc' dir='ltr'>ὕϐρεως</span> <span class='ocrx_word' id='word_1_547' title='bbox 1636 4398 1732 4452; x_wconf 79' lang='grc' dir='ltr'>καὶ</span> 
     </span>
    </p>
   </div>
   <div class='ocr_carea' id='block_1_77' title="bbox 147 4491 1731 4566">
    <p class='ocr_par' dir='ltr' id='par_1_77' title="bbox 147 4491 1731 4566">
     <span class='ocr_line' id='line_1_77' title="bbox 147 4491 1731 4566; baseline -0.002 -17"><span class='ocrx_word' id='word_1_548' title='bbox 147 4495 374 4564; x_wconf 84' lang='grc' dir='ltr'>ἀτιμίας</span> <span class='ocrx_word' id='word_1_549' title='bbox 401 4493 622 4547; x_wconf 71' lang='grc' dir='ltr'>ἐνέϐαλε</span> <span class='ocrx_word' id='word_1_550' title='bbox 641 4509 662 4558; x_wconf 76' lang='grc'><strong>;-</strong></span> <span class='ocrx_word' id='word_1_551' title='bbox 691 4492 908 4563; x_wconf 78' lang='grc' dir='ltr'>Ταύτην</span> <span class='ocrx_word' id='word_1_552' title='bbox 954 4494 1179 4563; x_wconf 84' lang='grc' dir='ltr'>στήσετε</span> <span class='ocrx_word' id='word_1_553' title='bbox 1210 4491 1390 4555; x_wconf 88' lang='grc' dir='ltr'>καλῶς</span> <span class='ocrx_word' id='word_1_554' title='bbox 1422 4494 1521 4564; x_wconf 79' lang='grc' dir='ltr'>τὴν</span> <span class='ocrx_word' id='word_1_555' title='bbox 1553 4493 1731 4566; x_wconf 88' lang='grc' dir='ltr'>λύμην</span> 
     </span>
    </p>
   </div>
   <div class='ocr_carea' id='block_1_78' title="bbox 1833 3296 3406 3374">
    <p class='ocr_par' dir='ltr' id='par_1_78' title="bbox 1833 3296 3406 3374">
     <span class='ocr_line' id='line_1_78' title="bbox 1833 3296 3406 3374; baseline 0.01 -29"><span class='ocrx_word' id='word_1_556' title='bbox 1833 3296 2122 3362; x_wconf 83' lang='lat' dir='ltr'><strong>quamdam</strong></span> <span class='ocrx_word' id='word_1_557' title='bbox 2174 3296 2540 3362; x_wconf 68' lang='lat' dir='ltr'><strong>elargiebatur</strong></span> <span class='ocrx_word' id='word_1_558' title='bbox 2571 3307 2626 3352; x_wconf 93' lang='lat' dir='ltr'><strong>et</strong></span> <span class='ocrx_word' id='word_1_559' title='bbox 2666 3301 3012 3369; x_wconf 81' lang='lat' dir='ltr'><strong>relinquebat</strong></span> <span class='ocrx_word' id='word_1_560' title='bbox 3043 3321 3056 3356; x_wconf 87' lang='lat'><strong>:</strong></span> <span class='ocrx_word' id='word_1_561' title='bbox 3089 3319 3117 3356; x_wconf 88' lang='lat' dir='ltr'><strong>a</strong></span> <span class='ocrx_word' id='word_1_562' title='bbox 3151 3321 3256 3374; x_wconf 81' lang='lat' dir='ltr'><strong>qua</strong></span> <span class='ocrx_word' id='word_1_563' title='bbox 3289 3322 3406 3369; x_wconf 72' lang='lat' dir='ltr'><strong>\‘U‘.</strong></span> 
     </span>
    </p>
   </div>
   <div class='ocr_carea' id='block_1_79' title="bbox 1830 3385 3411 3464">
    <p class='ocr_par' dir='ltr' id='par_1_79' title="bbox 1830 3385 3411 3464">
     <span class='ocr_line' id='line_1_79' title="bbox 1830 3385 3411 3464; baseline 0.008 -27"><span class='ocrx_word' id='word_1_564' title='bbox 1830 3385 2049 3450; x_wconf 85' lang='lat' dir='ltr'><strong>fratres,</strong></span> <span class='ocrx_word' id='word_1_565' title='bbox 2077 3400 2269 3453; x_wconf 77' lang='lat' dir='ltr'><strong>exoro,</strong></span> <span class='ocrx_word' id='word_1_566' title='bbox 2304 3388 2356 3442; x_wconf 83' lang='lat' dir='ltr'><strong>in</strong></span> <span class='ocrx_word' id='word_1_567' title='bbox 2384 3386 2544 3442; x_wconf 81' lang='lat' dir='ltr'><strong>ﬁnem</strong></span> <span class='ocrx_word' id='word_1_568' title='bbox 2576 3405 2749 3459; x_wconf 84' lang='lat' dir='ltr'><strong>usque</strong></span> <span class='ocrx_word' id='word_1_569' title='bbox 2782 3407 2846 3444; x_wconf 82' lang='lat' dir='ltr'><strong>nc</strong></span> <span class='ocrx_word' id='word_1_570' title='bbox 2869 3394 3282 3464; x_wconf 61' lang='lat' dir='ltr'><strong>OlSjllllgultIJll,</strong></span> <span class='ocrx_word' id='word_1_571' title='bbox 3304 3400 3411 3450; x_wconf 83' lang='lat' dir='ltr'><strong>imo</strong></span> 
     </span>
    </p>
   </div>
   <div class='ocr_carea' id='block_1_80' title="bbox 1829 3477 3410 3559">
    <p class='ocr_par' dir='ltr' id='par_1_80' title="bbox 1829 3477 3410 3559">
     <span class='ocr_line' id='line_1_80' title="bbox 1829 3477 3410 3559; baseline 0.011 -30"><span class='ocrx_word' id='word_1_572' title='bbox 1829 3477 1986 3531; x_wconf 85' lang='lat' dir='ltr'><strong>ocius</strong></span> <span class='ocrx_word' id='word_1_573' title='bbox 2029 3478 2095 3532; x_wconf 90' lang='lat' dir='ltr'><strong>ad</strong></span> <span class='ocrx_word' id='word_1_574' title='bbox 2138 3479 2311 3547; x_wconf 88' lang='lat' dir='ltr'><strong>ipsam</strong></span> <span class='ocrx_word' id='word_1_575' title='bbox 2354 3481 2649 3545; x_wconf 88' lang='lat' dir='ltr'><strong>accurrite,</strong></span> <span class='ocrx_word' id='word_1_576' title='bbox 2674 3493 2726 3536; x_wconf 91' lang='lat' dir='ltr'><strong>et</strong></span> <span class='ocrx_word' id='word_1_577' title='bbox 2767 3489 3151 3553; x_wconf 87' lang='lat' dir='ltr'><strong>promanantia</strong></span> <span class='ocrx_word' id='word_1_578' title='bbox 3181 3503 3244 3544; x_wconf 76' lang='lat' dir='ltr'><strong>ex</strong></span> <span class='ocrx_word' id='word_1_579' title='bbox 3295 3492 3410 3559; x_wconf 77' lang='lat' dir='ltr'><strong>ipsa</strong></span> 
     </span>
    </p>
   </div>
   <div class='ocr_carea' id='block_1_81' title="bbox 1829 3567 3411 3638">
    <p class='ocr_par' dir='ltr' id='par_1_81' title="bbox 1829 3567 3411 3638">
     <span class='ocr_line' id='line_1_81' title="bbox 1829 3567 3411 3638; baseline 0.008 -16"><span class='ocrx_word' id='word_1_580' title='bbox 1829 3567 1972 3622; x_wconf 84' lang='lat' dir='ltr'><strong>bona</strong></span> <span class='ocrx_word' id='word_1_581' title='bbox 2031 3569 2450 3638; x_wconf 75' lang='lat' dir='ltr'><strong>participaliitis.</strong></span> <span class='ocrx_word' id='word_1_582' title='bbox 2521 3571 2792 3638; x_wconf 85' lang='lat' dir='ltr'><strong>Quantam</strong></span> <span class='ocrx_word' id='word_1_583' title='bbox 2845 3578 3125 3631; x_wconf 83' lang='lat' dir='ltr'><strong>hominum</strong></span> <span class='ocrx_word' id='word_1_584' title='bbox 3178 3595 3242 3634; x_wconf 90' lang='lat' dir='ltr'><strong>ac</strong></span> <span class='ocrx_word' id='word_1_585' title='bbox 3291 3587 3411 3634; x_wconf 59' lang='lat' dir='ltr'><strong>mu.</strong></span> 
     </span>
    </p>
   </div>
   <div class='ocr_carea' id='block_1_82' title="bbox 1829 3661 3404 3734">
    <p class='ocr_par' dir='ltr' id='par_1_82' title="bbox 1829 3661 3404 3734">
     <span class='ocr_line' id='line_1_82' title="bbox 1829 3661 3404 3734; baseline 0.009 -20"><span class='ocrx_word' id='word_1_586' title='bbox 1829 3661 2024 3715; x_wconf 85' lang='lat' dir='ltr'><strong>lierum</strong></span> <span class='ocrx_word' id='word_1_587' title='bbox 2057 3662 2488 3731; x_wconf 87' lang='lat' dir='ltr'><strong>multitudinem,</strong></span> <span class='ocrx_word' id='word_1_588' title='bbox 2523 3666 2826 3734; x_wconf 89' lang='lat' dir='ltr'><strong>opinamini</strong></span> <span class='ocrx_word' id='word_1_589' title='bbox 2875 3671 2947 3722; x_wconf 87' lang='lat' dir='ltr'><strong>ob</strong></span> <span class='ocrx_word' id='word_1_590' title='bbox 2983 3671 3085 3726; x_wconf 86' lang='lat' dir='ltr'><strong>hoc</strong></span> <span class='ocrx_word' id='word_1_591' title='bbox 3114 3671 3404 3728; x_wconf 82' lang='lat' dir='ltr'><strong>dissidium</strong></span> 
     </span>
    </p>
   </div>
   <div class='ocr_carea' id='block_1_83' title="bbox 1830 3753 3408 3830">
    <p class='ocr_par' dir='ltr' id='par_1_83' title="bbox 1830 3753 3408 3830">
     <span class='ocr_line' id='line_1_83' title="bbox 1830 3753 3408 3830; baseline 0.009 -24"><span class='ocrx_word' id='word_1_592' title='bbox 1830 3753 2140 3808; x_wconf 87' lang='lat' dir='ltr'><strong>animarum</strong></span> <span class='ocrx_word' id='word_1_593' title='bbox 2185 3754 2457 3822; x_wconf 85' lang='lat' dir='ltr'><strong>jacturatn</strong></span> <span class='ocrx_word' id='word_1_594' title='bbox 2505 3756 2740 3822; x_wconf 77' lang='lat' dir='ltr'><strong>fecisse,</strong></span> <span class='ocrx_word' id='word_1_595' title='bbox 2784 3775 2884 3829; x_wconf 88' lang='lat' dir='ltr'><strong>pro</strong></span> <span class='ocrx_word' id='word_1_596' title='bbox 2923 3777 3157 3830; x_wconf 90' lang='lat' dir='ltr'><strong>quorum</strong></span> <span class='ocrx_word' id='word_1_597' title='bbox 3208 3767 3408 3829; x_wconf 61' lang='lat' dir='ltr'><strong>salute,</strong></span> 
     </span>
    </p>
   </div>
   <div class='ocr_carea' id='block_1_84' title="bbox 1832 3843 3404 3918">
    <p class='ocr_par' dir='ltr' id='par_1_84' title="bbox 1832 3843 3404 3918">
     <span class='ocr_line' id='line_1_84' title="bbox 1832 3843 3404 3918; baseline 0.01 -22"><span class='ocrx_word' id='word_1_598' title='bbox 1832 3843 1936 3898; x_wconf 87' lang='lat' dir='ltr'><strong>etsi</strong></span> <span class='ocrx_word' id='word_1_599' title='bbox 1968 3858 2076 3898; x_wconf 90' lang='lat' dir='ltr'><strong>non</strong></span> <span class='ocrx_word' id='word_1_600' title='bbox 2124 3845 2201 3898; x_wconf 89' lang='lat' dir='ltr'><strong>uti</strong></span> <span class='ocrx_word' id='word_1_601' title='bbox 2231 3859 2330 3915; x_wconf 88' lang='lat' dir='ltr'><strong>par</strong></span> <span class='ocrx_word' id='word_1_602' title='bbox 2363 3856 2466 3910; x_wconf 88' lang='lat' dir='ltr'><strong>est,</strong></span> <span class='ocrx_word' id='word_1_603' title='bbox 2507 3862 2682 3917; x_wconf 90' lang='lat' dir='ltr'><strong>neque</strong></span> <span class='ocrx_word' id='word_1_604' title='bbox 2710 3849 2945 3918; x_wconf 84' lang='lat' dir='ltr'><strong>justum,</strong></span> <span class='ocrx_word' id='word_1_605' title='bbox 3000 3863 3210 3909; x_wconf 90' lang='lat' dir='ltr'><strong>tantum</strong></span> <span class='ocrx_word' id='word_1_606' title='bbox 3247 3859 3404 3912; x_wconf 86' lang='lat' dir='ltr'><strong>insu-</strong></span> 
     </span>
    </p>
   </div>
   <div class='ocr_carea' id='block_1_85' title="bbox 1830 3934 3410 4018">
    <p class='ocr_par' dir='ltr' id='par_1_85' title="bbox 1830 3934 3410 4018">
     <span class='ocr_line' id='line_1_85' title="bbox 1830 3934 3410 4018; baseline 0.009 -29"><span class='ocrx_word' id='word_1_607' title='bbox 1830 3934 1980 3989; x_wconf 77' lang='lat' dir='ltr'><strong>datis&#39;</strong></span> <span class='ocrx_word' id='word_1_608' title='bbox 2003 3945 2058 3989; x_wconf 90' lang='lat' dir='ltr'><strong>et</strong></span> <span class='ocrx_word' id='word_1_609' title='bbox 2088 3935 2434 4006; x_wconf 77' lang='lat' dir='ltr'><strong>:iﬂligimini?</strong></span> <span class='ocrx_word' id='word_1_610' title='bbox 2469 3947 2734 4008; x_wconf 88' lang='lat' dir='ltr'><strong>quantam</strong></span> <span class='ocrx_word' id='word_1_611' title='bbox 2782 3943 3201 4012; x_wconf 85' lang='lat' dir='ltr'><strong>monachorum,</strong></span> <span class='ocrx_word' id='word_1_612' title='bbox 3237 3964 3410 4018; x_wconf 86' lang='lat' dir='ltr'><strong>quan-</strong></span> 
     </span>
    </p>
   </div>
   <div class='ocr_carea' id='block_1_86' title="bbox 1830 4028 3408 4098">
    <p class='ocr_par' dir='ltr' id='par_1_86' title="bbox 1830 4028 3408 4098">
     <span class='ocr_line' id='line_1_86' title="bbox 1830 4028 3408 4098; baseline 0.011 -18"><span class='ocrx_word' id='word_1_613' title='bbox 1830 4035 1941 4081; x_wconf 87' lang='lat' dir='ltr'><strong>tam</strong></span> <span class='ocrx_word' id='word_1_614' title='bbox 1995 4028 2317 4082; x_wconf 90' lang='lat' dir='ltr'><strong>monialium</strong></span> <span class='ocrx_word' id='word_1_615' title='bbox 2368 4029 2599 4086; x_wconf 89' lang='lat' dir='ltr'><strong>dolosus</strong></span> <span class='ocrx_word' id='word_1_616' title='bbox 2648 4033 2827 4091; x_wconf 87' lang='lat' dir='ltr'><strong>hostis</strong></span> <span class='ocrx_word' id='word_1_617' title='bbox 2866 4038 3046 4094; x_wconf 84' lang='lat' dir='ltr'><strong>ranuit</strong></span> <span class='ocrx_word' id='word_1_618' title='bbox 3095 4049 3150 4092; x_wconf 92' lang='lat' dir='ltr'><strong>et</strong></span> <span class='ocrx_word' id='word_1_619' title='bbox 3189 4039 3408 4098; x_wconf 87' lang='lat' dir='ltr'><strong>furatus</strong></span> 
     </span>
    </p>
   </div>
   <div class='ocr_carea' id='block_1_87' title="bbox 1831 4126 3414 4189">
    <p class='ocr_par' dir='ltr' id='par_1_87' title="bbox 1831 4126 3414 4189">
     <span class='ocr_line' id='line_1_87' title="bbox 1831 4126 3414 4189; baseline 0.009 -17"><span class='ocrx_word' id='word_1_620' title='bbox 1831 4127 1934 4185; x_wconf 87' lang='lat' dir='ltr'><strong>est,</strong></span> <span class='ocrx_word' id='word_1_621' title='bbox 1972 4135 2112 4189; x_wconf 85' lang='lat' dir='ltr'><strong>quos</strong></span> <span class='ocrx_word' id='word_1_622' title='bbox 2155 4136 2357 4178; x_wconf 89' lang='lat' dir='ltr'><strong>omnes</strong></span> <span class='ocrx_word' id='word_1_623' title='bbox 2405 4137 2434 4176; x_wconf 88' lang='lat' dir='ltr'><strong>a</strong></span> <span class='ocrx_word' id='word_1_624' title='bbox 2493 4126 2884 4182; x_wconf 86' lang='lat' dir='ltr'><strong>communione</strong></span> <span class='ocrx_word' id='word_1_625' title='bbox 2933 4127 3143 4185; x_wconf 82' lang='lat' dir='ltr'><strong>Christi</strong></span> <span class='ocrx_word' id='word_1_626' title='bbox 3194 4133 3414 4188; x_wconf 83' lang='lat' dir='ltr'><strong>abscin-</strong></span> 
     </span>
    </p>
   </div>
   <div class='ocr_carea' id='block_1_88' title="bbox 1832 4213 3408 4286">
    <p class='ocr_par' dir='ltr' id='par_1_88' title="bbox 1832 4213 3408 4286">
     <span class='ocr_line' id='line_1_88' title="bbox 1832 4213 3408 4286; baseline 0.008 -20"><span class='ocrx_word' id='word_1_627' title='bbox 1832 4213 1987 4280; x_wconf 89' lang='lat' dir='ltr'><strong>dens,</strong></span> <span class='ocrx_word' id='word_1_628' title='bbox 2012 4213 2092 4267; x_wconf 93' lang='lat' dir='ltr'><strong>uti</strong></span> <span class='ocrx_word' id='word_1_629' title='bbox 2126 4215 2406 4286; x_wconf 88' lang='lat' dir='ltr'><strong>propriam</strong></span> <span class='ocrx_word' id='word_1_630' title='bbox 2436 4231 2619 4272; x_wconf 88' lang='lat' dir='ltr'><strong>escam</strong></span> <span class='ocrx_word' id='word_1_631' title='bbox 2656 4220 2962 4285; x_wconf 85' lang='lat' dir='ltr'><strong>exsorbuit,</strong></span> <span class='ocrx_word' id='word_1_632' title='bbox 2987 4231 3041 4277; x_wconf 88' lang='lat' dir='ltr'><strong>et</strong></span> <span class='ocrx_word' id='word_1_633' title='bbox 3074 4224 3212 4281; x_wconf 89' lang='lat' dir='ltr'><strong>alios</strong></span> <span class='ocrx_word' id='word_1_634' title='bbox 3243 4227 3408 4281; x_wconf 91' lang='lat' dir='ltr'><strong>etiam</strong></span> 
     </span>
    </p>
   </div>
   <div class='ocr_carea' id='block_1_89' title="bbox 1834 4306 3418 4386">
    <p class='ocr_par' dir='ltr' id='par_1_89' title="bbox 1834 4306 3418 4386">
     <span class='ocr_line' id='line_1_89' title="bbox 1834 4306 3418 4386; baseline 0.01 -28"><span class='ocrx_word' id='word_1_635' title='bbox 1834 4319 1863 4358; x_wconf 88' lang='lat' dir='ltr'><strong>a</strong></span> <span class='ocrx_word' id='word_1_636' title='bbox 1897 4306 2182 4360; x_wconf 91' lang='lat' dir='ltr'><strong>communi</strong></span> <span class='ocrx_word' id='word_1_637' title='bbox 2233 4315 2428 4362; x_wconf 87' lang='lat' dir='ltr'><strong>nostro</strong></span> <span class='ocrx_word' id='word_1_638' title='bbox 2468 4324 2633 4379; x_wconf 74' lang='lat' dir='ltr'><strong>grege</strong></span> <span class='ocrx_word' id='word_1_639' title='bbox 2663 4320 2951 4381; x_wconf 87' lang='lat' dir='ltr'><strong>separatos</strong></span> <span class='ocrx_word' id='word_1_640' title='bbox 2980 4315 3035 4369; x_wconf 92' lang='lat' dir='ltr'><strong>in</strong></span> <span class='ocrx_word' id='word_1_641' title='bbox 3088 4315 3323 4386; x_wconf 87' lang='lat' dir='ltr'><strong>injurias</strong></span> <span class='ocrx_word' id='word_1_642' title='bbox 3359 4329 3418 4375; x_wconf 86' lang='lat' dir='ltr'><strong>et</strong></span> 
     </span>
    </p>
   </div>
   <div class='ocr_carea' id='block_1_90' title="bbox 1837 4399 3416 4480">
    <p class='ocr_par' dir='ltr' id='par_1_90' title="bbox 1837 4399 3416 4480">
     <span class='ocr_line' id='line_1_90' title="bbox 1837 4399 3416 4480; baseline 0.009 -28"><span class='ocrx_word' id='word_1_643' title='bbox 1837 4399 2111 4454; x_wconf 88' lang='lat' dir='ltr'><strong>dedecora</strong></span> <span class='ocrx_word' id='word_1_644' title='bbox 2172 4401 2459 4469; x_wconf 73' lang='lat' dir='ltr'><strong>conjecit?</strong></span> <span class='ocrx_word' id='word_1_645' title='bbox 2511 4400 2666 4458; x_wconf 80' lang='lat' dir='ltr'><strong>Hanc</strong></span> <span class='ocrx_word' id='word_1_646' title='bbox 2715 4417 2918 4461; x_wconf 80' lang='lat' dir='ltr'><strong>noxam</strong></span> <span class='ocrx_word' id='word_1_647' title='bbox 2968 4406 3183 4463; x_wconf 90' lang='lat' dir='ltr'><strong>irritam</strong></span> <span class='ocrx_word' id='word_1_648' title='bbox 3242 4411 3416 4480; x_wconf 85' lang='lat' dir='ltr'><strong>probo</strong></span> 
     </span>
    </p>
   </div>
   <div class='ocr_carea' id='block_1_91' title="bbox 1835 4490 3411 4557">
    <p class='ocr_par' dir='ltr' id='par_1_91' title="bbox 1835 4490 3411 4557">
     <span class='ocr_line' id='line_1_91' title="bbox 1835 4490 3411 4557; baseline 0.008 -13"><span class='ocrx_word' id='word_1_649' title='bbox 1835 4490 2214 4556; x_wconf 86' lang='lat' dir='ltr'><strong>continebitis.</strong></span> <span class='ocrx_word' id='word_1_650' title='bbox 2271 4492 2317 4547; x_wconf 85' lang='lat' dir='ltr'><strong>si</strong></span> <span class='ocrx_word' id='word_1_651' title='bbox 2365 4498 2746 4550; x_wconf 85' lang='lat' dir='ltr'><strong>tantummodo</strong></span> <span class='ocrx_word' id='word_1_652' title='bbox 2793 4497 2861 4550; x_wconf 92' lang='lat' dir='ltr'><strong>ad</strong></span> <span class='ocrx_word' id='word_1_653' title='bbox 2908 4512 3010 4552; x_wconf 87' lang='lat' dir='ltr'><strong>nos</strong></span> <span class='ocrx_word' id='word_1_654' title='bbox 3043 4502 3411 4557; x_wconf 81' lang='lat' dir='ltr'><strong>reversionem</strong></span> 
     </span>
    </p>
   </div>
   <div class='ocr_carea' id='block_1_92' title="bbox 148 4575 1735 4657">
    <p class='ocr_par' dir='ltr' id='par_1_92' title="bbox 148 4582 1729 4657">
     <span class='ocr_line' id='line_1_92' title="bbox 148 4582 1729 4657; baseline -0.001 -18"><span class='ocrx_word' id='word_1_655' title='bbox 148 4588 330 4657; x_wconf 80' lang='grc' dir='ltr'>ὑμεῖς,</span> <span class='ocrx_word' id='word_1_656' title='bbox 369 4586 464 4638; x_wconf 73' lang='grc' dir='ltr'><strong>ὲάν</strong></span> <span class='ocrx_word' id='word_1_657' title='bbox 516 4585 680 4655; x_wconf 88' lang='grc' dir='ltr'>μόνον</span> <span class='ocrx_word' id='word_1_658' title='bbox 729 4583 866 4654; x_wconf 83' lang='grc' dir='ltr'>πρὸς</span> <span class='ocrx_word' id='word_1_659' title='bbox 895 4585 1040 4654; x_wconf 73' lang='grc' dir='ltr'>ἡμᾶς</span> <span class='ocrx_word' id='word_1_660' title='bbox 1079 4582 1433 4653; x_wconf 73' lang='grc' dir='ltr'>επανέλθητε,</span> <span class='ocrx_word' id='word_1_661' title='bbox 1477 4587 1572 4640; x_wconf 75' lang='grc' dir='ltr'>καὶ</span> <span class='ocrx_word' id='word_1_662' title='bbox 1620 4585 1729 4638; x_wconf 85' lang='grc' dir='ltr'><strong>τῶν</strong></span> 
     </span>
    </p>
   </div>
   <div class='ocr_carea' id='block_1_93' title="bbox 1826 4575 3414 4657">
    <p class='ocr_par' dir='ltr' id='par_1_93' title="bbox 1840 4580 3414 4656">
     <span class='ocr_line' id='line_1_93' title="bbox 1840 4580 3414 4656; baseline 0.009 -21"><span class='ocrx_word' id='word_1_663' title='bbox 1840 4580 2101 4649; x_wconf 79' lang='lat' dir='ltr'><strong>feceritis,</strong></span> <span class='ocrx_word' id='word_1_664' title='bbox 2127 4595 2182 4640; x_wconf 89' lang='lat' dir='ltr'><strong>et</strong></span> <span class='ocrx_word' id='word_1_665' title='bbox 2219 4599 2285 4640; x_wconf 79' lang='lat' dir='ltr'><strong>ex</strong></span> <span class='ocrx_word' id='word_1_666' title='bbox 2321 4585 2491 4656; x_wconf 83' lang='lat' dir='ltr'><strong>lapsis</strong></span> <span class='ocrx_word' id='word_1_667' title='bbox 2517 4587 2814 4643; x_wconf 86' lang='lat' dir='ltr'><strong>nonnullos</strong></span> <span class='ocrx_word' id='word_1_668' title='bbox 2841 4604 3036 4645; x_wconf 84' lang='lat' dir='ltr'><strong>rursus</strong></span> <span class='ocrx_word' id='word_1_669' title='bbox 3067 4598 3414 4649; x_wconf 80' lang='lat' dir='ltr'><strong>revocaveri-</strong></span> 
     </span>
    </p>
   </div>
   <div class='ocr_carea' id='block_1_94' title="bbox 147 4673 1733 4745">
    <p class='ocr_par' dir='ltr' id='par_1_94' title="bbox 147 4673 1733 4745">
     <span class='ocr_line' id='line_1_94' title="bbox 147 4673 1733 4745; baseline -0.002 -13"><span class='ocrx_word' id='word_1_670' title='bbox 147 4677 520 4732; x_wconf 67' lang='grc' dir='ltr'>πεπτωκότων</span> <span class='ocrx_word' id='word_1_671' title='bbox 549 4674 1033 4745; x_wconf 65' lang='grc' dir='ltr'>ἀπανακαλέσησθε</span> <span class='ocrx_word' id='word_1_672' title='bbox 1079 4673 1239 4728; x_wconf 82' lang='grc' dir='ltr'>πάλιν</span> <span class='ocrx_word' id='word_1_673' title='bbox 1281 4677 1456 4742; x_wconf 75' lang='grc' dir='ltr'>τινάς,</span> <span class='ocrx_word' id='word_1_674' title='bbox 1498 4678 1733 4740; x_wconf 83' lang='grc' dir='ltr'>ὁπόσους</span> 
     </span>
    </p>
   </div>
   <div class='ocr_carea' id='block_1_95' title="bbox 151 4765 1733 4842">
    <p class='ocr_par' dir='ltr' id='par_1_95' title="bbox 151 4765 1733 4842">
     <span class='ocr_line' id='line_1_95' title="bbox 151 4765 1733 4842; baseline -0.002 -20"><span class='ocrx_word' id='word_1_675' title='bbox 151 4774 230 4842; x_wconf 66' lang='grc' dir='ltr'>μὴ</span> <span class='ocrx_word' id='word_1_676' title='bbox 259 4770 320 4822; x_wconf 86' lang='grc' dir='ltr'>τὸ</span> <span class='ocrx_word' id='word_1_677' title='bbox 351 4768 531 4822; x_wconf 77' lang='grc' dir='ltr'>κοινὸν</span> <span class='ocrx_word' id='word_1_678' title='bbox 556 4767 718 4839; x_wconf 56' lang='lat' dir='ltr'><strong>mlo;</strong></span> <span class='ocrx_word' id='word_1_679' title='bbox 746 4765 948 4837; x_wconf 76' lang='grc' dir='ltr'>δηλαδὴ</span> <span class='ocrx_word' id='word_1_680' title='bbox 974 4766 1397 4836; x_wconf 81' lang='grc' dir='ltr'>προαφήρπασε.</span> <span class='ocrx_word' id='word_1_681' title='bbox 1427 4767 1518 4837; x_wconf 82' lang='grc' dir='ltr'><strong>Μὴ</strong></span> <span class='ocrx_word' id='word_1_682' title='bbox 1548 4767 1733 4819; x_wconf 84' lang='grc' dir='ltr'>τοίνυν</span> 
     </span>
    </p>
   </div>
   <div class='ocr_carea' id='block_1_96' title="bbox 149 4857 1729 4938">
    <p class='ocr_par' dir='ltr' id='par_1_96' title="bbox 149 4857 1729 4938">
     <span class='ocr_line' id='line_1_96' title="bbox 149 4857 1729 4938; baseline 0 -27"><span class='ocrx_word' id='word_1_683' title='bbox 149 4864 420 4938; x_wconf 58' lang='grc' dir='ltr'>παρίδητε</span> <span class='ocrx_word' id='word_1_684' title='bbox 448 4863 590 4933; x_wconf 79' lang='grc' dir='ltr'>μήτε</span> <span class='ocrx_word' id='word_1_685' title='bbox 621 4861 757 4924; x_wconf 80' lang='grc' dir='ltr'>τοὺς.</span> <span class='ocrx_word' id='word_1_686' title='bbox 775 4859 976 4913; x_wconf 80' lang='grc' dir='ltr'>οὑτωσὶ</span> <span class='ocrx_word' id='word_1_687' title='bbox 1004 4860 1290 4928; x_wconf 73' lang='grc' dir='ltr'>κειμένους</span> <span class='ocrx_word' id='word_1_688' title='bbox 1323 4857 1433 4910; x_wconf 87' lang='grc' dir='ltr'><strong>τῶν</strong></span> <span class='ocrx_word' id='word_1_689' title='bbox 1460 4859 1729 4928; x_wconf 78' lang='grc' dir='ltr'>ἀδελφῶν,</span> 
     </span>
    </p>
   </div>
   <div class='ocr_carea' id='block_1_97' title="bbox 153 4947 1733 5028">
    <p class='ocr_par' dir='ltr' id='par_1_97' title="bbox 153 4947 1733 5028">
     <span class='ocr_line' id='line_1_97' title="bbox 153 4947 1733 5028; baseline -0.004 -20"><span class='ocrx_word' id='word_1_690' title='bbox 153 4958 314 5028; x_wconf 75' lang='grc' dir='ltr'>μήτε,</span> <span class='ocrx_word' id='word_1_691' title='bbox 345 4954 405 5008; x_wconf 79' lang='grc' dir='ltr'><strong>τὸ</strong></span> <span class='ocrx_word' id='word_1_692' title='bbox 425 4954 704 5024; x_wconf 73' lang='grc' dir='ltr'>μέγιστον,</span> <span class='ocrx_word' id='word_1_693' title='bbox 736 4951 963 5012; x_wconf 76' lang='grc' dir='ltr'>ἑαυτοὺς</span> <span class='ocrx_word' id='word_1_694' title='bbox 981 4947 1390 5018; x_wconf 83' lang='grc' dir='ltr'>ἀπολλυμένους</span> <span class='ocrx_word' id='word_1_695' title='bbox 1421 4949 1514 5001; x_wconf 76' lang='grc' dir='ltr'>καὶ</span> <span class='ocrx_word' id='word_1_696' title='bbox 1547 4949 1733 5003; x_wconf 81' lang='grc' dir='ltr'>κινδυ-</span> 
     </span>
    </p>
   </div>
   <div class='ocr_carea' id='block_1_98' title="bbox 149 5039 1732 5115">
    <p class='ocr_par' dir='ltr' id='par_1_98' title="bbox 149 5039 1732 5115">
     <span class='ocr_line' id='line_1_98' title="bbox 149 5039 1732 5115; baseline -0.005 -13"><span class='ocrx_word' id='word_1_697' title='bbox 149 5049 425 5115; x_wconf 71' lang='grc' dir='ltr'>νεύοντας.</span> <span class='ocrx_word' id='word_1_698' title='bbox 478 5043 660 5100; x_wconf 75' lang='grc' dir='ltr'>Γνῶτό</span> <span class='ocrx_word' id='word_1_699' title='bbox 711 5059 843 5097; x_wconf 82' lang='grc' dir='ltr'>ποτε</span> <span class='ocrx_word' id='word_1_700' title='bbox 890 5040 987 5094; x_wconf 76' lang='grc' dir='ltr'>καὶ</span> <span class='ocrx_word' id='word_1_701' title='bbox 1027 5040 1181 5111; x_wconf 83' lang='grc' dir='ltr'>μόλις</span> <span class='ocrx_word' id='word_1_702' title='bbox 1225 5039 1287 5092; x_wconf 85' lang='grc' dir='ltr'>τδ</span> <span class='ocrx_word' id='word_1_703' title='bbox 1316 5039 1410 5092; x_wconf 81' lang='grc' dir='ltr'>τοῦ</span> <span class='ocrx_word' id='word_1_704' title='bbox 1460 5040 1732 5112; x_wconf 81' lang='grc' dir='ltr'>δόγματος</span> 
     </span>
    </p>
   </div>
   <div class='ocr_carea' id='block_1_99' title="bbox 152 5130 1731 5208">
    <p class='ocr_par' dir='ltr' id='par_1_99' title="bbox 152 5130 1731 5208">
     <span class='ocr_line' id='line_1_99' title="bbox 152 5130 1731 5208; baseline -0.004 -15"><span class='ocrx_word' id='word_1_705' title='bbox 152 5137 417 5208; x_wconf 76' lang='grc' dir='ltr'>ἀσφαλές.</span> <span class='ocrx_word' id='word_1_706' title='bbox 447 5135 648 5204; x_wconf 71' lang='grc' dir='ltr'>Ἄφετε</span> <span class='ocrx_word' id='word_1_707' title='bbox 693 5133 792 5204; x_wconf 71' lang='grc' dir='ltr'>τὴν</span> <span class='ocrx_word' id='word_1_708' title='bbox 821 5132 1063 5204; x_wconf 87' lang='grc' dir='ltr'>ματαίαν</span> <span class='ocrx_word' id='word_1_709' title='bbox 1106 5130 1224 5200; x_wconf 68' lang='grc' dir='ltr'>ἔριν</span> <span class='ocrx_word' id='word_1_710' title='bbox 1271 5131 1457 5185; x_wconf 81' lang='grc' dir='ltr'>καὶτὸ</span> <span class='ocrx_word' id='word_1_711' title='bbox 1493 5131 1731 5200; x_wconf 82' lang='grc' dir='ltr'>φιλόνει-</span> 
     </span>
    </p>
   </div>
   <div class='ocr_carea' id='block_1_100' title="bbox 151 5216 1732 5296">
    <p class='ocr_par' dir='ltr' id='par_1_100' title="bbox 151 5216 1732 5296">
     <span class='ocr_line' id='line_1_100' title="bbox 151 5216 1732 5296; baseline -0.003 -17"><span class='ocrx_word' id='word_1_712' title='bbox 151 5243 269 5290; x_wconf 79' lang='grc' dir='ltr'>κον,</span> <span class='ocrx_word' id='word_1_713' title='bbox 301 5221 767 5296; x_wconf 67' lang='grc' dir='ltr'>μεταμεληθέντες</span> <span class='ocrx_word' id='word_1_714' title='bbox 813 5221 900 5290; x_wconf 68' lang='grc' dir='ltr'><strong>ἐφ’</strong></span> <span class='ocrx_word' id='word_1_715' title='bbox 931 5216 1012 5282; x_wconf 77' lang='grc' dir='ltr'>οἷς</span> <span class='ocrx_word' id='word_1_716' title='bbox 1054 5221 1300 5291; x_wconf 88' lang='grc' dir='ltr'>ἀκαίρως</span> <span class='ocrx_word' id='word_1_717' title='bbox 1344 5222 1600 5290; x_wconf 73' lang='grc' dir='ltr'>ἐνέστητε</span> <span class='ocrx_word' id='word_1_718' title='bbox 1637 5222 1732 5275; x_wconf 80' lang='grc' dir='ltr'>καὶ</span> 
     </span>
    </p>
   </div>
   <div class='ocr_carea' id='block_1_101' title="bbox 151 5307 1732 5382">
    <p class='ocr_par' dir='ltr' id='par_1_101' title="bbox 151 5307 1732 5382">
     <span class='ocr_line' id='line_1_101' title="bbox 151 5307 1732 5382; baseline -0.007 -10"><span class='ocrx_word' id='word_1_719' title='bbox 151 5317 275 5373; x_wconf 85' lang='grc' dir='ltr'>λίαν</span> <span class='ocrx_word' id='word_1_720' title='bbox 305 5311 640 5382; x_wconf 71' lang='grc' dir='ltr'>ῖπισφαλῶς.</span> <span class='ocrx_word' id='word_1_721' title='bbox 689 5308 1026 5380; x_wconf 69' lang='grc' dir='ltr'>Προσιλθετε</span> <span class='ocrx_word' id='word_1_722' title='bbox 1076 5311 1143 5379; x_wconf 76' lang='grc' dir='ltr'>τῇ</span> <span class='ocrx_word' id='word_1_723' title='bbox 1188 5307 1439 5380; x_wconf 76' lang='grc' dir='ltr'>ἀληθείᾳ,</span> <span class='ocrx_word' id='word_1_724' title='bbox 1475 5307 1570 5362; x_wconf 74' lang='grc' dir='ltr'>καὶ</span> <span class='ocrx_word' id='word_1_725' title='bbox 1599 5308 1732 5379; x_wconf 78' lang='grc' dir='ltr'>ἡμῖν</span> 
     </span>
    </p>
   </div>
   <div class='ocr_carea' id='block_1_102' title="bbox 155 5399 1732 5476">
    <p class='ocr_par' dir='ltr' id='par_1_102' title="bbox 155 5399 1732 5476">
     <span class='ocr_line' id='line_1_102' title="bbox 155 5399 1732 5476; baseline -0.008 -12"><span class='ocrx_word' id='word_1_726' title='bbox 155 5409 298 5464; x_wconf 77' lang='grc' dir='ltr'><strong>πατά</strong></span> <span class='ocrx_word' id='word_1_727' title='bbox 325 5407 530 5476; x_wconf 86' lang='grc' dir='ltr'>ταύτην</span> <span class='ocrx_word' id='word_1_728' title='bbox 563 5405 920 5474; x_wconf 77' lang='grc' dir='ltr'>ὁμονοήσατε.</span> <span class='ocrx_word' id='word_1_729' title='bbox 971 5399 1200 5464; x_wconf 86' lang='grc' dir='ltr'>Τούτοις</span> <span class='ocrx_word' id='word_1_730' title='bbox 1229 5403 1279 5455; x_wconf 84' lang='grc' dir='ltr'><strong>εἰ</strong></span> <span class='ocrx_word' id='word_1_731' title='bbox 1324 5401 1424 5470; x_wconf 72' lang='grc' dir='ltr'>μὲν</span> <span class='ocrx_word' id='word_1_732' title='bbox 1464 5401 1732 5468; x_wconf 82' lang='grc' dir='ltr'>πείθομεν</span> 
     </span>
    </p>
   </div>
   <div class='ocr_carea' id='block_1_103' title="bbox 151 5491 1732 5570">
    <p class='ocr_par' dir='ltr' id='par_1_103' title="bbox 151 5491 1732 5570">
     <span class='ocr_line' id='line_1_103' title="bbox 151 5491 1732 5570; baseline -0.01 -10"><span class='ocrx_word' id='word_1_733' title='bbox 151 5506 263 5566; x_wconf 87' lang='grc' dir='ltr'>τοῖς</span> <span class='ocrx_word' id='word_1_734' title='bbox 294 5502 498 5570; x_wconf 80' lang='grc' dir='ltr'>λόγοις,</span> <span class='ocrx_word' id='word_1_735' title='bbox 527 5499 824 5566; x_wconf 74' lang='grc' dir='ltr'>ἀγαπητοὶ,</span> <span class='ocrx_word' id='word_1_736' title='bbox 847 5493 1001 5548; x_wconf 83' lang='grc' dir='ltr'>δεῦτε</span> <span class='ocrx_word' id='word_1_737' title='bbox 1029 5493 1123 5547; x_wconf 58' lang='grc' dir='ltr'><strong>καλ⁵</strong></span> <span class='ocrx_word' id='word_1_738' title='bbox 1147 5493 1248 5556; x_wconf 77' lang='grc' dir='ltr'>τὰς</span> <span class='ocrx_word' id='word_1_739' title='bbox 1272 5492 1452 5557; x_wconf 78' lang='grc' dir='ltr'>δεξιὰς</span> <span class='ocrx_word' id='word_1_740' title='bbox 1476 5491 1732 5563; x_wconf 81' lang='grc' dir='ltr'>ἀλλήλοις</span> 
     </span>
    </p>
   </div>
   <div class='ocr_carea' id='block_1_104' title="bbox 154 5583 1731 5666">
    <p class='ocr_par' dir='ltr' id='par_1_104' title="bbox 154 5583 1731 5666">
     <span class='ocr_line' id='line_1_104' title="bbox 154 5583 1731 5666; baseline -0.008 -16"><span class='ocrx_word' id='word_1_741' title='bbox 154 5595 504 5666; x_wconf 73' lang='grc' dir='ltr'>ιμῦἀλωμεν.</span> <span class='ocrx_word' id='word_1_742' title='bbox 551 5587 684 5641; x_wconf 78' lang='grc' dir='ltr'>’ἰδοὺ</span> <span class='ocrx_word' id='word_1_743' title='bbox 715 5588 931 5658; x_wconf 85' lang='grc' dir='ltr'>πρῶτος</span> <span class='ocrx_word' id='word_1_744' title='bbox 975 5584 1088 5654; x_wconf 68' lang='grc' dir='ltr'><strong>ἐγὼ</strong></span> <span class='ocrx_word' id='word_1_745' title='bbox 1117 5583 1312 5652; x_wconf 82' lang='grc' dir='ltr'>δίδωμι</span> <span class='ocrx_word' id='word_1_746' title='bbox 1346 5584 1552 5652; x_wconf 88' lang='grc' dir='ltr'>ταύτην</span> <span class='ocrx_word' id='word_1_747' title='bbox 1600 5583 1731 5654; x_wconf 81' lang='grc' dir='ltr'>ὑμῖν</span> 
     </span>
    </p>
   </div>
   <div class='ocr_carea' id='block_1_105' title="bbox 155 5674 1731 5755">
    <p class='ocr_par' dir='ltr' id='par_1_105' title="bbox 155 5674 1731 5755">
     <span class='ocr_line' id='line_1_105' title="bbox 155 5674 1731 5755; baseline -0.01 -14"><span class='ocrx_word' id='word_1_748' title='bbox 155 5691 236 5751; x_wconf 84' lang='grc' dir='ltr'><strong>εἰς</strong></span> <span class='ocrx_word' id='word_1_749' title='bbox 263 5684 627 5755; x_wconf 77' lang='grc' dir='ltr'>ἀδιάῥρηκτον</span> <span class='ocrx_word' id='word_1_750' title='bbox 659 5677 1031 5748; x_wconf 69' lang='grc' dir='ltr'>πνευματικὸν</span> <span class='ocrx_word' id='word_1_751' title='bbox 1072 5674 1371 5743; x_wconf 76' lang='grc' dir='ltr'>σύνδεσμον</span> <span class='ocrx_word' id='word_1_752' title='bbox 1394 5691 1409 5707; x_wconf 89' lang='grc'><strong>·</strong></span> <span class='ocrx_word' id='word_1_753' title='bbox 1442 5676 1535 5728; x_wconf 71' lang='grc' dir='ltr'>καὶ</span> <span class='ocrx_word' id='word_1_754' title='bbox 1569 5675 1731 5744; x_wconf 83' lang='grc' dir='ltr'>ὑμεῖς</span> 
     </span>
    </p>
   </div>
   <div class='ocr_carea' id='block_1_106' title="bbox 155 5766 1728 5845">
    <p class='ocr_par' dir='ltr' id='par_1_106' title="bbox 155 5766 1728 5845">
     <span class='ocr_line' id='line_1_106' title="bbox 155 5766 1728 5845; baseline -0.008 -13"><span class='ocrx_word' id='word_1_755' title='bbox 155 5774 416 5840; x_wconf 80' lang='grc' dir='ltr'>ὡσαύτως</span> <span class='ocrx_word' id='word_1_756' title='bbox 444 5774 577 5845; x_wconf 77' lang='grc' dir='ltr'>ἡμῖν</span> <span class='ocrx_word' id='word_1_757' title='bbox 606 5771 706 5835; x_wconf 78' lang='grc' dir='ltr'>τὰς</span> <span class='ocrx_word' id='word_1_758' title='bbox 762 5769 1031 5839; x_wconf 79' lang='grc' dir='ltr'>σφετέρας</span> <span class='ocrx_word' id='word_1_759' title='bbox 1079 5766 1370 5838; x_wconf 56' lang='lat' dir='ltr'><strong>lupinus,</strong></span> <span class='ocrx_word' id='word_1_760' title='bbox 1409 5766 1506 5820; x_wconf 77' lang='grc' dir='ltr'>καὶ</span> <span class='ocrx_word' id='word_1_761' title='bbox 1563 5767 1728 5838; x_wconf 80' lang='grc' dir='ltr'>στῆτε</span> 
     </span>
    </p>
   </div>
   <div class='ocr_carea' id='block_1_107' title="bbox 161 5859 1728 5944">
    <p class='ocr_par' dir='ltr' id='par_1_107' title="bbox 161 5859 1728 5944">
     <span class='ocr_line' id='line_1_107' title="bbox 161 5859 1728 5944; baseline -0.006 -18"><span class='ocrx_word' id='word_1_762' title='bbox 161 5870 279 5944; x_wconf 82' lang='grc' dir='ltr'>μεθ’</span> <span class='ocrx_word' id='word_1_763' title='bbox 305 5869 466 5942; x_wconf 78' lang='grc' dir='ltr'>ἡμῶν</span> <span class='ocrx_word' id='word_1_764' title='bbox 499 5867 550 5923; x_wconf 85' lang='grc' dir='ltr'><strong>οἰ</strong></span> <span class='ocrx_word' id='word_1_765' title='bbox 601 5865 802 5930; x_wconf 77' lang='grc' dir='ltr'>πάντες</span> <span class='ocrx_word' id='word_1_766' title='bbox 851 5862 992 5919; x_wconf 86' lang='grc' dir='ltr'><strong>κατά</strong></span> <span class='ocrx_word' id='word_1_767' title='bbox 1039 5861 1259 5918; x_wconf 81' lang='grc' dir='ltr'>ταυτόν.</span> <span class='ocrx_word' id='word_1_768' title='bbox 1313 5859 1728 5931; x_wconf 76' lang='grc' dir='ltr'>Μεγαλύνωμεν</span> 
     </span>
    </p>
   </div>
   <div class='ocr_carea' id='block_1_108' title="bbox 1839 4677 3418 4747">
    <p class='ocr_par' dir='ltr' id='par_1_108' title="bbox 1839 4677 3418 4747">
     <span class='ocr_line' id='line_1_108' title="bbox 1839 4677 3418 4747; baseline 0.009 -18"><span class='ocrx_word' id='word_1_769' title='bbox 1839 4677 1926 4742; x_wconf 88' lang='lat' dir='ltr'><strong>tis,</strong></span> <span class='ocrx_word' id='word_1_770' title='bbox 1961 4691 2103 4747; x_wconf 90' lang='lat' dir='ltr'><strong>quos</strong></span> <span class='ocrx_word' id='word_1_771' title='bbox 2139 4691 2436 4735; x_wconf 87' lang='lat' dir='ltr'><strong>commune</strong></span> <span class='ocrx_word' id='word_1_772' title='bbox 2465 4679 2634 4736; x_wconf 88' lang='lat' dir='ltr'><strong>fatum</strong></span> <span class='ocrx_word' id='word_1_773' title='bbox 2665 4696 2778 4736; x_wconf 91' lang='lat' dir='ltr'><strong>non</strong></span> <span class='ocrx_word' id='word_1_774' title='bbox 2807 4685 3054 4739; x_wconf 84' lang='lat' dir='ltr'><strong>sustulit.</strong></span> <span class='ocrx_word' id='word_1_775' title='bbox 3086 4683 3163 4740; x_wconf 86' lang='grc' dir='ltr'>Νε</span> <span class='ocrx_word' id='word_1_776' title='bbox 3213 4685 3418 4744; x_wconf 79' lang='lat' dir='ltr'><strong>fratres</strong></span> 
     </span>
    </p>
   </div>
   <div class='ocr_carea' id='block_1_109' title="bbox 1835 4765 3415 4840">
    <p class='ocr_par' dir='ltr' id='par_1_109' title="bbox 1835 4765 3415 4840">
     <span class='ocr_line' id='line_1_109' title="bbox 1835 4765 3415 4840; baseline 0.007 -20"><span class='ocrx_word' id='word_1_777' title='bbox 1835 4765 1917 4820; x_wconf 88' lang='lat' dir='ltr'><strong>sic</strong></span> <span class='ocrx_word' id='word_1_778' title='bbox 1943 4765 2213 4836; x_wconf 70' lang='lat' dir='ltr'><strong>iacentes,</strong></span> <span class='ocrx_word' id='word_1_779' title='bbox 2249 4776 2305 4823; x_wconf 90' lang='lat' dir='ltr'><strong>et</strong></span> <span class='ocrx_word' id='word_1_780' title='bbox 2335 4767 2481 4838; x_wconf 89' lang='lat' dir='ltr'><strong>quod</strong></span> <span class='ocrx_word' id='word_1_781' title='bbox 2517 4771 2871 4840; x_wconf 85' lang='lat' dir='ltr'><strong>potissimum</strong></span> <span class='ocrx_word' id='word_1_782' title='bbox 2914 4784 3044 4839; x_wconf 63' lang='grc' dir='ltr'>εει,</span> <span class='ocrx_word' id='word_1_783' title='bbox 3069 4789 3138 4830; x_wconf 83' lang='grc' dir='ltr'><strong>ηε</strong></span> <span class='ocrx_word' id='word_1_784' title='bbox 3170 4785 3415 4830; x_wconf 86' lang='lat' dir='ltr'><strong>vosmet-</strong></span> 
     </span>
    </p>
   </div>
   <div class='ocr_carea' id='block_1_110' title="bbox 1837 4857 3412 4935">
    <p class='ocr_par' dir='ltr' id='par_1_110' title="bbox 1837 4857 3412 4935">
     <span class='ocr_line' id='line_1_110' title="bbox 1837 4857 3412 4935; baseline 0.008 -25"><span class='ocrx_word' id='word_1_785' title='bbox 1837 4858 1984 4927; x_wconf 86' lang='lat' dir='ltr'><strong>ipsos</strong></span> <span class='ocrx_word' id='word_1_786' title='bbox 2025 4857 2079 4911; x_wconf 95' lang='lat' dir='ltr'><strong>in</strong></span> <span class='ocrx_word' id='word_1_787' title='bbox 2110 4859 2471 4927; x_wconf 79' lang='lat' dir='ltr'><strong>perditionem</strong></span> <span class='ocrx_word' id='word_1_788' title='bbox 2518 4872 2744 4918; x_wconf 87' lang='lat' dir='ltr'><strong>ruentes</strong></span> <span class='ocrx_word' id='word_1_789' title='bbox 2791 4863 3280 4935; x_wconf 84' lang='lat' dir='ltr'><strong>periclitantesque</strong></span> <span class='ocrx_word' id='word_1_790' title='bbox 3320 4885 3412 4923; x_wconf 84' lang='lat' dir='ltr'><strong>ne-</strong></span> 
     </span>
    </p>
   </div>
   <div class='ocr_carea' id='block_1_111' title="bbox 1835 4949 3410 5026">
    <p class='ocr_par' dir='ltr' id='par_1_111' title="bbox 1835 4949 3410 5026">
     <span class='ocr_line' id='line_1_111' title="bbox 1835 4949 3410 5026; baseline 0.01 -24"><span class='ocrx_word' id='word_1_791' title='bbox 1835 4950 2072 5019; x_wconf 75' lang='lat' dir='ltr'><strong>gligatis.</strong></span> <span class='ocrx_word' id='word_1_792' title='bbox 2117 4949 2448 5021; x_wconf 70' lang='lat' dir='ltr'><strong>Cognoscite</strong></span> <span class='ocrx_word' id='word_1_793' title='bbox 2511 4953 2730 5007; x_wconf 79' lang='lat' dir='ltr'><strong>tandem</strong></span> <span class='ocrx_word' id='word_1_794' title='bbox 2786 4955 3084 5026; x_wconf 81' lang='lat' dir='ltr'><strong>aliquando</strong></span> <span class='ocrx_word' id='word_1_795' title='bbox 3144 4959 3410 5026; x_wconf 67' lang='lat' dir='ltr'><strong>dogmatis</strong></span> 
     </span>
    </p>
   </div>
   <div class='ocr_carea' id='block_1_112' title="bbox 1840 5041 3413 5121">
    <p class='ocr_par' dir='ltr' id='par_1_112' title="bbox 1840 5041 3413 5121">
     <span class='ocr_line' id='line_1_112' title="bbox 1840 5041 3413 5121; baseline 0.006 -24"><span class='ocrx_word' id='word_1_796' title='bbox 1840 5041 2221 5107; x_wconf 87' lang='lat' dir='ltr'><strong>securitatem,</strong></span> <span class='ocrx_word' id='word_1_797' title='bbox 2261 5042 2457 5098; x_wconf 89' lang='lat' dir='ltr'><strong>inanes</strong></span> <span class='ocrx_word' id='word_1_798' title='bbox 2491 5043 2876 5102; x_wconf 82' lang='lat' dir='ltr'><strong>dissensiones.</strong></span> <span class='ocrx_word' id='word_1_799' title='bbox 2914 5050 3413 5121; x_wconf 78' lang='lat' dir='ltr'><strong>contentionesque</strong></span> 
     </span>
    </p>
   </div>
   <div class='ocr_carea' id='block_1_113' title="bbox 1837 5128 3413 5204">
    <p class='ocr_par' dir='ltr' id='par_1_113' title="bbox 1837 5128 3413 5204">
     <span class='ocr_line' id='line_1_113' title="bbox 1837 5128 3413 5204; baseline 0.006 -20"><span class='ocrx_word' id='word_1_800' title='bbox 1837 5131 2033 5186; x_wconf 83' lang='lat' dir='ltr'><strong>missas</strong></span> <span class='ocrx_word' id='word_1_801' title='bbox 2067 5128 2259 5196; x_wconf 83' lang='lat' dir='ltr'><strong>facite,</strong></span> <span class='ocrx_word' id='word_1_802' title='bbox 2293 5143 2350 5186; x_wconf 89' lang='lat' dir='ltr'><strong>et</strong></span> <span class='ocrx_word' id='word_1_803' title='bbox 2397 5131 2466 5186; x_wconf 83' lang='lat' dir='ltr'><strong>de</strong></span> <span class='ocrx_word' id='word_1_804' title='bbox 2500 5131 2610 5188; x_wconf 87' lang='lat' dir='ltr'><strong>illis</strong></span> <span class='ocrx_word' id='word_1_805' title='bbox 2649 5147 2770 5202; x_wconf 66' lang='lat' dir='ltr'><strong>qua</strong></span> <span class='ocrx_word' id='word_1_806' title='bbox 2800 5134 3168 5204; x_wconf 83' lang='lat' dir='ltr'><strong>inopportune</strong></span> <span class='ocrx_word' id='word_1_807' title='bbox 3209 5147 3264 5191; x_wconf 87' lang='lat' dir='ltr'><strong>et</strong></span> <span class='ocrx_word' id='word_1_808' title='bbox 3305 5154 3413 5193; x_wconf 80' lang='lat' dir='ltr'><strong>nun</strong></span> 
     </span>
    </p>
   </div>
   <div class='ocr_carea' id='block_1_114' title="bbox 1834 5221 3417 5298">
    <p class='ocr_par' dir='ltr' id='par_1_114' title="bbox 1834 5221 3417 5298">
     <span class='ocr_line' id='line_1_114' title="bbox 1834 5221 3417 5298; baseline 0.004 -23"><span class='ocrx_word' id='word_1_809' title='bbox 1834 5221 2042 5291; x_wconf 85' lang='lat' dir='ltr'><strong>absque</strong></span> <span class='ocrx_word' id='word_1_810' title='bbox 2103 5237 2288 5278; x_wconf 86' lang='lat' dir='ltr'><strong>errore</strong></span> <span class='ocrx_word' id='word_1_811' title='bbox 2347 5227 2726 5295; x_wconf 71' lang='lat' dir='ltr'><strong>oppugnantis,</strong></span> <span class='ocrx_word' id='word_1_812' title='bbox 2796 5227 3174 5296; x_wconf 63' lang='lat' dir='ltr'><strong>paenitentiam</strong></span> <span class='ocrx_word' id='word_1_813' title='bbox 3242 5229 3417 5298; x_wconf 72' lang='lat' dir='ltr'><strong>agite.</strong></span> 
     </span>
    </p>
   </div>
   <div class='ocr_carea' id='block_1_115' title="bbox 1835 5310 3414 5382">
    <p class='ocr_par' dir='ltr' id='par_1_115' title="bbox 1835 5310 3414 5382">
     <span class='ocr_line' id='line_1_115' title="bbox 1835 5310 3414 5382; baseline 0.007 -16"><span class='ocrx_word' id='word_1_814' title='bbox 1835 5310 2152 5382; x_wconf 74' lang='lat' dir='ltr'><strong>Remigrate</strong></span> <span class='ocrx_word' id='word_1_815' title='bbox 2183 5313 2252 5368; x_wconf 91' lang='lat' dir='ltr'><strong>ad</strong></span> <span class='ocrx_word' id='word_1_816' title='bbox 2286 5315 2595 5379; x_wconf 81' lang='lat' dir='ltr'><strong>veritatem.</strong></span> <span class='ocrx_word' id='word_1_817' title='bbox 2632 5327 2688 5371; x_wconf 87' lang='lat' dir='ltr'><strong>et</strong></span> <span class='ocrx_word' id='word_1_818' title='bbox 2715 5331 2826 5370; x_wconf 89' lang='lat' dir='ltr'><strong>una</strong></span> <span class='ocrx_word' id='word_1_819' title='bbox 2872 5319 3159 5373; x_wconf 87' lang='lat' dir='ltr'><strong>nobiscum</strong></span> <span class='ocrx_word' id='word_1_820' title='bbox 3189 5321 3255 5374; x_wconf 87' lang='lat' dir='ltr'><strong>ad</strong></span> <span class='ocrx_word' id='word_1_821' title='bbox 3291 5335 3414 5377; x_wconf 84' lang='lat' dir='ltr'><strong>eam</strong></span> 
     </span>
    </p>
   </div>
   <div class='ocr_carea' id='block_1_116' title="bbox 1837 5405 3413 5481">
    <p class='ocr_par' dir='ltr' id='par_1_116' title="bbox 1837 5405 3413 5481">
     <span class='ocr_line' id='line_1_116' title="bbox 1837 5405 3413 5481; baseline 0.005 -23"><span class='ocrx_word' id='word_1_822' title='bbox 1837 5405 2180 5460; x_wconf 86' lang='lat' dir='ltr'><strong>retinendam</strong></span> <span class='ocrx_word' id='word_1_823' title='bbox 2212 5408 2550 5475; x_wconf 81' lang='lat' dir='ltr'><strong>conspirate.</strong></span> <span class='ocrx_word' id='word_1_824' title='bbox 2589 5407 2687 5464; x_wconf 85' lang='lat' dir='ltr'><strong>liis</strong></span> <span class='ocrx_word' id='word_1_825' title='bbox 2721 5411 3070 5466; x_wconf 83' lang='lat' dir='ltr'><strong>sermonibus</strong></span> <span class='ocrx_word' id='word_1_826' title='bbox 3101 5411 3147 5466; x_wconf 87' lang='lat' dir='ltr'><strong>si</strong></span> <span class='ocrx_word' id='word_1_827' title='bbox 3185 5427 3413 5481; x_wconf 83' lang='lat' dir='ltr'><strong>persua-</strong></span> 
     </span>
    </p>
   </div>
   <div class='ocr_carea' id='block_1_117' title="bbox 1832 5497 3421 5570">
    <p class='ocr_par' dir='ltr' id='par_1_117' title="bbox 1832 5497 3421 5570">
     <span class='ocr_line' id='line_1_117' title="bbox 1832 5497 3421 5570; baseline 0.004 -18"><span class='ocrx_word' id='word_1_828' title='bbox 1832 5497 2050 5562; x_wconf 88' lang='lat' dir='ltr'><strong>demus,</strong></span> <span class='ocrx_word' id='word_1_829' title='bbox 2081 5512 2114 5552; x_wconf 92' lang='lat' dir='ltr'><strong>o</strong></span> <span class='ocrx_word' id='word_1_830' title='bbox 2145 5498 2331 5562; x_wconf 87' lang='lat' dir='ltr'><strong>amici,</strong></span> <span class='ocrx_word' id='word_1_831' title='bbox 2381 5499 2466 5553; x_wconf 90' lang='lat' dir='ltr'><strong>eia</strong></span> <span class='ocrx_word' id='word_1_832' title='bbox 2501 5501 2648 5570; x_wconf 72' lang='lat' dir='ltr'><strong>agite</strong></span> <span class='ocrx_word' id='word_1_833' title='bbox 2673 5499 2788 5569; x_wconf 84' lang='lat' dir='ltr'><strong>jam</strong></span> <span class='ocrx_word' id='word_1_834' title='bbox 2826 5499 3083 5556; x_wconf 78' lang='lat' dir='ltr'><strong>dexteras</strong></span> <span class='ocrx_word' id='word_1_835' title='bbox 3130 5503 3421 5559; x_wconf 79' lang='lat' dir='ltr'><strong>alterutris</strong></span> 
     </span>
    </p>
   </div>
   <div class='ocr_carea' id='block_1_118' title="bbox 1833 5588 3415 5663">
    <p class='ocr_par' dir='ltr' id='par_1_118' title="bbox 1833 5588 3415 5663">
     <span class='ocr_line' id='line_1_118' title="bbox 1833 5588 3415 5663; baseline 0.006 -20"><span class='ocrx_word' id='word_1_836' title='bbox 1833 5591 2202 5661; x_wconf 75' lang='lat' dir='ltr'><strong>porrigamus.</strong></span> <span class='ocrx_word' id='word_1_837' title='bbox 2235 5588 2314 5644; x_wconf 84' lang='lat' dir='ltr'><strong>En</strong></span> <span class='ocrx_word' id='word_1_838' title='bbox 2341 5605 2443 5661; x_wconf 71' lang='lat' dir='ltr'><strong>ego</strong></span> <span class='ocrx_word' id='word_1_839' title='bbox 2476 5592 2596 5660; x_wconf 84' lang='lat' dir='ltr'><strong>ipse</strong></span> <span class='ocrx_word' id='word_1_840' title='bbox 2639 5593 2857 5663; x_wconf 89' lang='lat' dir='ltr'><strong>primus</strong></span> <span class='ocrx_word' id='word_1_841' title='bbox 2889 5595 3135 5649; x_wconf 88' lang='lat' dir='ltr'><strong>omnium</strong></span> <span class='ocrx_word' id='word_1_842' title='bbox 3170 5596 3326 5651; x_wconf 74' lang='lat' dir='ltr'><strong>vobis</strong></span> <span class='ocrx_word' id='word_1_843' title='bbox 3357 5599 3415 5652; x_wconf 82' lang='lat' dir='ltr'><strong>in</strong></span> 
     </span>
    </p>
   </div>
   <div class='ocr_carea' id='block_1_119' title="bbox 1821 5671 3416 5754">
    <p class='ocr_par' dir='ltr' id='par_1_119' title="bbox 1821 5671 3416 5754">
     <span class='ocr_line' id='line_1_119' title="bbox 1821 5671 3416 5754; baseline 0.006 -21"><span class='ocrx_word' id='word_1_844' title='bbox 1821 5671 2235 5736; x_wconf 74' lang='lat' dir='ltr'><strong>indissolubilis</strong></span> <span class='ocrx_word' id='word_1_845' title='bbox 2290 5683 2558 5751; x_wconf 86' lang='lat' dir='ltr'><strong>spiritalis</strong></span> <span class='ocrx_word' id='word_1_846' title='bbox 2585 5685 2792 5740; x_wconf 68' lang='lat' dir='ltr'><strong>vinculi</strong></span> <span class='ocrx_word' id='word_1_847' title='bbox 2845 5685 3064 5754; x_wconf 76' lang='lat' dir='ltr'><strong>signum</strong></span> <span class='ocrx_word' id='word_1_848' title='bbox 3095 5701 3216 5740; x_wconf 87' lang='lat' dir='ltr'><strong>eam</strong></span> <span class='ocrx_word' id='word_1_849' title='bbox 3263 5688 3416 5742; x_wconf 77' lang='lat' dir='ltr'><strong>exiti-</strong></span> 
     </span>
    </p>
   </div>
   <div class='ocr_carea' id='block_1_120' title="bbox 1833 5771 3413 5841">
    <p class='ocr_par' dir='ltr' id='par_1_120' title="bbox 1833 5771 3413 5841">
     <span class='ocr_line' id='line_1_120' title="bbox 1833 5771 3413 5841; baseline 0.004 -15"><span class='ocrx_word' id='word_1_850' title='bbox 1833 5772 1936 5826; x_wconf 83' lang='lat' dir='ltr'><strong>beo</strong></span> <span class='ocrx_word' id='word_1_851' title='bbox 1966 5787 1984 5827; x_wconf 90' lang='lat'><strong>:</strong></span> <span class='ocrx_word' id='word_1_852' title='bbox 2019 5780 2074 5826; x_wconf 83' lang='lat' dir='ltr'><strong>et</strong></span> <span class='ocrx_word' id='word_1_853' title='bbox 2101 5784 2197 5827; x_wconf 79' lang='lat' dir='ltr'><strong>vos</strong></span> <span class='ocrx_word' id='word_1_854' title='bbox 2230 5771 2483 5828; x_wconf 86' lang='lat' dir='ltr'><strong>similiter</strong></span> <span class='ocrx_word' id='word_1_855' title='bbox 2511 5784 2724 5830; x_wconf 70' lang='lat' dir='ltr'><strong>vestras</strong></span> <span class='ocrx_word' id='word_1_856' title='bbox 2756 5775 3060 5841; x_wconf 79' lang='lat' dir='ltr'><strong>concedite,</strong></span> <span class='ocrx_word' id='word_1_857' title='bbox 3107 5785 3161 5831; x_wconf 92' lang='lat' dir='ltr'><strong>et</strong></span> <span class='ocrx_word' id='word_1_858' title='bbox 3191 5791 3222 5831; x_wconf 90' lang='lat' dir='ltr'><strong>a</strong></span> <span class='ocrx_word' id='word_1_859' title='bbox 3251 5775 3413 5832; x_wconf 87' lang='lat' dir='ltr'><strong>nobis</strong></span> 
     </span>
    </p>
   </div>
   <div class='ocr_carea' id='block_1_121' title="bbox 1833 5864 3410 5938">
    <p class='ocr_par' dir='ltr' id='par_1_121' title="bbox 1833 5864 3410 5938">
     <span class='ocr_line' id='line_1_121' title="bbox 1833 5864 3410 5938; baseline 0.005 -20"><span class='ocrx_word' id='word_1_860' title='bbox 1833 5878 2029 5920; x_wconf 86' lang='lat' dir='ltr'><strong>omnes</strong></span> <span class='ocrx_word' id='word_1_861' title='bbox 2056 5873 2217 5929; x_wconf 84' lang='lat' dir='ltr'><strong>state.</strong></span> <span class='ocrx_word' id='word_1_862' title='bbox 2249 5875 2301 5920; x_wconf 89' lang='lat' dir='ltr'><strong>et</strong></span> <span class='ocrx_word' id='word_1_863' title='bbox 2327 5867 2622 5926; x_wconf 83' lang='lat' dir='ltr'><strong>unanimes</strong></span> <span class='ocrx_word' id='word_1_864' title='bbox 2649 5864 2944 5925; x_wconf 79' lang='lat' dir='ltr'><strong>Dominum</strong></span> <span class='ocrx_word' id='word_1_865' title='bbox 2975 5868 3410 5938; x_wconf 60' lang='lat' dir='ltr'><strong>assumamus.</strong></span> 
     </span>
    </p>
   </div>
  </div>
