4074 6430
121 372 267 439 1285

1331 368 1658 430 GEORGII
1702 358 2163 434 METOClIlTiE

3247 359 3384 424 1286

118 486 212 547 δος
248 484 336 538 δά
365 483 551 547 δυάδος
573 482 770 554 ἁπλῆς.
792 486 944 539 Ἐπεὶ
960 482 1054 541 03v
1073 487 1133 541 τδ
1152 488 1307 541 Θεῖον
1330 487 1389 541 ἓν
1423 490 1520 541 καὶ
1538 489 1716 559 τριάς·

1818 485 1988 539 Patres
2016 490 2357 543 asseverant,
2395 481 2583 534 eadem
2611 479 2662 534 vi
2702 478 2965 549 polleant.
3014 477 3227 533 Etenim
3257 494 3383 534 cum

122 576 266 640 ἐστι,
286 577 378 628 καὶ
401 575 472 637 ὡς
509 576 607 643 μὲν
638 576 696 630 ἓν
740 578 1123 651 άπαράδεκτόν
1152 582 1270 632 ἐστι
1321 581 1415 633 καὶ
1445 578 1704 650 ἀριθμοῦ,

120 668 225 720 καὶ
255 666 580 735 μεσότητος,
605 668 699 720 καὶ
727 668 957 735 τάξεως,
993 670 1226 723 καὶτῶν
1273 670 1560 723 τοιούτων·
1602 669 1707 723 ποῦ

121 756 234 824 γάρ
258 754 337 825 τῷ
368 755 449 809 ἑνὶ
485 756 723 828 τῷὑπὲρ
747 761 855 812 πᾶν
884 759 943 812 ἐν
976 760 1090 813 δντι
1110 761 1275 813 ποσὸν
1298 761 1390 813 καὶ
1422 761 1586 830 μέσον
1611 762 1709 814 καὶ

119 847 278 911 τάξις
305 850 363 898 ἐν
385 847 631 901 πλείοσιν
665 849 696 917 ἢ
734 851 882 918 τρισὶ
912 851 1265 921 τούλάχιστον
1289 852 1445 903 ταυτὶ
1480 850 1711 921 θεωρούι

126 953 264 1006 μενα
286 936 393 999 ub;
412 938 467 990 δὲ
488 939 613 1006 τρία
632 938 840 993 τούτων
866 942 984 993 ἐστὶ
1000 941 1275 1003 δεκτικὸν,
1297 942 1436 1011 πλὴν
1455 942 1550 994 καὶ
1565 941 1709 994 οὕτω

124 1030 476 1099 θεοπρεπῶς,
492 1032 583 1084 καὶ
616 1036 738 1094 ταῖς
766 1035 893 1103 περὶ
912 1033 1048 1087 Θεοῦ
1080 1035 1432 1103 καταλλήλως
1455 1037 1706 1099 ἐννοίαις,

123 1123 224 1173 καὶ
267 1122 329 1173 τὸ
352 1122 446 1174 τοῦ
500 1123 733 1194 ἀριθμοῦ
791 1126 1145 1195 παράδειγμα
1199 1128 1294 1181 τοῦ
1351 1129 1709 1198 διωρισμένου

122 1212 295 1265 ποσοῦ
314 1215 583 1283 τυγχάνον
616 1218 695 1277 είς
726 1218 996 1275 εἰκασίαν-
1010 1218 1529 1289 παραληφθήσεται,
1560 1219 1701 1273 καθὸ

122 1302 221 1353 καὶ
254 1303 287 1372 ἡ
314 1303 484 1372 Τριάς
522 1305 843 1375 διορίζεται,
866 1308 985 1369 ταῖς
1010 1308 1154 1360 κατὰ
1181 1309 1281 1378 τὴν
1314 1309 1541 1378 πρόοδον
1579 1306 1711 1361 ὑπο-

125 1395 413 1456 στατικαῖς
446 1394 693 1463 ἰδιότησι.
748 1398 1054 1464 Διαιρεῖται
1085 1400 1194 1467 γάρ
1227 1399 1579 1469 άδιαιρέτως,
1614 1400 1709 1453 και

120 1485 464 1538 συνάπτεται
497 1485 846 1556 διῃρημένως
866 1489 942 1557 τῷ
972 1490 1397 1559 παραδόξῳντῆς
1416 1488 1582 1552 θείας
1608 1507 1707 1560 με·

123 1573 505 1644 γαλειότητος.
564 1576 671 1630 Τοῦ
716 1579 912 1632 λοιποῦ
973 1583 1211 1651 πρόσχες
1272 1582 1408 1649 πρδς
1468 1582 1604 1635 Θεοῦ
1680 1586 1709 1637 ὁ

124 1666 425 1735 ἀκροατής.
450 1668 793 1738 Προθέμενος
818 1673 845 1723 ό
875 1672 1117 1741 ἐρωτῶν,
1139 1674 1215 1735 ὡς
1244 1673 1703 1744 διαπορούμενος,

124 1756 249 1819 πῶς
267 1759 330 1810 ὲκ
355 1759 453 1828 τῆς
468 1760 638 1814 άΰλου
655 1762 848 1824 δυάδος
865 1762 927 1815 τὸ
944 1762 1001 1816 ἓν
1019 1760 1163 1817 εἶναι
1181 1765 1429 1829 δύναται,
1451 1769 1545 1819 καὶ
1568 1783 1709 1836 παρ-

1813 575 2177 643 interrogans,
2209 585 2401 640 neque,
2454 570 2577 623 aliis
2612 584 2791 639 neque
2822 568 3102 635 exemplis,
3134 567 3227 636 qui
3259 583 3385 622 eum

1811 672 2234 732 praecesserunt,
2280 663 2591 715 divinorum
2643 660 2860 729 pietatis
2902 660 3249 729 principum,
3292 661 3388 713 sed

1813 756 2051 825 propriis
2081 754 2317 816 insistat,
2360 766 2551 806 eorum
2578 768 2797 820 quoque
2830 752 2973 806 dicta
3007 767 3114 804 non
3143 753 3211 813 ab
3239 752 3387 819 ipso,

1811 847 1907 901 sed
1944 861 1973 900 a
2007 846 2241 900 veritate
2273 845 2608 905 emanantia,
2643 844 2724 896 uti
2760 842 2837 896 illi
2879 844 3218 898 lucidissime
3248 843 3389 896 irra-

1810 940 1981 1003 diare,
2018 937 2501 991 demonstrabitur.
2534 934 2805 987 Numerus
2836 936 2983 989 enim
3007 935 3165 989 divisi
3196 944 3301 998 est,
3324 952 3389 989 ex

1809 1046 1919 1099 quo
1952 1028 2248 1091 enascitur,
2285 1042 2393 1079 non
2422 1026 2689 1090 continui,
2720 1036 2775 1079 et
2822 1028 3122 1080 secundum
3163 1026 3389 1080 divisio-

1810 1136 1934 1174 nem
1985 1118 2333 1188 singulariter
2366 1116 2642 1185 provenit,
2674 1132 2784 1169 non
2816 1116 3118 1170 secundum
3164 1132 3391 1185 compo-

1811 1212 2087 1273 sitionem,
2120 1226 2185 1265 ex
2221 1211 2431 1263 unitate
2467 1200 2722 1270 dualitas,
2753 1219 2807 1261 et
2839 1225 2903 1261 ex
2934 1211 3195 1264 dualitate
3234 1211 3389 1273 trias,

1810 1318 1918 1356 non
1949 1317 2067 1371 quae
2118 1309 2501 1369 componatur,
2534 1300 2631 1355 sed
2682 1317 2747 1355 ex
2793 1301 3053 1355 dualitate
3104 1302 3270 1354 veluti
3321 1304 3401 1377 ad,

1810 1392 2076 1446 unitatem
2104 1434 2118 1455 ,
2148 1407 2269 1461 quae
2297 1400 2424 1445 ante
2454 1391 2625 1460 ipsam
2658 1400 2762 1455 est,
2797 1397 2891 1443 aut
2930 1406 2994 1445 ex
3040 1390 3249 1445 unitate
3292 1407 3393 1461 per

1812 1480 2127 1537 dualitatem
2155 1483 2484 1553 simplicem.
2517 1482 2747 1547 Quando
2780 1482 2946 1553 igitur
2973 1483 3115 1537 Deus
3145 1499 3311 1537 unum
3338 1492 3394 1539 et

1808 1573 2025 1625 trinitas
2054 1582 2158 1635 est,
2188 1582 2244 1626 et
2294 1580 2355 1624 ut
2402 1582 2813 1642 unum,‘neqne
2846 1584 3139 1627 numerum
3162 1612 3176 1636 ,
3210 1588 3393 1640 neque

1809 1664 2073 1728 medium,
2117 1678 2295 1731 neque
2352 1664 2629 1731 ordinem,
2657 1680 2837 1732 neque
2896 1665 3094 1718 similia
3141 1664 3391 1733 suscipit.

1810 1754 2099 1809 Undenam
2146 1755 2293 1809 enim
2344 1756 2398 1809 in
2451 1771 2583 1820 uno,
2610 1758 2754 1826 quod
2796 1773 2961 1825 supra
3005 1770 3168 1830 omne
3217 1773 3389 1837 quum

125 1848 291 1911 ευθῦ;
319 1851 416 1921 τὴν
443 1852 623 1905 αἰτίαν
653 1854 953 1922 ἐπαγαγὼν
982 1855 1078 1908 τοῦ
1111 1857 1187 1926 μὴ
1214 1856 1471 1919 δυνατὸν,
1502 1856 1582 1926 τῷ
1605 1856 1705 1927 τὴν

1818 1856 1911 1910 εει,
1956 1856 2013 1901 et
2053 1848 2330 1917 quantitas
2372 1855 2428 1902 et
2462 1850 2703 1903 medium
2738 1857 2795 1904 et
2834 1849 2970 1904 ordo
3022 1850 3078 1903 in
3116 1850 3393 1919 pluribus,

132 1942 338 2011 μονάδα
355 1942 534 1997 αίτίαν
550 1941 689 1998 εἶναι
706 1947 799 1998 καὶ
823 1948 884 1999 οὐ
901 1946 1091 2013 δυάδα,
1111 1949 1186 2011 ὡς
1206 1949 1405 2001 ἐθέλων
1423 1949 1510 2002 διά
1534 1950 1710 2019 μέσης

130 2034 458 2102 προτάσεως
480 2036 602 2105 τῆς,
620 2037 706 2089 δτι
732 2036 792 2090 ἓν
808 2038 869 2091 τὸ
902 2039 1074 2091 αῖτιον
1094 2041 1186 2093 καὶ
1201 2043 1264 2093 οὐ
1286 2040 1399 2104 δύο,
1416 2057 1481 2092 συ
1492 2043 1708 2110 μπερά-

132 2142 225 2177 ναι
249 2125 309 2178 τὸ
340 2126 414 2195 μὴ
438 2129 512 2180 ἐκ
543 2128 652 2181 τῶν
682 2128 777 2181 δύο
814 2130 874 2183 τὸ
900 2128 960 2183 ἓν
989 2128 1161 2183 εἶναι·
1191 2132 1350 2186 τοῦτο
1372 2133 1480 2201 γὰρ
1510 2133 1711 2204 ἀπῄτει

131 2215 195 2269 τὸ
231 2218 503 2286 προταθὲν
533 2220 591 2285 ἐξ
614 2222 861 2290 ἀνάγκης
883 2237 898 2251 ·
926 2225 952 2275 ό
974 2222 1029 2275 δὲ
1050 2224 1138 2290 διὰ
1158 2225 1275 2295 ,τῶν
1307 2223 1511 2292 μεταξὺ
1537 2217 1713 2290 λόγων

134 2305 271 2360 αὐτὸ
308 2307 509 2375 μᾶλλον
540 2312 986 2377 κατασκευάσας,
1020 2312 1078 2365 ὲν
1101 2307 1183 2375 οἷς
1211 2329 1376 2381 φησι·
1414 2315 1579 2382 μονὰς
1604 2315 1718 2383 γάρ

134 2399 217 2459 εἰς
241 2397 407 2451 δυάδα
433 2402 687 2475 κινεῖται,
714 2402 968 2455 κάκεῖθεν
996 2404 1077 2464 είς
1116 2402 1347 2469 Τριάδα,
1380 2400 1538 2455 τοῦτο
1566 2402 1622 2454 δὲ
1654 2402 1713 2455 τί

135 2488 291 2554 ἄλλο,
324 2490 465 2559 nam
495 2492 561 2544 ὲκ
609 2495 837 2561 μονάδος
872 2495 1026 2562 δυὰς,
1067 2496 1161 2548 καὶ
1188 2497 1253 2547 ὲκ
1283 2494 1475 2557 δυάδος
1531 2492 1713 2563 τριὰς,

134 2578 275 2648 ὅπερ
305 2580 367 2631 τὸ
415 2579 473 2632 ἓν
524 2582 664 2634 κατὰ
717 2583 777 2635 τὸ
802 2585 1162 2655 διωρισμένον
1201 2583 1295 2637 τοῦ
1350 2584 1611 2655 ἀριθμοῦ,
1639 2584 1715 2648 ὡς

136 2670 437 2740 ὲ).έγομεν;
466 2670 496 2725 ὃ
522 2675 617 2726 καὶ
639 2675 667 2724 ό
700 2674 1033 2743 περίπυστος
1067 2677 1125 2729 ὲν
1153 2676 1404 2746 θεολογίᾳ
1435 2676 1715 2745 συντίθησι

136 2760 402 2827 φάσκων·
437 2779 456 2813 ι
518 2765 698 2825 Μονὰς
742 2766 852 2831 γάρ
886 2767 966 2827 είς
1011 2766 1179 2819 δυάδα
1227 2768 1511 2835 κινηθεῖσα
1554 2768 1715 2835 μέχρι

139 2850 373 2921 Τριάδος
402 2852 533 2921 ἔστη
554 2871 569 2883 ·
598 2871 619 2904 ι
656 2854 989 2924 συνεπέρανε
1010 2855 1069 2907 τὸ
1098 2854 1173 2925 μὴ
1201 2856 1271 2908 τὰ
1285 2855 1547 2908 δύοναῖτια
1577 2853 1716 2910 εἶναι

136 2941 235 2994 τοῦ
266 2942 402 3007 ἑνὸς,
459 2944 595 2997 ἀλλὰ
643 2946 704 2996 τὸ
738 2944 798 2996 ἓν
832 2945 939 2998 τῶν
966 2946 1081 2999 δύο.
1142 2946 1299 2999 Ἐστι
1327 2947 1388 3011 δὲ,
1420 2947 1593 2999 αῐτιον
1622 2945 1713 3000 τοῦ

137 3032 517 3096 ἀνακολούθως
540 3034 701 3099 οὕτω,
732 3034 828 3087 καὶ
860 3034 939 3105 μὴ
967 3036 1109 3088 κατὰ.
1133 3034 1192 3087 τὸ
1233 3034 1717 3104 προϐληματισθὶν

135 3122 203 3175 τὸ
239 3125 610 3194 συμπέρασμα
647 3125 859 3189 θέσθαι,
915 3126 977 3179 τὸ
1010 3126 1217 3197 οἴεσθαι
1266 3126 1360 3179 δύο
1404 3127 1553 3180 αῐτια
1601 3127 1716 3179 εἰσ-

140 3216 319 3284 άγειν,
356 3218 401 3269 ει
432 3217 581 3285 λέγει
610 3234 698 3281 τις
727 3220 791 3271 ἐκ
827 3218 938 3271 τῶν
960 3218 1054 3272 δύο
1077 3219 1137 3271 τὸ
1166 3219 1248 3275 ἓν.
1281 3219 1451 3272 Τοῦτο
1480 3220 1539 3272 δὲ
1561 3220 1719 3273 οὐδα·

142 3299 289 3377 μῶς.
326 3308 483 3363 Ἔστι
514 3310 615 3379 μὲν
646 3311 717 3378 γὰ
729 3329 759 3381 ρ
800 3312 865 3363 ἐκ
888 3298 1081 3374 δυάδος
1110 3312 1171 3364 τὸ
1197 3310 1275 3375 ἓν,
1303 3313 1368 3364 ὲκ
1402 3310 1496 3363 δύο
1516 3310 1719 3381 δηλαδὴ

147 3400 389 3469 μονάδων
420 3402 577 3472 τρίτη
609 3404 797 3470 μονάς.
839 3403 901 3455 Εἰ
934 3403 1031 3472 μὲν
1054 3399 1151 3456 οὖν
1182 3406 1246 3455 ὲκ
1280 3402 1373 3456 δύο
1402 3403 1719 3474 άντιδιῃρη-

148 3495 326 3564 μένων
356 3491 443 3565 ἦν,
475 3496 507 3565 ἥ
555 3496 902 3567 διῃρημὲνων
954 3495 1150 3559 οὕτως,
1199 3494 1273 3557 ὡς
1305 3495 1367 3547 τὸ
1425 3494 1611 3565 ἕτερον
1644 3495 1721 3564 μὴ

145 3588 279 3655 πρὸς
306 3588 365 3641 τὸ
385 3589 470 3642 ἓτε
482 3607 572 3657 ρον
596 3589 990 3659 ἀναφέρεσθαι,
1022 3592 1146 3659 μήτ’
1170 3590 1229 3655 ἐξ
1251 3589 1461 3641 ἐκείνου
1494 3588 1555 3641 τὸ
1580 3585 1718 3643 εἶναι

143 3676 314 3745 ἐχειν,
350 3680 484 3747 μήτε
516 3678 787 3747 μεσότητα
812 3680 913 3747 τὴν
943 3678 1087 3731 κατὰ
1114 3680 1209 3747 τὴν
1242 3677 1499 3747 πρόοδον·
1610 3678 1721 3747 γάρ

146 3768 216 3822 ἂν
252 3764 319 3839 ἧν
339 3768 499 3832 οὕτω,
526 3771 620 3822 καὶ
650 3770 712 3821 τὸ
748 3769 933 3839 τρίτον
967 3770 1030 3822 οὐ
1062 3769 1264 3839 τρίτον,
1289 3769 1427 3822 ἀλλὰ
1469 3768 1720 3839 δεύτερον

148 3860 428 3929 ἑκατέρων
457 3859 608 3913 ἔνθεν
642 3860 737 3917 καὶ
761 3858 915 3913 ἔνθεν
946 3860 1359 3930 θεωρουμένων,
1379 3861 1473 3913 καὶ
1496 3861 1557 3913 οὐ
1582 3861 1723 3915 κατὰ

145 3953 244 4022 τὴν
284 3952 406 4022 ἑξῆς
440 3951 767 4021 τοπαράπαν
797 3950 1119 4018 προέλευσιν
1139 3967 1154 3981 ·
1197 3953 1424 4015 εἰκότως
1474 3952 1542 4005 ἂν
1571 3954 1598 4005 ό
1622 3953 1725 4022 τῆς

144 4042 430 4112 δυαρχίας,
492 4042 586 4094 καὶ
642 4044 743 4111 τῆς
789 4040 986 4110 διπλῆς
1032 4038 1215 4103 αἰτίας
1242 4041 1397 4108 λόγος
1428 4043 1717 4113 εἰσήγετο·

146 4135 272 4187 ἐπεὶ
299 4134 357 4187 δὲ
382 4131 557 4187 ταῦτα
586 4132 729 4187 κατὰ
756 4133 816 4185 τὸ
849 4132 1111 4198 ἔμπαλιν,
1147 4132 1242 4185 καὶ
1277 4134 1500 4211 ήρτρίτη
1549 4135 1720 4204 μονὰς

144 4226 233 4281 διὰ
267 4226 365 4296 τῆς
402 4226 575 4295 μέσης
625 4222 853 4294 μονάδος
877 4224 942 4276 ὲκ
969 4222 1070 4291 τῆς
1105 4222 1328 4290 πρώτης
1359 4222 1454 4275 καὶ
1486 4223 1723 4293 ἀρχικῆς

146 4319 208 4371 τὸ
239 4313 378 4369 εἶναι
408 4315 647 4380 πλουτεῖ,
698 4315 821 4369 ὅθεν
870 4315 967 4367 καὶ
1004 4315 1039 4383 ἡ
1073 4313 1211 4384 μέσὴ
1246 4314 1453 4383 μονάς·
1512 4315 1723 4368 ἐκεῖθεν

146 4410 257 4479 ἄρα
289 4411 383 4460 καὶ
414 4408 513 4479 τὴν
542 4408 723 4462 αίτίαν
761 4408 931 4472 ἕλκει,
963 4406 1225 4475 κάκείνην
1269 4407 1449 4477 ἀρχὴν
1477 4400 1587 4459 οῐδε
1628 4406 1722 4458 καὶ

1808 1947 1907 1992 aut
1934 1938 2108 1993 tribus
2137 1939 2425 1993 minimum
2470 1939 2947 1995 consideraveris?
2984 1941 3072 1995 Uti
3116 1956 3244 1996 vero
3289 1941 3392 1994 tria

1812 2027 1949 2091 haec,
1982 2027 2076 2081 sed
2110 2026 2298 2081 divino
2331 2027 2569 2096 quodam
2620 2030 2806 2093 modo,
2854 2039 2913 2085 et
2962 2031 3394 2102 cogitationibus

1811 2117 1923 2171 Deo
1964 2119 2083 2188 ipso
2122 2118 2517 2175 addecentibus
2554 2121 2813 2186 admittit,
2847 2130 2902 2175 et
2933 2124 3248 2193 exetnplum
3288 2140 3396 2177 nu-

1814 2209 1973 2271 meri,
2004 2210 2097 2278 qui
2136 2209 2519 2266 determinata:
2550 2212 2875 2279 quantitatis
2908 2220 2994 2267 est
3032 2214 3089 2267 in
3134 2214 3396 2269 similitu-

1812 2300 1996 2360 dinem
2040 2310 2371 2365 assumetur,
2422 2316 2546 2355 cum
2596 2311 2653 2355 et
2681 2301 2919 2357 Trinitas
2965 2303 3396 2372 proprietatibus

1812 2392 2115 2447 secundum
2146 2407 2509 2463 progressum:
2533 2393 2967 2458 determinetur;
2995 2410 3233 2463 namque
3256 2396 3399 2449 indi-

1812 2482 1930 2538 vise
1958 2482 2240 2548 dividitur,
2281 2492 2335 2537 et
2368 2484 2544 2538 divise
2574 2483 2889 2539 admirabili
2922 2486 3123 2541 divina:
3148 2488 3399 2556 magniﬁ-

1815 2574 2017 2629 centia:
2055 2576 2217 2629 modo
2270 2576 2643 2646 conjungitur.
2684 2575 2913 2633 Interim
2953 2585 3163 2632 attento
3212 2580 3398 2633 animo

1816 2664 1891 2719 sis
1923 2680 2021 2735 per
2052 2664 2243 2729 Deum,
2271 2680 2304 2720 o
2330 2667 2562 2738 auditor.
2588 2666 2725 2722 Cum
2754 2667 3103 2736 interrogans
3134 2669 3236 2722 sibi
3267 2685 3396 2739 pro-

1816 2758 2111 2826 posuisset,
2149 2758 2307 2827 quasi
2348 2758 2695 2823 addubitans,
2722 2775 2827 2828 qua
2853 2761 3064 2815 ratione
3095 2777 3161 2815 ex
3202 2761 3400 2815 imma-

1819 2848 2015 2911 teriato
2053 2849 2268 2918 duplari
2314 2864 2544 2905 numero
2574 2867 2745 2906 unum
2794 2867 2919 2906 esse
2972 2853 3164 2921 possit,
3212 2863 3267 2910 et
3302 2870 3400 2924 per

1817 2954 1978 3008 quam
2007 2940 2191 2994 subito
2218 2955 2435 2993 causam
2471 2941 2789 2996 adnectens
2812 2942 2924 2994 ﬁeri
2976 2957 3084 2997 non
3113 2958 3309 3012 posse,
3340 2952 3401 2999 ut

1818 3029 2001 3084 unitas
2028 3045 2191 3083 causa
2224 3031 2317 3093 sit,
2350 3038 2406 3084 et
2426 3030 2743 3086 non-dualis
2769 3047 3052 3099 numerus,
3082 3034 3241 3102 quasi
3280 3035 3400 3089 vel-

1819 3119 1894 3175 let
1934 3135 2031 3190 per
2071 3120 2305 3175 mediam
2342 3122 2797 3192 propositionem,
2845 3139 3013 3177 unum
3047 3140 3246 3194 nempe
3277 3142 3401 3181 esse

1820 3229 2043 3269 causam
2086 3224 2143 3269 et
2184 3230 2295 3269 non
2326 3216 2458 3279 duo,
2494 3215 2821 3271 concludere
2854 3232 3024 3270 unum
3074 3231 3141 3271 ex
3186 3217 3401 3275 duobus

1819 3321 1928 3359 non
1958 3321 2119 3360 esse:
2152 3306 2255 3361 hoc
2283 3307 2556 3375 siquidem
2590 3305 2733 3375 quod
2760 3308 3041 3375 proposuit
3076 3311 3397 3364 necessario

1821 3397 2151 3466 requirebat,
2184 3398 2299 3468 ipse
2331 3398 2689 3451 nihilominus
2723 3413 2822 3467 per
2851 3397 3207 3469 interppsitas
3231 3404 3397 3455 ratio-

1821 3505 1922 3545 nes
1949 3488 2206 3558 idipsum
2226 3490 2399 3560 magis
2421 3490 2731 3554 conﬁrmat,
2756 3505 2882 3544 cum
2914 3489 2989 3544 ait
3010 3490 3227 3546 :Unitas
3248 3493 3397 3547 enim

1822 3579 1877 3634 in
1914 3580 2233 3639 dualitatem
2269 3590 2537 3645 movetur,
2583 3580 2817 3651 indeque
2852 3582 2907 3635 in
2953 3582 3293 3648 trinitatem,
3342 3583 3401 3640 id

1822 3684 1955 3727 vero
1985 3671 2114 3740 quid
2140 3680 2225 3727 est
2250 3671 2396 3727 aliud
2427 3687 2588 3740 quam
2622 3687 2685 3725 ex
2720 3672 2926 3727 unitate
2953 3672 3208 3738 dualitas,
3247 3684 3302 3727 et
3329 3690 3399 3727 ex

1824 3763 2084 3818 dualitate
2114 3762 2354 3828 trinitas,
2384 3752 2530 3832 quod
2558 3774 2643 3817 est
2671 3760 2846 3817 unum
2889 3764 3190 3819 secundum
3221 3765 3403 3831 deter-

1824 3853 2089 3907 minatum
2126 3868 2433 3917 numerum,
2467 3861 2527 3906 ut
2560 3852 2917 3907 dicebamus?
2946 3862 3000 3908 et
3039 3854 3095 3907 in
3129 3854 3401 3924 theologia

1823 3944 2169 4015 praecelebris
2201 3944 2516 4008 concordat,
2548 3960 2674 3999 cum
2702 3945 2897 4014 inquit,
2958 3964 2977 3997 t
3038 3945 3228 4001 Unitas
3253 3947 3401 3999 enim

1826 4041 1879 4093 in
1904 4037 2220 4092 dualitatem
2254 4049 2426 4103 mota,
2459 4038 2514 4091 in
2536 4036 2803 4093 Trinitate
2829 4038 3099 4106 subsistit,
3126 4055 3146 4093 ι
3176 4040 3403 4093 conclu-

1826 4129 1919 4192 sit,
1938 4130 2059 4184 .duo
2082 4128 2244 4185 unius
2266 4144 2488 4183 causam
2522 4145 2632 4183 non
2664 4145 2809 4195 esse,
2832 4131 2927 4184 sed
2956 4146 3122 4183 unum
3145 4132 3400 4186 duorum.

1825 4219 2001 4275 causa
2024 4236 2155 4275 vero
2190 4230 2295 4284 est,
2319 4220 2455 4276 adeo
2484 4222 2968 4291 inconsequenter,
2997 4230 3048 4275 et
3073 4238 3185 4275 non
3209 4238 3407 4277 secun-

1825 4310 1954 4366 dum
1987 4308 2330 4381 propositum
2368 4311 2647 4381 problems
2679 4311 3088 4365 conclusionem
3125 4313 3402 4383 colligere,

1827 4403 1972 4471 quod
1996 4404 2271 4471 opinetur,
2298 4403 2435 4456 duas
2460 4417 2653 4456 causas
2678 4403 3047 4469 introducere,
3078 4388 3121 4458 si
3155 4407 3279 4472 quis
3321 4406 3408 4459 di-

146 4498 321 4570 ῥίζαν,
354 4498 427 4561 ὡς
454 4498 582 4567 μίαν
608 4493 745 4550 εἶναι
772 4496 1074 4565 διαφανῶς.
1107 4496 1338 4565 Ἴδωμεν
1364 4497 1565 4550 οὐκοῦν
1600 4490 1716 4549 οἷά-

1828 4496 1986 4561 xerit,
2029 4484 2103 4549 ex
2142 4493 2356 4549 duobus
2403 4510 2571 4548 unum
2620 4510 2763 4549 esse.
2812 4494 2923 4550 Sed
2967 4495 3019 4548 id
3056 4498 3207 4549 nullo
3244 4498 3406 4551 modo

146 4611 254 4662 περ
278 4595 327 4646 οἱ
374 4594 481 4646 τῶν
520 4592 1039 4662 θείωνηὲκφάντορες
1065 4591 1127 4643 τὺ
1170 4591 1409 4661 πρῶτον,
1437 4592 1497 4645 τὸ
1533 4593 1718 4659 μέσον,

144 4686 209 4737 τὸ
234 4685 437 4755 τρίτον,
461 4685 520 4737 τὺ
547 4684 605 4742 δε
636 4686 840 4754 ἀμφοῖν
891 4684 985 4737 ἰπὶ
1011 4683 1120 4736 τῶν
1147 4682 1461 4753 θεαρχικῶν
1506 4682 1724 4752 λαμϐά-

146 4792 329 4838 νοντες
364 4775 716 4828 ὑποστάσεων
762 4773 1088 4843 θεολογικῶς
1135 4774 1538 4827 ἐκδιδάσκουσι.
1576 4760 1587 4799 ί
1612 4774 1724 4828 Καὶ

149 4866 368 4936 πρῶτος
424 4865 587 4929 αὐτὸς
637 4866 669 4922 6
715 4865 815 4935 τὴν
847 4866 1050 4936 μονάδα
1084 4866 1404 4935 κινηθεῖσαν
1438 4867 1518 4928 είς
1555 4865 1724 4919 δυάδα

152 4959 573 5031 μέχριΤριάδος
629 4958 821 5028 στῆναι
885 4957 1284 5027 φθεγξάμενος,
1334 4939 1374 5011 ’δ
1425 4958 1519 5010 καὶ
1548 4960 1576 5011 ό
1623 4959 1725 5029 τὴν

149 5052 418 5123 ἐρώτησιν
471 5052 766 5121 προφέρων
820 5050 1093 5117 φαίνεται.
1132 5051 1491 5118 διαγγέλλων,
1550 5051 1610 5103 ὲν
1643 5046 1722 5113 οῖς

149 5143 376 5213 ὴρωῖζει
402 5145 502 5205 τὰς
531 5142 667 5213 πρὸς
695 5141 999 5211 παρθένους
1032 5142 1335 5211 ὑποθήκας,
1369 5140 1512 5193 οὕτω
1537 5141 1722 5209 φησίν·

156 5254 175 5288 ι
209 5232 302 5297 Εἷς
324 5235 457 5297 Θεὸς
500 5236 564 5287 tu
601 5236 829 5302 γενέταο
855 5233 924 5287 δι’
946 5229 1108 5296 Υίέος
1140 5232 1304 5302 ἔστη·
1349 5251 1381 5284 ι.
1416 5233 1554 5301 μετά
1582 5249 1724 5295 τινα,

155 5346 176 5381 ι
221 5326 537 5396 ἰσταμένης
594 5326 851 5396 θεότητος
902 5327 984 5379 ἐνὶ
1013 5325 1269 5394 ⁸τελιὶοισι
1315 5324 1548 5394 τελείης.
1584 5342 1604 5375 ι
1664 5325 1725 5375 ὐ

151 5420 417 5490 σύμφρων
440 5400 635 5471 τούτου
658 5422 755 5471 καὶ
804 5417 1095 5488 ὁμώνυμος
1121 5417 1422 5470 Νυσσαέων
1461 5416 1726 5486 λαμπτὴρ

151 5511 211 5563 ὲν
241 5509 321 5580 τῷ
351 5512 477 5579 περὶ
514 5507 607 5563 τοῦ
642 5510 800 5577 ἁγίου
847 5510 1168 5579 Πνεῦματκ
1215 5508 1358 5561 κατὰ
1388 5508 1727 5561 Μακεδονια-

151 5601 258 5654 νῶν
281 5599 425 5669 λόγῳ
446 5599 611 5671 φησίν
637 5616 652 5631 ·
701 5618 719 5650 ι
760 5596 878 5667 Ἐφ’
903 5592 979 5653 ὧν
1010 5600 1118 5669 γὰρ
1172 5599 1205 5667 ἠ
1231 5590 1380 5651 κατά
1434 5596 1495 5649 τὸ
1524 5597 1725 5664 ἀγαθὸν

152 5692 403 5762 δνέργεια
434 5692 693 5760 οὐδεμίαν
738 5692 1058 5752 ἐλάττωσιν,
1110 5691 1142 5761 ἢ
1198 5689 1556 5757 παραλλαγὴν
1586 5689 1723 5756 εχει,

155 5781 273 5845 πῶς
303 5783 449 5837 ἔστιν
480 5783 701 5853 εὔλογον
725 5785 823 5853 τὴν
850 5782 989 5837 κατὰ
1019 5783 1109 5837 τὸν
1138 5780 1368 5853 ἀριθμδν
1392 5782 1542 5847 τάξιν
1572 5780 1727 5837 ἐλάτ-

1826 4596 1931 4652 est,
1961 4603 2201 4656 namque
2227 4595 2309 4641 est
2337 4602 2405 4641 ex
2438 4586 2701 4641 dualitate
2733 4602 2924 4649 unum,
2958 4602 3025 4640 ex
3062 4588 3275 4641 duabus
3303 4589 3409 4641 sci-

1828 4679 1954 4732 licet
1989 4679 2290 4733 unitatibus
2324 4680 2484 4733 tertia
2516 4679 2719 4733 unitas.
2749 4678 2917 4748 [gitur
2951 4679 2996 4732 si
3031 4694 3101 4733 ex
3130 4682 3344 4733 duobus
3376 4696 3407 4734 ιι

1826 4784 1885 4823 se
1916 4768 2205 4839 disiunctis
2235 4783 2381 4824 esset
2403 4778 2497 4824 aut
2538 4768 2615 4824 ita
2640 4769 2851 4833 divisis,
2884 4777 2943 4824 ut
2975 4786 3145 4824 unum
3175 4771 3241 4825 ad
3271 4772 3409 4825 alte-

1825 4875 1945 4914 rum
1973 4876 2085 4915 non
2114 4857 2431 4923 referretur,
2462 4875 2639 4928 neque
2672 4859 2741 4913 ab
2770 4860 2863 4912 illo
2890 4860 3199 4924 exsisteret,
3231 4877 3409 4929 neque

1827 4950 2067 5007 medium
2106 4960 2254 5005 esset
2281 4953 2333 5004 in
2371 4966 2683 5021 progressu,
2722 4950 2799 5014 si,
2834 4950 3081 5019 inquam,
3117 4952 3222 5006 hoc
3247 4954 3407 5006 nnodo

1828 5056 1889 5096 se
1915 5043 2161 5106 haberet,
2196 5051 2252 5097 et
2284 5042 2509 5097 tertium
2547 5046 2656 5095 non
2688 5041 2935 5107 tertium,
2972 5043 3067 5097 sed
3101 5044 3408 5098 secundum

1825 5134 1958 5189 hinc
1986 5142 2041 5187 et
2071 5134 2195 5188 hinc
2222 5134 2368 5188 inter
2395 5134 2556 5189 ambo
2586 5133 3051 5196 consideraretur,
3083 5144 3139 5189 et
3182 5150 3291 5190 non
3326 5150 3412 5190 se-

1826 5223 2065 5278 cundum
2097 5224 2258 5279 seriei
2291 5226 2684 5281 asservientem
2711 5226 3083 5295 egressionem
3111 5266 3126 5290 ,
3159 5241 3268 5281 non
3320 5216 3407 5280 in-

1826 5332 2064 5387 congrue
2107 5316 2341 5373 duorum
2384 5316 2804 5387 principiorum,
2854 5328 2910 5373 et
2947 5319 3181 5386 duplicis
3228 5333 3409 5373 causa:

1827 5409 1967 5463 ratio
1998 5409 2457 5465 introduceretur.
2486 5408 2877 5463 Verumtamen
2908 5424 3033 5465 cum
3066 5413 3185 5465 haec
3215 5426 3282 5465 ex
3314 5409 3410 5468 ad-

1829 5512 1989 5552 verso
2018 5511 2078 5551 se
2105 5497 2359 5559 habeant,
2391 5504 2445 5550 et
2487 5498 2643 5551 tertia
2681 5496 2863 5551 unitas
2892 5512 2993 5567 per
3019 5498 3256 5553 mediam
3284 5500 3409 5553 uni-

1830 5598 1991 5645 tatem
2022 5604 2089 5642 ει
2120 5584 2293 5657 prima
2325 5597 2382 5643 et
2413 5588 2701 5659 principali
2728 5589 2984 5655 monade,
3010 5590 3154 5659 quod
3188 5591 3262 5645 sit
3288 5606 3407 5659 pos-

1829 5681 2024 5745 sideat,
2061 5678 2188 5734 inde
2222 5694 2351 5750 ergo
2379 5686 2436 5735 et
2483 5679 2661 5734 media
2712 5680 2896 5733 unitas
2939 5694 3162 5737 causam
3216 5682 3409 5745 trahit,

1828 5776 2084 5847 illamque
2118 5772 2443 5845 principium
2474 5781 2636 5844 atque
2660 5771 2925 5843 originem
2955 5774 3036 5829 sui
3073 5774 3334 5845 agnoscit,
3354 5782 3410 5829 ut
