4074 6442
110 413 248 475 1239

104 537 247 602 θείη,
283 529 557 599 πανταχοῦ
611 533 718 584 τῶν
757 531 1130 604 θεοπνεύττων
1177 536 1357 588 αὐτῶν
1417 534 1668 604 ῥημάτων

1780 530 1927 582 firma
1973 538 2130 597 atque
2163 529 2370 582 stabilis
2415 538 2534 582 est:

103 624 581 690 κατεσπαρμένου,
613 626 642 675 ό
679 602 920 692 θεοειδῆς
977 625 1085 675 τῶν
1117 602 1426 680 Νυσσαέων-
1468 602 1672 692 ποιμὴν

102 713 341 765 ἐνταῦθα
361 713 714 773 πιστώσαιτο.
743 714 878 782 πρὸς
917 711 1198 767 Ἀδλάσιον
1222 714 1363 768 οὕτω
1385 714 1668 780 θεολογῶν·

107 823 128 853 ι
169 803 244 854 Τὸ
275 802 697 871 ἀπαράλλακτον
723 805 824 870 τῆς
852 803 1065 868 φύσεως
1114 804 1522 871 ὁμολογοῦντες,
1575 803 1671 872 τὴν

103 894 250 945 κατά
279 893 340 944 τὸ
358 895 530 945 αἴτιον
549 894 643 945 καὶ
665 894 907 946 αίτιατὸν
929 894 1190 964 διαφορὰν
1216 894 1314 946 οὐκ
1334 894 1668 963 ἀρνούμεθα,

102 985 167 1034 ὲν
195 976 240 1050 ᾧ
273 985 418 1052 μόνῳ
449 982 824 1051 διακρίνεσθαι
849 991 908 1035 τὸ
935 983 1124 1048 ἕτερον
1158 984 1250 1036 τοῦ
1286 984 1471 1052 ἑτέρου
1503 1001 1672 1038 κατα-

101 1072 458 1140 λαμϐάνομεν
479 1088 496 1104 ο
529 1073 605 1141 ’τῷ
632 1073 692 1124 τὸ
725 1074 823 1139 μὲν
845 1072 1018 1125 αἴτιον
1040 1071 1178 1125 ιῐναι
1209 1075 1506 1138 πιστεύειν,
1543 1092 1561 1126 ι
1583 1075 1672 1125 τὸν

102 1163 329 1229 Πατέρα
361 1162 556 1228 λέγων,
589 1179 606 1212 ι
633 1165 691 1213 τὸ
709 1162 764 1214 δὲ
781 1164 845 1214 ὲκ
860 1163 953 1215 τοῦ
979 1164 1174 1227 αἰτίου,
1206 1181 1223 1212 ι
1246 1164 1344 1232 τὴν
1372 1162 1537 1219 δυάδα
1566 1163 1674 1215 τῶν

105 1253 419 1320 προσώπων
440 1250 572 1306 Υίοῦ
601 1252 697 1303 καὶ
723 1250 1058 1320 Πνεύματος,
1094 1251 1153 1315 ἐξ
1178 1251 1297 1314 ἑνὸς
1325 1236 1419 1303 τοῦ
1437 1245 1668 1321 Πατρός·

99 1338 225 1394 εἶτα
244 1343 309 1394 δι’
334 1343 521 1412 ἑτέρου
560 1341 618 1394 τὸ
645 1341 852 1411 ἕτερον,
878 1342 1124 1409 ἐπάγων,
1151 1360 1170 1393 ι
1194 1340 1399 1394 καὶτοῦ
1421 1343 1480 1405 ἐξ
1496 1343 1672 1407 αίτίας

96 1430 258 1492 ὖντος
282 1430 450 1500 άλΡην
485 1431 648 1485 πάλιν
678 1431 943 1502 διαφορὰν
973 1430 1263 1500 ἐννοοῦμεν
1286 1451 1298 1462 ·
1334 1451 1356 1484 -ι
1387 1433 1506 1485 κατ’
1537 1435 1672 1486 ἐπα-

98 1522 335 1592 νάληψιν
363 1520 519 1586 αὖθις
551 1524 798 1592 φάσκων,
822 1525 890 1577 ἐκ
922 1524 1027 1578 τοῦ
1058 1524 1199 1590 ἑνός
1220 1540 1233 1555 ·
1271 1521 1387 1577 είτα
1420 1525 1518 1594 ’τὴν
1554 1525 1671 1578 δια-

99 1615 300 1684 φοράν.
372 1632 390 1665 ι
431 1615 505 1667 Τὸ
541 1617 640 1685 μὲν
673 1615 782 1686 γὰρ
822 1608 1104 1684 προσεχῶς
1131 1619 1193 1667 ὲκ
1214 1615 1308 1667 τοῦ
1341 1616 1580 1685 πρώτου,
1613 1617 1673 1668 τὸ

94 1705 161 1756 δὲ
184 1706 272 1759 διά
296 1705 389 1757 τοῦ
427 1707 810 1775 προσεχῶςὲκ
856 1707 951 1758 τοῦ
1006 1707 1246 1776 πρώτου,
1289 1726 1308 1759 ι
1355 1707 1416 1760 τὸ
1449 1709 1673 1780 Πνεῦμα

95 1795 306 1864 δηλαδὴ
321 1795 409 1848 διὰ
430 1796 522 1848 τοῦ
557 1797 688 1859 Υίοῦ
717 1797 782 1850 ὲκ
811 1797 905 1850 τοῦ
958 1797 1196 1866 πρώτου.
1257 1799 1366 1852 Καὶ
1413 1800 1668 1868 καθεξῆς,

105 1904 131 1938 ι
171 1884 333 1937 Ὥστε
359 1874 457 1937 καὶ
487 1887 546 1937 τὸ
576 1887 868 1955 μονογενὲς
909 1881 1275 1957 ἀναμφίὸολον
1299 1889 1392 1942 ἐπὶ
1421 1888 1515 1942 τοῦ
1539 1890 1670 1942 Υίοῦ

104 1975 314 2045 μένειν,
336 1975 431 2027 καὶ
472 1975 532 2026 τὸ
569 1978 633 2028 ὲκ
662 1975 754 2028 τοῦ
814 1977 1026 2046 nam;
1056 1973 1194 2030 εἶναι
1235 1978 1297 2030 τὸ
1327 1978 1551 2048 Πνεῦμα
1600 1980 1674 2049 μὴ

101 2067 492 2135 ἀμφιόάλλειν,
525 2066 628 2135 τῆς
661 2067 752 2120 τοῦ
783 2068 913 2120 Υίοῦ
965 2071 1245 2136 μεσιτείας
1285 2071 1377 2123 καὶ
1407 2071 1583 2140 ἐαυτῷ
1614 2075 1674 2124 τὸ

107 2157 398 2225 μονογενὲς
417 2148 815 2225 φυλαττούσης,
847 2161 941 2211 καὶ
968 2161 1028 2212 τὸ
1059 2158 1284 2228 Πνεῦμα
1315 2160 1411 2227 τῆς
1437 2161 1676 2229 φυσικῆς

103 2243 241 2311 πρὸς
290 2245 380 2295 τὸν
429 2246 646 2314 Πατέρα
697 2247 936 2313 σχέσεως
979 2249 1056 2317 μὴ
1116 2248 1506 2316 ἀπειργούσης.
1552 2268 1570 2300 ι
1614 2251 1674 2302 El

102 2333 236 2398 γοῦν
265 2334 438 2385 ταῦτα
466 2334 623 2408 δῆλα,
654 2340 747 2388 καὶ
778 2337 898 2389 λίαν
923 2338 1180 2406 ἐμφανῶς
1211 2342 1259 2390 οί
1285 2339 1534 2408 θεηγόροι
1569 2360 1587 2390 ι
1616 2341 1674 2393 τὸ

104 2427 169 2500 ἓν
203 2425 260 2490 ἐξ
289 2427 514 2494 ἀμφοῖν,
549 2445 567 2477 ι
607 2428 702 2480 καὶ
742 2447 759 2478 ι
799 2428 858 2494 ἐξ
891 2429 1008 2490 ἐνὸς
1037 2430 1205 2498 ἄμφω
1240 2448 1258 2481 ι
1313 2433 1498 2498 σαφῶς
1533 2432 1676 2485 διδά-

107 2532 319 2578 σκουσι,
375 2516 468 2568 καὶ
502 2517 971 2586 πεπλατυσμένως
1003 2522 1120 2581 ταῖς
1170 2520 1319 2587 σφῶν
1359 2521 1675 2593 θεηγορίαις

102 2605 458 2675 κηρύττουσι,
489 2608 585 2659 καὶ
618 2606 718 2675 τῆς
764 2607 938 2676 αὐτῆς
987 2611 1265 2679 σημασίας
1299 2612 1392 2663 καὶ
1436 2612 1674 2676 διανοίας

100 2696 498 2763 διασαφοῦντες
548 2697 888 2761 θεσπίζουσι,
943 2699 996 2750 τί
1037 2701 1098 2752 τδ
1144 2699 1354 2769 κέρδος,
1401 2702 1493 2755 καὶ
1525 2703 1670 2773 τίςή

101 2785 345 2851 ὠφέλεια
362 2787 793 2857 παραλογισμοῖς
811 2789 920 2850 τοῖς
950 2789 1057 2840 ἀπὸ
1079 2777 1287 2853 κοιλίας
1306 2791 1440 2860 πρὸς
1468 2791 1673 2864 ἄλληλα

100 2877 232 2929 τάδε
288 2876 562 2930 δεικνύναι
610 2877 785 2930 θέλειν
838 2881 1122 2949 μαχόμενα
1173 2883 1266 2934 καὶ
1293 2882 1361 2934 δι’
1392 2883 1580 2953 ἑτέρου
1611 2885 1674 2937 τὸ

101 2966 292 3035 ἕτερον
319 2968 590 3037 ἀναιρεῖν,
654 2970 746 3026 καὶ
774 2972 891 3032 ταῖς
932 2971 1212 3040 κειμέναις
1264 2977 1557 3044 πατρικαῖς
1586 2977 1674 3028 ὲν-

103 3058 296 3124 νοίαις,
319 3062 543 3123 καὶτοῖς
564 3062 841 3132 κειμένοις
861 3067 1151 3134 πατρικοῖς
1184 3066 1550 3137 θεσπίσμασιν
1584 3069 1675 3122 ἀν-

1101 416 1400 482 CONTRA
1432 411 1799 476 MAXlMUM
1847 389 2274 474 PLANUDEM.

3179 411 3336 488 .1290

2579 535 2805 597 utraque
2831 525 2974 582 enim
3013 527 3330 599 divinilomti

1779 620 2133 683 tradiderunt,
2167 620 2240 671 uti
2276 635 2338 672 ex
2369 619 2630 672 ambobus
2659 636 2939 688 unuman
2967 618 3123 674 Patre
3149 635 3339 690 nempe

1776 707 1870 777 per
1914 710 2106 763 Filium
2163 710 2448 779 Spiritum,
2483 711 2560 765 sic
2611 727 2676 764 cx
2733 712 3094 773 uno’dno,et
3144 713 3336 764 horum

1775 816 1942 853 unum
1975 815 2072 867 per
2103 800 2264 860 aliud.
2302 815 2363 854 ex
2399 801 2554 854 Patre
2585 816 2781 870 nempe
2819 817 2913 869 per
2944 799 3138 854 Filium
3169 802 3342 871 Spiri-

1768 881 1882 953 tus.
1923 893 2220 945 secundum
2253 886 2575 944 divisionem
2629 907 2985 960 personarum
3033 893 3336 947 divinarum

1776 981 2150 1043 decernentes,
2182 981 2259 1034 sic
2285 980 2444 1035 etiam
2469 981 2611 1049 quod
2648 982 2702 1034 in
2729 982 3082 1036 similitudine
3116 988 3333 1036 muneri

1776 1068 2162 1135 praescribitur,
2194 1059 2301 1122 non
2332 1069 2655 1123 admittitur.
2692 1069 2791 1136 Qui
2819 1086 2947 1125 vero
2978 1072 3128 1136 illud,
3153 1089 3214 1124 εει
3240 1092 3338 1126 uno

1775 1158 1899 1218 duo,
1931 1155 2074 1224 quod
2099 1159 2242 1225 apud
2278 1173 2471 1212 omnes
2501 1160 2554 1213 in
2605 1161 2858 1214 confesso
2905 1171 3015 1222 est,
3068 1173 3337 1220 astruunt.

1775 1245 2046 1315 quomodo
2075 1248 2203 1301 illud
2245 1249 2541 1303 secundum
2572 1252 2968 1305 disnnctionem
3004 1251 3069 1306 de
3091 1267 3185 1306 sua
3211 1270 3333 1323 pro-

1773 1337 1888 1404 pria
1930 1337 2180 1408 imagine,
2209 1349 2265 1393 et
2291 1339 2357 1394 iis
2384 1356 2610 1408 quarum
2659 1344 2842 1412 imago
2884 1353 2997 1408 est,
3048 1351 3339 1414 snpersuti-

1776 1429 2119 1483 stantialtbus
2151 1432 2322 1484 tribus
2354 1435 2603 1500 personis
2633 1429 2954 1488 conﬁrmare
2979 1444 3259 1505 poterunt.
3286 1449 3341 1490 et

1775 1534 1882 1571 non
1917 1521 2094 1588 potius
2136 1522 2435 1576 secundum
2473 1524 2948 1593 compositionem,
2988 1543 3162 1596 neque
3209 1529 3336 1581 illud

1775 1624 1837 1661 ex
1869 1608 2024 1672 Filio,
2060 1627 2236 1678 neque
2279 1613 2408 1668 illud
2439 1629 2536 1682 per
2563 1612 2761 1669 Filium
2805 1606 3195 1685 acceptantes?
3231 1619 3334 1670 Sed

1778 1709 1835 1752 ut
1867 1699 1996 1753 illud
2023 1718 2086 1754 ex
2113 1719 2214 1754 uno
2244 1705 2368 1764 duo,
2407 1705 2606 1758 divinis
2639 1704 2858 1761 Patrum
2892 1709 3136 1776 scriptis,
3175 1709 3247 1762 ita
3278 1725 3336 1764 se

1780 1791 1999 1854 habere,
2035 1801 2093 1844 ut
2133 1794 2393 1874 diximus,
2421 1795 2732 1851 {trinitatem
2763 1799 3029 1868 acquirat,
3061 1816 3182 1855 cum
3220 1803 3339 1856 ubi-

1777 1897 1881 1959 que
1909 1883 1966 1936 in
1993 1880 2193 1938 divinis
2225 1887 2540 1941 eorumdem
2566 1890 2786 1957 scriptis
2813 1891 3221 1945 disseminatum
3246 1895 3337 1954 sit.

1776 1972 1994 2026 divinus
2023 1975 2386 2044 Nyssenorum
2419 1989 2602 2045 pastor
2636 1980 2700 2031 ad
2732 1981 3018 2042 Ablabium
3047 1982 3116 2035 ita
3148 1985 3339 2036 decer-

1779 2079 1913 2117 nens
1955 2066 2325 2120 corroboravit
2363 2087 2375 2120 :
2409 2087 2426 2117 ¢
2466 2070 2860 2125 lmmutabilem
2909 2082 2972 2129 tet
3018 2087 3114 2141 per
3157 2077 3338 2148 omnia

1776 2154 2022 2232 similem
2057 2165 2303 2210 naturam
2355 2159 2701 2226 confitentes,
2754 2161 3053 2215 discrimen
3081 2173 3255 2218 causa:
3286 2175 3353 2231 et.

1776 2245 2002 2300 effectus
2033 2263 2138 2301 non
2173 2249 2498 2313 inﬁciamur.
2535 2252 2586 2304 in
2613 2268 2719 2321 quo
2751 2254 2922 2306 solum
2953 2255 3182 2325 disjnngi
3212 2258 3339 2309 alte-

1779 2352 1896 2390 rum
1922 2338 1996 2392 ab
2020 2339 2195 2394 altero
2219 2341 2678 2410 deprehendimus
2709 2361 2721 2394 :
2755 2359 2878 2397 cum
2911 2347 3201 2399 credamus
3233 2349 3338 2401 hoc

1775 2427 1991 2494 quidem
2039 2444 2258 2484 causam
2308 2447 2451 2497 esse,
2501 2454 2519 2484 ι
2558 2433 2770 2487 Patrem
2822 2435 3076 2497 innuens,
3115 2437 3246 2490 illud
3278 2456 3340 2490 ex

1774 2534 1956 2580 causa,
1981 2519 2114 2574 duas
2137 2537 2333 2593 nempe
2361 2540 2622 2592 personas
2640 2516 2765 2579 Filii
2791 2536 2853 2580 et
2884 2512 3116 2596 Spiritus
3142 2546 3206 2581 ex
3233 2546 3341 2581 uno

1774 2607 1938 2663 Patre
1975 2627 1990 2664 :
2032 2620 2144 2666 tum
2187 2614 2417 2668 alterum
2468 2616 2534 2670 ab
2582 2617 2788 2680 altero,
2845 2618 3176 2682 subducens,
3221 2639 3240 2670 ι
3285 2633 3341 2673 et

1776 2698 2091 2769 illiusquod
2139 2718 2205 2757 ex
2259 2720 2420 2759 causa
2469 2717 2570 2771 est,
2610 2708 2755 2761 aliud
2789 2711 2995 2764 "rursus
3045 2710 3338 2766 discrimen

1773 2793 2324 2858 comprehendimus;
2370 2814 2386 2844 ι
2423 2797 2721 2850 secundum
2745 2799 3182 2868 resumptionan
3221 2819 3340 2855 rur-

1776 2893 1870 2934 8us
1929 2882 2218 2950 inquiens,
2277 2902 2339 2937 ea:
2390 2902 2512 2951 uno,
2565 2891 2906 2956 postmodum
2959 2892 3336 2946 diilerentium.

1781 2989 1800 3022 ι
1840 2970 2081 3042 Namque
2110 2976 2211 3029 hoc
2241 2978 2457 3044 quidem
2491 2989 2572 3033 est
2608 2982 2918 3036 immediate
2950 2998 2977 3034 a
3013 2984 3206 3051 primo,
3238 2986 3336 3038 hoc

1777 3077 1907 3116 vero
1933 3079 2001 3118 ex
2050 3067 2303 3134 contiguo
2354 3084 2382 3120 a
2432 3071 2626 3136 primo,
2670 3089 2686 3119 ι
2723 3072 2959 3140 Spiritus
3006 3089 3201 3142 nempe
3246 3092 3330 3143 pet

101 3150 446 3219 τιφέρεοθαι,
475 3152 567 3204 τοῦ
597 3169 656 3204 τε
686 3156 1082 3226 μεγαλωνύμου
1101 3157 1382 3213 Βασιλείου
1400 3162 1512 3223 τοῖς
1537 3161 1668 3230 πρὸς

1774 3153 1968 3207 Filium
2002 3152 2065 3209 ex
2101 3157 2295 3225 primo.
2341 3159 2403 3211 Et
2434 3160 2676 3226 sequitur
2709 3179 2719 3212 :
2757 3181 2774 3212 ι
2823 3164 2972 3217 Adeo
3000 3176 3057 3217 ut
3087 3167 3340 3235 unigeni-

115 3241 464 3313 Ἀμφιλόχιον
487 3246 993 3315 μυσταγωγοῦντος,
1015 3267 1035 3300 ι
1059 3249 1124 3301 Ἦ
1149 3250 1256 3320 γὰρ
1282 3250 1348 3302 δι’
1367 3251 1496 3304 Υίοῦ
1517 3253 1666 3324 φωνὴ

99 3336 199 3400 τῆς
221 3335 704 3403 προκαταρκτικῆς
727 3339 906 3400 αίτίας
944 3338 1237 3407 ὁμολογίαν
1257 3339 1393 3409 ἔχει,
1418 3361 1434 3392 ι
1460 3343 1549 3395 καὶ
1573 3343 1668 3395 τοῦ

96 3425 376 3495 όμοψύχου
404 3427 614 3490 τούτου,
635 3431 729 3481 καὶ
754 3431 889 3497 πρὸς
915 3431 1060 3484 ἆπαν
1089 3432 1386 3501 ὁμόφρονος
1410 3433 1662 3501 θεολόγου

100 3517 352 3587 βοῶντος,
392 3538 410 3570 ι
456 3520 518 3571 Εἰ
545 3522 637 3572 καὶ
673 3521 807 3589 πρὸς
835 3523 934 3587 τὴν
983 3522 1204 3592 πρώτην
1243 3524 1422 3577 αἰτίαν
1466 3527 1532 3578 τὰ
1574 3527 1666 3579 τοῦ

96 3607 460 3676 Μονογενοῦς,
499 3611 574 3672 ὡς
609 3612 703 3663 καὶ
727 3612 794 3663 τὰ
826 3612 920 3663 τοῦ
945 3614 1659 3684 Πνεύματοςάναφέρεται,›

99 3700 170 3753 ἵν’
203 3701 508 3770 ἀκροθιγιῖκ
542 3702 768 3772 ἅψωμαι
810 3705 916 3757 τῶν
956 3706 1036 3768 είς
1098 3705 1318 3776 ἔλεγχον
1343 3747 1357 3768 ,
1417 3707 1664 3778 διαρχίας

96 3791 331 3842 ἀτοπίαν
349 3792 556 3858 εἰσάγει
586 3791 644 3855 ἐξ
675 3786 749 3844 ὧν
779 3792 1100 3861 οἱπρόὸολοι
1131 3793 1226 3860 τῆς
1258 3792 1536 3854 εὐσεϐείας
1569 3811 1668 3846 παο

92 3881 404 3950 ραδιδόασιν
427 3898 442 3946 ;
490 3882 628 3935 Ἀλλ’
649 3885 972 3954 ἐρωτήσεως
996 3885 1094 3952 τῆς
1121 3884 1262 3938 κατὰ
1305 3885 1366 3937 τὸ
1386 3885 1665 3955 διλήμμα-

92 3991 186 4024 τον
218 3975 279 4024 ἐκ
304 3973 397 4025 τοῦ
434 3955 550 4036 ένδς
579 3975 804 4043 ’μέρους
824 3975 1083 4044 τοιαύτης
1123 3976 1514 4047 άναφανείσης,
1568 3978 1663 4030 καὶ

93 4064 206 4115 τῶν
255 4065 394 4133 πρὸς
428 4065 777 4134 κατασκευὴν
827 4065 928 4132 τῆς
976 4065 1175 4136 ἁπλῆς,
1226 4068 1320 4142 καὶ
1370 4066 1481 4119 τῶν
1524 4067 1664 4135 πρὸς

91 4157 434 4226 ἁποσόὁησιν
455 4158 872 4227 ἐπιφερομένων
893 4158 1030 4228 αὐτῇ
1055 4160 1402 4227 κακοσχόλως
1422 4159 1665 4227 ἀποφαν-

96 4248 326 4312 θέντων,
357 4247 574 4309 πάντως
606 4250 670 4300 ὲκ
698 4247 862 4301 τῶνδε
898 4247 1098 4317 μέρους
1120 4248 1183 4300 ἐκ
1213 4249 1438 4316 θατέρου
1464 4248 1532 4301 τά
1565 4249 1661 4318 τῆς

91 4338 294 4406 διπλῆς
319 4319 730 4407 ἀνατέτραπται
752 4353 767 4370 ·
817 4331 1044 4391 τοιαῦτα
1073 4338 1180 4406 γὰρ
1213 4339 1321 4390 τῶν
1368 4337 1661 4392 ἀντιθέτων

93 4435 152 4484 al
192 4431 464 4498 συζυγίαι.
528 4433 600 4485 Τὸ
636 4432 749 4500 φῶς
789 4435 815 4484 ὁ
857 4433 1313 4501 είσοικισάμενος,
1360 4431 1419 4482 τὸ
1472 4432 1660 4491 σκότος

1775 3254 1888 3296 tum
1928 3244 2284 3299 indubitatum
2325 3260 2540 3302 maneat
2575 3249 2629 3302 in
2667 3251 2825 3314 Filio,
2851 3263 2905 3306 et
2933 3270 2996 3307 ex
3031 3253 3187 3310 Patre
3217 3272 3336 3311 e~se

1771 3331 2054 3401 Spiritum,
2084 3335 2203 3389 Filii
2263 3338 2623 3404 mediatione,
2675 3342 2778 3394 sibi
2836 3343 2936 3410 ipsi
2997 3346 3330 3414 unigenitum

1762 3437 2148 3490 “conservante,
2184 3438 2236 3481 et
2265 3429 2529 3496 Spiritum
2564 3447 2591 3483 a
2625 3434 2860 3486 naturali
2895 3436 2958 3487 ad
2991 3433 3204 3489 Patrem
3239 3440 3329 3491 ha-

1773 3517 2016 3571 bitudine
2043 3533 2148 3573 non
2178 3529 2418 3574 arcente.
2453 3540 2469 3571 ι
2503 3521 2554 3574 Si
2584 3523 2764 3591 itaque
2789 3524 2903 3578 haec
2927 3526 3098 3592 palam
3131 3537 3182 3580 et
3214 3544 3330 3596 per-

1774 3625 1934 3677 quam
1961 3611 2244 3678 perspicue
2271 3612 2611 3682 diviniloqui,
2649 3633 2666 3665 ι
2711 3631 2876 3679 unum
2910 3634 2926 3664 ι
2964 3617 3171 3670 scilicet
3220 3637 3238 3668 ι
3274 3639 3332 3670 cx

1771 3701 2085 3764 ambobus.)
2114 3712 2166 3755 et
2199 3721 2216 3752 ι
2244 3716 2308 3755 ex
2338 3717 2445 3755 uno
2471 3704 2629 3758 ambo
2653 3721 2674 3755 ι
2695 3705 3000 3767 ennntiant,
3028 3717 3081 3759 et
3110 3708 3332 3775 prolixis

1770 3789 1882 3843 suis
1916 3790 2116 3844 divinis
2151 3791 2498 3844 sermonibus
2528 3792 2918 3860 praa'dicant,et
2950 3797 3192 3851 eamdem
3217 3812 3333 3849 esse

1738 3881 2082 3934 'eorumdem
2120 3881 2442 3934 sententiam
2469 3890 2520 3934 et
2548 3872 2907 3950 signiﬁcatum
2943 3883 3204 3937 divinitus
3237 3886 3332 3938 de-

1771 3973 1986 4036 liniant,
2020 3972 2142 4042 quis
2165 3988 2325 4037 usus,
2348 3984 2440 4027 aut
2461 3989 2582 4040 quae
2614 3975 2817 4027 utilitas
2849 3974 3031 4037 fuerit,
3068 3980 3333 4043 powers-is

1768 4065 2279 4119 ratiocinationibus
2309 4079 2374 4118 ex
2405 4074 2598 4118 ventre
2646 4066 2788 4118 natis
2828 4067 2943 4119 brec
2995 4068 3097 4121 sibi
3146 4079 3334 4122 mutuo

1770 4173 2072 4228 repugnare
2108 4157 2485 4211 demonstrare
2535 4157 2886 4222 contendere,
2921 4169 2975 4212 et
3022 4174 3118 4228 per
3164 4177 3331 4213 unum

1767 4249 1910 4302 aliud
1940 4231 2244 4309 destruere,
2281 4254 2335 4299 et
2366 4247 2476 4315 jam
2527 4247 2724 4317 positis
2774 4248 2994 4301 Patrum
3049 4254 3334 4304 sententiis

1769 4341 2115 4408 decretisque
2145 4338 2446 4401 adversari,
2479 4353 2602 4392 cum
2630 4340 2806 4409 magni
2837 4342 3069 4395 nominis
3105 4341 3335 4395 Basilius

1768 4432 1836 4485 ad
1871 4430 2308 4502 Amphilochium
2337 4429 2531 4484 doceat
2563 4445 2577 4482 :
2611 4449 2632 4483 ι
2675 4432 2775 4485 Per
2808 4431 3003 4486 Filium
3045 4435 3190 4486 enim
3232 4450 3332 4488 vox

92 4525 492 4589 ἀπετινάξατοο
543 4527 638 4580 καὶ
688 4527 716 4579 ὁ
767 4526 828 4577 τὸ
880 4525 1085 4577 ἁπλοῦν
1126 4524 1566 4588 κατασκευάσας,
1600 4523 1660 4575 τὸ

1771 4521 2075 4591 originariae
2121 4534 2296 4573 causae
2344 4518 2744 4573 confessionem
2784 4520 3054 4584 continet,
3095 4539 3114 4570 ι
3151 4531 3206 4574 et
3236 4524 3330 4590 qui

87 4618 317 4670 διπλοῦν
341 4620 727 4688 ἀπεπέμψατο.
765 4618 910 4688 Πλὴν
942 4619 1037 4669 καὶ
1065 4617 1239 4669 ἀλλων
1271 4614 1482 4667 πολλῶν
1512 4616 1659 4676 ἐνόν-

89 4728 200 4760 των
228 4711 362 4778 ἡμῖν
390 4711 484 4761 καὶ
524 4710 702 4777 λόγων
744 4712 836 4761 καὶ
868 4694 1177 4778 νοημάτων,
1222 4707 1342 4768 ταῖς
1374 4705 1484 4756 τῶν
1519 4708 1658 4774 ίερο-

90 4803 353 4869 κηρύκων
378 4803 761 4871 ὲκφαντορίαις
791 4799 1208 4870 ἐνηδρασμένων
1241 4800 1318 4859 είς
1342 4797 1656 4867 ἀπορράπι-

50 4892 56 4904 '
92 4907 182 4941 σιν
217 4892 314 4958 τῆς
351 4891 573 4958 διπλόης
607 4892 687 4941 ἑνὶ
721 4891 832 4941 τῶν
862 4891 926 4941 ἐκ
960 4889 1165 4940 τούτων
1198 4886 1656 4956 παραδειγμάτων

92 4981 558 5050 ἀρκεσθησόμεθα
584 4983 660 5049 τῷ
688 4980 781 5032 τοῦ
829 4981 1003 5050 ἡλίου,
1039 4981 1137 5047 τῆς
1167 4980 1404 5039 ἀκτῖνος,
1443 4978 1536 5027 καὶ
1562 4975 1656 5026 τοῦ

94 5073 296 5140 φωτός.
331 5068 490 5124 Οὗτοι
523 5073 632 5140 γὰρ
667 5073 746 5133 εἰς
771 5071 1067 5140 ἐμφέρειαν
1092 5068 1342 5137 ἀμυδρὰν
1368 5067 1474 5118 τῶν
1499 5067 1658 5132 θεαρ-

91 5163 269 5230 χικῶν
301 5162 652 5220 ύποστάσεων
695 5161 868 5214 ταῦτα
911 5159 1299 5228 λαμϐάνοντες,
1345 5157 1419 5217 ὡς
1464 5161 1527 5207 ὲκ
1562 5157 1656 5207 τοῦ

97 5233 253 5322 ἡλίου
285 5254 378 5305 καὶ
402 5256 500 5322 τῆς
533 5253 778 5314 ἀκτῖνος,
820 5251 989 5320 ἧγουν
1020 5252 1082 5302 ὲκ
1116 5249 1208 5302 τοῦ
1242 5247 1656 5315 πεφωτισμένον

97 5346 286 5398 δίσκου
325 5341 412 5396 διὰ
452 5343 554 5412 τῆς
587 5343 806 5403 ἀκτῖνος
837 5341 897 5393 τὸ
929 5340 1044 5408 φῶς
1090 5340 1210 5410 ἦτοι
1261 5337 1358 5408 τὴν
1386 5336 1680 5405 ἔκλαμψιν.

100 5434 283 5504 ἀπλῆν
314 5433 668 5498 ἀναφαίνουσι
689 5446 703 5461 ⁸
739 5431 822 5492 ’τίς
843 5432 1006 5500 γὰρὴ
1033 5430 1225 5494 διπλόη
1253 5428 1416 5493 τῆσδε
1439 5444 1452 5491 ;
1489 5427 1664 5489 οὕτως

97 5520 162 5584 ἐξ
213 5521 441 5588 ἀμφοῖν,
481 5518 650 5587 ἤγουν
696 5519 761 5570 ὲκ
810 5519 1022 5588 Πατρδς
1063 5518 1132 5571 δι’
1165 5517 1295 5570 Υίοῦ
1338 5517 1400 5569 τὸ
1454 5517 1682 5586 Πνεῦμα

101 5609 477 5681 θεολογοῦντες
508 5610 690 5678 πάσης
720 5608 941 5676 διπλόης
975 5609 1375 5680 ὑπερκείμενον
1408 5611 1679 5679 παριστά.

99 5722 276 5758 νουσι.
325 5702 433 5755 Καί
476 5718 556 5755 τοι
603 5703 636 5771 ἡ
675 5702 773 5771 τῆς
809 5702 1130 5772 ὑτ-ερουσίου
1183 5701 1412 5773 Τριάδος
1441 5704 1680 5774 ἁπλότης

101 5797 244 5865 ὑπὲρ
273 5797 452 5848 πᾶσαν
483 5796 761 5864 ἁπλότητα
785 5837 796 5852 ,
835 5796 908 5852 ὡς
947 5799 1038 5847 καὶ
1079 5799 1104 5865 ἡ
1142 5798 1375 5867 ἁμέρεια
1403 5798 1542 5869 ὑπὲρ
1570 5801 1676 5853 πᾶ-

419 5887 613 5947 Ριτιι.
662 5887 778 5949 Gn.
833 5886 1044 5951 CXLI.

1768 4614 1891 4667 unis
1928 4612 2126 4666 animis
2154 4627 2290 4665 cum
2350 4626 2416 4664 eo
2463 4611 2622 4672 vixit,
2655 4620 2709 4664 et
2745 4613 2797 4663 in
2836 4613 3092 4666 omnibus
3139 4615 3329 4667 eadem

1764 4704 1937 4759 tenuit
1967 4703 2294 4772 Theologus,
2328 4702 2520 4755 clamat
2560 4719 2572 4752 :
2611 4720 2628 4751 ι
2678 4701 2826 4756 Licet
2856 4705 2919 4756 ad
2953 4704 3178 4772 primam
3206 4722 3330 4758 cau-

1763 4809 1876 4846 sam
1908 4808 2028 4861 quaa
2072 4791 2365 4862 Unigeniti,
2400 4804 2452 4844 et
2481 4807 2543 4845 ea
2573 4809 2692 4860 quae
2721 4792 2957 4861 Spiritus
2991 4802 3136 4854 sunt.
3183 4794 3324 4846 ret‘e-

1767 4894 1989 4949 rantur;
2034 4902 2051 4933 ›
2089 4891 2147 4935 ut
2180 4883 2374 4936 leviter
2405 4882 2784 4937 refutationem
2829 4883 3086 4953 attingam
3134 4897 3324 4936 eorum

1763 4976 1856 5043 qui
1884 4975 2112 5028 duorum
2144 4974 2536 5042 principiorum
2569 4973 2962 5040 absurditatem
3006 4974 3206 5027 inferre
3228 4989 3324 5027 co-

1767 5066 1990 5124 nantur,
2023 5079 2088 5117 ex
2119 5065 2186 5117 iis
2214 5079 2334 5130 qua:
2365 5064 2580 5132 pietatis
2626 5074 3051 5134 propugnatores
3093 5065 3329 5118 tradide-

1768 5155 1932 5208 runt?
1991 5152 2096 5208 Sed
2129 5170 2250 5207 cum
2287 5156 2707 5223 interrogat'one
2760 5171 2853 5222 per
2886 5155 3139 5207 dilemma
3191 5154 3330 5208 facta

1766 5262 1829 5302 ex
1881 5263 1986 5300 una
2032 5256 2184 5316 parte
2223 5248 2275 5300 in
2309 5246 2455 5300 hunc
2479 5248 2699 5300 modum
2732 5249 3085 5316 redarguatur
3101 5248 3165 5299 ad
3201 5247 3333 5299 siui-

1767 5339 1921 5408 plicis
1953 5339 2348 5407 probationem.
2380 5349 2433 5391 et
2457 5337 2844 5413 refutationem
2871 5353 3058 5392 eorum
3082 5352 3199 5405 quae
3226 5337 3329 5406 ipsi

1767 5431 1927 5497 obiici
1977 5438 2246 5498 poterant,
2299 5438 2503 5485 temere
2547 5430 2777 5483 adducta
2815 5429 3222 5500 dignoscantur.
3267 5429 3331 5482 Et

1769 5535 1993 5592 prorsus
2021 5509 2192 5588 hujus
2221 5531 2447 5587 utraque
2478 5536 2546 5574 ex
2573 5531 2725 5589 parte
2762 5520 2994 5588 duplicis
3032 5522 3332 5588 interroga-

1767 5612 1932 5666 tionis
1985 5613 2126 5666 dicta
2185 5613 2573 5666 subvertentur
2616 5630 2630 5664 :
2680 5612 2813 5665 tales
2869 5612 3137 5680 siquidem
3206 5620 3334 5662 sunt

1767 5702 2141 5770 oppositurum
2183 5702 2617 5770 conjugationes.
2656 5701 2756 5765 Qui
2789 5700 2959 5753 solem
2995 5698 3331 5759 introduxit,

1770 5795 2018 5848 tenebras
2045 5793 2349 5861 dissipavit,
2382 5804 2434 5846 ct
2464 5795 2552 5862 ιιιιί
2588 5784 2810 5862 δίιιιβιυκ
2844 5792 3111 5860 probavit,
3135 5789 3334 5856 ἀιιὶδιυκ

2892 5887 2961 5945 ιιι
