4074 6428
125 445 266 512 1305

1145 457 1442 521 CONTRA
1507 458 1895 524 MAXIMUM
1958 461 2400 527 PLANUDEM.

3260 455 3396 522 1305

120 559 500 631 πατράδεὶφον
543 561 791 615 ἐντεῦθεν
823 564 1214 635 ἀποῤῥαπίζει,
1247 569 1342 620 καὶ
1377 569 1437 620 τὸ
1467 586 1694 638 μονογε-

1818 570 1995 624 animo
2027 571 2096 623 sit
2130 570 2387 625 brevibus
2435 585 2521 623 me
2552 570 2833 638 expedire,
2871 566 2996 622 licet
3051 567 3154 621 hac
3188 569 3426 624 ratioue‘

121 652 208 713 νὲς
235 653 480 721 συνιστᾷ,
517 653 611 706 καὶ⁵
641 654 700 706 τὸ
725 655 785 720 ἐξ
819 656 1023 725 ἀμφοῖν
1064 657 1365 729 διαρρήδην
1392 661 1706 730 ἀνακηρύτο

118 759 205 796 τει
226 759 241 773 ·
270 743 352 796 διδ
382 744 479 796 καὶ
513 745 653 814 μετά
687 765 810 802 τινα
834 749 1086 820 ἐπιφέρει
1122 751 1301 819 λέγων
1325 769 1338 782 ο
1377 770 1396 803 ι
1422 754 1568 806 Ἀλλ’
1595 755 1711 824 ἐρεῖ

118 850 224 899 τις,
261 836 470 890 Οὐκοῦν
499 856 676 909 φαμεν
703 840 796 894 δύο
822 837 962 895 εἶναι
1014 844 1198 910 Υἱοὺς,
1247 848 1340 900 καὶ
1383 847 1504 911 πῶς
1534 850 1706 902 Μονο-

121 928 320 996 γενής;
368 930 649 998 Μενοῦνγε
707 935 771 986 σὺ
811 934 891 997 τίς
945 933 997 989 εἷ
1034 939 1062 989 ὁ
1116 939 1599 1009 ἀντιλογιζόμενος
1630 941 1707 1009 τῷ

123 1017 276 1086 Θεῷ;
328 1020 389 1073 El
436 1022 548 1090 γάρ
593 1023 698 1076 τὸν
747 1025 870 1079 Υίδν
926 1029 1084 1082 καλεῖ
1118 1032 1210 1082 τὸν
1243 1030 1300 1096 ἐξ
1335 1032 1524 1094 αὑτοῦ,
1559 1033 1620 1085 τὸ
1649 1032 1708 1085 δὲ

123 1109 280 1175 ἅγιον
321 1111 542 1180 Πνεῦμα
571 1115 632 1168 τὸ
664 1119 795 1186 παρ’
832 1119 1183 1190 ἀμφοτέρων.
1213 1141 1234 1174 ι
1267 1123 1378 1176 Καὶ
1423 1125 1452 1177 ό
1484 1123 1708 1192 Νύσσης

122 1199 308 1262 ἔνθεος
369 1203 631 1274 ίεράρχης
687 1207 755 1259 τά
811 1208 958 1264 αὐτά
997 1211 1244 1266 διδάσκει
1296 1215 1354 1266 ἐν
1404 1212 1486 1277 οἷς
1514 1218 1579 1270 ὲκ
1611 1215 1706 1268 τοῦ

121 1290 342 1360 πρώτου
377 1296 472 1346 καὶ
505 1295 605 1363 τῆς
653 1297 835 1362 αίτίας
893 1300 984 1352 τὸν
1020 1302 1120 1370 μὲν
1151 1302 1281 1355 Υίδν
1315 1305 1710 1374 προσεχῶς,.τδ

122 1381 180 1432 δὲ
215 1381 440 1452 Πνεῦμα
481 1385 572 1440 διὰ
602 1387 695 1440 τοῦ
748 1391 1034 1460 προσεχῶς
1065 1392 1409 1461 δογματίζει,
1445 1394 1556 1447 ,διὰ
1610 1393 1707 1446 τοῦ

123 1474 256 1526 Υἰοῦ
287 1476 556 1545 δηλονότι,
591 1481 813 1548 ἐπάγων
844 1482 995 1550 ἑξῆς,
1035 1503 1050 1534 ι
1099 1487 1263 1539 Ὥστε
1315 1486 1501 1540 καὶτὸ
1554 1504 1708 1556 μονο-

121 1564 282 1631 γενὲς
307 1566 679 1636 ἀναμφίὸολον
717 1573 809 1624 ἐπὶ
861 1576 956 1626 τοῦ
1004 1576 1135 1628 Υίοῦ
1177 1578 1383 1646 μένειν,
1414 1579 1598 1632 καὶτὸ
1645 1582 1709 1633 ὲκ

123 1655 216 1707 τοῦ
253 1656 466 1727 Πατρδς
501 1656 644 1713 εἶναι
674 1663 734 1715 τὸ
764 1664 990 1734 Πνεῦμα
1027 1667 1103 1736 μὴ
1155 1669 1553 1738 ἀμφιϐάλλειν,
1609 1673 1709 1740 τῆς

119 1746 218 1799 τοῦ
242 1746 372 1800 Υίοῦ
409 1751 688 1817 μεσιτείας
721 1755 812 1806 καὶ
852 1757 1032 1825 ἐαυτῷ
1081 1758 1142 1810 τὸ
1180 1759 1472 1825 μονογενὲς
1506 1761 1712 1828 φυλατ-

1817 678 1847 715 a
1879 662 2163 731 proposito
2195 661 2328 716 mihi
2354 676 2519 730 scopo
2553 660 2820 723 decidam,
2853 660 2980 714 dum
3019 659 3084 714 ad
3140 659 3401 728 quaestio-

1825 754 1912 808 nis
1944 754 2179 823 singula,
2211 771 2332 824 quae
2379 754 2494 808 fere
2546 755 2832 806 innumera
2862 759 3010 814 sunt,
3067 749 3401 804 necessitate

1811 846 2043 915 quadam
2100 861 2266 916 cogor
2322 843 2584 899 nonnulla
2648 842 3031 910 tantummodo
3091 854 3399 910 apponere,

1813 939 2044 1006 indeque
2074 938 2573 1006 quomodocunque
2638 927 2933 1004 prolixiore
2990 931 3083 987 uti'
3121 945 3400 986 sermone.

1811 1029 2185 1083 Nihilominus
2246 1044 2312 1082 ex
2361 1029 2472 1098 jam
2540 1042 2710 1095 prope
2765 1025 2833 1080 de
2891 1023 3119 1102 nomine
3176 1021 3405 1076 laudato

1812 1121 1999 1176 divino
2047 1120 2229 1184 Patre,
2269 1103 2386 1172 aut
2437 1117 2764 1187 quibusdam
2817 1115 2885 1170 ad
2921 1124 3160 1170 mentem
3223 1113 3401 1184 ipsius

1811 1212 2053 1268 breviter
2072 1208 2608 1268 'laudandis'dictum
2643 1209 3107 1264 mauifestabitur.
3143 1205 3396 1273 Namque

1814 1304 1894 1359 sic
1942 1318 2055 1358 non
2089 1302 2262 1365 multo
2293 1314 2420 1356 ante
2461 1301 2754 1371 recitatum
2794 1300 3002 1354 dictum
3063 1297 3135 1351 ita
3193 1296 3406 1364 profc-rt

1813 1395 2086 1465 integrum
2133 1413 2150 1449 :
2189 1413 2208 1446 ι
2250 1393 2491 1464 Spiritus
2550 1403 2777 1459 sanctus
2834 1407 2941 1444 non
2989 1389 3160 1444 frater
3195 1388 3403 1462 lfatris,

1813 1503 1921 1541 non
1953 1489 2132 1541 Patris
2172 1487 2362 1549 frater,
2401 1486 2496 1540 sed
2533 1503 2595 1539 ex
2632 1485 2760 1554 ipsa.
2811 1482 3053 1538 essentia
3110 1479 3290 1533 Patris
3349 1485 3408 1532 ct

1819 1577 1960 1641 Filii,
2001 1598 2020 1630 ι
2053 1588 2107 1633 et
2150 1593 2270 1648 quae
2318 1585 2646 1642 sequuntur,
2679 1572 2755 1627 uti
2791 1589 2959 1643 supra
3005 1571 3213 1641 digesta
3252 1577 3403 1630 sunt.

1815 1669 1950 1724 Cum
1981 1669 2128 1724 enim
2168 1668 2406 1737 Spiritus
2462 1669 2648 1723 hostes
2681 1664 3105 1725 contenderent,
3135 1659 3406 1728 Spiritum

1815 1753 2064 1813 sanctum
2124 1768 2436 1814 creaturam
2510 1757 2913 1819 demonstrare,
2992 1753 3404 1819 dicerentque:

120 1836 344 1939 τούσης,
373 1841 467 1892 καὶ
493 1840 554 1892 τὸ
576 1843 798 1911 Πνεῦμα
817 1845 915 1913 τῆς
940 1848 1078 1915 πρὸς
1098 1849 1192 1901 τὸν
1219 1851 1436 1918 Πατέρα
1465 1853 1700 1922 σχέσεως

1818 1851 1863 1905 Si
1902 1867 1969 1905 ex
1996 1850 2157 1904 Patre
2213 1861 2465 1919 uterque,
2524 1849 2633 1903 duo
2662 1838 2857 1900 fratres
2914 1853 2972 1900 et
3021 1844 3130 1899 duo
3183 1841 3302 1906 filii,
3354 1847 3412 1893 ct

124 1928 202 1998 μὴ
227 1928 620 2003 ἀπειργούσης,
656 1952 676 1984 ι
718 1935 778 1988 El
811 1936 985 1991 ταῦτα
1011 1940 1072 1992 τὸ
1107 1939 1331 2010 βέϐαιον
1358 1943 1582 2012 ἔσχηκε,
1601 1944 1706 1996 ποῦ

121 2019 184 2071 τὸ
210 2023 604 2092 συνιστάμενον
635 2024 747 2089 ἕξει
780 2029 920 2080 κατά
949 2035 1075 2092 τοὺς
1107 2032 1210 2101 τῆς
1239 2030 1525 2096 εὐσεϐείας
1574 2053 1708 2106 προ-

121 2106 336 2176 ϐόλους,
365 2115 459 2167 καὶ
496 2118 571 2186 μὴ
595 2118 655 2171 τὺ
703 2121 890 2186 σφίσιν
936 2123 1270 2194 ἀντίρροπον
1298 2126 1361 2178 τὸ
1392 2128 1492 2196 μὲν
1509 2128 1709 2195 όμοού-

123 2214 242 2252 σιον
267 2200 500 2255 τιθεῖναι
550 2204 751 2272 λέγειν,
786 2207 1033 2262 κίνδυνον
1085 2210 1374 2279 ἀφανίζον,
1429 2214 1523 2267 τοῦ
1557 2215 1712 2284 λέγε-

122 2291 358 2345 σθαιτὸν
394 2289 525 2346 Υίὸν
552 2296 811 2351 ἐλάττονα
853 2299 1212 2371 τοῦ’Πατρδς.
1249 2304 1490 2358 ἐνταῦθα
1513 2306 1570 2358 δὲ
1601 2325 1708 2376 μη.

120 2382 522 2476 ξέναῗκίνδυνον
547 2390 880 2476 ἀντεπάγειν
922 2393 1191 2463 ὑπάρχειν
1227 2397 1325 2467 τῆς
1355 2396 1416 2462 ἐξ
1459 2399 1588 2452 Υἱιιῦ
1617 2401 1710 2452 καὶ

121 2474 194 2527 δι’
227 2475 357 2528 Υίοῦ
385 2474 664 2546 θεολογίας
683 2481 962 2549 ἀπούσης;
991 2487 1082 2552 αφ’
1119 2481 1187 2558 ἧς
1207 2487 1560 2553 ἀνίστασθαι,
1615 2491 1710 2544 xal.

128 2568 337 2636 μᾶλλον
365 2571 696 2626 ἀνακύπτειν
731 2575 905 2646 μυρία
931 2579 999 2630 τὰ
1018 2579 1216 2644 ἄτοπα,
1244 2581 1404 2651 εἰπερ
1429 2583 1504 2646 ὡς
1529 2586 1711 2638 ἐκεῖσε

123 2661 550 2743 τὸόμοούᾳιον
583 2669 664 2729 είς
696 2670 1034 2741 ἀποσόϐησιν
1062 2677 1263 2747 ἐρρέθη
1290 2681 1406 2740 τοῖς
1459 2681 1708 2748 Πατράσι

125 2750 239 2804 τῶν
272 2753 740 2824 βλασφημούντων
773 2764 852 2822 είς
896 2763 986 2815 τὸν
1039 2764 1192 2830 Υίὸν,
1226 2765 1404 2831 οὕτως
1432 2769 1622 2823 ἐνθάδε
1651 2770 1711 2824 τὺ

132 2859 154 2893 ι
189 2843 251 2907 ἑξ
305 2845 436 2898 Υίοῦ
477 2865 537 2901 τε
568 2852 660 2902 καὶ
709 2852 775 2904 δι’
816 2843 942 2906 Υίοῦ
987 2874 1005 2906 ι
1059 2859 1139 2919 είς
1177 2862 1566 2931 καταστροφὴν
1609 2865 1710 2932 τῆς

126 2934 508 3004 γλωσσαλγίας
534 2939 862 3012 ἐθεολογήτιη
898 2948 1010 3006 τοῖς
1056 2943 1336 3018 θεοφόροίς
1363 2932 1470 3012 τῶν
1502 2954 1711 3022 δυσφη-

131 3027 380 3096 μούντων
410 3030 490 3090 είς
526 3029 586 3088 τὸ
619 3031 842 3102 Πνεῦμα
863 3036 923 3087 τὸ
951 3035 1127 3103 ἀγιον.
1175 3040 1288 3117 Ποῦ
1312 3041 1370 3092 δὲ
1401 3044 1496 3094 καὶ
1524 3045 1706 3112 παρά-

1810 1944 2088 2013 quomodo
2132 1934 2494 2011 unigenitus?
2527 1949 2739 1995 tantum
2769 1954 2880 1993 non
2939 1937 3162 1991 divinus
3211 1934 3411 1988 doctor

1812 2034 2037 2103 inquit:
2067 2035 2140 2087 Ea
2174 2033 2388 2090 ratione
2434 2041 2670 2102 uterque
2721 2047 2787 2084 ex
2847 2027 3010 2083 Patre
3060 2035 3169 2092 est,
3229 2033 3290 2080 ut
3340 2040 3408 2101 ex

1811 2127 1918 2180 alio
1985 2127 2126 2179 alius
2196 2125 2303 2189 sit,
2370 2133 2426 2178 et
2483 2124 2552 2178 ad
2625 2123 2729 2177 hoc
2787 2117 3264 2198 comprobandum
3340 2130 3410 2169 ex

1815 2217 2002 2271 divina
2022 2203 2253 2278 Domini
2317 2230 2453 2269 voce
2508 2215 2711 2281 duplex
2763 2212 2970 2289 dictum
3021 2207 3410 2273 Evangelicum

1811 2309 2060 2373 assumit,
2094 2309 2238 2378 quod
2267 2323 2335 2361 ex
2361 2307 2518 2361 Patre
2577 2295 2874 2374 procedere
2901 2301 3122 2366 asserit,
3152 2308 3208 2355 et
3264 2298 3424 2370 quod

1817 2418 1846 2451 ι·
1867 2398 1942 2452 Ex
1972 2388 2104 2452 meo.
2151 2397 2408 2467 accipiet,
2439 2415 2458 2448 ι
2497 2396 2749 2470 ejusdem
2772 2409 2896 2448 esse
2921 2391 3214 2448 sententia:
3263 2400 3412 2444 utra-

1810 2505 1914 2560 que
1939 2490 2294 2550 contirmans.
2331 2489 2568 2556 indeque
2593 2497 2648 2540 et
2671 2485 3114 2550 fratris‘fratrem,
3146 2491 3200 2536 et
3243 2481 3416 2552 patris

1812 2583 2036 2638 fratrem
2061 2584 2219 2652 longe
2245 2582 2416 2652 pellit,
2440 2591 2495 2636 et
2521 2579 2872 2650 Unigenitum
2895 2578 3239 2642 corroborat,
3261 2583 3316 2629 et
3338 2589 3408 2629 ex

1812 2683 2046 2741 utroque
2074 2673 2251 2741 palam
2282 2670 2638 2741 depraadicat,
2677 2669 2910 2737 ideoque
2942 2681 3054 2720 non
3086 2674 3212 2734 post
3237 2664 3411 2718 multa

1811 2764 2096 2833 subjungit
2130 2763 2320 2816 dicens
2351 2781 2364 2815 :
2396 2779 2416 2813 ι
2453 2760 2560 2814 Sed
2613 2746 2810 2812 dixerit
2835 2759 3129 2828 quispiam,
3166 2755 3415 2810 Dicimus

1811 2869 1941 2924 ergo
1979 2853 2119 2907 duos
2152 2851 2293 2905 filios
2322 2865 2472 2918 esse,
2509 2859 2566 2904 et
2597 2850 2875 2920 quomodo
2943 2848 3260 2918 unigenitus
3285 2846 3312 2901 τ
3345 2846 3417 2900 At

1811 2956 1867 3000 tu
1911 2944 2056 3014 quis
2085 2959 2166 3006 es,
2189 2944 2279 3013 qui
2311 2944 2418 2996 Deo
2445 2942 2811 2997 contradicis?
2840 2940 3058 2995 Etenim
3107 2940 3158 2993 si
3217 2939 3416 2994 Filium

1810 3043 1968 3090 vocat
1989 3034 2080 3104 qui
2109 3049 2175 3088 ex
2198 3033 2319 3102 ipso
2352 3042 2454 3098 est,
2483 3032 2746 3102 Spiritum
2772 3047 2902 3098 ,vero
2926 3039 3202 3097 sanctum,
3233 3031 3328 3102 qui
3345 3030 3416 3085 ab

127 3118 280 3192 δξσις
308 3120 340 3188 ἠ
371 3138 388 3170 ι
421 3121 482 3172 ἐκ
504 3121 716 3192 Πατρὸς
743 3126 905 3191 μόνου
940 3144 959 3177 ι
1000 3129 1092 3180 νέα
1128 3129 1440 3197 νομοθεσία,
1472 3135 1565 3185 καὶ
1584 3133 1706 3203 οὐχὶ

1818 3127 2082 3195 utrisque.
2117 3145 2135 3178 ι
2161 3124 2358 3178 Eadem
2388 3134 2442 3177 et
2465 3123 2685 3178 divinus
2708 3123 2995 3178 hierarch‘a
3014 3121 3295 3192 Nyssenus
3314 3122 3415 3176 do-

133 3209 335 3279 μᾶλλον
353 3214 463 3275 τοῖς
486 3212 650 3275 θείοις
682 3214 1024 3281 διδασκάλοις
1047 3219 1480 3291 ἀντιπαράταξις
1503 3242 1518 3290 ;
1542 3223 1706 3279 Ἀλλὰ

128 3304 223 3356 καὶ
255 3304 287 3374 ἡ
313 3305 445 3374 πρὸς
465 3305 607 3358 τοῦτ’
631 3307 761 3359 αὐτὸ
787 3310 849 3361 τὸ
885 3309 983 3377 μὲν
1007 3312 1175 3382 μηδὲν
1206 3312 1540 3384 λυμαντικὸν
1565 3314 1706 3371 εἶναι

126 3393 314 3462 τῆςμὲκ
336 3394 427 3447 τοῦ
465 3395 593 3448 Υίοῦ
626 3397 904 3465 θεολογίας
950 3400 1430 3473 ἀποπεμπομένης
1461 3405 1704 3473 φωνοῦν-

125 3502 240 3549 τος,
273 3488 430 3539 ἐνίων
457 3488 510 3540 δὲ
536 3489 632 3556 τῆς
667 3490 839 3559 αὐτῆς
875 3491 1074 3561 μοίρας
1103 3495 1553 3564 παραδιασθῆναι
1579 3500 1708 3561 τοὺς

127 3579 318 3648 ἁγίους
348 3580 512 3647 φάναι
548 3585 751 3652 ταύτην
793 3584 1061 3652 λεγόντων
1099 3588 1181 3650 είς
1223 3587 1493 3655 αἱρέσεων
1530 3590 1707 3662 ἀπορ-

124 3673 376 3741 ῥάπισιν,
409 3673 503 3724 καὶ
550 3671 630 3726 δεῖ
665 3677 1053 3746 παρατρέχειν,
1109 3681 1206 3733 καὶ
1243 3680 1318 3750 μὴ
1365 3685 1644 3752 κατέχειν,
1675 3686 1736 3754 ήι

127 3764 265 3834 πρὸς
289 3762 433 3815 τοῦτ’
459 3765 591 3817 αὐτὸ
616 3768 789 3819 τοῖσδε
819 3768 1094 3837 δευτέροις
1120 3772 1386 3840 ἀπολογία
1415 3775 1556 3828 κατά
1575 3795 1712 3828 -και-

131 3856 260 3923 ροὺς
296 3856 559 3925 ἡμετέρα,
618 3859 709 3910 καὶ
762 3858 839 3923 τῷ
887 3861 1058 3942 έτέρῳ
1115 3862 1173 3915 δὲ
1221 3863 1336 3928 νῦν,
1383 3867 1516 3936 ὠςή
1546 3869 1711 3936 τῆσδε

130 3947 436 4017 παρόρασις
461 3949 554 4000 καὶ
583 3949 840 4021 ἀθέτησις
868 3952 979 4021 τῶν
1012 3955 1070 4019 ἐξ
1101 3955 1272 4024 αὐτῆς
1304 3957 1710 4028 ἀπωθουμένων

129 4038 398 4108 αἱρέσεων
438 4039 732 4092 ἀνανέωσις
763 4041 915 4094 ἔσται
937 4043 1077 4096 κατά
1103 4046 1285 4098 πᾶσαν
1312 4033 1562 4118 ἀνάγκην
1619 4051 1714 4102 καὶ⁸

130 4131 513 4201 ἀναγόρευσιςο
532 4133 646 4192 πῶς
679 4135 744 4201 τῇ
771 4133 868 4202 τῆς
889 4132 1145 4202 ἀληθείας
1176 4137 1440 4206 ἁπλότητι
1463 4139 1537 4201 ὠς
1571 4158 1714 4193 στοι-

129 4224 302 4295 χοῦσα
332 4224 452 4292 οὐχὶ
486 4225 546 4275 τὸ
583 4223 880 4293 κατάδηλον
909 4213 1266 4296 ἐπιφέρεταις
1302 4230 1446 4298 Πρὸς
1467 4232 1525 4284 δέ
1555 4249 1618 4300 γε
1642 4234 1710 4286 τὸ

129 4318 432 4371 σύνθετον
455 4317 547 4368 καὶ
578 4316 643 4368 τὸ
668 4316 780 4384 τῆς
805 4318 1099 4386 διαρχίας,
1127 4320 1162 4374 ἀ
1186 4323 1278 4374 καὶ
1299 4324 1437 4393 τῷδε
1459 4326 1714 4396 παρενεί-

137 4425 218 4478 pst
249 4407 323 4477 τῷ
350 4409 650 4478 κεφαλαίῳ,
683 4410 775 4462 καὶ
803 4411 1037 4480 καθεξῆς
1060 4413 1094 4465 ἀ
1129 4431 1263 4483 φησι
1297 4433 1317 4466 ι
1349 4416 1461 4468 τῶν
1489 4417 1710 4471 ἀτόπων

1821 3226 1930 3278 cet.
1960 3217 2089 3272 dum
2109 3233 2174 3270 ex
2196 3207 2375 3285 primo
2391 3223 2448 3271 et
2471 3229 2634 3268 causa
2660 3212 2857 3267 Filium
2884 3213 3105 3283 quidem
3130 3215 3412 3283 contigue,

1823 3308 2090 3387 Spiritum
2116 3323 2198 3362 ve:
2215 3324 2248 3362 ο
2265 3322 2361 3376 per
2386 3306 2539 3368 illud,
2564 3306 2708 3373 quod
2729 3306 2986 3375 contigue
3011 3299 3117 3371 est,
3144 3304 3415 3370 decernit,

1822 3416 1917 3470 per
1950 3400 2148 3454 Filiqu
2198 3399 2298 3454 scil
2322 3409 2429 3463 cet,
2468 3397 2711 3453 subdens
2755 3398 2938 3452 illico:
2973 3415 2991 3447 ι
3032 3395 3104 3452 Ut
3127 3403 3182 3450 et
3226 3395 3418 3465 unige-

1822 3492 1998 3546 nitum
2028 3490 2400 3544 indubitatum
2432 3490 2486 3544 in
2520 3489 2656 3544 Filio
2679 3491 2772 3551 sit,
2821 3498 2874 3544 et
2917 3487 3187 3557 Spiritum
3222 3501 3288 3541 ex
3311 3486 3416 3541 Pa-

1823 3591 1905 3636 tre
1924 3597 2045 3637 esse
2073 3581 2294 3635 minime
2335 3582 2637 3642 dubitetur.
2672 3581 2792 3634 Filii
2841 3580 3196 3644 mediatione,
3225 3587 3282 3634 et
3305 3578 3413 3633 sibi

1825 3675 1928 3744 ipsi
1959 3674 2304 3743 unigenitum
2329 3685 2716 3738 conservante,
2741 3684 2796 3727 et
2814 3672 3078 3742 Spiritutn
3095 3688 3125 3726 a
3146 3672 3417 3728 relatione

1826 3766 1892 3818 ad
1918 3764 2133 3818 Patrem
2174 3780 2279 3816 non
2336 3773 2578 3818 arcente.
2608 3783 2625 3815 ι
2661 3763 2787 3818 Haec
2820 3765 2864 3817 si
2910 3763 3062 3821 ﬁrma
3096 3778 3160 3817 ac
3197 3763 3415 3830 stabilia

1827 3867 1976 3920 sunt,
2001 3857 2221 3911 ubinam
2245 3855 2507 3911 subsistet
2525 3857 2786 3911 adversus
2804 3855 3024 3924 pietatis
3041 3863 3414 3924 propugnato-

1827 3966 1916 4003 res
1937 3950 2080 4019 quod
2111 3948 2358 4012 affertur,
2397 3959 2452 4002 et
2482 3965 2591 4002 non
2632 3950 2851 4013 penitus
2879 3947 3116 4006 decidet.
3177 3947 3417 4000 consub-

1835 4040 2087 4097 stantiale
2137 4040 2357 4109 quidem
2409 4041 2716 4109 appositum
2749 4039 3053 4108 periculum
3127 4037 3414 4106 repellere,

1829 4152 1900 4191 ne
1927 4137 2141 4191 dicatur
2161 4133 2330 4189 Filius
2349 4137 2530 4188 mlnor
2554 4132 2713 4185 Patre
2739 4149 2753 4197 ;
2807 4132 2898 4205 hic
2923 4146 3052 4183 vero
3074 4129 3283 4186 nullum
3317 4129 3418 4183 im-

1827 4228 2038 4281 minere
2066 4226 2366 4296 periculum
2399 4224 2564 4278 dictis
2597 4222 2922 4293 theologicis
2957 4236 3023 4274 ex
3051 4219 3194 4274 Filio
3221 4229 3279 4274 et
3318 4236 3417 4290 per

1828 4318 2021 4372 Filium
2054 4330 2210 4371 esse:
2234 4331 2301 4369 ex
2336 4309 2534 4385 quibus
2569 4321 2861 4384 assurgunt
2893 4313 3005 4366 imo
3027 4311 3210 4380 potius
3233 4325 3415 4365 emer-

1831 4420 1966 4482 gunt
2001 4411 2289 4464 innumera
2351 4409 2705 4474 absurda,.si
2737 4408 2816 4462 uti
2850 4406 2923 4461 ibi
2967 4397 3417 4458 consubstamihtc

135 4498 361 4553 ἔπεσθαι
406 4499 575 4568 μυρία
613 4519 632 4550 ι
695 4501 837 4554 κατὰ
901 4504 1257 4573 παράλειψιν,
1309 4507 1432 4559 ἐπεὶ
1470 4508 1594 4584 καθ’
1643 4503 1710 4563 ὧν

1825 4519 1854 4556 a
1887 4499 2140 4556 Patribus
2182 4501 2523 4554 insinuatum
2580 4510 2665 4554 est
2703 4499 2770 4553 ad
2828 4496 3160 4552 refellendos
3190 4509 3287 4550 eos
3319 4495 3416 4573 qui

132 4590 242 4658 ἄρα
265 4589 604 4658 ἐπινενόηται
628 4589 894 4659 πρότερον
918 4591 1060 4643 κατὰ
1087 4593 1194 4642 τῶν
1225 4592 1486 4663 Πατέρων
1517 4597 1717 4648 ὲναπο-

129 4681 392 4744 τείνεται,
427 4682 480 4734 οῖ
511 4681 569 4734 τὸ
603 4683 736 4734 αὐτὸ
781 4686 873 4735 καὶ
903 4683 976 4751 μὴ
1012 4682 1142 4736 ἄλλο
1171 4683 1252 4748 τὸ,
1289 4703 1306 4736 ι
1353 4685 1448 4739 Ἐκ
1476 4687 1572 4740 τοῦ
1605 4691 1717 4741 [Ia-

1830 4593 1884 4647 in
1943 4593 2140 4648 Filium
2199 4592 2689 4660 blasphemabaut,
2747 4592 2860 4658 pari
2922 4589 3084 4644 modo
3141 4571 3416 4649 hicetet

1840 4685 1982 4739 Filio
2011 4696 2067 4741 et
2105 4683 2198 4756 per
2231 4685 2458 4748 Filium,
2516 4685 2582 4738 ad
2619 4687 2808 4737 eorum
2844 4685 3232 4754 loquacitatem
3265 4699 3418 4739 com-

132 4771 262 4840 τρδς
292 4772 702 4840 ἐκπορεύεται,ι
737 4774 831 4826 καὶ
854 4773 937 4836 τὸ,
970 4791 989 4824 ι
1019 4774 1117 4828 Ἐκ
1145 4775 1240 4826 τοῦ
1270 4777 1406 4845 ὲμοῦ
1427 4778 1710 4847 λήψεται,ι

1827 4781 2176 4849 pescendam,
2222 4780 2313 4848 qui
2355 4778 2750 4848 blasphematur
2775 4779 2828 4833 in
2859 4779 3416 4849 Spiritum-sanctum

133 4866 278 4916 κατά
340 4863 579 4916 διάνοιαν
631 4865 1046 4935 δογματίζουσι,
1105 4868 1198 4919 καὶ
1236 4867 1339 4922 ὅσα
1398 4873 1499 4941 τῆς
1545 4872 1710 4941 αὐτῆς

1820 4873 2082 4947 ιτειίίιιιηι
2109 4882 2210 4926 est.
2246 4871 2348 4927 Ubi
2388 4883 2516 4926 vero
2550 4873 2771 4926 traditio
2794 4883 2899 4934 est,
2933 4888 3055 4941 qua:
3093 4889 3212 4926 Lex
3254 4871 3416 4925 Patre

135 4957 415 5025 θεολογίας
446 4957 702 5028 ἀνωτέρω
741 4960 998 5028 καθαρῶς
1022 4960 1402 5029 διειλήφαμεν,
1451 4965 1545 5017 καὶ
1577 4965 1710 5035 ὑπὲρ

1819 4967 1936 5019 solo
1979 4985 1998 5017 ι
2041 4980 2234 5020 recens
2265 4965 2317 5018 in
2349 4965 2676 5035 theologiam
2736 4965 3049 5019 introducta
3105 4965 3423 5020 decernat?

123 5049 321 5112 ⁴αὐτῶν
352 5049 509 5118 ἡμεῖς
545 5049 602 5114 ἐξ
638 5049 816 5101 αὐτῶν
840 5051 980 5102 κατὰ
1009 5051 1072 5102 τὸ
1103 5051 1220 5102 ἐνὸν
1243 5052 1710 5124 ἀτιεολελογιίιμεθα1

1823 5043 2020 5111 Annon
2055 5057 2154 5110 ista
2213 5058 2396 5126 potius
2457 5068 2542 5112 est
2597 5057 2868 5111 adversus
2922 5057 3139 5111 divinos
3194 5066 3423 5110 nostros

136 5139 321 5201 αὐτοῖς
355 5138 674 5207 ἀρκούμεθα
699 5138 930 5202 τούτοις,
972 5142 1066 5192 καὶ
1102 5141 1150 5191 εί
1186 5140 1452 5210 μυριάκις
1498 5143 1710 5210 ἐπινοη-

1830 5132 2086 5201 doctores
2115 5163 2178 5200 ex
2215 5147 2447 5201 adverso
2476 5147 2808 5205 instructio?
2842 5147 2948 5201 Sed
2975 5149 3039 5201 ad
3068 5149 3172 5201 hoc
3201 5146 3415 5216 ipsum,

138 5230 282 5281 θεῖεν
311 5229 500 5298 μυρία,
541 5229 600 5294 ἐξ
628 5229 807 5281 αὐτῶν
838 5231 863 5280 ὁ
898 5229 1164 5297 άπόλογος
1187 5231 1393 5287 ἔσεται.

1821 5237 1959 5290 nihil
2010 5252 2252 5302 nempct
2306 5252 2373 5290 ex
2437 5237 2624 5290 Filio:
2685 5238 2889 5291 dictum
2934 5235 3300 5306 theologicum
3363 5234 3410 5289 si

140 5324 468 5377 amandetur
520 5323 703 5377 damni
734 5321 964 5418 ainferre
1024 5324 1218 5380 eodem
1264 5325 1559 5391 clamante,
1623 5327 1745 5382 aliis
1784 5344 1915 5384 vero
1943 5331 2187 5398 ejusdem
2253 5329 2418 5384 sortis
2457 5329 2776 5383 hominibus
2815 5329 3130 5382 dicentibus
3190 5335 3422 5382 coactos

139 5429 361 5476 sanctos
385 5421 470 5473 illa
500 5410 906 5489 pronuntiasse,
970 5424 1035 5474 ad
1111 5422 1438 5478 refellendas
1490 5427 1750 5489 hatreses,
1792 5427 1928 5489 haec,
1953 5426 2198 5496 inquam,
2243 5424 2586 5496 negligenda,
2643 5410 2757 5477 nec
2789 5425 2896 5478 illis
2945 5423 3194 5477 animum
3241 5421 3416 5490 ligen-

139 5513 271 5568 dum
325 5528 467 5574 esse,
497 5523 682 5565 nostra
739 5514 980 5566 secunda
1041 5514 1297 5586 Apologia
1357 5529 1458 5569 suo
1512 5516 1713 5570 dictata
1751 5529 2015 5586 tempore,
2045 5528 2102 5571 et
2166 5517 2274 5571 alio
2320 5531 2539 5586 quoque
2603 5517 2781 5586 capite
2830 5531 2980 5570 nunc
3024 5515 3174 5570 illius
3205 5514 3419 5584 neglec-

141 5617 253 5668 tus,
285 5605 687 5671 etim'prnbatio
717 5621 904 5658 earum
939 5605 1213 5659 haeresum
1280 5623 1401 5675 qua:
1447 5623 1543 5676 per
1599 5599 1789 5677 'ipsam
1831 5609 2225 5679 improbantur.
2297 5608 2616 5662 necessario
2695 5615 2922 5665 omnino
3001 5609 3413 5665 innovationem

144 5713 288 5755 esse.
325 5707 380 5750 et
411 5698 622 5766 plenam
677 5697 1125 5760 declarationem,
1182 5699 1458 5767 qumnodo
1508 5715 1630 5753 cum
1695 5697 1940 5752 veritatis
1999 5699 2332 5769 simplicitati
2371 5703 2688 5764 concordet,
2725 5718 2835 5754 nun
2874 5718 2942 5754 nu
2967 5704 3129 5756 unius
3165 5702 3413 5754 innotes-

144 5793 255 5845 cit‘.’
304 5791 381 5843 ΑιΙ
419 5792 760 5846 commitam
830 5807 956 5843 vero
991 5800 1043 5843 et
1091 5792 1193 5841 duo
1248 5791 1530 5858 principia,
1573 5806 1692 5857 ιιιιω
1739 5788 1865 5843 huic
1922 5806 2140 5862 quoque
2173 5793 2336 5862 capiti
2401 5793 2667 5862 iuiplicat,
2709 5805 2761 5846 ct
2825 5803 3039 5853 εστι-λιιι
3093 5791 3236 5845 serie
3293 5800 3418 5860 qua:

146 5889 227 5943 ait
261 5905 280 5935 ι
321 5887 606 5939 iuuumt‘t‘u
639 5883 897 5952 Const-qui
951 5883 1208 5948 absurda,
1260 5901 1276 5932 ›
1319 5898 1415 5953 ucc
1453 5883 1541 5938 illa
1575 5875 1985 5949 cutntiicuwtct,
2015 5900 2136 5936 cum
2205 5885 2466 5939 adversus
2533 5885 2722 5939 Patres
2771 5887 2822 5939 iu
2887 5893 3022 5954 qttus
3088 5893 3246 5938 antea
3282 5900 3418 5938 con-
