4074 6436
179 545 464 611 ἡμετέραν
497 536 696 605 σάρκα.
735 551 750 584 ι
786 533 897 586 Καὶ
928 530 1102 584 ταῦτα
1152 529 1250 599 μὲν
1276 529 1326 579 οἱ
1353 526 1643 594 θεόφρονες

177 635 243 700 δὲ
271 633 366 686 νῦν
384 630 595 684 τούτων
627 627 828 698 μᾶλλον
858 628 937 688 είς
966 624 1033 678 τὰ
1059 621 1197 693 βάθη
1221 619 1631 697 τῆςρθεολογίας
1661 616 1776 666 elo-

177 723 409 796 δύντεςν
435 718 864 774 ἀποστέλλεσθαι
889 716 984 768 καὶ
1010 712 1390 786 χορηγεῖσθαι,
1411 712 1506 764 καὶ
1534 707 1778 761 δίδοσθαι

161 811 344 882 παρὰ
369 808 464 863 τοῦ
501 807 632 862 Υίοῦ
667 807 728 859 τὸ
745 803 982 873 ’Πνεῦμα
1028 801 1353 871 φωνοῦντες,
1396 799 1455 850 τὸ
1490 798 1566 866 μὴ
1593 795 1652 860 ἐξ
1675 796 1776 848 aa-

179 907 308 971 τοῦ,
341 904 478 958 άλλά
502 903 564 956 τδ
616 904 681 955 ἑκ
723 902 820 955 τοῦ
854 900 1066 969 [ἰατρὸς
1107 898 1268 968 μόνου
1324 896 1439 967 μετ’
1481 895 1649 962 δγκου
1683 894 1778 946 καὶ

162 995 528 1065 θρασύτητος
580 991 999 1059 ἀποφαίνονται.
1035 989 1094 1043 '0
1127 989 1185 1042 δὲ
1225 989 1325 1058 τὴν
1355 984 1659 1054 ἀποστολὴν
1685 982 1778 1037 οῦ-

161 1103 290 1148 τως
315 1084 481 1138 οὖσαν
503 1083 755 1136 εὐδοκίαν
787 1080 1127 1151 ὁμολογήσας
1152 1081 1232 1141 είς
1257 1078 1536 1147 ἀναίρεσιν
1555 1077 1655 1145 τὴν
1681 1073 1775 1127 τοῦ

178 1176 244 1240 ἐξ
269 1175 435 1228 αὐτσυ
464 1171 800 1242 καινοτέρως
827 1166 902 1224 ὧν
931 1170 1205 1239 φθάνομεν
1237 1166 1556 1237 ἀκηκοέναι,
1592 1166 1686 1216 καὶ
1713 1163 1777 1222 ¹τὸ

185 1265 416 1335 Πνεῦμα
471 1264 574 1317 ’τὸν
625 1264 759 1316 ’Υίδν
809 1261 1163 1315 ἀποστέλλειν
1224 1245 1554 1326 διαγορεύει,
1611 1255 1775 1326 ρᾖιν

205 1356 433 1410 Ἢσαῖου
462 1355 555 1408 τοῦ
591 1357 648 1407 ὲν
695 1354 1004 1426 προφήταις
1045 1346 1562 1422 μεγαλοφωνοτάτου
1589 1363 1774 1414 παρα-

185 1446 380 1510 τιθεὶς,
401 1444 478 1507 ὥς
499 1446 564 1496 ἐκ
587 1443 880 1514 προσώπου
899 1442 1214 1510 φάσκουσαν
1236 1443 1330 1494 τοῦ
1360 1438 1489 1491 Υίοῦ
1513 1455 1527 1467 ·
1566 1435 1772 1488 ὶΠνεῦ-

185 1553 267 1606 μα
301 1536 508 1606 Κυρίου
542 1537 628 1588 ἐπ’
659 1537 782 1604 ἐμὲ,
812 1527 892 1588 οὗ.
910 1533 1075 1586 ἕνεκα
1117 1529 1302 1601 ἐχρισέ
1335 1546 1423 1598 με.
1474 1526 1774 1596 Εὐαγγελί-

181 1633 387 1683 σασθαι
423 1630 655 1691 πτωνοῖς
686 1624 997 1680 ἀπέσταλκε
1035 1641 1122 1678 us.
1160 1641 1182 1675 ι

241 1807 495 1878 -γκιεῑτα
521 1808 611 1860 τδν
641 1807 867 1877 ἐροῦντα
911 1806 999 1858 διά
1038 1805 1138 1875 τὴν
1179 1803 1358 1872 σάρκα
1406 1800 1579 1863 οὕτως
1617 1799 1773 1866 εἰρῆ-

193 1900 320 1953 σθαι
351 1898 658 1960 ἀποσοϐῶν,
688 1898 783 1948 καὶ
818 1896 891 1966 μὴ
921 1895 1103 1962 λέγειν
1135 1892 1392 1961 ἀσφαλῶς
1418 1889 1774 1956 διαγγέλλων,

190 1990 424 2046 ἀτοπίαν
455 1989 652 2058 ἑφεξῆς
681 1986 1013 2055 ὲπισυνείρει
1056 1987 1120 2055 τῇ
1163 1984 1361 2052 ἀτοπίᾳ
1407 1982 1500 2034 καὶ⁸
1539 1979 1634 2047 τὴν
1670 1977 1787 2029 ἑτέ-

196 2100 300 2154 ραν
323 2082 408 2135 διά
431 2083 528 2150 τῆς
579 2080 770 2148 ἑτέρας
820 2075 1240 2139 κατασκευάζει.
1298 2073 1372 2124 Τὸ
1404 2072 1512 2139 γὰρ
1567 2087 1585 2118 ι
1641 2067 1783 2135 Ἐγὼ

191 2172 401 2242 Κύριος
438 2189 457 2221 ι
491 2169 734 2234 ἐπάγων,
766 2185 787 2218 ε
824 2169 891 2235 τῇ
931 2165 1148 2233 θεότητι
1201 2163 1488 2231 προσήκει,
1518 2179 1536 2210 ›
1599 2161 1783 2225 φησιν,

191 2283 218 2315 -σ
248 2263 284 2332 ἢ
315 2263 530 2322 πάντως
553 2259 632 2329 τῷ
663 2257 1077 2327 συναμφοτέρῳ.
1105 2275 1134 2306 -ι
1175 2256 1236 2307 Et
1265 2256 1362 2323 μὲν
1390 2248 1503 2317 οὖν,
1528 2251 1602 2313 ὼς
1632 2243 1788 2310 οὗτος

173 2352 450 2408 ⁴ἀνταυθοί
477 2348 1034 2417 διαδεόαιοῦται,’τῆς
1061 2346 1366 2414 θεωνυμίας
1411 2345 1466 2395 αί
1513 2341 1608 2394 τοῦ
1655 2338 1786 2392 Υίοῦ

185 2447 377 2516 ’φωναὶ
404 2444 507 2514 τῆς
532 2444 682 2513 ἱερᾶς
715 2442 963 2511 Γραφῆς,
996 2445 1052 2492 ὲν
1081 2434 1167 2502 αἷς
1190 2440 1239 2491 οἱ
1269 2438 1415 2503 λόγοι
1445 2437 1513 2488 τὰ
1544 2435 1670 2503 περὶ
1691 2433 1788 2485 αὑ-

179 2535 295 2590 ·τοῦ
316 2533 410 2589 τοῦ
435 2531 788 2604 θεανθρὼπου
818 2532 990 2598 Λόγου
1047 2527 1394 2598 διατρανοῦσι
1439 2527 1531 2578 καὶ
1581 2523 1789 2590 κατάγ·

193 2625 471 2693 γέλλουσι,
500 2624 640 2677 κατά
667 2624 765 2692 τὴν
788 2621 1015 2689 θεότητα
1047 2619 1352 2688 πανταχόσε
1399 2616 1788 2687 ληφθήσονται,

198 2719 299 2768 καὶ
326 2715 527 2785 ἥκιστα
555 2713 822 2782 κατάρτὴν
855 2713 1033 2781 σάρκα
1064 2711 1158 2762 καὶ
1186 2709 1247 2761 τὸ
1295 2709 1662 2778 ἀνθρώπινον,
1695 2707 1792 2776 μέ-

198 2820 277 2872 γα
332 2801 608 2872 βοήσουσι,
667 2803 761 2853 καὶ
816 2798 1323 2868 κραταιωθήσονται
1373 2797 1435 2849 τὸ
1465 2795 1708 2865 παθητὸν
1743 2797 1790 2847 oi

202 2895 612 2965 προσάπτοντες
639 2895 702 2960 τῇ
746 2891 981 2958 θεότητι,
1011 2890 1111 2956 τῆς
1156 2889 1482 2958 Ἑκκλησίας
1538 2886 1792 2956 συχνοτέ-

207 3002 317 3055 ρως
347 2985 406 3035 ἔν
429 2985 547 3048 ταῖς
562 2983 742 3049 ἱεραῖς
777 2980 1064 3050 μελῳδίαις
1089 2995 1154 3031 πε
1165 2982 1217 3049 pi
1243 2978 1350 3032 τῶν
1389 2977 1658 3029 Ἰουδαίων
1684 2977 1794 3029 τῶν

205 3074 570 3146 κυριοκτὸνων
596 3071 807 3141 τρανῶς
846 3069 1211 3140 μελῳδούσης,
1239 3069 1319 3122 ἔτι
1368 3086 1427 3121 τε
1460 3065 1791 3138 ψαλλούσηςο

214 3185 234 3218 ι
265 3164 557 3235 Θεορῤύτῳ
613 3163 809 3230 αἵματι
868 3161 1180 3226 κενωθέντι,
1237 3161 1476 3213 δέσποτα
1499 3157 1722 3230 Χριστέ.
1769 3176 1788 3209 ι
1823 3200 1868 3260 c

210 3257 276 3311 Εί
305 3256 396 3310 οῦν
423 3256 595 3317 οὕτως
622 3255 681 3306 αἱ
708 3253 906 3306 τοιαίδε
935 3253 1109 3321 φωναὶ
1157 3252 1544 3322 ληφθήσονται,
1583 3248 1666 3309 τίς
1705 3247 1794 3300 λό·

197 3366 306 3418 -γος
331 3347 429 3413 τὴν
457 3345 681 3413 τοσήνδε
722 3343 1108 3412 Θεοπασχιτῶν
1158 3341 1467 3411 δυσφημίαν
1518 3338 1798 3409 ἀναχαιτί-

196 3457 389 3506 -σειεν;
420 3437 561 3490 Ἀλλ’
585 3435 832 3504 οὐδαμῶς
854 3436 979 3487 οὒτε
1006 3436 1064 3486 τὸ
1101 3435 1312 3501 Κύριος
1354 3435 1410 3485 ἐν
1463 3436 1572 3493 τοῖς
1624 3434 1797 3484 τοιού-

209 3548 347 3595 τοις,
381 3531 504 3583 οῦτε
537 3529 596 3581 τὸ
637 3529 781 3592 Θεὸς
824 3527 957 3580 αὐτὸ
983 3527 1122 3579 κατά
1151 3529 1250 3596 τὴν
1282 3526 1508 3595 θεότητα
1563 3525 1792 3587 διδόασι,

205 3620 349 3676 καθὸ
398 3619 456 3672 δέ
509 3613 574 3686 γε
618 3617 678 3669 τὸ
735 3615 976 3685 παθητὸν
1003 3615 1143 3668 κατὰ
1180 3614 1278 3682 τὴν
1329 3613 1509 3684 σάρκα
1548 3611 1794 3679 δηλονότι

212 3712 449 3768 νοεῖσθαι
474 3727 533 3764 τε
567 3711 659 3761 καὶ
700 3706 1094 3777 λαμϐάνεσθαι.
1145 3707 1206 3759 Εἰ
1245 3705 1301 3757 δέ
1353 3722 1432 3766 τις
1482 3703 1632 3774 είπῃ,
1665 3703 1739 3765 ὠς
1770 3703 1798 3754 ὁ

213 3804 346 3875 περὶ
372 3799 665 3870 θεορρύτου
695 3799 928 3867 αἵματος
981 3796 1308 3854 κενωθέντος
1372 3793 1506 3863 πρὸς
1560 3792 1796 3863 Χριστὸν

193 3895 614 3966 «ἀναφερόμενος
648 3889 812 3960 ὕμνος
839 3887 1032 3957 ἑφεξῆς
1058 3904 1220 3958 φησιν
1252 3904 1264 3916 ’
1292 3905 1310 3937 ‹
1355 3886 1449 3937 Ἐκ
1467 3885 1562 3953 σῆς
1595 3884 1799 3953 ἀχράν-

208 4004 308 4041 του
369 3986 610 4054 πλευρᾶς
663 3983 756 4034 καὶ
809 3980 1096 4044 ζωὸποιοῦ,
1140 3998 1158 4031 ι
1220 3977 1477 4031 σύστασιν
1507 3976 1615 4028 τῶν
1666 3975 1796 4044 παρ’

199 4075 371 4148 »ἡμῶν
393 4076 507 4144 ἐρεῖ
539 4075 733 4141 λόγων,
749 4073 850 4126 οὐκ
878 4072 1211 4131 ἐναντίωσιν,
1239 4068 1324 4121 διὰ
1354 4068 1450 4138 τὴν
1479 4065 1797 4136 σωματικὴν

195 4166 459 4238 -διαρτίαν
496 4163 666 4218 ταῦτα
705 4164 968 4232 λεγόντων
1008 4163 1112 4214 ὀὐκ
1167 4161 1340 4222 άλλως
1403 4176 1539 4221 πως.
1594 4159 1656 4210 Et
1704 4157 1798 4210 δ’ὁ

195 4258 309 4313 ’τοῦ
337 4257 608 4323 ἀντιδόξου
646 4240 816 4325 λόγου
855 4255 1175 4326 βουλόμενος
1225 4253 1612 4322 ὑπερηγορεῖν,
1653 4249 1798 4311 τίνος

215 4350 325 4420 γὰρ
354 4348 517 4404 ἄλλου
545 4347 1014 4418 ἀντιπαραθήσει;
1045 4347 1120 4409 ὡς
1155 4345 1283 4398 ἔνθα
1313 4359 1327 4373 '
1368 4362 1386 4394 ι
1431 4343 1655 4414 Πνεῦμα
1685 4345 1800 4395 Κυ-

218 4443 336 4516 ρίου
363 4441 448 4496 ὲπ¹
483 4442 608 4512 ἐμὲ,
636 4434 697 4496 οὗ
728 4440 914 4495 ἕνεκεν
947 4439 1133 4510 ἐχρισέ
1192 4454 1282 4506 με,
1336 4437 1430 4489 καὶ
1484 4434 1796 4489 ἀπέσταλκέ

1151 412 1466 475 CONTRA
1494 399 1928 468 MANUELEM
1975 395 2432 456 CRETENSEM

1667 536 1682 553 ο
1722 523 1771 572 οἱ
1805 528 1847 577 Α
1878 508 2250 582 penetrantes,
2283 523 2406 560 cum
2435 506 2626 559 dicunt
2660 503 2822 564 mitti,
2855 495 3217 569 suppeditari,
3253 498 3309 548 εἰ
3336 493 3458 548 dari

3302 378 3456 445 1314

1879 586 2144 672 Spiritum
2176 613 2206 650 a
2239 597 2401 656 Filio.
2431 610 2537 648 non
2581 609 2649 647 ex
2698 594 2837 661 ipso.
2885 590 2981 644 sed
3024 602 3092 642 ex
3133 587 3294 640 Patre
3344 583 3463 636 solo

1880 705 2204 764 arroganter
2245 699 2301 744 et
2341 687 2638 743 admodum
2688 685 2948 739 audacter
3003 681 3336 757 decernunt.
3365 674 3466 728 Hic

1879 801 2010 841 vero
2033 785 2125 854 qui
2158 782 2479 836 missionem
2517 780 2622 831 hoc
2657 780 2820 830 modo
2848 790 2906 829 se
2944 771 3238 828 habentem
3283 755 3461 821 bene-

1858 875 2139 946 placitum
2169 887 2298 927 esse
2322 870 2501 924 fassus
2534 877 2639 933 est,
2674 867 2743 921 ad
2786 864 3179 946 destruendum
3225 858 3360 914 illud
3400 870 3468 909 ea:

1879 984 2002 1037 quo,
2037 978 2186 1019 nunc
2216 961 2541 1029 novissime,
2580 972 2761 1026 neque
2803 957 2952 1010 enim
2995 942 3196 1008 similia
3237 945 3464 1003 audivi-

1881 1034 2025 1119 mus,
2055 1064 2110 1109 et
2137 1052 2341 1106 Filium
2375 1050 2442 1103 ab
2476 1034 2606 1117 ipso
2655 1046 2864 1116 Spiritu
2909 1041 3055 1098 mitti
3104 1038 3463 1112 pronuntiat,

1885 1147 2090 1201 dictqu
2142 1143 2296 1197 Isaiae
2351 1141 2492 1194 inter
2543 1137 2862 1206 prophetas,
2915 1133 3068 1188 vocis
3115 1130 3466 1185 vehementia

1882 1233 2289 1306 praeclarissimi
2334 1230 2661 1300 producens,
2710 1227 2789 1280 uti
2821 1241 2886 1279 ex
2913 1238 3148 1294 persona
3178 1220 3300 1274 Filii
3333 1234 3465 1289 pro-

1884 1327 2199 1382 nuntiatum
2233 1339 2248 1376 :
2293 1342 2311 1375 σ
2347 1320 2587 1391 Spiritus
2617 1317 2833 1372 Domini
2863 1331 3029 1386 super
3077 1329 3185 1377 me,
3213 1328 3279 1368 eo
3315 1313 3467 1380 quod

1885 1419 2101 1473 uuxerit
2155 1402 2276 1477 me,
2329 1413 2396 1467 ad
2449 1396 2888 1465 annuntiat-udum
2935 1405 3272 1477 pauperibus
3316 1403 3472 1456 misit

1887 1525 1995 1564 me.

1947 1786 2001 1839 5.
2037 1783 2386 1839 Postmodum
2418 1788 2755 1835 asserentem
2795 1776 2848 1830 id
2875 1783 3095 1845 prepter
3123 1788 3344 1828 carnem
3395 1775 3474 1829 di-

1879 1887 2039 1933 ctum
2084 1875 2254 1929 fuisse
2291 1872 2570 1935 refellens,
2636 1871 2798 1938 idque
2853 1856 2965 1922 non
3015 1866 3476 1935 absque‘errore

1888 1965 2241 2037 pronuntiari
2277 1963 2636 2027 contendens,
2693 1959 2949 2014 absurdis
2979 1955 3209 2020 absurda
3241 1955 3475 2023 compli-

1889 2067 2000 2120 cat,
2037 2064 2090 2108 et
2141 2055 2244 2108 alia
2305 2067 2404 2124 per
2458 2052 2562 2105 alia
2615 2049 2927 2105 conﬁrmat.
2982 2047 3260 2115 Namque,
3304 2062 3326 2096 ι
3363 2043 3475 2114 Ego

1889 2146 2174 2209 Dominus,
2214 2163 2230 2192 υ
2272 2144 2538 2216 alferens,
2582 2161 2599 2192 ‹
2640 2140 2840 2195 Deitati
2879 2137 3162 2209 proprium
3211 2142 3316 2195 est.
3372 2135 3474 2202 ait,

1891 2238 1980 2292 "vel
2025 2237 2215 2291 saltem
2273 2238 2509 2308 utrique.
2555 2251 2572 2283 ›
2614 2231 2670 2285 Si
2727 2233 2931 2301 itaque,
2992 2241 3052 2284 ut
3101 2230 3220 2298 ipse
3275 2229 3379 2282 hoc
3419 2227 3475 2280 in

1897 2331 2018 2385 loco
2040 2328 2386 2390 determinat,
2450 2340 2612 2379 voces
2665 2324 2864 2379 divina:
2917 2322 3214 2390 Scriptura:
3247 2321 3315 2374 de
3346 2319 3474 2391 dei-

1896 2430 2006 2474 tate
2034 2416 2182 2483 Filii,
2212 2429 2334 2487 qua:
2366 2416 2433 2471 de
2467 2414 2644 2470 Verbo
2693 2414 2802 2469 Deo
2833 2422 2888 2468 et
2926 2413 3150 2467 homine
3179 2412 3477 2480 loquuntur

1893 2522 1950 2568 et
1975 2519 2228 2573 tractant,
2257 2511 2323 2564 de
2351 2509 2551 2563 deitate
2573 2523 2786 2571 omnes,
2820 2515 2875 2560 et
2903 2499 3053 2559 nullo
3090 2505 3346 2561 modo-de
3371 2505 3476 2575 hu-

1894 2606 2159 2658 manitate
2188 2613 2242 2656 et
2268 2616 2434 2655 carne
2458 2599 2817 2669 accipientur,
2855 2613 3110 2668 maguum
3137 2597 3474 2660 clamabunt,

1897 2706 1953 2751 et
1973 2693 2429 2749 constabilientur
2460 2691 2770 2761 passionem
2801 2689 3069 2744 divinitati
3099 2690 3477 2758 appingentes,

1898 2802 2022 2841 cum
2053 2785 2296 2840 Ecclesia
2323 2783 2626 2852 saepissime
2651 2782 2704 2836 in
2729 2781 2900 2835 sacris
2913 2780 3135 2834 canticis
3165 2778 3232 2832 de
3263 2776 3479 2832 Domini

1905 2877 2198 2949 parricidis
2226 2874 2431 2930 Iudaeis
2483 2874 2660 2944 palam
2697 2874 2977 2940 concinat,
3010 2882 3066 2927 et
3092 2872 3160 2931 ad
3197 2872 3313 2926 haec
3342 2881 3480 2936 teme

1901 2981 2032 3036 pora
2065 2975 2224 3019 canat
2261 2983 2273 3016 :
2313 2982 2330 3015 ι
2371 2963 2446 3016 Ex
2481 2963 2590 3017 Deo
2612 2961 2842 3016 allluens
2861 2961 3080 3031 sanguis
3102 2976 3226 3017 cum
3248 2975 3476 3027 evacua-

1899 3065 1988 3110 tus
2017 3065 2184 3120 esset,
2226 3055 2472 3109 Domine‘
2509 3053 2750 3108 Christe.
2793 3072 2810 3104 ι
2864 3053 2923 3106 Si
2957 3053 3061 3106 hoc
3092 3051 3478 3127 itaque_modo

1898 3147 2164 3208 dictiones
2194 3146 2401 3201 similes
2474 3145 2876 3219 intelligantur,
2931 3159 3051 3212 qua:
3107 3144 3245 3198 ratio
3275 3152 3481 3198 tantam

1902 3238 2436 3308 Tbeopascliitarum
2465 3236 2859 3305 blasphemiam
2899 3236 3211 3308 coercebit?
3239 3233 3475 3288 Verum-

1900 3338 2082 3382 tamen
2115 3326 2264 3380 nullo
2301 3327 2465 3380 modo
2510 3330 2690 3394 neQue
2716 3318 2769 3379 in
2796 3326 2884 3380 bis
2918 3307 3019 3380 uox
3056 3327 3330 3390 Dominus,
3369 3342 3482 3380 ne-

1901 3433 2009 3488 que
2048 3416 2184 3471 Deus
2220 3417 2397 3486 ipsum
2427 3419 2733 3472 secundum
2763 3418 3129 3482 divinitatem,
3155 3418 3250 3471 sed
3273 3432 3478 3482 secun-

1900 3512 2028 3565 dum
2064 3509 2374 3580 passionem
2408 3511 2463 3562 in
2499 3525 2686 3575 carne,
2744 3511 2971 3580 intelligi
3005 3511 3290 3580 accipique
3350 3526 3484 3566 con-

1900 3602 2124 3657 cedunt.
2165 3600 2323 3667 Quod
2354 3601 2398 3654 si
2435 3600 2558 3670 quis
2589 3601 2791 3656 dixerit
2820 3603 3104 3672 hymnum,
3154 3603 3208 3656 in
3246 3617 3356 3672 quo
3405 3601 3474 3655 de

1899 3700 2168 3745 evacuate
2195 3706 2262 3743 ex
2293 3689 2402 3744 Deo
2439 3690 2618 3745 eﬂuso
2641 3693 2901 3761 sanguine
2935 3700 3271 3756 continetur,
3294 3700 3367 3745 ἐι
3399 3707 3484 3746 re-

1862 3815 1868 3821 ι
1898 3782 2073 3838 fertur
2103 3783 2169 3836 ad
2191 3781 2471 3835 Christum
2501 3784 2848 3851 postmodum
2880 3782 3192 3837 insinuare:
3236 3802 3253 3834 ι
3293 3785 3369 3837 Ex
3393 3774 3485 3836 tuo

1901 3874 2254 3929 immaculato
2329 3883 2385 3927 et
2416 3874 2631 3927 viviﬁco
2667 3874 2857 3937 latere,
2885 3891 2904 3924 ι
2968 3881 3155 3928 nostr‘a
3192 3875 3355 3929 verba
3387 3889 3484 3944 po-

1902 3967 2010 4021 tius
2074 3965 2444 4027 conﬁrmabit,
2503 3973 2714 4018 tantum
2766 3965 2919 4018 abest
2963 3965 3308 4029 utdestruat,
3361 3982 3485 4035 qua

1901 4069 2125 4130 propter
2181 4072 2506 4126 corpoream
2537 4057 3015 4125 compositionem,
3069 4069 3125 4113 et
3151 4113 3154 4118 _
3182 4059 3289 4112 alio
3320 4061 3486 4113 modo

1905 4150 2011 4204 ista
2043 4150 2347 4213 insinuant.
2381 4147 2588 4215 Quodsi
2627 4150 2917 4203 contrariae
2950 4149 3178 4204 rationis
3206 4149 3488 4206 defensio-

1900 4256 2028 4296 nem
2053 4241 2338 4312 susciperc
2383 4241 2634 4310 cupiens,
2663 4240 2792 4310 quid
2823 4242 2970 4294 enim
3002 4243 3151 4297 aliud
3186 4243 3307 4298 loco
3342 4243 3486 4298 illius

1903 4335 2174 4404 reponet?
2207 4334 2262 4388 in
2290 4334 2430 4390 illis:
2474 4353 2492 4385 ι
2528 4332 2766 4404 Spiritus
2795 4333 3006 4388 Domini
3045 4348 3212 4404 super
3277 4351 3384 4399 me,
3418 4351 3485 4390 eo

1901 4425 2047 4496 quod
2082 4427 2238 4480 una-it
2271 4441 2378 4486 me.
2411 4435 2467 4478 et
2490 4426 2636 4479 misit
2667 4442 2774 4489 me,
2811 4443 2830 4477 ι
2867 4441 2976 4480 non
3011 4428 3277 4494 rationem
3307 4442 3486 4481 causa:

209 4555 312 4606 -με,
346 4555 366 4588 ι
403 4536 503 4605 οὐχ
539 4536 568 4588 ό
590 4533 746 4602 λόγος
782 4531 942 4601 τῆσδε
971 4531 1071 4599 τῆς
1096 4528 1277 4591 αἰτίας
1316 4529 1434 4581 ἐστὶ
1463 4526 1791 4595 τεθειμένος,

1904 4519 2074 4573 fuisse
2112 4518 2443 4588 appositam,
2492 4519 2586 4572 sed
2653 4517 2902 4572 absolute
2953 4519 3159 4574 dictum
3209 4520 3484 4589 prolatum

203 4628 333 4684 ,ἀλλ’
356 4627 683 4700 άπορῤήτως
713 4626 748 4697 ἡ
774 4625 929 4698 ῥῆσις
959 4622 1295 4694 διήγγελται,
1325 4619 1424 4691 ἔχῃ
1457 4619 1523 4673 ἂν
1571 4620 1792 4684 εἰδέναι,

206 4726 268 4776 ,εί
295 4720 597 4783 κελεύσεως
627 4717 936 4789 ἐφάψασθαι
984 4717 1084 4784 τῆς
1129 4714 1464 4783 Δεσποτικῆς
1516 4713 1644 4782 περὶ
1694 4712 1795 4781 τῆς

209 4812 501 4885 -Γραφικῆς
531 4809 757 4881 ἐρεύνης
778 4809 913 4871 ὅλως
943 4809 1231 4878 αίρήσεται
1265 4822 1278 4836 ·
1318 4807 1392 4868 ὡς
1412 4807 1470 4855 ὲν
1500 4806 1611 4866 τοῖς
1645 4804 1798 4856 πλεί-

206 4925 326 4970 -οσι,
352 4905 446 4957 καὶ
479 4902 663 4972 σχεδὸν
690 4901 850 4965 ὅλοις,
879 4901 937 4954 ὲν
966 4895 1045 4962 οἷς
1085 4901 1114 4968 ἡ
1157 4895 1502 4966 κυριοκτονία
1553 4896 1648 4947 καὶ
1677 4895 1799 4948 θεο-

223 4999 408 5052 κτονία
436 4993 722 5065 τολμητῶν
748 4993 855 5046 τῶν
887 4991 1216 5063 παρανόμων
1250 4988 1694 5058 ἀναγορεύονται,
1722 4989 1798 5058 μὴ

224 5091 577 5160 φωνουμένης
639 5085 736 5153 τῆς
767 5082 1100 5153 δηλωθείσης
1163 5081 1342 5142 αίτίας
1394 5081 1800 5149 ἀνακηρύττον-

224 5192 313 5230 ται
345 5189 359 5204 °
393 5175 486 5226 καὶ
508 5173 608 5225 οὐκ
640 5170 791 5223 ἔστιν
808 5171 980 5233 άλλως
1011 5172 1092 5223 ὅτι
1137 5170 1213 5240 μὴ
1269 5169 1389 5223 κατ’
1453 5170 1627 5238 αὐτὴν
1687 5170 1800 5238 ἔχει

223 5269 493 5335 τράνωσιν
521 5262 681 5314 τάσδε
712 5260 947 5322 διανοίας
975 5259 1068 5312 τοῦ
1092 5260 1517 5331 ὀρθορῤήμονος.
1545 5260 1641 5321 Εἰς
1671 5259 1800 5326 γοῦν

228 5358 490 5424 πίστωσιν
515 5351 620 5405 τῶν
644 5351 785 5403 οὕτω
815 5350 1110 5420 τιθεμένων
1137 5369 1194 5402 τε
1223 5352 1316 5404 καὶ
1374 5349 1799 5419 λαμϐανομένων

229 5447 389 5518 μόνος
438 5442 813 5517 παραληφθεὶς
852 5443 1073 5517 ἀρκέσει
1130 5445 1350 5517 Κοσμᾶς
1404 5443 1504 5520 τῆς
1576 5443 1803 5526 Ἐκκλητ

229 5541 348 5602 σίας
369 5539 1033 5611 κόσμοςόθεοκόσμητος,
1084 5545 1141 5596 ὲν
1186 5546 1300 5611 τοῖς
1354 5543 1463 5600 τῶν
1522 5524 1802 5618 σωτηρίων

230 5632 413 5684 παθῶν
439 5632 627 5701 ῦμνοις
652 5633 746 5686 ἕνα
776 5634 963 5692 τοῦτον
991 5637 1228 5708 ὑφαίνων
1261 5641 1587 5710 μελῳδικῶς”
1614 5660 1632 5691 ι
1658 5642 1803 5694 ’0λέ-

229 5724 375 5791 θριος
410 5723 605 5796 σπείρα
652 5724 956 5798 Θεοστυγῶν
1011 5733 1460 5802 πονηρευομένων
1509 5733 1804 5786 θεοχτόνων

229 5815 539 5890 amart-37h,
570 5808 793 5890 ἐπέστη,
823 5820 1044 5890 Χριστὲ,
1083 5824 1186 5888 σοί,
1220 5823 1311 5876 καὶ
1339 5823 1412 5886 ῶς
1443 5823 1627 5876 ἄδικον
1651 5817 1801 5875 εἷλκε

1903 4611 2096 4675 fuisse,
2130 4611 2347 4674 dixerit,
2373 4611 2495 4683 jure
2529 4612 2752 4680 poterit,
2811 4611 3109 4666 dummbdo
3153 4621 3484 4682 praeceptum

1902 4703 2247 4785 .Dominicum
2271 4702 2337 4756 de
2362 4703 2671 4756 sirrutandis
2695 4703 2993 4771 Scripturis
3035 4718 3258 4773 prorsus
3277 4705 3485 4775 ample-

1906 4793 2137 4847 xabitur
2173 4793 2447 4862 iupotiOri
2485 4804 2656 4861 parte,
2705 4792 2953 4861 quinitno
3005 4795 3064 4857 in,
3090 4795 3371 4854 omnibus,
3430 4782 3485 4852 in

1904 4886 2106 4956 quibus
2132 4885 2201 4938 ab
2252 4886 2433 4954 impiis
2459 4899 2524 4938 ac
2547 4885 2854 4938 temerariis
2887 4884 3102 4938 Domini
3137 4885 3342 4955 Deique
3378 4901 3486 4939 ca:-

1906 4981 2001 5034 des
2031 4986 2322 5049 procurata
2386 4977 2730 5046 proponitur,
2790 4992 3059 5046 nusquam
3113 4977 3256 5033 dicta
3323 4994 3487 5043 causa

1904 5072 2174 5141 explicata
2201 5070 2453 5140 proponi,
2508 5083 2610 5123 nec
2638 5069 2748 5121 alio
2769 5068 2932 5122 modo
2965 5083 3124 5136 quam
3163 5068 3266 5122 hoc
3295 5069 3488 5125 ortho-

1907 5165 2030 5218 doxi
2093 5163 2374 5232 siriptoris
2401 5161 2726 5218 sententiam
2773 5162 3067 5220 insinuari.
3117 5162 3198 5219 Ad
3227 5167 3491 5231 ρει-τοίω-

1909 5257 2079 5312 rauda
2117 5257 2298 5328 itaque
2334 5277 2455 5344 qua:
2484 5263 2564 5316 sic
2595 5276 2980 5338 prepanuutur
3010 5280 3067 5324 et
3113 5269 3485 5338 accipiuntur,

1908 5365 2050 5406 unus
2082 5351 2136 5406 in
2187 5351 2427 5416 medium
2483 5361 2750 5415 adductus
2793 5361 3070 5416 sulfecerit
3106 5362 3356 5424 Co‘smas,
3385 5360 3489 5415 Ec-

1909 5447 2086 5511 clesia:
2145 5462 2526 5508 ornamentum
2555 5463 2607 5505 et
2659 5468 2688 5506 a
2721 5452 2829 5517 Deo
2861 5464 3113 5517 ornatus,
3161 5453 3214 5506 in
3268 5453 3490 5524 hymnis

1909 5550 1976 5604 de
2007 5547 2236 5603 salutari
2275 5547 2528 5615 passione
2566 5562 2594 5599 a
2637 5563 2695 5600 se
2735 5548 2918 5612 editis,
2964 5547 3092 5609 dum
3123 5543 3272 5600 inter
3295 5560 3391 5600 eos
3421 5546 3488 5600 ad

1910 5641 2219 5695 canendum
2243 5654 2411 5691 unum
2447 5639 2546 5690 hoc
2583 5640 2744 5691 modo
2766 5637 3181 5693 concinnaverit
3201 5656 3214 5690 :
3237 5657 3253 5688 ι
3279 5637 3492 5691 Cohors

1911 5733 2022 5786 Deo
2057 5748 2371 5796 exosorum,
2444 5731 2908 5801 malignantium,‘
2948 5731 3042 5786 Dei
3095 5731 3491 5801 parricidarum

1913 5825 2259 5896 congregat-i0
2308 5804 2614 5892 super-stitit
2662 5825 2782 5891 tibi,
2818 5826 3056 5893 Christe,
3081 5835 3134 5880 et
3168 5835 3227 5880 ut
3263 5826 3489 5892 impium
