4074 6438
676 391 815 455 1319

666 596 785 649 suis
830 594 1169 652 novitatibus
1219 598 1580 657 collocarunt.
1628 602 1765 653 Cum
1812 601 1959 655 enim
2008 604 2248 657 extensis

665 688 851 749 verbis
887 688 1027 741 inter
1054 687 1276 742 Patrum
1317 690 1461 744 dicta
1496 690 1707 762 legatur
1735 692 2025 756 insertum,
2058 707 2123 745 ex
2155 708 2247 747 es-

666 778 842 831 sentia
874 777 1052 831 Patris
1094 790 1147 832 et
1172 780 1296 835 Filii
1326 781 1587 850 Spiritum
1611 796 1887 848 sanctum,
1921 799 1988 838 cx
2014 794 2250 853 utroque

666 870 1035 937 conjunctim,
1091 886 1394 940 rursusque
1429 888 1494 928 ex
1527 888 1657 936 una,
1686 874 1948 943 peculiari
1978 877 2143 931 modo
2180 875 2248 930 de

670 963 918 1028 utrisque
947 961 1259 1015 decernunt
1282 978 1348 1015 ex
1378 966 1619 1018 essentia
1654 964 1775 1019 Filii
1821 965 1930 1020 dici
1958 965 2248 1034 Spiritum,

666 1052 811 1119 quod
858 1050 933 1104 illi
965 1052 1458 1107 consubstantialis
1501 1065 1609 1117 est,
1646 1068 1702 1110 et
1758 1071 1870 1112 non
1904 1058 2049 1125 quod
2088 1057 2153 1110 ex
2184 1072 2249 1112 eo

669 1150 778 1212 estJ
812 1141 881 1195 Et
920 1145 1051 1196 dum
1080 1158 1111 1196 a
1141 1144 1302 1199 nobis
1353 1145 1689 1215 intelligunt,
1740 1147 1785 1201 si
1816 1148 1963 1215 quod
2012 1146 2250 1218 Spiritus

669 1229 809 1285 Filio
825 1233 1312 1289 consubstantialis
1328 1244 1432 1297 est,
1451 1248 1737 1306 propterea
1759 1253 1824 1291 ex
1844 1238 2084 1292 essentia
2104 1238 2251 1293 illius

667 1321 872 1374 dicitur
915 1336 1058 1385 esse,
1118 1324 1449 1389 necessario,
1504 1340 1631 1379 cum
1680 1335 1731 1379 et
1768 1326 1939 1385 Filius
2007 1327 2250 1397 Spiritus

669 1416 1163 1471 eonsubstantialis
1189 1430 1293 1479 est,
1322 1433 1387 1471 ex
1417 1420 1659 1473 essentia
1703 1419 1942 1489 Spiritus
1967 1420 2097 1476 dici.
2137 1419 2250 1476 Hoc

672 1496 960 1561 idem'erit
1013 1508 1083 1561 de
1140 1506 1298 1562 Patre
1329 1518 1385 1563 et
1415 1508 1645 1579 Spiritu.
1702 1526 1918 1565 necnon
1982 1510 2052 1566 de
2091 1511 2253 1567 Patre

670 1609 725 1653 et
780 1597 958 1667 Filio],
994 1600 1089 1653 uni
1148 1600 1414 1669 siquidem
1475 1602 1711 1656 alterum
1785 1602 2253 1657 c’onsubstantiale

670 1701 756 1745 est
796 1700 850 1744 et
905 1692 1127 1754 dicitur,
1178 1704 1451 1758 annuunt,
1508 1703 1564 1747 et
1613 1694 1831 1762 scriptis
1892 1693 2132 1754 tradunt,
2195 1701 2250 1747 et

673 1784 1047 1839 voluminibus
1072 1802 1208 1840 aura
1234 1786 1398 1839 textis
1440 1785 1719 1852 stragulis.
1782 1793 1838 1839 et
1864 1784 2073 1854 reliqua
2102 1787 2247 1854 cultu

1907 388 2236 451 GEORGII
2267 390 2731 453 MilTOCillTﬂl

666 504 1007 568 canaer'ari,
1061 513 1116 560 et
1147 521 1255 561 non
1292 517 1368 561 uti
1412 507 1516 578 ipsi
1557 510 1659 562 hac
1693 523 1913 579 quoque
1943 520 2067 563 eum
2129 511 2250 564 aliis

2355 507 2690 576 τηρούμενον
2751 510 2843 557 καὶ
2876 505 2936 557 οὐ
2977 504 3153 567 καθὼς
3198 499 3349 567 οὗτος
3373 546 3387 568 ,

3783 395 3923 460 Γῗὲθ

3441 506 3532 558 καὶ
3591 506 3749 558 τοῦτο
3809 512 3930 569 sai;

2351 601 2506 665 σφῶν
2556 596 2940 664 καινοφωνίαις
3000 595 3317 661 συνέταξαν.
3361 597 3512 649 ’Etsel
3534 600 3643 667 γὰρ
3696 599 3931 665 ἐκτάδην

2352 687 2673 755 ἐγκείμενον
2701 686 2893 754 ὁρᾶται
2918 688 3034 751 ταῖς
3068 688 3360 756 πατρικαῖς
3406 674 3708 753 θεολογίαις
3744 690 3806 740 ἐκ
3834 691 3929 753 τῆς

2350 778 2541 839 οὐσίας
2572 778 2664 829 τοῦ
2696 777 2905 847 Πατρδς
2950 768 3047 830 καὶ
3068 777 3158 829 τοῦ
3210 777 3333 830 Υίοῦ
3382 776 3605 845 Πνεῦμα
3638 779 3700 829 sb
3754 780 3927 845 ἅγιον,

2351 868 2411 934 ἐξ
2449 870 2657 938 ἀμφοῖν
2685 870 3112 938 ήνωμένως,καὶ
3141 867 3211 922 αὖ
3255 868 3456 937 ἀμφοῖν
3486 867 3545 932 ἐξ
3586 868 3707 930 ἐνὸς
3762 868 3929 929 ἰδίως.

2352 959 2780 1029 ἐφ’έκατέρων,
2836 960 3184 1029 νομοθετοῦσι
3228 960 3288 1014 sb
3334 962 3400 1013 ἐκ
3464 960 3560 1027 τῆς
3612 960 3806 1023 οὐσίας
3836 960 3929 1011 τοῦ

2351 1050 2483 1105 Υεοῦ
2505 1049 2761 1115 λέγεσθαι
2787 1053 2847 1103 sb
2878 1050 3225 1120 Πνεῦμα,διά
3249 1052 3306 1105 sb
3328 1051 3614 1121 ὀμοούσιον
3657 1045 3799 1103 εἶναι
3834 1051 3901 1103 αὐ
3918 1079 3934 1089 -

2350 1144 2450 1213 τῷ,
2485 1145 2580 1196 καὶ
2610 1144 2670 1197 οὐ
2699 1144 2786 1196 διὰ
2814 1144 2877 1197 sb
2900 1144 2960 1209 ἐξ
2984 1144 3149 1215 αὐτοῦ
3178 1140 3340 1197 εἶναι.
3370 1143 3481 1197 ttat
3506 1142 3583 1204 ὡς
3610 1142 3747 1212 παρ’
3770 1143 3932 1212 ήμῶν

2351 1232 2665 1299 ἀκούουσιν,
2696 1235 2772 1298 εί,
2790 1232 2926 1286 διότι
2958 1233 3018 1286 sb
3050 1229 3271 1303 Πνεῦμα
3296 1232 3375 1302 τῷ
3388 1231 3500 1301 Υίῷ
3513 1230 3824 1300 ὀμοούσιον,
3847 1230 3931 1281 διὰ

2353 1319 2511 1373 τοῦτο
2543 1322 2608 1372 ἐκ
2636 1323 2734 1392 τῆς
2766 1321 2951 1383 οὐσίας
2988 1321 3153 1375 αὐτοῦ
3212 1321 3428 1388 λέγεται
3490 1314 3652 1383 εἶναι,
3712 1320 3930 1387 ἀνάγκη

2354 1412 2445 1463 καὶ
2471 1411 2499 1461 ὁ
2524 1409 2650 1472 Tib;
2672 1410 2751 1480 τῷ
2784 1410 3060 1480 Πνεύματι
3086 1411 3367 1479 ὀμοούσιος
3386 1410 3481 1475 ὢν,
3515 1410 3580 1462 ἐκ
3608 1409 3708 1477 τῆς
3739 1409 3932 1469 οὐσίας

2353 1502 2505 1552 ἔσται
2525 1500 2849 1570 λελεγμένος
2878 1502 2971 1554 τοῦ
3003 1501 3337 1571 Πνεύματος.
3392 1502 3467 1555 Τὸ
3522 1502 3657 1555 αὐτὸ
3708 1503 3807 1553 καὶ
3838 1482 3931 1551 ἐπὶ

2353 1592 2568 1660 Πατρὺς
2616 1592 2767 1643 ἔσται
2819 1593 2911 1644 καὶ
2971 1592 3301 1662 Πνεύματος,
3357 1592 3437 1646 ἐτι
3464 1609 3523 1645 ss
3558 1593 3777 1662 [ἰατρὸς
3834 1594 3929 1644 καὶ

2353 1680 2484 1732 Υίοῦ
2515 1696 2527 1706 ·
2562 1680 2793 1748 θατέρου
2845 1680 2954 1752 γὰρ
2981 1682 3092 1735 τῶν
3146 1684 3311 1755 τριῶν
3365 1684 3593 1754 θάτερον
3637 1682 3930 1752 δμοούσιον

2353 1769 2472 1822 Em
2497 1785 2560 1821 τε
2590 1772 2683 1822 καὶ
2700 1770 2918 1837 λέγεται
2950 1786 2965 1799 ·
2999 1772 3354 1827 κατανεύουσι
3408 1774 3503 1825 καὶ
3537 1773 3743 1826 διδόασι
3785 1788 3927 1842 τρα-

672 1884 939 1945 argenteo
1006 1884 1229 1945 compte
1300 1875 1515 1929 ornatis
1562 1848 1807 1929 iexarant
1845 1893 1858 1928 :
1905 1848 2249 1945 pbstmaduin

2355 1862 2505 1926 φαῖς.
2539 1861 2633 1912 καὶ
2666 1859 2869 1930 βίϐλοις
2893 1862 3046 1917 ταῦτ’
3089 1862 3512 1934 ἐγχαράττουσιν
3566 1860 3624 1915 εὖ
3676 1862 3926 1931 ἠσκημέ-

672 1966 760 2029 iis,
817 1981 955 2035 quas
980 1967 1347 2037 appasuimus-
1366 1965 1791 2020 refutationibus
1821 1978 2256 2021 commonstran-

676 2066 779 2121 tes,
819 2056 897 2109 uti
922 2071 984 2110 se
1019 2057 1225 2110 habcnt
1274 2055 1763 2119 consubstantiale,
1805 2063 1859 2108 et
1919 2065 2066 2109 recta
2112 2056 2254 2111 illius

670 2159 742 2198 ex
772 2146 1014 2197 essentia
1043 2143 1426 2212 intelligentia,
1447 2142 1552 2195 hac
1581 2142 1789 2195 scilicet
1820 2142 1896 2194 uti
1925 2143 2256 2197 antecedens

670 2249 903 2305 prorsus
940 2237 1256 2289 necessaria
1294 2234 1427 2287 illud
1498 2234 1759 2303 consequi
1784 2251 1799 2288 :
1827 2236 1951 2301 quia
2011 2236 2160 2288 enim
2188 2251 2253 2289 ex

676 2325 857 2379 Patris
884 2324 1127 2379 essentia
1163 2323 1204 2377 F
1210 2324 1334 2377 ilius
1367 2332 1471 2385 est,
1534 2324 1657 2379 ideo
1684 2323 1773 2404 ille
1827 2323 1974 2377 Patri
2019 2325 2257 2378 consub-

673 2414 975 2477 stantialis,
998 2423 1054 2467 et
1080 2414 1242 2467 Pater
1278 2413 1349 2467 ab
1378 2413 1429 2466 id
1462 2413 1636 2480 ipsum
1658 2412 1794 2467 Filia
1821 2413 2257 2467 consubstantia—

671 2506 739 2558 lis
773 2514 880 2570 est,
928 2512 985 2558 et
1009 2502 1079 2557 de
1130 2502 1290 2556 Patre
1346 2510 1401 2556 et
1424 2500 1652 2571 Spiritu,
1688 2511 1743 2555 et
1791 2498 1931 2555 Filio
1965 2511 2020 2555 et
2052 2500 2257 2571 Spiritu

669 2596 946 2659 simil.ter,
979 2604 1035 2648 et
1073 2610 1180 2648 non
1216 2594 1337 2649 vice
1362 2607 1541 2656 versa,
1576 2602 1637 2646 ut
1688 2594 1787 2662 ipsi
1832 2595 2008 2656 aiunt,
2037 2593 2257 2648 ratioci-

672 2688 951 2749 cinantes,
981 2687 1086 2740 hac
1114 2698 1354 2754 namque
1385 2696 1651 2737 extreme
1673 2684 1910 2737 infamiae
1933 2698 1997 2737 ac
2025 2684 2258 2739 dedeco-

671 2780 748 2832 ris
777 2788 1043 2847 troparum
1075 2786 1183 2839 est,
1211 2776 1296 2828 vix
1335 2776 1553 2829 tandem
1576 2774 1631 2827 in
1664 2774 1877 2842 seipsos
1907 2775 2136 2840 reversi,
2157 2775 2257 2830 de-

669 2865 786 2921 lent
836 2868 1192 2937 relegantque
1222 2865 1419 2919 Filium
1467 2880 1532 2918 ex
1566 2865 1805 2919 essentia
1849 2863 2088 2933 Spiritus
2123 2864 2254 2930 dici,

668 2968 726 3013 et
753 2958 957 3013 similia
996 2958 1050 3011 in
1105 2958 1305 3012 divinis
1340 2956 1593 3026 personis
1634 2958 1859 3025 impune
1912 2971 2068 3025 atque
2102 2972 2163 3010 ac
2210 2958 2256 3010 si

669 3052 727 3104 in
756 3050 1108 3119 dogmatibus
1153 3048 1524 3102 decernendis
1574 3057 1633 3101 et
1684 3047 2008 3118 theologicis
2057 3048 2257 3119 regulis

669 3140 978 3195 statuendis
1008 3152 1322 3208 supremam
1363 3145 1690 3207 potestatem
1746 3136 2027 3200 haberent,
2053 3138 2256 3204 quibus

669 3230 1042 3284 nihilominus
1103 3230 1466 3283 refutationes
1520 3229 1707 3282 multis
1756 3230 1932 3283 modis
1987 3203 2325 3283 dictorumc

670 3324 943 3377 ratioaem
978 3330 1336 3393 reposcentes
1385 3320 1759 3375 stabiliuntur.
1794 3319 1849 3374 Si
1882 3323 2064 3390 itaque
2119 3336 2254 3375 con-

669 3416 1051 3472 substantialis
1100 3415 1239 3469 ratio
1269 3430 1336 3468 ex
1376 3414 1614 3469 essentia
1668 3414 1790 3468 Filii
1821 3413 2084 3484 Spiritum
2131 3428 2254 3475 esse

673 3510 867 3572 tradit,
902 3519 953 3564 et
989 3524 1054 3563 ex
1086 3508 1207 3577 ipsa
1229 3522 1352 3563 esse
1412 3505 1681 3572 notiﬁcat,
1737 3502 2013 3575 quomoda
2075 3515 2255 3560 extra-

671 3616 839 3655 neum
866 3598 1176 3657 administri
1224 3597 1675 3675 marepeﬁ‘ugere
1735 3612 1794 3650 se
1845 3596 2103 3661 dixerint,
2163 3596 2253 3663 qui

676 3691 948 3762 Spiritum
979 3706 1011 3753 α
1041 3688 1583 3757 Filiasuppeditari,
1617 3688 1718 3757 qui
1742 3703 1809 3741 ex
1836 3687 1956 3756 ipsa
1997 3703 2107 3740 non
2151 3698 2253 3749 est,

671 3779 970 3837 asserunt?
996 3780 1234 3833 Numine
1288 3779 1506 3833 afﬂatus
1533 3778 1767 3849 Cyrillus
1795 3777 2115 3832 earumdem
2158 3792 2252 3829 ora

675 3885 960 3947 reserans,
986 3870 1079 3939 qui
1113 3871 1291 3938 ipsum
1328 3868 1396 3922 de
1428 3867 1611 3922 medio
1644 3867 1831 3921 tollere
1860 3869 2101 3931 student,
2130 3882 2253 3921 ora—

675 3967 827 4018 tione
851 3964 919 4017 ad
948 3963 1339 4033 imperatorem
1372 3958 1741 4015 Theodosium
1772 3973 1883 4014 non
1919 3959 2041 4013 aliis
2077 3958 2253 4012 verbis

676 4070 798 4111 rem
862 4054 1149 4109 extricat:
1197 4072 1217 4104 ι
1274 4051 1672 4121 Baptizantem,
1728 4050 1827 4114 ait,
1866 4048 2076 4113 Jesum,
2146 4064 2251 4102 non

675 4146 916 4201 alienum
996 4145 1291 4214 baptizatis
1356 4142 1690 4213 injicientem
1760 4142 2030 4211 Spiritum
2084 4142 2254 4196 instar

676 4237 846 4301 serti,
874 4236 972 4291 sed
1010 4237 1092 4290 uti
1130 4236 1304 4290 Deum
1333 4249 1457 4288 cum
1491 4249 1751 4303 suprema
1781 4235 2127 4298 auctoritate,
2159 4234 2252 4301 qui

662 4344 744 4381 ex
766 4327 884 4397 ipso
912 4335 1000 4381 est
1034 4334 1091 4381 et
1143 4326 1403 4396 praprius
1433 4325 1625 4395 ipsius.
1667 4343 1687 4376 ι
1753 4323 1819 4377 Et
1851 4324 2013 4390 illud,
2085 4343 2103 4373 ι
2136 4324 2252 4379 Non

676 4421 824 4479 enim
865 4418 1118 4488 loquetur
1160 4434 1189 4471 a
1235 4401 1489 4491 διείρεο.)
1544 4416 1849 4486 explanans
1878 4418 1992 4470 haec
2042 4418 2250 4477 habet:

2358 1966 2480 2011 ναις
2505 1952 2837 2018 χρυσοῦφέσι
2866 1952 3112 2018 πέπλοις,
3134 1954 3227 2005 καὶ
3274 1952 3445 2022 λοιπῷ
3501 1954 3693 2022 κόσμῳ
3735 1954 3819 2021 τῷ
3868 1953 3925 2016 ἐξ

2357 2036 2779 2110 ἀργύρου-εἷτα
2817 2044 2894 2107 -ἐξ
2957 2038 3031 2096 ῶν
3094 2043 3485 2116 παρεθήκαμεν
3550 2044 3923 2114 ἀντιῤῥήσεων

2356 2135 2664 2199 δεικνύντες
2687 2137 2834 2198 ὅπως
2860 2137 2973 2208 ἔχει
3001 2138 3063 2191 sb
3108 2140 3408 2209 δμοούσιον,
3470 2139 3561 2191 καὶ
3601 2138 3663 2191 sb
3718 2140 3784 2190 ἐκ
3827 2138 3920 2205 τῆς

2357 2229 2545 2289 οὐσίας
2590 2227 2780 2297 ,δρθὸν,
2825 2229 2909 2281 ὅτι
2970 2228 3146 2299 τούτῳ
3173 2230 3273 2299 μὲν
3324 2229 3401 2293 ὥς
3448 2230 3733 2298 ἡγουμένῳ
3783 2233 3924 2282 κατά

2359 2319 2541 2371 πᾶσαν
2572 2320 2818 2390 ἀνάγκην
2854 2320 3117 2389 ἐπὸμενον
3143 2322 3318 2373 ἐκεῖνο
3343 2323 3601 2391 τυγχάνει
3630 2337 3646 2351 ·
3677 2320 3765 2373 διὰ
3818 2320 3922 2388 γὰρ

2356 2412 2419 2465 sb
2450 2414 2515 2465 ἐκ
2544 2412 2640 2482 τῆς
2670 2411 2767 2466 τοῦ
2796 2413 3004 2482 [ἰατρὸς
3041 2412 3229 2475 οὐσίας
3258 2408 3407 2466 εἶναι
3451 2413 3543 2465 τὸν
3575 2413 3725 2474 Υίὸν,
3770 2408 3921 2475 οὗτος

2357 2502 2435 2571 τῷ
2474 2503 2648 2573 Πατρι
2669 2503 2973 2571 δμοούσιδς,
3009 2504 3101 2557 καὶ
3132 2505 3160 2555 ὁ
3181 2504 3371 2573 Πατὴρ
3397 2503 3463 2555 δι’
3490 2503 3624 2556 αὐτὸ
3648 2503 3808 2556 τοῦτο
3846 2505 3920 2572 τῷ

2360 2592 2475 2663 Υίῷ
2497 2593 2801 2662 δμοούσιος,
2831 2595 2926 2646 καὶ
2956 2595 3048 2646 ἐπὶ
3075 2594 3284 2664 Πατρδς
3311 2595 3407 2649 καὶ
3454 2596 3792 2664 Πνεύματος,
3829 2595 3920 2647 καὶ

2360 2684 2488 2736 Υἰοῦ
2515 2685 2609 2739 καὶ
2631 2685 2725 2737 τοῦ
2766 2684 3079 2755 Πνεύματος
3127 2686 3403 2749 ὡσαύτως,
3472 2687 3665 2740 καὶού
3720 2686 3812 2738 διὰ
3862 2685 3915 2736 τέ

2357 2778 2650 2844 ἀνάπαλιν,
2676 2778 2751 2840 ὡς
2780 2778 2933 2831 αὐτοί
2960 2795 3115 2847 φασι,
3135 2779 3293 2832 τοῦτο
3316 2780 3425 2849 γὰρ
3457 2780 3689 2848 ἐσχάτης
3737 2777 3906 2845 αἰσχύ

2358 2885 2454 2936 νης
2479 2870 2570 2919 ἐπὶ
2592 2868 2870 2937 δυσφημίᾳ
2891 2870 3189 2940 καθέστηκε
3210 2868 3494 2938 θρίαμὸος,
3522 2871 3599 2929 είς
3629 2868 3914 2937 συναίσθη·

2359 2977 2444 3012 σιν
2484 2959 2640 3029 μόλις
2678 2960 2923 3023 ἐλθόντες
2952 2962 3311 3029 ἀπαλείφουσι
3357 2963 3449 3013 καὶ
3477 2960 3911 3031 ἐξοστρακίζουσι

2356 3050 2419 3103 sb
2473 3051 2567 3103 καὶ
2596 3052 2688 3103 sbv
2716 3050 2934 3102 Tibwéx
2958 3050 3055 3118 τῆς
3075 3051 3261 3113 οὐσίας
3302 3050 3396 3102 τοῦ
3422 3050 3737 3117 Πνεύματος
3765 3050 3915 3115 λέγε·

2362 3143 2507 3207 σθαι,
2535 3142 2631 3207 καὶ
2676 3142 2745 3195 τὰ
2778 3141 3134 3213 ⁶παραπλήσια
3194 3143 3285 3195 ἐπὶ
3336 3141 3641 3212 προσώπων
3678 3140 3787 3193 τῶν
3824 3143 3914 3210 τῆς

2357 3234 2606 3301 θεότητος
2633 3231 2939 3296 ἀνευθύνως
2968 3234 3171 3304 μέντοι,
3225 3234 3319 3286 xal
3375 3234 3407 3287 δ
3437 3234 3661 3303 γμάτων
3706 3233 3782 3295 ὡς
3825 3250 3906 3284 xu.

2357 3323 2733 3394 ριαρχοῦντες,
2760 3325 2855 3377 καὶ⁵
2876 3322 3089 3394 θεσμῶν
3118 3324 3463 3393 θεολογικῶν,
3490 3326 3603 3386 τοῖς
3647 3324 3708 3388 ἐξ
3735 3318 3809 3377 ὧν
3858 3322 3913 3375 δέ

2358 3416 2561 3484 μᾶλλον
2579 3416 2629 3469 ai
2654 3415 2864 3486 ἔλεγχοι
2882 3416 2977 3479 τὰς
3006 3415 3233 3479 εὐθύνας
3255 3416 3574 3486 ἐπικυροῦσι
3602 3416 3913 3476 πολυειδῶς.

2356 3506 2421 3557 ΕΞ
2450 3504 2582 3574 γοῦν
2615 3508 2712 3560 καὶ
2734 3507 2892 3574 λόγος
2924 3509 2954 3559 ὁ
2983 3507 3078 3560 τοῦ
3103 3508 3389 3579 ὁμοουσίου
3425 3509 3485 3561 sb
3515 3512 3580 3561 ἐκ
3608 3508 3708 3577 τῆς
3734 3507 3913 3569 οὐσίας

2355 3592 2496 3649 εῖναι
2521 3597 2585 3650 sb
2612 3596 2835 3666 Πνεῦμα
2857 3598 2951 3649 τοῦ
2976 3597 3105 3650 Υίοῦ
3140 3598 3495 3668 παραδίδωσι,
3528 3599 3700 3651 καὶτὸ
3726 3599 3785 3661 ἐξ
3821 3600 3912 3649 αὐ·

2354 3688 2449 3741 τοῦ
2479 3685 2619 3761 εἶναι
2644 3688 2938 3761 διατρανοῖ,
2970 3684 3101 3753 πῶς’
3136 3691 3197 3743 sb
3238 3690 3513 3759 ἀλλότριον
3575 3688 3914 3761 ὑπηρετικῶς

2354 3754 2638 3850 διαδρᾶῦαι
2706 3754 2937 3848 φάσκειν
2989 3781 3303 3851 δυνήσονται
3354 3754 3410 3833 οῖ
3447 3781 3508 3832 sb
3559 3754 3780 3848 Πνεῦμα
3827 3755 3914 3832 τὸν

2354 3873 2485 3925 Υίὸν
2510 3873 2851 3945 χορηγοῦντα
2882 3872 3359 3952 φωνοῦντες,οούχὶ
3389 3872 3449 3925 sb
3491 3870 3551 3936 ἐξ
3577 3872 3779 3934 αὐτούς
3814 3871 3917 3921 Κύ-

2357 3964 2535 4034 ριλλος
2563 3965 2643 4017 ἐτι
2674 3982 2737 4033 γε
2767 3965 2873 4036 μὴν
2894 3968 2923 4020 ὁ
2952 3966 3213 4029 θεόπνους
3257 3965 3482 4029 τούτους
3533 3967 3912 4037 ἐπιστομίζων,

2354 4054 2585 4118 ἀναιδῶς
2605 4054 2781 4117 οὕτως
2813 4055 2976 4109 αὐτὸν
3030 4056 3275 4127 ἀναιρεῖν
3327 4056 3680 4125 ἐφορμῶντας
3730 4057 3789 4108 ἐν
3841 4055 3914 4125 τῷ

2354 4147 2506 4216 πρὸς.
2519 4146 2745 4217 βασιλέα
2774 4146 3051 4200 Θεοδόσιον
3079 4146 3219 4217 λόγῳ
3246 4147 3365 4199 κατ’
3385 4146 3515 4209 ἐπος
3542 4146 3797 4211 διέξεισιν
3827 4149 3916 4199 οὐ-

2350 4238 2491 4293 τωσί
2515 4252 2530 4269 ο
2569 4257 2589 4290 ι
2626 4236 2991 4302 Ιςαπτίζοντα,
3027 4256 3049 4290 ι
3084 4236 3211 4308 ἔφη,
3244 4256 3264 4290 ι
3296 4236 3389 4303 τὸν
3420 4236 3628 4307 Ἰησοῦν
3649 4238 3713 4291 οὐ
3747 4236 3809 4290 sb
3833 4236 3917 4290 ἀλ-

2353 4330 2567 4400 λότριον
2593 4333 2707 4393 τοῖς
2776 4329 3192 4400 βαπτιζομένοις
3221 4329 3430 4381 ἐνιέντα
3466 4327 3693 4398 Πνεῦμα
3740 4328 3913 4380 δουλο-

2353 4421 2611 4489 πρεπῶςν
2634 4420 2752 4473 ἀλλ’
2782 4420 2858 4483 ὡς
2879 4420 3011 4485 Θεὸς
3042 4420 3160 4490 μετ’
3206 4419 3466 4486 ’ἐξουσίας
3516 4416 3616 4489 τῆς
3660 4420 3913 4489 ἀνωτάτω

684 4530 703 4563 ι
732 4510 998 4598 Spiritum
1015 4510 1259 4565 veritatis
1278 4508 1617 4567 Paracletum
1635 4508 1891 4579 appellat;
1911 4525 2085 4579 neque
2104 4511 2249 4565 enim

2355 4516 2413 4567 sb
2442 4513 2503 4577 ἐξ
2524 4512 2691 4566 αὐτοῦ
2730 4513 2825 4566 καὶ
2848 4512 2977 4566 ῖδιον
3004 4512 3192 4567 αὐτοῦ.
3233 4531 3254 4565 ι
3302 4512 3395 4575 Et;
3418 4513 3499 4578 sb,
3536 4530 3556 4564 ι
3594 4512 3667 4565 Οὐ
3690 4513 3794 4582 γὰρ
3821 4510 3915 4565 λα-

678 4603 892 4677 alienus
921 4602 992 4657 ab
1020 4600 1309 4673 Unigeniti
1356 4601 1594 4655 essentia
1655 4598 1975 4671 intelligitur
2015 4600 2254 4671 Spiritus

677 4703 930 4755 sanctus,
964 4692 1061 4747 sed
1086 4690 1438 4761 progreditur
1482 4705 1548 4745 ex
1580 4689 1696 4761 ipsa
1743 4691 2085 4753 naturaliter,
2144 4706 2254 4753 non

677 4788 821 4842 alius
841 4786 911 4840 ab
944 4786 1064 4858 ipsa
1091 4784 1391 4851 assistens,
1416 4784 1463 4841 si
1508 4784 1653 4841 idem
1684 4793 1891 4839 natura:
1921 4784 2255 4850 consideres,

680 4880 811 4941 licet
872 4882 1210 4953 intelligatur
1270 4874 1493 4949 propria
1570 4878 1849 4947 bwastasi
1904 4876 2182 4947 exsistere,
2230 4893 2251 4926 ε

680 4976 926 5047 Septima
949 4972 1021 5028 ad
1062 4971 1335 5025 Hermiam
1366 4968 1620 5025 oratione
1668 4968 1737 5023 de
1778 4967 1889 5021 Deo
1920 4964 2097 5021 Verbo
2140 4965 2257 5020 haec

677 5066 959 5136 expressis
992 5064 1175 5118 verbis
1224 5060 1476 5132 enuntiat
1520 5072 1535 5111 :
1574 5078 1592 5110 ι
1630 5057 1690 5113 ln
1745 5057 1847 5111 hoc
1879 5056 2258 5133 cognoscimus

680 5154 828 5222 quod
873 5154 929 5208 in
957 5152 1119 5207 nobis
1142 5157 1227 5205 est
1260 5166 1327 5204 ex
1387 5149 1576 5212 Patre,
1609 5146 1754 5218 quod
1785 5146 2007 5202 tradidit
2053 5147 2252 5211 nobis;

680 5245 1084 5314 inhabitantem
1119 5242 1357 5296 enimet
1405 5239 1791 5319 immerentem
1841 5237 2060 5293 abunde
2120 5237 2242 5307 quis

681 5338 939 5393 habuerit
970 5351 1123 5399 eum,
1150 5342 1156 5349 ’
1187 5335 1281 5404 qui
1322 5343 1517 5387 natura
1550 5327 1784 5401 vereque
1838 5331 1982 5386 Deus
2010 5339 2112 5395 est,
2146 5345 2255 5384 non

678 5409 921 5485 alienum
949 5440 1008 5483 et
1036 5428 1373 5496 discerptum
1403 5424 1765 5479 essentialiter
1794 5424 1863 5477 ab
1895 5438 1961 5476 eo
1992 5423 2254 5491 Spiritum

679 5526 985 5593 accipiens,
1037 5522 1135 5575 sed
1168 5520 1261 5589 qui
1292 5535 1360 5589 ex
1392 5519 1514 5587 ipsa
1544 5527 1601 5572 et
1630 5533 1728 5586 per
1774 5517 1951 5586 ipsum
1983 5524 2036 5568 et
2064 5516 2115 5567 in
2139 5514 2259 5583 ipso

683 5628 738 5671 et
770 5615 1027 5685 praprius
1059 5613 1257 5683 ipsius,
1309 5597 1653 5679 etlaaqu'alem
1688 5619 1938 5677 respectu
1972 5607 2117 5660 illius
2161 5608 2257 5660 do—

684 5709 954 5761 minatum
982 5705 1287 5774 pOSsideus.
1357 5720 1376 5753 ι
1411 5701 1544 5767 Quis
1576 5702 1757 5781 itaque
1797 5701 1946 5754 hisce
1972 5700 2075 5753 hoc
2101 5701 2258 5754 modo

684 5793 1011 5856 Bauutﬁtatis
1040 5798 1221 5851 dicere
1255 5793 1477 5865 poterit.
1521 5808 1630 5849 non
1666 5801 1987 5849 extraneum
2038 5800 2257 5847 contra-

2356 4605 2509 4675 λήσει
2536 4606 2631 4674 ἀφ’
2650 4603 2904 4671 tamab,»
2926 4604 3296 4676 διερμηνεύων
3315 4602 3456 4679 οὕτω
3478 4604 3629 4677 φησι·
3653 4622 3673 4657 ι
3698 4601 3914 4673 Πνεῦμα

2355 4696 2454 4765 τῆς
2480 4693 2763 4765 ἀληθείαξ
2793 4694 2886 4748 τὸν
2924 4695 3275 4765 Παράκλητον
3330 4696 3613 4749 ἀποκαλεῖ.
3684 4696 3760 4747 Οὐ
3808 4701 3913 4763 γὰρ

2357 4787 2638 4857 ἀλλότριον
2681 4788 2785 4855 τῆς
2847 4785 2942 4839 τοῦ
2998 4785 3335 4861 Μονογενοῦς
3394 4786 3579 4849 οὐσίας
3630 4789 3828 4847 νοεῖται
3859 4788 3915 4838 sb

2356 4877 2511 4946 ἅγιον
2542 4880 2767 4949 Πνεῦμα
2795 4894 2812 4909 ⁸
2844 4880 3058 4952 πρόεισι
3084 4880 3143 4933 δέ
3172 4870 3413 4949 φυσικῶς
3454 4878 3514 4943 ἐξ
3538 4879 3726 4949 αὐτῆς,
3770 4879 3913 4931 οὐδὲν

2356 4970 2541 5039 ἕτερον
2563 4971 2691 5041 παρ’
2717 4970 2879 5024 αὐτὸν
2912 4972 3156 5042 ὑπάρχον
3206 4972 3284 5032 είς
3336 4971 3635 5039 ταύτότητα
3686 4969 3912 5038 φύσεως,

2358 5065 2406 5115 εί
2438 5062 2534 5114 καὶ
2594 5064 2795 5115 νοεῖται
2842 5061 3005 5133 τυχὸν
3059 5062 3457 5135 ίδιοσυστάτως.
3490 5080 3510 5114 ι
3576 5063 3661 5115 Ἐν
3683 5064 3756 5131 τῷ
3787 5064 3914 5131 πρὸς

2371 5151 2631 5223 Ἑρμείαν
2658 5152 2874 5224 ἐὸδόμῳ
2895 5153 3037 5222 λόγῳ
3070 5155 3199 5223 περὶ
3243 5153 3335 5207 τοῦ
3378 5154 3512 5207 Θεοῦ
3566 5153 3740 5219 Λόγου
3795 5154 3914 5205 τάδε

2359 5246 2499 5316 κατᾲ
2520 5245 2671 5315 ῥῆμα
2702 5245 3006 5315 διαγορεύει
3026 5260 3042 5277 σ
3084 5264 3107 5296 ο
3151 5247 3248 5300 Ἐν
3270 5263 3333 5315 γε
3362 5246 3534 5315 τούτῳ
3563 5244 3915 5312 γινώσκομεν.

2358 5336 2439 5411 ὃτι
2464 5335 2522 5386 ἐν
2552 5334 2685 5404 ήμῖν
2716 5336 2867 5411 ἐστιν
2892 5338 2957 5387 ἐκ
3001 5335 3094 5388 τοῦ
3122 5337 3354 5407 Πατρὸς,
3421 5331 3483 5390 οὗ
3523 5334 3717 5387 ἔδωκεν
3746 5334 3873 5403 ἡμῖν
3903 5348 3916 5363 ·

2364 5410 2571 5481 ἐνοικον
2606 5429 2716 5497 γὰρ
2738 5410 3246 5498 καὶένηυλισμένον
3274 5425 3671 5494 καταπλουτοίη
3719 5440 3800 5486 st;
3833 5424 3916 5489 ἀν,

2357 5520 2451 5567 τὸν
2477 5515 2641 5583 φύσει
2667 5531 2727 5567 τε
2759 5515 2853 5569 καὶ
2876 5514 3091 5584 ἀληθῶς
3144 5514 3272 5568 ὄντα
3310 5514 3463 5580 Θεὸν,
3501 5514 3599 5567 οὐκ
3646 5510 3917 5581 ἀλλότριόν

2358 5624 2410 5659 τι
2451 5608 2542 5659 καὶ
2597 5594 3018 5674 διεσπασμένον,
3053 5606 3329 5668 ῦύσιωδῶς
3374 5605 3539 5659 αὐτοῦ
3594 5604 3657 5657 sb
3703 5603 3917 5672 Πνεῦμα

2359 5698 2563 5764 λαβὼν,
2622 5699 2759 5753 ἀλλὰ
2813 5699 2873 5749 τὸ
2902 5697 3140 5761 ἐξαύτοῦ
3189 5714 3244 5748 τε
3272 5698 3362 5748 καὶ
3409 5698 3474 5749 δι’
3503 5696 3689 5762 αὐτοῦ,
3741 5697 3837 5747 καὶ
3867 5696 3917 5746 ἐν

2366 5791 2535 5864 αὐτῷ,
2570 5793 2662 5846 καὶ
2701 5792 2832 5846 tam
2860 5791 3046 5859 αὐτοῦ,
3079 5794 3170 5844 καὶ
3206 5791 3299 5859 τὴν
3328 5791 3449 5861 ἴσην
3479 5792 3554 5853 ὡς
3598 5791 3729 5861 πρὸς
3772 5787 3919 5843 αὐτὸν
