4074 6440
125 398 388 476 1333’

1132 416 1432 478 CONTRA
1467 369 1898 492 marinum
1928 390 2404 484 CRETENSEM.

3271 416 3411 481 1334

119 521 369 600 Πατρδς
397 521 464 575 δι’
501 521 633 584 Υίοῦ
669 520 1036 596 προχεόμενον
1086 523 1242 595 amt.
1288 526 1559 598 Πνεῦμα(
1588 540 1609 580 ι
1663 526 1722 581 '0

1834 525 1883 584 [ιι
1933 522 2094 586 Sexto
2140 531 2325 600 itaque
2359 528 2427 584 ad
2457 526 2757 590 iiermiam.
2808 527 2962 596 quasi
3012 527 3192 597 ipsum
3238 526 3414 582 inter-

117 597 326 674 αὐτδς
368 611 692 682 θεορρήμων
736 613 836 666 σύν
897 612 1108 677 λοιποῖς
1175 613 1286 670 τῶν
1353 597 1722 688 θεοφορήτων,

126 720 150 754 ε
191 701 346 757 ῖδιον
387 701 600 774 Πατρὸς
647 702 711 756 τδ
740 704 967 772 Πνεῦμα
1005 723 1025 758 a
1052 705 1318 776 διδάσκει,
1348 700 1375 762 ἐ
1411 710 1541 764 ῑδιον
1569 710 1724 777 Υίοῦ,

121 792 278 848 ἴδιον
312 795 543 864 ἀμφοῖν.
584 812 628 848 a-
665 794 757 848 Ἔν
787 796 918 864 γοῦν
947 796 1094 869 ικτῳ
1128 798 1236 853 τῶν
1275 801 1421 873 πρὸς
1463 802 1725 874 Ἑρμείαν

119 883 211 947 ὡς
261 884 333 937 ἀν
359 883 630 954 ἐρωτήσει
670 883 809 955 πρὸς
850 885 1016 940 αὐτὸν
1057 887 1150 942 τὸν
1195 888 1355 959 λόγον
1402 892 1725 964 ποιούμενος

119 973 406 1038 διέξεισιν
437 974 640 1053 οὑτωσί
657 991 672 1007 ο
704 993 724 1028 ι
753 973 910 1041 Τίνος
939 979 1070 1034 ῖδιον
1099 980 1293 1052 φῶμεν
1317 984 1378 1037 τὸ
1411 981 1639 1059 Πνεῦμα
1663 987 1726 1040 τδ

121 1063 305 1131 ἅγιον
339 1064 511 1133 εῐναις
547 1067 756 1140 πότερα
779 1069 1041 1141 δὴ-μόνου
1079 1073 1174 1127 τοῦ
1205 1075 1462 1130 Θεοῦικαὶ
1490 1075 1727 1148 Πατρδς,

122 1156 162 1227 ἢ
226 1155 374 1225 γοῦν
401 1159 628 1213 καὶτοῦ
665 1161 819 1228 Υίοῦ,
872 1162 907 1232 ἢ
955 1162 1052 1216 καὶ
1075 1163 1193 1219 λάνά
1241 1165 1410 1237 μέρος
1458 1167 1725 1241 ἑκατέρου

125 1251 237 1330 καλ
280 1249 513 1319 ἀμφοῖν,
551 1251 628 1315 ὡς
658 1252 718 1306 ιν
745 1253 811 1306 ἑκ
837 1253 1052 1324 Πατρδς
1075 1255 1146 1309 δι’
1169 1257 1300 1311 Υίοῦ
1330 1246 1421 1314 διά
1459 1260 1561 1330 τὴν
1588 1279 1726 1322 ταυο

127 1331 363 1405 τότητα
390 1341 493 1409 τῆς
515 1341 707 1405 οὐσίας
725 1359 741 1406 ;
762 1361 785 1396 a
805 1342 896 1397 Ἐν
925 1345 1247 1419 ἑρμηνείαις
1273 1349 1370 1402 τοῦ
1392 1350 1535 1405 κατὰ
1549 1350 1731 1406 Ἰωάνα

127 1429 243 1499 νην
278 1429 365 1492 είς
389 1431 452 1483 τὸ
484 1448 505 1483 ε
537 1430 768 1502 Πνεῦμα
816 1434 919 1504 τῆς
946 1426 1228 1506 ἀληθείας,
1265 1456 1286 1492 a
1339 1440 1486 1496 οὕτω
1529 1443 1728 1498 διασαυ
1770 1469 1775 1474 ·

129 1519 270 1595 vel?
296 1535 327 1575 ,ε
374 1518 506 1573 Ἰδοὺ
532 1521 666 1592 γὰρ.
701 1523 814 1577 ίδού
859 1525 1087 1597 Πνεῦμα
1121 1529 1221 1598 τῆς
1257 1529 1543 1603 ἀληθείας,
1571 1551 1727 1589 τουτ-

131 1607 308 1667 έστιν
363 1608 558 1663 εαυτοῦ
622 1613 714 1668 τὸν
771 1614 1135 1689 Παρὰκλητον
1187 1619 1382 1688 είπὼν,
1433 1602 1586 1694 παρά
1631 1624 1730 1680 τοῦ

135 1700 374 1772 Πατρδς
401 1702 998 1783 αὐτόν-ἐκπορεύεσθαί
1029 1728 1215 1782 φησιν.
1243 1714 1461 1789 Ὠσπερ
1480 1717 1590 1788 γάρ
1614 1720 1732 1782 εστι

134 1791 389 1861 Πνεῦμα
419 1792 552 1849 ῐδιον
593 1796 687 1850 τοῦ
723 1798 878 1866 Υίοῦ,
909 1796 1158 1870 φυσικῶς
1183 1806 1244 1858 ιν
1277 1806 1430 1876 αὐτῷ
1462 1825 1523 1862 τε
1550 1809 1732 1881 ὑπάρ-

135 1897 274 1951 χον,
309 1883 404 1936 καὶ
427 1884 495 1938 δι’
522 1885 690 1940 αὐτοῦ
719 1891 928 1959 προϊὸν,
961 1891 1105 1946 οὕτω
1129 1894 1342 1949 καὶτοῦ
1372 1899 1586 1969 Πατρός
1603 1914 1619 1932 ο
1649 1898 1734 1964 οἷς

137 1973 205 2027 sa
241 1975 311 2029 τὸ
343 1976 568 2048 Πνεῦμα
611 1982 815 2045 κοινὸν,
849 1983 1063 2048 τούτοις
1094 1987 1181 2056 εῖη
1216 1987 1393 2059 δήπου,
1421 1988 1638 2053 πάντως
1667 1991 1734 2046 ἀν

139 2064 254 2119 καὶ
290 2066 362 2139 τά
416 2066 514 2138 τῆς
547 2069 833 2143 οὐσίαςού
881 2073 1235 2145 διωρισμένα.
1275 2097 1296 2130 ι
1354 2072 1466 2131 Καῖ
1498 2077 1735 2150 ἀλλαχοῦ
1782 2131 1786 2134 .

142 2156 482 2237 πλειστάκις
530 2158 660 2214 ῐδιον
704 2163 908 2231 ἀμφοῖν
954 2166 1250 2234 ηνωμένως
1295 2167 1392 2221 καὶ
1423 2168 1528 2222 ἀνὰ
1573 2169 1737 2239 μέρος

140 2233 487 2315 διαγορεύει.
528 2250 850 2319 Πνεύματος
877 2253 924 2305 δ’
1030 2233 1418 2327 Πατὴρκίδιος,
1469 2259 1502 2329 ἢ
1542 2233 1585 2312 ό-
1609 2233 1737 2322 ιλιδξ
1780 2242 1784 2243 ί

139 2334 562 2405 ὁπουδηποτοῦν
579 2340 678 2393 οὐκ
697 2340 834 2396 ἔστι.
854 2343 994 2397 Καθ’
1013 2344 1071 2398 δν
1095 2346 1206 2416 ἀρα
1219 2347 1396 2417 λόγον,
1418 2347 1527 2420 δνή
1550 2349 1734 2418 είκὼν,

118 2424 288 2505 ’καθ’
320 2427 379 2480 δν
409 2427 442 2496 ή
474 2429 780 2501 ἀποστολὴ,
813 2433 898 2487 δτι
924 2433 1000 2504 μὴ
1030 2436 1172 2490 κατά
1201 2437 1302 2507 τὴν
1324 2438 1390 2491 δι’
1416 2440 1564 2509 ἡμᾶς
1595 2441 1739 2494 οίκο-

145 2512 377 2583 νομίίαν,
411 2519 536 2571 καθ’
567 2520 635 2590 ἢν
679 2521 733 2587 ἠ·
762 2523 997 2591 χορηγία
1025 2525 1302 2592 καὶ-δόσις
1327 2529 1421 2583 καὶ
1461 2530 1532 2584 τὰ
1560 2531 1734 2584 τοῖσδε

146 2606 444 2678 σύστοιχα,
479 2610 576 2663 καὶ
601 2611 678 2675 ὥς
708 2613 795 2664 ἐπ’
823 2613 1054 2678 ἐκείνοις
1101 2618 1513 2685 φωτοσολεῖται,
1552 2620 1648 2674 καὶ
1676 2622 1738 2674 τὸ

144 2696 260 2765 τῆς
293 2699 668 2770 άπιπροφῆς
703 2701 853 2772 ἔχειν
899 2706 1254 2774 παρείσδυσιν
1287 2709 1352 2762 ἑκ
1395 2710 1506 2762 τῶν
1552 2710 1736 2764 θεοσό-

145 2801 278 2851 quae
303 2790 710 2858 μυσταγωγῶν,
728 2793 844 2854 τοῖς
867 2793 1050 2857 αὐτοῖς
1063 2795 1238 2858 οὕτως
1262 2795 1498 2851 ενταῦθα
1523 2815 1737 2868 μυστα-

145 2879 423 2944 γωγετται
452 2879 528 2952 μὴ
560 2880 703 2934 τοῦτ’
728 2881 862 2936 αὐτὸ
896 2885 1199 2951 πεφυκέναι
1231 2887 1734 2958 παρρησιάζεσθαι.

163 2965 234 3020 '0
274 2967 542 3037 σύνεγγυς
592 2970 772 3025 τοίνυν
835 2971 1019 3034 ἔνθεος
1070 2975 1419 3045 μυστηπόλος
1481 2978 1541 3030 τὺ
1604 2978 1736 3032 τδιον

146 3054 310 3138 ὅπως
339 3056 433 3108 tari.
469 3058 569 3126 τῆς
601 3058 857 3130 θεότητος
893 3061 1336 3132 διευλυτούμενόν
1364 3065 1482 3119 ἐστι
1508 3065 1735 3136 φράζων

150 3150 218 3202 ιν
244 3131 322 3218 τῷ
342 3150 481 3220 πρὸς
506 3151 804 3222 Νεστόριον
831 3154 1000 3223 λόγῳ,
1021 3149 1132 3226 οῦή
1161 3131 1322 3226 ἀρχὴ,
1357 3174 1376 3208 ε
1406 3131 1734 3227 Καταερλυα-
1758 3131 1808 3195 c

153 3238 320 3312 ροῦσί
369 3258 534 3308 τινες,
563 3243 640 3308 ὡς
693 3244 968 3314 μανθάνοι,
1013 3247 1114 3318 τῆς
1154 3247 1292 3318 ὲμῆς
1325 3247 1671 3319 ὑπολήψεως,
1708 3269 1728 3304 ε

151 3334 363 3406 φησίνν
411 3353 432 3388 ε
475 3333 692 3405 Ὠσπερ
723 3335 832 3407 γὰρ
865 3335 995 3392 ῐδιον
1024 3336 1316 3408 ἀνθρώπου
1346 3339 1442 3392 καὶ
1466 3340 1572 3411 μὴν
1602 3340 1738 3395 ἑκά-

71 3450 74 3453 ·
154 3443 292 3480 στου
325 3427 433 3480 τῶν
461 3428 664 3496 έτέρων
709 3428 864 3493 ζώων
895 3429 958 3481 τὸ
985 3429 1046 3494 ιε
1084 3429 1249 3483 αὐτοῦ
1288 3431 1432 3485 κατά
1457 3429 1620 3500 φύσιν
1640 3446 1738 3501 γεο

153 3520 519 3590 γεννημένον,
571 3518 746 3583 οὕτως
799 3521 932 3574 ῖδιον
979 3519 1116 3575 Θεοῦ
1170 3521 1232 3576 τὸ
1282 3524 1349 3576 έκ
1396 3523 1498 3592 τῆς
1547 3523 1738 3587 οὐσίας

154 3607 325 3663 νοοῖτ⁹
340 3609 416 3662 ἀν
433 3602 572 3662 εἶναι
591 3609 688 3664 καὶ
709 3609 945 3675 λέγοιτο.
973 3628 993 3662 a
1022 3609 1297 3682 Πρόδηλον
1315 3606 1513 3664 οὐκοῦν
1531 3612 1614 3666 ὅτι
1633 3627 1734 3667 κα-

154 3702 277 3767 θὼς
302 3697 400 3755 τοῦ
437 3700 656 3772 Harpe;
696 3701 826 3756 ῑδιόν
857 3703 976 3755 ἑστι
1001 3701 1063 3754 τδ
1091 3703 1319 3774 Πνεῦμα
1360 3704 1423 3758 τδ
1451 3703 1629 3773 ἀγιον.
1660 3704 1738 3769 ὡς

156 3793 231 3846 las
257 3790 361 3861 τῆς
389 3791 580 3854 οὐσίας
607 3790 798 3845 ἀὗτοῦ
819 3791 922 3855 δν,
967 3792 1110 3865 οὐτω
1143 3794 1238 3848 καὶ
1267 3793 1362 3846 τοῦ
1395 3794 1529 3848 Υίοῦ
1581 3795 1736 3862 ῐδιον,

156 3883 242 3945 ὠς
270 3884 336 3935 έκ
371 3882 468 3951 τῆς
498 3881 693 3945 οὐσίας
716 3883 884 3936 αὐτοῦ
926 3883 1196 3953 ὑπάρχον.
1239 3867 1350 3938 Καὶ
1381 3869 1541 3938 τοῦτο
1569 3901 1739 3955 φανε-

161 3972 354 4051 ροῦσιν
387 3975 422 4044 ἢ
453 3991 513 4026 τε
546 3973 860 4045 καθαρότης
889 3975 989 4044 τῆς
1018 3975 1425 4038 διευλυτώσεως
1446 3975 1555 4031 τοῦ
1577 3976 1738 4032 ίδίου

159 4065 321 4133 παρὰ
348 4062 442 4116 τοῦ
475 4063 645 4118 αὐτοῦ
686 4064 952 4136 θεηγόρου
996 4065 1093 4120 καὶ
1140 4067 1474 4136 παραδόσεις
1507 4068 1562 4120 ai
1593 4067 1739 4142 διδατ

159 4142 427 4212 σκαλικαὶ
476 4155 570 4209 τοῦ
604 4155 794 4218 αὑτοῦ,
846 4174 865 4208 ε
909 4156 1119 4228 Ὠσπερ
1171 4159 1267 4212 τοῦ
1322 4159 1535 4230 nam;
1585 4159 1737 4224 ῐδιον,

157 4245 311 4300 οὕτω
327 4247 422 4301 καὶ
448 4247 545 4300 τοῦ
563 4246 719 4311 Υιοῦ,
753 4266 772 4300 s
793 4248 1210 4316 διαγγέλλουσαι
1234 4267 1247 4282 ·
1270 4251 1408 4304 ἀλλὰ
1427 4251 1522 4305 καὶ
1551 4251 1738 4306 λοιπαὶ

161 4336 357 4389 τούτου
387 4336 577 4405 ῥήσεις
624 4337 679 4388 at
709 4337 821 4391 ἄνω
867 4338 1178 4404 τεθειμέναι
1212 4339 1273 4391 τὸ
1325 4341 1400 4410 μὴ
1432 4323 1736 4411 ἀλλότριον

163 4427 301 4481 Υίοῦ
335 4403 580 4519 Πνεῦμα,
607 4427 744 4482 ἀλλά
766 4427 827 4480 τὸ
859 4427 918 4492 έξ
951 4403 1117 4482 αὐτοῦ
1151 4427 1247 4482 καὶ
1296 4403 1427 4483 [διον
1458 4403 1631 4486 αὐτοῦ.
1671 4421 1737 4486 dx
1769 4403 1816 4459 υ

164 4522 266 4590 τῆς
283 4519 482 4579 δόσεώς
494 4537 554 4573 τε
585 4521 676 4574 καὶ
700 4520 957 4590 πέμψεως
971 4520 1233 4591 διατόρως
1246 4523 1741 4594 άνακηρύττουσαι.

1826 631 2087 694 rogaret..
2121 622 2198 676 ita
2255 631 2586 677 sermonem‘
2624 620 2922 675 concinnat
2960 636 2973 674 :
3017 637 3036 671 ‹
3063 619 3241 690 Cujus
3279 633 3411 691 pro-

1825 715 2008 786 prium
2057 713 2304 768 dicemus
2369 710 2633 778 Spiritum
2680 720 2930 765 sanetum
2984 725 3128 775 esse,
3166 710 3412 765 soliusne

1827 804 1924 859 Dei
1962 811 2018 860 et
2059 800 2277 869 Patris,
2323 816 2465 857 anne
2513 801 2674 855 etiam
2726 809 2783 855 et
2839 798 2999 864 Filii,
3061 801 3146 854 vel
3192 815 3414 870 separa,

1827 894 1925 948 tim
1979 892 2289 961 utriusque,
2342 899 2398 945 et
2428 890 2738 954 amborum,
2804 899 3062 959 tanquam
3122 904 3291 942 unum
3343 905 3412 942 ex

1825 975 1988 1052 Patre
2041 996 2175 1054 per-
2206 969 2404 1059 Filium
2458 988 2681 1050 propter
2732 994 2904 1034 unum
2959 980 3254 1036 essentia?
3295 997 3312 1032 I
3353 979 3410 1032 In

1826 1074 2265 1144 expositionibus
2319 1073 2374 1128 in
2428 1061 2782 1143 Evangelium
2840 1070 3068 1126 Joannis
3117 1072 3174 1126 in
3233 1072 3407 1125 illud:

1833 1185 1854 1220 s
1886 1165 2126 1241 Spiritus
2174 1165 2445 1227 veritatis,
2487 1181 2507 1216 ι
2541 1163 2614 1217 ita
2671 1162 2910 1234 explicat
2945 1179 2959 1217 :
2997 1180 3017 1214 ι
3055 1163 3194 1217 Ecce
3238 1165 3410 1225 enim,

1827 1271 1955 1313 ecce
1975 1255 2214 1327 Spiritus
2243 1254 2508 1318 veritatis,
2542 1252 2647 1309 hoc
2687 1264 2773 1309 est
2801 1253 2885 1308 sui
2933 1253 3124 1322 ipsius,
3161 1268 3283 1308 cum
3311 1252 3412 1307 Pa-

1830 1331 2094 1403 racletum
2113 1344 2422 1410 dixissey'a
2442 1344 2601 1398 Patre
2619 1359 2744 1399 eum
2763 1342 3064 1414 procedere
3064 1343 3175 1408 git.
3207 1331 3414 1409 Quem-

1829 1434 2122 1491 admodum
2170 1433 2318 1497 enim
2361 1439 2447 1488 est
2503 1431 2740 1502 Spiritus
2773 1432 3028 1502 proprius
3077 1429 3219 1496 Filii,
3255 1442 3418 1484 natu—

1830 1521 2015 1576 raliter
2043 1520 2100 1575 in
2131 1520 2250 1590 ipso
2285 1519 2576 1584 exsistens,
2604 1530 2660 1573 et
2684 1534 2786 1588 per
2816 1519 2994 1589 ipsum
3030 1520 3410 1589 progrediens.

1831 1613 1905 1670 ita
1929 1621 1986 1668 et
2011 1613 2236 1680 Patris;
2271 1609 2470 1681 quibus
2495 1613 2642 1688 enim
2681 1611 2921 1680 Spiritus
2971 1601 3279 1676 communis
3309 1620 3414 1672 est,

1832 1705 1901 1760 iis
1932 1705 2094 1774 plane
2123 1719 2370 1774 prorsus,
2402 1718 2583 1769 neque
2600 1719 2722 1773 qua:
2742 1704 2998 1759 essentia
3021 1711 3171 1766 sunt,
3205 1701 3415 1756 iuerint

1833 1806 2107 1868 separata.
2169 1815 2189 1868 ι
2243 1796 2310 1850 Ει
2359 1795 2490 1850 alibi
2541 1794 2742 1865 saepius
2791 1796 3071 1864 proprium
3129 1793 3416 1847 amborum

1834 1886 2192 1957 coniunctim,
2225 1895 2281 1941 et
2307 1885 2601 1956 separatim
2635 1885 2855 1940 fatetur.
2889 1885 3130 1954 Spiritus
3157 1897 3286 1939 vero
3312 1883 3417 1937 Pa-

1836 1986 1920 2033 ter
1951 1975 2205 2048 proprius
2239 1985 2335 2032 aut
2361 1973 2531 2031 Filius
2559 1974 2710 2032 nullo
2750 1975 2805 2029 in
2834 1974 2955 2031 loco
2984 1985 3093 2030 est.
3124 1973 3218 2029 illa
3253 1974 3419 2043 igitur

1837 2067 2072 2134 ratione,
2098 2083 2204 2138 qua
2251 2068 2448 2138 imago,
2475 2067 2583 2137 q'ua
2619 2067 2831 2131 missio,
2861 2080 2988 2121 cum
3021 2067 3089 2120 de
3109 2064 3416 2120 oeconomia

1831 2159 2058 2228 propter
2076 2171 2180 2214 nos
2202 2171 2384 2213 sermo
2397 2166 2504 2221 est,
2525 2156 2824 2211 secundum
2847 2170 3010 2225 quam
3029 2154 3414 2224 suppeditatio,

1836 2261 1891 2304 et
1913 2249 2064 2304 datio
2080 2247 2239 2304 ethis
2265 2245 2466 2312 amnis,
2490 2256 2546 2302 et
2568 2248 2645 2302 uti
2669 2247 2723 2301 in
2749 2246 2858 2302 illis
2881 2231 3042 2317 quam
3069 2244 3420 2316 perspicuum

1837 2339 2108 2404 clarescit,
2148 2326 2524 2394 conversionis
2555 2339 2736 2393 locum
2773 2352 2918 2399 esse.
2957 2335 3268 2400 divinorum
3304 2350 3418 2404 my-

1837 2439 2183 2501 stagogorum
2214 2421 2506 2493 sententia,
2559 2429 2876 2484 eorumdem
2911 2427 3000 2484 hic
3043 2442 3260 2497 quoque
3287 2427 3413 2481 edo-

1837 2534 2050 2583 cemur,
2078 2521 2180 2573 hoc
2211 2518 2388 2588 ipsum
2415 2532 2539 2574 esse
2571 2517 2914 2573 conﬁdenter
2939 2517 3105 2572 nimis
3129 2531 3237 2571 non
3269 2531 3420 2570 asse-

1840 2606 1984 2664 rere.
2028 2608 2279 2664 Proxime
2326 2610 2510 2678 itaque
2539 2609 2792 2665 laudatus
2833 2609 3056 2665 divinus
3090 2618 3262 2680 mysta
3293 2624 3420 2677 pro-

1837 2703 2016 2770 prium
2063 2716 2172 2770 quo
2207 2700 2513 2771 signiﬁcatu
2569 2701 2623 2754 in
2671 2700 2873 2756 deitate
2911 2699 3418 2770 a'ccipiendum'sit,

1835 2793 2136 2862 explicans,
2160 2795 2409 2848 oratione
2424 2793 2492 2847 ad
2515 2789 2850 2855 Nestorium,
2872 2793 3031 2863 cuius
3050 2790 3376 2862 principium
3406 2809 3419 2844 :

1842 2901 1862 2936 ε
1899 2884 2035 2938 Male
2073 2884 2294 2953 quidem
2331 2885 2634 2953 loquuntur
2658 2885 2726 2954 de
2761 2899 2880 2939 mea
2927 2884 3354 2946 existimatione,
3395 2904 3413 2935 ε

1837 2976 2048 3037 scribit.
2080 2994 2102 3026 ε
2151 2971 2624 3041 Quemadmodum
2671 2977 2819 3031 enim
2870 2977 3123 3050 proprius
3157 2975 3416 3037 hominis.

1835 3081 2050 3122 necnon
2082 3075 2139 3120 et
2189 3065 2418 3120 aliorum
2463 3066 2799 3137 singulorum
2843 3067 3201 3122 animantium
3255 3065 3421 3124 ictus.

1835 3159 1928 3228 qui
1963 3174 2031 3213 ex
2060 3173 2127 3212 eo
2154 3165 2239 3212 est
2268 3155 2573 3212 secundum
2598 3165 2873 3220 naturam,
2909 3157 2990 3213 sic
3011 3157 3292 3227 proprium
3327 3155 3421 3209 Dei

1837 3249 2176 3322 intelligetur
2226 3263 2369 3312 esse,
2414 3247 2755 3318 diceturque,
2792 3247 2937 3318 quod
2963 3263 3028 3302 ex
3079 3246 3319 3302 essentia
3360 3247 3424 3299 il-

1836 3341 1944 3397 lius
1968 3341 2094 3396 erit.
2137 3359 2157 3393 ι
2202 3327 2553 3394 Manifestum
2603 3339 2786 3410 itaque
2814 3348 2921 3402 est.
2967 3339 3047 3395 uti
3085 3339 3263 3394 Patris
3292 3353 3419 3406 pro-

1838 3431 1990 3500 prius
2019 3438 2106 3483 est
2139 3426 2376 3498 Spiritus
2423 3434 2669 3490 sanctus,
2699 3427 2846 3498 quod
2891 3441 2958 3482 ex
3002 3427 3241 3482 essentia
3276 3426 3419 3480 illius

1839 3529 1944 3585 est,
1970 3521 2046 3575 ita
2077 3535 2200 3575 esse
2236 3533 2455 3590 quoque
2490 3517 2610 3573 Filii
2645 3519 2948 3588 proprium,
2975 3519 3051 3572 uti
3084 3533 3150 3572 ex
3177 3519 3420 3572 essentia

1837 3610 1985 3666 illius
2037 3610 2412 3678 exsistentem.
2463 3609 2691 3679 Hacque
2744 3609 2908 3678 plane
2953 3609 3254 3675 declarant,
3303 3619 3420 3663 tum

1837 3701 2051 3772 puritas
2077 3696 2412 3773 signiﬁcatus
2440 3699 2642 3771 proprii
2669 3701 2739 3755 ab
2768 3700 2890 3771 ipso
2939 3699 3277 3770 diviniloQuo
3305 3708 3420 3755 tra-

1839 3791 1976 3856 dita,
2011 3799 2128 3847 tum
2156 3792 2445 3848 doctorum
2484 3792 2766 3847 enuntiata
2801 3792 2870 3848 de
2910 3793 3102 3847 eodem
3137 3809 3157 3844 ι
3193 3792 3273 3846 uti
3319 3794 3422 3847 Pa-

1843 3886 1943 3940 tris
1973 3883 2277 3954 proprium,
2307 3883 2384 3939 ita
2413 3891 2468 3960 et
2491 3867 2614 3938 Filii
2645 3897 2768 3938 esse
2804 3901 2824 3934 ι
2854 3881 3114 3938 essentia.
3147 3881 3291 3948 Quin
3313 3881 3421 3938 imo

1838 3974 2137 4045 et'reliqna
2180 3974 2286 4029 alia
2327 3975 2575 4046 ejusdem
2622 3972 2768 4028 dicta
2818 3987 2982 4043 supra
3029 3973 3256 4044 digesta.
3296 3989 3420 4042 quze

1839 4083 1950 4123 non
1983 4082 2104 4122 esse
2133 4065 2370 4134 alienum
2411 4065 2675 4136 Spiritum
2700 4080 2732 4120 a
2759 4064 2916 4129 Filio,
2947 4063 3044 4120 sed
3089 4079 3154 4119 ea
3194 4064 3333 4134 ipso.
3365 4074 3424 4119 et

1841 4160 2127 4232 proprium
2160 4159 2334 4230 ipsius
2360 4173 2428 4214 ex
2450 4157 2670 4214 datione
2697 4166 2753 4213 et
2779 4157 3044 4213 missione
3072 4167 3261 4227 aperta
3287 4172 3421 4211 voce

1840 4255 2084 4320 edicunt,
2124 4262 2178 4307 et
2217 4267 2368 4309 nunc
2396 4267 2462 4308 ex
2508 4251 2760 4322 proxime
2803 4251 2967 4305 allato
2995 4249 3146 4305 brevi
3173 4249 3422 4304 testimo-

1843 4346 1938 4404 nio
1961 4346 2018 4400 in
2046 4344 2177 4399 illud
2207 4360 2222 4400 :
2256 4363 2276 4398 ε
2303 4341 2427 4401 Vidi
2459 4342 2724 4414 Spiritum
2745 4341 3188 4406 descendentem,
3225 4359 3244 4392 ι
3276 4339 3422 4409 quod

1844 4435 2006 4507 paulo
2041 4430 2168 4489 ante
2205 4432 2552 4504 digessimus,
2594 4445 2742 4486 nunc
2771 4445 2988 4500 quoque
3020 4430 3110 4485 hic
3139 4443 3424 4499 apponen-

1841 4537 1945 4593 tes,
1980 4526 2112 4585 satis
2147 4525 2226 4580 rei
2257 4523 2540 4587 faciemus,
2575 4523 2725 4596 quod
2752 4523 2934 4578 verbis
2983 4522 3134 4578 hisce
3161 4522 3425 4592 exprimi-

168 4611 283 4666 Καὶ
300 4609 393 4664 νῦν
411 4611 511 4679 τῆς
528 4610 696 4679 ιγγύς
713 4628 816 4664 που
835 4611 1224 4686 διαληφθείσπης
1247 4614 1459 4683 ρήσεως
1478 4615 1740 4687 βραχείας

1842 4628 1931 4675 tur
1961 4636 1976 4674 :
2015 4637 2034 4670 ι
2075 4613 2281 4672 Similis
2311 4616 2364 4670 in
2388 4614 2643 4670 omnibus
2676 4622 2761 4676 est
2785 4612 2990 4668 Christi
3027 4611 3330 4668 similitudo
3353 4614 3422 4668 ad

169 4705 250 4766 εἰς
276 4703 362 4766 τὸ,
385 4703 466 4757 δτι
493 4719 514 4756 ε
546 4696 824 4771 Τεθέαμαι
857 4703 920 4756 τὸ
953 4704 1176 4772 Πνεῦμα
1210 4705 1559 4773 καταϐαῖνον,
1590 4726 1610 4760 ι
1641 4709 1740 4780 τὴν

1841 4709 2122 4782 proprium
2171 4707 2344 4778 ipsius
2378 4715 2436 4781 et
2482 4706 2552 4763 ab
2580 4706 2707 4776 ipso.
2744 4703 3030 4776 profusum
3068 4703 3354 4774 Spiritum,
3395 4722 3414 4756 ι

170 4793 345 4863 ἀγχοῦ
382 4793 639 4863 διηγορευ
648 4793 816 4862 μένην
840 4810 900 4846 τε
924 4796 1020 4848 καὶ
1034 4794 1285 4847 τεθεῖσαν
1301 4795 1536 4850 ένταῦθα
1553 4798 1740 4863 θέντες

1843 4801 2064 4857 omissis
2096 4798 2220 4854 aliis
2244 4813 2354 4854 non
2377 4796 2594 4868 paucis,
2613 4812 2733 4866 quze
2760 4795 3076 4864 frequenter
3094 4805 3418 4853 occurrunt.

173 4888 235 4941 τὺ
268 4886 452 4940 ἱκανὸν
481 4887 700 4955 ῑξομεν,
731 4886 768 4957 ἢ
798 4885 897 4940 καὶ
939 4887 1059 4940 κατ’
1095 4888 1226 4952 ετοος
1273 4887 1417 4942 οὕτω
1457 4888 1732 4958 διέξεισιν,
1772 4912 1793 4946 ε
1839 4891 2286 4964 ’Δπσράλλακτος
2323 4891 2358 4960 ἡ
2380 4887 2479 4942 τοῦ
2514 4887 2731 4959 Χριτοῦ-
2747 4871 3002 4959 ὁμοιότης
3036 4889 3174 4960 πρὸς
3199 4887 3261 4942 τὸ
3290 4888 3422 4942 [διον

176 4976 342 5033 αὐτοῦ
373 4978 467 5029 καὶ
486 4976 618 5046 παρ’
649 4977 814 5031 αὐτοῦ
844 4977 1207 5050 προχεόμενον
1227 4977 1478 5050 Πνεῦμα,
1517 4997 1538 5033 s
1574 4984 2027 5055 παραδραμόντες
2054 4983 2250 5056 ἑτέρας
2293 4983 2396 5038 οὐκ
2437 4965 2649 5048 ὀλίγας,
2676 4980 2811 5034 ἀλλὰ
2845 4982 3068 5051 συχνάς.

245 5071 311 5124 θ’.
343 5072 418 5124 Οὐ
448 5069 557 5140 μὴν
592 5071 730 5124 ἀλλά
776 5073 998 5126 κάκεῖνο
1027 5070 1357 5141 θεωρητέον,
1403 5074 1510 5144 πρό
1537 5089 1602 5142 γε
1632 5061 1740 5130 τῶν

1919 5075 1975 5133 9.
2005 5076 2112 5131 Sed
2167 5075 2296 5131 illud
2341 5088 2559 5144 quoque
2608 5071 3067 5128 considerandum
3124 5081 3229 5135 est,
3276 5074 3422 5142 quod

177 5159 951 5230 πεφθακότωνέεετασθῆναι,
986 5163 1114 5231 περὶ
1150 5163 1459 5237 ἀποστολῆς
1502 5163 1541 5220 ἀ
1569 5181 1740 5236 φησιν

1853 5176 1978 5223 ante
2018 5167 2134 5235 jam
2183 5166 2332 5221 dicta
2357 5164 2655 5220 examinari
2700 5164 2984 5230 debuerat,
3031 5161 3175 5233 quod
3227 5178 3424 5234 nempe

176 5256 203 5305 ό
232 5250 399 5322 ἀκρος
420 5251 626 5320 ταύτης
653 5250 968 5323 ιξεταστὴς,
1002 5251 1148 5306 οὕτω
1175 5253 1242 5324 δὴ
1261 5253 1477 5319 διεξιών
1494 5273 1508 5286 ·
1537 5274 1561 5308 ε
1584 5257 1740 5310 Ἀπο-

1851 5259 1920 5314 de
1947 5256 2208 5317 missione
2235 5255 2401 5311 tradit
2431 5269 2680 5310 summus
2705 5252 2854 5308 illius
2896 5253 3244 5323 dijudicator,
3278 5254 3424 5308 hunc

179 5339 392 5394 στέλλει
413 5357 497 5406 τις
520 5341 706 5396 δοῦλον
730 5341 764 5408 ἢ
791 5344 907 5398 υίὸν
935 5344 1065 5414 παρ’
1092 5343 1260 5419 ἀλλου
1291 5345 1452 5399 τοῦτο
1472 5346 1675 5411 λαϐὼν,
1704 5347 1740 5419 ἢ

1849 5348 1906 5413 in
1955 5348 2176 5404 modum
2208 5347 2560 5403 edisserens:
2607 5361 2626 5396 ι
2664 5343 2828 5399 Iittit
2871 5338 3142 5416 quispiam
3201 5360 3423 5413 servum

179 5430 272 5484 καὶ
303 5429 466 5494 αὐτὸς
505 5429 670 5502 έχων.
713 5432 1088 5504 Σκοπήσωμεν
1118 5433 1300 5493 τοίνυν
1345 5436 1467 5490 τίνα
1496 5436 1740 5500 θεσπίζει

1848 5447 1946 5494 aut
1966 5438 2242 5500 illium.ab
2263 5437 2370 5492 aiio
2394 5435 2449 5491 id
2469 5435 2768 5505 accipiens,
2783 5442 2876 5488 aut
2897 5450 2928 5488 a
2958 5435 3138 5506 seipse
3157 5436 3384 5492 habens.
3400 5455 3419 5486 ι

178 5522 240 5582 τὸ
273 5521 474 5576 σεπτὸν
510 5523 842 5590 Εὐαγγέλιον
872 5525 1001 5593 περὶ
1035 5524 1316 5594 πέμψεως.
1365 5526 1622 5599 Ἰωάννης
1648 5527 1740 5598 μιν

1846 5528 2271 5585 Consideremus
2297 5527 2481 5596 itaque
2510 5540 2634 5596 qua
2690 5525 2760 5580 de
2791 5524 3052 5580 missione
3081 5526 3424 5580 veurandnm

183 5614 217 5682 ὴ
262 5615 360 5679 τῆς
417 5613 698 5682 θεολογίας
752 5614 1037 5685 ἀκρώρεια
1067 5617 1144 5679 ὡς
1189 5617 1258 5669 ὲκ
1310 5602 1605 5696 προσώπου
1650 5617 1740 5671 τοῦ

1849 5618 2201 5688 Erangeiium
2250 5615 2518 5672 decernit.
2549 5614 2792 5670 Joannes
2845 5614 3130 5686 theologia
3178 5630 3426 5669 summus

155 5701 420 5794 ἐριστοῦ
477 5707 714 5772 φάσκει·
768 5724 787 5758 ε
827 5706 907 5758 Τὰ
960 5706 1098 5777 ιργα
1128 5705 1164 5761 ἀ
1193 5708 1305 5776 ἐγὼ
1346 5709 1507 5772 ποιῶ,
1541 5700 1740 5780 μαρτυ-

1849 5725 1983 5781 apex
2037 5723 2103 5764 ea
2161 5706 2637 5778 persona‘Christi
2688 5705 2868 5762 dicit:
2907 5723 2927 5758 ι
2961 5702 3134 5776 Opera
3179 5723 3236 5775 ιν
3280 5745 3304 5794 γ.
3323 5719 3428 5776 ego

187 5793 271 5865 psi
302 5799 431 5874 περὶ
461 5799 622 5872 ιμοῦ,
648 5801 728 5854 ὅτι
781 5802 810 5853 ό
871 5801 1061 5871 Πατήρ
1117 5817 1186 5871 με
1225 5801 1534 5869 ἀπέστειλε,
1591 5802 1687 5857 καὶ
1719 5804 1740 5856 ό

1851 5800 2014 5869 facio,
2068 5797 2438 5863 testimonium
2487 5797 2778 5868 perhibent
2815 5795 2884 5854 de
2933 5811 3049 5865 me,
3078 5795 3224 5869 quod
3272 5793 3434 5852 Pater
