4074 6434
177 312 345 458 ιεειξ

1161 365 1464 437 CONTRA
1499 360 1931 429 MANUELEM
1968 363 2444 427 CRETENSEM.

3264 363 3398 429 1756

170 479 393 538 νόντων.
430 496 453 533 ι
492 478 673 552 ’Δπερ
701 480 732 534 6
775 476 1042 550 σύνεγγυς
1072 480 1264 537 τούτου
1297 482 1739 554 προτεθειμένος,

1850 479 2107 536 orationis
2134 481 2378 551 partibus
2423 477 2731 549 aequivalet.
2775 498 2793 531 ι
2830 478 2953 536 Hac
2981 480 3076 550 qui
3128 488 3254 535 ante
3284 495 3410 535 eum

172 571 269 628 καὶ
297 571 435 645 πρὸς
468 571 612 627 ἅπαν
632 571 912 644 δμόφρων,
951 575 1010 627 ἑν
1046 572 1124 643 τῷ
1151 573 1404 645 περῖιτοῦ
1426 572 1744 645 Πνεύματος

170 663 317 733 λόγῳ
363 665 503 736 πρὸς
548 664 640 719 τὸν
693 665 937 722 ἐναντίον
991 663 1296 737 μεθοδεύων
1346 663 1491 719 οὕτω
1532 663 1742 736 φησίνο

177 771 199 807 ε
228 753 291 808 Ei
319 752 378 806 δέ
425 770 520 807 σου
552 753 619 807 τὰ
658 752 741 816 δὶς
785 754 948 807 πέντε
990 753 1278 819 λέγοντος,
1313 754 1346 825 ἢ
1387 761 1450 808 το
1481 754 1567 817 δὶς
1605 753 1746 808 ἑπτὰ

167 845 239 899 τὰ
272 845 406 898 δέκα
438 845 696 915 συνῆγον,
733 845 766 914 ἢ
803 845 875 898 τὰ
898 843 1398 917 τεσσαρεσκαίδεκα
1427 846 1490 898 ιιι
1516 846 1624 899 τῶν
1653 845 1746 897 λεε-

169 936 442 1007 γομινων,
477 930 588 1006 ἆρα
632 936 700 990 ἄν
734 953 816 991 σοι
858 937 1046 1008 ληρεῖν
1084 938 1412 1021 ἐνομίσθηνς
1457 937 1550 992 καὶ
1598 936 1744 1002 πῶς,

170 1024 246 1079 τὰ
277 1026 348 1079 σὰ
375 1026 552 1095 λέγων
573 1043 588 1093 ;
625 1044 645 1078 r
677 1025 797 1080 Ἔτι
819 1044 879 1080 τε
898 1026 1150 1098 Μάξιμος
1175 1030 1203 1081 6
1226 1028 1319 1083 τδν
1344 1027 1506 1100 ζῆλον
1531 1027 1628 1081 καὶ
1646 1025 1746 1098 τὴν

169 1117 461 1189 ὁμολογίαν
488 1117 909 1190 ἀξιοθρύλλητος
943 1119 1041 1190 βοᾷ
1064 1119 1349 1189 διατόρως·
1384 1138 1403 1172 ε
1427 1119 1614 1195 mm
1648 1117 1747 1188 μὶν

169 1201 437 1273 εὕολλάκις
471 1209 597 1272 τοὺς
628 1210 881 1280 Πατίρας
913 1213 1284 1282 παραχωρεῖν,
1321 1211 1531 1274 εννοίας
1563 1209 1622 1264 δὲ
1651 1209 1746 1263 06-

167 1298 371 1370 δαμοῦ,
393 1299 476 1353 δτι
501 1299 578 1370 μὴ
608 1300 665 1351 ιν
688 1300 951 1370 ῥήμασιν,
979 1300 1095 1359 ἀλλ’
1127 1303 1185 1354 ιν
1213 1300 1445 1363 ἐννοίαις
1466 1301 1567 1370 τῆς
1594 1300 1749 1354 εὐσε-

170 1392 329 1456 ϐείας
352 1393 413 1444 τὸ
440 1393 581 1461 μέγα
610 1393 933 1465 μυστήριον.
968 1411 988 1446 ι
1024 1395 1086 1447 0i
1106 1392 1238 1462 γοῦν
1267 1393 1336 1447 τὰ
1355 1394 1451 1463 τῆς
1471 1392 1747 1467 διαμάχης

169 1483 283 1538 τῶν
331 1483 667 1553 Ἕκκλησιῶν
706 1484 765 1538 εν
795 1485 1153 1555 προσχήματι
1181 1483 1345 1555 ζήλου
1380 1483 1583 1555 μᾶλλον
1609 1499 1747 1552 κρα-

168 1574 424 1639 τύνοντες
447 1575 740 1646 ὁσημέραι,
776 1574 879 1629 ποῦ
903 1576 1000 1648 τὴν
1025 1574 1192 1646 ῑδραν
1222 1576 1440 1646 ιχουσιν
1466 1573 1746 1646 ἡδρασμέ-

172 1685 296 1740 νην,
320 1669 403 1722 ὅτι
433 1668 510 1739 μὴ
539 1667 796 1741 καθαρῶς
825 1669 903 1730 είς
925 1666 1190 1738 λαμπρὰν
1212 1668 1322 1720 τῶν
1349 1652 1749 1739 suanm

174 1760 445 1832 ῥημάτων
494 1776 556 1813 τε
600 1758 695 1813 καὶ
745 1747 1056 1832 προσώπων
1098 1759 1558 1830 ἁντιπαράταξιν;
1600 1757 1748 1830 Πλὴν

171 1851 483 1921 θεωρητέον
505 1852 600 1903 xui.
619 1850 816 1915 λοιπὰς
844 1849 1202 1919 τῶνζλέξεων,
1215 1849 1286 1904 ,αῖ
1309 1851 1369 1904 τὺ
1388 1849 1583 1904 ταυτὸν
1602 1856 1746 1920 παρ-

175 1941 369 2015 ιστῶσι
397 1940 475 2012 τῷ
524 1943 908 2010 ικπορεύεται.
940 1942 1074 1997 Οὐδὲ
1104 1941 1211 2011 γὰρ
1254 1941 1371 1995 δίον
1406 1941 1473 2006 ἃς
1507 1941 1749 2013 ἀπηριθ-

177 2033 436 2103 μήσαμεν
478 2032 665 2086 ἐνθάδε
716 2031 1137 2103 παραδραμεῖν,
1188 2035 1237 2086 εί
1292 2034 1385 2086 καὶ
1423 2035 1490 2086 ὲκ
1535 2034 1750 2088 πολλῶν

172 2125 366 2193 ὀλίγας
394 2127 526 2195 ημῖν
551 2124 668 2177 ἐστι
692 2124 754 2178 τδ
784 2126 1056 2193 παράγειν
1085 2124 1402 2194 μαρτυριῶν
1424 2123 1521 2177 καὶ
1546 2125 1747 2179 λοιπῶν

175 2222 407 2275 θέσεων.
437 2216 647 2275 Οὐκοῦν
671 2219 801 2290 περὶ,
821 2218 917 2273 τοῦ
948 2220 1285 2289 πεφηνέναι
1303 2218 1413 2271 τῶν
1436 2219 1748 2288 κεφαλαίων

175 2315 237 2368 δν
260 2313 341 2365 ἑνὶ
366 2311 578 2382 τῷ,,δτι
607 2312 728 2364 θεία
767 2311 930 2379 φύσις
959 2311 1019 2364 τὺ
1043 2309 1267 2381 Πνεῦμα
1306 2311 1366 2364 τὸ
1412 2311 1567 2379 ἆγιον
1590 2312 1617 2364 6
1655 2328 1750 2381 με·

175 2405 442 2476 γαλόνους
483 2402 611 2476 τάδε
634 2402 942 2473 διαγορεύει
988 2402 1286 2465 Βασίλειοςο
1323 2419 1342 2453 ι
1377 2401 1603 2472 Πνεῦμα
1640 2402 1749 2473 γὰρ

174 2471 257 2566 τῷ
287 2494 452 2559 ζῶντι
492 2471 652 2562 Λόγῳ
693 2471 1126 2560 συντεταγμένον
1163 2492 1244 2552 είς
1275 2490 1336 2543 τὸ
1364 2471 1745 2560 δημιονργεῖνί,

178 2587 332 2652 ζῶσα
362 2584 593 2653 δύναμις
623 2584 718 2636 καὶ
758 2582 882 2636 θεία
926 2580 1089 2650 φύσις
1129 2581 1371 2653 ἄρρητος
1406 2578 1466 2645 ἐξ
1504 2580 1746 2650 ἀρρήτου

180 2679 451 2749 στόματος
487 2677 784 2745 πεφηνυῖα.
819 2691 839 2726 ι
883 2673 945 2726 ’0
980 2673 1139 2735 αὐτὸς
1167 2674 1226 2726 tv
1260 2673 1326 2741 τῇ
1358 2669 1624 2740 ἑρμηνείᾳ
1654 2670 1746 2723 τοῦ

179 2767 258 2840 λβ⁹
286 2765 525 2836 ψαλμοῦ
563 2782 583 2818 ι
605 2764 695 2829 Ὠς
724 2760 818 2818 οὖν
846 2766 874 2817 6
892 2763 1223 2832 δημιουργὸς
1249 2761 1419 2830 Λόγος
1442 2761 1745 2839 ἑστερέωσε

178 2860 272 2914 τὸν
302 2858 552 2926 οὐρανὸν,
588 2856 730 2909 οὕτω
758 2856 852 2907 καὶ
879 2854 939 2905 τὸ
973 2852 1197 2920 Πνεῦμα
1231 2852 1325 2904 τοῦ
1348 2849 1509 2917 Θεοῦ,
1534 2850 1565 2903 δ
1595 2851 1746 2922 παρὰ

178 2949 275 3003 τοῦ
315 2947 525 3017 Πατρὸς
550 2943 924 3015 ἐκπορεύεται,
966 2941 1240 2996 τουτέστιν
1270 2943 1333 2995 ἐκ
1357 2940 1450 2994 τοῦ
1481 2941 1749 3009 στόματος

181 3039 372 3097 αὑτοῦ.
400 3058 418 3091 ι
466 3037 534 3091 ⁸0
582 3037 714 3105 γοῦν
761 3036 940 3089 εκεῖσε
981 3053 999 3086 ι
1027 3034 1147 3088 θεία
1188 3034 1348 3104 φύσις
1399 3033 1457 3100 ἐξ
1502 3033 1745 3104 ἀρρήτου

1850 571 2099 644 proxime
2122 573 2409 643 appositus
2475 580 2578 637 est,
2634 579 2691 627 et
2731 572 2786 626 in
2822 572 3076 627 omnibus
3133 586 3259 627 cum
3300 572 3416 639 ipso

1847 663 2188 719 concordans
2238 662 2489 719 oratione
2520 662 2589 717 de
2651 660 2883 732 Spiritu,
2927 663 2983 718 in
3045 662 3415 718 adversarium

1847 752 2089 824 dirigens
2118 754 2269 809 hunc
2313 754 2371 809 in
2398 752 2621 808 modum
2656 752 2900 824 disponit
2932 768 2948 807 :
2992 772 3011 806 ε
3039 751 3195 819 Quod
3218 751 3283 816 si,
3323 752 3417 807 ubi

1849 852 1904 899 tu
1940 844 2145 901 dixeris
2189 844 2281 899 bis.
2313 845 2558 915 quinque
2603 853 2702 899 aut
2736 827 2839 899 ‘bis
2885 852 3120 914 septem,
3168 858 3267 916 ego
3321 844 3420 899 de-

1847 950 1989 1002 cem,
2019 945 2114 991 aut
2136 935 2324 993 decem
2356 945 2413 992 et
2458 946 2691 1006 quatuor
2713 937 3021 1006 colligerem
3071 951 3139 991 ex
3171 951 3417 1008 pronun-

1849 1028 2016 1094 tiatis,
2061 1022 2421 1099 reputarerne
2470 1029 2571 1085 tibi
2625 1029 2831 1084 insulse
2879 1029 3175 1099 inepteque
3229 1028 3420 1099 loqui?

1849 1117 1918 1200 Et
1965 1118 2243 1186 quomodo
2281 1117 2338 1173 id
2364 1117 2555 1184 fuerit,
2579 1133 2706 1172 cum
2732 1127 2829 1174 tua
2859 1117 2978 1187 ipso
3017 1118 3284 1173 recitem?
3326 1115 3423 1200 Sic

1845 1193 1907 1264 et
1930 1207 2202 1266 Maximus
2233 1209 2350 1265 zelo
2397 1221 2453 1266 et
2491 1208 2843 1266 confessione
2878 1200 3289 1265 laudatissimus
3334 1193 3424 1264 so-

1849 1312 1987 1354 nore
2014 1299 2214 1355 clamat
2248 1307 2270 1355 ':
2322 1318 2341 1352 ι
2383 1299 2559 1357 Voces
2589 1315 2971 1371 saepenumero
3010 1301 3293 1370 deiloquos
3320 1299 3422 1354 Pa-

1849 1405 1962 1453 tres
1988 1396 2312 1462 concedere,
2361 1397 2663 1452 sententias
2698 1396 2851 1453 nullo
2898 1396 3082 1462 modo,
3132 1395 3275 1467 quod
3307 1410 3421 1449 non

1850 1485 1906 1541 in
1929 1485 2135 1553 verbis,
2163 1488 2259 1543 sed
2302 1487 2592 1543 sententiis
2623 1487 2846 1558 pietatis
2894 1502 3183 1557 magnum.
3216 1495 3423 1557 myste-

1849 1576 1993 1634 rium
2018 1578 2254 1635 exsistit.
2294 1597 2313 1630 ε
2347 1577 2452 1645 Qui
2501 1578 2687 1650 itaque
2721 1576 3093 1634 Ecclesiarum
3132 1574 3418 1630 dissidium

1850 1667 2113 1724 simulato
2142 1669 2262 1726 zelo
2311 1669 2484 1741 magis
2514 1684 2579 1726 ac
2622 1669 2796 1740 magis
2816 1668 3048 1741 singulis
3075 1666 3272 1723 diebus
3291 1670 3422 1721 cen-

1851 1758 2162 1824 stabiliunt,
2193 1758 2415 1815 ubinam
2468 1760 2661 1830 pedem
2695 1760 2910 1817 ﬁrmum
2941 1760 3163 1823 sistunt,
3189 1771 3422 1826 seseque

1853 1861 2080 1904 securos
2117 1848 2377 1913 reddunt,
2412 1850 2519 1905 nisi
2562 1851 2859 1929 perspicue
2907 1851 2963 1905 in
2996 1853 3188 1920 aperta
3225 1847 3422 1904 verbo-

1854 1955 1975 1994 rum
2004 1954 2171 2010 supra
2187 1941 2489 2011 positorum
2513 1957 2575 1998 ac
2596 1941 3422 2014 personarumioppugnatione?

1850 2030 2223 2087 Nihilominus
2251 2032 2371 2101 alia
2402 2048 2619 2105 quoque
2649 2049 2813 2091 voces
2837 2033 3246 2090 consideranda
3271 2041 3420 2100 sunt,

1851 2137 1974 2191 qua
2024 2138 2136 2178 non
2168 2123 2316 2179 aliud
2350 2140 2514 2194 quam
2548 2125 2722 2196 ipsam
2775 2126 3185 2197 processionem
3212 2124 3421 2196 signiti-

1851 2218 2003 2268 cant.
2042 2211 2230 2284 Neque
2262 2212 2410 2270 enim
2432 2202 2615 2285 operae
2639 2215 2878 2286 pretium
2916 2224 3001 2272 est
3040 2215 3175 2271 alias
3201 2229 3421 2269 enume-

1851 2313 1999 2359 ratas
2047 2305 2140 2361 hic
2183 2307 2488 2376 praeterire,
2543 2305 2673 2361 licet
2712 2320 2780 2362 ex
2833 2306 3020 2362 multis
3063 2321 3265 2377 paucas
3313 2306 3421 2362 huc

1850 2397 2047 2454 aderre
2071 2399 2139 2455 ad
2171 2399 2578 2469 comprobanda
2610 2399 3011 2469 statuendaque
3039 2415 3160 2470 qua:
3187 2398 3422 2454 dicimus

1836 2490 2066 2568 animus
2092 2489 2192 2546 sit.
2224 2490 2304 2545 De
2354 2507 2618 2561 apparere
2649 2491 2707 2546 in
2741 2507 2854 2548 uno
2882 2507 2951 2547 es
3009 2491 3305 2563 capitibus.
3365 2493 3420 2547 in

1849 2596 1959 2653 quo
1989 2580 2190 2652 agitur,
2217 2581 2416 2637 divinae
2454 2592 2666 2638 natura:
2694 2597 2819 2638 esse
2849 2581 3114 2652 Spiritum
3143 2591 3420 2646 sanctum,

1851 2686 2045 2742 magna
2083 2682 2267 2727 mente
2295 2674 2555 2744 praeditus
2580 2673 2813 2730 Basilius
2837 2674 3173 2729 becscribit
3197 2689 3216 2729 :
3247 2688 3269 2726 ι
3293 2673 3422 2743 Spi-

1849 2761 1988 2817 ritus
2011 2762 2159 2816 enim
2200 2777 2308 2816 una
2335 2777 2460 2817 cum
2516 2763 2739 2820 vivente
2777 2761 2958 2819 Verbo
2996 2763 3317 2828 coiiocatus,
3352 2761 3421 2816 ad

1850 2851 2144 2906 creandum
2174 2852 2366 2908 vivens
2398 2851 2634 2909 facultas
2660 2863 2715 2910 et
2746 2853 2954 2921 divina,
3000 2865 3195 2910 natura
3237 2853 3422 2908 inclia-

1850 2943 1973 2998 bilis
1984 2960 2050 2997 ex
2074 2943 2328 2999 ineﬂabili
2350 2959 2445 3000 ore
2466 2960 2756 3016 apparens.
2773 2964 2798 2998 ε
2819 2945 2966 3001 Idem
2996 2947 3051 3001 in
3066 2946 3422 3017 expositione

1851 3029 2052 3086 Psalmi
2099 3032 2362 3104 trigesimi
2397 3035 2625 3089 secundi
2689 3050 2704 3088 :
2763 3051 2786 3087 ε
2824 3033 2921 3091 Uti
2976 3036 3161 3105 itaque
3205 3045 3422 3092 creator

182 3134 454 3200 στόματος
502 3132 810 3199 πεφηνυῖα,
839 3145 857 3178 ι
917 3127 1150 3180 ἐνταῦθα
1188 3127 1345 3180 τοῦτο
1387 3128 1596 3197 τρανῶς
1629 3145 1649 3178 ι
1685 3128 1747 3181 ἑκ

1851 3123 2092 3180 Verbum
2124 3126 2323 3180 emtum
2369 3125 2625 3193 firmarit,
2675 3126 2755 3182 sic
2803 3133 2860 3183 et
2895 3126 3136 3211 Spiritus
3185 3128 3302 3194 Dei,
3325 3130 3420 3206 qui

179 3223 278 3279 τοῦ
314 3222 582 3291 στόματος
634 3217 1019 3288 ἐκπορεύεται.
1053 3236 1072 3270 ι
1122 3220 1232 3273 Καὶ
1288 3219 1405 3282 πῶς
1452 3220 1481 3271 6
1531 3218 1747 3289 ὑψίνους

1855 3230 1885 3268 a
1915 3212 2085 3268 Patre
2106 3211 2371 3284 procedit,
2429 3230 2495 3270 ex
2523 3229 2620 3272 ore
2649 3230 2846 3286 nempe
2876 3216 3045 3272 illius.
3086 3236 3106 3270 ε
3136 3216 3293 3284 Quod
3329 3220 3422 3290 lgi-

175 3315 386 3377 ταῦτα,
420 3313 469 3365 εί
501 3312 576 3381 μὴ
610 3311 668 3363 ἒν
697 3313 791 3362 καὶ
820 3311 879 3363 τὸ
910 3309 1042 3369 αὐτὸ
1088 3309 1231 3363 κατὰ
1266 3309 1389 3363 νοῦν
1414 3305 1555 3364 οἶδεν
1584 3311 1747 3381 ἄμφω

1853 3318 1941 3363 tur
1971 3307 2043 3361 ibi
2080 3314 2164 3361 est
2211 3327 2235 3360 ε
2269 3307 2453 3363 divina
2481 3318 2675 3363 natura
2724 3309 3083 3366 ex'ineﬂabili
3105 3326 3203 3366 ore
3240 3327 3412 3382 appa-

179 3404 243 3457 τὸ
272 3401 607 3471 πεφηνέναι
633 3402 728 3455 καὶ
757 3400 1187 3469 ἐκπορεύεσθαι
1214 3416 1233 3463 ;
1269 3401 1394 3463 Ὀτι
1422 3399 1481 3453 δὲ
1511 3400 1753 3452 πλεῖστοι

180 3494 293 3547 τῶν
353 3491 800 3564 θεοφορουμινων
855 3492 1026 3560 στόμα
1079 3490 1172 3543 τοῦ
1220 3490 1437 3561 Πατρδς
1484 3490 1576 3543 τὸν
1623 3489 1750 3543 Υίδν

179 3583 627 3655 δογματίζουσιν,
650 3584 679 3635 6
704 3584 762 3634 ὲν
785 3581 960 3649 ἁγίοις
1002 3582 1311 3650 Ἀντιοχέων
1342 3580 1564 3650 φωστὴρ
1596 3580 1752 3633 Ἀνα..

181 3677 403 3737 στάσιος
441 3676 599 3744 μόνος
636 3671 1014 3742 παραληφθεὶς
1044 3673 1440 3743 διευκρινὴσειε
1471 3670 1746 3741 καθαρῶς.

184 3769 321 3838 Περὶ
347 3769 454 3836 γὰρ
480 3767 587 3819 τῶν
621 3764 746 3818 καθ’
777 3765 924 3833 ἡμᾶς
949 3764 1124 3834 ὀρθῶν
1139 3764 1238 3833 τῆς
1269 3763 1526 3833 ἀληθείας
1551 3764 1754 3833 dantd-

178 3876 313 3923 των,
351 3856 548 3927 βίὸλων
587 3856 656 3908 δέ’
674 3872 835 3907 τινων
874 3855 908 3923 ἡ
933 3856 1214 3924 ἐπιγραφὴ
1234 3854 1328 3908 τὸν
1359 3854 1526 3907 πολὺν
1556 3857 1615 3925 ἐν
1639 3856 1751 3918 τοῖς

163 3950 350 4026 δθείοις
386 3948 617 4026 δόγμασι
644 3945 919 4016 Θεόδωρον
942 3946 1035 3998 τὸν
1071 3947 1165 4016 τῆς
1206 3945 1419 4001 Ῥαῖθοῦ
1451 3946 1754 4017 πρεσϐύτε-

183 4059 281 4114 ρον
322 4042 457 4112 εχει,
488 4024 751 4105 θεολογῶν
783 4038 924 4092 οὕτω
969 4041 1104 4107 φησί
1141 4055 1155 4071 ο
1190 4056 1211 4089 ι
1257 4038 1363 4099 Τοῦ
1395 4039 1456 4091 δὲ
1496 4038 1750 4109 σώματος

100 4167 117 4175 ν-
181 4133 245 4189 τὸ
273 4133 469 4202 ίδίωμα
489 4130 768 4193 λαὸόντες,
785 4129 867 4191 ὡς
899 4129 1251 4200 παράδειγμα
1274 4129 1371 4201 τὴν
1389 4129 1751 4201 ἀλληλουχίαν
1798 4162 1803 4165 -

180 4224 292 4279 τῶν
324 4222 484 4276 θείων
508 4221 864 4274 ὁποστάσεων
911 4221 1360 4289 παρεστήσαμεν,
1389 4220 1478 4273 διὰ
1515 4221 1615 4291 τῆς
1641 4221 1752 4274 τῶν

182 4314 364 4386 μελῶν
402 4312 691 4380 ἀναλογίας
736 4314 795 4364 τε
839 4309 933 4364 καὶ
986 4310 1260 4372 εἰκασίας·
1293 4311 1467 4381 ταύτῃ
1505 4313 1614 4382 γὰρ
1655 4313 1752 4367 καὶ

178 4408 410 4478 Πνεῦμα
432 4406 702 4476 στόματος
730 4402 913 4467 αὑτοῦ,
947 4401 1186 4492 δηλονότι
1217 4402 1308 4454 τοῦ
1329 4402 1465 4454 Θεοῦ
1496 4404 1556 4453 τὸ
1582 4403 1749 4456 Πνεῦ-

180 4499 340 4569 ματδ
368 4498 521 4565 ἆγιον
545 4496 783 4564 λέγεται,
809 4494 1072 4561 στόματος
1090 4490 1240 4554 ὄντος
1267 4490 1360 4543 τοῦ
1388 4492 1746 4558 Μονογενοῦς.

179 4592 296 4646 «Καὶ
352 4588 575 4659 Πνεῦμα
621 4587 801 4639 πάλιν
839 4585 897 4649 ἐξ
929 4585 1099 4659 αὑτοῦ¹
1153 4584 1602 4653 ἐκπορευόμενον,
1656 4586 1749 4637 καὶ

180 4680 646 4750 ἀποστελλόμενον
695 4678 757 4730 οὐ
809 4677 970 4746 μόνον
1021 4676 1171 4744 παρὰ
1200 4675 1293 4726 τοῦ
1332 4676 1578 4745 Πατρδς,
1613 4675 1749 4729 ἀλλὰ

178 4778 276 4829 καὶ
308 4773 458 4843 παρὰ
504 4769 818 4823 τοῦ-Ποῦ.»
863 4767 925 4819 '0
955 4768 1115 4830 αὐτὸς
1167 4768 1224 4819 ὲν
1257 4767 1335 4837 τῷ
1380 4768 1505 4836 περὶ
1556 4768 1751 4838 ἁπερι.

181 4868 428 4936 γράπτου
459 4847 695 4930 δευτέρῳ
729 4860 873 4927 λόγῳ
910 4856 1095 4912 αὑτοῦ·
1133 4876 1151 4909 ι
1183 4858 1323 4934 Νοῦν
1361 4857 1417 4909 δέ
1455 4874 1636 4928 φαμεν
1658 4858 1748 4909 τὸν

166 4959 404 5027 κΠατέρα
451 4953 545 5006 τοῦ
580 4952 778 5018 Λόγου,
835 4949 959 5001 νοῦν
1005 4951 1062 5000 ὲν
1114 4941 1158 5014 ᾧ
1200 4950 1391 5014 Λόγος,
1445 4946 1566 5015 μεθ’
1594 4940 1654 4997 οῦ
1689 4947 1759 5030 τὸ.

187 5046 433 5114 Πνεῦμα,
480 5043 551 5094 τδ’
572 5044 724 5107 ἅγιον
763 5038 986 5104 Πνεῦμα
1021 5037 1286 5105 στόματος
1321 5035 1413 5087 τοῦ
1444 5036 1575 5088 Θεοῦ
1608 5053 1747 5106 χρη-

187 5136 449 5211 ματίξον·
503 5133 674 5200 στόμα
724 5127 831 5199 γὰρ
866 5130 1074 5196 Πατρὸς
1107 5131 1133 5180 6
1166 5129 1309 5188 Υίός.
1341 5145 1360 5179 ι
1400 5128 1474 5178 Τό
1526 5143 1588 5195 γε
1641 5129 1748 5197 μὴν

191 5248 211 5282 ε
248 5229 342 5281 Ἐκ
372 5226 465 5279 τοῦ
491 5224 622 5293 ἐμοῦ
653 5221 907 5292 λήψεται,
934 5239 952 5271 ι
985 5219 1079 5271 καὶ
1110 5220 1170 5270 τὸ
1203 5237 1223 5269 ι
1261 5218 1355 5270 Ἐκ
1392 5217 1485 5270 τοῦ
1534 5218 1746 5286 Πατρδς

185 5318 567 5391 ικπορεύεται,
602 5334 620 5366 ι
662 5316 697 5368 ἃ
738 5330 900 5383 φησιν
930 5312 1016 5382 ἐφ’
1045 5312 1242 5365 ἑαυτοῦ
1281 5329 1337 5364 τε
1374 5314 1467 5364 καὶ
1497 5312 1592 5365 τοῦ
1632 5313 1745 5365 Πα-

183 5414 312 5477 τρὸς
362 5410 489 5479 περὶ
525 5407 638 5459 τοῦ·
669 5405 984 5474 Πνεύματος
1030 5405 1059 5455 6
1099 5402 1287 5472 Σωτὴρ
1337 5403 1742 5465 ἁποδεικτικαῖς

184 5501 481 5555 πιστώσεσι
537 5499 633 5550 καλ⁵
679 5497 1042 5557 κατασκευαῖς
1094 5497 1192 5564 τῆς
1245 5495 1413 5564 αὐτῆς
1446 5497 1742 5565 παρίστησι

185 5593 424 5656 διανοίας
467 5594 495 5644 6
529 5591 595 5643 τὰ
629 5589 751 5642 θεῖα
805 5587 968 5649 πολὺς
1021 5586 1369 5653 Ἐπιφάνιος,
1400 5585 1578 5648 καθὼς
1632 5587 1744 5640 ἀνω

188 5681 669 5752 προδιειλήφαμεν.

1782 4433 1823 4487 D

1856 3414 2001 3465 rens,
2036 3417 2060 3451 ο
2101 3399 2193 3453 hic
2233 3399 2368 3453 illud
2422 3400 2711 3470 perspicue
2765 3419 2785 3453 ι
2826 3416 2897 3457 ει
2945 3416 3043 3458 ore
3083 3402 3348 3472 procedit.
3390 3421 3414 3455 ε

1856 3490 1923 3544 Ει
1958 3488 2065 3560 qua
2083 3491 2298 3545 ratione
2329 3489 2528 3544 similia
2556 3490 2771 3551 excelsa
2800 3502 2985 3551 mente
3023 3493 3279 3563 praeditus
3336 3494 3421 3548 in-

1853 3582 2118 3645 sinuaret,
2174 3581 2285 3636 nisi
2317 3582 2563 3637 eamdem
2602 3597 2879 3653 unamque
2918 3585 3248 3639 sententiam
3272 3586 3419 3643 illius

1855 3688 2108 3743 apparere
2133 3683 2190 3726 et
2216 3673 2361 3727 illius
2390 3671 2670 3742 procedere
2698 3672 3092 3743 dignosceret?
3121 3674 3418 3745 Plerosque

1851 3774 2033 3821 autem
2056 3779 2121 3819 ex
2160 3763 2361 3820 divinis
2414 3762 2671 3818 Patribus
2701 3780 2759 3818 οε
2813 3762 2996 3819 Patris
3039 3763 3241 3820 Filium
3291 3781 3418 3823 esse

1852 3855 2129 3919 deﬁnisse,
2163 3863 2386 3911 sanctus
2437 3850 2905 3911 Antiochenorum
2940 3858 3126 3912 lumen
3186 3858 3418 3915 Anasta-

1854 3948 1971 4003 sius
2001 3932 2150 4003 solus
2178 3948 2447 4002 adductus
2479 3947 2821 4016 dijudicabit.
2848 3948 3031 4004 Palam
3062 3952 3210 4004 enim
3230 3951 3301 4006 de
3337 3965 3419 4005 re.

1851 4037 1955 4091 ctis
1984 4037 2285 4092 secundum
2315 4051 2418 4092 nos
2448 4037 2695 4092 veritatis
2726 4038 3093 4110 dogmatibus,
3125 4040 3249 4096 lices
3281 4055 3419 4095 non-

1850 4128 1998 4182 nulla
2023 4127 2297 4188 volumina
2329 4127 2384 4182 in
2423 4124 3166 4200 dogmatibus‘decernendis
3184 4132 3413 4201 praela-

1853 4218 2128 4273 rissimum
2158 4217 2508 4274 Theodorum
2562 4218 2907 4289 ltaytbenum
2939 4219 3312 4292 presbyterum
3348 4222 3418 4276 tl-

1855 4310 1969 4364 tulo
1997 4310 2379 4380 pmcribant,
2409 4310 2791 4381 theologorum
2825 4326 2978 4367 more
3032 4327 3147 4366 rem
3207 4321 3418 4382 pertra-

1851 4409 2007 4455 ctans
2033 4400 2373 4455 nanc‘scribit
2407 4418 2420 4454 :
2456 4418 2482 4452 ι
2524 4400 2782 4470 Corporis
2841 4417 2971 4457 vero
3024 4404 3415 4472 praprietatem

1850 4496 1907 4551 in
1931 4496 2239 4564 exemplum
2266 4494 2620 4573 accipientes,
2656 4506 2905 4549 mutuam
2953 4497 3259 4551 divinarum
3316 4500 3418 4568 hy-

1851 4597 2143 4655 postascon
2167 4586 2580 4650 cohaerentiam,
2623 4602 2720 4655 per
2768 4587 3134 4642 membrorum
3186 4603 3418 4657 propor-

1850 4678 2054 4729 tionem
2088 4683 2148 4728 et
2203 4673 2652 4729 assimilationem
2704 4678 3237 4745 reprasentavimus.
3281 4677 3417 4732 Hinc

1848 4776 1906 4820 et
1939 4765 2181 4835 Spiritus
2219 4765 2330 4819 oris
2361 4764 2526 4831 illius,
2567 4780 2767 4835 nempe
2800 4764 2897 4821 Dei
2930 4767 3168 4837 Spiritus
3192 4779 3418 4824 sanctus

1850 4857 2071 4918 dicitur,
2106 4854 2196 4909 cui
2243 4854 2565 4925 Unigenitus
2591 4871 2663 4910 .os
2692 4864 2796 4918 est,
2842 4865 2898 4910 et
2932 4857 3169 4927 Spiritus
3227 4869 3416 4914 rursus

1849 4962 1914 4999 ex
1951 4947 2067 5015 ipso
2117 4947 2441 5016 procedens,
2505 4955 2560 4999 et.
2586 4948 2786 5001 missus
2812 4962 2921 5001 non
2969 4949 3144 5002 solum
3171 4947 3413 5014 LPatre,

1852 5040 1946 5093 sed
1977 5035 2192 5092 et'iama
2232 5038 2387 5092 Filio.
2427 5055 2446 5087 ι
2484 5038 2629 5092 Idem
2653 5038 2900 5094 oratione
2943 5041 3181 5095 secunda
3213 5043 3281 5097 de
3330 5044 3418 5096 in~

1851 5130 2261 5198 circumscripto
2303 5148 2316 5184 :
2349 5148 2367 5180 ι
2397 5128 2633 5184 Mentem
2691 5130 2925 5186 dicimus
2980 5130 3193 5186 Patrem
3225 5133 3411 5197 Verbi,

1850 5234 2090 5276 mentem
2140 5224 2196 5275 in
2231 5237 2336 5291 qua
2373 5219 2637 5287 Verbum,
2690 5238 2815 5277 cum
2846 5238 2955 5293 quo
3000 5210 3237 5294 Spiritus
3286 5241 3414 5279 san-

1850 5326 1991 5376 ctus,
2027 5313 2261 5384 Spiritus
2316 5314 2427 5367 oris
2461 5315 2554 5369 Dei
2607 5315 2908 5382 exsistens;
2938 5331 3000 5372 os
3045 5318 3191 5371 enim
3240 5299 3428 5372 Patris.

1850 5404 2037 5458 Filius.
2062 5424 2079 5455 ι
2124 5403 2258 5459 Illud
2307 5419 2495 5474 porro,
2535 5423 2554 5457 ι
2590 5404 2666 5459 De
2706 5421 2827 5463 meo
2850 5408 3104 5478 accipiet,
3141 5427 3159 5460 ι
3199 5426 3415 5464 necnon

1846 5508 1903 5551 et
1930 5498 2083 5562 illud,
2134 5515 2153 5546 ι
2191 5497 2268 5549 rjx
2302 5496 2456 5555 Patre
2485 5498 2754 5566 procedit,
2785 5517 2802 5550 ι
2856 5515 2975 5570 quae
3028 5501 3094 5555 de
3125 5501 3304 5570 seipse
3360 5513 3415 5555 et

1848 5591 2053 5661 Spiritu
2087 5590 2292 5659 profert
2344 5587 2609 5651 Salvator,
2644 5606 2757 5645 rem
2785 5592 3147 5661 probantibus
3182 5593 3411 5647 demon-

1847 5682 2198 5740 strationibus
2228 5690 2282 5734 et
2324 5682 2657 5750 argumentis
2688 5684 2934 5740 eamdem
2972 5685 3299 5738 sententiam
3331 5684 3412 5739 in-

187 5779 327 5834 ferre
354 5776 408 5830 in
438 5775 598 5829 rebus
632 5772 831 5826 divinis
862 5772 1132 5825 maximus
1183 5767 1516 5840 Epiphanius
1550 5775 1859 5847 conﬁrmat,
1895 5791 1949 5832 ut
1976 5785 2134 5830 antea
2164 5774 2527 5830 ostendimus.

471 5871 762 5930 PATROL.‘
779 5867 895 5928 Gn.
934 5860 1126 5926 CXLI.

3019 5866 3094 5929 63
