4074 6448
89 518 258 582 1373

1105 513 1406 574 CONTRA
1455 508 1898 571 MANUELEM
1936 502 2415 570 CRETENSEM.

3241 497 3380 561 1375

87 632 129 700 ἠ
161 628 369 699 μόνος
401 626 685 696 θεωρεῖται
716 623 890 696 φωνὴ,
917 622 1161 695 δηλονότι
1194 626 1303 678 τῶν
1327 625 1429 695 τῆς
1471 623 1698 691 κτιστῆς

1809 620 1871 676 ad
1904 619 2333 676 discernendum
2363 616 2593 683 assumi,
2620 631 2684 672 ea
2703 630 2904 685 nempe
2924 629 3046 685 quae
3077 624 3257 669 creata
3288 631 3380 670 es-

87 712 310 785 οὐσίας
356 719 469 774 τῶν
508 717 795 790 προσεχῶς
839 718 959 789 ἦτοι
1001 718 1424 795 διειλημμένων,
1461 715 1697 770 καὶτῶν

89 814 407 885 ἐγγυτάτω
448 812 617 866 τῶνδε
650 812 1029 882 σημειοφόρων
1059 812 1280 881 ἑτέρων.
1316 812 1438 865 Ἐτι
1463 829 1523 864 τε
1559 811 1698 879 πρὸς

88 887 410 980 ἀφαίρεσιν
440 909 536 963 καὶ
561 908 844 978 ἀναίρεσιν
877 907 986 977 τῶν
1019 908 1115 974 τῆς
1151 907 1480 978 ὑπερουσίου
1511 906 1700 974 θεότη-

89 1021 204 1066 τος
254 1001 597 1071 ἀπωσμένων
652 1001 747 1053 καὶ
788 1001 1254 1069 ἀπεσχοινιμένων
1306 1000 1655 1052 παντάπασιν
1680 1036 1696 1062 ,

91 1095 265 1149 καθά
299 1094 629 1163 πάριστησιν
658 1098 685 1146 6
709 1091 1026 1161 ὲπιστήθιος
1049 1092 1480 1160 Εὐαγγελιστής.
1511 1091 1698 1144 Εἰπὼν

92 1186 230 1256 γὰρ
264 1187 329 1238 ἐκ
361 1184 652 1254 προσώπου
679 1183 773 1236 τοῦ
817 1181 1170 1249 θεανθρὼπου
1213 1183 1394 1249 ,Λόγου
1440 1180 1577 1252 πρὸς
1606 1181 1700 1235 τὸν

96 1276 254 1328 ἴδιον
285 1274 584 1344 γεννήτορά
609 1274 669 1325 ἐν
699 1272 876 1341 οἰκείᾳ
910 1274 1203 1342 συγγραφῇ
1231 1275 1297 1342 τῇ
1325 1270 1422 1325 τοῦ
1453 1270 1702 1340 Εὐαγγέ-

94 1353 270 1419 λίουῖ
312 1384 331 1416 ι
355 1354 682 1433 Αὕτηέστὶν
711 1368 757 1434 ἡ.
777 1362 996 1426 αἰώνιος
1025 1364 1159 1436 ζωὴ.
1189 1365 1277 1417 ἵνα
1305 1364 1613 1429 γινώσκωσι
1638 1365 1699 1416 σὲ

95 1458 211 1511 τὸν
257 1440 416 1525 μόνον
448 1455 700 1525 ἀληθινὸν
744 1456 897 1516 Θεὸν,
932 1474 952 1507 ι
981 1458 1040 1509 ὲν
1070 1456 1149 1524 τῷ
1175 1455 1318 1508 τέλει
1349 1458 1450 1525 τῆς
1477 1455 1701 1524 καθολικ-

97 1545 224 1614 κῆς
246 1545 412 1598 αὑτοῦ
445 1532 669 1615 ’ἴτρὼτῖης
705 1545 1024 1615 Ἐπιστολῆς
1050 1545 1192 1598 οὕτω
1215 1547 1470 1609 διέξεισιν
1493 1560 1505 1575 ⁸
1547 1564 1567 1597 ι
1604 1543 1699 1598 υί-

97 1639 292 1706 δαμεν
340 1638 424 1690 ὅτι
472 1639 501 1691 6
531 1637 658 1700 Υἱὸς
686 1636 783 1690 τοῦ
830 1636 967 1690 Θεοῦ
1008 1637 1158 1707 ἥκει,
1184 1638 1278 1691 καὶ
1317 1637 1516 1706 ἔδωκεν
1567 1637 1701 1705 ἡμῖν

97 1729 385 1791 διάνοιαν,
439 1729 526 1782 (va.
563 1729 927 1798 γινώσκωμεν
966 1728 1058 1782 τὸν
1104 1727 1238 1781 Θεὸν
1283 1728 1375 1781 τὸν
1423 1727 1701 1798 ἀληθινὸν,

97 1821 217 1876 καί
262 1823 434 1891 ἐσμεν
466 1824 529 1874 ὲν
553 1821 630 1891 τῷ
667 1820 911 1892 ἀληθινῷ
942 1824 1000 1874 ὲν
1023 1821 1104 1891 τῷ
1143 1820 1255 1890 Υἱῷ
1300 1820 1489 1874 αὐτοῦ.
1525 1814 1700 1882 Οὗτός

97 1915 322 1990 ἑστινῤ
349 1912 603 1983 ἀληθινὸς
626 1913 783 1979 Θεὸς,
806 1917 902 1970 καὶ
914 1912 1037 1983 ζωὴ
1079 1914 1116 1984 ὴ
1144 1912 1384 1977 αἰώνιος,
1419 1933 1439 1965 ι
1483 1913 1572 1977 Ὠς
1605 1906 1701 1965 οὖν

1801 714 1976 769 sentia
2015 719 2294 775 constant,
2353 718 2482 766 sunt
2530 708 2892 763 nihilominus
2934 708 3215 776 contigua,
3258 707 3379 761 sive

1801 804 2224 875 comprehensa,
2243 813 2301 858 et
2323 804 2431 858 alia
2453 801 2731 873 signiferis
2750 801 2904 855 hisce
2921 816 3084 870 quam
3106 815 3378 868 proxima,

1800 915 1905 954 nec
1932 914 2041 952 non
2093 898 2160 952 ad
2206 910 2429 967 prorsus
2478 894 2776 949 tollendum
2829 893 3380 961 submovendumque

1801 1005 1865 1044 ea
1901 987 2083 1042 omnia
2111 1003 2234 1057 qua:
2265 1001 2294 1040 a
2325 984 2774 1055 superessentiali
2815 984 3018 1039 deitate
3058 998 3221 1052 quam
3258 983 3378 1038 dis-

1795 1079 2138 1152 junctissima
2164 1090 2313 1145 sunt,
2347 1088 2405 1133 et
2433 1078 2593 1148 plane
2629 1076 2843 1141 dissita,
2873 1085 2933 1130 ut
2970 1077 3061 1145 qui
3105 1076 3159 1129 in
3187 1084 3380 1144 pectus

1803 1172 2017 1227 Domini
2049 1171 2302 1227 recubuit
2323 1170 2655 1243 evangelista
2682 1177 3097 1224 commonstrat.
3131 1166 3380 1236 Namque

1801 1280 1925 1320 cum
1959 1264 2243 1319 recitasset
2273 1279 2337 1318 ex
2381 1277 2615 1331 persona
2673 1260 2766 1314 Dei
2800 1268 2858 1316 ει
2915 1259 3158 1314 hominis
3214 1259 3380 1314 Verbi

1801 1358 1867 1411 ad
1899 1356 2179 1426 proprium
2212 1354 2542 1425 genitorem,
2569 1353 2623 1407 in
2652 1351 3048 1423 sui'Evangelii
3093 1366 3380 1406 commen-

1802 1446 1988 1501 tario:
2018 1464 2036 1497 ι
2069 1445 2192 1500 llaec
2218 1454 2301 1499 est
2335 1444 2445 1497 vita
2470 1452 2698 1508 aeterna,
2732 1452 2795 1497 ut
2839 1450 3180 1511 cognoscant
3208 1449 3262 1495 te
3293 1456 3383 1495 so-
3411 1494 3419 1504 ,

1801 1542 1914 1596 lum
1948 1540 2113 1593 Deum
2145 1553 2359 1602 verum,
2397 1556 2417 1588 ι
2455 1537 2508 1590 in
2545 1536 2654 1590 line
2702 1550 2813 1590 sua:
2875 1533 3068 1603 prima!
3094 1531 3382 1587 catholicae

1803 1633 2060 1703 Epistolas
2085 1632 2163 1687 sic
2193 1630 2424 1686 scribite:
2464 1649 2483 1681 ι
2511 1628 2727 1684 Scimus
2766 1628 2912 1697 quod
2944 1625 3113 1681 Filius
3160 1626 3255 1680 Dei
3281 1641 3380 1680 ve-

1801 1727 1907 1789 nit,
1931 1732 1986 1779 et
2007 1724 2156 1778 dedit
2187 1722 2346 1777 nobis
2383 1737 2631 1786 sensum,
2665 1729 2723 1773 ut
2760 1733 3159 1789 cognoscamus
3208 1717 3381 1771 Deum

1802 1832 2016 1881 verum,
2047 1824 2100 1870 et
2148 1815 2323 1870 simus
2365 1813 2421 1868 in
2450 1827 2584 1868 vero
2615 1811 2752 1867 Filio
2780 1812 2920 1882 ejus.
2952 1808 3052 1865 Hic
3080 1816 3168 1864 est
3211 1822 3379 1864 verus

1806 1912 1949 1968 Deus
1996 1921 2052 1967 et
2086 1910 2197 1966 vita
2224 1919 2426 1965 aeterna
2460 1908 2561 1964 ⁸⁸.»
2593 1906 2682 1964 Uti
2706 1907 2871 1978 igitur
2893 1906 2969 1961 ibi
3000 1920 3124 1961 cum
3145 1904 3383 1960 articulo

100 2004 240 2057 ἐκεῖ
287 2002 610 2074 συνάρθρως
656 2003 912 2073 ἀληθινὸς
951 2006 1146 2067 ’Θεὸςό
1192 2004 1381 2074 Πατὴρ
1419 2003 1558 2074 μετὰ
1602 2001 1698 2056 τοῦ

1809 2004 1954 2060 Deus
1975 2019 2158 2068 verus,
2193 2001 2381 2058 addito
2404 2000 2568 2064 solm,
2594 1998 2758 2054 Pater
2775 2006 2882 2061 est.
2918 2000 3001 2054 sic
3027 2013 3247 2070 quoque
3272 1998 3382 2054 hoc

99 2093 327 2161 μόνος,
365 2091 541 2157 οὕτως
574 2093 807 2148 ἐνταῦθα
850 2093 1171 2164 συνάρθρως
1223 2092 1486 2164 ἀληθινὸς
1510 2091 1643 2155 Θεὸς
1668 2092 1697 2145 ό

99 2180 250 2244 Υῑὸς
283 2182 423 2251 μετὰ
452 2181 547 2234 τοῦ
582 2176 762 2248 οὗτος
791 2184 917 2236 κατ’
948 2183 1175 2254 ἐξοχὴν*
1206 2182 1282 2246 ὡς
1319 2184 1439 2236 ἐκεῖ
1458 2181 1503 2235 δ’
1542 2177 1700 2245 αὖθις

103 2274 145 2342 ἡ
184 2271 406 2336 αἰώνιος
570 2273 910 2344 συνάρθρως,
933 2275 1107 2338 οὕτως
1126 2274 1359 2328 ἐνταῦθα
1381 2273 1699 2345 συνάρθρως

101 2361 261 2433 αὕτη
290 2363 588 2428 αὐτολεξεί.
625 2364 857 2418 Ἔπειτα
883 2366 1243 2435 συνημμένους
1274 2366 1469 2433 ἐπάγει
1493 2381 1509 2396 ⁸
1546 2385 1566 2418 ι
1595 2366 1698 2418 Τε-

83 2454 267 2520 Δκνία,
304 2455 601 2523 φυλάττετε
625 2456 851 2521 ἑαυτοὺς
879 2457 988 2509 ἀπὸ
1016 2457 1126 2509 τῶν
1153 2454 1409 2521 εἰδώλων,
1452 2474 1472 2507 ι
1506 2471 1698 2527 μονον-

97 2549 239 2617 ουχὶ
274 2546 499 2615 φάσκων
538 2549 632 2613 καὶ
663 2534 1188 2620 διαμαρτυρόμενος.
1231 2546 1530 2602 Φυλάττετε
1565 2550 1698 2600 ἑαυ-

99 2639 245 2701 τοὺς
269 2636 367 2690 τοῦ
398 2638 716 2706 λογίσασθαί
741 2657 791 2693 τι
828 2642 958 2711 περὶ
983 2641 1208 2705 τούτων,
1237 2633 1314 2695 ὧν
1344 2642 1394 2694 oi
1435 2641 1532 2709 τῆς
1561 2640 1697 2694 πλά-

102 2745 217 2798 νης
243 2728 564 2799 ψευδόμενοι
615 2730 963 2799 φθέγγονται.
1011 2731 1071 2784 Ὀ
1114 2730 1212 2786 τοῦ
1257 2730 1516 2801 ἀληθινοῦ
1562 2730 1697 2784 Θεοῦ

106 2821 270 2883 Υἱὸς,
300 2821 328 2872 6
352 2820 604 2891 ἀληθινὸς
631 2821 764 2885 Θεὸς
789 2825 817 2876 6
847 2824 1085 2894 Χριστός
1125 2826 1298 2877 ἐστιν.
1329 2816 1512 2877 Οὗτοιρ
1527 2822 1698 2893 ψεύδη

104 2914 249 2972 εἰσὶ,
285 2913 377 2965 καὶ
404 2909 772 2983 ψευδωνύμως
825 2913 940 2968 θεοὶ
977 2914 1355 2983 ὀνομάζονται.
1395 2917 1493 2968 Ἐκ
1521 2915 1699 2968 τοίνυν

104 3006 228 3059 τῶν
277 3007 336 3059 ἐν
390 3006 750 3074 Εὑαγγελίοις
795 3010 893 3061 καὶ
927 3007 1272 3070 Ἐπιστολαῖς
1323 3006 1699 3062 ἁποστολικῶν

107 3096 785 3166 θεοπαραδότωνλλογίων,
817 3098 912 3151 καὶ
941 3097 1051 3151 τῶν
1080 3096 1139 3164 ἐξ
1171 3098 1351 3152 αὐτῶν
1380 3082 1698 3168 ὑφηγητῶν,

107 3190 219 3243 καὶ
254 3187 596 3242 διδασκάλων
625 3191 737 3278 τῆς
776 3188 1063 3252 εὐσεϐείας
1100 3189 1374 3246 δείκνυται
1418 3189 1697 3260 καθαρῶς,

1805 2097 2004 2153 inloco
2029 2110 2153 2150 cum
2194 2092 2424 2164 articulo
2474 2091 2618 2146 Deus
2670 2106 2838 2145 verus
2873 2088 3073 2156 Filius,
3112 2104 3241 2144 cum
3279 2089 3379 2144 ad-

1805 2186 2016 2242 ditione
2045 2185 2129 2239 hic
2159 2193 2383 2254 propter
2414 2182 2838 2248 excellentiam;
2871 2194 3176 2249 rursusque
3201 2179 3279 2234 uti
3304 2178 3378 2234 ibi

1806 2293 1932 2334 cum
1962 2277 2194 2333 articulo
2235 2277 2347 2330 vita
2374 2283 2599 2341 aeterna,
2653 2274 2724 2327 ita
2752 2271 2842 2326 hic
2873 2285 3092 2340 quoque
3125 2285 3252 2325 cum
3286 2285 3379 2323 ar-

1807 2370 1974 2425 ticulo
2005 2370 2119 2423 hac
2163 2369 2356 2423 eadem
2400 2367 2592 2422 iisdem
2649 2363 2942 2434 ipsissimis
2993 2361 3213 2425 verbis;
3263 2372 3381 2415 tuin

1806 2462 2143 2532 coniunctim
2180 2462 2379 2517 infert:
2414 2479 2432 2514 ι
2483 2461 2681 2525 Filioli,
2722 2458 2998 2514 custodite
3025 2473 3121 2512 vos
3144 2474 3174 2512 a
3202 2459 3380 2512 simu-

1806 2556 1967 2610 lacris
1998 2554 2066 2620 δ’,
2102 2572 2121 2605 ι
2153 2550 2363 2608 tantum
2392 2566 2502 2608 non
2532 2553 2723 2606 dicens
2745 2552 3157 2619 obtestansque.
3182 2548 3382 2604 Custo-

1805 2648 1918 2703 dite
1939 2663 2060 2713 vos,
2098 2658 2156 2703 et
2191 2654 2401 2710 cavete,
2434 2660 2505 2699 ne
2536 2643 2666 2714 quid
2703 2644 2770 2699 de
2803 2643 2909 2697 illis
2940 2640 3286 2711 concipiatis.
3310 2639 3383 2695 de

1805 2739 2004 2811 quibus
2057 2739 2233 2794 errori
2258 2737 2521 2807 (addicti,
2560 2745 2617 2791 et
2657 2736 2950 2790 mendacio
2995 2734 3249 2788 fallentes
3301 2733 3410 2788 lo--

1805 2840 2066 2901 quuntur.
2099 2831 2221 2886 Veri
2252 2831 2345 2886 Dei
2374 2830 2570 2890 Filius,
2598 2844 2759 2901 verus
2795 2827 2938 2881 Deus
2970 2826 3226 2882 Christus
3259 2835 3381 2891 est;

1807 2924 1862 2978 hi
1887 2923 2004 2978 falsi
2026 2930 2175 2988 sunt,
2205 2922 2450 2991 falsoque
2472 2921 2576 2975 sibi
2598 2921 2825 2975 deorum
2855 2934 3053 2972 nomen
3080 2918 3379 2980 vindicant.

1806 3014 1886 3068 Ex
1913 3012 2222 3082 Evangeliis
2243 3012 2408 3082 igitur
2452 3021 2509 3064 et
2561 3010 2822 3080 Epistolis
2867 3009 3184 3079 apostolicis
3235 3023 3385 3064 com-

1806 3106 2095 3176 prehensis
2123 3119 2154 3158 a
2185 3103 2296 3159 Deo
2337 3105 2551 3159 traditis
2583 3104 2839 3170 eloquiis,
2885 3112 2942 3158 et
2974 3118 3167 3157 eorum
3213 3117 3385 3172 expo-

1807 3197 2067 3251 sitoribus
2117 3205 2172 3250 et
2227 3195 2449 3265 pietatis
2501 3196 2777 3266 magistris
2826 3194 2989 3264 plane
3048 3194 3383 3260 ostenditur,

107 3282 332 3351 ὄπως-ὴ
371 3284 563 3349 μόνος
592 3281 744 3351 φωνὴ
788 3280 1171 3353 λαμϐανομένη
1228 3282 1566 3351 καθέστηκεν
1609 3284 1702 3336 ἐπὶ

1809 3286 1975 3341 dictio
2000 3285 2144 3340 solus
2178 3285 2253 3340 uti
2290 3285 2494 3340 debeat
2537 3285 2742 3340 assumi
2771 3286 2839 3338 de
2880 3284 3250 3339 monarchicis
3285 3284 3385 3353 hy-

109 3374 235 3428 τῶν
274 3374 620 3444 μοναρχικῶν
662 3374 1035 3439 ὑποστάσεων,
1084 3373 1178 3427 καί
1207 3391 1371 3427 τινων
1415 3373 1559 3428 κατὰ
1584 3374 1703 3427 διαε-

112 3465 319 3537 στολὴν
343 3467 459 3519 ,καὶ
488 3465 778 3535 διαίρεσιν,
811 3466 908 3518 καὶ
937 3466 1020 3518 ὅτι
1069 3467 1220 3541 πηγὴ
1249 3465 1344 3519 τοῦ
1388 3467 1706 3534 Πνεύματος

108 3563 143 3614 ό
186 3558 393 3628 Πατὴρ,
444 3560 538 3618 καὶ
568 3559 720 3628 πηγὴ
768 3560 889 3620 ταῖς
934 3559 1126 3622 αὑταῖς
1156 3559 1452 3630 διαρρήδην
1501 3561 1705 3627 φωναῖς

112 3652 218 3707 τοῦ
251 3652 567 3721 Πνεύματος
591 3653 618 3703 6
644 3651 796 3714 Υἱός.
823 3652 935 3704 Καὶ
963 3651 1032 3703 τὰ
1063 3650 1160 3719 μὲν
1183 3653 1247 3704 ὲκ
1270 3652 1474 3704 τούτων
1502 3653 1704 3705 τοιάδε.

200 3749 309 3798 κα’.
342 3742 449 3795 Τοῦ
500 3743 561 3794 δὲ’
583 3743 650 3795 δι’
681 3741 741 3795 ὸν
789 3742 836 3795 0i
875 3742 1024 3810 λόγοι
1057 3745 1247 3810 σαφεῖς
1277 3742 1666 3811 ἀναγορεύσεις
1688 3758 1705 3774 ⁸

124 3856 147 3890 ι
176 3836 236 3889 ’0
253 3818 640 3906 Πατὴρλκαθὼς
656 3834 820 3903 γεννᾷ
839 3832 988 3897 Υίὸν,
1010 3832 1337 3902 ὀνομάζεται
1360 3832 1708 3904 Πατὴρίκαθ¹

114 3927 149 3980 δ
174 3926 231 3978 δὲ
252 3924 540 3995 δκπορεύει
552 3906 798 3994 Πνεῦμα,
816 3924 1000 3980 οὐκέτι
1014 3925 1229 3994 Πατὴρ,
1246 3924 1382 3977 άλλά
1407 3922 1709 3994 προϐολεὺς

116 4017 470 4089 ὀνομάζεται.
506 4019 697 4071 Ἔστιν
729 4016 822 4072 οὖν
846 4021 874 4073 6
897 4019 1088 4088 Πατὴρ
1126 4019 1219 4071 καὶ
1238 4018 1428 4089 Πατὴρ
1456 4018 1551 4075 καὶ
1576 4033 1711 4087 προ-

122 4109 341 4173 ϐολεύς.
385 4109 498 4162 'Ev‘t
545 4110 603 4162 δὲ
653 4109 878 4173 ὀνόματι
917 4109 1237 4179 συναπτικῷ
1280 4110 1712 4180 τούτωνόνομά-

122 4205 283 4267 ζεται
307 4203 476 4272 πηγή.
508 4220 525 4253 ι
555 4203 662 4255 Καὶ
682 4203 823 4271 μετά
835 4219 960 4256 τινα
977 4194 1278 4256 συστατικὰ
1294 4201 1460 4254 τῶνδε
1485 4218 1497 4230 ·
1526 4220 1543 4252 ι
1564 4201 1712 4253 Ταυ-

120 4298 221 4350 τόν
274 4298 390 4349 ὶστι
441 4295 591 4365 πηγὴ
638 4294 914 4365 θεότητος,
959 4292 1151 4363 ὥσπερ
1207 4295 1272 4345 εί·
1309 4293 1527 4357 ἐλέγετο
1561 4294 1712 4365 πηγὴ

122 4388 263 4443 Υίοῦ
317 4389 415 4441 καὶ
466 4387 803 4457 Πνεύματος.
838 4388 972 4454 ,Καὶ
1020 4385 1190 4439 ταυτὸ
1234 4386 1397 4438 πάλιν
1445 4385 1527 4451 τὸ,
1561 4384 1714 4455 πηγὴ

122 4480 262 4538 Υἱοῦ
295 4483 388 4533 καὶ
412 4479 956 4548 Πνεύματος,ὦσπερ
975 4477 1033 4530 εῐ
1054 4494 1137 4539 τις
1168 4476 1336 4543 λέγει,
1367 4476 1551 4546 Πατὴρ
1588 4474 1711 4528 Υίοῦ

126 4577 226 4629 καὶ
260 4573 559 4645 προϐολεὺς
585 4570 924 4638 Πνεύματος.
959 4589 979 4622 ι
1001 4570 1189 4622 Ταῦτα
1211 4571 1306 4622 καὶ⁵
1336 4568 1502 4622 λοιπὰ
1531 4569 1712 4621 τοῖσδε

1807 3378 2142 3448 postasibus.
2173 3386 2227 3431 et
2262 3393 2331 3432 ex
2371 3378 2437 3430 iis
2481 3392 2617 3446 quas
2671 3377 2973 3439 discernat,
3032 3390 3097 3430 at.
3129 3384 3385 3444 separet;

1806 3478 1863 3522 et
1891 3468 2094 3523 fontem
2129 3467 2366 3537 Spiritus
2396 3467 2613 3522 Patrem
2642 3468 2796 3537 Iesse,
2842 3475 2898 3521 et
2938 3466 3158 3522 fontem'
3190 3465 3386 3519 iisdem

1809 3560 1945 3627 ipsis
1968 3559 2299 3614 dictionibus
2332 3568 2523 3628 aperte
2555 3557 2753 3613 Filium
2807 3559 3049 3629 Spiritus
3095 3557 3397 3612 insinuari..

1809 3651 1875 3705 Et
1910 3652 2025 3706 haec
2053 3652 2273 3721 quidem
2298 3651 2451 3706 hisce
2482 3652 2837 3722 colliguntur.

1877 3744 1968 3797 2L
1999 3745 2070 3797 At
2094 3744 2258 3812 hujus
2291 3744 2359 3797 de
2400 3757 2510 3812 quo
2557 3744 2719 3797 nobis
2747 3758 2932 3797 sermo
2960 3752 3044 3796 est
3065 3784 3078 3805 ,
3135 3724 3403 3810 pro‘nnné-

1809 3833 1937 3888 tiata
1961 3834 2259 3888 indubitata
2287 3849 2303 3887 :
2337 3853 2355 3884 ι
2392 3834 2552 3889 Pater
2585 3850 2691 3903 qua
2715 3842 2937 3905 generat
2979 3833 3198 3897 Filium,
3229 3832 3391 3887 Pater

1812 3935 2180 3995 nuncupatur,
2244 3943 2349 3995 qua
2398 3942 2530 3981 vero
2569 3926 2831 3994 Spiritum
2891 3927 3187 3994 procedere
3239 3926 3401 3987 facit,

1809 4034 1920 4074 non
1953 4019 2191 4087 amplius
2240 4018 2417 4084 Pater,
2451 4017 2546 4074 sed
2580 4013 2878 4087 productor
2929 4018 3254 4087 appellatur.
3300 4016 3393 4071 Est

1811 4112 1975 4182 igitur
2005 4110 2162 4165 Pater
2200 4119 2255 4164 et
2297 4108 2458 4164 Pater
2485 4121 2541 4164 et
2594 4112 2907 4180 productor,
2957 4123 3068 4163 uno
3115 4122 3243 4163 vero
3290 4122 3393 4160 no-

1814 4202 1961 4257 mine
1993 4202 2137 4272 quod
2175 4202 2292 4256 hate
2323 4202 2433 4256 duo
2464 4203 2699 4272 colligat.
2746 4202 3050 4272 appellatur
3085 4200 3227 4255 fons.
3273 4219 3293 4251 ι
3329 4198 3411 4253 Ει·

1814 4303 1935 4362 post
1964 4294 2257 4346 nonnullas
2308 4292 2502 4346 horum
2541 4294 2895 4362 probationes
2932 4293 3181 4346 additas:
3219 4311 3238 4342 ι
3278 4291 3396 4344 Erit

1813 4385 1937 4440 fons
1975 4385 2296 4450 divinitatis,
2341 4402 2494 4454 aeque
2541 4402 2606 4440 ac
2647 4388 2691 4440 si
2727 4386 2935 4440 dixeris
2993 4385 3114 4440 fons
3167 4384 3291 4438 Filii
3340 4394 3396 4438 et

1816 4479 2076 4547 Spiritus,
2110 4489 2166 4533 et
2195 4495 2386 4534 rursus
2416 4479 2541 4533 fons
2586 4480 2706 4533 Filii
2732 4488 2788 4532 et
2829 4477 3088 4548 Spiritus.
3137 4492 3289 4545 aeque
3332 4491 3395 4530 ac

1817 4570 1862 4623 si
1899 4569 2100 4624 dixeris
2131 4568 2288 4623 Pater
2327 4570 2444 4623 Filii
2483 4579 2538 4624 et
2569 4571 2864 4638 productor
2896 4569 3164 4637 Spiritus.
3205 4586 3223 4620 ι
3267 4564 3394 4619 Ηιοο

125 4665 491 4735 παραπλήσια
541 4662 755 4733 τρανῶς
804 4662 1215 4730 άνωμολόγησε,
1263 4662 1358 4714 καὶ
1399 4657 1493 4713 τοῦ
1525 4661 1704 4730 πηγὴν

1811 4662 2027 4730 aliaque
2069 4661 2154 4716 his
2184 4676 2293 4715 non
2327 4662 2599 4715 absimilia
2623 4661 2931 4717 clarissime
2954 4660 3136 4714 fassus
3168 4669 3271 4723 est,
3306 4658 3404 4711 ille

123 4756 269 4813 εἶναι
295 4757 389 4809 καὶ
412 4756 505 4810 τὸν
540 4755 668 4807 Υίὸν
709 4753 915 4823 μηδένα
949 4754 1214 4824 μηδαμῶς
1254 4753 1481 4822 θέμενος
1527 4752 1705 4820 λόγον,

125 4855 194 4905 ὲκ
217 4849 314 4918 τῆς
340 4847 555 4902 τοιᾶσδε
577 4847 720 4900 κατὰ
738 4846 977 4899 διάνοιαν
998 4846 1342 4914 βεϐαιώσεως
1367 4844 1469 4914 τῆς
1499 4844 1706 4914 πηγῆς,

125 4945 226 4997 καὶ
255 4940 365 5009 τοῦ,
386 4942 565 5009 μόνως
596 4922 770 5008 αὐτὴν
802 4937 878 5009 τῷ
904 4939 1079 5009 Πατρὶ
1119 4937 1465 5009 θεωρεῖσθαι,
1496 4954 1556 4989 συ
1567 4953 1708 5007 μπε-

127 5034 308 5108 ραίνει
437 5033 613 5095 Μόνος
643 5006 945 5100 προὸολεὺς
966 5032 994 5083 6
1025 5006 1347 5100 Πατὴρξκαὶ
1364 5031 1449 5094 τὸ,
1490 5006 1584 5082 Ἐκ
1616 5029 1713 5097 μό-

124 5144 222 5180 νου
270 5125 363 5178 τοῦ
392 5126 599 5196 Πατρὸς
628 5126 1005 5194 ἐκπορεύεται.
1033 5124 1128 5186 Τίς
1156 5121 1248 5178 οὖν
1271 5122 1531 5193 ἀλήθειαν
1554 5122 1711 5185 είδὼς

130 5217 337 5284 σισειν,
363 5216 425 5282 ἐξ
452 5211 527 5271 ὧν
548 5212 705 5280 οὗτος
733 5217 1057 5287 ἀνομολογεί
1083 5219 1211 5286 περὶ
1236 5216 1337 5283 τῆς
1365 5215 1584 5285 λήψεως
1609 5214 1709 5283 τῆς

129 5313 316 5382 πηγῆς
378 5311 872 5380 άποδεδειγμένως,
930 5312 989 5376 ἐξ
1038 5305 1114 5363 ὧν
1151 5326 1209 5362 τε
1251 5311 1284 5378 ἡ
1339 5308 1460 5360 θεία
1515 5307 1709 5378 Γραφὴ

126 5403 336 5473 ταύτην
367 5404 442 5466 ὡς
467 5403 547 5473 τῷ
574 5404 751 5472 Πατρὶ⁸
782 5405 877 5456 καὶ
914 5402 992 5472 τῷ
1018 5402 1131 5471 ἰ’ίῷ
1163 5403 1446 5473 προσεῖναι
1477 5402 1713 5470 μεγαλο-

130 5496 327 5564 φώνως
350 5496 717 5565 μαρτύρεται,
739 5495 860 5564 οὐχὶ
892 5494 1036 5564 μέγα
1065 5493 1249 5564 βοήσει
1281 5494 1424 5546 κατὰ
1454 5494 1514 5544 τὸ
1538 5494 1716 5561 πάντη

129 5587 423 5656 πρόδηλον,
519 5588 767 5656 συνάγων
802 5589 935 5656 φησι
957 5585 1342 5654 καταφατικῶς
1371 5585 1464 5639 τοῦ
1504 5584 1716 5653 Πατρὸς

130 5675 291 5744 εἶναι,
319 5679 491 5733 ταῦτα
519 5684 615 5732 καὶ
652 5680 747 5732 τοῦ
780 5679 909 5732 Υἱοῦ
947 5680 1067 5732 κατ’
1100 5679 1262 5732 αὑτὸν
1292 5679 1382 5731 ἐπὶ
1419 5678 1512 5731 τοῦ
1548 5678 1717 5729 Ilvati-

135 5790 306 5843 ματος
333 5772 734 5841 κατἐὰνάγκην
783 5773 1070 5842 ὑπάρχειν,
1101 5771 1162 5823 τὸ
1196 5768 1412 5840 βέϐαιον
1440 5769 1584 5841 ἐχειν
1616 5770 1711 5823 καὶ

195 5958 469 6015 "'lJoan
526 5959 679 6029 v,20
780 5959 981 6013 “ibid.
1020 5959 1110 6012 ει.

1816 4765 1970 4817 vero,
2014 4751 2209 4807 Filium
2259 4768 2476 4823 quoque
2534 4754 2739 4806 fontem
2778 4768 2924 4814 esse,
2981 4767 3107 4805 cum
3169 4764 3411 4822 prorsus

1816 4863 1926 4901 non
1956 4846 2294 4909 attendisset,
2342 4860 2408 4899 ex
2462 4847 2563 4898 hac
2609 4844 2777 4898 fontis
2826 4843 3129 4898 secundum
3178 4852 3426 4896 semen--

1822 4939 1946 4993 tiam
1974 4938 2408 5000 conﬁrmatione,
2441 4948 2496 4991 et
2518 4952 2584 4990 ex
2616 4952 2684 4991 eo
2711 4935 2858 5005 quod
2917 4934 3009 4989 ille
3054 4933 3409 4989 solummodo

1818 5031 1885 5086 de
1917 5031 2075 5086 Patre
2115 5031 2469 5101 intelligatur,
2494 5030 2776 5085 concludit
2804 5029 2981 5083 solum
3010 5026 3408 5095 productorenr

1818 5139 1940 5179 esse
1971 5124 2205 5187 Patrem,
2231 5134 2289 5178 et
2314 5140 2380 5177 ex
2402 5123 2518 5177 solo
2550 5121 2711 5177 Patre
2750 5122 3070 5191 procedere.
3115 5120 3248 5186 Quis
3301 5119 3417 5187 ἰεῖ-

1820 5223 1928 5281 tur,
1961 5215 2259 5271 dummodo
2289 5215 2542 5285 pietatem
2569 5216 2732 5276 colat,
2768 5229 2834 5267 ex
2865 5212 3070 5283 quibus
3113 5211 3231 5280 ipse
3264 5210 3409 5263 fate-

1821 5317 1909 5362 tur
1936 5308 2004 5362 de
2036 5308 2345 5378 signiﬁcatu
2400 5307 2569 5361 fontis
2605 5306 2719 5376 jam
2786 5304 3199 5368 demonstratis,
3251 5311 3306 5356 et
3339 5319 3405 5355 ex

1830 5399 2032 5468 quibus
2061 5400 2242 5454 divina
2271 5399 2576 5469 Scriptura,
2614 5413 2736 5468 qua:
2758 5398 2906 5451 hunc
2946 5397 3022 5450 uti
3067 5394 3214 5449 Patri
3248 5394 3321 5446 ita
3352 5401 3420 5446 et.

1831 5491 1965 5547 Filio
1996 5492 2174 5547 inesse
2224 5490 2428 5561 ingenti
2480 5505 2612 5545 voce
2672 5498 2926 5552 testatur,
2985 5501 3089 5539 non
3150 5498 3405 5553 magnum

1826 5583 2081 5639 clamabit
2111 5581 2414 5636 clarissime
2463 5596 2595 5649 qua
2644 5579 2758 5649 ipse
2813 5577 3022 5648 colligit
3069 5575 3418 5641 aint-malque

1824 5674 2003 5739 Patris
2032 5674 2250 5745 prppria
2271 5688 2411 5737 esse,
2449 5675 2640 5728 eadem
2668 5683 2717 5727 et
2753 5672 2892 5726 Filio
2916 5669 3218 5724 secundum
3250 5682 3432 5737 enim.

1822 5774 1943 5823 dem
1977 5758 2232 5839 respectu
2265 5766 2504 5837 Spiritus
2550 5766 2862 5823 necessario
2889 5763 3093 5828 inesse,
3157 5762 3294 5817 adeo
3347 5770 3434 5815 ut»
