4074 6274
223 339 358 411 141⁸1

1570 330 2071 397 FRAGMENTA.

3354 334 3492 404 T418

195 451 343 506 οὔτω
368 451 598 523 γράφειν
626 470 684 507 τε
710 454 807 509 καὶ
837 446 1151 526 κηρύττειν,
1191 453 1285 508 καὶ
1314 449 1409 506 τοῦ
1444 450 1523 522 μὴ
1553 448 1776 503 δυνατδν

1883 447 1969 502 nis
1995 448 2295 513 obiectant,
2324 455 2379 503 et
2409 460 2532 503 cum
2562 462 2624 504 ea
2650 447 2766 518 jam
2801 446 3055 505 rediviva
3075 447 3306 514 dissidii,
3338 453 3484 519 quod

195 544 371 606 ϐλλως
402 545 466 596 ἐκ
487 543 594 597 τῶν
628 545 709 600 είς
750 544 912 598 τοῦτο
961 543 1449 615 παραδειγμάτων,
1504 538 1651 594 ὥστε
1702 539 1780 608 μὴ

194 629 384 699 χώραν
412 630 473 682 τδ
505 630 842 701 παλίμϐολον
866 631 1010 700 ἐχειν
1056 631 1310 694 ικείνοις,
1351 629 1486 683 ἀλλὰ
1547 627 1642 683 καὶ
1687 625 1782 679 τοῦ

194 719 299 788 τὴν
325 718 615 788 ὁμολογίαν
668 718 1014 791 ὕπερφεροῦς
1056 719 1334 789 Μαξίμου,
1382 716 1538 781 Non;
1598 715 1784 779 αὐτοῖς

197 810 603 880 κεκρατηκότος
626 809 771 864 οὕτω
812 811 984 865 ποιεῖν
1025 810 1122 866 καὶ
1155 811 1392 880 γράφειν
1436 806 1783 877 διαγορεύον-

193 918 312 965 τος.
356 904 416 955 '0
445 901 577 971 γοῦν
609 901 767 967 είδὼς
798 902 975 958 ταῦτα
1008 903 1195 966 καθὼς
1255 901 1477 973 ῑχουσιν
1523 898 1785 971 ἀληθείας

194 992 602 1061 άναλογίσαιτο,
627 993 745 1057 πῶς
784 993 905 1047 ποτ’
959 994 1026 1049 ἂν
1077 994 1303 1063 φήσειεν
1346 990 1662 1063 δρθοποδείν
1723 988 1784 1041 τὸ

197 1085 408 1154 σχίσμα
457 1085 578 1137 κατ’
606 1084 900 1155 αὖτὴντὴν
930 1086 1040 1139 τῶν
1090 1083 1434 1155 πραγμάτων
1463 1094 1467 1107 ‘
1495 1082 1598 1153 τῆς
1647 1080 1782 1151 άλη-

195 1175 351 1239 Θείας
382 1177 713 1248 συντήρησιν
750 1194 764 1211 ·
788 1177 906 1241 πῶς
938 1177 1005 1232 ἂν
1037 1176 1196 1240 ὅλως,
1222 1176 1353 1229 ἔνθα
1372 1164 1598 1243 τοιαύτη
1620 1189 1722 1236 ,τις
1748 1174 1782 1242 η

196 1269 267 1320 ἐκ
297 1266 614 1336 μαρτυριῶν
645 1267 982 1334 ἀξιοπιστία,
1005 1266 1134 1321 ἔνθα
1166 1268 1265 1336 τῆς
1310 1265 1418 1318 τῶν
1445 1264 1619 1334 ἁγίων
1672 1262 1784 1317 διτο

196 1359 308 1412 τῶν
344 1361 745 1430 οἰκουμενικῶν
770 1360 938 1430 ἕκτης
996 1376 1058 1414 τε
1100 1361 1195 1414 καὶ
1249 1359 1483 1432 ἑϐδόμης
1539 1358 1782 1428 ἐγεγόνει

200 1450 569 1514 συνελεύσεως
614 1453 648 1521 ἡ
705 1452 1094 1522 συγκρότησις,
1146 1451 1233 1505 διὰ
1295 1450 1475 1521 μέσων
1524 1448 1783 1502 ἐνιαυτῶν

199 1542 297 1598 τοῦ
354 1543 453 1614 τὴν
505 1543 823 1614 προσθήκην
876 1545 968 1596 καὶ
1018 1543 1332 1612 γράφεσθαι
1374 1540 1655 1612 πανταχοῦ
1684 1542 1779 1594 καὶ

199 1636 574 1707 κηρύττεσθαι
614 1635 756 1690 κατὰ
780 1635 879 1698 τὰς
925 1636 1035 1688 τῶν
1066 1636 1372 1706 εἰρημένων
1419 1635 1781 1703 πε-ριωνύμων

200 1726 518 1793 πιστώσεις,
547 1727 643 1780 τοῦ
678 1728 778 1797 μὲν
807 1727 897 1779 ἐπὶ
915 1726 1174 1798 ὁμολογίᾳ
1199 1732 1292 1781 καὶ
1319 1726 1482 1796 λοιπῇ
1510 1725 1778 1794 ἁγιότητι,

1887 536 2164 594 Ecclesiae
2182 540 2492 608 occupavit,
2512 540 2790 608 negotium
2810 538 2922 608 jam
2946 549 3265 592 renovatum
3288 538 3484 596 fuisse.

1888 629 2023 695 Qua
2056 630 2259 686 omnia
2306 641 2514 685 temere
2562 645 2627 685 ac
2677 632 2912 685 inaniter
2955 631 3099 685 dicta
3145 632 3479 685 Antioclteni

1886 721 2199 777 doctissimi
2223 722 2473 792 praesulis
2498 722 2785 791 scriptain
2814 722 3053 792 epistola
3079 723 3332 791 probant,
3368 731 3482 776 tum

1886 812 2077 877 annis,
2126 825 2276 879 quos
2316 810 2406 864 ille
2454 818 2762 877 computat,
2814 818 2928 863 tum
2981 824 3044 864 ex
3099 808 3478 864 Romanorum

1888 903 2208 960 continuata
2236 902 2654 963 consuetudine,
2683 917 2744 956 ea
2779 901 2990 955 ratione
3023 902 3298 956 scribendi
3333 917 3471 970 prae-

1885 983 2235 1065 dicandique,
2272 1003 2389 1049 tum
2435 994 2623 1059 etiam,
2667 995 2816 1061 quod
2861 994 2979 1066 fieri
3028 1001 3295 1064 nequeat,
3329 1002 3390 1048 ut:
3429 1003 3486 1049 et

1886 1087 2137 1143 adductis
2171 1087 2435 1155 exemplis
2469 1086 2816 1148 constabilit,
2846 1086 3165 1140 eorumdem
3201 1085 3475 1139 sententia

1887 1181 2241 1247 immutetur;
2289 1179 2382 1234 sed
2430 1189 2487 1234 et
2529 1180 2891 1233 assertionem
2938 1179 3172 1236 celebris
3225 1177 3479 1241 Maximi,

1885 1286 1981 1328 eos
2013 1285 2111 1340 pro
2143 1284 2245 1325 suo
2278 1282 2430 1323 more
2461 1269 2768 1322 inveterato
2799 1269 2873 1322 ita
2907 1266 3089 1321 facere
3119 1268 3474 1335 scriba-reque

1888 1360 2172 1416 tradentis.
2201 1357 2304 1425 Qui
2335 1372 2464 1427 ergo
2492 1358 2596 1412 ista
2627 1357 2863 1412 sin'tilem
2897 1356 3287 1410 firmitudinem
3320 1365 3477 1410 nacta

1885 1453 2217 1517 considerat,
2270 1465 2509 1521 quanam
2560 1465 2799 1518 unquam
2852 1449 3066 1503 ratione
3117 1449 3479 1503 asseverabit'

1885 1545 2174 1600 dissidium
2207 1551 2354 1598 recte
2385 1543 2661 1605 incedere,
2694 1541 2738 1597 si
2772 1541 2836 1595 ad
2873 1556 2983 1603 res,
3014 1541 3090 1594 nti
3124 1550 3290 1609 gestae
3320 1550 3474 1607 sunt,

1884 1636 2241 1692 conferatur?
2271 1634 2391 1701 Quo
2414 1635 2551 1689 'itetn
2590 1634 2788 1700 modo,
2824 1634 2915 1687 ubi
2956 1633 3080 1688 talis
3115 1636 3177 1687 ac
3212 1644 3359 1687 tanta
3395 1643 3478 1686 te-

1885 1728 2051 1784 stium
2085 1728 2397 1796 incorrupta
2431 1726 2565 1781 tides
2601 1724 2925 1790 intercedit,
2960 1736 3018 1779 nt
3046 1735 3128 1780 est
3157 1732 3475 1779 sanctarum

198 1817 294 1871 τοῦ
334 1819 389 1871 δὲ
422 1791 918 1889 ἐπίπατριαρχικῇ
949 1791 1066 1871 ᾐκαὶ
1095 1791 1326 1886 ίρίλοθέῳ
1360 1791 1776 1886 μεγαλειότητι·

1887 1822 2119 1876 duarum
2158 1820 2622 1875 oecumenicarum
2661 1819 2992 1889 synodorum
3037 1835 3140 1873 una
3179 1834 3476 1889 congrega-

201 1911 297 1972 καὶ
321 1910 504 1973 καθὼς
529 1911 904 1982 ἐντελέστερον
940 1912 1082 1965 κατά
1139 1927 1197 1964 τε
1260 1909 1378 1980 τὴνι
1404 1909 1782 1980 ἀπαρίθμησιν

200 2003 310 2055 τῶν
339 2001 494 2066 ἑτῶν,
524 2003 617 2055 καὶ
643 2001 834 2072 λοιπὴν
857 2001 1090 2064 ἔκθεσιν,
1125 2004 1173 2055 oi
1221 2002 1319 2071 τῆς
1378 2003 1658 2071 ἡμετέρας
1703 2000 1786 2071 βία

200 2092 329 2161 ὅλου
354 2092 501 2159 λόγοι
531 2093 946 2163 παρατιθέασιν.
985 2092 1077 2158 Ἐξ
1101 2088 1175 2147 ῶν
1201 2096 1305 2164 ἄρα
1338 2094 1433 2146 καὶ
1463 2096 1632 2164 χωρὶς
1672 2093 1783 2146 τῶν

202 2186 606 2255 διειλημμένων
643 2186 922 2254 ἀκραιφνῆ
981 2186 1135 2254 σχοίη
1192 2186 1258 2237 ἂν
1313 2187 1340 2238 6
1385 2184 1780 2255 βεϐουλημένος

201 2278 530 2348 φανέρωσιν.
552 2276 631 2355 ὡς
658 2278 717 2329 οὐ
746 2277 835 2328 διὰ
860 2276 1015 2343 λόγον
1036 2276 1328 2346 δόγματος,
1357 2277 1390 2346 ἢ
1433 2275 1778 2347 προσθήκης,

199 2370 232 2436 ὴ
266 2369 362 2436 τῆς
387 2368 725 2429 διαστάσεως
751 2368 1176 2437 παρεισεφθάρη
1232 2368 1518 2437 σκαιότης,
1560 2368 1673 2422 ἀλλ’
1713 2371 1780 2424 ἐκ

200 2458 532 2528 σωματικῶν
560 2461 620 2510 τὸ
650 2459 871 2528 σύμπαν
910 2459 1099 2511 αίτιῶν
1131 2460 1227 2513 καὶ
1250 2459 1646 2528 συμπτώσεων,
1680 2461 1780 2530 τῆς

202 2548 301 2616 μὲν
328 2550 599 2618 προτέρας
629 2549 693 2601 εκ
725 2549 824 2616 τῆς
859 2548 948 2600 τοῦ
985 2549 1194 2614 φωτίφυ
1225 2549 1521 2618 φιλαρχίας
1560 2550 1777 2602 καὶτῶν

194 2639 450 2693 ἐντεῦθεν
485 2640 1072 2711 παρηκολουθηκότων,
1111 2641 1208 2710 τῆς
1260 2642 1318 2694 δὲ
1373 2642 1632 2713 δευτέρας
1681 2641 1779 2694 καὶ

198 2735 647 2804 ἔπικρατησάσης
679 2732 744 2786 ἐκ
776 2750 834 2788 τε
849 2733 957 2785 τῶν
981 2733 1121 2786 κατά
1142 2734 1238 2801 τὴν
1264 2733 1518 2786 Σικελίαν
1544 2736 1779 2802 ἐπισυμ-

196 2819 512 2896 ϐεδηκότων
542 2827 620 2895 τῷ
651 2826 944 2896 στρατηγῷ
992 2825 1244 2897 Πανιάκῃ
1295 2825 1647 2896 διεγερτικῶν
1696 2828 1778 2889 είς

195 2919 561 2982 ἀποστασίαν,
597 2917 660 2970 ἔκ
693 2934 751 2970 τε
776 2919 908 2982 τῶν,
934 2909 1008 2969 ὧν
1027 2916 1086 2982 ἐξ
1111 2916 1299 2987 ἑτέρου
1350 2917 1553 2986 μέρους
1578 2919 1606 2969 6
1646 2916 1781 2970 Ἰτα-

195 3012 283 3073 λδς
305 3012 564 3084 ’Λργυρδς
588 3011 776 3071 δολίως
797 3010 887 3061 καὶ
910 3014 1217 3077 περιέργως
1242 3009 1777 3081 ιδραματούργησεν.

1888 1921 2068 1967 tarum
2123 1912 2483 1982 conspiratio,
2525 1927 2759 1980 quarum
2817 1911 2979 1967 annis
3031 1911 3477 1978 iuterjacentibus

1888 2003 2098 2059 additio
2125 2012 2181 2058 et
2209 2005 2552 2059 scribebatur
2581 2004 2717 2060 locis
2750 2003 2802 2057 in
2834 2003 3094 2058 omnibus
3125 2011 3179 2056 et
3208 2002 3475 2072 praedica-

1890 2099 2071 2161 batur,
2114 2097 2278 2151 sicuti
2315 2096 2425 2166 jam
2470 2097 2811 2150 laudatorum
2857 2095 3169 2150 testimonia
3219 2095 3477 2164 probant,

1889 2189 2038 2244 illius
2076 2188 2295 2259 quidem
2339 2197 2392 2242 et
2431 2187 2780 2243 confessione
2840 2196 2894 2241 et
2934 2188 3142 2255 reliqua
3184 2188 3476 2241 sanctitate

1887 2281 2316 2351 preclarissimi,
2350 2279 2514 2350 hujus
2550 2278 2912 2347 patriarchica
2949 2279 3213 2348 dignitate
3249 2288 3304 2330 et
3344 2277 3473 2330 reli-

1887 2371 2035 2440 giosa
2063 2370 2437 2440 magnitudine
2466 2369 2819 2424 illustrissimi
2851 2385 2864 2422 :
2891 2380 2942 2422 et
2973 2368 3144 2423 annis
3161 2368 3480 2430 recensitis,

1887 2475 1942 2521 et
1979 2465 2102 2520 aliis
2137 2463 2399 2532 expositis
2438 2461 2609 2516 nostri
2647 2460 3028 2515 commentarii
3064 2460 3218 2513 dicta.
3245 2459 3474 2517 absolu-

1887 2559 1995 2612 tius
2023 2556 2300 2626 digerunt,
2334 2563 2529 2624 praeter
2555 2553 2668 2620 jam
2703 2553 2869 2616 dicta,
2900 2561 3086 2622 aperte
3134 2552 3473 2620 cuicunque,

1886 2651 1930 2704 si
1947 2649 2189 2711 libuerit,
2210 2656 2315 2700 non
2334 2645 2569 2717 patebit,
2590 2659 2700 2700 non
2721 2646 2936 2699 ratione
2955 2642 3250 2714 dogmatis,
3273 2642 3479 2696 autad-

1884 2740 2134 2804 ditionis,
2167 2738 2529 2810 separationis
2560 2737 2864 2792 fatuitatem
2894 2736 3256 2791 introductam
3279 2735 3474 2808 fuisse,

1886 2835 1978 2887 sed
2011 2848 2078 2886 ex
2109 2830 2464 2885 saecularibus
2493 2843 2661 2899 prape
2690 2829 2873 2883 causis
2903 2836 2958 2883 et
2987 2826 3293 2890 eventibus,
3323 2828 3474 2895 prio-

1888 2925 1964 2979 ris
2005 2924 2225 2993 quidem
2273 2938 2339 2977 ex
2386 2920 2684 2976 ambitione
2726 2919 2930 2986 Pbotii,
2972 2929 3024 2974 et
3073 2920 3139 2973 iis
3181 2933 3302 2987 quae
3348 2918 3474 2973 inde

1890 3016 2184 3070 subsecuta
2216 3023 2382 3075 sunt:
2417 3013 2694 3079 secundae,
2724 3021 2776 3066 et
2808 3025 2930 3080 quae
2955 3009 3066 3080 jam
3099 3010 3201 3065 vim
3236 3010 3473 3080 obtines,

194 3118 309 3163 tum
354 3106 442 3170 tis,
488 3119 608 3173 quae
653 3103 706 3156 in
754 3102 927 3157 insula
970 3100 1168 3157 Siciliae
1209 3103 1507 3172 contigere,
1550 3107 1777 3158 ductore
1815 3106 2155 3160 exercituum
2185 3104 2449 3167 Maniace,
2477 3118 2530 3156 tn
2562 3100 2915 3157 rebellionem
2985 3100 3289 3162 incitantia,
3356 3108 3472 3154 tum

194 3200 285 3262 its,
323 3213 444 3265 qua:
475 3211 538 3249 ex
576 3196 680 3250 alia
717 3205 871 3264 parte
909 3196 1150 3266 Argyrus
1214 3195 1382 3251 Italus
1457 3194 1836 3252 fraudulenter
1905 3198 2199 3253 admodum
2248 3208 2412 3267 atque
2460 3196 2747 3252 ambitiose
2797 3209 2866 3252 ex
2918 3191 3142 3261 ingenio
3185 3206 3471 3247 commen-

195 3306 286 3352 tus
317 3293 438 3347 eSt?

213 3486 2680 3515 Μ*

1078 3672 1903 3767 FRAGMENTUM
1994 3642 2563 3759 ALTERUM

1486 3881 1578 3935 EX
1649 3879 1883 3939 EODEM
1948 3878 2179 3935 LIBRO.

1189 4050 1354 4114 (Apud
1373 4050 1610 4101 Allatium
1651 4052 1835 4102 Contra
1869 4048 2226 4114 Hottingerum,
2258 4063 2309 4112 p.
2342 4048 2476 4112 5H.)

268 4358 376 4411 Τὸν
417 4352 579 4408 αὑτὸν
632 4350 830 4421 τρόπον
867 4347 1143 4402 κάνταῧθα
1184 4347 1311 4401 ἔνθα
1364 4348 1423 4401 es
1465 4365 1776 4419 πραγματι-

1955 4348 2072 4403 Hoc
2115 4348 2303 4405 eodem
2346 4362 2564 4418 quoque
2603 4348 2766 4404 modo
2787 4363 2914 4405 cum
2959 4348 3069 4404 illis
3099 4349 3453 4405 considerato

196 4446 307 4508 κῶς
337 4442 654 4498 άποταίνειν
701 4440 884 4498 αὐτοῖς
922 4438 982 4489 τὸ
1010 4437 1106 4502 τῆς
1136 4436 1468 4500 διαστάσεως
1510 4439 1772 4510 κραταιὸν

194 4532 555 4605 ἀντίρρητικὴ
583 4535 643 4584 τὸ
673 4530 895 4598 σύμπαν
922 4527 1298 4598 Θρασυστομία
1328 4528 1460 4598 πρὸς
1490 4531 1616 4592 τοὺς
1647 4529 1770 4580 Θεο-

195 4629 471 4696 φάντορας
499 4622 864 4684 ἀποτείνεται,
891 4619 944 4671 εί
966 4636 1027 4687 γε
1058 4618 1292 4681 τοιοῦτος
1319 4619 1347 4671 6
1374 4619 1439 4671 τὰ
1462 4619 1580 4670 θεῖα
1606 4619 1773 4683 πολὺς

195 4717 446 4785 Μάξιμος
483 4718 576 4766 καὶ
624 4712 962 4782 φερωνύμως
1005 4711 1097 4761 τὸν
1130 4708 1291 4778 ζῆλον
1324 4709 1416 4762 καὶ
1449 4710 1549 4781 τὴν
1577 4710 1773 4778 ὀμολο·

195 4806 320 4876 γίαν
357 4808 385 4859 6
421 4807 698 4875 μέγιστος,
726 4801 782 4863 ὃς
821 4801 1037 4852 συνόδου
1085 4798 1182 4868 τῆς
1216 4800 1383 4868 ἕκτης
1424 4801 1529 4868 πρὸ
1565 4801 1772 4869 χρόνων

196 4896 397 4952 ἱκανῶν
431 4896 686 4963 ἀκμάσας
723 4892 815 4943 καὶ
850 4890 940 4942 τὸν
973 4889 1111 4957 ὑπὲρ
1144 4888 1426 4951 εὐσεϐείας
1462 4888 1770 4958 ἀθλητικῶς

194 4991 409 5043 δίαυλον
454 4985 732 5047 διανύσας,
784 4983 810 5034 ὃ
847 4998 1008 5048 φασιν
1048 4975 1212 5043 οὗτοι,
1264 4981 1401 5049 μετὰ
1446 4980 1769 5046 παρέλευσιν

196 5079 425 5135 ἁπασῶν
490 5073 883 5142 οίκουμενικῶν
936 5071 1167 5125 συνόδων
1219 5072 1343 5133 τοὺς
1389 5070 1489 5140 τῆς
1549 5068 1767 5143 Ῥώμης

194 5172 488 5243 κηρύττειν
524 5165 852 5234 παρίστησιν
898 5164 1144 5232 εναργῶς
1180 5166 1236 5216 ἐν
1273 5164 1564 5226 συνοδικοῖς
1588 5166 1766 5234 γράμ.

200 5276 336 5333 μασι
367 5261 476 5320 τοῖς
507 5256 601 5309 τοῦ
636 5256 837 5307 πάππα
880 5254 1178 5322 τηνικαῦτα
1212 5256 1351 5308 κατὰ
1396 5254 1540 5320 λέξιν
1570 5257 1767 5324 ἀναγο-

197 5352 375 5422 ρεύειν
406 5351 479 5411 ὼς
528 5347 673 5398 ἐστιν
707 5346 885 5406 αὐτοῖς
930 5346 1168 5414 σήμερον
1202 5346 1630 5413 κηρυττόμενον,
1675 5348 1768 5398 καὶ

194 5446 262 5493 τα
294 5443 390 5507 τῆς
428 5437 797 5505 ὑπερηγορίας
832 5437 1115 5487 ἐπιπλέκει
1144 5436 1378 5505 τρανῶς,
1410 5432 1471 5491 οὗ
1499 5437 1590 5489 καὶ
1627 5438 1765 5506 μετὰ

195 5533 297 5602 τὴν
324 5526 665 5600 μαρτυρικὴν
708 5526 1027 5592 άποὸίωσιν,
1059 5527 1196 5596 ὑπὲρ
1224 5521 1284 5580 οὗ
1324 5529 1588 5595 γενναίως
1612 5524 1765 5591 οὗτος

193 5622 499 5695 ἠγωνίσατο
523 5618 790 5683 δόγματος
819 5617 913 5668 καὶ
945 5619 1000 5668 τὸ
1037 5618 1197 5686 ῥηθὲν
1232 5620 1572 5686 παγκόσμιον
1605 5619 1760 5672 ἕκτον

1881 4436 2093 4492 dissidii
2130 4436 2440 4491 firmitatem
2477 4437 2854 4492 demonstrare
2889 4437 3141 4503 nitimur,
3173 4438 3462 4491 temeraria

1881 4530 2210 4600 loquacitate
2236 4544 2358 4583 sese
2383 4539 2722 4598 opponentes
2749 4525 2947 4584 divinis
2979 4531 3182 4585 nostris
3210 4528 3465 4585 Patribus

1880 4621 2237 4675 insolescunt.
2286 4618 2737 4688 Quandoquidem
2783 4620 2963 4673 rebus
2995 4617 3198 4673 divinis
3245 4633 3461 4687 pertra-

1880 4708 2092 4764 ctandis
2139 4708 2481 4776 praecelcbris
2527 4705 2798 4761 Maximus
2844 4721 2945 4761 suo
2990 4709 3211 4762 nomine
3246 4708 3460 4777 dignus

1881 4807 2137 4865 tanquam
2174 4795 2267 4865 qui
2304 4805 2355 4849 et
2390 4795 2507 4850 zclo
2543 4795 2827 4849 catholica:
2861 4796 2983 4850 fidei
3024 4805 3076 4850 et
3109 4796 3460 4853 confessione

1879 4888 2152 4941 maximus
2189 4886 2418 4952 exstitit,
2457 4887 2503 4940 is
2541 4894 2667 4938 ante
2704 4894 2913 4940 sextam
2952 4888 3222 4957 synodum
3257 4889 3461 4943 multos

1877 4999 2053 5040 annos
2077 4991 2235 5037 aetate
2259 4993 2378 5038 acta
2404 4992 2456 5037 et
2481 4983 2696 5051 pietatis
2716 4984 2896 5037 studio
2916 4985 3185 5038 athletice
3208 5000 3456 5050 emenso,

1876 5079 2020 5146 quod
2060 5078 2160 5144 ipsi
2197 5076 2387 5138 aiunt,
2422 5084 2543 5145 post
2583 5090 2775 5129 omnes
2812 5077 3180 5131 mcumcnicas
3217 5078 3458 5146 synodos

1877 5178 2128 5237 peractas
2167 5168 2440 5221 Romanos
2477 5166 2776 5234 praedicare
2812 5167 2987 5235 palam
3024 5167 3365 5222 demonstrat
3402 5171 3456 5222 in

1876 5259 2151 5329 synodicis
2179 5257 2373 5311 litteris
2405 5271 2555 5326 papae
2580 5257 2814 5336 quitum
2845 5266 3077 5327 praeerat
3103 5258 3268 5313 verbo
3297 5268 3458 5313 tenus

1876 5350 2146 5403 enuntiari
2197 5358 2255 5401 ut
2303 5348 2461 5401 hodie
2505 5362 2728 5417 quoque
2778 5348 3108 5416 praedicatur
3151 5365 3455 5419 eorumque

1875 5442 2034 5510 plane
2058 5439 2426 5492 defensionem
2456 5438 2694 5492 adnectit
2720 5450 2840 5506 post
2863 5438 3018 5507 cujus
3042 5452 3284 5493 exactam
3313 5456 3458 5494 mar-

1874 5534 2016 5601 tyrio
2051 5533 2212 5584 vitam
2235 5571 2248 5594 ,
2284 5546 2382 5599 pro
2417 5546 2526 5599 quo
2564 5532 2680 5599 ipse
2715 5531 2971 5600 dogmate
3008 5530 3307 5587 decertavit
3337 5534 3452 5602 jam

1877 5625 2018 5676 dicta
2065 5620 2389 5675 universalis
2431 5620 2674 5690 synodus
2715 5621 2986 5675 celebrata
3026 5633 3109 5677 est
3148 5631 3256 5677 tum
3298 5625 3455 5678 dein-

199 5707 563 5781 συνεκροτήοη
627 5707 921 5774 συνέδριον,
977 5712 1066 5760 καὶ
1130 5712 1353 5778 προσέτι
1425 5711 1479 5762 τὸ
1538 5710 1759 5779 ἓόἰομον

1883 5728 1995 5779 :cps
2034 5710 2260 5779 septima
2298 5725 2395 5777 pro
2428 5708 2859 5764 venerandarum
2896 5710 3193 5781 imaginum
3231 5714 3454 5768 vcstitu-

475 5806 744 5865 ιἈτιιοι.
797 5808 909 5865 Gn.
948 5806 1155 5865 CXLI.

2910 5808 2987 5869 145
