  <div class='ocr_page' id='page_1' title='image "/cluster/home/n/w/nwhite01/storage/ocr_20150623/141/nnc1.0046979964/017.png"; bbox 0 0 4202 6444; ppageno 0'>
   <div class='ocr_carea' id='block_1_1' title="bbox 721 374 2287 455">
    <p class='ocr_par' dir='ltr' id='par_1_1' title="bbox 721 374 2287 448">
     <span class='ocr_line' id='line_1_1' title="bbox 721 374 2287 448; baseline -0.003 0"><span class='ocrx_word' id='word_1_1' title='bbox 721 374 792 448; x_wconf 70' lang='lat' dir='ltr'><strong>i9</strong></span> <span class='ocrx_word' id='word_1_2' title='bbox 1769 384 1979 447; x_wconf 77' lang='lat' dir='ltr'><strong>JOAN.</strong></span> <span class='ocrx_word' id='word_1_3' title='bbox 2023 386 2234 448; x_wconf 79' lang='lat' dir='ltr'><strong>VECCl</strong></span> <span class='ocrx_word' id='word_1_4' title='bbox 2276 394 2287 444; x_wconf 81' lang='lat' dir='ltr'><strong>t</strong></span> 
     </span>
    </p>
   </div>
   <div class='ocr_carea' id='block_1_2' title="bbox 2388 374 3977 455">
    <p class='ocr_par' dir='ltr' id='par_1_2' title="bbox 2388 382 3977 455">
     <span class='ocr_line' id='line_1_2' title="bbox 2388 382 3977 455; baseline 0.013 -9"><span class='ocrx_word' id='word_1_5' title='bbox 2388 436 2390 446; x_wconf 84' lang='lat'>.</span> <span class='ocrx_word' id='word_1_6' title='bbox 2429 388 2945 455; x_wconf 68' lang='lat' dir='ltr'><strong>PATRIARCHIE</strong></span> <span class='ocrx_word' id='word_1_7' title='bbox 3907 382 3977 446; x_wconf 74' lang='grc'><strong>20</strong></span> 
     </span>
    </p>
   </div>
   <div class='ocr_carea' id='block_1_3' title="bbox 713 490 2287 571">
    <p class='ocr_par' dir='ltr' id='par_1_3' title="bbox 713 490 2287 564">
     <span class='ocr_line' id='line_1_3' title="bbox 713 490 2287 564; baseline 0.003 -20"><span class='ocrx_word' id='word_1_8' title='bbox 713 508 842 560; x_wconf 72' lang='lat' dir='ltr'><strong>qua:</strong></span> <span class='ocrx_word' id='word_1_9' title='bbox 868 490 1268 560; x_wconf 80' lang='lat' dir='ltr'><strong>conscripsere,</strong></span> <span class='ocrx_word' id='word_1_10' title='bbox 1324 491 1418 562; x_wconf 97' lang='lat' dir='ltr'><strong>qui</strong></span> <span class='ocrx_word' id='word_1_11' title='bbox 1459 506 1557 560; x_wconf 88' lang='lat' dir='ltr'><strong>pro</strong></span> <span class='ocrx_word' id='word_1_12' title='bbox 1597 499 1846 564; x_wconf 87' lang='lat' dir='ltr'><strong>tempore</strong></span> <span class='ocrx_word' id='word_1_13' title='bbox 1886 496 2151 552; x_wconf 82' lang='lat' dir='ltr'><strong>adversus</strong></span> <span class='ocrx_word' id='word_1_14' title='bbox 2191 497 2287 550; x_wconf 79' lang='lat' dir='ltr'><strong>Ro-</strong></span> 
     </span>
    </p>
   </div>
   <div class='ocr_carea' id='block_1_4' title="bbox 2388 490 3980 571">
    <p class='ocr_par' dir='ltr' id='par_1_4' title="bbox 2402 496 3980 571">
     <span class='ocr_line' id='line_1_4' title="bbox 2402 496 3980 571; baseline 0 -20"><span class='ocrx_word' id='word_1_15' title='bbox 2402 499 2619 555; x_wconf 75' lang='grc' dir='ltr'><strong>σέϐειαν</strong></span> <span class='ocrx_word' id='word_1_16' title='bbox 2682 500 2871 571; x_wconf 78' lang='grc' dir='ltr'><strong>ὑγιοῦς</strong></span> <span class='ocrx_word' id='word_1_17' title='bbox 2938 501 3039 570; x_wconf 82' lang='grc' dir='ltr'><strong>τῆς</strong></span> <span class='ocrx_word' id='word_1_18' title='bbox 3102 496 3425 571; x_wconf 72' lang='grc' dir='ltr'><strong>Ῥωμαῖκῆς</strong></span> <span class='ocrx_word' id='word_1_19' title='bbox 3492 497 3862 569; x_wconf 77' lang='grc' dir='ltr'><strong>Ἐκκλησῖας,</strong></span> <span class='ocrx_word' id='word_1_20' title='bbox 3922 502 3980 553; x_wconf 77' lang='grc' dir='ltr'><strong>ἐν</strong></span> 
     </span>
    </p>
   </div>
   <div class='ocr_carea' id='block_1_5' title="bbox 721 583 2300 645">
    <p class='ocr_par' dir='ltr' id='par_1_5' title="bbox 721 583 2300 645">
     <span class='ocr_line' id='line_1_5' title="bbox 721 583 2300 645; baseline 0.004 -7"><span class='ocrx_word' id='word_1_21' title='bbox 721 598 938 638; x_wconf 86' lang='lat' dir='ltr'><strong>manam</strong></span> <span class='ocrx_word' id='word_1_22' title='bbox 988 583 1289 639; x_wconf 86' lang='lat' dir='ltr'><strong>Ecclesiam</strong></span> <span class='ocrx_word' id='word_1_23' title='bbox 1360 585 1764 643; x_wconf 74' lang='lat' dir='ltr'><strong>dissertationis</strong></span> <span class='ocrx_word' id='word_1_24' title='bbox 1826 597 2101 645; x_wconf 74' lang='lat' dir='ltr'><strong>certamen</strong></span> <span class='ocrx_word' id='word_1_25' title='bbox 2160 590 2300 644; x_wconf 90' lang='lat' dir='ltr'><strong>inie-</strong></span> 
     </span>
    </p>
   </div>
   <div class='ocr_carea' id='block_1_6' title="bbox 721 682 873 728">
    <p class='ocr_par' dir='ltr' id='par_1_6' title="bbox 721 682 873 728">
     <span class='ocr_line' id='line_1_6' title="bbox 721 682 873 728; baseline -0.013 0"><span class='ocrx_word' id='word_1_26' title='bbox 721 682 873 728; x_wconf 86' lang='lat' dir='ltr'><strong>runt.</strong></span> 
     </span>
    </p>
   </div>
   <div class='ocr_carea' id='block_1_7' title="bbox 793 959 2296 1034">
    <p class='ocr_par' dir='ltr' id='par_1_7' title="bbox 793 959 2296 1034">
     <span class='ocr_line' id='line_1_7' title="bbox 793 959 2296 1034; baseline 0.007 -20"><span class='ocrx_word' id='word_1_27' title='bbox 793 961 846 1014; x_wconf 74' lang='lat'><strong>3.</strong></span> <span class='ocrx_word' id='word_1_28' title='bbox 884 959 988 1015; x_wconf 82' lang='lat' dir='ltr'><strong>Sed</strong></span> <span class='ocrx_word' id='word_1_29' title='bbox 1020 962 1166 1015; x_wconf 88' lang='lat' dir='ltr'><strong>enim</strong></span> <span class='ocrx_word' id='word_1_30' title='bbox 1202 976 1326 1016; x_wconf 89' lang='lat' dir='ltr'><strong>cum</strong></span> <span class='ocrx_word' id='word_1_31' title='bbox 1358 977 1469 1017; x_wconf 89' lang='lat' dir='ltr'><strong>non</strong></span> <span class='ocrx_word' id='word_1_32' title='bbox 1506 963 1573 1019; x_wconf 87' lang='lat' dir='ltr'><strong>ad</strong></span> <span class='ocrx_word' id='word_1_33' title='bbox 1622 973 1920 1034; x_wconf 69' lang='lat' dir='ltr'><strong>praesentes</strong></span> <span class='ocrx_word' id='word_1_34' title='bbox 1940 975 2150 1022; x_wconf 79' lang='lat' dir='ltr'><strong>tantum</strong></span> <span class='ocrx_word' id='word_1_35' title='bbox 2194 970 2296 1023; x_wconf 87' lang='lat' dir='ltr'><strong>ho-</strong></span> 
     </span>
    </p>
   </div>
   <div class='ocr_carea' id='block_1_8' title="bbox 719 1052 2295 1125">
    <p class='ocr_par' dir='ltr' id='par_1_8' title="bbox 719 1052 2295 1125">
     <span class='ocr_line' id='line_1_8' title="bbox 719 1052 2295 1125; baseline 0.006 -22"><span class='ocrx_word' id='word_1_36' title='bbox 719 1052 920 1110; x_wconf 80' lang='lat' dir='ltr'><strong>mines.</strong></span> <span class='ocrx_word' id='word_1_37' title='bbox 956 1054 1049 1105; x_wconf 88' lang='lat' dir='ltr'><strong>sed</strong></span> <span class='ocrx_word' id='word_1_38' title='bbox 1086 1053 1152 1106; x_wconf 88' lang='lat' dir='ltr'><strong>ad</strong></span> <span class='ocrx_word' id='word_1_39' title='bbox 1186 1068 1283 1108; x_wconf 83' lang='lat' dir='ltr'><strong>eos</strong></span> <span class='ocrx_word' id='word_1_40' title='bbox 1317 1055 1507 1117; x_wconf 87' lang='lat' dir='ltr'><strong>etiam,</strong></span> <span class='ocrx_word' id='word_1_41' title='bbox 1555 1056 1647 1124; x_wconf 90' lang='lat' dir='ltr'><strong>qui</strong></span> <span class='ocrx_word' id='word_1_42' title='bbox 1694 1065 1815 1125; x_wconf 87' lang='lat' dir='ltr'><strong>post</strong></span> <span class='ocrx_word' id='word_1_43' title='bbox 1845 1073 1946 1111; x_wconf 90' lang='lat' dir='ltr'><strong>nos</strong></span> <span class='ocrx_word' id='word_1_44' title='bbox 2001 1070 2295 1114; x_wconf 82' lang='lat' dir='ltr'><strong>nascentur</strong></span> 
     </span>
    </p>
   </div>
   <div class='ocr_carea' id='block_1_9' title="bbox 717 1144 2291 1217">
    <p class='ocr_par' dir='ltr' id='par_1_9' title="bbox 717 1144 2291 1217">
     <span class='ocr_line' id='line_1_9' title="bbox 717 1144 2291 1217; baseline 0.008 -24"><span class='ocrx_word' id='word_1_45' title='bbox 717 1155 771 1195; x_wconf 85' lang='lat' dir='ltr'><strong>et</strong></span> <span class='ocrx_word' id='word_1_46' title='bbox 799 1145 1035 1203; x_wconf 80' lang='lat' dir='ltr'><strong>venient,</strong></span> <span class='ocrx_word' id='word_1_47' title='bbox 1082 1145 1242 1199; x_wconf 78' lang='lat' dir='ltr'><strong>verba</strong></span> <span class='ocrx_word' id='word_1_48' title='bbox 1306 1144 1560 1207; x_wconf 79' lang='lat' dir='ltr'><strong>facimus,</strong></span> <span class='ocrx_word' id='word_1_49' title='bbox 1613 1147 1799 1201; x_wconf 65' lang='lat' dir='ltr'><strong>nescio</strong></span> <span class='ocrx_word' id='word_1_50' title='bbox 1844 1149 1973 1217; x_wconf 86' lang='lat' dir='ltr'><strong>quid</strong></span> <span class='ocrx_word' id='word_1_51' title='bbox 2025 1153 2291 1212; x_wconf 69' lang='lat' dir='ltr'><strong>agendum</strong></span> 
     </span>
    </p>
   </div>
   <div class='ocr_carea' id='block_1_10' title="bbox 720 1234 2297 1306">
    <p class='ocr_par' dir='ltr' id='par_1_10' title="bbox 720 1234 2297 1306">
     <span class='ocr_line' id='line_1_10' title="bbox 720 1234 2297 1306; baseline 0.004 -18"><span class='ocrx_word' id='word_1_52' title='bbox 720 1234 877 1288; x_wconf 85' lang='lat' dir='ltr'><strong>nobis</strong></span> <span class='ocrx_word' id='word_1_53' title='bbox 909 1234 999 1287; x_wconf 90' lang='lat' dir='ltr'><strong>sit.</strong></span> <span class='ocrx_word' id='word_1_54' title='bbox 1056 1235 1264 1288; x_wconf 82' lang='lat' dir='ltr'><strong>Etenim</strong></span> <span class='ocrx_word' id='word_1_55' title='bbox 1322 1237 1367 1289; x_wconf 89' lang='lat' dir='ltr'><strong>si</strong></span> <span class='ocrx_word' id='word_1_56' title='bbox 1395 1252 1518 1290; x_wconf 82' lang='lat' dir='ltr'><strong>cum</strong></span> <span class='ocrx_word' id='word_1_57' title='bbox 1548 1240 1914 1306; x_wconf 82' lang='lat' dir='ltr'><strong>pr:rsentibus</strong></span> <span class='ocrx_word' id='word_1_58' title='bbox 1966 1256 2150 1293; x_wconf 79' lang='lat' dir='ltr'><strong>sermo</strong></span> <span class='ocrx_word' id='word_1_59' title='bbox 2201 1242 2297 1295; x_wconf 81' lang='lat' dir='ltr'><strong>lia-</strong></span> 
     </span>
    </p>
   </div>
   <div class='ocr_carea' id='block_1_11' title="bbox 717 1322 2291 1395">
    <p class='ocr_par' dir='ltr' id='par_1_11' title="bbox 717 1322 2291 1395">
     <span class='ocr_line' id='line_1_11' title="bbox 717 1322 2291 1395; baseline 0.008 -20"><span class='ocrx_word' id='word_1_60' title='bbox 717 1322 962 1384; x_wconf 76' lang='lat' dir='ltr'><strong>lieretur,</strong></span> <span class='ocrx_word' id='word_1_61' title='bbox 1030 1335 1143 1377; x_wconf 91' lang='lat' dir='ltr'><strong>tum</strong></span> <span class='ocrx_word' id='word_1_62' title='bbox 1199 1330 1242 1377; x_wconf 85' lang='lat' dir='ltr'><strong>si</strong></span> <span class='ocrx_word' id='word_1_63' title='bbox 1301 1327 1572 1395; x_wconf 72' lang='lat' dir='ltr'><strong>quisp‘am</strong></span> <span class='ocrx_word' id='word_1_64' title='bbox 1652 1331 1808 1383; x_wconf 72' lang='lat' dir='ltr'><strong>uoltis</strong></span> <span class='ocrx_word' id='word_1_65' title='bbox 1871 1332 2291 1394; x_wconf 80' lang='lat' dir='ltr'><strong>eoutradieeret,</strong></span> 
     </span>
    </p>
   </div>
   <div class='ocr_carea' id='block_1_12' title="bbox 716 1415 2290 1486">
    <p class='ocr_par' dir='ltr' id='par_1_12' title="bbox 716 1415 2290 1486">
     <span class='ocr_line' id='line_1_12' title="bbox 716 1415 2290 1486; baseline 0.006 -19"><span class='ocrx_word' id='word_1_66' title='bbox 716 1415 921 1468; x_wconf 74' lang='lat' dir='ltr'><strong>nostris</strong></span> <span class='ocrx_word' id='word_1_67' title='bbox 945 1417 1172 1468; x_wconf 69' lang='lat' dir='ltr'><strong>aurilzus</strong></span> <span class='ocrx_word' id='word_1_68' title='bbox 1207 1417 1356 1470; x_wconf 89' lang='lat' dir='ltr'><strong>illius</strong></span> <span class='ocrx_word' id='word_1_69' title='bbox 1375 1419 1813 1486; x_wconf 83' lang='lat' dir='ltr'><strong>oppositinnihus</strong></span> <span class='ocrx_word' id='word_1_70' title='bbox 1848 1422 2075 1481; x_wconf 87' lang='lat' dir='ltr'><strong>auditis,</strong></span> <span class='ocrx_word' id='word_1_71' title='bbox 2106 1422 2290 1478; x_wconf 82' lang='lat' dir='ltr'><strong>forsan</strong></span> 
     </span>
    </p>
   </div>
   <div class='ocr_carea' id='block_1_13' title="bbox 714 1492 2293 1578">
    <p class='ocr_par' dir='ltr' id='par_1_13' title="bbox 714 1492 2293 1578">
     <span class='ocr_line' id='line_1_13' title="bbox 714 1492 2293 1578; baseline 0.004 -19"><span class='ocrx_word' id='word_1_72' title='bbox 714 1492 1077 1573; x_wconf 77' lang='lat' dir='ltr'><strong>respondendi</strong></span> <span class='ocrx_word' id='word_1_73' title='bbox 1114 1523 1308 1561; x_wconf 83' lang='lat' dir='ltr'><strong>ausam</strong></span> <span class='ocrx_word' id='word_1_74' title='bbox 1343 1507 1483 1561; x_wconf 79' lang='lat' dir='ltr'><strong>Deus</strong></span> <span class='ocrx_word' id='word_1_75' title='bbox 1516 1512 1862 1574; x_wconf 83' lang='lat' dir='ltr'><strong>concederet,</strong></span> <span class='ocrx_word' id='word_1_76' title='bbox 1900 1528 1963 1564; x_wconf 84' lang='lat' dir='ltr'><strong>ex</strong></span> <span class='ocrx_word' id='word_1_77' title='bbox 1994 1527 2103 1578; x_wconf 77' lang='lat' dir='ltr'><strong>quo</strong></span> <span class='ocrx_word' id='word_1_78' title='bbox 2130 1527 2293 1566; x_wconf 88' lang='lat' dir='ltr'><strong>omne</strong></span> 
     </span>
    </p>
   </div>
   <div class='ocr_carea' id='block_1_14' title="bbox 713 1598 2292 1672">
    <p class='ocr_par' dir='ltr' id='par_1_14' title="bbox 713 1598 2292 1672">
     <span class='ocr_line' id='line_1_14' title="bbox 713 1598 2292 1672; baseline 0.004 -21"><span class='ocrx_word' id='word_1_79' title='bbox 713 1598 917 1651; x_wconf 79' lang='lat' dir='ltr'><strong>donum</strong></span> <span class='ocrx_word' id='word_1_80' title='bbox 946 1600 1273 1666; x_wconf 77' lang='lat' dir='ltr'><strong>perfectum.</strong></span> <span class='ocrx_word' id='word_1_81' title='bbox 1304 1601 1545 1654; x_wconf 86' lang='lat' dir='ltr'><strong>animum</strong></span> <span class='ocrx_word' id='word_1_82' title='bbox 1601 1617 1759 1654; x_wconf 89' lang='lat' dir='ltr'><strong>suum</strong></span> <span class='ocrx_word' id='word_1_83' title='bbox 1797 1602 1863 1659; x_wconf 83' lang='lat' dir='ltr'><strong>ad</strong></span> <span class='ocrx_word' id='word_1_84' title='bbox 1911 1603 2061 1655; x_wconf 91' lang='lat' dir='ltr'><strong>illum</strong></span> <span class='ocrx_word' id='word_1_85' title='bbox 2114 1604 2292 1672; x_wconf 86' lang='lat' dir='ltr'><strong>appli-</strong></span> 
     </span>
    </p>
   </div>
   <div class='ocr_carea' id='block_1_15' title="bbox 717 1691 2286 1762">
    <p class='ocr_par' dir='ltr' id='par_1_15' title="bbox 717 1691 2286 1762">
     <span class='ocr_line' id='line_1_15' title="bbox 717 1691 2286 1762; baseline 0.005 -20"><span class='ocrx_word' id='word_1_86' title='bbox 717 1692 970 1745; x_wconf 86' lang='lat' dir='ltr'><strong>cantibus</strong></span> <span class='ocrx_word' id='word_1_87' title='bbox 1006 1709 1018 1744; x_wconf 87' lang='lat'><strong>:</strong></span> <span class='ocrx_word' id='word_1_88' title='bbox 1057 1704 1110 1743; x_wconf 90' lang='lat' dir='ltr'><strong>et</strong></span> <span class='ocrx_word' id='word_1_89' title='bbox 1136 1691 1264 1744; x_wconf 82' lang='lat' dir='ltr'><strong>licet</strong></span> <span class='ocrx_word' id='word_1_90' title='bbox 1297 1692 1419 1746; x_wconf 90' lang='lat' dir='ltr'><strong>illos</strong></span> <span class='ocrx_word' id='word_1_91' title='bbox 1471 1693 1799 1760; x_wconf 80' lang='lat' dir='ltr'><strong>persuadere</strong></span> <span class='ocrx_word' id='word_1_92' title='bbox 1817 1709 1924 1746; x_wconf 90' lang='lat' dir='ltr'><strong>non</strong></span> <span class='ocrx_word' id='word_1_93' title='bbox 1958 1697 2286 1762; x_wconf 79' lang='lat' dir='ltr'><strong>valeremus,</strong></span> 
     </span>
    </p>
   </div>
   <div class='ocr_carea' id='block_1_16' title="bbox 718 1784 2289 1850">
    <p class='ocr_par' dir='ltr' id='par_1_16' title="bbox 718 1784 2289 1850">
     <span class='ocr_line' id='line_1_16' title="bbox 718 1784 2289 1850; baseline 0.008 -18"><span class='ocrx_word' id='word_1_94' title='bbox 718 1795 934 1850; x_wconf 70' lang='lat' dir='ltr'><strong>gratum</strong></span> <span class='ocrx_word' id='word_1_95' title='bbox 992 1794 1172 1839; x_wconf 81' lang='lat' dir='ltr'><strong>tamen</strong></span> <span class='ocrx_word' id='word_1_96' title='bbox 1221 1784 1379 1837; x_wconf 79' lang='lat' dir='ltr'><strong>nobis</strong></span> <span class='ocrx_word' id='word_1_97' title='bbox 1436 1786 1731 1845; x_wconf 87' lang='lat' dir='ltr'><strong>accideret.</strong></span> <span class='ocrx_word' id='word_1_98' title='bbox 1790 1787 2127 1843; x_wconf 89' lang='lat' dir='ltr'><strong>intuentibus</strong></span> <span class='ocrx_word' id='word_1_99' title='bbox 2192 1806 2289 1845; x_wconf 83' lang='lat' dir='ltr'><strong>eos</strong></span> 
     </span>
    </p>
   </div>
   <div class='ocr_carea' id='block_1_17' title="bbox 2401 584 3978 659">
    <p class='ocr_par' dir='ltr' id='par_1_17' title="bbox 2401 584 3978 659">
     <span class='ocr_line' id='line_1_17' title="bbox 2401 584 3978 659; baseline 0.001 -21"><span class='ocrx_word' id='word_1_100' title='bbox 2401 584 2643 657; x_wconf 78' lang='grc' dir='ltr'><strong>δευτέρῳ</strong></span> <span class='ocrx_word' id='word_1_101' title='bbox 2678 589 2988 659; x_wconf 77' lang='grc' dir='ltr'><strong>ἐκθήσομεν</strong></span> <span class='ocrx_word' id='word_1_102' title='bbox 3018 590 3081 642; x_wconf 83' lang='grc' dir='ltr'><strong>τὸ</strong></span> <span class='ocrx_word' id='word_1_103' title='bbox 3126 587 3337 653; x_wconf 78' lang='grc' dir='ltr'><strong>λοιπὸν,</strong></span> <span class='ocrx_word' id='word_1_104' title='bbox 3363 588 3456 641; x_wconf 80' lang='grc' dir='ltr'><strong>τὸν</strong></span> <span class='ocrx_word' id='word_1_105' title='bbox 3502 587 3723 657; x_wconf 73' lang='grc' dir='ltr'><strong>ἔλεγχον</strong></span> <span class='ocrx_word' id='word_1_106' title='bbox 3754 588 3978 657; x_wconf 77' lang='grc' dir='ltr'><strong>δηλαδὴ,</strong></span> 
     </span>
    </p>
   </div>
   <div class='ocr_carea' id='block_1_18' title="bbox 2399 674 3981 751">
    <p class='ocr_par' dir='ltr' id='par_1_18' title="bbox 2399 674 3981 751">
     <span class='ocr_line' id='line_1_18' title="bbox 2399 674 3981 751; baseline 0 -20"><span class='ocrx_word' id='word_1_107' title='bbox 2399 674 2476 731; x_wconf 83' lang='grc' dir='ltr'><strong>ὦν</strong></span> <span class='ocrx_word' id='word_1_108' title='bbox 2504 695 2562 732; x_wconf 88' lang='grc' dir='ltr'><strong>τε</strong></span> <span class='ocrx_word' id='word_1_109' title='bbox 2597 676 2788 745; x_wconf 84' lang='grc' dir='ltr'><strong>εἷπον,</strong></span> <span class='ocrx_word' id='word_1_110' title='bbox 2820 683 2916 734; x_wconf 78' lang='grc' dir='ltr'><strong>καὶ</strong></span> <span class='ocrx_word' id='word_1_111' title='bbox 2948 674 3024 735; x_wconf 80' lang='grc' dir='ltr'><strong>ὧν</strong></span> <span class='ocrx_word' id='word_1_112' title='bbox 3068 679 3479 751; x_wconf 71' lang='grc' dir='ltr'><strong>συνεγράψαντο</strong></span> <span class='ocrx_word' id='word_1_113' title='bbox 3509 682 3559 733; x_wconf 74' lang='grc' dir='ltr'><strong>οἱ</strong></span> <span class='ocrx_word' id='word_1_114' title='bbox 3584 678 3728 732; x_wconf 85' lang='grc' dir='ltr'><strong>κατὰ</strong></span> <span class='ocrx_word' id='word_1_115' title='bbox 3755 679 3981 749; x_wconf 69' lang='grc' dir='ltr'><strong>καιροὺς</strong></span> 
     </span>
    </p>
   </div>
   <div class='ocr_carea' id='block_1_19' title="bbox 2400 769 3981 844">
    <p class='ocr_par' dir='ltr' id='par_1_19' title="bbox 2400 769 3981 844">
     <span class='ocr_line' id='line_1_19' title="bbox 2400 769 3981 844; baseline 0.002 -22"><span class='ocrx_word' id='word_1_116' title='bbox 2400 771 2539 840; x_wconf 77' lang='grc' dir='ltr'><strong>πρὸς</strong></span> <span class='ocrx_word' id='word_1_117' title='bbox 2572 769 2671 843; x_wconf 78' lang='grc' dir='ltr'><strong>τὴν</strong></span> <span class='ocrx_word' id='word_1_118' title='bbox 2712 772 3029 844; x_wconf 73' lang='grc' dir='ltr'><strong>Ῥωμαϊκὴν</strong></span> <span class='ocrx_word' id='word_1_119' title='bbox 3083 774 3415 844; x_wconf 78' lang='grc' dir='ltr'>Ἐκκλησίαν</span> <span class='ocrx_word' id='word_1_120' title='bbox 3435 773 3528 829; x_wconf 77' lang='grc' dir='ltr'><strong>τὸν</strong></span> <span class='ocrx_word' id='word_1_121' title='bbox 3557 773 3659 842; x_wconf 78' lang='grc' dir='ltr'><strong>τῆς</strong></span> <span class='ocrx_word' id='word_1_122' title='bbox 3694 772 3981 838; x_wconf 80' lang='grc' dir='ltr'><strong>διαλέξεως</strong></span> 
     </span>
    </p>
   </div>
   <div class='ocr_carea' id='block_1_20' title="bbox 2405 864 3038 937">
    <p class='ocr_par' dir='ltr' id='par_1_20' title="bbox 2405 864 3038 937">
     <span class='ocr_line' id='line_1_20' title="bbox 2405 864 3038 937; baseline 0.009 -22"><span class='ocrx_word' id='word_1_123' title='bbox 2405 864 2595 931; x_wconf 81' lang='grc' dir='ltr'><strong>ἀγῶνα</strong></span> <span class='ocrx_word' id='word_1_124' title='bbox 2621 866 3038 937; x_wconf 77' lang='grc' dir='ltr'><strong>ἀναδεξάμενοι.</strong></span> 
     </span>
    </p>
   </div>
   <div class='ocr_carea' id='block_1_21' title="bbox 2464 952 3979 1029">
    <p class='ocr_par' dir='ltr' id='par_1_21' title="bbox 2464 952 3979 1029">
     <span class='ocr_line' id='line_1_21' title="bbox 2464 952 3979 1029; baseline -0.001 -20"><span class='ocrx_word' id='word_1_125' title='bbox 2464 952 2535 1023; x_wconf 91' lang='grc' dir='ltr'><strong>γ’.</strong></span> <span class='ocrx_word' id='word_1_126' title='bbox 2575 957 2725 1009; x_wconf 77' lang='grc' dir='ltr'><strong>Ἐπεὶ</strong></span> <span class='ocrx_word' id='word_1_127' title='bbox 2756 957 2813 1012; x_wconf 79' lang='grc' dir='ltr'><strong>δὲ</strong></span> <span class='ocrx_word' id='word_1_128' title='bbox 2857 960 2919 1011; x_wconf 75' lang='grc' dir='ltr'><strong>οὐ</strong></span> <span class='ocrx_word' id='word_1_129' title='bbox 2966 959 3105 1029; x_wconf 84' lang='grc' dir='ltr'><strong>πρὸς</strong></span> <span class='ocrx_word' id='word_1_130' title='bbox 3152 958 3349 1027; x_wconf 78' lang='grc' dir='ltr'><strong>μόνους</strong></span> <span class='ocrx_word' id='word_1_131' title='bbox 3388 958 3517 1020; x_wconf 79' lang='grc' dir='ltr'><strong>τοὺς</strong></span> <span class='ocrx_word' id='word_1_132' title='bbox 3551 958 3831 1027; x_wconf 76' lang='grc' dir='ltr'>παρόντας</span> <span class='ocrx_word' id='word_1_133' title='bbox 3870 958 3979 1010; x_wconf 71' lang='grc' dir='ltr'><strong>τῶν</strong></span> 
     </span>
    </p>
   </div>
   <div class='ocr_carea' id='block_1_22' title="bbox 2397 1048 3979 1120">
    <p class='ocr_par' dir='ltr' id='par_1_22' title="bbox 2397 1048 3979 1120">
     <span class='ocr_line' id='line_1_22' title="bbox 2397 1048 3979 1120; baseline 0.001 -20"><span class='ocrx_word' id='word_1_134' title='bbox 2397 1048 2725 1116; x_wconf 84' lang='grc' dir='ltr'><strong>ἀνθρώπων,</strong></span> <span class='ocrx_word' id='word_1_135' title='bbox 2755 1050 2889 1103; x_wconf 64' lang='grc' dir='ltr'><strong>ἀλλὰ</strong></span> <span class='ocrx_word' id='word_1_136' title='bbox 2935 1052 3032 1103; x_wconf 71' lang='grc' dir='ltr'><strong>καὶ</strong></span> <span class='ocrx_word' id='word_1_137' title='bbox 3077 1051 3217 1120; x_wconf 79' lang='grc' dir='ltr'><strong>πρὸς</strong></span> <span class='ocrx_word' id='word_1_138' title='bbox 3244 1053 3373 1113; x_wconf 75' lang='grc' dir='ltr'><strong>τοὺς</strong></span> <span class='ocrx_word' id='word_1_139' title='bbox 3400 1051 3685 1118; x_wconf 78' lang='grc' dir='ltr'><strong>ὁψιγόνους</strong></span> <span class='ocrx_word' id='word_1_140' title='bbox 3716 1051 3812 1104; x_wconf 70' lang='grc' dir='ltr'><strong>καὶ</strong></span> <span class='ocrx_word' id='word_1_141' title='bbox 3848 1050 3979 1118; x_wconf 82' lang='grc' dir='ltr'><strong>μέλ-</strong></span> 
     </span>
    </p>
   </div>
   <div class='ocr_carea' id='block_1_23' title="bbox 2395 1139 3980 1213">
    <p class='ocr_par' dir='ltr' id='par_1_23' title="bbox 2395 1139 3980 1213">
     <span class='ocr_line' id='line_1_23' title="bbox 2395 1139 3980 1213; baseline 0.002 -21"><span class='ocrx_word' id='word_1_142' title='bbox 2395 1140 2585 1203; x_wconf 88' lang='grc' dir='ltr'><strong>λοντας</strong></span> <span class='ocrx_word' id='word_1_143' title='bbox 2630 1144 2755 1205; x_wconf 73' lang='grc' dir='ltr'><strong>τοὺς</strong></span> <span class='ocrx_word' id='word_1_144' title='bbox 2776 1144 2970 1211; x_wconf 85' lang='grc' dir='ltr'><strong>λόγους</strong></span> <span class='ocrx_word' id='word_1_145' title='bbox 3009 1144 3335 1213; x_wconf 77' lang='grc' dir='ltr'><strong>ποιούμεθα,</strong></span> <span class='ocrx_word' id='word_1_146' title='bbox 3376 1145 3478 1195; x_wconf 83' lang='grc' dir='ltr'><strong>οὐκ</strong></span> <span class='ocrx_word' id='word_1_147' title='bbox 3511 1139 3612 1194; x_wconf 79' lang='grc' dir='ltr'><strong>οἷδ’</strong></span> <span class='ocrx_word' id='word_1_148' title='bbox 3635 1144 3662 1194; x_wconf 86' lang='grc' dir='ltr'><strong>ὅ</strong></span> <span class='ocrx_word' id='word_1_149' title='bbox 3691 1159 3744 1195; x_wconf 83' lang='grc' dir='ltr'><strong>τι</strong></span> <span class='ocrx_word' id='word_1_150' title='bbox 3776 1142 3844 1195; x_wconf 82' lang='grc' dir='ltr'><strong>ἂν</strong></span> <span class='ocrx_word' id='word_1_151' title='bbox 3885 1142 3980 1195; x_wconf 76' lang='grc' dir='ltr'><strong>καὶ</strong></span> 
     </span>
    </p>
   </div>
   <div class='ocr_carea' id='block_1_24' title="bbox 2395 1232 3979 1305">
    <p class='ocr_par' dir='ltr' id='par_1_24' title="bbox 2395 1232 3979 1305">
     <span class='ocr_line' id='line_1_24' title="bbox 2395 1232 3979 1305; baseline 0.002 -20"><span class='ocrx_word' id='word_1_152' title='bbox 2395 1232 2856 1302; x_wconf 78' lang='grc' dir='ltr'><strong>διαπραξαέμεθα.</strong></span> <span class='ocrx_word' id='word_1_153' title='bbox 2884 1234 2946 1287; x_wconf 81' lang='grc' dir='ltr'><strong>Εἰ</strong></span> <span class='ocrx_word' id='word_1_154' title='bbox 2985 1236 3095 1304; x_wconf 70' lang='grc' dir='ltr'><strong>γὰρ</strong></span> <span class='ocrx_word' id='word_1_155' title='bbox 3138 1236 3275 1305; x_wconf 78' lang='grc' dir='ltr'><strong>πρὸς</strong></span> <span class='ocrx_word' id='word_1_156' title='bbox 3307 1235 3504 1301; x_wconf 77' lang='grc' dir='ltr'><strong>μόνους</strong></span> <span class='ocrx_word' id='word_1_157' title='bbox 3535 1235 3664 1297; x_wconf 78' lang='grc' dir='ltr'><strong>τοὺς</strong></span> <span class='ocrx_word' id='word_1_158' title='bbox 3700 1234 3979 1303; x_wconf 72' lang='grc' dir='ltr'><strong>παρόντας</strong></span> 
     </span>
    </p>
   </div>
   <div class='ocr_carea' id='block_1_25' title="bbox 2394 1307 3977 1396">
    <p class='ocr_par' dir='ltr' id='par_1_25' title="bbox 2394 1307 3977 1396">
     <span class='ocr_line' id='line_1_25' title="bbox 2394 1307 3977 1396; baseline 0 -19"><span class='ocrx_word' id='word_1_159' title='bbox 2394 1320 2462 1395; x_wconf 77' lang='grc' dir='ltr'><strong>ἦν</strong></span> <span class='ocrx_word' id='word_1_160' title='bbox 2491 1328 2517 1378; x_wconf 81' lang='grc' dir='ltr'>ὁ</span> <span class='ocrx_word' id='word_1_161' title='bbox 2541 1326 2696 1392; x_wconf 80' lang='grc' dir='ltr'><strong>λόγος</strong></span> <span class='ocrx_word' id='word_1_162' title='bbox 2722 1329 2873 1395; x_wconf 74' lang='grc' dir='ltr'><strong>ἡμῖν,</strong></span> <span class='ocrx_word' id='word_1_163' title='bbox 2892 1330 2939 1379; x_wconf 83' lang='grc' dir='ltr'><strong>εἰ</strong></span> <span class='ocrx_word' id='word_1_164' title='bbox 2963 1329 3055 1380; x_wconf 75' lang='grc' dir='ltr'><strong>καί</strong></span> <span class='ocrx_word' id='word_1_165' title='bbox 3082 1344 3230 1387; x_wconf 86' lang='grc' dir='ltr'><strong>τινες</strong></span> <span class='ocrx_word' id='word_1_166' title='bbox 3253 1327 3361 1380; x_wconf 82' lang='grc' dir='ltr'><strong>τῶν</strong></span> <span class='ocrx_word' id='word_1_167' title='bbox 3387 1329 3519 1396; x_wconf 81' lang='grc' dir='ltr'><strong>ἡμῖν</strong></span> <span class='ocrx_word' id='word_1_168' title='bbox 3540 1307 3977 1395; x_wconf 63' lang='grc' dir='ltr'><strong>ἐντυγχανόντων</strong></span> 
     </span>
    </p>
   </div>
   <div class='ocr_carea' id='block_1_26' title="bbox 2395 1417 3974 1486">
    <p class='ocr_par' dir='ltr' id='par_1_26' title="bbox 2395 1417 3974 1486">
     <span class='ocr_line' id='line_1_26' title="bbox 2395 1417 3974 1486; baseline 0 -17"><span class='ocrx_word' id='word_1_169' title='bbox 2395 1417 2701 1484; x_wconf 75' lang='grc' dir='ltr'><strong>ἀντέλεγον,</strong></span> <span class='ocrx_word' id='word_1_170' title='bbox 2736 1418 2870 1470; x_wconf 80' lang='grc' dir='ltr'><strong>ἀλλά</strong></span> <span class='ocrx_word' id='word_1_171' title='bbox 2913 1435 2976 1486; x_wconf 88' lang='grc' dir='ltr'><strong>γε</strong></span> <span class='ocrx_word' id='word_1_172' title='bbox 3024 1419 3159 1480; x_wconf 84' lang='grc' dir='ltr'><strong>τέως</strong></span> <span class='ocrx_word' id='word_1_173' title='bbox 3192 1420 3251 1470; x_wconf 77' lang='grc' dir='ltr'><strong>τὸ</strong></span> <span class='ocrx_word' id='word_1_174' title='bbox 3282 1420 3376 1471; x_wconf 74' lang='grc' dir='ltr'><strong>ἐπὶ</strong></span> <span class='ocrx_word' id='word_1_175' title='bbox 3423 1421 3545 1479; x_wconf 83' lang='grc' dir='ltr'><strong>ταῖς</strong></span> <span class='ocrx_word' id='word_1_176' title='bbox 3594 1418 3974 1479; x_wconf 83' lang='grc' dir='ltr'><strong>άντιθέσεσιν,</strong></span> 
     </span>
    </p>
   </div>
   <div class='ocr_carea' id='block_1_27' title="bbox 2395 1510 3978 1579">
    <p class='ocr_par' dir='ltr' id='par_1_27' title="bbox 2395 1510 3978 1579">
     <span class='ocr_line' id='line_1_27' title="bbox 2395 1510 3978 1579; baseline 0.001 -20"><span class='ocrx_word' id='word_1_177' title='bbox 2395 1511 2661 1578; x_wconf 79' lang='grc' dir='ltr'><strong>αὐτήκοον</strong></span> <span class='ocrx_word' id='word_1_178' title='bbox 2693 1510 2849 1579; x_wconf 78' lang='grc' dir='ltr'><strong>ἡμῶν</strong></span> <span class='ocrx_word' id='word_1_179' title='bbox 2875 1513 3137 1578; x_wconf 83' lang='grc' dir='ltr'><strong>παρεῖχεν</strong></span> <span class='ocrx_word' id='word_1_180' title='bbox 3169 1510 3236 1564; x_wconf 86' lang='grc' dir='ltr'><strong>ἂν</strong></span> <span class='ocrx_word' id='word_1_181' title='bbox 3268 1510 3565 1576; x_wconf 59' lang='grc' dir='ltr'><strong>ἀπολογίας</strong></span> <span class='ocrx_word' id='word_1_182' title='bbox 3592 1513 3727 1578; x_wconf 71' lang='grc' dir='ltr'><strong>ἡμῖν</strong></span> <span class='ocrx_word' id='word_1_183' title='bbox 3761 1511 3978 1578; x_wconf 75' lang='grc' dir='ltr'><strong>εὕρεσιν</strong></span> 
     </span>
    </p>
   </div>
   <div class='ocr_carea' id='block_1_28' title="bbox 2395 1597 3976 1671">
    <p class='ocr_par' dir='ltr' id='par_1_28' title="bbox 2395 1597 3976 1671">
     <span class='ocr_line' id='line_1_28' title="bbox 2395 1597 3976 1671; baseline 0.003 -22"><span class='ocrx_word' id='word_1_184' title='bbox 2395 1599 2528 1667; x_wconf 79' lang='grc' dir='ltr'><strong>πρὸς</strong></span> <span class='ocrx_word' id='word_1_185' title='bbox 2553 1600 2707 1662; x_wconf 74' lang='grc' dir='ltr'><strong>Θεὸν,</strong></span> <span class='ocrx_word' id='word_1_186' title='bbox 2727 1603 2785 1666; x_wconf 80' lang='grc' dir='ltr'><strong>ἐξ</strong></span> <span class='ocrx_word' id='word_1_187' title='bbox 2815 1597 2875 1653; x_wconf 76' lang='grc' dir='ltr'><strong>οὗ</strong></span> <span class='ocrx_word' id='word_1_188' title='bbox 2903 1604 3011 1654; x_wconf 71' lang='grc' dir='ltr'><strong>πᾶν</strong></span> <span class='ocrx_word' id='word_1_189' title='bbox 3033 1602 3266 1671; x_wconf 82' lang='grc' dir='ltr'><strong>δώρημα</strong></span> <span class='ocrx_word' id='word_1_190' title='bbox 3298 1602 3526 1663; x_wconf 83' lang='grc' dir='ltr'><strong>τέλειον,</strong></span> <span class='ocrx_word' id='word_1_191' title='bbox 3545 1604 3637 1653; x_wconf 73' lang='grc' dir='ltr'><strong>τὸν</strong></span> <span class='ocrx_word' id='word_1_192' title='bbox 3665 1603 3791 1654; x_wconf 74' lang='grc' dir='ltr'><strong>νοῦν</strong></span> <span class='ocrx_word' id='word_1_193' title='bbox 3817 1603 3976 1670; x_wconf 73' lang='grc' dir='ltr'><strong>ἡμῶν</strong></span> 
     </span>
    </p>
   </div>
   <div class='ocr_carea' id='block_1_29' title="bbox 2392 1685 3968 1760">
    <p class='ocr_par' dir='ltr' id='par_1_29' title="bbox 2392 1685 3968 1760">
     <span class='ocr_line' id='line_1_29' title="bbox 2392 1685 3968 1760; baseline 0.003 -23"><span class='ocrx_word' id='word_1_194' title='bbox 2392 1685 2767 1743; x_wconf 72' lang='grc' dir='ltr'><strong>ἀνατείνουσι·</strong></span> <span class='ocrx_word' id='word_1_195' title='bbox 2805 1691 2897 1740; x_wconf 79' lang='grc' dir='ltr'><strong>καὶ</strong></span> <span class='ocrx_word' id='word_1_196' title='bbox 2943 1692 2990 1741; x_wconf 82' lang='grc' dir='ltr'><strong>εἰ</strong></span> <span class='ocrx_word' id='word_1_197' title='bbox 3040 1692 3113 1759; x_wconf 83' lang='grc' dir='ltr'><strong>μή</strong></span> <span class='ocrx_word' id='word_1_198' title='bbox 3144 1707 3211 1757; x_wconf 88' lang='grc' dir='ltr'><strong>γε</strong></span> <span class='ocrx_word' id='word_1_199' title='bbox 3246 1695 3433 1744; x_wconf 83' lang='grc' dir='ltr'><strong>πεῖσαι</strong></span> <span class='ocrx_word' id='word_1_200' title='bbox 3474 1693 3675 1755; x_wconf 64' lang='grc' dir='ltr'><strong>αὐτοὺς</strong></span> <span class='ocrx_word' id='word_1_201' title='bbox 3722 1693 3968 1760; x_wconf 79' lang='grc' dir='ltr'><strong>εἴχομεν,</strong></span> 
     </span>
    </p>
   </div>
   <div class='ocr_carea' id='block_1_30' title="bbox 2393 1777 3973 1850">
    <p class='ocr_par' dir='ltr' id='par_1_30' title="bbox 2393 1777 3973 1850">
     <span class='ocr_line' id='line_1_30' title="bbox 2393 1777 3973 1850; baseline 0.004 -21"><span class='ocrx_word' id='word_1_202' title='bbox 2393 1777 2508 1829; x_wconf 77' lang='grc' dir='ltr'><strong>ἀλλ’</strong></span> <span class='ocrx_word' id='word_1_203' title='bbox 2536 1778 2821 1848; x_wconf 81' lang='grc' dir='ltr'><strong>ἀγαπητὸν</strong></span> <span class='ocrx_word' id='word_1_204' title='bbox 2856 1780 2923 1833; x_wconf 80' lang='grc' dir='ltr'><strong>ἃν</strong></span> <span class='ocrx_word' id='word_1_205' title='bbox 2948 1784 3081 1849; x_wconf 78' lang='grc' dir='ltr'><strong>ἡμῖν</strong></span> <span class='ocrx_word' id='word_1_206' title='bbox 3110 1782 3410 1850; x_wconf 77' lang='grc' dir='ltr'><strong>συνορῶσιν</strong></span> <span class='ocrx_word' id='word_1_207' title='bbox 3438 1783 3658 1845; x_wconf 70' lang='grc' dir='ltr'><strong>αὐτοὺς,</strong></span> <span class='ocrx_word' id='word_1_208' title='bbox 3685 1784 3743 1848; x_wconf 77' lang='grc' dir='ltr'><strong>ἐξ</strong></span> <span class='ocrx_word' id='word_1_209' title='bbox 3766 1784 3973 1850; x_wconf 80' lang='grc' dir='ltr'><strong>ἀλόγου</strong></span> 
     </span>
    </p>
   </div>
   <div class='ocr_carea' id='block_1_31' title="bbox 717 1849 2287 1946">
    <p class='ocr_par' dir='ltr' id='par_1_31' title="bbox 717 1874 2286 1946">
     <span class='ocr_line' id='line_1_31' title="bbox 717 1874 2286 1946; baseline 0.004 -18"><span class='ocrx_word' id='word_1_210' title='bbox 717 1874 1001 1928; x_wconf 68' lang='lat' dir='ltr'><strong>temeraria</strong></span> <span class='ocrx_word' id='word_1_211' title='bbox 1031 1876 1264 1944; x_wconf 85' lang='lat' dir='ltr'><strong>quadam</strong></span> <span class='ocrx_word' id='word_1_212' title='bbox 1300 1878 1599 1943; x_wconf 50' lang='lat' dir='ltr'><strong>frrieacia</strong></span> <span class='ocrx_word' id='word_1_213' title='bbox 1642 1878 1835 1933; x_wconf 72' lang='lat' dir='ltr'><strong>ductos</strong></span> <span class='ocrx_word' id='word_1_214' title='bbox 1888 1882 2286 1946; x_wconf 77' lang='lat' dir='ltr'><strong>contradicere,</strong></span> 
     </span>
    </p>
   </div>
   <div class='ocr_carea' id='block_1_32' title="bbox 2388 1849 3975 1946">
    <p class='ocr_par' dir='ltr' id='par_1_32' title="bbox 2392 1849 3975 1945">
     <span class='ocr_line' id='line_1_32' title="bbox 2392 1849 3975 1945; baseline 0.004 -25"><span class='ocrx_word' id='word_1_215' title='bbox 2392 1871 2695 1939; x_wconf 83' lang='grc' dir='ltr'><strong>πεισμονῆς</strong></span> <span class='ocrx_word' id='word_1_216' title='bbox 2751 1872 3083 1939; x_wconf 75' lang='grc' dir='ltr'><strong>ἐρχομένους</strong></span> <span class='ocrx_word' id='word_1_217' title='bbox 3113 1849 3251 1939; x_wconf 75' lang='grc' dir='ltr'><strong>πρὸς</strong></span> <span class='ocrx_word' id='word_1_218' title='bbox 3290 1875 3387 1941; x_wconf 79' lang='grc' dir='ltr'><strong>τὴν</strong></span> <span class='ocrx_word' id='word_1_219' title='bbox 3428 1875 3785 1945; x_wconf 72' lang='grc' dir='ltr'><strong>ἀντίρῤησιν,</strong></span> <span class='ocrx_word' id='word_1_220' title='bbox 3817 1849 3975 1944; x_wconf 85' lang='grc' dir='ltr'><strong>νίκην</strong></span> 
     </span>
    </p>
   </div>
   <div class='ocr_carea' id='block_1_33' title="bbox 713 1950 2291 2036">
    <p class='ocr_par' dir='ltr' id='par_1_33' title="bbox 713 1950 2291 2036">
     <span class='ocr_line' id='line_1_33' title="bbox 713 1950 2291 2036; baseline 0.003 -13"><span class='ocrx_word' id='word_1_221' title='bbox 713 1950 771 2023; x_wconf 72' lang='grc' dir='ltr'><strong>εί</strong></span> <span class='ocrx_word' id='word_1_222' title='bbox 809 1970 911 2023; x_wconf 86' lang='lat' dir='ltr'><strong>hoc</strong></span> <span class='ocrx_word' id='word_1_223' title='bbox 949 1969 1124 2034; x_wconf 86' lang='lat' dir='ltr'><strong>ipsum</strong></span> <span class='ocrx_word' id='word_1_224' title='bbox 1158 1973 1448 2025; x_wconf 83' lang='lat' dir='ltr'><strong>victoriam</strong></span> <span class='ocrx_word' id='word_1_225' title='bbox 1481 1970 1948 2036; x_wconf 79' lang='lat' dir='ltr'><strong>existimaremus,</strong></span> <span class='ocrx_word' id='word_1_226' title='bbox 2013 1974 2291 2027; x_wconf 83' lang='lat' dir='ltr'><strong>contradi-</strong></span> 
     </span>
    </p>
   </div>
   <div class='ocr_carea' id='block_1_34' title="bbox 712 2061 2286 2117">
    <p class='ocr_par' dir='ltr' id='par_1_34' title="bbox 712 2061 2286 2117">
     <span class='ocr_line' id='line_1_34' title="bbox 712 2061 2286 2117; baseline 0.002 -3"><span class='ocrx_word' id='word_1_227' title='bbox 712 2061 987 2117; x_wconf 84' lang='lat' dir='ltr'><strong>ctionibus</strong></span> <span class='ocrx_word' id='word_1_228' title='bbox 1011 2071 1192 2115; x_wconf 85' lang='lat' dir='ltr'><strong>mente</strong></span> <span class='ocrx_word' id='word_1_229' title='bbox 1234 2078 1298 2116; x_wconf 89' lang='lat' dir='ltr'><strong>ac</strong></span> <span class='ocrx_word' id='word_1_230' title='bbox 1326 2063 1537 2115; x_wconf 76' lang='lat' dir='ltr'><strong>ratione</strong></span> <span class='ocrx_word' id='word_1_231' title='bbox 1580 2063 1767 2115; x_wconf 83' lang='lat' dir='ltr'><strong>vacuis</strong></span> <span class='ocrx_word' id='word_1_232' title='bbox 1801 2063 1968 2117; x_wconf 78' lang='lat' dir='ltr'><strong>vinci.</strong></span> <span class='ocrx_word' id='word_1_233' title='bbox 2018 2061 2122 2117; x_wconf 87' lang='lat' dir='ltr'><strong>Sed</strong></span> <span class='ocrx_word' id='word_1_234' title='bbox 2162 2079 2286 2117; x_wconf 90' lang='lat' dir='ltr'><strong>cum</strong></span> 
     </span>
    </p>
   </div>
   <div class='ocr_carea' id='block_1_35' title="bbox 711 2153 2285 2219">
    <p class='ocr_par' dir='ltr' id='par_1_35' title="bbox 711 2153 2285 2219">
     <span class='ocr_line' id='line_1_35' title="bbox 711 2153 2285 2219; baseline 0.003 -14"><span class='ocrx_word' id='word_1_235' title='bbox 711 2153 778 2205; x_wconf 88' lang='lat' dir='ltr'><strong>ad</strong></span> <span class='ocrx_word' id='word_1_236' title='bbox 810 2163 1057 2219; x_wconf 77' lang='lat' dir='ltr'><strong>posteros</strong></span> <span class='ocrx_word' id='word_1_237' title='bbox 1084 2155 1209 2216; x_wconf 86' lang='lat' dir='ltr'><strong>erit,</strong></span> <span class='ocrx_word' id='word_1_238' title='bbox 1241 2163 1294 2207; x_wconf 90' lang='lat' dir='ltr'><strong>et</strong></span> <span class='ocrx_word' id='word_1_239' title='bbox 1337 2153 1404 2206; x_wconf 87' lang='lat' dir='ltr'><strong>ad</strong></span> <span class='ocrx_word' id='word_1_240' title='bbox 1438 2169 1555 2217; x_wconf 91' lang='lat' dir='ltr'><strong>eos,</strong></span> <span class='ocrx_word' id='word_1_241' title='bbox 1604 2170 1739 2217; x_wconf 80' lang='lat' dir='ltr'><strong>quos</strong></span> <span class='ocrx_word' id='word_1_242' title='bbox 1783 2164 1997 2219; x_wconf 82' lang='lat' dir='ltr'><strong>tempus</strong></span> <span class='ocrx_word' id='word_1_243' title='bbox 2044 2154 2285 2209; x_wconf 83' lang='lat' dir='ltr'><strong>futurum</strong></span> 
     </span>
    </p>
   </div>
   <div class='ocr_carea' id='block_1_36' title="bbox 712 2243 2284 2300">
    <p class='ocr_par' dir='ltr' id='par_1_36' title="bbox 712 2243 2284 2300">
     <span class='ocr_line' id='line_1_36' title="bbox 712 2243 2284 2300; baseline 0.002 -3"><span class='ocrx_word' id='word_1_244' title='bbox 712 2243 779 2297; x_wconf 86' lang='lat' dir='ltr'><strong>ad</strong></span> <span class='ocrx_word' id='word_1_245' title='bbox 811 2244 1347 2299; x_wconf 77' lang='lat' dir='ltr'><strong>Commentariorum</strong></span> <span class='ocrx_word' id='word_1_246' title='bbox 1386 2245 1580 2297; x_wconf 85' lang='lat' dir='ltr'><strong>lmrnm</strong></span> <span class='ocrx_word' id='word_1_247' title='bbox 1627 2251 1941 2298; x_wconf 81' lang='lat' dir='ltr'><strong>nostrorum</strong></span> <span class='ocrx_word' id='word_1_248' title='bbox 1993 2246 2284 2300; x_wconf 84' lang='lat' dir='ltr'><strong>lectionem</strong></span> 
     </span>
    </p>
   </div>
   <div class='ocr_carea' id='block_1_37' title="bbox 709 2334 2289 2404">
    <p class='ocr_par' dir='ltr' id='par_1_37' title="bbox 709 2334 2289 2404">
     <span class='ocr_line' id='line_1_37' title="bbox 709 2334 2289 2404; baseline 0.003 -18"><span class='ocrx_word' id='word_1_249' title='bbox 709 2334 1021 2402; x_wconf 80' lang='lat' dir='ltr'><strong>compellet,</strong></span> <span class='ocrx_word' id='word_1_250' title='bbox 1059 2340 1279 2403; x_wconf 81' lang='lat' dir='ltr'><strong>quando</strong></span> <span class='ocrx_word' id='word_1_251' title='bbox 1302 2350 1408 2397; x_wconf 82' lang='lat' dir='ltr'><strong>non</strong></span> <span class='ocrx_word' id='word_1_252' title='bbox 1458 2335 1711 2390; x_wconf 73' lang='lat' dir='ltr'><strong>novimus</strong></span> <span class='ocrx_word' id='word_1_253' title='bbox 1738 2350 1902 2404; x_wconf 83' lang='lat' dir='ltr'><strong>quam</strong></span> <span class='ocrx_word' id='word_1_254' title='bbox 1946 2336 2020 2389; x_wconf 91' lang='lat' dir='ltr'><strong>illi</strong></span> <span class='ocrx_word' id='word_1_255' title='bbox 2069 2348 2289 2391; x_wconf 75' lang='lat' dir='ltr'><strong>senten-</strong></span> 
     </span>
    </p>
   </div>
   <div class='ocr_carea' id='block_1_38' title="bbox 709 2427 2287 2501">
    <p class='ocr_par' dir='ltr' id='par_1_38' title="bbox 709 2427 2287 2501">
     <span class='ocr_line' id='line_1_38' title="bbox 709 2427 2287 2501; baseline 0.003 -23"><span class='ocrx_word' id='word_1_256' title='bbox 709 2427 841 2479; x_wconf 85' lang='lat' dir='ltr'><strong>tiam</strong></span> <span class='ocrx_word' id='word_1_257' title='bbox 870 2436 923 2479; x_wconf 87' lang='lat' dir='ltr'><strong>et</strong></span> <span class='ocrx_word' id='word_1_258' title='bbox 954 2429 1240 2481; x_wconf 82' lang='lat' dir='ltr'><strong>consilium</strong></span> <span class='ocrx_word' id='word_1_259' title='bbox 1269 2438 1594 2494; x_wconf 70' lang='lat' dir='ltr'><strong>sequentur,</strong></span> <span class='ocrx_word' id='word_1_260' title='bbox 1633 2430 1747 2482; x_wconf 85' lang='lat' dir='ltr'><strong>sive</strong></span> <span class='ocrx_word' id='word_1_261' title='bbox 1771 2438 1977 2501; x_wconf 82' lang='lat' dir='ltr'><strong>rectum</strong></span> <span class='ocrx_word' id='word_1_262' title='bbox 2001 2440 2055 2483; x_wconf 89' lang='lat' dir='ltr'><strong>et</strong></span> <span class='ocrx_word' id='word_1_263' title='bbox 2079 2430 2287 2486; x_wconf 80' lang='lat' dir='ltr'><strong>discer-</strong></span> 
     </span>
    </p>
   </div>
   <div class='ocr_carea' id='block_1_39' title="bbox 710 2518 2288 2589">
    <p class='ocr_par' dir='ltr' id='par_1_39' title="bbox 710 2518 2288 2589">
     <span class='ocr_line' id='line_1_39' title="bbox 710 2518 2288 2589; baseline 0.006 -21"><span class='ocrx_word' id='word_1_264' title='bbox 710 2518 871 2571; x_wconf 73' lang='lat' dir='ltr'><strong>nendi</strong></span> <span class='ocrx_word' id='word_1_265' title='bbox 909 2519 957 2572; x_wconf 82' lang='lat' dir='ltr'><strong>vi</strong></span> <span class='ocrx_word' id='word_1_266' title='bbox 989 2519 1220 2586; x_wconf 82' lang='lat' dir='ltr'><strong>pollens,</strong></span> <span class='ocrx_word' id='word_1_267' title='bbox 1262 2528 1444 2583; x_wconf 76' lang='lat' dir='ltr'><strong>atque,</strong></span> <span class='ocrx_word' id='word_1_268' title='bbox 1484 2528 1540 2571; x_wconf 83' lang='lat' dir='ltr'><strong>ut</strong></span> <span class='ocrx_word' id='word_1_269' title='bbox 1580 2521 1743 2573; x_wconf 88' lang='lat' dir='ltr'><strong>verbo</strong></span> <span class='ocrx_word' id='word_1_270' title='bbox 1775 2522 2098 2589; x_wconf 80' lang='lat' dir='ltr'><strong>expediam,</strong></span> <span class='ocrx_word' id='word_1_271' title='bbox 2130 2537 2288 2588; x_wconf 83' lang='lat' dir='ltr'><strong>paca-</strong></span> 
     </span>
    </p>
   </div>
   <div class='ocr_carea' id='block_1_40' title="bbox 710 2610 2284 2679">
    <p class='ocr_par' dir='ltr' id='par_1_40' title="bbox 710 2610 2284 2679">
     <span class='ocr_line' id='line_1_40' title="bbox 710 2610 2284 2679; baseline 0.003 -17"><span class='ocrx_word' id='word_1_272' title='bbox 710 2621 846 2671; x_wconf 76' lang='lat' dir='ltr'><strong>tum,</strong></span> <span class='ocrx_word' id='word_1_273' title='bbox 884 2611 1076 2674; x_wconf 85' lang='lat' dir='ltr'><strong>quales</strong></span> <span class='ocrx_word' id='word_1_274' title='bbox 1137 2610 1340 2662; x_wconf 85' lang='lat' dir='ltr'><strong>multos</strong></span> <span class='ocrx_word' id='word_1_275' title='bbox 1393 2611 1703 2679; x_wconf 81' lang='lat' dir='ltr'><strong>probosque</strong></span> <span class='ocrx_word' id='word_1_276' title='bbox 1749 2622 1881 2668; x_wconf 63' lang='lat' dir='ltr'><strong>atlas</strong></span> <span class='ocrx_word' id='word_1_277' title='bbox 1922 2612 2035 2665; x_wconf 75' lang='lat' dir='ltr'><strong>luec</strong></span> <span class='ocrx_word' id='word_1_278' title='bbox 2093 2623 2284 2672; x_wconf 82' lang='lat' dir='ltr'><strong>nostra</strong></span> 
     </span>
    </p>
   </div>
   <div class='ocr_carea' id='block_1_41' title="bbox 711 2700 2280 2772">
    <p class='ocr_par' dir='ltr' id='par_1_41' title="bbox 711 2700 2280 2772">
     <span class='ocr_line' id='line_1_41' title="bbox 711 2700 2280 2772; baseline 0.004 -22"><span class='ocrx_word' id='word_1_279' title='bbox 711 2701 855 2755; x_wconf 82' lang='lat' dir='ltr'><strong>tulit.</strong></span> <span class='ocrx_word' id='word_1_280' title='bbox 887 2700 1001 2752; x_wconf 81' lang='lat' dir='ltr'><strong>sive</strong></span> <span class='ocrx_word' id='word_1_281' title='bbox 1026 2701 1297 2765; x_wconf 77' lang='lat' dir='ltr'><strong>pertinax,</strong></span> <span class='ocrx_word' id='word_1_282' title='bbox 1326 2701 1518 2767; x_wconf 83' lang='lat' dir='ltr'><strong>quales</strong></span> <span class='ocrx_word' id='word_1_283' title='bbox 1569 2701 1733 2753; x_wconf 86' lang='lat' dir='ltr'><strong>etiam</strong></span> <span class='ocrx_word' id='word_1_284' title='bbox 1789 2718 1934 2755; x_wconf 89' lang='lat' dir='ltr'><strong>nunc</strong></span> <span class='ocrx_word' id='word_1_285' title='bbox 1980 2702 2125 2772; x_wconf 88' lang='lat' dir='ltr'><strong>iique</strong></span> <span class='ocrx_word' id='word_1_286' title='bbox 2173 2720 2280 2757; x_wconf 91' lang='lat' dir='ltr'><strong>non</strong></span> 
     </span>
    </p>
   </div>
   <div class='ocr_carea' id='block_1_42' title="bbox 709 2791 2283 2860">
    <p class='ocr_par' dir='ltr' id='par_1_42' title="bbox 709 2791 2283 2860">
     <span class='ocr_line' id='line_1_42' title="bbox 709 2791 2283 2860; baseline 0.004 -18"><span class='ocrx_word' id='word_1_287' title='bbox 709 2792 867 2860; x_wconf 82' lang='lat' dir='ltr'><strong>pauci</strong></span> <span class='ocrx_word' id='word_1_288' title='bbox 903 2793 1099 2858; x_wconf 85' lang='lat' dir='ltr'><strong>reperti</strong></span> <span class='ocrx_word' id='word_1_289' title='bbox 1125 2800 1273 2852; x_wconf 88' lang='lat' dir='ltr'><strong>sunt,</strong></span> <span class='ocrx_word' id='word_1_290' title='bbox 1319 2791 1451 2845; x_wconf 85' lang='lat' dir='ltr'><strong>nihil</strong></span> <span class='ocrx_word' id='word_1_291' title='bbox 1484 2792 1973 2860; x_wconf 73' lang='lat' dir='ltr'><strong>disceptationibus</strong></span> <span class='ocrx_word' id='word_1_292' title='bbox 2026 2805 2080 2849; x_wconf 89' lang='lat' dir='ltr'><strong>et</strong></span> <span class='ocrx_word' id='word_1_293' title='bbox 2116 2796 2283 2848; x_wconf 87' lang='lat' dir='ltr'><strong>ratio-</strong></span> 
     </span>
    </p>
   </div>
   <div class='ocr_carea' id='block_1_43' title="bbox 705 2884 2273 2954">
    <p class='ocr_par' dir='ltr' id='par_1_43' title="bbox 705 2884 2273 2954">
     <span class='ocr_line' id='line_1_43' title="bbox 705 2884 2273 2954; baseline 0.002 -16"><span class='ocrx_word' id='word_1_294' title='bbox 705 2886 923 2938; x_wconf 81' lang='lat' dir='ltr'><strong>nalilms</strong></span> <span class='ocrx_word' id='word_1_295' title='bbox 958 2884 1178 2951; x_wconf 75' lang='lat' dir='ltr'><strong>judiciis</strong></span> <span class='ocrx_word' id='word_1_296' title='bbox 1212 2886 1537 2946; x_wconf 76' lang='lat' dir='ltr'><strong>tribuentes,</strong></span> <span class='ocrx_word' id='word_1_297' title='bbox 1596 2885 1688 2937; x_wconf 89' lang='lat' dir='ltr'><strong>sed</strong></span> <span class='ocrx_word' id='word_1_298' title='bbox 1739 2894 2017 2954; x_wconf 82' lang='lat' dir='ltr'><strong>utcunque</strong></span> <span class='ocrx_word' id='word_1_299' title='bbox 2066 2896 2273 2942; x_wconf 87' lang='lat' dir='ltr'><strong>temere</strong></span> 
     </span>
    </p>
   </div>
   <div class='ocr_carea' id='block_1_44' title="bbox 709 2975 2283 3042">
    <p class='ocr_par' dir='ltr' id='par_1_44' title="bbox 709 2975 2283 3042">
     <span class='ocr_line' id='line_1_44' title="bbox 709 2975 2283 3042; baseline 0.004 -15"><span class='ocrx_word' id='word_1_300' title='bbox 709 2976 1049 3042; x_wconf 77' lang='lat' dir='ltr'><strong>iusulseqne,</strong></span> <span class='ocrx_word' id='word_1_301' title='bbox 1101 2977 1194 3042; x_wconf 86' lang='lat' dir='ltr'><strong>qui</strong></span> <span class='ocrx_word' id='word_1_302' title='bbox 1242 2990 1337 3028; x_wconf 84' lang='lat' dir='ltr'><strong>eos</strong></span> <span class='ocrx_word' id='word_1_303' title='bbox 1400 2975 1762 3042; x_wconf 66' lang='lat' dir='ltr'><strong>prwiveruut.</strong></span> <span class='ocrx_word' id='word_1_304' title='bbox 1818 2985 2128 3042; x_wconf 79' lang='lat' dir='ltr'><strong>sequentes.</strong></span> <span class='ocrx_word' id='word_1_305' title='bbox 2181 2978 2283 3033; x_wconf 87' lang='lat' dir='ltr'><strong>hoc</strong></span> 
     </span>
    </p>
   </div>
   <div class='ocr_carea' id='block_1_45' title="bbox 711 3068 2280 3134">
    <p class='ocr_par' dir='ltr' id='par_1_45' title="bbox 711 3068 2280 3134">
     <span class='ocr_line' id='line_1_45' title="bbox 711 3068 2280 3134; baseline 0.002 -17"><span class='ocrx_word' id='word_1_306' title='bbox 711 3084 879 3120; x_wconf 65' lang='lat' dir='ltr'><strong>unum</strong></span> <span class='ocrx_word' id='word_1_307' title='bbox 945 3083 1167 3120; x_wconf 82' lang='lat' dir='ltr'><strong>sursum</strong></span> <span class='ocrx_word' id='word_1_308' title='bbox 1214 3068 1600 3134; x_wconf 77' lang='lat' dir='ltr'><strong>deorsumque,</strong></span> <span class='ocrx_word' id='word_1_309' title='bbox 1651 3068 2051 3134; x_wconf 67' lang='lat' dir='ltr'><strong>utfproverliio</strong></span> <span class='ocrx_word' id='word_1_310' title='bbox 2085 3069 2280 3132; x_wconf 80' lang='lat' dir='ltr'><strong>fertur,</strong></span> 
     </span>
    </p>
   </div>
   <div class='ocr_carea' id='block_1_46' title="bbox 2392 1960 3973 2035">
    <p class='ocr_par' dir='ltr' id='par_1_46' title="bbox 2392 1960 3973 2035">
     <span class='ocr_line' id='line_1_46' title="bbox 2392 1960 3973 2035; baseline 0.005 -22"><span class='ocrx_word' id='word_1_311' title='bbox 2392 1961 2524 2014; x_wconf 70' lang='grc' dir='ltr'><strong>αὐτὸ</strong></span> <span class='ocrx_word' id='word_1_312' title='bbox 2571 1960 2731 2015; x_wconf 81' lang='grc' dir='ltr'><strong>τοῦτο</strong></span> <span class='ocrx_word' id='word_1_313' title='bbox 2778 1965 3056 2031; x_wconf 78' lang='grc' dir='ltr'><strong>ἡγεῖσθαι.</strong></span> <span class='ocrx_word' id='word_1_314' title='bbox 3104 1966 3165 2018; x_wconf 75' lang='grc' dir='ltr'><strong>τὸ</strong></span> <span class='ocrx_word' id='word_1_315' title='bbox 3207 1966 3283 2035; x_wconf 81' lang='grc' dir='ltr'><strong>μὴ</strong></span> <span class='ocrx_word' id='word_1_316' title='bbox 3334 1967 3393 2031; x_wconf 80' lang='grc' dir='ltr'><strong>ἐξ</strong></span> <span class='ocrx_word' id='word_1_317' title='bbox 3443 1967 3680 2033; x_wconf 76' lang='grc' dir='ltr'><strong>ἐλλόγων</strong></span> <span class='ocrx_word' id='word_1_318' title='bbox 3713 1970 3973 2023; x_wconf 77' lang='grc' dir='ltr'><strong>νικᾶσθαι</strong></span> 
     </span>
    </p>
   </div>
   <div class='ocr_carea' id='block_1_47' title="bbox 2388 2051 3975 2131">
    <p class='ocr_par' dir='ltr' id='par_1_47' title="bbox 2388 2051 3975 2131">
     <span class='ocr_line' id='line_1_47' title="bbox 2388 2051 3975 2131; baseline 0.009 -28"><span class='ocrx_word' id='word_1_319' title='bbox 2388 2051 2497 2103; x_wconf 83' lang='grc' dir='ltr'><strong>τῶν</strong></span> <span class='ocrx_word' id='word_1_320' title='bbox 2527 2051 2928 2122; x_wconf 69' lang='grc' dir='ltr'><strong>ἀντιρρήσεων.</strong></span> <span class='ocrx_word' id='word_1_321' title='bbox 2979 2054 3131 2105; x_wconf 80' lang='grc' dir='ltr'><strong>Ἐπεὶ</strong></span> <span class='ocrx_word' id='word_1_322' title='bbox 3159 2055 3215 2107; x_wconf 85' lang='grc' dir='ltr'><strong>δέ</strong></span> <span class='ocrx_word' id='word_1_323' title='bbox 3246 2057 3340 2108; x_wconf 73' lang='grc' dir='ltr'><strong>καὶ</strong></span> <span class='ocrx_word' id='word_1_324' title='bbox 3374 2060 3510 2128; x_wconf 74' lang='grc' dir='ltr'><strong>πρὸς</strong></span> <span class='ocrx_word' id='word_1_325' title='bbox 3536 2062 3664 2123; x_wconf 70' lang='grc' dir='ltr'><strong>τοὺς</strong></span> <span class='ocrx_word' id='word_1_326' title='bbox 3687 2062 3975 2131; x_wconf 73' lang='grc' dir='ltr'><strong>ὀψιγόνους</strong></span> 
     </span>
    </p>
   </div>
   <div class='ocr_carea' id='block_1_48' title="bbox 2389 2143 3974 2223">
    <p class='ocr_par' dir='ltr' id='par_1_48' title="bbox 2389 2143 3974 2223">
     <span class='ocr_line' id='line_1_48' title="bbox 2389 2143 3974 2223; baseline 0.008 -27"><span class='ocrx_word' id='word_1_327' title='bbox 2389 2143 2613 2209; x_wconf 78' lang='grc' dir='ltr'><strong>ἐσεῖται,</strong></span> <span class='ocrx_word' id='word_1_328' title='bbox 2649 2147 2743 2196; x_wconf 83' lang='grc' dir='ltr'><strong>καὶ</strong></span> <span class='ocrx_word' id='word_1_329' title='bbox 2776 2144 2870 2206; x_wconf 77' lang='grc' dir='ltr'><strong>οὒς</strong></span> <span class='ocrx_word' id='word_1_330' title='bbox 2921 2146 2949 2196; x_wconf 86' lang='grc' dir='ltr'><strong>ό</strong></span> <span class='ocrx_word' id='word_1_331' title='bbox 2984 2145 3198 2214; x_wconf 80' lang='grc' dir='ltr'><strong>μέλλων</strong></span> <span class='ocrx_word' id='word_1_332' title='bbox 3227 2149 3416 2217; x_wconf 86' lang='grc' dir='ltr'><strong>χρόνος</strong></span> <span class='ocrx_word' id='word_1_333' title='bbox 3449 2153 3528 2213; x_wconf 80' lang='grc' dir='ltr'><strong>είς</strong></span> <span class='ocrx_word' id='word_1_334' title='bbox 3567 2154 3822 2223; x_wconf 82' lang='grc' dir='ltr'><strong>ἐντυχίαν</strong></span> <span class='ocrx_word' id='word_1_335' title='bbox 3863 2156 3974 2209; x_wconf 85' lang='grc' dir='ltr'><strong>τῶν</strong></span> 
     </span>
    </p>
   </div>
   <div class='ocr_carea' id='block_1_49' title="bbox 2390 2236 3971 2315">
    <p class='ocr_par' dir='ltr' id='par_1_49' title="bbox 2390 2236 3971 2315">
     <span class='ocr_line' id='line_1_49' title="bbox 2390 2236 3971 2315; baseline 0.009 -28"><span class='ocrx_word' id='word_1_336' title='bbox 2390 2236 2671 2304; x_wconf 79' lang='grc' dir='ltr'><strong>παρόντων</strong></span> <span class='ocrx_word' id='word_1_337' title='bbox 2722 2236 3011 2306; x_wconf 81' lang='grc' dir='ltr'><strong>ἡμετέρων</strong></span> <span class='ocrx_word' id='word_1_338' title='bbox 3060 2238 3236 2305; x_wconf 71' lang='grc' dir='ltr'><strong>λόγων</strong></span> <span class='ocrx_word' id='word_1_339' title='bbox 3283 2242 3525 2302; x_wconf 78' lang='grc' dir='ltr'><strong>καλέσοι,</strong></span> <span class='ocrx_word' id='word_1_340' title='bbox 3559 2245 3683 2297; x_wconf 78' lang='grc' dir='ltr'><strong>ἐπεὶ</strong></span> <span class='ocrx_word' id='word_1_341' title='bbox 3715 2247 3791 2315; x_wconf 83' lang='grc' dir='ltr'><strong>μὴ</strong></span> <span class='ocrx_word' id='word_1_342' title='bbox 3826 2248 3971 2301; x_wconf 72' lang='grc' dir='ltr'><strong>οἶδα-</strong></span> 
     </span>
    </p>
   </div>
   <div class='ocr_carea' id='block_1_50' title="bbox 2390 2328 3970 2406">
    <p class='ocr_par' dir='ltr' id='par_1_50' title="bbox 2390 2328 3970 2406">
     <span class='ocr_line' id='line_1_50' title="bbox 2390 2328 3970 2406; baseline 0.009 -26"><span class='ocrx_word' id='word_1_343' title='bbox 2390 2344 2522 2396; x_wconf 87' lang='grc' dir='ltr'><strong>μεν,</strong></span> <span class='ocrx_word' id='word_1_344' title='bbox 2554 2328 2745 2390; x_wconf 79' lang='grc' dir='ltr'><strong>ὁποίας</strong></span> <span class='ocrx_word' id='word_1_345' title='bbox 2787 2330 2855 2381; x_wconf 86' lang='grc' dir='ltr'><strong>ἂν</strong></span> <span class='ocrx_word' id='word_1_346' title='bbox 2895 2329 3126 2400; x_wconf 80' lang='grc' dir='ltr'><strong>γνώμης</strong></span> <span class='ocrx_word' id='word_1_347' title='bbox 3174 2334 3269 2385; x_wconf 77' lang='grc' dir='ltr'><strong>καὶ</strong></span> <span class='ocrx_word' id='word_1_348' title='bbox 3314 2337 3693 2406; x_wconf 82' lang='grc' dir='ltr'><strong>προαιρέσεως</strong></span> <span class='ocrx_word' id='word_1_349' title='bbox 3741 2340 3970 2405; x_wconf 79' lang='grc' dir='ltr'><strong>ἔσοιντο,</strong></span> 
     </span>
    </p>
   </div>
   <div class='ocr_carea' id='block_1_51' title="bbox 2387 2419 3973 2496">
    <p class='ocr_par' dir='ltr' id='par_1_51' title="bbox 2387 2419 3973 2496">
     <span class='ocr_line' id='line_1_51' title="bbox 2387 2419 3973 2496; baseline 0.012 -27"><span class='ocrx_word' id='word_1_350' title='bbox 2387 2419 2495 2470; x_wconf 72' lang='grc' dir='ltr'><strong>εἴτε</strong></span> <span class='ocrx_word' id='word_1_351' title='bbox 2538 2420 2637 2487; x_wconf 79' lang='grc' dir='ltr'><strong>τῆς</strong></span> <span class='ocrx_word' id='word_1_352' title='bbox 2668 2421 3050 2488; x_wconf 84' lang='grc' dir='ltr'><strong>εὐσυνειδήτου</strong></span> <span class='ocrx_word' id='word_1_353' title='bbox 3096 2425 3191 2478; x_wconf 74' lang='grc' dir='ltr'><strong>καὶ</strong></span> <span class='ocrx_word' id='word_1_354' title='bbox 3216 2425 3586 2496; x_wconf 79' lang='grc' dir='ltr'><strong>διακριτικῆς,</strong></span> <span class='ocrx_word' id='word_1_355' title='bbox 3623 2431 3806 2485; x_wconf 75' lang='grc' dir='ltr'><strong>καὶτὸ</strong></span> <span class='ocrx_word' id='word_1_356' title='bbox 3851 2436 3973 2488; x_wconf 80' lang='grc' dir='ltr'><strong>ὅλον</strong></span> 
     </span>
    </p>
   </div>
   <div class='ocr_carea' id='block_1_52' title="bbox 2386 2513 3973 2593">
    <p class='ocr_par' dir='ltr' id='par_1_52' title="bbox 2386 2513 3973 2593">
     <span class='ocr_line' id='line_1_52' title="bbox 2386 2513 3973 2593; baseline 0.012 -31"><span class='ocrx_word' id='word_1_357' title='bbox 2386 2513 2561 2564; x_wconf 73' lang='grc' dir='ltr'><strong>εἰπεῖν</strong></span> <span class='ocrx_word' id='word_1_358' title='bbox 2595 2516 2911 2584; x_wconf 78' lang='grc' dir='ltr'><strong>εἰρηνικῆς,</strong></span> <span class='ocrx_word' id='word_1_359' title='bbox 2942 2517 3161 2581; x_wconf 81' lang='grc' dir='ltr'><strong>ὁποίους</strong></span> <span class='ocrx_word' id='word_1_360' title='bbox 3205 2519 3436 2584; x_wconf 79' lang='grc' dir='ltr'><strong>πολλούς</strong></span> <span class='ocrx_word' id='word_1_361' title='bbox 3476 2538 3536 2577; x_wconf 74' lang='grc' dir='ltr'><strong>τε</strong></span> <span class='ocrx_word' id='word_1_362' title='bbox 3590 2526 3685 2577; x_wconf 75' lang='grc' dir='ltr'><strong>καὶ</strong></span> <span class='ocrx_word' id='word_1_363' title='bbox 3720 2527 3973 2593; x_wconf 77' lang='grc' dir='ltr'><strong>’ἀγαθοὺς</strong></span> 
     </span>
    </p>
   </div>
   <div class='ocr_carea' id='block_1_53' title="bbox 2384 2604 3970 2689">
    <p class='ocr_par' dir='ltr' id='par_1_53' title="bbox 2384 2604 3970 2689">
     <span class='ocr_line' id='line_1_53' title="bbox 2384 2604 3970 2689; baseline 0.011 -33"><span class='ocrx_word' id='word_1_364' title='bbox 2384 2605 2414 2656; x_wconf 81' lang='grc' dir='ltr'><strong>ὁ</strong></span> <span class='ocrx_word' id='word_1_365' title='bbox 2468 2604 2562 2657; x_wconf 79' lang='grc' dir='ltr'><strong>νῦν</strong></span> <span class='ocrx_word' id='word_1_366' title='bbox 2605 2607 2839 2672; x_wconf 79' lang='grc' dir='ltr'><strong>ἀνέδειξε</strong></span> <span class='ocrx_word' id='word_1_367' title='bbox 2900 2611 3126 2681; x_wconf 81' lang='grc' dir='ltr'><strong>χρόνος,</strong></span> <span class='ocrx_word' id='word_1_368' title='bbox 3168 2614 3278 2666; x_wconf 76' lang='grc' dir='ltr'><strong>εἴτε</strong></span> <span class='ocrx_word' id='word_1_369' title='bbox 3323 2615 3422 2684; x_wconf 78' lang='grc' dir='ltr'><strong>τῆς</strong></span> <span class='ocrx_word' id='word_1_370' title='bbox 3469 2624 3840 2689; x_wconf 78' lang='grc' dir='ltr'><strong>πεισματικῆς</strong></span> <span class='ocrx_word' id='word_1_371' title='bbox 3885 2639 3970 2685; x_wconf 82' lang='grc' dir='ltr'><strong>τε,</strong></span> 
     </span>
    </p>
   </div>
   <div class='ocr_carea' id='block_1_54' title="bbox 2384 2693 3969 2777">
    <p class='ocr_par' dir='ltr' id='par_1_54' title="bbox 2384 2693 3969 2777">
     <span class='ocr_line' id='line_1_54' title="bbox 2384 2693 3969 2777; baseline 0.013 -33"><span class='ocrx_word' id='word_1_372' title='bbox 2384 2693 2558 2746; x_wconf 78' lang='grc' dir='ltr'><strong>ὁποῖοι</strong></span> <span class='ocrx_word' id='word_1_373' title='bbox 2609 2697 2707 2748; x_wconf 72' lang='grc' dir='ltr'><strong>καὶ</strong></span> <span class='ocrx_word' id='word_1_374' title='bbox 2756 2699 2908 2752; x_wconf 76' lang='grc' dir='ltr'><strong>αὐτοὶ</strong></span> <span class='ocrx_word' id='word_1_375' title='bbox 2970 2701 3070 2754; x_wconf 83' lang='grc' dir='ltr'><strong>οὐκ</strong></span> <span class='ocrx_word' id='word_1_376' title='bbox 3124 2701 3293 2770; x_wconf 81' lang='grc' dir='ltr'><strong>ὀλίγοι</strong></span> <span class='ocrx_word' id='word_1_377' title='bbox 3345 2704 3440 2757; x_wconf 83' lang='grc' dir='ltr'><strong>νῦν</strong></span> <span class='ocrx_word' id='word_1_378' title='bbox 3489 2708 3875 2777; x_wconf 82' lang='grc' dir='ltr'><strong>ἀνεφάνησαν,</strong></span> <span class='ocrx_word' id='word_1_379' title='bbox 3907 2712 3969 2763; x_wconf 86' lang='grc' dir='ltr'><strong>οὐ</strong></span> 
     </span>
    </p>
   </div>
   <div class='ocr_carea' id='block_1_55' title="bbox 2385 2785 3972 2866">
    <p class='ocr_par' dir='ltr' id='par_1_55' title="bbox 2385 2785 3972 2866">
     <span class='ocr_line' id='line_1_55' title="bbox 2385 2785 3972 2866; baseline 0.011 -30"><span class='ocrx_word' id='word_1_380' title='bbox 2385 2785 2563 2852; x_wconf 85' lang='grc' dir='ltr'><strong>λόγοις</strong></span> <span class='ocrx_word' id='word_1_381' title='bbox 2608 2788 2702 2839; x_wconf 73' lang='grc' dir='ltr'><strong>καὶ</strong></span> <span class='ocrx_word' id='word_1_382' title='bbox 2738 2788 2983 2853; x_wconf 73' lang='grc' dir='ltr'><strong>λογικοῖς</strong></span> <span class='ocrx_word' id='word_1_383' title='bbox 3028 2792 3357 2859; x_wconf 83' lang='grc' dir='ltr'><strong>διαγνώσεσι</strong></span> <span class='ocrx_word' id='word_1_384' title='bbox 3402 2799 3804 2866; x_wconf 76' lang='grc' dir='ltr'><strong>προσνέμοντες</strong></span> <span class='ocrx_word' id='word_1_385' title='bbox 3839 2802 3972 2853; x_wconf 85' lang='grc' dir='ltr'><strong>ἐαυ-</strong></span> 
     </span>
    </p>
   </div>
   <div class='ocr_carea' id='block_1_56' title="bbox 2381 2880 3971 2961">
    <p class='ocr_par' dir='ltr' id='par_1_56' title="bbox 2381 2880 3971 2961">
     <span class='ocr_line' id='line_1_56' title="bbox 2381 2880 3971 2961; baseline 0.01 -31"><span class='ocrx_word' id='word_1_386' title='bbox 2381 2880 2529 2940; x_wconf 75' lang='grc' dir='ltr'><strong>τοὺς,</strong></span> <span class='ocrx_word' id='word_1_387' title='bbox 2561 2881 2677 2933; x_wconf 79' lang='grc' dir='ltr'><strong>ἀλλ’</strong></span> <span class='ocrx_word' id='word_1_388' title='bbox 2706 2881 2890 2946; x_wconf 82' lang='grc' dir='ltr'><strong>ἁπλῶς</strong></span> <span class='ocrx_word' id='word_1_389' title='bbox 2920 2883 3063 2935; x_wconf 76' lang='grc' dir='ltr'><strong>οὕτω</strong></span> <span class='ocrx_word' id='word_1_390' title='bbox 3110 2886 3213 2954; x_wconf 85' lang='grc' dir='ltr'><strong>τὴν</strong></span> <span class='ocrx_word' id='word_1_391' title='bbox 3256 2886 3541 2951; x_wconf 83' lang='grc' dir='ltr'><strong>ἀλόγιστον</strong></span> <span class='ocrx_word' id='word_1_392' title='bbox 3571 2893 3684 2952; x_wconf 82' lang='grc' dir='ltr'><strong>τοῖς</strong></span> <span class='ocrx_word' id='word_1_393' title='bbox 3722 2909 3971 2961; x_wconf 73' lang='grc' dir='ltr'><strong>προηγη-</strong></span> 
     </span>
    </p>
   </div>
   <div class='ocr_carea' id='block_1_57' title="bbox 2385 2972 3971 3049">
    <p class='ocr_par' dir='ltr' id='par_1_57' title="bbox 2385 2972 3971 3049">
     <span class='ocr_line' id='line_1_57' title="bbox 2385 2972 3971 3049; baseline 0.011 -28"><span class='ocrx_word' id='word_1_394' title='bbox 2385 2972 2643 3039; x_wconf 83' lang='grc' dir='ltr'><strong>σαμένοις</strong></span> <span class='ocrx_word' id='word_1_395' title='bbox 2697 2973 3167 3045; x_wconf 80' lang='grc' dir='ltr'><strong>κατακολούθησιν</strong></span> <span class='ocrx_word' id='word_1_396' title='bbox 3214 2979 3673 3049; x_wconf 77' lang='grc' dir='ltr'><strong>προαιρούμενοι.</strong></span> <span class='ocrx_word' id='word_1_397' title='bbox 3708 2982 3766 3034; x_wconf 86' lang='grc' dir='ltr'><strong>ἒν</strong></span> <span class='ocrx_word' id='word_1_398' title='bbox 3812 2985 3971 3037; x_wconf 75' lang='grc' dir='ltr'><strong>τοῦτο</strong></span> 
     </span>
    </p>
   </div>
   <div class='ocr_carea' id='block_1_58' title="bbox 2383 3063 3970 3140">
    <p class='ocr_par' dir='ltr' id='par_1_58' title="bbox 2383 3063 3970 3140">
     <span class='ocr_line' id='line_1_58' title="bbox 2383 3063 3970 3140; baseline 0.009 -26"><span class='ocrx_word' id='word_1_399' title='bbox 2383 3063 2478 3115; x_wconf 76' lang='grc' dir='ltr'><strong>καὶ</strong></span> <span class='ocrx_word' id='word_1_400' title='bbox 2509 3066 2668 3130; x_wconf 87' lang='grc' dir='ltr'><strong>μόνον</strong></span> <span class='ocrx_word' id='word_1_401' title='bbox 2700 3065 2813 3118; x_wconf 80' lang='grc' dir='ltr'><strong>ἄνω</strong></span> <span class='ocrx_word' id='word_1_402' title='bbox 2853 3067 2946 3119; x_wconf 77' lang='grc' dir='ltr'><strong>καὶ</strong></span> <span class='ocrx_word' id='word_1_403' title='bbox 2989 3068 3143 3121; x_wconf 84' lang='grc' dir='ltr'><strong>κάτω</strong></span> <span class='ocrx_word' id='word_1_404' title='bbox 3171 3067 3267 3121; x_wconf 83' lang='grc' dir='ltr'><strong>τοῦ</strong></span> <span class='ocrx_word' id='word_1_405' title='bbox 3300 3070 3462 3136; x_wconf 82' lang='grc' dir='ltr'><strong>λόγου</strong></span> <span class='ocrx_word' id='word_1_406' title='bbox 3496 3073 3881 3140; x_wconf 79' lang='grc' dir='ltr'><strong>προφέροντες,</strong></span> <span class='ocrx_word' id='word_1_407' title='bbox 3907 3079 3970 3129; x_wconf 77' lang='grc' dir='ltr'><strong>τὸ</strong></span> 
     </span>
    </p>
   </div>
   <div class='ocr_carea' id='block_1_59' title="bbox 707 3156 2287 3252">
    <p class='ocr_par' dir='ltr' id='par_1_59' title="bbox 707 3158 2277 3229">
     <span class='ocr_line' id='line_1_59' title="bbox 707 3158 2277 3229; baseline 0.002 -17"><span class='ocrx_word' id='word_1_408' title='bbox 707 3168 1021 3212; x_wconf 80' lang='lat' dir='ltr'><strong>asserentes</strong></span> <span class='ocrx_word' id='word_1_409' title='bbox 1049 3159 1335 3212; x_wconf 82' lang='lat' dir='ltr'><strong>dissidiutn</strong></span> <span class='ocrx_word' id='word_1_410' title='bbox 1371 3174 1476 3209; x_wconf 86' lang='lat' dir='ltr'><strong>nun</strong></span> <span class='ocrx_word' id='word_1_411' title='bbox 1538 3172 1659 3211; x_wconf 84' lang='lat' dir='ltr'><strong>esse</strong></span> <span class='ocrx_word' id='word_1_412' title='bbox 1696 3158 2101 3227; x_wconf 87' lang='lat' dir='ltr'><strong>deponendum,</strong></span> <span class='ocrx_word' id='word_1_413' title='bbox 2135 3163 2277 3229; x_wconf 84' lang='lat' dir='ltr'><strong>quod</strong></span> 
     </span>
    </p>
   </div>
   <div class='ocr_carea' id='block_1_60' title="bbox 2388 3156 3967 3252">
    <p class='ocr_par' dir='ltr' id='par_1_60' title="bbox 2388 3156 3967 3234">
     <span class='ocr_line' id='line_1_60' title="bbox 2388 3156 3967 3234; baseline 0.008 -28"><span class='ocrx_word' id='word_1_414' title='bbox 2388 3157 2462 3226; x_wconf 81' lang='grc' dir='ltr'><strong>μὴ</strong></span> <span class='ocrx_word' id='word_1_415' title='bbox 2510 3156 2622 3208; x_wconf 86' lang='grc' dir='ltr'><strong>δεῖν</strong></span> <span class='ocrx_word' id='word_1_416' title='bbox 2664 3158 2931 3226; x_wconf 79' lang='grc' dir='ltr'><strong>ἀθετῆσαι</strong></span> <span class='ocrx_word' id='word_1_417' title='bbox 2979 3161 3211 3229; x_wconf 88' lang='grc' dir='ltr'><strong>σχίσμα.</strong></span> <span class='ocrx_word' id='word_1_418' title='bbox 3248 3162 3386 3231; x_wconf 81' lang='grc' dir='ltr'><strong>ὅπερ</strong></span> <span class='ocrx_word' id='word_1_419' title='bbox 3413 3164 3461 3214; x_wconf 87' lang='grc' dir='ltr'><strong>οἱ</strong></span> <span class='ocrx_word' id='word_1_420' title='bbox 3493 3164 3597 3233; x_wconf 66' lang='grc' dir='ltr'><strong>πρδ</strong></span> <span class='ocrx_word' id='word_1_421' title='bbox 3630 3165 3821 3234; x_wconf 82' lang='grc' dir='ltr'><strong>ἡμῶν,</strong></span> <span class='ocrx_word' id='word_1_422' title='bbox 3857 3167 3967 3219; x_wconf 79' lang='grc' dir='ltr'><strong>εἴτε</strong></span> 
     </span>
    </p>
   </div>
   <div class='ocr_carea' id='block_1_61' title="bbox 708 3251 2279 3319">
    <p class='ocr_par' dir='ltr' id='par_1_61' title="bbox 708 3251 2279 3319">
     <span class='ocr_line' id='line_1_61' title="bbox 708 3251 2279 3319; baseline 0.002 -14"><span class='ocrx_word' id='word_1_423' title='bbox 708 3252 884 3305; x_wconf 88' lang='lat' dir='ltr'><strong>nostri</strong></span> <span class='ocrx_word' id='word_1_424' title='bbox 918 3252 1176 3318; x_wconf 75' lang='lat' dir='ltr'><strong>majores,</strong></span> <span class='ocrx_word' id='word_1_425' title='bbox 1208 3251 1324 3302; x_wconf 76' lang='lat' dir='ltr'><strong>sive</strong></span> <span class='ocrx_word' id='word_1_426' title='bbox 1361 3251 1547 3319; x_wconf 76' lang='lat' dir='ltr'><strong>prolie,</strong></span> <span class='ocrx_word' id='word_1_427' title='bbox 1576 3251 1689 3302; x_wconf 89' lang='lat' dir='ltr'><strong>sive</strong></span> <span class='ocrx_word' id='word_1_428' title='bbox 1724 3251 1884 3313; x_wconf 87' lang='lat' dir='ltr'><strong>maie,</strong></span> <span class='ocrx_word' id='word_1_429' title='bbox 1918 3254 2279 3308; x_wconf 84' lang='lat' dir='ltr'><strong>suscitarunt.</strong></span> 
     </span>
    </p>
   </div>
   <div class='ocr_carea' id='block_1_62' title="bbox 711 3344 2282 3414">
    <p class='ocr_par' dir='ltr' id='par_1_62' title="bbox 711 3344 2282 3414">
     <span class='ocr_line' id='line_1_62' title="bbox 711 3344 2282 3414; baseline 0.002 -17"><span class='ocrx_word' id='word_1_430' title='bbox 711 3346 773 3405; x_wconf 80' lang='lat' dir='ltr'><strong>lli</strong></span> <span class='ocrx_word' id='word_1_431' title='bbox 801 3347 1003 3414; x_wconf 79' lang='lat' dir='ltr'><strong>itaque,</strong></span> <span class='ocrx_word' id='word_1_432' title='bbox 1028 3345 1073 3399; x_wconf 84' lang='lat' dir='ltr'><strong>si</strong></span> <span class='ocrx_word' id='word_1_433' title='bbox 1115 3344 1367 3399; x_wconf 66' lang='lat' dir='ltr'><strong>seetnular</strong></span> <span class='ocrx_word' id='word_1_434' title='bbox 1412 3344 1745 3398; x_wconf 86' lang='lat' dir='ltr'><strong>conditionis</strong></span> <span class='ocrx_word' id='word_1_435' title='bbox 1799 3344 2021 3407; x_wconf 80' lang='lat' dir='ltr'><strong>fuerint,</strong></span> <span class='ocrx_word' id='word_1_436' title='bbox 2077 3349 2282 3400; x_wconf 82' lang='lat' dir='ltr'><strong>nostris</strong></span> 
     </span>
    </p>
   </div>
   <div class='ocr_carea' id='block_1_63' title="bbox 707 3435 2280 3503">
    <p class='ocr_par' dir='ltr' id='par_1_63' title="bbox 707 3435 2280 3503">
     <span class='ocr_line' id='line_1_63' title="bbox 707 3435 2280 3503; baseline 0.003 -16"><span class='ocrx_word' id='word_1_437' title='bbox 707 3435 859 3489; x_wconf 84' lang='lat' dir='ltr'><strong>hisce</strong></span> <span class='ocrx_word' id='word_1_438' title='bbox 890 3436 1265 3498; x_wconf 82' lang='lat' dir='ltr'><strong>sermonibus,</strong></span> <span class='ocrx_word' id='word_1_439' title='bbox 1303 3450 1401 3503; x_wconf 90' lang='lat' dir='ltr'><strong>pro</strong></span> <span class='ocrx_word' id='word_1_440' title='bbox 1456 3435 1863 3489; x_wconf 83' lang='lat' dir='ltr'><strong>corroboranda</strong></span> <span class='ocrx_word' id='word_1_441' title='bbox 1909 3438 2280 3493; x_wconf 79' lang='lat' dir='ltr'><strong>ecclesiaSIica</strong></span> 
     </span>
    </p>
   </div>
   <div class='ocr_carea' id='block_1_64' title="bbox 708 3527 2280 3594">
    <p class='ocr_par' dir='ltr' id='par_1_64' title="bbox 708 3527 2280 3594">
     <span class='ocr_line' id='line_1_64' title="bbox 708 3527 2280 3594; baseline 0.005 -18"><span class='ocrx_word' id='word_1_442' title='bbox 708 3544 841 3594; x_wconf 77' lang='lat' dir='ltr'><strong>pace</strong></span> <span class='ocrx_word' id='word_1_443' title='bbox 880 3528 1169 3591; x_wconf 57' lang='lat' dir='ltr'><strong>continetis,</strong></span> <span class='ocrx_word' id='word_1_444' title='bbox 1218 3527 1366 3581; x_wconf 92' lang='lat' dir='ltr'><strong>nullo</strong></span> <span class='ocrx_word' id='word_1_445' title='bbox 1415 3529 1578 3582; x_wconf 79' lang='lat' dir='ltr'><strong>modo</strong></span> <span class='ocrx_word' id='word_1_446' title='bbox 1619 3529 2124 3583; x_wconf 85' lang='lat' dir='ltr'><strong>consuadebuntur.</strong></span> <span class='ocrx_word' id='word_1_447' title='bbox 2174 3530 2280 3585; x_wconf 91' lang='lat' dir='ltr'><strong>Sed</strong></span> 
     </span>
    </p>
   </div>
   <div class='ocr_carea' id='block_1_65' title="bbox 708 3620 2278 3688">
    <p class='ocr_par' dir='ltr' id='par_1_65' title="bbox 708 3620 2278 3688">
     <span class='ocr_line' id='line_1_65' title="bbox 708 3620 2278 3688; baseline 0.003 -16"><span class='ocrx_word' id='word_1_448' title='bbox 708 3636 816 3673; x_wconf 89' lang='lat' dir='ltr'><strong>non</strong></span> <span class='ocrx_word' id='word_1_449' title='bbox 864 3629 1144 3688; x_wconf 82' lang='lat' dir='ltr'><strong>propterea</strong></span> <span class='ocrx_word' id='word_1_450' title='bbox 1177 3620 1336 3673; x_wconf 86' lang='lat' dir='ltr'><strong>nobis</strong></span> <span class='ocrx_word' id='word_1_451' title='bbox 1383 3620 1651 3673; x_wconf 88' lang='lat' dir='ltr'><strong>silendum</strong></span> <span class='ocrx_word' id='word_1_452' title='bbox 1701 3628 1807 3682; x_wconf 87' lang='lat' dir='ltr'><strong>est,</strong></span> <span class='ocrx_word' id='word_1_453' title='bbox 1849 3622 1941 3675; x_wconf 87' lang='lat' dir='ltr'><strong>sed</strong></span> <span class='ocrx_word' id='word_1_454' title='bbox 1991 3622 2055 3675; x_wconf 89' lang='lat' dir='ltr'><strong>ad</strong></span> <span class='ocrx_word' id='word_1_455' title='bbox 2108 3637 2278 3677; x_wconf 90' lang='lat' dir='ltr'><strong>unum</strong></span> 
     </span>
    </p>
   </div>
   <div class='ocr_carea' id='block_1_66' title="bbox 706 3710 2277 3780">
    <p class='ocr_par' dir='ltr' id='par_1_66' title="bbox 706 3710 2277 3780">
     <span class='ocr_line' id='line_1_66' title="bbox 706 3710 2277 3780; baseline 0.003 -18"><span class='ocrx_word' id='word_1_456' title='bbox 706 3713 886 3764; x_wconf 79' lang='lat' dir='ltr'><strong>solum</strong></span> <span class='ocrx_word' id='word_1_457' title='bbox 928 3711 1108 3762; x_wconf 82' lang='lat' dir='ltr'><strong>omnia</strong></span> <span class='ocrx_word' id='word_1_458' title='bbox 1168 3712 1467 3764; x_wconf 85' lang='lat' dir='ltr'><strong>intuentem</strong></span> <span class='ocrx_word' id='word_1_459' title='bbox 1527 3710 1772 3773; x_wconf 91' lang='lat' dir='ltr'><strong>oculum,</strong></span> <span class='ocrx_word' id='word_1_460' title='bbox 1809 3723 1861 3766; x_wconf 89' lang='lat' dir='ltr'><strong>et</strong></span> <span class='ocrx_word' id='word_1_461' title='bbox 1897 3715 1963 3765; x_wconf 86' lang='lat' dir='ltr'><strong>ad</strong></span> <span class='ocrx_word' id='word_1_462' title='bbox 2014 3712 2277 3780; x_wconf 85' lang='lat' dir='ltr'><strong>judicium</strong></span> 
     </span>
    </p>
   </div>
   <div class='ocr_carea' id='block_1_67' title="bbox 712 3803 2281 3873">
    <p class='ocr_par' dir='ltr' id='par_1_67' title="bbox 712 3803 2281 3873">
     <span class='ocr_line' id='line_1_67' title="bbox 712 3803 2281 3873; baseline 0.004 -17"><span class='ocrx_word' id='word_1_463' title='bbox 712 3804 863 3865; x_wconf 78' lang='lat' dir='ltr'><strong>illud,</strong></span> <span class='ocrx_word' id='word_1_464' title='bbox 900 3804 1046 3873; x_wconf 82' lang='lat' dir='ltr'><strong>quod</strong></span> <span class='ocrx_word' id='word_1_465' title='bbox 1085 3818 1244 3857; x_wconf 86' lang='lat' dir='ltr'><strong>nemo</strong></span> <span class='ocrx_word' id='word_1_466' title='bbox 1270 3804 1431 3865; x_wconf 81' lang='lat' dir='ltr'><strong>fallit,</strong></span> <span class='ocrx_word' id='word_1_467' title='bbox 1463 3812 1517 3857; x_wconf 93' lang='lat' dir='ltr'><strong>et</strong></span> <span class='ocrx_word' id='word_1_468' title='bbox 1554 3803 1697 3873; x_wconf 88' lang='lat' dir='ltr'><strong>apud</strong></span> <span class='ocrx_word' id='word_1_469' title='bbox 1726 3804 1869 3873; x_wconf 87' lang='lat' dir='ltr'><strong>quod</strong></span> <span class='ocrx_word' id='word_1_470' title='bbox 1901 3805 2281 3861; x_wconf 86' lang='lat' dir='ltr'><strong>nobisiusulse</strong></span> 
     </span>
    </p>
   </div>
   <div class='ocr_carea' id='block_1_68' title="bbox 706 3894 2281 3965">
    <p class='ocr_par' dir='ltr' id='par_1_68' title="bbox 706 3894 2281 3965">
     <span class='ocr_line' id='line_1_68' title="bbox 706 3894 2281 3965; baseline 0.002 -15"><span class='ocrx_word' id='word_1_471' title='bbox 706 3913 827 3954; x_wconf 72' lang='grc' dir='ltr'><strong>δεδι·</strong></span> <span class='ocrx_word' id='word_1_472' title='bbox 854 3898 1246 3965; x_wconf 76' lang='lat' dir='ltr'><strong>opperientium</strong></span> <span class='ocrx_word' id='word_1_473' title='bbox 1304 3894 1612 3950; x_wconf 76' lang='lat' dir='ltr'><strong>criminatio</strong></span> <span class='ocrx_word' id='word_1_474' title='bbox 1656 3897 1916 3950; x_wconf 82' lang='lat' dir='ltr'><strong>damnum</strong></span> <span class='ocrx_word' id='word_1_475' title='bbox 1952 3897 2160 3953; x_wconf 89' lang='lat' dir='ltr'><strong>nullum</strong></span> <span class='ocrx_word' id='word_1_476' title='bbox 2194 3899 2281 3953; x_wconf 90' lang='lat' dir='ltr'><strong>in-</strong></span> 
     </span>
    </p>
   </div>
   <div class='ocr_carea' id='block_1_69' title="bbox 707 3987 2283 4058">
    <p class='ocr_par' dir='ltr' id='par_1_69' title="bbox 707 3987 2283 4058">
     <span class='ocr_line' id='line_1_69' title="bbox 707 3987 2283 4058; baseline 0.001 -17"><span class='ocrx_word' id='word_1_477' title='bbox 707 3989 862 4048; x_wconf 81' lang='lat' dir='ltr'><strong>feret,</strong></span> <span class='ocrx_word' id='word_1_478' title='bbox 903 4003 1081 4054; x_wconf 84' lang='lat' dir='ltr'><strong>nequc</strong></span> <span class='ocrx_word' id='word_1_479' title='bbox 1110 3988 1254 4041; x_wconf 86' lang='lat' dir='ltr'><strong>enim</strong></span> <span class='ocrx_word' id='word_1_480' title='bbox 1290 3987 1362 4041; x_wconf 88' lang='lat' dir='ltr'><strong>ibi</strong></span> <span class='ocrx_word' id='word_1_481' title='bbox 1395 3987 1803 4041; x_wconf 89' lang='lat' dir='ltr'><strong>criminantium</strong></span> <span class='ocrx_word' id='word_1_482' title='bbox 1826 4003 1994 4057; x_wconf 89' lang='lat' dir='ltr'><strong>opus;</strong></span> <span class='ocrx_word' id='word_1_483' title='bbox 2021 3992 2283 4058; x_wconf 85' lang='lat' dir='ltr'><strong>quemad-</strong></span> 
     </span>
    </p>
   </div>
   <div class='ocr_carea' id='block_1_70' title="bbox 706 4078 2282 4149">
    <p class='ocr_par' dir='ltr' id='par_1_70' title="bbox 706 4078 2282 4149">
     <span class='ocr_line' id='line_1_70' title="bbox 706 4078 2282 4149; baseline 0 -14"><span class='ocrx_word' id='word_1_484' title='bbox 706 4082 926 4139; x_wconf 85' lang='lat' dir='ltr'><strong>modum</strong></span> <span class='ocrx_word' id='word_1_485' title='bbox 971 4096 1145 4149; x_wconf 82' lang='lat' dir='ltr'><strong>ueque</strong></span> <span class='ocrx_word' id='word_1_486' title='bbox 1173 4089 1368 4148; x_wconf 63' lang='lat' dir='ltr'><strong>praeter</strong></span> <span class='ocrx_word' id='word_1_487' title='bbox 1403 4079 1666 4133; x_wconf 86' lang='lat' dir='ltr'><strong>rationem</strong></span> <span class='ocrx_word' id='word_1_488' title='bbox 1705 4078 2100 4147; x_wconf 75' lang='lat' dir='ltr'><strong>indulgentium</strong></span> <span class='ocrx_word' id='word_1_489' title='bbox 2131 4097 2282 4135; x_wconf 90' lang='lat' dir='ltr'><strong>com-</strong></span> 
     </span>
    </p>
   </div>
   <div class='ocr_carea' id='block_1_71' title="bbox 704 4171 2282 4241">
    <p class='ocr_par' dir='ltr' id='par_1_71' title="bbox 704 4171 2282 4241">
     <span class='ocr_line' id='line_1_71' title="bbox 704 4171 2282 4241; baseline 0.001 -15"><span class='ocrx_word' id='word_1_490' title='bbox 704 4172 1008 4232; x_wconf 82' lang='lat' dir='ltr'><strong>mendatio.</strong></span> <span class='ocrx_word' id='word_1_491' title='bbox 1041 4172 1498 4233; x_wconf 85' lang='lat' dir='ltr'><strong>emolumentum,</strong></span> <span class='ocrx_word' id='word_1_492' title='bbox 1540 4186 1717 4241; x_wconf 87' lang='lat' dir='ltr'><strong>neque</strong></span> <span class='ocrx_word' id='word_1_493' title='bbox 1746 4171 1890 4226; x_wconf 88' lang='lat' dir='ltr'><strong>enim</strong></span> <span class='ocrx_word' id='word_1_494' title='bbox 1921 4172 1994 4226; x_wconf 82' lang='lat' dir='ltr'><strong>ibi</strong></span> <span class='ocrx_word' id='word_1_495' title='bbox 2044 4174 2282 4229; x_wconf 78' lang='lat' dir='ltr'><strong>advoca-</strong></span> 
     </span>
    </p>
   </div>
   <div class='ocr_carea' id='block_1_72' title="bbox 704 4264 1712 4334">
    <p class='ocr_par' dir='ltr' id='par_1_72' title="bbox 704 4264 1712 4334">
     <span class='ocr_line' id='line_1_72' title="bbox 704 4264 1712 4334; baseline -0.001 -16"><span class='ocrx_word' id='word_1_496' title='bbox 704 4278 884 4318; x_wconf 85' lang='lat' dir='ltr'><strong>torum</strong></span> <span class='ocrx_word' id='word_1_497' title='bbox 921 4281 1080 4334; x_wconf 86' lang='lat' dir='ltr'><strong>opus,</strong></span> <span class='ocrx_word' id='word_1_498' title='bbox 1124 4266 1344 4319; x_wconf 87' lang='lat' dir='ltr'><strong>animus</strong></span> <span class='ocrx_word' id='word_1_499' title='bbox 1373 4264 1712 4332; x_wconf 79' lang='lat' dir='ltr'><strong>dirigendus.</strong></span> 
     </span>
    </p>
   </div>
   <div class='ocr_carea' id='block_1_73' title="bbox 780 4353 2280 4427">
    <p class='ocr_par' dir='ltr' id='par_1_73' title="bbox 780 4353 2280 4427">
     <span class='ocr_line' id='line_1_73' title="bbox 780 4353 2280 4427; baseline 0.003 -18"><span class='ocrx_word' id='word_1_500' title='bbox 780 4358 834 4409; x_wconf 70' lang='grc'><strong>4.</strong></span> <span class='ocrx_word' id='word_1_501' title='bbox 870 4357 949 4409; x_wconf 87' lang='lat' dir='ltr'><strong>Ad</strong></span> <span class='ocrx_word' id='word_1_502' title='bbox 989 4356 1120 4408; x_wconf 91' lang='lat' dir='ltr'><strong>illud</strong></span> <span class='ocrx_word' id='word_1_503' title='bbox 1150 4357 1335 4423; x_wconf 89' lang='lat' dir='ltr'><strong>itaque</strong></span> <span class='ocrx_word' id='word_1_504' title='bbox 1360 4353 1624 4422; x_wconf 87' lang='lat' dir='ltr'><strong>judicium</strong></span> <span class='ocrx_word' id='word_1_505' title='bbox 1655 4353 1767 4408; x_wconf 81' lang='lat' dir='ltr'><strong>falli</strong></span> <span class='ocrx_word' id='word_1_506' title='bbox 1809 4355 2055 4410; x_wconf 87' lang='lat' dir='ltr'><strong>nescium</strong></span> <span class='ocrx_word' id='word_1_507' title='bbox 2104 4358 2280 4427; x_wconf 79' lang='lat' dir='ltr'><strong>respi-</strong></span> 
     </span>
    </p>
   </div>
   <div class='ocr_carea' id='block_1_74' title="bbox 703 4446 2280 4515">
    <p class='ocr_par' dir='ltr' id='par_1_74' title="bbox 703 4446 2280 4515">
     <span class='ocr_line' id='line_1_74' title="bbox 703 4446 2280 4515; baseline 0 -12"><span class='ocrx_word' id='word_1_508' title='bbox 703 4450 933 4512; x_wconf 83' lang='lat' dir='ltr'><strong>cientes,</strong></span> <span class='ocrx_word' id='word_1_509' title='bbox 964 4456 1209 4501; x_wconf 84' lang='lat' dir='ltr'><strong>actutum</strong></span> <span class='ocrx_word' id='word_1_510' title='bbox 1243 4462 1357 4500; x_wconf 91' lang='lat' dir='ltr'><strong>rem</strong></span> <span class='ocrx_word' id='word_1_511' title='bbox 1392 4446 1565 4515; x_wconf 88' lang='lat' dir='ltr'><strong>ipsam</strong></span> <span class='ocrx_word' id='word_1_512' title='bbox 1604 4446 2011 4515; x_wconf 69' lang='lat' dir='ltr'><strong>aggrediamur,</strong></span> <span class='ocrx_word' id='word_1_513' title='bbox 2045 4464 2280 4503; x_wconf 78' lang='lat' dir='ltr'><strong>exoran-</strong></span> 
     </span>
    </p>
   </div>
   <div class='ocr_carea' id='block_1_75' title="bbox 2385 3250 3967 3324">
    <p class='ocr_par' dir='ltr' id='par_1_75' title="bbox 2385 3250 3967 3324">
     <span class='ocr_line' id='line_1_75' title="bbox 2385 3250 3967 3324; baseline 0.006 -23"><span class='ocrx_word' id='word_1_514' title='bbox 2385 3250 2565 3312; x_wconf 85' lang='grc' dir='ltr'><strong>καλῶς</strong></span> <span class='ocrx_word' id='word_1_515' title='bbox 2594 3252 2705 3304; x_wconf 84' lang='grc' dir='ltr'><strong>εἴτε</strong></span> <span class='ocrx_word' id='word_1_516' title='bbox 2734 3252 2921 3314; x_wconf 82' lang='grc' dir='ltr'><strong>κακῶς</strong></span> <span class='ocrx_word' id='word_1_517' title='bbox 2947 3254 3050 3304; x_wconf 84' lang='grc' dir='ltr'><strong>ἀπε</strong></span> <span class='ocrx_word' id='word_1_518' title='bbox 3062 3254 3375 3322; x_wconf 85' lang='grc' dir='ltr'><strong>ιργάσαντο.</strong></span> <span class='ocrx_word' id='word_1_519' title='bbox 3402 3257 3543 3324; x_wconf 70' lang='grc' dir='ltr'><strong>Πρὸς</strong></span> <span class='ocrx_word' id='word_1_520' title='bbox 3562 3258 3691 3323; x_wconf 78' lang='grc' dir='ltr'><strong>γοῦν</strong></span> <span class='ocrx_word' id='word_1_521' title='bbox 3716 3262 3967 3321; x_wconf 76' lang='grc' dir='ltr'><strong>τούτους,</strong></span> 
     </span>
    </p>
   </div>
   <div class='ocr_carea' id='block_1_76' title="bbox 2383 3339 3968 3419">
    <p class='ocr_par' dir='ltr' id='par_1_76' title="bbox 2383 3339 3968 3419">
     <span class='ocr_line' id='line_1_76' title="bbox 2383 3339 3968 3419; baseline 0.004 -23"><span class='ocrx_word' id='word_1_522' title='bbox 2383 3345 2433 3396; x_wconf 84' lang='grc' dir='ltr'><strong>εἰ</strong></span> <span class='ocrx_word' id='word_1_523' title='bbox 2476 3344 2573 3409; x_wconf 84' lang='grc' dir='ltr'><strong>τῆς</strong></span> <span class='ocrx_word' id='word_1_524' title='bbox 2614 3343 2874 3412; x_wconf 81' lang='grc' dir='ltr'><strong>δευτέρας</strong></span> <span class='ocrx_word' id='word_1_525' title='bbox 2941 3339 3052 3396; x_wconf 76' lang='grc' dir='ltr'><strong>εἶεν</strong></span> <span class='ocrx_word' id='word_1_526' title='bbox 3106 3346 3521 3415; x_wconf 80' lang='grc' dir='ltr'><strong>προαιρέσεως,</strong></span> <span class='ocrx_word' id='word_1_527' title='bbox 3569 3348 3720 3401; x_wconf 78' lang='grc' dir='ltr'><strong>οὐδὲν</strong></span> <span class='ocrx_word' id='word_1_528' title='bbox 3758 3350 3859 3419; x_wconf 89' lang='grc' dir='ltr'><strong>μέν</strong></span> <span class='ocrx_word' id='word_1_529' title='bbox 3906 3352 3968 3404; x_wconf 83' lang='grc' dir='ltr'><strong>τὸ</strong></span> 
     </span>
    </p>
   </div>
   <div class='ocr_carea' id='block_1_77' title="bbox 2384 3434 3968 3508">
    <p class='ocr_par' dir='ltr' id='par_1_77' title="bbox 2384 3434 3968 3508">
     <span class='ocr_line' id='line_1_77' title="bbox 2384 3434 3968 3508; baseline 0.007 -23"><span class='ocrx_word' id='word_1_530' title='bbox 2384 3434 2570 3486; x_wconf 77' lang='grc' dir='ltr'><strong>πεῖθον</strong></span> <span class='ocrx_word' id='word_1_531' title='bbox 2607 3434 2822 3500; x_wconf 69' lang='grc' dir='ltr'><strong>ἕξουσιν</strong></span> <span class='ocrx_word' id='word_1_532' title='bbox 2857 3437 2990 3500; x_wconf 76' lang='grc' dir='ltr'><strong>ἴσως</strong></span> <span class='ocrx_word' id='word_1_533' title='bbox 3017 3438 3085 3491; x_wconf 75' lang='grc' dir='ltr'><strong>τὰ</strong></span> <span class='ocrx_word' id='word_1_534' title='bbox 3116 3439 3252 3507; x_wconf 82' lang='grc' dir='ltr'><strong>παρ’</strong></span> <span class='ocrx_word' id='word_1_535' title='bbox 3281 3438 3440 3506; x_wconf 76' lang='grc' dir='ltr'><strong>ἡμῶν</strong></span> <span class='ocrx_word' id='word_1_536' title='bbox 3476 3439 3835 3508; x_wconf 79' lang='grc' dir='ltr'><strong>ἐκτεθειμένα</strong></span> <span class='ocrx_word' id='word_1_537' title='bbox 3874 3444 3968 3496; x_wconf 69' lang='grc' dir='ltr'><strong>ἐπὶ</strong></span> 
     </span>
    </p>
   </div>
   <div class='ocr_carea' id='block_1_78' title="bbox 2386 3527 3966 3600">
    <p class='ocr_par' dir='ltr' id='par_1_78' title="bbox 2386 3527 3966 3600">
     <span class='ocr_line' id='line_1_78' title="bbox 2386 3527 3966 3600; baseline 0.008 -22"><span class='ocrx_word' id='word_1_538' title='bbox 2386 3527 2643 3580; x_wconf 84' lang='grc' dir='ltr'><strong>συστάσει</strong></span> <span class='ocrx_word' id='word_1_539' title='bbox 2683 3528 2781 3596; x_wconf 85' lang='grc' dir='ltr'><strong>τῆς</strong></span> <span class='ocrx_word' id='word_1_540' title='bbox 2814 3530 3273 3599; x_wconf 73' lang='grc' dir='ltr'><strong>ἐκκλησιαστικῆς</strong></span> <span class='ocrx_word' id='word_1_541' title='bbox 3301 3533 3547 3600; x_wconf 74' lang='grc' dir='ltr'><strong>εἰρήνης.</strong></span> <span class='ocrx_word' id='word_1_542' title='bbox 3584 3534 3660 3587; x_wconf 71' lang='grc' dir='ltr'><strong>Οὐ</strong></span> <span class='ocrx_word' id='word_1_543' title='bbox 3690 3535 3778 3587; x_wconf 75' lang='grc' dir='ltr'><strong>διὰ</strong></span> <span class='ocrx_word' id='word_1_544' title='bbox 3808 3536 3966 3590; x_wconf 77' lang='grc' dir='ltr'><strong>τοῦτο</strong></span> 
     </span>
    </p>
   </div>
   <div class='ocr_carea' id='block_1_79' title="bbox 2381 3617 3966 3695">
    <p class='ocr_par' dir='ltr' id='par_1_79' title="bbox 2381 3617 3966 3695">
     <span class='ocr_line' id='line_1_79' title="bbox 2381 3617 3966 3695; baseline 0.007 -26"><span class='ocrx_word' id='word_1_545' title='bbox 2381 3617 2439 3669; x_wconf 73' lang='grc' dir='ltr'><strong>δὲ</strong></span> <span class='ocrx_word' id='word_1_546' title='bbox 2463 3620 2557 3670; x_wconf 79' lang='grc' dir='ltr'><strong>καὶ</strong></span> <span class='ocrx_word' id='word_1_547' title='bbox 2595 3619 2895 3687; x_wconf 78' lang='grc' dir='ltr'><strong>σιωπητέον</strong></span> <span class='ocrx_word' id='word_1_548' title='bbox 2914 3622 3080 3692; x_wconf 78' lang='grc' dir='ltr'><strong>ἡμᾶς.</strong></span> <span class='ocrx_word' id='word_1_549' title='bbox 3104 3622 3239 3675; x_wconf 77' lang='grc' dir='ltr'><strong>ἀλλὰ</strong></span> <span class='ocrx_word' id='word_1_550' title='bbox 3273 3625 3410 3694; x_wconf 82' lang='grc' dir='ltr'><strong>πρὸς</strong></span> <span class='ocrx_word' id='word_1_551' title='bbox 3443 3624 3501 3676; x_wconf 83' lang='grc' dir='ltr'><strong>ἓν</strong></span> <span class='ocrx_word' id='word_1_552' title='bbox 3531 3626 3691 3692; x_wconf 86' lang='grc' dir='ltr'><strong>μόνον</strong></span> <span class='ocrx_word' id='word_1_553' title='bbox 3720 3627 3966 3695; x_wconf 78' lang='grc' dir='ltr'><strong>ὁρῶντας</strong></span> 
     </span>
    </p>
   </div>
   <div class='ocr_carea' id='block_1_80' title="bbox 2381 3710 3965 3786">
    <p class='ocr_par' dir='ltr' id='par_1_80' title="bbox 2381 3710 3965 3786">
     <span class='ocr_line' id='line_1_80' title="bbox 2381 3710 3965 3786; baseline 0.005 -24"><span class='ocrx_word' id='word_1_554' title='bbox 2381 3710 2475 3762; x_wconf 71' lang='grc' dir='ltr'><strong>τὸν</strong></span> <span class='ocrx_word' id='word_1_555' title='bbox 2505 3713 2947 3766; x_wconf 81' lang='grc' dir='ltr'><strong>παντεπίσκοπον</strong></span> <span class='ocrx_word' id='word_1_556' title='bbox 2988 3714 3287 3781; x_wconf 66' lang='grc' dir='ltr'><strong>ὀφθαλμὸν.</strong></span> <span class='ocrx_word' id='word_1_557' title='bbox 3324 3717 3419 3769; x_wconf 75' lang='grc' dir='ltr'><strong>καὶ</strong></span> <span class='ocrx_word' id='word_1_558' title='bbox 3449 3717 3585 3786; x_wconf 74' lang='grc' dir='ltr'><strong>πρὸς</strong></span> <span class='ocrx_word' id='word_1_559' title='bbox 3612 3716 3672 3769; x_wconf 81' lang='grc' dir='ltr'><strong>τὸ</strong></span> <span class='ocrx_word' id='word_1_560' title='bbox 3694 3717 3965 3786; x_wconf 72' lang='grc' dir='ltr'><strong>ἀλάθητον</strong></span> 
     </span>
    </p>
   </div>
   <div class='ocr_carea' id='block_1_81' title="bbox 2382 3790 3963 3877">
    <p class='ocr_par' dir='ltr' id='par_1_81' title="bbox 2382 3790 3963 3877">
     <span class='ocr_line' id='line_1_81' title="bbox 2382 3790 3963 3877; baseline 0.004 -23"><span class='ocrx_word' id='word_1_561' title='bbox 2382 3802 2800 3867; x_wconf 75' lang='grc' dir='ltr'><strong>ἐνατενίζοντας</strong></span> <span class='ocrx_word' id='word_1_562' title='bbox 2848 3807 3027 3858; x_wconf 81' lang='grc' dir='ltr'><strong>ἐκεῖνο</strong></span> <span class='ocrx_word' id='word_1_563' title='bbox 3078 3806 3489 3877; x_wconf 77' lang='grc' dir='ltr'><strong>δικαιωτήριον,</strong></span> <span class='ocrx_word' id='word_1_564' title='bbox 3541 3790 3679 3877; x_wconf 76' lang='grc' dir='ltr'><strong>πρὸς</strong></span> <span class='ocrx_word' id='word_1_565' title='bbox 3733 3809 3761 3860; x_wconf 85' lang='grc' dir='ltr'><strong>ὃ</strong></span> <span class='ocrx_word' id='word_1_566' title='bbox 3810 3811 3963 3863; x_wconf 70' lang='grc' dir='ltr'><strong>οὐδὲν</strong></span> 
     </span>
    </p>
   </div>
   <div class='ocr_carea' id='block_1_82' title="bbox 2382 3892 3959 3965">
    <p class='ocr_par' dir='ltr' id='par_1_82' title="bbox 2382 3892 3959 3965">
     <span class='ocr_line' id='line_1_82' title="bbox 2382 3892 3959 3965; baseline 0.003 -19"><span class='ocrx_word' id='word_1_567' title='bbox 2382 3893 2530 3961; x_wconf 79' lang='grc' dir='ltr'><strong>ἡμᾶς</strong></span> <span class='ocrx_word' id='word_1_568' title='bbox 2558 3894 2591 3962; x_wconf 75' lang='grc' dir='ltr'><strong>ἡ</strong></span> <span class='ocrx_word' id='word_1_569' title='bbox 2620 3892 2729 3945; x_wconf 85' lang='grc' dir='ltr'><strong>τῶν</strong></span> <span class='ocrx_word' id='word_1_570' title='bbox 2756 3895 2966 3962; x_wconf 81' lang='grc' dir='ltr'><strong>ἀλόγως</strong></span> <span class='ocrx_word' id='word_1_571' title='bbox 2985 3895 3391 3963; x_wconf 71' lang='grc' dir='ltr'><strong>ἀνθισταμένων</strong></span> <span class='ocrx_word' id='word_1_572' title='bbox 3417 3895 3609 3964; x_wconf 77' lang='grc' dir='ltr'><strong>βλάψει</strong></span> <span class='ocrx_word' id='word_1_573' title='bbox 3638 3899 3959 3965; x_wconf 76' lang='grc' dir='ltr'><strong>κατηγορία³</strong></span> 
     </span>
    </p>
   </div>
   <div class='ocr_carea' id='block_1_83' title="bbox 2382 3984 3960 4059">
    <p class='ocr_par' dir='ltr' id='par_1_83' title="bbox 2382 3984 3960 4059">
     <span class='ocr_line' id='line_1_83' title="bbox 2382 3984 3960 4059; baseline 0.005 -23"><span class='ocrx_word' id='word_1_574' title='bbox 2382 3986 2445 4037; x_wconf 86' lang='grc' dir='ltr'><strong>οὐ</strong></span> <span class='ocrx_word' id='word_1_575' title='bbox 2498 3988 2657 4055; x_wconf 71' lang='grc' dir='ltr'><strong>χρεία</strong></span> <span class='ocrx_word' id='word_1_576' title='bbox 2709 3987 2817 4056; x_wconf 81' lang='grc' dir='ltr'><strong>γὰρ</strong></span> <span class='ocrx_word' id='word_1_577' title='bbox 2868 3987 3194 4056; x_wconf 84' lang='grc' dir='ltr'><strong>κατηγόρων</strong></span> <span class='ocrx_word' id='word_1_578' title='bbox 3232 3989 3385 4039; x_wconf 77' lang='grc' dir='ltr'><strong>ἐκεῖ’</strong></span> <span class='ocrx_word' id='word_1_579' title='bbox 3416 3987 3608 4057; x_wconf 79' lang='grc' dir='ltr'><strong>ὥσπερ</strong></span> <span class='ocrx_word' id='word_1_580' title='bbox 3643 3984 3737 4042; x_wconf 81' lang='grc' dir='ltr'><strong>οὗν</strong></span> <span class='ocrx_word' id='word_1_581' title='bbox 3771 3992 3891 4044; x_wconf 80' lang='grc' dir='ltr'><strong>οὑδέ</strong></span> <span class='ocrx_word' id='word_1_582' title='bbox 3928 3993 3960 4059; x_wconf 84' lang='grc' dir='ltr'>ἡ</span> 
     </span>
    </p>
   </div>
   <div class='ocr_carea' id='block_1_84' title="bbox 2382 4076 3959 4149">
    <p class='ocr_par' dir='ltr' id='par_1_84' title="bbox 2382 4076 3959 4149">
     <span class='ocr_line' id='line_1_84' title="bbox 2382 4076 3959 4149; baseline 0.003 -18"><span class='ocrx_word' id='word_1_583' title='bbox 2382 4076 2495 4131; x_wconf 79' lang='grc' dir='ltr'><strong>τῶν</strong></span> <span class='ocrx_word' id='word_1_584' title='bbox 2535 4077 2865 4146; x_wconf 85' lang='grc' dir='ltr'><strong>παραλόγως</strong></span> <span class='ocrx_word' id='word_1_585' title='bbox 2899 4077 3281 4147; x_wconf 82' lang='grc' dir='ltr'><strong>χαριζομένων</strong></span> <span class='ocrx_word' id='word_1_586' title='bbox 3306 4079 3526 4149; x_wconf 75' lang='grc' dir='ltr'><strong>ὀνήσειε</strong></span> <span class='ocrx_word' id='word_1_587' title='bbox 3562 4078 3824 4143; x_wconf 84' lang='grc' dir='ltr'><strong>σύστασις</strong></span> <span class='ocrx_word' id='word_1_588' title='bbox 3849 4098 3862 4111; x_wconf 92' lang='grc'><strong>·</strong></span> <span class='ocrx_word' id='word_1_589' title='bbox 3899 4085 3959 4136; x_wconf 86' lang='grc' dir='ltr'><strong>οὐ</strong></span> 
     </span>
    </p>
   </div>
   <div class='ocr_carea' id='block_1_85' title="bbox 2383 4169 3200 4240">
    <p class='ocr_par' dir='ltr' id='par_1_85' title="bbox 2383 4169 3200 4240">
     <span class='ocr_line' id='line_1_85' title="bbox 2383 4169 3200 4240; baseline 0.005 -19"><span class='ocrx_word' id='word_1_590' title='bbox 2383 4169 2545 4239; x_wconf 79' lang='grc' dir='ltr'><strong>χρεία</strong></span> <span class='ocrx_word' id='word_1_591' title='bbox 2570 4170 2680 4239; x_wconf 81' lang='grc' dir='ltr'><strong>γὰρ</strong></span> <span class='ocrx_word' id='word_1_592' title='bbox 2717 4171 3032 4240; x_wconf 86' lang='grc' dir='ltr'><strong>συνηγόρων</strong></span> <span class='ocrx_word' id='word_1_593' title='bbox 3063 4170 3200 4225; x_wconf 74' lang='grc' dir='ltr'><strong>ἐκεῖ.</strong></span> 
     </span>
    </p>
   </div>
   <div class='ocr_carea' id='block_1_86' title="bbox 2455 4354 3953 4429">
    <p class='ocr_par' dir='ltr' id='par_1_86' title="bbox 2455 4354 3953 4429">
     <span class='ocr_line' id='line_1_86' title="bbox 2455 4354 3953 4429; baseline 0.003 -22"><span class='ocrx_word' id='word_1_594' title='bbox 2455 4355 2519 4408; x_wconf 88' lang='grc' dir='ltr'><strong>δ’.</strong></span> <span class='ocrx_word' id='word_1_595' title='bbox 2569 4354 2712 4427; x_wconf 70' lang='grc' dir='ltr'><strong>Πρὸς</strong></span> <span class='ocrx_word' id='word_1_596' title='bbox 2761 4355 2896 4424; x_wconf 75' lang='grc' dir='ltr'><strong>γοῦν</strong></span> <span class='ocrx_word' id='word_1_597' title='bbox 2928 4356 2989 4409; x_wconf 79' lang='grc' dir='ltr'><strong>τὸ</strong></span> <span class='ocrx_word' id='word_1_598' title='bbox 3037 4356 3305 4426; x_wconf 79' lang='grc' dir='ltr'><strong>ἀλάθητον</strong></span> <span class='ocrx_word' id='word_1_599' title='bbox 3352 4360 3528 4412; x_wconf 80' lang='grc' dir='ltr'><strong>ἐκεῖνο</strong></span> <span class='ocrx_word' id='word_1_600' title='bbox 3576 4360 3953 4429; x_wconf 69' lang='grc' dir='ltr'><strong>δικαιωτήριον</strong></span> 
     </span>
    </p>
   </div>
   <div class='ocr_carea' id='block_1_87' title="bbox 2385 4443 3979 4521">
    <p class='ocr_par' dir='ltr' id='par_1_87' title="bbox 2385 4443 3979 4521">
     <span class='ocr_line' id='line_1_87' title="bbox 2385 4443 3979 4521; baseline 0.006 -25"><span class='ocrx_word' id='word_1_601' title='bbox 2385 4444 2727 4516; x_wconf 79' lang='grc' dir='ltr'><strong>ἀφορῶντας.</strong></span> <span class='ocrx_word' id='word_1_602' title='bbox 2761 4446 2891 4499; x_wconf 77' lang='grc' dir='ltr'><strong>εὐθὺ</strong></span> <span class='ocrx_word' id='word_1_603' title='bbox 2916 4447 3011 4499; x_wconf 79' lang='grc' dir='ltr'><strong>τοῦ</strong></span> <span class='ocrx_word' id='word_1_604' title='bbox 3042 4448 3248 4501; x_wconf 82' lang='grc' dir='ltr'><strong>σκοποῦ</strong></span> <span class='ocrx_word' id='word_1_605' title='bbox 3286 4448 3535 4515; x_wconf 83' lang='grc' dir='ltr'><strong>γίνεσθαι</strong></span> <span class='ocrx_word' id='word_1_606' title='bbox 3565 4452 3691 4521; x_wconf 78' lang='grc' dir='ltr'><strong>χρὴ,</strong></span> <span class='ocrx_word' id='word_1_607' title='bbox 3727 4443 3979 4506; x_wconf 70' lang='grc' dir='ltr'><strong>ἕκαστον)</strong></span> 
     </span>
    </p>
   </div>
   <div class='ocr_carea' id='block_1_88' title="bbox 704 4536 2287 4612">
    <p class='ocr_par' dir='ltr' id='par_1_88' title="bbox 704 4538 2276 4609">
     <span class='ocr_line' id='line_1_88' title="bbox 704 4538 2276 4609; baseline 0.001 -16"><span class='ocrx_word' id='word_1_608' title='bbox 704 4548 791 4593; x_wconf 87' lang='lat' dir='ltr'><strong>tes</strong></span> <span class='ocrx_word' id='word_1_609' title='bbox 818 4540 1081 4609; x_wconf 84' lang='lat' dir='ltr'><strong>singulos,</strong></span> <span class='ocrx_word' id='word_1_610' title='bbox 1107 4538 1200 4608; x_wconf 90' lang='lat' dir='ltr'><strong>qui</strong></span> <span class='ocrx_word' id='word_1_611' title='bbox 1234 4548 1420 4591; x_wconf 84' lang='lat' dir='ltr'><strong>nostra</strong></span> <span class='ocrx_word' id='word_1_612' title='bbox 1463 4539 1577 4592; x_wconf 84' lang='lat' dir='ltr'><strong>haec</strong></span> <span class='ocrx_word' id='word_1_613' title='bbox 1629 4539 1831 4607; x_wconf 86' lang='lat' dir='ltr'><strong>scripta</strong></span> <span class='ocrx_word' id='word_1_614' title='bbox 1887 4539 1941 4591; x_wconf 92' lang='lat' dir='ltr'><strong>in</strong></span> <span class='ocrx_word' id='word_1_615' title='bbox 1996 4551 2276 4608; x_wconf 87' lang='lat' dir='ltr'><strong>posterum</strong></span> 
     </span>
    </p>
   </div>
   <div class='ocr_carea' id='block_1_89' title="bbox 2388 4536 3955 4612">
    <p class='ocr_par' dir='ltr' id='par_1_89' title="bbox 2388 4536 3955 4612">
     <span class='ocr_line' id='line_1_89' title="bbox 2388 4536 3955 4612; baseline 0.003 -23"><span class='ocrx_word' id='word_1_616' title='bbox 2388 4536 2673 4600; x_wconf 81' lang='grc' dir='ltr'><strong>ἀξιοῦντας</strong></span> <span class='ocrx_word' id='word_1_617' title='bbox 2706 4537 2818 4589; x_wconf 83' lang='grc' dir='ltr'><strong>τῶν</strong></span> <span class='ocrx_word' id='word_1_618' title='bbox 2845 4539 2956 4599; x_wconf 83' lang='grc' dir='ltr'><strong>τοῖς</strong></span> <span class='ocrx_word' id='word_1_619' title='bbox 2990 4539 3256 4607; x_wconf 75' lang='grc' dir='ltr'><strong>παροῦσιν</strong></span> <span class='ocrx_word' id='word_1_620' title='bbox 3298 4542 3589 4611; x_wconf 77' lang='grc' dir='ltr'><strong>ἡμετέροις</strong></span> <span class='ocrx_word' id='word_1_621' title='bbox 3633 4545 3955 4612; x_wconf 55' lang='grc' dir='ltr'><strong>γράμμασιν</strong></span> 
     </span>
    </p>
   </div>
   <div class='ocr_carea' id='block_1_90' title="bbox 705 4629 2279 4698">
    <p class='ocr_par' dir='ltr' id='par_1_90' title="bbox 705 4629 2279 4698">
     <span class='ocr_line' id='line_1_90' title="bbox 705 4629 2279 4698; baseline -0.002 -11"><span class='ocrx_word' id='word_1_622' title='bbox 705 4632 907 4697; x_wconf 73' lang='lat' dir='ltr'><strong>legent,</strong></span> <span class='ocrx_word' id='word_1_623' title='bbox 972 4639 1118 4688; x_wconf 87' lang='lat' dir='ltr'><strong>recta</strong></span> <span class='ocrx_word' id='word_1_624' title='bbox 1167 4631 1524 4692; x_wconf 74' lang='lat' dir='ltr'><strong>conscientia,</strong></span> <span class='ocrx_word' id='word_1_625' title='bbox 1571 4639 1625 4683; x_wconf 86' lang='lat' dir='ltr'><strong>et</strong></span> <span class='ocrx_word' id='word_1_626' title='bbox 1681 4639 1926 4684; x_wconf 86' lang='lat' dir='ltr'><strong>neutram</strong></span> <span class='ocrx_word' id='word_1_627' title='bbox 1961 4629 2015 4683; x_wconf 91' lang='lat' dir='ltr'><strong>in</strong></span> <span class='ocrx_word' id='word_1_628' title='bbox 2074 4641 2279 4698; x_wconf 81' lang='lat' dir='ltr'><strong>partem</strong></span> 
     </span>
    </p>
   </div>
   <div class='ocr_carea' id='block_1_91' title="bbox 706 4718 2278 4790">
    <p class='ocr_par' dir='ltr' id='par_1_91' title="bbox 706 4718 2278 4790">
     <span class='ocr_line' id='line_1_91' title="bbox 706 4718 2278 4790; baseline -0.001 -16"><span class='ocrx_word' id='word_1_629' title='bbox 706 4737 995 4790; x_wconf 81' lang='lat' dir='ltr'><strong>propensa,</strong></span> <span class='ocrx_word' id='word_1_630' title='bbox 1034 4720 1086 4773; x_wconf 91' lang='lat' dir='ltr'><strong>in</strong></span> <span class='ocrx_word' id='word_1_631' title='bbox 1116 4720 1221 4775; x_wconf 91' lang='lat' dir='ltr'><strong>illis</strong></span> <span class='ocrx_word' id='word_1_632' title='bbox 1250 4727 1504 4775; x_wconf 85' lang='lat' dir='ltr'><strong>contenta</strong></span> <span class='ocrx_word' id='word_1_633' title='bbox 1544 4720 1891 4783; x_wconf 77' lang='lat' dir='ltr'><strong>exatninare,</strong></span> <span class='ocrx_word' id='word_1_634' title='bbox 1925 4728 1980 4772; x_wconf 91' lang='lat' dir='ltr'><strong>et</strong></span> <span class='ocrx_word' id='word_1_635' title='bbox 2007 4719 2053 4773; x_wconf 90' lang='lat' dir='ltr'><strong>si</strong></span> <span class='ocrx_word' id='word_1_636' title='bbox 2085 4718 2278 4773; x_wconf 82' lang='lat' dir='ltr'><strong>lectori</strong></span> 
     </span>
    </p>
   </div>
   <div class='ocr_carea' id='block_1_92' title="bbox 705 4806 2277 4881">
    <p class='ocr_par' dir='ltr' id='par_1_92' title="bbox 705 4806 2277 4881">
     <span class='ocr_line' id='line_1_92' title="bbox 705 4806 2277 4881; baseline -0.002 -18"><span class='ocrx_word' id='word_1_637' title='bbox 705 4812 991 4881; x_wconf 78' lang='lat' dir='ltr'><strong>placuerit,</strong></span> <span class='ocrx_word' id='word_1_638' title='bbox 1028 4824 1056 4862; x_wconf 88' lang='lat' dir='ltr'><strong>a</strong></span> <span class='ocrx_word' id='word_1_639' title='bbox 1090 4808 1251 4867; x_wconf 83' lang='lat' dir='ltr'><strong>nobis</strong></span> <span class='ocrx_word' id='word_1_640' title='bbox 1286 4822 1443 4862; x_wconf 90' lang='lat' dir='ltr'><strong>error</strong></span> <span class='ocrx_word' id='word_1_641' title='bbox 1467 4822 1680 4869; x_wconf 91' lang='lat' dir='ltr'><strong>eorum,</strong></span> <span class='ocrx_word' id='word_1_642' title='bbox 1707 4806 1798 4876; x_wconf 87' lang='lat' dir='ltr'><strong>qui</strong></span> <span class='ocrx_word' id='word_1_643' title='bbox 1835 4815 1963 4861; x_wconf 84' lang='lat' dir='ltr'><strong>ante</strong></span> <span class='ocrx_word' id='word_1_644' title='bbox 1982 4822 2083 4861; x_wconf 88' lang='lat' dir='ltr'><strong>nos</strong></span> <span class='ocrx_word' id='word_1_645' title='bbox 2107 4808 2277 4874; x_wconf 78' lang='lat' dir='ltr'><strong>fuere,</strong></span> 
     </span>
    </p>
   </div>
   <div class='ocr_carea' id='block_1_93' title="bbox 705 4896 2282 4969">
    <p class='ocr_par' dir='ltr' id='par_1_93' title="bbox 705 4896 2282 4969">
     <span class='ocr_line' id='line_1_93' title="bbox 705 4896 2282 4969; baseline -0.001 -15"><span class='ocrx_word' id='word_1_646' title='bbox 705 4909 1013 4963; x_wconf 81' lang='lat' dir='ltr'><strong>correctus,</strong></span> <span class='ocrx_word' id='word_1_647' title='bbox 1057 4901 1229 4969; x_wconf 74' lang='lat' dir='ltr'><strong>gratia</strong></span> <span class='ocrx_word' id='word_1_648' title='bbox 1255 4898 1367 4955; x_wconf 86' lang='lat' dir='ltr'><strong>Deo</strong></span> <span class='ocrx_word' id='word_1_649' title='bbox 1385 4898 1654 4952; x_wconf 88' lang='lat' dir='ltr'><strong>bonorum</strong></span> <span class='ocrx_word' id='word_1_650' title='bbox 1703 4896 1947 4951; x_wconf 87' lang='lat' dir='ltr'><strong>omnium</strong></span> <span class='ocrx_word' id='word_1_651' title='bbox 2004 4898 2178 4952; x_wconf 83' lang='lat' dir='ltr'><strong>datori</strong></span> <span class='ocrx_word' id='word_1_652' title='bbox 2225 4907 2282 4953; x_wconf 89' lang='lat' dir='ltr'><strong>ct</strong></span> 
     </span>
    </p>
   </div>
   <div class='ocr_carea' id='block_1_94' title="bbox 705 4989 2280 5063">
    <p class='ocr_par' dir='ltr' id='par_1_94' title="bbox 705 4989 2280 5063">
     <span class='ocr_line' id='line_1_94' title="bbox 705 4989 2280 5063; baseline -0.002 -16"><span class='ocrx_word' id='word_1_653' title='bbox 705 4994 953 5063; x_wconf 79' lang='lat' dir='ltr'><strong>largitori</strong></span> <span class='ocrx_word' id='word_1_654' title='bbox 988 5009 1003 5045; x_wconf 90' lang='lat'><strong>:</strong></span> <span class='ocrx_word' id='word_1_655' title='bbox 1036 4992 1180 5062; x_wconf 84' lang='lat' dir='ltr'><strong>quod</strong></span> <span class='ocrx_word' id='word_1_656' title='bbox 1215 4991 1350 5048; x_wconf 80' lang='lat' dir='ltr'><strong>side</strong></span> <span class='ocrx_word' id='word_1_657' title='bbox 1382 4989 1483 5044; x_wconf 86' lang='lat' dir='ltr'><strong>hac</strong></span> <span class='ocrx_word' id='word_1_658' title='bbox 1506 5004 1637 5056; x_wconf 86' lang='lat' dir='ltr'><strong>pace</strong></span> <span class='ocrx_word' id='word_1_659' title='bbox 1667 4992 1809 5047; x_wconf 84' lang='lat' dir='ltr'><strong>male</strong></span> <span class='ocrx_word' id='word_1_660' title='bbox 1845 5004 1947 5044; x_wconf 88' lang='lat' dir='ltr'><strong>nos</strong></span> <span class='ocrx_word' id='word_1_661' title='bbox 1996 4990 2280 5044; x_wconf 84' lang='lat' dir='ltr'><strong>consultos</strong></span> 
     </span>
    </p>
   </div>
   <div class='ocr_carea' id='block_1_95' title="bbox 698 5078 2278 5153">
    <p class='ocr_par' dir='ltr' id='par_1_95' title="bbox 698 5078 2278 5153">
     <span class='ocr_line' id='line_1_95' title="bbox 698 5078 2278 5153; baseline -0.001 -18"><span class='ocrx_word' id='word_1_662' title='bbox 698 5084 931 5153; x_wconf 77' lang='lat' dir='ltr'><strong>juiiicat,</strong></span> <span class='ocrx_word' id='word_1_663' title='bbox 961 5082 1272 5151; x_wconf 79' lang='lat' dir='ltr'><strong>quicunque</strong></span> <span class='ocrx_word' id='word_1_664' title='bbox 1296 5080 1387 5137; x_wconf 86' lang='lat' dir='ltr'><strong>ille</strong></span> <span class='ocrx_word' id='word_1_665' title='bbox 1418 5078 1606 5140; x_wconf 77' lang='lat' dir='ltr'><strong>fuerit,</strong></span> <span class='ocrx_word' id='word_1_666' title='bbox 1645 5087 1853 5132; x_wconf 82' lang='lat' dir='ltr'><strong>tantum</strong></span> <span class='ocrx_word' id='word_1_667' title='bbox 1889 5080 1991 5137; x_wconf 89' lang='lat' dir='ltr'><strong>hoc</strong></span> <span class='ocrx_word' id='word_1_668' title='bbox 2022 5081 2090 5134; x_wconf 85' lang='lat' dir='ltr'><strong>de</strong></span> <span class='ocrx_word' id='word_1_669' title='bbox 2118 5079 2278 5135; x_wconf 83' lang='lat' dir='ltr'><strong>nobis</strong></span> 
     </span>
    </p>
   </div>
   <div class='ocr_carea' id='block_1_96' title="bbox 706 5171 2279 5244">
    <p class='ocr_par' dir='ltr' id='par_1_96' title="bbox 706 5171 2279 5244">
     <span class='ocr_line' id='line_1_96' title="bbox 706 5171 2279 5244; baseline -0.003 -14"><span class='ocrx_word' id='word_1_670' title='bbox 706 5180 867 5238; x_wconf 81' lang='lat' dir='ltr'><strong>sciat,</strong></span> <span class='ocrx_word' id='word_1_671' title='bbox 892 5173 1161 5244; x_wconf 46' lang='lat' dir='ltr'><strong>quidquid</strong></span> <span class='ocrx_word' id='word_1_672' title='bbox 1200 5188 1228 5225; x_wconf 68' lang='grc' dir='ltr'><strong>ο</strong></span> <span class='ocrx_word' id='word_1_673' title='bbox 1260 5171 1419 5231; x_wconf 82' lang='lat' dir='ltr'><strong>nobis</strong></span> <span class='ocrx_word' id='word_1_674' title='bbox 1458 5180 1552 5224; x_wconf 90' lang='lat' dir='ltr'><strong>aut</strong></span> <span class='ocrx_word' id='word_1_675' title='bbox 1596 5172 1995 5239; x_wconf 75' lang='lat' dir='ltr'><strong>excogitatum,</strong></span> <span class='ocrx_word' id='word_1_676' title='bbox 2050 5181 2145 5226; x_wconf 88' lang='lat' dir='ltr'><strong>aut</strong></span> <span class='ocrx_word' id='word_1_677' title='bbox 2191 5172 2279 5226; x_wconf 81' lang='lat' dir='ltr'><strong>di-</strong></span> 
     </span>
    </p>
   </div>
   <div class='ocr_carea' id='block_1_97' title="bbox 704 5263 2274 5335">
    <p class='ocr_par' dir='ltr' id='par_1_97' title="bbox 704 5263 2274 5335">
     <span class='ocr_line' id='line_1_97' title="bbox 704 5263 2274 5335; baseline -0.003 -13"><span class='ocrx_word' id='word_1_678' title='bbox 704 5282 877 5335; x_wconf 81' lang='lat' dir='ltr'><strong>ctum,</strong></span> <span class='ocrx_word' id='word_1_679' title='bbox 908 5277 1002 5329; x_wconf 87' lang='lat' dir='ltr'><strong>aut</strong></span> <span class='ocrx_word' id='word_1_680' title='bbox 1028 5266 1250 5325; x_wconf 81' lang='lat' dir='ltr'><strong>factum,</strong></span> <span class='ocrx_word' id='word_1_681' title='bbox 1278 5265 1361 5322; x_wconf 83' lang='lat' dir='ltr'><strong>vel</strong></span> <span class='ocrx_word' id='word_1_682' title='bbox 1396 5264 1602 5335; x_wconf 80' lang='lat' dir='ltr'><strong>scripto</strong></span> <span class='ocrx_word' id='word_1_683' title='bbox 1624 5264 2004 5327; x_wconf 71' lang='lat' dir='ltr'><strong>consignatum</strong></span> <span class='ocrx_word' id='word_1_684' title='bbox 2056 5263 2177 5327; x_wconf 78' lang='lat' dir='ltr'><strong>fuit,</strong></span> <span class='ocrx_word' id='word_1_685' title='bbox 2207 5264 2274 5317; x_wconf 87' lang='lat' dir='ltr'><strong>ad</strong></span> 
     </span>
    </p>
   </div>
   <div class='ocr_carea' id='block_1_98' title="bbox 705 5354 2273 5425">
    <p class='ocr_par' dir='ltr' id='par_1_98' title="bbox 705 5354 2273 5425">
     <span class='ocr_line' id='line_1_98' title="bbox 705 5354 2273 5425; baseline -0.006 -11"><span class='ocrx_word' id='word_1_686' title='bbox 705 5360 1081 5423; x_wconf 73' lang='lat' dir='ltr'><strong>stabdiendam</strong></span> <span class='ocrx_word' id='word_1_687' title='bbox 1118 5356 1371 5417; x_wconf 67' lang='lat' dir='ltr'><strong>Ecclesiae</strong></span> <span class='ocrx_word' id='word_1_688' title='bbox 1400 5370 1609 5425; x_wconf 85' lang='lat' dir='ltr'><strong>pacem,</strong></span> <span class='ocrx_word' id='word_1_689' title='bbox 1638 5369 1746 5417; x_wconf 84' lang='lat' dir='ltr'><strong>non</strong></span> <span class='ocrx_word' id='word_1_690' title='bbox 1794 5356 1860 5414; x_wconf 80' lang='lat' dir='ltr'><strong>ad</strong></span> <span class='ocrx_word' id='word_1_691' title='bbox 1922 5354 2273 5415; x_wconf 81' lang='lat' dir='ltr'><strong>refellendum</strong></span> 
     </span>
    </p>
   </div>
   <div class='ocr_carea' id='block_1_99' title="bbox 706 5444 2272 5518">
    <p class='ocr_par' dir='ltr' id='par_1_99' title="bbox 706 5444 2272 5518">
     <span class='ocr_line' id='line_1_99' title="bbox 706 5444 2272 5518; baseline -0.001 -17"><span class='ocrx_word' id='word_1_692' title='bbox 706 5449 923 5518; x_wconf 80' lang='lat' dir='ltr'><strong>uliquod</strong></span> <span class='ocrx_word' id='word_1_693' title='bbox 976 5448 1058 5500; x_wconf 84' lang='lat' dir='ltr'><strong>vel</strong></span> <span class='ocrx_word' id='word_1_694' title='bbox 1107 5461 1173 5499; x_wconf 81' lang='lat' dir='ltr'><strong>ex</strong></span> <span class='ocrx_word' id='word_1_695' title='bbox 1211 5447 1414 5507; x_wconf 87' lang='lat' dir='ltr'><strong>nostris</strong></span> <span class='ocrx_word' id='word_1_696' title='bbox 1450 5446 1669 5510; x_wconf 83' lang='lat' dir='ltr'><strong>ritibus,</strong></span> <span class='ocrx_word' id='word_1_697' title='bbox 1709 5444 1792 5497; x_wconf 88' lang='lat' dir='ltr'><strong>vel</strong></span> <span class='ocrx_word' id='word_1_698' title='bbox 1842 5445 2213 5513; x_wconf 73' lang='lat' dir='ltr'><strong>dogmatibus,</strong></span> <span class='ocrx_word' id='word_1_699' title='bbox 2244 5461 2272 5499; x_wconf 85' lang='lat' dir='ltr'><strong>a</strong></span> 
     </span>
    </p>
   </div>
   <div class='ocr_carea' id='block_1_100' title="bbox 708 5535 2273 5607">
    <p class='ocr_par' dir='ltr' id='par_1_100' title="bbox 708 5535 2273 5607">
     <span class='ocr_line' id='line_1_100' title="bbox 708 5535 2273 5607; baseline -0.003 -12"><span class='ocrx_word' id='word_1_700' title='bbox 708 5540 869 5595; x_wconf 77' lang='lat' dir='ltr'><strong>nobis</strong></span> <span class='ocrx_word' id='word_1_701' title='bbox 932 5545 1293 5607; x_wconf 88' lang='lat' dir='ltr'><strong>pertentatum</strong></span> <span class='ocrx_word' id='word_1_702' title='bbox 1352 5536 1542 5590; x_wconf 81' lang='lat' dir='ltr'><strong>fuisse.</strong></span> <span class='ocrx_word' id='word_1_703' title='bbox 1611 5535 1938 5605; x_wconf 83' lang='lat' dir='ltr'><strong>Quicunque</strong></span> <span class='ocrx_word' id='word_1_704' title='bbox 1992 5538 2140 5589; x_wconf 88' lang='lat' dir='ltr'><strong>enim</strong></span> <span class='ocrx_word' id='word_1_705' title='bbox 2208 5539 2273 5590; x_wconf 69' lang='lat' dir='ltr'><strong>azl</strong></span> 
     </span>
    </p>
   </div>
   <div class='ocr_carea' id='block_1_101' title="bbox 703 5627 2271 5696">
    <p class='ocr_par' dir='ltr' id='par_1_101' title="bbox 703 5627 2271 5696">
     <span class='ocr_line' id='line_1_101' title="bbox 703 5627 2271 5696; baseline -0.006 -9"><span class='ocrx_word' id='word_1_706' title='bbox 703 5630 1132 5687; x_wconf 72' lang='lat' dir='ltr'><strong>ecclesiasticam</strong></span> <span class='ocrx_word' id='word_1_707' title='bbox 1173 5630 1311 5681; x_wconf 79' lang='lat' dir='ltr'><strong>lianc</strong></span> <span class='ocrx_word' id='word_1_708' title='bbox 1356 5642 1541 5696; x_wconf 81' lang='lat' dir='ltr'><strong>pacem</strong></span> <span class='ocrx_word' id='word_1_709' title='bbox 1574 5627 1830 5688; x_wconf 89' lang='lat' dir='ltr'><strong>accessit,</strong></span> <span class='ocrx_word' id='word_1_710' title='bbox 1868 5635 2085 5680; x_wconf 84' lang='lat' dir='ltr'><strong>nostras</strong></span> <span class='ocrx_word' id='word_1_711' title='bbox 2127 5642 2271 5679; x_wconf 86' lang='lat' dir='ltr'><strong>con-</strong></span> 
     </span>
    </p>
   </div>
   <div class='ocr_carea' id='block_1_102' title="bbox 706 5718 2273 5788">
    <p class='ocr_par' dir='ltr' id='par_1_102' title="bbox 706 5718 2273 5788">
     <span class='ocr_line' id='line_1_102' title="bbox 706 5718 2273 5788; baseline -0.003 -14"><span class='ocrx_word' id='word_1_712' title='bbox 706 5722 1027 5781; x_wconf 72' lang='lat' dir='ltr'><strong>suetudines</strong></span> <span class='ocrx_word' id='word_1_713' title='bbox 1057 5729 1111 5775; x_wconf 89' lang='lat' dir='ltr'><strong>et</strong></span> <span class='ocrx_word' id='word_1_714' title='bbox 1145 5722 1397 5788; x_wconf 70' lang='lat' dir='ltr'><strong>dogmata</strong></span> <span class='ocrx_word' id='word_1_715' title='bbox 1449 5730 1828 5779; x_wconf 83' lang='lat' dir='ltr'><strong>contemnens,</strong></span> <span class='ocrx_word' id='word_1_716' title='bbox 1861 5718 2273 5787; x_wconf 70' lang='lat' dir='ltr'><strong>dijudicansque</strong></span> 
     </span>
    </p>
   </div>
   <div class='ocr_carea' id='block_1_103' title="bbox 706 5809 2273 5885">
    <p class='ocr_par' dir='ltr' id='par_1_103' title="bbox 706 5809 2273 5885">
     <span class='ocr_line' id='line_1_103' title="bbox 706 5809 2273 5885; baseline -0.01 -6"><span class='ocrx_word' id='word_1_717' title='bbox 706 5816 1007 5882; x_wconf 72' lang='lat' dir='ltr'><strong>llnntanmn</strong></span> <span class='ocrx_word' id='word_1_718' title='bbox 1038 5811 1335 5867; x_wconf 58' lang='lat' dir='ltr'><strong>Ei-elesiatu</strong></span> <span class='ocrx_word' id='word_1_719' title='bbox 1373 5819 1556 5871; x_wconf 80' lang='lat' dir='ltr'><strong>nostra</strong></span> <span class='ocrx_word' id='word_1_720' title='bbox 1585 5810 1757 5880; x_wconf 82' lang='lat' dir='ltr'><strong>magis</strong></span> <span class='ocrx_word' id='word_1_721' title='bbox 1801 5809 1885 5885; x_wconf 80' lang='lat' dir='ltr'><strong>pie</strong></span> <span class='ocrx_word' id='word_1_722' title='bbox 1934 5811 2135 5867; x_wconf 83' lang='lat' dir='ltr'><strong>sentire</strong></span> <span class='ocrx_word' id='word_1_723' title='bbox 2179 5821 2273 5864; x_wconf 80' lang='lat' dir='ltr'><strong>aut</strong></span> 
     </span>
    </p>
   </div>
   <div class='ocr_carea' id='block_1_104' title="bbox 2383 4626 3955 4706">
    <p class='ocr_par' dir='ltr' id='par_1_104' title="bbox 2383 4626 3955 4706">
     <span class='ocr_line' id='line_1_104' title="bbox 2383 4626 3955 4706; baseline 0.004 -24"><span class='ocrx_word' id='word_1_724' title='bbox 2383 4628 2781 4699; x_wconf 75' lang='grc' dir='ltr'><strong>ἐντευξομένων</strong></span> <span class='ocrx_word' id='word_1_725' title='bbox 2808 4631 3123 4700; x_wconf 79' lang='grc' dir='ltr'><strong>ἐσύστερον,</strong></span> <span class='ocrx_word' id='word_1_726' title='bbox 3160 4631 3310 4684; x_wconf 80' lang='grc' dir='ltr'><strong>εὐθεῖ</strong></span> <span class='ocrx_word' id='word_1_727' title='bbox 3343 4634 3608 4686; x_wconf 85' lang='grc' dir='ltr'><strong>συνειδότι</strong></span> <span class='ocrx_word' id='word_1_728' title='bbox 3647 4637 3741 4687; x_wconf 75' lang='grc' dir='ltr'><strong>καὶ</strong></span> <span class='ocrx_word' id='word_1_729' title='bbox 3784 4626 3955 4706; x_wconf 52' lang='lat' dir='ltr'><strong>ipsa-</strong></span> 
     </span>
    </p>
   </div>
   <div class='ocr_carea' id='block_1_105' title="bbox 2382 4720 3955 4793">
    <p class='ocr_par' dir='ltr' id='par_1_105' title="bbox 2382 4720 3955 4793">
     <span class='ocr_line' id='line_1_105' title="bbox 2382 4720 3955 4793; baseline 0.003 -21"><span class='ocrx_word' id='word_1_730' title='bbox 2382 4722 2478 4772; x_wconf 76' lang='grc' dir='ltr'><strong>πεῖ</strong></span> <span class='ocrx_word' id='word_1_731' title='bbox 2521 4720 2834 4790; x_wconf 75' lang='grc' dir='ltr'><strong>βασανίζειν</strong></span> <span class='ocrx_word' id='word_1_732' title='bbox 2896 4722 2965 4775; x_wconf 79' lang='grc' dir='ltr'><strong>τὰ</strong></span> <span class='ocrx_word' id='word_1_733' title='bbox 3022 4723 3563 4793; x_wconf 71' lang='grc' dir='ltr'><strong>ἐμπεριειλημμένα·</strong></span> <span class='ocrx_word' id='word_1_734' title='bbox 3601 4726 3694 4777; x_wconf 76' lang='grc' dir='ltr'><strong>καὶ</strong></span> <span class='ocrx_word' id='word_1_735' title='bbox 3750 4726 3797 4776; x_wconf 84' lang='grc' dir='ltr'><strong>εί</strong></span> <span class='ocrx_word' id='word_1_736' title='bbox 3854 4725 3955 4793; x_wconf 83' lang='grc' dir='ltr'><strong>μὲν</strong></span> 
     </span>
    </p>
   </div>
   <div class='ocr_carea' id='block_1_106' title="bbox 2380 4808 3956 4886">
    <p class='ocr_par' dir='ltr' id='par_1_106' title="bbox 2380 4808 3956 4886">
     <span class='ocr_line' id='line_1_106' title="bbox 2380 4808 3956 4886; baseline 0.005 -25"><span class='ocrx_word' id='word_1_737' title='bbox 2380 4808 2607 4880; x_wconf 76' lang='grc' dir='ltr'><strong>ἀρέσκει</strong></span> <span class='ocrx_word' id='word_1_738' title='bbox 2649 4810 2727 4879; x_wconf 84' lang='grc' dir='ltr'><strong>τῷ</strong></span> <span class='ocrx_word' id='word_1_739' title='bbox 2773 4812 3156 4882; x_wconf 82' lang='grc' dir='ltr'><strong>ἐντυγχάνοντι</strong></span> <span class='ocrx_word' id='word_1_740' title='bbox 3204 4813 3266 4865; x_wconf 82' lang='grc' dir='ltr'><strong>τὸ</strong></span> <span class='ocrx_word' id='word_1_741' title='bbox 3293 4814 3585 4885; x_wconf 80' lang='grc' dir='ltr'><strong>διορθωθὲν</strong></span> <span class='ocrx_word' id='word_1_742' title='bbox 3626 4817 3755 4885; x_wconf 82' lang='grc' dir='ltr'><strong>παρ’</strong></span> <span class='ocrx_word' id='word_1_743' title='bbox 3799 4818 3956 4886; x_wconf 76' lang='grc' dir='ltr'><strong>ἡμῶν</strong></span> 
     </span>
    </p>
   </div>
   <div class='ocr_carea' id='block_1_107' title="bbox 2383 4900 3955 4974">
    <p class='ocr_par' dir='ltr' id='par_1_107' title="bbox 2383 4900 3955 4974">
     <span class='ocr_line' id='line_1_107' title="bbox 2383 4900 3955 4974; baseline 0.006 -22"><span class='ocrx_word' id='word_1_744' title='bbox 2383 4900 2609 4970; x_wconf 84' lang='grc' dir='ltr'><strong>σφάλμα</strong></span> <span class='ocrx_word' id='word_1_745' title='bbox 2622 4900 2734 4954; x_wconf 85' lang='grc' dir='ltr'><strong>τῶν</strong></span> <span class='ocrx_word' id='word_1_746' title='bbox 2752 4901 2859 4972; x_wconf 80' lang='grc' dir='ltr'><strong>πρὸ</strong></span> <span class='ocrx_word' id='word_1_747' title='bbox 2882 4904 3061 4972; x_wconf 82' lang='grc' dir='ltr'><strong>ὴμῶν,</strong></span> <span class='ocrx_word' id='word_1_748' title='bbox 3096 4904 3257 4973; x_wconf 88' lang='grc' dir='ltr'><strong>χάρις</strong></span> <span class='ocrx_word' id='word_1_749' title='bbox 3282 4904 3421 4974; x_wconf 87' lang='grc' dir='ltr'><strong>Θεῷ,</strong></span> <span class='ocrx_word' id='word_1_750' title='bbox 3455 4906 3531 4974; x_wconf 86' lang='grc' dir='ltr'><strong>τῷ</strong></span> <span class='ocrx_word' id='word_1_751' title='bbox 3560 4908 3761 4969; x_wconf 71' lang='grc' dir='ltr'><strong>παντὸς</strong></span> <span class='ocrx_word' id='word_1_752' title='bbox 3786 4907 3955 4960; x_wconf 73' lang='grc' dir='ltr'><strong>καλοῦ</strong></span> 
     </span>
    </p>
   </div>
   <div class='ocr_carea' id='block_1_108' title="bbox 2380 4992 3956 5066">
    <p class='ocr_par' dir='ltr' id='par_1_108' title="bbox 2380 4992 3956 5066">
     <span class='ocr_line' id='line_1_108' title="bbox 2380 4992 3956 5066; baseline 0.004 -21"><span class='ocrx_word' id='word_1_753' title='bbox 2380 4992 2566 5062; x_wconf 83' lang='grc' dir='ltr'><strong>δοτῆρι</strong></span> <span class='ocrx_word' id='word_1_754' title='bbox 2596 4993 2691 5046; x_wconf 78' lang='grc' dir='ltr'><strong>καὶ</strong></span> <span class='ocrx_word' id='word_1_755' title='bbox 2719 4993 2961 5061; x_wconf 74' lang='grc' dir='ltr'><strong>χορηγῷο</strong></span> <span class='ocrx_word' id='word_1_756' title='bbox 2990 4994 3110 5047; x_wconf 79' lang='grc' dir='ltr'><strong>εῐδέ</strong></span> <span class='ocrx_word' id='word_1_757' title='bbox 3138 5011 3203 5062; x_wconf 90' lang='grc' dir='ltr'><strong>γε</strong></span> <span class='ocrx_word' id='word_1_758' title='bbox 3233 4995 3359 5062; x_wconf 82' lang='grc' dir='ltr'><strong>περὶ</strong></span> <span class='ocrx_word' id='word_1_759' title='bbox 3388 4996 3486 5065; x_wconf 84' lang='grc' dir='ltr'><strong>τῆς</strong></span> <span class='ocrx_word' id='word_1_760' title='bbox 3513 4998 3733 5065; x_wconf 86' lang='grc' dir='ltr'><strong>εἰρήνης</strong></span> <span class='ocrx_word' id='word_1_761' title='bbox 3750 4997 3956 5066; x_wconf 67' lang='grc' dir='ltr'><strong>ταύτης</strong></span> 
     </span>
    </p>
   </div>
   <div class='ocr_carea' id='block_1_109' title="bbox 2380 5082 3953 5154">
    <p class='ocr_par' dir='ltr' id='par_1_109' title="bbox 2380 5082 3953 5154">
     <span class='ocr_line' id='line_1_109' title="bbox 2380 5082 3953 5154; baseline 0.003 -19"><span class='ocrx_word' id='word_1_762' title='bbox 2380 5084 2441 5136; x_wconf 83' lang='grc' dir='ltr'><strong>οὐ</strong></span> <span class='ocrx_word' id='word_1_763' title='bbox 2477 5084 2656 5145; x_wconf 80' lang='grc' dir='ltr'><strong>καλῶς</strong></span> <span class='ocrx_word' id='word_1_764' title='bbox 2687 5082 3153 5153; x_wconf 81' lang='grc' dir='ltr'><strong>βουλευσαμένους</strong></span> <span class='ocrx_word' id='word_1_765' title='bbox 3181 5086 3477 5138; x_wconf 80' lang='grc' dir='ltr'><strong>διανοεῖται</strong></span> <span class='ocrx_word' id='word_1_766' title='bbox 3508 5087 3675 5154; x_wconf 75' lang='grc' dir='ltr'><strong>ἡμᾶς,</strong></span> <span class='ocrx_word' id='word_1_767' title='bbox 3704 5088 3850 5150; x_wconf 81' lang='grc' dir='ltr'><strong>ὅστις</strong></span> <span class='ocrx_word' id='word_1_768' title='bbox 3886 5089 3953 5141; x_wconf 77' lang='grc' dir='ltr'><strong>ἂν</strong></span> 
     </span>
    </p>
   </div>
   <div class='ocr_carea' id='block_1_110' title="bbox 2381 5172 3955 5245">
    <p class='ocr_par' dir='ltr' id='par_1_110' title="bbox 2381 5172 3955 5245">
     <span class='ocr_line' id='line_1_110' title="bbox 2381 5172 3955 5245; baseline 0.004 -19"><span class='ocrx_word' id='word_1_769' title='bbox 2381 5175 2475 5227; x_wconf 79' lang='grc' dir='ltr'><strong>καὶ</strong></span> <span class='ocrx_word' id='word_1_770' title='bbox 2515 5177 2602 5245; x_wconf 84' lang='grc' dir='ltr'><strong>είη</strong></span> <span class='ocrx_word' id='word_1_771' title='bbox 2635 5172 2808 5238; x_wconf 77' lang='grc' dir='ltr'><strong>οὗτος,</strong></span> <span class='ocrx_word' id='word_1_772' title='bbox 2843 5175 2902 5227; x_wconf 84' lang='grc' dir='ltr'><strong>ἓν</strong></span> <span class='ocrx_word' id='word_1_773' title='bbox 2949 5176 3109 5229; x_wconf 83' lang='grc' dir='ltr'><strong>τοῦτο</strong></span> <span class='ocrx_word' id='word_1_774' title='bbox 3143 5178 3304 5245; x_wconf 82' lang='grc' dir='ltr'><strong>μόνον</strong></span> <span class='ocrx_word' id='word_1_775' title='bbox 3342 5178 3515 5230; x_wconf 72' lang='grc' dir='ltr'><strong>ἐθέλω</strong></span> <span class='ocrx_word' id='word_1_776' title='bbox 3548 5180 3710 5230; x_wconf 76' lang='grc' dir='ltr'><strong>αὑτὸν</strong></span> <span class='ocrx_word' id='word_1_777' title='bbox 3753 5181 3955 5232; x_wconf 78' lang='grc' dir='ltr'><strong>εξδὲναι</strong></span> 
     </span>
    </p>
   </div>
   <div class='ocr_carea' id='block_1_111' title="bbox 2380 5265 3950 5339">
    <p class='ocr_par' dir='ltr' id='par_1_111' title="bbox 2380 5265 3950 5339">
     <span class='ocr_line' id='line_1_111' title="bbox 2380 5265 3950 5339; baseline 0.004 -24"><span class='ocrx_word' id='word_1_778' title='bbox 2380 5266 2509 5334; x_wconf 73' lang='grc' dir='ltr'><strong>περὶ</strong></span> <span class='ocrx_word' id='word_1_779' title='bbox 2533 5265 2713 5334; x_wconf 80' lang='grc' dir='ltr'><strong>ἡμῶν,</strong></span> <span class='ocrx_word' id='word_1_780' title='bbox 2744 5268 2819 5329; x_wconf 85' lang='grc' dir='ltr'><strong>ὠς</strong></span> <span class='ocrx_word' id='word_1_781' title='bbox 2848 5268 2961 5319; x_wconf 81' lang='grc' dir='ltr'><strong>πᾶν</strong></span> <span class='ocrx_word' id='word_1_782' title='bbox 3003 5269 3055 5320; x_wconf 84' lang='grc' dir='ltr'><strong>εἴ</strong></span> <span class='ocrx_word' id='word_1_783' title='bbox 3084 5284 3135 5319; x_wconf 83' lang='grc' dir='ltr'><strong>τι</strong></span> <span class='ocrx_word' id='word_1_784' title='bbox 3164 5267 3295 5337; x_wconf 82' lang='grc' dir='ltr'><strong>παρ’</strong></span> <span class='ocrx_word' id='word_1_785' title='bbox 3331 5266 3487 5337; x_wconf 72' lang='grc' dir='ltr'><strong>ἡμῶν</strong></span> <span class='ocrx_word' id='word_1_786' title='bbox 3538 5270 3634 5320; x_wconf 76' lang='grc' dir='ltr'><strong>καὶ</strong></span> <span class='ocrx_word' id='word_1_787' title='bbox 3678 5269 3950 5339; x_wconf 75' lang='grc' dir='ltr'><strong>διενοήθη,</strong></span> 
     </span>
    </p>
   </div>
   <div class='ocr_carea' id='block_1_112' title="bbox 2378 5357 3951 5429">
    <p class='ocr_par' dir='ltr' id='par_1_112' title="bbox 2378 5357 3951 5429">
     <span class='ocr_line' id='line_1_112' title="bbox 2378 5357 3951 5429; baseline 0.003 -20"><span class='ocrx_word' id='word_1_788' title='bbox 2378 5358 2474 5409; x_wconf 77' lang='grc' dir='ltr'><strong>καὶ</strong></span> <span class='ocrx_word' id='word_1_789' title='bbox 2501 5357 2763 5427; x_wconf 83' lang='grc' dir='ltr'><strong>ἐλαλήθη.</strong></span> <span class='ocrx_word' id='word_1_790' title='bbox 2790 5357 3043 5429; x_wconf 82' lang='grc' dir='ltr'><strong>ἐπράχθη</strong></span> <span class='ocrx_word' id='word_1_791' title='bbox 3088 5375 3145 5411; x_wconf 88' lang='grc' dir='ltr'><strong>τε</strong></span> <span class='ocrx_word' id='word_1_792' title='bbox 3191 5361 3284 5413; x_wconf 81' lang='grc' dir='ltr'><strong>καὶ</strong></span> <span class='ocrx_word' id='word_1_793' title='bbox 3327 5360 3544 5429; x_wconf 79' lang='grc' dir='ltr'><strong>ἐγράφη</strong></span> <span class='ocrx_word' id='word_1_794' title='bbox 3572 5361 3663 5411; x_wconf 72' lang='grc' dir='ltr'><strong>ἐπὶ</strong></span> <span class='ocrx_word' id='word_1_795' title='bbox 3695 5364 3951 5414; x_wconf 72' lang='grc' dir='ltr'><strong>συστάσει</strong></span> 
     </span>
    </p>
   </div>
   <div class='ocr_carea' id='block_1_113' title="bbox 2374 5446 3947 5521">
    <p class='ocr_par' dir='ltr' id='par_1_113' title="bbox 2374 5446 3947 5521">
     <span class='ocr_line' id='line_1_113' title="bbox 2374 5446 3947 5521; baseline 0.007 -25"><span class='ocrx_word' id='word_1_796' title='bbox 2374 5447 2477 5517; x_wconf 79' lang='grc' dir='ltr'><strong>τῆς</strong></span> <span class='ocrx_word' id='word_1_797' title='bbox 2504 5446 2969 5518; x_wconf 78' lang='grc' dir='ltr'><strong>ἐκκλησιαστικῆς</strong></span> <span class='ocrx_word' id='word_1_798' title='bbox 2995 5451 3237 5521; x_wconf 75' lang='grc' dir='ltr'><strong>εἰρήνης,</strong></span> <span class='ocrx_word' id='word_1_799' title='bbox 3267 5451 3367 5504; x_wconf 73' lang='grc' dir='ltr'><strong>οὐκ</strong></span> <span class='ocrx_word' id='word_1_800' title='bbox 3389 5455 3473 5503; x_wconf 75' lang='grc' dir='ltr'><strong>ἐπ’</strong></span> <span class='ocrx_word' id='word_1_801' title='bbox 3508 5452 3763 5521; x_wconf 74' lang='grc' dir='ltr'><strong>ἀθετήσει</strong></span> <span class='ocrx_word' id='word_1_802' title='bbox 3793 5455 3947 5507; x_wconf 81' lang='grc' dir='ltr'><strong>οὐδε-</strong></span> 
     </span>
    </p>
   </div>
   <div class='ocr_carea' id='block_1_114' title="bbox 2380 5538 3949 5611">
    <p class='ocr_par' dir='ltr' id='par_1_114' title="bbox 2380 5538 3949 5611">
     <span class='ocr_line' id='line_1_114' title="bbox 2380 5538 3949 5611; baseline 0.003 -20"><span class='ocrx_word' id='word_1_803' title='bbox 2380 5540 2468 5600; x_wconf 68' lang='grc' dir='ltr'><strong>νὸς</strong></span> <span class='ocrx_word' id='word_1_804' title='bbox 2488 5538 2599 5591; x_wconf 82' lang='grc' dir='ltr'><strong>τῶν</strong></span> <span class='ocrx_word' id='word_1_805' title='bbox 2644 5541 2931 5608; x_wconf 78' lang='grc' dir='ltr'><strong>ἡμετέρων</strong></span> <span class='ocrx_word' id='word_1_806' title='bbox 2959 5539 3098 5593; x_wconf 80' lang='grc' dir='ltr'><strong>ἐθῶν</strong></span> <span class='ocrx_word' id='word_1_807' title='bbox 3130 5543 3224 5593; x_wconf 76' lang='grc' dir='ltr'><strong>καὶ</strong></span> <span class='ocrx_word' id='word_1_808' title='bbox 3254 5542 3540 5611; x_wconf 81' lang='grc' dir='ltr'><strong>δογμάτων</strong></span> <span class='ocrx_word' id='word_1_809' title='bbox 3570 5542 3727 5594; x_wconf 74' lang='grc' dir='ltr'><strong>τοῦτο</strong></span> <span class='ocrx_word' id='word_1_810' title='bbox 3758 5544 3949 5610; x_wconf 81' lang='grc' dir='ltr'><strong>γέγονε</strong></span> 
     </span>
    </p>
   </div>
   <div class='ocr_carea' id='block_1_115' title="bbox 2379 5628 3951 5702">
    <p class='ocr_par' dir='ltr' id='par_1_115' title="bbox 2379 5628 3951 5702">
     <span class='ocr_line' id='line_1_115' title="bbox 2379 5628 3951 5702; baseline 0.001 -21"><span class='ocrx_word' id='word_1_811' title='bbox 2379 5629 2513 5698; x_wconf 79' lang='grc' dir='ltr'><strong>παρ’</strong></span> <span class='ocrx_word' id='word_1_812' title='bbox 2538 5628 2718 5698; x_wconf 79' lang='grc' dir='ltr'><strong>ἡμῶν.</strong></span> <span class='ocrx_word' id='word_1_813' title='bbox 2751 5631 2865 5690; x_wconf 82' lang='grc' dir='ltr'><strong>Πᾶς</strong></span> <span class='ocrx_word' id='word_1_814' title='bbox 2894 5631 3003 5700; x_wconf 85' lang='grc' dir='ltr'><strong>γάρ</strong></span> <span class='ocrx_word' id='word_1_815' title='bbox 3027 5648 3129 5693; x_wconf 83' lang='grc' dir='ltr'><strong>τις,</strong></span> <span class='ocrx_word' id='word_1_816' title='bbox 3158 5631 3219 5693; x_wconf 81' lang='grc' dir='ltr'><strong>ὅς</strong></span> <span class='ocrx_word' id='word_1_817' title='bbox 3241 5632 3331 5683; x_wconf 67' lang='grc' dir='ltr'><strong>ἐπὶ</strong></span> <span class='ocrx_word' id='word_1_818' title='bbox 3360 5632 3458 5698; x_wconf 79' lang='grc' dir='ltr'><strong>τὴν</strong></span> <span class='ocrx_word' id='word_1_819' title='bbox 3492 5632 3951 5702; x_wconf 69' lang='grc' dir='ltr'><strong>ἐκκλησιαστικὴν</strong></span> 
     </span>
    </p>
   </div>
   <div class='ocr_carea' id='block_1_116' title="bbox 2376 5716 3948 5793">
    <p class='ocr_par' dir='ltr' id='par_1_116' title="bbox 2376 5716 3948 5793">
     <span class='ocr_line' id='line_1_116' title="bbox 2376 5716 3948 5793; baseline 0.003 -23"><span class='ocrx_word' id='word_1_820' title='bbox 2376 5722 2582 5785; x_wconf 72' lang='grc' dir='ltr'><strong>ταύτην</strong></span> <span class='ocrx_word' id='word_1_821' title='bbox 2631 5716 2793 5788; x_wconf 73' lang='grc' dir='ltr'><strong>ἦλθεν</strong></span> <span class='ocrx_word' id='word_1_822' title='bbox 2827 5722 3073 5791; x_wconf 75' lang='grc' dir='ltr'><strong>εἰρήνην,</strong></span> <span class='ocrx_word' id='word_1_823' title='bbox 3108 5723 3185 5784; x_wconf 79' lang='grc' dir='ltr'><strong>ὡς</strong></span> <span class='ocrx_word' id='word_1_824' title='bbox 3232 5723 3340 5778; x_wconf 79' lang='grc' dir='ltr'><strong>τῶν</strong></span> <span class='ocrx_word' id='word_1_825' title='bbox 3364 5726 3649 5793; x_wconf 81' lang='grc' dir='ltr'><strong>ἡμετέρων</strong></span> <span class='ocrx_word' id='word_1_826' title='bbox 3688 5724 3826 5777; x_wconf 76' lang='grc' dir='ltr'><strong>ἐθῶν</strong></span> <span class='ocrx_word' id='word_1_827' title='bbox 3854 5727 3948 5776; x_wconf 71' lang='grc' dir='ltr'><strong>καὶ</strong></span> 
     </span>
    </p>
   </div>
   <div class='ocr_carea' id='block_1_117' title="bbox 2376 5810 3948 5886">
    <p class='ocr_par' dir='ltr' id='par_1_117' title="bbox 2376 5810 3948 5886">
     <span class='ocr_line' id='line_1_117' title="bbox 2376 5810 3948 5886; baseline 0.004 -24"><span class='ocrx_word' id='word_1_828' title='bbox 2376 5810 2664 5884; x_wconf 76' lang='grc' dir='ltr'><strong>δογμάτων</strong></span> <span class='ocrx_word' id='word_1_829' title='bbox 2732 5813 3125 5881; x_wconf 77' lang='grc' dir='ltr'><strong>κατεγνωκὼς,</strong></span> <span class='ocrx_word' id='word_1_830' title='bbox 3188 5817 3277 5867; x_wconf 63' lang='grc' dir='ltr'><strong>καῖ</strong></span> <span class='ocrx_word' id='word_1_831' title='bbox 3339 5816 3415 5879; x_wconf 83' lang='grc' dir='ltr'><strong>ὡς</strong></span> <span class='ocrx_word' id='word_1_832' title='bbox 3469 5816 3563 5886; x_wconf 75' lang='grc' dir='ltr'><strong>τὴν</strong></span> <span class='ocrx_word' id='word_1_833' title='bbox 3629 5815 3948 5885; x_wconf 65' lang='grc' dir='ltr'><strong>Ῥωμαϊκὴν</strong></span> 
     </span>
    </p>
   </div>
  </div>
