  <div class='ocr_page' id='page_1' title='image "/cluster/home/n/w/nwhite01/storage/ocr_20150623/141/nnc1.0046979964/018.png"; bbox 0 0 4202 6444; ppageno 0'>
   <div class='ocr_carea' id='block_1_1' title="bbox 226 392 3497 475">
    <p class='ocr_par' dir='ltr' id='par_1_1' title="bbox 226 392 3497 475">
     <span class='ocr_line' id='line_1_1' title="bbox 226 392 3497 475; baseline -0.002 -13"><span class='ocrx_word' id='word_1_1' title='bbox 226 397 290 462; x_wconf 69' lang='lat'><strong>21</strong></span> <span class='ocrx_word' id='word_1_2' title='bbox 1331 403 1428 463; x_wconf 84' lang='lat' dir='ltr'><strong>DE</strong></span> <span class='ocrx_word' id='word_1_3' title='bbox 1464 403 1756 466; x_wconf 76' lang='lat' dir='ltr'><strong>UNlONE</strong></span> <span class='ocrx_word' id='word_1_4' title='bbox 1797 399 2357 464; x_wconf 77' lang='lat' dir='ltr'><strong>ECCLESIARUM.</strong></span> <span class='ocrx_word' id='word_1_5' title='bbox 3421 392 3497 475; x_wconf 64' lang='lat' dir='ltr'><strong>2g</strong></span> 
     </span>
    </p>
   </div>
   <div class='ocr_carea' id='block_1_2' title="bbox 239 505 1827 586">
    <p class='ocr_par' dir='ltr' id='par_1_2' title="bbox 239 512 1814 586">
     <span class='ocr_line' id='line_1_2' title="bbox 239 512 1814 586; baseline 0 -20"><span class='ocrx_word' id='word_1_6' title='bbox 239 512 580 580; x_wconf 85' lang='grc' dir='ltr'><strong>Ἐκκλησίαν</strong></span> <span class='ocrx_word' id='word_1_7' title='bbox 609 513 937 584; x_wconf 81' lang='grc' dir='ltr'><strong>πρεσϐεύειν</strong></span> <span class='ocrx_word' id='word_1_8' title='bbox 975 513 1285 579; x_wconf 78' lang='grc' dir='ltr'><strong>διεγνωκὼς</strong></span> <span class='ocrx_word' id='word_1_9' title='bbox 1337 515 1730 586; x_wconf 72' lang='grc' dir='ltr'><strong>εὐσεϐέστερον</strong></span> <span class='ocrx_word' id='word_1_10' title='bbox 1759 533 1814 567; x_wconf 89' lang='grc' dir='ltr'><strong>τι</strong></span> 
     </span>
    </p>
   </div>
   <div class='ocr_carea' id='block_1_3' title="bbox 1928 505 3488 586">
    <p class='ocr_par' dir='ltr' id='par_1_3' title="bbox 1928 505 3488 575">
     <span class='ocr_line' id='line_1_3' title="bbox 1928 505 3488 575; baseline -0.006 -7"><span class='ocrx_word' id='word_1_11' title='bbox 1928 515 2160 574; x_wconf 88' lang='lat' dir='ltr'><strong>:redere,</strong></span> <span class='ocrx_word' id='word_1_12' title='bbox 2195 512 2353 565; x_wconf 89' lang='lat' dir='ltr'><strong>cadat</strong></span> <span class='ocrx_word' id='word_1_13' title='bbox 2385 524 2414 562; x_wconf 90' lang='lat' dir='ltr'><strong>e</strong></span> <span class='ocrx_word' id='word_1_14' title='bbox 2448 507 2651 562; x_wconf 88' lang='lat' dir='ltr'><strong>Christi</strong></span> <span class='ocrx_word' id='word_1_15' title='bbox 2698 521 2861 575; x_wconf 76' lang='lat' dir='ltr'><strong>regno</strong></span> <span class='ocrx_word' id='word_1_16' title='bbox 2904 521 3010 560; x_wconf 74' lang='lat' dir='ltr'><strong>una</strong></span> <span class='ocrx_word' id='word_1_17' title='bbox 3041 521 3163 559; x_wconf 81' lang='lat' dir='ltr'><strong>cum</strong></span> <span class='ocrx_word' id='word_1_18' title='bbox 3195 505 3330 560; x_wconf 83' lang='lat' dir='ltr'><strong>Juda</strong></span> <span class='ocrx_word' id='word_1_19' title='bbox 3365 522 3488 572; x_wconf 81' lang='lat' dir='ltr'><strong>pro-</strong></span> 
     </span>
    </p>
   </div>
   <div class='ocr_carea' id='block_1_4' title="bbox 230 601 1814 672">
    <p class='ocr_par' dir='ltr' id='par_1_4' title="bbox 230 601 1814 672">
     <span class='ocr_line' id='line_1_4' title="bbox 230 601 1814 672; baseline -0.001 -17"><span class='ocrx_word' id='word_1_20' title='bbox 230 604 335 669; x_wconf 77' lang='grc' dir='ltr'><strong>τῆς</strong></span> <span class='ocrx_word' id='word_1_21' title='bbox 366 604 676 672; x_wconf 74' lang='grc' dir='ltr'><strong>ἡμετέρας,</strong></span> <span class='ocrx_word' id='word_1_22' title='bbox 704 603 986 666; x_wconf 72' lang='grc' dir='ltr'><strong>ἔκπτωτος</strong></span> <span class='ocrx_word' id='word_1_23' title='bbox 1034 605 1119 671; x_wconf 84' lang='grc' dir='ltr'><strong>εῖη</strong></span> <span class='ocrx_word' id='word_1_24' title='bbox 1151 601 1251 672; x_wconf 79' lang='grc' dir='ltr'><strong>τῆς</strong></span> <span class='ocrx_word' id='word_1_25' title='bbox 1299 601 1390 655; x_wconf 78' lang='grc' dir='ltr'><strong>τοῦ</strong></span> <span class='ocrx_word' id='word_1_26' title='bbox 1440 602 1681 672; x_wconf 82' lang='grc' dir='ltr'><strong>Χριστοῦ</strong></span> <span class='ocrx_word' id='word_1_27' title='bbox 1721 601 1814 671; x_wconf 83' lang='grc' dir='ltr'><strong>βα-</strong></span> 
     </span>
    </p>
   </div>
   <div class='ocr_carea' id='block_1_5' title="bbox 229 695 1816 765">
    <p class='ocr_par' dir='ltr' id='par_1_5' title="bbox 229 695 1816 765">
     <span class='ocr_line' id='line_1_5' title="bbox 229 695 1816 765; baseline 0.001 -22"><span class='ocrx_word' id='word_1_28' title='bbox 229 695 463 758; x_wconf 80' lang='grc' dir='ltr'><strong>σιλείας,</strong></span> <span class='ocrx_word' id='word_1_29' title='bbox 496 697 592 747; x_wconf 69' lang='grc' dir='ltr'><strong>καὶ</strong></span> <span class='ocrx_word' id='word_1_30' title='bbox 621 695 698 764; x_wconf 83' lang='grc' dir='ltr'><strong>τῷ</strong></span> <span class='ocrx_word' id='word_1_31' title='bbox 729 696 964 765; x_wconf 74' lang='grc' dir='ltr'><strong>προδότῃ</strong></span> <span class='ocrx_word' id='word_1_32' title='bbox 1007 695 1197 764; x_wconf 76' lang='grc' dir='ltr'><strong>Ἰούδᾳ,</strong></span> <span class='ocrx_word' id='word_1_33' title='bbox 1242 695 1339 748; x_wconf 82' lang='grc' dir='ltr'><strong>καὶ</strong></span> <span class='ocrx_word' id='word_1_34' title='bbox 1378 699 1492 758; x_wconf 86' lang='grc' dir='ltr'><strong>τοῖς</strong></span> <span class='ocrx_word' id='word_1_35' title='bbox 1542 695 1816 756; x_wconf 78' lang='grc' dir='ltr'><strong>κοινωνοῖς</strong></span> 
     </span>
    </p>
   </div>
   <div class='ocr_carea' id='block_1_6' title="bbox 229 786 1814 856">
    <p class='ocr_par' dir='ltr' id='par_1_6' title="bbox 229 786 1814 856">
     <span class='ocr_line' id='line_1_6' title="bbox 229 786 1814 856; baseline 0.001 -19"><span class='ocrx_word' id='word_1_36' title='bbox 229 787 425 848; x_wconf 76' lang='grc' dir='ltr'><strong>αὑτοῦ,</strong></span> <span class='ocrx_word' id='word_1_37' title='bbox 457 788 557 838; x_wconf 85' lang='grc' dir='ltr'><strong>καὶ</strong></span> <span class='ocrx_word' id='word_1_38' title='bbox 588 790 932 853; x_wconf 83' lang='grc' dir='ltr'><strong>σταυρωτσῖς</strong></span> <span class='ocrx_word' id='word_1_39' title='bbox 960 786 1049 839; x_wconf 77' lang='grc' dir='ltr'><strong>τοῦ</strong></span> <span class='ocrx_word' id='word_1_40' title='bbox 1081 787 1334 856; x_wconf 76' lang='grc' dir='ltr'><strong>Σωτῆρος</strong></span> <span class='ocrx_word' id='word_1_41' title='bbox 1358 789 1814 854; x_wconf 79' lang='grc' dir='ltr'><strong>συντεταγμένος.</strong></span> 
     </span>
    </p>
   </div>
   <div class='ocr_carea' id='block_1_7' title="bbox 231 877 1818 949">
    <p class='ocr_par' dir='ltr' id='par_1_7' title="bbox 231 877 1818 949">
     <span class='ocr_line' id='line_1_7' title="bbox 231 877 1818 949; baseline -0.002 -19"><span class='ocrx_word' id='word_1_42' title='bbox 231 877 410 930; x_wconf 78' lang='grc' dir='ltr'><strong>τοῦτο</strong></span> <span class='ocrx_word' id='word_1_43' title='bbox 459 878 524 949; x_wconf 80' lang='grc' dir='ltr'><strong>δὴ</strong></span> <span class='ocrx_word' id='word_1_44' title='bbox 557 878 617 930; x_wconf 76' lang='grc' dir='ltr'><strong>τὸ</strong></span> <span class='ocrx_word' id='word_1_45' title='bbox 660 878 890 947; x_wconf 75' lang='grc' dir='ltr'><strong>φοϐερὸν</strong></span> <span class='ocrx_word' id='word_1_46' title='bbox 934 881 1121 947; x_wconf 85' lang='grc' dir='ltr'><strong>ὅρκιον</strong></span> <span class='ocrx_word' id='word_1_47' title='bbox 1183 879 1374 948; x_wconf 86' lang='grc' dir='ltr'><strong>ῶσπερ</strong></span> <span class='ocrx_word' id='word_1_48' title='bbox 1416 895 1469 931; x_wconf 91' lang='grc' dir='ltr'><strong>τι</strong></span> <span class='ocrx_word' id='word_1_49' title='bbox 1516 878 1610 930; x_wconf 74' lang='grc' dir='ltr'><strong>τοῦ</strong></span> <span class='ocrx_word' id='word_1_50' title='bbox 1657 877 1818 944; x_wconf 75' lang='grc' dir='ltr'><strong>λόγου</strong></span> 
     </span>
    </p>
   </div>
   <div class='ocr_carea' id='block_1_8' title="bbox 231 970 1814 1042">
    <p class='ocr_par' dir='ltr' id='par_1_8' title="bbox 231 970 1814 1042">
     <span class='ocr_line' id='line_1_8' title="bbox 231 970 1814 1042; baseline 0.003 -21"><span class='ocrx_word' id='word_1_51' title='bbox 231 971 488 1038; x_wconf 76' lang='grc' dir='ltr'><strong>θεμέλιον</strong></span> <span class='ocrx_word' id='word_1_52' title='bbox 525 971 1133 1038; x_wconf 79' lang='grc' dir='ltr'><strong>προκαταϐαλλόμενοι,</strong></span> <span class='ocrx_word' id='word_1_53' title='bbox 1163 970 1258 1023; x_wconf 81' lang='grc' dir='ltr'><strong>τοῦ</strong></span> <span class='ocrx_word' id='word_1_54' title='bbox 1295 971 1473 1037; x_wconf 85' lang='grc' dir='ltr'><strong>λέγειν</strong></span> <span class='ocrx_word' id='word_1_55' title='bbox 1510 971 1814 1042; x_wconf 72' lang='grc' dir='ltr'><strong>ἐρχόμεθα.</strong></span> 
     </span>
    </p>
   </div>
   <div class='ocr_carea' id='block_1_9' title="bbox 307 1060 1818 1132">
    <p class='ocr_par' dir='ltr' id='par_1_9' title="bbox 307 1060 1818 1132">
     <span class='ocr_line' id='line_1_9' title="bbox 307 1060 1818 1132; baseline 0.001 -20"><span class='ocrx_word' id='word_1_56' title='bbox 307 1060 367 1114; x_wconf 84' lang='grc' dir='ltr'><strong>ε’.</strong></span> <span class='ocrx_word' id='word_1_57' title='bbox 411 1064 591 1131; x_wconf 83' lang='grc' dir='ltr'><strong>Ὅπερ</strong></span> <span class='ocrx_word' id='word_1_58' title='bbox 618 1063 674 1114; x_wconf 85' lang='grc' dir='ltr'><strong>δὲ</strong></span> <span class='ocrx_word' id='word_1_59' title='bbox 697 1063 792 1114; x_wconf 73' lang='grc' dir='ltr'><strong>καὶ</strong></span> <span class='ocrx_word' id='word_1_60' title='bbox 816 1063 895 1114; x_wconf 70' lang='grc' dir='ltr'><strong>ἔτι</strong></span> <span class='ocrx_word' id='word_1_61' title='bbox 918 1081 1006 1130; x_wconf 91' lang='grc' dir='ltr'><strong>μοι</strong></span> <span class='ocrx_word' id='word_1_62' title='bbox 1028 1063 1120 1115; x_wconf 79' lang='grc' dir='ltr'><strong>τοῦ</strong></span> <span class='ocrx_word' id='word_1_63' title='bbox 1142 1063 1302 1130; x_wconf 82' lang='grc' dir='ltr'><strong>λόγου</strong></span> <span class='ocrx_word' id='word_1_64' title='bbox 1335 1064 1818 1132; x_wconf 84' lang='grc' dir='ltr'><strong>προαναταχθῆναι</strong></span> 
     </span>
    </p>
   </div>
   <div class='ocr_carea' id='block_1_10' title="bbox 229 1153 1820 1225">
    <p class='ocr_par' dir='ltr' id='par_1_10' title="bbox 229 1153 1820 1225">
     <span class='ocr_line' id='line_1_10' title="bbox 229 1153 1820 1225; baseline 0.002 -19"><span class='ocrx_word' id='word_1_65' title='bbox 229 1153 403 1216; x_wconf 77' lang='grc' dir='ltr'><strong>δοκεῖ,</strong></span> <span class='ocrx_word' id='word_1_66' title='bbox 449 1154 569 1206; x_wconf 81' lang='grc' dir='ltr'><strong>οὐδὲ</strong></span> <span class='ocrx_word' id='word_1_67' title='bbox 609 1153 767 1206; x_wconf 75' lang='grc' dir='ltr'><strong>τοῦτο</strong></span> <span class='ocrx_word' id='word_1_68' title='bbox 816 1155 1320 1223; x_wconf 80' lang='grc' dir='ltr'><strong>παραδραμοῦμαι,</strong></span> <span class='ocrx_word' id='word_1_69' title='bbox 1369 1155 1447 1222; x_wconf 81' lang='grc' dir='ltr'><strong>τῷ</strong></span> <span class='ocrx_word' id='word_1_70' title='bbox 1488 1159 1820 1225; x_wconf 70' lang='grc' dir='ltr'><strong>προσήκοντι</strong></span> 
     </span>
    </p>
   </div>
   <div class='ocr_carea' id='block_1_11' title="bbox 229 1246 1813 1318">
    <p class='ocr_par' dir='ltr' id='par_1_11' title="bbox 229 1246 1813 1318">
     <span class='ocr_line' id='line_1_11' title="bbox 229 1246 1813 1318; baseline 0.003 -21"><span class='ocrx_word' id='word_1_71' title='bbox 229 1248 384 1314; x_wconf 80' lang='grc' dir='ltr'><strong>τόπῳ</strong></span> <span class='ocrx_word' id='word_1_72' title='bbox 405 1246 481 1314; x_wconf 80' lang='grc' dir='ltr'><strong>μὴ</strong></span> <span class='ocrx_word' id='word_1_73' title='bbox 501 1246 836 1314; x_wconf 71' lang='grc' dir='ltr'><strong>ἐφαρμόσαι·</strong></span> <span class='ocrx_word' id='word_1_74' title='bbox 855 1248 903 1298; x_wconf 84' lang='grc' dir='ltr'><strong>οἰ</strong></span> <span class='ocrx_word' id='word_1_75' title='bbox 929 1247 1140 1309; x_wconf 79' lang='grc' dir='ltr'><strong>πολλοῖς</strong></span> <span class='ocrx_word' id='word_1_76' title='bbox 1169 1247 1456 1313; x_wconf 81' lang='grc' dir='ltr'><strong>πολλάκις,</strong></span> <span class='ocrx_word' id='word_1_77' title='bbox 1481 1249 1555 1310; x_wconf 84' lang='grc' dir='ltr'><strong>ὼς</strong></span> <span class='ocrx_word' id='word_1_78' title='bbox 1576 1249 1813 1318; x_wconf 75' lang='grc' dir='ltr'><strong>εἴρηται,</strong></span> 
     </span>
    </p>
   </div>
   <div class='ocr_carea' id='block_1_12' title="bbox 229 1336 1820 1410">
    <p class='ocr_par' dir='ltr' id='par_1_12' title="bbox 229 1336 1820 1410">
     <span class='ocr_line' id='line_1_12' title="bbox 229 1336 1820 1410; baseline 0.004 -24"><span class='ocrx_word' id='word_1_79' title='bbox 229 1339 340 1388; x_wconf 88' lang='grc' dir='ltr'><strong>τῶν</strong></span> <span class='ocrx_word' id='word_1_80' title='bbox 367 1337 470 1404; x_wconf 78' lang='grc' dir='ltr'><strong>τῆς</strong></span> <span class='ocrx_word' id='word_1_81' title='bbox 510 1336 830 1404; x_wconf 75' lang='grc' dir='ltr'><strong>Ῥωμαῖκῆς</strong></span> <span class='ocrx_word' id='word_1_82' title='bbox 871 1337 1200 1406; x_wconf 82' lang='grc' dir='ltr'><strong>Ἐκκλησίας</strong></span> <span class='ocrx_word' id='word_1_83' title='bbox 1242 1341 1452 1409; x_wconf 80' lang='grc' dir='ltr'><strong>ἀνδρῶν</strong></span> <span class='ocrx_word' id='word_1_84' title='bbox 1491 1346 1676 1410; x_wconf 81' lang='grc' dir='ltr'><strong>γραφῇ</strong></span> <span class='ocrx_word' id='word_1_85' title='bbox 1727 1344 1820 1394; x_wconf 76' lang='grc' dir='ltr'><strong>καὶ</strong></span> 
     </span>
    </p>
   </div>
   <div class='ocr_carea' id='block_1_13' title="bbox 232 1427 1821 1502">
    <p class='ocr_par' dir='ltr' id='par_1_13' title="bbox 232 1427 1821 1502">
     <span class='ocr_line' id='line_1_13' title="bbox 232 1427 1821 1502; baseline 0.006 -24"><span class='ocrx_word' id='word_1_86' title='bbox 232 1427 430 1494; x_wconf 83' lang='grc' dir='ltr'><strong>μέλανι</strong></span> <span class='ocrx_word' id='word_1_87' title='bbox 455 1429 848 1497; x_wconf 75' lang='grc' dir='ltr'><strong>μαχεσάμενοι,</strong></span> <span class='ocrx_word' id='word_1_88' title='bbox 882 1429 949 1480; x_wconf 82' lang='grc' dir='ltr'><strong>δι’</strong></span> <span class='ocrx_word' id='word_1_89' title='bbox 984 1428 1076 1492; x_wconf 81' lang='grc' dir='ltr'><strong>οὓς</strong></span> <span class='ocrx_word' id='word_1_90' title='bbox 1108 1431 1202 1484; x_wconf 71' lang='grc' dir='ltr'><strong>καὶ</strong></span> <span class='ocrx_word' id='word_1_91' title='bbox 1236 1432 1373 1498; x_wconf 76' lang='grc' dir='ltr'><strong>πρὸς</strong></span> <span class='ocrx_word' id='word_1_92' title='bbox 1402 1434 1495 1485; x_wconf 78' lang='grc' dir='ltr'><strong>τὸν</strong></span> <span class='ocrx_word' id='word_1_93' title='bbox 1530 1434 1821 1502; x_wconf 70' lang='grc' dir='ltr'><strong>ἐσύστερον</strong></span> 
     </span>
    </p>
   </div>
   <div class='ocr_carea' id='block_1_14' title="bbox 227 1517 1822 1590">
    <p class='ocr_par' dir='ltr' id='par_1_14' title="bbox 227 1517 1822 1590">
     <span class='ocr_line' id='line_1_14' title="bbox 227 1517 1822 1590; baseline 0.006 -24"><span class='ocrx_word' id='word_1_94' title='bbox 227 1519 422 1582; x_wconf 75' lang='grc' dir='ltr'><strong>ἀγῶνα</strong></span> <span class='ocrx_word' id='word_1_95' title='bbox 456 1520 484 1570; x_wconf 85' lang='grc' dir='ltr'><strong>ό</strong></span> <span class='ocrx_word' id='word_1_96' title='bbox 516 1517 709 1586; x_wconf 83' lang='grc' dir='ltr'><strong>παρὼν</strong></span> <span class='ocrx_word' id='word_1_97' title='bbox 757 1520 1025 1589; x_wconf 77' lang='grc' dir='ltr'><strong>ἡμέτερος</strong></span> <span class='ocrx_word' id='word_1_98' title='bbox 1059 1521 1460 1576; x_wconf 74' lang='grc' dir='ltr'><strong>ἑπαποδύσεται</strong></span> <span class='ocrx_word' id='word_1_99' title='bbox 1507 1523 1684 1590; x_wconf 82' lang='grc' dir='ltr'><strong>λόγος,</strong></span> <span class='ocrx_word' id='word_1_100' title='bbox 1719 1525 1822 1576; x_wconf 81' lang='grc' dir='ltr'><strong>ὑπὸ</strong></span> 
     </span>
    </p>
   </div>
   <div class='ocr_carea' id='block_1_15' title="bbox 229 1608 1822 1683">
    <p class='ocr_par' dir='ltr' id='par_1_15' title="bbox 229 1608 1822 1683">
     <span class='ocr_line' id='line_1_15' title="bbox 229 1608 1822 1683; baseline 0.005 -25"><span class='ocrx_word' id='word_1_101' title='bbox 229 1608 330 1673; x_wconf 74' lang='grc' dir='ltr'><strong>τῆς</strong></span> <span class='ocrx_word' id='word_1_102' title='bbox 363 1608 520 1675; x_wconf 82' lang='grc' dir='ltr'><strong>δίκης</strong></span> <span class='ocrx_word' id='word_1_103' title='bbox 549 1609 736 1671; x_wconf 76' lang='grc' dir='ltr'><strong>ῶσπερ</strong></span> <span class='ocrx_word' id='word_1_104' title='bbox 771 1611 1246 1678; x_wconf 73' lang='grc' dir='ltr'><strong>συνελαυνόμενοι,</strong></span> <span class='ocrx_word' id='word_1_105' title='bbox 1278 1617 1358 1675; x_wconf 81' lang='grc' dir='ltr'><strong>εἰς</strong></span> <span class='ocrx_word' id='word_1_106' title='bbox 1383 1615 1442 1665; x_wconf 76' lang='grc' dir='ltr'><strong>τὸ</strong></span> <span class='ocrx_word' id='word_1_107' title='bbox 1466 1615 1822 1683; x_wconf 76' lang='grc' dir='ltr'><strong>θριαμϐεύειν</strong></span> 
     </span>
    </p>
   </div>
   <div class='ocr_carea' id='block_1_16' title="bbox 229 1693 1821 1770">
    <p class='ocr_par' dir='ltr' id='par_1_16' title="bbox 229 1693 1821 1770">
     <span class='ocr_line' id='line_1_16' title="bbox 229 1693 1821 1770; baseline 0.009 -29"><span class='ocrx_word' id='word_1_108' title='bbox 229 1693 466 1752; x_wconf 55' lang='grc' dir='ltr'><strong>ιη’-τοὺς</strong></span> <span class='ocrx_word' id='word_1_109' title='bbox 501 1694 727 1762; x_wconf 78' lang='grc' dir='ltr'><strong>γνώμης</strong></span> <span class='ocrx_word' id='word_1_110' title='bbox 759 1698 1110 1766; x_wconf 79' lang='grc' dir='ltr'><strong>ἡττωμένους</strong></span> <span class='ocrx_word' id='word_1_111' title='bbox 1143 1700 1517 1770; x_wconf 74' lang='grc' dir='ltr'><strong>ίδιορρὑμου,</strong></span> <span class='ocrx_word' id='word_1_112' title='bbox 1545 1703 1821 1755; x_wconf 70' lang='grc' dir='ltr'><strong>καὶτοῦτο</strong></span> 
     </span>
    </p>
   </div>
   <div class='ocr_carea' id='block_1_17' title="bbox 235 1785 1818 1863">
    <p class='ocr_par' dir='ltr' id='par_1_17' title="bbox 235 1785 1818 1863">
     <span class='ocr_line' id='line_1_17' title="bbox 235 1785 1818 1863; baseline 0.007 -28"><span class='ocrx_word' id='word_1_113' title='bbox 235 1788 405 1851; x_wconf 73' lang='grc' dir='ltr'><strong>μόνον</strong></span> <span class='ocrx_word' id='word_1_114' title='bbox 439 1785 594 1853; x_wconf 77' lang='grc' dir='ltr'><strong>νίκην</strong></span> <span class='ocrx_word' id='word_1_115' title='bbox 616 1788 950 1855; x_wconf 77' lang='grc' dir='ltr'><strong>ἡγουμένης,</strong></span> <span class='ocrx_word' id='word_1_116' title='bbox 981 1791 1328 1863; x_wconf 75' lang='grc' dir='ltr'><strong>τδ’πεισμονῇ</strong></span> <span class='ocrx_word' id='word_1_117' title='bbox 1362 1796 1578 1863; x_wconf 76' lang='grc' dir='ltr'><strong>χαίρειν</strong></span> <span class='ocrx_word' id='word_1_118' title='bbox 1610 1797 1818 1861; x_wconf 80' lang='grc' dir='ltr'><strong>ἁπλῶς,</strong></span> 
     </span>
    </p>
   </div>
   <div class='ocr_carea' id='block_1_18' title="bbox 234 1874 1822 1955">
    <p class='ocr_par' dir='ltr' id='par_1_18' title="bbox 234 1874 1822 1955">
     <span class='ocr_line' id='line_1_18' title="bbox 234 1874 1822 1955; baseline 0.011 -33"><span class='ocrx_word' id='word_1_119' title='bbox 234 1876 329 1923; x_wconf 76' lang='grc' dir='ltr'><strong>καὶ</strong></span> <span class='ocrx_word' id='word_1_120' title='bbox 371 1874 507 1942; x_wconf 75' lang='grc' dir='ltr'><strong>πρὸς</strong></span> <span class='ocrx_word' id='word_1_121' title='bbox 545 1877 650 1926; x_wconf 73' lang='grc' dir='ltr'><strong>πᾶν</strong></span> <span class='ocrx_word' id='word_1_122' title='bbox 681 1877 738 1927; x_wconf 70' lang='grc' dir='ltr'><strong>τὸ</strong></span> <span class='ocrx_word' id='word_1_123' title='bbox 765 1879 896 1944; x_wconf 76' lang='grc' dir='ltr'><strong>πρὸς</strong></span> <span class='ocrx_word' id='word_1_124' title='bbox 930 1881 1154 1948; x_wconf 80' lang='grc' dir='ltr'><strong>εἰρήνην</strong></span> <span class='ocrx_word' id='word_1_125' title='bbox 1187 1884 1385 1945; x_wconf 74' lang='grc' dir='ltr'><strong>αὐτοὺς</strong></span> <span class='ocrx_word' id='word_1_126' title='bbox 1419 1887 1822 1955; x_wconf 75' lang='grc' dir='ltr'><strong>ἐκκαλούμενον</strong></span> 
     </span>
    </p>
   </div>
   <div class='ocr_carea' id='block_1_19' title="bbox 231 1966 1822 2046">
    <p class='ocr_par' dir='ltr' id='par_1_19' title="bbox 231 1966 1822 2046">
     <span class='ocr_line' id='line_1_19' title="bbox 231 1966 1822 2046; baseline 0.011 -32"><span class='ocrx_word' id='word_1_127' title='bbox 231 1966 571 2018; x_wconf 68' lang='grc' dir='ltr'><strong>ἀντιϐαίνειν</strong></span> <span class='ocrx_word' id='word_1_128' title='bbox 613 1970 909 2036; x_wconf 81' lang='grc' dir='ltr'><strong>εὐκαίρως,</strong></span> <span class='ocrx_word' id='word_1_129' title='bbox 944 1973 1211 2041; x_wconf 63' lang='grc' dir='ltr'><strong>ἀκαίρως,</strong></span> <span class='ocrx_word' id='word_1_130' title='bbox 1247 1975 1336 2026; x_wconf 79' lang='grc' dir='ltr'><strong>τὸν</strong></span> <span class='ocrx_word' id='word_1_131' title='bbox 1372 1977 1490 2028; x_wconf 86' lang='grc' dir='ltr'><strong>ὅλον</strong></span> <span class='ocrx_word' id='word_1_132' title='bbox 1521 1981 1618 2046; x_wconf 80' lang='grc' dir='ltr'><strong>τῆς</strong></span> <span class='ocrx_word' id='word_1_133' title='bbox 1644 1978 1822 2032; x_wconf 74' lang='grc' dir='ltr'><strong>αὐτῶν</strong></span> 
     </span>
    </p>
   </div>
   <div class='ocr_carea' id='block_1_20' title="bbox 229 2058 1822 2142">
    <p class='ocr_par' dir='ltr' id='par_1_20' title="bbox 229 2058 1822 2142">
     <span class='ocr_line' id='line_1_20' title="bbox 229 2058 1822 2142; baseline 0.009 -32"><span class='ocrx_word' id='word_1_134' title='bbox 229 2058 531 2122; x_wconf 74' lang='grc' dir='ltr'><strong>διαλὲξῖως</strong></span> <span class='ocrx_word' id='word_1_135' title='bbox 556 2061 736 2127; x_wconf 81' lang='grc' dir='ltr'><strong>λόγον,</strong></span> <span class='ocrx_word' id='word_1_136' title='bbox 767 2061 956 2131; x_wconf 82' lang='grc' dir='ltr'><strong>ὥσπερ</strong></span> <span class='ocrx_word' id='word_1_137' title='bbox 983 2066 1086 2116; x_wconf 82' lang='grc' dir='ltr'><strong>τινί</strong></span> <span class='ocrx_word' id='word_1_138' title='bbox 1109 2067 1579 2131; x_wconf 76' lang='grc' dir='ltr'><strong>ἐγκαλλωπίζουσι</strong></span> <span class='ocrx_word' id='word_1_139' title='bbox 1612 2072 1822 2142; x_wconf 72' lang='grc' dir='ltr'><strong>κόσμῳ,</strong></span> 
     </span>
    </p>
   </div>
   <div class='ocr_carea' id='block_1_21' title="bbox 231 2153 1825 2230">
    <p class='ocr_par' dir='ltr' id='par_1_21' title="bbox 231 2153 1825 2230">
     <span class='ocr_line' id='line_1_21' title="bbox 231 2153 1825 2230; baseline 0.011 -31"><span class='ocrx_word' id='word_1_140' title='bbox 231 2153 358 2210; x_wconf 82' lang='grc' dir='ltr'><strong>ταῖς</strong></span> <span class='ocrx_word' id='word_1_141' title='bbox 391 2155 533 2204; x_wconf 73' lang='grc' dir='ltr'><strong>κατὰ</strong></span> <span class='ocrx_word' id='word_1_142' title='bbox 559 2154 670 2204; x_wconf 88' lang='grc' dir='ltr'><strong>τῶν</strong></span> <span class='ocrx_word' id='word_1_143' title='bbox 695 2155 1236 2225; x_wconf 66' lang='grc' dir='ltr'><strong>προσδιαλεγομένων</strong></span> <span class='ocrx_word' id='word_1_144' title='bbox 1264 2161 1447 2222; x_wconf 83' lang='grc' dir='ltr'><strong>αὐτοῖς</strong></span> <span class='ocrx_word' id='word_1_145' title='bbox 1480 2160 1690 2230; x_wconf 77' lang='grc' dir='ltr'><strong>ὕϐρεσι.</strong></span> <span class='ocrx_word' id='word_1_146' title='bbox 1717 2165 1825 2216; x_wconf 74' lang='grc' dir='ltr'><strong>Καὶ</strong></span> 
     </span>
    </p>
   </div>
   <div class='ocr_carea' id='block_1_22' title="bbox 233 2243 1824 2324">
    <p class='ocr_par' dir='ltr' id='par_1_22' title="bbox 233 2243 1824 2324">
     <span class='ocr_line' id='line_1_22' title="bbox 233 2243 1824 2324; baseline 0.011 -33"><span class='ocrx_word' id='word_1_147' title='bbox 233 2243 349 2294; x_wconf 77' lang='grc' dir='ltr'><strong>εἴθε</strong></span> <span class='ocrx_word' id='word_1_148' title='bbox 378 2245 483 2297; x_wconf 69' lang='grc' dir='ltr'><strong>κᾶν</strong></span> <span class='ocrx_word' id='word_1_149' title='bbox 520 2243 744 2314; x_wconf 76' lang='grc' dir='ltr'><strong>ὕϐρεσιν</strong></span> <span class='ocrx_word' id='word_1_150' title='bbox 769 2264 783 2278; x_wconf 77' lang='grc' dir='ltr'><strong>ο</strong></span> <span class='ocrx_word' id='word_1_151' title='bbox 821 2247 951 2310; x_wconf 76' lang='grc' dir='ltr'><strong>ἴσως</strong></span> <span class='ocrx_word' id='word_1_152' title='bbox 976 2251 1084 2317; x_wconf 73' lang='grc' dir='ltr'><strong>γὰρ</strong></span> <span class='ocrx_word' id='word_1_153' title='bbox 1113 2250 1177 2302; x_wconf 76' lang='grc' dir='ltr'><strong>ἂν</strong></span> <span class='ocrx_word' id='word_1_154' title='bbox 1210 2251 1429 2304; x_wconf 78' lang='grc' dir='ltr'><strong>ἔλαττον</strong></span> <span class='ocrx_word' id='word_1_155' title='bbox 1452 2250 1518 2324; x_wconf 78' lang='grc' dir='ltr'><strong>ἦν</strong></span> <span class='ocrx_word' id='word_1_156' title='bbox 1545 2256 1604 2307; x_wconf 80' lang='grc' dir='ltr'><strong>τὸ</strong></span> <span class='ocrx_word' id='word_1_157' title='bbox 1633 2258 1824 2319; x_wconf 75' lang='grc' dir='ltr'><strong>κακὸν,</strong></span> 
     </span>
    </p>
   </div>
   <div class='ocr_carea' id='block_1_23' title="bbox 233 2338 1824 2418">
    <p class='ocr_par' dir='ltr' id='par_1_23' title="bbox 233 2338 1824 2418">
     <span class='ocr_line' id='line_1_23' title="bbox 233 2338 1824 2418; baseline 0.008 -31"><span class='ocrx_word' id='word_1_158' title='bbox 233 2341 314 2397; x_wconf 80' lang='grc' dir='ltr'><strong>εἰς</strong></span> <span class='ocrx_word' id='word_1_159' title='bbox 374 2338 573 2404; x_wconf 75' lang='grc' dir='ltr'><strong>μόνους</strong></span> <span class='ocrx_word' id='word_1_160' title='bbox 630 2341 757 2400; x_wconf 76' lang='grc' dir='ltr'><strong>τοὺς</strong></span> <span class='ocrx_word' id='word_1_161' title='bbox 829 2340 1194 2409; x_wconf 81' lang='grc' dir='ltr'><strong>ὑϐρισμένους</strong></span> <span class='ocrx_word' id='word_1_162' title='bbox 1264 2349 1672 2418; x_wconf 80' lang='grc' dir='ltr'><strong>προῖσταμένης</strong></span> <span class='ocrx_word' id='word_1_163' title='bbox 1722 2349 1824 2413; x_wconf 81' lang='grc' dir='ltr'><strong>τῆς</strong></span> 
     </span>
    </p>
   </div>
   <div class='ocr_carea' id='block_1_24' title="bbox 233 2429 1826 2507">
    <p class='ocr_par' dir='ltr' id='par_1_24' title="bbox 233 2429 1826 2507">
     <span class='ocr_line' id='line_1_24' title="bbox 233 2429 1826 2507; baseline 0.008 -27"><span class='ocrx_word' id='word_1_164' title='bbox 233 2429 439 2495; x_wconf 76' lang='grc' dir='ltr'><strong>ἀλόγου</strong></span> <span class='ocrx_word' id='word_1_165' title='bbox 478 2429 686 2482; x_wconf 76' lang='grc' dir='ltr'><strong>τούτων</strong></span> <span class='ocrx_word' id='word_1_166' title='bbox 714 2435 906 2499; x_wconf 77' lang='grc' dir='ltr'><strong>φορᾶς.</strong></span> <span class='ocrx_word' id='word_1_167' title='bbox 941 2434 1055 2486; x_wconf 85' lang='grc' dir='ltr'><strong>Νῦν</strong></span> <span class='ocrx_word' id='word_1_168' title='bbox 1089 2436 1144 2488; x_wconf 88' lang='grc' dir='ltr'><strong>δὲ</strong></span> <span class='ocrx_word' id='word_1_169' title='bbox 1175 2436 1234 2489; x_wconf 81' lang='grc' dir='ltr'><strong>οὗ</strong></span> <span class='ocrx_word' id='word_1_170' title='bbox 1264 2438 1424 2490; x_wconf 81' lang='grc' dir='ltr'><strong>τοῦτο</strong></span> <span class='ocrx_word' id='word_1_171' title='bbox 1466 2439 1650 2507; x_wconf 84' lang='grc' dir='ltr'><strong>μόνον,</strong></span> <span class='ocrx_word' id='word_1_172' title='bbox 1691 2440 1826 2492; x_wconf 79' lang='grc' dir='ltr'><strong>ἀλλὰ</strong></span> 
     </span>
    </p>
   </div>
   <div class='ocr_carea' id='block_1_25' title="bbox 233 2521 1828 2597">
    <p class='ocr_par' dir='ltr' id='par_1_25' title="bbox 233 2521 1828 2597">
     <span class='ocr_line' id='line_1_25' title="bbox 233 2521 1828 2597; baseline 0.009 -27"><span class='ocrx_word' id='word_1_173' title='bbox 233 2521 333 2571; x_wconf 81' lang='grc' dir='ltr'><strong>καὶ</strong></span> <span class='ocrx_word' id='word_1_174' title='bbox 358 2521 705 2588; x_wconf 79' lang='grc' dir='ltr'><strong>παντόλμους</strong></span> <span class='ocrx_word' id='word_1_175' title='bbox 727 2523 826 2583; x_wconf 85' lang='grc' dir='ltr'><strong>τὰς</strong></span> <span class='ocrx_word' id='word_1_176' title='bbox 856 2526 979 2576; x_wconf 88' lang='grc' dir='ltr'><strong>κατ’</strong></span> <span class='ocrx_word' id='word_1_177' title='bbox 1009 2527 1208 2591; x_wconf 82' lang='grc' dir='ltr'><strong>αὐτῶν,</strong></span> <span class='ocrx_word' id='word_1_178' title='bbox 1242 2530 1334 2581; x_wconf 77' lang='grc' dir='ltr'><strong>καὶ</strong></span> <span class='ocrx_word' id='word_1_179' title='bbox 1366 2531 1459 2597; x_wconf 81' lang='grc' dir='ltr'><strong>τῆς</strong></span> <span class='ocrx_word' id='word_1_180' title='bbox 1483 2529 1662 2582; x_wconf 83' lang='grc' dir='ltr'><strong>αὐτῶν</strong></span> <span class='ocrx_word' id='word_1_181' title='bbox 1705 2531 1828 2583; x_wconf 80' lang='grc' dir='ltr'><strong>Ἐκ-</strong></span> 
     </span>
    </p>
   </div>
   <div class='ocr_carea' id='block_1_26' title="bbox 235 2613 1827 2691">
    <p class='ocr_par' dir='ltr' id='par_1_26' title="bbox 235 2613 1827 2691">
     <span class='ocr_line' id='line_1_26' title="bbox 235 2613 1827 2691; baseline 0.007 -30"><span class='ocrx_word' id='word_1_182' title='bbox 235 2613 475 2680; x_wconf 76' lang='grc' dir='ltr'><strong>κλησίας</strong></span> <span class='ocrx_word' id='word_1_183' title='bbox 505 2615 907 2682; x_wconf 83' lang='grc' dir='ltr'><strong>ἀπερεύγονται</strong></span> <span class='ocrx_word' id='word_1_184' title='bbox 942 2617 1322 2687; x_wconf 78' lang='grc' dir='ltr'><strong>βλασφημίας,</strong></span> <span class='ocrx_word' id='word_1_185' title='bbox 1346 2617 1422 2673; x_wconf 84' lang='grc' dir='ltr'><strong>ῶν</strong></span> <span class='ocrx_word' id='word_1_186' title='bbox 1449 2623 1480 2691; x_wconf 80' lang='grc' dir='ltr'><strong>ἡ</strong></span> <span class='ocrx_word' id='word_1_187' title='bbox 1518 2623 1715 2674; x_wconf 86' lang='grc' dir='ltr'><strong>ἀτοπία</strong></span> <span class='ocrx_word' id='word_1_188' title='bbox 1748 2625 1827 2685; x_wconf 82' lang='grc' dir='ltr'><strong>εἰς</strong></span> 
     </span>
    </p>
   </div>
   <div class='ocr_carea' id='block_1_27' title="bbox 235 2705 1828 2775">
    <p class='ocr_par' dir='ltr' id='par_1_27' title="bbox 235 2705 1828 2775">
     <span class='ocr_line' id='line_1_27' title="bbox 235 2705 1828 2775; baseline 0.009 -20"><span class='ocrx_word' id='word_1_189' title='bbox 235 2705 416 2772; x_wconf 75' lang='grc' dir='ltr'><strong>αὐτὴν</strong></span> <span class='ocrx_word' id='word_1_190' title='bbox 442 2707 543 2774; x_wconf 74' lang='grc' dir='ltr'><strong>τὴν</strong></span> <span class='ocrx_word' id='word_1_191' title='bbox 573 2707 680 2759; x_wconf 89' lang='grc' dir='ltr'><strong>τῶν</strong></span> <span class='ocrx_word' id='word_1_192' title='bbox 703 2709 1044 2775; x_wconf 69' lang='grc' dir='ltr'><strong>Χριστιανῶν</strong></span> <span class='ocrx_word' id='word_1_193' title='bbox 1073 2711 1338 2765; x_wconf 85' lang='grc' dir='ltr'><strong>διαϐαίνει</strong></span> <span class='ocrx_word' id='word_1_194' title='bbox 1380 2714 1685 2769; x_wconf 80' lang='grc' dir='ltr'><strong>εὐσέϐειαν.</strong></span> <span class='ocrx_word' id='word_1_195' title='bbox 1719 2717 1828 2769; x_wconf 75' lang='grc' dir='ltr'><strong>Καὶ</strong></span> 
     </span>
    </p>
   </div>
   <div class='ocr_carea' id='block_1_28' title="bbox 236 2796 1828 2873">
    <p class='ocr_par' dir='ltr' id='par_1_28' title="bbox 236 2796 1828 2873">
     <span class='ocr_line' id='line_1_28' title="bbox 236 2796 1828 2873; baseline 0.008 -26"><span class='ocrx_word' id='word_1_196' title='bbox 236 2796 362 2850; x_wconf 64' lang='grc' dir='ltr'><strong>οὑδὲ</strong></span> <span class='ocrx_word' id='word_1_197' title='bbox 411 2796 573 2849; x_wconf 82' lang='grc' dir='ltr'><strong>τοῦτο</strong></span> <span class='ocrx_word' id='word_1_198' title='bbox 603 2800 837 2853; x_wconf 80' lang='grc' dir='ltr'><strong>συνιδεῖν</strong></span> <span class='ocrx_word' id='word_1_199' title='bbox 873 2801 1052 2870; x_wconf 80' lang='grc' dir='ltr'><strong>ἔσχον,</strong></span> <span class='ocrx_word' id='word_1_200' title='bbox 1078 2801 1153 2866; x_wconf 86' lang='grc' dir='ltr'><strong>ὡς</strong></span> <span class='ocrx_word' id='word_1_201' title='bbox 1193 2805 1326 2858; x_wconf 84' lang='grc' dir='ltr'><strong>αὐτὸ</strong></span> <span class='ocrx_word' id='word_1_202' title='bbox 1369 2805 1526 2858; x_wconf 81' lang='grc' dir='ltr'><strong>τοῦτο</strong></span> <span class='ocrx_word' id='word_1_203' title='bbox 1560 2807 1738 2873; x_wconf 88' lang='grc' dir='ltr'><strong>μόνον,</strong></span> <span class='ocrx_word' id='word_1_204' title='bbox 1767 2809 1828 2859; x_wconf 82' lang='grc' dir='ltr'><strong>τὸ</strong></span> 
     </span>
    </p>
   </div>
   <div class='ocr_carea' id='block_1_29' title="bbox 239 2887 1827 2966">
    <p class='ocr_par' dir='ltr' id='par_1_29' title="bbox 239 2887 1827 2966">
     <span class='ocr_line' id='line_1_29' title="bbox 239 2887 1827 2966; baseline 0.008 -29"><span class='ocrx_word' id='word_1_205' title='bbox 239 2887 364 2954; x_wconf 85' lang='grc' dir='ltr'><strong>μεθ’</strong></span> <span class='ocrx_word' id='word_1_206' title='bbox 403 2888 619 2956; x_wconf 75' lang='grc' dir='ltr'><strong>ὕϐρεων</strong></span> <span class='ocrx_word' id='word_1_207' title='bbox 666 2907 726 2942; x_wconf 89' lang='grc' dir='ltr'><strong>τε</strong></span> <span class='ocrx_word' id='word_1_208' title='bbox 760 2893 855 2944; x_wconf 67' lang='grc' dir='ltr'><strong>καὶ</strong></span> <span class='ocrx_word' id='word_1_209' title='bbox 908 2893 1271 2965; x_wconf 79' lang='grc' dir='ltr'><strong>βλασφημιῶν</strong></span> <span class='ocrx_word' id='word_1_210' title='bbox 1314 2897 1656 2965; x_wconf 82' lang='grc' dir='ltr'><strong>διαλέγεσθαι</strong></span> <span class='ocrx_word' id='word_1_211' title='bbox 1693 2899 1827 2966; x_wconf 80' lang='grc' dir='ltr'><strong>πρὸς</strong></span> 
     </span>
    </p>
   </div>
   <div class='ocr_carea' id='block_1_30' title="bbox 238 2980 1829 3060">
    <p class='ocr_par' dir='ltr' id='par_1_30' title="bbox 238 2980 1829 3060">
     <span class='ocr_line' id='line_1_30' title="bbox 238 2980 1829 3060; baseline 0.01 -32"><span class='ocrx_word' id='word_1_212' title='bbox 238 2980 468 3042; x_wconf 66' lang='grc' dir='ltr'><strong>αὐτοὺς,</strong></span> <span class='ocrx_word' id='word_1_213' title='bbox 496 2982 647 3050; x_wconf 75' lang='grc' dir='ltr'><strong>παρὰ</strong></span> <span class='ocrx_word' id='word_1_214' title='bbox 666 2985 776 3042; x_wconf 85' lang='grc' dir='ltr'><strong>τοῖς</strong></span> <span class='ocrx_word' id='word_1_215' title='bbox 800 2986 1107 3053; x_wconf 79' lang='grc' dir='ltr'><strong>εὐγνώμοσι</strong></span> <span class='ocrx_word' id='word_1_216' title='bbox 1130 2989 1236 3040; x_wconf 88' lang='grc' dir='ltr'><strong>τῶν</strong></span> <span class='ocrx_word' id='word_1_217' title='bbox 1261 2990 1647 3060; x_wconf 82' lang='grc' dir='ltr'><strong>διαγνωμόνων</strong></span> <span class='ocrx_word' id='word_1_218' title='bbox 1672 2992 1829 3056; x_wconf 83' lang='grc' dir='ltr'><strong>δόξαν</strong></span> 
     </span>
    </p>
   </div>
   <div class='ocr_carea' id='block_1_31' title="bbox 237 3070 1831 3152">
    <p class='ocr_par' dir='ltr' id='par_1_31' title="bbox 237 3070 1831 3152">
     <span class='ocr_line' id='line_1_31' title="bbox 237 3070 1831 3152; baseline 0.011 -34"><span class='ocrx_word' id='word_1_219' title='bbox 237 3070 414 3137; x_wconf 67' lang='grc' dir='ltr'><strong>ἣττης</strong></span> <span class='ocrx_word' id='word_1_220' title='bbox 451 3072 625 3124; x_wconf 75' lang='grc' dir='ltr'><strong>ἐδίδου</strong></span> <span class='ocrx_word' id='word_1_221' title='bbox 653 3075 856 3137; x_wconf 81' lang='grc' dir='ltr'><strong>αὐτοῖς.</strong></span> <span class='ocrx_word' id='word_1_222' title='bbox 892 3075 995 3138; x_wconf 87' lang='grc' dir='ltr'><strong>Τίς</strong></span> <span class='ocrx_word' id='word_1_223' title='bbox 1029 3080 1138 3149; x_wconf 77' lang='grc' dir='ltr'><strong>γὰρ</strong></span> <span class='ocrx_word' id='word_1_224' title='bbox 1167 3081 1232 3132; x_wconf 76' lang='grc' dir='ltr'><strong>ἂν</strong></span> <span class='ocrx_word' id='word_1_225' title='bbox 1259 3082 1352 3134; x_wconf 70' lang='grc' dir='ltr'><strong>καὶ</strong></span> <span class='ocrx_word' id='word_1_226' title='bbox 1395 3085 1550 3152; x_wconf 83' lang='grc' dir='ltr'><strong>νικᾷν</strong></span> <span class='ocrx_word' id='word_1_227' title='bbox 1585 3084 1722 3149; x_wconf 58' lang='grc' dir='ltr'><strong>ἔχων</strong></span> <span class='ocrx_word' id='word_1_228' title='bbox 1752 3084 1831 3136; x_wconf 78' lang='grc' dir='ltr'><strong>εί-</strong></span> 
     </span>
    </p>
   </div>
   <div class='ocr_carea' id='block_1_32' title="bbox 242 3161 1827 3239">
    <p class='ocr_par' dir='ltr' id='par_1_32' title="bbox 242 3161 1827 3239">
     <span class='ocr_line' id='line_1_32' title="bbox 242 3161 1827 3239; baseline 0.011 -29"><span class='ocrx_word' id='word_1_229' title='bbox 242 3161 514 3228; x_wconf 83' lang='grc' dir='ltr'><strong>ρηνικῶς,</strong></span> <span class='ocrx_word' id='word_1_230' title='bbox 543 3163 638 3214; x_wconf 78' lang='grc' dir='ltr'><strong>καὶ</strong></span> <span class='ocrx_word' id='word_1_231' title='bbox 671 3166 890 3233; x_wconf 80' lang='grc' dir='ltr'><strong>μάλισθ’</strong></span> <span class='ocrx_word' id='word_1_232' title='bbox 921 3168 1057 3220; x_wconf 80' lang='grc' dir='ltr'><strong>ὅπου</strong></span> <span class='ocrx_word' id='word_1_233' title='bbox 1087 3171 1212 3239; x_wconf 72' lang='grc' dir='ltr'><strong>περὶ</strong></span> <span class='ocrx_word' id='word_1_234' title='bbox 1241 3172 1378 3224; x_wconf 79' lang='grc' dir='ltr'><strong>Θεοῦ</strong></span> <span class='ocrx_word' id='word_1_235' title='bbox 1405 3175 1497 3226; x_wconf 68' lang='grc' dir='ltr'><strong>καὶ</strong></span> <span class='ocrx_word' id='word_1_236' title='bbox 1530 3173 1639 3225; x_wconf 91' lang='grc' dir='ltr'><strong>τῶν</strong></span> <span class='ocrx_word' id='word_1_237' title='bbox 1667 3174 1827 3227; x_wconf 85' lang='grc' dir='ltr'><strong>θείων</strong></span> 
     </span>
    </p>
   </div>
   <div class='ocr_carea' id='block_1_33' title="bbox 1920 596 3495 665">
    <p class='ocr_par' dir='ltr' id='par_1_33' title="bbox 1920 596 3495 665">
     <span class='ocr_line' id='line_1_33' title="bbox 1920 596 3495 665; baseline -0.004 -9"><span class='ocrx_word' id='word_1_238' title='bbox 1920 605 2115 665; x_wconf 82' lang='lat' dir='ltr'><strong>(litore,</strong></span> <span class='ocrx_word' id='word_1_239' title='bbox 2167 601 2314 655; x_wconf 88' lang='lat' dir='ltr'><strong>illius</strong></span> <span class='ocrx_word' id='word_1_240' title='bbox 2373 599 2558 662; x_wconf 83' lang='lat' dir='ltr'><strong>sociis,</strong></span> <span class='ocrx_word' id='word_1_241' title='bbox 2610 605 2664 652; x_wconf 89' lang='lat' dir='ltr'><strong>ct</strong></span> <span class='ocrx_word' id='word_1_242' title='bbox 2721 596 3030 652; x_wconf 86' lang='lat' dir='ltr'><strong>Servatoris</strong></span> <span class='ocrx_word' id='word_1_243' title='bbox 3078 597 3495 653; x_wconf 75' lang='lat' dir='ltr'><strong>crueiﬂxoribus</strong></span> 
     </span>
    </p>
   </div>
   <div class='ocr_carea' id='block_1_34' title="bbox 1918 689 3492 758">
    <p class='ocr_par' dir='ltr' id='par_1_34' title="bbox 1918 689 3492 758">
     <span class='ocr_line' id='line_1_34' title="bbox 1918 689 3492 758; baseline -0.003 -12"><span class='ocrx_word' id='word_1_244' title='bbox 1918 702 2366 748; x_wconf 83' lang='lat' dir='ltr'><strong>connumeratus.</strong></span> <span class='ocrx_word' id='word_1_245' title='bbox 2407 690 2521 745; x_wconf 85' lang='lat' dir='ltr'><strong>Hoc</strong></span> <span class='ocrx_word' id='word_1_246' title='bbox 2583 689 2812 744; x_wconf 73' lang='lat' dir='ltr'><strong>terribili</strong></span> <span class='ocrx_word' id='word_1_247' title='bbox 2840 689 3201 758; x_wconf 87' lang='lat' dir='ltr'><strong>jurejurando</strong></span> <span class='ocrx_word' id='word_1_248' title='bbox 3234 699 3492 756; x_wconf 85' lang='lat' dir='ltr'><strong>tanquam</strong></span> 
     </span>
    </p>
   </div>
   <div class='ocr_carea' id='block_1_35' title="bbox 1921 781 3489 845">
    <p class='ocr_par' dir='ltr' id='par_1_35' title="bbox 1921 781 3489 845">
     <span class='ocr_line' id='line_1_35' title="bbox 1921 781 3489 845; baseline -0.008 -3"><span class='ocrx_word' id='word_1_249' title='bbox 1921 787 2196 842; x_wconf 77' lang='lat' dir='ltr'><strong>sermonis</strong></span> <span class='ocrx_word' id='word_1_250' title='bbox 2221 784 2576 839; x_wconf 84' lang='lat' dir='ltr'><strong>fundamento</strong></span> <span class='ocrx_word' id='word_1_251' title='bbox 2603 789 2761 836; x_wconf 88' lang='lat' dir='ltr'><strong>antea</strong></span> <span class='ocrx_word' id='word_1_252' title='bbox 2785 781 2984 845; x_wconf 88' lang='lat' dir='ltr'><strong>locato,</strong></span> <span class='ocrx_word' id='word_1_253' title='bbox 3017 781 3318 836; x_wconf 88' lang='lat' dir='ltr'><strong>orationem</strong></span> <span class='ocrx_word' id='word_1_254' title='bbox 3336 794 3489 832; x_wconf 73' lang='lat' dir='ltr'><strong>exor-</strong></span> 
     </span>
    </p>
   </div>
   <div class='ocr_carea' id='block_1_36' title="bbox 1918 877 2160 932">
    <p class='ocr_par' dir='ltr' id='par_1_36' title="bbox 1918 877 2160 932">
     <span class='ocr_line' id='line_1_36' title="bbox 1918 877 2160 932; baseline 0 0"><span class='ocrx_word' id='word_1_255' title='bbox 1918 877 2160 932; x_wconf 86' lang='lat' dir='ltr'><strong>diamur.</strong></span> 
     </span>
    </p>
   </div>
   <div class='ocr_carea' id='block_1_37' title="bbox 1991 1057 3498 1130">
    <p class='ocr_par' dir='ltr' id='par_1_37' title="bbox 1991 1057 3498 1130">
     <span class='ocr_line' id='line_1_37' title="bbox 1991 1057 3498 1130; baseline -0.006 -13"><span class='ocrx_word' id='word_1_256' title='bbox 1991 1066 2044 1118; x_wconf 83' lang='lat'><strong>5.</strong></span> <span class='ocrx_word' id='word_1_257' title='bbox 2087 1063 2331 1117; x_wconf 81' lang='lat' dir='ltr'><strong>Alterum</strong></span> <span class='ocrx_word' id='word_1_258' title='bbox 2365 1061 2525 1116; x_wconf 84' lang='lat' dir='ltr'><strong>dictis</strong></span> <span class='ocrx_word' id='word_1_259' title='bbox 2562 1074 2784 1130; x_wconf 90' lang='lat' dir='ltr'><strong>quoque</strong></span> <span class='ocrx_word' id='word_1_260' title='bbox 2836 1057 3041 1114; x_wconf 76' lang='lat' dir='ltr'><strong>nostris</strong></span> <span class='ocrx_word' id='word_1_261' title='bbox 3074 1057 3498 1128; x_wconf 64' lang='lat' dir='ltr'><strong>praeponendum</strong></span> 
     </span>
    </p>
   </div>
   <div class='ocr_carea' id='block_1_38' title="bbox 1922 1148 3501 1222">
    <p class='ocr_par' dir='ltr' id='par_1_38' title="bbox 1922 1148 3501 1222">
     <span class='ocr_line' id='line_1_38' title="bbox 1922 1148 3501 1222; baseline -0.007 -13"><span class='ocrx_word' id='word_1_262' title='bbox 1922 1156 2144 1209; x_wconf 90' lang='lat' dir='ltr'><strong>minime</strong></span> <span class='ocrx_word' id='word_1_263' title='bbox 2178 1153 2490 1222; x_wconf 62' lang='lat' dir='ltr'><strong>praeteriero</strong></span> <span class='ocrx_word' id='word_1_264' title='bbox 2517 1191 2531 1214; x_wconf 91' lang='lat'><strong>,</strong></span> <span class='ocrx_word' id='word_1_265' title='bbox 2575 1153 2696 1204; x_wconf 91' lang='lat' dir='ltr'><strong>loco</strong></span> <span class='ocrx_word' id='word_1_266' title='bbox 2742 1159 3149 1219; x_wconf 88' lang='lat' dir='ltr'><strong>peropportuno</strong></span> <span class='ocrx_word' id='word_1_267' title='bbox 3200 1148 3460 1214; x_wconf 86' lang='lat' dir='ltr'><strong>adaptare</strong></span> <span class='ocrx_word' id='word_1_268' title='bbox 3483 1182 3501 1207; x_wconf 89' lang='lat'><strong>,</strong></span> 
     </span>
    </p>
   </div>
   <div class='ocr_carea' id='block_1_39' title="bbox 1920 1237 3505 1315">
    <p class='ocr_par' dir='ltr' id='par_1_39' title="bbox 1920 1237 3505 1315">
     <span class='ocr_line' id='line_1_39' title="bbox 1920 1237 3505 1315; baseline -0.005 -17"><span class='ocrx_word' id='word_1_269' title='bbox 1920 1246 2012 1315; x_wconf 88' lang='lat' dir='ltr'><strong>qui</strong></span> <span class='ocrx_word' id='word_1_270' title='bbox 2081 1245 2282 1297; x_wconf 63' lang='lat' dir='ltr'><strong>multo:</strong></span> <span class='ocrx_word' id='word_1_271' title='bbox 2349 1252 2401 1296; x_wconf 91' lang='lat' dir='ltr'><strong>et</strong></span> <span class='ocrx_word' id='word_1_272' title='bbox 2463 1242 2697 1310; x_wconf 62' lang='lat' dir='ltr'><strong>sapius,</strong></span> <span class='ocrx_word' id='word_1_273' title='bbox 2779 1249 2836 1293; x_wconf 91' lang='grc' dir='ltr'><strong>ιιι</strong></span> <span class='ocrx_word' id='word_1_274' title='bbox 2900 1240 3174 1300; x_wconf 78' lang='lat' dir='ltr'><strong>diximus,</strong></span> <span class='ocrx_word' id='word_1_275' title='bbox 3246 1237 3505 1290; x_wconf 77' lang='lat' dir='ltr'><strong>Romana:</strong></span> 
     </span>
    </p>
   </div>
   <div class='ocr_carea' id='block_1_40' title="bbox 1923 1331 3506 1400">
    <p class='ocr_par' dir='ltr' id='par_1_40' title="bbox 1923 1331 3506 1400">
     <span class='ocr_line' id='line_1_40' title="bbox 1923 1331 3506 1400; baseline -0.004 -15"><span class='ocrx_word' id='word_1_276' title='bbox 1923 1331 2182 1386; x_wconf 75' lang='lat' dir='ltr'><strong>Ecclesiae</strong></span> <span class='ocrx_word' id='word_1_277' title='bbox 2201 1331 2344 1384; x_wconf 80' lang='lat' dir='ltr'><strong>viros</strong></span> <span class='ocrx_word' id='word_1_278' title='bbox 2375 1333 2578 1400; x_wconf 89' lang='lat' dir='ltr'><strong>scripto</strong></span> <span class='ocrx_word' id='word_1_279' title='bbox 2607 1340 2660 1384; x_wconf 87' lang='lat' dir='ltr'><strong>et</strong></span> <span class='ocrx_word' id='word_1_280' title='bbox 2691 1338 2995 1383; x_wconf 86' lang='lat' dir='ltr'><strong>atramento</strong></span> <span class='ocrx_word' id='word_1_281' title='bbox 3023 1335 3426 1395; x_wconf 79' lang='lat' dir='ltr'><strong>oppugnarunt,</strong></span> <span class='ocrx_word' id='word_1_282' title='bbox 3452 1335 3506 1379; x_wconf 79' lang='lat' dir='ltr'><strong>et</strong></span> 
     </span>
    </p>
   </div>
   <div class='ocr_carea' id='block_1_41' title="bbox 1922 1419 3508 1492">
    <p class='ocr_par' dir='ltr' id='par_1_41' title="bbox 1922 1419 3508 1492">
     <span class='ocr_line' id='line_1_41' title="bbox 1922 1419 3508 1492; baseline -0.006 -14"><span class='ocrx_word' id='word_1_283' title='bbox 1922 1425 1976 1478; x_wconf 90' lang='lat' dir='ltr'><strong>in</strong></span> <span class='ocrx_word' id='word_1_284' title='bbox 2003 1438 2141 1492; x_wconf 87' lang='lat' dir='ltr'><strong>quos</strong></span> <span class='ocrx_word' id='word_1_285' title='bbox 2170 1423 2410 1478; x_wconf 89' lang='lat' dir='ltr'><strong>secundo</strong></span> <span class='ocrx_word' id='word_1_286' title='bbox 2423 1423 2722 1475; x_wconf 85' lang='lat' dir='ltr'><strong>certamine</strong></span> <span class='ocrx_word' id='word_1_287' title='bbox 2742 1431 2926 1474; x_wconf 83' lang='lat' dir='ltr'><strong>noster</strong></span> <span class='ocrx_word' id='word_1_288' title='bbox 2961 1420 3045 1473; x_wconf 87' lang='lat' dir='ltr'><strong>hic</strong></span> <span class='ocrx_word' id='word_1_289' title='bbox 3068 1419 3508 1473; x_wconf 83' lang='lat' dir='ltr'><strong>Commentarios</strong></span> 
     </span>
    </p>
   </div>
   <div class='ocr_carea' id='block_1_42' title="bbox 1922 1512 3507 1582">
    <p class='ocr_par' dir='ltr' id='par_1_42' title="bbox 1922 1512 3507 1582">
     <span class='ocr_line' id='line_1_42' title="bbox 1922 1512 3507 1582; baseline -0.004 -13"><span class='ocrx_word' id='word_1_290' title='bbox 1922 1525 2290 1576; x_wconf 84' lang='lat' dir='ltr'><strong>convcrtetur,</strong></span> <span class='ocrx_word' id='word_1_291' title='bbox 2323 1529 2352 1566; x_wconf 91' lang='lat' dir='ltr'><strong>a</strong></span> <span class='ocrx_word' id='word_1_292' title='bbox 2385 1514 2596 1582; x_wconf 90' lang='lat' dir='ltr'><strong>justitia</strong></span> <span class='ocrx_word' id='word_1_293' title='bbox 2630 1513 2792 1564; x_wconf 83' lang='lat' dir='ltr'><strong>veluti</strong></span> <span class='ocrx_word' id='word_1_294' title='bbox 2833 1513 3164 1579; x_wconf 89' lang='lat' dir='ltr'><strong>compulsos,</strong></span> <span class='ocrx_word' id='word_1_295' title='bbox 3205 1512 3270 1564; x_wconf 87' lang='lat' dir='ltr'><strong>ad</strong></span> <span class='ocrx_word' id='word_1_296' title='bbox 3309 1519 3507 1566; x_wconf 77' lang='lat' dir='ltr'><strong>semet-</strong></span> 
     </span>
    </p>
   </div>
   <div class='ocr_carea' id='block_1_43' title="bbox 1927 1606 3508 1684">
    <p class='ocr_par' dir='ltr' id='par_1_43' title="bbox 1927 1606 3508 1684">
     <span class='ocr_line' id='line_1_43' title="bbox 1927 1606 3508 1684; baseline -0.003 -24"><span class='ocrx_word' id='word_1_297' title='bbox 1927 1610 2079 1676; x_wconf 88' lang='lat' dir='ltr'><strong>ipsos</strong></span> <span class='ocrx_word' id='word_1_298' title='bbox 2132 1607 2518 1668; x_wconf 83' lang='lat' dir='ltr'><strong>dill‘amaudos,</strong></span> <span class='ocrx_word' id='word_1_299' title='bbox 2550 1621 2577 1658; x_wconf 93' lang='lat' dir='ltr'><strong>a</strong></span> <span class='ocrx_word' id='word_1_300' title='bbox 2606 1606 2872 1660; x_wconf 80' lang='lat' dir='ltr'><strong>sententia</strong></span> <span class='ocrx_word' id='word_1_301' title='bbox 2905 1608 3122 1684; x_wconf 76' lang='lat' dir='ltr'><strong>propria</strong></span> <span class='ocrx_word' id='word_1_302' title='bbox 3155 1609 3417 1663; x_wconf 78' lang='lat' dir='ltr'><strong>devictos,</strong></span> <span class='ocrx_word' id='word_1_303' title='bbox 3454 1617 3508 1656; x_wconf 88' lang='grc' dir='ltr'><strong>‹·ι</strong></span> 
     </span>
    </p>
   </div>
   <div class='ocr_carea' id='block_1_44' title="bbox 1928 1697 3507 1765">
    <p class='ocr_par' dir='ltr' id='par_1_44' title="bbox 1928 1697 3507 1765">
     <span class='ocr_line' id='line_1_44' title="bbox 1928 1697 3507 1765; baseline -0.001 -13"><span class='ocrx_word' id='word_1_304' title='bbox 1928 1700 2032 1753; x_wconf 88' lang='lat' dir='ltr'><strong>hoc</strong></span> <span class='ocrx_word' id='word_1_305' title='bbox 2077 1697 2425 1752; x_wconf 84' lang='lat' dir='ltr'><strong>solummodo</strong></span> <span class='ocrx_word' id='word_1_306' title='bbox 2475 1698 2759 1751; x_wconf 82' lang='lat' dir='ltr'><strong>victoriam</strong></span> <span class='ocrx_word' id='word_1_307' title='bbox 2809 1698 3226 1760; x_wconf 80' lang='lat' dir='ltr'><strong>existimantes,</strong></span> <span class='ocrx_word' id='word_1_308' title='bbox 3280 1713 3507 1765; x_wconf 76' lang='lat' dir='ltr'><strong>prorsus</strong></span> 
     </span>
    </p>
   </div>
   <div class='ocr_carea' id='block_1_45' title="bbox 1923 1788 3508 1858">
    <p class='ocr_par' dir='ltr' id='par_1_45' title="bbox 1923 1788 3508 1858">
     <span class='ocr_line' id='line_1_45' title="bbox 1923 1788 3508 1858; baseline -0.002 -14"><span class='ocrx_word' id='word_1_309' title='bbox 1923 1790 2239 1858; x_wconf 73' lang='lat' dir='ltr'><strong>pertinacia:</strong></span> <span class='ocrx_word' id='word_1_310' title='bbox 2281 1789 2583 1857; x_wconf 81' lang='lat' dir='ltr'><strong>indulgere,</strong></span> <span class='ocrx_word' id='word_1_311' title='bbox 2628 1798 2679 1841; x_wconf 91' lang='lat' dir='ltr'><strong>et</strong></span> <span class='ocrx_word' id='word_1_312' title='bbox 2704 1788 2768 1841; x_wconf 89' lang='lat' dir='ltr'><strong>ad</strong></span> <span class='ocrx_word' id='word_1_313' title='bbox 2806 1803 2993 1857; x_wconf 88' lang='lat' dir='ltr'><strong>pacein</strong></span> <span class='ocrx_word' id='word_1_314' title='bbox 3045 1788 3464 1842; x_wconf 79' lang='lat' dir='ltr'><strong>adhortantibus</strong></span> <span class='ocrx_word' id='word_1_315' title='bbox 3492 1826 3508 1848; x_wconf 86' lang='lat'><strong>,</strong></span> 
     </span>
    </p>
   </div>
   <div class='ocr_carea' id='block_1_46' title="bbox 1849 1871 3504 1949">
    <p class='ocr_par' dir='ltr' id='par_1_46' title="bbox 1849 1871 3504 1949">
     <span class='ocr_line' id='line_1_46' title="bbox 1849 1871 3504 1949; baseline -0.002 -13"><span class='ocrx_word' id='word_1_316' title='bbox 1849 1871 1896 1928; x_wconf 86' lang='grc' dir='ltr'>Β</span> <span class='ocrx_word' id='word_1_317' title='bbox 1925 1893 2112 1937; x_wconf 84' lang='lat' dir='ltr'><strong>contra</strong></span> <span class='ocrx_word' id='word_1_318' title='bbox 2145 1897 2264 1936; x_wconf 89' lang='lat' dir='ltr'><strong>sese</strong></span> <span class='ocrx_word' id='word_1_319' title='bbox 2295 1881 2612 1949; x_wconf 85' lang='lat' dir='ltr'><strong>tempestive</strong></span> <span class='ocrx_word' id='word_1_320' title='bbox 2654 1879 3122 1949; x_wconf 81' lang='lat' dir='ltr'><strong>inopportuneque</strong></span> <span class='ocrx_word' id='word_1_321' title='bbox 3174 1895 3448 1947; x_wconf 88' lang='lat' dir='ltr'><strong>opponerc</strong></span> <span class='ocrx_word' id='word_1_322' title='bbox 3490 1921 3504 1944; x_wconf 96' lang='lat'><strong>,</strong></span> 
     </span>
    </p>
   </div>
   <div class='ocr_carea' id='block_1_47' title="bbox 1925 1973 3511 2042">
    <p class='ocr_par' dir='ltr' id='par_1_47' title="bbox 1925 1973 3511 2042">
     <span class='ocr_line' id='line_1_47' title="bbox 1925 1973 3511 2042; baseline -0.002 -14"><span class='ocrx_word' id='word_1_323' title='bbox 1925 1985 1976 2028; x_wconf 93' lang='lat' dir='ltr'><strong>et</strong></span> <span class='ocrx_word' id='word_1_324' title='bbox 2005 1977 2271 2028; x_wconf 69' lang='lat' dir='ltr'><strong>universae</strong></span> <span class='ocrx_word' id='word_1_325' title='bbox 2297 1990 2409 2027; x_wconf 70' lang='lat' dir='ltr'><strong>suae</strong></span> <span class='ocrx_word' id='word_1_326' title='bbox 2440 1974 2842 2027; x_wconf 85' lang='lat' dir='ltr'><strong>dissertationis</strong></span> <span class='ocrx_word' id='word_1_327' title='bbox 2876 1974 3185 2042; x_wconf 75' lang='lat' dir='ltr'><strong>congeriem</strong></span> <span class='ocrx_word' id='word_1_328' title='bbox 3213 1975 3374 2026; x_wconf 86' lang='lat' dir='ltr'><strong>veluti</strong></span> <span class='ocrx_word' id='word_1_329' title='bbox 3411 1973 3511 2026; x_wconf 85' lang='lat' dir='ltr'><strong>ali-</strong></span> 
     </span>
    </p>
   </div>
   <div class='ocr_carea' id='block_1_48' title="bbox 1925 2064 3510 2136">
    <p class='ocr_par' dir='ltr' id='par_1_48' title="bbox 1925 2064 3510 2136">
     <span class='ocr_line' id='line_1_48' title="bbox 1925 2064 3510 2136; baseline -0.001 -19"><span class='ocrx_word' id='word_1_330' title='bbox 1925 2082 2036 2136; x_wconf 93' lang='lat' dir='ltr'><strong>quo</strong></span> <span class='ocrx_word' id='word_1_331' title='bbox 2076 2077 2270 2119; x_wconf 90' lang='lat' dir='ltr'><strong>ornatu</strong></span> <span class='ocrx_word' id='word_1_332' title='bbox 2318 2080 2583 2117; x_wconf 79' lang='lat' dir='ltr'><strong>exornare</strong></span> <span class='ocrx_word' id='word_1_333' title='bbox 2623 2064 2884 2116; x_wconf 88' lang='lat' dir='ltr'><strong>adversus</strong></span> <span class='ocrx_word' id='word_1_334' title='bbox 2916 2080 3010 2118; x_wconf 91' lang='lat' dir='ltr'><strong>eos</strong></span> <span class='ocrx_word' id='word_1_335' title='bbox 3036 2104 3047 2123; x_wconf 91' lang='lat'><em>.</em></span> <span class='ocrx_word' id='word_1_336' title='bbox 3074 2066 3165 2132; x_wconf 88' lang='lat' dir='ltr'><strong>qui</strong></span> <span class='ocrx_word' id='word_1_337' title='bbox 3198 2064 3359 2118; x_wconf 85' lang='lat' dir='ltr'><strong>simul</strong></span> <span class='ocrx_word' id='word_1_338' title='bbox 3387 2080 3510 2117; x_wconf 90' lang='lat' dir='ltr'><strong>cum</strong></span> 
     </span>
    </p>
   </div>
   <div class='ocr_carea' id='block_1_49' title="bbox 1927 2155 3511 2224">
    <p class='ocr_par' dir='ltr' id='par_1_49' title="bbox 1927 2155 3511 2224">
     <span class='ocr_line' id='line_1_49' title="bbox 1927 2155 3511 2224; baseline -0.001 -14"><span class='ocrx_word' id='word_1_339' title='bbox 1927 2159 2008 2210; x_wconf 85' lang='lat' dir='ltr'><strong>eis</strong></span> <span class='ocrx_word' id='word_1_340' title='bbox 2042 2157 2430 2224; x_wconf 85' lang='lat' dir='ltr'><strong>colloquuntur</strong></span> <span class='ocrx_word' id='word_1_341' title='bbox 2455 2197 2469 2220; x_wconf 97' lang='lat'><strong>,</strong></span> <span class='ocrx_word' id='word_1_342' title='bbox 2510 2155 2726 2224; x_wconf 86' lang='lat' dir='ltr'><strong>injuriis</strong></span> <span class='ocrx_word' id='word_1_343' title='bbox 2747 2194 2761 2217; x_wconf 85' lang='lat'><strong>,</strong></span> <span class='ocrx_word' id='word_1_344' title='bbox 2786 2164 2839 2209; x_wconf 91' lang='lat' dir='ltr'><strong>et</strong></span> <span class='ocrx_word' id='word_1_345' title='bbox 2869 2157 3076 2208; x_wconf 86' lang='lat' dir='ltr'><strong>utinam</strong></span> <span class='ocrx_word' id='word_1_346' title='bbox 3111 2156 3324 2224; x_wconf 88' lang='lat' dir='ltr'><strong>injuriis</strong></span> <span class='ocrx_word' id='word_1_347' title='bbox 3347 2197 3359 2218; x_wconf 92' lang='lat'><strong>,</strong></span> <span class='ocrx_word' id='word_1_348' title='bbox 3398 2167 3511 2208; x_wconf 90' lang='lat' dir='ltr'><strong>tum</strong></span> 
     </span>
    </p>
   </div>
   <div class='ocr_carea' id='block_1_50' title="bbox 1925 2248 3511 2317">
    <p class='ocr_par' dir='ltr' id='par_1_50' title="bbox 1925 2248 3511 2317">
     <span class='ocr_line' id='line_1_50' title="bbox 1925 2248 3511 2317; baseline -0.001 -14"><span class='ocrx_word' id='word_1_349' title='bbox 1925 2249 2069 2304; x_wconf 90' lang='lat' dir='ltr'><strong>enim</strong></span> <span class='ocrx_word' id='word_1_350' title='bbox 2100 2249 2300 2301; x_wconf 87' lang='lat' dir='ltr'><strong>malum</strong></span> <span class='ocrx_word' id='word_1_351' title='bbox 2337 2249 2518 2302; x_wconf 89' lang='lat' dir='ltr'><strong>minus</strong></span> <span class='ocrx_word' id='word_1_352' title='bbox 2552 2248 2727 2313; x_wconf 89' lang='lat' dir='ltr'><strong>foret,</strong></span> <span class='ocrx_word' id='word_1_353' title='bbox 2766 2248 2816 2302; x_wconf 91' lang='lat' dir='ltr'><strong>in</strong></span> <span class='ocrx_word' id='word_1_354' title='bbox 2867 2250 2999 2302; x_wconf 90' lang='lat' dir='ltr'><strong>solis</strong></span> <span class='ocrx_word' id='word_1_355' title='bbox 3046 2249 3245 2317; x_wconf 87' lang='lat' dir='ltr'><strong>injuria</strong></span> <span class='ocrx_word' id='word_1_356' title='bbox 3281 2248 3511 2314; x_wconf 75' lang='lat' dir='ltr'><strong>aﬂectis,</strong></span> 
     </span>
    </p>
   </div>
   <div class='ocr_carea' id='block_1_51' title="bbox 1925 2339 3507 2407">
    <p class='ocr_par' dir='ltr' id='par_1_51' title="bbox 1925 2339 3507 2407">
     <span class='ocr_line' id='line_1_51' title="bbox 1925 2339 3507 2407; baseline 0.001 -15"><span class='ocrx_word' id='word_1_357' title='bbox 1925 2355 2115 2392; x_wconf 90' lang='lat' dir='ltr'><strong>eorum</strong></span> <span class='ocrx_word' id='word_1_358' title='bbox 2165 2339 2372 2392; x_wconf 84' lang='lat' dir='ltr'><strong>insulso</strong></span> <span class='ocrx_word' id='word_1_359' title='bbox 2417 2340 2623 2406; x_wconf 81' lang='lat' dir='ltr'><strong>impetu</strong></span> <span class='ocrx_word' id='word_1_360' title='bbox 2673 2341 3041 2407; x_wconf 84' lang='lat' dir='ltr'><strong>persiStente:</strong></span> <span class='ocrx_word' id='word_1_361' title='bbox 3100 2352 3155 2392; x_wconf 87' lang='lat' dir='ltr'><strong>at</strong></span> <span class='ocrx_word' id='word_1_362' title='bbox 3205 2355 3351 2392; x_wconf 90' lang='lat' dir='ltr'><strong>nunc</strong></span> <span class='ocrx_word' id='word_1_363' title='bbox 3398 2356 3507 2394; x_wconf 91' lang='lat' dir='ltr'><strong>non</strong></span> 
     </span>
    </p>
   </div>
   <div class='ocr_carea' id='block_1_52' title="bbox 1927 2429 3510 2492">
    <p class='ocr_par' dir='ltr' id='par_1_52' title="bbox 1927 2429 3510 2492">
     <span class='ocr_line' id='line_1_52' title="bbox 1927 2429 3510 2492; baseline 0.002 -9"><span class='ocrx_word' id='word_1_364' title='bbox 1927 2429 1980 2483; x_wconf 92' lang='lat' dir='ltr'><strong>id</strong></span> <span class='ocrx_word' id='word_1_365' title='bbox 2032 2430 2231 2492; x_wconf 88' lang='lat' dir='ltr'><strong>solum,</strong></span> <span class='ocrx_word' id='word_1_366' title='bbox 2281 2430 2372 2483; x_wconf 90' lang='lat' dir='ltr'><strong>sed</strong></span> <span class='ocrx_word' id='word_1_367' title='bbox 2427 2440 2480 2483; x_wconf 81' lang='lat' dir='ltr'><strong>ct</strong></span> <span class='ocrx_word' id='word_1_368' title='bbox 2533 2430 2924 2485; x_wconf 77' lang='lat' dir='ltr'><strong>audacissimos</strong></span> <span class='ocrx_word' id='word_1_369' title='bbox 2983 2433 3033 2482; x_wconf 93' lang='lat' dir='ltr'><strong>in</strong></span> <span class='ocrx_word' id='word_1_370' title='bbox 3093 2447 3186 2485; x_wconf 88' lang='lat' dir='ltr'><strong>eos</strong></span> <span class='ocrx_word' id='word_1_371' title='bbox 3224 2439 3276 2484; x_wconf 74' lang='lat' dir='ltr'><strong>et</strong></span> <span class='ocrx_word' id='word_1_372' title='bbox 3323 2446 3510 2486; x_wconf 85' lang='lat' dir='ltr'><strong>eorum</strong></span> 
     </span>
    </p>
   </div>
   <div class='ocr_carea' id='block_1_53' title="bbox 1927 2521 3508 2594">
    <p class='ocr_par' dir='ltr' id='par_1_53' title="bbox 1927 2521 3508 2594">
     <span class='ocr_line' id='line_1_53' title="bbox 1927 2521 3508 2594; baseline 0.001 -20"><span class='ocrx_word' id='word_1_373' title='bbox 1927 2521 2226 2576; x_wconf 86' lang='lat' dir='ltr'><strong>Ecclesiam</strong></span> <span class='ocrx_word' id='word_1_374' title='bbox 2257 2523 2617 2576; x_wconf 83' lang='lat' dir='ltr'><strong>contumelias</strong></span> <span class='ocrx_word' id='word_1_375' title='bbox 2666 2534 2715 2576; x_wconf 89' lang='lat' dir='ltr'><strong>et</strong></span> <span class='ocrx_word' id='word_1_376' title='bbox 2766 2525 3012 2576; x_wconf 83' lang='lat' dir='ltr'><strong>convicia</strong></span> <span class='ocrx_word' id='word_1_377' title='bbox 3041 2535 3332 2588; x_wconf 80' lang='lat' dir='ltr'><strong>evomunt,</strong></span> <span class='ocrx_word' id='word_1_378' title='bbox 3367 2542 3508 2594; x_wconf 61' lang='lat' dir='ltr'><strong>quo.</strong></span> 
     </span>
    </p>
   </div>
   <div class='ocr_carea' id='block_1_54' title="bbox 1927 2615 3509 2685">
    <p class='ocr_par' dir='ltr' id='par_1_54' title="bbox 1927 2615 3509 2685">
     <span class='ocr_line' id='line_1_54' title="bbox 1927 2615 3509 2685; baseline 0.002 -17"><span class='ocrx_word' id='word_1_379' title='bbox 1927 2629 2048 2668; x_wconf 85' lang='lat' dir='ltr'><strong>rum</strong></span> <span class='ocrx_word' id='word_1_380' title='bbox 2079 2615 2316 2669; x_wconf 90' lang='lat' dir='ltr'><strong>absurda</strong></span> <span class='ocrx_word' id='word_1_381' title='bbox 2377 2616 2653 2670; x_wconf 87' lang='lat' dir='ltr'><strong>temeritas</strong></span> <span class='ocrx_word' id='word_1_382' title='bbox 2687 2616 3018 2685; x_wconf 82' lang='lat' dir='ltr'><strong>ipsissimam</strong></span> <span class='ocrx_word' id='word_1_383' title='bbox 3068 2615 3509 2672; x_wconf 78' lang='lat' dir='ltr'><strong>Christianorum</strong></span> 
     </span>
    </p>
   </div>
   <div class='ocr_carea' id='block_1_55' title="bbox 1928 2707 3514 2779">
    <p class='ocr_par' dir='ltr' id='par_1_55' title="bbox 1928 2707 3514 2779">
     <span class='ocr_line' id='line_1_55' title="bbox 1928 2707 3514 2779; baseline 0.005 -21"><span class='ocrx_word' id='word_1_384' title='bbox 1928 2707 2178 2759; x_wconf 78' lang='lat' dir='ltr'><strong>vulnerat</strong></span> <span class='ocrx_word' id='word_1_385' title='bbox 2233 2709 2510 2776; x_wconf 85' lang='lat' dir='ltr'><strong>pietatem.</strong></span> <span class='ocrx_word' id='word_1_386' title='bbox 2559 2707 2743 2776; x_wconf 78' lang='lat' dir='ltr'><strong>Neque</strong></span> <span class='ocrx_word' id='word_1_387' title='bbox 2784 2711 3259 2779; x_wconf 77' lang='lat' dir='ltr'><strong>comprehendere</strong></span> <span class='ocrx_word' id='word_1_388' title='bbox 3320 2723 3514 2779; x_wconf 85' lang='lat' dir='ltr'><strong>potue-</strong></span> 
     </span>
    </p>
   </div>
   <div class='ocr_carea' id='block_1_56' title="bbox 1930 2800 3510 2868">
    <p class='ocr_par' dir='ltr' id='par_1_56' title="bbox 1930 2800 3510 2868">
     <span class='ocr_line' id='line_1_56' title="bbox 1930 2800 3510 2868; baseline 0.003 -16"><span class='ocrx_word' id='word_1_389' title='bbox 1930 2806 2090 2860; x_wconf 88' lang='lat' dir='ltr'><strong>runt.</strong></span> <span class='ocrx_word' id='word_1_390' title='bbox 2123 2814 2188 2852; x_wconf 90' lang='lat' dir='ltr'><strong>eo</strong></span> <span class='ocrx_word' id='word_1_391' title='bbox 2222 2800 2302 2853; x_wconf 77' lang='lat' dir='ltr'><strong>vel</strong></span> <span class='ocrx_word' id='word_1_392' title='bbox 2328 2800 2628 2864; x_wconf 86' lang='lat' dir='ltr'><strong>solo,quod</strong></span> <span class='ocrx_word' id='word_1_393' title='bbox 2663 2801 2877 2868; x_wconf 89' lang='lat' dir='ltr'><strong>injuriis</strong></span> <span class='ocrx_word' id='word_1_394' title='bbox 2915 2811 2968 2855; x_wconf 93' lang='lat' dir='ltr'><strong>et</strong></span> <span class='ocrx_word' id='word_1_395' title='bbox 3010 2803 3360 2855; x_wconf 86' lang='lat' dir='ltr'><strong>contumeliis</strong></span> <span class='ocrx_word' id='word_1_396' title='bbox 3393 2805 3510 2856; x_wconf 87' lang='lat' dir='ltr'><strong>dis-</strong></span> 
     </span>
    </p>
   </div>
   <div class='ocr_carea' id='block_1_57' title="bbox 1929 2891 3513 2960">
    <p class='ocr_par' dir='ltr' id='par_1_57' title="bbox 1929 2891 3513 2960">
     <span class='ocr_line' id='line_1_57' title="bbox 1929 2891 3513 2960; baseline 0.004 -18"><span class='ocrx_word' id='word_1_397' title='bbox 1929 2891 2240 2960; x_wconf 85' lang='lat' dir='ltr'><strong>putationes</strong></span> <span class='ocrx_word' id='word_1_398' title='bbox 2287 2903 2342 2945; x_wconf 92' lang='lat' dir='ltr'><strong>et</strong></span> <span class='ocrx_word' id='word_1_399' title='bbox 2400 2892 2669 2960; x_wconf 87' lang='lat' dir='ltr'><strong>colloquia</strong></span> <span class='ocrx_word' id='word_1_400' title='bbox 2726 2893 3095 2956; x_wconf 91' lang='lat' dir='ltr'><strong>contulerunt,</strong></span> <span class='ocrx_word' id='word_1_401' title='bbox 3143 2909 3175 2946; x_wconf 83' lang='lat' dir='ltr'><strong>a</strong></span> <span class='ocrx_word' id='word_1_402' title='bbox 3232 2894 3513 2949; x_wconf 80' lang='lat' dir='ltr'><strong>benevolis</strong></span> 
     </span>
    </p>
   </div>
   <div class='ocr_carea' id='block_1_58' title="bbox 1929 2984 3504 3054">
    <p class='ocr_par' dir='ltr' id='par_1_58' title="bbox 1929 2984 3504 3054">
     <span class='ocr_line' id='line_1_58' title="bbox 1929 2984 3504 3054; baseline 0.001 -17"><span class='ocrx_word' id='word_1_403' title='bbox 1929 2985 2305 3054; x_wconf 80' lang='lat' dir='ltr'><strong>cognitoribus</strong></span> <span class='ocrx_word' id='word_1_404' title='bbox 2357 2985 2580 3037; x_wconf 84' lang='lat' dir='ltr'><strong>victoria</strong></span> <span class='ocrx_word' id='word_1_405' title='bbox 2642 2985 2911 3038; x_wconf 83' lang='lat' dir='ltr'><strong>excidisse</strong></span> <span class='ocrx_word' id='word_1_406' title='bbox 2964 2985 3240 3051; x_wconf 90' lang='lat' dir='ltr'><strong>judicatos</strong></span> <span class='ocrx_word' id='word_1_407' title='bbox 3313 2984 3504 3041; x_wconf 81' lang='lat' dir='ltr'><strong>fuisse.</strong></span> 
     </span>
    </p>
   </div>
   <div class='ocr_carea' id='block_1_59' title="bbox 1929 3077 3513 3147">
    <p class='ocr_par' dir='ltr' id='par_1_59' title="bbox 1929 3077 3513 3147">
     <span class='ocr_line' id='line_1_59' title="bbox 1929 3077 3513 3147; baseline -0.001 -16"><span class='ocrx_word' id='word_1_408' title='bbox 1929 3079 2064 3143; x_wconf 83' lang='lat' dir='ltr'><strong>Quis</strong></span> <span class='ocrx_word' id='word_1_409' title='bbox 2103 3081 2274 3142; x_wconf 88' lang='lat' dir='ltr'><strong>enim,</strong></span> <span class='ocrx_word' id='word_1_410' title='bbox 2311 3094 2436 3133; x_wconf 88' lang='lat' dir='ltr'><strong>cum</strong></span> <span class='ocrx_word' id='word_1_411' title='bbox 2491 3079 2777 3134; x_wconf 81' lang='lat' dir='ltr'><strong>victoriam</strong></span> <span class='ocrx_word' id='word_1_412' title='bbox 2821 3078 3084 3147; x_wconf 85' lang='lat' dir='ltr'><strong>consequi</strong></span> <span class='ocrx_word' id='word_1_413' title='bbox 3141 3077 3315 3146; x_wconf 85' lang='lat' dir='ltr'><strong>possit</strong></span> <span class='ocrx_word' id='word_1_414' title='bbox 3363 3079 3513 3146; x_wconf 72' lang='lat' dir='ltr'><strong>paci-</strong></span> 
     </span>
    </p>
   </div>
   <div class='ocr_carea' id='block_1_60' title="bbox 1931 3169 3516 3240">
    <p class='ocr_par' dir='ltr' id='par_1_60' title="bbox 1931 3169 3516 3240">
     <span class='ocr_line' id='line_1_60' title="bbox 1931 3169 3516 3240; baseline -0.001 -16"><span class='ocrx_word' id='word_1_415' title='bbox 1931 3172 2048 3235; x_wconf 84' lang='lat' dir='ltr'><strong>lice,</strong></span> <span class='ocrx_word' id='word_1_416' title='bbox 2090 3181 2144 3224; x_wconf 90' lang='lat' dir='ltr'><strong>et</strong></span> <span class='ocrx_word' id='word_1_417' title='bbox 2191 3173 2534 3240; x_wconf 82' lang='lat' dir='ltr'><strong>potissimum</strong></span> <span class='ocrx_word' id='word_1_418' title='bbox 2575 3173 2625 3224; x_wconf 90' lang='lat' dir='ltr'><strong>in</strong></span> <span class='ocrx_word' id='word_1_419' title='bbox 2670 3172 2759 3237; x_wconf 86' lang='lat' dir='ltr'><strong>iis,</strong></span> <span class='ocrx_word' id='word_1_420' title='bbox 2794 3173 2846 3225; x_wconf 91' lang='lat' dir='ltr'><strong>in</strong></span> <span class='ocrx_word' id='word_1_421' title='bbox 2884 3174 3084 3240; x_wconf 82' lang='lat' dir='ltr'><strong>quibus</strong></span> <span class='ocrx_word' id='word_1_422' title='bbox 3123 3170 3190 3223; x_wconf 91' lang='lat' dir='ltr'><strong>de</strong></span> <span class='ocrx_word' id='word_1_423' title='bbox 3238 3169 3345 3223; x_wconf 85' lang='lat' dir='ltr'><strong>Deo</strong></span> <span class='ocrx_word' id='word_1_424' title='bbox 3374 3173 3516 3223; x_wconf 78' lang='lat' dir='ltr'><strong>divi-</strong></span> 
     </span>
    </p>
   </div>
   <div class='ocr_carea' id='block_1_61' title="bbox 240 3239 1827 3330">
    <p class='ocr_par' dir='ltr' id='par_1_61' title="bbox 240 3250 1827 3329">
     <span class='ocr_line' id='line_1_61' title="bbox 240 3250 1827 3329; baseline 0.009 -30"><span class='ocrx_word' id='word_1_425' title='bbox 240 3252 289 3299; x_wconf 82' lang='grc' dir='ltr'><strong>οί</strong></span> <span class='ocrx_word' id='word_1_426' title='bbox 329 3250 506 3316; x_wconf 88' lang='grc' dir='ltr'><strong>λόγοι,</strong></span> <span class='ocrx_word' id='word_1_427' title='bbox 539 3252 730 3320; x_wconf 83' lang='grc' dir='ltr'><strong>ὕϐρεσι</strong></span> <span class='ocrx_word' id='word_1_428' title='bbox 754 3255 830 3324; x_wconf 83' lang='grc' dir='ltr'><strong>τῷ</strong></span> <span class='ocrx_word' id='word_1_429' title='bbox 867 3257 1379 3329; x_wconf 85' lang='grc' dir='ltr'><strong>προσδιαλεγομένῳ</strong></span> <span class='ocrx_word' id='word_1_430' title='bbox 1413 3261 1827 3328; x_wconf 80' lang='grc' dir='ltr'><strong>ἀντεπιφύεται,</strong></span> 
     </span>
    </p>
   </div>
   <div class='ocr_carea' id='block_1_62' title="bbox 1928 3239 3510 3330">
    <p class='ocr_par' dir='ltr' id='par_1_62' title="bbox 1933 3239 3510 3330">
     <span class='ocr_line' id='line_1_62' title="bbox 1933 3239 3510 3330; baseline 0.001 -16"><span class='ocrx_word' id='word_1_431' title='bbox 1933 3263 2126 3328; x_wconf 84' lang='lat' dir='ltr'><strong>nisque</strong></span> <span class='ocrx_word' id='word_1_432' title='bbox 2194 3239 2367 3315; x_wconf 80' lang='lat' dir='ltr'><strong>rebus</strong></span> <span class='ocrx_word' id='word_1_433' title='bbox 2419 3272 2813 3330; x_wconf 90' lang='lat' dir='ltr'><strong>pertractatur,</strong></span> <span class='ocrx_word' id='word_1_434' title='bbox 2874 3239 3094 3330; x_wconf 85' lang='lat' dir='ltr'><strong>injuriis</strong></span> <span class='ocrx_word' id='word_1_435' title='bbox 3151 3264 3510 3318; x_wconf 79' lang='lat' dir='ltr'><strong>disserentem</strong></span> 
     </span>
    </p>
   </div>
   <div class='ocr_carea' id='block_1_63' title="bbox 239 3340 1831 3420">
    <p class='ocr_par' dir='ltr' id='par_1_63' title="bbox 239 3340 1831 3420">
     <span class='ocr_line' id='line_1_63' title="bbox 239 3340 1831 3420; baseline 0.008 -28"><span class='ocrx_word' id='word_1_436' title='bbox 239 3340 438 3411; x_wconf 78' lang='grc' dir='ltr'><strong>ὥσπερ</strong></span> <span class='ocrx_word' id='word_1_437' title='bbox 473 3344 576 3395; x_wconf 72' lang='grc' dir='ltr'><strong>οὐκ</strong></span> <span class='ocrx_word' id='word_1_438' title='bbox 625 3346 885 3412; x_wconf 79' lang='grc' dir='ltr'><strong>ἀδελφοὺς</strong></span> <span class='ocrx_word' id='word_1_439' title='bbox 924 3351 1106 3420; x_wconf 80' lang='grc' dir='ltr'><strong>ζητῶν</strong></span> <span class='ocrx_word' id='word_1_440' title='bbox 1146 3355 1476 3417; x_wconf 75' lang='grc' dir='ltr'><strong>κτήσασθαι,</strong></span> <span class='ocrx_word' id='word_1_441' title='bbox 1517 3354 1632 3408; x_wconf 84' lang='grc' dir='ltr'><strong>ἀλλ’</strong></span> <span class='ocrx_word' id='word_1_442' title='bbox 1677 3355 1831 3406; x_wconf 83' lang='grc' dir='ltr'><strong>ἀδελ-</strong></span> 
     </span>
    </p>
   </div>
   <div class='ocr_carea' id='block_1_64' title="bbox 241 3435 1832 3512">
    <p class='ocr_par' dir='ltr' id='par_1_64' title="bbox 241 3435 1832 3512">
     <span class='ocr_line' id='line_1_64' title="bbox 241 3435 1832 3512; baseline 0.008 -27"><span class='ocrx_word' id='word_1_443' title='bbox 241 3435 383 3496; x_wconf 74' lang='grc' dir='ltr'><strong>φοὺς</strong></span> <span class='ocrx_word' id='word_1_444' title='bbox 429 3436 843 3490; x_wconf 78' lang='grc' dir='ltr'><strong>ἀποϐάλλεσθαι</strong></span> <span class='ocrx_word' id='word_1_445' title='bbox 890 3441 1230 3507; x_wconf 84' lang='grc' dir='ltr'><strong>φιλονεικῶν.</strong></span> <span class='ocrx_word' id='word_1_446' title='bbox 1270 3443 1487 3512; x_wconf 83' lang='grc' dir='ltr'><strong>Ἐγωγε</strong></span> <span class='ocrx_word' id='word_1_447' title='bbox 1539 3446 1676 3508; x_wconf 79' lang='grc' dir='ltr'><strong>τέως</strong></span> <span class='ocrx_word' id='word_1_448' title='bbox 1719 3448 1832 3506; x_wconf 89' lang='grc' dir='ltr'><strong>τοῖς</strong></span> 
     </span>
    </p>
   </div>
   <div class='ocr_carea' id='block_1_65' title="bbox 239 3526 1832 3606">
    <p class='ocr_par' dir='ltr' id='par_1_65' title="bbox 239 3526 1832 3606">
     <span class='ocr_line' id='line_1_65' title="bbox 239 3526 1832 3606; baseline 0.011 -32"><span class='ocrx_word' id='word_1_449' title='bbox 239 3526 521 3588; x_wconf 81' lang='grc' dir='ltr'><strong>τοιούτοις</strong></span> <span class='ocrx_word' id='word_1_450' title='bbox 559 3528 904 3598; x_wconf 62' lang='grc' dir='ltr'><strong>ἐντυγχάνων</strong></span> <span class='ocrx_word' id='word_1_451' title='bbox 949 3533 1128 3596; x_wconf 82' lang='grc' dir='ltr'><strong>λόγοις</strong></span> <span class='ocrx_word' id='word_1_452' title='bbox 1179 3535 1381 3598; x_wconf 84' lang='grc' dir='ltr'><strong>αὐτῶν,</strong></span> <span class='ocrx_word' id='word_1_453' title='bbox 1434 3537 1684 3600; x_wconf 78' lang='grc' dir='ltr'><strong>καὶτοὺς</strong></span> <span class='ocrx_word' id='word_1_454' title='bbox 1732 3539 1832 3606; x_wconf 82' lang='grc' dir='ltr'><strong>μὲν</strong></span> 
     </span>
    </p>
   </div>
   <div class='ocr_carea' id='block_1_66' title="bbox 256 3615 1834 3699">
    <p class='ocr_par' dir='ltr' id='par_1_66' title="bbox 256 3615 1834 3699">
     <span class='ocr_line' id='line_1_66' title="bbox 256 3615 1834 3699; baseline 0.007 -31"><span class='ocrx_word' id='word_1_455' title='bbox 256 3615 576 3685; x_wconf 79' lang='grc' dir='ltr'><strong>Ῥωμαίους</strong></span> <span class='ocrx_word' id='word_1_456' title='bbox 609 3622 902 3689; x_wconf 76' lang='grc' dir='ltr'><strong>εἰρηνικῶς</strong></span> <span class='ocrx_word' id='word_1_457' title='bbox 934 3626 1117 3688; x_wconf 83' lang='grc' dir='ltr'><strong>αὐτοῖς</strong></span> <span class='ocrx_word' id='word_1_458' title='bbox 1155 3628 1436 3681; x_wconf 82' lang='grc' dir='ltr'><strong>κατανοῶν</strong></span> <span class='ocrx_word' id='word_1_459' title='bbox 1481 3629 1834 3699; x_wconf 62' lang='grc' dir='ltr'><strong>ἐντυγχάνοι-</strong></span> 
     </span>
    </p>
   </div>
   <div class='ocr_carea' id='block_1_67' title="bbox 238 3706 1832 3793">
    <p class='ocr_par' dir='ltr' id='par_1_67' title="bbox 238 3706 1832 3793">
     <span class='ocr_line' id='line_1_67' title="bbox 238 3706 1832 3793; baseline 0.01 -34"><span class='ocrx_word' id='word_1_460' title='bbox 238 3727 363 3770; x_wconf 87' lang='grc' dir='ltr'><strong>τας,</strong></span> <span class='ocrx_word' id='word_1_461' title='bbox 399 3706 482 3773; x_wconf 76' lang='grc' dir='ltr'><strong>οἷς</strong></span> <span class='ocrx_word' id='word_1_462' title='bbox 514 3713 608 3763; x_wconf 76' lang='grc' dir='ltr'><strong>καὶ</strong></span> <span class='ocrx_word' id='word_1_463' title='bbox 642 3715 844 3780; x_wconf 80' lang='grc' dir='ltr'><strong>μᾶλλον</strong></span> <span class='ocrx_word' id='word_1_464' title='bbox 869 3717 926 3766; x_wconf 80' lang='grc' dir='ltr'><strong>τὸ</strong></span> <span class='ocrx_word' id='word_1_465' title='bbox 960 3717 1096 3784; x_wconf 66' lang='grc' dir='ltr'><strong>πρὸς</strong></span> <span class='ocrx_word' id='word_1_466' title='bbox 1131 3719 1332 3788; x_wconf 77' lang='grc' dir='ltr'><strong>θυμοὺς</strong></span> <span class='ocrx_word' id='word_1_467' title='bbox 1367 3721 1832 3793; x_wconf 76' lang='grc' dir='ltr'><strong>ἑπιρῤεπέστερον</strong></span> 
     </span>
    </p>
   </div>
   <div class='ocr_carea' id='block_1_68' title="bbox 237 3802 1831 3885">
    <p class='ocr_par' dir='ltr' id='par_1_68' title="bbox 237 3802 1831 3885">
     <span class='ocr_line' id='line_1_68' title="bbox 237 3802 1831 3885; baseline 0.01 -34"><span class='ocrx_word' id='word_1_468' title='bbox 237 3802 624 3870; x_wconf 82' lang='grc' dir='ltr'><strong>ὡμολόγηται,</strong></span> <span class='ocrx_word' id='word_1_469' title='bbox 650 3807 771 3865; x_wconf 77' lang='grc' dir='ltr'><strong>τοὺς</strong></span> <span class='ocrx_word' id='word_1_470' title='bbox 802 3809 847 3860; x_wconf 84' lang='grc' dir='ltr'><strong>δ’</strong></span> <span class='ocrx_word' id='word_1_471' title='bbox 879 3811 1181 3881; x_wconf 74' lang='grc' dir='ltr'><strong>ἡμετέρους</strong></span> <span class='ocrx_word' id='word_1_472' title='bbox 1207 3816 1266 3864; x_wconf 76' lang='grc' dir='ltr'><strong>οὐ</strong></span> <span class='ocrx_word' id='word_1_473' title='bbox 1299 3814 1536 3880; x_wconf 77' lang='grc' dir='ltr'><strong>λογικῶς</strong></span> <span class='ocrx_word' id='word_1_474' title='bbox 1580 3817 1831 3885; x_wconf 85' lang='grc' dir='ltr'><strong>μαχομέ-</strong></span> 
     </span>
    </p>
   </div>
   <div class='ocr_carea' id='block_1_69' title="bbox 240 3893 1833 3974">
    <p class='ocr_par' dir='ltr' id='par_1_69' title="bbox 240 3893 1833 3974">
     <span class='ocr_line' id='line_1_69' title="bbox 240 3893 1833 3974; baseline 0.011 -34"><span class='ocrx_word' id='word_1_475' title='bbox 240 3907 357 3953; x_wconf 87' lang='grc' dir='ltr'><strong>νοις</strong></span> <span class='ocrx_word' id='word_1_476' title='bbox 385 3893 660 3956; x_wconf 68' lang='grc' dir='ltr'><strong>ἐοικότας,</strong></span> <span class='ocrx_word' id='word_1_477' title='bbox 690 3895 802 3948; x_wconf 77' lang='grc' dir='ltr'><strong>ἀλλ’</strong></span> <span class='ocrx_word' id='word_1_478' title='bbox 835 3897 1026 3970; x_wconf 84' lang='grc' dir='ltr'><strong>ὥσπερ</strong></span> <span class='ocrx_word' id='word_1_479' title='bbox 1072 3903 1335 3973; x_wconf 77' lang='grc' dir='ltr'><strong>μαχαίρᾳ,</strong></span> <span class='ocrx_word' id='word_1_480' title='bbox 1371 3903 1464 3956; x_wconf 74' lang='lat' dir='ltr'><strong>xui.</strong></span> <span class='ocrx_word' id='word_1_481' title='bbox 1509 3905 1713 3974; x_wconf 76' lang='grc' dir='ltr'><strong>σπάθῃ,</strong></span> <span class='ocrx_word' id='word_1_482' title='bbox 1740 3904 1833 3957; x_wconf 75' lang='grc' dir='ltr'><strong>καὶ</strong></span> 
     </span>
    </p>
   </div>
   <div class='ocr_carea' id='block_1_70' title="bbox 235 3989 1828 4068">
    <p class='ocr_par' dir='ltr' id='par_1_70' title="bbox 235 3989 1828 4068">
     <span class='ocr_line' id='line_1_70' title="bbox 235 3989 1828 4068; baseline 0.007 -29"><span class='ocrx_word' id='word_1_483' title='bbox 235 3989 432 4056; x_wconf 78' lang='grc' dir='ltr'><strong>δόρατι</strong></span> <span class='ocrx_word' id='word_1_484' title='bbox 461 3991 564 4060; x_wconf 74' lang='grc' dir='ltr'><strong>τὴν</strong></span> <span class='ocrx_word' id='word_1_485' title='bbox 592 3993 716 4043; x_wconf 88' lang='grc' dir='ltr'><strong>κατ’</strong></span> <span class='ocrx_word' id='word_1_486' title='bbox 750 3995 929 4045; x_wconf 75' lang='grc' dir='ltr'><strong>αὐτῶν</strong></span> <span class='ocrx_word' id='word_1_487' title='bbox 951 3997 1126 4066; x_wconf 78' lang='grc' dir='ltr'><strong>ὁρμὴν</strong></span> <span class='ocrx_word' id='word_1_488' title='bbox 1157 3998 1538 4066; x_wconf 81' lang='grc' dir='ltr'><strong>ποιουμένους,</strong></span> <span class='ocrx_word' id='word_1_489' title='bbox 1567 3998 1828 4068; x_wconf 74' lang='grc' dir='ltr'><strong>ἐρυθριῶ,</strong></span> 
     </span>
    </p>
   </div>
   <div class='ocr_carea' id='block_1_71' title="bbox 239 4080 1833 4162">
    <p class='ocr_par' dir='ltr' id='par_1_71' title="bbox 239 4080 1833 4162">
     <span class='ocr_line' id='line_1_71' title="bbox 239 4080 1833 4162; baseline 0.008 -30"><span class='ocrx_word' id='word_1_490' title='bbox 239 4083 339 4132; x_wconf 69' lang='grc' dir='ltr'><strong>καὶ</strong></span> <span class='ocrx_word' id='word_1_491' title='bbox 369 4080 567 4150; x_wconf 85' lang='grc' dir='ltr'><strong>ῶσπερ</strong></span> <span class='ocrx_word' id='word_1_492' title='bbox 597 4087 677 4145; x_wconf 83' lang='grc' dir='ltr'><strong>εἰς</strong></span> <span class='ocrx_word' id='word_1_493' title='bbox 702 4086 894 4138; x_wconf 62' lang='grc' dir='ltr'><strong>ἑαυτὴν</strong></span> <span class='ocrx_word' id='word_1_494' title='bbox 925 4086 1274 4156; x_wconf 77' lang='grc' dir='ltr'><strong>λογιζόμενος</strong></span> <span class='ocrx_word' id='word_1_495' title='bbox 1304 4093 1402 4162; x_wconf 79' lang='grc' dir='ltr'><strong>τὴν</strong></span> <span class='ocrx_word' id='word_1_496' title='bbox 1425 4091 1713 4161; x_wconf 73' lang='grc' dir='ltr'><strong>αἰσχύνην,</strong></span> <span class='ocrx_word' id='word_1_497' title='bbox 1744 4111 1833 4162; x_wconf 82' lang='grc' dir='ltr'><strong>μι-</strong></span> 
     </span>
    </p>
   </div>
   <div class='ocr_carea' id='block_1_72' title="bbox 243 4171 1192 4239">
    <p class='ocr_par' dir='ltr' id='par_1_72' title="bbox 243 4171 1192 4239">
     <span class='ocr_line' id='line_1_72' title="bbox 243 4171 1192 4239; baseline 0.012 -17"><span class='ocrx_word' id='word_1_498' title='bbox 243 4171 384 4239; x_wconf 75' lang='grc' dir='ltr'><strong>κροῦ</strong></span> <span class='ocrx_word' id='word_1_499' title='bbox 420 4173 516 4224; x_wconf 82' lang='grc' dir='ltr'><strong>καὶ</strong></span> <span class='ocrx_word' id='word_1_500' title='bbox 550 4175 990 4228; x_wconf 66' lang='grc' dir='ltr'><strong>ἐπικαλύπτεσθαι</strong></span> <span class='ocrx_word' id='word_1_501' title='bbox 1034 4179 1192 4233; x_wconf 82' lang='grc' dir='ltr'><strong>θέλω.</strong></span> 
     </span>
    </p>
   </div>
   <div class='ocr_carea' id='block_1_73' title="bbox 318 4261 1832 4341">
    <p class='ocr_par' dir='ltr' id='par_1_73' title="bbox 318 4261 1832 4341">
     <span class='ocr_line' id='line_1_73' title="bbox 318 4261 1832 4341; baseline 0.01 -28"><span class='ocrx_word' id='word_1_502' title='bbox 318 4261 398 4326; x_wconf 84' lang='grc' dir='ltr'><strong>ς’.</strong></span> <span class='ocrx_word' id='word_1_503' title='bbox 435 4265 538 4316; x_wconf 77' lang='grc' dir='ltr'><strong>Διά</strong></span> <span class='ocrx_word' id='word_1_504' title='bbox 565 4282 647 4317; x_wconf 86' lang='grc' dir='ltr'><strong>τοι</strong></span> <span class='ocrx_word' id='word_1_505' title='bbox 681 4267 838 4321; x_wconf 76' lang='grc' dir='ltr'><strong>τοῦτο</strong></span> <span class='ocrx_word' id='word_1_506' title='bbox 867 4271 961 4321; x_wconf 67' lang='grc' dir='ltr'><strong>καὶ</strong></span> <span class='ocrx_word' id='word_1_507' title='bbox 991 4273 1294 4341; x_wconf 80' lang='grc' dir='ltr'><strong>ἀντιλέγειν</strong></span> <span class='ocrx_word' id='word_1_508' title='bbox 1323 4277 1435 4337; x_wconf 86' lang='grc' dir='ltr'><strong>τοῖς</strong></span> <span class='ocrx_word' id='word_1_509' title='bbox 1467 4276 1832 4341; x_wconf 85' lang='grc' dir='ltr'><strong>ἀντιλογικοῖς</strong></span> 
     </span>
    </p>
   </div>
   <div class='ocr_carea' id='block_1_74' title="bbox 237 4358 1830 4438">
    <p class='ocr_par' dir='ltr' id='par_1_74' title="bbox 237 4358 1830 4438">
     <span class='ocr_line' id='line_1_74' title="bbox 237 4358 1830 4438; baseline 0.008 -29"><span class='ocrx_word' id='word_1_510' title='bbox 237 4358 464 4418; x_wconf 80' lang='grc' dir='ltr'><strong>τούτοις</strong></span> <span class='ocrx_word' id='word_1_511' title='bbox 522 4360 812 4431; x_wconf 76' lang='grc' dir='ltr'><strong>ἐσύστερον</strong></span> <span class='ocrx_word' id='word_1_512' title='bbox 861 4362 1183 4434; x_wconf 86' lang='grc' dir='ltr'><strong>βουλόμενος</strong></span> <span class='ocrx_word' id='word_1_513' title='bbox 1221 4368 1419 4434; x_wconf 80' lang='grc' dir='ltr'><strong>ἔγωγε,</strong></span> <span class='ocrx_word' id='word_1_514' title='bbox 1472 4369 1607 4438; x_wconf 76' lang='grc' dir='ltr'><strong>πρὸς</strong></span> <span class='ocrx_word' id='word_1_515' title='bbox 1664 4369 1830 4438; x_wconf 75' lang='grc' dir='ltr'><strong>μηδὲν</strong></span> 
     </span>
    </p>
   </div>
   <div class='ocr_carea' id='block_1_75' title="bbox 239 4450 1833 4525">
    <p class='ocr_par' dir='ltr' id='par_1_75' title="bbox 239 4450 1833 4525">
     <span class='ocr_line' id='line_1_75' title="bbox 239 4450 1833 4525; baseline 0.007 -23"><span class='ocrx_word' id='word_1_516' title='bbox 239 4450 498 4504; x_wconf 76' lang='grc' dir='ltr'><strong>τοιοῦτον</strong></span> <span class='ocrx_word' id='word_1_517' title='bbox 546 4459 932 4525; x_wconf 78' lang='grc' dir='ltr'><strong>παρασυρῆναι</strong></span> <span class='ocrx_word' id='word_1_518' title='bbox 977 4458 1313 4511; x_wconf 85' lang='grc' dir='ltr'><strong>καθικετεύω</strong></span> <span class='ocrx_word' id='word_1_519' title='bbox 1353 4459 1506 4519; x_wconf 76' lang='grc' dir='ltr'><strong>Θεὸν,</strong></span> <span class='ocrx_word' id='word_1_520' title='bbox 1563 4461 1657 4512; x_wconf 78' lang='grc' dir='ltr'><strong>καὶ</strong></span> <span class='ocrx_word' id='word_1_521' title='bbox 1708 4463 1833 4524; x_wconf 80' lang='grc' dir='ltr'><strong>τοὺς</strong></span> 
     </span>
    </p>
   </div>
   <div class='ocr_carea' id='block_1_76' title="bbox 1934 3354 3512 3424">
    <p class='ocr_par' dir='ltr' id='par_1_76' title="bbox 1934 3354 3512 3424">
     <span class='ocr_line' id='line_1_76' title="bbox 1934 3354 3512 3424; baseline 0.004 -21"><span class='ocrx_word' id='word_1_522' title='bbox 1934 3355 2245 3421; x_wconf 79' lang='lat' dir='ltr'><strong>opprimere</strong></span> <span class='ocrx_word' id='word_1_523' title='bbox 2280 3365 2512 3408; x_wconf 88' lang='lat' dir='ltr'><strong>conatur</strong></span> <span class='ocrx_word' id='word_1_524' title='bbox 2539 3394 2553 3417; x_wconf 94' lang='lat'><strong>,</strong></span> <span class='ocrx_word' id='word_1_525' title='bbox 2591 3371 2743 3423; x_wconf 66' lang='lat' dir='ltr'><strong>aeque</strong></span> <span class='ocrx_word' id='word_1_526' title='bbox 2775 3371 2837 3408; x_wconf 88' lang='lat' dir='ltr'><strong>ac</strong></span> <span class='ocrx_word' id='word_1_527' title='bbox 2868 3356 2912 3408; x_wconf 90' lang='lat' dir='ltr'><strong>si</strong></span> <span class='ocrx_word' id='word_1_528' title='bbox 2962 3354 3160 3409; x_wconf 80' lang='lat' dir='ltr'><strong>fratres</strong></span> <span class='ocrx_word' id='word_1_529' title='bbox 3187 3359 3512 3424; x_wconf 73' lang='lat' dir='ltr'><strong>conquirere</strong></span> 
     </span>
    </p>
   </div>
   <div class='ocr_carea' id='block_1_77' title="bbox 1935 3445 3516 3515">
    <p class='ocr_par' dir='ltr' id='par_1_77' title="bbox 1935 3445 3516 3515">
     <span class='ocr_line' id='line_1_77' title="bbox 1935 3445 3516 3515; baseline 0.003 -19"><span class='ocrx_word' id='word_1_530' title='bbox 1935 3460 2041 3497; x_wconf 93' lang='lat' dir='ltr'><strong>non</strong></span> <span class='ocrx_word' id='word_1_531' title='bbox 2074 3447 2324 3510; x_wconf 87' lang='lat' dir='ltr'><strong>studeat,</strong></span> <span class='ocrx_word' id='word_1_532' title='bbox 2367 3447 2459 3500; x_wconf 86' lang='lat' dir='ltr'><strong>sed</strong></span> <span class='ocrx_word' id='word_1_533' title='bbox 2497 3461 2589 3499; x_wconf 92' lang='lat' dir='ltr'><strong>eos</strong></span> <span class='ocrx_word' id='word_1_534' title='bbox 2633 3445 2884 3514; x_wconf 75' lang='lat' dir='ltr'><strong>subigere</strong></span> <span class='ocrx_word' id='word_1_535' title='bbox 2919 3447 3254 3515; x_wconf 89' lang='lat' dir='ltr'><strong>perdereque</strong></span> <span class='ocrx_word' id='word_1_536' title='bbox 3295 3457 3516 3500; x_wconf 87' lang='lat' dir='ltr'><strong>conten-</strong></span> 
     </span>
    </p>
   </div>
   <div class='ocr_carea' id='block_1_78' title="bbox 1932 3535 3514 3607">
    <p class='ocr_par' dir='ltr' id='par_1_78' title="bbox 1932 3535 3514 3607">
     <span class='ocr_line' id='line_1_78' title="bbox 1932 3535 3514 3607; baseline 0.002 -18"><span class='ocrx_word' id='word_1_537' title='bbox 1932 3535 2074 3590; x_wconf 85' lang='lat' dir='ltr'><strong>dat?</strong></span> <span class='ocrx_word' id='word_1_538' title='bbox 2139 3540 2250 3604; x_wconf 69' lang='lat' dir='ltr'><strong>Ego</strong></span> <span class='ocrx_word' id='word_1_539' title='bbox 2297 3540 2453 3606; x_wconf 88' lang='lat' dir='ltr'><strong>plane</strong></span> <span class='ocrx_word' id='word_1_540' title='bbox 2502 3539 2709 3594; x_wconf 83' lang='lat' dir='ltr'><strong>similes</strong></span> <span class='ocrx_word' id='word_1_541' title='bbox 2736 3552 2926 3590; x_wconf 91' lang='lat' dir='ltr'><strong>eorum</strong></span> <span class='ocrx_word' id='word_1_542' title='bbox 2979 3553 3263 3592; x_wconf 85' lang='lat' dir='ltr'><strong>sermones</strong></span> <span class='ocrx_word' id='word_1_543' title='bbox 3290 3553 3514 3607; x_wconf 72' lang='lat' dir='ltr'><strong>percur—</strong></span> 
     </span>
    </p>
   </div>
   <div class='ocr_carea' id='block_1_79' title="bbox 1933 3629 3510 3697">
    <p class='ocr_par' dir='ltr' id='par_1_79' title="bbox 1933 3629 3510 3697">
     <span class='ocr_line' id='line_1_79' title="bbox 1933 3629 3510 3697; baseline -0.001 -12"><span class='ocrx_word' id='word_1_544' title='bbox 1933 3648 2082 3693; x_wconf 88' lang='lat' dir='ltr'><strong>rens,</strong></span> <span class='ocrx_word' id='word_1_545' title='bbox 2118 3641 2171 3682; x_wconf 88' lang='lat' dir='ltr'><strong>et</strong></span> <span class='ocrx_word' id='word_1_546' title='bbox 2219 3631 2496 3684; x_wconf 81' lang='lat' dir='ltr'><strong>Romanos</strong></span> <span class='ocrx_word' id='word_1_547' title='bbox 2546 3629 2996 3697; x_wconf 84' lang='lat' dir='ltr'><strong>deprehendens.</strong></span> <span class='ocrx_word' id='word_1_548' title='bbox 3058 3645 3196 3696; x_wconf 86' lang='lat' dir='ltr'><strong>quos</strong></span> <span class='ocrx_word' id='word_1_549' title='bbox 3252 3631 3317 3682; x_wconf 88' lang='lat' dir='ltr'><strong>ad</strong></span> <span class='ocrx_word' id='word_1_550' title='bbox 3376 3631 3510 3684; x_wconf 78' lang='lat' dir='ltr'><strong>iram</strong></span> 
     </span>
    </p>
   </div>
   <div class='ocr_carea' id='block_1_80' title="bbox 1934 3719 3518 3792">
    <p class='ocr_par' dir='ltr' id='par_1_80' title="bbox 1934 3719 3518 3792">
     <span class='ocr_line' id='line_1_80' title="bbox 1934 3719 3518 3792; baseline -0.004 -17"><span class='ocrx_word' id='word_1_551' title='bbox 1934 3723 2317 3792; x_wconf 88' lang='lat' dir='ltr'><strong>propensiores</strong></span> <span class='ocrx_word' id='word_1_552' title='bbox 2351 3737 2473 3776; x_wconf 85' lang='lat' dir='ltr'><strong>esse</strong></span> <span class='ocrx_word' id='word_1_553' title='bbox 2505 3719 2760 3782; x_wconf 88' lang='lat' dir='ltr'><strong>fatemur,</strong></span> <span class='ocrx_word' id='word_1_554' title='bbox 2798 3721 3022 3786; x_wconf 88' lang='lat' dir='ltr'><strong>pacilica</strong></span> <span class='ocrx_word' id='word_1_555' title='bbox 3047 3735 3170 3774; x_wconf 91' lang='lat' dir='ltr'><strong>cum</strong></span> <span class='ocrx_word' id='word_1_556' title='bbox 3209 3721 3314 3775; x_wconf 74' lang='lat' dir='ltr'><strong>illis</strong></span> <span class='ocrx_word' id='word_1_557' title='bbox 3345 3722 3518 3774; x_wconf 84' lang='lat' dir='ltr'><strong>collo-</strong></span> 
     </span>
    </p>
   </div>
   <div class='ocr_carea' id='block_1_81' title="bbox 1933 3807 3518 3884">
    <p class='ocr_par' dir='ltr' id='par_1_81' title="bbox 1933 3807 3518 3884">
     <span class='ocr_line' id='line_1_81' title="bbox 1933 3807 3518 3884; baseline 0.001 -19"><span class='ocrx_word' id='word_1_558' title='bbox 1933 3815 2062 3884; x_wconf 89' lang='lat' dir='ltr'><strong>quia</strong></span> <span class='ocrx_word' id='word_1_559' title='bbox 2098 3830 2297 3875; x_wconf 83' lang='lat' dir='ltr'><strong>serere,</strong></span> <span class='ocrx_word' id='word_1_560' title='bbox 2335 3823 2554 3868; x_wconf 85' lang='lat' dir='ltr'><strong>nostros</strong></span> <span class='ocrx_word' id='word_1_561' title='bbox 2587 3826 2714 3866; x_wconf 81' lang='lat' dir='ltr'><strong>vero</strong></span> <span class='ocrx_word' id='word_1_562' title='bbox 2750 3807 2892 3864; x_wconf 75' lang='lat' dir='ltr'><strong>nulla</strong></span> <span class='ocrx_word' id='word_1_563' title='bbox 2913 3826 3035 3864; x_wconf 90' lang='lat' dir='ltr'><strong>cum</strong></span> <span class='ocrx_word' id='word_1_564' title='bbox 3072 3811 3285 3866; x_wconf 87' lang='lat' dir='ltr'><strong>ratione</strong></span> <span class='ocrx_word' id='word_1_565' title='bbox 3308 3813 3518 3880; x_wconf 67' lang='lat' dir='ltr'><strong>«lepra:-</strong></span> 
     </span>
    </p>
   </div>
   <div class='ocr_carea' id='block_1_82' title="bbox 1935 3903 3518 3972">
    <p class='ocr_par' dir='ltr' id='par_1_82' title="bbox 1935 3903 3518 3972">
     <span class='ocr_line' id='line_1_82' title="bbox 1935 3903 3518 3972; baseline -0.003 -12"><span class='ocrx_word' id='word_1_566' title='bbox 1935 3907 2192 3961; x_wconf 89' lang='lat' dir='ltr'><strong>liaotibus</strong></span> <span class='ocrx_word' id='word_1_567' title='bbox 2239 3906 2466 3967; x_wconf 86' lang='lat' dir='ltr'><strong>similes.</strong></span> <span class='ocrx_word' id='word_1_568' title='bbox 2521 3918 2672 3967; x_wconf 87' lang='lat' dir='ltr'><strong>ense,</strong></span> <span class='ocrx_word' id='word_1_569' title='bbox 2728 3913 2788 3956; x_wconf 88' lang='lat' dir='ltr'><strong>ut</strong></span> <span class='ocrx_word' id='word_1_570' title='bbox 2837 3903 2911 3956; x_wconf 88' lang='lat' dir='ltr'><strong>ita</strong></span> <span class='ocrx_word' id='word_1_571' title='bbox 2963 3903 3167 3967; x_wconf 89' lang='lat' dir='ltr'><strong>dicam,</strong></span> <span class='ocrx_word' id='word_1_572' title='bbox 3211 3905 3392 3972; x_wconf 74' lang='lat' dir='ltr'><strong>gladio</strong></span> <span class='ocrx_word' id='word_1_573' title='bbox 3462 3912 3518 3956; x_wconf 83' lang='lat' dir='ltr'><strong>ct</strong></span> 
     </span>
    </p>
   </div>
   <div class='ocr_carea' id='block_1_83' title="bbox 1937 3995 3513 4067">
    <p class='ocr_par' dir='ltr' id='par_1_83' title="bbox 1937 3995 3513 4067">
     <span class='ocr_line' id='line_1_83' title="bbox 1937 3995 3513 4067; baseline -0.003 -14"><span class='ocrx_word' id='word_1_574' title='bbox 1937 3999 2108 4054; x_wconf 77' lang='lat' dir='ltr'><strong>hastis</strong></span> <span class='ocrx_word' id='word_1_575' title='bbox 2135 4014 2226 4054; x_wconf 76' lang='lat' dir='ltr'><strong>eos</strong></span> <span class='ocrx_word' id='word_1_576' title='bbox 2269 3999 2616 4067; x_wconf 78' lang='lat' dir='ltr'><strong>impotentes,</strong></span> <span class='ocrx_word' id='word_1_577' title='bbox 2665 3997 2866 4049; x_wconf 91' lang='lat' dir='ltr'><strong>rubore</strong></span> <span class='ocrx_word' id='word_1_578' title='bbox 2898 3995 3154 4064; x_wconf 74' lang='lat' dir='ltr'><strong>equidem</strong></span> <span class='ocrx_word' id='word_1_579' title='bbox 3207 3995 3513 4061; x_wconf 81' lang='lat' dir='ltr'><strong>suﬂ‘uudor,</strong></span> 
     </span>
    </p>
   </div>
   <div class='ocr_carea' id='block_1_84' title="bbox 1934 4089 3515 4159">
    <p class='ocr_par' dir='ltr' id='par_1_84' title="bbox 1934 4089 3515 4159">
     <span class='ocr_line' id='line_1_84' title="bbox 1934 4089 3515 4159; baseline -0.003 -13"><span class='ocrx_word' id='word_1_580' title='bbox 1934 4102 1990 4147; x_wconf 93' lang='lat' dir='ltr'><strong>et</strong></span> <span class='ocrx_word' id='word_1_581' title='bbox 2041 4094 2180 4146; x_wconf 92' lang='lat' dir='ltr'><strong>intra</strong></span> <span class='ocrx_word' id='word_1_582' title='bbox 2232 4093 2611 4159; x_wconf 82' lang='lat' dir='ltr'><strong>metnctipsum</strong></span> <span class='ocrx_word' id='word_1_583' title='bbox 2647 4089 2928 4143; x_wconf 87' lang='lat' dir='ltr'><strong>infamiam</strong></span> <span class='ocrx_word' id='word_1_584' title='bbox 2964 4100 3253 4159; x_wconf 89' lang='lat' dir='ltr'><strong>repetens,</strong></span> <span class='ocrx_word' id='word_1_585' title='bbox 3305 4099 3515 4142; x_wconf 88' lang='lat' dir='ltr'><strong>tantum</strong></span> 
     </span>
    </p>
   </div>
   <div class='ocr_carea' id='block_1_85' title="bbox 1937 4183 2768 4251">
    <p class='ocr_par' dir='ltr' id='par_1_85' title="bbox 1937 4183 2768 4251">
     <span class='ocr_line' id='line_1_85' title="bbox 1937 4183 2768 4251; baseline -0.005 -12"><span class='ocrx_word' id='word_1_586' title='bbox 1937 4202 2044 4239; x_wconf 86' lang='lat' dir='ltr'><strong>non</strong></span> <span class='ocrx_word' id='word_1_587' title='bbox 2072 4185 2262 4236; x_wconf 75' lang='lat' dir='ltr'><strong>facient</strong></span> <span class='ocrx_word' id='word_1_588' title='bbox 2303 4195 2479 4251; x_wconf 72' lang='lat' dir='ltr'><strong>legere</strong></span> <span class='ocrx_word' id='word_1_589' title='bbox 2505 4183 2768 4235; x_wconf 89' lang='lat' dir='ltr'><strong>delibero.</strong></span> 
     </span>
    </p>
   </div>
   <div class='ocr_carea' id='block_1_86' title="bbox 2006 4273 3512 4345">
    <p class='ocr_par' dir='ltr' id='par_1_86' title="bbox 2006 4273 3512 4345">
     <span class='ocr_line' id='line_1_86' title="bbox 2006 4273 3512 4345; baseline -0.003 -14"><span class='ocrx_word' id='word_1_590' title='bbox 2006 4279 2059 4331; x_wconf 88' lang='lat'><strong>6.</strong></span> <span class='ocrx_word' id='word_1_591' title='bbox 2092 4277 2432 4344; x_wconf 80' lang='lat' dir='ltr'><strong>Quapropter</strong></span> <span class='ocrx_word' id='word_1_592' title='bbox 2461 4277 2544 4329; x_wconf 85' lang='lat' dir='ltr'><strong>bis</strong></span> <span class='ocrx_word' id='word_1_593' title='bbox 2577 4275 3070 4329; x_wconf 83' lang='lat' dir='ltr'><strong>contradictoribus</strong></span> <span class='ocrx_word' id='word_1_594' title='bbox 3123 4273 3238 4341; x_wconf 90' lang='lat' dir='ltr'><strong>ipse</strong></span> <span class='ocrx_word' id='word_1_595' title='bbox 3269 4284 3512 4345; x_wconf 86' lang='lat' dir='ltr'><strong>postmo-</strong></span> 
     </span>
    </p>
   </div>
   <div class='ocr_carea' id='block_1_87' title="bbox 1936 4367 3514 4435">
    <p class='ocr_par' dir='ltr' id='par_1_87' title="bbox 1936 4367 3514 4435">
     <span class='ocr_line' id='line_1_87' title="bbox 1936 4367 3514 4435; baseline -0.005 -10"><span class='ocrx_word' id='word_1_596' title='bbox 1936 4371 2063 4425; x_wconf 89' lang='lat' dir='ltr'><strong>dum</strong></span> <span class='ocrx_word' id='word_1_597' title='bbox 2090 4369 2556 4434; x_wconf 90' lang='lat' dir='ltr'><strong>contradicturus,</strong></span> <span class='ocrx_word' id='word_1_598' title='bbox 2598 4383 2663 4422; x_wconf 88' lang='lat' dir='ltr'><strong>ne</strong></span> <span class='ocrx_word' id='word_1_599' title='bbox 2691 4367 2757 4420; x_wconf 85' lang='lat' dir='ltr'><strong>ad</strong></span> <span class='ocrx_word' id='word_1_600' title='bbox 2789 4368 2991 4422; x_wconf 82' lang='lat' dir='ltr'><strong>similia</strong></span> <span class='ocrx_word' id='word_1_601' title='bbox 3021 4367 3208 4421; x_wconf 87' lang='lat' dir='ltr'><strong>trahar</strong></span> <span class='ocrx_word' id='word_1_602' title='bbox 3234 4408 3247 4431; x_wconf 97' lang='lat'><strong>,</strong></span> <span class='ocrx_word' id='word_1_603' title='bbox 3290 4369 3514 4435; x_wconf 70' lang='lat' dir='ltr'><strong>supplex</strong></span> 
     </span>
    </p>
   </div>
   <div class='ocr_carea' id='block_1_88' title="bbox 1941 4458 3516 4529">
    <p class='ocr_par' dir='ltr' id='par_1_88' title="bbox 1941 4458 3516 4529">
     <span class='ocr_line' id='line_1_88' title="bbox 1941 4458 3516 4529; baseline -0.003 -15"><span class='ocrx_word' id='word_1_604' title='bbox 1941 4461 2108 4516; x_wconf 91' lang='lat' dir='ltr'><strong>Deum</strong></span> <span class='ocrx_word' id='word_1_605' title='bbox 2173 4477 2368 4524; x_wconf 78' lang='lat' dir='ltr'><strong>exoro,</strong></span> <span class='ocrx_word' id='word_1_606' title='bbox 2421 4461 2780 4529; x_wconf 87' lang='lat' dir='ltr'><strong>eamdemque</strong></span> <span class='ocrx_word' id='word_1_607' title='bbox 2838 4474 3064 4529; x_wconf 89' lang='lat' dir='ltr'><strong>prorsus</strong></span> <span class='ocrx_word' id='word_1_608' title='bbox 3120 4459 3190 4511; x_wconf 90' lang='lat' dir='ltr'><strong>ab</strong></span> <span class='ocrx_word' id='word_1_609' title='bbox 3237 4458 3386 4520; x_wconf 85' lang='lat' dir='ltr'><strong>illis,</strong></span> <span class='ocrx_word' id='word_1_610' title='bbox 3422 4461 3516 4525; x_wconf 85' lang='lat' dir='ltr'><strong>qui</strong></span> 
     </span>
    </p>
   </div>
   <div class='ocr_carea' id='block_1_89' title="bbox 239 4544 1827 4639">
    <p class='ocr_par' dir='ltr' id='par_1_89' title="bbox 239 4544 1827 4621">
     <span class='ocr_line' id='line_1_89' title="bbox 239 4544 1827 4621; baseline 0.004 -24"><span class='ocrx_word' id='word_1_611' title='bbox 239 4544 677 4613; x_wconf 74' lang='grc' dir='ltr'><strong>ιντευξομένους</strong></span> <span class='ocrx_word' id='word_1_612' title='bbox 707 4548 762 4600; x_wconf 81' lang='grc' dir='ltr'><strong>δὲ</strong></span> <span class='ocrx_word' id='word_1_613' title='bbox 794 4552 906 4611; x_wconf 83' lang='grc' dir='ltr'><strong>τοῖς</strong></span> <span class='ocrx_word' id='word_1_614' title='bbox 953 4550 1241 4621; x_wconf 73' lang='grc' dir='ltr'><strong>ἡμετέροις</strong></span> <span class='ocrx_word' id='word_1_615' title='bbox 1264 4552 1558 4620; x_wconf 82' lang='grc' dir='ltr'><strong>γράμμασι</strong></span> <span class='ocrx_word' id='word_1_616' title='bbox 1600 4555 1827 4615; x_wconf 81' lang='grc' dir='ltr'><strong>τούτοις,</strong></span> 
     </span>
    </p>
   </div>
   <div class='ocr_carea' id='block_1_90' title="bbox 1928 4544 3515 4639">
    <p class='ocr_par' dir='ltr' id='par_1_90' title="bbox 1939 4550 3515 4619">
     <span class='ocr_line' id='line_1_90' title="bbox 1939 4550 3515 4619; baseline -0.004 -11"><span class='ocrx_word' id='word_1_617' title='bbox 1939 4556 2054 4609; x_wconf 66' lang='lat' dir='ltr'><strong>lucc</strong></span> <span class='ocrx_word' id='word_1_618' title='bbox 2106 4563 2294 4608; x_wconf 90' lang='lat' dir='ltr'><strong>nostra</strong></span> <span class='ocrx_word' id='word_1_619' title='bbox 2354 4553 2747 4606; x_wconf 82' lang='lat' dir='ltr'><strong>commentaria</strong></span> <span class='ocrx_word' id='word_1_620' title='bbox 2808 4551 2997 4605; x_wconf 86' lang='lat' dir='ltr'><strong>lecturi</strong></span> <span class='ocrx_word' id='word_1_621' title='bbox 3055 4559 3220 4612; x_wconf 90' lang='lat' dir='ltr'><strong>sunt,</strong></span> <span class='ocrx_word' id='word_1_622' title='bbox 3289 4550 3515 4619; x_wconf 73' lang='lat' dir='ltr'><strong>gratiam</strong></span> 
     </span>
    </p>
   </div>
   <div class='ocr_carea' id='block_1_91' title="bbox 246 4635 1834 4714">
    <p class='ocr_par' dir='ltr' id='par_1_91' title="bbox 246 4635 1834 4714">
     <span class='ocr_line' id='line_1_91' title="bbox 246 4635 1834 4714; baseline 0.007 -28"><span class='ocrx_word' id='word_1_623' title='bbox 246 4636 355 4703; x_wconf 69' lang='grc' dir='ltr'><strong>τήν</strong></span> <span class='ocrx_word' id='word_1_624' title='bbox 388 4635 560 4704; x_wconf 75' lang='grc' dir='ltr'><strong>αὐτὴν</strong></span> <span class='ocrx_word' id='word_1_625' title='bbox 589 4638 724 4690; x_wconf 89' lang='grc' dir='ltr'><strong>αἰτῶ</strong></span> <span class='ocrx_word' id='word_1_626' title='bbox 748 4640 927 4708; x_wconf 83' lang='grc' dir='ltr'><strong>χάριν,</strong></span> <span class='ocrx_word' id='word_1_627' title='bbox 955 4640 1122 4708; x_wconf 75' lang='grc' dir='ltr'><strong>μηδὲν</strong></span> <span class='ocrx_word' id='word_1_628' title='bbox 1146 4659 1197 4693; x_wconf 90' lang='grc' dir='ltr'><strong>τι</strong></span> <span class='ocrx_word' id='word_1_629' title='bbox 1234 4643 1342 4694; x_wconf 90' lang='grc' dir='ltr'><strong>τῶν</strong></span> <span class='ocrx_word' id='word_1_630' title='bbox 1375 4643 1662 4714; x_wconf 84' lang='grc' dir='ltr'><strong>ἡμετέρων</strong></span> <span class='ocrx_word' id='word_1_631' title='bbox 1695 4645 1834 4714; x_wconf 80' lang='grc' dir='ltr'><strong>πρὸς</strong></span> 
     </span>
    </p>
   </div>
   <div class='ocr_carea' id='block_1_92' title="bbox 248 4730 1836 4805">
    <p class='ocr_par' dir='ltr' id='par_1_92' title="bbox 248 4730 1836 4805">
     <span class='ocr_line' id='line_1_92' title="bbox 248 4730 1836 4805; baseline 0.004 -24"><span class='ocrx_word' id='word_1_632' title='bbox 248 4730 378 4798; x_wconf 71' lang='grc' dir='ltr'><strong>ἔριν</strong></span> <span class='ocrx_word' id='word_1_633' title='bbox 413 4730 736 4798; x_wconf 79' lang='grc' dir='ltr'><strong>ἀφορῶντας</strong></span> <span class='ocrx_word' id='word_1_634' title='bbox 763 4731 1062 4787; x_wconf 80' lang='grc' dir='ltr'><strong>διαϐαλεῖν.</strong></span> <span class='ocrx_word' id='word_1_635' title='bbox 1101 4731 1292 4801; x_wconf 80' lang='grc' dir='ltr'><strong>Ἡμεῖς</strong></span> <span class='ocrx_word' id='word_1_636' title='bbox 1326 4735 1422 4802; x_wconf 81' lang='grc' dir='ltr'><strong>μὲν</strong></span> <span class='ocrx_word' id='word_1_637' title='bbox 1465 4735 1573 4805; x_wconf 76' lang='grc' dir='ltr'><strong>γὰρ</strong></span> <span class='ocrx_word' id='word_1_638' title='bbox 1606 4736 1667 4788; x_wconf 87' lang='grc' dir='ltr'><strong>οὑ</strong></span> <span class='ocrx_word' id='word_1_639' title='bbox 1700 4736 1836 4803; x_wconf 79' lang='grc' dir='ltr'><strong>πρὸς</strong></span> 
     </span>
    </p>
   </div>
   <div class='ocr_carea' id='block_1_93' title="bbox 244 4820 1836 4896">
    <p class='ocr_par' dir='ltr' id='par_1_93' title="bbox 244 4820 1836 4896">
     <span class='ocr_line' id='line_1_93' title="bbox 244 4820 1836 4896; baseline 0.004 -23"><span class='ocrx_word' id='word_1_640' title='bbox 244 4820 604 4887; x_wconf 74' lang='grc' dir='ltr'><strong>ἀνθρώπους,</strong></span> <span class='ocrx_word' id='word_1_641' title='bbox 653 4822 788 4874; x_wconf 73' lang='grc' dir='ltr'><strong>ἀλλὰ</strong></span> <span class='ocrx_word' id='word_1_642' title='bbox 824 4823 961 4891; x_wconf 78' lang='grc' dir='ltr'><strong>πρὸς</strong></span> <span class='ocrx_word' id='word_1_643' title='bbox 1003 4824 1136 4876; x_wconf 81' lang='grc' dir='ltr'><strong>Θεὸν</strong></span> <span class='ocrx_word' id='word_1_644' title='bbox 1176 4826 1432 4895; x_wconf 80' lang='grc' dir='ltr'><strong>ὁρῶντες,</strong></span> <span class='ocrx_word' id='word_1_645' title='bbox 1475 4826 1576 4895; x_wconf 83' lang='grc' dir='ltr'><strong>τὴν</strong></span> <span class='ocrx_word' id='word_1_646' title='bbox 1611 4828 1836 4896; x_wconf 79' lang='grc' dir='ltr'><strong>εἰρήνην</strong></span> 
     </span>
    </p>
   </div>
   <div class='ocr_carea' id='block_1_94' title="bbox 242 4911 1833 4990">
    <p class='ocr_par' dir='ltr' id='par_1_94' title="bbox 242 4911 1833 4990">
     <span class='ocr_line' id='line_1_94' title="bbox 242 4911 1833 4990; baseline 0.003 -25"><span class='ocrx_word' id='word_1_647' title='bbox 242 4914 466 4980; x_wconf 73' lang='grc' dir='ltr'><strong>ταύτην</strong></span> <span class='ocrx_word' id='word_1_648' title='bbox 506 4911 617 4963; x_wconf 81' lang='grc' dir='ltr'><strong>δεῖν</strong></span> <span class='ocrx_word' id='word_1_649' title='bbox 650 4913 911 4981; x_wconf 74' lang='grc' dir='ltr'><strong>ᾠήθημεν</strong></span> <span class='ocrx_word' id='word_1_650' title='bbox 953 4915 1433 4985; x_wconf 83' lang='grc' dir='ltr'><strong>ὲνστερνίσασθαι·</strong></span> <span class='ocrx_word' id='word_1_651' title='bbox 1459 4918 1506 4969; x_wconf 85' lang='grc' dir='ltr'><strong>εί</strong></span> <span class='ocrx_word' id='word_1_652' title='bbox 1532 4919 1587 4970; x_wconf 88' lang='grc' dir='ltr'><strong>δέ</strong></span> <span class='ocrx_word' id='word_1_653' title='bbox 1616 4936 1726 4971; x_wconf 89' lang='grc' dir='ltr'><strong>τισι</strong></span> <span class='ocrx_word' id='word_1_654' title='bbox 1758 4921 1833 4990; x_wconf 79' lang='grc' dir='ltr'><strong>μὴ</strong></span> 
     </span>
    </p>
   </div>
   <div class='ocr_carea' id='block_1_95' title="bbox 241 5006 1835 5079">
    <p class='ocr_par' dir='ltr' id='par_1_95' title="bbox 241 5006 1835 5079">
     <span class='ocr_line' id='line_1_95' title="bbox 241 5006 1835 5079; baseline 0.004 -22"><span class='ocrx_word' id='word_1_655' title='bbox 241 5007 425 5063; x_wconf 76' lang='grc' dir='ltr'><strong>δοκεῖ.</strong></span> <span class='ocrx_word' id='word_1_656' title='bbox 462 5007 617 5058; x_wconf 76' lang='grc' dir='ltr'><strong>οὐδὲν</strong></span> <span class='ocrx_word' id='word_1_657' title='bbox 657 5006 792 5074; x_wconf 72' lang='grc' dir='ltr'><strong>πρὸς</strong></span> <span class='ocrx_word' id='word_1_658' title='bbox 828 5009 997 5076; x_wconf 72' lang='grc' dir='ltr'><strong>ἡμᾶς.</strong></span> <span class='ocrx_word' id='word_1_659' title='bbox 1031 5010 1090 5062; x_wconf 84' lang='grc' dir='ltr'><strong>Εἰ</strong></span> <span class='ocrx_word' id='word_1_660' title='bbox 1114 5009 1168 5062; x_wconf 78' lang='grc' dir='ltr'><strong>δὲ</strong></span> <span class='ocrx_word' id='word_1_661' title='bbox 1205 5011 1295 5063; x_wconf 83' lang='grc' dir='ltr'><strong>καί</strong></span> <span class='ocrx_word' id='word_1_662' title='bbox 1343 5011 1476 5078; x_wconf 72' lang='grc' dir='ltr'><strong>πρὸς</strong></span> <span class='ocrx_word' id='word_1_663' title='bbox 1507 5013 1575 5064; x_wconf 82' lang='grc' dir='ltr'><strong>τὰ</strong></span> <span class='ocrx_word' id='word_1_664' title='bbox 1597 5013 1835 5079; x_wconf 76' lang='grc' dir='ltr'><strong>κοσμικὰ</strong></span> 
     </span>
    </p>
   </div>
   <div class='ocr_carea' id='block_1_96' title="bbox 239 5097 1836 5169">
    <p class='ocr_par' dir='ltr' id='par_1_96' title="bbox 239 5097 1836 5169">
     <span class='ocr_line' id='line_1_96' title="bbox 239 5097 1836 5169; baseline 0.003 -21"><span class='ocrx_word' id='word_1_665' title='bbox 239 5098 354 5165; x_wconf 69' lang='grc' dir='ltr'><strong>τῆς</strong></span> <span class='ocrx_word' id='word_1_666' title='bbox 425 5097 737 5165; x_wconf 82' lang='grc' dir='ltr'><strong>Ῥωμαῖκῆς</strong></span> <span class='ocrx_word' id='word_1_667' title='bbox 786 5099 961 5169; x_wconf 81' lang='grc' dir='ltr'><strong>ἀρχῆς</strong></span> <span class='ocrx_word' id='word_1_668' title='bbox 1015 5100 1239 5168; x_wconf 81' lang='grc' dir='ltr'><strong>ίδοιμεν,</strong></span> <span class='ocrx_word' id='word_1_669' title='bbox 1296 5102 1410 5153; x_wconf 79' lang='grc' dir='ltr'><strong>ἀλλ’</strong></span> <span class='ocrx_word' id='word_1_670' title='bbox 1456 5101 1690 5155; x_wconf 76' lang='grc' dir='ltr'><strong>ἐνταῦθα</strong></span> <span class='ocrx_word' id='word_1_671' title='bbox 1735 5104 1836 5155; x_wconf 87' lang='grc' dir='ltr'><strong>οὐκ</strong></span> 
     </span>
    </p>
   </div>
   <div class='ocr_carea' id='block_1_97' title="bbox 242 5191 1838 5264">
    <p class='ocr_par' dir='ltr' id='par_1_97' title="bbox 242 5191 1838 5264">
     <span class='ocr_line' id='line_1_97' title="bbox 242 5191 1838 5264; baseline 0.003 -21"><span class='ocrx_word' id='word_1_672' title='bbox 242 5193 406 5243; x_wconf 74' lang='grc' dir='ltr'><strong>ἔστιν</strong></span> <span class='ocrx_word' id='word_1_673' title='bbox 455 5192 631 5241; x_wconf 84' lang='grc' dir='ltr'><strong>εἰπεῖν</strong></span> <span class='ocrx_word' id='word_1_674' title='bbox 661 5191 735 5252; x_wconf 85' lang='grc' dir='ltr'><strong>ὡς</strong></span> <span class='ocrx_word' id='word_1_675' title='bbox 785 5193 940 5245; x_wconf 81' lang='grc' dir='ltr'><strong>οὐδὲν</strong></span> <span class='ocrx_word' id='word_1_676' title='bbox 981 5191 1117 5262; x_wconf 80' lang='grc' dir='ltr'><strong>πρὸς</strong></span> <span class='ocrx_word' id='word_1_677' title='bbox 1164 5195 1335 5263; x_wconf 79' lang='grc' dir='ltr'><strong>ἡμᾶς.</strong></span> <span class='ocrx_word' id='word_1_678' title='bbox 1372 5196 1432 5247; x_wconf 80' lang='grc' dir='ltr'><strong>Εἰ</strong></span> <span class='ocrx_word' id='word_1_679' title='bbox 1477 5196 1575 5263; x_wconf 81' lang='grc' dir='ltr'><strong>μὲν</strong></span> <span class='ocrx_word' id='word_1_680' title='bbox 1607 5196 1716 5264; x_wconf 75' lang='grc' dir='ltr'><strong>γὰρ</strong></span> <span class='ocrx_word' id='word_1_681' title='bbox 1761 5198 1838 5248; x_wconf 77' lang='grc' dir='ltr'><strong>δι-</strong></span> 
     </span>
    </p>
   </div>
   <div class='ocr_carea' id='block_1_98' title="bbox 245 5283 1838 5356">
    <p class='ocr_par' dir='ltr' id='par_1_98' title="bbox 245 5283 1838 5356">
     <span class='ocr_line' id='line_1_98' title="bbox 245 5283 1838 5356; baseline 0.004 -21"><span class='ocrx_word' id='word_1_682' title='bbox 245 5283 431 5342; x_wconf 73' lang='grc' dir='ltr'><strong>καίως</strong></span> <span class='ocrx_word' id='word_1_683' title='bbox 461 5283 556 5333; x_wconf 76' lang='grc' dir='ltr'><strong>καὶ</strong></span> <span class='ocrx_word' id='word_1_684' title='bbox 588 5283 680 5334; x_wconf 78' lang='grc' dir='ltr'><strong>ὲπέ</strong></span> <span class='ocrx_word' id='word_1_685' title='bbox 702 5301 809 5335; x_wconf 90' lang='grc' dir='ltr'><strong>τινι</strong></span> <span class='ocrx_word' id='word_1_686' title='bbox 838 5285 975 5352; x_wconf 78' lang='grc' dir='ltr'><strong>πρὸς</strong></span> <span class='ocrx_word' id='word_1_687' title='bbox 1017 5286 1121 5356; x_wconf 78' lang='grc' dir='ltr'><strong>τὴν</strong></span> <span class='ocrx_word' id='word_1_688' title='bbox 1153 5286 1310 5354; x_wconf 78' lang='grc' dir='ltr'><strong>ἡμῶν</strong></span> <span class='ocrx_word' id='word_1_689' title='bbox 1339 5288 1623 5343; x_wconf 79' lang='grc' dir='ltr'><strong>εὐσέϐειαν</strong></span> <span class='ocrx_word' id='word_1_690' title='bbox 1653 5307 1838 5341; x_wconf 88' lang='grc' dir='ltr'><strong>συντε-</strong></span> 
     </span>
    </p>
   </div>
   <div class='ocr_carea' id='block_1_99' title="bbox 245 5371 1838 5447">
    <p class='ocr_par' dir='ltr' id='par_1_99' title="bbox 245 5371 1838 5447">
     <span class='ocr_line' id='line_1_99' title="bbox 245 5371 1838 5447; baseline 0.006 -26"><span class='ocrx_word' id='word_1_691' title='bbox 245 5371 442 5423; x_wconf 78' lang='grc' dir='ltr'><strong>λοῦντι</strong></span> <span class='ocrx_word' id='word_1_692' title='bbox 492 5373 526 5439; x_wconf 80' lang='grc' dir='ltr'><strong>ἠ</strong></span> <span class='ocrx_word' id='word_1_693' title='bbox 571 5371 669 5437; x_wconf 77' lang='grc' dir='ltr'><strong>τῆς</strong></span> <span class='ocrx_word' id='word_1_694' title='bbox 705 5373 1039 5442; x_wconf 80' lang='grc' dir='ltr'><strong>Ῥωμαῖκῆς.</strong></span> <span class='ocrx_word' id='word_1_695' title='bbox 1087 5375 1409 5444; x_wconf 86' lang='grc' dir='ltr'><strong>Ἐκκλησίας</strong></span> <span class='ocrx_word' id='word_1_696' title='bbox 1458 5379 1629 5446; x_wconf 82' lang='grc' dir='ltr'><strong>μάχη,</strong></span> <span class='ocrx_word' id='word_1_697' title='bbox 1668 5379 1726 5444; x_wconf 75' lang='grc' dir='ltr'><strong>ἐξ</strong></span> <span class='ocrx_word' id='word_1_698' title='bbox 1770 5373 1838 5447; x_wconf 80' lang='grc' dir='ltr'><strong>ἦς</strong></span> 
     </span>
    </p>
   </div>
   <div class='ocr_carea' id='block_1_100' title="bbox 245 5464 1834 5536">
    <p class='ocr_par' dir='ltr' id='par_1_100' title="bbox 245 5464 1834 5536">
     <span class='ocr_line' id='line_1_100' title="bbox 245 5464 1834 5536; baseline 0.006 -21"><span class='ocrx_word' id='word_1_699' title='bbox 245 5465 420 5515; x_wconf 73' lang='grc' dir='ltr'><strong>ὁποῖα</strong></span> <span class='ocrx_word' id='word_1_700' title='bbox 459 5464 554 5514; x_wconf 77' lang='grc' dir='ltr'><strong>καὶ</strong></span> <span class='ocrx_word' id='word_1_701' title='bbox 574 5465 672 5516; x_wconf 78' lang='grc' dir='ltr'><strong>ὅσα</strong></span> <span class='ocrx_word' id='word_1_702' title='bbox 705 5465 825 5516; x_wconf 81' lang='grc' dir='ltr'><strong>καθ’</strong></span> <span class='ocrx_word' id='word_1_703' title='bbox 853 5468 1011 5534; x_wconf 73' lang='grc' dir='ltr'><strong>ἡμῶν</strong></span> <span class='ocrx_word' id='word_1_704' title='bbox 1046 5468 1417 5536; x_wconf 79' lang='grc' dir='ltr'><strong>ἐπεισέφρησε</strong></span> <span class='ocrx_word' id='word_1_705' title='bbox 1453 5471 1521 5521; x_wconf 68' lang='grc' dir='ltr'><strong>τὰ</strong></span> <span class='ocrx_word' id='word_1_706' title='bbox 1558 5472 1729 5534; x_wconf 73' lang='grc' dir='ltr'><strong>δεινὰ,</strong></span> <span class='ocrx_word' id='word_1_707' title='bbox 1774 5473 1834 5523; x_wconf 74' lang='grc' dir='ltr'><strong>οὐ</strong></span> 
     </span>
    </p>
   </div>
   <div class='ocr_carea' id='block_1_101' title="bbox 246 5554 1838 5630">
    <p class='ocr_par' dir='ltr' id='par_1_101' title="bbox 246 5554 1838 5630">
     <span class='ocr_line' id='line_1_101' title="bbox 246 5554 1838 5630; baseline 0.007 -26"><span class='ocrx_word' id='word_1_708' title='bbox 246 5554 354 5605; x_wconf 79' lang='grc' dir='ltr'><strong>τοῦ</strong></span> <span class='ocrx_word' id='word_1_709' title='bbox 399 5555 672 5621; x_wconf 74' lang='grc' dir='ltr'><strong>παρόντος</strong></span> <span class='ocrx_word' id='word_1_710' title='bbox 714 5555 898 5623; x_wconf 86' lang='grc' dir='ltr'><strong>λέγειν</strong></span> <span class='ocrx_word' id='word_1_711' title='bbox 929 5559 1097 5619; x_wconf 66' lang='grc' dir='ltr'><strong>ἐστὶν,</strong></span> <span class='ocrx_word' id='word_1_712' title='bbox 1130 5560 1258 5622; x_wconf 73' lang='grc' dir='ltr'><strong>ἴσως</strong></span> <span class='ocrx_word' id='word_1_713' title='bbox 1290 5561 1397 5630; x_wconf 83' lang='grc' dir='ltr'><strong>γὰρ</strong></span> <span class='ocrx_word' id='word_1_714' title='bbox 1442 5561 1620 5623; x_wconf 79' lang='grc' dir='ltr'><strong>ἄλλοις</strong></span> <span class='ocrx_word' id='word_1_715' title='bbox 1665 5563 1838 5615; x_wconf 81' lang='grc' dir='ltr'><strong>ταῦτα</strong></span> 
     </span>
    </p>
   </div>
   <div class='ocr_carea' id='block_1_102' title="bbox 249 5643 1836 5722">
    <p class='ocr_par' dir='ltr' id='par_1_102' title="bbox 249 5643 1836 5722">
     <span class='ocr_line' id='line_1_102' title="bbox 249 5643 1836 5722; baseline 0.006 -22"><span class='ocrx_word' id='word_1_716' title='bbox 249 5649 353 5700; x_wconf 75' lang='grc' dir='ltr'><strong>καὶ</strong></span> <span class='ocrx_word' id='word_1_717' title='bbox 389 5647 688 5715; x_wconf 77' lang='grc' dir='ltr'><strong>ιστορήθη·</strong></span> <span class='ocrx_word' id='word_1_718' title='bbox 725 5643 868 5717; x_wconf 76' lang='grc' dir='ltr'><strong>ἦμεν</strong></span> <span class='ocrx_word' id='word_1_719' title='bbox 919 5648 986 5701; x_wconf 77' lang='grc' dir='ltr'><strong>ἄν</strong></span> <span class='ocrx_word' id='word_1_720' title='bbox 1028 5652 1123 5702; x_wconf 73' lang='grc' dir='ltr'><strong>καὶ</strong></span> <span class='ocrx_word' id='word_1_721' title='bbox 1160 5653 1315 5704; x_wconf 79' lang='grc' dir='ltr'><strong>αὐτοὶ</strong></span> <span class='ocrx_word' id='word_1_722' title='bbox 1372 5654 1836 5722; x_wconf 83' lang='grc' dir='ltr'><strong>συνδιατιθέμενοι</strong></span> 
     </span>
    </p>
   </div>
   <div class='ocr_carea' id='block_1_103' title="bbox 247 5739 1836 5811">
    <p class='ocr_par' dir='ltr' id='par_1_103' title="bbox 247 5739 1836 5811">
     <span class='ocr_line' id='line_1_103' title="bbox 247 5739 1836 5811; baseline 0.004 -19"><span class='ocrx_word' id='word_1_723' title='bbox 247 5743 371 5802; x_wconf 72' lang='grc' dir='ltr'><strong>τοὶς</strong></span> <span class='ocrx_word' id='word_1_724' title='bbox 413 5739 736 5809; x_wconf 72' lang='grc' dir='ltr'><strong>ὲπιρῤεπῶς</strong></span> <span class='ocrx_word' id='word_1_725' title='bbox 779 5740 961 5808; x_wconf 78' lang='grc' dir='ltr'><strong>έχουσι</strong></span> <span class='ocrx_word' id='word_1_726' title='bbox 994 5742 1130 5811; x_wconf 81' lang='grc' dir='ltr'><strong>πρὸς</strong></span> <span class='ocrx_word' id='word_1_727' title='bbox 1155 5743 1216 5794; x_wconf 83' lang='grc' dir='ltr'><strong>τὸ</strong></span> <span class='ocrx_word' id='word_1_728' title='bbox 1261 5743 1558 5797; x_wconf 84' lang='grc' dir='ltr'><strong>σκάνδαλον</strong></span> <span class='ocrx_word' id='word_1_729' title='bbox 1585 5761 1599 5774; x_wconf 79' lang='lat'><strong><em>°</em></strong></span> <span class='ocrx_word' id='word_1_730' title='bbox 1629 5745 1751 5798; x_wconf 77' lang='grc' dir='ltr'><strong>ἐπεὶ</strong></span> <span class='ocrx_word' id='word_1_731' title='bbox 1780 5746 1836 5799; x_wconf 77' lang='grc' dir='ltr'><strong>δὲ</strong></span> 
     </span>
    </p>
   </div>
   <div class='ocr_carea' id='block_1_104' title="bbox 249 5831 1836 5907">
    <p class='ocr_par' dir='ltr' id='par_1_104' title="bbox 249 5831 1836 5907">
     <span class='ocr_line' id='line_1_104' title="bbox 249 5831 1836 5907; baseline 0.005 -24"><span class='ocrx_word' id='word_1_732' title='bbox 249 5832 437 5900; x_wconf 70' lang='grc' dir='ltr'><strong>πάντη</strong></span> <span class='ocrx_word' id='word_1_733' title='bbox 474 5831 694 5898; x_wconf 80' lang='grc' dir='ltr'><strong>ἀδίκως,</strong></span> <span class='ocrx_word' id='word_1_734' title='bbox 734 5834 823 5885; x_wconf 66' lang='grc' dir='ltr'><strong>καὶ</strong></span> <span class='ocrx_word' id='word_1_735' title='bbox 865 5834 928 5887; x_wconf 78' lang='grc' dir='ltr'><strong>ὲκ</strong></span> <span class='ocrx_word' id='word_1_736' title='bbox 954 5834 1122 5906; x_wconf 80' lang='grc' dir='ltr'><strong>μόνης</strong></span> <span class='ocrx_word' id='word_1_737' title='bbox 1157 5835 1420 5905; x_wconf 82' lang='grc' dir='ltr'><strong>ἐπηρείας</strong></span> <span class='ocrx_word' id='word_1_738' title='bbox 1448 5837 1518 5888; x_wconf 82' lang='grc' dir='ltr'><strong>Σα</strong></span> <span class='ocrx_word' id='word_1_739' title='bbox 1533 5841 1746 5907; x_wconf 77' lang='grc' dir='ltr'><strong>τανικῆς</strong></span> <span class='ocrx_word' id='word_1_740' title='bbox 1780 5838 1836 5891; x_wconf 67' lang='grc' dir='ltr'><strong>τὸ</strong></span> 
     </span>
    </p>
   </div>
   <div class='ocr_carea' id='block_1_105' title="bbox 1939 4639 3516 4713">
    <p class='ocr_par' dir='ltr' id='par_1_105' title="bbox 1939 4639 3516 4713">
     <span class='ocr_line' id='line_1_105' title="bbox 1939 4639 3516 4713; baseline -0.005 -15"><span class='ocrx_word' id='word_1_741' title='bbox 1939 4660 2192 4713; x_wconf 79' lang='lat' dir='ltr'><strong>exposco.</strong></span> <span class='ocrx_word' id='word_1_742' title='bbox 2230 4643 2364 4696; x_wconf 90' lang='lat' dir='ltr'><strong>nihil</strong></span> <span class='ocrx_word' id='word_1_743' title='bbox 2407 4658 2468 4694; x_wconf 76' lang='lat' dir='ltr'><strong>ex</strong></span> <span class='ocrx_word' id='word_1_744' title='bbox 2543 4642 2628 4696; x_wconf 87' lang='lat' dir='ltr'><strong>his</strong></span> <span class='ocrx_word' id='word_1_745' title='bbox 2661 4644 2863 4694; x_wconf 90' lang='lat' dir='ltr'><strong>nostris</strong></span> <span class='ocrx_word' id='word_1_746' title='bbox 2892 4639 3233 4694; x_wconf 90' lang='lat' dir='ltr'><strong>contentioni</strong></span> <span class='ocrx_word' id='word_1_747' title='bbox 3273 4641 3516 4690; x_wconf 80' lang='lat' dir='ltr'><strong>addictos</strong></span> 
     </span>
    </p>
   </div>
   <div class='ocr_carea' id='block_1_106' title="bbox 1939 4730 3514 4805">
    <p class='ocr_par' dir='ltr' id='par_1_106' title="bbox 1939 4730 3514 4805">
     <span class='ocr_line' id='line_1_106' title="bbox 1939 4730 3514 4805; baseline -0.006 -14"><span class='ocrx_word' id='word_1_748' title='bbox 1939 4737 2354 4805; x_wconf 85' lang='lat' dir='ltr'><strong>reprehendere.</strong></span> <span class='ocrx_word' id='word_1_749' title='bbox 2399 4733 2506 4788; x_wconf 79' lang='lat' dir='ltr'><strong>Nos</strong></span> <span class='ocrx_word' id='word_1_750' title='bbox 2535 4734 2734 4788; x_wconf 89' lang='lat' dir='ltr'><strong>etenim</strong></span> <span class='ocrx_word' id='word_1_751' title='bbox 2776 4749 2884 4786; x_wconf 84' lang='lat' dir='ltr'><strong>non</strong></span> <span class='ocrx_word' id='word_1_752' title='bbox 2916 4733 3184 4793; x_wconf 77' lang='lat' dir='ltr'><strong>homines,</strong></span> <span class='ocrx_word' id='word_1_753' title='bbox 3218 4732 3309 4784; x_wconf 75' lang='lat' dir='ltr'><strong>sed</strong></span> <span class='ocrx_word' id='word_1_754' title='bbox 3349 4730 3514 4783; x_wconf 89' lang='lat' dir='ltr'><strong>Deum</strong></span> 
     </span>
    </p>
   </div>
   <div class='ocr_carea' id='block_1_107' title="bbox 1939 4825 3511 4896">
    <p class='ocr_par' dir='ltr' id='par_1_107' title="bbox 1939 4825 3511 4896">
     <span class='ocr_line' id='line_1_107' title="bbox 1939 4825 3511 4896; baseline -0.004 -13"><span class='ocrx_word' id='word_1_755' title='bbox 1939 4829 2311 4896; x_wconf 78' lang='lat' dir='ltr'><strong>inspicientes,</strong></span> <span class='ocrx_word' id='word_1_756' title='bbox 2344 4841 2528 4894; x_wconf 89' lang='lat' dir='ltr'><strong>pacem</strong></span> <span class='ocrx_word' id='word_1_757' title='bbox 2564 4826 2705 4879; x_wconf 90' lang='lat' dir='ltr'><strong>hanc</strong></span> <span class='ocrx_word' id='word_1_758' title='bbox 2729 4826 2931 4894; x_wconf 91' lang='lat' dir='ltr'><strong>apertis</strong></span> <span class='ocrx_word' id='word_1_759' title='bbox 2967 4825 3109 4878; x_wconf 86' lang='lat' dir='ltr'><strong>ulnis</strong></span> <span class='ocrx_word' id='word_1_760' title='bbox 3134 4825 3511 4893; x_wconf 78' lang='lat' dir='ltr'><strong>excipiendam</strong></span> 
     </span>
    </p>
   </div>
   <div class='ocr_carea' id='block_1_108' title="bbox 1937 4917 3512 4976">
    <p class='ocr_par' dir='ltr' id='par_1_108' title="bbox 1937 4917 3512 4976">
     <span class='ocr_line' id='line_1_108' title="bbox 1937 4917 3512 4976; baseline -0.003 -4"><span class='ocrx_word' id='word_1_761' title='bbox 1937 4937 2059 4976; x_wconf 72' lang='lat' dir='ltr'><strong>esse</strong></span> <span class='ocrx_word' id='word_1_762' title='bbox 2101 4920 2344 4974; x_wconf 88' lang='lat' dir='ltr'><strong>arbitrati</strong></span> <span class='ocrx_word' id='word_1_763' title='bbox 2387 4934 2604 4975; x_wconf 89' lang='lat' dir='ltr'><strong>sumus.</strong></span> <span class='ocrx_word' id='word_1_764' title='bbox 2659 4918 2710 4971; x_wconf 89' lang='lat' dir='ltr'><strong>Id</strong></span> <span class='ocrx_word' id='word_1_765' title='bbox 2743 4918 2789 4972; x_wconf 90' lang='lat' dir='ltr'><strong>si</strong></span> <span class='ocrx_word' id='word_1_766' title='bbox 2824 4919 2980 4972; x_wconf 77' lang='lat' dir='ltr'><strong>aliter</strong></span> <span class='ocrx_word' id='word_1_767' title='bbox 3031 4917 3309 4970; x_wconf 90' lang='lat' dir='ltr'><strong>nonnullis</strong></span> <span class='ocrx_word' id='word_1_768' title='bbox 3340 4918 3512 4969; x_wconf 80' lang='lat' dir='ltr'><strong>visum</strong></span> 
     </span>
    </p>
   </div>
   <div class='ocr_carea' id='block_1_109' title="bbox 1939 5006 3517 5076">
    <p class='ocr_par' dir='ltr' id='par_1_109' title="bbox 1939 5006 3517 5076">
     <span class='ocr_line' id='line_1_109' title="bbox 1939 5006 3517 5076; baseline -0.006 -11"><span class='ocrx_word' id='word_1_769' title='bbox 1939 5011 2126 5075; x_wconf 89' lang='lat' dir='ltr'><strong>fuerit,</strong></span> <span class='ocrx_word' id='word_1_770' title='bbox 2156 5012 2229 5064; x_wconf 91' lang='lat' dir='ltr'><strong>uil</strong></span> <span class='ocrx_word' id='word_1_771' title='bbox 2266 5021 2448 5064; x_wconf 83' lang='lat' dir='ltr'><strong>nostra</strong></span> <span class='ocrx_word' id='word_1_772' title='bbox 2489 5009 2676 5064; x_wconf 88' lang='lat' dir='ltr'><strong>refert.</strong></span> <span class='ocrx_word' id='word_1_773' title='bbox 2727 5010 2882 5075; x_wconf 85' lang='lat' dir='ltr'><strong>Quod</strong></span> <span class='ocrx_word' id='word_1_774' title='bbox 2917 5011 2959 5064; x_wconf 89' lang='lat' dir='ltr'><strong>si</strong></span> <span class='ocrx_word' id='word_1_775' title='bbox 2998 5009 3062 5062; x_wconf 88' lang='lat' dir='ltr'><strong>ad</strong></span> <span class='ocrx_word' id='word_1_776' title='bbox 3101 5006 3328 5061; x_wconf 79' lang='lat' dir='ltr'><strong>Romani</strong></span> <span class='ocrx_word' id='word_1_777' title='bbox 3364 5010 3517 5076; x_wconf 70' lang='lat' dir='ltr'><strong>prin.</strong></span> 
     </span>
    </p>
   </div>
   <div class='ocr_carea' id='block_1_110' title="bbox 1936 5101 3512 5172">
    <p class='ocr_par' dir='ltr' id='par_1_110' title="bbox 1936 5101 3512 5172">
     <span class='ocr_line' id='line_1_110' title="bbox 1936 5101 3512 5172; baseline -0.006 -12"><span class='ocrx_word' id='word_1_778' title='bbox 1936 5106 2148 5172; x_wconf 91' lang='lat' dir='ltr'><strong>cipatus</strong></span> <span class='ocrx_word' id='word_1_779' title='bbox 2186 5119 2269 5157; x_wconf 90' lang='lat' dir='ltr'><strong>rcs</strong></span> <span class='ocrx_word' id='word_1_780' title='bbox 2295 5104 2584 5158; x_wconf 64' lang='lat' dir='ltr'><strong>saculares</strong></span> <span class='ocrx_word' id='word_1_781' title='bbox 2624 5104 2866 5156; x_wconf 90' lang='lat' dir='ltr'><strong>animum</strong></span> <span class='ocrx_word' id='word_1_782' title='bbox 2901 5101 3272 5161; x_wconf 86' lang='lat' dir='ltr'><strong>advertamus,</strong></span> <span class='ocrx_word' id='word_1_783' title='bbox 3306 5105 3354 5152; x_wconf 91' lang='lat' dir='ltr'><strong>id</strong></span> <span class='ocrx_word' id='word_1_784' title='bbox 3383 5116 3512 5152; x_wconf 73' lang='lat' dir='ltr'><strong>vero</strong></span> 
     </span>
    </p>
   </div>
   <div class='ocr_carea' id='block_1_111' title="bbox 1937 5191 3509 5261">
    <p class='ocr_par' dir='ltr' id='par_1_111' title="bbox 1937 5191 3509 5261">
     <span class='ocr_line' id='line_1_111' title="bbox 1937 5191 3509 5261; baseline -0.003 -12"><span class='ocrx_word' id='word_1_785' title='bbox 1937 5196 2118 5250; x_wconf 88' lang='lat' dir='ltr'><strong>dicere</strong></span> <span class='ocrx_word' id='word_1_786' title='bbox 2151 5210 2257 5249; x_wconf 91' lang='lat' dir='ltr'><strong>non</strong></span> <span class='ocrx_word' id='word_1_787' title='bbox 2291 5210 2605 5261; x_wconf 85' lang='lat' dir='ltr'><strong>possumus,</strong></span> <span class='ocrx_word' id='word_1_788' title='bbox 2651 5193 2723 5245; x_wconf 88' lang='lat' dir='ltr'><strong>nil</strong></span> <span class='ocrx_word' id='word_1_789' title='bbox 2753 5203 2934 5246; x_wconf 88' lang='lat' dir='ltr'><strong>nostra</strong></span> <span class='ocrx_word' id='word_1_790' title='bbox 2969 5191 3192 5244; x_wconf 89' lang='lat' dir='ltr'><strong>referre.</strong></span> <span class='ocrx_word' id='word_1_791' title='bbox 3231 5192 3436 5244; x_wconf 75' lang='lat' dir='ltr'><strong>Etenim</strong></span> <span class='ocrx_word' id='word_1_792' title='bbox 3465 5192 3509 5244; x_wconf 84' lang='lat' dir='ltr'><strong>si</strong></span> 
     </span>
    </p>
   </div>
   <div class='ocr_carea' id='block_1_112' title="bbox 1936 5285 3513 5357">
    <p class='ocr_par' dir='ltr' id='par_1_112' title="bbox 1936 5285 3513 5357">
     <span class='ocr_line' id='line_1_112' title="bbox 1936 5285 3513 5357; baseline -0.004 -15"><span class='ocrx_word' id='word_1_793' title='bbox 1936 5289 2102 5357; x_wconf 90' lang='lat' dir='ltr'><strong>juste.</strong></span> <span class='ocrx_word' id='word_1_794' title='bbox 2143 5297 2197 5341; x_wconf 91' lang='lat' dir='ltr'><strong>et</strong></span> <span class='ocrx_word' id='word_1_795' title='bbox 2252 5296 2475 5357; x_wconf 86' lang='lat' dir='ltr'><strong>prOpter</strong></span> <span class='ocrx_word' id='word_1_796' title='bbox 2505 5285 2710 5354; x_wconf 82' lang='lat' dir='ltr'><strong>aliquid</strong></span> <span class='ocrx_word' id='word_1_797' title='bbox 2747 5296 2945 5338; x_wconf 60' lang='lat' dir='ltr'><strong>nostra!</strong></span> <span class='ocrx_word' id='word_1_798' title='bbox 2974 5285 3156 5353; x_wconf 79' lang='lat' dir='ltr'><strong>pietati</strong></span> <span class='ocrx_word' id='word_1_799' title='bbox 3202 5285 3513 5336; x_wconf 73' lang='lat' dir='ltr'><strong>conducens</strong></span> 
     </span>
    </p>
   </div>
   <div class='ocr_carea' id='block_1_113' title="bbox 1940 5377 3514 5444">
    <p class='ocr_par' dir='ltr' id='par_1_113' title="bbox 1940 5377 3514 5444">
     <span class='ocr_line' id='line_1_113' title="bbox 1940 5377 3514 5444; baseline -0.003 -10"><span class='ocrx_word' id='word_1_800' title='bbox 1940 5394 2062 5434; x_wconf 91' lang='lat' dir='ltr'><strong>cum</strong></span> <span class='ocrx_word' id='word_1_801' title='bbox 2114 5379 2355 5433; x_wconf 78' lang='lat' dir='ltr'><strong>Romana</strong></span> <span class='ocrx_word' id='word_1_802' title='bbox 2415 5377 2652 5430; x_wconf 78' lang='lat' dir='ltr'><strong>Ecclesia</strong></span> <span class='ocrx_word' id='word_1_803' title='bbox 2697 5392 2876 5444; x_wconf 75' lang='lat' dir='ltr'><strong>pugna</strong></span> <span class='ocrx_word' id='word_1_804' title='bbox 2927 5385 3178 5444; x_wconf 88' lang='lat' dir='ltr'><strong>suscepta</strong></span> <span class='ocrx_word' id='word_1_805' title='bbox 3217 5386 3317 5438; x_wconf 89' lang='lat' dir='ltr'><strong>est,</strong></span> <span class='ocrx_word' id='word_1_806' title='bbox 3351 5377 3514 5443; x_wconf 86' lang='lat' dir='ltr'><strong>cujus</strong></span> 
     </span>
    </p>
   </div>
   <div class='ocr_carea' id='block_1_114' title="bbox 1939 5466 3512 5536">
    <p class='ocr_par' dir='ltr' id='par_1_114' title="bbox 1939 5466 3512 5536">
     <span class='ocr_line' id='line_1_114' title="bbox 1939 5466 3512 5536; baseline -0.002 -13"><span class='ocrx_word' id='word_1_807' title='bbox 1939 5485 2102 5524; x_wconf 84' lang='lat' dir='ltr'><strong>causa</strong></span> <span class='ocrx_word' id='word_1_808' title='bbox 2163 5479 2240 5523; x_wconf 87' lang='lat' dir='ltr'><strong>tot</strong></span> <span class='ocrx_word' id='word_1_809' title='bbox 2284 5479 2541 5536; x_wconf 84' lang='lat' dir='ltr'><strong>tantaque</strong></span> <span class='ocrx_word' id='word_1_810' title='bbox 2598 5466 2736 5519; x_wconf 86' lang='lat' dir='ltr'><strong>mala</strong></span> <span class='ocrx_word' id='word_1_811' title='bbox 2786 5468 2839 5519; x_wconf 90' lang='lat' dir='ltr'><strong>in</strong></span> <span class='ocrx_word' id='word_1_812' title='bbox 2873 5482 2974 5521; x_wconf 89' lang='lat' dir='ltr'><strong>nos</strong></span> <span class='ocrx_word' id='word_1_813' title='bbox 3018 5467 3358 5535; x_wconf 75' lang='lat' dir='ltr'><strong>ingruerunt,</strong></span> <span class='ocrx_word' id='word_1_814' title='bbox 3391 5483 3512 5534; x_wconf 60' lang='lat' dir='ltr'><strong>qun</strong></span> 
     </span>
    </p>
   </div>
   <div class='ocr_carea' id='block_1_115' title="bbox 1943 5556 3514 5628">
    <p class='ocr_par' dir='ltr' id='par_1_115' title="bbox 1943 5556 3514 5628">
     <span class='ocr_line' id='line_1_115' title="bbox 1943 5556 3514 5628; baseline -0.003 -13"><span class='ocrx_word' id='word_1_815' title='bbox 1943 5578 2048 5615; x_wconf 90' lang='lat' dir='ltr'><strong>non</strong></span> <span class='ocrx_word' id='word_1_816' title='bbox 2075 5573 2155 5615; x_wconf 90' lang='lat' dir='ltr'><strong>est</strong></span> <span class='ocrx_word' id='word_1_817' title='bbox 2200 5559 2485 5628; x_wconf 72' lang='lat' dir='ltr'><strong>prtesentis</strong></span> <span class='ocrx_word' id='word_1_818' title='bbox 2536 5559 2736 5623; x_wconf 69' lang='lat' dir='ltr'><strong>negotii</strong></span> <span class='ocrx_word' id='word_1_819' title='bbox 2785 5559 2967 5612; x_wconf 87' lang='lat' dir='ltr'><strong>dicere</strong></span> <span class='ocrx_word' id='word_1_820' title='bbox 2997 5600 3010 5618; x_wconf 95' lang='lat'><strong>,</strong></span> <span class='ocrx_word' id='word_1_821' title='bbox 3045 5567 3097 5610; x_wconf 88' lang='lat' dir='ltr'><strong>ct</strong></span> <span class='ocrx_word' id='word_1_822' title='bbox 3130 5556 3267 5610; x_wconf 88' lang='lat' dir='ltr'><strong>forte</strong></span> <span class='ocrx_word' id='word_1_823' title='bbox 3294 5558 3361 5610; x_wconf 90' lang='lat' dir='ltr'><strong>ab</strong></span> <span class='ocrx_word' id='word_1_824' title='bbox 3393 5557 3514 5610; x_wconf 87' lang='lat' dir='ltr'><strong>aliis</strong></span> 
     </span>
    </p>
   </div>
   <div class='ocr_carea' id='block_1_116' title="bbox 1939 5649 3513 5718">
    <p class='ocr_par' dir='ltr' id='par_1_116' title="bbox 1939 5649 3513 5718">
     <span class='ocr_line' id='line_1_116' title="bbox 1939 5649 3513 5718; baseline -0.003 -14"><span class='ocrx_word' id='word_1_825' title='bbox 1939 5667 2126 5704; x_wconf 86' lang='lat' dir='ltr'><strong>eorum</strong></span> <span class='ocrx_word' id='word_1_826' title='bbox 2164 5649 2386 5702; x_wconf 85' lang='lat' dir='ltr'><strong>historia</strong></span> <span class='ocrx_word' id='word_1_827' title='bbox 2412 5649 2615 5718; x_wconf 88' lang='lat' dir='ltr'><strong>scripto</strong></span> <span class='ocrx_word' id='word_1_828' title='bbox 2636 5649 2958 5702; x_wconf 88' lang='lat' dir='ltr'><strong>demandata</strong></span> <span class='ocrx_word' id='word_1_829' title='bbox 3005 5658 3088 5701; x_wconf 88' lang='lat' dir='ltr'><strong>est</strong></span> <span class='ocrx_word' id='word_1_830' title='bbox 3111 5686 3125 5707; x_wconf 90' lang='lat'><strong>,</strong></span> <span class='ocrx_word' id='word_1_831' title='bbox 3169 5662 3269 5702; x_wconf 90' lang='lat' dir='ltr'><strong>nos</strong></span> <span class='ocrx_word' id='word_1_832' title='bbox 3295 5662 3513 5716; x_wconf 79' lang='lat' dir='ltr'><strong>quoque</strong></span> 
     </span>
    </p>
   </div>
   <div class='ocr_carea' id='block_1_117' title="bbox 1939 5740 3508 5812">
    <p class='ocr_par' dir='ltr' id='par_1_117' title="bbox 1939 5740 3508 5812">
     <span class='ocr_line' id='line_1_117' title="bbox 1939 5740 3508 5812; baseline -0.004 -16"><span class='ocrx_word' id='word_1_833' title='bbox 1939 5759 2046 5798; x_wconf 91' lang='lat' dir='ltr'><strong>una</strong></span> <span class='ocrx_word' id='word_1_834' title='bbox 2073 5759 2194 5798; x_wconf 90' lang='lat' dir='ltr'><strong>cum</strong></span> <span class='ocrx_word' id='word_1_835' title='bbox 2235 5741 2519 5812; x_wconf 87' lang='lat' dir='ltr'><strong>propensis</strong></span> <span class='ocrx_word' id='word_1_836' title='bbox 2571 5741 2637 5794; x_wconf 88' lang='lat' dir='ltr'><strong>ad</strong></span> <span class='ocrx_word' id='word_1_837' title='bbox 2681 5742 2998 5795; x_wconf 90' lang='lat' dir='ltr'><strong>scandalum</strong></span> <span class='ocrx_word' id='word_1_838' title='bbox 3050 5740 3508 5802; x_wconf 79' lang='lat' dir='ltr'><strong>conveniremus;</strong></span> 
     </span>
    </p>
   </div>
   <div class='ocr_carea' id='block_1_118' title="bbox 1939 5830 3506 5904">
    <p class='ocr_par' dir='ltr' id='par_1_118' title="bbox 1939 5830 3506 5904">
     <span class='ocr_line' id='line_1_118' title="bbox 1939 5830 3506 5904; baseline -0.004 -11"><span class='ocrx_word' id='word_1_839' title='bbox 1939 5838 2032 5893; x_wconf 82' lang='lat' dir='ltr'><strong>sed</strong></span> <span class='ocrx_word' id='word_1_840' title='bbox 2058 5853 2178 5892; x_wconf 87' lang='lat' dir='ltr'><strong>cum</strong></span> <span class='ocrx_word' id='word_1_841' title='bbox 2219 5835 2364 5890; x_wconf 89' lang='lat' dir='ltr'><strong>nulla</strong></span> <span class='ocrx_word' id='word_1_842' title='bbox 2389 5834 2534 5904; x_wconf 85' lang='lat' dir='ltr'><strong>justa</strong></span> <span class='ocrx_word' id='word_1_843' title='bbox 2567 5833 2631 5890; x_wconf 85' lang='lat' dir='ltr'><strong>de</strong></span> <span class='ocrx_word' id='word_1_844' title='bbox 2670 5848 2831 5891; x_wconf 83' lang='lat' dir='ltr'><strong>causa</strong></span> <span class='ocrx_word' id='word_1_845' title='bbox 2860 5871 2877 5898; x_wconf 89' lang='lat'><strong>,</strong></span> <span class='ocrx_word' id='word_1_846' title='bbox 2923 5833 3016 5890; x_wconf 81' lang='lat' dir='ltr'><strong>scd</strong></span> <span class='ocrx_word' id='word_1_847' title='bbox 3054 5849 3115 5888; x_wconf 75' lang='lat' dir='ltr'><strong>cx</strong></span> <span class='ocrx_word' id='word_1_848' title='bbox 3155 5831 3265 5886; x_wconf 82' lang='lat' dir='ltr'><strong>sola</strong></span> <span class='ocrx_word' id='word_1_849' title='bbox 3295 5830 3506 5886; x_wconf 69' lang='lat' dir='ltr'><strong>Satanae</strong></span> 
     </span>
    </p>
   </div>
  </div>
