4202 6444
703 377 769 442 3i
1755 384 1964 448 JOAN‘.
2007 387 2216 445 VECCI
2257 386 2366 445 CP.
2413 385 2921 446 PATRIARCIL’E
3881 383 3952 447 32

704 492 938 552 litatem,
969 490 1062 544 sed
1113 506 1309 546 sensus
1358 496 1834 566 cogitationesque
1878 500 2094 568 pictatis
2124 500 2278 554 exhi-

2389 503 2489 568 πὴν
2520 501 2745 570 θολεράν
2775 499 2868 552 τοῦ
2899 499 3147 567 πλησίον,
3183 498 3256 561 ὡς
3286 498 3610 570 φθονοῦντες
3640 501 3706 570 τῇ
3734 499 3950 572 εἰρήνῃ,

704 583 856 636 bere.
917 581 1052 636 Nam
1106 587 1197 652 qni
1227 585 1297 638 ita
1336 587 1509 640 affecti
1565 605 1673 642 non
1727 601 1877 652 sunt,
1909 591 2002 644 scd
2038 600 2274 644 tantum-

705 678 870 730 modo
903 691 1067 746 super
1101 677 1408 732 istiusmodi
1447 682 1655 734 vocnlis
1708 683 2057 736 contentiose
2091 683 2273 735 rixan—

708 778 820 832 tur,
878 778 932 820 et
983 769 1128 822 aliud
1167 770 1446 839 quidpiam
1495 781 1858 842 prteterquam
1903 774 2048 842 quod
2088 772 2281 828 Nicaeae

708 859 974 928 set-iptutn
1030 872 1134 925 ρει,
1185 865 1496 930 requir-unt,
1553 865 1605 918 hi
1658 864 1902 934 profecto
1950 865 2084 919 nihil
2128 865 2276 918 aliud

708 959 898 1016 agunt,
931 967 1094 1020 quam
1129 953 1274 1020 quod
1313 955 1575 1022 proximis
1604 955 1717 1009 suis
1747 955 2024 1009 turbidam
2053 957 2282 1010 subver-

707 1058 920 1095 stonem
951 1047 1242 1112 propitiant
1275 1057 1331 1100 ιιι
1364 1049 1590 1112 inimici,
1625 1058 1678 1102 et
1709 1050 2106 1102 discordiarum
2140 1049 2281 1103 schi-

708 1141 1054 1201 smatumque
1083 1137 1449 1191 aemulatores.
1487 1156 1506 1188 ι
1533 1138 1685 1190 Item:
1721 1158 1738 1189 ι
1775 1138 2030 1206 Impietas
2061 1137 2277 1206 quidem

709 1224 886 1275 modis
914 1225 1173 1279 omnibus
1208 1229 1525 1297 abrogatur,
1561 1231 1686 1283 licet
1726 1245 1844 1282 eam
1882 1231 2050 1282 variis
2077 1227 2280 1289 verbis,

708 1323 762 1367 ct
791 1316 1169 1382 probabilibus
1218 1321 1504 1386 argutiolis
1553 1322 1966 1376 circumvcstire
2002 1321 2126 1390 quis
2161 1329 2284 1373 teu-

711 1418 802 1461 tet.
841 1407 1099 1463 l'ietatem
1131 1421 1312 1465 autem
1348 1416 1528 1468 colere
1566 1413 1774 1482 justum
1806 1429 1996 1467 omnes
2025 1413 2287 1466 conliten-

711 1509 822 1560 tur,
875 1502 978 1554 etsi
1023 1505 1331 1572 peregrinis
1381 1504 1709 1574 quihusdam
1765 1506 1990 1558 vocibus
2033 1515 2283 1573 utantur,

708 1589 1008 1644 dummodo
1041 1593 1232 1648 dicens
1262 1596 1405 1662 piam
1446 1596 1770 1650 sententiam
1811 1601 2016 1659 teneat,
2048 1596 2285 1665 illisque,

712 1685 854 1751 quod
889 1684 942 1736 in
976 1686 1164 1739 animo
1194 1688 1375 1748 habet,
1417 1689 1501 1756 pie
1556 1690 1823 1742 enuntiet.
1863 1709 1880 1740 ι
1933 1687 2288 1758 Rursumque

711 1785 832 1842 post
859 1778 998 1829 alia:
1033 1797 1050 1829 t
1075 1777 1280 1848 Itaque,
1305 1780 1348 1833 si
1369 1779 1532 1834 verba
1567 1781 1654 1834 isti
1681 1781 1793 1834 haec
1816 1781 1980 1834 veluti
2001 1780 2286 1849 peregrina

2379 590 2475 644 καὶ
2505 589 2826 656 ἀγαπῶντες
2859 588 2926 640 τά
2964 591 3258 658 σχίσματα.
3302 606 3320 638 ι
3374 588 3484 641 Καὶ
3532 589 3613 641 ἔτι
3637 606 3652 622 ο
3693 607 3712 641 ι
3747 588 3820 642 Τὸ
3857 590 3954 656 μὲν

2379 683 2596 736 ἀσεϐεῖν
2626 681 2904 744 παντελῶς
2932 679 3261 736 κεκώλυται.
3301 685 3407 733 xiv
3441 681 3707 744 ποικίλοις
3743 683 3955 752 ῥήμασι

2378 775 2475 828 καὶ
2521 774 2766 836 πιθανοῖς
2822 773 3143 844 σοφίσμασι(
3164 773 3514 844 περιϐάλλειν
3543 772 3674 826 αὐτό
3720 789 3804 834 τις
3837 775 3957 825 imo

2377 865 2535 934 χειρῇ
2567 878 2580 892 ο
2622 863 2680 916 τὸ
2709 861 2764 914 δὲ
2803 863 3050 915 εὐσεϐεῖν
3084 843 3421 940 ὄσᾷονπαρά
3459 865 3627 916 πᾶσιν
3673 863 3958 932 ὡμολόγη-

2378 969 2488 1012 ται.
2519 952 2620 1005 κᾶν
2653 951 2988 1016 ξενιζούσαις
3012 953 3190 1016 λέξεσί
3221 969 3328 1006 τισι
3353 954 3638 1024 χρήσεται,
3663 953 3766 1013 ἕως
3799 953 3958 1021 μόνον

2379 1047 2409 1097 ὁ
2443 1045 2618 1112 λέγων
2647 1045 2869 1107 εὐσεϐὲς
2899 1045 3011 1115 ἔχει
3054 1045 3112 1096 τὸ
3148 1047 3405 1114 φρόνημα.
3453 1045 3547 1099 καὶ
3575 1045 3642 1098 δι’
3691 1045 3896 1101 αὐτῶν.
3929 1045 3958 1096 ὃ

2379 1137 2661 1205 νενόηκεν,
2691 1135 2932 1198 εὐσεϐῶς
2960 1137 3208 1206 βούλεται
3243 1137 3549 1204 σημαίνειν.
3589 1155 3607 1188 ι
3654 1137 3764 1188 Καὶ
3803 1135 3960 1198 αὖθις

2387 1228 2505 1298 μεθ’
2537 1229 2700 1298 ἕτερα
2721 1244 2735 1259 ·
2776 1248 2795 1280 t
2833 1227 3042 1280 Οὐκοῦν
3073 1230 3120 1281 εί
3150 1228 3216 1280 τά
3258 1229 3480 1296 ῥήματα
3510 1228 3684 1280 ταῦτα
3724 1226 3799 1287 ὡς
3832 1227 3959 1290 ξένα

2383 1317 2813 1387 προφασίζονται
2840 1313 3006 1378 οὗτοι,
3033 1318 3404 1388 φρονείτωσαν
3436 1317 3535 1387 τὴν
3559 1318 3817 1372 διάνοιαν.
3843 1317 3963 1370 καθ’

2383 1411 2447 1477 ἣν
2476 1412 2507 1478 ἡ
2545 1409 2755 1470 σύνοδος
2791 1407 2964 1472 οὕτως
2995 1407 3262 1475 ἔγραψεν
3296 1408 3441 1470 “Ott,
3465 1408 3517 1459 εἰ
3550 1407 3644 1460 καὶ
3677 1407 3753 1476 μὴ
3791 1405 3964 1468 οὕτως

2385 1504 2442 1552 ὲν
2465 1505 2582 1562 ταῖς,
2617 1501 2858 1570 Γραφαῖς
2885 1501 3022 1552 εἰσιν
3047 1501 3101 1552 al
3126 1497 3318 1563 λέξεις,
3344 1499 3502 1565 ἀλλά,
3530 1498 3784 1569 καθάπερ
3812 1498 3965 1568 εἴρη-

2386 1611 2473 1646 ται
2499 1594 2789 1662 πρότερον,
2818 1590 2920 1658 τὴν
2961 1593 3026 1643 ἐκ
3063 1592 3173 1643 τῶν
3207 1591 3440 1661 Γραφῶν
3470 1590 3711 1642 διάνοιαν
3760 1590 3963 1658 ἔχουσι,

2387 1685 2480 1736 καὶ
2524 1682 2729 1749 ταύτην
2771 1680 3185 1751 ἐκφωνούμεναι
3220 1681 3548 1750 σημαίνουσι
3593 1683 3704 1744 τοῖς
3752 1679 3965 1750 ἔχουσιν

2389 1775 2471 1835 εἰς
2505 1773 2792 1826 εὐσέϐειαν
2824 1773 2929 1844 ’τὴν
2962 1774 3133 1841 ἀκοὴν
3161 1772 3482 1842 ὁλόκληρον.
3519 1791 3538 1824 ι

708 1871 1048 1939 ahjttdicant,
1093 1884 1314 1929 teneant
1359 1877 1714 1938 sententiam,
1769 1878 2072 1931 secundum
2120 1892 2284 1944 quam
2350 1874 2598 1944 synodus
2636 1873 2710 1926 ita
2758 1871 3000 1940 scripsit,
3069 1869 3217 1939 quod
3271 1870 3399 1924 licet
3443 1885 3608 1923 voces
3651 1885 3759 1923 non
3807 1869 3880 1923 ita
3915 1870 3965 1922 in

707 1965 1002 2031 scriptione
1048 1967 1413 2035 reperiantur,
1463 1968 1582 2032 sed,
1634 1976 1692 2022 ut
1731 1978 1888 2023 antea
1933 1971 2140 2023 dictum
2174 1977 2278 2031 est,
2313 1981 2383 2019 ex
2444 1964 2745 2030 scriptione
2822 1963 3150 2017 sententiam
3196 1963 3526 2028 sortiantur,
3570 1979 3803 2034 eamque
3839 1981 3970 2036 pro-

708 2063 975 2117 nuntiata:
1005 2063 1319 2132 signiﬁcant
1345 2066 1486 2134 apud
1523 2082 1642 2131 eos,
1674 2068 1766 2138 qui
1793 2066 1984 2136 pietati
2010 2080 2170 2120 aures
2203 2064 2443 2132 integras
2472 2071 2888 2116 conservarunt.
2923 2079 2942 2112 ι

776 2153 914 2220 Quis
947 2156 1112 2222 igitur
1149 2155 1297 2210 hisce
1332 2157 1437 2210 ﬁde
1465 2158 1766 2227 digniorem
1813 2160 2002 2221 aliam,
2033 2168 2132 2212 aut
2158 2159 2272 2212 cla-

2448 2154 2548 2216 Τίς
2578 2155 2756 2206 τοίνυν
2782 2153 2893 2206 τῶν
2911 2153 3170 2207 τοιούτων
3195 2151 3650 2224 ἀξιοπιστοτέραν
3677 2155 3849 2225 ἄλλην
3871 2159 3967 2210 καὶ

706 2248 911 2302 riorem
944 2250 1251 2302 doctrinam
1283 2259 1512 2319 queret,
1551 2267 1660 2305 non
1691 2267 1815 2306 esse
1841 2253 2071 2306 vocibus
2101 2259 2284 2304 atten-

710 2341 972 2404 dendum,
1052 2342 1350 2396 dummodo
1405 2344 1652 2398 eamdem
1708 2346 2033 2399 sententiam
2098 2344 2287 2413 expri-

709 2442 880 2498 tnant,
915 2435 1042 2488 licet
1071 2435 1347 2489 Sermonis
1373 2436 1757 2491 articulatione
1781 2438 2011 2491 multum
2039 2434 2285 2490 varient?

705 2524 1014 2594 Dijudicata
1085 2529 1369 2580 amborum
1447 2527 1828 2597 professione,
1883 2539 2282 2597 perspectoque

711 2617 956 2670 unanimi
999 2633 1298 2679 consensu,
1344 2619 1614 2672 dictiones
1665 2620 1890 2688 recepit,
1940 2621 2077 2673 nihil
2128 2619 2287 2672 lia-si-

711 2719 855 2772 taus,
896 2722 1072 2776 neque
1107 2708 1495 2772 reformidans,
1521 2719 1576 2764 ct
1607 2720 1788 2765 tamen
1820 2712 2286 2779 pronuntiationis

711 2812 846 2850 sono
897 2798 998 2850 sibi
1034 2798 1305 2852 adversari
1353 2799 1699 2864 videbantur,
1761 2803 1866 2854 nisi
1900 2801 2015 2870 ipse
2051 2813 2169 2857 cate
2197 2817 2286 2856 sa-

709 2889 1030 2958 pienterque
1091 2892 1433 2946 examinatas
1492 2892 1829 2947 admisisset.
1888 2892 2005 2948 Non
2041 2905 2145 2958 est,
2187 2895 2284 2958 ait,

707 2985 1027 3035 certandum
1071 2983 1249 3036 verbis
1299 2983 1351 3036 in
1389 2999 1446 3038 re
1494 2999 1606 3038 non
1649 2985 1912 3053 prolicua,
1953 3001 2131 3056 neque
2188 3002 2284 3040 vo-

708 3073 852 3127 culis
881 3075 1344 3137 contendendum,
1371 3091 1438 3129 ne
1462 3077 1590 3144 quis
1615 3077 1832 3130 turbida
1875 3082 2160 3133 eversione
2186 3095 2286 3148 po-

713 3176 828 3218 tare
858 3168 1167 3233 proximum
1202 3168 1475 3232 videatur,
1518 3177 1572 3223 et
1603 3171 1721 3238 paci
1757 3170 2026 3236 invidere,
2055 3181 2110 3225 et
2150 3187 2286 3226 con-

713 3259 859 3310 sulto
897 3258 1191 3311 schismata
1239 3261 1524 3329 aucupari.
1577 3259 1644 3314 Et
1677 3262 1742 3314 ad
1781 3262 1883 3315 hoc
1910 3263 2130 3331 quidem
2163 3279 2288 3333 per-

713 3349 1056 3403 suadendum
1109 3350 1460 3404 laudabiliter
1506 3367 1615 3406 non
1653 3354 1859 3407 nemini
1911 3355 2045 3409 satis
2099 3371 2288 3423 super-

712 3458 822 3510 que
861 3443 1057 3496 fuisset
1101 3443 1201 3496 viri
1253 3443 1388 3497 tanti
1421 3444 1505 3498 vel
1562 3444 1677 3498 sola
1727 3446 2051 3509 reverentia,
2099 3463 2278 3515 neque

715 3535 1090 3588 testimonium
1126 3535 1272 3588 aliud
1304 3537 1440 3590 bene
1483 3538 1688 3590 dicenti
1719 3539 2133 3608 superadderct.
2177 3541 2290 3608 Ego

710 3642 842 3680 vero
891 3630 983 3680 tibi
1016 3636 1070 3680 ct
1125 3643 1382 3696 magnum
1434 3628 1578 3683 iuter
1626 3630 1911 3699 theologos
1961 3631 2290 3701 Gregorium

708 3733 852 3784 opus
880 3717 981 3771 hoc
1013 3721 1336 3773 οεοοιιυιιιίιιι
1377 3720 1614 3774 summis
1649 3720 1907 3776 laudibus
1935 3723 2288 3776 extollentem

710 3809 768 3861 in
821 3813 1059 3863 medium
1106 3811 1397 3878 proferam.
1435 3812 1574 3867 Cum
1613 3812 1759 3867 enim
1802 3813 1904 3868 sibi
1968 3825 2290 3883 argumenta

714 3903 1044 3958 laudationis
1085 3905 1414 3959 instituisset
1443 3921 1611 3973 supra
1650 3905 1809 3969 alios,
1854 3907 1977 3960 vitae
2008 3921 2202 3976 genus,
2237 3914 2293 3960 et

719 3997 773 4047 in
807 3998 1152 4051 sermonibus
1186 3999 1426 4056 hoauinis
1468 4002 1634 4064 vires,
1678 4003 1780 4056 hoc
1812 4002 1956 4056 inter
1999 4003 2148 4057 illius
2179 4002 2294 4055 lau-

711 4089 809 4140 des
845 4089 1192 4157 petiSsimum
1222 4102 1655 4158 commemorat;
1699 4097 1962 4167 quodhut
2001 4095 2146 4149 illius
2174 4111 2295 4149 ver-

713 4181 799 4233 bis
833 4192 976 4246 utar,
1012 4199 1030 4231 t
1071 4183 1342 4236 ambabus
1386 4186 1632 4251 partibus
1659 4186 1853 4240 accitis
1896 4186 2089 4240 leniter
2111 4195 2167 4240 et
2201 4187 2293 4240 bc-

715 4275 899 4343 rigne,
952 4275 1354 4344 verborumque
1387 4279 1655 4331 sententia
1701 4279 1988 4347 diligenter
2029 4289 2086 4332 et
2129 4293 2292 4330 accu-

713 4372 833 4416 rate
916 4379 1203 4434 perpensa,
1307 4377 1666 4435 posteaquam
1717 4370 2018 4423 concordes
2067 4371 2292 4438 reperit,

718 4471 838 4516 nec,
884 4469 1149 4524 quantum
1202 4459 1267 4513 ad
1313 4459 1644 4521 doctrinam,
1681 4460 1794 4513 ullo
1841 4461 2005 4514 modo
2049 4462 2191 4515 inter
2236 4477 2294 4514 se

716 4549 1072 4614 dissidentes,
1124 4553 1194 4603 ita
1247 4554 1522 4620 negotium
1577 4555 1862 4623 transegit,
1909 4564 1967 4608 ttt
2008 4555 2292 4608 nominum

718 4658 879 4694 usum
944 4646 1271 4708 concedens,
1340 4647 1506 4702 rebus
1549 4663 1646 4701 eos
1689 4648 2108 4718 constringeret.
2150 4647 2291 4701 Nam

717 4749 839 4785 cum
870 4737 1105 4788 essentia
1143 4753 1274 4799 una,
1318 4738 1512 4806 inquit.
1546 4747 1601 4790 et
1632 4749 1751 4792 tres
1779 4740 2097 4808 b'ypostases
2128 4757 2158 4794 ι
2197 4757 2296 4794 no-

717 4825 801 4879 bis
829 4827 913 4894 pie
945 4829 1278 4884 docerentur
1313 4830 1481 4899 (quod
1517 4831 1750 4884 alterum
1785 4831 2097 4886 Divinitatis
2135 4843 2292 4892 natu-

2392 2246 2732 2314 σαφεστέραν
2753 2244 2976 2314 διδαχὴν
3009 2245 3320 2316 ὲκζητήσει,
3355 2246 3430 2310 ὡς
3461 2247 3523 2299 οὐ
3551 2247 3634 2298 δεῖ
3661 2265 3770 2300 τισι
3798 2265 3969 2318 προσ-

2393 2337 2540 2406 έχειν
2590 2339 2817 2404 φωναῖς,
2869 2335 2980 2388 ἐστ’
3029 2334 3096 2389 ἂν
3143 2338 3224 2399 είς
3263 2337 3354 2389 τὸν
3406 2337 3570 2392 αὑτὸν
3627 2339 3968 2409 συμϐαίνωσι

2390 2428 2539 2488 νοῦν,
2562 2430 2611 2481 εἰ
2643 2428 2736 2482 καὶ
2763 2431 2829 2500 τῇ
2853 2429 2948 2482 τοῦ
2973 2428 3133 2498 λόγου
3159 2428 3486 2500 διαρθρώσει
3508 2431 3796 2500 παραπολύ
3825 2429 3970 2484 διαλ-

2390 2521 2673 2586 λάττοιεν;
2743 2520 3069 2590 Ἀνακρίνας
3118 2522 3450 2591 ἀμφοτέρων
3505 2522 3603 2594 τὴν
3653 2522 3966 2592 ὁμολογίαν,

2391 2615 2484 2665 καὶ
2513 2615 2714 2676 συνιεὶς
2746 2613 2805 2666 τὸ
2834 2615 3097 2684 ὁμόφρον,
3127 2615 3457 2680 κατεδέξατο
3493 2615 3591 2678 τὰς
3627 2616 3824 2680 λέξεις,
3863 2632 3970 2686 μη·

2388 2705 2480 2759 δὲν
2509 2706 2811 2770 ἐνδοιάσας,
2843 2705 2978 2775 μηδὲ
3027 2705 3486 2777 ὑποστειλάμενος
3506 2724 3520 2737 ·
3559 2708 3736 2762 καίτοι
3757 2726 3820 2776 γε
3847 2710 3971 2764 ὅσον

2389 2799 2531 2851 κατά
2563 2798 2655 2850 τὸν
2705 2800 2805 2867 τῆς
2861 2801 3145 2870 προφορᾶς
3185 2795 3318 2869 ἦχον
3379 2800 3474 2853 καὶ
3514 2801 3773 2865 ἐναντίως
3824 2801 3971 2871 ἔχειν

2392 2893 2610 2944 ἐδόκουν
2663 2891 2934 2960 ἀλλήλοις,
2989 2891 3146 2962 εἰμὴ
3201 2893 3377 2960 σοφῶς
3431 2894 3593 2955 αὐτὸς
3644 2893 3972 2957 διεξετάζων

2393 2983 2667 3052 προσίετο.
2697 2983 2772 3035 Οὐ
2822 2983 2905 3036 δεῖ
2935 2985 3063 3053 γὰρ,
3117 2985 3269 3052 φησί,
3318 2985 3646 3055 λογομαχεῖν
3690 2985 3781 3038 ἐπ’
3817 2987 3972 3040 οὐδὲν

2392 3076 2683 3144 χρήσιμον,
2734 3074 2854 3127 οὐδὲ
2906 3076 3230 3143 φιλονεικεῖν
3275 3079 3387 3138 τοῖς
3435 3077 3736 3142 λεξειδίοις,
3780 3079 3866 3130 ἵνα
3898 3079 3974 3150 μὴ

2395 3164 2486 3212 καὶ
2521 3161 2748 3230 θολερὰν
2777 3163 2905 3232 δοκῇ
2956 3179 3040 3224 τις
3072 3164 3388 3233 ἀνατροπὴν
3431 3166 3674 3229 ποτίζειν
3703 3168 3792 3219 τὸν
3829 3167 3970 3237 πλη-

2396 3248 2530 3314 σίον,
2564 3252 2658 3304 καὶ
2684 3252 2988 3319 διαφθονεῖν
3017 3256 3082 3322 τῇ
3125 3254 3339 3325 εἰρήνῃ.
3370 3255 3464 3308 καὶ
3498 3257 3878 3326 ἀνθαιρεῖσθαι
3903 3263 3972 3311 τὰ

2398 3342 2694 3412 σχίσματα.
2723 3345 2845 3397 Ὅτι
2875 3345 2932 3397 δὲ
2958 3347 3052 3397 καὶ
3087 3345 3208 3399 λίαν
3242 3349 3545 3412 ἐπαινετῶς
3572 3351 3742 3420 ἑτέρῳ
3775 3351 3874 3419 μὲν
3906 3352 3972 3404 ἂν

2395 3435 2628 3505 ἤρκεσεν
2660 3439 2740 3499 είς
2780 3437 2951 3490 πειθὼ
2997 3437 3059 3490 τὸ
3097 3438 3190 3491 τοῦ
3241 3439 3430 3507 ἀνδρλς
3465 3442 3558 3493 καὶ
3589 3443 3745 3509 μόνον
3774 3443 3974 3494 αἰδέσι-

2317 3512 2358 3568 C
2394 3544 2511 3596 μον,
2546 3528 2638 3580 καὶ
2668 3533 2766 3580 οὐκ
2807 3529 2873 3581 ἂν
2903 3532 3146 3600 προσῆγε
3195 3535 3509 3601 μαρτυρίαν
3557 3534 3757 3602 ἑτέραν
3788 3530 3846 3586 εὖ
3881 3535 3968 3586 λέ-

2393 3635 2566 3686 γοντι.
2615 3619 2755 3687 Ἐγὼ
2789 3621 2845 3674 δέ
2877 3638 2958 3674 σοι
2986 3623 3077 3674 καὶ
3109 3623 3199 3674 τὸν
3234 3625 3407 3691 μέγαν
3436 3625 3492 3676 ἐν
3518 3624 3789 3691 θεολόγοις
3829 3627 3867 3677 Γ
3875 3643 3972 3695 ρη-

2390 3709 2574 3778 γόριον
2599 3714 2696 3764 καὶ
2720 3712 2864 3782 μάλα
2886 3712 3235 3774 ἑκθειάξοντα
3261 3714 3322 3765 τὸ
3348 3713 3510 3783 ἔργον
3533 3715 3632 3783 τῆς
3658 3717 3973 3784 οἰκονομίας

2392 3805 2723 3874 παρίστημι.
2788 3806 3227 3873 Ἐνστησάμενος
3275 3805 3383 3875 γάρ
3439 3808 3516 3868 εἰς
3567 3807 3827 3860 ὑπόθεσιν
3865 3809 3974 3860 τῶν

2391 3896 2684 3963 ἐγκωμίων
2714 3897 2864 3966 αὖτῴ
2889 3897 2948 3948 τό
2969 3913 3028 3949 τε
3059 3897 3455 3966 ὑπερκείμενον
3485 3898 3576 3950 τοῦ
3603 3899 3717 3966 βίου
3753 3901 3846 3951 καὶ
3875 3901 3975 3969 τὴν

2391 3989 2449 4040 ἒν
2479 3986 2656 4054 λόγοις
2689 3987 2783 4039 τοῦ
2807 3988 3000 4057 ἀνδρὸς
3029 3988 3280 4057 δύναμιν,
3315 3991 3476 4043 τοῦτο
3501 3990 3565 4060 δὴ
3592 3990 3652 4042 τὸ
3683 3991 3976 4061 κράτιστοι

2394 4085 2628 4136 ποιεῖται
2662 4082 2772 4133 τῶν
2801 4084 3037 4134 ἐπαίνων
3064 4080 3255 4147 αὐτοῦ,
3289 4083 3395 4147 ὅτι,
3432 4084 3553 4136 κατ’
3577 4083 3741 4135 αὐτὸν
3766 4086 3974 4136 ἐκεῖνον

2393 4174 2588 4234 εἰπεῖν,
2620 4191 2637 4222 t
2666 4173 3183 4242 Προσκαλεσάμενος
3200 4174 3485 4245 ἀμφότερα
3517 4175 3586 4226 τὰ
3611 4175 3752 4242 μέρη
3776 4175 3977 4227 οὑτωσὶ⁹

2394 4267 2587 4336 πράως
2613 4267 2706 4318 καὶ
2742 4267 3166 4335 φιλανθρώπως,
3206 4267 3299 4318 καὶ
3325 4268 3417 4320 τὸν
3443 4267 3570 4320 νοῦν
3605 4268 3716 4320 τῶν
3744 4267 3974 4335 λεγομέ-

2393 4376 2500 4410 νων
2532 4359 2779 4426 ἀκριϐῶς
2814 4359 3096 4423 ἐξετάσας,
3129 4359 3318 4428 ἐπειδὴ
3347 4359 3794 4429 συμφρονοῦντας
3823 4353 3973 4428 εὗρε,

2394 4448 2490 4500 καὶ
2536 4449 2692 4500 οὐδὲν
2722 4447 3018 4510 διεστῶτας
3069 4450 3212 4502 κατὰ
3260 4451 3352 4502 τὸν
3383 4450 3562 4516 λόγον,
3619 4451 3688 4502 τὰ
3730 4449 3977 4517 ὀνόματα

2398 4539 2786 4608 συγχωρήσας,
2817 4538 2995 4590 συνδεί
3032 4541 3144 4602 τοῖς
3179 4539 3490 4607 πράγμασι.
3523 4538 3632 4608 Τῆς
3677 4539 3787 4608 γὰρ
3820 4540 3973 4608 μιᾶς,

2397 4632 2580 4700 φησὶν,
2614 4630 2802 4691 οὐσίας
2833 4630 2925 4680 καὶ
2949 4629 3056 4681 τῶν
3078 4628 3242 4698 τριῶν
3268 4629 3639 4692 ὐποστάσεων,
3666 4629 3976 4697 λεγομένων

2399 4721 2498 4788 μὲν
2523 4721 2612 4788 ὑφ’
2649 4720 2807 4791 ἡμῶν
2831 4720 3073 4782 εὐσεϐῶς
3129 4719 3212 4788 (τὸ
3241 4720 3339 4790 μὲν
3372 4719 3479 4790 γὰρ
3507 4721 3607 4788 τὴν
3642 4719 3804 4786 φύσιν
3827 4721 3978 4789 δηλοῖ

2395 4816 2495 4881 τῆς
2526 4813 2816 4880 Θεότητος,
2850 4815 2911 4865 τὸ
2944 4813 2998 4864 δὲ
3021 4813 3118 4873 τὰς
3152 4813 3260 4863 τῶν
3285 4811 3454 4878 τριῶν
3488 4811 3803 4881 ἰδιότητας),
3829 4829 3982 4864 νοου-

718 4932 858 4976 ram,
892 4918 1127 4971 alterum
1148 4897 1694 4988 ttiumipersonarutn
1726 4923 2083 4992 preprietates
2113 4924 2289 4981 decla-

2401 4907 2578 4974 μένων
2637 4905 2692 4956 δὲ
2741 4907 2836 4960 καὶ
2865 4907 3016 4970 παρὰ
3064 4908 3177 4965 τοῖς
3218 4903 3443 4966 Ἰταλοῖς
3485 4904 3710 4968 ὁμοίως,
3757 4903 3872 4955 ἀλλ’
3912 4904 3976 4955 οὐ

723 5011 854 5073 ret).
887 5020 1048 5076 atque
1083 5011 1275 5064 eodem
1311 5013 1530 5079 quidem
1553 5015 1713 5067 modo
1729 5015 1871 5081 apud
1904 5015 2180 5075 Romanos
2207 5018 2293 5071 iu-

721 5101 1116 5169 telligerentnr,
1145 5114 1402 5158 czetcrum
1447 5106 1518 5158 ob
1547 5106 1746 5174 lingua:
1779 5105 1922 5160 illius
1956 5108 2287 5176 angustiam,

715 5203 772 5245 et
812 5195 1103 5248 verborum
1150 5197 1387 5263 inOpiam
1441 5199 1780 5268 hyposlasim
1831 5201 1902 5252 ab
1944 5203 2185 5255 essentia
2216 5203 2292 5255 tli-

720 5287 994 5354 stingnere
1026 5304 1132 5340 non
1160 5299 1400 5357 possent,
1426 5307 1602 5360 eoque
1633 5291 1834 5346 factum
1860 5303 1964 5353 est,
1993 5305 2052 5346 ut
2081 5309 2180 5362 pro
2203 5309 2290 5359 ea,

722 5392 790 5429 ne
823 5386 932 5432 tres
967 5381 1303 5432 substantias
1335 5382 1620 5435 admittere
1666 5383 1998 5446 viderentur,
2035 5399 2292 5452 persona-

725 5483 846 5520 rum
884 5470 1206 5523 vocabulum
1246 5472 1590 5536 inducerent,
1617 5474 1748 5542 quid
1773 5473 1990 5527 tandem
2032 5474 2294 5540 contigit?

724 5560 835 5615 Res
891 5562 1134 5629 profecto
1176 5565 1432 5628 ridicula,
1477 5567 1561 5618 vel
1596 5568 1778 5634 potius
1827 5568 2156 5622 miserenda.
2208 5566 2299 5620 Di-

723 5668 896 5707 versze
919 5655 1045 5709 ﬁdei
1079 5656 1314 5724 speciem
1350 5658 1584 5725 praebuit
1615 5658 1748 5712 levis
1781 5659 1875 5714 illa
1921 5671 1974 5714 et
2001 5659 2185 5729 jejuna
2231 5660 2300 5713 de

724 5761 922 5801 vocum
952 5761 1090 5802 sono
1118 5748 1423 5804 altercatio.
1464 5748 1563 5804 Hic
1593 5749 1790 5805 deinde
1855 5761 1908 5806 et
1941 5752 2300 5807 Sabellismus

725 5838 800 5894 ob
836 5849 945 5897 tres
973 5854 1238 5916 personas
1268 5843 1612 5913 excogitatas
1636 5853 1741 5916 est,
1773 5853 1827 5902 et
1858 5846 2204 5904 Arianismus
2228 5845 2298 5900 ob

2398 4998 2708 5065 δυναμένων
2748 4997 2834 5049 διὰ
2865 4997 3162 5064 στενότητα
3199 4995 3298 5064 τῆς
3334 4994 3464 5064 παρ’
3509 4995 3694 5056 αὐτοῖς
3725 4993 3976 5062 γλώττης

2400 5093 2495 5142 καὶ
2545 5089 2827 5155 ὀνομάτων
2882 5088 3077 5139 πενίαν
3127 5085 3323 5137 διελεῖν
3364 5086 3471 5138 ἀπὸ
3519 5084 3619 5154 τῆς
3658 5084 3848 5147 οὐσίας
3880 5085 3983 5154 τὴν

2399 5183 2719 5242 ὑπόστασιν,
2767 5183 2862 5233 καὶ
2892 5182 2979 5232 διὰ
3026 5179 3185 5231 τοῦτο
3223 5179 3657 5244 ἀντεισαγόντων
3707 5177 3775 5230 τὰ
3807 5179 3980 5246 πρὸσ-

2399 5293 2546 5338 ωπα,
2585 5276 2674 5328 ἵνα
2720 5273 2795 5344 μὴ
2840 5274 2987 5342 τρεῖς
3033 5271 3223 5334 οὐσίας
3286 5268 3695 5340 παραδεχθῶσι,
3736 5269 3790 5321 τί
3834 5271 3982 5336 γίνε-

2401 5384 2529 5432 ταις
2585 5368 2672 5426 Ὠς
2720 5367 2836 5417 λίαν
2883 5364 3112 5432 γελοῖον.
3159 5361 3193 5432 ἢ
3247 5361 3506 5416 ἐλεεινόν.
3556 5361 3798 5424 Πίστεως
3832 5361 3978 5425 ἔδοξε

2402 5458 2635 5527 διαφορά
2661 5458 2694 5526 ἡ
2739 5460 2866 5526 περὶ
2901 5456 2991 5506 τὸν
3031 5452 3163 5524 ἦχον
3193 5452 3573 5521 σμικρολογά,
3611 5446 3730 5504 εἶτα
3774 5451 3980 5504 Σαϐελο

2403 5552 2596 5621 λισμὸς
2622 5549 2855 5602 ἐνταῦθα
2890 5545 3158 5614 ἐπενοήθη
3185 5548 3298 5606 τοῖς
3334 5545 3482 5614 τρισὶ
3517 5541 3855 5610 προσώποις,
3886 5544 3982 5596 καὶ

2413 5647 2794 5719 ’Λρειανισμὸς
2827 5648 2948 5706 ταῖς
2989 5644 3168 5714 τρισὶν
3197 5642 3551 5700 ὑποστάσεσι.
3591 5641 3659 5692 τὰ
3685 5641 3787 5708 τῆς
3825 5639 3980 5708 φιλο-

2403 5748 2609 5807 νεικίας
2657 5741 3077 5806 ἀναπλάσματα.
3116 5732 3246 5790 Εἶτα
3287 5739 3377 5799 τίς
3416 5732 3850 5804 Προστιθεμένου
3885 5749 3981 5798 μι-

2404 5841 2535 5912 κξοῦ
2562 5854 2705 5903 τινος
2729 5837 2814 5890 ἀεὶ
2840 5833 2927 5888 τοῦ
2947 5829 3266 5894 λυποῦντος,
3289 5829 3315 5882 ὃ
3339 5828 3580 5898 λυπηρὸν
3604 5829 3635 5898 ἡ
3673 5826 3975 5897 φιλονεικία
