4202 6444
759 408 830 467 35
1822 402 2034 462 JOAN.
2081 398 2292 461 VECCI
2335 402 2418 461 (ΣΡ

2352 402 2446 461 ΞΡ.
2491 404 2995 464 ΡᾹΊῊΙΛΙὶΕΗίΕ
3942 407 4011 467 36

758 513 999 568 ciatihus
1032 510 1194 574 allici,
1251 522 1500 580 prompto
1547 509 1823 577 alacrique
1877 509 2062 562 animo
2102 508 2338 571 tulisset,
2373 516 2411 568 Α

2373 516 2411 568 Α
2440 513 2502 563 οὐ
2529 509 2790 563 κίνδυνον.
2829 510 2992 578 Δηλοῖ
3034 511 3089 564 δὲ
3137 506 3218 572 οἷς
3266 512 3366 582 ήδη
3397 510 3660 582 πεποίηκε
3696 513 3785 564 καὶ
3813 507 3890 578 οἷς
3919 516 4012 567 πέ-

759 618 823 656 οσ
852 603 1040 668 ,lucro
1101 602 1282 669 potius
1336 615 1498 666 quam
1565 599 1806 666 periculo
1857 600 2194 666 deputasset.
2230 596 2341 652 Hoc

2443 605 2656 665 πονθεν,
2681 604 2737 665 ὅς
2773 619 2834 670 γε
2866 607 2956 654 καὶ
2993 605 3210 672 ἐξορίαν
3245 604 3384 674 ὑπὲρ
3419 608 3515 673 τῆς
3548 603 3808 672 ἀληθείας
3845 622 4011 657 κατα-

762 709 893 748 vero
920 695 989 745 ita
1021 707 1162 758 esse,
1201 691 1485 745 declarant
1531 707 1593 744 ea
1641 705 1762 758 quae
1795 701 1847 742 et
1879 689 2003 745 fecit
2057 698 2112 741 et
2151 705 2342 757 passus

2444 693 2673 762 κριθεὶς,
2721 694 2976 745 τοσοῦτον
3008 695 3504 762 ἐπραγματεύσατο
3552 698 3733 760 μόνον,
3781 697 3906 752 ὅσον
3937 699 4014 749 ἑνὶ

766 798 872 848 est,
930 797 987 840 ut
1022 787 1114 853 qui
1162 790 1322 838 etiam
1370 788 1438 837 ob
1487 785 1727 839 veritatis
1753 782 2122 837 defensionem
2147 783 2341 834 exsilio

2441 788 2547 838 τῶν
2579 789 2887 842 ἀκολούθων
2920 791 3115 850 εἰπεῖν,
3156 791 3415 859 ἀραμένῳ
3446 790 3506 840 τὸ
3535 792 3762 841 πυκτίον
3795 789 4016 842 ἀκολου-

764 878 1047 937 multatus,
1075 876 1209 928 nihil
1247 876 1388 927 aliud
1445 875 1641 941 negotii
1687 873 2012 939 susceperit,
2051 889 2214 939 quam
2248 873 2338 924 uni

2444 877 2576 929 Οιῖν.
2630 880 2948 945 Οἰκονομείν
3014 879 3072 930 δὲ
3135 885 3263 940 τοὺς
3329 879 3516 942 λόγους
3565 882 3622 929 ἐν
3681 879 3859 948 κρίσει
3912 879 4013 930 τῶν

761 986 826 1021 ex
860 971 1087 1022 asseclis
1147 979 1203 1019 ut
1235 983 1289 1018 se
1323 968 1560 1032 acceptis
1609 965 1968 1033 pugillaribus
1999 976 2338 1032 sequeretur,

2441 971 2663 1022 δικαίων
2711 971 2952 1036 ἐνόμιζε,
2989 972 3084 1049 τῷ.
3115 973 3247 1041 Θείῳ
3280 971 3444 1023 Δαϐὶδ
3477 973 3605 1037 περὶ
3635 971 3827 1022 τούτου
3876 990 4012 1039 συμ-

763 1062 1074 1129 imperaret.
1106 1059 1368 1111 Caeterum
1404 1073 1686 1110 Sermones
1719 1073 1840 1107 eum
1897 1055 2104 1123 judicio
2153 1056 2337 1122 dispo-

2443 1064 2617 1132 6οὐλῳ
2663 1065 2966 1133 χρώμενος,
2999 1065 3094 1116 καὶ
3126 1065 3321 1132 μικρὸν
3367 1066 3492 1115 ὅσον
3521 1061 3612 1114 τὸν
3649 1061 3740 1112 τοῦ
3777 1063 4010 1132 πολέμου

763 1165 907 1208 nere.
939 1150 1005 1202 de
1053 1147 1268 1200 Davidis
1312 1147 1544 1198 consilio
1596 1155 1648 1196 et
1678 1149 1947 1197 sententia
1975 1145 2338 1197 necessarium

2442 1157 2634 1224 καιρὸν
2656 1157 2952 1223 διαφέρων.
2981 1159 3073 1207 καὶ
3099 1159 3196 1224 τὴν
3223 1157 3332 1207 τῶν
3359 1155 3653 1222 αίρετικῶν
3673 1155 4010 1221 δυναστείαν,

760 1245 881 1294 esse
924 1240 1228 1308 judicabat,
1293 1254 1356 1291 ac
1393 1239 1513 1291 belli
1564 1250 1797 1304 tempus,
1859 1245 1912 1288 et
1961 1238 2337 1289 haereticorum

2441 1248 2546 1308 ἕως
2575 1250 2600 1299 ὁ
2627 1247 2727 1314 τῆς
2764 1247 3078 1314 ἐλευθερίας
3113 1249 3204 1298 καὶ
3234 1247 3335 1312 τῆς
3368 1248 3586 1314 αἰθρίας
3616 1244 3853 1314 ἐπιλάϐῃ
3887 1263 4006 1298 και-

761 1332 1127 1399 principatum
1183 1329 1576 1396 aliquantisper
1625 1329 1878 1387 tolerare,
1910 1329 2087 1393 quoad
2124 1328 2342 1378 liberta-

2444 1341 2557 1410 ρδς,
2590 1341 2682 1392 καὶ
2708 1339 2782 1406 δῷ
2815 1342 2877 1408 τῇ
2911 1338 3134 1410 γλώσσῃ
3165 1340 3264 1408 τὴν
3299 1340 3633 1408 παρρησίαν.
3665 1334 3726 1389 Οἱ
3765 1332 3865 1406 μὲν
3908 1349 4013 1404 γαρ

759 1425 832 1476 tis
857 1431 1070 1491 tempus
1125 1421 1520 1484 successisset,
1565 1419 1869 1486 llllgUiL‘qlle
1925 1420 2226 1470 libertatem
2279 1435 2341 1472 ac

2444 1431 2667 1498 ἐζήτουν
2712 1431 2973 1482 λαϐέσθαι
3020 1433 3232 1498 γυμνῆς
3269 1431 3375 1498 τῆς
3403 1432 3532 1500 περὶ
3561 1431 3660 1483 τοῦ
3698 1432 4014 1496 “vadas-ro;

761 1514 1035 1568 licentiam
1096 1512 1388 1564 attulisset.
1447 1510 1525 1562 llli
1586 1512 1727 1562 enim
1768 1510 1967 1561 nudam
2005 1519 2058 1561 et
2095 1519 2337 1576 apertam

2443 1525 2648 1589 φωνῆς,
2681 1522 2755 1583 ὡς
2785 1522 2871 1587 εἴη
2907 1522 3058 1582 Sed,”
3096 1523 3254 1591 ὅπερ,
3287 1521 3349 1573 ὃν
3378 1522 3596 1590 ἀληθὲς,
3625 1522 3848 1584 εὐσεϐὲς
3874 1523 4017 1573 ἐκεί-

759 1622 945 1659 vocem
975 1605 1041 1657 de
1068 1603 1272 1672 Spiritu
1300 1611 1512 1664 sancto,
1550 1603 1690 1670 quod
1722 1601 1863 1653 Dens
1896 1613 2059 1663 εδει-ι,
2098 1604 2339 1668 arripere

2441 1629 2551 1676 νοις
2599 1613 3040 1682 ὐπελαμϐάνετο,
3093 1616 3189 1666 καὶ
3234 1613 3313 1682 τῷ
3365 1614 3519 1682 κακῷ
3580 1614 3856 1684 προστάτῃ
3918 1617 4016 1684 τῆς

758 1699 1070 1756 studebant,
1124 1698 1266 1763 quod
1302 1698 1546 1764 quidem,
1585 1696 1798 1746 tametsi
1846 1709 2032 1745 verum
2063 1703 2198 1758 erat,
2237 1695 2340 1746 im-

2443 1706 2749 1770 εὐσεϐείας,
2784 1708 2869 1759 ἵνα
2901 1707 2991 1760 τὸν
3024 1708 3122 1776 μὲν
3154 1708 3252 1776 τῆς
3283 1706 3492 1766 πόλεως
3531 1708 3670 1774 μετὰ
3699 1706 3801 1774 τῆς
3830 1705 4014 1758 θεολόο

759 1805 905 1859 pum
942 1799 1121 1840 tamen
1163 1787 1290 1849 illis,
1341 1796 1502 1853 atque.
1556 1785 1722 1852 impio
1776 1785 2066 1851 impietatis
2110 1786 2338 1837 antistiti
2373 1846 2410 1866 ἢ

2373 1846 2410 1866 η
2445 1812 2544 1862 γου
2593 1795 2840 1864 γλώττης
2893 1797 3314 1866 ὐπερορίσωσιν,
3361 1798 3517 1848 αὐτοί
3560 1797 3619 1848 δὲ
3653 1798 4016 1864 κατασχόντες

760 1883 1063 1944 videbatur,
1116 1893 1175 1932 ut
1227 1894 1350 1931 eum
1391 1878 1614 1945 quidem
1671 1892 1795 1929 cum
1830 1877 2132 1944 theologica
2162 1877 2339 1944 lingua
2373 1846 2412 1898 Β

2373 1846 2412 1898 Β
2444 1887 2544 1954 τὴν
2585 1886 2931 1955 Ἐκκλησίαν,
2968 1891 3062 1939 καὶ
3088 1889 3183 1955 τῆς
3212 1886 3422 1939 ἑαυτῶν
3451 1887 3652 1948 κακίας
3682 1891 4017 1956 ὀρμητςριον

758 1973 979 2025 civitate
1063 1970 1346 2038 pellerent,
1426 1968 1524 2035 ipsi
1563 1977 1741 2019 autem
1773 1965 2070 2019 Ecdesiam
2103 1982 2340 2034 occupa-

2445 1981 2832 2047 ποιησάμενοι,
2870 1978 3121 2031 ἐντεῦθεν
3172 1979 3233 2031 τὸ
3288 1978 3612 2045 λειπὸμενον
3645 1979 3813 2042 ἅπαν,
3843 1979 3917 2041 ὡς
3954 1979 4019 2030 ἐκ

761 2074 902 2127 rent,
939 2078 1170 2131 eamque
1205 2062 1425 2114 sceleris
1453 2060 1535 2113 sui
1565 2059 2027 2128 prOpngnaculum
2046 2059 2340 2123 edicerent,

2442 2085 2588 2132 τινος
2647 2073 2996 2139 ἀκροπόλεως
3045 2071 3488 2140 καταδράμωσιν.
3531 2069 3589 2120 ὐ
3640 2070 3698 2121 δὲ
3744 2071 3801 2121 ὲν
3834 2069 4018 2130 ἄλλαις

770 2165 934 2225 atque
966 2154 1091 2206 hinc
1116 2153 1330 2214 deinde,
1359 2152 1505 2204 velut
1550 2166 1614 2203 ex
1639 2166 1760 2204 arce
1804 2151 2061 2219 quadam,
2089 2152 2148 2216 id
2182 2165 2343 2204 omne

2447 2160 2547 2230 μὲν
2597 2166 2804 2230 φωναῖς
2850 2166 3151 2233 γραφικαῖς
3195 2165 3287 2215 καὶ
3335 2162 3668 2232 μαρτυρίαις
3713 2161 4020 2229 ’ἀναμφιλέ-

758 2249 904 2318 quod
957 2247 1226 2314 reliquum
1276 2253 1413 2307 erat,
1473 2245 1880 2312 popularentur.
1924 2245 2110 2297 Atille
2141 2245 2194 2296 in
2223 2245 2344 2314 a1iis

2445 2268 2592 2314 κτοις
2622 2254 2823 2305 ταύτὸν
2846 2254 3197 2323 δυναμέναις,
3233 2255 3330 2306 καὶ
3357 2257 3477 2316 ταῖς
3506 2255 3613 2306 τῶν
3644 2251 4024 2320 συλλογισμῶν

760 2341 978 2409 quidem
1009 2337 1233 2388 vocibus
1259 2349 1287 2387 e
1318 2333 1598 2402 Scriptura
1656 2336 1858 2401 petitis,
1911 2334 2343 2403 testimoniisque

2444 2344 2716 2410 ἀνάγκαις
2766 2343 2938 2407 οὕτως
2980 2341 3124 2415 ἦγχε
3165 2347 3298 2408 τοὺς
3342 2346 3747 2414 ἀντιλέγοντας,
3780 2341 3855 2407 ὡς
3897 2343 4020 2412 μηδ’

765 2431 992 2486 minime
1021 2428 1200 2481 dubiis
1228 2426 1474 2479 eamdem
1535 2427 1642 2478 vim
1693 2425 2039 2490 habentibus,
2087 2441 2341 2480 necessa-

2443 2434 2775 2487 ἀντιϐαίνειν
2804 2434 2974 2504 ἔχειν,
3003 2436 3122 2488 ἀλλ’
3148 2438 3380 2500 οἰκείαις
3410 2438 3718 2490 συνδεῐσθαι
3771 2438 3974 2505 φωναῖς
3999 2452 4014 2466 ·

760 2523 967 2590 riisque
1002 2517 1359 2586 argumentis,
1419 2516 1758 2568 adversarios
1821 2514 1891 2567 ita
1931 2515 2342 2582 comprimebat,

2443 2525 2590 2594 ἥπερ
2637 2526 2702 2595 δὴ
2739 2525 2833 2578 καὶ
2872 2527 3106 2596 μεγίστη
3152 2527 3312 2594 λόγου
3363 2529 3596 2598 δύναμις
3649 2532 3746 2581 καὶ
3782 2529 4016 2590 σύνεσις.

762 2623 824 2667 ιιι
848 2612 1000 2666 nullo
1033 2610 1193 2662 modo
1239 2621 1538 2674 repugnare
1584 2621 1649 2660 ac
1694 2615 1885 2658 contra
1939 2607 2036 2658 niti
2072 2616 2288 2674 possent
2326 2624 2339 2660 :

2445 2615 2687 2684 Δηλώσει
2720 2617 2776 2667 δὲ
2809 2618 2904 2669 καὶ
2932 2619 2960 2668 ὁ
2998 2619 3174 2685 λόγος,
3203 2618 3268 2671 ὃν
3301 2621 3433 2688 περὶ
3455 2619 3650 2673 τούτου
3687 2620 4018 2688 συνέγραψε,

764 2703 880 2769 sed,
913 2716 1033 2770 qua
1061 2699 1294 2751 maxima
1331 2697 1602 2750 sermonis
1636 2698 1810 2750 virtus
1836 2706 1882 2748 et
1921 2697 2203 2763 prudentia
2239 2710 2341 2761 est,

2447 2707 2614 2758 κινῶν
2639 2707 2737 2779 τὴν
2767 2709 3008 2777 γραφίδα
3041 2711 3116 2772 ὠς
3149 2713 3212 2762 ὲκ
3266 2711 3483 2777 πυξίδος
3532 2710 3626 2762 τοῦ
3682 2711 4018 2779 Πνεῦματος,

764 2792 1002 2863 propriis
1044 2789 1273 2842 vocibus
1314 2788 1856 2856 constringerentur:
1886 2789 2340 2855 quemadmodum

2444 2797 2543 2865 τὴν
2593 2797 2650 2849 δὲ
2705 2801 2901 2863 κυρίαν
2934 2801 3118 2870 φωνὴν
3174 2803 3312 2864 τέως
3347 2802 3720 2870 ὑπερετίθετο,
3761 2802 3909 2869 ’παρά
3959 2818 4020 2853 τε

763 2887 811 2941 is
865 2885 1022 2944 liber,
1075 2896 1238 2951 quem
1301 2879 1407 2933 hoc
1451 2889 1771 2949 argumento
1825 2879 2013 2942 edidit,
2062 2880 2345 2947 perspicue

2448 2887 2540 2938 τοῦ
2600 2890 2918 2957 Πνεύματος
2986 2893 3149 2944 αὐτοῦ
3203 2894 3297 2945 καὶ
3360 2894 3471 2948 τῶν
3527 2895 3770 2964 γνησίων
3829 2893 4020 2945 τούτου

765 2976 1037 3040 ostendet,
1070 2975 1123 3025 in
1160 2987 1269 3042 quo
1312 2972 1584 3025 calamum
1615 2973 1770 3040 quasi
1799 2988 1864 3025 ex
1891 2971 2124 3040 Spiritus
2153 2972 2344 3040 pyxide

2448 2982 2867 3046 συναγωνιστῶν
2899 2983 3057 3052 χάριν
3090 2983 3258 3035 αἰτῶν
3283 2988 3349 3054 τῇ
3382 2987 3662 3054 οἰκονομίᾳ
3695 2986 3770 3055 μὴ
3827 2987 4022 3052 ous/5-

769 3079 968 3120 movet.
1034 3065 1140 3118 Sed
1189 3076 1369 3117 tamen
1396 3063 1665 3131 propriam
1711 3079 1897 3116 vocem
1936 3063 2150 3115 interim
2186 3079 2344 3115 usur-

2453 3071 2678 3140 ραίνειν,
2710 3073 2979 3142 μηδεμιᾶς
3015 3078 3411 3146 ἀντεχομένους
3445 3079 3627 3148 φωνῆς
3661 3078 3724 3130 τὸ
3756 3080 3863 3130 πᾶν
3889 3079 4025 3129 ἀπο-

767 3174 896 3227 pare
951 3158 1255 3222 ditferebat,
1323 3168 1436 3210 tum
1491 3156 1557 3208 ab
1611 3157 1841 3223 ipsomet
1894 3153 2121 3222 Spiritu,
2156 3164 2265 3206 tum
2308 3167 2406 3232 ac

2365 3177 2406 3232 ρ
2447 3162 2597 3215 λέσαι
2647 3163 2714 3215 δι’
2741 3166 3071 3235 ἀπληστίαν,
3125 3169 3201 3236 τῷ
3241 3169 3421 3239 καιρῷ
3478 3173 3893 3240 παρασυρείσης
3923 3171 4024 3238 τῆς

767 3251 999 3305 sinceris
1029 3251 1205 3318 ipsius
1235 3247 1730 3320 propugnatoribus
1768 3247 1820 3298 in
1854 3245 2041 3313 gratia:
2078 3246 2196 3298 loco
2224 3245 2340 3298 'hoc

2447 3252 2748 3314 εὐσεϐείας.
2799 3256 2991 3318 Αὐτοίς
3030 3257 3130 3325 μὲν
3178 3258 3287 3334 γάς
3333 3258 3593 3326 οὐδεμίαν
3630 3256 3771 3313 εἶναι
3821 3259 4023 3328 ζημίαν

767 3353 979 3409 petens,
1045 3359 1112 3396 ne
1159 3343 1262 3395 hoc
1321 3357 1421 3396 suo
1487 3340 1716 3394 consilio
1761 3337 2180 3398 oll'enderentur,
2246 3352 2343 3389 nec

2449 3343 2942 3413 ὐπαλλαττομὲνων
2999 3349 3194 3416 μικρὸν
3246 3348 3355 3401 τῶν
3405 3349 3628 3414 λέξεων,
3675 3352 3766 3402 καὶ
3818 3354 4025 3417 φωναῖς

769 3435 1193 3493 committerent,
1257 3443 1314 3485 ut
1373 3433 1502 3484 dum
1549 3444 1710 3482 unam
1755 3430 2003 3481 voculam
2066 3426 2343 3480 mordicus

2449 3433 2637 3494 ἄλλαις
2671 3435 2730 3487 τὸ
2765 3438 2879 3488 ἴσον
2911 3437 3336 3506 διδασκομένοις.
3371 3439 3503 3492 Οὐδὲ
3556 3442 3664 3509 γάρ
3692 3443 3747 3492 ὲν
3780 3443 4025 3510 ῥήμασιν

770 3523 1004 3577 retinere
1033 3535 1382 3587 conarentur,
1418 3532 1634 3590 pr0pter
1674 3520 2046 3588 inexplebilem
2079 3520 2345 3587 cupidita-

2449 3526 2583 3592 ἡμῖν
2618 3522 2879 3594 εἶναιτὴν
2913 3530 3188 3596 σωτηρίαν
3225 3530 3428 3599 μᾶλλον
3462 3533 3494 3599 ἢ
3528 3533 3838 3598 πράγμασι.
3876 3531 4026 3597 Μηδὲ

769 3626 876 3667 tem
902 3615 1084 3667 omnia
1121 3615 1427 3682 perderent,
1456 3615 1714 3666 convuisa
1755 3612 2010 3664 nimirum
2035 3611 2344 3665 tnrbulento

2452 3615 2560 3682 γὰρ
2611 3617 2672 3666 τὸ
2713 3616 2984 3668 Ἰουδαίων
3031 3618 3184 3679 ἔθνος
3231 3618 3526 3671 ἀποϐαλεῖν
3557 3620 3646 3682 ἂν,
3679 3620 3749 3680 εί,
3803 3619 3899 3682 τὴν
3930 3617 4024 3669 τοῦ

769 3718 1009 3774 tempore
1029 3719 1090 3758 ac
1119 3707 1391 3760 destructa
1420 3706 1635 3774 pietate.
1678 3704 1826 3770 Ipsos
1853 3704 1993 3754 enim
2031 3704 2158 3755 nihil
2191 3719 2252 3754 ex
2286 3717 2348 3754 eo

2469 3705 2838 3773 Ίιλειμμένου
2893 3707 3076 3777 φωνὴν
3108 3709 3228 3762 ἀντὶ
3267 3711 3365 3778 τῆς
3395 3711 3633 3779 Χριστοῦ
3676 3710 3807 3778 πρὸς
3846 3709 4026 3774 ὀλίγον

771 3796 1104 3848 inconunodi
1139 3813 1202 3848 ac
1239 3796 1548 3848 detrimenti
1594 3805 1932 3860 accepturos,
1986 3795 2028 3845 si
2087 3793 2344 3844 vocabula

2453 3796 2858 3864 ἐπιζητοῦντες,
2901 3800 3087 3867 ἠξίουν
3129 3800 3249 3866 μεθ’
3291 3801 3451 3869 ἡμῶν
3490 3802 3800 3855 τάττεσθαι.
3843 3801 3930 3868 Τῷ
3967 3800 4025 3851 δὲ

771 3888 993 3954 paulum
1058 3887 1494 3951 immutarentur,
1563 3887 1724 3939 modo
1777 3887 1897 3939 aliis
1941 3885 2122 3939 verbis
2158 3887 2342 3937 eadem

2451 3889 2614 3956 κοινῴ
2651 3890 2917 3960 μεγίστην
2949 3891 3015 3944 ἂν
3048 3891 3251 3961 βλάϐην
3278 3893 3531 3961 γενέσθαι
3563 3893 3664 3962 τῆς
3698 3892 4027 3960 Ἐκκλησίας

770 3981 1098 4031 docerentur
1125 3997 1138 4032 :
1171 3995 1343 4047 neque
1367 3980 1508 4031 enim
1539 3979 1766 4032 salutem
1810 3989 2048 4030 nostram
2086 3978 2137 4029 in
2168 3978 2344 4030 verbis

1304 3995 1343 4031 Ie
1367 3980 1508 4031 enim
1539 3979 1766 4032 salutem
1810 3989 2048 4030 nostram
2086 3978 2137 4029 in
2168 3978 2344 4030 verbis
2452 3981 2906 4052 κατασχεῡείσης.
2947 4002 2963 4034 ι

770 4075 951 4140 potius
977 4088 1140 4140 quam
1177 4079 1230 4124 in
1281 4073 1443 4127 rebus
1474 4074 1775 4127 consistere
1805 4090 1819 4130 :
1863 4074 2059 4140 quippe
2091 4088 2213 4126 cum
2251 4088 2350 4126 nec
2387 4072 2558 4128 Judaei
2601 4078 2822 4145 quidem
2859 4079 3140 4147 rejiciendi
3203 4091 3350 4143 sunt,
3380 4082 3425 4135 si
3456 4083 3522 4136 ad
3555 4083 3773 4152 aliquod
3815 4094 4031 4150 tempus

772 4180 869 4231 pro
908 4162 1127 4216 Christo
1156 4178 1341 4215 vocem
1396 4166 1540 4216 uncti
1577 4164 1679 4217 sibi
1712 4162 1936 4216 com-edi
1978 4171 2336 4230 p0>llllalttt‘s,
2379 4165 2431 4218 in
2467 4177 2711 4220 nostrum
2776 4185 3060 4223 numerum
3092 4180 3255 4239 atque
3322 4176 3566 4227 ordinem
3617 4176 3810 4228 ascribi
3838 4177 4027 4228 velint.

770 4261 841 4310 At
866 4259 1175 4323 reipublicae
1206 4273 1315 4311 non
1344 4273 1504 4327 poSse
1545 4259 1805 4327 majorem
1841 4260 2130 4327 perniciem
2161 4273 2223 4312 ac
2283 4273 2487 4327 pestem
2524 4262 2728 4327 aﬂ‘crri,
2761 4280 2924 4332 quam
2990 4265 3038 4318 si
3097 4263 3342 4321 Lcclesia
3375 4268 3443 4322 ab
3484 4270 3752 4324 haereticis
3795 4285 4033 4341 Occupa-

771 4367 944 4410 l'ctttr.
986 4374 1005 4406 ι

871 4450 995 4502 ﬂare
1070 4448 1136 4500 de
1214 4459 1410 4513 magno
1495 4445 1693 4499 Basilio
1765 4446 2064 4512 astipulans
2148 4446 2351 4518 Grego—
2386 4460 2432 4514 ι)

2386 4460 2432 4514 ι)
2534 4450 2770 4505 Τοιαῦτα
2805 4455 2884 4523 τῷ
2927 4457 3146 4524 μεγάλῳ
3204 4458 3469 4528 Βασιλείῳ
3526 4463 3966 4531 προσμαρτυρῶν
4005 4466 4034 4514 ὁ

773 4540 890 4594 rius
913 4545 1270 4607 cognomento
1309 4533 1638 4603 Theologus,
1691 4551 1972 4590 assensum
2007 4552 2037 4590 a
2071 4552 2129 4590 se
2161 4554 2356 4608 magno

2452 4542 2551 4610 τῆς
2589 4542 2868 4610 θεολογίας
2901 4546 3214 4616 ἐπώνυμος,
3242 4550 3341 4617 τὴν
3375 4551 3502 4619 παρ’
3531 4552 3697 4604 αὐτοῦ
3729 4557 4033 4623 γενομένην

764 4630 1079 4685 Athanasio
1111 4627 1416 4681 exhibitum
1457 4626 1770 4681 conﬁrmat.
1827 4627 2090 4683 Maximus
2146 4640 2352 4696 autem,

2457 4637 2818 4706 συγκρότησιν
2857 4640 2935 4708 τῷ
2975 4642 3146 4710 Πατρὶ
3173 4645 3329 4713 ἡμῶν
3367 4646 3669 4717 Ἀθανασίῳ
3696 4650 4031 4720 συνίστησιν.

776 4740 904 4779 vere
932 4722 1222 4784 maximus,
1259 4719 1325 4772 ad
1369 4717 1636 4789 Pyrrhum
1683 4721 2056 4789 presbyterum
2088 4723 2352 4786 scribens,

2469 4726 2529 4777 '0
2558 4727 2613 4779 δὲ
2680 4728 2933 4795 μέγιστος
2973 4732 3225 4801 Μάξιμος
3266 4737 3401 4801 πρὸς
3442 4737 3660 4806 Πύρῤον
3699 4717 4035 4794 ἐπιστέλλων

778 4819 919 4872 inter
949 4813 1055 4868 alia
1089 4811 1238 4875 dicit,
1263 4829 1282 4860 ι
1305 4811 1490 4879 Neque
1514 4812 1656 4865 enim
1693 4826 1853 4865 voces
1883 4811 2015 4865 nihil
2042 4813 2355 4881 signiﬁcan-

2458 4818 2845 4890 πρεσϐύτερον,
2887 4823 3033 4875 ἔστιν
3079 4817 3140 4876 οὗ
3180 4842 3314 4895 φησι
3345 4829 3442 4896 τῆς
3487 4830 3804 4901 ἐπιπολῆς,
3851 4851 3869 4883 ι
3918 4834 4034 4902 Οὐχ

784 4922 867 4964 tes
889 4905 1215 4975 simpliciter
1241 4902 1543 4964 aﬂ'erimus,
1570 4904 1662 4958 sed
1692 4905 1990 4960 sententias
2014 4906 2234 4959 vocibus
2264 4921 2356 4959 ex-

2457 4909 2802 4995 dﬂNDCJ’dp
2841 4917 3028 4979 φωνὰς
3065 4917 3315 4985 ἀσήμους
3356 4919 3726 4988 προφέρομεν,
3794 4921 3910 4974 ἀλλ’
3945 4926 4035 4977 ἰν-

780 5001 1085 5071 primimus.
1144 4998 1316 5064 Quam
1371 4998 1441 5049 ob
1495 5011 1717 5050 causam
1775 5011 1936 5049 voces
1984 5011 2356 5063 saepenumero

2457 5001 2606 5064 νοίας
2659 5006 2778 5066 ταῖς
2834 5007 3041 5073 φωναῖς
3098 5007 3553 5079 διασημαίνομεν.
3612 5012 3691 5065 Δι’
3731 5013 3797 5083 ἣν
3849 5015 4034 5068 αἰτίαν

783 5091 1064 5159 deiloquos
1127 5088 1315 5142 Patres
1378 5088 1552 5154 reperi
1610 5086 1993 5148 concedentes,
2059 5089 2356 5139 sententias

2458 5094 2640 5158 φωνὰς
2700 5096 2799 5164 μὲν
2857 5099 3118 5162 πολλάκις
3172 5104 3640 5172 παραχωροῦντας
3691 5103 3850 5176 εὖρον
3904 5109 4036 5170 τοὺς

783 5183 936 5236 nullo
958 5180 1142 5245 tnodo,
1169 5179 1314 5249 quod
1349 5194 1456 5232 non
1490 5179 1542 5232 in
1585 5177 1828 5247 syllabis,
1866 5179 1956 5230 sed
1987 5179 2271 5230 sententiis
2303 5188 2358 5232 et

2459 5184 2754 5255 θεηγόρους
2796 5190 3047 5256 ιιατέρας
3076 5229 3090 5252 ,
3141 5193 3350 5257 ἑννοίας
3398 5195 3454 5247 δὲ
3499 5198 3750 5267 οὐδαμῶς
3776 5216 3788 5230 ·
3828 5201 3909 5252 ὅτι
3954 5202 4034 5268 μὴ

788 5275 964 5331 rebus
1003 5273 1194 5330 salutis
1229 5283 1426 5323 nostrae
1455 5269 1772 5339 mysterium
1799 5269 2042 5321 exsistit:
2085 5268 2230 5344 'illud
2273 5280 2355 5321 ειν

2461 5277 2518 5324 ἐν
2560 5277 2870 5343 συλλαϐαῖς,
2923 5281 3057 5334 ἁλλά
3109 5284 3344 5352 νοήμασί
3381 5302 3438 5337 τε
3496 5292 3588 5339 καὶ
3644 5306 3929 5359 πραγμασι
3969 5291 4035 5341 τὸ

786 5369 929 5424 enim
959 5365 1251 5427 faciebant,
1301 5364 1451 5430 pacis
1481 5378 1663 5434 curagn
1689 5372 1956 5430 gerentes,
1991 5363 2114 5426 hoc,
2146 5363 2359 5414 animos

2458 5369 2555 5434 τῆς
2598 5372 2868 5438 σωτηρίας
2907 5373 3065 5441 ἡμῶν
3109 5374 3341 5444 ὑπάρχει
3408 5379 3730 5449 μυστήριον.
3795 5382 3866 5432 Τὸ
3926 5382 4036 5450 μὲν

786 5459 984 5512 virtute
1019 5454 1425 5509 conﬁrmantes.
1461 5472 1478 5504 ι
1516 5452 1618 5506 Sed
1654 5453 1772 5506 vide
1821 5463 2076 5521 praeterea
2109 5463 2357 5510 sanctum

2460 5459 2568 5526 γὰρ
2605 5459 2824 5512 ἐποίουν
2865 5464 3086 5532 εἰρήνης
3129 5468 3528 5534 φροντίζοντες,
3561 5475 3620 5523 τὸ
3649 5473 3704 5523 δὲ
3742 5473 3925 5543 ψυχας
3965 5478 4035 5545 τῇ

788 5561 1152 5618 magnumque
1183 5544 1463 5608 Basiliuni,
1498 5561 1730 5614 quanam
1765 5545 1853 5598 ille
1879 5547 2085 5600 ratione
2121 5559 2357 5599 consona

2461 5551 2689 5620 ἀληθείᾳ
2730 5555 3096 5622 στηρίζοντες.
3137 5575 3155 5606 ι
3209 5558 3367 5610 Ἀλλὰ
3412 5560 3521 5628 γάρ
3549 5563 3647 5630 ὅρα
3678 5565 3909 5633 καθεξῆς
3936 5544 4039 5620 καί

789 5644 1102 5711 svmmystis
1151 5643 1380 5706 Spiritus
1449 5640 1779 5707 presbyteris
1830 5635 2076 5692 scribens
2141 5640 2361 5703 pacuﬁce

2463 5645 2623 5696 πάλιν
2662 5646 2754 5696 τὸν
2797 5649 2941 5717 ἱερὸν
2983 5651 3078 5701 καὶ
3117 5651 3292 5717 μέγαν
3333 5651 3634 5719 Βασίλειον,
3665 5656 3811 5726 ὅπως
3843 5658 3935 5708 καὶ
3980 5660 4043 5708 ὲν

789 5739 1049 5803 suggerit.
1075 5736 1194 5791 liiec
1226 5745 1390 5790 sunt:
1429 5754 1446 5784 ι
1472 5732 1662 5802 Magna
1735 5743 1818 5787 est
1878 5733 2153 5787 inclinatio
2225 5742 2362 5784 tem-

2463 5736 2642 5798 ἄλλοις
2683 5738 2844 5800 αὐτὸς
2873 5740 3140 5807 σύμφωνα
3181 5744 3293 5804 τοῖς
3333 5744 3515 5804 αὐτοῖς
3557 5746 3910 5816 συμμύσταις
3938 5749 4041 5801 τοῦ

790 5827 940 5894 poris
968 5827 1031 5879 ad
1058 5825 1424 5884 Erclesiarum
1451 5827 1808 5880 eversionem.
1849 5825 2021 5893 Atque
2044 5824 2097 5876 id
2127 5823 2237 5892 jam
2261 5822 2355 5878 diu

2466 5829 2779 5900 Πνεύματος
2858 5831 3255 5902 πρεσϐυτέροις
3335 5835 3669 5892 ἐπιστέλλων
3742 5839 4044 5908 εἰρηνικῶς
