4202 6444
736 311 809 377 39
1806 308 2020 368 JOAN.
2058 305 2275 368 VECCI
2313 306 2338 365 Ε

2459 303 2732 366 PATBIA
2747 302 2965 364 RCi-Lﬁ
3947 297 4020 361 L0

741 407 834 478 alii
894 418 1126 474 aliorum
1187 414 1455 478 membra,
1491 414 1855 484 corrigamus,
1888 425 2054 483 atque
2079 415 2325 483 corriga-

2445 412 2737 484 Εἰρηνικῷ.
2768 407 2828 466 οὗ
2862 414 2891 480 ἡ
2925 413 3091 481 ὀρχη,
3132 428 3150 460 ‹
3197 409 3402 479 Εἰρήνη
3433 409 3567 477 φίλη
3609 406 3669 460 τὸ
3702 407 3875 476 γλυκὺ
3925 412 4022 461 καὶ

672 499 679 504 ’
743 530 888 579 mur,
923 526 1085 582 quam
1131 519 1187 562 ut
1229 508 1545 577 piazjudicio
1593 524 1688 576 per
1739 511 2105 562 secessionem
2158 506 2324 567 facto,

742 617 795 662 et
819 607 1141 661 auctoritate
1195 619 1287 672 per
1337 602 1740 670 separationem
1785 603 2010 663 amissa,
2043 616 2108 652 ex
2151 599 2327 652 edicto

743 706 954 768 postea,
1009 697 1157 749 velut
1209 695 1420 765 tyranni
1472 702 1527 745 et
1555 708 1662 745 non
1697 690 1893 746 fratres
1932 691 2325 744 correctionem

745 791 1098 858 imperemus.
1135 806 1151 838 ι
1199 788 1346 845 Idem
1391 788 1444 837 in
1471 785 1742 852 theologia
1774 800 2001 853 magnus
2032 782 2327 852 Gregorius

741 882 903 934 tertia
958 879 1201 932 oratione
1261 879 1327 927 de
1382 875 1540 936 Pace.
1576 875 1738 942 cujus
1778 874 2126 942 principium,
2165 891 2182 921 ι
2218 870 2325 922 Pax

739 974 937 1034 amica,
966 982 1017 1024 et
1045 986 1150 1022 non
1180 986 1234 1020 re
1263 971 1550 1025 duntaxat.
1582 969 1673 1020 sed
1701 966 1920 1020 nomine
1940 980 2155 1034 quoque
2213 965 2331 1032 ipso

734 1065 1002 1135 jucunda,
1028 1083 1043 1113 ι
1073 1067 1185 1116 haec
1211 1065 1262 1116 in
1299 1077 1584 1130 progreSsu
1612 1059 1876 1112 orationis
1911 1060 2106 1111 habet:
2140 1077 2158 1108 ι
2188 1057 2328 1122 Quid

715 1158 857 1212 .hac
875 1156 1295 1218 committimus,
1321 1153 1515 1205 fratres
1531 1151 1552 1202 ?
1567 1160 1618 1203 et
1639 1151 1879 1217 quandiu
1896 1149 2331 1203 committemus?

741 1247 975 1314 Quando
1002 1248 1069 1299 ab
1100 1248 1200 1298 hac
1243 1245 1460 1305 crapula
1489 1240 1870 1310 emergemus?
1892 1249 1986 1292 aut
2034 1242 2172 1294 hanc
2201 1257 2332 1294 ocu-

739 1339 916 1394 lorum
953 1342 1127 1393 lemcn
1165 1340 1534 1397 detrahemus.
1577 1348 1741 1403 atque
1781 1335 1844 1386 ad
1875 1335 2121 1386 veritatis
2147 1334 2330 1387 lumen

742 1434 1146 1504 suspiciemns?
1196 1433 1326 1496 Qua:
1375 1433 1485 1483 Inec
1516 1429 1691 1495 caligo
1727 1428 1842 1480 est?
1879 1427 2012 1492 Quis
2050 1426 2139 1479 hic
2186 1440 2316 1482 noc-

746 1540 944 1582 turnus
972 1525 1294 1580 c0nﬂictus?
1326 1523 1457 1588 Quae
1500 1523 1612 1574 hzec
1666 1530 1986 1588 tempestas,
2020 1519 2229 1573 amicos
2265 1519 2333 1572 ab

743 1623 999 1678 hostibus
1059 1636 1164 1672 non
1222 1616 1640 1670 inlCI'ntOVt‘llS?
1701 1613 1816 1667 Cur
1875 1615 2070 1667 vicinis
2129 1616 2332 1668 nostris

755 1713 1111 1783 Opprobrium
1177 1710 1302 1763 facti
1353 1725 1565 1771 smnus,
1619 1709 1973 1762 subsannatio
2028 1717 2082 1761 et
2129 1708 2331 1764 derisio

2436 509 2669 582 πρᾶγμα
2720 506 2811 557 καὶ
2853 505 3045 571 ὄνομα,
3111 522 3128 554 ι
3185 502 3330 555 οὓτω
3384 504 3521 572 φησὶ
3576 501 3822 572 προῖὼνο
3891 519 3908 552 ι
3950 500 4020 553 Τί

2432 597 2629 657 ταῦτα,
2677 590 2721 648 ὦ
2779 591 2948 650 οὗτοι.
2984 596 3075 647 καὶ
3112 595 3276 664 μέχρι
3307 593 3492 658 τίνσςς
3529 595 3666 646 Πότε
3705 593 3760 646 δὲ
3787 591 3886 661 τῆς
3921 592 4021 659 μέ·

2433 689 2533 755 οης
2561 686 2897 759 ἐκνήψομεν,
2929 686 2959 755 ἢ
3018 687 3128 738 τῶν
3158 683 3461 754 ὀφθαλμῶν
3495 683 3593 752 τὴν
3626 684 3809 752 λήμην
3858 699 4019 752 περι-

2433 784 2759 852 αιρήσομεν,
2793 780 2886 832 καὶ
2937 779 3072 848 πρὸς
3102 778 3162 830 τὸ
3192 779 3288 846 τῆς
3324 777 3588 847 ἀληθείας
3619 776 3734 844 φῶς
3785 776 4022 827 ἀναϐλέ-

2432 876 2645 946 ψομεν;
2700 874 2833 925 Ποῖα
2873 874 3210 938 σκοτὸμαινα
3260 870 3459 932 ταῦτα,
3521 870 3605 930 τίς
3648 870 4019 935 νυκτομαχία,

2432 970 2515 1029 τίς
2549 967 2686 1036 ζάλη
2726 966 2894 1034 φίλων
2928 964 3022 1016 καὶ
3063 963 3335 1030 πολεμίων
3363 962 3485 1029 ὄψιν
3521 962 3580 1013 οὐ
3615 960 3969 1028 διακρίνουσα
4001 976 4018 1022 ;

2434 1062 2587 1115 Διατί
2630 1061 2939 1128 γεγόναμεν
2986 1058 3189 1115 ὄνειδος
3240 1057 3352 1118 τοῖς
3397 1058 3638 1121 γείτοσιν
3675 1055 3852 1120 ἡμῶν,
3912 1068 4018 1118 μυ-

2433 1152 2739 1223 κτηρισμδς
2784 1151 2876 1202 καὶ
2913 1149 3218 1219 χλευασμὸς
3244 1150 3356 1209 τοῖς
3394 1145 3581 1212 κύκλῳ
3607 1144 3771 1214 ἡμῶν
3804 1162 3818 1211 ;
3847 1144 3941 1204 Τίς
3982 1144 4018 1211 ἡ

2435 1244 2717 1314 φιλοτιμία
2750 1243 2839 1294 τοῦ
2861 1241 3034 1296 κακοῦ
3061 1259 3075 1305 ;
3104 1242 3276 1293 Πόθεν
3311 1240 3484 1301 οὕτως
3523 1239 3773 1290 ἀθάνατα
3812 1237 4026 1311 κάμνοέθ

2437 1356 2538 1408 μεν
2571 1355 2585 1400 ς
2621 1336 2824 1406 μᾶλλον
2853 1336 2909 1387 δὲ
2940 1334 3059 1387 οὐδὲ
3105 1335 3411 1402 κάμνομεν,
3449 1331 3567 1383 ἀλλ’
3619 1330 3912 1401 ἐρρώμεθα
3942 1327 4024 1396 τῷ

2434 1433 2591 1504 κακῷ
2623 1451 2636 1498 ;
2672 1431 3034 1500 Μαινομένων
3062 1431 3119 1481 τ’)
3165 1428 3359 1490 πάθος,
3414 1426 3510 1480 καὶ
3550 1425 3791 1495 ἡδόμεθα
3838 1425 4022 1475 δαπα-

2434 1526 2688 1596 νώμενοι.
2743 1525 2852 1577 Καὶ
2902 1521 3142 1591 οὐδαμοῦ
3177 1522 3358 1587 λόγος,
3401 1520 3460 1571 οὑ
3491 1520 3666 1587 φίλος,
3694 1517 3756 1570 οὐ
3799 1516 4026 1584 σύμμα-

2438 1638 2553 1690 χος,
2607 1620 2706 1672 οὐκ
2768 1614 2973 1686 ἰατρὸς,
3030 1616 3063 1684 ἢ
3127 1613 3502 1683 φαρμακεύων
3555 1611 3586 1679 ἢ
3646 1611 3927 1676 ἐκτέμνων
3960 1609 4026 1658 τξ

2439 1713 2633 1775 πάθος,
2667 1712 2726 1764 οὐ
2765 1710 3122 1778 παραστάτης
3147 1706 3399 1774 ἄγγελος,
3435 1705 3496 1756 οὐ
3525 1701 3655 1764 Θεός
3676 1718 3689 1732 °
3715 1701 3852 1753 ἀλλὰ
3887 1699 4027 1767 πρὶς

747 1809 852 1866 his,
879 1806 970 1872 Qui
1005 1807 1055 1856 in
1089 1805 1321 1857 circuitu
1351 1813 1539 1855 nostro
1572 1802 1737 1854 sunt?
1767 1799 2051 1865 Quodnam
2087 1799 2189 1851 hoc
2216 1808 2326 1852 tam

2445 1808 2548 1867 τοῖς
2602 1802 2783 1863 ἄλλοις
2835 1803 2928 1853 καὶ
2967 1800 3068 1869 τὴν
3126 1797 3220 1850 τοῦ
3275 1794 3413 1847 Θεοῦ
3445 1792 3862 1863 φιλανθρωπίαν
3893 1791 4029 1857 ἡμῖν

744 1897 1006 1949 obnixum
1048 1894 1174 1946 ntali
1231 1892 1516 1945 studium?
1547 1891 1686 1955 Quid
1741 1903 1849 1943 tam
1908 1891 2207 1942 immortali
2245 1890 2329 1941 la-

746 1989 881 2044 bore
921 1985 1253 2057 fatigamur?
1287 1984 1427 2049 Quid
1471 1993 1650 2036 autem
1681 1983 1806 2036 dico
1844 1982 2140 2051 fatigamur
2169 1982 2191 2034 ?
2222 1982 2332 2038 imo

748 2097 811 2134 ex
843 2081 962 2146 ipso
987 2080 1152 2137 malo,
1179 2087 1232 2129 nt
1261 2075 1464 2129 furiosi
1495 2077 1706 2136 solent,
1730 2077 1900 2129 robur
1923 2087 2330 2142 comparamus,

745 2181 801 2222 et
847 2184 970 2220 cum
1013 2167 1378 2228 absumimur,
1431 2165 1770 2233 gaudemus,
1827 2180 1928 2217 nec
1987 2179 2217 2230 usquam
2249 2173 2333 2216 est.

752 2259 915 2324 ratio,
954 2275 1053 2310 nec
1102 2257 1333 2317 amicus,
1387 2271 1485 2309 nec
1521 2257 1727 2316 socius,
1779 2270 1877 2309 nec
1923 2255 2191 2321 medicus,
2240 2255 2332 2323 qui

755 2352 1010 2405 morbum
1075 2350 1157 2400 rel
1221 2347 1634 2400 nn-dicamentis
1691 2347 1878 2414 pellat,
1930 2346 2008 2398 vel
2068 2353 2334 2413 amputet.

751 2458 855 2498 nec
883 2441 1178 2511 opituletur
1222 2440 1466 2508 angelus,
1503 2453 1603 2491 nec
1654 2436 1799 2491 Deus
1839 2454 1853 2490 :
1894 2452 2083 2489 rerum
2143 2447 2336 2504 printer

752 2520 884 2599 alia,
924 2535 1011 2587 Dei
1047 2549 1264 2604 quoque
1303 2532 1696 2600 benignitatem
1741 2530 1900 2584 nobis
1930 2530 2332 2598 praeclusimus.

761 2646 781 2679 ι
824 2625 894 2682 L‘t
921 2628 1074 2696 quid,
1110 2625 1359 2687 Domine,
1409 2623 1691 2702 recessisd
1753 2623 1997 2693 longe”?
2051 2623 2337 2688 Quomodo

754 2721 1017 2774 averteris
1056 2720 1108 2772 in
1189 2717 1396 2771 linem?
1450 2718 1680 2781 Quando
1718 2731 1816 2769 nos
1860 2714 2146 2768 visitabis?
2189 2713 2336 2780 Quo-

757 2828 884 2864 nam
919 2814 1032 2864 haec
1079 2810 1518 2885 progredientur,
1558 2815 1613 2859 et
1661 2805 1752 2858 ubi
1802 2804 2339 2873 consistent?Equi-

754 2906 882 2958 dem
913 2919 1126 2966 vereor,
1159 2918 1226 2956 ne
1260 2917 1500 2970 praesens
1530 2914 1708 2952 rerum
1738 2908 1918 2952 status
1946 2897 2086 2966 ignis
2120 2898 2262 2950 illius
2282 2895 2335 2950 in

752 2995 1168 3063 exspectatione
1205 2993 1366 3062 positi
1400 2992 1586 3045 tullius
1615 2990 1837 3058 quidam
1867 2990 1976 3042 sit:
2005 3005 2073 3041 ne
2104 2988 2186 3042 his
2225 2990 2339 3042 An-

751 3090 1045 3145 tichristus
1067 3088 1441 3156 superveniat,
1476 3100 1541 3136 ac
1574 3093 1794 3137 nostros
1822 3085 2006 3151 lapsus
2041 3090 2095 3135 et
2120 3082 2339 3135 morbos

2440 1896 2625 1956 αὐτοῖς
2661 1891 3085 1959 ἐπεκλείσαμεν.
3129 1907 3146 1939 ι
3193 1890 3313 1940 Ἴνα
3353 1887 3429 1948 τί,
3477 1885 3672 1952 Κύριε,
3706 1883 4029 1948 ἀφέστηκας

2445 1983 2740 2056 μακρόθεν,
2772 1981 3010 2043 καὶπῶς
3043 1980 3368 2048 ἀποστρέφῃ
3400 1979 3480 2039 εἰς
3506 1975 3678 2039 τέλο;;
3710 1992 3728 2024 ι
3769 1973 3863 2023 καὶ
3892 1973 4034 2024 πότε

2442 2075 2751 2142 ἐπισκοπὴν
2777 2075 2934 2141 ήμῶν
2959 2074 3162 2142 ποιήσῃ
3196 2089 3211 2137 ;
3250 2071 3360 2124 Καὶ
3383 2069 3486 2121 ποῦ
3520 2068 3858 2136 προϐήσεται
3894 2062 4034 2114 ταῦ-

2440 2187 2529 2233 τα,
2555 2172 2650 2222 καὶ
2684 2172 2944 2237 στήσεται
2976 2184 2990 2231 ;
3029 2167 3255 2218 Δέδοικα
3291 2165 3364 2233 μὴ
3397 2165 3603 2223 nam);
3729 2157 3824 2211 τοῦ
3858 2171 4032 2225 προσ-

2440 2265 2752 2333 δοκωμένου
2781 2261 2951 2329 πυρὸς
2975 2262 3043 2313 τὰ
3095 2261 3339 2328 παρόντα
3363 2273 3378 2288 ⁸
3417 2257 3494 2326 μὴ
3522 2257 3736 2314 τούτοις
3775 2255 3802 2305 ὁ
3855 2249 4032 2301 Ἀντί-

2443 2375 2664 2428 χριστος
2708 2359 2930 2426 ἐπιστῇ,
2982 2353 3078 2408 καὶ
3128 2353 3318 2422 καιρὸν
3350 2352 3489 2422 λάϐῃ
3520 2349 3619 2417 τῆς
3659 2345 3828 2399 αὐτοῦ
3869 2336 4028 2396 δυνα-

2444 2451 2627 2511 στείας
2657 2450 2722 2500 τὰ
2754 2448 3001 2518 ἡμέτερα
3029 2441 3352 2510 πταίσματά
3373 2457 3433 2492 τε
3461 2439 3556 2491 καὶ
3587 2435 4026 2510 ἀρρωστήματα.

2443 2543 2519 2593 Οὐ
2560 2543 2668 2610 γὰρ
2697 2542 3006 2608 ὑγιαίνουσι
3033 2535 3335 2607 προσϐαλεϊ
3368 2532 3553 2601 τυχὸν,
3586 2529 3706 2582 οὐδὲ
3738 2530 3802 2597 τῇ
3835 2527 4031 2596 ἀγάπῃ

2445 2633 2931 2699 πεπυκνωμένοις.
2960 2649 2978 2679 ι
3020 2628 3132 2682 Καὶ
3175 2625 3555 2697 μετὰνβραχέα
3583 2638 3598 2654 ·
3642 2639 3660 2672 ι
3700 2620 3771 2672 Οὔ
3802 2617 4033 2686 διαρρή-

2448 2742 2615 2796 σομεν
2650 2725 2782 2794 ἡμῖν
2814 2725 2998 2783 αὐτοῖς
3026 2722 3148 2774 τίνα
3177 2720 3276 2789 μὲν
3305 2718 3366 2770 οὐ
3401 2713 3664 2786 ζητητέον
3688 2711 4029 2770 παντάπασι,

2444 2818 2568 2870 τίνα
2598 2815 2655 2867 δὲ
2680 2815 2821 2884 ὑπὲρ
2850 2808 2926 2865 ὧν
2963 2812 3225 2882 μετρίως,
3258 2811 3379 2861 τίνα
3410 2809 3466 2860 δὲ
3496 2805 3900 2875 συγχωρητέον,
3934 2800 4031 2852 καὶ

2446 2907 2817 2979 παραιτητέον
2864 2908 2978 2967 τοῖς
3008 2904 3300 2974 φιλέρισιν,
3336 2902 3484 2961 ὅπως
3533 2898 3600 2951 ἂν
3632 2898 3731 2968 ἔχη
3762 2897 3838 2956 ὡς
3875 2892 4031 2945 οὐδὲν

2448 3002 2538 3054 τὸν
2569 3001 2727 3066 λόγον
2775 2997 2934 3067 ἡμῶν
2970 2995 3475 3065 παραὸλάπτοντα;
3514 2989 3608 3042 καὶ
3649 2989 3773 3039 τίνα
3817 2985 3916 3053 μὲν
3957 2985 4028 3051 τῇ

2449 3095 2632 3147 πίστει
2686 3093 2870 3146 δοτέον
2922 3090 3083 3160 μόνῃ,
3136 3088 3257 3139 τίνα
3309 3085 3366 3137 δὲ
3411 3083 3508 3137 καὶ
3549 3083 3662 3142 τοῖς
3713 3076 4029 3145 λογισμοϊς;

757 3187 812 3238 in
851 3183 1192 3252 principatus
1233 3179 1318 3232 sui
1349 3178 1695 3232 occasionem
1733 3176 1960 3244 arripiat
1993 3195 2005 3230 :
2041 3190 2139 3228 nec
2171 3175 2337 3237 enim,

2457 3185 2632 3254 ’Υπὲρ
2667 3184 2724 3236 δὲ
2757 3183 2921 3235 τίνων
2956 3184 3051 3234 καὶ
3081 3179 3423 3249 πολεμητέον
3458 3174 3736 3243 ἐκθύμως,
3769 3172 4028 3238 λογικῶς,

752 3278 978 3346 opinor,
1023 3289 1186 3328 sanos
1249 3272 1547 3334 adorietur,
1605 3284 1703 3323 nec
1759 3267 2025 3321 charitate
2059 3276 2245 3336 septas
2286 3277 2340 3320 et

753 3371 1022 3423 munitos.
1064 3387 1081 3418 ›
1116 3365 1182 3418 Et
1231 3365 1424 3434 paucis
1477 3362 1777 3430 interjectis
1826 3376 1841 3414 :
1892 3379 1909 3411 ι
1965 3357 2225 3423 Quaenam
2273 3374 2339 3413 ne

749 3462 1050 3533 quierenda
1084 3461 1302 3530 quidem
1340 3458 1568 3511 omnino
1591 3466 1744 3519 sunt,
1767 3471 2016 3524 quanam
2049 3452 2338 3507 mediocri-

751 3566 1146 3625 ter-,qnaenam
1194 3551 1553 3606 contentiosis
1612 3548 1927 3602 hominibus
1991 3549 2338 3601 concedenda

761 3657 815 3700 et
853 3632 1232 3713 relinquenda,
1266 3655 1487 3710 quoquo
1521 3641 1684 3694 modo
1734 3639 1949 3692 tandem
1984 3653 2041 3691 se
2080 3638 2337 3701 habeant,

764 3747 952 3808 utpote
979 3737 1189 3790 nullum
1220 3735 1485 3788 doctrinae
1518 3742 1727 3786 nostra:
1768 3731 2158 3784 detrimentum
2207 3729 2341 3782 εσυ-

763 3832 940 3885 rentia
963 3830 986 3882 ἲ
1006 3829 1266 3894 Quaenam
1293 3826 1419 3880 lidei
1443 3825 1548 3880 soli
1583 3823 1863 3879 donanda?
1887 3825 2146 3889 Quaenam
2175 3825 2339 3876 etiam

757 3924 1299 3984 ratiocinationibus,
1337 3936 1436 3990 pro
1486 3919 1690 3988 quibus
1735 3919 1970 3987 denique
2010 3919 2121 3972 acri
2159 3920 2341 3971 animo

760 4015 1115 4086 pugnandum
1145 4015 1239 4078 sit,
1271 4013 1576 4068 rationibus
1607 4022 1811 4075 tamen,
1864 4027 1972 4064 non
2003 4009 2150 4065 ferro
2181 4019 2343 4079 atque

763 4107 972 4162 armis?
1031 4107 1170 4160 Nam
1234 4106 1492 4159 adversas
1543 4089 1765 4172 quoque
1819 4119 2012 4157 manus
2073 4104 2343 4167 attollere,

765 4214 990 4269 prorsus
1028 4214 1058 4250 ιι
1093 4212 1256 4250 causa
1289 4203 1475 4248 nostra
1513 4195 1751 4246 alienum
1798 4203 1903 4255 est,
1935 4203 2096 4261 atque
2122 4192 2188 4244 ad
2227 4209 2342 4255 eos,

763 4294 856 4362 qui
881 4293 1037 4346 nobis
1064 4289 1260 4344 infensi
1289 4298 1439 4351 sunt,
1467 4285 1988 4356 abjicicndum.Non
2018 4302 2182 4339 unam
2207 4288 2347 4340 hanc

767 4387 993 4456 pietatis
1024 4383 1267 4451 regulam
1317 4382 1476 4435 nobis
1529 4381 1865 4449 prepositam
1902 4394 2026 4432 esse
2059 4380 2344 4444 ducemus,

2446 3276 2559 3328 ἀλλ’
2603 3276 2703 3343 οὐχ
2747 3272 3083 3339 ὀπλιτικῶς,
3115 3271 3186 3324 Τὸ
3222 3272 3332 3340 γὰρ
3380 3269 3474 3322 καὶ
3513 3270 3706 3337 χεῖρας
3749 3265 4031 3332 ἀνταίρειν

2448 3367 2729 3429 παντελῶς
2764 3367 2868 3432 ἔξω
2893 3367 2992 3434 τῆς
3025 3366 3304 3433 ἡμετέρας
3349 3362 3543 3432 αὐλῆς,
3572 3361 3802 3421 καὶτοῖς
3839 3355 4033 3428 μισοῦ-

2448 3479 2533 3513 σιν
2564 3463 2712 3529 ἡμᾶς
2747 3460 3141 3528 ἀπορῤιπτέον.
3175 3457 3288 3525 Οὐχ
3318 3457 3407 3508 ἵνα
3440 3456 3541 3524 μὲν
3589 3454 3713 3520 ὅρον
3744 3450 4032 3514 εὐσεϐείας

2445 3553 2782 3622 ἡγησάμεθα
2844 3553 3174 3623 προσκυνεῖν
3215 3549 3457 3617 Πατέρα,
3509 3547 3605 3599 καὶ
3634 3545 3781 3610 Υίὸν,
3834 3543 3927 3595 καὶ
3969 3542 4031 3594 τὸ

2449 3645 2673 3714 Πνεῦμα
2703 3645 2763 3697 τὸ
2799 3646 2979 3712 ἅγιον,
3011 3645 3113 3712 τὴν
3146 3644 3274 3712 μίαν
3305 3643 3363 3694 ὲν
3397 3642 3510 3703 τοῖς
3537 3639 3683 3709 τρισὶ
3721 3638 3950 3707 θεότητά
3970 3653 4030 3689 τε

2451 3738 2548 3790 καὶ
2587 3737 2818 3806 δύναμιν
2861 3736 3029 3805 μηδὲν
3081 3733 3504 3804 ὑπερσέὸοντες,
3564 3731 3701 3803 μηδὲ
3740 3730 4036 3784 ὑποσέϐον-

2450 3848 2560 3894 τες,
2592 3831 2681 3882 ἵνα
2714 3830 2807 3880 καὶ
2830 3828 2991 3891 αὐτὸς
3021 3828 3215 3897 μικρόν
3256 3844 3312 3879 τι
3347 3828 3678 3897 μιμήσωμαι
3730 3826 3853 3886 τοὺς
3904 3823 4036 3893 περὶ

2450 3926 2625 3979 ταῦτα
2677 3923 2896 3992 σοφούς.
2931 3923 3004 3974 Τὸ
3039 3923 3137 3990 μὲν
3166 3923 3273 3991 γὰρ
3299 3921 3581 3981 ἀδύνατον,
3628 3919 3688 3971 τὸ
3716 3918 3772 3971 δὲ
3815 3916 4036 3985 ἀσεϐὲς,

2460 4017 2597 4088 μηδὲ
2640 4017 2871 4084 μέγεθος
2898 4018 2955 4065 ὲν
2997 4015 3278 4082 ὀνομάτων
3323 4013 3582 4079 κενότησι
3621 4011 4036 4073 διακόπτοντες.

2453 4110 2624 4162 Οὐδὲν
2652 4109 2760 4178 γὰρ
2808 4107 3005 4160 ἑαυτοῦ
3059 4107 3247 4176 μεῖζον
3299 4105 3610 4176 ἢέλαττον.
3662 4103 3869 4158 Τούτου
3901 4105 4040 4172 γοῦν

2458 4201 2794 4271 ὡρισμένου,
2846 4200 3044 4254 καὶτὰ
3087 4199 3221 4254 ἄλλα
3269 4200 3685 4268 ὁμονοήσωμεν,
3735 4199 3902 4269 ἦγουν
3937 4199 4040 4266 τῆς

2455 4295 2626 4362 αὐτῆς
2673 4293 2904 4361 Τριαδος
2960 4292 3055 4344 καὶ
3103 4292 3199 4342 τοῦ
3253 4291 3418 4344 αὑτοῦ
3452 4293 3638 4360 σχεδὸν
3666 4293 3936 4360 δόγματός
3976 4309 4039 4344 τε

2456 4384 2555 4436 καὶ
2583 4385 2858 4453 σώματος.
2888 4384 3000 4447 Τὰς
3030 4385 3086 4435 δὲ
3117 4385 3380 4451 περιττὰς
3407 4385 3502 4436 καὶ
3517 4385 3831 4453 ἀχρήστους
3855 4401 4038 4452 παρα-

767 4489 828 4531 ut
858 4476 1097 4537 Patrem,
1131 4473 1328 4528 Filium
1365 4485 1420 4527 et
1453 4474 1718 4541 Spiritum
1754 4482 2028 4535 sanctum,
2065 4489 2230 4526 unam
2292 4474 2338 4526 in

2456 4477 2664 4544 φυάδας
2709 4477 2804 4528 καὶ
2833 4476 3162 4546 παρεξόδους
3189 4477 3296 4528 τῶν
3328 4477 3422 4528 νῦν
3455 4477 3811 4546 ζητημάτων,
3846 4475 4038 4545 ὥσπερ

758 4572 946 4624 vti-ibus
985 4570 1235 4638 personis
1266 4569 1553 4631 Deitatem,
1592 4578 1648 4620 et
1690 4570 1991 4635 potentiam
2034 4569 2350 4633 adoremus,

769 4661 1382 4728 nihil«supercolentes,
1435 4671 1529 4710 ant
1582 4658 1929 4713 subcolentes
1978 4673 1993 4712 :
2041 4658 2171 4712 libet
2209 4659 2353 4712 enim

770 4754 1021 4808 nonnihil
1053 4767 1148 4805 eos
1207 4753 1432 4814 imitari,
1465 4753 1557 4821 qui
1607 4751 1659 4803 in
1695 4750 1860 4803 rebus
1884 4750 2003 4803 sciti
2036 4764 2098 4803 ac
2125 4751 2357 4805 solertes

763 4852 935 4905 sunt;
968 4843 1200 4894 alterum
1235 4842 1379 4894 enim
1416 4841 1534 4894 liet'i
1569 4857 1675 4894 non
1702 4851 1905 4909 potest,
1941 4842 2170 4894 alterum
2205 4840 2359 4894 nefa-

771 4932 913 4986 rium
963 4942 1017 4986 ct
1046 4934 1275 5006 impium
1307 4943 1390 4986 est
1418 4951 1433 4989 :
1463 4950 1562 4988 nec
1594 4935 2025 5001 magnitudinem
2059 4949 2222 4987 unam
2262 4949 2356 5002 per

772 5025 1058 5077 nominum
1103 5029 1399 5078 novitatem
1443 5028 1813 5081 discindentes
1840 5042 1854 5078 :
1886 5044 1987 5081 nec
2015 5028 2158 5081 enim
2191 5029 2351 5097 quid-

769 5130 942 5183 quam
982 5119 1167 5186 seipse
1212 5119 1390 5187 majus
1421 5128 1514 5171 aut
1543 5121 1722 5172 minus
1753 5128 1854 5173 est.
1886 5119 1998 5173 lloc
2024 5121 2223 5189 quippe
2259 5135 2354 5188 po-

772 5213 885 5264 sito
946 5221 1000 5263 et
1051 5211 1366 5275 constituto,
1435 5213 1647 5265 caeteris
1677 5214 1844 5266 etiam
1915 5212 1979 5277 in
2002 5213 2168 5266 rebus
2219 5228 2354 5267 con-

2455 4587 2508 4621 τι
2537 4569 2754 4639 νόσημα
2788 4569 2966 4622 κοινὸν
2994 4571 3301 4639 ἐκκόψομέν
3331 4587 3389 4621 τε
3447 4570 3540 4622 καὶ
3581 4571 3975 4639 ἀναιρήσομεν.
4016 4588 4034 4620 ›

2472 4661 2614 4714 Ἀλλ’
2644 4663 2700 4714 αἱ
2731 4661 2831 4731 μὲν
2878 4662 3150 4730 ὑποθῆκαι
3178 4661 3288 4714 τῶν
3320 4662 3422 4728 τῆς
3465 4661 3793 4730 Ἐκκλησίας
3821 4663 4042 4729 φωστήο

2461 4769 2592 4822 ρων,
2629 4750 2752 4804 καθ’
2782 4750 2848 4813 ἃς
2874 4750 3263 4820 ὑποτιθέμενοι
3293 4751 3570 4818 φαίνονται
3616 4751 3676 4801 τὸ
3703 4751 3812 4801 τῶν
3841 4749 4043 4812 λέξεων

2457 4846 2715 4916 διάφορον
2744 4846 3014 4915 παρορᾷν,
3045 4845 3206 4896 ὁπότε
3235 4846 3268 4914 ἡ
3294 4844 3428 4912 πρὸς
3459 4844 3666 4896 ἔννοιαν
3687 4842 4040 4913 ὁμοφροσύνη

2464 4938 2626 5006 μέσον
2649 4938 2759 4990 τῶν
2791 4939 2899 4989 ἀπὸ
2930 4937 3168 5006 Χριστοῦ
3193 4941 3347 5007 κοινῇ
3373 4939 3726 5006 καλουμένων
3749 4936 3916 4988 ἐθνῶν
3943 4937 4043 4986 καὶ

2464 5028 2676 5097 ἀνδρῶν
2713 5029 3087 5095 ἀναφαίνοιτο,
3122 5030 3278 5082 τόσαι
3305 5047 3361 5082 τε
3393 5033 3486 5082 καὶ
3511 5031 3736 5094 τοιαίδε,
3767 5029 3798 5097 ἦ
3838 5028 4041 5095 μᾶλλον

2463 5123 2525 5173 οὐ
2566 5123 2745 5184 τόσαι,
2789 5125 2913 5174 ἐπεὶ
2955 5125 3053 5189 καὶ
3102 5123 3262 5176 ἄλλαι
3310 5123 3488 5176 ἄλλων
3547 5123 3764 5189 πολλαὶ,
3810 5117 3887 5175 ῶν
3941 5122 4042 5191 τὴν

2464 5215 2699 5268 ἐνταῦθα
2733 5217 2952 5268 ἔκθεσιν
2991 5215 3321 5286 παρείδομεν
3348 5215 3435 5267 διὰ
3475 5216 3534 5268 τὸ
3567 5216 3912 5284 πολύστιχον.

766 5306 1099 5372 sentiemus,
1165 5309 1359 5361 saltem
1431 5311 1523 5379 qui
1569 5309 1816 5362 canidem
1890 5307 2213 5361 Trinitatem
2295 5310 2550 5374 colimus,
2617 5324 2780 5381 atque
2851 5312 3094 5383 ejusdem
3158 5327 3292 5379 pene
3347 5311 3620 5379 dogmatis
3671 5323 3726 5362 et
3790 5307 4046 5378 corporis

769 5412 988 5464 sumus,
1028 5415 1094 5453 ac
1127 5399 1434 5468 superﬂuos
1465 5411 1518 5454 et
1562 5401 1787 5454 inutiles
1847 5401 2216 5469 quaestionum
2255 5401 2487 5470 hujusce
2545 5406 2887 5473 tempestatis
2929 5403 3175 5457 stolones
3213 5417 3279 5455 ac
3301 5401 3564 5466 deﬂexus,
3596 5411 3853 5470 tanquam
3883 5415 4044 5454 com-

773 5505 999 5544 munem
1039 5493 1329 5562 quemdam
1403 5495 1655 5546 morbum
1727 5493 2134 5559 exscindemus,
2169 5503 2221 5547 et
2259 5496 2325 5549 de
2369 5497 2549 5550 medio
2599 5497 2873 5550 tollemus.

766 5585 1010 5648 Quinum,
1053 5585 1274 5654 quibus.
1335 5594 1395 5639 ut
1442 5587 1714 5652 videntur,
1764 5589 2081 5654 admonent,

847 5747 869 5774 '
908 5745 1053 5800 Psal.
1096 5749 1236 5812 x,l;
1276 5766 1374 5810 χιι,
1427 5752 1473 5802 l.

2944 5516 2963 5547 ι
3035 5494 3140 5549 Sed
3212 5496 3540 5550 documenta
3613 5495 3872 5550 Ecclesia
3961 5494 4048 5545 In-

2163 5606 2354 5644 vocuni
2415 5590 2757 5646 dillcrcntias
2822 5591 3171 5660 negligendas
3229 5605 3373 5653 esse,
3407 5604 3532 5644 cum
3581 5590 3864 5646 sententia:
3901 5605 4046 5644 unius
