4202 6444
748 408 815 467 δι
1814 394 2028 457 JOAN.
2062 393 2277 455 VECCI
2318 394 2425 455 CP.
2476 394 2992 457 PATRIARCILE
3939 400 4011 463 52

750 521 814 558 et
850 505 1061 561 duabus
1085 505 1268 561 causis
1291 506 1444 561 illum
1465 517 1522 563 et
1545 510 1820 579 progredi,
1852 519 1906 564 et
1926 510 2237 580 provenire,
2270 518 2324 563 et

2450 508 2524 561 κάν
2546 512 2574 562 ὁ
2599 508 2776 578 λέγων
2800 512 2864 565 ὲκ
2881 511 2975 565 τοῦ
3003 511 3221 582 Πατρδς
3243 513 3341 565 καὶ
3378 511 3473 567 τοῦ
3514 511 3645 567 Υἱοῦ
3674 512 3807 568 αὐτὸ
3849 512 4014 565 ixm-

749 599 929 652 emitti
989 600 1195 652 dicere.
1252 598 1355 655 Sed
1402 615 1583 667 nemo,
1621 601 1921 656 dummodo
1956 602 2214 673 pietatem
2267 601 2321 653 in

749 700 970 752 pectore
1004 690 1166 759 gerit,
1189 706 1257 745 ex
1288 692 1503 745 duabus
1542 694 1726 748 causis
1764 706 1861 747 aut
1891 695 2202 763 provenire,
2232 704 2327 748 aut

754 782 1030 848 progredi,
1060 790 1154 836 aut
1205 784 1380 836 emitti
1418 783 1588 849 dicet.
1625 784 1691 841 Et
1736 787 1958 856 quidem
1994 802 2024 840 a
2062 787 2325 842 Romanis

750 873 804 921 in
834 870 957 924 lldei
1005 869 1266 942 Symbolo
1310 870 1572 928 dictionis
1617 874 1976 941 additionem,
2041 892 2166 929 cum
2210 877 2323 946 jatn

752 961 897 1015 facta
922 964 1013 1026 sit,
1072 979 1179 1017 non
1238 967 1377 1021 bene
1423 965 1620 1021 factam
1664 983 1787 1023 esse
1839 968 2072 1024 dixero?
2121 970 2324 1024 bonum

756 1055 897 1106 haud
937 1055 1225 1109 dicendum
1282 1067 1386 1123 est,
1415 1059 1680 1129 quidquid
1739 1060 2003 1115 fratribus
2033 1061 2322 1117 dissidium

754 1143 927 1198 alTert.
961 1144 1093 1199 Mihi
1135 1163 1359 1217 quoque
1401 1159 1580 1203 tecum
1642 1152 1757 1205 haec
1808 1152 2009 1206 dicenti
2044 1153 2324 1206 convenit.

754 1237 1147 1293 Verumtamen
1210 1257 1334 1294 cum
1395 1242 1655 1297 dictionis
1685 1243 1912 1311 hujusce
1968 1244 2176 1297 additio
2225 1260 2329 1299 suo

755 1341 921 1381 sensu
955 1329 1211 1396 pietatem
1243 1332 1405 1386 nobis
1436 1334 1688 1387 traditam
1715 1335 2027 1389 nullatenus
2050 1337 2327 1399 vulneret,

753 1427 959 1489 tneque
990 1422 1133 1474 enim
1174 1439 1342 1476 unum
1384 1427 1657 1491 essentia,
1696 1442 1875 1496 neque
1916 1428 2119 1481 trinum
2161 1426 2331 1496 hypo-

755 1520 977 1565 staseon
1012 1514 1203 1583 laedit),
1252 1515 1516 1573 fratribus
1550 1519 1761 1573 veniam
1814 1521 1906 1583 do,
1961 1527 2016 1573 et
2071 1518 2330 1573 dictionis

757 1603 1090 1659 additionem
1130 1610 1464 1677 praeteriens,
1517 1612 1951 1666 consentientem
2000 1610 2323 1665 sententiam

757 1695 984 1763 arripio,
1046 1698 1456 1770 discipulusque
1519 1702 1730 1757 efﬁcior
1787 1718 1973 1757 eorum
2020 1703 2329 1765 doctorum,

758 1784 855 1852 qui
888 1787 941 1838 iii
1000 1788 1332 1845 dictionibus
1384 1792 1787 1847 discordantias
1844 1792 2202 1863 negligentes.
2261 1794 2332 1844 ob

758 1880 1176 1934 consensionem
1211 1885 1495 1938 sententia:
1526 1900 1712 1953 pacem
1768 1884 2259 1952 amplectebantur.

2429 604 2551 671 ρεύε
2563 602 2685 654 σθαι
2721 602 2815 654 δύο
2843 603 2939 656 τοῦ
2970 602 3290 670 Πνεύματος
3316 604 3465 657 αἷτια
3501 604 3656 676 λέγῃ,
3680 604 3770 657 τὸν
3798 603 4020 671 Πατέρα

2429 696 2525 746 καὶ
2558 694 2647 745 τὸν
2683 692 2833 755 Υἱὺν,
2866 693 2962 746 καὶ
2993 696 3021 747 ὁ
3067 696 3131 746 ὲκ
3161 694 3256 747 τοῦ
3316 695 3530 764 Πατρδς
3584 698 3678 748 καὶ
3720 694 3818 747 τοῦ
3881 692 4015 747 Υἱοῦ

2427 784 2818 852 προέρχεσθαι,
2884 785 2917 855 ἢ
2982 786 3255 855 προϊέναι,
3313 786 3345 857 ἢ
3403 785 3787 853 ἐκπέμπεσθαι
3835 785 4015 854 λέγων

2426 878 2586 940 αὐτ),
2611 862 2679 928 ἒκ
2711 876 2803 928 δύο
2834 875 3022 929 αἰτίων
3050 877 3144 929 καὶ
3182 877 3460 947 προϊέναι,
3488 879 3583 929 καὶ
3618 876 4013 948 προέρχεσθαι,

2429 968 2525 1020 καὶ
2588 968 2979 1037 ἐκπέμπεσθαι
3033 967 3184 1036 λέγει
3230 970 3383 1023 αὑτό.
3437 969 3599 1022 Ἀλλά
3647 971 3754 1039 μὴν
3812 969 4015 1035 οὐδεὶς,

2431 1056 2756 1127 βουλόμενος
2788 1058 3033 1111 εὐσεϐεῖν
3087 1059 3163 1121 ὡς
3194 1061 3256 1111 ἐκ
3323 1060 3418 1112 δύο
3463 1060 3655 1113 αἰτίων
3685 1061 3716 1129 ἢ
3749 1063 4022 1128 προῖἐναι,

2428 1148 2463 1217 ἢ
2505 1149 2874 1218 προέρχεσθαι
2900 1149 2960 1200 τὸ
2996 1150 3220 1218 Πνεῦμα
3248 1153 3381 1219 ἐρεῖ.
3411 1151 3519 1203 Καὶ
3546 1152 3627 1204 ὅτι
3667 1151 3764 1221 μὲν
3788 1153 3820 1219 ή
3865 1153 4020 1220 παρὰ

2430 1240 2541 1292 τῶν
2590 1240 2882 1309 Ῥωμαίων
2917 1244 3176 1308 γεγονυῖα
3216 1242 3309 1296 ἐπὶ
3345 1242 3422 1311 τῷ
3449 1243 3548 1312 τῆς
3590 1244 3829 1303 πίστεως
3868 1243 4023 1309 Συμ-

2431 1333 2576 1402 ϐόλῳ
2600 1332 2890 1402 προσθήκη
2925 1333 3025 1394 τῆς
3056 1332 3280 1397 λέξεως,
3335 1336 3417 1387 ὅτι
3460 1337 3554 1387 καὶ
3599 1334 3737 1395 ὅλως·
3771 1334 4026 1399 γέγονεν,

2430 1427 2491 1479 οὐ
2532 1425 2711 1485 καλῶς
2739 1426 2963 1492 γέγονεν
2990 1427 3166 1487 sint»;
3200 1425 3365 1478 καλὸν
3410 1428 3510 1478 οὐκ
3540 1426 3687 1478 ἐστιν
3714 1428 3887 1478 εἰπεῖν
3920 1427 4037 1477 πᾶν

2429 1518 2493 1569 τὸ
2530 1516 2813 1569 διάστασιν
2865 1519 2979 1579 τοῖς
3009 1518 3258 1586 ἀδελφοῖς
3294 1518 3609 1587 προξενοῦψ
3646 1518 3904 1587 σύμφημι
3945 1532 4037 1570 σοι

2433 1608 2513 1678 τῷ
2554 1608 2773 1676 λέγοντι
2806 1608 2901 1661 καὶ
2939 1609 3105 1671 αύτός
3127 1626 3141 1638 ⁸
3174 1610 3258 1663 ὃτι
3293 1611 3347 1662 δὲ
3383 1613 3415 1681 ή
3464 1612 3565 1680 τῆς
3594 1610 3794 1675 λέξεων
3824 1610 4035 1677 ταύτης

2440 1702 2733 1771 προσθήκη
2765 1701 2916 1753 οὐδέν
2944 1718 2997 1753 τι
3029 1701 3474 1771 παρατιτρὼσκει
3519 1702 3656 1771 πρὸς
3689 1702 3899 1754 ἔννοιαν
3930 1702 4038 1771 τὴν

2436 1794 2568 1861 ήμῖν
2599 1793 2996 1861 παραδοθεῖσαν
3021 1793 3303 1847 εὐσέϐειαν
3324 1811 3337 1824 ο
3369 1793 3620 1864 οὔτεγὰρ
3655 1795 3716 1845 τό
3750 1794 4042 1863 μοναδικὸν

2361 1869 2411 1929 Β
2438 1883 2503 1952 τῆ
2516 1902 2533 1935 :
2548 1882 2736 1945 οὐσίας
2750 1883 2812 1934 λυ
2823 1884 3074 1952 μαίνεται
3093 1885 3291 1938 οὕτετδ
3309 1886 3417 1939 τῶν
3435 1888 3788 1940 ὐποστάσεων
3823 1903 3851 1937 τ
3860 1885 4041 1955 ριαδι-

762 1977 858 2024 κόν
886 1976 1294 2044 ’ξσυγγινώσκω
1330 1983 1439 2042 τοῖς
1481 1981 1754 2049 ἀδελφοῖς,
1801 1980 1895 2033 καὶ
1942 1978 2263 2049 προσθήκην
2300 1978 2497 2045 λέξεως
2541 1981 2925 2049 παρατρέχων,
2962 1982 3021 2033 τδ
3063 1982 3357 2051 σύμφωνον
3393 1985 3491 2053 τῆς
3536 1982 3747 2043 ἐννοίας
3778 1982 4041 2048 ἁρπάξων

763 2070 861 2124 καὶ
906 2072 1156 2143 μαθητὴς
1193 2074 1527 2130 διδασκάλων
1570 2079 1814 2141 ἐκείνων,
1850 2076 1901 2129 οἶ
1948 2076 2009 2130 τὸ
2049 2076 2109 2130 ἐν
2154 2076 2332 2141 λέξεσι
2374 2075 2726 2146 παρορῶντες
2771 2075 3102 2146 ἀσύμφωνον
3134 2077 3237 2147 τὴν
3274 2077 3365 2129 ἐπὶ
3395 2076 3473 2147 τῷ
3515 2076 3797 2145 συμφώνῳ
3825 2074 4041 2136 ἐννοίας

763 2164 989 2233 εἰρήνην
1027 2167 1360 2235 ἠσπάζοντο.

837 2262 927 2315 45.
963 2260 1058 2315 Sat
1076 2263 1191 2316 scio
1222 2273 1275 2316 te
1302 2279 1518 2318 rursum
1540 2264 2075 2320 contradictionibus
2099 2264 2325 2320 studen-

762 2363 900 2433 tem,
929 2354 1195 2422 ingerere,
1226 2363 1281 2409 et
1307 2359 1586 2425 quomodo
1625 2358 2015 2427 proprietatem
2062 2357 2339 2412 confusio-

770 2461 890 2499 nem
925 2462 1031 2501 non
1064 2448 1390 2511 introduret,
1437 2450 1528 2519 qui
1582 2451 1801 2517 asserit,
1845 2451 2141 2521 procedere
2168 2450 2344 2519 Spiri-

768 2547 884 2589 tum
914 2546 968 2590 et
991 2553 1055 2591 ex
1079 2537 1256 2593 Filio?
1283 2538 1393 2607 Ego
1426 2540 1521 2593 tibi
1552 2540 1757 2610 scripto
1790 2539 2005 2594 traditis
2032 2539 2338 2593 auctorita-

768 2629 936 2692 tibus,
963 2628 1180 2684 Triadis
1226 2632 1635 2699 propriissimas
1678 2632 2040 2701 proprietates
2072 2630 2174 2685 tria
2230 2630 2346 2685 lucc

771 2722 993 2774 nomina
1036 2738 1180 2784 esse,
1213 2723 1471 2790 {Patrem
1522 2723 1745 2789 Filium,
1778 2733 1833 2779 et
1878 2724 2141 2793 Spiritum
2174 2738 2331 2776 com-

774 2821 1108 2874 moustrans,
1147 2823 1295 2865 tuam
1330 2815 1469 2867 hanc
1488 2814 1977 2870 contradictionem
2004 2815 2334 2869 convellam.

768 2897 983 2954 Etenim
995 2904 1040 2955 si
1062 2918 1183 2955 vera
1201 2904 1501 2970 proprietas
1520 2904 1780 2973 Spiritus.
1799 2905 1897 2959 lioc
1921 2905 2095 2973 ipsum
2116 2914 2220 2968 est,
2241 2919 2348 2958 nou

769 3007 894 3046 esse
925 3010 1050 3047 eum
1095 2994 1332 3061 Patrem,
1381 3012 1557 3067 neque
1584 2997 1805 3058 Filium,
1836 2999 1927 3052 sed
1962 2997 2337 3051 tantummodo

775 3083 1065 3151 Spiritum,
1097 3095 1151 3139 et
1183 3086 1442 3155 Spiritum
1488 3087 1662 3141 Patris
1692 3100 1744 3142 et
1786 3086 1929 3152 Filii,
1959 3089 2165 3158 poteris
2213 3088 2342 3141 hinc

2529 2272 2615 2321 ιε’.
2642 2261 2771 2319 Οἶδα
2804 2265 2886 2319 ὅτι
2908 2263 3071 2319 πάλιν
3104 2263 3429 2333 βουλόμενος
3454 2261 3756 2328 ἀντιλέγειν
3792 2278 3903 2327 μοι,
3940 2258 4040 2312 καὶ

2463 2358 2604 2424 πῶς,
2636 2362 2850 2428 φήσεις,
2886 2357 2945 2410 ού
2982 2357 3243 2427 σύγχυσις
3278 2355 3387 2409 τῶν
3421 2354 3697 2423 ἰδιοτήτων
3757 2351 3911 2404 ἔσται
3975 2350 4041 2402 τὶ

2450 2451 2630 2519 λέγειν
2671 2449 3069 2520 ἐκπορεύεσθαι
3115 2450 3177 2502 τὸ
3220 2448 3445 2517 Πνεῦμα
3473 2448 3567 2500 καὶ
3598 2447 3661 2498 έκ
3707 2443 3805 2497 τοῦ
3861 2442 4039 2507 Υῐοῦς

2466 2541 2609 2611 Ἐγὼ
2643 2542 2699 2594 δέ
2735 2558 2818 2595 σοι
2842 2542 2930 2595 διὰ
2959 2540 3250 2611 γραφικῶν
3296 2541 3655 2608 παραστήσας
3715 2534 4044 2606 μαρτυριῶν

2454 2634 2531 2696 ὼς
2561 2635 2617 2686 αἱ
2647 2634 2745 2703 τῆς
2775 2633 3007 2702 Τριάδος
3037 2632 3245 2704 κυρίως
3291 2633 3555 2700 ἰδιότητες
3578 2631 3644 2683 τά
3676 2629 3804 2698 τρία
3860 2628 4043 2680 ταῦτα.

2451 2725 2698 2794 ὀνόματά
2726 2724 2860 2787 εἱσι,
2892 2724 2949 2781 τὸ
2982 2724 3194 2794 Πατὴρ,
3229 2722 3357 2785 Υἱός
3380 2738 3460 2782 τε,
3498 2723 3592 2772 καὶ
3647 2718 3897 2787 Πνεῦμα,
3937 2717 4044 2785 τὴν

2456 2816 2556 2887 σὴν
2584 2816 2791 2889 ταύτην
2818 2817 3143 2887 ἀντίρρησιν
3176 2815 3585 2883 ἀποτρέψομαι·
3614 2815 3662 2865 εξ
3695 2815 3801 2881 γὰρ
3841 2812 3875 2879 ή
3942 2826 4010 2862 κυ

2457 2908 2587 2979 pitu;
2620 2908 2819 2977 ἰδιότης
2843 2907 2939 2961 τοῦ
2995 2905 3313 2976 Πνεύματος
3367 2906 3503 2959 αὐτὸ
3546 2902 3713 2956 τοῦτὸ
3769 2907 3908 2961 ἐστι,
3975 2900 4044 2952 τ’)

2460 3002 2599 3071 μήτε
2634 3000 2857 3067 Πατέρα
2895 2996 3036 3053 εἶναι
3082 2998 3239 3062 αὐτὸ,
3288 2999 3427 3066 μήτε
3488 2994 3638 3056 Υἱδν,
3686 2994 3823 3047 ἀλλὰ
3877 2993 4045 3061 μόνον

2456 3091 2706 3161 Πνεῦμα,
2737 3091 2832 3143 καὶ
2870 3090 3101 3159 Πνεῦμα
3127 3089 3342 3159 Πατρὺς
3372 3088 3464 3142 καὶ
3502 3086 3656 3146 Υἰοῦ,
3683 3088 3825 3154 ἔχεις
3851 3082 4039 3137 ὲντεῦο

774 3188 1027 3231 accurate
1060 3178 1403 3247 dignoscere,
1448 3194 1513 3234 ea
1561 3181 1772 3233 ratione
1814 3194 1921 3248 qua
1968 3179 2202 3248 Spiritus
2235 3179 2346 3233 Pa-

2460 3182 2552 3235 θεν
2586 3181 2831 3251 ἀκριϐῶς
2858 3180 3151 3247 διαγνῶναι
3185 3182 3290 3245 ὅτι,
3316 3178 3507 3249 ὥσπερ
3540 3176 3767 3245 Πνεῦμα
3798 3174 4043 3242 Πατρος,

776 3268 898 3329 tris,
934 3277 986 3321 et
1022 3270 1260 3338 Spiritus
1306 3268 1427 3323 Filii
1480 3278 1702 3326 sanctus
1749 3271 1990 3341 Spiritus
2028 3271 2255 3333 dicitur,
2299 3280 2346 3325 et

2464 3274 2559 3328 καὶ
2589 3272 2812 3341 Πνεῦμα
2840 3272 2971 3325 Υιοῦ
3006 3270 3066 3324 τδ
3095 3270 3249 3340 ἅγιον
3280 3271 3500 3337 λέγεται
3537 3268 3779 3336 Πνεῦμα,
3833 3274 3927 3319 καὶ
3982 3265 4045 3317 αῑ

777 3359 1143 3428 ltypostuseon
1169 3361 1531 3429 proprietates
1564 3376 1673 3415 non
1699 3361 2136 3427 confunduntur,
2165 3364 2346 3417 eadem

2461 3363 2571 3416 τῶν
2605 3364 2963 3415 ύποστάσεων
2982 3363 3244 3432 ἰδιότητες
3264 3362 3326 3414 οὐ
3350 3344 3744 3428 συγκέχυνται,
3777 3356 3921 3409 οῦτω
3944 3356 4046 3407 καὶ

776 3466 901 3504 cum
936 3466 965 3504 a
1001 3452 1157 3505 nobis
1182 3467 1249 3505 ex
1300 3454 1462 3506 Patre
1504 3454 1798 3521 procedere
1832 3454 2056 3520 dicitttr,
2091 3464 2144 3509 et
2185 3470 2215 3509 a
2252 3456 2358 3509 Ro-

778 3548 958 3601 manis
983 3562 1047 3599 ex
1077 3547 1235 3601 Patre
1264 3556 1320 3601 et
1350 3546 1511 3609 Filio,
1558 3547 1909 3601 inconfusum
1952 3548 2350 3617 proprietatum

779 3641 1115 3693 ronservari.
1152 3640 1219 3690 At
1265 3654 1516 3707 quaenam
1569 3648 1697 3692 sunt
1740 3640 1971 3707 bujusce
2003 3640 2354 3709 pr0prietutis

778 3733 985 3799 scripta
1048 3730 1399 3785 testimonia?
1446 3727 1753 3799 Nyssenus,
1789 3730 2028 3785 secunda
2095 3733 2356 3784 adversus

784 3822 1110 3876 Eunomium
1143 3820 1389 3874 oratione
1418 3835 1433 3873 :
1460 3837 1479 3870 ι
1511 3817 1911 3889 Hypostaseon,
1936 3820 2034 3884 ait,
2048 3822 2357 3888 proprietas

782 3924 1027 3983 apertam
1062 3923 1116 3966 ct
1163 3911 1508 3966 iuconfusam
1554 3910 1719 3964 ellicit
1752 3926 2113 3979 personarum
2160 3913 2360 3966 distin-

781 4008 1044 4070 ctionem,
1080 4004 1279 4068 Patris,
1325 4005 1570 4072 inquam,
1606 4012 1659 4055 et
1689 4001 1833 4067 Filii,
1867 4012 1921 4056 et
1966 4002 2204 4072 Spiritus
2233 4018 2359 4057 san-

782 4103 853 4155 rti
903 4120 915 4155 ;
972 4102 1056 4153 liis
1094 4099 1241 4152 enim
1302 4096 1818 4165 compellationibus
1871 4109 1980 4149 non
2037 4105 2354 4149 naturarum

784 4193 1081 4247 discrimen
1158 4189 1499 4251 edocemur,
1586 4186 1681 4241 sed
1768 4186 1917 4241 solas
1993 4185 2359 4256 bypostaseou

783 4286 1095 4355 exploratas
1158 4281 1532 4351 proprietates.
1566 4280 1993 4349 Clirysostomus
2020 4280 2205 4331 inuno
2230 4291 2360 4331 suo-

785 4393 907 4430 rum
943 4386 1260 4428 sermonum
1304 4372 1419 4425 haec
1447 4371 1624 4439 inquit
1657 4387 1671 4423 :
1713 4388 1731 4421 ι
1771 4369 2161 4439 Proprietatem
2210 4370 2358 4423 enim

787 4484 910 4527 cum
929 4468 1140 4530 dixero,
1165 4463 1379 4518 Patrem
1402 4460 1616 4515 Patrem
1638 4460 1948 4529 intelligito,
1980 4469 2034 4513 et
2056 4457 2250 4512 Filium
2273 4458 2360 4511 Fi—

2462 3456 2589 3509 ὅταν
2612 3455 2731 3509 καθ’
2762 3456 2911 3524 ήμᾶς
2946 3456 3045 3523 μὲν
3070 3456 3134 3506 ὲκ
3175 3451 3389 3523 Πατρδς
3423 3449 3822 3520 ἐκπορεύεσθαι
3874 3447 4045 3515 λέγη-

2459 3561 2575 3609 ται,
2621 3544 2764 3597 κατὰ
2813 3543 2871 3596 δὲ
2915 3544 3043 3604 τοὺς
3084 3542 3393 3612 Ῥωμαίους
3428 3545 3489 3595 ὲκ
3517 3542 3729 3609 Πατρδς
3761 3541 3854 3592 καὶ
3882 3537 4044 3600 Υἱοῦ,

2462 3636 2522 3687 τὸ
2562 3635 2874 3703 ἀσύγχυτον
2896 3633 3007 3687 τῶν
3044 3633 3328 3699 ἱδιοτήτων
3362 3635 3683 3701 τετήρηται.
3710 3632 3867 3691 Τῖνες
3894 3629 3951 3681 δὲ
3983 3631 4045 3680 αἱ

2460 3727 2735 3797 γραφικαὶ
2792 3726 2891 3794 τῆς
2946 3724 3205 3793 τοιαύτης
3260 3723 3524 3792 ἰδιότητος
3599 3723 3935 3792 μαρτυρίαις
3981 3721 4047 3773 Ὀ

2464 3818 2689 3884 Νύσσης
2731 3818 2788 3868 ἐν
2815 3814 2894 3884 τῷ
2922 3815 3045 3867 κατ’
3078 3815 3346 3883 Εὑνομίου
3373 3814 3612 3884 δευτέρῳ
3651 3814 3794 3881 λόγῳ
3846 3810 4044 3873 αὑτοῦ,

2469 3926 2487 3959 ι
2511 3909 2576 3961 Ἡ
2597 3907 2707 3959 τῶν
2742 3905 3152 3968 ὑποστάσειυν,ι
3193 3904 3383 3972 φησὶν,
3423 3919 3442 3953 ι
3479 3903 3677 3971 ἰδιότης
3710 3902 3918 3971 τρανὴν
3946 3898 4047 3950 καὶ

2462 3998 2772 4067 ἀσύγχυτον
2810 3998 3047 4048 ποιεῖται
3079 3993 3181 4063 τὴν
3201 3993 3312 4045 τῶν
3364 3992 3677 4063 προσώπων
3728 3988 4043 4057 διαστολὴν,

2461 4089 2674 4158 Πατρός
2704 4086 2848 4154 λέγω
2878 4087 2972 4139 καὶ
3023 4084 3180 4144 Υἱυῦ,
3238 4084 3330 4136 καὶ
3358 4084 3519 4150 ἁγίου
3566 4081 3914 4150 Πνεύματος.
3941 4079 4045 4131 Διά

2463 4182 2575 4251 γὰρ
2599 4180 2711 4231 τῶν
2748 4178 2993 4247 κλήσεων
3016 4175 3225 4228 τούτων
3259 4174 3322 4227 οὐ
3350 4174 3567 4242 φύσεων
3594 4173 3863 4239 διαφορὰν
3894 4172 4045 4223 διδα-

2466 4274 2735 4342 σκόμεθα,
2773 4270 2909 4325 ἀλλὰ
2930 4271 3102 4335 μόνας
3128 4270 3229 4331 τὰς
3252 4268 3363 4320 τῶν
3416 4267 3774 4319 ὑποστάσεως)
3838 4280 4045 4331 γνωρι-

2464 4368 2656 4428 στικάς
2690 4366 2985 4434 ἰδιότητας.
3018 4382 3036 4415 ι
3084 4363 3146 4415 '0
3176 4362 3562 4429 Χρυσόστομος
3591 4360 3649 4411 ἔν
3671 4376 3779 4411 τινι
3808 4358 3916 4409 τῶν
3942 4358 4046 4408 αῦ-

2463 4457 2559 4511 τοῦ
2592 4458 2767 4523 λόγων
2797 4456 2940 4509 οὕτω
2970 4454 3159 4524 φησιν’
3199 4472 3217 4505 ι
3270 4453 3536 4520 ’ἰδιότητα
3559 4452 3668 4519 γὰρ
3709 4452 3840 4503 ὅταν
3876 4448 4044 4512 εἴπω,

787 4566 901 4615 ium
929 4601 944 4626 ,
969 4573 1024 4614 et
1047 4559 1308 4627 Spiritum
1349 4565 1600 4611 sanctum
1650 4552 1910 4622 Spiritum
1955 4561 2229 4607 sanctum.
2270 4551 2346 4607 Ha

2466 4551 2558 4604 τὸν
2585 4548 2805 4618 Πατέρα
2832 4549 3054 4616 Πατέρα
3094 4549 3310 4613 νόησον,
3337 4545 3429 4596 τὸν
3465 4543 3593 4594 Υἱὶιν
3658 4542 3804 4602 Υιὸν,
3855 4540 3947 4592 καὶ
3984 4544 4048 4590 τὸ

788 4654 933 4709 enim
968 4651 1325 4721 proprietates
1353 4662 1461 4701 non
1488 4654 1897 4699 convertuntur.
1934 4642 2068 4697 Nam
2127 4659 2233 4697 non
2260 4660 2359 4714 po-

792 4754 897 4797 test
922 4745 1077 4798 Pater
1110 4740 1279 4795 Filius
1304 4755 1447 4799 esse,
1480 4746 1573 4791 aut
1593 4738 1763 4793 Filius
1794 4736 1975 4808 Pater,
2001 4746 2096 4791 aut
2126 4734 2364 4803 Spiritus

792 4843 1016 4887 sanctus
1048 4832 1208 4885 Pater
1233 4869 1249 4894 ,
1297 4839 1386 4883 aut
1418 4828 1610 4883 Filius.
1648 4848 1667 4881 ι
1721 4830 1788 4883 Et
1829 4829 1999 4883 abbas
2045 4827 2364 4881 Theodorus

791 4926 1170 4995 philosophus,
1202 4940 1221 4974 ι
1251 4922 1379 4976 [late
1402 4923 1504 4974 tria
1528 4920 1701 4974 nihilo
1730 4920 1870 4974 inter
1884 4934 2002 4975 sese
2031 4919 2365 4981 discordant,

797 5018 899 5071 nisi
932 5014 1284 5071 solummodo
1316 5014 1664 5082 proprietate,
1700 5013 1845 5065 liunc
1871 5012 2083 5067 scilicet
2107 5026 2228 5066 esse
2263 5010 2366 5065 Pa-

796 5118 959 5175 trem,
990 5108 1135 5161 bunc
1185 5105 1405 5168 Filium,
1438 5104 1592 5158 illum
1638 5103 1900 5158 Spiritum
1924 5112 2195 5159 sanctum.
2236 5120 2255 5152 ι

872 5289 963 5342 16.
1009 5286 1175 5340 Visne
1202 5293 1256 5340 et
1294 5284 1442 5338 aliud
1471 5298 1617 5338 nunc
1658 5282 1712 5337 in
1759 5296 1989 5337 examen
2024 5280 2372 5350 proponere?

802 5384 913 5442 Ait.
941 5379 1165 5448 effundi,
1212 5377 1477 5446 progredi,
1527 5391 1798 5439 emanare,
1837 5385 1891 5428 et
1929 5375 2152 5436 similia,
2179 5373 2369 5433 etsi,in

802 5470 1081 5525 nonnullis
1126 5467 1262 5524 locis
1310 5467 1655 5535 reperiuntur
1701 5465 1770 5519 de
1806 5463 2011 5533 Spiritu
2047 5473 2255 5517 asserta
2304 5478 2371 5517 ex

805 5563 986 5621 Patre,
1020 5557 1368 5613 essentialem
1401 5557 1642 5611 indicant
1685 5565 1740 5611 et
1788 5556 2093 5611 naturalem
2133 5555 2277 5609 illius
2301 5568 2365 5608 ex

805 5653 966 5708 Patre
984 5650 1358 5707 exsistentiam
1382 5666 1397 5705 :
1422 5664 1529 5704 non
1560 5663 1715 5719 mque
1749 5663 1902 5715 vero,
1928 5664 2053 5702 cum
2084 5663 2148 5702 ea
2174 5648 2373 5701 dicun-

809 5758 898 5800 tur
926 5762 988 5799 ες
1038 5744 1201 5809 Filio,
1246 5742 1508 5806 inferunt,
1554 5741 1876 5797 naturaliter
1905 5750 1959 5795 et
1999 5739 2368 5795 essentialiter

811 5838 1074 5903 Spiritum
1108 5851 1229 5893 esse
1268 5851 1333 5893 ex
1362 5835 1520 5903 Filio,
1547 5836 1640 5891 sed
1669 5850 1736 5891 ex
1775 5847 1843 5891 eo
1880 5833 2211 5902 spiritalium
2252 5846 2372 5885 mu-

2468 4640 2696 4709 Πνεῦμα
2724 4642 2786 4692 τὸ
2809 4640 2967 4707 ἅγιον
2997 4637 3223 4707 Πνεῦμα
3250 4638 3424 4704 ἀγιον.
3460 4629 3629 4688 Λῦται
3654 4634 3764 4701 γὰρ
3822 4632 3877 4685 αἱ
3919 4630 4047 4682 ἰδιό-

2464 4747 2626 4799 τητες
2651 4731 2749 4782 οὐκ
2779 4730 3224 4797 ἀντιστρέφονται
3247 4745 3261 4760 ·
3287 4729 3347 4779 οὐ
3378 4727 3602 4779 δύναται
3636 4724 3745 4793 γὰρ
3773 4726 3800 4775 ό
3854 4722 4049 4790 Πατὴρ

2467 4822 2596 4884 Υἱὸς
2635 4819 2799 4885 εἶναι,
2830 4820 2862 4889 ἢ
2891 4823 2919 4873 ὁ
2948 4821 3079 4882 Υἱὸς
3113 4818 3322 4887 Πατὴρ,
3354 4818 3385 4885 ἢ
3427 4819 3486 4868 τὸ
3517 4815 3742 4884 Πνεῦμα
3770 4814 3832 4865 τὸ
3886 4815 4051 4879 ἆγιον

2468 4912 2607 4966 εἶναι
2640 4912 2850 4981 Πατὴρ,
2881 4911 2914 4981 ἢ
2946 4911 3098 4973 Υἱός.
3167 4929 3187 4962 ι
3225 4910 3335 4962 Καὶ
3372 4908 3402 4959 ὁ
3459 4907 3633 4967 ἀὸϐἱς
3690 4904 3967 4973 θεόδωρος
4019 4904 4051 4954 ό

2470 5004 2780 5072 φιλόσοφος,
2824 5022 2843 5055 ι
2883 5001 3088 5067 Ταῦτα,
3133 5002 3290 5071 φησι,
3322 5000 3388 5052 τὰ
3442 4999 3569 5068 τρια
3610 4997 3763 5050 οὐδὲν
3798 4996 4051 5065 ἀλλήλων

2467 5095 2817 5165 διαφέρουσιν
2864 5096 2913 5145 εἰ
2950 5094 3025 5164 μὴ
3065 5094 3224 5162 μόνον
3266 5092 3407 5145 κατά
3441 5091 3509 5143 τὰ
3541 5091 3825 5159 ἰδιώματα,
3864 5092 3958 5141 καὶ
3984 5089 4052 5141 τὸ

2468 5192 2561 5241 τὸν
2596 5188 2695 5255 μὲν
2720 5184 2859 5239 εἶναι
2890 5185 3134 5253 Πατέρα,
3172 5183 3265 5237 τὸν
3294 5184 3351 5236 δὲ
3367 5184 3518 5245 Υἱὸν,
3543 5183 3603 5235 τὸ
3624 5182 3680 5233 δὲ
3701 5181 3941 5250 Πνεῦμα.
3960 5199 3977 5229 ι

2546 5280 2644 5343 ις’.
2678 5279 2743 5330 Τί
2774 5276 2955 5346 βούλει
2984 5276 3193 5345 ἀπάρτι
3220 5276 3314 5327 καὶ
3343 5274 3533 5342 ἕτερον
3585 5272 3908 5341 προαλθείναι
3965 5273 4051 5335 εἰς

2473 5372 2700 5440 σκέψινς
2732 5371 2838 5435 ὅτι,
2873 5371 3027 5437 φησὶ,
3079 5369 3141 5420 τὸ
3173 5365 3550 5433 προχεῖσθαι,
3600 5363 3893 5431 :rpo't'érat,
3950 5367 4051 5416 καὶ

2472 5460 2845 5522 ἀναϐλύζειν,
2875 5461 2969 5512 καὶ
3001 5460 3070 5511 τὰ
3098 5457 3341 5517 τοιαῦτα,
3375 5456 3424 5507 εἰ
3468 5455 3561 5506 καὶ
3605 5454 3754 5507 ἐστιν
3781 5449 3843 5507 οὗ
3888 5454 4049 5521 λεγό-

2477 5572 2614 5625 μενα
2638 5556 2767 5623 περὶ
2788 5551 2885 5606 τοῦ
2923 5552 3242 5619 Πνεύματος
3288 5552 3353 5603 ὲκ
3384 5548 3617 5618 Πατρὸς,
3648 5547 3923 5609 ούσιωδῶς
3953 5547 4049 5619 δη·

2474 5647 2625 5700 λοῦσι
2658 5645 2751 5699 καὶ
2777 5644 3045 5712 φυσικῶς,
3088 5642 3357 5711 ὑπάρχειν
3391 5639 3524 5692 αὐτὸ
3552 5640 3616 5690 ὲκ
3644 5639 3875 5708 Πατρός·
3930 5638 4051 5690 ἀλλ’

2478 5738 2577 5791 οὐκ
2604 5737 2743 5789 tua»,
2764 5735 3034 5801 λέγωνται
3062 5731 3234 5785 ταῦτα
3263 5731 3355 5783 καὶ
3390 5731 3453 5781 ἐκ
3477 5726 3571 5780 τοῦ
3619 5726 3771 5791 Υῐοῦ,
3822 5725 4051 5793 δηλοῦσι

2478 5828 2539 5882 τὸ
2570 5826 2813 5893 φυσικῶς
2844 5826 2939 5879 καὶ
2983 5822 3252 5885 οὐσιωδῶς
3296 5822 3565 5890 ὑπάρχειν
3602 5818 3663 5871 τὸ
3697 5818 3918 5887 Πνεῦμα
3955 5820 4051 5871 καὶ
