4202 6444
719 391 788 455 55
1784 404 1993 465 JOA‘N.
2034 405 2245 473 VECCI

2389 454 2401 465 .
2442 408 2948 473 PATRIARCHE
3903 408 3972 471 $5

712 508 956 575 pr0pria,
1003 517 1059 561 et
1095 507 1206 576 jam
1244 506 1584 580 intelligatur
1618 511 1925 567 secundum
1980 528 2041 572 se
2086 513 2285 581 ipsum,

2399 514 2565 584 ίδικῇ,
2606 517 2698 570 καὶ
2736 516 2800 587 δὴ
2852 519 3054 572 νοεῖται
3116 518 3239 573 καθ’
3271 520 3456 584 ἑαυτὸ,
3485 519 3606 572 καθ’
3659 520 3687 572 ὃ
3746 520 3971 589 Πνεῦμα

714 609 820 664 qua
857 594 1092 666 Spiritus
1118 607 1221 664 est,
1267 608 1323 653 et
1354 616 1459 655 non
1522 602 1714 669 Filius,
1758 614 2137 657 verumtamen
2183 617 2288 658 nan

713 688 1033 742 rstalieuus
1075 690 1144 743 ab
1168 705 1274 757 eo;
1320 690 1560 761 Spiritus
1591 693 1739 748 enim
1782 694 2031 749 veritatis
2061 694 2292 764 appella—

715 787 804 833 tus
825 792 928 845 est,
953 792 1008 835 et
1035 792 1117 838 est
1146 785 1394 839 Christus
1410 789 1635 851 veritas,
1659 798 1714 841 et
1735 787 2048 843 eil’unditur
2076 789 2143 842 ab
2166 788 2290 858 ipso

714 872 928 937 eadem,
971 890 1079 944 qua
1133 886 1188 931 et
1227 892 1255 930 a
1308 877 1468 933 Patre
1507 878 1742 935 ratione.
1779 898 1799 933 ι
1849 880 1996 946 Quid
2041 880 2130 935 hic
2162 881 2292 936 ais?

713 960 1013 1019 Videturne
1053 966 1188 1031 tibi,
1243 965 1313 1021 de
1358 971 1640 1024 essentiali
1675 971 2001 1026 exsisteutia
2049 971 2292 1042 Spiritus

712 1067 776 1105 ex
830 1052 970 1108 Fiiio
1023 1071 1331 1110 sermonem
1375 1058 1608 1124 haberi,
1666 1077 1790 1116 cum
1850 1069 2074 1118 sanctus
2136 1063 2286 1129 dicit,

711 1144 915 1199 eil‘undi
959 1146 1218 1215 Spiritum
1267 1164 1296 1203 a
1323 1150 1461 1205 Filio
1496 1168 1647 1223 aeque
1682 1166 1844 1225 atque
1874 1155 2176 1211 eﬂ‘unditur
2221 1159 2290 1212 ab

712 1238 831 1304 ipso
866 1237 1061 1293 Patre?
1093 1256 1161 1294 an
1212 1257 1346 1297 vero
1393 1243 1462 1298 de
1504 1245 1777 1301 donorum
1824 1248 2289 1318 dispensatione?

710 1328 855 1381 Mem
889 1329 1027 1384 libro
1073 1332 1317 1387 secundo
1348 1332 1785 1401 Thesaurorum,
1817 1352 2072 1392 sermone
2130 1338 2287 1403 cujus

712 1418 802 1471 illa
854 1420 1149 1489 epigraphe
1194 1431 1301 1487 est,
1347 1442 1367 1476 ι
1407 1424 1485 1478 Ex
1538 1426 1779 1481 essentia
1830 1425 2011 1481 Patris
2049 1435 2105 1480 et
2152 1426 2284 1483 Filii

712 1506 976 1576 Spiritum
1023 1521 1277 1566 sanctum
1330 1528 1474 1580 esse,
1512 1534 1531 1567 ι
1570 1517 1682 1570 ait:
1724 1534 1744 1568 ι
1784 1515 1922 1571 Cum
1954 1516 2137 1584 itaque
2168 1514 2288 1584 Spi-

708 1597 852 1653 ritus
879 1612 1101 1657 sanctus
1124 1603 1189 1657 ad
1231 1620 1335 1660 nos
1362 1606 1651 1674 accedens,
1683 1608 2002 1663 conformes
2035 1622 2137 1663 nos
2170 1606 2286 1662 elli-

711 1692 785 1743 i-it
846 1690 973 1753 Deo,
1014 1695 1356 1765 progreditur
1402 1712 1538 1752 vero
1595 1706 1651 1754 et
1712 1714 1780 1754 ex
1836 1699 1999 1756 Patre
2031 1710 2085 1755 et
2118 1700 2282 1765 Filio,

710 1785 1064 1841 manifestum
1093 1801 1178 1843 est
1214 1789 1367 1844 illum
1402 1791 1600 1846 divinae
1640 1779 1900 1849 essentiae'
1922 1810 2065 1860 esse,
2095 1809 2283 1850 esseu-

2394 609 2488 660 καὶ
2514 609 2611 677 οὐχ
2648 609 2796 673 Υἱὸς,
2830 610 2947 663 ἀλλ’
2980 607 3073 665 οὖν
3108 612 3255 664 ἐστιν
3293 614 3396 665 οὐκ
3442 613 3726 680 ἀλλότριον
3776 612 3968 667 αὐτοῦ.

2393 700 2619 769 Πνεῦμα
2654 700 2764 770 γὰρ
2808 700 3068 770 ἀληθείας
3094 702 3550 772 ὠνόμασται,καί
3586 703 3701 755 ἔστι
3736 702 3972 771 Χριστὸς

2390 794 2423 861 ὴ
2458 792 2705 858 ἀλήθεια,
2737 794 2831 845 καὶ
2861 796 3149 865 προχεῖται
3171 793 3302 864 παρ’
3332 794 3524 859 αὑτοῦ,
3554 795 3807 865 καθάπερ
3835 797 3974 864 ἀμέ-

2390 884 2474 939 λει
2504 886 2595 937 καὶ
2632 886 2696 937 ὲκ
2719 884 2812 938 τοῦ
2846 886 3081 956 Πατρός.
3113 906 3135 939 ο
3170 887 3235 941 Τί
3270 887 3374 957 φὴς
3429 887 3664 941 ἐνταῦθα
3707 889 3836 954 περὶ
3875 886 3969 940 τοῦ

2392 975 2667 1033 οὐσιωδῶς
2694 975 2965 1046 ὑπάρχειν
2997 977 3061 1030 τὸ
3092 976 3321 1048 Πνεῦμα
3350 978 3412 1043 ἐξ
3445 977 3619 1043 Υίοῦ;
3667 980 3828 1030 Δοκεῖ
3886 994 3973 1030 σοι

2392 1067 2668 1120 ποιεῖσθαι
2702 1067 2794 1120 τὸν
2820 1068 2978 1134 λόγον
3018 1069 3047 1121 ὁ
3088 1067 3269 1137 ἅγιος,
3323 1068 3653 1139 προχεῖσθαι
3699 1068 3875 1135 λέγων
3913 1071 3974 1120 τὸ

2390 1156 2616 1226 Πνεῦμα
2653 1159 2805 1229 παρὰ
2833 1158 2927 1212 τοῦ
2960 1159 3112 1225 Υίοῦ,
3146 1161 3403 1229 καθάπερ
3431 1162 3630 1231 ἀμέλει
3663 1162 3758 1213 καὶ
3790 1160 3849 1225 ἐξ
3873 1162 3974 1214 αῦ-

2387 1250 2486 1304 τοῦ
2516 1251 2613 1304 τοῦ
2646 1251 2883 1320 Πατρὸς,
2921 1252 2955 1322 ἢ
2987 1252 3119 1322 περὶ
3148 1254 3508 1323 χαρισμάτων
3554 1252 3859 1321 διανομῆ;;
3909 1248 3973 1304 Ὀ

2389 1344 2553 1406 αὐτὸς
2588 1346 2645 1397 ὲν
2672 1344 2752 1414 τῷ
2797 1345 3041 1413 δευτέρῳ
3072 1344 3181 1397 τῶν
3227 1345 3555 1416 Θησαυρῶν,
3603 1346 3661 1397 ὲν
3718 1344 3796 1412 τῷ
3830 1343 3974 1412 λόγῳ

2388 1430 2513 1505 οὖὴ
2552 1435 2859 1503 ἐπιγραφὴ,
2897 1453 2915 1486 ι
2950 1434 3076 1489 ’Ότι
3104 1437 3168 1489 ἐκ
3196 1437 3297 1505 τῆς
3353 1437 3555 1499 οὐσίας
3608 1436 3705 1488 τοῦ
3757 1434 3973 1501 Πατρδς

2389 1525 2600 1579 καὶτοῦ
2637 1525 2765 1578 Υίοῦ
2805 1526 2866 1577 τὸ
2893 1524 3121 1595 Πνεῦμα
3149 1526 3211 1579 τὸ
3240 1528 3419 1594 ἆγιον,
3463 1545 3485 1579 ι
3541 1526 3707 1596 φησίν
3729 1538 3744 1554 ⁶
3779 1543 3798 1576 ι
3843 1525 3971 1576 Ὅτε

2387 1616 2568 1668 τοίνυν
2603 1616 2665 1667 τὸ
2700 1614 2927 1684 Πνεῦμα
2951 1617 3011 1667 τὸ
3032 1616 3192 1684 ἆγιον
3228 1620 3287 1670 ὲν
3317 1618 3451 1688 ἡμῖν
3480 1617 3771 1686 γινόμενον
3826 1633 3970 1684 συμ-

2393 1703 2636 1775 μόρφους
2671 1706 2819 1775 ἡμᾶς
2852 1705 3202 1758 ἀποδεικνύει
3226 1707 3387 1774 Θεοῦ,
3417 1708 3632 1777 πρόεισι
3665 1706 3721 1769 δὲ
3757 1706 3853 1758 καὶ
3907 1707 3974 1757 ὲκ

2391 1796 2607 1866 Πατρδς
2636 1796 2730 1849 καὶ
2764 1796 2920 1861 Υίοῦ,
2962 1797 3226 1869 πρόδηλον
3246 1799 3329 1850 ὅτι
3361 1799 3463 1864 τῆς
3495 1796 3648 1860 θείας
3682 1796 3832 1849 ἐστὶν
3867 1797 3961 1848 οὔ·

710 1874 910 1932 tialitcr
939 1879 992 1932 in
1032 1878 1147 1943 ipsa
1182 1892 1237 1934 et
1264 1897 1330 1935 ex
1364 1884 1478 1951 ipsa
1511 1885 1979 1954 progredientem,
2022 1853 2285 1956 quemad-

2394 1888 2536 1952 σίας,
2568 1888 2839 1952 οὐσιωδῶς
2864 1891 2923 1941 ὲν
2950 1890 3087 1959 αὐτῇ
3124 1892 3219 1943 καὶ
3253 1890 3313 1955 ἐξ
3338 1890 3510 1960 αὐτῆς
3540 1890 3752 1959 προῖόν’
3781 1888 3973 1956 ὥσπερ

711 1967 932 2022 modum
987 1985 1182 2040 nempe
1229 1986 1293 2027 ex
1341 1976 1582 2030 humano
1631 1991 1725 2031 ore
1755 1976 1917 2031 ﬂatus
1965 1992 2287 2044 excurrens,

713 2058 839 2111 licet
868 2058 1151 2127 pusillum,
1186 2076 1286 2116 nec
1317 2073 1482 2117 tanta:
1530 2063 1817 2134 dignitatis
1847 2073 2159 2136 exemplum
2193 2069 2284 2122 sit.

709 2147 887 2217 Super
914 2151 1055 2204 enim
1079 2152 1262 2207 omnia
1283 2152 1422 2210 Deus
1443 2166 1547 2210 est.
1573 2175 1591 2207 ι
1622 2156 1923 2213 Considera
1954 2159 2044 2213 hic
2070 2174 2289 2228 quoque

710 2245 989 2309 quomodo
1023 2245 1230 2299 scribat
1285 2247 1672 2303 sanctissimus
1708 2248 1967 2319 Cyrillns,
2002 2269 2020 2301 ι
2061 2249 2287 2320 Progre-

708 2331 857 2385 ditur
910 2332 1148 2402 Spiritus
1201 2350 1265 2391 ex
1314 2334 1475 2393 Patre
1529 2346 1583 2393 et
1631 2339 1792 2402 Filio,
1834 2358 1854 2391 ι
1903 2350 1959 2395 et
1995 2339 2285 2410 intelligis,

706 2423 1074 2479 essentialiter
1105 2441 1231 2480 eum
1284 2428 1537 2498 progredi
1564 2438 1620 2485 et
1647 2446 1713 2485 ex
1744 2430 1907 2497 Filio,
1939 2447 2065 2487 cum
2099 2441 2155 2487 et
2193 2449 2285 2488 es-

708 2513 1009 2568 sentialiter
1057 2517 1285 2584 prodeat
1333 2520 1503 2572 etiam
1557 2535 1621 2573 ex
1682 2520 1867 2579 Patre.
1926 2522 1995 2577 Et
2027 2524 2283 2592 profundi

706 2605 948 2672 quidem.
984 2608 1256 2678 progredi,
1282 2618 1335 2662 et
1360 2626 1638 2677 ettianare,
1670 2622 1833 2682 atque
1862 2614 2066 2669 similia
2097 2629 2286 2671 essen-

707 2697 888 2750 tialem
910 2697 1145 2767 Spiritus
1171 2715 1237 2754 ex
1266 2700 1425 2757 Patre
1457 2712 1511 2758 et
1542 2702 1681 2759 Filio
1710 2705 2088 2761 ersistentiam
2116 2708 2286 2763 deno-

710 2800 847 2855 tare,
884 2791 997 2859 jam
1032 2792 1219 2856 dictis,
1268 2807 1327 2849 ut
1350 2804 1506 2865 puto,
1550 2798 1879 2853 testimoniis
1929 2801 2066 2855 satis
2114 2803 2287 2855 abun-

709 2884 889 2953 deque
921 2890 1360 2942 demonstratum
1397 2899 1502 2945 est.

782 2975 868 3029 17.
926 2976 1083 3042 Quod
1126 2994 1259 3033 vero
1293 2982 1731 3039 consideratione
1759 2986 1982 3057 dignum
2026 2989 2189 3054 duco,
2223 2990 2276 3044 id

707 3082 855 3122 nunc
921 3070 1130 3123 tradam
1186 3073 1449 3128 orationi.
1502 3093 1521 3126 ι
1556 3074 1932 3146 Progredimr,
1965 3081 2105 3135 dixit
2155 3098 2282 3137 San-

2393 1979 2487 2035 οὖν
2513 1982 2706 2050 ἀμέλει
2735 1983 2831 2034 καὶ
2858 1980 2919 2033 τὸ
2944 1980 3004 2045 ἐξ
3030 1981 3373 2050 ἀνθρωπείου
3410 1982 3683 2050 στόματος
3710 1980 3971 2048 ὲκτρὲχον

2392 2072 2719 2143 ἐμφύσημα,
2754 2073 2803 2125 εί
2836 2072 2933 2126 καὶ
2969 2073 3168 2142 μικρὸν
3208 2072 3303 2125 καὶ
3336 2072 3437 2125 οὐκ
3491 2070 3644 2135 ἀξιον
3684 2070 3779 2123 τοῦ
3811 2072 3973 2136 λόγου

2390 2165 2453 2216 τὸ
2478 2165 2806 2235 ὑπόδειγμα·
2852 2163 3032 2217 πάντα
3060 2164 3170 2235 γὰρ
3198 2162 3482 2234 -ὑπερέχει
3532 2162 3699 2225 Θεὸς.
3747 2180 3765 2213 ι
3824 2161 3976 2229 Ὅρα

2393 2256 2676 2311 κάνταῦθα
2713 2256 2831 2318 πῶς
2855 2273 3021 2326 φησιν
3051 2258 3079 2309 ὁ
3115 2256 3291 2325 μέγας
3337 2258 3396 2308 ὲν
3453 2254 3631 2321 ἁγίοις
3678 2252 3975 2322 Κύριλλος.

2395 2367 2414 2398 ι
2458 2347 2678 2419 Πρόεισι
2704 2349 2765 2401 τὸ
2790 2348 3012 2417 Πνεῦμα
3035 2349 3099 2400 ὲκ
3121 2346 3332 2417 Πατρὸς
3370 2347 3465 2399 καὶ
3502 2346 3661 2411 Υἰοῦ,
3699 2363 3717 2396 ι
3759 2345 3850 2397 καὶ
3878 2340 3974 2393 σύ-

2389 2456 2477 2503 νες
2506 2438 2778 2501 ούσιωδῶς
2812 2438 2946 2491 αὐτὸ
2975 2437 3241 2510 προϊέναι
3273 2442 3367 2490 καὶ
3402 2437 3466 2488 ὲκ
3494 2434 3591 2489 τοῦ
3625 2432 3776 2497 Υίοῦ,
3815 2432 3973 2483 ἐπει-

2387 2533 2561 2603 δήπερ
2598 2531 2873 2593 οὐσιωδὼς
2902 2530 3117 2601 πρόεισι
3151 2533 3248 2584 καὶ
3279 2530 3342 2582 ἐκ
3404 2528 3641 2599 Πατρός.
3708 2525 3852 2579 Ἀλλ’
3883 2524 3970 2576 δτι

2390 2625 2489 2694 μὲν
2517 2623 2576 2677 τὺ
2612 2622 2987 2690 προχεῖσθαι,
3016 2622 3110 2676 καὶ
3138 2620 3433 2690 προϊέναι,
3462 2622 3552 2673 καὶ
3581 2615 3972 2677 ἀναόνίύζειν,

2388 2717 2481 2769 καὶ
2507 2717 2577 2769 τὰ
2605 2716 2853 2780 τοιαῦτα,
2892 2716 2952 2769 τὸ
2994 2716 3273 2780 ούσιωδῶς
3299 2715 3569 2786 ὑπάρχειν
3620 2714 3680 2766 τὸ
3745 2711 3972 2779 Πνεῦμα

2387 2808 2644 2879 δηλοῦσιν
2682 2811 2748 2862 ὲκ
2792 2810 3005 2888 Πατρὸς
3041 2809 3137 2862 καὶ
3190 2808 3347 2875 Υίοῦ,
3397 2810 3485 2862 διὰ
3522 2808 3633 2861 τῶν
3675 2806 3970 2878 ῥηθεισῶν,

2388 2901 2465 2966 ὡς
2490 2898 2664 2973 οἶμαι,
2695 2902 3018 2973 μαρτυριῶν
3043 2901 3244 2965 ἱκανῶς
3281 2901 3683 2954 ἀποδέδεικται.

2461 2994 2546 3060 ιζ’.
2591 2994 2657 3047 Ὅ
2690 2993 2745 3046 δέ
2779 3010 2873 3063 μοι
2906 2991 3142 3046 ἐνταῦθα
3163 2992 3487 3053 ἐπιστασίας
3520 2990 3774 3060 ἠξίωται,
3805 2986 3965 3041 τοῦτο

2384 3088 2543 3143 δώσω
2576 3087 2653 3157 τῷ
2676 3086 2842 3157 λόγῳ.
2875 3104 2893 3138 ι
2926 3085 3184 3151 Πρόεισιν
3206 3080 3363 3137 εἶπεν
3395 3086 3423 3136 ὁ
3451 3083 3609 3152 ἅγιος
3652 3083 3712 3134 τὸ
3738 3080 3970 3148 Πνεῦμα

706 3167 850 3222 ctus,
911 3156 1146 3226 Spiritus
1196 3177 1263 3215 ex
1319 3162 1478 3218 Patre
1546 3176 1601 3221 et
1662 3167 1818 3234 Filio,
1853 3189 1871 3221 ι
1936 3180 1989 3224 et
2043 3173 2274 3227 duarum

2388 3185 2453 3237 ὲκ
2485 3181 2703 3251 Πατρὸς
2728 3180 2821 3234 καὶ
2851 3178 3009 3244 Υίοῦ,
3041 3197 3061 3231 ι
3090 3178 3185 3231 καὶ
3217 3176 3312 3230 δύο
3349 3175 3562 3229 τούτων
3611 3173 3970 3227 ῦποστὰσεων

709 3248 905 3301 harum
968 3249 1336 3319 hypostaseon
1391 3252 1570 3308 Patris
1631 3265 1686 3309 et
1752 3256 1871 3311 Filii
1942 3260 2276 3315 mentionem

706 3337 876 3403 fecit;
931 3348 1047 3394 tum
1098 3355 1166 3396 ne
1213 3345 1337 3412 quis
1397 3360 1494 3416 per
1552 3346 1651 3401 has
1715 3347 1854 3403 duas
1912 3351 2276 3420 hypostases,

705 3435 843 3489 duas
886 3433 1123 3505 Spiritus
1175 3454 1370 3493 causas
1411 3439 1600 3495 inferri
1641 3442 2044 3510 suspicaretur,
2095 3447 2278 3498 statim

705 3528 1014 3597 subjunxit,
1056 3548 1075 3581 ι
1118 3530 1271 3585 illum
1303 3532 1501 3587 divinre
1540 3549 1663 3589 esse
1698 3538 1975 3598 essentim,
2006 3538 2277 3591 essentia-

708 3622 829 3674 liter
852 3620 903 3673 in
939 3621 1077 3690 ipsa,
1122 3631 1176 3677 et
1216 3640 1281 3677 ex
1316 3625 1431 3694 ipsa
1460 3628 1869 3697 provenientcm
1898 3646 1912 3694 ;
1940 3648 1958 3680 ι
1993 3630 2045 3682 in
2090 3630 2277 3699 singu-

703 3710 804 3763 lari
862 3727 1091 3766 numero
1128 3702 1381 3780 ell‘erens,
1432 3716 1567 3770 nihil
1598 3716 1751 3770 aliud
1812 3732 2041 3786 prorsus
2091 3727 2279 3771 osten-

704 3802 805 3865 dit,
836 3818 1026 3871 quam,
1064 3820 1187 3858 cum
1216 3819 1281 3859 ex
1311 3806 1470 3861 Patre
1498 3815 1554 3861 et
1583 3807 1722 3861 Filio
1751 3808 1956 3863 diceret
1985 3808 2275 3877 Spiritum,

704 3907 817 3945 nou
866 3902 1125 3963 tauquam
1195 3910 1263 3950 ex
1320 3898 1532 3952 duabus
1587 3898 1771 3955 causis
1824 3913 1951 3954 eum
2002 3913 2278 3953 asserere.

704 3985 898 4039 Adhuc
949 3986 1115 4040 etiam
1168 3988 1510 4043 manifestius
1576 4005 1769 4045 rursus
1826 3990 2226 4046 demonstravit
2258 4030 2274 4054 ,

706 4091 816 4131 non
847 4092 966 4131 esse
994 4080 1128 4133 duas
1165 4080 1402 4148 Spiritus
1442 4096 1663 4146 causas,
1699 4097 1827 4137 cum
1882 4083 1973 4137 ille
2004 4098 2071 4136 ex
2121 4083 2280 4137 Patre

705 4177 760 4221 et
786 4166 927 4222 Filio
954 4171 1291 4240 progeditur,
1320 4170 1449 4225 dum
1497 4173 1706 4239 subdit,
1758 4190 1777 4224 ι
1816 4174 2279 4243 quemadmodum

707 4276 901 4331 nempe
931 4271 981 4316 et
1012 4278 1076 4316 ex
1110 4263 1350 4317 humano
1399 4278 1496 4320 ore
1533 4264 1693 4319 flatus
1724 4279 2045 4320 excurrens.
2083 4284 2101 4317 ›
2137 4264 2278 4320 Cum

706 4354 851 4408 enim
889 4364 1047 4409 antea
1091 4356 1337 4421 dixisset,
1372 4374 1391 4409 ι
1422 4372 1486 4412 ex
1534 4359 1693 4412 Patre
1742 4367 1797 4413 et
1851 4357 1990 4412 Filio
2028 4358 2278 4428 progredi

707 4444 991 4513 Spiritum,
1031 4465 1051 4498 ι
1088 4462 1195 4501 non
1225 4448 1486 4503 adnexuit
1534 4449 1868 4518 inductioni,
1916 4453 2277 4518 quemadmo-

2383 3274 2601 3344 Πατρὺς
2628 3273 2720 3325 καὶ
2747 3271 2879 3324 Υίοῦ
2917 3269 3347 3341 ἐμνημόνευσεψ
3380 3264 3496 3320 εἶτα
3525 3266 3600 3336 μή
3632 3282 3718 3326 τις
3765 3263 3855 3316 διὰ
3904 3264 3967 3315 τὸ

2384 3364 2571 3419 δυῖκδν
2604 3364 2712 3416 τῶν
2744 3362 3099 3415 ῦποστάσεων
3138 3359 3213 3422 ὡς
3245 3360 3309 3411 ὲκ
3356 3356 3451 3410 δύο
3481 3352 3671 3410 αἰτίων
3706 3349 3845 3407 εἶναι
3906 3353 3971 3405 τὸ

2385 3457 2615 3526 Πνεῦμα
2644 3456 2914 3525 οίήσαιτο,
2954 3453 3204 3523 ἐπήγαγε
3233 3449 3512 3520 παρευθῦς
3555 3449 3636 3501 ὅτι
3683 3448 3782 3515 τῆς
3818 3445 3970 3507 θείας

2383 3549 2531 3603 ἐστὶν
2549 3548 2760 3611 οὐσίας,
2794 3544 3068 3608 οὑσιωδῶς
3091 3547 3147 3595 ὲν
3177 3545 3312 3611 αὐτῇ
3343 3543 3436 3594 καὶ
3467 3541 3525 3606 ἐξ
3548 3540 3720 3610 αὐτῆς
3745 3538 3963 3607 προϊὸν,

2383 3639 2579 3702 ἑνικῶς
2609 3637 2768 3690 τοῦτο
2797 3638 2988 3701 εἰπὼν,
3043 3634 3198 3687 οὐδὲν
3254 3633 3383 3687 ἄλλο
3448 3632 3668 3693 παντως
3715 3628 3969 3681 ἐντεῦθεν

2383 3728 2693 3800 ἐμφαίνων,
2745 3727 2779 3798 ἢ
2833 3728 2917 3779 δτι
2974 3726 3038 3777 ὲκ
3094 3725 3311 3796 Πατρὺς
3338 3724 3432 3777 καὶ
3491 3721 3621 3774 Υἰοῦ
3678 3720 3851 3787 λέγων
3903 3719 3968 3770 τὸ

2383 3820 2628 3888 Πνεῦμα,
2656 3820 2754 3887 οὐχ
2780 3818 2857 3882 ὡς
2892 3820 2954 3871 ὲκ
2986 3817 3078 3871 δύο
3110 3817 3299 3870 αἰτίων
3352 3814 3499 3881 λέγει
3546 3813 3700 3865 αὑτό.
3736 3812 3845 3864 Καὶ
3880 3809 3966 3863 ἔτι

2382 3910 2441 3964 δὲ
2467 3910 2855 3982 ἀριδηλότερον
2884 3908 3047 3963 πάλιν
3099 3908 3327 3975 ἐνέφηνε
3372 3906 3446 3976 μὴ
3509 3904 3603 3957 δύο
3660 3898 3801 3955 εἶναι
3864 3901 3966 3965 τὰς

2383 4003 2562 4064 αἰτίας
2590 4001 2684 4054 τοῦ
2715 4001 3064 4070 Πνεῦματος,
3098 3999 3239 4052 κατὰ
3268 3997 3328 4051 τὸ
3361 3998 3425 4049 ἐκ
3450 3997 3660 4065 Πατρὶς
3704 3995 3799 4047 καὶ
3829 3991 3964 4046 Υίοῦ

2386 4095 2639 4166 προϊέναι
2670 4094 2825 4155 αὐτὸ,
2851 4095 2908 4147 ὲν
2932 4092 3010 4159 τῷ
3041 4092 3367 4160 ἐπαγαγεῖν,
3429 4088 3677 4156 (Ὠσπερ
3706 4085 3798 4139 οῦν
3828 4086 3968 4153 ἀμεῖ-

2383 4184 2466 4236 λει
2503 4184 2598 4237 καὶ
2630 4183 2691 4236 τδ
2719 4184 2776 4249 ἐξ
2805 4182 3158 4252 ἀνθρωπείου
3223 4180 3496 4249 στόματος
3550 4178 3810 4246 ἐκτρέχον
3864 4176 3967 4241 ὲμ·

2383 4275 2636 4346 φύσημα.
2669 4294 2687 4327 ι
2720 4274 2907 4328 Εἰπὼν
2946 4274 3056 4344 γὰρ
3095 4273 3365 4343 πρότερον
3427 4290 3445 4321 ι
3503 4272 3566 4322 ἐκ
3600 4268 3811 4337 Πατρὸς
3866 4266 3967 4319 καὶ

2384 4366 2515 4420 Υίοῦ
2547 4366 2801 4436 προϊέναι
2822 4366 2880 4418 τὸ
2908 4364 3155 4433 Πνεῦμα,
3194 4382 3211 4415 ι
3263 4364 3325 4415 ού
3362 4360 3669 4430 προσέθηκε
3725 4362 3790 4427 τῇ
3832 4360 3963 4408 ἐπα-

2384 4461 2564 4529 γωγῇ,
2601 4457 2792 4527 ὥσπερ
2830 4452 2926 4509 οῦν
2954 4456 3049 4508 καὶ
3078 4457 3138 4508 τὸ
3170 4455 3230 4519 ἐξ
3259 4452 3615 4524 ἀνθρωπείων
3651 4443 3960 4517 στομάτων,

703 4534 835 4587 dum
874 4550 939 4588 ex
975 4536 1230 4590 humanis
1280 4537 1491 4603 oribus,
1540 4556 1559 4589 ι
1590 4538 1687 4595 sed
1719 4554 1787 4593 ex
1818 4540 2063 4595 humano
2095 4556 2215 4605 ore,
2254 4559 2271 4592 ι

2386 4548 2521 4603 ἀλλὰ
2554 4549 2614 4600 τὸ
2636 4547 2694 4611 ἐξ
2724 4545 3071 4616 ἀνθρωπείου
3101 4546 3372 4614 στόματος
3407 4562 3424 4592 ι
3464 4542 3677 4603 ἑνικῶς.
3713 4541 3825 4609 Τὴν
3855 4555 3966 4590 τοι-

704 4640 935 4680 numero
959 4627 1242 4692 singulari,
1269 4636 1324 4684 et
1344 4629 1588 4699 ejusdem
1611 4632 1829 4687 unionis
1866 4633 2103 4700 speciem
2123 4633 2278 4687 exhi-

704 4720 859 4782 bens,
889 4720 1019 4773 dum
1058 4735 1125 4775 ex
1153 4721 1309 4776 Patre
1353 4731 1405 4776 et
1449 4722 1587 4777 Filio
1628 4722 1864 4792 Spiritus
1914 4725 2274 4793 progreditur.

704 4808 817 4864 lloc
835 4812 977 4864 idem
1007 4810 1154 4864 aliud
1193 4813 1372 4881 magni
1406 4812 1596 4867 Basilii
1629 4814 1842 4867 dictum
1875 4815 2139 4882 scriptum
2183 4815 2275 4870 tibi

702 4901 1069 4955 conﬁrmabit.
1115 4902 1215 4956 Hic
1268 4918 1505 4973 namque
1587 4904 1641 4957 in
1693 4919 1805 4958 uno
1864 4905 2077 4971 capite,
2121 4906 2279 4975 cujus

702 4991 838 5044 iusct
854 4991 1006 5060 iptio,
1027 4990 1301 5045 «Divinam
1328 5003 1575 5047 naturam
1592 5008 1712 5049 esse
1732 4993 2049 5064 Spiritum,»
2080 4997 2274 5050 tradit:

702 5078 937 5150 Spiritus
969 5082 1114 5136 enim
1139 5096 1261 5138 cum
1304 5083 1504 5139 viventi
1536 5082 1715 5140 Verbo
1763 5086 1818 5139 in
1847 5087 2041 5140 eodum
2088 5086 2279 5142 ordine

700 5174 1076 5229 collataturad
1096 5178 1411 5243 creandum,
1438 5179 1560 5232 viva
1578 5178 1775 5243 virtus,
1792 5187 1846 5232 et
1862 5188 2055 5233 natura
2072 5180 2273 5243 divina,

702 5266 1018 5330 ineil‘abilis,
1035 5281 1100 5320 ex
1123 5266 1380 5322 iueﬂ‘abili
1402 5284 1497 5323 ore
1512 5269 1788 5325 exsistens
1808 5268 2063 5325 ineffabili
2090 5271 2273 5332 modo.

700 5366 755 5411 et
785 5372 878 5424 per
909 5356 1156 5411 inflatum
1200 5357 1253 5411 in
1279 5358 1558 5416 hominem
1594 5361 1781 5423 missa,
1816 5375 1938 5429 quae
1966 5361 2271 5415 secundum

701 5464 1028 5517 rorporeum
1049 5463 1080 5503 a
1113 5449 1331 5505 Christo
1377 5461 1587 5521 typum,
1636 5460 1942 5515 ostensum,
1978 5468 2171 5507 rursus
2202 5453 2272 5507 ab

700 5554 769 5592 eo
814 5554 908 5607 per
938 5538 1181 5594 inﬂatum
1214 5541 1483 5595 restituta.
1539 5540 1882 5597 Concurrere
1930 5542 2077 5596 enim
2113 5537 2275 5597 debet

699 5647 823 5685 cum
846 5630 1021 5701 prima
1052 5632 1313 5698 novitate,
1346 5647 1408 5686 ea
1439 5649 1559 5701 qurc
1595 5648 1738 5688 nunc
1770 5634 1826 5688 fit
1879 5634 2175 5689 iuuovalio.
2208 5635 2273 5688 Et

699 5737 1029 5777 concursum
1046 5726 1314 5792 expressit
1332 5724 1578 5789 sufﬂans,
1599 5724 1737 5780 idem
1760 5725 1847 5779 ille
1859 5726 2151 5793 exsistens,
2176 5729 2269 5797 qui

700 5828 731 5869 a
765 5814 1033 5885 principio
1072 5812 1390 5881 insufflaiit,
1448 5815 1713 5887 idemque,
1750 5831 1843 5886 per
1900 5834 2064 5888 quem
2121 5820 2266 5876 Deus

2388 4640 2561 4709 αύτην
2595 4641 2694 4707 τῆς
2722 4639 2977 4706 ὲνότητος
3008 4638 3267 4705 ἔμφασιν,
3296 4638 3356 4688 ὲν
3388 4634 3464 4703 τῷ
3506 4635 3569 4685 ἐκ
3604 4630 3818 4699 Πατρδς
3868 4630 3965 4680 καὶ

2388 4732 2520 4785 Υίοῦ
2559 4731 2811 4799 προϊέναι
2836 4728 2897 4780 τὸ
2929 4728 3177 4796 Πνεῦμα,
3213 4728 3308 4779 καὶ
3356 4726 3519 4795 ἑτέρα
3567 4740 3650 4788 τις
3710 4721 3959 4791 γραφικὴ

2389 4826 2549 4895 ῥῆσις
2591 4820 2686 4874 τοῦ
2723 4821 2962 4890 μεγάλου
2996 4819 3282 4873 Βασιλείου
3317 4814 3604 4888 βεϐαιώσει
3656 4829 3761 4867 σοι·
3805 4805 3961 4873 οὗτος

2388 4918 2480 4969 καὶ
2498 4915 2607 4982 γὰρ
2634 4916 2690 4965 ἐν
2710 4914 2789 4964 ἑνὶ
2809 4912 2917 4962 τῶν
2946 4910 3283 4979 κεφαλαίων,
3306 4903 3366 4962 οῦ
3386 4911 3416 4977 ἡ
3440 4905 3745 4977 ἐπιγραφὴ,
3783 4922 3802 4954 ι
3833 4903 3962 4955 "Ott

2385 5005 2502 5059 θεία
2524 5003 2685 5072 φύσις
2702 5002 2761 5054 τὸ
2779 5000 3055 5067 [luat-apta,»
3078 5000 3232 5069 φησί·
3262 5018 3279 5051 ι
3307 4998 3527 5065 Πνεῦμα
3554 5001 3663 5066 γαρ
3694 4995 3769 5064 τῷ
3795 4992 3963 5057 ζῶντι

2385 5096 2543 5165 Λόγῳ
2570 5093 2999 5161 συντεταγμένον
3045 5094 3125 5153 είς
3147 5092 3208 5143 τδ
3258 5091 3631 5160 δημιουργεῖν,
3683 5086 3832 5150 ζῶσα
3864 5085 3963 5137 δύ-

2383 5203 2570 5256 ναμις,
2608 5185 2704 5236 καὶ⁵
2737 5183 2856 5235 θεία
2889 5186 3072 5251 φύσις,
3102 5183 3340 5252 ἄῤῥητος
3364 5180 3423 5244 ἐξ
3463 5180 3708 5250 ἀρρήτου
3755 5176 3963 5244 στόμα-

2380 5293 2474 5336 τος
2499 5275 2795 5343 πεφηνυῖα,
2823 5274 3101 5345 ἀρρήτως,
3131 5273 3225 5325 καὶ
3248 5271 3391 5323 κατὰ
3416 5270 3515 5338 τὴν
3538 5269 3849 5337 ὲμῳύσησιν
3874 5268 3957 5328 εἰς

2380 5363 2473 5417 τὸν
2496 5363 2789 5433 ἄνθρωπον
2817 5364 3229 5431 ἀπεσταλμένη,
3272 5362 3367 5415 καὶ
3420 5360 3564 5413 κατὰ
3590 5360 3682 5412 τὸν
3709 5373 3957 5427 σωματι-

2382 5455 2495 5519 κῶς
2518 5455 2623 5507 ὑπὸ
2662 5455 2756 5508 τοῦ
2788 5455 2995 5525 Κυρίου
3018 5454 3298 5524 δειχθέντα
3322 5454 3515 5519 τύπον,
3543 5447 3702 5512 αὖθις
3728 5449 3823 5502 ὑπ’
3858 5448 3959 5500 αῦ-

2380 5546 2475 5601 τοῦ
2524 5548 2592 5600 δι’
2657 5549 3021 5616 ὲμφυσήσεως
3071 5545 3559 5613 ἀποκαθισταμένη
3614 5538 3955 5609 (συντρέχειν

2380 5640 2490 5709 γὰρ
2522 5639 2603 5691 δεῖ
2632 5641 2697 5707 τῇ
2737 5638 2879 5691 κατὰ
2912 5638 3087 5707 ἀρχὴν
3129 5636 3410 5706 καινότητι
3445 5635 3545 5702 τὴν
3585 5632 3681 5686 νῦν
3716 5627 3949 5685 ἀνακαίο

2381 5730 2545 5797 νισιν)
2576 5731 2670 5783 καὶ
2720 5730 2818 5799 τὴν
2864 5729 3173 5799 συνδρομὴν
3209 5727 3556 5791 ὲξετύπωσιν
3604 5724 3949 5795 ἑμφυσήσας,

2379 5821 2478 5892 οὐχ
2503 5820 2587 5874 ἔτι
2599 5837 2687 5891 ρος
2712 5821 2789 5874 ὢν
2823 5822 2971 5891 παρὰ
2991 5821 3084 5875 τὸν
3111 5819 3170 5884 ἐξ
3189 5818 3365 5890 ἀρχῆς
3382 5818 3803 5890 ἑμφυσήσαντα,
3825 5814 3945 5872 ἁλλ³
