4202 6444
284 308 352 370 57
1395 313 1490 373 DE
1532 315 1829 375 UNIONE
1867 317 2410 382 ECCIESIARUM

3491 334 3566 399 58

284 423 454 484 αὐτὸς
486 423 556 474 δι’
585 414 644 476 οὗ
674 420 806 484 Θεὸς
830 421 1032 476 δέδωκε
1066 423 1164 492 τὴν
1192 423 1530 493 ἐμφύσησιν,
1582 425 1730 478 τότε
1775 429 1852 494 μέε

1987 432 2240 484 inﬂatum
2300 433 2560 504 elargitns
2619 444 2724 498 est,
2769 447 2882 490 iuni
2926 436 3147 506 quidem
3196 455 3320 497 cum
3352 444 3557 511 anima,

287 515 430 581 μετὰ
459 513 658 581 ψυχῆς,
686 512 783 565 νῦν
814 514 872 565 δὲ
920 515 998 576 είς
1026 514 1229 583 ψυχήν.
1275 533 1293 566 i
1344 515 1487 567 Ἀλλ’
1535 517 1684 578 οπως
1720 518 1874 585 μὲνὴ

283 602 545 670 παροῦσα
570 601 664 653 τοῦ
693 603 934 670 μεγάλου
967 601 1250 656 Βασιλείου
1279 604 1441 673 ῥῆσις
1470 607 1572 674 τὴν
1601 606 1867 676 ῥηθεῖσαν

279 693 380 761 τῆς
420 693 673 762 ἐνότητος
705 694 1024 764 συνίστησιν
1053 695 1312 764 ἔμφασιν,
1367 695 1603 767 ἐροῦμεν
1657 700 1712 750 ἐν
1765 700 1872 758 τοῖς

282 787 440 852 ἑξῆς.
486 787 602 839 Νῦν
662 786 718 838 δέ
757 786 900 855 ἐχεις
957 787 1201 850 πάντως,
1242 789 1521 856 ἁγαπητέ,
1575 789 1874 854 διαγνῶναι

282 877 392 926 ὑπὸ
422 875 515 927 τοῦ
571 875 771 944 ἀρτίως
819 875 1134 937 ἐκτεθέντος
1185 876 1375 945 ῥητοῦ,
1431 877 1567 946 ὅπερ
1623 880 1650 928 ὁ
1709 878 1872 948 πολὺς

278 960 439 1024 οὗτος
504 969 596 1017 καὶ
643 966 817 1034 μέγας
853 966 1134 1029 Βασίλειος
1178 969 1308 1036 περὶ
1353 972 1451 1036 τῆς
1505 949 1869 1039 ἐμφυσήσεως

279 1060 535 1127 εἴρηκεν,
560 1061 708 1121 ὅπως
738 1062 785 1110 οἱ
815 1062 872 1111 ἐν
900 1060 977 1129 τῷ
1011 1059 1188 1130 καιρῷ
1233 1059 1328 1111 τοῦ
1372 1060 1670 1128 σχίσματος
1721 1062 1859 1111 ἀντι-

279 1149 678 1218 καθιστάμενοι
703 1153 816 1211 τοῖς
867 1151 1158 1221 Ῥωμαίοις
1213 1153 1472 1220 ἡμέτεροι
1505 1151 1722 1219 ἀδελφοὶ
1755 1153 1868 1219 ἐρι-

279 1243 491 1301 στικῶς
523 1243 590 1294 τὰ
624 1243 818 1302 πολλὰ,
849 1245 942 1294 καὶ
991 1245 1052 1295 ού
1086 1244 1221 1312 πρὸς
1267 1243 1527 1311 ἀλήθειαν
1577 1243 1674 1312 την
1732 1244 1867 1311 πρὸς

275 1331 479 1394 αὐτοὺς
512 1333 791 1384 ἐποιοῦντο
820 1334 1164 1402 ἁντίῤῥησινο
1188 1333 1290 1403 ἤδη
1328 1333 1435 1402 γὰρ
1460 1335 1488 1385 ὁ
1542 1333 1716 1401 μέγας
1773 1325 1866 1384 οὗ·

270 1439 391 1483 τος,
443 1423 541 1472 καὶ
575 1423 743 1484 πολὺς
775 1423 875 1492 τὴν
902 1423 1183 1489 θεολογίαν
1202 1423 1488 1484 Βασίλειος
1508 1425 1864 1492 ἐμφυσᾶσθιι

270 1514 429 1580 λέγει
465 1515 526 1567 τὸ
549 1513 772 1582 Πνεῦμα
797 1515 947 1583 παρὰ
980 1515 1073 1574 τοῦ
1106 1517 1360 1586 Σωτῆρος
1404 1519 1516 1578 τοῖς
1560 1516 1861 1585 μαθηταῖς,

269 1607 373 1674 οὐχ
398 1605 540 1658 ὥστε
576 1608 826 1677 χάρισμὰ
857 1625 910 1659 τι
961 1607 1324 1677 διωρισμένον
1375 1608 1600 1670 τούτους
1651 1609 1861 1672 λαϐεῖν,

271 1699 470 1767 ὥσπερ
504 1700 553 1750 οί
583 1702 638 1752 ἐν
666 1699 742 1768 τῷ
783 1700 964 1770 καιρῷ
987 1699 1080 1752 τοῦ
1115 1700 1418 1769 σχίσματος
1445 1699 1682 1762 ἅπαντες
1733 1700 1856 1770 ἐξη-

1982 539 2128 577 nunc
2183 540 2309 577 vero
2369 527 2422 578 in
2477 527 2737 580 animant.
2779 546 2796 579 i
2860 527 2963 582 Sed
2990 533 3280 598 .qnomodo
3321 548 3560 601 pra-scus

1980 616 2157 682 magni
2202 615 2388 690 Basilii
2428 617 2634 670 dictum
2684 618 2991 686 expositam
3045 621 3267 676 unionis
3315 625 3557 691 speciem

1977 706 2346 770 constabiliat,
2408 708 2547 762 intra
2596 709 2866 764 dicemus.
2920 709 3078 764 Nunc
3131 727 3260 764 vero
3321 728 3553 781 prorsus

1976 798 2297 867 dignoscere
2343 801 2568 865 poteris,
2610 801 2990 864 dilectissime,
3042 818 3113 855 ex
3141 801 3251 869 jam
3302 805 3555 858 adductis

1976 888 2158 940 verbis
2195 904 2316 956 qua:
2351 889 2557 942 multus
2591 890 2678 943 liic
2710 907 3048 961 magnusque
3074 892 3310 947 Basilius
3361 895 3430 947 de
3465 897 3548 947 in-

1973 978 2104 1033 ﬂatu
2153 981 2487 1044 enuntiavit,
2520 983 2612 1048 qui
2654 993 2896 1051 tempore
2942 987 3249 1040 scltismatis
3292 986 3554 1041 Romanis

1974 1073 2428 1138 adversabantur,
2461 1073 2660 1128 fratres
2694 1087 2913 1129 nostros
2941 1079 3308 1141 contentiose,
3347 1090 3405 1131 ut
3429 1079 3551 1147 plu-

1973 1167 2169 1218 rinitini
2201 1210 2214 1228 ,
2281 1182 2382 1220 nec
2442 1167 2656 1220 veritati
2699 1168 3081 1232 attendi-mes,
3138 1171 3402 1224 adversus
3454 1186 3551 1225 eos

1972 1261 2461 1312 contradictionem
2513 1261 2731 1313 molitos
2774 1258 2964 1313 fuisse.
2992 1259 3112 1314 Jant
3143 1262 3286 1314 enim
3319 1277 3550 1328 magnus

1972 1352 2059 1402 liic
2078 1351 2395 1417 multusque
2422 1352 2475 1404 in
2516 1352 2678 1404 rebus
2717 1353 3044 1419 tlieologicis
3100 1351 3338 1406 Basilius
3373 1354 3547 1406 inﬂari

1969 1443 2102 1494 dicit
2133 1440 2400 1508 Spiritum
2436 1457 2466 1494 a
2515 1442 2811 1495 Servatore
2841 1443 3155 1512 discipulis,
3190 1459 3300 1496 non
3354 1453 3410 1496 iit
3448 1446 3548 1496 do-

1968 1547 2097 1583 num
2134 1531 2208 1582 illi
2272 1531 2488 1598 aliquod
2521 1533 2940 1585 deterniinatum
2979 1535 3312 1602 acciperent,
3347 1547 3548 1601 quein-

1965 1620 2257 1672 admodum
2323 1635 2516 1673 omnes
2561 1621 2652 1690 qui
2711 1630 2954 1690 tempore
2987 1623 3302 1676 scliismatis
3365 1635 3546 1684 erant,

1965 1726 2290 1779 exposuere,
2323 1712 2418 1764 sed
2446 1720 2504 1765 ut
2548 1722 2691 1765 totus
2721 1713 2836 1782 ipse
2858 1713 3097 1781 Spiritus
3149 1714 3202 1767 in
3241 1715 3346 1768 illis
3385 1715 3544 1766 babi-

271 1792 544 1858 γήσαντο,
597 1792 712 1844 ἀλλ’
745 1791 886 1844 ὥστε
915 1791 1036 1844 ὅλον
1069 1791 1204 1844 αὐτὸ
1231 1793 1292 1846 τὸ
1311 1791 1538 1862 Πνεῦμα
1593 1794 1852 1863 σχετικῶς

1967 1803 2184 1856 tualiter
2231 1802 2578 1867 inbabiiaret,
2614 1804 2788 1858 veluti
2831 1805 3182 1874 postmodum
3218 1806 3365 1859 omni
3419 1819 3540 1860 cre-

269 1884 466 1944 αὑεοῖς
495 1885 801 1948 ἐνοικῆσαι,
827 1885 1017 1952 ὥσπερ
1069 1883 1365 1954 ἐσύστερον
1416 1887 1513 1938 καὶ
1562 1887 1728 1938 παντὶ
1770 1903 1859 1939 πι-

272 1976 524 2028 στεύοοτι
565 1980 666 2036 τὴν
694 1975 949 2044 τοιαύτην
977 1978 1232 2046 σχετικὴν
1266 1978 1543 2046 ἐνοίκησιν
1572 1978 1666 2031 τοῦ
1701 1979 1859 2047 ἁγίου

268 2070 603 2137 Πνεύματος
641 2072 957 2138 ἐγγίνεσθαι
999 2071 1357 2141 πιστεύομεν,
1384 2073 1546 2143 εἴπερ
1599 2075 1858 2146 ἀρρήτως

265 2164 370 2216 καὶ
396 2164 540 2234 ὑπὲρ
567 2165 725 2231 λόγον
756 2166 848 2218 καὶ
876 2165 1007 2235 ὃλην
1033 2165 1133 2235 τὴν
1189 2167 1231 2217 Τ
1238 2166 1397 2234 ριάδα
1448 2168 1633 2222 παντὶ
1681 2169 1860 2238 πιστῷ

263 2256 575 2324 δοξάζομεν
605 2257 862 2309 ἐνοικεῖν.

347 2349 436 2418 ιη’.
478 2349 541 2401 ΕΞ
571 2350 629 2401 δέ
658 2350 1018 2419 προσίσταται
1043 2350 1183 2420 πρὸς
1212 2350 1370 2404 τοῦτό
1395 2367 1539 2404 τισιν
1564 2354 1595 2420 ὴ
1627 2353 1764 2421 πρὸς
1797 2354 1858 2405 τὸ

268 2443 472 2510 μέλλον
496 2443 889 2512 ἐπηγγελμένη
925 2448 1037 2506 τοῖς
1075 2443 1351 2513 μαθηταῖς
1394 2445 1488 2496 τοῦ
1541 2445 1856 2514 Πνεύματος

262 2538 644 2604 ἐπιφοίτησις,
673 2535 810 2590 ἀλλὰ
838 2535 926 2587 διὰ
971 2535 1070 2606 τὴν
1105 2537 1164 2586 ἐν
1218 2536 1517 2604 σωματικῷ
1572 2537 1701 2589 εῖδει
1745 2537 1856 2591 τῶν

264 2631 516 2697 πυρίνων
540 2628 801 2696 γλωσσῶν
832 2628 928 2680 τοῦ
961 2628 1280 2698 Πνεύματος
1309 2630 1684 2698 ἐπιφοίτησιν,
1715 2632 1747 2699 ἡ
1794 2633 1854 2684 ἐν

263 2719 632 2784 Εὑιγγελίοις
654 2718 892 2771 ἐτελεῖτο
914 2719 1066 2789 παρὰ
1091 2718 1183 2771 τοῦ
1218 2719 1472 2790 Σωτῆρος
1522 2721 1849 2788 ἐπαγγελία.

271 2830 289 2861 ε
341 2812 492 2863 Ἔδει
548 2813 678 2880 γαρ,
726 2829 744 2860 i
789 2813 956 2877 φησιν
1004 2813 1032 2863 ὁ
1065 2809 1168 2878 τῆς
1209 2809 1488 2877 θεολογίας
1540 2811 1849 2880 ἐπώνυμος,

266 2923 285 2955 ι
317 2903 412 2954 καὶ
437 2903 570 2954 αὑτὸ
595 2903 830 2970 φανῆναι
856 2902 1245 2970 σωματικῶς.»
1289 2905 1396 2955 Καὶ
1424 2904 1506 2955 ὅτι
1555 2903 1630 2972 μὴ
1665 2904 1850 2972 διωρι-

261 2997 466 3062 σμένον
488 3012 538 3046 τι
563 2995 942 3063 Πνευματικδν
965 2996 1211 3064 χάρισμα
1236 2997 1268 3063 ἡ
1291 2997 1516 3064 τοιαύτη
1540 2996 1847 3063 ἐμφύσησις

257 3082 350 3156 ἦ),
386 3085 506 3137 ἀλλ’
536 3088 818 3155 ήσχετικὴ
862 3088 1136 3154 ἐνοίκησις
1187 3086 1313 3139 ὅλου
1358 3085 1454 3138 τοῦ
1504 3086 1842 3154 Πνεῦματος,

260 3180 464 3232 σκόπει
487 3179 549 3230 τὸ
573 3178 665 3230 τοῦ
699 3177 865 3248 ῥητοῦ
888 3182 1107 3249 χωρίον,
1135 3181 1229 3231 καὶ
1260 3181 1315 3231 ἐν
1335 3182 1399 3247 τῇ
1433 3179 1650 3231 ἐκθέσει
1677 3178 1848 3232 αὑτοῦ

258 3275 524 3342 εὑρήσεις
562 3274 642 3324 ὅτι
672 3272 818 3338 λέγει
844 3274 872 3323 ὁ
914 3271 1069 3337 ἅγιος
1119 3274 1218 3341 τὴν
1273 3271 1586 3339 ἐμφύσησιν
1642 3271 1851 3338 ταύτην

256 3364 484 3416 ἐκείνου
512 3360 608 3414 τοῦ
637 3362 957 3430 Πνεύματος
1005 3358 1169 3424 εἶναι,
1215 3363 1352 3428 ὅπερ
1395 3361 1513 3411 ἐστὶ
1557 3360 1634 3428 τῷ
1687 3360 1849 3422 ζῶντι

253 3458 424 3524 Λόγῳ
457 3456 893 3523 συντεταγμένον
941 3457 1023 3518 είς
1069 3455 1131 3507 τὸ
1180 3457 1559 3524 δημιουργεῖν.
1621 3447 1683 3506 οῦ
1736 3453 1846 3521 γὰρ

254 3550 321 3616 δὴ
356 3547 453 3599 καὶ
482 3547 644 3615 χάριν
675 3545 1056 3613 πνευματικὴν
1101 3547 1216 3611 ἐρεῖ
1270 3561 1353 3606 τις
1398 3542 1844 3610 συντεταγμένην

253 3636 399 3692 εἶιναι
423 3638 502 3704 τῷ
526 3639 682 3705 Λόγῳ
721 3637 803 3698 είς
831 3636 893 3688 τὸ
920 3637 1291 3705 δημιουργεῖν·
1323 3634 1438 3687 ἀλλ’
1484 3638 1512 3687 ὁ
1570 3634 1672 3703 μὲν
1716 3634 1846 3700 περὶ

253 3733 354 3798 τῆς
391 3732 758 3800 ἐμφυσήσεως
787 3728 948 3796 λύγος
978 3729 1064 3782 διὰ
1093 3728 1261 3796 μέσου
1291 3745 1380 3795 μοι
1406 3725 1846 3797 παρεισωδιάσθη

253 3828 334 3884 είς
361 3823 642 3885 ἀπόδειξιν
665 3822 773 3875 τῶν
803 3822 976 3881 ἄλλως
1026 3821 1125 3891 μὲν
1150 3822 1274 3884 τοὺς
1308 3822 1434 3890 περὶ
1463 3821 1631 3886 αὐτῆς
1657 3819 1849 3886 λόγους

256 3918 415 3986 παρὰ
449 3917 560 3969 τῶν
590 3917 856 3981 θεολόγων
885 3913 1147 3982 Πατέρων
1199 3914 1562 3983 ἐξηγηθῆναι,
1589 3911 1764 3974 ἄλλως
1790 3911 1849 3964 δὲ

255 4012 415 4081 παρὰ
451 4010 561 4060 τῶν
613 4010 674 4059 οὺ
732 4006 912 4069 καλῶς
983 4005 1345 4058 διατεθέντων
1381 4005 1676 4074 ἐσύστερον
1706 4005 1845 4075 πρὸς

253 4107 353 4176 τὴν
384 4105 617 4172 εἰρήνην
655 4102 753 4168 τῆς
798 4099 1115 4168 Ῥωμαῖκῆς
1151 4100 1510 4168 Ἐκκλησίας.

318 4201 409 4250 ιϐ’.
453 4197 558 4249 Ἦν
607 4195 665 4247 δὲ
693 4196 720 4246 ὁ
758 4193 852 4246 τοῦ
885 4194 1044 4261 λόγου
1069 4193 1260 4262 είρμὸς
1311 4192 1698 4261 ἀποδειχθῆναι
1754 4191 1850 4245 νῦν

253 4293 484 4344 ἀπαιτεῖ
524 4289 764 4357 ἔμφασιν
793 4287 894 4355 τῆς
933 4286 1182 4354 ἐνότητος
1249 4285 1461 4354 Πατρὸς
1496 4286 1592 4338 καὶ
1631 4284 1754 4337 Υἱοῦ
1790 4285 1848 4336 ἐν

1965 1893 2116 1946 denti
2153 1893 2342 1944 eadem
2390 1893 2687 1948 liabitualis
2712 1895 2886 1948 sancti
2927 1896 3170 1963 Spiritus
3213 1895 3542 1949 iiiliabitatio

1965 1981 2256 2050 ingeritur,
2288 1982 2332 2034 si
2361 1981 2710 2036 ineﬂ‘abiliter
2731 1995 2784 2037 ct
2807 2000 2975 2054 supra
3017 1986 3284 2041 rationem
3319 2002 3542 2041 omnem

1966 2074 2282 2128 universam
2312 2073 2563 2130 Triadem
2605 2077 2657 2130 in
2689 2076 2923 2146 singulis
2976 2079 3227 2134 ﬁdelibus
3265 2080 3543 2136 credimus

1964 2165 2290 2220 inhabitare.

2041 2352 2128 2406 18.
2164 2351 2318 2418 Quod
2354 2352 2398 2406 si
2431 2353 2820 2405 nonnullorum
2848 2368 3012 2406 aures
3035 2352 3260 2407 oﬂendit
3289 2363 3537 2422 tempore

1957 2447 2144 2500 futuro
2165 2444 2469 2513 promissus
2497 2444 2758 2513 apostolis
2791 2445 3028 2512 Spiritus
3054 2446 3342 2511 adventus,
3364 2447 3542 2502 sciant

1961 2547 2187 2607 propter
2239 2537 2536 2591 adventum
2596 2537 2834 2605 Spiritus
2897 2537 2950 2589 in
3030 2552 3289 2604 corporea
3360 2540 3541 2606 specie

1957 2631 2250 2699 igiiitaruni
2287 2629 2616 2698 linguarum.
2649 2630 2701 2680 in
2729 2629 3034 2699 Evangeliis
3082 2627 3281 2682 factam
3335 2629 3541 2684 Serva-

1955 2725 2090 2776 t0i-is
2121 2723 2540 2790 promissionem
2582 2740 2594 2774 :
2635 2720 2911 2790 «Namque
2945 2724 3252 2790 Oportebat,
3292 2741 3312 2773 ι
3364 2722 3539 2790 inquit

1952 2816 2038 2868 citi
2071 2831 2100 2868 a
2137 2815 2410 2882 theologia
2464 2829 2766 2882 cognomen
2799 2822 2882 2866 est
2905 2854 2918 2877 ,
2960 2831 2978 2861 ι
3020 2823 3073 2866 et
3099 2814 3274 2881 ipsum
3303 2827 3537 2880 corpore

1956 2922 2241 2976 apparere.
2282 2925 2300 2956 ι
2332 2907 2398 2959 Et
2437 2906 2641 2958 nullum
2681 2904 3104 2958 determination
3151 2905 3354 2958 donum
3375 2904 3536 2956 simi-

1953 3001 2057 3053 leui
2104 2998 2348 3052 inﬂatum
2384 2995 2590 3058 fuisse,
2635 2997 2727 3048 se‘l
2791 3005 2999 3048 tantum
3072 2996 3240 3049 totius
3299 2994 3540 3062 Spiritus

1955 3090 2285 3144 liabitualem
2343 3089 2822 3151 inliabitationem,
2856 3090 3126 3141 siaitczite
3158 3087 3362 3139 dictum
3409 3101 3540 3139 con-

1963 3182 2194 3245 siderea,
2246 3181 2412 3232 etiam
2462 3195 2528 3232 ex
2589 3179 2738 3233 illitis
2795 3180 3140 3248 expositione
3195 3180 3538 3245 coinperies,

1956 3285 2205 3328 sanctum
2231 3273 2436 3336 dicere,
2480 3272 2725 3324 inﬂatum
2771 3273 2919 3323 illuni
2959 3273 3104 3324 illius
3137 3271 3375 3338 Spiritus
3417 3283 3541 3322 esse

1952 3373 2045 3439 qui
2071 3382 2154 3424 est
2179 3384 2303 3421 cuni
2328 3369 2522 3421 viventi
2554 3366 2731 3419 Verbo
2773 3369 2823 3420 in
2860 3368 3050 3419 eodem
3085 3369 3276 3419 ordine
3304 3365 3543 3417 co'loca-

1952 3471 2038 3514 tus
2061 3461 2127 3513 ad
2169 3459 2464 3514 creandum
2503 3474 2514 3510 :
2552 3472 2788 3525 namque
2819 3472 2980 3510 nemo
3019 3457 3164 3510 dicet
3193 3457 3394 3508 donum
3431 3453 3543 3519 Spi-

1947 3553 2106 3607 ritale
2173 3553 2227 3604 in
2295 3551 2486 3604 eodem
2555 3566 2678 3604 cum
2723 3549 2898 3602 Verbo
2955 3549 3145 3602 ordine
3205 3546 3539 3600 collocatum

1955 3644 2022 3696 ad
2067 3641 2386 3696 creandum.
2429 3641 2534 3694 Sed
2577 3641 2646 3694 de
2699 3641 2888 3694 inﬂatu
2936 3639 3112 3692 oratio
3193 3639 3280 3690 ltic
3327 3636 3537 3688 interea

1957 3733 2280 3797 interposita
2298 3742 2401 3795 est,
2430 3733 2495 3784 ad
2529 3731 3017 3785 demonstrandum
3049 3770 3063 3794 ,
3101 3728 3258 3781 aliter
3289 3741 3315 3778 ει
3350 3724 3530 3777 Patri-

1958 3825 2061 3879 bus
2085 3825 2352 3893 theologis
2383 3824 2706 3877 sententiam
2740 3823 2885 3876 illius
2919 3820 3220 3890 expositam
3250 3817 3440 3878 fuisse,
3473 3823 3531 3866 et

1960 3918 2118 3970 aliter
2154 3917 2222 3969 ab
2249 3916 2312 3969 iis
2345 3914 2436 3983 qui
2482 3913 2829 3983 postmodum
2865 3928 2973 3966 non
3026 3914 3158 3963 bene
3194 3907 3370 3962 affecti
3416 3907 3536 3958 lue-

1961 4015 2090 4062 runt
2121 4005 2310 4058 uniuni
2345 4019 2469 4058 cum
2503 4001 2750 4056 Romana
2785 4000 3047 4054 Ecclesia.

2032 4185 2115 4239 l9.
2151 4184 2330 4238 Series
2358 4199 2484 4235 vero
2516 4180 2786 4235 orationis
2833 4177 3164 4246 expostulat,
3225 4186 3281 4230 ut
3336 4179 3528 4231 notitia

1960 4277 2180 4332 unionis
2213 4277 2387 4330 l’atris
2418 4285 2473 4326 et
2513 4273 2657 4336 Filii,
2694 4272 2820 4325 dum
2855 4286 2920 4322 ex
2947 4269 3106 4321 Patre
3140 4279 3193 4322 et
3227 4268 3364 4322 Filio
3413 4270 3537 4338 Spi-

253 4387 331 4456 τῷ
365 4387 432 4436 ἐκ
458 4381 671 4450 Πιτρὸς
699 4381 793 4431 καὶ
828 4377 960 4430 Υίοῦ
993 4379 1244 4445 προϊέναι
1285 4378 1346 4429 τὸ
1381 4376 1625 4446 Πνεῦμα,
1657 4377 1752 4427 καὶ
1779 4377 1843 4443 δή

1957 4373 2094 4423 ritus
2127 4368 2494 4436 progreditur,
2532 4363 2906 4416 contradatur.
2934 4362 2996 4414 Et
3026 4361 3249 4429 jainjam
3291 4376 3351 4413 ea
3381 4378 3533 4414 roni—

259 4495 350 4545 μοι
375 4474 521 4543 αῦτη
561 4473 881 4541 ῥηθήσεται.
925 4470 986 4521 'O
1021 4469 1192 4536 μέγας
1255 4469 1536 4529 Βασίλειος
1589 4465 1681 4518 νῦν
1743 4467 1843 4535 μὲν

254 4570 313 4621 τὸ
343 4566 575 4634 Πνεῦμα
603 4563 762 4615 τοῦτο
793 4562 946 4615 θείαν
970 4559 1227 4628 ὀνομάζει
1256 4559 1442 4627 φύσιν,
1493 4559 1752 4629 ἄρρητον,
1785 4558 1844 4622 ἐξ

256 4662 504 4730 ἁῤῥητου
573 4655 838 4725 στόματος
905 4655 1228 4722 πεφηνυῖαν,
1286 4650 1343 4702 ἓν
1395 4649 1536 4702 εἶναι
1577 4649 1749 4716 λέγων
1784 4651 1844 4700 τὸ

256 4753 459 4817 στόμα,
521 4746 580 4808 ἐξ
622 4740 684 4798 οὗ
746 4744 807 4796 τὸ
849 4742 1099 4811 Πνεῦμα,
1152 4741 1248 4792 καὶ
1274 4739 1396 4809 οὐχὶ
1451 4737 1582 4791 δύο·
1641 4737 1736 4789 νῦν
1785 4738 1842 4790 δέ

256 4837 626 4906 παρακατιὼν
673 4837 773 4887 οὐκ
819 4835 981 4887 ἄλλον
1035 4831 1174 4884 εἶναι
1223 4831 1369 4898 λέγει
1405 4832 1494 4882 τὸν
1522 4833 1634 4892 τοῖς
1665 4828 1843 4898 μαθηο

251 4934 377 4992 ταῖς
410 4931 833 4996 ἐκφυσησαντα,
873 4925 988 4978 ἀλλ’
1013 4925 1176 4975 αὐτὸν
1215 4923 1282 4974 δι’
1306 4915 1368 4973 οῦ
1398 4920 1530 4983 Θεὸς
1595 4920 1692 4971 καὶ
1739 4919 1844 4970 πά-

251 5025 340 5079 λαι
365 5021 445 5089 τῷ
481 5017 900 5088 πρωτοπλάστῳ
925 5016 1126 5068 δέδωκε
1149 5013 1248 5083 τὴν
1273 5013 1610 5082 ἐμφύσησιν.
1645 5012 1757 5065 Καὶ
1783 5014 1842 5066 ἐν

251 5114 332 5182 τῷ
368 5112 557 5177 λέγειν
583 5110 684 5160 οὒκ
725 5107 884 5160 ἄλλον
916 5105 1054 5158 εἶναι
1084 5106 1176 5158 τὸν
1221 5107 1334 5166 τοῖς
1372 5104 1640 5173 μαθηταῖς
1668 5104 1842 5172 ἐμφυ-

252 5214 530 5274 σησαντα,
565 5201 682 5254 ἀλλ’
717 5201 902 5265 αὑτὸν,
938 5201 1003 5252 δι’
1033 5196 1096 5254 οῦ
1133 5200 1211 5268 τῷ
1253 5199 1669 5270 πρωτοπλάστῳ
1710 5197 1842 5254 Θεὸς

250 5296 611 5364 ἐνεφύσησεν,
635 5291 1077 5363 ὁμολογουμένην
1097 5293 1332 5343 ποιεῖται
1353 5288 1461 5340 τῶν
1479 5286 1640 5340 θείων
1668 5303 1808 5355 προσ
1824 5317 1837 5323 -

248 5392 420 5440 ώπων
469 5387 571 5456 τὴν
597 5387 854 5453 ἔμφασιν,
881 5385 978 5436 τοῦ
1015 5401 1074 5436 τε
1107 5382 1244 5436 Θεοῦ
1275 5381 1372 5435 καὶ
1409 5381 1647 5448 Πατρδς,
1683 5379 1740 5444 ἐξ
1776 5371 1837 5430 οὗ

247 5485 281 5552 ἡ
318 5485 659 5550 ἐμφύσησις,
697 5479 910 5532 καὶτοῦ
938 5478 1074 5529 Θεοῦ
1108 5478 1201 5528 καὶ
1232 5475 1384 5540 Υίοῦ,
1414 5474 1482 5527 δι’
1518 5468 1630 5542 οῦή
1659 5471 1838 5541 ἐμφύ-

251 5587 414 5641 σησις
446 5586 463 5600 ο
502 5568 686 5621 καὶτὸ
745 5563 996 5619 ἐντεῦθεν
1045 5561 1378 5630 δηλούμενόν
1418 5563 1572 5614 ἐστιν
1622 5561 1721 5624 ὼς,
1774 5562 1836 5612 τὸ

245 5665 296 5715 εἰ
320 5678 379 5714 τι
423 5658 561 5728 περὶ
589 5657 684 5711 τοῦ
719 5654 1041 5723 Πνεύματος
1080 5655 1143 5704 ὲκ
1169 5653 1383 5721 Πατρδς
1415 5652 1483 5703 δι’
1518 5649 1648 5702 Υἰοῦ
1681 5649 1836 5716 λέγε.

245 5773 357 5817 ται,
395 5755 500 5816 οὑγ
531 5753 608 5814 ὡς
641 5755 700 5804 εκ
741 5749 836 5802 δύο
877 5745 1064 5800 αἰτίων
1089 5745 1219 5797 αὐτὸ
1258 5743 1496 5811 λέγεται.
1531 5742 1699 5796 Τοῦτο
1724 5742 1859 5812 γὰρ.

1953 4457 2369 4511 memorabitur.
2399 4454 2621 4522 Magnus
2653 4452 2884 4505 Basilius
2911 4466 3052 4503 nunc
3073 4461 3229 4503 vocat
3257 4452 3526 4517 Spiritum

1954 4551 2100 4603 hunc
2133 4547 2372 4600 divinant
2423 4555 2701 4606 naturain,
2740 4541 3094 4602 initiabileni,
3148 4555 3214 4592 ex
3272 4541 3532 4595 iiieﬂ'abili

1947 4657 2042 4694 ore
2096 4649 2522 4706 coniparentem,
2564 4649 2754 4697 unum,
2826 4633 3098 4700 inquiens,
3156 4645 3217 4683 os
3265 4646 3410 4694 esse,
3465 4648 3531 4683 ex

1945 4747 2054 4801 quo
2083 4731 2334 4798 Spiritus,
2387 4738 2441 4778 ct
2481 4742 2585 4778 non
2621 4726 2757 4788 duo,
2784 4741 2925 4776 nunc
2963 4739 3090 4775 vero
3109 4722 3383 4788 paululum
3415 4736 3532 4786 pro-

1946 4820 2185 4894 gressus,
2225 4837 2332 4874 non
2379 4821 2544 4872 alium
2590 4833 2712 4871 esse
2759 4816 2888 4867 diiit
2937 4831 3060 4867 etim
3098 4814 3190 4880 qui
3249 4813 3532 4881 discipulis

1947 4917 2249 4977 itiﬂai'erat,
2293 4914 2384 4967 scd
2433 4928 2555 4965 eunt
2617 4913 2820 4978 ipsum,
2854 4924 2949 4977 per
2980 4924 3141 4975 quem
3195 4907 3335 4958 Deus
3395 4908 3531 4958 anti-

1944 5012 2130 5076 quitus
2166 5005 2371 5061 homini
2410 5004 2644 5072 priiiiuiii
2695 5011 2883 5054 creato
2931 4998 3176 5051 inﬂatum
3248 4997 3528 5049 contradi-

1949 5102 2050 5153 dit.
2104 5097 2170 5150 Bt
2227 5114 2350 5149 cuin
2398 5097 2550 5155 dicit,
2616 5109 2724 5144 non
2783 5093 2949 5144 alium
2984 5106 3128 5152 esse,
3177 5089 3268 5158 qui
3320 5089 3530 5141 inﬂavit

1943 5192 2230 5262 apostolis,
2253 5189 2344 5243 sed
2370 5204 2494 5239 cum
2539 5187 2741 5252 ipsum,
2777 5200 2872 5253 per
2893 5199 3053 5251 quem
3090 5183 3325 5250 primum
3356 5181 3530 5233 homi—

1949 5285 2001 5336 ni
2040 5281 2180 5335 Deus
2226 5281 2455 5340 inﬂavit,
2500 5277 2812 5327 divinarum
2860 5289 3221 5341 personarum
3276 5272 3524 5323 notitiam

1944 5385 2148 5428 i-ei'taiii
2183 5381 2346 5438 alllle
2387 5369 2746 5420 indubitatam
2781 5364 3070 5431 expressit,
3101 5373 3151 5414 et
3184 5359 3278 5412 Dei
3328 5369 3382 5412 ct
3419 5359 3525 5410 l’a-

1945 5467 2066 5525 tris,
2123 5479 2184 5515 ex
2234 5478 2345 5529 quo
2404 5458 2647 5522 inﬂatus,
2704 5469 2755 5510 et
2798 5456 2890 5508 Dei
2954 5466 3007 5507 i-t
3060 5452 3179 5505 Filii
3235 5468 3327 5520 per
3363 5465 3524 5519 quem

1943 5556 2158 5607 inllatus
2187 5567 2202 5615 ;
2231 5561 2284 5604 et
2319 5553 2463 5618 quod
2495 5551 2614 5600 inde
2661 5549 2932 5600 indicatur
2961 5556 3066 5607 est,
3115 5561 3220 5596 non
3263 5541 3524 5610 quidquid

1933 5661 2005 5701 ex
2039 5645 2193 5697 Patre
2215 5657 2307 5711 per
2340 5639 2531 5692 Filitini
2563 5640 2760 5694 dicitur
2791 5641 2854 5690 de
2886 5636 3121 5709 Spiritu,
3155 5646 3413 5702 tanquam
3446 5649 3514 5687 ex

1939 5739 2150 5792 duabus
2180 5734 2364 5791 causis
2396 5734 2525 5789 dici.
2566 5731 2676 5786 lloc
2731 5733 2876 5783 enim
2926 5732 2979 5782 in
3039 5733 3142 5783 line
3206 5727 3386 5787 octavi
3445 5725 3515 5781 ad
