4202 6444
768 338 847 403 79
1826 336 2035 401 JOAN.
2074 337 2288 397 VECCI
2325 338 2433 397 CP.
2480 334 2988 398 PATRIARCHzE
3940 340 4024 402 ‘80

776 450 1074 507 hilominus
1109 453 1234 507 licet
1260 453 1455 507 allatus
1484 462 1663 507 textus
1691 467 1751 507 ex
1793 455 1995 525 scripto
2012 453 2203 508 codice
2227 467 2351 507 era-

2457 451 2591 505 ἀλλὰ
2622 451 2685 506 σὺ
2710 455 2805 506 καὶ
2833 452 2942 506 ἀπὸ
2970 452 3078 505 τῶν
3115 449 3410 503 ἐπιῖοίπων
3443 451 3747 522 αημείωσαι
3774 449 3850 514 ὡς
3890 452 4026 505 πολ-

782 560 879 599 sus
909 554 1015 609 est,
1065 554 1121 599 tu
1171 560 1238 600 ex
1292 546 1419 608 illis,
1472 561 1592 615 qua:
1631 545 1840 615 reliqua
1882 554 2029 609 sunt,
2063 546 2347 609 adnotato,

772 642 997 705 quantis
1022 647 1077 692 et
1111 638 1226 708 ipsa
1261 639 1497 709 polleant
1538 636 1603 691 ad
1639 638 1915 707 parandos
1944 637 2181 700 animos,
2220 636 2350 689 viri-

777 730 902 783 bus.
945 729 1085 784 Dicit
1120 747 1353 800 namque
1416 732 1502 783 hic
1559 739 1784 784 sanctus
1840 730 1893 782 in
1946 728 2347 796 sequentibus:

784 840 803 873 ι
841 820 1310 887 Quemadmodum
1345 823 1491 875 enim
1516 820 1695 876 Filius
1724 821 1914 873 ordine
1960 819 2107 874 Patri
2159 835 2353 874 secun-

784 909 911 975 dus,
945 911 1091 979 quod
1123 910 1192 964 ab
1222 911 1337 975 illo,
1367 922 1421 965 et
1452 912 1733 981 dignitate,
1775 911 1915 979 quod
1940 910 2267 979 principium
2299 921 2352 964 et

785 1018 951 1056 causa
1010 1002 1166 1056 illius
1215 1004 1375 1058 Pater
1409 1014 1513 1068 est,
1570 1016 1761 1056 na'ura
1800 1019 1928 1056 vero
1969 1019 2077 1057 non
2110 1004 2235 1057 item
2265 1017 2352 1057 se-

784 1096 1019 1157 cundus,
1067 1096 1210 1162 quod
1260 1094 1439 1149 Deitas
1491 1096 1543 1149 in
1586 1096 1851 1148 ambobus
1883 1110 2012 1154 una,
2055 1112 2074 1145 ι
2106 1094 2219 1163 pari
2267 1108 2352 1145 ra-
2401 1088 2409 1101 ’

792 1186 938 1239 tione
972 1186 1184 1240 scilicet
1211 1194 1264 1238 et
1305 1186 1541 1255 Spiritus
1576 1196 1796 1240 sanctus
1829 1185 1873 1239 si
1913 1185 2049 1239 Filio
2082 1183 2271 1238 ordine
2297 1194 2349 1238 et

777 1279 1042 1347 dignitate
1097 1278 1325 1332 inferior
1359 1290 1460 1341 est,
1499 1291 1776 1346 nunquam
1820 1288 1999 1331 tamen
2058 1276 2158 1330 rite
2202 1274 2349 1329 dice-

781 1384 906 1421 tnus
942 1369 1122 1437 sequi,
1147 1383 1271 1421 eum
1305 1369 1530 1421 alterius
1561 1383 1681 1421 esse
1714 1377 1937 1421 naturm.
1968 1366 2109 1431 Quid
2140 1365 2237 1419 tibi
2285 1366 2352 1419 de

781 1461 869 1514 his
913 1458 1166 1512 videtur?
1203 1457 1434 1512 Prorsus
1482 1458 1617 1511 nihil
1671 1458 1815 1511 aliud
1870 1458 1995 1511 inde
2049 1458 2349 1527 colligitur.

779 1552 907 1616 nisi,
946 1552 1023 1603 uti
1054 1561 1135 1603 est
1168 1549 1337 1604 Filius
1368 1550 1560 1603 ordine
1588 1558 1638 1603 et
1672 1550 1934 1616 dignitate
1972 1547 2117 1602 Patri
2160 1564 2353 1603 secun-

776 1644 900 1708 dus,
932 1643 1007 1694 ita
1026 1650 1079 1695 et
1109 1639 1346 1710 Spiritus
1388 1652 1609 1696 sanctus
1635 1641 1828 1694 ordine
1870 1650 1923 1693 et
1967 1641 2235 1709 dignitate
2269 1656 2353 1693 se-

777 1734 993 1789 cundus
1045 1743 1127 1788 est
1160 1732 1321 1786 Filio.
1373 1731 1586 1786 Etenim
1651 1733 1696 1786 si
1727 1748 1813 1787 res
1862 1730 1979 1787 Filii
2016 1734 2081 1785 ad
2135 1731 2348 1785 Patrem

779 1828 1050 1881 secundas
1102 1824 1225 1891 quis
1287 1824 1684 1877 aSseveraverit
1713 1824 1906 1877 ordine
1955 1833 2011 1877 et
2058 1823 2349 1890 dignitate,
2388 1809 2426 1860 3

780 1916 1019 1985 Spiritus
1052 1925 1233 1968 autem
1270 1914 1335 1967 ad
1370 1912 1568 1967 Filium
1602 1913 1751 1966 nullo
1800 1913 1987 1976 modo,
2026 1913 2191 1966 simul
2227 1928 2351 1967 cum

781 2008 905 2063 aliis
933 2017 987 2061 et
1011 2021 1268 2076 magnum
1306 2003 1667 2059 Athanasium
1710 2004 2116 2069 criminabitur,
2152 2004 2237 2057 his
2265 2005 2356 2059 iis-

780 2102 901 2157 dem
926 2101 1106 2155 verbis
1130 2099 1400 2153 dicentem
1431 2114 1445 2152 :
1485 2115 1504 2147 (
1531 2098 1884 2166 Quaecunque
1901 2096 2072 2152 Filius
2103 2112 2229 2168 erga
2248 2096 2355 2151 Pa-

781 2206 939 2257 trem,
972 2201 1027 2247 et
1056 2191 1295 2260 Spiritus
1325 2205 1450 2259 erga
1469 2189 1688 2243 Filium.
1725 2208 1744 2242 ι
1778 2189 1833 2243 Si
1866 2205 1993 2244 vero
2028 2189 2264 2260 Spiritus
2288 2189 2357 2246 ad

780 2284 981 2340 Filium
1041 2283 1296 2338 secunda:
1354 2291 1535 2350 partes
1591 2282 1947 2350 proportione
2005 2283 2357 2351 respondent,

772 2376 1047 2434 secundis
1086 2376 1338 2446 partibus
1378 2371 1500 2427 Filii
1531 2375 1598 2428 ad
1635 2373 1873 2438 Patrem,
1930 2374 2045 2444 ipse
2079 2374 2221 2443 quod
2274 2391 2359 2429 sc-

781 2472 990 2541 quitur,
1058 2468 1491 2522 ratiocinationis
1541 2467 1974 2537 consequentia,
2046 2468 2211 2521 etiam
2273 2483 2360 2520 me

778 2571 1020 2624 tacente,
1046 2558 1458 2630 deprehendere
1500 2557 1725 2625 poteris.
1760 2556 1914 2622 Quod
1951 2557 1995 2611 si
2030 2555 2225 2610 durum
2264 2557 2360 2612 tibi

784 2646 1011 2710 videtur
1031 2667 1276 2716 rursum,
1347 2658 1399 2704 et
1453 2660 1707 2719 perceptu
1764 2648 2025 2714 diﬂicile,
2093 2648 2359 2720 Spiritum

786 2760 910 2802 esse
941 2742 1078 2797 Filio
1108 2739 1412 2796 secundum
1445 2748 1499 2795 et
1528 2741 1720 2795 ordine
1749 2747 1803 2793 et
1833 2738 2126 2807 dignitate,
2166 2754 2363 2794 securi-

788 2838 917 2891 dum
977 2831 1389 2904 proportionem
1452 2831 1815 2886 secundarum
1878 2815 2158 2901 partium,
2225 2843 2363 2898 quas

788 2928 951 2981 habet
1019 2924 1189 2978 Filius
1249 2923 1316 2976 ad
1374 2920 1591 2977 Patrem
1657 2923 1849 2977 ordine
1896 2932 1951 2976 et
1996 2922 2282 2991 dignitate,
2317 2920 2362 2973 si

790 3014 1020 3085 Nysseni
1049 3012 1213 3065 verba
1262 3012 1315 3063 in
1371 3014 1691 3066 memoriam
1753 3012 2119 3075 revocaveris,
2162 3011 2363 3080 quibus

2454 541 2550 612 λὴν
2579 542 2765 612 ἔχουσι
2796 543 2892 595 καὶ
2925 541 3099 595 ταῦτα
3133 540 3268 612 πρὸς
3300 540 3651 609 καταλλαγὴν
3708 539 3805 608 τὴν
3843 541 4024 609 ἱηύνο

2454 631 2601 699 λέγει
2629 634 2740 703 γὰρ
2769 635 2797 685 ὁ
2821 634 2975 699 ἇγιος
3000 626 3158 693 οῦτος
3217 633 3274 683 ὲν
3305 632 3419 693 τοῖς
3457 629 3606 698 ἑξῆς
3642 649 3661 681 ι
3704 630 3792 690 Ὦς
3827 631 3937 699 γὰρ
3994 632 4026 681 ὁ

2454 725 2582 788 Υἱὸς
2635 725 2783 788 τάξει
2820 725 2918 795 μὲν
2949 724 3207 792 δεύτερος
3236 721 3327 776 τοῦ
3354 721 3589 792 Πατρὸς,
3616 723 3698 774 ὅτι
3730 722 3834 776 ἀπ’
3877 723 4027 775 ὲκεί-

2456 836 2568 883 νου,
2604 819 2701 871 καὶ
2745 818 3041 888 ἀξιώματι,
3086 817 3170 870 ὅτι
3210 818 3353 887 ἀρχὴ
3401 816 3496 869 καὶ
3550 814 3699 867 αίτὶα
3752 818 3830 884 τῷ
3877 811 4027 869 εἶναι

2458 910 2675 979 Πατέρα
2716 910 2906 975 αὑτοῦ,
2971 909 3131 979 φύσει
3169 907 3227 959 δὲ
3273 907 3456 959 οὐκέτι
3509 906 3786 976 δεύτερος,
3829 908 4027 975 διότιή

2455 1000 2643 1069 θεοτης
2673 1002 2729 1053 ὲν
2776 1000 3025 1071 ἐκατέρῳ
3090 999 3211 1069 μία·
3260 1015 3279 1048 ι
3333 999 3476 1051 οὕτω
3530 997 3777 1067 δηλονότι
3821 1001 3914 1052 καὶ
3964 1002 4030 1053 τὸ

2454 1092 2683 1164 Πνεῦμα
2714 1094 2773 1145 τὺ
2801 1095 2979 1161 αγιον,
3009 1096 3058 1146 εἰ
3083 1094 3179 1146 καὶ
3220 1093 3530 1162 ῦποϐἐϐηκε
3552 1093 3645 1146 τὸν
3678 1092 3809 1145 TD»)
3834 1096 3899 1162 τῇ
3928 1094 4028 1147 τά-

2455 1185 2534 1249 ξει
2560 1187 2650 1238 καὶ
2675 1186 2754 1256 τῷ
2786 1186 3084 1254 ἀξιώματι,
3147 1187 3333 1239 οὐκέτι
3369 1184 3437 1237 ἂν
3481 1185 3706 1249 εἰκότως
3744 1185 3821 1248 ὡς
3861 1184 4025 1236 ἀλλο-

2450 1279 2608 1347 τρίας
2641 1281 2887 1348 ὑπάρχον
2915 1278 3131 1346 φύσεως
3157 1277 3473 1330 ἀκολουθεῖν
3522 1278 3795 1345 εἴπ.ιμεν.
3850 1277 3914 1328 Τί
3941 1293 4027 1328 σοι

2453 1373 2517 1422 ἐκ
2549 1368 2755 1422 τούτων
2790 1371 2974 1436 δοκεῖς
3012 1370 3233 1431 Πάντως
3256 1369 3407 1422 οὐδὲν
3432 1368 3561 1421 ἄλλο
3584 1368 3735 1421 ἐστὶν
3768 1368 4026 1420 ἐντεῦθεν

2456 1460 2517 1512 τδ
2540 1460 2928 1529 συναγόμενον,
2967 1460 3001 1530 ἦ
3032 1462 3134 1523 ὅτι,
3156 1459 3343 1529 ὥσπερ
3374 1460 3520 1513 ἐστὶν
3550 1460 3579 1511 ὁ
3604 1459 3728 1521 Υἱὸς
3754 1460 3903 1525 τὰξ;ι
3931 1458 4029 1511 καὶ

2454 1552 2727 1621 ἀξιώματι
2763 1548 3016 1619 δεύτερος
3041 1550 3133 1604 τοῦ
3160 1550 3550 1619 Πατρὸς,οῦτω
3580 1552 3672 1603 καὶ
3692 1551 3752 1603 τὸ
3797 1552 4029 1621 Πνεῦμα

2450 1643 2604 1708 τάξει
2645 1643 2739 1694 καὶ
2770 1639 3043 1710 ἀξιώματι
3072 1642 3324 1710 δεύτερόν
3353 1642 3583 1695 ἐστιτοῦ
3607 1642 3761 1695 Tia}.
3819 1642 3881 1694 Ei
3918 1648 4028 1713 γὰρ

2454 1735 2518 1788 τὰ
2548 1736 2648 1804 μὲν
2668 1736 2761 1788 τοῦ
2792 1735 2922 1788 Υἱοῦ
2964 1736 3099 1802 πρὸς
3128 1737 3220 1788 τὸν
3253 1734 3474 1803 Πατέρα
3502 1735 3733 1801 δεύτερα
3765 1736 3908 1787 εἴποι
3940 1753 4030 1798 τις

2453 1829 2517 1895 τῇ
2560 1826 2711 1890 τάξει
2742 1828 2837 1879 καὶ
2866 1825 2945 1896 τῷ
2974 1825 3271 1895 ἀξιώματι,
3315 1826 3383 1877 τὰ
3434 1825 3490 1877 δὲ
3545 1822 3641 1876 τοῦ
3708 1825 4027 1893 Πνεῦματος

2454 1918 2592 1989 πρὸς
2619 1918 2711 1971 τὸν
2744 1918 2873 1970 Υίὺν
2899 1919 3175 1987 οὐδαμῶς,
3215 1920 3354 1987 μετὰ
3404 1917 3512 1971 τῶν
3560 1917 3739 1971 ἄλλων
3794 1917 3890 1969 καὶ
3936 1918 4031 1968 τὸν

2457 2011 2634 2078 μέγαν
2679 2008 2997 2063 Ἀθανάσιον
3016 2009 3283 2074 διαϐαλεῖ,
3319 2010 3515 2073 αὑταῖς
3550 2010 3728 2074 λέξεσι
3770 2007 4026 2075 λέγεντγ

2462 2103 2633 2155 (Ὅσα
2662 2105 2689 2155 ὁ
2712 2103 2835 2164 Tib;
2860 2102 3000 2172 πρὶς
3030 2102 3121 2154 τὸν
3147 2102 3393 2173 Πατέρα,
3420 2102 3514 2155 καὶ
3550 2101 3610 2154 τὸ
3636 2099 3863 2169 Πνεῦμα
3890 2100 4033 2170 πρὸς

2454 2190 2546 2244 τὸν
2576 2193 2727 2247 Υίόν.
2760 2212 2779 2243 ι
2812 2194 2876 2245 Ei
2900 2192 2958 2245 δὲ
2985 2194 3046 2246 τὸ
3075 2192 3169 2246 τοῦ
3202 2192 3518 2261 Πνεύματος
3568 2194 3705 2263 πρὶς
3748 2190 3841 2245 τὸν
3901 2191 4032 2243 Tib-1

2455 2286 2760 2357 δευτερεῖον
2795 2288 3060 2356 ἀνάλογόν
3097 2289 3218 2341 ἐστι’
3243 2288 3321 2357 τῷ
3362 2289 3493 2358 πρὸς
3517 2288 3606 2340 τὸν
3660 2290 3878 2360 Πατέρα
3900 2275 4029 2342 δευ-

2456 2379 2657 2449 τερείῳ
2695 2379 2791 2432 τοῦ
2824 2379 2980 2443 Υἰοῦ,
3021 2381 3183 2443 αὐτὸς
3216 2380 3279 2433 τὸ
3302 2378 3595 2433 ἀκόλουθον
3634 2384 3700 2449 τῇ
3730 2380 3820 2435 τοῦ
3870 2381 4033 2448 λόγου

2458 2472 2695 2544 ἀνάγκῃ,
2725 2472 2822 2525 κα)⁵
2849 2473 2989 2543 ἐμοῦ
3024 2473 3361 2536 σιωπῶντος,
3399 2462 3543 2525 νοεῖν
3574 2472 3739 2542 ἔχεις.
3786 2474 3925 2527 Ἀλλ’
3958 2476 4037 2526 εἴ·

2460 2578 2567 2633 περ
2600 2564 2773 2632 τραχύ
2802 2578 2856 2614 τι
2887 2562 2983 2615 καὶ
3016 2562 3173 2625 αὖθις
3201 2562 3351 2614 δοκεῖ
3384 2564 3467 2613 σόι
3524 2563 3618 2614 καὶ
3681 2560 4034 2627 δυσπαςάεε-

2462 2669 2589 2707 κτον
2618 2653 2682 2705 τὸ
2706 2651 2847 2707 εἶναι
2876 2652 2938 2706 τὸ
2967 2652 3191 2721 Πνεῦμα
3225 2652 3477 2722 δεύτερον
3502 2652 3594 2705 τοῦ
3638 2652 3768 2704 Υίοῦ
3803 2651 3958 2716 τάξει
3974 2668 4035 2705 τε

2462 2744 2558 2799 καὶ
2594 2745 2870 2816 ἀξιώματι
2905 2746 3048 2800 κατὰ
3100 2744 3203 2815 τὴν
3254 2744 3549 2811 ἀναλογίαν
3607 2744 3702 2796 τοῦ
3758 2745 3894 2815 πρὸς
3945 2749 4040 2797 τὸν

2463 2836 2688 2906 Πατέρα
2713 2837 3024 2907 δευτερεῖον
3058 2835 3152 2890 τοῦ
3184 2836 3312 2888 Υἱοῦ
3359 2836 3453 2887 ἐπὶ
3482 2839 3549 2903 τῇ
3605 2834 3758 2899 τάξει
3816 2839 3908 2889 καὶ
3962 2838 4041 2907 τῷ

2463 2926 2765 2997 ἀξιώματι,
2793 2929 2891 2981 ἐὰν
2915 2928 3027 2982 τῶν
3054 2928 3149 2981 τοῦ
3170 2928 3393 2997 Νύσσης
3446 2932 3711 2997 ῥημάτων
3764 2931 4040 3001 μνησθῇς,

2466 3019 2523 3070 ὲν
2547 3016 2628 3081 οἷς
2650 3019 2803 3087 ἔλεγε
2852 3038 2871 3072 ι
2900 3020 2993 3074 τὸν
3032 3020 3255 3088 Πατέρα
3297 3021 3395 3089 μὲν
3438 3021 3880 3089 προεπινοεῖσθαι
3943 3023 4040 3074 τοῦ

790 3106 1073 3161 indicabat
1102 3122 1115 3158 :
1150 3122 1168 3155 ι
1216 3101 1434 3157 Patrem
1461 3102 1598 3159 Filio
1624 3103 1959 3173 praeintelligi
1991 3103 2201 3157 ratione
2228 3118 2360 3156 cau-

2469 3109 2598 3162 Υίοῦ
2625 3110 2704 3180 τῷ
2740 3112 2836 3181 τῆς
2871 3111 3048 3173 αίτίας
3085 3112 3252 3183 λόγῳ,
3299 3113 3388 3165 τὶν
3418 3114 3474 3166 δὲ
3516 3114 3645 3167 Υἱὸν
3706 3114 4043 3193 προθεωρεῖ-

791 3214 886 3259 διε,
953 3195 1150 3250 Filium
1187 3210 1318 3250 vero
1378 3196 1721 3266 prteintelligi
1775 3194 2012 3265 Spiritus
2074 3196 2354 3265 hypostasi

792 3288 1095 3345 secundum
1129 3301 1311 3341 causa:
1333 3287 1625 3350 rationem,
1660 3304 1679 3338 ι
1735 3288 1916 3342 omnis
1966 3287 2060 3341 tibi
2094 3287 2361 3353 asperitas

793 3382 1051 3443 lenietur,
1087 3380 1305 3449 etquod
1348 3379 1401 3432 in
1443 3379 1623 3433 verbis
1660 3379 1837 3449 magni
1880 3378 2063 3433 Basilii
2107 3388 2362 3449 perceptu

792 3470 1009 3526 dilIicile
1042 3482 1149 3536 est,
1182 3471 1455 3525 similibus
1488 3468 1718 3541 Nysseni
1749 3470 1926 3524 verbis
1961 3470 2218 3525 facillime
2244 3487 2366 3540 per—

794 3563 1051 3634 cipietur,
1091 3572 1143 3617 et
1193 3562 1388 3616 Filium
1423 3563 1640 3631 quidem
1684 3561 2029 3616 continenter
2081 3578 2145 3615 ex
2202 3562 2365 3617 Patre

795 3652 1094 3722 concipies,
1131 3654 1395 3725 Spiritum
1418 3668 1545 3707 vero
1570 3668 1631 3705 ex
1665 3667 1751 3717 eo,
1780 3654 1871 3728 qui
1908 3654 2254 3706 continenter
2282 3664 2367 3708 est

798 3766 921 3805 cum
948 3748 1127 3804 Patre.
1166 3746 1304 3812 Quid
1336 3745 1482 3807 enim
1512 3743 1658 3799 aliud
1684 3747 1872 3798 horum
1911 3745 2199 3797 verborum
2244 3762 2367 3798 sett-

798 3842 971 3896 tentia
1005 3839 1187 3902 tinnit,
1226 3852 1390 3908 quam
1433 3836 1647 3890 Patrem
1714 3834 2054 3904 prmintelligi
2098 3834 2237 3888 Filio
2279 3851 2366 3887 ra-

800 3934 950 3989 tione
1003 3945 1204 3993 causa,
1251 3929 1390 3997 quoi!
1448 3944 1514 3990 ex
1568 3926 1727 3981 Patre
1766 3925 1962 3992 Filius,
2026 3925 2368 3996 ριτιείιιιυιὶὶεἰ

802 4040 933 4080 νει-ο
956 4032 1010 4078 et
1041 4021 1303 4091 Spiritum
1347 4018 1485 4073 Filio
1515 4018 1819 4072 secundum
1869 4019 2134 4073 rationem
2168 4035 2364 4084 causae,

802 4117 946 4193 quod
979 4129 1043 4168 ex
1096 4111 1237 4165 Filio
1271 4111 1531 4179 Spiritus.
1586 4107 1664 4162 Tu
1718 4110 1901 4178 itaque
1937 4109 2165 4163 audiens
2197 4107 2372 4178 Spiri-

806 4219 921 4261 tum
957 4220 1023 4258 ex
1073 4203 1237 4258 Patre
1276 4218 1369 4271 per
1401 4198 1597 4255 Filium
1650 4199 1962 4268 procedere,
2022 4210 2073 4252 et
2108 4215 2171 4253 ex
2212 4200 2372 4253 Patre

807 4297 1094 4357 exsistere,
1137 4302 1191 4348 et
1226 4308 1255 4346 a
1296 4292 1453 4357 Filio,
1484 4291 1627 4360 quod
1664 4291 1756 4355 sit,
1784 4290 2007 4352 habere,
2030 4300 2085 4343 et
2115 4304 2179 4342 ex
2211 4287 2370 4342 Patre

807 4386 1171 4442 essentialiter
1209 4383 1435 4447 εΠιιιιιιί,
1462 4391 1519 4436 et
1575 4380 1826 4435 similiter
1880 4395 1944 4433 ex
1994 4378 2129 4433 Filio
2183 4394 2375 4434 essen-

2470 3200 2595 3254 σθαι
2620 3205 2722 3272 τῆς
2753 3202 2847 3256 τοῦ
2891 3202 3209 3273 Πνεύματος
3241 3205 3599 3269 ὑποστάσεως
3631 3208 3774 3259 κατὰ
3804 3208 3895 3259 τὸν
3940 3208 4043 3274 τῆς

2469 3293 2652 3356 αἰτίας
2683 3295 2859 3363 λόγον,
2895 3313 2914 3345 ι
2978 3295 3331 3365 λεανθήσεταί
3397 3314 3480 3350 σοι
3514 3299 3690 3351 ’πᾶσα
3739 3300 4044 3368 τραχύτης,

2471 3386 2565 3437 καὶ
2593 3384 2653 3437 τὸ
2679 3386 2737 3437 ὲν
2772 3388 2882 3445 τοῖς
2913 3385 3092 3453 λόγοις
3127 3386 3220 3439 τοῦ
3255 3388 3494 3457 μεγάλου
3520 3389 3798 3443 Βασιλείου
3833 3391 4045 3444 δυσπαο

2476 3474 2730 3545 ράδεκτον
2763 3474 2852 3527 διὰ
2882 3476 2990 3527 τῶν
3013 3477 3217 3546 ὁμοίων
3246 3477 3340 3529 τοῦ
3371 3478 3597 3547 Νύσσης
3630 3480 4043 3548 εὐπαρὰδεκτὸν

2475 3580 2559 3616 σοι
2592 3564 2900 3632 γενήσεται,
2922 3564 3015 3616 καὶ
3043 3565 3134 3617 τὸν
3172 3565 3272 3633 μὲν
3314 3555 3441 3617 Υἱὸν
3479 3566 3763 3636 προσιχῶς
3833 3570 3898 3621 ἐκ
3949 3567 4045 3621 τοῦ

2475 3655 2692 3724 Πατρὸς
2722 3657 2959 3725 νοήσεις,
2985 3656 3042 3708 τὸ
3074 3656 3132 3708 δὲ
3163 3657 3388 3727 Πνεῦμα
3409 3658 3510 3711 «διὰ
3541 3659 3636 3713 τοῦ
3674 3659 3957 3729 προσεχῶς
3979 3662 4046 3713 ἐκ

2473 3745 2566 3797 τοῦ
2601 3747 2838 3815 Πατρός.
2873 3746 2966 3809 Ei;
2993 3746 3043 3798 τί
3075 3747 3185 3817 γὰρ
3214 3747 3346 3800 ἄλλο
3380 3750 3474 3800 καὶ
3502 3750 3681 3820 ἀφορᾷ
3712 3752 3745 3819 ἡ
3792 3751 3899 3803 τῶν
3960 3750 4046 3802 M-

2473 3855 2586 3905 γων
2618 3837 2824 3890 τούτων
2851 3838 3081 3903 διάνοια,
3109 3839 3141 3908 ἢ
3176 3841 3259 3893 ὅτι
3297 3843 3706 3910 προεπινοείται
3747 3842 3847 3910 μὲν
3870 3846 3896 3894 ὁ
3929 3843 4045 3895 [Ia-

2477 3930 2579 3999 τὴρ
2615 3928 2708 3981 τοῦ
2740 3929 2869 3982 Υἱοῦ
2895 3930 2972 4000 τῷ
3000 3931 3179 3999 αἰτίῳ,
3212 3934 3293 3984 ὅτι
3328 3934 3390 3985 ἐκ
3422 3931 3515 3985 τοῦ
3568 3932 3781 4003 Πατρὸς
3819 3937 3848 3986 ὀ
3894 3935 4045 3997 Υίὸη

2480 4024 2880 4089 προεπινοεῖται
2906 4022 2962 4074 δὲ
2993 4025 3021 4075 ὁ
3048 4022 3173 4086 Υἱὸς
3192 4022 3286 4075 τοῦ
3315 4023 3628 4093 [Ινεύματος
3652 4025 3794 4077 κατὰ
3825 4026 3917 4078 τὸν
3946 4026 4047 4095 τῆς

2479 4113 2660 4176 αἰτίας
2701 4113 2886 4181 λόγον,
2912 4113 2994 4166 ὅτι
3048 4112 3134 4167 δια
3181 4114 3279 4166 τοῦ
3315 4114 3467 4169 Υἱοῦ.
3492 4116 3561 4169 Σὺ
3613 4116 3795 4169 τοίνυν
3832 4116 4046 4171 ἁκούων

2478 4203 2541 4255 τὸ
2568 4203 2877 4274 Πνεῦμαὲκ
2909 4204 3125 4273 Πατρδς
3167 4203 3236 4257 δι’
3270 4204 3399 4257 Υἰοῦ
3450 4206 3907 4276 ἐκπορευόμενον,
3954 4209 4050 4259 καὶ

2482 4298 2545 4349 ὲκ
2576 4297 2791 4367 Πιτρλς
2833 4298 3099 4368 ὑπάρχον,
3148 4298 3246 4352 καὶ
3291 4298 3443 4368 παρὰ
3480 4298 3575 4351 τοῦ
3641 4297 3770 4351 Tim)
3817 4300 3879 4351 τὸ
3912 4295 4050 4352 εἶναι

2485 4388 2629 4456 ἔχον,
2665 4387 2759 4440 καὶ
2794 4391 2858 4441 ὲκ
2884 4389 3091 4457 [ἰατρὸς
3113 4387 3387 4450 οῦσιωδῶς
3424 4389 3816 4460 προχεόμενοι),
3863 4392 3957 4441 καὶ
3996 4392 4052 4453 ἐξ

812 4480 1008 4534 tialiter
1064 4474 1289 4537 eliundi,
1328 4473 1372 4527 si
1418 4473 1483 4526 ad
1513 4470 1831 4526 sententiam
1863 4470 2041 4539 magni
2072 4469 2256 4524 Basilii
2294 4471 2366 4524 di-

2485 4476 2615 4529 Υίοῦ
2642 4476 2904 4540 ὡσαύτως
2932 4478 3207 4542 οὑσιωδῶς
3250 4482 3643 4551 προχεόμενον,
3675 4481 3724 4532 εί
3775 4482 3911 4551 πρὸς
3954 4481 4052 4551 τὴν

813 4574 1024 4625 ctiones
1075 4568 1466 4633 interpretatus
1518 4561 1720 4624 fueris,
1756 4575 2079 4629 semperque
2116 4562 2377 4615 memoria

816 4658 1109 4716 reuolueris
1142 4656 1345 4710 dictqu
1390 4653 1519 4707 illud
1559 4669 1571 4705 :
1616 4670 1635 4702 ι
1663 4652 1932 4720 Quidquid
1956 4652 2153 4705 dicitur
2186 4669 2216 4705 a
2243 4650 2381 4707 Filio

814 4766 958 4812 esse,
995 4750 1048 4802 in
1084 4746 1297 4800 Patrem
1358 4744 1587 4813 primam
1624 4756 1845 4795 causam
1911 4739 2230 4795 relationem
2291 4741 2383 4794 ha-

821 4846 931 4905 bet,
972 4857 991 4890 ι
1049 4853 1173 4892 cum
1238 4837 1486 4889 Romana
1546 4816 1786 4885 Eetlesia
1844 4831 2287 4885 euriciliationem
2315 4846 2378 4884 ex

818 4932 981 4985 corde
1011 4925 1373 4998 amplecteris,
1401 4934 1456 4977 et
1517 4939 1580 4975 ex
1610 4920 1746 4975 Filio
1776 4929 2073 4985 asserente,
2120 4921 2381 4990 Spiritum

818 5039 961 5086 esse,
1007 5024 1444 5085 decernenteque
1492 5017 1559 5068 ad
1592 5012 1812 5068 Patrem
1842 5014 2093 5067 universa
2131 5010 2251 5066 Filii
2305 5028 2387 5065 rc-

819 5116 975 5169 fcrri.
1010 5112 1144 5167 Illud
1174 5125 1335 5181 porro
1370 5120 1564 5162 rursus
1595 5105 1869 5176 quomodo
1901 5107 2057 5159 aliter
2109 5105 2387 5175 percipere

820 5205 1141 5276 poterimus,
1171 5202 1316 5270 quod
1354 5214 1583 5269 magnus
1624 5196 1954 5251 Athanasius
1986 5197 2144 5259 dixit,
2186 5195 2385 5250 Filium

828 5296 1034 5364 Spiritu
1066 5293 1322 5361 majorem
1350 5289 1693 5360 apertissime
1738 5286 2055 5341 enuntians.
2099 5284 2196 5339 llic
2242 5286 2385 5339 enim

827 5386 1075 5441 oratione
1108 5385 1279 5454 prima
1308 5390 1496 5436 contra
1528 5380 1792 5445 Arianos,
1832 5379 1990 5444 cuius
2015 5379 2343 5449 principium
2372 5396 2385 5431 :

834 5497 855 5532 ι
888 5478 1135 5533 Haerentes
1188 5490 1529 5545 qumcunquc
1563 5474 1843 5527 veritatem
1892 5472 2391 5540 appreltendcrunt,

828 5571 1096 5626 insaniam
1131 5566 1255 5628 sibi,
1281 5586 1299 5619 ι
1331 5566 1519 5619 scribit
1541 5582 1557 5620 :
1583 5584 1600 5615 ι
1643 5563 1877 5633 Spiritus
1895 5564 2073 5629 dator,
2104 5564 2156 5618 in
2186 5563 2391 5632 Spiritu

830 5666 963 5721 dicit
1002 5678 1146 5717 nunc
1183 5663 1380 5731 ejicere
1413 5661 1707 5723 (lanionia,
1761 5660 2038 5731 hocvero
2077 5675 2183 5716 non
2237 5660 2395 5714 aliter

833 5760 1038 5813 dictum
1068 5763 1177 5816 est,
1214 5769 1375 5816 quam
1417 5764 1636 5818 propter
1691 5766 1930 5807 carnem.
1974 5750 2106 5804 Nam
2135 5767 2258 5806 cum
2298 5766 2395 5807 na-

2484 4567 2742 4638 ρηθεῖσαν
2772 4568 2980 4623 ἔννοιαν
3010 4568 3087 4639 τῷ
3114 4571 3337 4638 μεγάλῳ
3366 4571 3634 4640 Βασιλείῳ
3670 4571 4053 4640 διερμηνεὲεις

2482 4660 2581 4721 τὰς
2616 4659 2807 4723 λέξεις,
2848 4662 2943 4715 καὶ⁵
2968 4662 3181 4714 ἐκείνου
3210 4662 3265 4714 δὲ
3297 4664 3660 4732 μνημονεύεις
3695 4663 3782 4715 ἀεὶ
3826 4661 3922 4713 τοῦ
3954 4665 4053 4731 ρη-

2483 4750 2578 4803 τοῦ
2617 4752 2711 4805 τοῦ
2732 4752 3006 4819 λέγοντος,
3037 4754 3134 4806 ιιὲί
3167 4772 3221 4806 τι
3253 4754 3470 4822 λέγεται
3506 4759 3654 4823 παρὰ
3677 4754 3771 4806 τοῦ
3810 4753 3939 4806 Υίοῦ
3974 4749 4052 4803 εί-

2487 4859 2596 4906 ναι,
2624 4844 2704 4905 είς
2729 4843 2820 4894 τὸν
2853 4845 3073 4913 Πατέρα
3103 4847 3201 4915 τὴν
3240 4846 3461 4915 πρώτην
3509 4846 3690 4898 αἰτίαν
3723 4846 3820 4915 τὴν
3854 4848 4055 4911 ἀναφο-

2491 4936 2590 5004 ρὰν
2619 4935 2754 5004 ἔχει,
2790 4953 2809 4988 ι
2845 4936 2943 5003 τὴν
2980 4938 3078 5006 τῆς
3119 4937 3437 5005 Ῥωμαῖκῆς
3476 4938 3807 5005 ’έὲκκλησίας
3849 4936 4054 4989 καταλ-

2489 5028 2658 5097 λαγὴν
2684 5029 3004 5098 ὲνστερνίσῃ
3029 5031 3135 5079 ἀπὸ
3166 5028 3413 5097 καρδίας,
3450 5030 3545 5081 καὶ
3566 5033 3627 5081 ὲκ
3658 5029 3752 5081 τοῦ
3795 5028 3916 5079 Tim":
3967 5029 4054 5078 λε-

2490 5120 2691 5189 γούσης
2744 5116 2883 5172 εἶναι
2933 5122 2994 5171 τὸ
3056 5119 3302 5189 Πνεῦμα,
3351 5124 3447 5174 καὶ
3494 5121 3629 5191 πρὸς
3684 5122 3776 5173 τὸν
3838 5121 4058 5190 Πατέρα

2494 5212 2672 5263 πάντα
2708 5211 2801 5263 τοῦ
2833 5210 2963 5262 Υίοῦ
2994 5211 3429 5281 δογματιςούσης
3455 5212 3773 5279 ἀνάγεσθαι.
3851 5214 4058 5265 Ἐκεῖνο

2491 5301 2549 5355 δὲ
2577 5303 2738 5355 πάλιν
2763 5304 2877 5365 πῶς
2910 5302 3085 5364 ἄλλως
3129 5305 3320 5372 νοῆσαι
3369 5304 3587 5373 ἔχομεν,
3627 5304 3764 5371 ὅπερ
3810 5308 3839 5357 ὁ
3887 5305 4058 5372 μέγας

2496 5394 2719 5464 εἴρηκεν
2767 5396 3103 5459 ’Λϐανάσιος,
3133 5395 3222 5446 τὸν
3249 5394 3375 5447 Υίὸν
3412 5397 3638 5465 μείζονα
3673 5396 3766 5449 τοῦ
3811 5395 4061 5464 Πνεῦμα-

2495 5503 2584 5548 τος
2610 5488 2875 5556 ἁριδήλως
2912 5488 3112 5551 εἰπών;
3141 5484 3308 5550 Οὗτος
3367 5489 3472 5556 γὰρ
3499 5488 3645 5557 ἐντῴ
3674 5489 3813 5540 κατᾶ
3850 5489 4061 5555 Ἀρειο-

2500 5578 2606 5629 νῶν
2639 5579 2838 5646 πρώτῳ
2859 5578 3025 5645 λόγῳ,
3092 5571 3157 5636 οὒ
3206 5580 3425 5647 ἡάρχὴ,
3492 5596 3509 5627 ι
3548 5580 3609 5630 Ai
3656 5579 3756 5647 μὲν
3819 5580 4065 5647 αἱρέσεις

2499 5668 2620 5721 ὅσαι
2656 5670 2750 5736 τῆς
2781 5668 3041 5737 ἀληθείας
3075 5672 3432 5738 ἑπινοήτασαι
3462 5669 3662 5737 μανίαν
3707 5671 3935 5734 ἑαυταῖς
3954 5686 4061 5739 φα-

2502 5762 2653 5832 νιραὶ
2686 5760 3033 5829 τυγχάνωσι,
3074 5780 3092 5811 ι
3129 5762 3311 5831 φησίν·
3359 5780 3375 5811 t
3414 5759 3474 5814 '0
3501 5761 3595 5814 τοῦ
3629 5761 3943 5825 audituro;
3977 5764 4053 5816 δοι
