4202 6444
775 340 847 403 87
1800 346 2007 407 JOAN.
2054 347 2266 411 VECCI
2306 348 2366 409 Cl

2461 348 2966 409 ΡΑΤΒΙᾹΗΕΗΕ

771 452 923 507 aliud
952 468 1076 509 esse
1108 454 1393 523 exsistere,
1428 466 1480 510 et
1513 457 1658 512 aliud
1699 459 2071 515 exsistentiam
2109 460 2308 515 habere
2336 478 2349 516 :

2461 461 2587 515 ἄλλο
2613 462 2674 513 τὸ
2703 462 2800 530 τὴν
2830 460 3066 530 ὓπαρξιν
3117 459 3264 526 ἕλξιν
3305 477 3315 490 ι

769 555 824 598 et
851 560 971 601 esse
1001 546 1204 617 aliquid
1239 549 1380 617 quod
1402 550 1616 603 exsistit
1645 566 1709 604 ex
1739 550 1941 621 aliquo,
1981 552 2073 606 sed
2105 566 2211 606 non
2249 554 2347 605 ha-

774 636 909 691 bens
940 638 1313 693 exsistentiam
1343 640 1412 693 ab
1453 655 1549 703 eo,
1588 656 1776 695 verum
1818 643 1919 697 hoc
1947 633 2053 707 est,‘
2095 657 2195 696 nec
2235 645 2350 711 ipse

776 729 981 795 abnuo,
1010 730 1256 800 mihique
1284 732 1693 801 astipulabitur,
1729 735 1874 803 quod
1903 734 2115 789 exsistit
2153 749 2216 789 ex
2250 734 2351 789 hac

772 821 932 883 urbe,
972 838 1035 875 ex
1077 838 1139 876 ea
1185 838 1338 877 suam
1377 824 1641 893 originem
1688 826 1964 893 agnoscit,
2009 836 2063 880 et
2099 826 2244 896 quod
2283 843 2345 880 ex

774 912 881 966 hoc
923 915 1091 969 choro
1140 914 1384 978 exsistit,
1417 931 1541 971 cum
1587 916 1744 980 aliis,
1796 932 1862 971 ex
1903 918 2103 988 quibus
2151 920 2351 974 chorus

772 1013 1007 1067 constat,
1060 1006 1288 1060 chorum
1346 1009 1556 1077 replet:
1605 1018 1682 1075 et,
1729 1018 1787 1064 ut
1833 1011 1996 1066 verbo
2046 1010 2349 1080 expediam,

774 1096 917 1161 quod
945 1106 1167 1152 externe
1195 1099 1264 1153 ab
1296 1100 1481 1169 aliquo
1508 1102 1743 1167 exsistit,
1775 1112 1828 1156 et
1856 1118 1962 1158 non
1988 1102 2351 1157 essentialiter

772 1185 842 1237 ab
891 1184 1028 1253 i‘pso.
1086 1187 1476 1246 Verumtamen
1527 1194 1672 1262 quod
1722 1209 1787 1248 ex
1835 1196 2071 1249 essentia
2117 1195 2350 1262 alicujus

771 1282 892 1338 est,
933 1279 1210 1343 quomodo
1244 1279 1407 1336 fuerit
1436 1272 1582 1336 aliud
1605 1323 1621 1347 ,
1654 1300 1816 1353 quam
1853 1285 1983 1339 illud
2022 1287 2167 1355 quod
2205 1286 2351 1339 exsi-

778 1366 1032 1419 stentiam
1055 1381 1119 1421 ex
1143 1383 1208 1423 eo
1232 1370 1413 1434 habet,
1443 1374 1599 1443 cujus
1627 1390 1691 1429 ex
1723 1378 1957 1432 essentia
1993 1378 2114 1432 est?
2140 1377 2349 1433 Etenim

776 1458 921 1523 quod
946 1474 1009 1511 ex
1039 1462 1278 1515 essentia
1311 1463 1464 1520 bovis
1491 1477 1597 1531 est,
1626 1479 1708 1523 est
1741 1469 1860 1534 bos,
1892 1479 1948 1524 et
1978 1470 2350 1526 exsistcntiam

775 1560 1001 1614 prorsus
1045 1552 1289 1618 possidet
1333 1568 1398 1608 ex
1435 1556 1604 1621 bove,
1649 1573 1714 1612 ex
1760 1560 1917 1630 cujus
1959 1564 2197 1617 essentia
2229 1572 2349 1617 est:

775 1642 831 1686 et
862 1637 1008 1704 q'uod
1036 1653 1102 1692 ex
1132 1645 1369 1698 essentia
1402 1645 1661 1714 hominis,
1688 1651 1849 1705 homo
1872 1661 1973 1715 est,
1998 1662 2052 1707 et
2085 1654 2354 1708 exsisten-

776 1726 906 1778 tiam
949 1730 1173 1784 omnino
1204 1732 1367 1788 habet
1410 1751 1473 1789 ex
1512 1738 1767 1803 homine,
1806 1756 1870 1796 ex
1912 1741 2073 1809 cujus
2114 1743 2352 1798 essentia

777 1829 878 1871 est.
936 1819 1223 1891 PrOpterea
1265 1841 1371 1880 non
1404 1829 1605 1884 arridet
1643 1832 1772 1885 mihi
1827 1848 2017 1887 eorum
2060 1834 2349 1897 sententia,

777 1912 868 1977 qui
894 1913 1111 1966 tradunt
1136 1916 1465 1985 {simpliciter
1494 1930 1659 1991 atque
1686 1924 2017 1991 indistincte,
2054 1926 2201 1980 aliud
2230 1941 2353 1982 esse

779 2002 1071 2066 exsisttre,
1102 2015 1156 2057 et
1188 2006 1336 2061 aliud
1369 2010 1743 2065 exsistentiam
1785 2013 2002 2068 habere.
2034 2013 2169 2068 Nam
2208 2018 2350 2082 quod

778 2105 845 2143 ex
881 2094 1115 2147 essentia
1146 2095 1381 2164 alicujus
1412 2107 1517 2164 est,
1546 2108 1601 2153 et
1638 2101 1692 2154 in
1727 2102 1961 2155 essentia
1992 2113 2047 2156 et
2077 2104 2353 2174 hypostasi

778 2197 845 2234 ex
885 2196 953 2237 eo
983 2185 1249 2240 exsistere
1287 2188 1743 2257 deprehendetur.
1778 2191 1879 2259 Qui
1926 2209 2052 2248 vero
2093 2193 2354 2251 Romanis

781 2277 1123 2332 contentiosa
1158 2282 1555 2348 contradicunt,
1594 2300 1725 2339 vero
1766 2287 2042 2341 intellectu
2076 2290 2352 2359 despecto,

780 2366 874 2433 qui
909 2378 1011 2434 est,
1049 2370 1232 2427 dicere
1265 2371 1528 2444 Spiritum
1569 2387 1621 2432 et
1650 2395 1711 2432 ex
1743 2377 1902 2443 Filio,
1933 2391 1987 2434 et
2021 2396 2084 2435 ex
2119 2382 2355 2436 essentia

780 2455 942 2522 Filii,
987 2470 1040 2515 et
1087 2463 1439 2522 nihilominus
1484 2483 1590 2523 non
1641 2472 1777 2526 duas
1821 2472 2120 2544 intelligere
2162 2487 2357 2528 causas

784 2553 1051 2621 Spiritus,
1094 2568 1314 2626 propter
1355 2561 1559 2616 dictum
1596 2564 1777 2633 magni
1811 2562 1998 2619 Basilii
2039 2565 2355 2629 asserentis,

790 2664 810 2694 ο
843 2647 990 2715 quod
1042 2664 1070 2701 a
1116 2649 1255 2705 Filio
1301 2654 1498 2710 dicitur
1535 2671 1689 2724 esse,
1738 2660 1804 2712 ad
1852 2659 2087 2730 primam
2135 2676 2356 2715 causam

782 2735 999 2791 l'atrem
1040 2739 1357 2796 relationem
1390 2745 1584 2812 habet;
1623 2766 1644 2799 ι
1678 2763 1850 2818 neque
1894 2750 2038 2804 enim
2072 2750 2357 2805 molestum

785 2834 1290 2893 estsmpennmero
1337 2834 1527 2888 eadem
1572 2834 1819 2891 oratiune
1867 2849 2143 2907 repetere,
2198 2851 2362 2909 atque

786 2915 1102 2983 inculcare,
1148 2937 1270 2976 cum
1306 2938 1373 2978 eo
1411 2929 1768 2997 Opportunius
1818 2931 2023 2987 dictum
2058 2933 2205 2988 aliud
2252 2950 2359 2988 non

791 3018 1066 3076 suppetat,
1094 3013 1147 3066 in
1181 3014 1416 3070 absurda
1438 3020 1542 3073 alia
1572 3030 1737 3090 atque
1767 3023 1871 3076 alia
1895 3032 2200 3079 commenta
2231 3040 2362 3081 con-

3363 457 3455 512 καὶ
3504 458 3587 511 ὅτι
3650 458 3750 529 μέν
3800 456 3917 511 ἐστί
3972 463 4029 510 τι

2452 550 2698 621 ὑπάρχον
2726 550 2793 604 ἐκ
2829 567 3000 612 τινος,
3037 549 3111 619 μὴ
3151 549 3274 619 ἔχον
3316 550 3373 602 δὲ
3422 551 3517 601 καὶ
3547 548 3646 619 τὴν
3684 547 3924 617 ὕπαρξιν
3959 547 4021 611 ἐξ

2452 642 2639 706 αὐτοῦ,
2668 642 2863 709 ἀληθὲς
2896 640 3077 704 τοῦτο,
3113 642 3206 695 καὶ
3252 642 3482 710 δέχομαι
3542 642 3637 693 καὶ
3682 640 3866 703 αὐτὸς,
3933 639 4030 691 καὶ

2456 735 2796 804 μαρτυρήσει
2834 752 2927 802 μοι
2976 735 3134 788 τοῦτο
3169 734 3230 789 τδ
3282 735 3522 803 ὑπάρχον
3585 736 3649 786 ἐκ
3695 734 3861 802 τῆσδε
3927 732 4030 799 τῆς

2452 824 2687 887 πόλεως,
2719 824 2795 887 ὼς
2828 825 2888 891 ἐξ
2914 826 3084 893 αὐτῆς
3111 825 3274 896 τυχὸν
3318 825 3677 893 ὡρμημένον,
3733 824 3828 878 καὶ
3864 823 3925 875 τὸ
3950 827 4028 875 ἐκ

2451 919 2603 971 τοῦδε
2626 921 2718 972 τοῦ
2755 920 2917 989 χοροῦ
2950 921 3218 989 ὑπάρχον,
3257 920 3318 973 τὸ
3348 922 3446 973 σὺν
3486 921 3600 980 τοῖς
3628 919 3828 984 ἄλλοις,
3862 920 3919 984 ἐξ
3954 912 4032 970 ὧν

2451 1014 2480 1064 ὁ
2513 1012 2696 1081 χορδς,
2735 1013 3092 1083 συμπληροῦν
3120 1013 3213 1065 τὸν
3240 1014 3435 1082 χορόν⁹
3469 1012 3567 1066 καὶ
3608 1011 3793 1073 ἁπλῶς
3832 1012 3944 1063 πᾶν
3971 1012 4032 1062 τὸ

2454 1102 2792 1172 ἐξωτερικῶς
2824 1104 2885 1156 ἐκ
2915 1121 3059 1166 τινος
3088 1104 3354 1173 ὑπάρχον,
3397 1103 3492 1155 καὶ
3542 1102 3616 1172 μὴ
3657 1099 3925 1163 οὐσιωδῶς
3973 1098 4035 1162 ἐξ

2452 1194 2639 1249 αὐτοῦ.
2666 1194 2739 1246 Τὸ
2765 1194 2819 1245 δὲ
2852 1196 2914 1246 ἐκ
2942 1194 3043 1263 τῆς
3086 1195 3276 1256 οὐσίας
3326 1194 3566 1265 ὑπάρχον
3598 1192 3763 1256 τινὸς,
3808 1192 3926 1254 πῶς
3965 1190 4034 1243 ἂν

2453 1287 2542 1353 εῐη
2585 1286 2714 1339 ἄλλο
2744 1303 2818 1347 τι,
2852 1286 2883 1354 ἢ
2915 1286 3014 1356 τὴν
3045 1284 3278 1351 ὓπαρξιν
3307 1286 3454 1354 ἔχειν
3484 1284 3544 1348 ἐξ
3571 1285 3804 1348 ἐκείνου,
3834 1278 3896 1337 οὐ
3935 1283 4034 1335 καὶ

2452 1377 2516 1428 ἐκ
2545 1377 2644 1443 τῆς
2669 1368 2857 1439 οὐσίας
2886 1377 3035 1428 ἐστίν
3062 1393 3075 1440 ;
3112 1375 3186 1428 Τὸ
3230 1377 3341 1446 γὰρ
3364 1378 3428 1428 ἐκ
3459 1376 3558 1443 τῆς
3580 1373 3766 1435 οὐσίας
3785 1371 3880 1425 τοῦ
3908 1372 4035 1440 βοὸς

2456 1468 2584 1537 βοῦς
2619 1470 2757 1533 ἐστι,
2814 1468 2910 1521 καὶ
2957 1468 3055 1538 τὴν
3109 1467 3345 1536 ὕπαρξιν
3393 1468 3615 1528 πάντως
3654 1468 3717 1519 ἐκ
3762 1466 3856 1518 τοῦ
3910 1464 4035 1533 βοὸς

2455 1559 2593 1628 ἕλει,
2630 1554 2694 1613 οὐ
2723 1560 2817 1612 καί
2845 1561 2909 1610 ἐκ
2943 1559 3041 1626 τῆς
3072 1559 3261 1620 οὐσίας
3287 1557 3405 1610 ἐστί
3433 1573 3448 1587 ’
3486 1556 3666 1609 καὶτὸ
3693 1559 3756 1607 ἐκ
3790 1555 3891 1622 τῆς
3944 1554 4037 1605 οὐ·

2458 1650 2578 1711 σίας
2603 1647 2700 1701 τοῦ
2742 1647 3031 1718 ἀνθρώπου
3076 1648 3368 1718 ἄνθρωπός
3405 1650 3545 1713 ἐστι,
3587 1645 3685 1700 καὶ
3714 1646 3814 1715 τὴν
3852 1644 4035 1713 ῦπαρ·

2460 1738 2540 1801 ειν
2574 1737 2794 1798 πάντως
2828 1739 2892 1790 ἐκ
2917 1736 3013 1789 τοῦ
3044 1735 3338 1807 ἀνθρώπου
3377 1737 3514 1806 ἔχει,
3571 1729 3631 1787 οὐ
3687 1736 3783 1787 καὶ
3832 1735 3897 1786 ὲκ
3932 1733 4036 1801 τῆς

2457 1830 2648 1891 οὐσίας
2677 1829 2813 1881 ἐστί.
2871 1829 2972 1881 Διά
3030 1827 3161 1896 γοῦν
3211 1828 3383 1880 ταῦτα
3436 1829 3537 1881 οὐκ
3575 1825 3808 1896 ἀρέσκει
3843 1840 3932 1893 μοι
3972 1824 4039 1877 τ’)

2460 1919 2639 1990 νόημα
2668 1920 2776 1972 τῶν
2809 1920 3078 1987 λεγόντων
3131 1918 3319 1981 ἁπλῶς
3356 1918 3500 1971 οὕτω
3547 1918 3644 1972 καὶ
3703 1916 4031 1985 ἀδιορίστως

2460 2012 2588 2066 ἄλλο
2620 2008 2758 2064 εἶναι
2790 2014 2850 2063 τὸ
2885 2012 3174 2080 ὑπάρχειν,
3235 2011 3330 2063 καὶ
3371 2010 3502 2064 ἄλλο
3548 2010 3608 2061 τδ
3651 2009 3751 2076 τὴν
3794 2007 4036 2075 ὓπαρξιν

2463 2100 2631 2171 ἔχειν.
2661 2100 2735 2153 Τὸ
2764 2099 2869 2170 γάρ
2913 2102 2978 2153 ἐκ
3024 2103 3125 2167 τῆς
3172 2099 3364 2162 οὐσίας
3414 2099 3561 2162 τινὸς
3615 2099 3885 2166 ὑπάρχον,
3941 2095 4042 2148 καὶ

2461 2192 2720 2254 ἐνουσίως
2769 2194 2867 2243 καὶ
2919 2192 3297 2253 ἐνυποστάτως
3346 2192 3593 2262 ὑπάρχον
3626 2189 3687 2252 ἐξ
3720 2188 3884 2242 αὐτοῦ
3916 2205 4043 2256 ver;

2463 2284 2709 2352 θήσεται.
2742 2284 2805 2335 Ol
2843 2283 2900 2335 δὲ
2939 2285 3049 2344 τοῖς
3083 2283 3379 2353 Ῥωμαίοις
3416 2281 3710 2353 ἐριστικῶς
3733 2279 4043 2346 ἀντιλέγον-

2461 2393 2574 2440 τες,
2602 2374 2702 2445 τὴν
2748 2374 2922 2443 ἀληθῆ
2966 2374 3174 2428 ἔννοιαν
3216 2373 3558 2444 παριδόντες,
3607 2372 3726 2440 ἥτις
3759 2366 3825 2441 ἦν
3865 2369 3926 2422 τὸ
3955 2369 4044 2421 λέ-

2465 2470 2658 2540 γεσθαι
2681 2469 2742 2522 τὸ
2770 2469 2994 2537 Πνεῦμα
3024 2470 3117 2521 καὶ
3140 2470 3203 2520 ἐκ
3227 2466 3322 2520 τοῦ
3352 2467 3497 2530 Υίοῦ,
3524 2467 3618 2519 καὶ
3643 2467 3708 2518 ἐκ
3729 2465 3827 2534 τῆς
3855 2465 4042 2526 οὐσίας

2465 2563 2558 2616 τοῦ
2590 2560 2745 2626 Υίοῦ,
2792 2560 2887 2614 καὶ
2920 2562 3071 2630 ὅμως
3103 2560 3181 2631 μὴ
3227 2559 3320 2613 δύο
3348 2558 3587 2611 νοεῖσθαι
3620 2558 3686 2611 τὰ
3735 2556 3829 2609 τοῦ
3872 2555 4040 2608 Πιιεύ-

2470 2672 2637 2725 ματος
2691 2654 2863 2717 αἴτια,
2916 2654 3003 2706 διὰ
3044 2653 3105 2705 τὸ
3166 2653 3309 2705 κατά
3369 2654 3461 2706 τὸν
3524 2653 3698 2723 μέγαν
3759 2650 4046 2703 Βασίλειον

2474 2765 2494 2798 ε
2530 2746 2593 2798 τὸ
2616 2746 2769 2814 παρά
2799 2744 2895 2798 τοῦ
2939 2744 3068 2797 Υἱοῦ
3100 2744 3393 2812 λεγόμενον
3442 2741 3581 2797 εἶναι
3638 2744 3716 2803 εἰς
3760 2742 3856 2813 τὴν
3893 2740 4049 2809 πρὼο

2467 2854 2568 2905 την
2596 2837 2773 2890 αἰτίαν
2802 2837 2891 2889 τὸν
2920 2836 3136 2907 Πατέρα
3157 2837 3255 2906 τὴν
3285 2835 3739 2905 ἀναφοράνιὲχειν
3763 2852 3776 2865 ·
3816 2854 3833 2885 ι
3868 2834 4045 2895 οὐδεὶς

2470 2930 2579 3001 γὰρ
2609 2929 2762 2992 ὄκνος
2793 2928 2862 2981 τὰ
2887 2928 3024 2981 αὐτὰ
3073 2928 3333 2991 πολλάκις
3372 2928 3450 2998 τῷ
3481 2928 3625 2997 λόγῳ
3682 2925 4045 2988 ἀνακυκλοῦν,

2472 3022 2710 3091 ὁπηνίκα
2764 3020 2917 3073 οὐδέν
2954 3021 3103 3073 ἐστιν
3126 3021 3299 3073 εἰπεῖν
3328 3018 3493 3072 αὐτοῦ
3534 3016 3892 3090 καιριώτερον
3914 3031 3929 3045 ’
3965 3016 4049 3078 είς

790 3104 1167 3159 tradictionem
1198 3122 1296 3176 per
1335 3110 1442 3162 vim
1487 3112 1813 3181 adegerunt,
1858 3114 2174 3171 discrimina
2211 3131 2360 3172 com-

2469 3114 2636 3174 ἄλλας
2667 3113 2901 3174 ἀτόπους
2925 3113 3133 3174 ἐννοίας
3156 3111 3559 3181 παρεϐιάσαντο
3581 3109 3676 3179 τὴν
3702 3109 4047 3178 ἀντίρρησιν,

793 3195 1144 3253 miniscentes
1177 3200 1338 3264 inter,
1370 3216 1437 3257 ex
1467 3206 1701 3259 essentia
1732 3205 1877 3274 Filii,
1909 3216 1963 3262 ct
1992 3224 2055 3262 ex
2087 3210 2363 3279 hypostasi

790 3290 937 3344 illius
959 3289 1218 3359 Spiritum
1248 3295 1377 3351 dici.

863 3384 953 3442 50.
998 3385 1062 3438 Et
1111 3396 1170 3440 ut
1224 3404 1289 3443 ex
1340 3392 1572 3447 conficto
1602 3394 1706 3450 isto
1752 3395 2069 3452 discrimine
2100 3397 2273 3467 magis
2305 3412 2369 3453 ac

793 3482 968 3548 magis
994 3482 1303 3540 absurditas
1334 3497 1536 3555 pateat,
1584 3490 1679 3559 qui
1709 3491 1862 3553 dicit,
1894 3506 1959 3545 ex
1990 3493 2230 3546 essentia
2262 3490 2371 3545 Pa-

796 3574 895 3627 tris
948 3573 1210 3643 Spiritum
1264 3580 1582 3648 procedere,
1624 3582 2007 3653 interrogetur,
2041 3598 2111 3637 an
2154 3585 2210 3637 in
2250 3597 2374 3652 spe~

794 3664 918 3719 ciali
955 3668 1312 3738 intelligentia
1340 3672 1635 3728 essentiam
1670 3675 1910 3744 concipit
1958 3674 2139 3730 Patris
2167 3677 2375 3743 absque

797 3759 1098 3827 ltypostnsi,
1166 3772 1221 3816 et
1266 3766 1393 3818 dum
1444 3766 1579 3821 dicit
1610 3782 1677 3821 ex
1731 3767 1968 3821 essentia
1995 3765 2176 3822 Patris
2222 3767 2374 3820 illum

798 3852 1111 3917 procedere,
1140 3855 1298 3922 quasi
1322 3855 1425 3909 alia
1457 3858 1702 3926 quaedam
1731 3867 1876 3913 esset
1898 3858 2110 3923 notitia,
2139 3872 2297 3926 quatn
2332 3859 2377 3912 si

798 3942 1024 4009 diceret,
1056 3960 1119 3999 ex
1149 3945 1423 4016 hypostasi
1453 3949 1622 4018 ipsius
1648 3951 1960 4019 procedere,
1994 3968 2060 4005 an
2091 3966 2220 4006 vero
2252 3968 2376 4005 cunt

799 4038 955 4103 dicit,
972 4055 1035 4094 ex
1058 4042 1293 4096 essentia
1320 4041 1494 4099 Patris
1524 4043 1789 4113 Spiritum
1815 4059 2062 4101 sanctum
2090 4044 2383 4115 procedere

801 4148 909 4185 non
937 4132 1054 4186 sine
1077 4132 1378 4203 hypostasi,
1406 4134 1499 4188 sed
1529 4150 1652 4189 cum
1686 4137 1962 4207 hypostasi
1995 4136 2169 4190 Patris
2196 4151 2384 4191 essen-

804 4226 935 4277 tiam
957 4222 1244 4292 intelligit?
1266 4222 1400 4276 Nam
1426 4225 1470 4278 si
1489 4240 1552 4277 ex
1576 4228 1810 4280 essentia
1839 4225 2015 4281 Patris
2036 4228 2087 4280 in
2104 4227 2384 4297 hypostasi

806 4329 927 4371 esse
977 4312 1237 4381 Spiritum
1282 4313 1513 4379 indicat,
1545 4317 1638 4385 qui
1672 4331 1735 4370 ex
1767 4319 1998 4371 essentia
2022 4318 2199 4372 Patris
2233 4320 2384 4373 illum

806 4406 1004 4461 asserit
1025 4407 1334 4473 procedere,
1366 4416 1543 4460 actum
1572 4418 1715 4463 esset
1745 4411 1811 4462 de
1834 4413 1983 4479 gravi
2009 4410 2099 4464 illa
2134 4426 2197 4465 ac
2221 4427 2386 4465 vene-

806 4496 976 4551 randa
995 4500 1259 4553 sententia
1282 4498 1669 4555 afﬁrmantium
1690 4517 1753 4555 ex
1769 4504 2005 4557 essentia
2028 4503 2171 4565 Filii,
2189 4512 2247 4557 ut
2269 4513 2376 4556 tra-
2411 4534 2453 4589 υ

807 4595 944 4645 dunt
968 4592 1260 4661 Scriptura:
1289 4593 1511 4661 eﬂ'nndi,
1552 4603 1605 4648 et
1659 4610 1913 4648 emanare
1958 4595 2240 4664 Spiritum,
2269 4612 2375 4649 non

810 4698 935 4737 vero
969 4701 1033 4737 ex
1072 4688 1365 4755 hypostasi,
1399 4686 1633 4755 indeque
1658 4703 1750 4755 per
1776 4688 1883 4739 vim
1915 4687 2378 4753 concludentium,

811 4772 1071 4842 Spiritum
1123 4794 1227 4831 non
1287 4794 1405 4832 esse
1457 4788 1511 4832 et
1561 4795 1625 4831 ex
1681 4777 1859 4834 Filio:
1909 4789 1964 4831 et
2000 4790 2150 4841 tum,
2187 4778 2279 4849 qui
2317 4793 2382 4831 ex

811 4870 1044 4922 essentia
1080 4868 1258 4925 Patris
1289 4871 1568 4924 contendit
1595 4888 1719 4925 eum
1752 4873 2066 4941 procedere,
2098 4886 2166 4926 ex
2193 4886 2384 4925 essen-

815 4962 883 5012 tia
942 4963 993 5013 in
1050 4962 1329 5032 hypnstasi
1381 4971 1436 5017 et
1482 4980 1587 5018 non
1642 4966 1845 5034 absque
1878 4964 2152 5034 hypostasi
2193 4963 2324 5017 dicit
2368 4980 2381 5014 :

813 5070 989 5120 neque
1042 5056 1184 5107 enim
1237 5055 1356 5110 sine
1401 5056 1679 5126 hypostasi
1717 5068 1801 5110 est
1845 5055 2019 5109 Putris
2050 5056 2305 5117 essentia,
2333 5064 2386 5108 et

816 5146 1218 5220 apertissimum
1262 5149 1517 5203 omnibus
1559 5158 1822 5213 remanet,
1862 5148 2072 5201 amdem
2110 5148 2217 5201 vim
2259 5162 2387 5203 ora-

819 5240 950 5293 tioni
992 5240 1197 5305 inesse,
1250 5250 1304 5294 et
1351 5258 1473 5296 eum
1504 5257 1570 5296 ex
1604 5242 1841 5296 essentia
1873 5241 1992 5294 Filii
2016 5239 2230 5294 eﬂlnere
2266 5240 2386 5308 Spi-

819 5338 958 5391 ritus
997 5333 1192 5388 dicitur
1217 5342 1269 5387 et
1292 5349 1568 5397 emanare,
1593 5334 1734 5403 quod
1758 5332 1991 5389 essentia
2034 5331 2178 5392 Filii,
2202 5346 2390 5398 quem-

824 5427 1115 5485 admodum
1160 5434 1215 5482 et
1263 5424 1439 5481 Patris
1473 5425 1526 5479 in
1557 5426 1835 5495 hypostasi
1889 5434 1989 5479 est.
2042 5423 2198 5488 Quod
2241 5423 2284 5475 si
2334 5423 2388 5475 in

823 5523 1033 5575 ratione
1078 5519 1330 5590 specialis
1363 5519 1763 5588 intelligentiae.
1811 5518 1903 5587 qui
1961 5520 2072 5570 haec
2135 5514 2387 5573 echtttnt,

820 5614 1108 5683 concipere
1156 5614 1463 5676 intendunt,
1508 5629 1573 5666 ex
1620 5612 1857 5665 essentia
1907 5609 2088 5664 Patris
2124 5609 2389 5677 Spiritum

826 5718 1075 5765 sanctum
1122 5709 1433 5776 procedere,
1465 5707 1619 5775 quasi
1657 5705 1955 5762 diceretur,
2002 5717 2066 5755 ex
2113 5698 2390 5771 hypnstasi

824 5802 968 5857 illius
1024 5800 1338 5871 procedere,
1372 5811 1419 5851 et
1454 5798 1562 5863 jam
1595 5809 1844 5865 perequa
1905 5796 2113 5846 ratione
2145 5805 2390 5859 compre-

2464 3206 2728 3275 διαφοράς
2752 3204 3181 3266 ἀναπλάττοντες
3206 3203 3300 3255 τοῦ
3348 3205 3411 3255 ἐκ
3437 3203 3535 3271 τῆς
3564 3202 3751 3264 οὐσίας
3785 3199 3879 3253 τοῦ
3913 3198 4048 3252 Υίοῦ

2470 3298 2566 3351 καὶ
2598 3299 2661 3351 ἐκ
2695 3302 2794 3368 τῆς
2821 3298 3177 3359 ὑποστάσεως
3214 3295 3379 3349 αὐτοῦ
3411 3294 3591 3359 λέγειν
3624 3295 3681 3346 τὸ
3718 3290 3965 3362 Πνεῦμα.

2540 3394 2605 3445 λ’.
2667 3392 2779 3445 Καὶ
2812 3391 2899 3443 ἵνα
2928 3391 2988 3441 τὸ
3020 3391 3085 3443 ἐκ
3113 3389 3214 3458 τῆς
3261 3388 3651 3456 πεπλασμέιιης
3684 3385 3887 3455 ταύτης
3927 3384 4048 3436 δια-

2470 3486 2647 3552 φορᾶς
2673 3480 2973 3548 ἀναφανείη
3002 3481 3225 3541 ἄτοπον,
3252 3482 3281 3532 ὁ
3311 3480 3487 3548 λέγων
3515 3482 3576 3530 ἐκ
3607 3479 3707 3547 τῆς
3734 3477 3923 3537 οὐσίας
3950 3474 4048 3527 τοῦ

2473 3574 2685 3643 Πατρὸς
2713 3569 3113 3636 ἐκπορεύεσθαι
3162 3569 3225 3620 τὸ
3284 3568 3532 3638 Πνεῦμα,
3576 3565 3935 3637 ἐρωτηθὴτω,
3987 3566 4049 3616 ἐν

2477 3665 2620 3734 ίδικῇ
2655 3663 2833 3734 ἐννοίᾳ
2860 3662 2959 3733 τὴν
2987 3663 3178 3714 οὐσίαν
3206 3663 3320 3714 νοεῖ
3361 3659 3455 3712 τοῦ
3492 3660 3711 3728 Πατρδς
3767 3658 3920 3727 παρὰ
3948 3656 4049 3723 τὴν

2479 3757 2805 3817 ὑπόστασιν,
2842 3755 2937 3807 καὶ
2989 3752 3133 3805 οῦτω
3181 3753 3331 3821 λέγει
3374 3752 3435 3804 τὸ
3472 3753 3536 3803 ἐκ
3575 3752 3675 3819 τῆς
3714 3749 3906 3810 οὐσίας
3956 3748 4050 3799 τοῦ

2480 3846 2695 3912 [ἰατρὸς
2725 3845 2858 3899 αὐτὸ
2890 3845 3291 3914 ἐκπορεύεσθαι
3333 3844 3408 3907 ὡς
3439 3842 3605 3911 ἄλλης
3638 3843 3781 3905 τινὸς
3814 3842 4051 3907 ἀναφαι·

2480 3939 2715 4009 νομένης
2770 3938 3001 4001 ἐννοίας,
3041 3937 3076 4006 ἢ
3121 3937 3277 4005 εἴπερ
3320 3935 3503 4003 ἔλεγεν
3556 3936 3620 3986 ἐκ
3656 3934 3755 4001 τῆς
3812 3932 4052 3984 ὑποστά-

2485 4048 2621 4092 σεως
2656 4029 2821 4083 αὐτοῦ
2864 4027 3286 4100 ἐκπορεύεσθαι,
3332 4028 3361 4097 ἦ
3401 4030 3459 4079 ἐν
3507 4025 3585 4095 τῷ
3614 4024 3794 4090 λέγειν
3835 4025 3900 4075 ἐκ
3954 4021 4053 4091 τῆς

2484 4123 2673 4184 οὐσίας
2701 4121 2795 4174 τοῦ
2827 4122 3043 4191 Πατρδς
3068 4120 3130 4173 τὸ
3164 4120 3319 4186 ἆγιον
3351 4115 3753 4188 ἐκπορεύεσθαι
3803 4114 4052 4183 Πνεῦμα,

2485 4217 2586 4269 οὐκ
2612 4215 3005 4278 ἀνυπόστατον,
3036 4213 3149 4266 ἀλλ’
3181 4213 3543 4264 ἐνυπὸστατον
3576 4211 3675 4279 τὴν
3705 4208 3797 4259 τοῦ
3841 4207 4055 4276 Πατρὶς

2487 4308 2678 4360 οὐσίαν
2706 4309 2854 4370 νοεῖς
2890 4306 2951 4357 ΕΞ
2991 4305 3099 4373 γὰρ
3128 4307 3192 4356 ἐκ
3215 4304 3311 4372 τῆς
3341 4303 3709 4354 ἐνυποστάτου
3744 4298 3932 4359 οὐσίας
3959 4296 4056 4348 τοῦ

2493 4400 2705 4470 lla-cpe;
2738 4394 2878 4451 εἶναι
2910 4397 2971 4449 τδ
3000 4397 3226 4464 Πνεῦμα
3254 4394 3451 4463 δηλοίὀ
3478 4394 3541 4443 ἐκ
3576 4394 3677 4458 τῆς
3726 4387 3912 4449 οὐσίας
3960 4386 4057 4438 τοῦ

2486 4489 2698 4559 Πατρδς
2728 4484 3127 4555 ἐκπορεύεσθαι
3152 4484 3325 4550 λέγων
3354 4482 3508 4545 αὐτὸ,
3531 4480 3740 4548 οἴχεται
3766 4476 3829 4528 τὺ
3859 4476 4059 4543 σεμνὸν

2484 4585 2661 4635 ἐκεῖνο
2682 4582 2858 4652 νόημα
2887 4580 2995 4631 τῶν
3023 4577 3291 4646 λεγόντων
3330 4575 3395 4626 ἐκ
3420 4576 3517 4641 τῆς
3542 4572 3729 4633 οὐσίας
3773 4568 3867 4621 τοῦ
3898 4567 4057 4632 Υἱοῦ,

2483 4677 2557 4739 ὡς
2600 4675 2855 4742 λέγουσιν
2882 4674 2938 4725 αἱ
2971 4669 3185 4740 Γραφαὶ
3215 4665 3595 4733 ἀναπηγάζειν
3618 4663 3713 4716 καὶ
3733 4659 4060 4721 ἀναδλύζειν

2484 4769 2545 4821 τὸ
2574 4765 2819 4832 Πνεῦμα,
2838 4762 3107 4831 οὐμενοῦν
3136 4762 3200 4810 ὲκ
3222 4759 3320 4825 τῆς
3355 4755 3729 4815 ὑποστάσεως,
3760 4749 4058 4804 κάντεῦθεν

2488 4856 2933 4928 παραδιαζόντων
2974 4852 3048 4922 μὴ
3083 4851 3143 4903 τὸ
3171 4850 3393 4917 Πνεῦμα
3428 4846 3694 4914 ὑπάρχειν
3736 4843 3827 4895 καὶ
3856 4845 3921 4893 ἐκ
3962 4839 4060 4891 τοῦ

2494 4947 2621 5002 Υἱοῦ
2641 4967 2654 4980 ·
2691 4950 2783 5000 καὶ
2805 4943 3015 5004 λοιπὸν,
3042 4941 3202 5011 εἴπερ
3229 4943 3257 4992 ὁ
3298 4942 3361 4991 ἐκ
3387 4937 3486 5005 τῆς
3511 4937 3696 4996 οὐσίας
3728 4932 3822 4985 τοῦ
3848 4930 4059 5000 Πατρὺς

2488 5045 2660 5110 λέγων
2681 5040 2812 5094 αὐτὸ
2840 5036 3233 5108 ἐκπορεύεσθαι
3262 5037 3325 5087 ἐκ
3358 5035 3453 5101 τῆς
3477 5028 3865 5089 ἐνυποστάτου,
3912 5024 4062 5089 λέγει

2490 5136 2585 5189 καὶ
2607 5136 2707 5187 οὐκ
2731 5131 3128 5193 ἁνυποστάτου,
3158 5128 3218 5179 οὐ
3234 5126 3341 5193 γάρ
3363 5126 3511 5176 ἐστιν
3528 5120 3894 5179 ἀνυπόστατος
3916 5115 4060 5185 ἢτοῦ

2491 5229 2708 5297 Πατρὸς
2739 5225 2918 5277 οὐσία·
2955 5223 3119 5275 παντί
3147 5237 3248 5271 που
3281 5218 3441 5285 δῆλον
3471 5215 3546 5274 ὼς
3587 5215 3613 5265 6
3640 5213 3801 5272 αὐτὸς
3849 5209 4058 5279 κρατὴ-

2494 5340 2575 5375 σει
2607 5321 2764 5387 λόγος
2797 5319 2887 5370 καὶ
2916 5315 3157 5382 ὁπηνίκα
3189 5314 3251 5364 ἐκ
3276 5313 3372 5379 τῆς
3395 5310 3585 5368 οὐσίας
3623 5305 3714 5358 τοῦ
3767 5302 3897 5356 Υἰοῦ
3929 5304 4061 5355 ἀνα-

2493 5413 2765 5484 πηγάζειν
2812 5412 2874 5462 si;
2921 5408 3151 5476 Πνεῦμα
3198 5404 3419 5470 λέγεται
3463 5402 3558 5454 καὶ
3592 5397 3932 5460 ἀναϐλύζειν,
3978 5395 4062 5447 ὅτι

2494 5510 2586 5559 καὶ
2629 5507 2662 5573 ἠ
2717 5503 2874 5555 οὐσία
2924 5499 3019 5552 τοῦ
3072 5497 3200 5551 Tia?)
3258 5496 3649 5551 ἑνυπόστατος,
3681 5488 3869 5554 ὥσπερ
3898 5489 3931 5555 ἡ
3960 5483 4059 5537 τοῦ

2496 5597 2730 5667 Πατρός.
2765 5594 2825 5647 Εἰ
2847 5594 2900 5646 δὲ
2930 5595 3010 5655 είς
3046 5590 3238 5657 λόγους
3276 5589 3449 5655 iatn/3,;
3482 5583 3696 5642 εὐνοίας
3731 5580 3974 5632 θέλουσιν
4013 5580 4063 5629 οί

2495 5690 2667 5745 ταῦτα
2699 5688 2952 5753 λέγοντες
2985 5683 3357 5752 ἐκλαμϐάνειν
3387 5680 3449 5729 τὸ
3476 5680 3539 5729 ἐκ
3586 5674 3687 5741 τῆς
3735 5670 3928 5731 οὐσίας
3972 5670 4066 5721 τοῦ

2498 5783 2707 5851 Harpe;
2743 5781 2801 5833 τὸ
2832 5778 3058 5846 Πνεῦμα
3096 5776 3156 5829 τὸ
3190 5774 3348 5839 ἅγιον
3378 5763 3809 5837 ἐκπορεύεσθαι,
3848 5761 3883 5831 ἢ
3907 5762 4069 5828 εἴπερ
