4202 6444
793 351 898 427 119

1814 380 2024 443 JOAN.
2069 385 2279 446 VECCI
2327 388 2435 450 CP.
2483 389 2998 457 ΡἈἹἮῙᾹΠΟΗΕ

3937 405 4034 468 ιεο

866 477 927 534 Et
960 482 1073 538 haec
1101 484 1322 554 quidem
1355 488 1605 545 Phurnes
1634 491 1699 545 ad
1751 494 2243 568 arcliiepiscOpum.
2277 497 2361 556 Tu

2540 507 2723 564 Ταῦτα
2767 512 2864 581 μὲν
2901 514 3042 580 πρὸς
3091 514 3181 568 τδν
3220 517 3653 587 ἆρχιεπίσκοπον
3702 523 3731 577 6
3769 523 4034 595 Φουρνῆς.

783 580 968 637 porro.
1003 578 1093 642 qui
1129 577 1242 631 haec
1266 579 1421 648 regis,
1451 583 1668 636 attende
1691 625 1705 647 ,
1729 586 2060 658 advertequc
2087 591 2355 648 animum.

784 659 1205 753 archiepiscopo
1237 667 1291 720 in
1337 673 1569 726 medium
1603 673 1884 740 ati‘erente,
1948 699 1967 732 r
2005 680 2361 753 Quaecunque

786 748 940 808 habet
969 754 1129 811 Pater
1154 758 1276 812 Filii
1302 773 1445 825 sunt,
1480 782 1497 814 ι
1526 765 1641 834 ipse
1662 779 1850 822 contra
1876 774 2100 841 opponit
2123 793 2139 831 :
2161 775 2236 830 Ita
2253 748 2358 832 est.

781 844 973 901 Omnia
995 845 1170 904 Patris
1191 849 1308 905 Filii
1330 864 1479 919 sunt,
1501 857 1593 911 sed
1614 874 1734 926 qua:
1751 866 2072 920 communia
2092 875 2220 922 sunt
2240 870 2360 925 uni-

781 944 953 993 tersae
971 940 1216 1007 Deitatis,
1233 947 1609 1012 quasi'dicerct
1628 952 1713 1005 illa
1730 949 1906 1010 l'atris
1923 956 2122 1013 habere
2135 957 2352 1026 Filium,

783 1047 903 1096 qua:
933 1036 1243 1089 communia
1288 1048 1419 1092 sunt
1443 1049 1496 1093 et
1520 1039 1746 1111 Spiritui
1776 1058 1793 1097 τ’
1818 1046 1920 1100 hoc
1946 1048 2088 1102 enim
2115 1050 2356 1108 inductio

783 1132 952 1187 notat,
982 1127 1278 1190 rulndirit,
1305 1130 1903 1204 relutisempiteruum,
1931 1143 2356 1208 supersubstan-

781 1216 940 1279 uale,
965 1229 1018 1269 et
1050 1217 1247 1272 similia
1285 1236 1301 1274 :
1337 1221 1604 1292 siquidem
1637 1227 1842 1296 absque
1876 1231 1980 1282 ulla
2018 1227 2354 1292 haesitatione

781 1309 906 1359 hinc
935 1313 1094 1361 [Νι-ιι
1116 1347 1130 1370 ,
1177 1327 1467 1370 commune
1497 1313 1648 1370 Patri
1684 1327 1738 1372 et
1770 1318 1904 1373 Filio
1930 1323 2104 1378 solum
2137 1325 2264 1380 illud
2296 1341 2355 1382 se

781 1399 916 1452 uelle
961 1401 1162 1467 dicere,
1183 1403 1331 1472 quod
1365 1415 1418 1460 et
1461 1407 1691 1476 Spiritui
1738 1425 2028 1468 commune
2069 1425 2197 1471 est:
2245 1433 2352 1473 non

782 1500 961 1544 tamen
994 1507 1114 1546 esse
1162 1496 1445 1565 proprium
1482 1500 1689 1570 aliquid
1728 1501 1876 1558 Patri
1928 1514 1983 1560 et
2016 1505 2174 1574 Filio,
2208 1509 2354 1580 quod

779 1595 889 1636 non
919 1584 984 1637 sit
1015 1593 1068 1639 et
1105 1585 1350 1653 Spiritui.
1381 1585 1582 1645 Verum
1624 1609 1723 1663 ego
1752 1595 1964 1652 afﬁrmo
1994 1615 2118 1655 eum
2155 1616 2187 1656 a
2226 1615 2354 1657 vero

777 1675 1058 1732 aberrare.
1127 1678 1600 1744 Quemadmodum
1676 1690 1820 1744 enim
1897 1692 1948 1745 in
2028 1694 2352 1763 objectioni-

781 1767 882 1822 bus
908 1771 1175 1828 adversus
1215 1773 1472 1830 Photium
1496 1780 1870 1848 probavimus,
1888 1793 2021 1840 sunt
2042 1790 2353 1841 communia

781 1860 980 1920 trihus.
1007 1879 1131 1930 quae
1169 1865 1276 1920 illis
1301 1870 1625 1924 naturaliter
1653 1872 1840 1926 insunt
1879 1874 2040 1940 bona,
2091 1891 2214 1930 cum
2249 1892 2348 1932 na-
2382 1851 2421 1902 Β

780 1959 903 2004 tura
939 1953 1073 2020 ipsis
1105 1956 1293 2012 innata
1321 1957 1454 2024 sint,
1496 1976 1596 2016 nec
1625 1962 1829 2019 deforis
1867 1967 2247 2035 acquirantur,
2290 1982 2350 2024 ut

779 2045 1212 2114 sempiternum,
1265 2051 1831 2123 supersu-hstantiale,
1870 2067 1926 2111 et
1982 2059 2204 2114 similia.
2257 2062 2351 2117 Est

781 2152 909 2190 iero
943 2147 996 2191 et
1020 2140 1226 2208 aliquid
1255 2156 1546 2199 commune
1577 2143 1724 2201 Patri
1756 2157 1810 2203 et
1840 2126 1999 2216 Filio,
2026 2152 2172 2222 quod
2221 2151 2350 2222 Spi-

778 2229 903 2282 ritui
939 2246 1230 2288 commune
1259 2249 1365 2290 non
1397 2245 1502 2292 est.
1540 2237 1607 2291 Et
1639 2239 1740 2294 hoc
1766 2255 1872 2295 non
1901 2257 1966 2296 ex
1992 2243 2135 2309 a1iis,
2162 2247 2254 2300 sed
2281 2260 2346 2300 ex

778 2322 900 2390 Ipso
924 2325 1171 2380 veritatis
1193 2325 1423 2396 Spiritu,
1459 2330 1527 2385 de
1556 2347 1666 2401 quo
1699 2333 1855 2390 nobis
1881 2350 2064 2390 sermo
2087 2346 2194 2401 est,
2238 2353 2353 2392 uta-

782 2414 1042 2471 nil‘estum
1067 2419 1188 2473 erit.
1229 2419 1324 2475 Est
1358 2422 1502 2476 enim
1553 2438 1847 2480 commune
1897 2425 2046 2482 Patri
2096 2437 2150 2482 et
2187 2427 2347 2493 Filio,

775 2521 840 2560 ex
880 2513 1124 2579 utrisque
1161 2524 1282 2566 esse
1330 2512 1593 2583 Spirittrm
1624 2533 1637 2568 :
1676 2525 1729 2571 et
1757 2525 1842 2572 est
1885 2533 2172 2576 commune
2200 2519 2348 2576 Patri

775 2612 830 2651 et
885 2586 1024 2654 Fitio
1070 2601 1374 2669 etl‘uudere,
1433 2609 1709 2672 emittere,
1757 2616 1813 2663 et
1851 2608 2110 2678 eﬂulgere
2158 2613 2350 2669 ambos

777 2688 1042 2762 Spiritum
1089 2695 1449 2766 inhypostasi
1508 2707 1563 2753 et
1593 2700 2000 2762 essentialiter:
2042 2702 2158 2773 ipse
2221 2719 2350 2758 vero

779 2785 1020 2851 Spiritus
1055 2803 1233 2856 neque
1293 2788 1555 2852 etlundit,
1613 2806 1790 2862 neque
1849 2792 2107 2865 etl'ulget,
2173 2811 2349 2865 neque

776 2879 974 2932 emittit
997 2878 1164 2932 alium
1191 2895 1255 2933 ex
1289 2880 1476 2950 scipso
1519 2882 1572 2935 in
1602 2883 1880 2954 hypostasi
1916 2883 2202 2956 Spiritum,
2243 2885 2346 2942 nisi

778 2969 1123 3024 solummodo
1152 2972 1368 3040 propria
1392 2986 1640 3028 munera.
1668 2973 1834 3044 Igitur
1863 2973 2115 3032 Phurnes
2145 2991 2350 3046 negans

777 3062 995 3131 aliquot
1031 3078 1322 3119 commune
1355 3065 1499 3121 Patri
1521 3076 1573 3122 et
1596 3067 1754 3131 Filio,
1785 3070 1929 3138 quod
1965 3084 2072 3125 non
2102 3071 2173 3125 sit
2194 3086 2344 3124 com-

2467 597 2538 651 Σὺ
2583 599 2640 652 δὲ
2696 601 2724 652 6
2762 603 2876 664 τοῖς
2920 606 3190 674 παροῦσιν
3255 607 3616 679 ἐντυγχάνων,
3675 613 3865 667 σκόπει
3901 615 4035 684 πρὸς

2463 690 2660 748 ταῦτα.
2699 694 2807 748 Τοῦ
2835 698 3274 766 ἁιρχιεπνισκόπου
3328 702 3738 772 προτείναντος,
3799 725 3818 756 ι
3849 706 4034 761 Πάντα

2461 782 2562 835 ὅσα
2595 783 2712 854 ἔχει
2740 788 2767 838 6
2793 786 3003 858 Πατὴρ,
3036 790 3129 842 τοῦ
3163 791 3293 844 Υἱοῦ
3325 793 3494 859 ἐστιν,
3525 812 3543 845 ι
3581 796 3744 858 αὐτὸς
3777 781 4037 866 ἀντιπρο-

2461 874 2627 929 τείνει
2658 891 2678 908 ⁸
2702 877 2830 945 Ναὶ,
2882 881 3056 934 πάντα
3107 883 3174 936 τὰ
3204 885 3296 937 τοῦ
3327 885 3542 955 Πατρδς
3573 887 3666 940 τοῦ
3701 889 3832 942 Υἰοῦ
3863 891 4034 953 ἐστιν,

2461 969 2604 1038 πλὴν
2626 968 2760 1022 ἀλλὰ
2790 969 2858 1022 τὰ
2894 972 3047 1025 κοινὰ
3069 973 3168 1041 τῆς
3199 973 3324 1042 ὅλης
3348 975 3635 1045 Θεότητος,
3668 980 3830 1046 οἱονεὶ
3860 981 4037 1048 λέγων

2459 1061 2642 1113 ἐκεῖνα
2673 1062 2740 1113 τὰ
2778 1062 2872 1113 τοῦ
2917 1064 3127 1134 Πατρδς
3174 1065 3318 1136 ἔχειν
3369 1067 3464 1121 τὸν
3489 1069 3636 1137 Υἰὸν,
3689 1071 3831 1141 ειπερ
3860 1071 4036 1125 ἔνεστι

2458 1155 2616 1206 κοινὰ
2647 1153 2737 1206 καὶ
2767 1153 2846 1223 τῷ
2881 1155 3181 1225 Πνεῦματι.
3210 1157 3382 1213 Τοῦτο
3421 1159 3529 1231 γὰρ
3560 1163 3592 1230 ἠ
3629 1163 3896 1232 ἐπαγωγὴ
3945 1165 4039 1234 δη-

2458 1245 2558 1311 λοῖ,
2594 1249 2652 1301 ἐν
2682 1242 2761 1311 οἷς
2796 1249 2966 1317 λέγει,
3000 1244 3113 1303 οἷον
3140 1248 3202 1302 τδ
3228 1248 3419 1315 ἀΐδιον,
3453 1254 3513 1307 τὸ
3546 1255 3895 1325 ὑπεροῦσιον,
3942 1255 4036 1309 καὶ

2454 1340 2523 1392 τὰ
2557 1340 2800 1398 τοιαῦτα.
2843 1343 3323 1414 Ὀμολογουμένως
3375 1346 3481 1414 γὰρ
3536 1345 3787 1400 ἐντεῦθεν
3835 1347 4038 1416 ἐμφαί-

2455 1447 2557 1495 νει,
2587 1431 2669 1484 ὄτι
2694 1431 2872 1486 κοινὸν
2905 1435 3082 1504 Πατρὶ
3120 1435 3213 1488 καὶ
3246 1435 3360 1506 Υἰῷ
3387 1437 3563 1489 ἐκεῖνο
3596 1437 3754 1506 μόνον
3777 1436 3922 1491 θέλει
3952 1433 4035 1490 εἷ-

2454 1540 2564 1586 ναι,
2603 1524 2741 1592 ὅπερ
2770 1525 2885 1577 ἐστὶ
2919 1527 3096 1578 κοινὸν
3129 1525 3219 1580 καὶ
3264 1527 3341 1597 τῷ
3378 1525 3693 1597 Πνεῦματι·
3751 1529 3811 1581 οὑ
3847 1531 4033 1596 μέντοι

2457 1633 2519 1685 γε
2559 1615 2868 1680 ἰδιαζόντως
2898 1613 3041 1670 εἷναί
3083 1635 3135 1671 τι
3167 1617 3342 1672 κοινὸν
3379 1621 3552 1692 Πατρὶ
3599 1622 3693 1674 καὶ
3722 1621 3856 1692 rte),
3894 1623 4034 1691 ὅπερ

2462 1707 2536 1777 μὴ
2598 1709 2856 1777 πρόσεστι
2909 1708 3002 1761 καὶ
3057 1708 3136 1779 τῷ
3186 1708 3487 1780 Πνεῦματι.
3559 1712 3697 1766 Ἀλλ’
3747 1714 3857 1781 ἐγώ
3887 1731 4034 1783 φημι

2457 1799 2724 1869 ἐσφάλθαι
2780 1801 2971 1855 τοῦτον
3016 1801 3115 1871 τῆς
3161 1801 3418 1873 ἀληθείας
3452 1803 3532 1866 εἰς
3579 1803 3759 1859 τοῦτο.
3803 1806 3892 1866 Ὠς
3923 1806 4034 1876 γὰρ

2454 1896 2549 1947 καὶ
2576 1895 2635 1946 ἐν
2658 1896 2774 1957 ταῖς
2813 1894 2950 1964 πρὸς
2987 1894 3077 1946 τὸν
3106 1893 3309 1949 Φὼτιον
3347 1896 3700 1967 ἀντιρῤήσεσι
3750 1900 4036 1968 παρεστή-

2453 1996 2648 2050 σαμεν,
2685 1982 2799 2037 ἔστι
2837 1984 2935 2053 μὲν
2965 1984 3120 2037 κοινὰ
3148 1986 3262 2047 τοῖς
3291 1986 3436 2054 τρισὶ
3468 1985 3536 2038 τὰ
3566 1986 3813 2054 φυσικῶς
3845 1989 4034 2051 αὑτοίς

2453 2075 2829 2144 ἐνυπάρχοντα
2863 2074 3062 2143 ἀγαθὰ,
3095 2075 3168 2139 ὥς
3196 2076 3357 2148 φύσει
3397 2077 3581 2140 αὑτοῖς
3610 2078 3901 2150 προσόντα,
3935 2080 4033 2133 καὶ

2451 2168 2552 2220 οὑκ
2586 2166 2931 2232 ἔξωθεν,οῦδ⁹
2960 2169 3248 2238 ἐπίκτητα,
3267 2164 3378 2224 οἷον
3408 2169 3469 2223 τὸ
3491 2170 3679 2233 ἀΐδιον,
3704 2169 3764 2223 τ’)
3797 2169 4034 2240 ὑπεροὺ-

2455 2277 2588 2321 σιον.
2622 2260 2716 2313 καὶ
2748 2262 2816 2313 τὰ
2847 2259 3104 2315 τοιαῦτα·
3154 2260 3268 2314 ἔστι
3304 2261 3362 2313 δὲ
3415 2261 3509 2315 καί
3538 2277 3593 2314 τι
3644 2261 3819 2314 κοινὸν
3852 2261 4032 2332 Πατρὶ

2452 2352 2548 2405 καὶ
2587 2349 2718 2428 Υἱῷ,
2773 2355 2911 2422 ὅπερ
2945 2353 3045 2405 οὐκ
3096 2352 3211 2406 ἔστι
3264 2353 3443 2406 κοινὸν
3483 2354 3578 2407 καὶ
3613 2353 3690 2423 τῷ
3726 2353 4029 2421 Πνεὺματι.

2451 2442 2560 2495 Καὶ
2615 2441 2772 2495 τοῦτο
2805 2443 2906 2495 οὑκ
2952 2442 3010 2506 ἐξ
3061 2442 3256 2508 ἄλλων,
3314 2443 3431 2497 ἀλλ’
3470 2443 3528 2510 ἐξ
3554 2444 3719 2496 αὑτοῦ
3751 2443 4032 2514 γνώριμον

2450 2535 2602 2588 ἔσται
2636 2535 2726 2588 τοῦ
2767 2536 2865 2605 τῆς
2892 2535 3152 2605 ἀληθείας
3183 2536 3520 2605 Πνεῦματος,
3548 2535 3675 2606 περί
3707 2528 3768 2588 οῦ
3800 2538 3827 2589 6
3868 2537 4030 2603 λόγος

2449 2632 2601 2701 ἡμῖν.
2635 2630 2789 2682 Ἔστι
2835 2629 2944 2700 γὰρ
2983 2629 3160 2683 κοινὸν
3192 2630 3366 2700 Πατρὶ
3393 2630 3487 2685 καὶ
3510 2630 3624 2699 Υἰῷ
3654 2630 3714 2682 τὸ
3743 2628 3799 2696 ἐξ
3825 2632 4032 2697 ἀμφοῖν

2450 2718 2587 2775 εἶναι
2620 2724 2679 2774 τὸ
2737 2721 2981 2792 Πνεῦμα,
3037 2704 3156 2777 καί
3192 2724 3309 2776 ἐστι
3357 2723 3533 2776 κοινὸν
3565 2724 3740 2792 Πατρὶ
3767 2725 3858 2776 καὶ
3886 2720 4025 2789 Υἰῷ,

2449 2811 2530 2864 ὅτι
2577 2814 2942 2881 ἐκπέμπουσι,
3001 2814 3095 2866 καὶ
3155 2814 3470 2884 προχέουσι,
3512 2815 3605 2867 καὶ
3649 2813 4030 2880 ἐκλάμπουσιν

2449 2904 2615 2973 ἄμφω
2648 2903 2707 2957 τδ
2737 2903 2961 2973 Πνεῦμα
2992 2906 3376 2969 ἐνυποστάτως
3419 2905 3513 2958 καὶ
3548 2903 3845 2965 οὑσιωδῶς.
3882 2903 4029 2956 Αὐτὸ

2449 2997 2506 3051 δὲ
2537 3000 2595 3051 τὸ
2629 2997 2851 3067 Πνεῦμα
2885 2997 2945 3050 οὑ
2971 2999 3185 3067 προχεί,
3223 2997 3318 3050 καὶ
3357 2995 3649 3066 ἐκλάμπει,
3687 2997 3779 3050 καὶ
3814 2998 4030 3063 ἐκπέμ-

2450 3107 2542 3143 πει
2573 3091 2759 3160 ἕτερον
2794 3089 2851 3154 ἐξ
2883 3088 3079 3141 ἑαυτοῦ
3129 3089 3488 3141 ἐνυπόστατον
3550 3086 3790 3155 Πνεῦμα,
3831 3085 3912 3138 ὅτι
3947 3084 4029 3155 μὴ

777 3172 942 3211 mune
981 3167 1034 3212 et
1088 3157 1349 3228 Spiritui,
1393 3160 1624 3230 ideoque
1658 3165 2040 3219 contradicens
2071 3164 2342 3233 archiepi-

2450 3179 2513 3232 τὰ
2537 3157 2713 3233 οἰκεέα
2739 3180 3073 3250 χαρίσματα.
3129 3179 3186 3232 Ὀ
3215 3177 3346 3246 γοῦν
3377 3180 3618 3248 Φουρνῆς
3660 3178 3826 3247 μηδέν
3857 3194 3911 3229 τι
3939 3176 4029 3228 θέο

776 3262 946 3320 tropo
968 3267 1134 3321 super
1165 3253 1255 3315 iis,
1289 3253 1356 3307 de
1381 3253 1583 3322 quibus
1616 3254 1706 3309 ille
1736 3255 2107 3324 evangelicum
2136 3256 2242 3310 hoc
2260 3254 2344 3310 di-

775 3353 924 3395 ctum
983 3345 1346 3412 proponebat,
1382 3363 1400 3394 ι
1442 3344 1789 3414 Οηιιιὶα’‹ιιιεε
1832 3347 1995 3401 habet
2039 3346 2198 3400 Pater
2225 3362 2342 3401 mea

777 3444 928 3500 sunt,
969 3453 987 3486 ι
1029 3436 1095 3488 ad
1141 3435 1625 3491 demonstrandum
1687 3438 1950 3507 Spiritum
2000 3439 2174 3492 Patris
2222 3440 2344 3492 esse

780 3525 1042 3595 Spiiitum
1108 3529 1232 3582 item
1269 3527 1413 3590 Filii.
1463 3545 1568 3582 non
1627 3533 1795 3599 probe
1830 3546 2001 3600 neque
2041 3547 2139 3600 pro
2168 3531 2344 3600 digni-

776 3625 888 3671 tate
963 3618 1272 3674 traditionis
1340 3620 1744 3689 Scripturarum
1823 3632 2012 3675 contra
2096 3623 2341 3691 opponit.

778 3711 988 3775 Quibus
1043 3726 1166 3766 cum
1217 3711 1378 3766 addat
1432 3722 1486 3767 et
1523 3713 1674 3777 illud,
1709 3715 2119 3784 pr0prietatem,
2156 3717 2208 3768 in
2238 3730 2342 3782 qua

775 3813 861 3858 est
947 3813 1076 3859 nota
1128 3803 1445 3859 diﬂerentiaa
1505 3816 1742 3875 paterna:
1806 3808 2189 3878 hypostnseos,
2261 3807 2346 3862 Fi—

776 3896 907 3951 lium
973 3897 1174 3953 habere
1219 3914 1328 3953 non
1379 3915 1558 3968 posse,
1605 3902 1847 3971 ideoque
1911 3911 2062 3972 putat
2107 3918 2165 3955 se
2215 3917 2346 3956 con-

777 3991 975 4044 vellere
1034 4006 1223 4061 posse,
1286 3991 1485 4046 Filium
1536 3994 1785 4048 emittere
1818 3994 2120 4064 Spiritum,
2153 4011 2345 4067 quem-

777 4083 1066 4139 admodum
1130 4091 1184 4138 et
1241 4084 1402 4139 Pater
1442 4086 1678 4151 emittit,
1745 4101 1920 4158 neque
1978 4095 2103 4158 apte
2171 4107 2346 4160 neque

779 4175 1048 4230 lndnstrie
1095 4177 1318 4231 inducit.
1373 4176 1620 4248 Namque
1686 4183 1991 4249 proprietas
2043 4200 2166 4237 cum
2216 4194 2341 4238 nota

781 4278 1020 4336 pateer
1075 4268 1435 4338 hyposmseos
1481 4271 1569 4323 illa
1626 4280 1730 4336 est,
1773 4274 1988 4328 Patrem
2029 4285 2081 4329 et
2129 4275 2344 4331 Patrem

777 4377 901 4415 esse
935 4371 986 4415 et
1019 4361 1341 4430 ingenitum,
1374 4360 1566 4416 etFilii
1588 4362 1823 4426 Patrem.
1865 4376 1916 4418 et
1956 4379 2343 4436 proprii-tatem

778 4456 920 4507 hanc
976 4469 1103 4507 vere
1159 4453 1332 4508 Filius
1397 4455 1601 4511 habere
1667 4459 1873 4527 ltrqttit.
1927 4461 2081 4523 Quod
2141 4461 2183 4514 si
2227 4476 2349 4528 pro-

2445 3271 2552 3324 λων
2578 3268 2718 3325 εἶναι
2765 3270 2943 3323 κοινὸν
2997 3271 3171 3338 Πατρὶ
3218 3272 3311 3324 καὶ
3353 3270 3488 3339 Υἱῴ,
3525 3270 3662 3339 ὅπερ
3719 3270 3789 3339 μὴ
3826 3271 3918 3322 καὶ
3946 3270 4028 3337 τῷ

2446 3363 2728 3430 Π-θεὺματι
2777 3363 3064 3432 πρόσεστι,
3121 3364 3215 3416 καὶ
3266 3361 3354 3415 διὰ
3402 3362 3560 3413 τοῦτο
3596 3361 3894 3426 ἀντιλέγων
3942 3360 4026 3429 τῷ

2445 3456 2878 3524 ἀρχιεπισκῦπιρ,
2913 3453 2998 3521 ἐφ’
3027 3450 3105 3516 οἷς
3131 3456 3335 3515 ἐκεῖνος
3369 3449 3646 3523 προέτεινε
3678 3453 3734 3504 τι
3780 3453 4026 3518 Εὖαγγε.

2444 3546 2597 3598 λικδν
2641 3545 2800 3598 τοῦτο
2833 3546 3017 3616 ρηιὸν,
3066 3547 3127 3598 τὸ
3182 3565 3198 3595 ι
3226 3545 3408 3598 Πάντα
3452 3547 3552 3597 ὅσα
3607 3544 3716 3612 ἕλει
3749 3545 3775 3595 6
3832 3544 4029 3612 Πατὴρ

2445 3634 2556 3702 ἐμά
2581 3635 2749 3695 ἐστιν,
2791 3653 2808 3682 ι
2847 3636 2925 3695 εἰς
2974 3633 3247 3698 ἀπόδειξιν
3283 3634 3377 3686 τοῦ
3409 3630 3547 3687 εἶναι
3588 3634 3648 3685 τὸ
3679 3633 3771 3684 τοῦ
3813 3633 4025 3700 Πατρὸς

2448 3725 2668 3794 Πνεῦμα
2695 3728 2784 3778 καὶ
2806 3725 2937 3778 Υἰοῦ
2979 3725 3225 3794 Πνεῦμα,
3265 3726 3325 3778 οὗ
3360 3726 3539 3787 καλῶς
3593 3725 3700 3778 οὐδ’
3737 3727 3900 3791 ὸξίως
3923 3725 4026 3794 τῆς

2445 3819 2555 3872 τῶν
2606 3819 2836 3888 Γραφῶν
2866 3819 3219 3889 παραδόσεως
3255 3819 3544 3883 ἀντιλέγει.
3591 3819 3714 3870 θυτι
3744 3818 3798 3870 δὲ
3828 3813 3904 3879 οἷς
3935 3818 4030 3869 λέ-

2448 3927 2532 3978 γει
2576 3903 2750 3973 οὗτος,
2790 3911 3132 3979 προσεπάγει
3162 3911 3256 3963 καὶ
3288 3910 3465 3973 τοῦτο,
3512 3912 3594 3962 ὃτι
3647 3911 3707 3962 τὸ
3741 3927 4024 3979 χαρακτη-

2448 4003 2689 4074 ριστικὸν
2747 4003 2940 4071 ἰδῖωμα
2984 4004 3084 4072 τῆς
3117 4003 3387 4071 πατρικῆς
3438 4004 3786 4066 ὑποστάσεως
3836 4006 3862 4054 6
3896 4004 4027 4067 Υῐῆς

2447 4092 2590 4161 ἐχειν
2626 4093 2688 4144 οὑ
2742 4093 2987 4157 δύναται,
3047 4094 3140 4144 καὶ
3188 4094 3360 4145 οἴεται
3402 4095 3644 4164 ἀναιρεῖν
3677 4095 3926 4146 ἐντεῦθεν
3961 4095 4025 4146 τὺ

2445 4181 2702 4234 δύνασθαι
2750 4183 3055 4252 ἐκπέμπειν
3102 4183 3194 4236 καὶ
3237 4185 3330 4235 τὸν
3360 4183 3484 4235 Υἰὸν
3531 4187 3589 4235 τὸ
3619 4185 3841 4252 Πνεῦμα
3889 4185 3965 4237 ὡς
3999 4187 4028 4236 6

2449 4273 2652 4341 Πατὴρ,
2685 4272 2783 4325 οὑκ
2805 4268 2873 4342 ἦν
2908 4274 3066 4325 τοῦτο
3098 4273 3352 4343 ἐπιϐολῆς
3381 4273 3634 4342 εὐφυοῦς.
3671 4275 4032 4344 Χαρακτηρι-

2450 4363 2763 4431 στικδψγὰρ
2796 4363 2996 4431 ἰδίωμα
3033 4364 3131 4433 τῆς
3171 4365 3447 4434 πατρικῆς
3480 4366 3830 4423 ὑποστάσεως
3863 4364 4026 4415 τοῦτο

2449 4454 2583 4516 ἐστι,
2606 4454 2667 4505 τὺ
2697 4450 2836 4506 εἶναι
2867 4453 2957 4505 τὸν
2989 4454 3202 4525 Πατέρα
3245 4456 3463 4524 Πατέρα
3492 4472 3549 4506 τε
3578 4457 3668 4506 καὶ
3700 4455 4022 4521 ἀγέννητον,

780 4547 1062 4614 prietatem
1109 4555 1346 4615 paternae
1401 4549 1756 4619 hypostaseos
1821 4549 2069 4606 Phurncs
2123 4564 2345 4608 conten-

2453 4547 2544 4596 καὶ
2585 4547 2800 4614 Πατέρα
2827 4544 2979 4609 Υἰοῦ,
3011 4546 3106 4598 καὶ
3147 4546 3206 4597 τὸ
3265 4545 3463 4615 ἰδίωμα
3517 4546 3674 4598 τοῦτο
3732 4547 3943 4615 ἁληθῦς
3995 4550 4027 4601 6

777 4639 858 4692 dit
890 4653 1033 4701 esse,
1063 4639 1308 4692 emittere
1343 4639 1520 4708 ipsum
1572 4639 1859 4711 Spiritum.
1911 4642 1954 4697 si
2008 4643 2111 4696 hoc.
2157 4659 2346 4697 verum

775 4742 880 4794 est,
915 4745 1196 4798 nunquam
1236 4731 1477 4798 Spiritus
1501 4732 1680 4786 dictus
1703 4733 1899 4786 fuisset
1930 4743 1983 4788 et
2016 4735 2135 4787 Filii
2169 4735 2348 4804 Spiri-

778 4833 887 4874 tus.
968 4821 1183 4874 Etenim
1259 4821 1303 4875 si
1363 4831 1420 4875 ut
1466 4821 1661 4886 Pater,
1737 4824 1894 4878 Pater
1954 4825 2115 4878 habet
2176 4827 2350 4895 Epiri-

781 4925 920 4979 tum,
957 4913 1179 4982 quando
1208 4908 1380 4968 Filius
1411 4912 1571 4969 Pater
1616 4931 1743 4970 esse
1790 4926 2046 4985 nequeat,
2080 4917 2345 4985 Spiritutn

781 5020 892 5058 non
955 5004 1197 5059 habebit.
1237 5004 1342 5058 Sed
1377 5006 1430 5058 in
1483 5007 1738 5062 confesso
1770 5019 1851 5062 est
1903 5009 2170 5077 Spiritum
2226 5027 2347 5064 esse

783 5096 1048 5167 Spiritum
1118 5099 1315 5160 Patris,
1374 5107 1428 5152 et
1478 5098 1743 5167 Spiritum
1796 5100 1938 5164 Filii,
1980 5110 2033 5154 rt
2064 5102 2165 5156 hoe
2201 5101 2349 5157 nullo

783 5189 948 5243 modo
979 5190 1390 5255 contradicitur,
1425 5190 1551 5245 inde
1596 5201 1839 5245 remanet
1887 5193 2260 5251 manifestum.
2297 5206 2347 5248 et

781 5294 847 5331 ex
890 5278 1053 5332 Patre
1081 5277 1155 5330 uti
1192 5293 1256 5330 ex
1288 5277 1398 5332 Deo
1440 5293 1564 5333 esse
1593 5278 1878 5348 Spiritum,
1916 5291 1968 5334 et
1999 5297 2060 5334 ex
2103 5281 2238 5336 Filio
2271 5284 2344 5335 uti

782 5384 845 5420 ex
885 5366 1016 5428 Deo,
1049 5377 1228 5422 tamen
1262 5383 1324 5422 ex
1359 5367 1522 5425 Patre
1553 5371 1718 5424 veluti
1761 5387 1824 5423 ex
1867 5373 2013 5425 fonte
2046 5373 2164 5426 sine
2203 5374 2350 5442 prin-

781 5459 947 5528 eipio,
989 5458 1154 5512 Deum
1205 5461 1541 5531 producente
1590 5462 1876 5531 principio,
1935 5480 1996 5516 ex
2051 5458 2187 5516 Filio
2219 5481 2349 5518 vero

782 5551 941 5603 veluti
973 5566 1063 5617 per
1090 5552 1319 5617 l'ontem,
1354 5529 1792 5607 indc'habcntem
1823 5557 1967 5622 quod
2000 5555 2092 5616 sit,
2130 5557 2274 5609 unde
2298 5566 2351 5611 rt.

780 5657 893 5696 suae
927 5644 1229 5711 hypostasis
1254 5658 1478 5699 causam
1501 5644 1684 5700 habet.
1711 5646 1898 5715 Itaque
1928 5647 2040 5700 sive
2074 5646 2345 5713 Phurnes,

782 5737 898 5790 sive
929 5734 1049 5802 quis
1082 5735 1220 5789 alius
1248 5735 1412 5799 dicat,
1460 5751 1567 5790 non
1605 5751 1766 5806 posse
1818 5737 2080 5805 Spiritum
2119 5754 2241 5795 esse
2295 5749 2348 5793 et

779 5837 842 5882 ιλ
869 5825 1028 5896 Filio,
1073 5827 1215 5898 quod
1245 5836 1484 5900 paterna:
1509 5828 1870 5901 hypostascos
1902 5831 1972 5886 sit
2017 5832 2351 5902 proprietas,

2450 4636 2574 4698 Υἱὸς
2607 4637 2750 4705 ἔχειν
2778 4637 2837 4689 οὑ
2873 4637 3118 4693 δύναται.
3174 4638 3236 4690 Εἰ
3276 4639 3332 4691 δέ
3375 4639 3567 4708 ἰδίωμα
3597 4641 3692 4708 τῆς
3751 4642 4032 4710 πατρικῆς

2449 4728 2798 4790 ὑποστάσεως
2824 4733 2851 4781 6
2873 4731 3115 4800 Φουρνῆς
3140 4731 3392 4800 βούλεται
3426 4731 3606 4799 λέγειν
3631 4734 3691 4784 τὸ
3716 4734 4038 4802 ἐκπέμπειν

2449 4817 2580 4870 αὑτὸ
2599 4817 2660 4869 τὸ
2697 4819 2942 4888 Πνεῦμα,
2978 4820 3090 4887 εἴγε
3123 4821 3320 4890 ἀληθὲς
3349 4820 3508 4874 τοῦτο
3534 4822 3633 4874 οὑκ
3661 4821 3725 4875 ἄν
3763 4838 3893 4874 ποτε
3926 4825 4030 4892 ἐρ-

2452 4909 2581 4977 ρἐη
2613 4909 2672 4961 τὸ
2721 4910 2943 4979 Πνεῦμα
2983 4913 3073 4963 καὶ
3122 4912 3254 4964 Υἰοῦ
3315 4912 3561 4982 Πνεῦμα.
3617 4915 3678 4966 Εἰ
3735 4916 3843 4984 γὰρ
3889 4913 4034 4966 καθὸ

2451 5001 2640 5072 Πατὴρ
2667 5004 2694 5054 6
2727 5003 2913 5072 Πατὴρ
2943 5002 3056 5072 ἔχει
3080 5004 3137 5056 τὸ
3175 5003 3399 5073 Πνεῦμα
3421 5048 3434 5069 ,
3466 5008 3590 5058 ἐπεὶ
3623 5010 3650 5059 6
3685 5007 3807 5068 Υἱὸς
3834 5008 4032 5077 Πατὴρ

2449 5087 2584 5145 εἶναι
2615 5094 2674 5145 οὑ
2705 5093 2950 5153 δύναται.
2987 5095 3210 5165 Πνεῦμα
3245 5097 3342 5168 οὑχ
3393 5097 3526 5163 ἔξει.
3577 5097 3715 5150 Ἀλλ’
3741 5098 4034 5170 ὡμολόγη-

2447 5201 2538 5236 ται
2570 5185 2630 5236 τὸ
2657 5184 2880 5255 Πνεῦμα
2934 5186 3156 5256 Πνεῦμα
3208 5189 3422 5258 Πατρὸς
3453 5190 3546 5243 καὶ⁸
3582 5189 3805 5259 Πνεῦμα
3865 5191 4029 5258 Υἱοῦ,

2449 5281 2540 5331 καί
2573 5279 2688 5332 ἐστι
2715 5279 2904 5333 λοιπὸν
2936 5285 3346 5354 ἀναντιρρήτως
3374 5285 3621 5337 ἐντεῦθεν
3649 5287 4031 5356 ἀναφαινόμε-

2450 5387 2559 5432 νον,
2596 5374 2687 5423 καὶ
2713 5373 2775 5422 ἐκ
2801 5371 2894 5424 τοῦ
2925 5371 3134 5444 Πατρδς
3152 5374 3226 5436 ὡς
3251 5375 3313 5426 ὲκ
3349 5375 3483 5427 Θεοῦ
3514 5372 3653 5430 εἶναι
3682 5377 3740 5428 τὸ
3773 5378 4030 5446 Πνεῦμα,

2450 5462 2541 5512 καὶ
2576 5463 2637 5513 ἐκ
2663 5461 2754 5513 τοῦ
2783 5463 2910 5515 Υἱοῦ
2950 5464 3025 5525 ὼς
3077 5467 3142 5516 ἐκ
3181 5463 3338 5532 Θεοῦ,
3372 5467 3507 5536 πλὴν
3547 5470 3610 5520 ἐκ
3644 5471 3742 5537 μὲν
3766 5467 3861 5520 τοῦ
3910 5471 4031 5523 Πα-

2447 5558 2595 5621 τρος,
2627 5555 2701 5617 ὡς
2741 5557 2802 5608 ἐκ
2832 5557 3009 5625 πηγῆς
3043 5557 3302 5626 ἁνάρχου,
3329 5559 3421 5610 καὶ
3452 5559 3702 5626 θεογόνου
3734 5560 3929 5629 ἀρχῆς.
3961 5561 4033 5613 ἐκ

2447 5644 2501 5695 δὲ
2535 5644 2628 5696 τοῦ
2672 5643 2821 5707 Υἰοῦ,
2872 5647 2946 5707 ὡς
2990 5646 3077 5698 διὰ
3125 5651 3306 5716 πηγῆς
3340 5649 3546 5700 ἐκεῖθεν
3595 5650 3824 5718 ἐχούσης
3854 5652 3912 5702 τὸ
3943 5650 4029 5702 εἷ·-

2449 5757 2556 5796 ναι.
2590 5738 2711 5790 ὅθεν
2739 5739 2831 5790 καὶ
2871 5739 3001 5791 αὐτὸ
3032 5741 3128 5809 τὴν
3155 5741 3250 5808 τῆς
3293 5741 3641 5803 ὑποστάσεως
3668 5742 3780 5811 ἔχει
3814 5743 4029 5798 αἰτίαν.

2453 5832 2573 5883 Εἴτε
2603 5831 2735 5898 γοῦν
2766 5834 2790 5884 6
2825 5831 3090 5902 Φουρνῆς,
3118 5834 3226 5886 εἴτε
3267 5850 3347 5894 τις
3381 5834 3566 5901 ’ἔτερος
3605 5837 3776 5902 λέγει,
3820 5833 3892 5905 μὴ
3930 5833 4036 5890 ῦὸ-
