4202 6444
719 339 822 402 155

1741 353 1952 412 JOAN.
1999 355 2207 416 \‘ECCI
2251 357 2356 418 Cl’.
2398 359 2911 420 PATRIARCHIE

3851 358 3953 428 156

717 462 974 526 Spiritus,
1013 471 1106 514 aut
1144 463 1385 530 ejusdem
1418 476 1469 520 et
1501 483 1936 536 supervacaneus
1962 513 1976 538 ,
2011 482 2103 526 aut
2147 473 2283 526 alte-
2316 487 2349 541 Α

2392 475 2670 528 εὐθύνουσι
2735 476 2981 545 τροχιάς.
3047 478 3155 528 Καὶ
3211 479 3258 528 εἰ
3316 475 3459 528 οὕτω
3517 475 3709 537 ταῦτα,
3785 474 3964 541 μάτην

717 554 850 615 rius,
881 563 932 604 et
957 555 1144 620 cujus?
1176 575 1192 605 ι

2400 567 2583 618 λοιπὸν
2621 566 2648 616 ὁ
2699 567 2858 630 σοφὸς
2911 559 3066 627 οὗτος
3125 568 3261 633 ἀνὴρ
3303 567 3468 632 λέγει,
3516 585 3532 616 ι
3577 567 3640 617 ’Π
3691 567 3829 616 κατά
3865 568 3960 630 τὴν

718 642 1104 714 Πεντηκοστὴν
1149 651 1422 713 παρουσία
1465 648 1556 700 τοῦ
1608 650 1947 721 Πνεῦματος,
2023 656 2054 724 ἦ
2098 656 2192 707 τοῦ
2240 655 2429 718 αὑτοῦ,
2483 657 2578 707 καὶ
2624 656 2874 723 περιττὴ,
2927 657 2960 723 ἢ
3031 655 3190 708 ἀλλον
3258 656 3609 724 Πνεύματος·
3669 654 3762 706 καὶ
3813 655 3966 704 ποῖον

715 752 870 792 τουτο
902 756 915 802 ;
959 757 977 789 ι

786 829 871 882 69.
906 831 983 880 Ad
1018 833 1220 885 dictum
1254 850 1382 887 vero
1435 854 1600 907 prope
1650 843 1756 896 fine
1811 845 2283 914 Syllogismorum,

718 920 808 971 ubi
841 922 1002 973 veluti
1038 926 1399 978 necessarium
1431 946 1536 998 pne
1558 935 1676 986 aliis
1706 937 1959 990 omnibus
1990 939 2285 1002 concludit,

722 1029 739 1059 ι
776 1011 1070 1076 procedere
1103 1013 1363 1082 Spiritum
1415 1037 1478 1074 ex
1512 1025 1625 1077 solo
1657 1025 1830 1087 Patre,
1874 1047 1892 1078 ι
1917 1027 2282 1092 refutandum,

717 1100 854 1152 nihil
884 1102 1029 1155 aliud
1071 1110 1409 1174 opporunius
1445 1111 1575 1166 Itan
1631 1116 1812 1175 fin-rit.
1845 1134 2005 1186 quam
2035 1107 2282 1188 ejusdem

717 1190 889 1256 ipsius
924 1206 1243 1264 conceptus.
1303 1203 1370 1254 ab
1427 1205 1616 1258 eodem
1671 1209 1719 1260 in
1760 1212 1983 1264 exordio
2021 1214 2285 1267 orationis

717 1283 979 1368 adversus
1003 1285 1252 1342 Latinum
1293 1296 1622 1361 prepositus.
1662 1299 1794 1353 Nam
1834 1304 2285 1368 quemadmodum

719 1372 788 1423 ibi
825 1365 910 1427 hic
940 1379 1042 1440 vir,
1074 1382 1228 1445 quasi
1274 1396 1334 1434 os
1371 1382 1484 1436 Itali
1521 1365 1918 1452 olistruenspet
1963 1393 2013 1444 in
2059 1395 2283 1447 dubium

716 1461 1022 1547 inevitabile
1063 1471 1410 1538 compellens,
1442 1475 1654 1530 dicebat
1685 1499 1698 1532 :
1732 1498 1746 1529 ‹
1795 1480 1849 1533 Si
1891 1497 1954 1534 ex
1985 1482 2118 1534 Filio
2166 1485 2288 1552 Spi-

720 1541 858 1605 ritus
889 1558 1153 1625 procedit,
1208 1563 1335 1630 quid
1405 1566 1502 1618 fuit
1565 1569 1969 1637 impedimento.
2013 1592 2076 1626 ne
2127 1541 2286 1628 Chi-i-

717 1653 831 1695 stos
871 1645 1078 1701 diceret
1123 1666 1137 1703 :
1175 1653 1266 1720 qui
1302 1669 1364 1708 ex
1415 1656 1572 1709 Patre
1607 1673 1656 1713 et
1683 1677 1765 1712 me
1798 1665 2075 1730 procedit?
2114 1684 2131 1714 ι
2178 1683 2283 1718 non

716 1734 822 1786 alia
862 1738 1073 1792 ratione
1105 1739 1336 1798 Latinus
1371 1748 1542 1800 eidem
1579 1752 1812 1806 reddens
1837 1756 1999 1807 verba
2047 1772 2165 1817 sua,
2205 1757 2284 1810 fa-

715 1824 918 1876 tebitur
953 1842 966 1880 :
1000 1825 1055 1880 Si
1085 1844 1146 1881 ex
1185 1833 1301 1884 solo
1345 1834 1504 1901 Patre
1535 1825 1779 1905 procedit
1842 1841 2105 1912 Spiritus,
2150 1848 2280 1915 quid

719 1909 1106 1976 impedimento
1159 1920 1258 1974 fuit
1287 1923 1528 1991 Christo,
1566 1944 1630 1981 ne
1686 1909 1906 1997 diceret,
1941 1935 2044 2000 Qui
2074 1953 2138 1989 ex
2168 1909 2288 1990 solo

721 1999 879 2055 Pazre
904 2008 1192 2071 procedit?
1220 2012 1286 2065 Et
1313 2031 1437 2067 cum
1473 2029 1655 2085 postea
1698 2022 1784 2074 hic
1809 1999 2099 2092 exprobrat
2133 2027 2286 2090 Italo,

716 2095 941 2162 vestigia
973 2098 1173 2154 Christi
1220 2120 1520 2174 pauperum
1559 2112 1922 2182 Evangelistze
1960 2135 2064 2171 non
2098 2124 2280 2189 sequi.

718 2187 862 2251 quod
889 2192 1236 2258 superaddat,
1265 2215 1282 2246 ι
1313 2207 1364 2250 et
1396 2214 1461 2252 ex
1495 2199 1668 2268 Filio;
1708 2224 1723 2255 ι
1763 2207 1950 2270 iisdem
1982 2218 2034 2262 et
2065 2187 2291 2278 ipsis—ex-

716 2277 1170 2344 probrationibus
1215 2286 1484 2344 obnoxius
1522 2294 1646 2357 erit,
1694 2297 1836 2363 quod
1873 2303 2200 2366 superaddat
2226 2320 2290 2356 ea:

717 2367 854 2458 solo.
903 2368 965 2422 Et
1015 2370 1129 2426 haec
1183 2375 1398 2444 quidem
1431 2381 1494 2434 ad
1531 2384 1674 2438 dicta
1727 2386 1941 2458 Bulgari
1995 2393 2286 2451 refellenda

719 2457 953 2515 adducta
984 2473 1131 2518 sunt.

793 2738 880 2795 70.
917 2742 982 2797 Et
1010 2745 1066 2798 in
1101 2746 1184 2802 his
1206 2760 1462 2816 praterea
1495 2756 1755 2812 adversus
1783 2763 1988 2819 similes
2016 2767 2284 2834 homines,

718 2845 859 2899 quos
887 2833 952 2886 ad
983 2833 1085 2888 hoc
1112 2845 1324 2906 tempus
1368 2841 1550 2898 videre
1594 2849 1843 2917 contigit,
1878 2864 2061 2908 nostra
2109 2861 2287 2912 studia

719 2923 1129 2992 collocavimus,
1165 2937 1224 2983 ut
1269 2934 1682 2992 ostenderemus
1717 2955 1812 2996 eos
1835 2983 1850 3005 ,
1909 2947 1999 3012 qui
2035 2956 2160 3002 ante
2183 2966 2290 3004 .nos

719 3012 876 3067 fuere
917 3017 1184 3085 sapientia
1220 3020 1461 3078 illustres
1496 3027 1622 3090 viri,
1676 3047 1956 3100 perperam
2015 3038 2287 3093 Ecclesia-

719 3117 842 3156 rum
883 3105 1166 3162 dissidium
1211 3115 1574 3178 promovisse.
1611 3118 1860 3190 Plerique
1885 3127 2029 3180 enim
2064 3146 2128 3183 ex
2161 3132 2292 3200 ipsis
2321 3124 2362 3180 C

721 3211 831 3251 non
859 3210 915 3251 ut
941 3199 1137 3255 fratres
1168 3204 1412 3271 addecet,
1439 3224 1605 3276 quma
1644 3210 1902 3270 fratribus
1928 3199 2292 3278 afferebantur

719 3293 1006 3353 acceptare
1042 3291 1409 3358 sustinebant,
1467 3296 1560 3349 sed
1624 3303 2061 3361 contradicentes
2110 3309 2162 3361 in
2198 3326 2291 3364 eos

721 3373 1137 3439 invehebantur,
1177 3389 1228 3432 et
1256 3397 1322 3436 ex
1371 3384 1502 3453 ipsis
1533 3393 1907 3458 unusquisque
1940 3398 2140 3462 primas
2187 3400 2290 3453 sibi

723 3465 779 3519 in
802 3468 1066 3536 sapientia
1101 3472 1396 3528 vendicare
1437 3478 1777 3544 existimans,
1810 3485 1851 3537 si
1887 3487 2153 3542 haereseos
2181 3493 2290 3544 cri-

720 3571 845 3610 men
879 3561 1144 3626 proximis
1199 3563 1399 3618 valeret
1446 3569 1759 3636 appingere,
1805 3574 1995 3627 obvios
2047 3592 2293 3647 quosque

720 3649 1105 3703 nonnullarum
1139 3664 1482 3717 yersutarum
1529 3663 1922 3716 sententiarum
1968 3675 2292 3728 commentis

721 3750 750 3788 a
778 3752 838 3790 se
884 3739 1108 3806 rejicere
1149 3742 1494 3810 moliebatur,
1541 3749 1586 3802 si
1647 3751 1782 3804 forte
1835 3755 1935 3807 sibi
1989 3756 2091 3811 hoc
2133 3762 2293 3814 modo

719 3829 1030 3884 obvenisset
1076 3831 1219 3886 fama
1261 3834 1383 3888 fidei
1434 3837 1666 3895 fortasse
1697 3845 2053 3912 ardentioris,
2088 3859 2139 3904 et
2191 3853 2292 3905 zeli

723 3921 959 3989 alicujus
991 3938 1087 3988 pro
1123 3935 1272 3980 recta
1308 3927 1412 3981 fide
1462 3933 1702 3998 tutanda,
1737 3951 1858 3989 cum
1885 3939 2113 3993 aliorum
2148 3944 2291 3996 circa

721 4028 809 4067 res
838 4014 1052 4069 divinas
1095 4019 1400 4086 segnitiem,
1435 4032 1488 4075 et
1523 4039 1700 4078 rerum
1731 4040 2040 4085 nostrarqu
2070 4032 2290 4087 infidam

724 4105 1091 4173 proditionem
1121 4109 1555 4167 condemnasset.
1608 4114 1671 4168 Et
1712 4118 1824 4171 hac
1851 4120 2092 4189 plerique
2129 4139 2291 4177 cona-

723 4195 941 4260 bantur,
972 4199 1111 4267 quod
1153 4200 1491 4270 refriguisset
1521 4207 1786 4272 charitas,
1841 4221 1893 4263 ιι
1935 4216 2290 4282 multiplicata

723 4297 874 4342 esset
929 4290 1212 4356 iniquitas,
1249 4305 1305 4345 ut
1352 4295 1557 4364 scripto
1597 4302 1850 4354 traditum
1878 4314 1979 4357 est.
2023 4304 2132 4358 Nos
2167 4323 2292 4366 vero

724 4379 858 4433 nihil
897 4383 1074 4436 simile
1105 4385 1286 4439 animo
1336 4389 1632 4452 volventes,
1660 4391 2021 4448 Ecelesiarum
2061 4413 2289 4452 concor—

2464 839 2558 904 ξθ’.
2623 841 2766 908 Πρὸς
2817 840 2872 892 δὲ
2922 840 2982 892 τὸ
3013 839 3303 908 εἰρημένον
3334 836 3465 906 πρὸς
3519 835 3595 902 τῷ
3651 835 3795 886 τέλει
3854 835 3965 885 τῶν

2398 933 2589 986 τούτου
2647 930 3046 998 συλλογισμῶν,
3103 932 3160 981 ὲν
3219 923 3262 994 ᾧ
3309 930 3388 990 ὡς
3437 927 3734 993 ἀναγκαῖόν
3781 945 3832 977 τι
3872 927 3965 976 ἐπὶ

2391 1029 2525 1079 πᾶσι
2552 1026 2775 1090 συνάγει
2796 1025 2854 1076 τὸ
2893 1043 2910 1074 ι
2944 1021 3343 1089 ἐκπορεύεσθαι
3376 1023 3435 1073 τὸ
3461 1020 3682 1088 Πνεῦμα
3713 1023 3773 1071 ἐκ
3799 1020 3964 1086 μόνον

2391 1118 2484 1170 τοῦ
2518 1119 2756 1185 Πατρὶς,
2800 1135 2817 1168 ι
2855 1116 3010 1167 οὐδὲν
3045 1116 3172 1168 ἄλλο
3207 1114 3358 1168 ἔσται
3390 1112 3669 1181 τῴΊταλῷ
3694 1113 3967 1181 χρήσιμον

2393 1212 2473 1270 εἰς
2502 1208 2833 1275 ἀνατροπὴν,
2871 1206 2984 1258 ἀλλ’
3017 1205 3048 1275 ἢ
3091 1206 3221 1258 αὐτὸ
3259 1207 3435 1256 ἐκεῖνο
3463 1205 3525 1256 τὸ
3556 1205 3736 1273 νόημα
3769 1204 3966 1263 αὑτοῦ,

2395 1301 2533 1369 ὅπερ
2577 1295 2733 1358 οὗτος
2791 1301 2849 1350 ὲν
2895 1299 3017 1359 ταῖς
3069 1298 3266 1367 ἀρχαῖς
3316 1296 3412 1348 τοῦ
3465 1296 3625 1362 λόγου
3679 1296 3814 1347 κατά
3868 1295 3966 1346 ιτιῦ

2395 1391 2626 1443 Λατίνου
2655 1389 2989 1458 προέτεινεν.
3037 1390 3125 1450 Ὠς
3158 1389 3267 1456 γάρ
3314 1389 3490 1439 ἐκεῖσε
3535 1384 3709 1446 οὗτος.
3748 1389 3969 1438 ἐπιστο-

2397 1483 2566 1551 μίζων
2621 1483 2782 1550 δῆθεν
2830 1481 2919 1532 τὸν
2963 1478 3184 1538 Ἰταλὸν,
3219 1486 3310 1529 καὶ
3352 1478 3539 1544 ὥσπερ
3596 1479 3675 1540 εἰς
3725 1477 3969 1546 ἄφυκτον

2399 1573 2635 1640 ἀπορίας
2671 1570 3008 1624 συνελαύνων
3043 1569 3226 1631 αὑτὸν,
3260 1569 3468 1634 ἔλεγεν,
3504 1589 3524 1618 ι
3565 1570 3624 1620 El
3661 1572 3755 1622 καὶ
3779 1573 3841 1622 ὲκ
3873 1569 3969 1620 τοῦ

2394 1665 2526 1716 Υίοῦ
2561 1662 2921 1732 ἐκπορεύεται
2950 1662 3012 1713 τὸ
3044 1660 3294 1728 Πνεῦμα,
3332 1662 3383 1711 τί
3414 1662 3650 1712 ἐκώλυε-ι
3674 1664 3850 1714 εἰπεῖν
3875 1664 3974 1714 τὸν

2390 1753 2646 1819 Χριστὸν,
2667 1753 2695 1804 ὃ
2716 1753 2865 1820 παρὰ
2884 1751 2980 1803 τοῦ
3009 1751 3226 1819 [ἰατρὸς
3252 1752 3347 1803 καὶ
3375 1751 3508 1817 ἐμοῦ
3535 1753 3892 1820 ἐκπορεύεται
3915 1771 3927 1818 ;
3947 1776 3966 1803 ι

2387 1843 2530 1895 οὓτω
2559 1843 2649 1894 καὶ
2685 1843 2712 1894 ὀ
2752 1844 3005 1903 Λατῖνος.
3038 1844 3150 1904 τοῖς
3179 1842 3345 1894 αὑτοῦ
3377 1843 3726 1910 χρησάμενος
3759 1845 3969 1910 λόγοις,

2389 1934 2507 2001 ὲρεῐ
2529 1931 2660 1999 πρὸς
2681 1931 2865 1992 αὐτὸν,
2891 1930 2983 1983 «Εἰ
3001 1933 3063 1982 ὲκ
3087 1932 3248 2000 μόνου
3265 1930 3358 1983 τοῦ
3381 1932 3592 2001 [ἰατρὸς
3611 1936 3968 2001 ἐκπορεύεται

2390 2023 2449 2075 τδ
2475 2023 2725 2089 Πνεῦμα,
2762 2023 2816 2072 τί
2847 2021 3050 2073 ἐκώλυε
3087 2023 3177 2074 τὸν
3206 2022 3440 2090 Χριστδν
3487 2027 3682 2084 εἰπεῖν,
3746 2025 3774 2078 ὃ
3818 2029 3972 2092 παρά

2386 2114 2558 2182 ,μόνου
2602 2113 2696 2166 τοῦ
2741 2114 2951 2182 Πατρδς
3002 2114 3400 2183 ἑκπορεύεταις
3441 2135 3456 2165 ι
3489 2117 3595 2168 Καὶ
3627 2117 3749 2170 ἐπεὶ
3805 2111 3961 2179 οἶμος

2388 2206 2637 2268 ὀνειδίζει
2667 2206 2758 2258 τὸν
2793 2206 3008 2269 Ἰταλὸν,
3063 2207 3123 2258 οὐ
3174 2207 3674 2259 κατακολουτὶοῦντα
3732 2209 3808 2275 τί)
3855 2211 3966 2264 "civ

2394 2295 2627 2362 πτωχῶν
2675 2295 3040 2364 εὐαγγελιστῇ
3090 2293 3331 2364 Χριστῷ,
3371 2294 3460 2346 διὰ
3507 2295 3568 2346 τὸ
3615 2298 3973 2361 προστιθέναι

2396 2404 2414 2435 ι
2456 2387 2547 2438 καὶ
2582 2388 2644 2438 ἐκ
2683 2386 2777 2437 τοῦ
2817 2385 2971 2447 Υιοῦ,
3016 2405 3033 2436 ι
3083 2389 3194 2448 τοῖς
3251 2387 3437 2450 αὐτοῖς
3474 2389 3567 2439 καὶ
3612 2382 3766 2450 οὗτος
3809 2405 3972 2458 περι-

2392 2481 2643 2531 πεσεῖται
2697 2478 3044 2546 ὀνειδισμοῖς,
3105 2478 3191 2529 διά
3241 2478 3300 2529 τὸ
3357 2481 3710 2548 προστιθέναι
3767 2481 3826 2533 τὸ
3872 2484 3972 2533 καὶ

2390 2566 2457 2616 ἐκ
2502 2569 2713 2632 μόνου.
2760 2567 2844 2618 Ἑν
2892 2566 3103 2628 τούτοις
3161 2569 3255 2619 καὶ
3309 2569 3376 2620 τὰ
3416 2569 3510 2621 ἐπὶ
3547 2557 3620 2640 τῂν
3649 2572 3972 2640 ἀντιρῥήσει

2390 2655 2497 2706 τῶν
2536 2655 2627 2706 τοῦ
2656 2657 2990 2726 Βουλγαρέας
3027 2660 3226 2728 ῥητῶν.

2464 2744 2524 2798 o'.
2571 2749 2677 2798 Καὶ
2701 2749 2758 2800 ὲν
2783 2752 3060 2811 τοσούτοις
3097 2751 3275 2804 πάντα
3333 2753 3540 2816 λοιπὸν,
3583 2756 3718 2823 πρὸς
3745 2755 3780 2808 ἃ.
3809 2759 3975 2824 ἡμεῖς

2392 2840 2748 2908 ὲνδειξάμεθα
2782 2839 2880 2908 τὴν
2920 2840 3177 2909 σπουδὴν,
3216 2843 3361 2905 ὅσοις
3421 2844 3557 2906 τέως
3605 2846 3739 2914 ἡμῖν
3785 2847 3972 2913 ἐξεγέ-

2395 2947 2512 2980 νετο
2541 2931 2784 2997 ἐντυχεῖν
2813 2931 2893 2992 εἰς
2940 2931 3216 2994 ἀπόδειξιν
3263 2931 3358 2984 τοῦ
3392 2935 3466 3003 μὴ
3504 2937 3686 2998 καλῶς
3717 2939 3827 2997 τοῖς
3861 2940 3975 3007 πρδ

2394 3021 2548 3088 ἡμῶν
2584 3025 2766 3088 σοφοῖς
2820 3023 3045 3090 ἀνδράσι
3096 3024 3495 3086 σπουδάζεσθαι
3531 3026 3626 3095 τὴν
3681 3028 3972 3080 διάστασιν

2396 3109 2502 3160 τῶν
2545 3111 2902 3178 ἐκκλησιῶν.
2963 3115 3023 3163 Oi
3075 3113 3259 3164 πολλοὶ
3313 3113 3422 3183 γάρ
3470 3115 3651 3168 αὐτῶν
3681 3119 3782 3170 οὐκ
3815 3119 3975 3170 ἀδελ-

2397 3201 2570 3268 φικῶς
2615 3203 2684 3254 τά
2722 3202 2875 3271 παρά
2920 3201 3027 3253 τῶν
3067 3203 3314 3270 ἀδελφῶν
3353 3205 3683 3275 εἰσαγόμενα
3710 3207 3972 3278 δέχεσθαι

2394 3289 2736 3356 ἀπεδέχοντο,
2768 3290 2883 3342 ἀλλ’
2924 3290 3273 3355 ἀντιθετικῶς
3309 3293 3488 3357 αὐτοῖς
3515 3297 3917 3365 προσεφέροντο
3953 3312 3969 3325 ·

2397 3380 2722 3432 καὶτούτων
2765 3382 3014 3446 ἕκαστος,
3069 3386 3257 3453 ὥσπερ
3317 3403 3368 3438 τι
3407 3390 3674 3455 πρωτεῖον
3708 3389 3800 3441 ἐπὶ
3833 3388 3962 3458 δόξῃ

2396 3472 2586 3537 σοφίας
2609 3473 2851 3538 οἰόμενος
2878 3475 3306 3542 ἀπενέγκασθαι,
3343 3480 3389 3529 εἰ
3419 3477 3672 3547 ἔγκλημα
3703 3481 3970 3547 αἱρέσεως

2395 3564 2505 3623 τοῖς
2549 3561 2769 3630 πλησίον
2824 3563 3032 3632 ἰσχύσει
3069 3570 3627 3638 προσεπιτρίψασθαι.
3676 3575 3800 3634 τοὶς
3835 3574 3963 3640 991-

2398 3668 2597 3714 carra;
2653 3657 3181 3722 παραγκωνίσασθαι
3249 3659 3530 3725 ἔσπευδεν,
3603 3666 3694 3715 ἐπὶ
3751 3665 3969 3733 εὑρέσει

2399 3745 2806 3813 σεσοφισμένων
2850 3746 3227 3816 διανοημάτων
3264 3753 3446 3814 τινῶν,
3489 3755 3658 3816 εἴτι-ως
3716 3758 3781 3808 ἂν
3819 3758 3971 3824 αὐτῷ

2396 3836 2604 3904 γένοιτο
2643 3836 2814 3903 ὄνομα
2846 3838 2984 3906 τάχα
3013 3840 3247 3903 πίστεως
3277 3842 3636 3913 θερμοτέρας,
3677 3850 3768 3899 καὶ
3796 3850 3967 3917 ζήλου

2394 3926 2540 3987 τινὸς
2606 3925 2746 3994 ὑπὲρ
2803 3927 2903 3991 τῆς
2963 3928 3272 3996 ὀρθοδοξίας
3332 3936 3423 3985 ἐπὶ
3477 3936 3553 4004 τῷ
3611 3940 3966 4003 καταγνῶναι

2395 4017 2569 4069 ἄλλων
2613 4018 2930 4086 ψυχρότητα
2971 4021 3200 4088 περὶτά
3241 4024 3353 4073 θεῖα
3406 4034 3495 4075 καὶ
3533 4028 3823 4092 προδοσίαν
3851 4033 3960 4084 τῶν

2395 4109 2699 4177 ἡμετέρων.
2759 4111 2868 4163 Καὶ
2917 4110 3070 4163 ταῦτ’
3109 4115 3324 4165 ἐποίουν
3380 4118 3427 4167 οἱ
3490 4119 3677 4171 πολλοὶ
3724 4122 3810 4172 διὰ
3867 4125 3968 4191 τὴν

2395 4200 2492 4265 τῆς
2525 4200 2743 4268 ἀγάπης
2788 4201 3073 4268 ἀπόφυξιν,
3108 4205 3535 4275 πληνθυνθείαης
3572 4209 3672 4278 τῆς
3699 4213 3960 4279 ἀνομίας,

2397 4293 2534 4343 κατὰ
2565 4294 2623 4343 τὸ
2648 4295 3058 4363 γεγραμμένον.
3107 4295 3298 4362 Ἡμεῖς
3351 4299 3406 4350 δὲ
3441 4301 3606 4367 μηδὲν
3635 4306 3967 4367 φρονοῦντες

2397 4383 2632 4433 τοιοῦτον
2661 4385 2750 4434 ἐπὶ
2781 4386 2879 4451 τὴν
2932 4384 3040 4436 τῶν
3107 4386 3444 4455 Ἐκκλησιῶν
3495 4392 3724 4460 εἰρήνην
3753 4397 3970 4462 εὖγνω..

723 4470 866 4523 diam
897 4473 1284 4529 candidissime
1311 4479 1596 4546 amplexati
1636 4498 1852 4536 sumus.
1886 4485 1950 4538 Et
1979 4503 2046 4540 ne
2077 4491 2288 4543 videre-
2328 4467 2344 4516 ί

2401 4475 2701 4540 μονέστατα
2737 4475 2996 4543 ἤλθομεν.
3037 4478 3143 4528 Καὶ
3186 4478 3271 4530 ἵνα
3327 4481 3398 4548 μή
3435 4497 3547 4554 τισι
3600 4484 3806 4547 δόξειεν
3839 4490 3967 4539 ἁλο-

724 4578 847 4614 ιιιυΓ
875 4565 1190 4618 nonnentini
1232 4568 1634 4623 inconsiderate
1684 4581 1736 4624 et
1792 4573 1994 4642 absque
2025 4578 2135 4630 ullo
2161 4591 2290 4632 exa-

723 4657 888 4717 mine,
924 4658 1194 4726 nullisque
1238 4658 1641 4728 Scripturarum
1669 4665 1987 4721 testimoniis
2030 4668 2170 4733 fulti,
2200 4687 2289 4727 ec-

731 4748 1093 4814 clesiasticam
1128 4767 1316 4819 pacem
1345 4755 1668 4820 exosculari,
1699 4772 1874 4824 operae
1913 4760 2144 4826 pretium
2172 4778 2292 4816 esse

722 4838 1004 4904 duximus,
1059 4841 1204 4894 dicta
1258 4855 1594 4908 sanctorum,
1636 4846 1865 4902 diversis
1919 4851 1972 4902 in
2023 4852 2156 4905 locis
2209 4853 2294 4909 di-

722 4947 931 4998 spersa,
959 4932 1028 4985 ad
1063 4933 1572 4998 demonstrandum,
1609 4938 1869 5009 Spiritum
1900 4957 2020 4995 esse
2042 4959 2102 4996 ex
2133 4943 2294 4997 Patre

723 5034 772 5074 et
813 5021 972 5086 Filio,
1009 5025 1155 5091 quod
1199 5029 1573 5081 asserentibus
1624 5027 1796 5090 Italis,
1847 5029 2119 5085 Ecclesias
2149 5034 2290 5086 divi-

726 5113 859 5166 dens
896 5115 1214 5168 scandalum
1247 5120 1445 5187 erupit,
1475 5120 1562 5173 hic
1608 5121 1658 5172 in
1697 5121 1867 5189 prima
1905 5135 2052 5190 parte
2089 5127 2292 5176 oratio-

727 5208 811 5261 nis
850 5210 902 5261 in
937 5226 1104 5263 unum
1155 5215 1441 5265 recollecta
1491 5214 1754 5282 digerere,
1799 5227 1910 5268 tum
1951 5218 2204 5286 deinceps
2240 5219 2291 5270 in
2333 5254 2337 5257 -

725 5298 962 5351 secunda
1013 5299 1394 5359 refutationem
1435 5317 1647 5362 eorum,
1689 5304 1778 5371 qui
1816 5313 2005 5357 contra
2057 5304 2148 5372 jus
2186 5304 2294 5358 fos-

727 5399 758 5450 q
787 5400 831 5435 lC
868 5399 1029 5438 omne
1065 5387 1348 5441 dissidium
1385 5389 1752 5443 Ecclesiaruin
1813 5391 2015 5456 fovent,
2066 5408 2298 5459 appone-

725 5492 803 5528 re.
847 5476 1058 5529 Etcum
1107 5477 1354 5531 defensio
1396 5495 1424 5531 a
1486 5482 1641 5534 nobis
1701 5483 2053 5550 relinquenda
2128 5493 2294 5545 esset,

727 5567 850 5615 dum
907 5582 1009 5618 non
1066 5569 1136 5620 ita
1198 5568 1372 5622 facilis
1451 5571 1635 5623 multis
1701 5573 1975 5625 videretur
2038 5583 2294 5641 superatu

729 5652 924 5719 longus
964 5657 1218 5722 temporis
1264 5667 1490 5717 tractus.
1520 5673 1671 5726 :rque
1707 5674 1768 5712 ac
1821 5659 1866 5712 si
1917 5676 1983 5712 ne
2031 5676 2138 5712 uno
2172 5662 2293 5727 qui-

735 5745 856 5796 dem
888 5747 973 5799 die
998 5748 1314 5804 discindeus
1358 5749 1626 5806 Ecclesias
1653 5751 1890 5807 schisma
1924 5751 2292 5820 perdurasset,

2393 4565 2592 4628 γίστως
2635 4566 2781 4632 ἡμᾶς
2829 4566 2920 4617 καὶ
2953 4565 3331 4628 ἀϐασανίστως
3376 4572 3469 4622 ἐπὶ
3537 4574 3636 4642 τὴν
3674 4578 3970 4645 ἐκκλησιαο

2396 4655 2585 4721 στικὴν
2612 4656 2836 4724 εἰρήνην
2859 4655 3054 4716 ἐλθεῖν,
3088 4658 3254 4723 μῃδὲν
3285 4675 3337 4708 τι
3367 4661 3968 4735 ἐπισυγκροτουμένους

2393 4745 2499 4797 ἀπὺ
2562 4747 2811 4812 χρήσεων
2866 4747 3179 4812 γραφικῶν,
3228 4749 3404 4812 ἔδοξεν
3452 4753 3604 4820 ἡμῖν,
3646 4757 3712 4807 τά
3763 4762 3972 4827 σπορά-

2391 4836 2488 4904 δην
2532 4837 2826 4903 ἐγκείμενοι
2877 4838 3012 4905 ῥητὰ
3061 4841 3173 4899 ταῖς
3217 4839 3325 4892 τῶν
3373 4843 3543 4906 ἀγίων
3591 4835 3851 4914 γραφαῖς,
3886 4853 3968 4911 εις

2391 4926 2624 4993 δήλωσιν
2672 4925 2766 4977 τοῦ
2809 4921 2946 4977 εἶναι
2974 4929 3032 4978 τὸ
3065 4928 3385 4997 Πνεῦμα’ὲκ
3417 4933 3631 5002 Πατρδς
3665 4938 3758 4987 καὶ
3809 4939 3964 5002 Υιοῦ,

2393 5019 2529 5087 ὅπερ
2562 5019 2669 5068 τῶν
2708 5020 2924 5072 Ἰταλῶν
2970 5020 3260 5085 λεγόντων,
3294 5023 3352 5074 τὸ
3387 5025 3549 5088 μέσον
3581 5026 3686 5076 τῶν
3733 5027 3968 5096 Ἐκκλη-

2398 5114 2530 5163 σιῶν
2561 5113 2853 5164 σκάνδαλον
2887 5115 3190 5182 ἀνερράγη,
3245 5115 3479 5168 ἐνταῦθα
3537 5119 3680 5169 κατά
3734 5120 3794 5169 τὸ
3831 5123 3967 5188 πρό-

2395 5219 2550 5271 τερον
2577 5204 2712 5265 εἶδος
2745 5204 2836 5254 τοῦ
2875 5204 3032 5269 λόγου
3070 5205 3347 5266 ἐκθέσθαι,
3404 5208 3497 5258 καὶ
3533 5208 3693 5260 πάλιν
3728 5211 3870 5261 κατά
3903 5213 3967 5262 τὸ

2395 5294 2648 5358 δεύτερον
2686 5294 2773 5343 τὸν
2815 5294 3037 5360 ἔλεγχον
3067 5294 3173 5346 τῶν
3217 5295 3289 5364 μὴ
3319 5297 3566 5358 δικαίως,
3613 5298 3745 5365 μηδὲ
3779 5301 3960 5362 καλῶς

2396 5385 2492 5452 τὴν
2527 5386 2633 5435 τῶν
2680 5385 3019 5451 Ἐκκλησιῶν
3058 5387 3596 5452 ὲπισυγκροτούντων
3652 5389 3967 5445 διάστασιν.

2411 5475 2562 5526 Ἐπεὶ
2594 5475 2701 5541 γὰρ
2730 5476 2834 5526 ἔδει
2861 5475 3157 5540 ἀπολογίαν
3199 5478 3519 5529 καταλιπεῖν
3561 5481 3729 5546 ἡμᾶς,
3765 5481 3854 5547 ἐφ’
3883 5477 3970 5542 οἷς

2398 5568 2528 5634 ἡμῖν
2579 5565 2722 5628 ἔδοξε
2777 5569 2837 5616 τὸ
2898 5570 3010 5626 τοῖς
3069 5567 3284 5628 πολλοῖς
3351 5567 3542 5620 δοκοῦν
3610 5569 3827 5638 ἄμαχον
3885 5573 3973 5633 εἰς

2401 5657 2709 5724 ἀνατροπὴν
2765 5658 2964 5724 κράτος
3019 5657 3110 5708 τοῦ
3149 5660 3338 5725 χρόνου
3386 5659 3527 5711 οὕτω
3571 5661 3842 5727 παριδεῖν,
3890 5665 3974 5727 ὡς

2400 5751 2445 5801 εἰ
2505 5748 2776 5816 μηδεμίαν
2828 5749 3038 5816 ἡμέραν
3097 5749 3158 5801 τὸ
3220 5750 3384 5816 μέσον
3455 5752 3564 5804 τῶν
3624 5753 3972 5822 Ἐκκλησιῶτν
