4214 6442
131 416 228 475 1Ἰ3

1147 406 1241 466 DE
1281 401 1803 463 PRUCESSIONE
1841 401 1903 461 S.
1946 399 2327 459 SPlRlTUS.

3261 394 3365 463 176

127 522 341 589 Πατέρα
374 518 612 587 σχέσεως
664 516 739 586 μὴ
779 512 1169 583 ἀπειργυύσης,
1212 531 1231 563 ι
1276 512 1377 564 οὐκ
1408 509 1585 577 ὀλίγαι
1620 507 1696 577 βί-
1730 517 1773 570 Α

1694 517 1773 570 ›Α
1806 508 2038 561 naturali
2092 523 2219 571 erga
2274 507 2492 560 Patrem
2530 505 2844 559 habitudine
2904 520 3009 558 non
3053 515 3293 571 arcente,
3341 526 3358 557 ι

125 611 237 661 ἕλοι
278 608 610 677 εὑρέθησαν,
656 605 717 669 ιε
752 599 828 658 ὦν
860 604 1220 670 διεγέγραπτο
1260 600 1343 663 τὸ,
1381 618 1400 652 ι
1432 600 1493 651 τὸ
1522 599 1578 652 δὲ
1606 599 1692 651 διὰ

123 696 215 747 τοῦ
248 694 536 764 πῳσεχῶς
564 695 629 746 ὲκ
661 692 754 745 τοῦ
781 692 1024 763 πρώτου.

191 876 241 931 ι’.
275 880 390 931 Καὶ
422 879 513 940 τίς
541 877 609 933 ἂν
630 877 691 930 οὐ
712 898 726 910 ι
744 875 992 943 διαγνοίη
1034 873 1231 926 Θεόθεν
1280 872 1544 939 ἐσφάλθαι
1570 873 1695 935 τοὺς

120 970 601 1039 διαγραψαμένους
639 969 698 1021 τὸ
730 968 829 1037 τῆς
858 966 1163 1037 περικοπῆς
1189 964 1390 1035 ταύτης
1413 966 1696 1033 τεμαχιυν,

121 1066 219 1126 τὴν
252 1062 405 1130 ’ὅλην
463 1059 772 1128 περικοπὴν
814 1059 1183 1127 ὰσυνάρτητον
1229 1058 1421 1126 ἑαυτῇ,
1453 1058 1546 1108 καὶ
1587 1059 1698 1117 τοίς

120 1155 324 1219 ἑαυτῆς
360 1151 691 1219 ἁσύμφωνον
720 1151 942 1219 μέρεσιν
969 1147 1219 1201 ἐντεῦθεν
1248 1148 1557 1211 κατανοῶνς
1592 1147 1702 1201 Καὶ

118 1240 276 1293 τοῦτο
322 1240 393 1310 δὴ
437 1241 535 1292 τοῦ
581 1241 801 1307 ἐλέγχου
830 1240 890 1291 τὸ
929 1239 1213 1306 πρόδηλον,
1253 1240 1351 1308 τὴν
1383 1238 1643 1309 διαφορὰν
1676 1239 1703 1290 6

117 1331 268 1397 ἅγιος
303 1330 404 1383 τοῦ
432 1331 497 1394 ιξ
544 1330 724 1390 αἰτίας
765 1331 916 1392 δντος
946 1331 1023 1391 είς
1054 1330 1146 1381 δύο
1169 1328 1338 1381 ταῦτα
1377 1327 1592 1389 διεῖλεν,
1620 1327 1701 1379 ὅτι

114 1424 175 1473 16
230 1423 336 1490 μὲν
387 1422 677 1491 προσεχιῖκ
720 1424 784 1474 ὲκ
834 1420 925 1472 106
984 1420 1221 1490 πρώτου,
1269 1421 1326 1471 ὲν
1357 1418 1462 1471 τίνι
1519 1419 1703 1471 λοιπὸν

113 1516 293 1580 ἀφῆκε
350 1512 456 1579 τὴν
506 1511 766 1579 διαφορὰν
814 1509 1156 1579 θεωρεῖσθαι.
1195 1510 1302 1562 Καὶ
1358 1509 1481 1562 οὐδὲ
1526 1510 1704 1561 ἐκεῖνο

117 1603 353 1654 συνιδεῖν
386 1603 573 1669 ἔσχεν,
604 1603 677 1663 ὡς
710 1602 738 1652 6
765 1602 939 1668 ittwa
970 1602 1031 1653 τὸ
1080 1601 1177 1669 μιν
1210 1600 1490 1669 προσεχῶς
1517 1600 1579 1652 ἔκ
1610 1599 1705 1651 τοῦ

114 1696 341 1761 πρώτου
369 1694 516 1746 κατά
579 1695 762 1746 πᾶσαν
800 1694 1106 1745 ἀπαιτείται
1147 1693 1392 1759 ἀνάγκην
1421 1692 1615 1754 εἰπεῖν,
1647 1690 1708 1742 16

1800 616 1906 651 non
1941 614 2109 668 pauca
2142 602 2411 653 volumina
2447 610 2657 668 reperta
2693 610 2840 662 sunt,
2882 614 2948 652 ex
2979 599 3179 667 quibus
3204 599 3361 660 illud.

1805 710 1821 740 ι
1866 690 1949 742 hie
1987 705 2111 743 vero
2147 706 2211 743 ex
2236 706 2322 754 eo,
2347 692 2437 760 qui
2498 702 2582 744 est
2642 690 2950 743 immediate
2981 706 3047 744 ex
3113 691 3311 759 primo,
3346 711 3362 742 ι

1800 781 2075 834 sublatum
2107 792 2245 835 erat.

1885 872 1973 926 10.
2008 872 2071 925 Et
2095 874 2217 941 quis
2247 888 2352 925 non
2382 872 2736 935 discerneret,
2764 887 2793 925 a
2824 870 2954 936 Deo,
2985 871 3075 940 qui
3109 873 3371 941 segmenti

1804 964 2033 1033 hujusce
2090 965 2409 1033 particulam
2458 964 2820 1030 sustulerunt,
2876 966 2927 1018 in
2980 979 3220 1017 errorem
3276 962 3375 1017 ab-

1802 1058 2001 1110 ductos
2035 1056 2225 1116 fuisse.
2266 1065 2603 1123 segmentum
2632 1056 2944 1109 universum
2978 1056 3082 1108 sibi
3125 1054 3226 1123 ipsi
3264 1070 3370 1108 non

1804 1149 2107 1210 cohaerens,
2135 1156 2189 1199 et
2220 1146 2334 1200 suis
2365 1147 2611 1213 partibus
2638 1144 2859 1198 minime
2882 1150 3222 1199 concordatis
3252 1146 3375 1198 inde

1805 1239 2149 1308 percipiens?
2190 1237 2254 1291 Et
2283 1254 2348 1291 en
2405 1238 2942 1305 manifestissimum;
2980 1236 3377 1305 raedargulionis

1804 1339 1984 1398 caput.
2020 1331 2163 1383 Illius
2212 1330 2305 1398 qui
2335 1344 2397 1381 ex
2426 1344 2588 1382 causa
2635 1337 2739 1391 est,
2775 1327 3134 1381 dlﬂdl‘cltliuttt
3174 1331 3223 1381 in
3277 1330 3376 1381 ista

1805 1424 1916 1476 duo
1948 1434 2173 1475 sanctus
2202 1422 2383 1475 divisit
2415 1438 2431 1472 :
2459 1424 2687 1474 alterum
2734 1436 2925 1488 nempe
2958 1422 3271 1473 immediate
3310 1437 3376 1473 ex

1810 1516 2012 1583 primo,
2063 1514 2115 1565 in
2149 1527 2260 1581 quo
2295 1528 2425 1565 vero
2468 1525 2519 1565 et
2574 1512 2868 1565 discrimen
2915 1509 3377 1564 considerandum

1810 1606 2048 1673 reliquit.
2117 1606 2302 1674 Neque
2361 1605 2490 1657 illud
2558 1604 3021 1672 comprehendere
3067 1603 3256 1670 potuit,
3294 1604 3379 1655 di-

1810 1698 2043 1759 centem,
2084 1698 2172 1751 hic
2204 1696 2350 1748 enim
2379 1697 2692 1749 immediate
2722 1712 2786 1748 ex
2826 1697 3023 1764 prium,
3066 1700 3380 1748 necessario

113 1787 168 1836 δὲ
199 1786 395 1853 ἑτερὸν
422 1786 479 1836 τί
505 1787 622 1836 ἐστι
647 1784 798 1851 παρὰ
822 1784 882 1834 16
912 1782 1215 1853 πῳσεχῶς.
1251 1783 1372 1845 Πῶς
1396 1783 1502 1852 γὰρ
1534 1782 1709 1845 ἄλλως
1742 1849 1777 1857 _

1742 1849 1777 1857 _
1814 1790 1929 1856 cogi
1975 1789 2106 1841 illud
2154 1789 2315 1841 etiam
2379 1788 2555 1851 lateri,
2596 1789 2823 1841 alterum
2877 1789 3004 1857 quid
3053 1791 3144 1849 sit,
3186 1788 3382 1841 distin-

116 1879 207 1927 αὶ
241 1878 538 1946 συνδευείη
565 1878 597 1928 6
643 1875 879 1944 λόγος,ῆ
922 1875 1036 1937 πῶς
1061 1876 1127 1928 ἂν
1169 1877 1204 1945 ἡ
1244 1875 1475 1946 διαφορὰ
1505 1875 1711 1946 θεωρη-

115 1970 233 2037 θείη
266 1969 383 2019 τῶν
437 1969 832 2038 διαφερόντων,
871 1967 946 2037 μὴ
998 1966 1092 2019 τοῦ
1141 1968 1241 2035 μὲν
1287 1966 1480 2029 οὕτως,
1507 1966 1599 2019 τοῦ
1652 1968 1711 2019 δὲ

115 2060 642 2134 mtwc_Ezov10;;
679 2060 790 2113 Καὶ
819 2058 969 2129 ήτοῦ
1002 2057 1131 2111 Υίοῦ
1172 2058 1228 2109 δὲ
1262 2058 1529 2126 μεσιτεία,
1554 2059 1602 2109 εί
1638 2060 1711 2127 μὴ

116 2151 177 2201 δι’
207 2151 383 2202 αὐτοῦ
420 2150 513 2219 εἴη
546 2151 611 2202 16
636 2150 882 2218 Πνεῦμα,
914 2149 1033 2212 πῶς
1080 2149 1147 2201 ἂν
1176 2150 1341 2217 ἑαυτῇ
1372 2148 1622 2216 φυλάξειε
1654 2150 1713 2202 16

121 2240 441 2306 μονογενὲς,
483 2242 579 2292 καὶ
606 2242 669 2291 16
695 2240 917 2308 Πνεῦμα
944 2239 1043 2307 τῆς
1069 2239 1202 2308 πρὸς
1232 2240 1322 2290 τὸν
1356 2239 1571 2307 Πατέρα
1608 2257 1712 2307 φυ-

121 2330 277 2396 σικῆς
320 2331 431 2381 οὐκ
484 2330 767 2396 ἁπείρξειε
823 2330 1099 2399 σχέσεως;
1147 2326 1333 2398 Ὁρᾷς,
1376 2331 1405 2381 6
1449 2327 1618 2381 θέλων
1656 2330 1714 2380 ὲν

123 2420 382 2491 εὐθύτητι
420 2421 748 2474 διασκοπεῖν
772 2422 842 2474 τὰ
889 2423 1014 2492 περὶ
1047 2414 1120 2473 ὧν
1141 2423 1172 2473 6
1204 2421 1358 2489 λόγος
1384 2422 1536 2492 ἡμῖν,
1562 2421 1712 2484 ὅπως

126 2514 249 2566 αὐτὸ
285 2515 350 2566 16
378 2514 491 2582 τῆς
526 2514 786 2584 ἀληθείας
814 2514 1045 2584 ἔσφαλλε
1080 2513 1303 2582 Πνεῦμα
1331 2516 1455 2577 τοὺς
1477 2515 1577 2583 τὴν
1611 2531 1715 2565 πι-

125 2603 413 2674 ραφθορὰν
449 2605 887 2674 μηχανωμένους
910 2606 1019 2657 τῶν
1048 2603 1335 2673 γραφικῶν
1367 2591 1582 2673 ῥήσεων
1623 2602 1715 2654 ἐπὶ

124 2700 504 2764 συγκροτήσει
536 2696 633 2750 τοῦ
674 2696 1124 2767 ἐκκλησιαστικοῦ
1157 2695 1455 2765 σχίσματος
1483 2713 1498 2760 ;

197 2986 284 3036 ια’.
324 2978 447 3031 Καὶ
472 2977 540 3046 δὴ
580 2977 771 3031 σκόπει
798 2978 1035 3038 κάκεῖνο,
1066 2978 1203 3046 ὅπερ
1242 2975 1299 3028 ἐν
1323 2992 1428 3029 τινι
1456 2974 1564 3027 τῶν
1595 2974 1715 3032 κατ’

126 3071 396 3141 Elia-tritico
476 3069 887 3140 ἀντιρρητικῶν
948 3067 1259 3135 κεφαλαίων
1313 3066 1408 3119 τοῦ
1479 3067 1717 3136 μεγάλου

123 3164 350 3231 εὓρηται
385 3163 706 3223 Βασ;λείου,
733 3163 792 3212 ὲν
813 3154 858 3228 ᾧ
880 3162 907 3213 6
942 3160 1039 3229 μὲν
1069 3159 1223 3227 ἆγιος
1256 3160 1405 3231 παρὰ
1434 3159 1543 3211 τῶν
1570 3161 1718 3213 ἀντι·
1745 3191 1786 3247 c

124 3253 397 3319 λεγόντων
438 3251 598 3320 αύτῷ
647 3251 1025 3321 διαπορηθεὶς,
1061 3270 1079 3301 ι
1116 3250 1214 3302 Διὰ
1261 3251 1313 3301 τί
1368 3250 1442 3320 μὴ
1505 3251 1719 3317 λέγεται

127 3346 219 3395 καὶ
249 3346 313 3396 16
351 3342 599 3411 Πνεῦμα
633 3342 759 3406 Υἱὸς
801 3343 894 3397 τοῦ
919 3342 1082 3408 Υίοῦς
1122 3360 1142 3392 ι
1176 3342 1448 3411 ἀπεκρίθη
1475 3343 1555 3394 ὅτι
1588 3359 1607 3393 ι
1646 3342 1718 3396 Ού

126 3436 212 3488 διὰ
242 3440 304 3489 16
338 3436 425 3505 μὴ
459 3432 605 3487 εἶναι
639 3435 705 3486 ἐκ
749 3435 884 3487 Θεοῦ
913 3434 979 3485 δι’
1009 3432 1158 3498 Υίοῦ,
1199 3433 1335 3485 ἀλλὰ
1370 3434 1457 3485 ἵνα
1484 3436 1516 3502 ἡ
1554 3434 1721 3500 Τριὰς

128 3528 202 3593 μὴ
232 3527 480 3593 νομισθῇ
532 3524 739 3591 πλῆθος
767 3522 1015 3591 ἄπειρον,
1050 3521 1211 3583 Υίοὺς
1243 3521 1301 3585 ἐξ
1334 3521 1496 3584 Υίῶν,
1527 3521 1601 3582 ὡς
1629 3522 1723 3573 καὶ

127 3619 183 3664 ἐν
224 3615 556 3685 ἀνθρώποις
591 3614 736 3681 ἔχειν
770 3612 1196 3669 νύποπτευθείσα.
1238 3629 1257 3661 ι
1307 3612 1371 3663 ’Π
1416 3611 1475 3663 δὲ
1516 3610 1724 3662 ἀντίθε-

125 3725 219 3769 τοις
246 3712 419 3778 μοῖρα
453 3707 570 3759 τῶν
600 3708 667 3758 δι’
702 3707 827 3758 Υἰοῦ
860 3707 1125 3774 λεγόντων
1157 3699 1295 3758 εἶναι
1324 3706 1385 3755 16
1415 3703 1636 3771 Πνεῦμα
1666 3702 1724 3755 ἓν

126 3816 238 3851 τισι
256 3799 473 3868 βίϐλοις
504 3800 593 3859 16,
623 3800 728 3851 σού
755 3799 842 3851 διὰ
861 3800 929 3850 16'
944 3798 1019 3869 μὴ
1036 3796 1176 3851 εἶναι
1202 3800 1265 3850 ὲκ
1282 3796 1415 3850 Θεοῦ
1442 3798 1509 3851 δι’
1533 3798 1715 3861 Υίοῦ,»

128 3892 208 3959 μὴ
236 3890 680 3960 διαγράψαντες,
725 3887 987 3958 ἔγραψαν.
1018 3889 1081 3941 Τί
1116 3889 1225 3958 γὰρ
1264 3889 1569 3957 συμόἁλλον
1622 3891 1722 3942 αύ-

124 3986 241 4043 τοίς
292 3979 364 4050 ἧν
402 3982 491 4042 είς
553 3982 902 4049 κατασκευὴν
948 3981 1271 4043 ἀποδείξεως
1322 3980 1461 4050 τάχα
1498 3979 1593 4033 τοῦ
1648 3981 1723 4051 μὴ

125 4069 275 4124 εἶναι
304 4073 371 4125 16
405 4071 645 4140 Πνεῦμα
674 4072 760 4124 διὰ
784 4070 879 4123 τοῦ
909 4069 1060 4132 Υίοῦ,
1087 4070 1183 4123 ἐὰν
1209 4074 1238 4124 6
1258 4073 1412 4140 ἅγιος
1441 4072 1725 4140 διαπορού-

128 4179 323 4229 μενος,
356 4161 523 4214 Διατί
560 4160 636 4230 μὴ
680 4162 775 4214 καὶ
809 4162 869 4213 16
898 4161 1116 4230 Πνεῦμα
1145 4162 1268 4223 Υίὸς
1298 4162 1390 4213 τοῦ
1425 4164 1587 4228 Υίοῦ;
1620 4165 1724 4234 ἔφη

124 4254 209 4305 ὅτι
242 4255 322 4305 O6
353 4252 456 4305 διὰ
476 4253 540 4305 τὸ
570 4249 707 4305 εἶναι
733 4253 798 4305 ἐκ
817 4253 950 4305 Θεοῦ
972 4254 1038 4305 δι’
1068 4252 1218 4317 Υίοῦ,
1241 4253 1353 4305 ἀλλ’
1384 4254 1468 4306 ἴνα
1491 4256 1523 4324 ἡ
1557 4256 1725 4324 Τριὰς

127 4348 208 4413 μη
242 4344 496 4413 νομισθῇ
533 4342 737 4411 πλῆθος
782 4343 1025 4413 ἄπειρον.
1074 4361 1092 4393 ι
1132 4344 1355 4412 Στῆσον,
1399 4346 1725 4413 παρακαλῶ,

125 4436 288 4494 ὅστις
314 4435 386 4487 ἂν
438 4436 587 4500 εἴης,
611 4434 641 4485 6
671 4434 805 4501 πρὶς
848 4433 945 4501 τὴν
974 4413 1261 4500 διάγνῶσιν
1292 4434 1399 4485 τῶν
1444 4435 1726 4505 παρόντων

1813 1893 1957 1934 ctum
2004 1881 2070 1934 ab
2095 1895 2181 1945 eo,
2217 1881 2361 1949 quod
2412 1882 2723 1934 immediate
2748 1892 2846 1935 est.
2878 1881 2997 1945 Quo
3045 1881 3188 1934 enim
3224 1890 3381 1949 pacto

1812 1971 1965 2024 aliter
1991 1971 2167 2024 oratio
2212 1970 2599 2039 colligabitur?
2633 1970 2712 2023 vel
2766 1972 3043 2043 quomodo
3083 1972 3379 2025 discrimen

1816 2064 1950 2115 inter
1977 2078 2036 2115 se
2070 2060 2437 2114 diﬂ‘ereutium
2474 2062 2826 2130 intelligetur.
2867 2063 2968 2115 nisi
3015 2064 3100 2114 hic
3160 2064 3379 2130 quidem

1815 2153 1939 2215 hoe,
1994 2152 2135 2205 alius
2196 2151 2287 2203 illo
2320 2151 2481 2203 modo
2539 2166 2598 2205 se
2653 2152 2875 2204 habeat?
2914 2149 2979 2202 Et
3012 2151 3128 2204 Filii
3164 2167 3381 2219 quoque

1816 2242 2108 2307 mediatio,
2159 2242 2203 2297 si
2258 2258 2352 2313 per
2383 2257 2507 2296 cum
2548 2241 2787 2312 Spiritus
2827 2258 2933 2295 non
2985 2245 3384 2312 est.quomodo

1813 2334 1913 2387 sibi
1942 2334 2281 2404 unigenitum
2322 2336 2690 2397 conservabit,
2710 2344 2761 2386 et
2803 2332 3063 2402 Spiritum
3088 2346 3119 2386 a
3151 2334 3386 2387 naturali

1814 2425 1880 2477 ad
1905 2425 2114 2477 Patrem
2158 2425 2475 2479 habitudine
2503 2441 2606 2477 non
2641 2424 2877 2478 arcebit?
2903 2423 3083 2489 Vides,
3117 2425 3207 2494 qui
3241 2436 3387 2481 ret-ta

1816 2524 1997 2568 mente
2029 2515 2167 2579 haec,
2192 2516 2258 2569 de
2286 2516 2485 2584 quibus
2519 2515 2679 2569 nobis
2717 2529 2897 2568 sermo
2918 2525 3020 2577 cst.
3043 2518 3387 2580 consideras,

1816 2606 2076 2677 aSpiritu
2123 2610 2371 2662 veritatis
2417 2607 2473 2661 in
2523 2622 2766 2661 errorem
2818 2609 3082 2662 abductos
3135 2624 3252 2669 eos.
3293 2626 3388 2679 qut

1816 2695 2086 2748 dictorum
2118 2696 2323 2763 scripto
2353 2696 2678 2749 traditorum
2716 2699 3127 2765 corruptionem
3178 2700 3389 2752 machio

1819 2794 2037 2849 uantur,
2087 2785 2156 2839 ad
2185 2785 2677 2840 coustaliiliendum
2749 2786 3184 2842 ecclesiasticum
3239 2790 3389 2843 schi-

1823 2891 1939 2929 sma
1965 2874 1988 2927 ?
2036 2868 2039 2869 ⁷

1894 2963 1980 3015 Η.
2015 2963 2149 3017 lllud
2185 2966 2310 3017 item
2338 2964 2627 3033 perpende,
2651 2968 2794 3037 quod
2845 2969 2897 3022 in
2932 2986 3041 3025 uno
3089 2986 3155 3025 ex
3202 2972 3388 3024 Antir-

1820 3053 2040 3108 rheticis
2068 3056 2333 3111 adversus
2366 3056 2693 3113 Eunomium
2738 3062 3003 3130 capitibus
3027 3065 3209 3134 magni
3236 3064 3391 3118 Basi-

1821 3144 1875 3198 lii
1900 3148 2195 3214 reperitur,
2226 3151 2278 3203 in
2314 3167 2424 3221 quo
2481 3168 2601 3205 cum
2639 3163 2862 3207 sanctus
2890 3155 3161 3223 objectum
3194 3157 3293 3211 sibi
3324 3159 3392 3211 ab

1823 3240 2151 3293 adversariis
2178 3239 2413 3303 diluens,
2456 3262 2473 3293 ι
2502 3242 2683 3308 Quare
2706 3259 2813 3298 non
2845 3245 3045 3299 dicitur
3067 3257 3120 3300 et
3153 3248 3394 3317 Spiritus

1825 3328 1992 3383 Filius
2036 3329 2194 3384 Filii?
2227 3350 2245 3381 ι
2281 3335 2554 3400 reSpoudit
2599 3351 2611 3387 :
2655 3353 2672 3384 ι
2712 3332 2999 3405 Nonquod
3034 3353 3140 3391 non
3204 3342 3275 3393 sit
3322 3356 3390 3395 ex

1825 3420 1934 3475 Deo
1965 3438 2061 3492 per
2083 3421 2303 3485 Filium,
2352 3426 2447 3478 sed
2506 3441 2573 3480 ne
2608 3424 2849 3481 Trinitas
2899 3428 3191 3483 multitudo
3229 3433 3393 3485 inuu-

1828 3529 1973 3566 mera
2017 3526 2375 3583 reputaretur,
2409 3516 2447 3569 F
2454 3518 2558 3571 iliis
2597 3534 2661 3570 ex
2709 3518 2746 3570 F
2753 3520 2880 3582 iliis,
2930 3523 3390 3589 quemadmodum

1824 3613 1878 3656 et
1906 3605 1959 3656 in
1994 3605 2305 3660 hominibus
2330 3623 2429 3661 usu
2468 3610 2634 3673 venit,
2667 3610 2998 3679 cogitatione
3025 3614 3391 3682 comprehen-

1825 3696 1920 3749 sis.
1956 3714 1973 3745 ι
2021 3694 2220 3751 Verum
2280 3714 2405 3766 pars
2450 3699 2555 3753 illis
2608 3700 2854 3764 adversa,
2900 3704 2993 3771 qui
3052 3719 3147 3772 per
3196 3704 3391 3758 Filium

1826 3798 2081 3843 asserunt
2137 3805 2259 3844 esse
2319 3790 2611 3860 Spiritum,
2649 3793 2702 3846 in
2760 3794 3038 3849 nonnullis
3083 3797 3389 3862 codicibus,

1831 3896 1850 3928 ι
1885 3878 2000 3933 Non
2026 3880 2166 3949 quod
2189 3898 2295 3935 non
2322 3884 2390 3935 sit
2415 3898 2477 3935 ex
2503 3880 2613 3937 Deo
2638 3899 2729 3952 per
2746 3884 2969 3952 Filium,
3009 3905 3028 3937 ι
3057 3890 3391 3953 omittentes,

1825 3971 2030 4039 reliqua
2062 3973 2483 4041 descripserunt.
2516 3974 2618 4026 ἂι]
2648 3976 2779 4044 quid
2833 3979 3049 4031 tandem
3103 3980 3237 4048 ipsis
3263 3997 3395 4034 cou-

1825 4064 2027 4119 docere
2061 4074 2246 4131 posset
2303 4064 2372 4118 ad
2415 4068 2925 4131 demonstrandum,
2975 4068 3238 4139 Spiritum
3287 4088 3393 4125 non

1824 4164 1946 4211 esse
1970 4171 2061 4223 per
2089 4155 2306 4218 Filimn,
2336 4157 2380 4212 si
2419 4168 2640 4212 sanctus
2670 4160 2895 4213 dubium
2930 4161 3170 4226 solvens,
3199 4178 3397 4230 «quare

1826 4262 1934 4300 non
1963 4258 2015 4300 et
2049 4247 2283 4315 Spiritus
2305 4246 2472 4301 Filius
2498 4249 2617 4300 Filii
2646 4249 2887 4303 dicitur?
2932 4270 2951 4302 ι
2985 4252 3143 4317 dixit,
3189 4268 3210 4302 ι
3276 4252 3395 4306 Non

1826 4338 1970 4407 quod
2014 4352 2121 4391 non
2162 4338 2232 4391 sit
2266 4354 2329 4392 ea
2363 4336 2473 4392 Deo
2521 4354 2617 4409 per
2658 4338 2878 4402 Filium.
2908 4344 3004 4396 sed
3038 4358 3104 4395 ne
3153 4342 3396 4398 Trinitas

1829 4430 2120 4484 multitudo
2178 4432 2461 4484 innumera
2534 4440 2900 4497 reputaretur.
2940 4450 2958 4483 ι
3041 4432 3394 4502 Suspeutlito.

124 4527 313 4588 διδοὺς
361 4525 594 4585 ἑαυτὸν,
645 4524 865 4594 ἀρρεπῆ
905 4524 1003 4592 τῆς
1059 4525 1399 4590 διαγνώσεως
1453 4530 1520 4577 τὰ
1560 4525 1720 4591 ζυγὰ,
1754 4520 1788 4576 Ι]

1754 4520 1801 4576 D
1830 4535 2040 4588 precor,
2068 4522 2379 4589 quicunque
2403 4537 2482 4583 es.
2512 4534 2603 4590 qut
2658 4523 2723 4575 ad
2775 4538 2974 4576 rerum-
2994 4524 3184 4578 harum
3210 4527 3397 4595 cogni-

126 4621 224 4667 καὶ
254 4613 536 4680 διαγνωθι
586 4611 743 4663 ποίαν
786 4611 898 4680 ἔχει
947 4611 1043 4679 τὴν
1096 4612 1420 4664 ἀκολουθίαν
1460 4615 1594 4683 πρὸς
1628 4615 1727 4683 τὴν

124 4708 423 4774 ἐρώτησιν
452 4708 489 4773 η
545 4703 854 4773 ἀπόκρισις.
900 4702 963 4754 Et
1010 4702 1084 4771 μὴ
1125 4697 1194 4771 ἦν
1240 4700 1728 4773 δεδογματισμένον

123 4800 217 4851 διὰ
246 4797 357 4850 τοῦ
416 4794 580 4857 Υἱιιῦ,
620 4796 713 4846 καὶ
755 4797 819 4845 ὲκ
870 4793 962 4844 τοῦ
995 4792 1122 4845 Υἱοῦ
1175 4789 1315 4845 εἶναι
1360 4794 1420 4843 τὸ
1478 4794 1725 4863 Πνεῦμα,

124 4891 253 4951 πῶς
318 4888 393 4942 ἂν
429 4888 461 4937 6
506 4887 790 4954 ἀπορήσας
836 4886 1104 4953 ἠπόρησε,
1141 4902 1158 4933 ι
1206 4883 1357 4937 Διατί
1393 4883 1468 4953 μὴ
1519 4886 1613 4936 καὶ
1670 4887 1729 4937 τὸ

126 4982 379 5049 Πνεῦμα
433 4976 567 5039 Υἱὸς
593 4976 690 5029 τοῦ
735 4974 899 5041 Υίοῦ;
942 4993 960 5025 ι
992 4977 1056 5027 At
1097 4975 1195 5043 τῆς
1241 4975 1474 5043 ἀπορίας
1530 4976 1731 5045 ταύτης

122 5076 403 5144 ἀφορμαὶ
455 5069 630 5122 πόθεν
676 5068 960 5136 γεγόνασιν
1007 5068 1245 5132 ἄλλοθεν,
1280 5069 1361 5119 ὅτι
1413 5069 1489 5137 μὴ
1520 5070 1585 5120 ὲκ
1636 5068 1730 5119 τοῦ

118 5162 541 5233 ὁμολογεῖσθαι
564 5160 653 5213 διὰ
670 5160 764 5212 τοῦ
792 5158 935 5213 Υίοῦη
956 5154 1097 5212 εῐναι
1122 5160 1183 5211 16
1204 5159 1427 5228 Πνεῦμα
1451 5159 1511 5211 16
1540 5160 1729 5227 ἂγιονς

123 5254 188 5309 εξ
214 5256 349 5324 γὰρ
387 5251 473 5322 μὴ
499 5251 595 5304 διὰ
625 5249 721 5302 τοῦ
752 5247 884 5301 Υἰοῦ
932 5244 1001 5317 ἧν
1036 5247 1464 5317 διαπορούμενος
1500 5250 1529 5301 ὁ
1554 5249 1730 5315 ἅγιος,

126 5365 147 5397 ι
176 5347 352 5399 Διατξ
399 5342 482 5411 μὴ
512 5342 611 5394 καὶ
636 5341 697 5391 16
724 5338 949 5407 Πνεῦμα
980 5340 1102 5401 Υἱὸς
1126 5339 1216 5393 τοῦ
1248 5339 1412 5403 Υίοῦ;
1455 5358 1473 5391 ι
1503 5342 1734 5408 ἑτοίμως

118 5441 185 5494 ἐν
217 5438 328 5493 ut
386 5434 547 5505 μάλα
592 5430 807 5501 γοργῶς
857 5433 959 5498 τὴν
1009 5430 1243 5500 ἀπορίαν
1287 5430 1734 5499 ἀποκρούσασθαι

120 5530 299 5599 εἶχεν,
337 5525 867 5594 ἀπολογησάμενος,
897 5522 989 5575 διὰ
1032 5522 1094 5574 16
1130 5521 1206 5590 μὴ
1236 5516 1375 5573 εἶναι
1405 5520 1475 5573 δι’
1513 5520 1667 5583 Υίοῦ,
1698 5522 1734 5592 ἢ

120 5623 181 5687 ὲξ
208 5621 394 5675 Υίοῦ.
436 5617 498 5671 ὐ
545 5617 605 5670 δὲ
652 5617 714 5692 16
748 5618 847 5686 μὲν
876 5617 946 5671 δι’
987 5615 1116 5669 Υίοῦ
1167 5612 1394 5669 εἶναιτὸ
1422 5615 1642 5685 Πνεῦμα
1670 5618 1733 5668 ἐκ

120 5718 223 5784 τῆς
248 5710 550 5780 λεγούσης
581 5711 715 5762 αὐτὸ
745 5710 968 5779 Πνεῦμα
997 5708 1128 5761 Υἱοῦ
1160 5708 1521 5775 ἀποστολικῆς
1549 5707 1733 5775 φωνῆς

123 5802 441 5877 εφη-ἡξει
490 5799 871 5865 συνίστασθαι,
928 5805 1060 5870 πρὸς
1115 5798 1172 5850 δὲ
1222 5797 1320 5866 τὴν
1375 5798 1498 5860 Υἱὸς
1554 5798 1736 5866 φωνὴν

1834 4612 2036 4665 tionem
2066 4614 2307 4665 animum
2336 4613 2795 4678 advertis,justas
2830 4615 3155 4682 ceguitionis
3187 4616 3396 4681 lances,

1830 4701 2238 4769 discernitoque
2278 4702 2554 4770 quomodo
2606 4703 2928 4771 adaequatur
2984 4703 3396 4776 interrogationi

1832 4793 2137 4861 responsio.
2174 4791 2292 4846 Nisi
2338 4792 2615 4846 decretum
2676 4803 2842 4857 esset,
2885 4801 2939 4847 et
2978 4795 3133 4861 plane
3176 4796 3230 4848 in
3267 4812 3400 4850 eon-

1834 4884 2018 4948 fessis,
2042 4897 2137 4951 per
2177 4881 2375 4937 Filium
2426 4892 2480 4937 et
2506 4899 2569 4935 ex
2599 4883 2735 4938 inio
2787 4900 2909 4939 esse
2958 4884 3243 4953 Spiritum,
3289 4901 3398 4954 qua

1832 4975 2042 5029 ratione
2071 4976 2391 5038 dubitasset,
2424 4976 2516 5043 qui
2549 4974 2775 5029 dubium
2804 4976 2990 5039 movit,
3022 4993 3041 5027 ι
3076 4974 3257 5040 Quare
3291 4992 3399 5031 non

1832 5076 1885 5120 et
1915 5066 2178 5134 Spiritus'
2209 5067 2329 5121 Filii
2382 5068 2601 5122 Filius?
2648 5087 2665 5119 ι
2727 5066 3131 5122 Dubitationem
3172 5068 3403 5139 hujusce

1833 5174 2013 5212 causa:
2041 5159 2289 5237 undenau
2324 5160 2430 5214 alio
2454 5169 2659 5212 exorta;
2686 5169 2836 5220 sunt;
2863 5174 3029 5228 quam
3061 5174 3126 5213 ex
3159 5174 3225 5213 eo
3256 5160 3402 5228 quod

1837 5252 2202 5305 indubitatum
2232 5261 2377 5315 erat,
2429 5266 2522 5319 per
2557 5250 2757 5305 Filium
2807 5265 2932 5307 esse
2962 5250 3228 5321 Spiritum
3278 5267 3407 5306 san-

1833 5341 2022 5396 ctum?
2049 5341 2287 5409 Namque
2328 5341 2373 5394 si
2398 5356 2465 5394 ex
2498 5340 2638 5393 Filio
2686 5355 2795 5394 non
2838 5350 2980 5404 erat,
3032 5337 3403 5410 interrogatus

1836 5443 2079 5496 sanctus,
2117 5451 2136 5484 ι
2177 5432 2355 5499 Quare
2397 5448 2506 5487 non
2558 5442 2613 5485 et
2658 5430 2901 5502 Spiritus
2946 5432 3068 5487 Filii
3114 5429 3334 5488 Filius?
3378 5450 3397 5480 ο

1826 5535 2085 5596 ,prompte
2111 5529 2350 5594 quidem.
2399 5536 2453 5579 et
2482 5527 2779 5579 admodum
2812 5527 3016 5581 acriter
3050 5525 3278 5580 dubium
3314 5539 3403 5577 re-

1834 5618 2078 5685 jecisset,
2105 5617 2507 5685 respondendo,
2533 5616 2681 5683 quod
2717 5631 2825 5669 non
2856 5624 3004 5671 esset
3044 5629 3141 5685 per
3177 5612 3218 5667 F
3222 5615 3403 5677 ilium,

1839 5719 1936 5761 aut
1960 5725 2024 5763 ex
2055 5709 2211 5763 Filio.
2247 5707 2356 5763 Sed
2404 5708 2496 5763 ille
2556 5709 2827 5778 Spiritum
2894 5708 3116 5778 quidem
3154 5720 3278 5761 esse
3305 5721 3405 5774 per

1841 5798 2075 5862 Filium,
2110 5799 2411 5855 atlirmante
2459 5800 2611 5855 illum
2668 5797 3398 5871 Spirituml-‘iliiapostulica
