4214 6442
733 409 833 470 187

1751 411 1962 473 JOAN-
2013 408 2226 470 VECCI
2266 408 2378 466 CP.
2425 408 2934 472 PATRIARCILE

3877 393 3977 460 l88

736 535 918 588 paSse,
971 530 1032 573 ut
1077 531 1378 574 necessnas
1423 521 1575 574 illum
1620 522 2004 589 compellebat,
2047 522 2355 576 adversust

2434 520 2488 579 ὓς
2547 520 2614 572 ἀν
2679 521 2710 587 ὴ
2769 521 2929 589 χρεία
2983 517 3149 571 αὑτὸν
3204 511 3650 582 κατηνάγκασεν,
3707 507 3839 575 πρὸς
3879 509 3981 566 τὰς

736 618 1061 663 enascentes
1107 612 1343 665 haereses
1391 611 1780 666 decertantem.
1818 630 1837 663 ι
1889 611 1954 665 Et.
1999 611 2053 665 hi
2085 612 2306 681 quidem

738 698 856 752 haec
886 699 1159 768 inquiunt.

810 790 864 844 2.
894 791 1003 844 Nos
1030 808 1159 846 vero
1203 793 1465 846 adversus
1511 807 1700 846 eorum
1745 795 2002 848 eﬂ'renem
2044 795 2308 864 impetum

740 883 952 936 Obviam
985 894 1176 938 euntes
1199 923 1214 946 ,
1273 901 1377 938 non
1411 888 1488 938 sic
1521 886 1841 954 simpliciter
1874 897 1928 940 et
1971 903 2035 940 ex
2077 889 2308 942 aliarum

739 975 1064 1037 dictionum,
1116 979 1317 1044 scripto
1341 979 1716 1030 mandatarum
1749 980 2089 1040 collectione,
2126 982 2218 1033 sed
2244 997 2311 1035 ex

739 1067 926 1120 eadem
989 1067 1101 1134 ipsa
1129 1067 1237 1133 jam
1276 1069 1490 1122 laudata
1540 1072 1789 1120 oratione
1846 1079 2054 1123 tantum
2088 1076 2310 1125 menda-

741 1159 885 1210 cium
935 1174 1058 1210 esse
1107 1158 1458 1212 refellendum
1520 1162 1885 1221 decerniuuis,
1926 1173 1976 1214 et
2028 1161 2192 1214 simili
2227 1180 2314 1216 ra-

743 1248 913 1307 tione.
949 1249 1260 1304 Dividamus
1289 1254 1554 1306 orationis
1593 1264 1957 1320 segmentum,
1985 1269 2093 1321 quo
2125 1258 2315 1307 adver-

741 1342 874 1394 sarii
911 1342 1056 1396 ducti
1092 1345 1462 1409 pronuntiant,
1490 1361 1595 1397 non
1632 1345 1813 1398 Omnia
1845 1346 2144 1411 theologica
2171 1347 2315 1400 dicta

742 1433 922 1500 magni
960 1432 1160 1495 Basilii
1206 1434 1510 1487 ﬁrmitatem
1551 1436 1770 1494 habere.
1823 1447 1874 1487 el
1926 1438 2173 1501 praesenti
2215 1439 2317 1492 hoc

743 1534 928 1583 nostro
958 1541 1209 1580 sermone
1261 1527 1561 1580 referamus
1594 1544 1606 1578 :
1643 1538 1754 1580 tum
1802 1539 1985 1596 postea
2016 1544 2137 1597 qum
2165 1530 2231 1581 de
2253 1545 2314 1583 ea

743 1614 904 1670 nobis
926 1616 1208 1678 videntur,
1251 1633 1586 1683 regereinus,
1640 1618 1719 1671 sic
1749 1618 2057 1672 auditorum
2092 1622 2318 1674 rectitu-

743 1704 854 1757 dini
904 1706 1325 1768 decernendum,
1365 1708 1758 1776 relinquemus,
1807 1725 1874 1762 an
1907 1713 2091 1764 omnia
2135 1714 2316 1781 magni

743 1793 932 1848 Basilii
972 1798 1113 1851 dicta
1159 1800 1459 1865 theologica
1517 1803 1830 1856 lirmitatem
1887 1805 2142 1870 habeant,
2173 1807 2317 1873 quod

745 1884 836 1938 ille
879 1887 1208 1944 dictionibus
1255 1907 1386 1944 usus
1435 1902 1519 1945 est
1565 1895 1672 1945 alio
1702 1904 1864 1962 atque
1916 1897 2024 1949 alio
2078 1907 2322 1966 tempore

745 1975 976 2030 diversis
1002 2017 1017 2040 ,
1066 1980 1323 2034 adversus
1371 1993 1591 2036 exortas
1638 1985 1801 2038 certis
1837 1988 2172 2053 temporibus
2208 1989 2320 2042 ba:-

746 2083 893 2120 reses
951 2070 1258 2124 decertans.
1320 2072 1384 2125 Et
1435 2073 1545 2141 jam
1593 2076 1693 2129 hoc
1729 2077 1902 2144 ipsum
1958 2090 2319 2146 praestantes,

747 2159 1009 2211 orationis
1050 2171 1390 2229 segmvntnm
1443 2167 1824 2221 exscribimus.
1867 2187 1883 2219 t
1923 2169 2100 2237 Atque
2154 2188 2325 2239 quan-

747 2250 837 2301 din
858 2252 1071 2316 quidem
1101 2255 1356 2308 adversus
1371 2269 1762 2324 consurgentes
1801 2261 1966 2313 variis
1990 2265 2326 2330 temporibus

744 2341 931 2395 varias
991 2345 1370 2400 haereticorum
1433 2349 1701 2403 lat-tiones
1777 2354 2128 2419 pugnandum
2205 2355 2323 2422 fuit,

749 2447 960 2496 eorum,
981 2451 1008 2488 a
1032 2437 1231 2503 quibus
1258 2439 1309 2490 in
1334 2450 1605 2493 certantcn
1632 2444 1986 2506 provocabar,
2016 2446 2068 2498 in
2095 2446 2327 2502 dicendo

750 2525 873 2593 styli
896 2527 1138 2593 remigiis
1167 2529 1448 2592 insistens,
1475 2546 1819 2600 consequens
1843 2549 1964 2588 esse
1992 2537 2324 2602 arbitrabar,

751 2626 807 2667 ut
839 2617 886 2668 ei
931 2618 1224 2686 impietatis
1279 2621 1438 2687 pesti.
1489 2637 1652 2690 quam
1708 2625 1961 2679 diabolus
2011 2629 2326 2694 seminaret,

751 2707 996 2774 ejusdem
1020 2711 1160 2763 modi
1192 2713 1457 2778 Oppositis
1486 2713 1585 2780 ipsi
1617 2715 1896 2770 vocabulis
1924 2717 2134 2770 obviam
2169 2721 2324 2782 irem,

750 2808 806 2851 et
844 2800 1152 2858 maledicta.
1185 2819 1307 2870 qua:
1339 2806 1390 2856 in
1426 2804 1592 2857 Deum
1623 2807 1746 2860 inde
1777 2820 2132 2863 nascerentur
2157 2813 2330 2879 repri-

755 2905 985 2954 tnerem,
1007 2895 1088 2943 vv-l
1119 2895 1280 2946 etiam
1311 2898 1523 2963 penitus
1548 2896 1842 2952 rcfntarem
1886 2917 1898 2952 :
1940 2909 1992 2952 et
2022 2902 2142 2953 aliis
2171 2902 2328 2965 alias,

754 2991 916 3045 prout
953 2985 1202 3038 videlicet
1244 2987 1513 3041 haereseos
1577 2994 1765 3043 morbo
1821 2991 2186 3045 laborantium
2222 2995 2330 3046 uti-

751 3071 877 3124 litas
947 3076 1256 3129 necessario
1316 3078 1599 3132 videbatur
1665 3083 1961 3150 postulare,
2029 3093 2192 3151 atque
2245 3083 2333 3137 bis

2412 613 2554 666 κατά
2587 613 2779 682 καιρὸν
2813 612 3054 681 αἱρέσεις
3100 603 3523 674 ἀγωνιζόμενον.
3567 619 3584 650 ι
3633 599 3744 652 Καὶ
3799 598 3982 662 οἱμὲν

2407 705 2604 758 ταῦτα.

2484 793 2554 864 β’·
2606 795 2798 864 Ἥμεῖς
2832 793 2910 852 δὲ.
2943 780 3079 860 πρὸς
3115 793 3216 858 τὴν
3283 790 3539 860 ἀχάλινον
3569 786 3745 855 ὁρμὴν
3775 781 3986 838 τούτων

2413 888 2852 957 ἀντιφερόμενοι,
2887 886 2996 938 δεῖν
3027 887 3278 954 ἔγνωμεν
3311 885 3385 952 μὴ
3415 881 3602 941 ἁπλῶς
3633 879 3778 931 οὕτω
3805 877 3901 928 καὶ
3925 873 3988 934 ὶξ

2412 981 2605 1049 ἐράνου
2669 979 2843 1032 ἄλλων
2907 976 3118 1048 ῥήσεων
3175 975 3482 1046 γραφικῶν,
3549 971 3662 1024 ἀλλ’
3721 969 3778 1034 ἐξ
3820 965 3988 1020 αὐτοῦ

2415 1073 2627 1125 ἐκείνου
2660 1070 2755 1124 τοῦ
2797 1071 3054 1138 ῥηθέντος
3093 1070 3254 1134 λόγου
3296 1069 3387 1120 τὸν
3438 1067 3663 1131 ἔλεγχον
3695 1060 3788 1112 τοῦ
3827 1060 3992 1110 τόσου

2415 1161 2643 1234 ψεύδους
2673 1164 3028 1232 ποιήσασθαιο
3089 1160 3422 1228 ποιήσασθαι
3479 1158 3535 1210 δὲ
3577 1154 3741 1206 οὖτωο
3783 1151 3993 1237 Διελιεῖν

2422 1258 2519 1327 μὲν
2548 1258 2648 1321 τὴν
2682 1257 2778 1306 τοῦ
2810 1255 2969 1322 λόγου
3002 1254 3337 1323 περικοπὴν,
3365 1250 3423 1316 ἐξ
3477 1245 3544 1319 ἦς
3592 1253 3704 1311 τοῖς
3736 1248 3805 1299 δι’
3835 1247 3997 1296 ἐναν-

2417 1352 2536 1411 τίας
2585 1350 2760 1401 εἰπεῖν
2815 1349 3010 1414 γέγονε
3059 1346 3133 1416 μὴ
3170 1345 3280 1396 δεῖν
3337 1345 3435 1402 τὰς
3463 1345 3679 1402 ἁπάσας
3709 1339 3997 1404 Θεολογίας

2418 1441 2512 1492 τοῦ
2547 1441 2782 1507 μεγάλου
2816 1439 3102 1490 Βασιλείου
3170 1437 3230 1488 τὸ
3285 1435 3504 1505 βέϐαιον
3567 1433 3736 1502 ἔχειν,
3771 1432 3866 1482 καὶ
3919 1428 4000 1492 τῷ

2421 1532 2654 1600 παρόντι
2682 1531 2824 1597 λόγῳ
2849 1529 3054 1598 ταύτην
3106 1526 3564 1595 ὲγκαταστρῶσαι
3589 1541 3604 1555 ο
3644 1522 4000 1589 ἀπολογήσα-

2425 1624 2548 1676 σθαι
2579 1624 2636 1675 δὲ
2667 1625 2735 1676 τά
2774 1625 2867 1674 ἐπὶ
2900 1622 3074 1692 ταύτῃ
3111 1621 3368 1673 δοκοῦντα
3397 1622 3549 1687 ἡμῖν,
3592 1617 3687 1666 καὶ
3724 1614 3868 1665 οὕτω
3899 1612 4002 1676 τῆς

2423 1714 2533 1767 τῶν
2565 1715 2855 1784 ἀκροατῶν
2889 1712 3198 1782 ἀναρτῆσαι
3248 1712 3551 1777 εὐθύτητος
3590 1708 3652 1759 τὸ
3681 1704 4000 1772 διαγνῶναι,

2426 1804 2540 1872 εἴγε
2573 1805 2636 1873 δὴ
2668 1806 2742 1873 μὴ
2794 1806 2854 1856 τὸ
2911 1805 3129 1873 βέϐαιον
3188 1804 3287 1864 τὰς
3348 1802 3567 1860 ἁπάσας
3623 1799 3716 1851 τοῦ
3756 1795 4003 1864 μεγάλου

2428 1897 2714 1950 Βασιλείου
2750 1898 2895 1966 ἔχειν
2949 1897 3256 1962 θεολογίας,
3298 1895 3388 1946 διὰ
3436 1893 3498 1944 τὸ
3536 1890 3749 1955 λέξεσιν
3787 1890 4004 1939 ἐκεῖνον

2429 1987 2738 2058 χρήσασθαι
2761 1988 2952 2041 ἄλλοτε
2989 1987 3176 2048 ἄλλαις
3203 1987 3339 2053 πρὸς
3371 1985 3472 2046 τὰς
3506 1982 3646 2034 κατὰ
3694 1979 3889 2050 καιρὸν
3922 1979 4008 2028 αί-

2429 2081 2606 2149 ρέσεις
2637 2080 3062 2146 ἀγωνιζόμενον.
3096 2081 3202 2131 Καὶ
3233 2077 3298 2145 δὴ
3333 2077 3489 2128 τοῦτο
3528 2071 3838 2130 ποιοῦντες,
3858 2068 4008 2121 οὕτω

2426 2171 2525 2236 τὴν
2555 2169 2810 2238 τοιαύτην
2844 2170 2939 2221 τοῦ
2975 2170 3137 2235 λόγου
3173 2167 3480 2237 περικοπὴν
3508 2165 3604 2216 ὡδὶ
3637 2161 3994 2228 ὲκτιθέμεθα.

2432 2283 2453 2315 ι
2497 2263 2645 2324 Ἕως
2687 2262 2786 2332 μὲν
2820 2257 2912 2314 οὖν
2965 2261 3331 2328 ἀγωνίζεσθαι
3381 2259 3518 2325 πρὸς
3552 2258 3650 2318 τὰς
3706 2256 4011 2308 ἐπανιστα-

2433 2357 2599 2425 μένας
2647 2354 2791 2407 κατὰ
2835 2354 3026 2422 καιρὸν
3054 2354 3294 2422 αἱρέσεις
3335 2350 3526 2420 ἐχρῆν,
3559 2348 3856 2415 ἑπομένοις
3896 2347 4010 2406 τοῖς

2430 2447 2826 2516 προειληφόσιν
2879 2444 3174 2498 ἀκόλουθον
3225 2443 3478 2512 ἡγούμην
3529 2443 3595 2510 τῇ
3639 2437 3878 2506 διαφορᾷ
3908 2436 4013 2503 τῆς

2431 2537 2905 2607 ἐπισπειρομένης
2973 2537 3083 2588 ὐπὸ
3133 2535 3228 2588 τοῦ
3291 2536 3540 2587 διαϐόλου
3598 2532 3856 2593 ἀσεϐείας
3889 2532 4016 2589 ταῖς

2429 2627 2735 2686 ἀντιθέτοις
2763 2629 2972 2693 φωναῖς
3026 2625 3342 2693 κωλύειν.ἦ
3385 2625 3478 2676 καὶ
3529 2622 3865 2690 ἀνατρέπειν
3906 2618 4014 2679 τάς

2433 2717 2876 2786 ὲπεισαγομένας
2907 2716 3286 2788 βλασφημίας,
3324 2718 3417 2768 καὶ
3437 2715 3631 2769 ἀλλοτε
3683 2713 3898 2774 ἀλλαις,
3935 2711 4015 2771 ὡς

2433 2813 2499 2864 ἂν
2529 2815 2561 2877 ἡ
2595 2811 2754 2880 χρεία
2807 2811 2915 2862 τῶν
2950 2811 3252 2862 νοσούντων
3294 2809 3706 2876 κατηνάγκασε,
3759 2805 3854 2857 καὶ
3879 2804 4014 2858 ταύ-

2432 2921 2556 2965 ταις
2587 2903 2848 2965 πολλάκις
2875 2903 3147 2971 ἀγράφοις
3204 2900 3326 2968 μὲν,
3359 2902 3508 2968 ὅμως
3539 2899 3583 2950 δ’
3623 2896 3718 2950 οὖν
3741 2898 3842 2949 οὐκ
3869 2899 4014 2950 ἀπε-

2438 2995 2766 3064 ξενωμέναις
2789 2995 2885 3063 τῆς
2909 2997 3050 3046 κατά
3064 2996 3159 3062 τὴν
3181 2994 3402 3060 Γραφην
3421 2990 3679 3052 εὐσεϐοῦς
3704 2991 3969 3050 διανοξας.
3985 3007 4004 3038 ι

2435 3089 2623 3142 Ταῦτα
2660 3091 2761 3158 μὲν
2795 3087 3219 3158 ήπερικοπὴ·έξ
3257 3082 3322 3158 ἦς
3370 3087 3485 3147 τοῖς
3520 3085 3589 3136 δι’
3626 3082 3880 3143 ἐναντίας
3937 3081 4020 3131 εί-

752 3180 1126 3230 ε.μνοηηηιιιι·υ
1175 3169 1484 3236 ejusmodi,
1531 3187 1653 3239 quae
1713 3172 1839 3226 licet
1879 3175 1932 3227 in
1983 3187 2332 3232 sacrosancta

2444 3184 2567 3234 πεῖν
2620 3182 2814 3248 γέγονε
2878 3182 2954 3249 μὴ
2991 3180 3099 3232 δεῖν
3148 3179 3248 3240 τὰς
3296 3177 3516 3238 ἁπάσας
3575 3174 3860 3242 θεολογίας
3914 3171 4017 3224 τοῦ

755 3255 1038 3323 Scriptura
1074 3275 1342 3328 nusquam
1403 3263 1777 3328 reperirentur
1801 3304 1815 3326 ,
1845 3279 1873 3317 a
1913 3265 2002 3333 pio
2035 3274 2241 3326 tamen,
2277 3275 2332 3320 et

2444 3270 2682 3335 μεγάλου
2717 3270 3002 3323 Βασιλείου
3035 3271 3096 3322 τὸ
3128 3270 3346 3338 βέϐαιον
3377 3267 3543 3336 ἔχειν,

755 3354 962 3406 sanctis
990 3353 1204 3407 Litteris
1231 3366 1599 3410 consentaneo
1625 3373 1785 3411 sensu
1848 3361 2163 3427 neutiquam
2200 3361 2577 3417 abhorrerent.
2622 3383 2640 3415 ι
2673 3363 2739 3416 Ει
2796 3365 2910 3418 haec
2986 3364 3343 3417 continentur
3386 3361 3439 3414 in
3491 3360 3780 3430 pericope,
3813 3357 4016 3427 quibus

743 3443 1057 3498 adversarii
1090 3454 1357 3499 conantur
1381 3450 1793 3516 geompmbare,
1837 3449 2092 3503 universa
2127 3450 2436 3518 theologica
2493 3453 2672 3521 magni
2711 3452 2893 3507 Basilii
2923 3452 3107 3506 "dicta
3177 3454 3329 3505 [itaita
3362 3466 3427 3506 ac
3489 3450 3705 3505 stabilia
3740 3450 4016 3503 censenda

757 3554 864 3591 l‘lOll
902 3551 1024 3589 esse
1057 3553 1074 3588 ζ

829 3634 882 3687 5.
917 3634 982 3685 At
1015 3642 1091 3696 tu,
1128 3635 1217 3703 qui
1247 3636 1409 3704 jndex
1447 3636 1498 3688 in
1533 3637 1632 3689 hoc
1671 3638 1970 3691 certamine
2004 3637 2182 3696 sedes,
2209 3650 2342 3688 con-

760 3726 958 3790 sidera,
1000 3740 1359 3795 accurateque
1399 3729 1669 3797 perpende
1691 3769 1705 3792 ,
1757 3746 1866 3799 quo
1894 3740 2054 3798 pacto
2084 3727 2340 3780 refutatio

762 3829 949 3872 nostra
973 3861 987 3882 ,
1025 3837 1128 3872 non
1175 3836 1203 3874 e
1243 3821 1402 3890 longe
1449 3823 1628 3890 petitis
1656 3863 1672 3885 ,
1708 3830 1763 3874 et
1794 3822 1984 3875 alienis
2040 3821 2335 3888 scripturis

762 3911 1114 3971 concinnata.
1157 3913 1250 3966 sed
1281 3927 1346 3964 ex
1378 3912 1442 3964 iis
1478 3912 1645 3979 ipsis,
1680 3928 1802 3980 qua:
1834 3922 2060 3966 sanctus
2093 3926 2338 3979 pronun-

764 4001 920 4054 tiarit
955 4003 1007 4055 in
1041 4003 1153 4073 ipsa
1175 4005 1442 4057 orationis
1471 4005 1612 4056 serie
1643 4004 1750 4057 illis
1779 4015 2055 4058 occurrat.
2092 4003 2338 4072 Namque

765 4106 889 4144 cum
928 4093 1178 4154 dixisset.
1229 4113 1246 4144 ι
1283 4094 1640 4162 Consequens
1673 4111 1792 4148 esse
1838 4095 2166 4156 arbitrabar,
2204 4103 2261 4147 nt
2289 4097 2339 4147 ei

767 4187 1060 4255 impietatis
1091 4188 1270 4254 pesti,
1321 4203 1483 4256 quam
1525 4188 1771 4241 diabolus
1819 4189 2134 4249 seminaret,
2191 4187 2335 4254 ejus-

767 4281 887 4332 dem
922 4282 1063 4332 modi
1097 4281 1362 4348 oppositis
1395 4282 1494 4348 ipsi
1544 4281 1822 4334 vocabulis
1878 4281 2092 4333 obviam
2143 4279 2254 4334 ire.
2286 4288 2340 4330 et

767 4371 1078 4431 maledicta,
1132 4385 1252 4436 quae
1302 4372 1351 4422 in
1386 4369 1550 4422 Deum
1604 4370 1727 4422 inde
1756 4377 2131 4424 nascerentur.
2164 4366 2335 4433 repri-

768 4477 939 4523 mere,
970 4463 1092 4514 aliis
1141 4461 1296 4523 alias,
1327 4470 1488 4529 prout
1535 4461 1786 4512 videlicet
1839 4460 2111 4511 haereseos
2143 4459 2335 4509 morbo

769 4552 1134 4604 laborantium
1202 4553 1408 4603 utilitas
1454 4549 1764 4603 necessario
1823 4548 2107 4601 videbatur
2151 4556 2340 4614 postn-
2369 4527 2418 4584 Ῑ)

769 4642 904 4702 lare,
943 4661 960 4691 ο
997 4642 1177 4694 statim
1222 4642 1529 4702 subnectit,
1569 4658 1586 4690 ι
1629 4653 1787 4706 atque
1837 4640 1922 4692 his
1963 4651 2340 4706 smpenumero

769 4728 1060 4796 ejusmodi,
1095 4745 1215 4796 quae
1251 4730 1376 4781 licet
1412 4729 1462 4779 in
1492 4734 1844 4780 sacrosancta
1880 4726 2162 4792 Scriptura
2212 4740 2339 4805 nus-

770 4838 933 4889 quam
962 4823 1347 4887 rrpel'it'eutttr,
1397 4834 1425 4872 a
1461 4822 1547 4886 pio
1575 4829 1753 4870 tamen
1803 4827 1855 4870 ct
1889 4820 2090 4870 sanctis
2121 4816 2343 4869 Litteris

773 4934 1139 4976 consentaneo
1191 4937 1350 4973 sensu
1403 4920 1716 4984 neutiquam
1766 4920 2140 4976 abhorrerent.
2189 4937 2204 4966 υ
2237 4918 2340 4980 oui

770 5019 955 5083 itaque
982 5013 1311 5067 dictionibus
1343 5015 1544 5080 scripto
1587 5012 1808 5063 minime
1844 5012 2054 5067 traditis
2088 5027 2146 5063 se
2181 5026 2340 5063 usum

771 5107 992 5168 fatetur,
1021 5103 1292 5171 simulque
1332 5111 1668 5154 contestatur
1703 5101 1922 5153 easdem
1972 5118 2149 5169 neque
2185 5116 2342 5165 pere-

769 5200 973 5263 grinas,
1011 5211 1183 5262 neque
1209 5195 1416 5248 alienas
1441 5209 1563 5247 esse
1590 5209 1617 5244 a
1651 5194 1739 5260 pio
1784 5208 2061 5245 sacrarum
2095 5193 2344 5260 Scriptu-

767 5303 953 5340 rarum
983 5302 1172 5347 sensu,
1215 5285 1488 5352 quomodo
1517 5285 1712 5352 dignus
1759 5285 1942 5344 fuerit,
1993 5286 2078 5336 cui
2113 5286 2163 5336 in
2203 5300 2337 5337 non-

768 5380 937 5432 nullis
974 5393 1037 5430 ex
1079 5377 1239 5430 dictis
1295 5375 1409 5428 suis
1462 5375 1784 5442 tltcologicis
1849 5376 1981 5428 tides
2032 5377 2339 5428 adhibenda

767 5485 879 5525 non
923 5468 1024 5521 sit?
1055 5466 1299 5533 Namque
1360 5465 1482 5517 licet
1517 5471 1579 5515 ad
1641 5465 1784 5517 illius
1837 5475 2082 5532 tempora
2138 5468 2342 5532 SCl’iplO

766 5560 1104 5626 consignata:
1149 5572 1211 5611 ex
1247 5556 1330 5608 bis
1374 5555 1704 5607 dictionibus
1747 5559 2015 5622 quzrpiam
2062 5554 2203 5607 forte
2232 5571 2339 5609 non

769 5651 902 5711 sint,
934 5660 1170 5701 attamen
1211 5662 1333 5700 cum
1379 5661 1472 5699 eas
1521 5660 1549 5697 a
1587 5647 1783 5712 pietate
1825 5645 2028 5697 alienas
2059 5657 2165 5700 neu
2197 5661 2337 5706 esse,

771 5757 996 5799 Sanctus
1047 5746 1161 5811 ipse
1213 5753 1544 5797 contestctur
1577 5782 1589 5802 ,
1656 5740 1759 5792 illis
1815 5741 2205 5796 attendendum
2259 5753 2342 5795 est

770 5851 928 5904 nque
959 5846 1117 5902 atque
1143 5835 1282 5899 aliis,
1311 5847 1449 5902 quas
1475 5845 1603 5886 ante
1633 5833 1810 5900 ipsum
1845 5831 2060 5897 pictatis
2090 5833 2343 5885 doctores

2514 3640 2586 3699 γ’.
2644 3635 2717 3686 Σὺ
2779 3633 2836 3686 δὲ
2883 3635 3051 3695 ότοῖς
3093 3631 3362 3700 παροῦσιν
3433 3632 3639 3698 ἀγῶσιν
3709 3632 4018 3699 ἐνδιαιτῶν,

2436 3723 2595 3794 ἄθρει
2642 3725 2728 3795 δὴ,
2798 3726 2891 3776 καὶ
2956 3724 3202 3792 ἀκριϐῶς
3272 3723 3580 3783 διασκὸπει.
3646 3726 4020 3796 ὃπωςόπαρ⁹

2438 3817 2595 3885 ἡμῶν
2627 3816 2848 3886 ἐλεγχος
2889 3816 3074 3878 αὐτοῖς
3131 3817 3349 3884 ἀπαντᾷ
3392 3815 3453 3868 οὐ
3490 3817 3779 3886 πόρρωθεν
3830 3821 3930 3870 καῖ⁵
3961 3819 4022 3881 ἐξ

2437 3909 2614 3962 ἄλλων
2638 3910 3003 3978 ἡρανισμένος
3060 3910 3310 3978 γραφῶν.
3377 3910 3495 3961 ἀλλ’
3547 3909 3606 3973 ἐξ
3657 3911 3836 3962 αὐτῶν
3874 3906 3952 3963 ὧν
3990 3913 4020 3961 6

2437 4001 2592 4068 ἅγιος
2629 4001 2736 4069 ἔφη
2765 4001 2858 4052 τοῦ
2888 4002 3049 4067 λόγου
3091 4001 3218 4053 καθ’
3247 4003 3438 4070 cippo-1
3472 4003 3782 4069 προίόντος.
3828 4004 4020 4056 Εἰπὼν

2445 4094 2603 4159 γὰρ(
2669 4092 2989 4146 ’Λκόλουθον
3043 4091 3295 4160 ἡγούμην
3344 4095 3409 4160 τῇ
3459 4093 3694 4162 διαφορᾷ
3754 4097 3854 4159 τῇς
3889 4098 4017 4146 ἐπι-

2445 4183 2816 4252 σπειρομένῃς
2838 4183 2944 4233 ὐπὸ
2968 4183 3059 4234 τοῦ
3095 4185 3344 4234 διαϐόλου
3380 4184 3640 4245 ἀσεϐείας
3703 4188 3828 4244 ταῖς
3864 4187 4021 4236 ἀντι-

2441 4276 2614 4336 Θέτοις
2645 4278 2850 4342 φωναῖς
2873 4275 3121 4337 κωλύειν,
3149 4276 3181 4343 ἢ
3223 4277 3316 4327 καὶ
3347 4277 3680 4344 ἀνατρέπειν
3711 4275 3809 4337 τάς
3834 4280 4022 4329 έπεισυ

2439 4367 2714 4434 αγομένας
2759 4367 3137 4436 βλασφημίας,
3186 4367 3279 4418 καὶ
3303 4367 3494 4420 ἀλλοτε
3535 4367 3750 4432 ἄλλαις,
3786 4369 3862 4429 ὡς
3892 4369 3961 4421 ἀν
3987 4373 4021 4438 ἠ

2441 4457 2596 4525 χρεία
2619 4458 2726 4510 τῶν
2753 4457 3054 4508 νοσούντων
3073 4456 3516 4524 κατηνάγκασεν,
3557 4474 3574 4506 ι
3606 4459 3802 4522 ἐπάγει
3833 4458 4019 4520 εὐθὺς,

2453 4567 2471 4598 ι
2510 4549 2604 4600 καὶ
2632 4549 2862 4610 ταύταις
2890 4547 3154 4610 πολλάκυ
3199 4548 3473 4614 ἀγράφοις
3518 4548 3640 4614 μὲν,
3663 4549 3814 4614 ὅμως
3843 4547 3889 4600 δ’
3922 4549 4022 4601 οὖν

2444 4643 2543 4694 οὐκ
2583 4642 3025 4707 ἀπεξενωμέναις
3052 4642 3150 4708 τῆς
3177 4640 3317 4690 κατά
3354 4641 3454 4708 τὴν
3493 4641 3720 4707 Γραφὴν
3753 4639 4018 4701 εὐσεϐοῦς

2444 4733 2703 4792 διανοίας.
2766 4750 2784 4782 ι
2831 4731 2891 4782 '0
2940 4731 3070 4796 γοῦν
3134 4731 3344 4794 λέξεσιν
3393 4730 3662 4798 ἀγράφοις
3725 4731 4021 4797 ,ὁμολογῶν

2446 4827 2776 4895 χρήσασθαι,
2807 4824 3314 4894 διαμαρτυρόμενος
3358 4825 3413 4876 δὲ
3456 4825 3532 4894 μὴ
3579 4825 4016 4894 ἀπεξενωμέντς

2447 4912 2584 4968 εἶναι
2621 4919 2792 4977 αὐτάς
2841 4919 2940 4984 τῆς
2981 4918 3122 4968 κατά
3172 4917 3270 4983 τὴν
3326 4916 3551 4982 Γραφὴν
3608 4916 3869 4977 εὐσεϐοῦς
3906 4919 4027 4968 δια-

2447 5010 2612 5070 νοίας,
2645 5007 2759 5068 πῶς
2793 5007 2856 5058 ἂν
2897 5008 2981 5074 εἴη
3017 5007 3227 5066 δίκαιος
3259 5007 3351 5058 ἐπί
3385 5024 3492 5057 τινι
3527 5007 3634 5057 τῶν
3669 5010 3802 5075 παρ’
3851 5010 4024 5061 αὐτοῦ

2447 5100 3348 5169 θεολογηθέντωνδιαπιστεῖσθαι;
3387 5100 3447 5150 Εἰ
3493 5100 3603 5166 γὰρ
3638 5100 3732 5150 καὶ
3777 5101 4024 5166 ἄγραφοι

2450 5194 2644 5262 μέχρις
2694 5193 2908 5243 ἐκείνου
2967 5191 3128 5258 τυχὸν
3183 5191 3328 5252 τινὲς
3390 5179 3772 5258 ὑπῆρχοντιῖιν
3817 5189 4026 5251 λέξεων

2446 5286 2672 5343 τούτων,
2701 5283 2816 5334 ἀλλ’
2849 5283 2973 5333 ἐπεὶ
3002 5284 3102 5334 οὐκ
3125 5282 3546 5350 ἀπεξενωμένας
3583 5281 3684 5347 τῆς
3733 5281 4025 5342 εὐσεϐείας

2446 5379 2648 5438 ταύτας
2683 5379 2710 5428 ό
2745 5377 2898 5440 am;
2941 5376 3230 5442 μαρτυρεῖ,
3273 5372 3415 5423 οὕτω
3449 5372 3531 5423 δεῖ
3581 5371 3877 5439 προσέχειν
3916 5372 4022 5422 αὐ-

2445 5474 2586 5531 ταῖς,
2617 5470 2690 5528 ὠς
2726 5469 2984 5526 ἐκείναις,
3012 5461 3102 5526 αἷς
3128 5467 3176 5515 οἱ
3214 5465 3318 5532 πρὸ
3347 5464 3510 5514 αὐτού
3562 5463 3884 5515 διδάσκαλοι
3921 5462 4025 5529 τῆς

2447 5561 2725 5620 εὐσεϐείας
2783 5562 3110 5626 ἐχρήσαντο.
3173 5557 3280 5606 Καὶ
3342 5556 3452 5622 γὰρ
3502 5556 3774 5605 κάκείνων
3811 5555 4024 5620 ἑκάστη

2451 5654 2663 5718 καιροῖς
2706 5652 2857 5709 ἰδίοις
2893 5650 3028 5715 πρὸς
3078 5647 3394 5715 ἀποτροπὴν
3453 5647 3563 5695 τῶν
3621 5649 4024 5712 ἀναφυομένων

2449 5745 2711 5810 αἱρέσεων
2731 5742 3006 5808 ἐλάμϐανε
3067 5743 3161 5800 τὰς
3194 5741 3390 5806 ἀρχάς.
3427 5743 3545 5801 ταῖς
3585 5738 3682 5804 μὲν
3719 5738 4018 5799 συλλαϐαῖς

2449 5839 2579 5896 ἴσως
2633 5836 2695 5887 οὐ
2727 5833 3095 5899 διειλημμένη
3128 5833 3248 5891 ταῖς
3308 5831 3409 5894 πρὸ
3437 5829 3596 5895 τῆσδε
3649 5830 3685 5897 ἠ
3730 5829 3892 5896 τῆσδε
3920 5832 4022 5895 τῆς
