4214 6442
118 414 215 474 173

1140 407 1234 467 DE
1274 403 1795 465 PRUCESSIONE
1833 404 1895 463 S.
1938 402 2320 462 SPlRlTUS.

3254 401 3357 469 ππ

114 521 334 588 Πατέρα
368 518 604 587 σχέσεως
657 516 731 585 μὴ
773 513 1161 584 ἀπειργυύσης,
1205 532 1223 563 ι
1268 513 1370 565 οὐκ
1401 512 1577 578 ὀλίγαι
1612 510 1688 579 βί-
1721 519 1765 572 Α

1686 519 1765 572 ›Α
1798 511 2031 563 naturali
2084 526 2211 574 erga
2266 510 2485 564 Patrem
2522 509 2836 563 habitudine
2896 525 3001 563 non
3046 522 3285 577 arcente,
3334 532 3350 563 ι

114 609 225 660 ξλοι
269 607 601 676 εὑρέθησαν,
648 605 710 669 ἑξ
745 599 821 658 ὧν
853 604 1212 671 διεγέγραπτο
1253 603 1335 665 τὸ,
1373 620 1392 654 ι
1425 602 1486 653 τὸ
1514 601 1570 654 δὲ
1597 601 1684 653 διὰ

112 695 201 747 τοῦ
236 693 529 763 προσεχιῖκ
557 695 620 745 ὲκ
654 692 747 745 τοῦ
775 692 1016 763 πρώτου.

180 874 233 930 ι’.
268 878 385 930 Καὶ
417 879 504 940 τίς
533 877 600 936 ἂν
622 876 684 929 οὑ
703 897 717 910 ~
736 875 984 944 διαγνοίη
1026 874 1223 927 Θεόθεν
1272 874 1536 941 ἐσφάλθαι
1562 876 1687 937 τοὺς

114 970 592 1039 διαγραψαμένους
630 968 690 1021 τὸ
723 968 821 1037 τῆς
849 967 1154 1037 περικοπῆς
1181 966 1381 1037 ταύτης
1405 968 1687 1035 τεμάχιον,

114 1063 213 1124 τὴν
248 1061 401 1129 ’ὅλην
458 1059 763 1128 περικοπὴν
804 1059 1174 1128 ἀσυνάρτητον
1220 1060 1412 1129 ἑαυτῇ,
1445 1061 1537 1110 καὶ
1578 1061 1689 1119 τοῖς

115 1154 323 1219 εαυτῆς
357 1150 682 1219 ἀσύμφωνον
712 1151 933 1219 μέρεσιν
959 1148 1210 1202 εντεῦθεν
1239 1149 1547 1213 κατανοῶνς
1582 1149 1692 1203 Kal.

113 1238 276 1292 τοῦτο
322 1240 389 1310 δὴ
432 1241 526 1292 τοῦ
572 1240 791 1307 ἐλέγχου
820 1240 880 1291 τὸ
920 1240 1204 1308 πρόδηλον,
1244 1240 1342 1310 τὴν
1374 1240 1633 1311 διαφορὰν
1666 1242 1693 1292 ὁ

114 1330 269 1395 ἅγιος
304 1329 401 1382 τοῦ
428 1330 487 1394 ἐξ
535 1330 714 1390 αἰτίας
756 1331 907 1392 ὄντος
936 1331 1013 1393 είς
1044 1332 1137 1382 δύο
1159 1329 1329 1383 ταῦτα
1368 1329 1582 1391 διεῖλεν,
1611 1330 1691 1381 ὅτι

111 1422 174 1472 τὸ
231 1422 337 1490 μὲν
387 1422 667 1491 προσεχιῖκ
710 1424 775 1474 ἐκ
825 1421 915 1473 τοῦ
974 1421 1211 1490 πρώτου,
1259 1423 1315 1473 ὲν
1347 1420 1452 1473 τίνι
1509 1421 1693 1473 λοιπὸν

112 1514 297 1579 ἀφῆκε
351 1512 452 1578 τὴν
496 1510 757 1579 διαφορὰν
804 1510 1145 1580 θεωρεῖσθαι.
1185 1511 1292 1563 Καὶ
1349 1511 1471 1564 οὐδε
1516 1513 1693 1563 ἐκεῖνο

116 1602 354 1653 συνιδεῖν
386 1602 564 1668 ἔσχεν,
593 1602 667 1662 ὡς
699 1602 728 1652 ὁ
756 1602 929 1669 λέγων
960 1603 1021 1654 τὸ
1069 1602 1167 1670 μιν
1200 1602 1479 1671 προσεχῶς
1507 1603 1568 1653 ἐκ
1600 1601 1694 1653 τοῦ

115 1693 344 1759 πρώτου
370 1693 508 1745 κατὰ
570 1695 752 1746 πᾶσαν
789 1694 1096 1745 ἀπαιτεῖται
1137 1694 1382 1761 ἀνάγκην
1410 1694 1603 1756 εἰπεῖν,
1636 1692 1698 1744 τὸ

114 1785 170 1835 δὲ
203 1784 396 1853 ἔτερόν
421 1784 472 1836 τί
496 1787 610 1836 ἐστι
636 1784 787 1851 παρά
812 1784 872 1835 τὸ
901 1784 1204 1853 προσεχῶς.
1240 1785 1361 1847 Πῶς
1385 1785 1491 1854 γὰρ
1523 1784 1698 1847 ἄλλως

116 1878 212 1927 καὶ
246 1852 529 1946 συνδευείη
556 1878 585 1928 ὀ
631 1876 868 1945 λόγος,ἢ
911 1852 1026 1938 πῶς
1050 1852 1116 1929 ἂν
1158 1878 1193 1946 ἡ
1233 1852 1470 1948 διαφορά-
1494 1877 1700 1948 θεωρη-
1730 1852 1771 1907 Β

118 1968 239 2036 θεὲη
273 1968 386 2019 τῶν
437 1968 821 2038 διαφερόντων,
860 1968 935 2037 μὴ
987 1968 1082 2020 τοῦ
1130 1969 1229 2037 μὲν
1276 1968 1468 2031 οὕτως.
1495 1968 1588 2021 τοῦ
1640 1970 1699 2021 δὲ

117 2058 357 2133 ἐκείνως
380 2059 630 2127 ἓχοντοςς
667 2061 779 2113 Kal.
808 2059 957 2129 ήτοῦ
991 2059 1120 2112 Υίοῦ
1162 2059 1216 2110 δὲ
1250 2060 1517 2128 μεσιτεία,
1542 2061 1591 2111 εί
1625 2062 1699 2129 μὴ

118 2150 183 2201 δι’
214 2150 387 2201 αὑτοῦ
420 2150 505 2218 εῖη
536 2151 598 2201 τὸ
624 2150 870 2219 Πνεῦμα,
902 2150 1022 2212 πῶς
1069 2150 1136 2203 ἂν
1164 2151 1329 2219 ἑαυτῇ
1360 2150 1609 2217 φυλάξειε
1642 2152 1701 2204 τὸ

122 2239 441 2306 μονογενὲς,
475 2242 567 2292 καὶ
594 2243 656 2291 τὸ
682 2241 905 2309 Πνεῦμα
932 2240 1032 2307 τῆς
1058 2240 1190 2309 πρὸς
1219 2242 1310 2291 τὸν
1343 2240 1559 2309 Πατέρα
1596 2259 1699 2309 φυ-

121 2328 287 2394 σικῆς
328 2330 433 2380 οὐκ
477 2330 755 2396 ἀπείρξειε
811 2331 1086 2400 σχέσεωςς
1135 2326 1321 2399 Ὁρᾷς,
1363 2333 1392 2382 ὁ
1436 2330 1605 2383 θέλων
1644 2332 1702 2382 ὲν

124 2418 387 2489 εὐθύτητι
423 2420 735 2474 διασκοπεῖν
760 2422 830 2474 τὰ
876 2424 1001 2493 περὶ
1034 2415 1108 2474 ὧν
1128 2423 1159 2474 ὁ
1192 2422 1345 2490 λόγος
1371 2423 1522 2493 ἡμῖν,
1550 2422 1700 2486 ὅπως

125 2513 259 2565 αὐτὸ
295 2514 357 2564 τὺ
384 2513 486 2582 τῆς
518 2514 773 2584 ἀληθείας
801 2515 1032 2585 ἔσφαλλε
1068 2514 1290 2583 Πνεῦμα
1317 2517 1442 2579 τοὺς
1464 2517 1563 2585 τὴν
1598 2534 1703 2567 πι-

125 2600 417 2672 ραφθορὰν
447 2605 873 2675 μηχανωμένους
896 2607 1005 2657 τῶν
1034 2604 1321 2674 γραφικῶν
1353 2592 1568 2674 ῥήσεων
1610 2605 1703 2656 ἐπὶ

124 2698 496 2762 συγκροτήσει
527 2696 620 2749 τοῦ
660 2697 1111 2767 ἐκκλησιαστικοῦ
1144 2696 1441 2766 σχίσματος
1470 2714 1485 2761 ;

199 2984 292 3035 ια’.
330 2976 445 3029 Καὶ
466 2976 531 3044 δὴ
567 2977 757 3030 σκόπει
783 2978 1020 3038 κάκεῖνο.
1050 2978 1188 3047 ὅπερ
1228 2976 1285 3029 ἐν
1309 2993 1414 3029 τινι
1442 2976 1550 3029 τῶν
1581 2976 1701 3033 κατ’

124 3069 399 3138 Είινοίιίου
470 3069 872 3139 ἀντιρῤητικῶν
931 3068 1244 3136 κεφαλαίων
1298 3067 1393 3121 τοῦ
1465 3069 1703 3138 μεγάλου

123 3162 355 3229 εὕρηται
388 3161 691 3223 Βασιλείου,
718 3162 777 3212 ὲν
798 3154 843 3227 ᾧ
865 3162 892 3213 ὁ
926 3160 1023 3230 μὲν
1054 3160 1209 3228 ἅγιος
1242 3162 1391 3233 παρὰ
1419 3161 1529 3213 τῶν
1555 3163 1703 3215 ἀντι·
1730 3193 1771 3250 C

125 3252 400 3316 λεγόντων
435 3251 583 3319 αῦτῷ
632 3251 1008 3321 διαπορηθεὶς,
1045 3270 1064 3302 ι
1100 3250 1198 3303 Διὰ
1246 3252 1299 3302 τί
1353 3252 1427 3321 μὴ
1491 3253 1704 3319 λέγεται

126 3345 222 3394 καὶ
254 3343 318 3394 τδ
355 3341 583 3409 Πνεῦμα
617 3342 744 3405 Υἱὸς
786 3343 878 3396 τοῦ
903 3342 1067 3408 Υίοῦ;
1107 3361 1126 3393 ι
1160 3343 1433 3412 ἀπεκρίθη
1460 3345 1540 3396 ὅτι
1573 3362 1592 3395 ι
1630 3345 1703 3398 Οὐ

125 3435 213 3486 διὰ
245 3437 310 3486 τὸ
343 3433 424 3502 μὴ
452 3430 590 3485 εἷνειι
624 3434 688 3486 ἐκ
734 3434 868 3487 Θεοῦ
897 3434 962 3486 δι’
993 3433 1143 3499 Υἱοῦ,
1183 3434 1319 3486 ἀλλὰ
1356 3435 1441 3487 ἱνα
1470 3437 1501 3504 η
1539 3436 1707 3503 Τριάς

130 3526 205 3591 μη
234 3525 472 3590 νομισθῇ
523 3523 723 3590 πλῆθος
751 3522 999 3591 ἄπειρον,
1035 3522 1195 3584 Υίοὺς
1227 3522 1285 3587 ἐξ
1319 3522 1480 3586 Υίῶν,
1512 3523 1586 3585 ὡς
1614 3525 1708 3576 καὶ

129 3617 185 3663 ἐν
224 3613 544 3682 ἀνθρώποις
575 3613 720 3681 ἔχειν
762 3612 1180 3666 ὑποπτευθεῖσα.
1224 3631 1241 3663 ι
1292 3613 1354 3664 Ἢ
1401 3612 1459 3665 δὲ
1500 3613 1709 3664 ἀντίθε-

128 3723 219 3768 «to;
247 3709 417 3776 μοῖρα
447 3706 557 3757 τῶν
584 3707 651 3758 δι’
684 3706 812 3759 Υἱοῦ
844 3707 1109 3775 λεγόντων
1141 3700 1279 3759 εἶναι
1309 3708 1369 3757 τὸ
1399 3706 1621 3774 Πνεῦμα
1650 3705 1708 3757 ἓν

130 3814 238 3849 τισι
257 3796 465 3866 βέὃλοις
495 3799 576 3859 τὸ,
607 3800 711 3851 «οὐ
738 3800 827 3852 διὰ
845 3798 1003 3869 τὸμὴ
1020 3796 1160 3852 εἶναι
1186 3801 1249 3851 ὲκ
1267 3799 1400 3852 Θεοῦ
1426 3800 1493 3853 δι’
1518 3800 1698 3863 Υἱοῦ,»

135 3889 210 3958 μὴ
237 3889 662 3957 διαγράψαντες,
708 3888 971 3958 ἔγραψαν.
1002 3890 1065 3941 Τί
1100 3890 1209 3959 γὰρ
1249 3891 1553 3959 συμϐάλλον
1606 3893 1706 3945 αὺ-

132 3984 241 4041 τοῖς
290 3976 363 4048 ἦν
400 3981 481 4040 είς
540 3982 885 4050 κατασκευὴν
931 3982 1255 4044 ἀποδείξεως
1306 3982 1444 4051 τάχα
1481 3982 1577 4035 τοῦ
1632 3983 1707 4053 μὴ

133 4067 273 4122 εἶναι
302 4071 368 4122 τὸ
401 4070 629 4139 Πνεῦμα
657 4071 743 4124 διὰ
767 4070 862 4123 τοῦ
892 4070 1044 4133 Υἱοῦ,
1070 4072 1167 4124 ἐὰν
1193 4075 1221 4125 ὁ
1242 4075 1395 4141 ἅγιος
1424 4074 1709 4142 διαπορού-

138 4177 319 4227 μενος,
351 4160 510 4212 Διατί
544 4160 619 4230 μὴ
663 4161 758 4214 καὶ
792 4162 852 4215 τὸ
880 4162 1098 4232 Πνεῦμα
1128 4163 1252 4224 Υἱὸς
1282 4164 1373 4215 τοῦ
1408 4166 1571 4231 fieri;
1603 4167 1707 4236 ἔφη

135 4252 212 4304 ὅτι
241 4253 317 4303 ού
350 4251 444 4303 διὰ
464 4252 527 4303 τὸ
553 4248 689 4305 εἶναι
716 4254 780 4305 ὲκ
800 4252 933 4305 Θεοῦ
955 4255 1021 4306 δι’
1052 4253 1201 4318 Υἱοῦ,
1224 4254 1337 4307 ἀλλ’
1367 4256 1451 4309 ἵνα
1473 4258 1506 4326 ἡ
1540 4258 1709 4326 Τριάς

137 4346 210 4412 μὴ
241 4342 483 4412 νομισθῇ
519 4342 721 4411 πλῆθος
764 4343 1007 4414 ἄπειρον.
1056 4362 1074 4395 ι
1114 4345 1339 4414 Στῆσον,
1383 4349 1707 4415 παρακαλῶ,

132 4435 279 4493 ὅστις
305 4432 379 4485 ἂν
426 4434 567 4499 εἴης,
593 4433 623 4485 ὁ
653 4435 787 4502 πρδς
831 4434 927 4502 τὴν
956 4414 1244 4501 διάγνωσιν
1275 4436 1381 4487 τῶν
1427 4414 1708 4507 παρόντων

1792 618 1898 654 non
1933 618 2102 671 pauca
2134 605 2403 657 volumina
2439 614 2649 671 reperta
2685 614 2832 667 sunt,
2874 619 2939 657 ex
2970 604 3171 673 quibus
3197 605 3353 666 illud,

1796 713 1813 743 ι
1857 693 1941 745 hie
1978 708 2103 746 vero
2139 711 2202 746 ex
2228 710 2313 758 eo,
2339 696 2428 764 qui
2490 706 2574 748 est
2633 695 2942 749 immediate
2973 712 3039 748 ex
3104 697 3302 764 primo,
3338 718 3354 747 ι

1792 784 2067 837 sublatum
2098 795 2237 839 erat.

1876 875 1963 929 10.
1999 875 2062 929 Ει
2086 878 2207 945 quis
2238 892 2343 928 non
2373 876 2727 941 discerneret,
2755 892 2784 930 a
2816 875 2945 941 Deo,
2976 877 3066 945 qui
3100 880 3362 947 segmenti

1795 967 2023 1036 hujusce
2080 968 2400 1037 particulam
2449 969 2811 1035 sustulerunt,
2867 970 2918 1022 in
2970 984 3211 1022 errorem
3267 968 3366 1023 ab-

1793 1060 1991 1113 ductos
2026 1059 2215 1121 fuisse.
2257 1070 2593 1127 segmentum
2623 1061 2934 1115 universum
2968 1061 3073 1114 sibi
3115 1060 3216 1128 ipsi
3254 1076 3361 1114 non

1794 1151 2097 1213 Celmi-ens,
2125 1160 2179 1203 et
2210 1149 2325 1203 suis
2356 1150 2602 1217 partibus
2628 1148 2849 1203 minime
2873 1156 3212 1204 coneordaus
3243 1153 3365 1204 inde

1796 1243 2139 1311 percipiens?
2180 1241 2244 1295 Et
2272 1258 2338 1295 en
2395 1242 2931 1309 manifestissimum;
2970 1243 3368 1311 redargulionis

1794 1342 1974 1401 caput.
2009 1334 2152 1386 Illius
2202 1334 2294 1402 qui
2325 1348 2387 1384 ex
2416 1348 2578 1386 causa
2624 1342 2728 1395 est,
2764 1332 3123 1385 diﬂereniiam
3164 1336 3213 1387 in
3267 1336 3366 1387 ista

1795 1426 1905 1478 duo
1938 1437 2163 1477 sanctus
2192 1426 2373 1478 divisit
2404 1441 2421 1476 :
2448 1428 2676 1477 alterum
2723 1440 2915 1493 nempe
2947 1427 3260 1479 immediate
3300 1444 3365 1479 ex

1800 1518 2001 1585 primo,
2052 1517 2104 1568 in
2139 1530 2249 1584 quo
2285 1532 2414 1569 vero
2458 1529 2508 1569 et
2563 1517 2857 1569 discrimen
2904 1515 3367 1570 considerandum

1800 1608 2037 1676 reliquit.
2105 1610 2291 1677 Neque
2350 1610 2479 1661 illud
2546 1609 3010 1677 comprehendere
3056 1609 3246 1676 potuit,
3283 1611 3369 1661 di-

1799 1701 2032 1763 centem,
2073 1702 2161 1754 hic
2194 1700 2339 1752 enim
2368 1702 2681 1753 immediate
2711 1717 2775 1753 ex
2814 1702 3012 1768 prium,
3055 1718 3369 1754 necessario

1802 1794 1918 1859 cogi
1964 1792 2095 1844 illud
2142 1793 2303 1844 etiam
2367 1792 2543 1855 fateri,
2585 1794 2812 1845 alterum
2865 1795 2993 1862 quid
3042 1798 3133 1855 sit,
3175 1794 3371 1848 distiu-

1801 1895 1946 1936 ctum
1992 1884 2059 1937 ab
2084 1899 2169 1949 eo,
2206 1885 2350 1953 quod
2401 1887 2711 1938 immediate
2736 1898 2835 1940 est.
2866 1886 2986 1951 ου.»
3033 1887 3176 1940 enim
3212 1897 3370 1955 pacto

1800 1974 1953 2027 aliter
1979 1974 2155 2027 oratio
2200 1974 2587 2042 colligabitur?
2622 1975 2700 2027 vel
2754 1978 3031 2048 quomodo
3072 1978 3367 2031 discrimen

1804 2067 1937 2117 inter
1965 2081 2024 2118 se
2058 2064 2425 2118 diﬂ’ereutium
2461 2067 2814 2135 intelligetur.
2855 2069 2956 2120 nisi
3003 2069 3088 2120 hic
3148 2070 3368 2136 quidem

1803 2156 1927 2219 hoc,
1982 2155 2123 2208 alius
2184 2155 2275 2207 illo
2307 2156 2468 2207 modo
2527 2172 2585 2209 se
2641 2157 2863 2209 habeat?
2902 2155 2967 2208 Et
3000 2156 3116 2210 Filii
3151 2174 3369 2225 quoque

1804 2246 2096 2309 mediatio,
2147 2246 2191 2300 si
2246 2262 2340 2316 per
2371 2262 2494 2300 cum
2535 2246 2774 2316 Spiritus
2815 2264 2921 2301 non
2973 2251 3372 2318 est,quomodo

1801 2337 1901 2390 sibi
1929 2338 2268 2407 unigenitum
2310 2341 2678 2402 conservabit,
2697 2349 2749 2391 et
2791 2337 3050 2407 Spiritum
3076 2353 3106 2393 ι
3138 2341 3374 2393 naturali

1801 2428 1867 2480 ad
1892 2428 2102 2479 Patrem
2145 2429 2462 2483 habitudine
2490 2446 2593 2482 non
2629 2430 2865 2484 arcebit?
2891 2429 3070 2494 Vides,
3104 2431 3195 2500 qui
3228 2442 3374 2487 rei-la

1804 2527 1984 2571 mente
2016 2518 2154 2583 hac,
2178 2520 2245 2572 de
2273 2520 2471 2589 quibus
2506 2520 2666 2574 nobis
2704 2534 2884 2573 sermo
2905 2530 3007 2583 est,
3031 2524 3374 2587 consideras,

1802 2608 2063 2680 aSpiritu
2111 2614 2357 2665 veritatis
2404 2611 2460 2665 in
2509 2627 2753 2666 errorem
2805 2614 3069 2668 abductos
3122 2630 3238 2675 eos.
3280 2632 3374 2685 qut

1803 2697 2072 2751 dictorum
2105 2699 2310 2767 scripto
2340 2701 2665 2753 traditorum
2703 2704 3114 2770 corruptionem
3164 2707 3375 2759 machi-

1805 2797 2023 2852 uantur,
2074 2789 2142 2843 ad
2172 2789 2664 2845 coustaliiliendum
2735 2792 3170 2847 ecclesiasticum
3226 2797 3375 2849 schi-

1808 2877 1975 2932 sma?
2024 2872 2027 2873 ⁷

1880 2966 1966 3018 Η.
2000 2966 2135 3020 Illud
2171 2969 2296 3021 item
2323 2970 2612 3037 perpende,
2637 2973 2780 3041 quod
2831 2975 2883 3028 in
2918 2992 3027 3030 uno
3074 2992 3141 3032 ex
3187 2978 3374 3031 Antir-

1806 3056 2026 3111 rhetieis
2054 3059 2319 3116 adversus
2352 3060 2679 3118 Eunomium
2723 3068 2988 3135 capitibus
3013 3072 3195 3139 magni
3222 3070 3376 3125 Basi—

1807 3147 1861 3200 lii
1886 3152 2179 3217 reperitur,
2212 3155 2263 3206 in
2299 3170 2409 3224 quo
2466 3173 2587 3209 cum
2624 3168 2848 3213 sanctus
2876 3160 3146 3229 obiectum
3179 3164 3278 3217 sibi
3310 3166 3377 3217 ab

1808 3243 2137 3296 adversariis
2162 3243 2399 3308 diluens,
2441 3266 2458 3297 ι
2488 3246 2668 3312 Quare
2691 3264 2799 3302 non
2830 3251 3029 3305 dicitur
3052 3263 3105 3307 et
3138 3254 3379 3323 Spiritus

1810 3330 1978 3386 Filius
2021 3333 2179 3387 Filii?
2212 3354 2230 3385 ι
2266 3339 2539 3404 respondit
2584 3356 2596 3392 :
2639 3358 2657 3389 ι
2697 3337 2814 3393 Non
2840 3343 2985 3411 quod
3018 3358 3125 3397 non
3188 3348 3259 3399 sit
3307 3363 3374 3402 ex

1810 3424 1919 3477 Deo
1950 3441 2046 3495 per
2067 3424 2288 3489 Filium,
2337 3431 2431 3482 sed
2491 3445 2558 3485 ne
2593 3429 2833 3486 Trinitas
2884 3434 3176 3489 multitudo
3214 3439 3378 3491 inuu-

1813 3532 1958 3569 mera
2002 3530 2359 3587 reputaretur,
2394 3520 2543 3575 Filiis
2581 3539 2646 3575 ex
2693 3523 2865 3587 Filiis,
2914 3529 3375 3595 quemadmodum

1809 3617 1863 3659 et
1890 3608 1943 3659 in
1979 3609 2289 3664 hominibus
2314 3628 2413 3665 usu
2452 3614 2618 3678 venit,
2651 3616 2982 3684 cogitatione
3009 3622 3375 3688 comprehen-

1810 3699 1905 3752 sis.
1940 3717 1957 3748 ι
2006 3698 2204 3754 Verum
2264 3718 2389 3770 pars
2434 3704 2539 3757 illis
2592 3706 2837 3769 adversa,
2883 3709 2977 3777 qui
3036 3724 3131 3777 per
3179 3711 3375 3764 Filium

1811 3801 2064 3847 asserunt
2121 3809 2242 3848 esse
2303 3793 2595 3864 Spiritum,
2632 3798 2686 3851 in
2744 3799 3022 3855 nonnullis
3067 3804 3372 3868 codicibus,

1816 3899 1834 3931 ι
1870 3880 1984 3936 Non
2009 3884 2150 3952 quod
2173 3902 2279 3939 non
2305 3888 2374 3939 sit
2398 3902 2461 3939 ex
2486 3885 2596 3941 Deo
2620 3904 2713 3957 per
2731 3889 2953 3957 Filium,
2993 3911 3011 3943 ι
3040 3897 3375 3960 amittentes,

1810 3974 2014 4043 reliqua
2046 3976 2466 4045 descripserunt.
2500 3979 2601 4031 Sed
2631 3981 2761 4049 quid
2816 3985 3032 4037 tandem
3087 3986 3220 4054 ipsis
3247 4003 3378 4040 cou-

1808 4067 2010 4121 decere
2044 4078 2230 4134 posset
2287 4069 2354 4122 ad
2398 4072 2908 4137 demonstrandum,
2958 4074 3220 4144 Spiritum
3270 4095 3376 4131 non

1808 4167 1929 4214 esse
1953 4174 2045 4226 per
2072 4158 2289 4222 Filium,
2319 4162 2363 4216 si
2402 4172 2623 4216 sanctus
2653 4165 2878 4218 dubium
2913 4167 3153 4233 solvens,
3181 4184 3380 4237 «quare

1810 4264 1917 4303 non
1946 4262 1998 4302 et
2032 4250 2266 4319 Spiritus
2288 4250 2454 4305 Filius
2480 4253 2599 4305 Filii
2629 4254 2869 4309 dicitur?
2914 4276 2933 4308 ι
2968 4258 3126 4324 dixit,
3172 4275 3192 4308 ι
3259 4258 3377 4313 Non

1810 4341 1953 4409 quod
1996 4355 2103 4394 non
2144 4341 2215 4395 sit
2248 4358 2313 4396 ex
2346 4340 2456 4396 Deo
2504 4358 2599 4413 per
2641 4343 2860 4407 Filium.
2890 4349 2987 4402 sed
3020 4364 3087 4401 ne
3136 4348 3379 4405 Trinitas

1812 4432 2102 4487 multitudo
2160 4436 2443 4488 innumera
2516 4445 2882 4502 reputaretur.
2922 4456 2940 4489 ι
3024 4438 3376 4508 Suspemlito,

132 4524 304 4587 διδοὺς
352 4524 575 4586 ἑαυτὸν,
627 4524 847 4594 ἀρρεπῆ
888 4524 985 4593 τῆς
1041 4526 1381 4591 διαγνώσεως
1436 4532 1502 4579 τὰ
1543 4528 1702 4593 ζυγὰ,
1736 4522 1784 4578 1)

1736 4522 1784 4578 D
1813 4538 2022 4590 precor,
2050 4525 2360 4593 quicunque
2385 4541 2465 4588 es.
2494 4538 2584 4594 qui
2639 4528 2704 4579 ad
2757 4530 3167 4584 rerunrharum
3192 4533 3378 4601 cogni-

133 4618 221 4666 καὶ
248 4612 522 4678 arando;
568 4611 726 4663 ποίαν
768 4612 881 4680 ἔχει
929 4613 1026 4680 τὴν
1078 4613 1402 4665 ἀκολουθίαν
1442 4617 1577 4685 πρὸς
1610 4617 1709 4685 τὴν

130 4706 409 4773 ἐρώτησιν
438 4706 474 4772 ἡ
529 4702 837 4773 ἀπόκρισις.
883 4703 945 4754 El
992 4703 1067 4771 μὴ
1108 4698 1176 4772 ἦν
1222 4701 1710 4775 δεδογματισμένον

128 4798 214 4851 διὰ
242 4796 344 4849 τοῦ
404 4793 559 4856 fieri,
601 4797 695 4846 καὶ
737 4796 802 4845 ὲκ
853 4793 944 4845 τοῦ
976 4793 1104 4846 Υἱοῦ
1157 4790 1296 4846 εἶναι
1341 4795 1401 4845 τὸ
1460 4796 1706 4865 Πνεῦμα,

129 4890 247 4950 πῶς
304 4887 381 4940 ἂν
414 4886 443 4937 ὸ
492 4886 772 4954 ἀπορήσας
819 4886 1086 4953 ἠπόρησε,
1122 4903 1140 4935 ι
1188 4885 1339 4938 Διατί
1374 4884 1449 4955 μὴ
1500 4888 1595 4939 καὶ
1651 4888 1711 4939 τὸ

130 4980 368 5048 Πνεῦμα
415 4975 548 5038 Υἱὸς
574 4977 671 5029 τοῦ
716 4974 883 5041 Ἠοῦς
924 4994 942 5025 ι
973 4978 1038 5027 Δί
1079 4976 1177 5044 τῆς
1223 4977 1455 5045 ἀπορίας
1511 4978 1712 5048 ταύτης

126 5074 388 5143 ἀφορμαὶ
438 5068 612 5121 πόθεν
655 5068 941 5136 γεγόνασιν
988 5069 1227 5133 ἄλλοθεν,
1261 5071 1342 5121 ὅτι
1394 5070 1470 5139 μὴ
1502 5072 1567 5122 ὲκ
1617 5071 1711 5121 τοῦ

122 5161 524 5233 ὁμολογεῖσθαι
545 5160 634 5213 διὰ
651 5160 744 5212 τοῦ
773 5158 906 5213 Υίοῦ
937 5155 1079 5213 εῖναι
1103 5162 1164 5213 τὸ
1186 5161 1408 5230 Πνεῦμα
1432 5162 1492 5213 τὸ
1521 5162 1710 5230 ἆγιον;

126 5253 189 5307 Ei
214 5255 338 5322 γὰρ
374 5250 456 5321 μὴ
484 5249 575 5303 διὰ
606 5249 701 5302 τοῦ
733 5247 865 5301 Υἱοῦ
914 5244 982 5318 ἦν
1017 5248 1445 5319 διαπορούμενος
1482 5252 1510 5303 ὁ
1535 5251 1711 5317 ἅγιος,

130 5363 151 5394 ε
178 5345 339 5397 Διατί
384 5341 467 5411 μὴ
499 5342 593 5393 καὶ
618 5341 676 5391 τὸ
704 5338 929 5407 Πνεῦμα
962 5340 1084 5401 Υιὸς
1106 5340 1197 5393 τοῦ
1228 5340 1393 5404 ficii;
1435 5360 1453 5393 ι
1484 5344 1714 5411 ἑτοίμως

123 5438 188 5491 ἀν
218 5436 319 5490 καὶ
373 5433 529 5503 μάλα
572 5431 788 5500 γοργῶς
837 5433 938 5499 τὴν
990 5431 1223 5501 ἀπορίαν
1268 5433 1714 5501 ἀποκρούσασθαι

127 5526 295 5596 κίχεν,
328 5525 847 5594 ἀπολογησάμενος,
878 5522 969 5575 διὰ
1012 5523 1074 5574 τὸ
1110 5522 1186 5592 μὴ
1216 5517 1355 5575 εἶναι
1385 5521 1455 5575 δι’
1494 5523 1647 5585 Υἱοῦ,
1679 5524 1713 5595 ἢ

127 5618 186 5683 ἒξ
212 5618 379 5671 Υἱοῦ.
417 5616 483 5669 '0
527 5617 586 5669 δὲ
632 5617 694 5692 τὸ
728 5618 827 5685 μὲν
856 5618 925 5671 δι’
966 5616 1096 5670 Υἱοῦ
1147 5612 1289 5669 εἶναι
1314 5622 1374 5669 τὸ
1402 5617 1622 5687 Πνεῦμα
1649 5620 1713 5670 ἐκ

128 5713 225 5779 τῆς
249 5708 531 5778 λεγούσης
562 5710 696 5762 αὐτὸ
726 5710 948 5780 Πνεῦμα
977 5709 1108 5762 Υἱοῦ
1139 5709 1501 5777 ἀποστολικῆς
1528 5709 1713 5777 φωνῆς

133 5800 423 5873 σαφηνίζει
474 5799 851 5865 συνίστασθαι,
907 5806 1039 5871 πρὲις
1095 5800 1151 5851 δὲ
1202 5799 1299 5867 τὴν
1355 5800 1477 5861 Υἱὸς
1533 5801 1715 5869 φωνὴν

1816 4614 2018 4667 tionem
2048 4617 2289 4668 animum
2318 4617 2777 4683 advertis,justas
2812 4621 3137 4687 cegnitionis
3170 4622 3377 4687 lances,

1812 4704 2220 4772 discernitoque
2261 4707 2536 4774 quomodo
2587 4708 2910 4776 adaequatur
2966 4709 3378 4782 interrogationi

1813 4797 2119 4863 responsio.
2156 4795 2273 4850 Nisi
2319 4796 2596 4851 decretum
2657 4807 2824 4861 esset,
2866 4806 2921 4853 et
2959 4800 3115 4867 plane
3159 4803 3212 4854 in
3250 4818 3382 4857 con-

1815 4886 1999 4951 fessis,
2024 4900 2118 4955 per
2158 4885 2356 4962 Filium
2407 4898 2461 4942 et
2488 4903 2551 4940 ex
2579 4887 2716 4943 Filio
2769 4905 2891 4944 esse
2940 4889 3224 4958 Spiritum,
3271 4907 3379 4961 qua

1814 4978 2023 5032 ratione
2051 4979 2373 5043 dubitasset,
2405 4981 2496 5047 qui
2530 4979 2756 5033 dubium
2785 4982 2971 5045 movit,
3003 4999 3022 5033 ι
3058 4980 3239 5046 Quare
3272 4998 3381 5038 non

1813 5080 1865 5123 et
1895 5070 2129 5137 Spiritus
2154 5088 2159 5097 ·
2189 5070 2310 5125 Filii
2363 5072 2582 5126 Filius?
2629 5091 2647 5124 ι
2708 5072 3112 5128 Dubitationem
3153 5074 3384 5145 hujusce

1813 5177 1994 5216 causa:
2021 5163 2269 5241 undeuau
2304 5165 2410 5217 alio
2435 5174 2639 5217 exortae
2666 5174 2818 5226 sunt,
2844 5180 3010 5234 quam
3042 5181 3108 5219 ex
3139 5181 3206 5219 eo
3237 5166 3383 5234 quod

1817 5256 2183 5309 indubitatum
2212 5264 2357 5319 erat,
2409 5271 2503 5323 per
2537 5255 2737 5309 Filium
2788 5271 2912 5312 esse
2942 5256 3209 5327 Spiritum
3259 5273 3387 5313 sau-

1814 5345 2003 5399 ctum?
2029 5344 2268 5413 Namque
2308 5345 2353 5398 si
2378 5360 2445 5398 ex
2478 5345 2618 5398 Filio
2666 5360 2775 5400 non
2819 5356 2960 5410 erat,
3012 5348 3383 5417 interrogatus

1817 5446 2059 5500 sanctus,
2098 5455 2116 5488 ι
2157 5436 2335 5503 Quare
2377 5452 2486 5490 non
2539 5446 2593 5491 et
2638 5435 2881 5507 Spiritus
2926 5437 3048 5493 Filii
3094 5436 3314 5495 Filius?
3357 5456 3377 5487 ι

1806 5539 2065 5598 ,ρτοιιιριο
2090 5532 2330 5598 quidem.
2378 5542 2433 5584 et
2461 5532 2759 5584 admodum
2793 5532 2996 5587 acriter
3029 5531 3258 5586 dubium
3294 5545 3383 5584 re-

1814 5621 2058 5688 jecisset,
2084 5622 2487 5689 respondendo,
2513 5621 2661 5688 quod
2696 5636 2805 5674 nou
2836 5629 2983 5676 esset
3024 5635 3121 5691 per
3158 5618 3382 5683 Filium,

1818 5722 1916 5764 aut
1940 5728 2004 5765 ex
2034 5712 2191 5766 Filio.
2226 5711 2335 5768 Sed
2384 5712 2475 5767 ille
2536 5714 2807 5783 Spiritum
2874 5714 3095 5783 quidem
3133 5726 3257 5767 esse
3284 5726 3383 5780 ριϊ

1820 5800 2055 5866 Filium,
2090 5802 2390 5859 allirmante
2438 5804 2591 5859 illum
2647 5806 2909 5876 Spiritum
2936 5804 3057 5859 Filii
3080 5803 3377 5875 apostolica
