4214 6442
756 420 855 484 179

1764 422 1976 485 JOAN.
2017 419 2231 482 VECCI
2268 421 2382 488 (ΖΡ.
2422 420 2931 484 ΡΛΤΗΙΑΠΩΗᾸΞ

755 535 937 589 omnia
983 544 1339 605 praevertunt,
1397 537 1779 591 existimantes
1829 538 1965 590 forte
2017 536 2314 606 proﬁcuam
2348 543 2391 599 Α

2490 539 2767 607 ωρεῐσθαι,
2800 538 2955 608 φησι,
2999 536 3096 604 τῆς
3129 534 3222 589 τοῦ
3255 532 3571 601 Πνεύματος
3620 531 3993 600 ὑποστάσεως.

758 626 996 681 futuram
1042 630 1450 696 corruptionem
1496 630 1562 683 ad
1613 630 1992 683 stabilieudam
2045 626 2315 695 propriam

757 718 1106 781 sententiam,
1158 734 1282 773 cum
1341 730 1566 774 sanctus
1627 720 1931 787 scripserit,
1982 736 2002 768 ι
2058 717 2317 786 Spiritum

758 817 1009 863 sanctum
1032 810 1308 863 adhaerere
1330 809 1471 863 Filio
1498 811 1827 879 cogitatione
1854 810 1968 863 sola
1991 810 2119 862 dum
2140 807 2318 874 Spiris

756 906 849 952 tus
879 900 1152 969 hypostasi
1185 903 1635 971 praeintelligitur,
1668 922 1698 952 ι
1723 904 1775 955 in
1810 904 2085 973 plerisque
2116 901 2189 954 illi
2225 914 2323 953 co-

758 989 973 1043 dicibus
1028 1002 1350 1057 exararunt,
1398 1013 1416 1044 ι
1472 990 1647 1047 Patris
1710 991 2006 1063 hypostasi,
2057 1009 2075 1041 ι
2111 999 2322 1044 tantum

760 1081 1020 1134 adversus
1071 1092 1277 1136 rectum
1330 1085 1621 1148 nictantes,
1684 1092 1743 1137 ut
1787 1083 2124 1137 asseruerint
2171 1082 2329 1135 Patre

758 1167 955 1224 Filium
1014 1176 1316 1228 secundum
1374 1192 1553 1231 causa:
1632 1176 1893 1229 rationem
1961 1173 2327 1242 pra'intelligi,

761 1263 1058 1321 dummodo
1088 1281 1118 1319 e
1153 1270 1427 1323 mentihus
1466 1268 1747 1322 hominum
1777 1266 2034 1328 evellant.
2066 1266 2329 1336 Spiritum

766 1370 888 1409 esse
920 1372 1013 1435 per
1044 1356 1264 1423 Filium,
1300 1369 1353 1413 et
1391 1368 1788 1428 consequenter
1822 1373 1892 1413 ex
1921 1356 2082 1411 Filio.

2429 624 2615 691 σαφῶς
2640 626 2916 693 παριστῶν
2946 623 3035 676 διὰ
3072 622 3166 675 τοῦ
3201 622 3331 675 Υἱοῦ
3355 624 3418 675 ὲκ
3438 620 3533 674 τοῦ
3573 619 3786 689 Πατρδς
3821 622 3999 673 αἰτια-

2426 717 2519 769 τὸν
2560 712 2697 768 εἶναι
2731 716 2792 769 τὸ
2822 712 3072 781 Πνεῦμα.
3100 715 3163 768 Οί
3201 712 3259 766 δὲ
3301 713 3481 766 πάντα
3526 709 4003 776 διαστρεωοῦντες

2428 807 2567 875 τάχα
2600 822 2651 858 τι
2691 805 2879 875 κέρδος
2909 804 3048 875 πρὸς
3069 804 3163 858 τὸν
3185 805 3385 858 οἰκεῖον
3416 803 3617 855 σκοπὸν
3658 802 3722 854 ὲκ
3769 802 3868 868 τῆς
3900 818 4006 852 πι-

2435 898 2708 968 ραφθορᾶς
2742 895 3017 965 οἰηθέντες
3060 894 3405 966 πορίσασθαι,
3435 894 3684 959 λέγοντος
3710 892 3804 948 τοῦ
3848 891 4006 959 ἀγίου

2431 989 2507 1052 ὡς
2546 1009 2563 1040 ι
2608 990 2680 1042 Τὸ
2728 988 2950 1057 Πνεῦμα
2997 986 3059 1040 τὸ
3102 988 3256 1054 ἅγιον
3298 985 3393 1039 τοῦ
3432 984 3773 1050 Μονογενοῦς
3821 982 4007 1051 ἔχεται

2436 1081 2650 1150 ἐπινοίᾳ
2705 1080 2839 1149 μόνῃ
2879 1079 3019 1150 κατὰ
3059 1079 3151 1131 τὸν
3182 1077 3283 1143 τῆς
3327 1076 3507 1138 αίτίας
3547 1076 3729 1142 λόγον,
3759 1073 4009 1142 προθεω-

2442 1160 2703 1241 ρόυμένου
2733 1173 2831 1238 τῆς
2881 1170 2973 1222 τοῦ
3005 1167 3321 1238 Πνεύματος
3373 1166 3746 1226 ὑποστάσεως.
3787 1164 3847 1214 ὲν
3880 1159 4013 1214 πολ-

2438 1262 2556 1323 λαῖς
2606 1262 2801 1313 ἐκεῖνοι
2840 1259 3041 1330 βίϐλοις
3097 1260 3197 1326 τῆς
3242 1258 3336 1310 τοῦ
3391 1257 3607 1326 Πατρδς
3663 1253 4015 1311 ὑποστάσεως

2440 1350 2707 1420 ἔγραψαν,
2739 1350 2995 1403 τοσοῦτον
3030 1349 3165 1420 πρὸς
3205 1349 3266 1401 τὸ
3297 1348 3453 1410 εύθὲς
3490 1347 3907 1416 μυωπάσαντες,
3934 1341 4013 1403 ὡς

760 1449 855 1500 τοῦ
901 1432 1108 1518 Πατρδς
1164 1453 1338 1503 εἰπεῖν
1367 1453 1458 1504 τὸν
1495 1425 1625 1505 Tum
1679 1451 1821 1504 κατά
1866 1452 1959 1503 τὸν
2011 1453 2109 1518 τῆς
2153 1450 2330 1511 αἰτίας
2367 1446 2525 1514 λόγον
2585 1443 3052 1514 προθεωρεῖσθαιο
3103 1430 3194 1496 ἵνα
3215 1442 3374 1511 μόνον
3401 1440 3719 1508 ἀδιανόητον
3740 1425 4012 1520 ποιήδιςιιιισι

762 1541 822 1595 τδ
857 1542 1080 1612 Πνεῦμα
1112 1543 1200 1596 διὰ
1228 1544 1321 1595 τοῦ
1347 1544 1500 1609 Υίοῦ,
1547 1546 1642 1599 καὶ
1674 1546 1815 1597 κατά
1840 1543 2000 1598 τοῦτο
2033 1545 2128 1596 καὶ
2155 1545 2218 1596 ὲκ
2242 1542 2336 1595 τοῦ
2378 1538 2535 1593 Υίοῦ.

840 1681 927 1736 1'3;
968 1680 1139 1746 Quale
1172 1682 1335 1736 etiam
1365 1683 1665 1753 contigisse
1692 1682 2064 1750 comperimus
2086 1680 2141 1733 in
2178 1681 2331 1733 theo-

768 1773 965 1843 logicis
999 1775 1181 1841 magni
1215 1773 1502 1843 Epiphanii
1534 1776 1719 1835 dictis,
1758 1789 1880 1842 qure
1922 1773 2011 1827 ille
2041 1772 2203 1835 libro,
2250 1771 2339 1824 cui

2519 1674 2578 1729 ιε’
2643 1675 2857 1729 Ὀποῖόν
2918 1692 2971 1726 τι
3023 1674 3215 1740 γέγονε
3265 1670 3361 1723 καὶ
3412 1671 3472 1723 ὲν
3520 1670 3631 1729 τοῖς
3685 1662 4017 1731 θεολογικῶς

2450 1764 2604 1837 παρὰ
2648 1765 2743 1818 τοῦ
2798 1763 3035 1833 μεγάλου
3084 1762 3410 1828 Ἐπιφανίου
3457 1759 3515 1809 ὲν
3555 1754 3634 1825 τῷ
3694 1753 4017 1823 καλουμένῳ

770 1880 967 1917 nomen
1001 1867 1294 1933 Ancyroto,
1328 1864 1578 1933 digessit.
1622 1864 1699 1917 lhi
1741 1866 1887 1916 enim
1939 1874 2163 1915 sanctus
2199 1864 2344 1912 hunc
2377 1890 2407 1942 Ε

2490 1856 2795 1925 Αγκυρωτῷ
2833 1855 3168 1925 εἰρημένοις.
3211 1852 3427 1906 Ἐκείσε
3478 1850 3587 1917 γὰρ
3632 1848 3660 1899 6
3692 1846 3791 1913 μὲν
3826 1845 4018 1910 Ἀγιος

770 1957 825 2009 in
876 1957 1097 2019 modum
1157 1955 1399 2024 loquitur
1427 1973 1442 2010 :
1470 1973 1491 2006 ι
1534 1954 1664 2018 Sed,
1709 1964 1769 2008 ut
1823 1969 1968 2017 reor,
2012 1962 2242 2020 utraque
2290 1950 2344 2002 in
2378 1938 2407 1942 ’

2490 1946 2592 2001 ὃτω
2621 1947 2809 2018 φησίν
2844 1965 2863 1996 ι
2909 1944 3077 2005 Ἀλλ’,
3111 1940 3291 2013 οἴμαι,
3337 1941 3627 2010 ἀμφότερα
3669 1939 3916 1992 κατοικεῖ
3960 1938 4021 1989 ἐν

771 2049 992 2101 homine
1021 2047 1168 2113 justo
1206 2046 1552 2104 inhabitant:
1595 2047 1848 2101 Christus
1884 2056 1936 2099 et
1989 2043 2229 2111 Spiritus
2278 2043 2347 2095 il-

772 2140 903 2193 lius.
933 2139 1089 2203 Quod
1124 2140 1166 2192 si
1201 2137 1455 2192 Christus
1484 2154 1553 2191 ex
1597 2138 1755 2191 Patre
1798 2136 2064 2199 creditur,
2105 2134 2252 2189 Deus
2280 2148 2348 2187 ex

774 2231 905 2292 Deo,
962 2240 1016 2283 et
1067 2230 1305 2298 Spiritus
1340 2245 1403 2282 ex
1446 2229 1688 2288 Christo.
1726 2236 1821 2283 aut
1867 2244 1933 2281 ex
1969 2228 2239 2296 utrisque,
2290 2234 2351 2279 ut

773 2321 1025 2375 Christus
1045 2321 1288 2388 loquitur
1309 2338 1323 2373 :
1348 2320 1453 2384 Qui
1486 2337 1552 2374 ex
1585 2320 1743 2375 Patre
1771 2321 2106 2390 praecdit,et
2128 2338 2142 2374 :
2162 2318 2261 2374 Hic
2286 2335 2349 2372 ex

776 2432 898 2469 meo
932 2415 1177 2482 accipiet.
1219 2431 1238 2465 ι
1274 2412 1377 2478 Qui
1419 2429 1547 2467 vero
1596 2414 1651 2466 in
1714 2414 2130 2482 corrumpendis
2194 2412 2355 2465 dictis

779 2511 941 2579 plane
971 2508 1273 2568 insaniunt,
1308 2523 1327 2556 ι
1353 2504 1410 2559 Si
1433 2505 1687 2559 Christus
1708 2520 1775 2560 ex
1800 2505 2004 2573 Spiritu
2036 2503 2300 2567 creditur,
2330 2522 2347 2553 ι

776 2600 1199 2665 descﬁpserunt,
1235 2617 1254 2651 ι
1288 2597 1432 2651 Deus
1456 2611 1524 2651 ex
1551 2596 1681 2659 Deo,
1734 2605 1789 2652 et
1830 2596 2066 2666 Spiritus
2098 2610 2167 2650 ex
2193 2595 2354 2649 Chri-

778 2704 886 2746 sto.
917 2710 934 2742 ι
960 2689 1069 2745 Nec
1089 2690 1494 2753 intellexerunt,
1512 2688 1745 2743 similem
1766 2688 1894 2741 dicti
1922 2688 2354 2757 corruptionem,

779 2784 978 2840 mentis
1018 2783 1180 2851 plane
1207 2796 1332 2835 esse
1381 2790 1625 2850 apertam
1675 2780 2106 2847 corruptionem.
2152 2778 2356 2833 Demus

779 2877 928 2931 enim
958 2877 1161 2929 dictum
1193 2874 1266 2928 ita
1302 2872 1567 2927 dictatum
1593 2871 1767 2926 fuisse
1796 2888 1812 2925 :
1857 2891 1875 2923 ι
1900 2870 1958 2924 Si
2006 2870 2262 2924 Christus
2288 2884 2357 2924 ex

781 2967 993 3036 Spiritu
1028 2966 1293 3020 creditur.
1344 2983 1363 3014 ι
1417 2961 1564 3015 Nihil
1618 2962 1746 3015 inde
1777 2972 2039 3030 sequetur
2084 2976 2114 3016 a
2158 2962 2361 3031 pietate

2449 2040 2527 2106 τῷ
2559 2040 2833 2108 ἀνθρώπῳ
2863 2037 2941 2106 τῷ
2970 2036 3189 2103 δικαίῳ,
3221 2035 3251 2085 6
3281 2032 3519 2101 Χριστὸς
3543 2031 3639 2083 καὶ
3683 2031 3746 2082 τὸ
3793 2027 4024 2096 Πνεῦμα

2450 2130 2638 2184 αὑτοῦ.
2681 2132 2743 2183 El.
2792 2130 2849 2182 δὲ
2899 2128 3135 2199 Χριστὸς
3175 2129 3241 2179 ὲκ
3281 2124 3373 2177 τοῦ
3415 2123 3633 2192 Πατρδς
3681 2120 4023 2181 πιστεύεται,

2452 2222 2587 2284 Θεὸς
2641 2223 2704 2274 ὲκ
2751 2219 2914 2281 Θεοῦ,
2967 2218 3168 2272 καὶτὸ
3222 2215 3447 2284 Πνεῦμα
3503 2216 3566 2265 ὲκ
3609 2212 3709 2265 τοῦ
3761 2210 4025 2282 Χριστοῦ,

2454 2315 2487 2384 ἢ
2523 2315 2650 2379 παρ’
2676 2311 3025 2381 ἀμφοτέρων,
3052 2310 3128 2373 ὣς
3156 2326 3321 2381 φησιν
3346 2312 3374 2361 6
3417 2307 3672 2377 Χριστὸς,
3716 2324 3734 2356 ι
3774 2307 3840 2359 Ὀ
3871 2306 4030 2374 παρὰ

2454 2405 2549 2459 τοῦ
2588 2405 2799 2475 Πατρδς
2849 2402 3234 2473 ἐκπορεύεται,
3277 2401 3394 2461 καὶ,
3445 2395 3617 2460 Οὗτος
3657 2400 3720 2449 ἐκ
3764 2396 3859 2449 τοῦ
3888 2397 4027 2464 ἐμοῦ

2455 2498 2711 2567 λήψεται.
2748 2514 2767 2548 ιι
2807 2498 2871 2549 Οἱ
2903 2496 2961 2548 δὲ
2995 2498 3127 2561 περὶ
3156 2495 3255 2554 τὰς
3292 2491 3655 2563 παραφθορὰς
3678 2490 3788 2540 τῶν
3812 2488 4029 2559 ῥήσεων

2456 2591 2812 2657 ἐπτοημένοι,
2849 2608 2865 2636 ι
2905 2588 2964 2639 Εί
3002 2587 3059 2639 δὲ
3095 2584 3331 2653 Χριστὸς
3370 2587 3434 2636 ὲκ
3472 2582 3567 2635 τοῦ
3620 2580 3961 2649 Πνεύματος,
4005 2597 4024 2629 ι

2458 2680 2773 2734 πιστεύεται
2798 2679 3067 2748 ἔγραψαν,
3106 2696 3126 2729 ι
3152 2677 3283 2738 Θεὸς
3309 2679 3373 2728 ὲκ
3401 2675 3562 2738 Θεοῦ,
3587 2673 3686 2726 καὶ
3714 2673 3776 2725 τὸ
3805 2670 4034 2739 Πνεῦμα

2461 2777 2523 2827 ὲκ
2556 2773 2652 2826 τοῦ
2694 2772 2956 2842 Χριστοῦ.
2995 2791 3011 2822 ι
3056 2770 3166 2824 Καὶ
3211 2767 3273 2822 οῦ
3315 2768 3555 2834 συνῆκαν
3608 2765 3685 2827 ὡς
3734 2768 3769 2834 ἡ
3804 2765 4035 2830 τοιαύτη

2460 2865 2795 2935 παραφθορὰ
2824 2864 2925 2932 τῆς
2955 2865 3169 2933 ρήσεως
3196 2858 3534 2931 παραφθορά
3567 2855 3852 2924 λογισμῶν
3879 2854 4037 2905 ἐστιν

2460 2958 2738 3027 ἄντικρυς.
2777 2956 2959 3007 Ἔστω
2990 2955 3097 3022 γὰρ
3131 2951 3275 3005 οὕτω
3324 2949 3642 3019 γεγράφθαι
3686 2948 3786 3013 τὴν
3829 2944 3994 3015 ρἧιν
4021 2959 4036 2972 ·

784 3060 1045 3121 alienum,
1071 3057 1200 3110 dum
1232 3054 1487 3109 Christus
1507 3069 1573 3107 ex
1606 3052 1813 3121 Spiritu
1842 3053 2062 3117 dicitur,
2093 3053 2139 3108 si
2166 3068 2363 3106 secun-

2529 3048 2591 3101 Εἰ
2622 3047 2677 3100 δὲ
2720 3045 2956 3117 Χριστὸς
3004 3046 3071 3098 ὲκ
3118 3042 3213 3097 τοῦ
3249 3041 3572 3109 Πνεύματο;
3622 3037 3966 3092 πιστεύεται.
4016 3054 4033 3084 ι

784 3156 914 3207 ιΙυιη
945 3160 1289 3220 assumptum
1325 3165 1389 3204 ex
1425 3149 1632 3219 Spiritu
1682 3159 1892 3211 sancto,
1938 3155 1994 3202 et
2038 3148 2204 3203 Maria
2235 3146 2362 3200 Vir-

2490 3139 2634 3192 )ὐδὲν
2661 3139 2770 3206 γὰρ
2804 3137 3010 3207 ἀπᾷδον
3040 3138 3106 3206 τῇ
3141 3133 3399 3203 εὐσεϐείᾳ
3432 3132 3524 3183 τὸν
3565 3130 3805 3198 Χριστὸν
3853 3128 4039 3193 λέγειν

785 3246 912 3314 gine
972 3243 1060 3296 hic
1099 3219 1207 3303 est,
1258 3248 1321 3294 ut
1378 3240 1637 3294 idemmet
1688 3248 1918 3294 sanctus
1968 3238 2022 3292 in
2068 3234 2407 3308 progresslt

2494 3248 2528 3281 κ
2589 3228 2943 3297 Πνεύματος,
3003 3228 3161 3295 είπερ
3245 3224 3389 3277 κατά
3453 3221 3515 3274 τὸ
3577 3219 3916 3287 πρόσλημμα
3975 3219 4041 3268 ἐκ

786 3335 1056 3390 orationis
1082 3333 1355 3398 edisserit,
1380 3330 1470 3386 cui
1505 3332 1628 3385 usui
1663 3330 1825 3384 fuerit
1852 3330 1983 3384 dicti
2025 3331 2363 3398 corruptori-

2490 3320 2783 3389 ινεύματος
2854 3318 3012 3387 ἁγίου
3064 3319 3160 3369 καὶ
3214 3315 3430 3383 Μαρίας
3476 3313 3579 3381 τῆς
3633 3309 3915 3379 Παρθένου
3950 3303 4048 3359 οῦ-

790 3430 892 3482 bus
916 3428 981 3481 ad
1019 3423 1507 3479 demonstrandum
1537 3420 1804 3491 Spiritum
1853 3437 1961 3475 non
2007 3437 2074 3475 ex
2109 3420 2365 3475 Christo?

2490 3416 2557 3478 τός
2585 3415 2760 3475 ἔστιν,
2790 3411 2867 3475 ὡς
2898 3411 2993 3465 καὶ
3020 3410 3187 3471 αὐτὸς
3212 3405 3581 3479 παρακατιὼν
3612 3406 3639 3457 6
3681 3401 3836 3469 ἅγιος
3863 3400 4045 3465 λέγει,

793 3518 922 3573 Sive
943 3520 1089 3572 enim
1121 3533 1187 3571 ex
1220 3518 1404 3576 Patre.
1439 3517 1555 3569 sive
1582 3487 1651 3568 ex
1686 3513 1891 3583 Spiritu
1918 3514 2066 3567 credi
2088 3512 2363 3567 Christum

2490 3507 2520 3560 εί
2572 3505 2882 3576 συμϐάλλον
2904 3498 2974 3573 ἦν
3001 3504 3117 3565 τοῖς
3149 3501 3250 3570 τὴν
3286 3487 3449 3571 ῥῆσιν
3494 3495 3842 3564 διαφθείρασι
3903 3492 4049 3557 πρὸς

792 3614 962 3667 Deum
1000 3626 1063 3663 ex
1103 3609 1213 3663 Deo
1246 3620 1470 3663 sanctus
1500 3608 1765 3671 dixisset,»
1790 3614 2031 3658 attamen
2062 3620 2128 3657 ex
2149 3601 2368 3657 Christo

2490 3600 2530 3652 τὸ
2570 3599 2646 3666 μὴ
2677 3594 2818 3650 εἶναι
2851 3597 2911 3649 τὸ
2935 3594 3164 3663 Πνεῦμα
3193 3595 3258 3645 ὲκ
3292 3590 3385 3645 τοῦ
3420 3587 3697 3657 Χριστοῦ;
3761 3584 3887 3637 Εἴτε
3927 3581 4045 3647 γὰρ

791 3718 915 3755 esse
955 3698 1217 3767 Spiritum
1257 3697 1435 3751 modis
1486 3695 1741 3749 omnibus
1786 3692 2106 3757 declaravit,
2153 3700 2209 3746 et
2237 3691 2368 3745 dicti

794 3790 1074 3859 corruptio
1108 3787 1241 3842 nihil
1270 3788 1377 3841 illis
1402 3785 1630 3855 profuit,
1663 3785 1730 3839 ad
1753 3784 2222 3838 corroborandum
2246 3782 2368 3850 Spi-

794 3886 962 3937 ritum
1001 3898 1111 3935 non
1158 3895 1280 3933 esse
1317 3895 1386 3934 ex
1417 3878 1661 3932 Christo.
1689 3874 1805 3928 lmo
1836 3875 1984 3945 quod
2018 3873 2367 3943 postmodum

799 3975 1122 4033 admetitur,
1156 3982 1278 4025 «aut
1304 3971 1373 4025 ab
1403 3970 1672 4036 utrisque,
1708 3980 1768 4022 ut
1794 3967 2049 4023 Christus
2072 3966 2316 4036 loquitur
2352 3984 2366 4021 :

798 4069 904 4134 Qui
931 4084 997 4121 ex
1022 4066 1183 4120 Patre
1210 4062 1474 4134 procedit,
1507 4072 1561 4115 et
1590 4061 1678 4115 hic
1710 4076 1775 4113 ex
1813 4074 1935 4113 meo
1960 4059 2209 4127 accipiet,
2236 4078 2254 4109 ι
2286 4061 2377 4112 eo-

802 4176 923 4214 rum
971 4174 1190 4227 gravem
1242 4155 1517 4209 vesaniam
1569 4152 1872 4220 redarguit,
1910 4152 2003 4218 qui
2054 4151 2173 4203 loco
2201 4149 2373 4213 illius,

806 4274 824 4304 ι
864 4270 929 4305 ex
966 4252 1123 4305 Patre
1153 4249 1300 4304 credi
1332 4247 1634 4308 Christum,
1679 4243 1847 4297 Deum
1873 4258 1940 4297 ex
1970 4242 2102 4301 Deo.
2142 4259 2162 4292 ι
2200 4241 2378 4294 intru-

804 4353 1014 4405 serunt,
1057 4360 1075 4393 ι
1115 4341 1170 4394 Si
1200 4339 1456 4394 Christus
1480 4354 1547 4394 ex
1572 4335 1780 4407 Spiritu
1815 4334 2079 4398 creditur,
2128 4331 2274 4388 Deus
2304 4348 2371 4387 ex

808 4439 935 4491 Deo.
981 4456 999 4488 ι

2470 3693 2536 3744 ὲκ
2562 3689 2655 3743 τοῦ
2689 3687 2921 3759 Πατρδς.
2959 3686 3069 3739 εἴτε
3117 3686 3182 3737 ὲκ
3215 3683 3311 3743 τοῦ
3344 3681 3664 3748 Πνεύματος
3688 3671 4055 3728 πιστεύεσθαι

2472 3786 2565 3838 τὸν
2596 3783 2851 3853 Χριστὸν,
2887 3780 3023 3833 Θεὸν
3057 3781 3120 3831 ὲκ
3151 3776 3290 3830 Θεοῦ
3323 3778 3352 3830 6
3382 3774 3536 3843 ἆγιος
3564 3771 3691 3839 ἔφη.
3724 3768 3798 3821 Τὸ
3824 3765 3957 3832 γοῦν
3985 3767 4055 3817 ἐκ

2472 3872 2567 3927 τοῦ
2630 3870 2874 3942 Χριστοῦ
2918 3865 3059 3923 εἶναι
3102 3868 3163 3919 τὸ
3192 3866 3422 3935 Πνεῦμα
3475 3863 3655 3931 πάντη
3706 3856 3895 3926 σαφῶς
3939 3855 4057 3907 διε-

2473 3966 2746 4034 τράνωσε,
2798 3961 2894 4015 καὶ
2946 3961 3161 4030 ἔμεινεν
3228 3961 3261 4027 ὴ
3309 3953 3641 4025 παραφθορά
3692 3951 3792 4018 τῆς
3838 3951 4059 4020 ρήσεως

2476 4056 2630 4110 οὐδὲν
2667 4056 2852 4115 αὐτοῖς
2900 4052 3266 4105 συντελέσασα
3300 4049 3381 4110 είς
3431 4042 3781 4110 κατασκευὴν
3823 4038 3917 4092 τοῦ
3976 4036 4063 4106 μὴ

2478 4141 2623 4200 εἶναι
2676 4145 2738 4197 τὸ
2784 4142 3009 4211 Πνεῦμα
3055 4144 3119 4194 ἐκ
3172 4138 3269 4191 τοῦ
3321 4135 3583 4205 Χριστοῦ.
3645 4132 3810 4186 Ἀλλά
3857 4130 3952 4182 καὶ
3992 4128 4063 4178 τὸ

2482 4239 2680 4309 ἐφεξῆς
2719 4236 3065 4305 ἐπαγόμενον
3110 4233 3195 4293 τὸ,
3242 4250 3262 4281 ι
3316 4229 3350 4300 ἢ
3405 4229 3532 4298 παρ’
3583 4223 3932 4294 ἀμφοτέρων,
3980 4219 4061 4280 ὦς

2483 4349 2649 4401 φησιν
2677 4334 2705 4385 6
2733 4329 2994 4400 Χριστὸς,
3023 4346 3041 4379 t
3086 4327 3153 4379 Ὃ
3187 4325 3339 4394 παρά
3367 4321 3463 4375 τοῦ
3510 4318 3723 4387 Πατρὸς
3760 4312 4068 4383 ἐκπορεύε-

2483 4442 2597 4481 ται.
2648 4423 2743 4475 καὶ
2777 4416 2934 4482 οὗτος
2977 4421 3041 4471 ὲκ
3068 4416 3165 4469 τοῦ
3196 4414 3333 4483 ἐμοῦ
3367 4412 3626 4482 λήψεται,
3664 4428 3682 4457 ι
3726 4405 3929 4469 πολλὴν
3958 4403 4026 4471 τὴ
4047 4424 4067 4450 ι

804 4530 995 4583 ἄνοιαν
1056 4529 1357 4599 κατηγορεῖ
1397 4528 1505 4579 τῶν
1561 4525 1684 4576 ἀντὶ
1749 4522 1846 4574 τοῦ
1896 4521 2094 4584 εἰπεῖν,
2127 4537 2144 4569 ι
2182 4520 2248 4570 ὲκ
2302 4516 2397 4569 τοῦ
2440 4517 2652 4586 Πατρὺς
2695 4512 3048 4568 πιστεύεσθαι
3086 4510 3180 4563 τὸν
3224 4508 3485 4579 Χριστὸν,
3547 4502 3681 4555 Θεδν
3722 4503 3787 4553 ἐκ
3834 4495 3996 4559 Θεοῦ,
4040 4515 4063 4546 ι

805 4628 1097 4696 λεγόντων,
1151 4646 1169 4675 ι
1205 4625 1346 4678 Εἰδὲ
1394 4623 1630 4693 Χριστὸς
1663 4621 1726 4672 ὲκ
1752 4618 1849 4671 τοῦ
1882 4616 2201 4687 Πνεύματος
2247 4613 2589 4678 πιστεύεται,
2620 4612 2755 4672 Θεὸς
2805 4615 2868 4664 ὲκ
2924 4608 3088 4661 Θεοῦ.
3130 4625 3148 4658 ι

880 4777 968 4831 16.
1013 4774 1117 4827 Sed
1154 4786 1287 4826 sane
1319 4785 1445 4823 vere
1478 4782 1621 4822 caeca
1653 4781 1739 4818 res
1768 4772 1852 4819 est
1883 4759 2227 4831 imprOhitas,
2277 4775 2382 4813 sae-
2414 4788 2467 4847 Ι)

810 4884 983 4941 ιιρψιο
1028 4865 1229 4934 smpius
1264 4871 1316 4914 ct
1354 4870 1412 4913 ut
1438 4861 1730 4925 plurimum
1764 4858 2041 4925 sapientes
2065 4853 2289 4919 decipit.
2323 4852 2387 4923 Et

808 4963 905 5029 qui
940 4956 1315 5013 adulterandis
1346 4952 1649 5011 codicibus.
1686 4964 1992 5016 eorumque
2028 4947 2235 5016 scripto
2275 4959 2387 5000 tra-

810 5054 942 5108 ditis
974 5052 1133 5105 dictis
1160 5061 1355 5100 manus
1384 5044 1769 5101 admoverunt,
1815 5056 1923 5092 non
1970 5039 2103 5102 alio,
2131 5052 2301 5105 quam
2332 5043 2393 5088 ιιι

813 5144 1090 5215 propriam
1121 5136 1526 5195 contumaciam
1556 5140 1885 5193 tutarentur,
1937 5131 2001 5182 ad
2036 5130 2089 5183 id
2122 5129 2387 5196 agendum

815 5234 1047 5305 permoti
1078 5243 1227 5285 sunt.
1259 5230 1368 5284 Nos
1402 5243 1565 5297 porro
1611 5226 1721 5293 jam
1772 5224 1949 5275 dictas
1980 5223 2386 5287 corruptioncs,

812 5338 868 5381 et
898 5342 1085 5381 earum
1118 5330 1429 5377 commenta
1457 5320 1629 5374 iutilia
1662 5318 1982 5376 reteximus,
2028 5310 2159 5365 illud
2206 5322 2391 5364 osten-

816 5425 946 5473 dere
975 5426 1260 5477 conantes,
1292 5430 1396 5466 non
1430 5412 1633 5465 frustra
1671 5425 1771 5462 nos
1799 5407 2136 5463 asseruisse.
2176 5402 2390 5471 tc'mpus

820 5514 1091 5566 indicasse
1118 5507 1331 5562 dissidii
1366 5504 1661 5559 nonnullus
1704 5503 1753 5553 in
1786 5494 2164 5551 adulterandis
2203 5493 2398 5547 simili-

821 5604 925 5657 lnts
949 5602 1232 5656 srutentiis
1255 5614 1411 5653 suam
1446 5612 1667 5665 operam
1712 5593 2029 5646 eollm-assc.
2063 5587 2218 5652 Quod
2269 5596 2392 5638 cum

822 5697 1254 5747 demonstratum
1315 5691 1407 5753 sit,
1463 5689 1622 5741 simul
1691 5698 1909 5752 quoque
1962 5681 2394 5733 demonstratum

821 5792 993 5849 venit,
1036 5786 1427 5851 exemplarium
1492 5780 1754 5836 librorum
1805 5775 1984 5847 magni
2037 5772 2247 5833 Basilii,
2309 5767 2395 5822 illa

826 5879 1199 5939 commcntitia
1229 5894 1372 5941 esse,
1407 5879 1459 5929 in
1489 5875 1693 5945 quibus
1713 5872 1920 5927 dictum
1947 5861 2224 5927 “ﬂvens,
2267 5882 2284 5913 ι
2326 5860 2399 5915 Ex

2565 4764 2664 4821 ις’.
2712 4754 2853 4809 Ἀλλ’
2891 4752 3062 4813 ὅντως
3091 4746 3293 4815 τυφλὸν
3320 4748 3354 4815 ἠ
3399 4742 3589 4803 κακία,
3652 4741 3746 4793 καὶ
3793 4738 3919 4799 τοὺς
3972 4753 4076 4787 σο-

2495 4849 2629 4917 φοὺς
2658 4846 2765 4898 τῶν
2793 4843 3005 4911 ἀνδρῶν
3034 4838 3258 4908 σφάλλει
3288 4836 3363 4895 ὼς
3395 4834 3465 4887 τά
3490 4830 3679 4883 πολλά.
3714 4828 3825 4880 Καὶ
3848 4830 3898 4878 οἱ
3928 4825 4079 4894 πρὸς

2498 4940 2597 5009 τὴν
2644 4934 3006 5006 παραφθορὰν
3049 4930 3431 4997 ὲξενεχθέντες
3472 4923 3582 4977 τῶν
3632 4917 3920 4988 γραφικῶν
3974 4918 4082 4982 τιή-

2501 5051 2639 5085 σεων
2661 5030 2761 5082 οὐκ
2791 5025 3036 5087 ἄλλοθεν,
3069 5022 3185 5076 ἀλλ’
3220 5023 3285 5073 ἐκ
3327 5019 3488 5089 μόνου
3533 5014 3629 5067 τοῦ
3660 5009 3947 5082 βούλεσθαι
3983 5010 4040 5059 οἱ
4066 5038 4079 5046 ι

2499 5123 2655 5176 κείαν
2687 5117 2991 5185 πεισμονὴν
3028 5111 3299 5180 συστῆσαι
3328 5109 3463 5181 πρὸς
3488 5104 3647 5158 τοῦτό
3675 5120 3738 5169 γε
3773 5099 4082 5167 ἐξηνέχθη-

2501 5233 2621 5267 σαν.
2667 5212 2857 5279 Ἡμεῖς
2887 5209 2944 5261 δὲ
2967 5208 3064 5269 τάς
3086 5223 3147 5257 τε
3179 5202 3438 5275 ῥηθείσας
3472 5194 3855 5267 παραφθοράς,
3881 5192 3976 5242 τόν
4014 5208 4086 5243 τε

2500 5307 2595 5359 ἐπὶ
2657 5306 2779 5363 ταῖς
2861 5298 3140 5358 τοιαύταις
3207 5292 3593 5360 παραφθοραίς
3662 5285 4093 5354 διεσαφήσαμεν

2506 5399 2747 5466 ἔλεγχον,
2778 5391 3057 5453 ἀποδεῖξαι.
3086 5384 3483 5447 σπουδάζοντες
3521 5381 3595 5442 ὡς
3639 5378 3702 5431 ού
3734 5375 3911 5443 μάτην
3960 5375 4095 5425 ὲλέ-

2496 5505 2669 5558 γομεν
2704 5487 2795 5538 τὸν
2829 5486 2929 5550 τῆς
2979 5479 3309 5536 διαστάσεως
3355 5474 3549 5543 χρόνον
3589 5466 3865 5531 άναδεῖξαί
3920 5481 4094 5525 τινας

2506 5556 2742 5649 σπουδὴν
2778 5578 3043 5645 θεμένους
3070 5570 3278 5624 οἰκείαν
3306 5569 3405 5635 τὴν
3446 5565 3502 5617 ἔν
3547 5579 3657 5615 τισι
3706 5556 4092 5625 παραφθορὰν

2504 5673 2611 5728 τῶν
2647 5669 2935 5739 γραφικῶν
2964 5665 3234 5734 χρήσεων.
3267 5653 3456 5727 Οῦπερ
3489 5655 3584 5707 καὶ
3614 5650 4095 5715 ἀποδεδειγμένον

2506 5762 2990 5821 συναποδέδεικται
3039 5755 3101 5807 τὸ
3153 5752 3416 5820 ἐψεῦσθαι
3479 5747 3577 5814 μὶν
3625 5745 3695 5795 τὰ
3750 5742 4090 5808 ἀντίγραφα

2510 5859 2617 5913 τῶν
2648 5855 2743 5912 τοῦ
2784 5850 3022 5921 μεγάλου
3055 5844 3338 5900 Βασιλείαν
3374 5840 3593 5910 βίϐλων,
3632 5831 3718 5898 αἷς
3754 5836 3786 5904 ἡ
3849 5852 3865 5884 ι
3929 5832 4100 5898 παρὰ
