4214 6442
761 383 860 443 ΗΜ

754 774 939 841 qnirit,
971 775 1064 841 qui
1122 778 1386 847 scriptum
1446 784 1716 846 enucleat,
1767 789 2048 856 aptissime
2100 793 2318 859 dixerit,

756 864 896 919 hanc
928 869 1279 932 sententiam,
1345 874 1430 927 vel
1481 875 1581 928 hoc
1612 878 1859 940 verbum,

751 960 1129 1028 structionem,
1159 966 1431 1031 permittet
1448 967 1682 1025 fortasse
1703 973 1901 1034 oratio.
1927 975 2013 1029 vel
2036 980 2313 1041 concedet,

751 1052 830 1105 vel
866 1054 1143 1128 prtebebit,
1188 1058 1269 1110 vel
1292 1059 1421 1126 quid
1463 1061 1641 1117 simile
1676 1080 1739 1118 ex
1768 1066 1855 1128 iis,
1904 1084 2026 1137 qua:
2052 1070 2232 1125 verbis
2264 1084 2318 1128 et

748 1140 1019 1196 adverbiis
1044 1144 1227 1199 dubiis
1248 1159 1669 1207 connectuntur.
1694 1153 1886 1211 Nullus
1918 1158 2102 1225 itaque
2137 1176 2318 1216 rema-

746 1242 839 1286 net
872 1233 1041 1299 locns,
1083 1253 1257 1306 neque
1286 1241 1536 1309 fortasse,
1562 1260 1761 1314 neque,
1786 1263 1842 1302 stt
1863 1251 1921 1302 id
1945 1267 2150 1319 quoque
2189 1270 2316 1306 con-

744 1325 1014 1391 cedamus,
1038 1331 1314 1397 cogitandi
1363 1348 1392 1387 a
1430 1350 1629 1404 magno
1669 1336 1869 1392 Basilio
1922 1342 1973 1393 in
2002 1345 2111 1409 jam
2154 1344 2315 1399 dictis

744 1419 1069 1486 theolcigicis
1101 1426 1346 1492 apposita
1402 1426 1594 1492 fuisse,
1649 1437 1703 1483 et
1741 1430 1843 1485 hac
1873 1433 2085 1488 ratione
2120 1450 2313 1489 conse-

1775 400 1984 463 IOAN.
2021 405 2241 469 VECCI
2280 410 2391 473 CP.
2431 416 2942 483 PATRIARGH

760 502 903 561 latis,
938 508 991 553 et
1015 499 1146 554 nulli
1200 504 1617 561 contradictioni
1653 509 1928 578 obnoxiis,
1960 515 2088 570 illud
2128 521 2315 584 tradit,
2346 525 2393 585 Α
2423 527 2479 578 τὸ
2514 529 2685 598 ῥῆμα.
2720 534 2753 605 ἢ
2784 537 2848 605 si)

758 589 961 657 absque
987 591 1132 646 illius
1158 595 1388 662 fortasse
1418 598 1694 654 additione
1735 604 1969 675 scriptor
2006 612 2325 675 pronuntia-

757 682 888 736 verit
932 695 948 735 :
980 698 1105 736 cum
1132 699 1261 737 vero
1291 702 1412 755 quae
1450 693 1762 746 contexitur
1786 697 1962 753 oratio
1995 678 2225 767 fortasse
2248 720 2323 755 re-

2859 538 2941 590 νδε
2978 538 3077 606 τὴν
3116 541 3396 608 σύνταξιν.
3430 554 3825 621 παραχωρήσει
3855 558 3985 620 ἴσως

2424 621 2451 670 ὁ
2501 619 2658 687 λόγος
2708 624 2739 694 ἢ
2794 631 3139 699 συγχωρήσει
3194 634 3344 695 ἴσον,
3394 638 3425 705 ἢ
3480 619 3785 711 ἐκχωρήσει
3833 619 3980 710 faue.

2427 712 2459 775 ἦ
2499 730 2550 765 τι
2604 715 2731 779 τῶν,
2779 719 2877 771 ὅσα
2928 722 3040 783 τοῖς
3093 723 3460 790 διστακτικοῖς
3512 732 3981 798 ἔπισυμπλέκιται

2426 805 2636 874 ρῆμασί
2665 826 2722 860 τε
2758 812 2851 862 καὶ
2898 814 3296 884 ἑπιρρἡασιν.
3355 823 3468 875 Οὐκ
3517 822 3631 891 ἔχει
3684 827 3816 892 γοῦν
3862 848 3980 883 τινα

1895 884 1976 937 vel
2012 883 2152 939 lianc
2189 902 2322 941 con-
2421 898 2607 966 χώραν
2637 901 2696 952 τὸ
2719 902 2886 967 ἴσως,
2922 906 3015 955 καὶ
3040 883 3101 957 eo
3127 908 3204 960 li"
3236 911 3390 976 ὅλως
3436 883 3558 969 καὶ,

2316 917 2322 927 -
2421 898 2607 966 χώραν
2637 901 2696 952 τὸ
2719 902 2886 967 ἴσως,
2922 906 3015 955 καὶ
3040 883 3101 957 eo
3127 908 3204 960 lt"
3236 911 3390 976 ὅλως
3436 883 3980 986 καὶησυγίχωρήσω-

2419 1005 2555 1056 μεν,
2589 990 2793 1044 οἴεσθαι
2825 995 2975 1062 παρὰ
3006 996 3101 1048 τοῦ
3150 1000 3384 1067 μεγάλου
3444 1004 3727 1059 Βασιλεὶου
3773 1012 3980 1063 ἑκδεδόσ

2419 1079 2541 1131 σθαι
2570 1081 2660 1132 ἐπὶ
2691 1082 2791 1149 τῆς
2820 1085 3122 1154 εἰρημένης
3153 1090 3453 1157 θεολογίας.
3488 1095 3600 1147 Καὶ
3621 1095 3767 1150 οὕτω
3793 1099 3980 1153 λοιπὸν

2416 1170 2555 1220 κατὰ
2584 1171 2641 1222 τὸ
2681 1171 2857 1242 πάντη
2886 1174 3102 1243 βέϐαιον
3147 1180 3512 1247 ἀναφαίνεται
3542 1184 3637 1237 ἀπ’
3669 1188 3841 1256 αὐτῆς
3882 1193 3981 1258 τῆς

2415 1258 2556 1309 κατά
2588 1261 2766 1312 πᾶσαν
2787 1262 3034 1334 ἀνάγκην
3058 1267 3291 1321 νοεῖσθαι
3316 1272 3733 1346 άπαιτουμένης
3766 1279 3979 1342 ἐννοίας

2414 1349 2739 1418 προσθήκην
2781 1348 2919 1405 εἶναι
2968 1356 3058 1422 τὸ,
3110 1356 3277 1424 ἴσως,
3311 1363 3407 1414 καὶ
3456 1365 3518 1416 τὸ
3569 1366 3648 1418 lr‘
3699 1366 3856 1433 ὅλως
3879 1371 3977 1421 καὶ

2412 1440 2923 1510 συγχωρήσωμεν.
3696 1478 3700 1481 π

743 1523 973 1575 quenter
1020 1524 1276 1586 tanquam
1320 1520 1685 1574 certissimum
1736 1536 2036 1596 comparet,
2093 1543 2156 1581 ex
2191 1529 2305 1597 ipsa
2346 1546 2468 1597 quae
2494 1535 2804 1588 necessario
2835 1544 2889 1590 et
2914 1538 3090 1594 modis
3121 1543 3379 1598 omnibus
3438 1549 3707 1603 sententia
3733 1550 3972 1609 elicitur.

740 1602 1014 1671 fortasse,
1045 1616 1119 1667 et,
1151 1618 1207 1659 ut
1238 1608 1293 1660 id
1320 1625 1522 1679 quoque
1564 1616 1934 1682 concedamus,
1973 1619 2306 1673 additionem
2337 1637 2479 1676 esse.

812 1698 864 1753 3.
890 1697 1022 1753 lllud
1058 1715 1219 1769 porro
1250 1706 1527 1772 quomodo
1570 1709 2032 1777 comprehendere
2065 1727 2169 1766 non
2206 1728 2307 1780 po-

2482 1723 2552 1784 γ’.
2593 1719 2802 1774 Ἐκεῖνο
2830 1723 2885 1776 δὲ
2906 1723 3023 1786 πῶς
3048 1727 3109 1778 οὐ
3134 1728 3364 1781 συνιδεῖν
3393 1730 3573 1799 ἓτχον,
3610 1733 3748 1800 ὅπερ
3781 1735 3809 1804 ἡ
3837 1736 3972 1789 ἐπα-

743 1799 981 1856 tuerunt,
1000 1792 1145 1861 quod
1176 1795 1429 1850 universa
1453 1798 1692 1852 inductio
1714 1803 2058 1870 apertissime
2079 1806 2309 1859 astruit?
2341 1817 2382 1876 Β

2305 1810 2309 1830 ’
2341 1817 2382 1876 Β
2413 1808 2568 1876 γωγὴ
2603 1811 2751 1862 πᾶσα
2777 1812 3109 1882 παρίστησιν
3136 1818 3416 1887 ἑναργῶςς
3448 1792 3508 1874 ἐξ
3537 1792 3647 1893 γάρ
3665 1792 3969 1896 δυσχερῶς.

741 1881 951 1935 Etenim
989 1884 1033 1936 si
1078 1884 1386 1950 diliiculter,
1425 1896 1483 1941 ut
1522 1888 1623 1957 ipsi
1652 1890 1828 1957 aiunt,
1864 1902 1918 1947 et
1942 1893 2224 1958 violenter,
2253 1908 2305 1951 et

741 1985 800 2029 ut
821 1976 1089 2044 quispiam
1131 1977 1337 2032 diceret
1363 1981 1617 2045 invitum,
1642 1991 1697 2037 et
1724 1996 1914 2039 coacte
1948 1985 2049 2040 sibi
2085 1989 2306 2055 permit-

737 2072 939 2118 tentem
995 2081 1025 2119 a
1078 2081 1139 2120 se
1190 2067 1309 2135 ipso
1360 2080 1604 2124 sanctum
1668 2074 1968 2130 extorsisse
1993 2075 2152 2130 verba
2189 2077 2302 2139 illa,

739 2155 1001 2224 Spiritum
1057 2175 1180 2214 esse
1216 2162 1517 2215 secundum
1571 2178 1600 2215 a
1662 2164 1805 2220 Filio
1865 2166 2150 2235 dignitate,
2197 2185 2302 2238 qua

736 2251 948 2303 ratione
990 2254 1315 2306 sententiam
1358 2254 1517 2308 istam
1576 2260 1990 2333 constaliiliens,
2045 2269 2121 2314 tot
2153 2262 2304 2315 dein-

735 2328 863 2409 ceps
895 2341 961 2395 de
992 2341 1248 2397 secundis
1277 2344 1553 2411 dignitatis
1586 2346 1824 2413 partibus
1870 2328 2032 2405 verba
2064 2352 2301 2415 infervit,

736 2440 795 2484 ut
852 2447 959 2484 non
994 2442 1201 2486 tantum
1261 2438 1530 2489 secundas
1577 2436 1698 2492 Filii
1756 2448 1935 2507 partes
1973 2457 2003 2495 a
2045 2441 2200 2496 Patre
2235 2446 2299 2497 ad

734 2523 1091 2578 dicendorum
1129 2526 1505 2595 probationem
1554 2543 1884 2595 assumeret,
1944 2536 2035 2588 sed
2068 2536 2299 2589 similem

735 2601 1052 2684 angelorum
1114 2630 1366 2675 naturam
1414 2624 1642 2693 insuper
1687 2625 1929 2690 adderet,
1960 2638 2013 2682 et
2046 2629 2304 2698 pleraque

734 2709 802 2761 de
830 2723 1020 2762 eorum
1053 2712 1408 2778 dignitatibus
1440 2716 1649 2784 scripto
1679 2718 2046 2784 consignaret,
2102 2736 2304 2789 quous~

732 2812 840 2868 que
869 2801 1079 2883 tandem
1100 2810 1156 2854 et
1179 2802 1308 2856 illud
1336 2809 1733 2872 pronuntiaret,
1758 2827 1776 2858 ι
1806 2809 1924 2861 Νου
1950 2824 2129 2875 omne,
2158 2815 2301 2879 quod

731 2892 925 2947 ordine
956 2904 1008 2947 et
1038 2895 1297 2964 dignitate
1324 2900 1623 2951 secundum
1653 2909 1747 2954 aut
1768 2902 1989 2956 tertium
2023 2911 2127 2968 est,
2158 2904 2299 2958 idem

732 3006 787 3048 et
817 2995 1084 3049 diversam
1125 3007 1373 3051 naturam
1438 3001 1644 3055 habet?
1684 3022 1702 3053 ι
1738 3002 1795 3057 Si
1842 3014 2034 3061 coacte
2074 3019 2302 3064 sanctus

732 3080 984 3143 dixisset,
1017 3079 1278 3148 Spiritum
1309 3084 1611 3138 secundum
1640 3101 1761 3141 esse
1802 3102 1830 3141 a
1858 3088 1996 3143 Filio
2016 3090 2299 3159 dignitate,

733 3171 965 3226 fortasse
991 3173 1155 3226 etiam
1210 3174 1414 3228 cursim
1472 3174 1602 3228 illud
1662 3178 2033 3244 pra-teriisset,
2082 3189 2143 3232 ut
2173 3168 2367 3234 ρηωο

732 3278 967 3331 quoque,
992 3266 1083 3333 qui
1116 3278 1226 3317 non
1257 3264 1328 3319 ita
1352 3274 1558 3320 attente
1590 3280 1699 3319 rem
1723 3270 2106 3331 examinasset.
2146 3272 2295 3326 falle-

737 3361 836 3404 ret.
876 3350 1260 3409 erumtameu
1321 3356 1410 3410 ille
1453 3356 1934 3414 in‘dissertationc
1986 3362 2053 3415 de
2101 3377 2167 3416 eo
2224 3363 2297 3417 ita

732 3444 1009 3508 perdurat,
1038 3452 1098 3497 ut
1128 3460 1237 3498 non
1269 3454 1505 3513 tantum,
1540 3458 1828 3518 postquam
1883 3452 2052 3508 multa
2117 3454 2185 3509 de
2223 3455 2300 3508 di-

731 3532 1035 3600 gnitatibus
1058 3536 1372 3603 angelorum
1399 3539 1754 3607 disputasset,
1794 3541 2095 3606 induceret,
2118 3566 2140 3598 ι
2176 3544 2295 3599 Νοη

730 3625 974 3685 ριιιιιίιιο.
1005 3627 1050 3681 si
1102 3629 1233 3697 quid
1258 3640 1343 3683 est
1383 3632 1575 3685 ordine
1606 3644 1661 3686 et
1692 3634 1956 3703 dignitate
1995 3637 2294 3690 secundum

732 3727 823 3771 ant
857 3718 1098 3781 tertium,
1132 3720 1353 3775 habebit
1403 3731 1459 3777 et
1508 3731 1761 3779 naturam
1812 3726 2113 3791 diversam,
2152 3747 2171 3780 ι
2200 3730 2295 3783 sed

727 3832 781 3873 et
840 3824 1025 3889 paucis
1068 3825 1369 3895 interiectis
1418 3827 1683 3890 adderet,
1748 3846 1767 3878 ς
1821 3829 2294 3895 Quemadmodum

732 3913 913 3967 multa:
942 3917 1254 3973 mansiones
1296 3919 1436 3986 apud
1473 3917 1714 3982 Patrem,
1743 3920 2068 3990 dignitatum
2104 3940 2297 3993 nempe

729 4005 1093 4061 diversitates.
1132 4009 1334 4063 Natura
1372 4026 1499 4064 vero
1528 4012 1724 4067 similis
1754 4028 1969 4076 eorum,
2004 4017 2093 4085 qui
2123 4017 2292 4086 glori.

731 4098 979 4151 ﬁt'ﬂllllll’.
1012 4098 1102 4152 Sic
1134 4100 1374 4169 profecto
1400 4109 1454 4155 et
1490 4100 1727 4171 Spiritus
1764 4118 1986 4162 sanctus
2034 4109 2296 4178 dignitate

729 4189 945 4256 quidem
971 4191 1232 4245 etordine
1261 4193 1450 4247 tertius
1468 4202 1571 4247 est.
1598 4193 1921 4264 Accepimus
1944 4199 2088 4252 enim
2119 4202 2291 4269 ipsum

730 4280 947 4332 tertium
981 4297 1008 4334 a
1039 4280 1197 4362 Patre
1226 4294 1278 4337 et
1317 4283 1455 4338 Filio
1491 4295 1859 4352 numeratum,
1895 4304 2018 4343 cum
2047 4291 2160 4359 ipse
2190 4291 2294 4347 Do-

727 4386 910 4439 minus
941 4386 993 4439 in
1026 4387 1314 4442 traditione
1367 4389 1622 4444 salutaris
1653 4391 1997 4461 baptismatis
2042 4397 2290 4451 ordinem

2410 1900 2485 1963 ὼς
2515 1901 2668 1954 αὐτοί
2709 1922 2862 1971 φασι,
2895 1907 2988 1958 καὶ
3024 1908 3121 1958 σὺν
3166 1909 3276 1977 βίᾳ,
3313 1913 3428 1975 καὶ,
3488 1914 3564 1977 ὼς
3603 1917 3671 1970 ἂν
3710 1934 3798 1981 τις
3833 1921 3971 1989 ἐρεῖ,

2407 1992 2547 2045 κατά
2567 2011 2687 2045 τινα
2736 1995 2995 2049 ἀκούσιον
3049 2001 3446 2072 παραχώρησιν
3475 2006 3697 2070 ἐδέξατο
3737 2012 3765 2063 ὁ
3814 2011 3973 2079 άγιος

2406 2083 2581 2137 εἰπεῖν
2639 2086 2699 2138 τὸ
2761 2087 2982 2157 Πνεῦμα
3029 2090 3280 2161 δεύτερον
3329 2094 3423 2148 τοῦ
3484 2097 3612 2151 Υἱοδ
3670 2099 3969 2171 ἀξιώματι.

2406 2176 2523 2237 πῶς
2552 2175 2642 2228 διὰ
2692 2178 2794 2245 τὴν
2834 2180 2931 2248 τῆς
2980 2182 3191 2245 ἐννοίας
3231 2186 3436 2258 ταύτης
3477 2194 3830 2261 κατασκευὴν
3884 2211 3972 2247 τοι·

2414 2268 2605 2321 σοῦτον
2636 2271 2833 2340 ἐφεξῆς
2873 2274 2985 2334 τοῖς
3019 2280 3147 2342 περὶ
3178 2277 3274 2329 τοῦ
3312 2280 3369 2331 ὲν
3391 2279 3468 2348 τῷ
3491 2280 3783 2353 δευτερείῳ
3808 2284 3973 2349 ἀξίὼ-

2407 2376 2571 2428 ματος
2611 2361 3011 2430 ἐμπλατύνεται
3061 2366 3259 2435 λόγοις,
3310 2372 3380 2433 ὡς
3417 2373 3490 2440 μὴ
3530 2373 3691 2441 μόνον
3745 2376 3804 2428 τὸ
3832 2379 3968 2447 πρὸς

2402 2452 2495 2505 τὸν
2514 2455 2733 2524 Πατέρα
2770 2457 3074 2528 δευτερεῖον
3104 2459 3197 2513 τοῦ
3227 2463 3356 2514 Υἱοῦ
3386 2466 3463 2526 ei;
3494 2471 3857 2539 κατασκευὴν.
3889 2467 3963 2523 ὧν

2407 2546 2588 2612 λέγειν
2613 2546 2893 2615 ἠϐούλετο,
2932 2552 3285 2620 παραλαόεῖν,
3315 2556 3452 2609 ἀλλά
3493 2559 3587 2611 καὶ
3632 2561 3691 2613 τὸ
3732 2564 3971 2630 ὀμοφυὲς

2402 2638 2512 2690 τῶν
2540 2639 2791 2707 ἀγγέλων
2823 2645 3168 2711 προσθεῖναι,
3213 2648 3306 2700 καὶ
3352 2648 3522 2703 πολλὰ
3575 2654 3707 2721 περὶ
3754 2653 3864 2704 τῶν
3912 2656 3971 2705 ἐν

2403 2729 2589 2794 αὐτοῖς
2619 2733 2950 2801 ἀξιωμάτων
2998 2735 3435 2809 λογογραφῆσαι,
3470 2741 3638 2812 μέχρι
3690 2743 3783 2797 τοῦ
3833 2748 3972 2797 ἑπα-

2402 2826 2615 2888 γαγεῖν,
2663 2842 2681 2874 ι
2721 2826 2795 2876 Οὐ
2829 2826 2961 2886 πᾶν,
2996 2826 3050 2877 εἴ
3090 2846 3142 2881 τι
3171 2831 3237 2898 τῇ
3266 2829 3418 2894 τάξει
3449 2833 3545 2884 καὶ
3585 2833 3662 2901 τῷ
3692 2832 3967 2903 ἀξιώματι

2400 2914 2654 2983 δεύτερόν
2676 2917 2789 2968 ἐστι
2822 2917 2916 2968 καὶ
2946 2918 3147 2987 τρίτον,
3178 2920 3339 2973 τοῦτο
3380 2924 3472 2975 καὶ
3497 2924 3596 2993 τὴν
3640 2926 3803 2992 φύσιν
3852 2929 3970 2981 ὲτέ-

2404 3024 2505 3076 ραν
2552 3006 2706 3076 ἔχεις
2767 3008 2830 3060 Ei
2888 3011 3300 3079 περιπατικῶς
3350 3014 3569 3083 εἰρήκει
3605 3016 3634 3067 ὁ
3691 3016 3847 3083 ἆγιος
3905 3020 3967 3069 τὸ

2404 3099 2630 3169 Πνεῦμα
2678 3101 2932 3171 δεύτερον
2985 3104 3081 3155 τοῦ
3127 3104 3259 3157 Υἱοῦ
3314 3106 3391 3175 τῷ
3416 3106 3711 3177 ἀξιώματι,
3745 3112 3864 3180 τάχ’
3896 3110 3961 3164 ἂν

2401 3191 2493 3242 καὶ
2526 3191 2647 3242 κατ’
2674 3192 2977 3262 ἐπιδρομὴν
3006 3196 3287 3263 παρῆλθεν
3316 3197 3466 3261 αὐτὸ,
3500 3199 3577 3260 ὼς
3623 3202 3718 3253 καὶ
3767 3202 3968 3257 λανθά-

2400 3301 2513 3334 νειν
2543 3286 2729 3354 σχεδὸν
2754 3287 2862 3339 τῶν
2889 3287 2963 3357 μὴ
2991 3289 3170 3357 πάντη
3193 3290 3626 3360 ὲπεσκεμμένως
3652 3294 3785 3349 αὐτὸ
3807 3298 3967 3367 ἐπερ-

2400 3376 2651 3444 χόμενον.
2699 3377 2758 3430 Ὀ
2785 3377 2843 3430 δὲ
2875 3378 2991 3431 ἀλλ’
3029 3380 3173 3432 οὕτω
3203 3383 3454 3451 ἐπιμένει
3488 3387 3609 3448 ταῖς
3636 3388 3767 3454 περὶ
3798 3389 3963 3441 αὑτοῦ

2402 3470 2648 3537 ῥήσεσιν,
2679 3469 2755 3531 ὡς
2790 3472 2866 3539 μὴ
2892 3472 3054 3541 μόνον
3078 3474 3216 3543 μετά
3241 3474 3302 3526 τὸ
3330 3476 3502 3529 πολλά
3547 3477 3964 3548 λογογραφῆσαι

2407 3559 2675 3627 περὶτῶν
2721 3560 2779 3610 ὲν
2805 3563 3057 3627 ἀγγέλοις
3097 3563 3423 3628 ἀξιωμάτων
3463 3567 3788 3635 ἐπαγαγεῖν,
3829 3590 3849 3622 ι
3881 3573 3957 3624 Οὐ

2402 3651 2620 3712 πάντως
2653 3651 2706 3703 εἷ
2728 3667 2781 3703 τι
2819 3654 2885 3721 τῇ
2930 3653 3085 3717 τάξει
3128 3656 3220 3707 καὶ
3264 3655 3342 3723 τῷ
3389 3656 3665 3727 ἀξιώματι
3707 3660 3965 3728 δεύτερόν

2398 3742 2512 3793 ἐστι
2546 3745 2639 3795 καὶ
2669 3743 2850 3813 τρίτον
2872 3745 3053 3809 τοῦτο,
3084 3748 3178 3799 καὶ
3202 3746 3302 3816 τὴν
3328 3747 3495 3815 φύσιν
3529 3751 3721 3821 ἑτέραν
3755 3751 3901 3821 ἔχει.
3936 3774 3953 3806 ι

2410 3833 2571 3885 Ἀλλὰ
2612 3836 2706 3886 καὶ
2747 3832 2906 3899 αὖθις
2949 3838 3068 3905 μετ’
3109 3838 3266 3904 ὀλίγα
3311 3843 3650 3908 προσθεῖναι,
3704 3861 3724 3894 ι
3753 3845 3962 3912 Ὠσπερ

2397 3924 2591 3978 πολλαὶ
2626 3929 2787 3994 μοναὶ
2822 3929 2973 3998 παρά
3002 3928 3082 3998 τῷ
3106 3930 3303 4002 Πατρὶ,
3332 3933 3615 3987 τουτέστιν
3636 3933 3963 4005 ἀξιωμάτων

2394 4018 2649 4086 διαφοραί
2677 4035 2691 4050 ⁸
2729 4018 2893 4085 φύσις
2916 4021 2971 4072 δὲ
2998 4020 3160 4088 ὁμοία
3212 4022 3322 4074 τῶν
3362 4024 3739 4093 δοξαζομένων
3770 4044 3782 4056 ⁸
3820 4026 3963 4079 οὕτω

2394 4110 2635 4181 δηλονότι
2689 4111 2784 4164 καὶ
2832 4113 2893 4163 τὸ
2946 4112 3171 4179 Πνεῦμα
3210 4114 3269 4165 τὸ
3324 4114 3482 4181 ἅγιον
3523 4116 3803 4186 ἀξιώματι
3862 4120 3961 4188 μὲν

2394 4201 2704 4271 ὑποῦέὄηκε
2754 4205 2848 4256 καὶ
2915 4203 3109 4267 τάξειε
3180 4209 3599 4277 παρειλήφαμεν
3665 4212 3775 4281 γάρ
3830 4214 3964 4266 αὐτὸ

2393 4294 2575 4365 τρίτον
2602 4295 2709 4348 ἀπὸ
2761 4297 2977 4367 Πατρὸς
3013 4300 3104 4349 καὶ
3139 4298 3267 4350 Υἴοῦ
3317 4300 3744 4369 ἀριθμούμενον,
3794 4305 3959 4357 αὑτοῦ

2394 4386 2489 4439 τοῦ
2522 4388 2735 4458 Κυρίου
2766 4390 2824 4440 ἐν
2853 4391 2917 4457 τῇ
2947 4389 3246 4457 παραδόσει
3297 4391 3392 4443 τοῦ
3434 4394 3707 4462 σωτηρίου
3763 4396 3964 4463 βαπτὶ-

726 4476 1032 4529 tradiderit.
1080 4474 1135 4529 In
1185 4486 1433 4531 naturam
1489 4491 1670 4533 autem
1731 4484 1941 4535 tertiam
1980 4500 2006 4535 a
2042 4484 2179 4537 Filio
2235 4497 2369 4576 etD

2316 4518 2369 4576 Β
2396 4494 2603 4544 σματος
2641 4479 3087 4547 παραδεδωκότος
3128 4481 3225 4549 τὴν
3278 4480 3433 4545 τάξιν
3453 4486 3532 4544 εἰς
3560 4485 3726 4551 φύσιν
3749 4483 3807 4537 δέ
3839 4503 3961 4538 τινα

726 4566 886 4620 Patre
935 4565 1205 4633 dejectum
1261 4567 1524 4636 Spiritum
1582 4586 1849 4638 numquam
1900 4574 2229 4632 audivimus.
2266 4597 2284 4629 ι

726 4654 954 4709 Huucne
998 4656 1051 4710 in
1096 4657 1341 4720 modum,
1374 4660 1467 4727 qui
1498 4659 1753 4727 dogmata
1788 4667 2030 4727 ttadunt,
2071 4668 2122 4719 in
2169 4684 2290 4720 ser-

726 4762 913 4800 mones
970 4747 1346 4811 ell'unduntur,
1416 4765 1539 4803 cum
1595 4752 1859 4807 violenter
1902 4764 2063 4825 atque
2105 4769 2292 4814 coacte

725 4840 791 4891 de
836 4839 944 4891 illis
990 4840 1117 4907 sibi]
1146 4855 1453 4894 sermonem
1509 4845 1731 4897 concedi
1767 4849 2144 4915 cognoscunt?
2176 4848 2288 4904 Non

724 4938 810 4983 est
838 4930 959 4991 hoc,
986 4945 1115 4984 non.
1154 4930 1391 4986 Facilius
1418 4935 1563 4987 enim
1592 4950 1711 4989 sese
1756 4946 1978 4991 sanctus
2019 4942 2293 5007 expediis-

725 5032 826 5081 set,
852 5021 1235 5076 demonstrans
1273 5023 1402 5077 falsa
1440 5016 1684 5080 asserere
1713 5044 1858 5089 entu,
1896 5030 1987 5096 qni
2026 5032 2288 5100 Spiritum

725 5112 1025 5164 sumundum
1060 5128 1088 5165 ιι
1136 5111 1276 5166 Filio
1312 5115 1506 5168 ordine
1541 5125 1596 5169 et
1636 5118 1898 5185 dignitate
1937 5122 2287 5190 adﬁrmabat,

721 5218 887 5271 quam
922 5204 963 5255 si
990 5205 1279 5260 admittens
1310 5208 1548 5276 Spiritus
1570 5225 1599 5262 a
1624 5208 1762 5263 Filio
1787 5221 1966 5279 partes
1993 5219 2285 5278 secundas,

724 5310 1070 5364 summopere
1097 5298 1421 5362 elaboraret,
1458 5303 1522 5353 ad
1557 5302 1683 5357 illud
1719 5310 2284 5370 commnnstrandum,

722 5402 960 5455 quanam
994 5390 1206 5441 ratione
1237 5392 1379 5457 quod
1412 5402 1492 5445 est
1523 5395 1711 5446 Ordine
1734 5404 1786 5447 et
1807 5394 2067 5463 dignitate
2095 5400 2287 5452 sec'un-

724 5481 875 5539 dum,
911 5495 1013 5530 non
1046 5481 1183 5533 idem
1216 5493 1361 5537 esset
1389 5496 1439 5535 et
1472 5494 1662 5539 natura
1690 5490 2007 5541 secundum.

792 5570 845 5622 4.
884 5570 978 5623 His
1030 5575 1207 5641 itaque
1262 5576 1599 5627 mendacium
1647 5587 1829 5644 aperte
1868 5579 2289 5646 deprehenditur

725 5667 1085 5718 asserentium
1120 5680 1147 5716 ιι
1185 5675 1372 5717 saneto
1407 5667 1723 5720 adverbium
1762 5669 1988 5737 fortasse
2012 5674 2155 5738 quod
2182 5674 2288 5725 hau

727 5753 1035 5803 sitatianem
1059 5754 1359 5819 ingenerat,
1379 5761 1685 5822 appositum
1709 5755 1895 5811 fuisse.
1923 5757 2114 5811 'l'ntum
2142 5765 2285 5811 enim

731 5845 817 5895 die
859 5845 1096 5898 studium
1141 5844 1455 5903 coniciebat
1508 5863 1689 5911 suum,
1733 5849 1797 5901 ad
1838 5849 1964 5903 illud
2019 5849 2285 5902 amolien-

2393 4568 2585 4637 τρίτην
2611 4570 2721 4621 ἀπὸ
2749 4568 2876 4621 Υἱοῦ
2912 4571 3001 4621 καὶ
3034 4571 3246 4640 Πατρδς
3269 4570 3669 4640 ὲκῦαλλὸμενον
3726 4575 3963 4644 οὐδαμοῦ

2398 4660 2825 4730 μεμαθήκαμεν.
2867 4680 2885 4711 ι
2943 4660 3099 4713 Οὕτω
3147 4664 3270 4724 ταῖς
3317 4665 3547 4733 ρήσεσιν
3594 4668 3645 4717 oi
3700 4666 3964 4738 δογματί-

2394 4751 2577 4813 ζοντες
2606 4752 3070 4820 ὲμπλατύνονται,
3112 4746 3198 4814 αἷς
3233 4754 3265 4823 ἡ
3315 4755 3457 4807 κατὰ
3494 4755 3556 4807 τὸ
3605 4757 3783 4823 βίαιον
3834 4776 3967 4826 συγ-

2394 4837 2639 4908 χώρησις
2661 4840 2870 4893 ἔνεστιν
2899 4858 2911 4903 ;
2946 4842 3058 4893 Οὐκ
3088 4840 3203 4892 ἐστι
3237 4843 3418 4900 τοῦτο.
3456 4845 3556 4897 οὐκ
3602 4846 3737 4899 ἔστι.
3800 4848 3961 4917 Ῥᾷον

2393 4932 2502 4999 γὰρ
2526 4931 2592 4983 ἂν
2617 4927 2685 4999 ἦν
2716 4930 2792 4998 τῷ
2816 4932 2959 4999 ἁγίῳ
3007 4933 3099 4982 τὸν
3133 4932 3319 4999 ἀγῶνα
3359 4934 3539 4987 πάντα
3592 4938 3958 5003 ἐνδείξασθαι,

2392 5026 2529 5094 πρὸς
2555 5025 2617 5077 τὸ
2645 5025 2926 5087 ἀποδεῖξαι
2950 5025 3283 5096 ψευδόμενον
3332 5027 3425 5077 τὸν
3474 5027 3533 5079 τὸ
3577 5030 3799 5098 Πνεῦμα
3833 5033 3957 5087 δευ-

2392 5134 2550 5186 τερον
2583 5114 2680 5167 τοῦ
2714 5115 2846 5168 Υῐοῦ
2899 5117 3052 5181 τάξει
3105 5133 3166 5168 τε
3221 5117 3649 5186 καὶςάξιώματι
3704 5121 3953 5186 λέγοντα,

2390 5209 2423 5279 ἢ
2450 5208 2731 5277 δεξαμένῳ
2760 5208 2825 5260 τὸ
2855 5207 2992 5277 πρὸς
3019 5208 3110 5261 τὸν
3134 5208 3265 5260 Υἱὸν
3307 5208 3610 5277 δευτερεῖον
3658 5212 3750 5263 τοῦ
3779 5214 3948 5266 Πνεύ-

2395 5316 2586 5367 ματος,
2624 5299 2815 5351 ἔπειτα
2868 5299 3112 5368 μεγάλην
3162 5299 3447 5351 ποιεῖσθαι
3508 5301 3766 5370 σπουδὴν,
3838 5303 3959 5363 πῶς

2392 5390 2458 5444 ἂν
2489 5391 2834 5461 ἀποδειχθείη
2891 5392 2952 5443 τὸ
2983 5394 3049 5460 τῇ
3069 5392 3233 5456 τάξει
3263 5393 3359 5443 καὶ
3384 5392 3463 5460 τῷ
3514 5392 3791 5462 ἀξιώματι
3827 5394 3949 5447 δεύει

2389 5498 2548 5551 τερον
2583 5484 2655 5551 μὴ
2687 5486 2780 5534 καὶ
2803 5486 2869 5551 τῇ
2909 5484 3070 5550 φύσει
3107 5482 3365 5548 δεύτερον
3390 5478 3553 5535 εἶναι.

2462 5574 2525 5626 δ’.
2556 5577 2654 5626 Διὰ
2683 5573 2813 5640 γοῦν
2868 5574 3040 5627 ταῦτα
3100 5575 3159 5625 τὸ
3194 5574 3389 5643 ψεῦδος
3438 5573 3709 5643 πρόδηλον
3754 5573 3959 5640 67:91]-

2390 5665 2619 5730 λεγκται
2652 5665 2759 5718 τῶν
2801 5666 3069 5729 λεγόντων
3116 5667 3268 5731 παρὰ
3322 5664 3414 5716 τοῦ
3464 5666 3621 5730 ἀγξου
3675 5661 3953 5733 εἰρῆσθαι.

2390 5759 2452 5811 τὸ
2486 5757 2855 5814 ὄιστακτικὸν.
2894 5757 3060 5819 ictuc,
3094 5758 3399 5829 ὲπῤῥρημα.
3460 5758 3614 5808 Πᾶσα
3668 5759 3781 5823 γάρ
3803 5754 3955 5819 αὑτῲ

2390 5854 2426 5919 ἡ
2456 5851 2657 5914 σπουδὴ
2691 5850 2825 5917 πρὸξ
2852 5848 2911 5900 τὸ
2941 5852 3089 5914 παρὰ
3126 5848 3217 5898 τοῦ
3263 5849 3735 5918 Πνευματομάχου
3788 5848 3955 5898 Εονο-
