4214 6442
706 412 807 473 187

1724 413 1936 475 JOAN-
1986 410 2199 473 VECCI
2239 410 2351 469 (ΣΡ.
2397 410 2907 475 PATRIARCILE

3848 394 3950 463 188

709 536 892 592 passe,
943 532 1005 576 ut
1051 533 1352 577 necessitas
1395 522 1549 577 illum
1593 524 1977 592 compellebat.
2019 524 2328 579 atlversusl

2408 522 2461 582 ἱις
2519 522 2587 574 ἀν
2651 522 2683 590 ἡ
2742 523 2902 591 χρεία
2955 519 3122 574 αὐτὸν
3176 513 3621 584 κατηνάγκασεν,
3678 508 3811 578 πρὸς
3851 510 3953 568 τὰς

709 620 1035 666 enascentes
1080 610 1316 668 haereses
1365 613 1754 668 decertantem.
1792 632 1811 665 ι
1861 613 1927 668 Ει
1971 613 2027 667 hi
2058 614 2279 684 quidem

710 701 829 755 haec
859 702 1132 771 inquiunt.

782 793 838 848 2.
866 793 976 847 Nos
1003 810 1133 849 vero
1176 796 1439 849 adversus
1484 808 1673 849 eorum
1718 796 1975 850 eﬂ‘renem
2017 797 2281 867 impetum

713 886 926 940 obviam
958 896 1150 941 euntes
1173 926 1188 950 ,
1246 904 1351 941 non
1384 890 1462 941 sic
1494 888 1815 957 simpliciter
1847 899 1901 943 et
1944 905 2009 944 ex
2050 891 2281 945 aliarum

712 977 1037 1040 dictionum,
1089 981 1291 1047 scripto
1314 981 1690 1034 mandatarum
1723 981 2062 1043 collectione,
2099 984 2191 1036 sed
2216 998 2285 1037 ex

712 1069 899 1124 eadem
962 1070 1075 1137 ipsa
1103 1069 1211 1136 jam
1250 1071 1464 1124 laudata
1513 1073 1763 1124 oratione
1819 1082 2028 1125 tantum
2061 1077 2284 1127 menda-

714 1162 859 1214 cium
908 1176 1031 1214 esse
1081 1161 1433 1215 refellendum
1494 1164 1859 1225 decerninuis,
1899 1175 1951 1217 et
2001 1163 2165 1217 simili
2200 1182 2288 1218 ra-

716 1246 886 1311 tione.
922 1252 1235 1307 Dividamus
1262 1256 1528 1309 orationis
1567 1265 1931 1323 segmentum,
1958 1271 2067 1323 quo
2097 1259 2288 1310 adrero

716 1344 849 1398 sarii
884 1345 1030 1399 ducti
1065 1348 1436 1412 pronuntiant,
1463 1364 1569 1399 non
1605 1347 1787 1400 omnia
1819 1347 2118 1415 theologica
2143 1349 2289 1403 dicta

716 1435 897 1503 magni
932 1435 1133 1499 Basilii
1179 1436 1484 1490 firmitatem
1524 1438 1744 1497 habere,
1796 1448 1848 1489 et
1899 1439 2147 1503 praesenti
2188 1441 2291 1494 hoc

717 1536 902 1586 nostro
931 1542 1184 1583 sermone
1235 1529 1534 1583 referamus
1568 1546 1580 1580 :
1616 1540 1728 1583 tum
1774 1540 1959 1598 postea
1989 1546 2111 1599 qua:
2138 1531 2205 1583 de
2226 1528 2288 1585 ea

717 1617 878 1676 nobis
898 1618 1181 1682 .videntur,
1225 1634 1561 1687 regeremus,
1613 1620 1693 1673 sic
1722 1619 2031 1674 auditorum
2065 1623 2292 1676 rectituo

716 1706 829 1760 dini
878 1708 1298 1771 decernendum,
1338 1709 1731 1778 relinquemus,
1780 1726 1849 1764 an
1880 1714 2065 1766 omnia
2108 1715 2290 1783 magni

718 1795 907 1851 Basilii
946 1800 1087 1854 dicta
1132 1802 1433 1868 theologica
1490 1804 1803 1858 ﬁrmitatem
1860 1806 2116 1871 habeant,
2147 1809 2291 1875 quod

719 1886 810 1941 ille
853 1889 1182 1946 dictionibus
1228 1909 1360 1946 usus
1409 1903 1493 1947 est
1538 1896 1647 1947 alio
1675 1906 1837 1964 atque
1889 1899 1997 1951 alio
2052 1908 2297 1967 tempore

718 1977 951 2033 diversis
976 2018 992 2042 ,
1039 1981 1297 2036 adversus
1345 1994 1565 2038 exortas
1611 1987 1775 2039 certis
1810 1989 2145 2056 temporibus
2181 1991 2295 2044 ha:-

720 2085 868 2123 reses
914 2067 1233 2126 decertans.
1293 2073 1358 2127 Et
1409 2075 1519 2142 jam
1567 2077 1667 2131 hoc
1702 2078 1876 2147 ipsum
1932 2091 2294 2148 praestantes,

721 2161 984 2214 orationis
1024 2173 1364 2231 segmentum
1416 2168 1799 2224 exscribimus.
1840 2188 1857 2221 ι
1896 2171 2074 2239 Atque
2127 2189 2299 2241 quan-

721 2252 811 2304 diu
832 2254 1045 2320 quidem
1075 2256 1331 2311 adversus
1345 2271 1736 2327 consurgentes
1775 2262 1940 2316 rariis
1963 2266 2300 2332 temporibus

718 2342 907 2398 «varias
966 2347 1345 2403 haereticorum
1407 2350 1676 2406 factiones
1750 2356 2102 2421 pugnandum
2178 2357 2298 2425 fuit,

723 2450 935 2499 eorum,
955 2452 983 2491 a
1006 2439 1205 2507 quibus
1232 2441 1283 2493 in
1307 2452 1579 2495 certamen
1605 2446 1960 2510 provocabar,
1990 2448 2042 2500 in
2069 2448 2301 2505 dicendo

724 2527 849 2596 styli
870 2529 1113 2597 vestigiis
1141 2531 1422 2595 insistens,
1448 2548 1793 2603 consequens
1816 2551 1939 2591 esse
1966 2538 2298 2605 arbitrabar,

725 2628 783 2670 ut
814 2619 861 2671 ei
905 2620 1199 2689 impietatis
1253 2624 1413 2691 pesti,
1463 2640 1626 2693 quam
1682 2627 1936 2682 diabolus
1985 2630 2301 2697 seminaret,

726 2709 971 2777 ejusdem
995 2712 1135 2765 modi
1166 2715 1431 2781 oppositis
1460 2716 1559 2784 ipsi
1591 2718 1871 2772 vocabulis
1897 2718 2109 2773 obviam
2143 2722 2299 2785 irem,

725 2810 782 2854 et
818 2802 1128 2861 maledicta.
1159 2822 1282 2873 qua:
1312 2808 1364 2859 in
1399 2806 1566 2860 Deum
1596 2809 1720 2863 inde
1750 2822 2107 2865 nascerentur
2131 2816 2305 2882 repri-

730 2908 960 2958 merem,
981 2896 1064 2947 vel
1093 2897 1254 2949 etiam
1284 2900 1497 2966 penitus
1521 2898 1817 2955 rcl'utarem
1860 2920 1873 2954 :
1914 2910 1967 2955 et
1995 2904 2117 2956 aliis
2145 2904 2303 2968 alias,

729 2993 891 3048 prout
928 2987 1177 3041 videlicet
1218 2990 1487 3044 haereseos
1550 2996 1739 3046 morbo
1795 2993 2161 3048 laborantium
2196 2996 2305 3049 uti-

2324 1847 2371 1906 Β

2384 614 2527 668 κατά
2560 614 2752 685 καιρὸν
2786 613 3027 682 αἱρέσεις
3072 604 3496 678 ἀγωνιζόμενον.
3538 620 3556 653 ι
3604 600 3715 654 Καὶ
3770 599 3955 665 οἱμὲν

2380 706 2577 760 ταῦτα.

2457 795 2527 866 β’·
2578 796 2771 865 Ἦμεῖς
2805 794 2883 853 δὲ.
2915 781 3052 861 πρδς
3087 793 3189 860 τὴν
3255 792 3511 862 ἀχάλινον
3541 787 3717 857 ὁρμὴν
3746 783 3957 841 τούτων

2386 889 2826 959 ἀντιφερόμενοι,
2859 887 2970 939 δεῖν
2999 888 3251 954 ἔγνωμεν
3284 886 3358 954 μὴ
3387 882 3574 943 ἁπλῶς
3604 881 3749 933 οὕτω
3776 878 3872 931 καὶ
3895 874 3959 937 Ᾱξ

2385 983 2579 1051 ἐράνου
2642 980 2817 1035 ἄλλων
2879 977 3091 1050 ῥήσεων
3147 976 3455 1047 γραφικῶν,
3520 972 3635 1026 ἀλλ’
3692 970 3750 1036 ἐξ
3791 967 3960 1022 αὐτοῦ

2388 1075 2601 1128 ἐκείνου
2632 1071 2728 1126 τοῦ
2770 1072 3027 1141 ῥηθέντος
3065 1071 3228 1136 λόγου
3268 1069 3360 1121 τὸν
3410 1068 3635 1133 ἔλεγχον
3667 1062 3760 1115 τοῦ
3798 1061 3963 1112 τόσου

2388 1162 2617 1237 ψεύδους
2646 1165 3002 1234 ποιήσασθαι’
3062 1160 3395 1231 ποιήσασθαι
3452 1158 3508 1211 δὲ
3550 1155 3713 1209 οὔτω·
3754 1152 3965 1239 Διεὶιεῖν

2395 1260 2492 1329 μὲν
2521 1260 2621 1324 τὴν
2655 1258 2751 1309 τοῦ
2782 1257 2942 1324 λόγου
2975 1255 3310 1325 περικοπὴν,
3337 1251 3397 1317 ἐξ
3450 1246 3517 1321 ἧς
3564 1253 3677 1312 τοῖς
3709 1249 3778 1301 δι’
3806 1248 3969 1299 ἐναν-

2390 1354 2510 1413 τίας
2558 1352 2733 1403 εἰπεῖν
2788 1350 2984 1416 γέγονε
3031 1347 3106 1418 μὴ
3142 1346 3253 1398 δεῖν
3309 1345 3409 1403 τὰς
3435 1345 3652 1404 ἁπάσας
3681 1340 3970 1407 θεολογίας

2391 1441 2486 1494 τοῦ
2520 1441 2755 1509 μεγάλου
2789 1440 3075 1492 Βασιλείω
3143 1438 3203 1490 τὺ
3257 1436 3477 1507 βέϐαιον
3539 1435 3710 1504 ἔχειν,
3742 1432 3838 1484 καὶ
3888 1430 3972 1495 τῷ

2394 1532 2627 1602 παρόντι
2655 1532 2798 1599 λόγῳ
2821 1529 3028 1600 ταύτην
3079 1528 3537 1597 ὲγκαταστρῶσαι
3561 1543 3576 1558 ·
3617 1524 3973 1592 ἀπολογήσαο

2397 1624 2522 1677 σθαι
2552 1624 2610 1676 δὲ
2640 1626 2709 1677 τά
2747 1625 2841 1675 ἐπὶ
2873 1622 3048 1694 ταύτῃ
3084 1622 3341 1674 δοκοῦντα
3370 1623 3522 1689 ἡμῖν,
3564 1618 3660 1668 καὶ
3696 1616 3840 1667 οὕτω
3869 1613 3975 1679 τῆς

2396 1715 2507 1768 τῶν
2539 1715 2829 1786 ἀκροατῶν
2862 1713 3171 1783 ἀναρτῆσαι
3221 1712 3524 1779 εὐθύτητος
3562 1709 3625 1761 τὸ
3653 1706 3974 1774 διαγνῶναι,

2399 1804 2514 1873 εἴγε
2546 1806 2611 1875 δὴ
2640 1806 2716 1875 μὴ
2767 1807 2827 1858 τὸ
2885 1806 3103 1875 βέϐαιον
3161 1805 3260 1866 τὰς
3320 1803 3540 1863 ἀπάσας
3595 1800 3689 1853 τοῦ
3728 1797 3977 1867 μεγάλου

2400 1898 2688 1952 Βασιλείου
2722 1899 2869 1967 ἔχειν
2922 1898 3231 1964 Θεολογίας,
3271 1896 3362 1948 διὰ
3408 1894 3471 1946 τὸ
3509 1892 3722 1957 λέξεσιν
3758 1891 3978 1941 ἐκεῖνον

2402 1988 2713 2060 χρήσασθαι
2734 1989 2926 2043 ἄλλοτε
2962 1989 3150 2050 ἄλλαις
3176 1989 3312 2055 πρὸς
3345 1985 3446 2047 τάς
3478 1983 3619 2036 κατὰ
3667 1981 3861 2052 καιρὸν
3891 1980 3983 2030 αῖ-

2402 2082 2580 2151 ρέσεις
2610 2080 3037 2149 ἀγωνιζόμενον.
3070 2082 3177 2133 Καὶ
3207 2079 3272 2147 δὴ
3305 2077 3463 2130 τοῦτο
3501 2069 3983 2133 ποιοῦντε;,οῦτω

2399 2172 2499 2238 τὴν
2528 2171 2785 2240 τοιαύτην
2817 2171 2914 2223 τοῦ
2949 2171 3111 2237 λόγου
3146 2168 3454 2239 περικοπὴν
3481 2165 3579 2218 ὡδὶ
3609 2162 3969 2230 ὲκτιθέμεθα.

2406 2284 2428 2317 ι
2470 2264 2620 2326 Ἕως
2661 2264 2761 2335 μὲν
2795 2258 2887 2316 οῦν
2938 2262 3305 2330 ἀγωνίζεσθαι
3354 2259 3492 2328 πρὸς
3525 2259 3624 2320 τάς
3679 2257 3989 2309 ἐπανιστα-

2407 2358 2575 2427 μένας
2621 2355 2765 2409 κατά
2809 2355 3000 2424 καιρὸν
3028 2354 3268 2424 αἱρέσεις
3308 2352 3499 2422 ἐχρῆν,
3532 2349 3828 2417 ἑπομένοις
3868 2349 3988 2408 τοῖς

2404 2448 2801 2519 προειληφόσιν
2853 2446 3148 2500 ἀκόλουθον
3199 2444 3452 2514 ἡγούμην
3503 2444 3569 2512 τῇ
3613 2438 3851 2509 διαφορᾷ
3879 2438 3992 2505 τῆς

2405 2538 2880 2609 ἑπισπειρομένης
2947 2538 3058 2591 ὐπὸ
3106 2536 3203 2590 τοῦ
3263 2536 3515 2588 διαϐόλου
3571 2533 3830 2595 ἀσεϐείας
3861 2534 3995 2592 ταῖς

2403 2628 2710 2688 ἀντιθέτοις
2737 2630 2946 2696 φωναῖς
3000 2626 3316 2695 κωλύειν,ῆ
3358 2627 3452 2679 καὶ
3502 2624 3839 2692 ἀνατρέπειν
3877 2620 3994 2682 τὰς

2407 2720 2850 2788 ὲπεισαγομένας
2881 2718 3260 2790 βλασφημίας,
3297 2720 3391 2770 καὶ
3410 2716 3606 2771 ἄλλοτε
3656 2715 3871 2776 ἄλλαις,
3905 2713 3995 2774 ὡς

2407 2814 2474 2867 ἀν
2503 2816 2536 2880 ἡ
2569 2813 2730 2882 χρεία
2781 2812 2890 2864 τῶν
2924 2812 3227 2864 νοσούντων
3267 2810 3680 2878 κατηνάγκασε,
3732 2807 3826 2859 καὶ
3852 2806 3995 2859 ταύ-

2407 2922 2531 2967 ταις
2561 2904 2823 2967 πολλάκις
2848 2904 3122 2973 ἀγράφοις
3178 2902 3301 2970 μὲν,
3332 2903 3483 2970 ὅμως
3513 2900 3558 2952 δ’
3596 2897 3693 2952 οὖν
3715 2900 3817 2951 οὐκ
3842 2901 3996 2952 ἀπε-

2412 2996 2741 3067 ξενωμέναις
2763 2997 2860 3066 τῆς
2884 2999 3025 3048 κατά
3038 2997 3133 3064 τὴν
3155 2995 3375 3062 Γραφην
3395 2991 3654 3055 εὐσεϐοῦς
3677 2992 3946 3053 διανοέας.
3963 3009 3985 3041 ι

726 3073 853 3127 litas
921 3078 1231 3132 necessario
1290 3080 1573 3135 videbatur
1638 3084 1936 3153 postulare,
2004 3095 2167 3154 atque
2220 3085 2308 3141 bis

2410 3091 2598 3145 Ταῦτα
2634 3092 2737 3160 μὲν
2769 3091 2802 3159 ἡ
2828 3087 3193 3160 περικοπή-ἔξ
3231 3084 3297 3160 ἦς
3344 3088 3460 3149 τοῖς
3494 3085 3564 3139 δι’
3600 3083 3853 3145 ἐναντίας
3908 3083 4003 3133 εί-

727 3182 1101 3233 εηιιιοηιιηιυιτ)
1149 3172 1458 3239 ejusmodi,
1505 3189 1627 3243 quae
1686 3175 1814 3229 licet
1853 3177 1907 3229 in
1958 3189 2308 3233 sacrosancta

2418 3185 2543 3236 πεῖν
2595 3183 2789 3250 γέγονε
2852 3184 2929 3251 μὴ
2965 3182 3073 3234 δεῖν
3122 3181 3223 3241 ta;
3270 3179 3490 3240 ἁπάσας
3549 3175 3833 3243 θεολογίας
3886 3172 3999 3226 τοῦ

730 3257 1014 3325 Scriptura
1049 3276 1316 3330 nusquam
1376 3265 1752 3332 reperirentur
1775 3305 1790 3329 ,
1819 3281 1848 3320 a
1888 3267 1978 3335 pio
2010 3276 2217 3329 tamen,
2251 3277 2307 3323 et

2418 3271 2657 3338 μεγάλου
2692 3273 2977 3326 Βασιλείου
3009 3272 3071 3324 τὸ
3102 3271 3320 3340 βέϐαιον
3351 3268 3519 3338 ἔχειν,

729 3356 937 3409 sanctis
964 3354 1179 3410 Litteris
1206 3368 1573 3413 consentanea
1598 3375 1760 3414 sensu
1822 3362 2139 3430 neutiquam
2175 3362 2552 3420 abhorrerent.
2596 3384 2615 3417 ι
2648 3364 2714 3419 Et
2770 3366 2885 3421 bare
2960 3366 3317 3419 continentur
3360 3363 3413 3416 in
3464 3361 3753 3432 pericope,
3786 3358 3993 3430 quibus

719 3445 1032 3500 adversarii
1065 3456 1332 3502 conantur
1354 3452 1768 3519 {comprobare,
1811 3451 2068 3506 universa
2102 3451 2412 3520 theologica
2468 3455 2648 3523 magni
2685 3453 2868 3510 Basilii
2897 3453 3081 3509 "dicta
3151 3455 3304 3507 ﬁrma
3336 3467 3402 3507 ac
3463 3452 3680 3507 stabilia
3714 3452 3992 3505 censenda

732 3555 840 3593 nou
877 3552 1000 3592 esse
1032 3554 1059 3603 εκ

805 3635 858 3689 5.
891 3635 959 3688 At
990 3643 1066 3699 tu,
1102 3637 1192 3705 qui
1221 3638 1384 3707 judex
1420 3638 1473 3691 in
1506 3639 1608 3691 hoc
1645 3640 1946 3693 certamine
1980 3638 2158 3698 sedes,
2184 3652 2317 3689 cou-

736 3728 934 3792 siilera,
974 3742 1334 3798 accurateque
1373 3731 1645 3801 perpende
1666 3771 1681 3794 ,
1732 3747 1842 3801 quo
1869 3742 2030 3800 pacto
2059 3728 2316 3783 refutatio

737 3832 924 3874 nosna
948 3863 963 3887 ,
998 3838 1104 3875 non
1149 3838 1179 3877 e
1216 3823 1377 3892 longe
1423 3825 1603 3893 petitis
1630 3865 1647 3888 ,
1682 3831 1738 3877 et
1768 3823 1960 3877 alienis
2015 3822 2311 3891 scripturis

738 3913 1090 3975 concinnata.
1132 3914 1226 3969 sed
1255 3930 1321 3967 ex
1352 3914 1417 3967 iis
1452 3914 1621 3983 ipsis,
1654 3929 1777 3983 quae
1809 3924 2037 3968 sanctus
2068 3928 2313 3982 pronun-

741 4003 897 4057 tiavit
931 4006 983 4058 in
1015 4006 1128 4077 ipsa
1150 4008 1417 4061 orationis
1444 4007 1587 4060 serie
1617 4006 1726 4060 illis
1753 4016 2032 4061 occurrat.
2068 4004 2314 4074 Namque

742 4108 865 4147 cum
903 4096 1153 4156 dixisset,
1203 4115 1221 4147 ι
1258 4096 1615 4165 Consequens
1647 4113 1769 4150 esse
1814 4097 2142 4159 arbitrabar,
2179 4105 2237 4149 ut
2264 4098 2315 4150 ei

743 4189 1036 4258 impietatis
1065 4191 1202 4258 pesti
1231 4230 1245 4252 ,
1295 4206 1458 4260 quam
1499 4190 1747 4245 diabolus
1795 4191 2111 4252 seminaret,
2166 4188 2312 4257 ejus.

743 4283 864 4336 dem
897 4284 1039 4336 modi
1071 4284 1337 4352 oppositis
1369 4285 1469 4351 ipsi
1518 4284 1798 4338 vocabulis
1854 4282 2069 4335 obviam
2119 4281 2197 4335 ire
2218 4322 2230 4337 .
2261 4289 2316 4333 et

744 4374 1053 4435 maledicta,
1106 4388 1227 4440 quae
1276 4374 1326 4425 in
1361 4372 1526 4425 Deum
1578 4372 1703 4426 inde
1731 4378 2108 4427 nascerentur.
2140 4368 2311 4435 repri-

744 4480 915 4526 mere,
945 4466 1067 4518 aliis
1115 4464 1272 4527 alias,
1302 4474 1463 4533 prout
1510 4464 1762 4515 videlicet
1814 4462 2088 4514 hmreseos
2118 4460 2312 4511 morbo

745 4554 1109 4607 laborantium
1176 4555 1383 4607 utilitas
1428 4552 1740 4607 necessario
1798 4551 2084 4603 videbatur
2128 4557 2317 4616 postu-
2344 4529 2395 4587 Ῑ)

744 4644 879 4706 lare,
918 4664 936 4695 ι
972 4645 1152 4697 statim
1197 4645 1506 4705 subnectit,
1544 4660 1563 4694 ι
1604 4655 1763 4708 atque
1812 4642 1899 4695 his
1939 4653 2317 4708 swpeuutnero

744 4731 1036 4799 ejusmodi,
1070 4747 1191 4800 quae
1226 4733 1352 4785 licet
1387 4732 1439 4783 in
1467 4736 1821 4783 sacrosancta
1856 4728 2139 4794 Scriptura
2188 4741 2315 4809 nus-

746 4841 909 4892 quam
936 4825 1324 4891 reperirentur,
1372 4837 1401 4875 a
1436 4824 1523 4890 pio
1550 4831 1730 4874 tamen
1779 4829 1832 4872 et
1866 4822 2067 4872 sanctis
2098 4817 2319 4872 Litteris

748 4937 1115 4980 consentaneo
1165 4939 1326 4976 sensu
1378 4922 1692 4987 neutiquam
1742 4922 2117 4979 abhorrerent.
2165 4939 2181 4969 ι
2214 4919 2317 4983 Qui

746 5021 931 5087 itaque
957 5016 1287 5071 dictionibus
1319 5017 1520 5083 scripto
1563 5014 1785 5067 minime
1821 5014 2031 5070 traditis
2065 5028 2123 5065 se
2157 5028 2317 5065 usum

746 5111 968 5172 fatetur,
996 5106 1268 5175 simulque
1308 5114 1644 5158 contestatur
1679 5103 1900 5157 easdem
1948 5119 2127 5171 neque
2161 5118 2319 5167 pere-

746 5204 950 5267 grinas,
985 5214 1160 5266 neque
1185 5198 1392 5251 alienas
1417 5211 1539 5250 esse
1566 5211 1594 5247 a
1627 5195 1717 5263 pio
1761 5210 2038 5247 sacrarum
2072 5194 2321 5262 Scriptu-

743 5306 929 5344 rarum
959 5305 1148 5352 sensu,
1191 5287 1465 5356 quomodo
1494 5287 1689 5355 dignus
1736 5287 1920 5347 fuerit,
1970 5288 2055 5339 cui
2089 5287 2140 5338 iu
2179 5302 2315 5339 non-

744 5383 914 5435 nullis
950 5396 1015 5434 ex
1055 5380 1217 5434 dictis
1270 5378 1386 5432 suis
1438 5377 1762 5445 theol03icis
1826 5378 1958 5430 tides
2009 5378 2317 5431 adhibenda

744 5488 857 5529 non
900 5471 1001 5524 sit?
1032 5469 1275 5537 Namque
1337 5468 1460 5521 licet
1494 5474 1557 5518 ad
1617 5466 1762 5520 illius
1815 5476 2060 5533 tempora
2114 5470 2319 5535 scripto

742 5562 1081 5629 consignatae
1126 5575 1188 5614 ex
1224 5559 1307 5611 his
1351 5557 1682 5611 dictionibus
1724 5559 1993 5625 quzrpiam
2039 5556 2181 5610 forte
2209 5573 2317 5611 non

745 5655 880 5713 sint,
912 5662 1148 5705 attamen
1187 5665 1311 5703 cum
1356 5663 1449 5702 eas
1498 5662 1527 5701 a
1564 5648 1761 5716 pietate
1802 5646 2007 5700 alienas
2036 5658 2143 5702 n0n
2173 5662 2315 5709 esse,

746 5759 974 5803 sanctus
1025 5749 1139 5814 ipse
1191 5755 1522 5800 contestetur
1553 5784 1566 5806 ,
1632 5742 1737 5795 illis
1791 5742 2183 5798 attendendum
2236 5755 2320 5798 est

746 5853 907 5907 aeque
936 5848 1095 5905 atque
1120 5837 1261 5901 aliis,
1288 5850 1427 5905 quas
1452 5847 1581 5889 ante
1609 5835 1788 5902 ipsum
1823 5833 2038 5899 pictatis
2067 5835 2321 5888 doctores

2489 3641 2562 3701 γ’.
2619 3636 2693 3688 Σὺ
2754 3634 2811 3687 δὲ
2857 3636 3026 3697 ὐτοῖς
3067 3632 3337 3702 παροῦσιν
3408 3633 3614 3700 ἀγῶσιν
3682 3634 3993 3701 ἐνδιαιτῶν,

2412 3725 2571 3796 ἀθρει
2617 3726 2704 3796 δὴ,
2772 3726 2866 3778 καὶ
2930 3724 3178 3793 ἀκριϐῶς
3246 3725 3555 3785 διασκόπει.
3620 3728 3995 3798 ὅπωςὸπαρ⁸

2413 3818 2571 3887 ήμῶν
2602 3818 2823 3888 ἐλεγχος
2864 3817 3049 3880 αὐτοῖς
3105 3817 3325 3886 ἀπαντᾷ
3367 3817 3428 3869 οὐ
3465 3818 3754 3888 πόρρωθεν
3804 3822 3901 3873 καὶ
3933 3820 3997 3883 ἐξ

2412 3910 2591 3964 ἄλλων
2612 3911 2979 3980 ὴρανισμένος
3034 3911 3285 3980 γραφῶν,
3352 3911 3470 3963 ἀλλ’
3521 3910 3582 3975 ἐξ
3630 3912 3811 3964 αὐτῶν
3848 3907 3925 3965 ὧν
3964 3915 3995 3963 6

2413 4002 2568 4069 ἅγιος
2605 4002 2711 4071 ἔφη
2740 4002 2833 4054 τοῦ
2862 4003 3025 4069 λόγου
3065 4002 3194 4055 καθ’
3220 4003 3414 4072 εἱρμὸν
3447 4004 3757 4071 προίόντος.
3802 4006 3995 4057 Εἰπὼν

2420 4095 2579 4162 γάρι
2644 4093 2964 4148 Ἀκόλουθον
3017 4092 3270 4162 ἡγούμην
3318 4096 3385 4162 τῇ
3435 4094 3670 4165 διαφορᾷ
3728 4098 3828 4161 τῇς
3862 4099 3992 4148 ἑπι-

2420 4184 2791 4255 σπειρομένης
2813 4185 2919 4236 ὐπὸ
2942 4184 3035 4236 τοῦ
3069 4186 3319 4237 διαϐόλου
3355 4185 3615 4247 ἀσεϐείας
3676 4189 3803 4247 ταῖς
3837 4189 3995 4239 ἀντι-

2417 4277 2591 4339 θέτοις
2622 4279 2825 4345 φωναῖς
2847 4276 3097 4340 κωλύειν,
3123 4277 3156 4345 ἢ
3198 4277 3292 4329 καὶ
3322 4278 3655 4346 ἀνατρέπειν
3686 4276 3784 4340 τάς
3807 4281 3996 4331 ὲπεισ·

2415 4368 2690 4436 αγομένας
2735 4369 3113 4439 βλασφημίας,
3160 4368 3255 4420 καὶ
3279 4367 3470 4422 άλλοτε
3510 4368 3725 4435 ἄλλαις,
3760 4370 3836 4431 ὡς
3864 4370 3934 4423 ἀν
3961 4374 3995 4441 ἡ

2417 4459 2572 4527 χρεία
2594 4460 2703 4512 τῶν
2729 4458 3029 4510 νοσούντων
3048 4457 3492 4525 κατηνάγκασεν,
3532 4475 3549 4507 ι
3580 4460 3777 4525 ἐπάγει
3807 4460 3993 4523 εὐθὺς,

2429 4568 2447 4601 ι
2486 4551 2581 4603 καὶ
2608 4550 2838 4612 ταύταις
2866 4549 3130 4613 πολλάκις
3173 4549 3449 4617 ἀγράφοις
3494 4549 3617 4616 μὲν,
3639 4550 3789 4617 ὅμως
3816 4550 3863 4603 δ’
3893 4551 3996 4603 οὖν

2420 4644 2519 4697 οὐκ
2558 4643 3126 4711 ἀπεξενωμέναιςητῆς
3152 4642 3293 4693 κατά
3329 4643 3430 4711 τὴν
3468 4642 3507 4693 Γ
3514 4643 3696 4710 ρκφὴν
3728 4641 3994 4704 εὐσεϐοῦς

2419 4735 2679 4795 διανοίας.
2741 4751 2761 4784 ι
2807 4732 2867 4785 '0
2915 4732 3045 4799 γοῦν
3109 4732 3320 4797 λέξεσιν
3368 4732 3639 4801 ἀγράφοις
3699 4733 3997 4799 ,ὁμολογῶν

2413 4829 2752 4898 χρήσασθαι,
2783 4826 3289 4897 διαμαρτυρόμενος
3333 4827 3389 4879 δὲ
3432 4826 3508 4897 μὴ
3555 4827 3991 4895 ἀπεξενωμέντς

2423 4914 2560 4971 εἶναι
2597 4920 2769 4980 αὐτὰς
2817 4920 2916 4987 τῆς
2957 4920 3099 4970 κατὰ
3147 4919 3247 4986 τὴν
3301 4918 3528 4986 Γραφὴν
3584 4918 3844 4990 εὐσεϐοῦς
3879 4920 4006 4971 δια-

2422 5011 2589 5073 νοίας,
2620 5009 2736 5072 πῶς
2769 5009 2833 5061 ἂν
2872 5010 2958 5077 εῖη
2993 5009 3203 5069 δίκαιος
3235 5009 3327 5061 ὲπί
3360 5026 3468 5060 τινι
3502 5009 3611 5060 τῶν
3645 5011 3777 5078 παρ’
3825 5011 4000 5063 αὐτοῦ

2423 5102 2857 5172 θεολογηθέντων
2879 5103 3325 5164 διαπιστείσθαι;
3362 5102 3423 5153 Εἰ
3468 5102 3580 5169 γάρ
3613 5102 3709 5153 καὶ
3753 5103 4002 5169 ἄγραφοι

2426 5196 2621 5265 μέχρις
2670 5195 2885 5246 ἐκείνου
2943 5194 3105 5262 τυχὸν
3160 5192 3304 5255 τινὲς
3365 5181 3748 5261 ὑπῆρχοντῶν
3792 5191 4005 5254 λέξεων

2422 5288 2649 5357 τούτων,
2677 5284 2793 5337 ἀλλ’
2826 5285 2950 5336 ἐπεὶ
2978 5286 3079 5337 οὐκ
3101 5285 3523 5353 ἀπεξενωμένας
3558 5282 3661 5351 τῆς
3709 5283 4002 5346 εὐσεϐείας

2422 5380 2625 5442 ταύτας
2659 5381 2686 5432 ὁ
2720 5380 2875 5443 ἀγιος
2918 5379 3207 5445 μαρτυρεῖ,
3248 5374 3391 5426 οὕτω
3424 5375 3507 5426 δεῖ
3556 5373 3852 5442 προσέχειν
3889 5375 4000 5425 αὐ-

2421 5476 2562 5534 ταῖς,
2593 5472 2667 5531 ὡς
2702 5472 2962 5531 ἐκείναις,
2989 5464 3078 5530 αἷς
3104 5470 3154 5518 οἱ
3190 5467 3295 5535 πρὸ
3322 5466 3487 5517 αὐτοῦ
3538 5465 3859 5518 διδάσκαλοι
3895 5465 4003 5532 τῆς

2423 5563 2703 5624 εὐσεϐείας
2760 5565 3087 5630 ἐχρήσαντο.
3150 5559 3257 5610 Καὶ
3318 5558 3428 5627 γὰρ
3478 5558 3750 5609 κάκείνων
3787 5557 4001 5623 ἑκάστη

2426 5657 2640 5723 καιροῖς
2683 5654 2835 5714 ἰδίοις
2870 5653 3006 5719 πρὸς
3054 5650 3371 5719 ἀποτροπὴν
3430 5650 3539 5699 τῶν
3596 5651 4002 5716 ἀναφυομένων

2424 5748 2689 5814 αἱρέσεων
2708 5746 2985 5813 ἐλάμϐανε
3044 5745 3139 5804 τὰς
3170 5744 3367 5810 ἀρχάς,
3403 5745 3521 5804 ταῖς
3560 5741 3659 5808 μὲν
3694 5741 3997 5803 συλλαϐαῖς

2426 5842 2556 5899 ἴσως
2610 5839 2673 5891 οὐ
2703 5836 3073 5903 διειλημμένη
3104 5836 3226 5895 ταῖς
3284 5833 3386 5898 πρὸ
3413 5832 3572 5899 τῆσδε
3624 5833 3662 5901 ἢ
3704 5831 3867 5901 τῆσδε
3894 5836 4001 5899 τῆς
