4214 6442
171 409 261 471 193

1177 403 1268 468 DE
1308 397 1818 462 PROCESSIONE
1858 400 1917 458 S.
1963 398 2348 457 SPIRITUS.

3284 391 3384 454 194

149 517 340 567 σίλειον
395 512 631 578 φανερὰν
688 510 960 559 ἔκπτωσιν
1029 507 1128 575 τῆς
1176 507 1410 566 πίστεως
1469 502 1613 558 εἶναι
1664 505 1696 573 ἢ
1738 517 1813 568 Al

1738 517 1778 568 Α
1811 505 1973 559 nobis
2029 505 2351 572 objicientes
2409 502 2840 557 eil'ormabimus.
2897 500 3142 571 Agedum
3177 519 3190 555 :
3221 500 3385 555 dicito

150 602 367 654 ἀθετεῖν
423 619 474 653 τι
524 602 629 652 τῶν
701 599 1142 667 γεγραμμένων,
1206 596 1240 665 ἠ
1298 598 1608 662 ἐπεισάγειν
1663 597 1724 646 τὸ

165 694 235 760 μὴ
317 691 748 758 γεγραμμένον,
810 690 902 738 καὶ
983 687 1068 739 διὰ
1120 687 1180 737 τὸ
1234 685 1324 736 τὸν
1403 684 1722 737 Ἀπόστολον

155 777 528 849 αεαγορεῦειν
583 779 642 830 τὸ
700 780 1037 845 προσθεῖναι,
1076 776 1108 844 ἢ
1143 775 1371 842 ὑφελεῖν
1409 789 1460 824 τι
1497 777 1555 826 ὲν
1606 775 1726 836 ταῖς

165 874 553 933 ϋιοπνεύστοις
597 873 858 941 Γραφαῖς,
914 871 1178 939 αἱρέσεως
1249 869 1348 936 τὴν
1407 867 1725 936 Ῥωμαϊκὴν

171 965 507 1032 Ἐκκλησίαν
533 963 897 1031 γραφόμενος,
931 963 1017 1015 διὰ
1047 960 1208 1013 τοῦτό
1249 975 1330 1012 σοι
1366 958 1725 1024 ἐγκαλοῦνται

164 1056 458 1120 ἰ’ωμαίοι,
511 1056 595 1104 ὅτι
647 1054 754 1103 τῶν
819 1051 1066 1121 Γραικῶν
1124 1055 1181 1103 ὲν
1241 1051 1304 1102 τὸ
1365 1049 1616 1118 συμσόλῳ
1665 1049 1726 1098 τὸ

156 1145 383 1211 Πνεῦμα
443 1147 506 1194 ἐκ
567 1143 662 1194 τοῦ
710 1145 919 1211 Πατρὸς
981 1144 1414 1212 ἐκπορευόμενον
1470 1140 1725 1208 άνομολο-

153 1236 422 1298 γοῦν-των,
460 1233 847 1300 προστιθέασιν
873 1228 1042 1297 οὗτοι,
1076 1233 1168 1284 καὶ
1195 1236 1259 1284 ὲκ
1301 1232 1392 1284 τοῦ
1446 1231 1598 1283 Υῑοῦ.
1620 1231 1725 1282 Ναὶ

153 1326 372 1384 πάντως
439 1325 528 1379 διὰ
582 1324 738 1373 τοῦτο
795 1325 937 1389 ἐρεῖς
993 1322 1356 1389 παραϐάσεως
1440 1319 1724 1382 εὐσεϐείας

157 1414 468 1480 γράφεσθαί
501 1430 583 1464 σοι
607 1413 695 1463 τὸν
733 1413 955 1474 Ἰταλὸν,
1008 1413 1102 1463 καὶ
1132 1412 1228 1478 τὴν
1277 1410 1371 1462 τοῦ
1404 1409 1607 1461 οἰκείου
1639 1408 1724 1459 λό-

154 1519 246 1570 γω
285 1504 572 1566 ἀπόδειξιν
637 1504 1039 1572 ἐναργεστάτην
1091 1504 1186 1553 καὶ
1238 1501 1603 1569 άναμφίὸολον
1631 1499 1720 1568 οῐῃ

155 1592 320 1658 εἶναι,
355 1596 460 1663 τὴν
501 1596 556 1645 ὲν
589 1594 940 1660 Εὑαγγελιοις
967 1593 1076 1662 ,τοῦ
1108 1593 1357 1661 Σωτῆρος
1424 1591 1722 1661 προτείνων

156 1688 368 1755 φωνὴν,
404 1689 468 1737 tv
567 1687 595 1738 ὁ
622 1686 809 1754 Σωτὴρ
855 1685 980 1753 ἔφη,
1016 1703 1035 1736 t
1065 1685 1127 1737 τὸ
1193 1686 1412 1754 Πνεῦμα
1463 1685 1559 1752 τῆς
1597 1684 1730 1750 ἁλη-

160 1779 331 1841 θείις,
359 1777 388 1828 ὃ
427 1777 585 1846 παρὰ
626 1777 720 1827 τοῦ
777 1776 986 1844 Πατρὸς
1020 1776 1402 1845 ἐκπορεύεται.
1445 1792 1463 1824 ι
1511 1772 1727 1840 Ἑπιφέ-

1831 594 1983 656 mihi,
2034 598 2282 663 quisquis
2315 595 2502 657 fueris,
2545 597 2662 663 qui,
2705 596 2850 662 quod
2895 607 3122 661 magnus
3155 592 3388 646 Basilius

1828 684 2008 743 lassus
2039 697 2141 746 est,
2175 686 2524 738 manifestum
2562 701 2685 738 esse
2732 684 3066 738 inlidelitatis
3092 698 3384 754 argumen-

1827 784 1963 839 tum,
2019 791 2082 828 ex
2137 774 2224 838 iis,
2279 790 2398 842 qua
2457 777 2741 845 seriptioni
2798 777 3176 829 commendata
3232 783 3382 835 sunt,

1827 867 2030 934 aliquid
2059 867 2308 934 rejicere,
2347 868 2460 920 sive
2485 881 2547 920 ex
2581 869 2668 931 iis,
2705 883 2826 936 qua:
2857 867 3055 934 scripta
3087 881 3195 920 non
3231 874 3380 927 suat,

1827 960 2214 1022 introducere;
2290 969 2343 1011 et
2413 960 2557 1027 quod
2614 960 2912 1027 Apostolus
2969 961 3219 1026 prohibet
3292 965 3388 1014 aut

1826 1051 2047 1113 addere,
2106 1062 2199 1102 aut
2250 1053 2469 1104 demere
2521 1051 2722 1117 aliquid
2775 1067 2835 1104 ex
2903 1053 3127 1104 numine
3191 1052 3388 1106 adlatis

1825 1141 2141 1209 Scripturis,
2180 1143 2445 1194 haereseos
2478 1142 2683 1195 crimen
2712 1141 2966 1196 Romana:
2999 1144 3248 1198 Ecclesia:
3283 1159 3383 1212 ap-

1827 1233 2022 1300 pingis,
2081 1244 2470 1300 proptereaque
2533 1246 2655 1286 reos
2713 1235 2828 1300 agis
2885 1233 3177 1298 Romanos,
3241 1237 3388 1301 quod

1825 1322 2028 1375 Graecis
2053 1322 2106 1374 in
2141 1321 2400 1389 Symholo
2431 1323 2692 1390 Spiritum
2720 1339 2782 1374 ex
2815 1321 2973 1376 Patre
3004 1325 3386 1389 procedentem

1826 1415 2325 1480 pronuntiantibus,
2373 1415 2446 1466 illi
2495 1414 2724 1474 addunt,
2766 1423 2824 1466 et
2865 1427 2933 1467 ex
2987 1413 3141 1468 Filio.
3171 1415 3246 1468 Ita
3303 1423 3392 1470 est

1823 1505 2081 1566 omnino,
2153 1505 2404 1570 inquies,
2461 1505 2762 1571 meritoque
2817 1520 2843 1555 a
2883 1514 2934 1556 te
2986 1504 3174 1582 Italum
3223 1507 3389 1562 veluti

1826 1595 2042 1661 pietatis
2070 1595 2388 1648 violatorem
2415 1597 2684 1658 accusari,
2717 1597 2904 1664 tuique
2933 1598 3060 1650 dicti
3089 1587 3387 1666 'probatio-

1827 1701 1949 1738 nem
2002 1687 2407 1754 apertissimam
2457 1701 2601 1749 esse,
2647 1697 2694 1740 et
2749 1701 2973 1755 prorsus
3024 1689 3388 1742 certissimam

1832 1776 2142 1840 arbitraris,
2189 1778 2560 1844 evangelicam
2613 1776 2918 1830 Servatoris
2950 1793 3136 1830 vocem
3187 1784 3389 1846 propo-

159 1887 268 1937 ρεις
334 1871 450 1938 γάρ
506 1871 606 1934 ὼς,
638 1868 731 1920 τοῦ
786 1868 1036 1937 Σωτῆρος
1099 1866 1240 1918 οὕτω
1280 1883 1343 1933 γε
1372 1867 1673 1934 εἰρηκότος,
1699 1867 1728 1917 ό
1759 1849 1801 1904 Β

1725 1849 1801 1909 ιΒ
1831 1883 1985 1931 nens,
2027 1884 2133 1936 qua
2172 1867 2431 1922 Servatur
2477 1869 2877 1937 pronuntiavit,
2918 1887 2936 1918 ι
2979 1852 3214 1936 spiiitus
3246 1869 3389 1920 veri-

157 1961 475 2028 προστιθεὶς
524 1961 607 2024 τὸ,
663 1961 756 2012 καὶ
795 1961 858 2011 ἐκ
889 1958 982 2010 τοῦ
1047 1958 1199 2020 Υἱοῦ,
1231 1959 1329 2027 τὴν
1355 1957 1726 2025 Εὑαγγελικην

159 2053 584 2122 παραχαράττει
651 2052 932 2122 ἀληθειαν,
961 2051 1180 2113 καὶτὰς
1235 2049 1726 2118 ἀναγεγραμμένας

155 2145 244 2196 τοῦ
281 2147 535 2214 μεγάλου
582 2145 862 2196 Βασιλειου
887 2144 1016 2211 περὶ
1038 2143 1136 2210 τῆς
1172 2142 1490 2212 προσθήκης
1544 2141 1727 2207 φωνὰς

155 2241 230 2301 εις
279 2237 648 2307 καταδρομὴν
707 2238 788 2288 ὅτι
831 2234 1031 2304 πολλὴν
1058 2234 1153 2286 τοῦ
1202 2234 1404 2286 ἰταλοῦ
1452 2231 1726 2300 πανταχοῦ

155 2327 240 2378 τοῦ
277 2328 450 2395 λόγου
486 2326 806 2396 προφέρεις.

218 2525 287 2588 η’.
339 2517 492 2570 Ἀλλ’
523 2516 636 2569 ἴσθι
663 2516 739 2579 ὡς
766 2515 866 2568 οὐκ
899 2514 1141 2579 ἄλλοθεν,
1173 2512 1287 2566 ἀλλ’
1318 2513 1377 2577 ἐξ
1421 2512 1584 2567 αὑτοῦ
1625 2513 1722 2566 τοῦ

156 2609 248 2677 τῆς
276 2609 580 2676 Θεολογίας
626 2611 866 2678 κήρυκος
900 2608 1179 2659 Βασιλείου
1222 2607 1314 2659 τοῦ
1359 2607 1500 2658 πάνυ
1531 2606 1731 2675 άποίσῃ

162 2701 245 2753 καὶ
279 2699 460 2750 πάλιν
485 2699 584 2750 τὸν
616 2697 857 2765 ἔλεγχον,
903 2698 1090 2766 ὥσπερ
1119 2697 1212 2750 οῦν
1252 2698 1356 2748 κὰν
1387 2699 1502 2758 τοῖς
1533 2697 1730 2762 προτέ-

161 2808 286 2855 ροις,
317 2789 423 2841 καὶ
455 2791 561 2840 οὐκ
595 2789 655 2851 ἐξ
679 2790 839 2840 αὑτοῦ
869 2789 986 2856 μὲν,
1022 2792 1084 2839 ἐκ
1107 2788 1213 2839 τῶν
1237 2789 1292 2839 ἐν
1323 2787 1498 2848 ἄλλοις
1528 2787 1582 2839 δὲ
1614 2787 1731 2839 οεο-

159 2882 509 2946 εογηθέντων
565 2881 696 2941 ἴσως
734 2879 901 2945 αὑτῷ,
938 2879 1052 2930 ἀλλ’
1080 2879 1138 2942 ἐξ
1171 2881 1340 2947 αὐτῆς
1368 2881 1464 2946 τῆς
1497 2880 1555 2930 ὲν
1583 2879 1733 2948 αὐτῷ

157 2971 445 3047 τῷλόγῳ,
478 2966 653 3038 οὗπέρ
708 2973 813 3024 εισι
864 2971 956 3022 καὶ
987 2972 1040 3021 al
1078 2972 1616 3039 προανατεταγμέναι
1640 2988 1736 3022 πε-

161 3063 406 3127 pum-sat,
449 3062 766 3129 ἐκδοθείσης
796 3061 921 3129 παρ’
954 3060 1120 3112 αὑτοῦ
1169 3061 1426 3123 πίστεως,
1460 3061 1582 3129 ἥτις
1638 3061 1731 3113 καὶ⁵

1829 1960 1974 2021 tatis,
2024 1961 2116 2028 qui
2173 1974 2203 2012 a
2250 1959 2410 2012 Patre
2453 1962 2693 2028 procedit
2722 1963 2786 2013 ".
2824 1977 2842 2010 ι
2880 1960 3052 2012 lnlera
3094 1961 3389 2028 siquidem,

1828 2050 2117 2106 Servalore
2177 2051 2250 2105 ita
2297 2061 2596 2114 asserente,
2643 2052 2736 2119 qui
2784 2052 2954 2114 addit,
3000 2051 3062 2104 Et
3109 2067 3174 2105 ex
3228 2051 3387 2117 Filio,

1828 2145 2194 2213 evangelicam
2244 2144 2527 2197 veritatem
2567 2143 2870 2207 adulterat;
2906 2152 2971 2221 rut
3002 2158 3162 2210 supra
3196 2143 3388 2197 allatus

1827 2237 2012 2305 magni
2063 2235 2246 2290 Basilii
2299 2250 2462 2291 voces
2534 2235 2604 2290 de
2680 2236 2994 2299 auditione,
3049 2237 3393 2292 vehementer

1829 2326 2024 2380 ltalum
2081 2327 2467 2392 criminando,
2524 2327 2754 2396 singulis
2806 2328 3073 2381 orationis
3131 2329 3393 2380 membris

1829 2420 2003 2474 volvis
2034 2421 2392 2489 revolvisque.

1899 2511 1951 2564 8.
1990 2511 2374 2566 Verumtamen
2426 2514 2589 2576 scito,
2635 2528 2742 2565 non
2775 2528 2836 2565 ex
2869 2511 3013 2574 aliis,
3049 2510 3140 2564 sed
3168 2526 3230 2562 ex
3267 2510 3398 2578 ipsis

1833 2607 2012 2673 magni
2075 2605 2361 2673 theologis:
2415 2605 2680 2672 praeconis
2745 2604 2923 2657 Basilii
2973 2603 3154 2655 verbis
3199 2617 3389 2654 rursus

1833 2696 2180 2760 relutaberis,
2212 2697 2670 2763 quemadmodum
2705 2705 2758 2749 et
2790 2696 2854 2748 de
2883 2696 3001 2748 aliis
3032 2711 3190 2762 sulrra
3226 2711 3393 2761 expu-

1833 2789 2066 2852 suimus,
2108 2803 2281 2854 neque
2328 2803 2392 2839 ex
2430 2788 2622 2854 ipsius,
2669 2787 2762 2838 sed
2815 2788 2866 2838 in
2900 2787 3021 2839 aliis
3073 2787 3396 2838 tractatibus

1833 2881 1901 2933 ab
1922 2881 2110 2933 eodem
2143 2881 2210 2932 de
2257 2881 2417 2932 rebus
2443 2879 2641 2933 divinis
2672 2882 2926 2943 decretis,
2989 2881 3080 2932 sed
3114 2896 3178 2931 ex
3206 2881 3394 2934 eadem

1836 2974 2070 3039 metipsa
2100 2972 2371 3036 oratione,
2402 2972 2560 3040 cujus
2583 2982 2636 3023 et
2661 2987 2826 3038 supra
2858 2971 3088 3024 adducta
3117 2977 3396 3039 segirienta

1841 3072 1992 3125 sunt,
2039 3071 2093 3116 et
2121 3061 2228 3116 lide
2284 3063 2338 3115 in
2377 3077 2439 3116 ea
2487 3064 2706 3123 tradita,
2757 3078 2876 3130 qua:
2903 3063 3046 3114 hunc
3086 3063 3137 3115 in
3180 3065 3396 3114 modum

155 3156 314 3217 οὕτως
340 3159 448 3206 ἐπὶ
473 3155 676 3220 λέξεων
705 3155 844 3225 ἔχει·
883 3173 901 3205 t
934 3154 1213 3206 Βασιλείου
1245 3153 1460 3212 ἐκθεσις
1482 3155 1735 3216 πίστεως.
1765 3166 1807 3226 C

1765 3166 1807 3226 ί]
1845 3167 1941 3209 nec
1983 3154 2106 3206 aliis
2142 3153 2320 3208 verbis
2353 3153 2612 3220 producta
2645 3163 2748 3206 est.
2784 3170 2804 3203 ε
2841 3154 3125 3208 Credimus
3160 3155 3322 3220 igitur
3347 3163 3400 3205 et

158 3247 500 3313 Πιστεύομεν
554 3247 736 3299 τοίνυν
781 3247 871 3297 καὶ
913 3245 1292 3314 ὁμολογοῦμεν
1322 3248 1399 3306 εἰς
1440 3247 1531 3298 ἕνα
1581 3247 1739 3314 μόνον

155 3337 443 3403 ἀληθινὸν,
502 3335 714 3400 ἀγαθὸν
743 3335 896 3398 Θεὸν,
932 3336 1150 3405 Πατέρα
1185 3338 1598 3404 παντοκράτορα
1623 3376 1637 3398 ,
1681 3335 1741 3398 εξ

152 3426 211 3479 οὐ
251 3430 322 3479 τὰ
382 3427 598 3487 πάντα,
653 3425 742 3478 τὸν
780 3425 909 3477 Θεὸν
959 3432 1052 3478 καὶ
1105 3429 1322 3494 Πατέρα
1387 3428 1479 3480 τοῦ
1535 3430 1738 3498 Κυρίου

157 3521 304 3585 ἡμῶν
361 3520 470 3570 καὶ
513 3515 653 3568 Θεοῦ
699 3516 870 3585 Ἰησοῦ
914 3517 1147 3586 Χριστοῦ
1182 3534 1196 3547 ο
1258 3519 1349 3570 καὶ
1386 3520 1465 3578 εις
1510 3519 1605 3573 ινα
1650 3521 1739 3574 τὸν

159 3611 435 3676 μονογενῆ
473 3607 645 3658 αὑτοῦ
679 3607 823 3666 Υιον.
868 3609 1072 3678 Κύριον
1121 3609 1211 3659 καὶ
1244 3607 1374 3659 Θεὸν
1423 3610 1575 3677 ἡμῶν
1640 3610 1740 3676 Ἰη-

163 3702 282 3750 σοῦν
341 3696 618 3767 Χριστὸν,
688 3696 844 3764 μόνον
891 3698 1162 3766 ἀληθινὸν,
1216 3699 1282 3750 δι’
1332 3691 1390 3749 οὗ
1435 3702 1501 3751 τά
1561 3700 1738 3752 πάντα

157 3795 404 3858 ἐγένετο,
439 3790 512 3840 τά
546 3803 604 3838 τε
633 3788 803 3857 ὁρατά
839 3791 932 3839 καὶ
965 3789 1031 3840 τὰ
1077 3790 1303 3855 ἀόρατα,
1351 3791 1444 3842 καὶ
1483 3793 1540 3841 ὲν
1587 3783 1631 3856 ᾦ
1671 3791 1738 3842 τά

161 3885 342 3935 πάντα
397 3883 738 3948 συνέστηκεν
767 3895 781 3908 ⁸
831 3879 888 3940 ὃς
924 3883 981 3932 ὲν
1014 3882 1154 3949 ἀρχῇ
1201 3876 1267 3949 ἦν
1301 3882 1433 3950 πρὸς
1462 3889 1552 3932 τον
1583 3883 1735 3941 Θεὸν,
1768 3947 1779 3959 ε

160 3973 253 4023 καὶ
277 3972 423 4032 Θεὸς
451 3966 548 4039 ἦν,
582 3970 674 4020 καὶ
701 3969 835 4037 μετὰ
875 3966 1044 4020 ταῦτα
1070 3970 1207 4021 κατὰ
1247 3969 1343 4038 τὴν
1380 3969 1420 4019 Γ
1423 3969 1600 4038 ραφὴν
1646 3971 1739 4022 ἐπὶ

159 4066 254 4133 τῆς
286 4065 399 4132 γῆς
437 4061 626 4129 ὤφθη,
660 4064 754 4113 καὶ
793 4063 905 4121 τοῖς
935 4061 1242 4129 ἀνθρώποις
1277 4063 1690 4130 συνανεστράςρη
1722 4077 1736 4091 ⁸

157 4153 213 4215 ὃς
239 4158 298 4206 ὲν
336 4157 536 4224 μορφῇ
567 4151 701 4204 Θεοῦ
733 4153 991 4220 ὑπάρχων
1034 4153 1133 4220 οὐχ
1161 4152 1454 4222 ἁρπαγμὸν
1497 4154 1739 4221 ἡγήσατο

155 4242 216 4292 τὸ
244 4239 391 4293 εἶναι
427 4243 521 4291 ἶσα
559 4239 697 4308 Θεῷ,
724 4239 838 4292 ἀλλ’
869 4242 1060 4294 ἑαυτὸν
1091 4240 1323 4291 ἐκένωσε
1344 4279 1359 4304 ,
1405 4243 1496 4292 καὶ
1524 4241 1613 4292 διά
1641 4244 1738 4310 τῆς

157 4336 221 4384 ἐκ
254 4331 553 4400 Παρθένου
590 4331 890 4398 γεννήσεως
926 4334 1138 4400 μορφὴν
1163 4330 1351 4383 δούλου
1396 4330 1596 4396 λαὸὼν,
1646 4336 1737 4383 καὶ

160 4424 416 4491 σχήματι
446 4421 697 4488 εὑρεθεὶς
727 4422 801 4482 ὡς
845 4421 1151 4488 άνορωπος,
1183 4423 1359 4475 πάντα
1395 4424 1462 4474 τὰ
1502 4424 1579 4484 εις
1605 4424 1736 4474 ἐαυ-

158 4486 406 4562 τονμκαὶ
447 4486 584 4578 περὶ
619 4508 811 4560 ἑαυτοῦ
858 4486 1218 4580 γεγραμμένα
1265 4512 1550 4582 ἐπλήρωσε
1598 4513 1738 4566 κατὰ
1767 4486 1814 4543 D

161 4603 257 4666 τὴν
291 4599 530 4666 ἐντολὴν
565 4598 657 4649 τοῦ
694 4599 926 4667 Πατρὸς,
959 4601 1247 4666 γενόμενος
1293 4603 1530 4671 ὑπήκοος
1579 4607 1740 4674 μέχρι

161 4692 426 4752 Θανάτου,
461 4691 698 4741 θανάτου
727 4691 781 4740 δὲ
823 4692 1077 4758 σταυροῦ.
1123 4694 1233 4743 Καὶ
1262 4696 1326 4761 τῇ
1359 4696 1515 4765 τρίτῃ
1557 4698 1740 4766 ἡμέρᾳ

161 4783 422 4849 ἐγερθεὶς
465 4784 534 4831 ἐκ
584 4783 790 4848 νεκρῶν
817 4784 958 4832 κατὰ
1002 4785 1096 4844 τὰς
1135 4784 1376 4853 Γραφάς,
1427 4784 1582 4854 ὤφθη
1631 4792 1740 4849 τοῖς

159 4875 340 4940 ἁγίοις
373 4871 550 4923 αὐτοῦ
577 4874 846 4938 μαθηταῖς
898 4873 991 4924 καὶ
1033 4877 1141 4936 τοῖς
1176 4878 1399 4939 λοιποῖς,
1435 4878 1507 4938 ὡς
1538 4880 1739 4944 γεγρα·-

159 4980 314 5017 πται.
367 4961 572 5027 ’Δνέὁη
620 4977 678 5011 τε
726 4963 805 5023 εις
838 4965 1117 5030 οὐρανοὺς,
1154 4965 1248 5016 καὶ
1276 4967 1517 5035 κάθηταε
1550 4969 1606 5018 ἐν
1650 4967 1738 5018 δε-

161 5054 248 5123 ξιᾷ
301 5055 407 5108 τοῦ
461 5054 699 5118 Πατρὸς,
752 5054 872 5104 ὅθεν
921 5056 1140 5122 ἔρχεται
1183 5059 1274 5110 ἐπὶ
1315 5058 1593 5127 συντελείᾳ
1642 5058 1736 5110 τοῦ

159 5149 364 5207 auia-voc
416 5145 639 5206 τούτου,
691 5145 987 5213 ἀναστῆσαι
1047 5147 1253 5209 πάντας
1301 5149 1390 5199 καὶ
1444 5149 1739 5201 ἀποδοῦναι

158 5241 381 5305 ἑκάστῳ
419 5237 571 5286 κατὰ
600 5236 698 5301 τὴν
738 5236 937 5303 πρᾶξιν
975 5237 1136 5289 αὑτοῦ
1163 5253 1178 5268 ⁸
1214 5241 1301 5291 ὅτε
1327 5241 1377 5290 οἱ
1417 5242 1514 5308 μὲν
1537 5241 1738 5292 δίκαιοι

159 5328 694 5396 προσληφοήσονται
740 5328 820 5387 εἰς
870 5329 1013 5396 ζωὴν
1063 5330 1280 5382 αἰώνιον
1315 5334 1406 5382 καὶ
1453 5332 1735 5397 βασιλείαν

159 5423 440 5488 οὐρανῶν,
480 5420 536 5469 οἱ
566 5420 623 5469 δὲ
649 5420 964 5486 ἁμαρτωλοὶ
1008 5423 1500 5493 κατακριθήσονται
1532 5429 1612 5486 εἰς
1644 5427 1740 5477 κό-

157 5510 314 5562 λασιν
343 5509 602 5573 αἰώνιον,
642 5511 776 5563 ὅπου
817 5513 845 5562 ό
898 5511 1111 5581 σκώληξ
1142 5514 1201 5564 οὺ
1234 5517 1477 5584 τελευτᾷ,
1530 5520 1622 5568 καὶ
1681 5518 1742 5568 τὸ

163 5600 270 5669 πῦρ
303 5603 375 5652 οὐ
405 5601 722 5654 σϐέννυται..
763 5603 867 5654 Καὶ
894 5603 949 5653 ἓν
981 5607 1137 5669 μόνον
1174 5607 1396 5674 Πνεῦμα
1436 5610 1607 5674 ἅγιον,
1650 5609 1740 5664 τὸν

229 5761 277 5791 ³⁸
301 5757 474 5811 Joan.
517 5772 604 5819 xv,
641 5757 728 5809 ‘26.

1842 3249 2168 3299 eunﬁtemur
2223 3261 2388 3297 unum
2431 3247 2641 3308 solum,
2699 3255 2752 3295 et
2809 3260 3031 3306 verum,
3087 3254 3139 3295 et
3198 3246 3396 3295 bonum

1842 3337 2034 3399 Deum,
2075 3346 2127 3387 et
2175 3335 2387 3389 Patrem
2437 3336 2886 3402 omnipotentem,
2921 3350 2988 3386 ex
3030 3350 3140 3402 quo
3187 3335 3396 3396 onmia,

1842 3430 2010 3482 Deum
2043 3426 2258 3480 Patrem
2309 3428 2523 3479 Domini
2557 3436 2609 3478 et
2651 3425 2742 3477 Dei
2780 3425 2952 3477 nostri
2992 3422 3118 3477 Jesu
3147 3425 3344 3477 Christi
3383 3440 3395 3475 :

1844 3521 1906 3572 Et
1952 3521 2172 3571 unicum
2221 3519 2556 3585 unigenitum
2606 3516 2725 3582 ejus
2776 3514 2989 3579 Filium,
3026 3514 3312 3566 hominum
3347 3525 3399 3569 et

1841 3613 2007 3664 Deum
2061 3619 2308 3662 nostrum
2356 3607 2541 3660 Jesuni
2588 3608 2890 3671 Christum,
2931 3609 3131 3669 solum,
3188 3621 3396 3668 verum,

1839 3719 1934 3771 per
1985 3717 2148 3768 quem
2203 3702 2385 3753 omnia
2431 3700 2574 3751 iacta
2625 3709 2792 3762 sunt,
2845 3697 3184 3764 visibiliaque
3239 3709 3400 3764 atque

1841 3793 2159 3854 invisibilia,
2215 3803 2269 3844 et
2301 3793 2354 3843 in
2390 3806 2500 3859 quo
2543 3805 2723 3841 umma
2773 3799 3045 3850 constant,
3089 3790 3290 3854 quique
3345 3806 3395 3838 ιιι

1839 3885 2109 3954 principio
2153 3895 2271 3936 erat
2304 3883 2444 3951 apud
2497 3880 2692 3942 Deum,
2749 3891 2804 3932 et
2842 3879 2984 3931 Deus
3031 3891 3150 3931 erat
3193 3887 3246 3930 et
3282 3891 3400 3944 pOSt

1840 3979 1954 4030 ha-c
1999 3979 2298 4030 secundum
2341 3975 2655 4041 Scripturas
2707 3974 2760 4024 in
2797 3975 2956 4025 terris
3010 3974 3160 4024 visus
3207 3982 3311 4035 est,
3347 3981 3401 4023 et

1839 4085 1963 4123 cum
2031 4067 2347 4120 hominibus
2407 4074 2766 4117 conversatus
2835 4071 2937 4116 est.
2996 4061 3100 4125 Qui
3155 4076 3280 4114 cum
3345 4065 3400 4114 in

1838 4161 2014 4213 forma
2046 4159 2139 4211 Dei
2171 4167 2336 4222 esset,
2369 4174 2475 4208 non
2519 4156 2761 4223 rapinam
2807 4155 3105 4207 arbitratus
3136 4163 3220 4206 est
3272 4169 3393 4207 esse

1839 4271 1898 4308 se
1940 4253 2202 4320 mqualem
2249 4251 2379 4312 Deo,
2427 4251 2519 4301 sed
2579 4250 2929 4315 semetipsum
2973 4249 3275 4301 exinanivit
3310 4261 3402 4300 :et

1839 4361 1934 4413 per
1976 4345 2310 4397 nativitatem
2351 4357 2416 4393 ex
2459 4341 2672 4408 Virgine
2713 4340 2944 4392 turmam
2986 4339 3128 4393 servi
3155 4355 3277 4393 cum
3311 4355 3402 4393 ac-

1841 4436 2095 4502 cepisset,
2126 4444 2178 4484 et
2205 4432 2391 4483 habitu
2424 4431 2677 4483 inventus
2714 4443 2859 4483 esset
2893 4441 2950 4483 ut
2986 4433 3166 4491 humo,
3192 4433 3398 4493 omnia,

1841 4543 1962 4594 quae
1996 4527 2046 4577 iu
2081 4530 2282 4591 ipsum,
2324 4535 2378 4576 et
2409 4524 2476 4576 de
2507 4523 2627 4590 ipso
2659 4526 2857 4590 scripta
2893 4523 3134 4589 fuerunt,
3164 4526 3402 4592 comple-

1844 4619 1945 4676 vit,
1992 4618 2288 4667 secundum
2347 4617 2655 4666 mandatum
2700 4613 2876 4668 Putris
2919 4614 3095 4667 luctus
3142 4615 3401 4671 obedieus

1844 4720 2012 4772 usque
2043 4706 2110 4757 ad
2145 4715 2395 4766 mortem,
2437 4715 2663 4755 mortem
2701 4714 2876 4757 autem
2921 4707 3119 4758 crocis.
3157 4706 3220 4758 Et
3255 4720 3396 4772 post.

1843 4813 2006 4863 quam
2037 4797 2194 4848 tertia
2222 4797 2310 4848 die
2346 4798 2733 4848 resurresisset
2766 4811 2795 4847 a
2845 4799 3073 4850 mortuis
3102 4798 3395 4850 secundum

1845 4886 2179 4954 Seripturus,
2211 4888 2358 4938 visus
2402 4895 2484 4938 est
2530 4900 2560 4936 a
2614 4886 2820 4937 sanctis
2851 4887 3130 4953 discipulis
3171 4889 3308 4952 suis,
3351 4908 3394 4937 ιιι

1843 4977 2088 5044 reliquis,
2121 4977 2264 5028 sicut
2295 4974 2555 5042 scriptum
2579 4984 2661 5026 est
2688 4989 2703 5026 ζ
2738 4973 2803 5025 Ει
2825 4976 3069 5028 ascendit
3098 4977 3150 5027 in
3175 4979 3398 5039 malum,

1845 5080 1902 5121 et
1925 5071 2078 5121 sedet
2113 5069 2179 5120 ad
2208 5069 2488 5119 dexteram
2536 5066 2734 5126 Patris,
2773 5067 2914 5118 unde
2947 5078 3200 5119 venturus
3230 5081 3312 5120 est
3348 5070 3398 5120 iu

1845 5160 2328 5214 consummatione
2359 5159 2544 5211 saeculi
2577 5158 2735 5224 hujus
2769 5157 2836 5210 ad
2870 5157 3188 5211 excitandos
3210 5169 3399 5211 omnes

1843 5261 1897 5305 et
1925 5252 2259 5304 reddendum
2295 5251 2760 5317 unicuiqnejuxta
2793 5265 2930 5318 opus
2965 5251 3112 5303 illius
3141 5267 3154 5302 :
3180 5254 3399 5318 quando

1834 5341 1968 5406 justi
2000 5343 2218 5409 quidem
2267 5352 2615 5394 assumuntur
2649 5341 2714 5393 ad
2746 5345 2910 5394 vitam
2961 5353 3244 5406 aeternam,
3280 5357 3402 5410 pec-

1840 5441 2053 5483 catores
2080 5420 2208 5482 vero
2243 5441 2574 5496 sempiterno
2610 5430 2934 5482 addicentur
2985 5432 3271 5499 supplicio,
3307 5432 3397 5483 ubi

1845 5522 2040 5573 vermis
2083 5534 2272 5572 eorum
2324 5535 2428 5572 non
2484 5525 2735 5585 moritur,
2769 5533 2824 5575 et
2856 5523 2996 5591 ignis
3033 5541 3136 5575 non
3185 5524 3397 5577 exstin-

1845 5611 2041 5679 guitur.
2078 5609 2365 5665 Credimus
2399 5611 2529 5664 item
2561 5627 2729 5666 unum
2763 5614 2937 5666 solum
2982 5614 3242 5681 Spiritum
3277 5630 3404 5667 sau-
