4214 6442
836 373 935 438 195
1853 367 2065 429 JOAN.
2103 363 2320 426 VECCl
2356 363 2466 425 (ΖΡ.
2510 360 3026 422 PATRIARCILE
3975 352 4072 418 196

830 497 1004 548 ctum,
1030 482 1401 542 Paracletum,
1444 481 1496 532 in
1534 493 1644 547 quo
1675 477 1945 546 obsignati
1987 489 2181 528 sumus
2213 473 2266 525 in
2311 473 2400 525 die
2429 481 2472 536 Α

2429 481 2472 536 Α
2505 471 2888 541 Παράκλητον,
2921 475 2981 524 τὸ
3013 471 3235 539 Πνεῦμα
3266 470 3366 539 τῆς
3402 468 3680 539 ἀληθείας,
3715 471 3773 521 ὲν
3800 461 3845 535 ᾦ
3874 471 4067 536 ἐσφρα-

830 574 1242 642 redeinptionis,
1307 571 1572 638 Spiritum
1630 569 1896 628 veritatis,
1948 565 2210 633 Spiritum
2265 562 2402 615 ado-

2505 563 2776 632 γίσθημεν
2829 565 2910 624 εἰς
2965 563 3180 631 ἡμέραν
3228 561 3707 628 ἀπολυτρώσεως’
3746 559 3810 611 τὸ
3849 559 4066 626 [Ινεῦμο

832 666 1051 734 ptionis,
1089 665 1139 715 in
1182 678 1293 731 quo
1332 663 1652 723 clamamus,
1687 659 1836 711 Abba
1870 658 2050 718 Pater,
2085 657 2176 724 qui
2215 653 2405 707 dividit

2505 655 2602 722 τῆς
2637 653 2938 714 υἱοθεσίας,
2969 655 3027 705 ὲν
3068 646 3112 719 ᾧ
3161 651 3456 721 κράζομεν,
3503 650 3670 703 Ἀσσᾶ
3695 651 3724 701 ὀ
3773 651 3980 718 Πατὴρ,
4013 650 4073 700 τὸ

831 769 885 814 et
932 755 1223 808 ellicaciter
1265 765 1526 823 operatur
1561 752 1726 812 dona,
1773 764 1895 817 qua:
1946 765 1974 801 a
2020 747 2132 799 Deo
2179 748 2404 803 dantur.

2505 743 2752 814 διαιροῦν
2775 745 2867 794 καὶ
2888 742 3144 809 ἐνεργοῦν
3171 745 3239 794 τὰ
3270 743 3420 809 παρὰ
3451 740 3544 791 τοῦ
3593 740 3729 791 Θεοῦ
3761 741 4079 808 χαρίσματα

834 847 1090 916 singulis,
1123 855 1286 913 prout
1342 844 1478 906 vult,
1514 843 1578 894 ad
1632 842 1917 893 utilitatem
1947 854 1961 889 :
1991 835 2274 903 Spiritum,
2320 833 2407 884 iii-

2507 835 2724 902 ἑκάστῳ
2758 834 2893 901 πρὸς
2935 832 2996 883 τὸ
3028 834 3326 902 συμφέρον,
3361 831 3547 894 καθὼς
3585 830 3837 898 βούλεται
3859 847 3872 861 ⁸
3914 832 3972 880 τὸ
4002 833 4083 880 διο

832 955 1021 1007 quam,
1072 951 1413 1004 quaecunque
1475 933 1739 986 audiverit
1784 947 1813 983 a
1845 928 1979 981 Filio
2010 929 2297 981 docentem
2350 935 2405 976 et

2507 925 2710 976 δάσκον
2743 924 2840 977 καὶ
2866 925 3286 992 ὐπομιμνῆσκον
3318 925 3516 986 πάιτα,
3553 927 3652 976 ὅσα
3695 923 3883 975 ἀκούει
3931 922 4082 988 παρὰ

837 1040 1273 1081 conuuonentem
1345 1025 1588 1076 omnia:
1651 1023 1886 1082 bonum,
1937 1019 2292 1071 deducentem
2353 1013 2407 1066 in

2509 1017 2604 1069 τοῦ
2656 1016 2826 1070 Υἱοῦο
2888 1018 2948 1068 τὸ
3011 1018 3235 1084 ἀγαθὸν,
3293 1017 3354 1068 τὸ
3406 1016 3634 1085 ὀδηγοῦν
3667 1017 3747 1076 είς
3783 1017 4085 1082 πὶσαντὴν

836 1132 1055 1169 omnem
1088 1118 1394 1176 veritatem,
1437 1123 1490 1165 et
1524 1113 1934 1164 ('Olllll'thalllt’lll
1962 1124 2155 1161 omnes
2182 1107 2411 1159 creden-

2512 1111 2791 1178 άλὴθειαν,
2840 1111 2935 1162 καὶ
2985 1109 3241 1177 στηρίζον
3290 1111 3498 1167 πάντας
3558 1109 3685 1169 τοὺς
3733 1106 4081 1166 πιστεύοιτας

836 1216 920 1259 tes
966 1205 1032 1258 ad
1065 1206 1427 1272 cognitionem
1471 1219 1650 1256 veram
1699 1213 1753 1254 et
1793 1211 2066 1263 exactam,
2101 1209 2154 1251 et
2201 1196 2407 1249 cultura

2514 1201 2654 1271 πρὸς
2688 1200 2894 1267 γνῶσιν
2940 1200 3183 1267 ἀσφαλῆ,
3239 1200 3333 1251 καὶ
3371 1198 3663 1266 ὁμολογίαν
3711 1198 3941 1266 ἀκριϐῆ,
3992 1200 4086 1246 καὶ

839 1295 930 1349 Dei
989 1297 1176 1364 pium,
1221 1308 1276 1350 et
1317 1297 1690 1348 adorationum
1740 1292 2078 1361 spiritalem,
2119 1302 2172 1342 et
2228 1302 2407 1344 veram

2512 1293 2886 1360 προσκύνησιν
2931 1291 3316 1361 πνευματικὴν
3375 1295 3465 1342 καὶ
3500 1291 3674 1360 ἀληθῆ
3705 1289 3839 1341 Θεοῦ
3878 1290 4087 1358 Ιιατρίς

837 1385 1241 1441 confessionem
1293 1387 1380 1440 Dei
1436 1386 1634 1445 Patris,
1687 1385 2063 1452 unigeiiitique
2101 1381 2222 1450 ejus
2266 1379 2409 1440 Filii,

2511 1389 2607 1435 καὶ
2659 1384 2753 1436 τοῦ
2815 1384 3142 1451 μονογενοῦς
3189 1383 3354 1435 αὐτοῦ
3406 1383 3561 1445 Υἰοῦ,
3602 1382 3696 1434 τοῦ
3738 1382 3946 1450 Κυρίου
3993 1397 4088 1430 και

837 1479 1165 1547 Dominique
1195 1495 1258 1531 ac
1295 1478 1387 1531 Dei
1420 1478 1592 1530 nostri
1625 1475 1752 1529 Jcsu
1789 1475 2018 1527 Chi-isti.
2057 1475 2119 1524 lit
2149 1476 2265 1524 haec
2290 1472 2409 1538 ipsa

2512 1475 2648 1528 Θεοῦ
2701 1475 2858 1544 ἡμῶν
2911 1475 3086 1544 Ἰησοῦ
3141 1474 3403 1542 Χριστοῦ.
3461 1476 3568 1528 Καὶ
3619 1472 3819 1526 ἑαυτοῦ
3854 1475 4090 1524 ἑκάστου

837 1572 1087 1639 equidetn
1132 1571 1232 1621 tria
1259 1573 1478 1620 nomina
1509 1583 1763 1620 seorsum
1806 1567 2020 1632 singula
2052 1580 2207 1618 suam
2244 1576 2410 1630 pecu-

2512 1569 2774 1637 ὐνόματος
2819 1567 2919 1637 τὴν
2991 1567 3086 1618 τοῦ
3142 1567 3546 1636 ὀνομαζομένου
3607 1567 3846 1633 ίδιὸτητα
3902 1565 4114 1637 σαφῶς.

838 1660 1029 1712 liarein
1072 1660 1363 1726 quamdam
1412 1659 1797 1727 proprietatem
1847 1667 2034 1725 aperte
2079 1657 2411 1725 signiﬁcant,

2515 1664 2645 1731 ἡμῖν
2677 1660 3122 1730 διευκρινοῦντος
3157 1674 3171 1689 ’
3208 1663 3300 1710 καὶ
3330 1662 3458 1728 περὶ
3492 1659 3724 1710 ἕκαστον
3752 1657 3860 1709 τῶν
3885 1657 4089 1724 ὀνομα-

838 1768 960 1820 qua:
993 1756 1076 1821 pie
1108 1754 1446 1807 considerari
1490 1755 1544 1805 in
1573 1753 1710 1821 ipsis
1742 1760 1940 1820 potest,
1971 1764 2137 1820 atque
2171 1752 2224 1803 in
2254 1751 2413 1802 Patre

2517 1750 2763 1819 ζομένων
2800 1753 3018 1812 πάντως
3047 1750 3156 1802 τῶν
3185 1750 3482 1819 ὲξαιρὲτων
3514 1749 3822 1817 ἰδιωμάτων
3852 1747 4092 1808 εὐσεϐῶς

840 1844 1060 1913 quidem
1090 1843 1395 1909 prOprieias
1425 1841 1630 1904 Patris,
1664 1844 1717 1894 in
1751 1842 1887 1894 Filio
1916 1842 2229 1910 pr0prietas
2266 1839 2412 1902 Filii,
2441 1825 2488 1884 Β

2441 1825 2488 1884 Β
2518 1844 2934 1912 θεωρουμένων,
2980 1841 3076 1893 τοῦ
3113 1843 3213 1910 μὲν
3247 1841 3458 1911 Πατρὸς
3507 1842 3565 1892 ὲν
3599 1841 3677 1910 τῷ
3722 1840 3974 1908 ἰδιώματι
3998 1839 4093 1890 τοῦ

850 1939 903 1986 in
933 1935 1140 2002 Spiritu
1170 1944 1358 1986 sancto
1391 1943 1664 2001 postremo
1703 1947 1800 1994 sua
1842 1933 2089 2000 quaedam
2137 1947 2166 1982 a
2197 1931 2415 1984 duobus

2519 1938 2754 2006 Πατρὸς,
2791 1935 2883 1987 τοῦ
2913 1935 2969 1986 δὲ
3008 1932 3140 1985 Υίοῦ
3176 1936 3234 1985 ἐν
3267 1933 3346 2002 τῷ
3399 1931 3651 2000 ἰδιώματι
3696 1931 3790 1984 τοῦ
3819 1930 3972 1994 Υίοῦ,
4000 1928 4095 1982 τοῦ

846 2027 1063 2079 diversa
1098 2025 1405 2093 proprietas
1440 2038 1457 2076 :
1487 2039 1611 2078 cum
1647 2038 1822 2089 neque
1853 2023 2090 2091 Spiritus
2131 2031 2354 2077 sanctus
2385 2037 2417 2075 a

2517 2031 2574 2083 δὲ
2627 2030 2783 2096 ἁγίου
2835 2028 3151 2096 Πνεύματος
3200 2027 3257 2077 ὲν
3308 2024 3386 2095 τῷ
3417 2025 3604 2091 οἰκείῳ
3650 2024 3925 2093 ἰδιώματι,
3961 2026 4098 2092 μήτε

843 2131 902 2170 se
940 2119 1058 2182 ipso
1091 2116 1369 2184 loquatur,
1407 2130 1580 2183 neque
1611 2113 1784 2168 Filius
1831 2131 1862 2167 a
1911 2114 2204 2182 semetipso
2251 2112 2418 2166 faciat

2517 2122 2611 2173 τοῦ
2639 2122 2797 2188 ἁγίου
2839 2120 3156 2186 Πνεύματος
3201 2117 3295 2184 ἀφ’
3344 2102 3543 2169 ἑαυτοῦ
3586 2113 3904 2177 λαλοῦντος,
3959 2113 4101 2181 μήτε

844 2209 1143 2274 quidquam
1180 2223 1192 2256 :
1230 2219 1294 2257 ac
1325 2203 1485 2256 Pater
1514 2205 1732 2272 quidem
1775 2203 1973 2256 Filium
2006 2205 2208 2267 mittat,
2247 2202 2419 2256 Filius

2519 2211 2614 2265 τοῦ
2665 2209 2795 2262 Υίοῦ
2825 2211 2916 2277 ἀφ’
2953 2207 3147 2259 ἑαυτοῦ
3179 2226 3229 2258 τι
3259 2205 3564 2266 ποιοῦντος,
3614 2207 3710 2256 καὶ
3736 2203 3829 2256 τοῦ
3864 2204 3964 2269 μὲν
3993 2204 4127 2254 lla--

845 2311 975 2350 vero
1035 2298 1300 2364 Spiritum
1359 2307 1636 2348 sanctum.
1710 2296 1802 2350 Sic
1862 2289 2175 2360 sentimus,
2237 2303 2292 2347 et
2339 2294 2421 2348 sic

2521 2302 2647 2368 τρδς
2687 2301 2996 2367 πέμποντος
3027 2298 3118 2348 τὸν
3163 2297 3315 2359 Υίον,
3367 2299 3458 2350 τοῦ
3512 2297 3569 2348 δὲ
3615 2295 3749 2348 Υἱοῦ
3792 2295 4108 2364 πέμποντος

847 2396 1191 2462 baptizainus
1224 2393 1274 2442 in
1321 2390 1589 2444 Trinitate
1620 2391 2100 2454 consubstantiali,
2141 2391 2305 2458 idque
2355 2403 2422 2440 ex

2521 2396 2582 2446 τὸ
2615 2393 2772 2461 ἅγιον
2812 2392 3039 2460 Πνεῦμα
3066 2405 3080 2419 ·
3112 2389 3253 2442 οὕτω
3291 2389 3620 2459 φρονοῦμεν,
3658 2391 3752 2440 καὶ
3790 2388 3932 2441 οῦτω
3963 2387 4105 2457 βακ-

849 2494 1121 2553 piweepto
1171 2482 1384 2535 Domini
1435 2484 1612 2535 nostri
1655 2481 1782 2535 Jesu
1816 2483 2041 2546 Christi,
2092 2482 2187 2549 qui
2233 2480 2419 2533 dixit:

2521 2486 2746 2554 τίζομεν
2792 2487 2870 2546 εἰς
2919 2485 3125 2553 Τριάδα
3179 2484 3486 2552 ὁμοούσιον,
3529 2483 3673 2534 κατά
3726 2481 3826 2552 τὴν
3883 2480 4111 2548 ἐντολὴν

851 2594 870 2625 ι
905 2573 1111 2633 Euntes
1146 2575 1337 2627 docete
1363 2587 1558 2626 omnes
1591 2583 1805 2641 gentes,
1854 2573 2197 2640 baptizantes
2235 2585 2331 2624 eos
2366 2571 2420 2622 in

2523 2577 2694 2632 αὐτοῦ
2721 2576 2816 2628 τοῦ
2844 2577 3058 2646 Κυρίου
3091 2576 3249 2644 ἡμῶν
3292 2574 3469 2643 Ἰησοῦ
3522 2572 3787 2642 Χριστοῦ,
3836 2573 4111 2632 εἰπόντος·

846 2667 1069 2720 nomine
1095 2664 1294 2732 Patris,
1333 2675 1386 2718 et
1421 2666 1565 2727 Filii,
1596 2677 1650 2717 et
1677 2664 1914 2732 Spiritus
1939 2667 2138 2730 sancti,
2168 2666 2427 2722 docentes

2534 2691 2551 2722 ι
2590 2671 2953 2740 Πορευθέντες
2992 2667 3372 2737 μαθητεύσατε
3404 2668 3582 2719 πάντα
3612 2668 3678 2718 τὰ
3711 2665 3864 2734 ἔθνη,
3916 2665 4115 2732 βαπτί-

847 2775 944 2812 eos
975 2773 1195 2812 servare
1222 2757 1428 2820 omnia,
1462 2773 1801 2825 quaecunque
1827 2758 2078 2810 mandavi
2106 2760 2260 2813 vobis
2289 2760 2360 2811 ".
2400 2779 2419 2810 ι

2527 2764 2711 2824 ζοντες
2749 2762 2944 2823 αὐτοὺς
3009 2763 3087 2822 είς
3128 2760 3185 2812 τὸ
3230 2761 3402 2826 ὄνομα
3444 2759 3540 2811 τοῦ
3599 2759 3834 2827 Πατρὸς,
3872 2759 3968 2809 καὶ
4016 2756 4116 2807 τοῦ

848 2851 983 2917 Quae
1037 2863 1322 2904 servantes
1367 2860 1421 2902 et
1466 2850 1789 2903 cliarilateui
1839 2864 1968 2916 erga
2021 2851 2173 2902 illum
2221 2850 2423 2905 habere

2529 2852 2684 2916 Υίοῦ,
2711 2855 2824 2904 ’καὶ
2855 2851 2949 2902 τοῦ
3014 2852 3169 2918 ἁγίου
3217 2851 3558 2918 Πνεῦματος,
3605 2845 3960 2909 διδάσκοντες
3988 2847 4120 2908 τοῦς

849 2957 950 2994 nos
979 2941 1448 3002 deiiioiistramus,
1492 2949 1545 2992 et
1594 2941 1740 3007 digni
1790 2939 2076 3003 eﬂieimur,
2115 2942 2208 3009 qui
2258 2944 2312 2994 in
2362 2957 2446 3002 ea.

2528 2948 2718 3014 τηρεῖν
2767 2946 2964 3008 πάντα,
2993 2945 3092 2996 ὅσα
3143 2942 3500 3010 ἐνετειλάμην
3534 2943 3683 3009 ἡμῖν.
3727 2958 3745 2990 ι
3801 2941 3980 3006 ’Δπερ
4015 2957 4121 3006 τη-

851 3047 1192 3095 maneamus,
1220 3032 1362 3084 sicut
1389 3031 1652 3096 scriptum
1686 3039 1768 3084 est
1800 3046 1814 3083 :
1847 3041 2038 3084 contra
2085 3032 2426 3101 negligentes

2532 3040 2749 3107 ροῦντες
2801 3037 2900 3107 μὲν
2939 3037 3038 3106 τὴν
3085 3037 3164 3097 είς
3213 3035 3375 3088 αὐτὸν
3414 3034 3635 3101 ἀγάπην
3667 3029 4120 3097 ὲπιδεικ-.ύμεθα,

851 3139 970 3176 eam
1023 3139 1264 3186 servare,
1319 3126 1388 3176 ab
1435 3139 1498 3176 ea
1541 3125 1825 3192 disjuncti,
1875 3133 1970 3176 aut
2033 3124 2190 3177 aliter
2248 3123 2424 3176 allecti
2459 3176 2498 3196 ﬂ

2460 3176 2498 3196 ﬂ
2532 3130 2628 3180 καὶ
2663 3130 2721 3180 ὲν
2755 3129 2893 3196 αὐτῇ
2953 3128 3136 3194 μένειν
3191 3123 3619 3192 καταξλούμεθα,
3670 3125 3852 3183 καθὼς
3909 3124 4124 3189 γέγρα-

851 3217 1254 3270 cimviuciuiur.
1307 3234 1325 3265 ι
1366 3215 1470 3280 Qui
1511 3219 1656 3270 enim
1704 3232 1811 3269 non
1865 3218 2036 3285 diligit
2083 3232 2209 3278 me,
2258 3210 2500 3285 inquit"

2459 3210 2500 3232 υ
2533 3236 2688 3281 πται,
2723 3218 2797 3287 μὴ
2823 3218 3115 3286 τηροῦντες
3139 3216 3196 3267 δὲ
3225 3217 3483 3277 ἐναντίως
3513 3215 3724 3282 ἔχοντες
3755 3210 4123 3281 ἐλεγχόμεθα.

856 3307 1149 3371 Dominus,
1178 3323 1464 3360 sermones
1499 3324 1650 3361 meos
1669 3323 1776 3361 non
1808 3320 1991 3361 servat
2017 3307 2085 3359 “.
2125 3325 2145 3357 ι
2180 3306 2246 3358 Ει
2276 3308 2430 3369 item,

2540 3327 2558 3358 ι
2609 3307 2667 3359 '0
2697 3307 2773 3377 μὴ
2801 3307 3032 3375 ἀγαπῶν
3064 3309 3175 3374 γάρ
3231 3321 3318 3374 με,
3361 3323 3378 3353 ι
3421 3305 3583 3372 φησὶν
3614 3304 3642 3354 ὁ
3667 3305 3894 3372 Κύριος,
3931 3321 3950 3351 ι
3989 3304 4123 3362 τοὺς

863 3416 880 3447 ι
919 3399 1022 3462 Qui
1065 3401 1229 3451 liabet
1277 3400 1530 3452 mandata
1566 3415 1685 3450 mea
1717 3400 2040 3452 ettcustodit
2070 3415 2154 3463 ea,
2197 3399 2288 3452 ille
2319 3408 2425 3462 est,

2535 3400 2727 3467 λόγους
2763 3415 2865 3466 μου
2907 3399 2967 3450 οὑ
3000 3400 3177 3467 τηρεί.
3213 3416 3230 3448 ι
3284 3396 3394 3450 Καὶ
3425 3396 3588 3448 πάλιν
3617 3412 3630 3424 ·
3679 3414 3696 3444 ι
3742 3396 3801 3446 '0
3848 3397 3988 3462 ἔχων
4023 3412 4127 3456 τας

860 3495 956 3558 qui
989 3490 1171 3557 diligit
1215 3508 1299 3544 me
1327 3493 1395 3544 ⁸⁷.
1433 3509 1451 3542 i
1487 3491 1553 3543 lat
1600 3491 1712 3544 haec
1744 3492 1998 3559 equidem
2027 3499 2111 3543 est
2158 3505 2189 3542 a
2237 3505 2434 3558 magno

2536 3493 2755 3553 ἐντολάς
2784 3509 2887 3558 μου
2918 3491 3013 3542 καὶ
3053 3489 3237 3558 τηρῶν
3267 3489 3458 3551 αὑτάς,
3489 3488 3696 3546 ἐκεῖνός
3725 3489 3873 3538 ἐστιν
3903 3490 3930 3537 ὁ
3983 3503 4129 3552 αγα-

863 3581 1065 3633 Basrlio
1097 3584 1233 3633 titius
1259 3581 1458 3634 tradita
1496 3581 1790 3648 ipsissimis
1822 3582 2027 3634 verbis.

2536 3583 2656 3634 πῶν
2691 3594 2779 3650 με.
2819 3600 2837 3632 i
2880 3581 3029 3648 Αῦτη
3064 3581 3160 3648 μὲν
3201 3579 3233 3648 ἠ
3264 3579 3418 3646 παρὰ
3438 3578 3531 3630 τοῦ
3565 3578 3803 3646 μεγάλου
3829 3577 4127 3628 Βασιλείου

2537 3673 2820 3726 ἐκδοθεῖσα
2859 3674 3040 3732 πίστις
3073 3672 3371 3735 αὐτολεξεί.

930 3764 984 3814 9.
1029 3761 1146 3827 Qua
1192 3770 1401 3816 asserta
1436 3769 1528 3814 tua
1562 3759 1709 3813 hunc
1744 3761 1796 3813 in
1837 3761 2057 3813 modum
2104 3760 2438 3830 redarguen-

2610 3766 2674 3820 θ’.
2707 3766 2776 3815 Σὺ
2805 3765 2862 3815 δὲ
2893 3766 2955 3814 ὲκ
2981 3763 3203 3830 ταύτης,
3235 3765 3319 3828 ἐφ’
3350 3757 3430 3825 οἷς
3463 3763 3659 3829 λέγεις,
3690 3762 3863 3825 οὕτως
3887 3762 4134 3828 απελτ-,-

865 3865 977 3907 ιυι·.
1029 3854 1275 3922 hamquc
1329 3855 1382 3906 in
1435 3867 1498 3905 ca
1543 3867 1573 3905 a
1608 3852 1747 3905 Filio
1795 3852 2060 3920 Spiritum
2118 3855 2434 3922 procedere,

2539 3858 2738 3929 χθήσῃ.
2783 3859 2870 3909 Ἐν
2899 3857 3073 3927 ταύτῃ
3102 3862 3211 3924 γάρ
3241 3858 3316 3924 μὴ
3351 3857 3502 3924 παρὰ
3534 3855 3629 3908 τοῦ
3664 3856 3791 3908 ms
3825 3858 4137 3923 ἐκπορεύε-

865 3949 1013 4015 quod
1072 3945 1332 3998 Italorum
1392 3945 1597 3998 additio
1656 3947 1975 4009 contendit,
2039 3957 2261 4012 tacens,
2314 3947 2440 4000 silet

2544 3948 2668 3998 σθαι
2704 3947 2878 4013 λέγων
2908 3946 2972 3996 τὸ
3008 3946 3229 4013 Πνεῦμα
3271 3947 3296 3994 ὁ
3335 3945 3489 4010 ἅγιος
3518 3987 3532 4009 ,
3567 3948 3705 4014 ὅπερ
3755 3948 3787 4014 ἡ
3831 3949 4133 4014 προσθήκη

865 4054 1086 4107 quoque
1116 4048 1170 4090 et
1205 4053 1270 4090 ex
1305 4037 1464 4090 Patre
1493 4040 1808 4105 procedere,
1839 4042 1984 4105 quod
2019 4037 2303 4091 Doiniuica
2338 4053 2440 4092 vox

2542 4040 2651 4090 τῶν
2691 4038 2910 4091 Ἰταλῶν
2947 4037 3215 4105 βούλεται,
3249 4040 3379 4105 σιγᾷ
3419 4039 3508 4089 καὶ
3539 4041 3597 4089 τὸ
3647 4040 3712 4089 ἐκ
3749 4039 3959 4108 [ἰατρὸς
3998 4040 4140 4089 αὐτο

869 4148 923 4183 ιιι
971 4130 1266 4198 Evangelia
1319 4131 1666 4191 enuntiavit,
1734 4144 1842 4196 quo
1913 4141 2100 4196 aperte
2156 4131 2443 4198 palamque

2544 4131 2962 4202 ἐκπορεύεσθαι,
2994 4132 3128 4200 ὅπερ
3157 4135 3212 4181 ἐν
3241 4129 3594 4196 Εὐαγγελίοις
3618 4132 3650 4197 η
3683 4129 3939 4199 Κυριακὴ
3974 4148 4139 4199 φωνη

869 4224 1174 4281 conﬁrmat,
1214 4235 1320 4272 non
1349 4222 1509 4274 talem
1551 4236 1674 4274 esse
1720 4222 2052 4273 additionem
2093 4223 2164 4274 ab
2195 4222 2345 4276 Italis
2385 4225 2440 4276 in

2545 4225 2900 4294 παραδέδωκε
2926 4238 2940 4253 ·
2991 4225 3085 4274 καὶ
3117 4223 3277 4274 τοῦτο
3307 4225 3475 4273 ποιῶν
3516 4224 3845 4291 παρίστησιν
3876 4223 4142 4291 ἐναργῶς

871 4311 1131 4380 Symbolo
1185 4311 1432 4374 factam,
1488 4313 1704 4380 qualem
1757 4313 1897 4364 idem
1947 4312 2096 4380 ipse,
2153 4315 2444 4382 cinerique

2550 4317 2626 4385 μὴ
2658 4315 2915 4380 τοιαύτην
2948 4307 3087 4365 εἶναι
3124 4313 3446 4383 προσθήκην
3498 4313 3598 4382 τὴν
3629 4313 3760 4382 παρ’
3804 4314 4026 4364 Ἰταλῶν
4085 4320 4147 4370 'u

872 4412 1042 4455 nostri
1075 4403 1267 4455 deil‘eri
1290 4401 1504 4466 Paties,
1540 4419 1688 4465 eum,
1715 4402 1810 4468 qui
1841 4416 1972 4454 sane
2005 4403 2129 4455 lidei
2164 4405 2442 4471 quidpiam

2545 4404 2623 4471 τῷ
2667 4403 2926 4471 Συμὸόλῳ
2979 4407 3274 4472 γενομένην
3334 4403 3688 4473 προσθήκην,
3745 4405 3979 4471 οἵανπερ
4042 4409 4151 4457 καὶ

871 4491 1160 4552 addiderit,
1214 4493 1298 4544 vel
1349 4492 1552 4560 aliquid
1613 4507 1679 4543 ex
1727 4506 1790 4543 ea
1840 4491 2158 4555 detraxerit,
2200 4495 2440 4558 _anatbe-
2477 4519 2520 4572 ι)

2483 4519 2520 4572 D
2548 4487 2701 4555 οὗτος
2736 4492 2920 4552 αὐτὸς,
2959 4494 3054 4543 καὶ
3095 4493 3140 4542 ot
3178 4491 3355 4544 λοιποὶ
3395 4495 3644 4560 θεοφόροι
3677 4493 3920 4560 Πατερες
3973 4494 4147 4560 ἡμῶν

874 4584 1007 4636 inati
1058 4584 1442 4651 subjicientes,
1498 4585 1922 4653 prohibuerunt.
1980 4582 2118 4637 Vera
2171 4586 2445 4654 siquidem

2548 4584 2960 4654 ἀπηγόρευσαν,
2993 4586 3168 4635 πάντα
3200 4583 3290 4635 τὸν
3318 4585 3677 4653 προστιθέντα
3713 4587 3778 4652 τῇ
3812 4586 4150 4650 ὑγιαινούσῃ

877 4687 991 4728 ιυιιι
1020 4677 1254 4739 additio,
1293 4687 1344 4728 et
1368 4679 1637 4728 detractio
1661 4685 1765 4738 est,
1796 4691 1920 4728 cum
1948 4691 2055 4727 non
2087 4677 2446 4739 dictionibus,

2553 4674 2755 4738 πίστει,
2795 4675 2828 4744 ἢ
2879 4674 3284 4742 ἀφαιρούμενον
3326 4675 3385 4737 ἐξ
3433 4675 3624 4743 αὐτῆς,
3671 4672 4151 4734 καταδικάζοντες

875 4771 971 4821 sed
1002 4770 1288 4821 sententiis
1321 4769 1516 4820 alienis
1562 4769 1915 4836 externisque
1949 4769 2083 4821 tides
2115 4782 2247 4820 sana
2279 4768 2452 4822 Viola-

2548 4765 2876 4832 ἀναθέματι.
2925 4765 3156 4833 Ἀληθης
3190 4765 3300 4834 γὰρ
3346 4765 3636 4835 προσθήκη
3683 4768 3799 4817 έστί
3840 4769 3934 4816 καὶ
3971 4768 4155 4829 agai-

881 4870 986 4910 tur.
1035 4857 1272 4919 Etenim,
1321 4859 1366 4908 si
1423 4857 1731 4909 dictionum
1791 4857 2068 4909 additione
2120 4858 2448 4926 hvangelrca

2556 4871 2703 4925 ρεσις
2734 4858 2797 4909 τὸ
2825 4857 2898 4926 μὴ
2931 4857 3163 4921 λέξεσιν,
3202 4859 3319 4910 αλλ’
3351 4860 3581 4920 ἐννοίαις
3618 4861 3894 4928 ἑκατέρως
3928 4876 4154 4910 τούτων

883 4955 1078 5004 veritas
1132 4952 1475 5013 vulneratur,
1529 4952 1802 5018 [idemque
1845 4949 1971 5002 aliis
2021 4952 2335 5018 prapinare,
2393 4952 2447 5004 in

2548 4951 2648 5016 την
2683 4949 3032 5013 ὑγιαίνουσαν
3077 4949 3261 5000 πίστιν
3305 4949 3517 5003 παθεῖν.
3578 4949 3641 5000 Εί
3691 4950 3800 5018 γάρ
3849 4952 3908 5002 ὲν
3958 4948 4154 5012 λέξεσι

883 5058 987 5110 qua
1015 5042 1348 5111 Evallgellca‘.
1383 5041 1691 5095 Servaioris
1721 5056 1882 5094 voces
1913 5055 2140 5109 prorsus
2171 5057 2277 5094 non
2303 5041 2453 5109 dige-

2551 5039 2843 5108 προσθήκη
2869 5041 2966 5106 τὴν
2997 5039 3376 5108 Εὑαγγελικην
3403 5042 3819 5110 παραχαράττει
3847 5042 4152 5107 ἀληθειαν,

883 5146 1094 5198 rantur,
1133 5137 1228 5185 sed
1272 5135 1496 5187 silentio
1543 5134 1799 5186 involuta:
1845 5133 2290 5196 dissimulentur,
2341 5133 2452 5186 Do-

2556 5131 2652 5180 καὶ
2684 5129 2744 5180 τὸ
2778 5129 2963 5180 πίστιν
2995 5130 3210 5190 πάντως
3242 5130 3615 5197 παραδιδοναι,
3645 5133 3738 5181 καὶ
3760 5132 3859 5192 τάς
3891 5130 4157 5196 Εὐάγγε-

886 5225 1116 5278 minicas
1161 5239 1318 5277 voces
1354 5235 1441 5278 est
1477 5225 1699 5290 violare,
1732 5238 1784 5278 et
1833 5226 2186 5293 Evangelium
2238 5226 2450 5278 adulte-

2558 5223 2716 5284 λικὰς
2742 5221 2834 5274 τοῦ
2869 5221 3121 5290 Σωτῆρος
3149 5223 3330 5288 φωνάς
3373 5225 3430 5274 ἐν
3459 5225 3526 5292 τῇ
3558 5223 3782 5292 τοιαύτῃ
3827 5225 4016 5275 πίστει
4051 5229 4156 5274 sx-

888 5329 1008 5364 rare
1043 5330 1053 5363 :
1088 5314 1133 5364 si
1181 5313 1308 5375 hoc,
1362 5314 1623 5383 inquam,
1673 5330 1862 5367 verum
1909 5326 1995 5367 est
2038 5329 2320 5382 nunquam
2366 5314 2455 5367 liic

2558 5313 2828 5374 τίθεσθαι,
2861 5312 2999 5364 αλλὰ
3022 5314 3225 5372 ταύτας
3258 5320 3629 5383 παρατρέχειν
3645 5318 3807 5383 σιγῇ,
3840 5319 3934 5366 καὶ
3982 5313 4162 5366 τοῦῑο

889 5417 1119 5467 magnus
1153 5401 1391 5457 Basilius
1435 5419 1828 5466 asseverasset,
1870 5423 1888 5455 ι
1927 5405 2148 5472 planum
2180 5413 2456 5473 aperturu-

2562 5407 2774 5456 ἀθετεῖν
2801 5408 2914 5456 ἐστι
2947 5404 3039 5465 τὰς
3063 5404 3155 5456 τοῦ
3186 5406 3389 5474 Κυρίου
3417 5409 3623 5473 φωνάς,
3660 5409 3756 5459 καὶ
3781 5407 4165 5476 παραχαράτ-

885 5509 993 5561 que
1022 5510 1140 5548 esse
1185 5512 1215 5547 a
1249 5497 1354 5548 lide
1387 5511 1596 5560 casum,
1648 5506 1701 5550 et
1737 5501 2008 5566 superbiae
2045 5500 2328 5563 iudiciuin,
2361 5509 2455 5551 aut

2561 5517 2677 5550 τειν
2703 5501 2761 5548 τὸ
2806 5497 3162 5564 Εὑαγγέλιον.
3203 5497 3343 5549 Ἀλλ’
3376 5501 3423 5549 εἰ
3475 5499 3632 5551 τοῦτο
3681 5496 3746 5570 ἦν
3793 5500 4011 5560 ἀλαθὲς,
4051 5499 4162 5548 οὐκ

887 5602 954 5638 es
989 5586 1056 5638 iis
1079 5601 1199 5653 qua:
1224 5601 1426 5656 scripta
1455 5599 1581 5641 sunt
1610 5591 1817 5658 aliquid
1845 5591 2092 5657 rejicere,
2127 5600 2221 5642 aut
2249 5604 2314 5641 ex
2345 5603 2455 5640 non

2565 5590 2630 5642 ἂν
2665 5593 2690 5640 ὁ
2725 5589 2898 5656 μέγας
2923 5588 3074 5649 οὗτος
3114 5588 3387 5648 Βασίλειος
3441 5589 3534 5639 νῦν
3567 5589 3666 5657 μὲν
3696 5589 3884 5655 ἔλεγεν
3919 5607 3938 5638 ι
3976 5603 4165 5654 φανε-

960 5745 1004 5776 ³⁵
1033 5745 1221 5800 Mattli.
1254 5764 1439 5811 xxviii,
1477 5749 1562 5815 l9,
1595 5750 1682 5802 Ξυ.
1780 5751 1824 5781 ’⁸
1846 5749 2006 5803 Joau.
2042 5767 2151 5816 λιν,
2185 5750 2273 5803 24.
2353 5752 2395 5780 ¹¹
2426 5751 2554 5804 ibid.
2592 5755 2680 5803 (τι.
