4214 6442
812 371 917 443 199

1863 367 2077 431 JOAN.
2114 367 2328 429 VECCI
2370 368 2478 427 (ΞΡ.
2523 368 3035 431 ΡΑΤΒΙΑΒΕΗᾸΞ

3934 379 4030 444 206

802 483 1134 540 admixtione
1210 479 1517 536 adulterata
1596 477 1886 533 custodiat.
1955 476 2223 543 Quocirca
2274 490 2375 546 ego

2492 478 2606 547 ρῆς,
2643 477 2819 531 ταῦτα
2848 480 2980 548 ἡμῖν
3013 478 3354 549 παραθέσθαι
3407 480 3551 535 κατὰ
3575 483 3637 535 τὸ
3666 481 3896 553 ἀρέσκον
3921 484 4032 553 Θεῷ

795 589 1020 647 quoque
1046 582 1166 644 quae
1194 587 1261 626 ex
1293 571 1494 626 divinis
1522 570 1740 624 Litteris
1787 568 1991 637 accepi,
2032 568 2146 622 haec
2174 582 2363 637 quem-

796 667 1092 723 admodum
1125 662 1220 717 Dei
1252 664 1509 717 voluntas
1544 671 1648 724 est,
1691 661 1757 714 ad
1784 676 2132 714 communem
2166 660 2371 714 utilita-

801 770 909 814 tem
941 770 1210 824 exponere
1229 757 1385 808 vobis
1412 766 1603 808 teneor
1634 753 1968 807 necessario.
2010 771 2030 805 ι
2071 750 2173 816 Qui
2203 752 2369 821 igitur

801 846 1127 917 postulatam
1154 844 1316 897 [idem
1355 845 1645 911 integram,
1678 844 1899 895 etnulla
1932 846 1983 895 in
2016 858 2071 895 re
2097 842 2372 893 adultera-

802 950 911 993 tam
968 937 1372 1007 postulantibus
1407 936 1638 989 ’tradere
1664 938 1963 1004 proﬁtetur
1985 975 2000 998 ,
2034 949 2207 1003 eaque
2263 933 2370 987 illis

801 1044 1076 1099 apponere
1120 1026 1420 1097 promittit,
1468 1042 1589 1095 qua:
1638 1027 1752 1095 ipse
1793 1041 1861 1079 ex
1898 1022 2101 1079 divinis
2153 1023 2411 1079 Litteris-

800 1118 1029 1181 didtcit,
1077 1119 1122 1168 si
1163 1117 1245 1169 vel
1277 1116 1618 1178 dictionibus
1663 1115 1861 1167 divina:
1926 1114 2222 1183 Scriptura:
2271 1116 2366 1165 do-

805 1219 983 1265 ctrina
1022 1206 1418 1276 praescribitur,
1461 1221 1694 1275 quanam
1745 1206 1953 1258 ratione
2002 1206 2054 1256 iu
2113 1204 2216 1257 fide
2258 1214 2371 1256 tra-

804 1303 979 1354 denda
1041 1300 1264 1352 silentio
1320 1298 1599 1365 pragteriit,
1643 1296 1938 1350 dictionem
1980 1297 2151 1356 illanL
2174 1297 2369 1364 ipsam,

806 1378 971 1459 quam
1019 1392 1281 1446 Dominus
1316 1390 1369 1441 in
1413 1389 1722 1457 Evangeliis
1752 1385 2167 1458 pronuntiavit?
2217 1386 2281 1439 Et
2326 1386 2370 1439 si

802 1484 1085 1553 praeteriit,
1144 1480 1417 1551 quomodo
1462 1482 1751 1542 mendacii,
1805 1480 2065 1547 illiusque
2129 1477 2371 1547 ingentis

805 1576 1051 1637 nouerit
1099 1588 1249 1635 reus,
1286 1571 1379 1640 qui
1425 1574 1751 1640 promiserat
1800 1573 2017 1640 quidem
2076 1584 2370 1640 apponere,

802 1682 924 1734 qua:
966 1682 1033 1721 ex
1082 1668 1263 1720 divina
1320 1664 1603 1733 Scriptura
1647 1666 1933 1729 didicerat,
1977 1674 2029 1717 et
2078 1681 2141 1717 ea
2193 1673 2371 1717 tatncn

802 1776 923 1826 quae
960 1760 1196 1813 maxime
1240 1758 1487 1811 omnium
1548 1759 1855 1810 necessaria
1910 1756 2255 1819 videbantur,
2297 1764 2375 1807 ta-

2471 570 2607 639 πρὸς
2632 571 2692 624 τὸ
2729 576 2881 641 κοινῇ
2916 574 3195 642 συμφέρον
3221 571 3510 641 ὀφειλέτης
3542 573 3682 643 εἰμί.
3722 576 3780 626 Ὀ
3806 574 3925 643 γοῦν
3939 586 4033 644 την

2470 661 2874 730 άπαιτηθεῖσαν
2899 661 3031 730 παρ’
3058 663 3225 715 αὑτοῦ
3257 664 3441 716 πίστιν
3469 666 3756 717 ἀνόθευτον
3786 668 3875 718 καὶ
3906 669 4035 718 ἀκα-

2472 753 2743 822 πήλευτον
2766 756 2877 817 τοῖς
2909 754 3303 823 αἰτησαμένοις
3335 755 3674 825 παραδοῦναι
3710 758 4028 826 ἐπαγγελλό-

2475 862 2659 916 μενος,
2692 846 2919 898 κάκεῖνα
2949 846 3135 908 αὐτοῖς
3178 848 3520 917 παραθέσθαι
3564 849 4035 919 καθυπισχνούμε-

2474 955 2583 1001 νος,
2634 939 2778 1007 άπερ
2827 941 2891 990 ὲκ
2920 938 3017 1003 τῆς
3051 937 3412 991 θεοπνεύστου
3446 938 3669 1008 Γραφῆς
3722 938 3938 1008 ἔμαθεν,
3987 943 4036 994 εἰ

2475 1032 2636 1100 μέχρι
2666 1030 2865 1094 λέξεων
2899 1032 2931 1101 ὴ
2968 1030 3067 1100 τῆς
3096 1030 3457 1083 θεοπνεύστου
3488 1029 3526 1079 Γ
3531 1029 3713 1098 ραφῆς
3733 1027 4035 1082 διδασκαλία

2470 1122 2781 1190 διώρισται,
2848 1122 2964 1185 πῶς
3004 1121 3071 1175 ἂν
3103 1122 3162 1173 ἐν
3195 1120 3271 1190 τῷ
3314 1120 3667 1191 παραδιδόναι
3719 1124 3820 1190 τὴν
3865 1120 4036 1171 πίστιν

2474 1213 2656 1279 σιωπῇ
2694 1211 3182 1282 παραδεδραμήκει
3210 1210 3357 1275 λέξιν
3383 1212 3555 1281 αὐτὴν
3596 1210 3834 1279 ἐκείνην,
3878 1212 3941 1280 ἢν
3983 1212 4039 1261 ιν

2476 1303 2833 1369 Εὐαγγελίοις
2864 1304 2891 1354 ὁ
2939 1303 3143 1370 Κύριος
3188 1303 3414 1372 εἴρηκεν
3447 1320 3462 1367 ;
3498 1304 3558 1354 Et
3600 1302 3659 1354 δὲ
3710 1301 4040 1370 παρέδραμε,

2473 1392 2589 1454 πῶς
2610 1394 2709 1443 οὐκ
2738 1391 2803 1442 ἂν
2836 1393 2928 1445 τοῦ
2959 1394 3222 1461 μεγίστου
3258 1391 3489 1460 ψεύδους
3519 1392 3683 1455 ἑάλω,
3719 1391 4043 1459 ἐπαγγειλά-

2479 1500 2638 1552 μενος
2676 1485 2774 1553 μὲν
2801 1487 2998 1548 εἰπεῖν,
3032 1486 3177 1556 άπερ
3207 1484 3415 1554 ἔμαθεν
3445 1487 3510 1537 ὲκ
3550 1486 3651 1553 τῆς
3683 1483 4037 1536 θεοπνεύστου

2474 1576 2720 1645 Γραφῆς,
2758 1578 2982 1629 σιωπῶν
3013 1577 3070 1630 δὲ
3098 1580 3165 1629 τά
3202 1578 3404 1647 μᾶλλον
3429 1576 3697 1630 δοκοῦντα
3734 1576 3845 1628 τῶν
3869 1575 4041 1628 ἄλλων

2474 1670 2926 1740 άναγκαιότερα;
2991 1671 3218 1733 Πάντως
3287 1673 3315 1724 ὁ
3377 1671 3471 1723 τὸν
3531 1672 3708 1740 μέγαν
3766 1669 4043 1723 Βασίλειον

2475 1757 2802 1815 διδάσκαλον
2858 1762 3139 1824 εὐσεϐείας
3195 1761 3499 1830 ὁμολογῶν,
3533 1761 3727 1830 ὥσπερ
3774 1760 3907 1828 ἐγὼ,
3956 1759 4047 1811 καὶ

799 1823 962 1904 cuit?
1017 1850 1158 1902 Sane
1202 1849 1295 1917 qui
1337 1862 1591 1914 maguum
1645 1845 1902 1898 Basilium
1929 1844 2145 1913 pietatis
2181 1846 2374 1895 docto-

2492 1849 2811 1919 11νεύματος
2832 1852 3183 1919 καταγώγιον
3222 1854 3497 1905 πιστεύων
3525 1848 3666 1905 εἶναι
3695 1851 3879 1916 αὑτὸν,
3918 1851 4046 1903 σύν-

802 1956 916 1996 retn
972 1941 1307 2002 conﬁtetur,
1360 1936 1822 2007 quemadmodum
1855 1953 1981 2007 ego,
2032 1946 2087 1990 et
2136 1934 2374 2004 Spiritus

799 2031 1159 2085 diversorium
1187 2044 1311 2082 eum
1342 2040 1514 2093 tenet,
1543 2044 1829 2086 assensum
1863 2027 2144 2098 prtebebit,
2165 2025 2369 2079 nullam

800 2122 961 2174 aliam
1014 2122 1083 2173 ob
1127 2136 1347 2174 Causam
1395 2138 1518 2175 eum
1571 2137 1839 2185 asserere,
1899 2120 2152 2173 traditam
2196 2117 2265 2170 ab
2314 2131 2373 2168 se

805 2213 963 2264 Iidem
995 2213 1257 2280 integram
1297 2230 1441 2277 esse,
1469 2226 1524 2267 et
1554 2214 1700 2267 nulla
1728 2214 1780 2265 itt
1812 2227 1870 2265 re
1904 2211 2290 2273 adulteratam,
2316 2217 2373 2262 et

805 2312 864 2353 ut
896 2318 1015 2355 eam
1047 2319 1111 2356 ex
1143 2305 1345 2360 divinis
1378 2306 1599 2361 Litteris
1620 2286 1903 2366 didicerat,
1933 2312 1986 2356 et
2015 2301 2375 2355 nihilominus

801 2395 1131 2449 dictionibus
1185 2399 1515 2467 evangelicis
1588 2402 1654 2451 de
1727 2396 2079 2465 processione
2132 2391 2375 2462 Spiritus

802 2494 1100 2564 carentem,
1148 2503 1315 2555 quam
1365 2491 1512 2557 quod
1564 2502 1672 2540 non
1720 2486 2077 2549 dictionibus,
2109 2484 2206 2538 sed
2250 2499 2378 2538 sen-

806 2577 988 2630 tentiis
1022 2577 1074 2628 iu
1107 2577 1212 2631 title
1260 2578 1613 2637 auditionem,
1662 2588 1755 2631 aut
1792 2576 2229 2629 imminutionem
2256 2590 2379 2629 esse

803 2668 949 2720 dicat
1003 2677 1059 2721 et
1094 2668 1371 2725 decernat.
1423 2669 1575 2723 Adeo
1607 2669 1794 2737 itaque
1840 2671 1994 2721 tirtna
2048 2677 2378 2736 patenteque

803 2757 1296 2819 dentonstratione,
1337 2776 1443 2814 non
1484 2749 1537 2812 in
1570 2760 1904 2814 dictiooi‘bus
1935 2760 2029 2813 sed
2064 2760 2118 2812 in
2154 2766 2379 2813 senten-

805 2850 896 2903 tiis
919 2850 1221 2903 consistere
1256 2852 1588 2904 additionem
1634 2853 1715 2904 vel
1745 2852 2136 2904 detractionem
2163 2850 2217 2902 iu
2252 2848 2377 2913 ﬁde,

806 2948 1008 2995 trustra
1057 2959 1340 2997 sermones
1373 2944 1709 2998 confundere
1748 2942 2242 3013 deprehendimini,
2279 2940 2377 3008 qui

801 3046 930 3086 cum
968 3033 1211 3088 Romana
1248 3034 1487 3089 Ecclesia
1522 3036 1836 3090 sccietateut
1877 3036 2068 3088 initam
2103 3043 2157 3089 et
2185 3048 2373 3103 pacem

803 3128 963 3181 nobis
994 3129 1359 3197 exprobratis.

1407 3234 1636 3291 CAPUT
1676 3236 1766 3291 iV.

806 3350 1069 3402 Adversus
1103 3366 1188 3403 eos
1219 3351 1307 3419 qui
1339 3350 1654 3403 addubitem
1685 3366 1839 3417 super
1860 3366 1918 3403 eo
1961 3350 2124 3411 dictu,
2158 3366 2176 3399 ι
2218 3348 2373 3415 Quod

944 3436 977 3471 α
1019 3419 1162 3472 Filio
1188 3437 1299 3474 esse
1328 3422 1547 3487 dicitur,
1580 3420 1647 3473 ad
1672 3420 1890 3473 Patrem
1918 3420 2164 3486 refertur.
2207 3438 2224 3468 ι

881 3664 933 3716 1.
977 3661 1081 3716 Sed
1111 3679 1255 3729 cum,
1284 3664 1414 3717 dum
1443 3664 1510 3719 de
1538 3664 1696 3719 dictis
1729 3665 1856 3730 illis,
1894 3680 2015 3733 quae
2046 3680 2138 3732 per
2176 3663 2371 3717 Filium

793 3762 861 3808 .et
889 3771 952 3809 ex
984 3753 1121 3809 Filio
1172 3772 1295 3810 esse
1335 3756 1601 3826 Spiritum
1646 3767 1915 3819 astruunt,
1948 3758 2051 3809 alia
2084 3766 2246 3825 atque
2278 3758 2379 3809 alia

806 3847 1141 3914 objicieudo,
1193 3849 1286 3915 qui
1346 3849 1509 3900 rebus
1557 3847 1830 3900 similibus
1885 3848 2121 3910 inhiant,
2178 3846 2377 3898 defessi

810 3937 1037 4001 fuerint,
1087 3952 1278 3991 rursus
1311 3938 1528 4007 incerti,
1579 3937 2034 4005 hmsitabuutque,
2086 3938 2379 4005 inquiunt:

814 4025 875 4077 Et
936 4030 1203 4077 undenam
1233 4025 1659 4088 addisceretnus,
1706 4027 1849 4093 quod
1876 4040 1904 4077 a
1941 4024 2074 4076 Filio
2103 4040 2223 4076 esse
2252 4024 2385 4075 dici-

814 4127 923 4180 tur,
962 4118 1027 4166 ad
1070 4118 1282 4193 l‘atretn
1318 4116 1639 4169 relationem
1679 4115 1912 4168 habere?
1938 4115 2047 4168 Nos
2078 4118 2143 4167 ad
2167 4129 2380 4176 eorum,

812 4222 936 4273 qua:
985 4206 1052 4258 ab
1100 4208 1230 4273 ipsis
1283 4209 1647 4274 postulantur,
1693 4206 2214 4257 demonstrationem
2259 4216 2384 4254 cutn

810 4297 988 4363 aptius
1048 4295 1181 4347 nihil
1247 4306 1340 4347 aut.
1400 4296 1761 4362 opportunius
1823 4292 2015 4345 afferre
2065 4291 2384 4349 valeamus,

813 4401 976 4451 quam
1015 4401 1136 4453 qua:
1185 4400 1415 4452 magnus
1468 4385 1702 4438 Basilius
1748 4385 1799 4436 itt
1850 4384 1953 4437 line
1999 4384 2251 4436 secunda:
2294 4389 2359 4438 ad

820 4492 1015 4530 versus
1068 4477 1398 4528 Eunomium
1456 4477 1718 4528 orationis
1764 4475 1921 4539 dixit,
1974 4474 2063 4527 illa
2110 4475 2297 4527 eadem
2336 4490 2385 4525 tu

2402 3171 2451 3235 C

2484 1938 2629 1991 θοιτο
2658 1938 2724 1991 ἂν
2755 1940 2815 1992 οὐ
2846 1940 2915 1992 δι’
2948 1942 3079 1994 ἄλλο
3107 1960 3157 1994 τι
3187 1942 3367 2008 λέγειν
3394 1942 3558 1996 αὑτὸν
3585 1943 3687 2013 τὴν
3712 1943 3846 2011 παρ’
3884 1941 4047 1994 αὐτοῦ

2480 2031 2733 2086 δοθεῖσαν
2765 2033 2952 2085 πίστιν
2987 2035 3275 2087 ἀνόθευτον
3318 2032 3459 2088 εἶναι
3499 2036 3595 2088 καὶ
3646 2033 4048 2099 άκαπήλιυτον,

2483 2126 2580 2177 καὶ
2611 2124 2687 2186 ὡς
2715 2126 2885 2195 αὐτὴν
2913 2125 3115 2191 ἔμαθεν
3152 2129 3215 2179 ἐκ
3262 2127 3363 2196 τῆς
3404 2126 3766 2179 θεοπνεύστου
3807 2126 3847 2177 Γ
3852 2129 4049 2195 μφῆς,

2483 2216 2579 2267 καὶ
2634 2214 2812 2269 ταῦτα
2862 2216 3097 2281 ἐλλιπῶς
3145 2217 3256 2270 τῶν
3314 2218 3408 2270 ἐπὶ
3458 2220 3524 2286 τῇ
3571 2216 3897 2288 ιιι-πορεύσει
3956 2216 4052 2269 τοῦ

2484 2303 2801 2372 Πνεῦματος
2834 2304 3223 2372 Εὑαγγελικῶν
3252 2304 3449 2369 λέξεων
3481 2306 3736 2374 ἔχουσαν,
3770 2303 3884 2356 ἀλλ’
3912 2301 4055 2372 ἤδιά

2482 2395 2545 2446 τὸ
2579 2395 2653 2464 μὴ
2685 2396 2743 2447 ὲν
2773 2394 3004 2460 λέξεσιν,
3031 2396 3148 2451 ἀλλ’
3180 2398 3415 2459 ἐννοίαις
3444 2397 3651 2467 κρίνειν
3679 2397 3841 2449 αὑτὸν
3874 2396 3971 2465 τὴν
3995 2398 4054 2448 ὲν

2480 2486 2550 2554 τῇ
2583 2486 2764 2538 πίστει
2800 2487 3124 2557 προσθήκην
3154 2488 3249 2539 καὶ
3282 2486 3494 2556 ὕφεσιν.
3554 2487 3714 2540 Οὕτω
3737 2487 3793 2539 δὲ
3829 2486 4055 2557 βεϐαίας

2485 2577 2932 2646 άναφαινομένης
2961 2580 3057 2648 τῆς
3087 2578 3417 2643 ἀποδείξεως
3457 2576 3555 2632 τοῦ
3590 2578 3666 2647 μὴ
3716 2579 3774 2630 ἐν
3822 2577 4054 2643 λέξεσιν,

2486 2668 2605 2721 ἀλλ’
2637 2671 2874 2731 ἐννοίαις
2903 2664 3178 2739 περιεῖναί
3212 2672 3273 2723 τὸ
3300 2672 3394 2723 ἐπὶ
3425 2672 3492 2739 τῇ
3534 2668 3713 2722 πίστει
3744 2669 4057 2737 προσθεῖναι

2488 2761 2584 2813 καὶ
2610 2761 2853 2829 ὑφελεῖν,
2892 2761 3071 2831 μάτην
3116 2761 3303 2815 λοιπὸν
3331 2760 3583 2830 λέγοντες
3624 2761 3783 2831 ὑμεῖς
3826 2757 4060 2823 ἀπελέγσ

2484 2848 2647 2916 χεσθε
2708 2851 2756 2901 oi
2794 2850 2893 2920 τὴν
2951 2850 3276 2920 Ῥωμαῖκῆς
3335 2849 3662 2917 Ἐκκλησίας
3714 2847 4063 2916 καταλλαγὴν

2492 2940 2588 2991 καὶ
2611 2938 2838 3008 εἰρήνην
2870 2940 3284 3007 διεγκαλοῦντες
3308 2944 3463 3012 ἡμῖν.

3095 3235 3349 3287 ΚΕΦΑΛ.
3380 3239 3453 3288 Δ¹.

2485 3348 2640 3414 Πρὸς
2669 3346 2812 3410 τοὺς
2833 3345 3294 3412 διαποροῦντας,
3334 3366 3351 3399 ι
3388 3351 3455 3400 El
3483 3352 3547 3401 τὸ
3571 3349 3729 3418 παρὰ
3786 3351 3892 3403 τοῦ
3932 3350 4070 3404 Υἰοῦ

2555 3418 2726 3538 εἰει·αὲ
2735 3419 3064 3484 λεγόμενον
3097 3419 3247 3483 πρὸς
3271 3421 3377 3471 τόν
3404 3422 3572 3486 Nam;
3598 3437 3637 3471 α
3689 3421 3802 3486 τὴν
3835 3424 4069 3488 drago-

2555 3503 2667 3538 οαν
2736 3502 2839 3538 γει.
2877 3505 2895 3536 ι

2548 3503 2667 3552 par
2696 3503 2839 3553 εχει.

2558 3634 2627 3686 α’.
2678 3633 2818 3685 Ἀλλ’
2850 3636 2971 3687 ἐπεὶ
2998 3634 3235 3704 ὁπηνίκα
3266 3638 3385 3698 ταῖς
3417 3638 3570 3706 παρὰ
3600 3636 3694 3689 τοῦ
3721 3636 3853 3688 Υίοῦ
3882 3636 3981 3690 καὶ
4003 3638 4073 3689 ἐκ

2488 3727 2581 3778 τοῦ
2618 3726 2745 3777 Υἱοῡ
2788 3720 2927 3778 εἶναι
2978 3728 3039 3777 τὸ
3090 3727 3316 3793 Πνεῦμα
3365 3728 3655 3795 δηλούσαις
3704 3731 3899 3797 ρήσεσι
3958 3730 4072 3781 τῶν

2488 3823 2660 3885 ἁγίων
2690 3820 3052 3887 άποκάμωσιν
3082 3820 3385 3886 ἀντιλέγειν
3416 3822 3463 3871 οἱ
3493 3823 3626 3889 πρὸς
3650 3822 3809 3873 τοῦτο
3841 3824 4076 3891 ἐπιρῤε-

2492 3915 2609 3972 πεῖς
2637 3911 3041 3980 διαποροῦντες,
3084 3915 3177 3962 καὶ
3209 3913 3375 3963 πάλιν
3405 3914 3540 3979 φασί
3570 3929 3583 3942 ⁸
3615 3915 3717 3966 Καὶ
3758 3915 3928 3967 πόθεν
3960 3932 4071 3983 μα·

2492 4003 2604 4053 θεῖν
2636 4004 2828 4071 ἕξομεν
2868 4004 2928 4055 τὸ
2957 4002 3109 4073 παρὰ
3136 4003 3229 4055 τοῦ
3262 4004 3394 4057 Υίοῦ
3445 4006 3744 4074 λεγόμενον
3791 4005 3936 4057 εἶναι
3993 4007 4081 4066 είς

2490 4094 2580 4144 τὸν
2621 4094 2839 4162 Πατέρα
2868 4093 2965 4163 τὴν
2995 4096 3272 4165 ἀναφοράν
3322 4097 3501 4165 ἔχεινς
3553 4099 3714 4166 ἡμεῖς
3740 4098 3821 4157 εἰς
3849 4097 4083 4147 ἀπόδει-

2496 4181 2595 4247 ξιν,
2630 4179 2703 4235 ὧν
2744 4184 3060 4247 ἀπαιτοῦσι,
3114 4186 3282 4254 μηδὲν
3324 4188 3542 4255 ἔχοντες
3586 4190 3764 4239 ειπεῖν
3798 4189 4085 4255 προσφυέ-

2495 4292 2704 4345 στερον,
2739 4268 2815 4328 ὧν
2841 4278 2869 4328 ὁ
2895 4278 3065 4343 μέγας
3087 4277 3193 4345 ἔφη
3230 4279 3511 4339 “lalisio;
3543 4279 3674 4348 περὶ
3714 4279 3782 4330 τά
3810 4279 3943 4347 τέλη
3979 4278 4083 4329 τοῦ

2492 4367 2747 4434 δευτέρου
2776 4366 2886 4417 τῶν
2920 4368 3038 4419 κατ’
3065 4367 3333 4435 Εὑνομίου
3362 4369 3537 4436 λόγων
3571 4369 3760 4431 αὐτοῦ,
3790 4372 3981 4421 ἐκεῖνα
4014 4370 4086 4438 δὴ

2497 4460 2592 4510 καὶ
2617 4462 2995 4528 προτείνομεν,
3031 4459 3067 4512 ἃ
3096 4462 3189 4511 καὶ
3219 4460 3435 4530 ἔχουσιν
3463 4462 3635 4523 οὕτως
3665 4477 3679 4491 ’
3715 4484 3733 4511 ι
3781 4462 3999 4513 Ἐκεῖνο
4025 4462 4090 4513 δὲ

818 4568 1053 4621 medium
1108 4568 1459 4627 adducimus,
1500 4584 1625 4634 qua:
1659 4567 1805 4618 hunc
1840 4568 1892 4619 in
1934 4566 2153 4617 modum
2204 4581 2261 4617 sc
2298 4565 2391 4616 lia-

2497 4548 2603 4597 τίνι
2633 4550 2743 4598 τῶν
2781 4547 2999 4601 πάντων
3030 4549 3228 4617 ἄδηλον
3250 4593 3263 4615 ,
3296 4553 3379 4602 ὅτι
3410 4551 3637 4619 οὐδεμία
3679 4553 3937 4620 ἐνέργεια
3980 4556 4089 4603 τοῦ

816 4661 945 4710 bent
981 4675 996 4712 .'
1033 4675 1050 4706 ι
1094 4658 1227 4709 Illud
1264 4673 1389 4711 vero
1420 4660 1507 4709 cui
1542 4669 1649 4709 non
1685 4669 1851 4725 patet,
1905 4659 2052 4724 quod
2085 4657 2229 4708 nulla
2266 4653 2384 4707 Filii

814 4752 1059 4817 Operatio
1095 4766 1122 4800 a
1180 4749 1341 4802 Patre
1397 4752 1572 4802 divisa
1620 4762 1751 4802 est:
1810 4765 1909 4801 nec
1962 4760 2047 4802 est
2091 4745 2296 4815 aliquid
2334 4748 2385 4798 iit

818 4844 1001 4903 rebus,
1061 4844 1207 4910 quod
1247 4841 1382 4894 Filio
1418 4842 1567 4905 insit,
1618 4852 1672 4895 et
1713 4859 1738 4892 :t
1794 4840 1950 4894 Patre
1993 4841 2229 4893 alienum
2278 4837 2389 4891 sit?

820 4954 836 4981 ι
871 4928 1089 4991 Omnia.
1133 4954 1150 4984 ι
1188 4938 1383 5001 Inquit,
1419 4951 1437 4983 ι
1471 4951 1586 4986 mea
1622 4943 1710 4986 tua
1737 4944 1882 4995 sunt,
1910 4941 1962 4986 et
1993 4943 2084 4983 tua
2118 4946 2234 4983 mea
2268 4930 2333 4980 ⁸⁸.
2365 4947 2382 4978 ι

815 5025 1096 5088 Quomodo
1131 5041 1261 5093 ergo
1321 5024 1557 5093 Spiritus
1596 5042 1815 5078 causam
1865 5034 1918 5077 et
1951 5025 2213 5091 originem
2257 5022 2389 5077 Uni—

816 5118 997 5183 genito
1030 5121 1129 5170 soti
1167 5118 1444 5180 attribuit,
1477 5127 1530 5169 ct
1560 5116 1628 5168 ad
1677 5116 1797 5183 ejus
1833 5114 2194 5167 accusandam
2232 5121 2390 5165 natu—

821 5221 933 5257 ram
969 5208 1135 5274 hujus
1170 5210 1502 5259 creationem
1535 5206 1766 5273 accipit?
1803 5204 1856 5257 Si
1896 5206 2064 5272 igitur
2089 5208 2195 5255 duo
2235 5203 2387 5270 prin-

816 5300 957 5366 cspia
999 5300 1051 5349 in
1096 5300 1405 5367 oppositum
1437 5300 1575 5351 inter
1614 5313 1669 5349 se
1709 5296 1937 5355 ducens.
1972 5296 2085 5347 haec
2130 5297 2229 5370 ait,
2264 5311 2386 5346 cum

819 5386 1118 5439 Manichaee
1141 5398 1195 5440 et
1228 5389 1502 5440 Marcioue
1558 5398 1894 5439 cmiteretur.
1928 5386 2085 5450 Quod
2111 5390 2155 5437 si
2189 5386 2256 5437 ab
2282 5400 2390 5436 uno

816 5479 1131 5546 dependere
1174 5495 1236 5531 ae
1289 5479 1506 5547 prodire
1550 5480 1733 5531 omnia
1784 5486 1957 5546 putat,
2005 5478 2150 5545 quod
2182 5495 2210 5527 a
2251 5474 2389 5528 Filio

819 5584 940 5623 esse
975 5570 1178 5622 dicitur
1220 5572 1452 5631 factum,
1482 5570 1547 5623 ad
1587 5574 1821 5638 primam
1868 5583 2089 5621 causiim
2133 5565 2390 5632 refertur,

821 5675 992 5727 quare
1024 5670 1078 5714 et
1104 5661 1148 5713 si
1178 5672 1372 5714 cuncta
1402 5663 1665 5730 producta
1687 5677 1807 5715 esse
1836 5677 1930 5729 per
1959 5657 2189 5712 Verbum
2219 5658 2386 5712 Deum

889 5819 935 5852 ³³
963 5817 1122 5874 Joan.
1168 5836 1301 5885 xm,
1331 5819 1419 5873 10.

2497 4636 2625 4689 Υἱοῦ
2651 4640 3081 4708 άποτετμημένη
3107 4644 3221 4693 ἐστὶ
3247 4644 3341 4694 τοῦ
3372 4645 3605 4712 Πατρὸς,
3635 4644 3755 4694 οὐδὲ
3787 4644 3907 4695 ἔστι
3938 4662 3991 4695 τι
4028 4648 4093 4695 ἐν

2494 4733 2607 4790 τοῖς
2634 4726 2753 4782 οῦσι
2779 4731 2857 4800 τῷ
2888 4732 3000 4799 Υἱῷ
3028 4734 3297 4803 ὑπάρχον,
3339 4738 3366 4788 ὃ
3404 4736 3493 4787 τοῦ
3540 4738 3747 4804 Πατρὸς
3776 4738 4095 4805 ἠλλοτριω-

2494 4836 2583 4871 ται
2614 4834 2628 4883 ;
2668 4838 2687 4869 ι
2720 4820 2906 4872 Πάντα
2934 4823 3065 4889 γάρ,
3097 4840 3115 4871 ι
3178 4825 3333 4893 φησὶ,
3382 4846 3400 4876 ι
3433 4832 3498 4877 τά
3531 4827 3639 4893 ἐμὰ
3687 4829 3755 4878 σά
3809 4829 3951 4889 ἐστι,
3994 4846 4095 4878 κα.

2493 4917 2561 4963 τά
2597 4912 2665 4965 σὰ
2711 4914 2841 4982 ἐμά.
2880 4932 2898 4965 ι
2950 4915 3067 4974 Πώτ
3096 4912 3189 4967 οὖν
3224 4919 3322 4985 τὴν
3383 4917 3480 4969 τοῦ
3523 4919 3841 4986 Πνεύματος
3892 4921 4096 4971 αιτίαν

2495 5003 2573 5071 τῷ
2607 5005 2908 5072 Μονογενεῖ
2960 5007 3109 5074 μόνῳ
3157 5008 3507 5078 προστίθησι,
3558 5015 3653 5061 καὶ
3703 5012 4099 5078 κατηγόρημα.

2494 5095 2593 5164 τῆς
2644 5096 2857 5163 φύσεως
2890 5097 3054 5148 αὐτοῦ
3091 5096 3188 5166 τὴν
3240 5099 3433 5151 τούτου
3490 5102 3759 5169 λαμϐάνει
3786 5101 4100 5169 ,δημιουρ-

2488 5190 2655 5252 γίαν;
2691 5188 2750 5239 Εἰ
2784 5188 2885 5257 μὲν
2933 5188 3027 5241 δύο
3076 5190 3252 5257 ἀρχὰς
3306 5193 3762 5261 άντιπαρεξά,ων
3814 5196 4099 5265 ἀλλήλαις

2492 5278 2663 5329 ταῦτά
2689 5295 2847 5347 φησι,
2882 5281 3019 5347 μετὰ
3047 5282 3353 5349 Μανιχαίου
3382 5286 3476 5334 καὶ
3493 5285 3818 5354 Μαρκίωνος
3861 5303 4107 5356 συντρι-

2493 5367 2722 5437 ϐήσεται
2755 5385 2770 5399 ⁸
2807 5372 2855 5422 εί
2886 5370 2941 5421 δὲ
2976 5374 3102 5438 μιᾶς
3142 5374 3364 5438 ἐξάπτει
3414 5376 3480 5427 τὰ
3513 5376 3670 5439 ὄντα,
3699 5378 3759 5428 τὸ
3788 5381 3950 5444 παρά
3993 5379 4109 5430 τοῦ

2495 5460 2625 5528 Υἱοῇ
2659 5461 2988 5529 γεγενῆσθαι
3028 5463 3318 5530 λεγόμενον
3348 5467 3480 5529 πρὸς
3504 5468 3605 5534 τὴν
3641 5468 3871 5536 πρώτην
3900 5470 4114 5522 alt-tow

2492 5551 2592 5619 τὴν
2637 5552 2916 5621 ἀναφορὰν
2970 5552 3106 5620 ἔχει.
3137 5554 3295 5605 Ὥστε
3352 5560 3453 5607 κᾶν
3486 5558 3663 5609 πάντα
3707 5562 3788 5621 είς
3837 5559 3905 5611 τὺ
3947 5558 4116 5613 εἶναι

2500 5642 2777 5710 παρῆχθαι
2805 5642 2891 5693 διὰ
2924 5642 3015 5694 τοῦ
3043 5645 3174 5696 θεοῦ
3211 5648 3382 5712 Λόγου
3422 5650 3791 5717 πιστεύωμεν,
3831 5651 3983 5702 ἀλλὰ
4027 5654 4101 5704 τὸ
