4214 6442
793 463 898 526 203

1814 458 2021 518 JOAN.
2062 457 2268 518 i'ECCl
2314 458 2418 517 CP.
2469 455 2973 515 PATRIARCHA'I

3912 455 4022 516 204

797 593 915 644 ptca
953 575 1151 628 vetitas
1181 573 1442 628 insinuat.
1483 570 1622 622 Ueus
1668 579 1750 621 est
1799 569 2033 636 Spiritus
2095 575 2356 629 sanctus;
2388 567 2481 625 Αε

2487 567 2537 626 υς
2593 567 2624 630 ἡ
2684 565 2890 635 ἀληθὴς
2954 565 3202 630 Θεολογία
3275 564 3547 633 βούλεται,
3604 567 3733 626 Θεῦς
3803 569 3915 618 ἐστι
3969 570 4033 616 τὸ

799 669 980 721 nullus
1045 664 1365 732 relinquitur
1434 661 1789 715 dubitationis
1831 661 2006 722 locus,
2066 660 2197 728 quin
2263 674 2355 717 co-

795 775 1153 830 gnoscamus,
1201 766 1449 811 sanctum
1494 755 1620 807 illud
1664 752 2040 806 tantummodo
2091 753 2360 804 adversus

794 851 1123 906 Eunomium
1149 849 1474 910 inculcasse,
1510 845 1775 912 Spiritum
1810 853 2081 904 sanctum,
2117 844 2241 897 licet
2274 843 2362 898 ille

796 942 1098 996 secundum
1136 940 1372 992 divinam
1407 952 1561 990 suam
1598 935 1890 988 essentiam
1946 950 2052 987 non
2078 934 2148 986 sit
2178 949 2206 984 a
2245 933 2362 990 solo

795 1033 957 1097 Filio,
993 1034 1334 1100 disgregatus
1366 1043 1395 1082 a
1438 1028 1618 1091 Patre,
1654 1027 1747 1080 sed
1801 1027 1962 1080 etiam
2022 1025 2067 1080 si
2112 1034 2362 1079 creatura

797 1132 939 1178 esset
963 1121 1110 1185 Filii,
1148 1119 1400 1184 Eunomi,
1438 1129 1495 1172 ut
1545 1118 1768 1178 astruis,
1809 1131 1985 1185 neque
2015 1116 2116 1169 hac
2153 1116 2364 1168 ratione

798 1202 976 1283 Operae
1025 1212 1256 1280 pretium
1310 1222 1446 1276 erat,
1486 1224 1709 1282 causam
1742 1209 1885 1262 illius
1917 1205 2204 1276 Unigenito
2260 1207 2360 1259 soli

799 1306 1091 1375 appingere
1183 1315 1544 1370 separareque
1609 1315 1639 1352 ιι
1700 1299 1878 1362 Patre,
1918 1297 2066 1366 quod
2125 1314 2141 1347 ι
2201 1309 2364 1349 omne

797 1400 943 1467 quod
977 1414 1004 1449 a
1041 1395 1179 1448 Filio
1204 1395 1402 1448 factum
1439 1401 1545 1456 est,
1580 1392 1644 1444 ad
1683 1392 1894 1443 Patrem
1955 1390 2185 1458 primam
2231 1401 2364 1440 cau-

799 1505 913 1543 sam
948 1485 1217 1550 refertur;
1265 1504 1282 1536 ι
1337 1499 1546 1537 necnon
1603 1483 1816 1548 absque
1861 1481 1967 1532 ulla
2029 1480 2367 1532 lmsitatioue

801 1589 1040 1647 patente,
1087 1593 1194 1631 non
1225 1584 1446 1644 propter
1471 1583 1734 1626 creaturae
1763 1573 2073 1641 Opinionem
2109 1585 2138 1622 a
2170 1582 2366 1637 magno

801 1672 997 1725 Basilio
1033 1669 1379 1737 obiurgatum
1427 1667 1753 1720 Eunomium
1805 1667 2101 1728 dicentem,
2131 1677 2195 1714 ex
2246 1662 2366 1713 solo

803 1762 939 1816 Filio
979 1777 1097 1817 esse
1122 1762 1406 1829 Spiritum,
1442 1761 1534 1812 sed
1579 1759 1722 1826 quod
1761 1757 1934 1810 solum
1986 1756 2160 1824 ipsum
2217 1755 2370 1821 prer-

802 1871 896 1907 sus
917 1869 980 1906 ex
1019 1853 1134 1907 solo
1171 1851 1311 1904 Filio
1347 1851 1573 1910 diceret,
1609 1858 1755 1916 patet
1792 1862 1897 1900 una
1921 1846 2082 1900 simul
2116 1842 2369 1897 refutatio

801 1955 1015 2004 eorum,
1042 1940 1134 2007 qui
1160 1939 1477 1991 addubitant
1514 1952 1579 1989 an
1607 1935 1750 2004 quod
1788 1949 1815 1986 a
1840 1931 1978 1986 Filio
2009 1932 2368 1993 dicituresse,

802 2033 1068 2089 referatur
1100 2030 1164 2084 ad
1190 2029 1426 2086 Patrem.

875 2223 925 2273 ι.
959 2217 1038 2272 Tu
1076 2232 1258 2286 porro,
1315 2216 1360 2267 si
1393 2215 1503 2284 jam
1537 2212 1752 2264 allatam
1818 2208 2200 2263 refutationem
2251 2215 2372 2258 tan-

801 2324 964 2380 quam
1029 2311 1211 2361 minus
1248 2306 1478 2358 validam
1525 2318 1632 2354 lltllt
1696 2315 2087 2368 usquequaque
2148 2300 2369 2367 probas,

805 2399 1113 2452 accuratius
1143 2395 1466 2450 examinatis
1516 2408 1637 2459 qua:
1705 2399 1827 2460 post
1873 2389 1984 2457 jam
2045 2389 2371 2455 descriptam

807 2491 1368 2560 pericopemsanctus
1427 2484 1591 2537 verba
1650 2481 1945 2544 connectit,
2005 2481 2184 2534 adhuc
2242 2478 2372 2532 illud

809 2581 1094 2651 percipies,
1144 2578 1290 2648 quod
1327 2575 1510 2630 multis
1570 2589 1734 2642 supra
1805 2573 2031 2642 digestis
2085 2569 2376 2625 manifesto

808 2674 986 2726 oratio
1016 2668 1407 2738 comprobavit.
1436 2666 1572 2720 Cum
1601 2665 1745 2718 enim
1766 2674 1985 2717 sanctus
2012 2661 2379 2728 redarguisset

810 2763 1160 2822 Eunomium,
1192 2769 1245 2813 et
1276 2768 1479 2811 tantum
1511 2772 1616 2808 non
1650 2755 1713 2806 ad
1736 2770 1859 2806 eum
1887 2750 2225 2820 protulisset,
2256 2749 2376 2804 licet

811 2864 1059 2910 creatura
1077 2861 1224 2906 esset.
1243 2849 1362 2902 Filii
1390 2847 1648 2917 Spiritus,
1670 2857 1725 2897 ut
1748 2856 1804 2897 tu
1828 2842 2090 2912 opinaris,
2123 2839 2375 2903 Eunomi,

815 2953 914 3002 hac
947 2947 1108 3001 eruam
1145 2945 1351 2996 ratiOne
1374 2956 1550 3009 neque
1580 2938 1876 2992 addecebat
1913 2947 1962 2988 te
1978 2949 2200 2988 causam
2231 2934 2378 2985 illius

816 3039 1104 3108 Unigenito
1141 3037 1242 3092 soli
1282 3033 1597 3103 appingere,
1643 3032 1786 3098 quod
1836 3027 2097 3098 quidquid
2157 3041 2187 3079 a
2243 3023 2380 3077 Filio

821 3135 1023 3186 tat-tum
1054 3138 1157 3192 est,
1195 3129 1246 3180 in
1276 3124 1491 3178 Patrem
1538 3137 1770 3191 prunam
1816 3133 2033 3173 causam
2091 3116 2378 3179 referatur,

2465 657 2688 726 Πνεῦμα
2721 658 2780 709 τὸ
2808 660 2994 724 ἅγιον·
3035 657 3212 717 οὐδεὶς
3262 655 3450 706 λοιπὸν
3485 656 3565 708 ἔτι
3598 657 3751 721 λόγος
3786 657 4034 723 ἁμφιῦοι

2463 750 2582 810 λίας
2608 748 2902 815 διαγνῶναι
2951 747 3094 813 ὑμᾶς
3129 746 3204 808 ὡς
3258 747 3285 796 ό
3339 746 3493 810 ἆγιος
3551 746 3838 814 μονονουχὶ
3870 761 4037 796 τουτο

2463 841 2713 908 φαίνεται
2737 838 2874 909 πρὸς
2905 839 2994 890 τὸν
3029 837 3296 900 Εὐνόμιον
3349 838 3545 902 λέγων,
3577 837 3653 898 ὡς
3701 837 3762 887 τὸ
3806 835 4038 903 Πνεῦμα

2458 932 2524 984 τὸ
2549 933 2729 999 ἅγιον,
2775 933 2824 981 εί
2855 931 2950 982 καὶ
2992 930 3134 981 κατᾶ
3169 927 3264 996 τὴν
3291 928 3482 997 θεῖκὴν
3515 927 3706 979 οὐσίαν
3734 926 3900 980 αὐτοῦ
3931 928 4038 979 οὐκ

2462 1025 2610 1076 ἔστιν
2638 1026 2702 1075 ὲκ
2733 1023 2896 1090 μόνου
2924 1021 3024 1074 τοῦ
3053 1019 3179 1072 Υίοῦ
3210 1019 3649 1090 ἀποδιῃρημένον
3671 1019 3767 1072 τοῦ
3797 1020 4037 1088 Πατρὸς,

2464 1115 2581 1168 ἀλλ’
2611 1116 2722 1167 οὐδ’
2757 1117 2807 1168 εί
2841 1115 3060 1183 ποίημα
3081 1109 3149 1183 ἦν
3184 1111 3279 1166 τοῦ
3311 1112 3461 1174 Υίοῦ,
3495 1114 3751 1180 Εὐνόμιε,
3784 1113 3928 1164 κατὰ
3953 1113 4041 1171 σε.

2465 1205 2587 1257 οὐδὲ
2619 1203 2788 1265 οὕτως
2821 1205 2926 1256 ἔδει
2964 1220 3020 1254 σε
3047 1203 3146 1270 τὴν
3173 1202 3355 1255 αίτίαν
3390 1203 3556 1255 αὐτοῦ
3585 1206 3732 1272 μόνῳ
3748 1195 3829 1271 ¹τῷ
3860 1203 4045 1255 Μονο-

2467 1297 2616 1363 γενεῖ
2651 1294 3025 1363 προστιθέναι,
3070 1295 3165 1346 καὶ
3192 1293 3286 1346 τοῦ
3315 1293 3526 1362 Πατρὺς
3556 1295 3928 1362 ἀποδιαιρεῐν,
3947 1293 4048 1346 δια

2466 1389 2529 1440 τὸ
2579 1406 2596 1438 ι
2625 1389 2734 1440 πᾶν
2765 1387 2824 1439 τὸ
2852 1384 3002 1455 παρὰ
3046 1385 3142 1436 τοῦ
3191 1385 3323 1437 Υίοῦ
3380 1385 3753 1454 πεποιημένον
3820 1388 3899 1446 εἰς
3949 1387 4047 1437 τὶν

2469 1479 2691 1548 Πατέρα
2719 1480 2818 1545 τὴν
2872 1478 3100 1546 πρώτην
3145 1479 3328 1529 αίτίαν
3360 1479 3461 1545 τὴν
3494 1477 3774 1544 ἀναφορὰν
3804 1477 3973 1543 ἔχειν.
4021 1495 4040 1524 ι

2480 1568 2896 1636 ’Δναμιριϐόλως
2917 1567 2974 1618 δὲ
2998 1565 3436 1634 ἀναφαινομένου
3465 1566 3561 1617 τοῦ
3590 1565 3665 1633 μὴ
3699 1565 3786 1616 διὰ
3818 1566 3918 1632 τὴν
3945 1563 4047 1614 τοῦ

2468 1663 2770 1730 κτίσματος
2805 1658 2962 1721 δόξαν
2999 1660 3152 1727 παρὰ
3206 1656 3302 1708 τοῦ
3339 1657 3581 1725 μεγάλου
3621 1656 3911 1708 Βασιλείου
3946 1673 4050 1706 κα-

2471 1753 2720 1818 κίζεσθαι
2749 1753 2839 1804 τὸν
2869 1752 3134 1820 Εὐνόμιον
3170 1750 3398 1816 λέγοντα
3454 1753 3518 1802 ὲκ
3553 1749 3720 1816 μόνου
3767 1747 3862 1800 τοῦ
3912 1747 4050 1798 Υίοῦ

2472 1840 2614 1897 εἶναι
2648 1844 2710 1896 τὸ
2737 1843 2985 1910 Πνεῦμα,
3018 1840 3156 1894 ἀλλὰ
3185 1841 3274 1893 διὰ
3326 1842 3490 1907 μόνον
3538 1841 3672 1893 αὐτὸ
3716 1840 3777 1891 τὸ
3809 1840 3948 1900 ὅλως
3978 1841 4052 1889 ὲκ

2477 1937 2638 2003 μόνον
2696 1933 2792 1985 τοῦ
2852 1933 2985 1985 Υίοῦ
3039 1933 3218 1999 λέγειν
3271 1931 3426 1992 αὐτὸ,
3494 1928 3960 1998 συναναφαίνεται
4024 1931 4056 1978 ὁ

2473 2026 2694 2094 ἔλεγχος
2721 2023 2829 2076 τῶν
2859 2021 3286 2090 διαπορούντων,
3344 2023 3392 2072 εί
3442 2021 3504 2072 τὸ
3554 2020 3705 2090 παρὰ
3755 2021 3850 2072 τοῦ
3911 2019 4053 2070 rio-3

2473 2114 2917 2183 εἷναιλεγόμενον
2941 2113 3078 2183 πρὸς
3106 2113 3198 2164 τὸν
3226 2115 3445 2181 Πατέρα
3472 2113 3571 2182 τὴν
3595 2113 3878 2181 ἀναφορὰν
3905 2111 4052 2178 ἔχει.

2545 2208 2606 2262 δ’.
2639 2209 2710 2262 Σὺ
2744 2207 2820 2270 δὲ,
2857 2207 2905 2258 εί
2960 2205 3035 2274 μὴ
3080 2204 3395 2273 ἀρκούντως
3432 2222 3516 2256 σοι
3557 2207 3706 2257 δοκεῖ
3738 2207 3767 2255 ὁ
3796 2201 4051 2262 τοιοῦτος

2475 2302 2694 2368 ἔλεγχος
2739 2296 3157 2365 ἀναφαίνεσθαι,
3210 2297 3328 2348 ἀλλ’
3360 2297 3760 2365 ἀκριϐέστερον
3793 2293 4048 2346 ἐπελθὼν

2475 2395 2568 2444 καὶ
2591 2391 2736 2458 ἆπερ
2766 2393 2792 2441 ὁ
2817 2388 2972 2456 ἅγιος
3000 2387 3203 2457 ἐφεξῆς
3229 2389 3327 2457 τῆς
3358 2387 3860 2456 ἀναγεγραμμένης
3890 2402 4060 2450 περι-

2476 2483 2653 2551 κοπῆς
2677 2481 2872 2548 ἐπάγει
2896 2480 3060 2550 ῥητὰ,
3087 2480 3166 2531 ἔτι
3189 2479 3545 2548 κατανοήσεις
3572 2479 3709 2544 ὅπερ
3729 2478 3818 2529 διὰ
3837 2477 4059 2527 πολλῶν

2476 2572 2984 2642 ἀναγεγραμμένων
3022 2569 3282 2638 καθαρῶς
3318 2570 3634 2636 παρέστησε
3667 2585 3752 2620 σοι
3798 2568 3827 2618 ὁ
3868 2567 4058 2632 λόγος.

2478 2667 2633 2720 Μετὰ
2677 2666 2788 2734 γὰρ
2828 2663 2890 2714 τὸ
2913 2665 3003 2714 τὸν
3034 2662 3299 2728 Εὐνόμιον
3334 2661 3635 2728 ἁπελέγξαι
3686 2663 3712 2712 ὁ
3739 2659 3916 2724 ἅγιος,
3958 2675 4061 2709 κα·.

2483 2758 2770 2825 μονονουχὶ
2795 2739 2932 2824 πρδς
2961 2754 3126 2805 αὑτὸν
3158 2755 3334 2806 εἰπεῖν
3365 2753 3461 2817 ὡς,
3513 2755 3560 2805 εἰ
3597 2755 3691 2804 καὶ
3740 2754 3956 2820 ποίημα
3983 2745 4064 2820 ἦν

2480 2846 2573 2896 τοῦ
2605 2844 2734 2897 Υἱοῦ
2770 2845 2830 2895 τὸ
2857 2841 3101 2910 Πνεῦμα,
3146 2842 3409 2910 Εὑνόμιε,
3463 2843 3605 2895 κατὰ
3657 2843 3738 2901 σὲ,
3787 2839 3905 2893 ἀλλ’
3931 2840 4063 2893 οὐδὲ

2478 2938 2650 2999 οῦτως
2680 2937 2785 2989 ἔδει
2828 2952 2887 2988 σε
2920 2937 3020 3005 τὴν
3053 2937 3236 2987 αίτίαν
3263 2935 3428 2987 αὑτοῦ
3458 2936 3606 3003 μόνῳ
3638 2935 3716 3004 τῷ
3757 2935 4070 2999 Μονογενεῖ

2481 3027 2874 3098 προστιθέναι,
2910 3027 2999 3079 διὰ
3027 3026 3088 3078 τὸ
3123 3027 3230 3078 πᾶν
3261 3025 3321 3078 τὸ
3354 3026 3505 3093 παρὰ
3535 3024 3627 3076 τοῦ
3662 3022 3792 3076 Υίοῦ
3823 3039 4070 3090 πεποιη-

2491 3121 2654 3189 μένον
2684 3123 2764 3182 είς
2794 3123 2886 3172 τὸν
2916 3119 3141 3188 Πατέρα
3171 3117 3268 3186 τὴν
3311 3117 3539 3187 πρώτην
3570 3117 3754 3170 αἰτίαν
3802 3118 3900 3183 τὴν
3927 3117 4072 3166 dva-

814 3227 881 3278 de
911 3221 1198 3276 divinitate
1231 3216 1469 3285 Spiritus
1507 3228 1819 3269 sermonem
1853 3210 2067 3275 arripit,
2105 3207 2382 3263 constahi-
2407 3224 2454 3282 ο

2490 3211 2663 3280 φορὰν
2696 3209 2864 3278 ἔχειν,
2893 3210 2972 3270 εἰς
3006 3209 3131 3269 τοὺς
3167 3209 3290 3276 περὶ
3323 3206 3578 3274 θεότητος
3607 3204 3702 3256 τοῦ
3741 3204 4072 3269 Πνεύματος

817 3315 1027 3381 tireque
1067 3307 1316 3369 studens,
1347 3319 1410 3358 ex
1444 3303 1599 3356 Patre
1649 3309 1700 3353 et
1734 3297 1872 3352 Filio
1923 3298 2221 3352 secundum
2254 3310 2380 3363 pro-

820 3404 992 3472 priam
1030 3401 1281 3453 deitatem
1306 3411 1430 3449 esse
1451 3394 1626 3456 illum,
1646 3401 1903 3458 tanquam
1923 3389 2015 3456 qui
2044 3387 2384 3440 ineﬂ'abilitcr

816 3511 880 3549 ex
936 3496 1089 3547 Patre
1140 3505 1236 3559 per
1301 3484 1498 3540 Filium
1557 3483 1848 3552 procedat,
1899 3479 2016 3533 haec
2092 3478 2384 3547 ipsis-simis

822 3587 998 3641 verbis
1058 3581 1312 3638 edisserit
1366 3595 1431 3632 ει
1470 3575 1589 3641 Quo
1647 3582 1807 3644 pacto
1895 3580 2080 3624 autem
2143 3569 2386 3621 dividere

822 3681 1082 3747 Spiritum
1116 3690 1146 3728 a
1172 3675 1278 3726 Deo
1318 3685 1427 3724 non
1457 3669 1619 3721 habet
1659 3663 2007 3718 manifestum
2043 3657 2389 3730 periculum?

823 3770 1017 3838 pztl‘titll
1079 3763 1343 3834 Apostolo
1403 3760 1738 3826 coniunctim
1792 3755 1953 3808 nobis
2020 3752 2286 3813 tradente,
2336 3758 2389 3802 et

822 3863 985 3915 modo
1010 3859 1211 3912 Chrisu
1240 3854 1502 3921 Spiritum
1560 3850 1798 3910 dicente,
1838 3856 1890 3898 et
1930 3844 2094 3897 modo
2143 3841 2256 3904 Dei,
2292 3839 2387 3893 ubi

823 3953 1062 4006 scribit:
1104 3967 1121 3999 ι
1175 3947 1230 4000 St
1292 3944 1416 4014 quis
1469 3953 1654 3996 autem
1705 3937 1970 4008 Spiritum
2029 3935 2228 3988 Christi
2286 3945 2390 3984 non

827 4050 1007 4108 habet,
1039 4042 1127 4095 hic
1149 4054 1258 4093 non
1289 4046 1371 4090 est
1399 4037 1521 4105 ejus
1537 4033 1582 4078 ’3
1618 4051 1665 4087 ο.
1688 4030 1755 4084 Ει
1787 4043 1978 4084 rursus
2011 4045 2053 4082 ιι
2088 4024 2192 4080 Vos
2208 4033 2390 4077 autem

829 4153 936 4192 non
964 4134 1225 4203 Spiritutn
1253 4129 1437 4181 mundi
1464 4125 1758 4195 accepistis
1780 4121 1875 4177 sed
1900 4119 2189 4189 Spiritum,
2212 4119 2304 4186 qui
2328 4130 2392 4168 ex

831 4230 939 4284 Deo
977 4237 1060 4280 est
1088 4225 1133 4256 ³⁸
1165 4243 1180 4276 :
1226 4241 1244 4272 ›
1280 4221 1474 4290 partim
1507 4231 1634 4270 vero
1673 4215 1927 4274 Domino,
1959 4210 2220 4279 Spiritu
2258 4208 2396 4261 veri-

833 4322 979 4382 tatis,
1006 4320 1266 4385 quoniam
1302 4313 1416 4379 ipse
1438 4308 1638 4361 veritas
1673 4314 1775 4366 est,
1801 4305 2035 4364 dicente,
2069 4308 2123 4352 et
2176 4316 2204 4350 a
2238 4298 2395 4351 Patre

836 4412 1100 4482 procedit.
1146 4427 1163 4459 ι
1185 4407 1265 4458 Et
1299 4407 1410 4457 trace
1443 4403 1662 4468 quidem
1697 4397 1971 4466 ipsissima
2004 4392 2167 4445 verba
2212 4388 2396 4442 Basilii

833 4515 979 4562 sunt.
1013 4504 1079 4554 At
1112 4513 1168 4552 tu
1203 4512 1364 4566 porro
1391 4494 1676 4548 considera
1719 4489 1849 4542 illud
1881 4486 2144 4540 attentius
2179 4502 2190 4536 :
2230 4502 2247 4532 ι
2281 4482 2399 4544 Quo

836 4605 993 4664 parto
1022 4591 1268 4644 dividere
1300 4586 1564 4654 Spiritum
1607 4597 1635 4635 a
1681 4581 1810 4644 Deo,
1860 4578 2211 4630 manifestum
2251 4573 2397 4642 peri-

835 4689 1014 4740 culum
1060 4698 1165 4735 non
1211 4677 1407 4732 habet?
1459 4693 1478 4724 ›
1515 4674 1703 4739 Neque
1754 4669 1899 4724 enim
1949 4679 2171 4722 sanctus
2219 4664 2395 4717 dixit:

835 4780 955 4844 Quo
981 4784 1138 4844 pacto
1168 4769 1518 4824 manifestum
1563 4761 1865 4832 periculum
1915 4775 2022 4812 non
2054 4758 2235 4818 habet,
2264 4768 2400 4806 con-

833 4875 1059 4938 jungere
1092 4865 1348 4933 Spiritum
1375 4859 1535 4918 Ftiio,
1559 4870 1681 4907 cum
1708 4866 1880 4919 neque
1903 4865 1994 4918 per
2020 4849 2197 4916 ipsum
2229 4859 2403 4911 neque

837 4983 904 5017 ea
945 4967 1062 5032 ipso
1088 4961 1178 5023 sit,
1215 4960 1306 5012 sed
1340 4972 1402 5008 ex
1457 4959 1571 5008 solo
1622 4951 1814 5003 Patre?
1846 4948 1951 5000 Sed
2007 4947 2141 4998 dixit
2177 4959 2192 4994 :
2231 4960 2246 4991 ι
2284 4941 2402 5004 Quo

840 5067 996 5125 pacto
1023 5050 1369 5105 manifestum
1427 5045 1724 5112 periculum
1769 5054 1874 5091 non
1921 5037 2110 5098 habet,
2160 5034 2401 5088 dividere

839 5149 1104 5215 Spiritum
1170 5159 1196 5194 a
1253 5137 1404 5193 Deo?
1476 5157 1491 5186 ι
1565 5135 1696 5186 Ilium
1775 5141 1918 5200 patet
1990 5146 2181 5181 omnes
2259 5125 2401 5176 illius

843 5250 1070 5294 conatus
1125 5237 1327 5296 fuisse,
1373 5225 1821 5284 demonstrandi,
1881 5234 2114 5289 quanam
2191 5217 2406 5269 ratione

847 5333 1115 5400 Spiritus,
1177 5326 1269 5394 qui
1318 5321 1468 5375 Patri
1513 5317 1885 5386 conjungitur,
1937 5318 2283 5381 separaretur
2343 5306 2410 5359 ab

843 5437 946 5487 eo,
1019 5433 1075 5472 ut
1139 5414 1502 5488 praetendebat
1559 5410 1898 5470 Eunomius,
1968 5416 2020 5458 et
2081 5400 2411 5455 testimoniis

847 5516 1079 5570 annexis
1114 5511 1288 5580 palam
1343 5509 1434 5568 sit,
1507 5515 1616 5556 tum
1669 5517 1731 5555 ex
1797 5497 2109 5564 Evangelio,
2171 5503 2282 5546 tum
2348 5507 2410 5546 ex
2471 5537 2481 5543 .

848 5602 1128 5674 Apostolo,
1180 5599 1379 5667 quibus
1431 5596 1810 5656 demonstrat,
1859 5591 2218 5655 coniunctum
2292 5597 2413 5635 eSse

850 5699 1111 5768 Spiritum
1160 5691 1306 5747 Patri
1337 5702 1390 5746 ct
1415 5690 1550 5742 Filio
1591 5704 1735 5740 :non
1772 5697 2075 5754 propterea,
2122 5677 2265 5747 quod
2295 5675 2415 5732 Filii

852 5801 954 5845 est.
994 5789 1168 5843 Patris
1198 5800 1302 5839 nan
1333 5799 1453 5838 esse
1483 5795 1692 5849 :neque
1720 5782 1844 5846 Quia
1873 5793 1934 5829 ex
1962 5773 2140 5836 Patre,
2175 5773 2294 5826 ideo
2325 5779 2428 5824 nan

937 5887 973 5918 ’θ
1001 5886 1157 5938 liom.
1195 5897 1304 5944 vtu,
1337 5881 1386 5934 9.
1472 5879 1512 5907 ³⁸
1539 5877 1554 5927 Ι
1581 5882 1708 5932 Cor.
1747 5889 1778 5926 ιι
1841 5874 1924 5924 li.

2438 4544 2481 4597 D

2486 3303 2679 3371 λόγους
2729 3299 3026 3360 εἰσϐάλλει,
3087 3300 3178 3351 καὶ
3245 3298 3602 3366 παραστῆσαι
3637 3296 3810 3349 θέλων
3865 3296 3933 3346 ὲκ
3967 3293 4073 3347 τοῦ

2489 3393 2703 3463 Πατρὸς
2735 3392 2830 3444 καὶ
2859 3391 2952 3444 τοῦ
2987 3389 3116 3442 Υίοῦ
3164 3389 3305 3441 κατὰ
3351 3389 3448 3458 τὴν
3483 3385 3650 3439 αὑτοῦ
3696 3385 3930 3454 θεότητα
3957 3386 4073 3437 ὑπ-

2487 3488 2677 3556 άρχειν
2707 3484 2861 3547 αὐτὸ,
2889 3484 2964 3546 ὼς
3001 3485 3064 3535 ὲκ
3097 3483 3190 3533 τοῦ
3226 3480 3439 3549 Πατρὸς
3483 3480 3571 3532 διὰ
3599 3480 3693 3530 τοῦ
3722 3478 3854 3530 Υίοῦ
3881 3480 4072 3546 appr,-

2488 3595 2593 3640 τως
2621 3575 3081 3647 ἐκπορευόμενον,
3105 3571 3280 3624 ταῦτά
3308 3588 3473 3637 φησιν
3506 3570 3599 3621 ἐπὶ
3631 3569 3856 3634 λέξεων·
3889 3587 3907 3618 ι
3939 3569 4070 3626 Πῶς

2488 3669 2546 3721 δὲ
2593 3668 2654 3720 οὐ
2707 3666 2938 3734 φανερὸν
2992 3663 3230 3733 ἔχειτὸν
3259 3663 3503 3715 κίνδυνον
3554 3662 3788 3729 διαιρεῖν
3819 3662 3929 3714 ἀπὸ
3969 3662 4071 3713 τοῦ

2491 3757 2627 3809 Θεοῦ
2683 3759 2745 3807 τὸ
2799 3753 3060 3823 Πνεῦμας
3114 3752 3271 3804 τοῦτο
3309 3753 3405 3820 μὲν
3434 3750 3526 3802 τοῦ
3563 3751 3890 3803 Ἀποστόλου
3943 3768 4075 3801 συν-

2492 3848 2762 3918 ημμένως
2797 3847 2928 3914 ἡμῖν
2960 3843 3372 3912 παραδιδόντος,
3440 3847 3533 3895 καὶ
3565 3842 3660 3894 νῦν
3691 3845 3792 3911 μὲν
3825 3842 4076 3912 Χριστοῦ

2494 3939 2767 4005 λέγοντος,
2788 3935 2882 3989 νῦν
2907 3936 2962 3988 δὲ
2997 3935 3090 3987 τοῦ
3109 3934 3267 3997 Θεοῦ,
3300 3936 3357 3986 ὲν
3383 3930 3464 3995 οἷς
3491 3935 3692 4004 γράφει
3716 3950 3730 3963 ⁸
3767 3952 3786 3983 ι
3812 3934 3875 3987 ΕΙ
3905 3935 3964 3987 δέ
3987 3951 4082 3994 τις

2500 4031 2724 4099 Πνεῦμα
2754 4028 2991 4098 Χριστοῦ
3018 4030 3119 4081 οὐκ
3149 4029 3286 4098 ἔχει,
3312 4022 3469 4090 οὗτος
3499 4029 3601 4079 οὐκ
3631 4028 3780 4079 ἐστιν
3803 4025 3976 4080 αὑτοῦ
4002 4042 4019 4056 ·
4058 4046 4077 4077 ι

2497 4127 2592 4176 καὶ
2650 4123 2812 4174 πάλιν
2835 4140 2848 4151 ο
2883 4140 2902 4174 ι
2945 4122 3138 4190 Ὑμεῖς
3165 4120 3220 4172 δὲ
3252 4121 3314 4172 οὐ
3346 4120 3407 4172 τὸ
3436 4119 3662 4188 Πνεῦμα
3713 4119 3811 4172 τοῦ
3861 4121 4082 4186 κόσμου

2500 4211 2744 4275 ἐλάϐετε,
2780 4209 2917 4266 ἀλλὰ
2941 4209 3002 4261 τὸ
3026 4207 3252 4275 Πνεῦμα
3293 4206 3354 4259 τὸ
3382 4210 3446 4259 ἑκ
3481 4207 3573 4258 τοῦ
3608 4206 3770 4259 Θεοῦ.
3809 4204 3987 4256 Τοῦτο
4020 4205 4086 4256 δὲ

2499 4301 2595 4353 τοῦ
2630 4300 2834 4369 Κυρίου
2862 4300 2923 4350 τὸ
2953 4296 3175 4365 Πνεῦμα
3197 4295 3296 4364 τῆς
3325 4295 3587 4362 ἀληθείας
3616 4295 3890 4360 λέγοντος,
3918 4295 4021 4345 ἐπε
4036 4312 4086 4343 ι-

2503 4397 2566 4465 δὴ
2594 4396 2756 4455 αὐτὸς
2803 4395 2836 4462 ή
2889 4391 3141 4460 ἀλήθεια.
3199 4390 3294 4442 καὶ
3331 4392 3482 4458 παρὰ
3519 4389 3612 4440 τοῦ
3659 4389 3877 4457 Πατρὸς
3911 4391 4089 4439 ἐκπο-

2510 4484 2744 4553 ρεύεται.
2781 4500 2799 4532 ι
2853 4481 3040 4534 Ταῦτα
3074 4480 3171 4550 μὲν
3206 4480 3299 4531 ἐπὶ
3348 4480 3547 4542 λέξεων
3605 4481 3631 4529 ὁ
3682 4478 3859 4543 ἅγιος.
3912 4479 3985 4529 Σὺ
4023 4480 4084 4529 δὲ

2516 4575 2709 4626 σκόπει
2742 4572 2818 4636 τδ,
2855 4589 2871 4620 ι
2911 4570 3032 4632 Πῶς
3080 4571 3135 4622 δὲ
3171 4571 3232 4622 οὑ
3285 4570 3520 4639 φανερὸν
3554 4569 3669 4639 ἔχει
3699 4571 3789 4621 τὸν
3824 4570 4091 4622 κίνδυνον

2512 4667 2741 4734 διαιρεῖν
2766 4665 2871 4714 ἀπὸ
2896 4663 2990 4713 τοῦ
3034 4661 3170 4713 Θεοῦ
3204 4664 3266 4713 τὸ
3299 4661 3523 4728 Πνεῦμα
3551 4678 3567 4724 ;
3608 4679 3625 4710 ι
3668 4662 3745 4711 Οὐ
3781 4662 3892 4731 γὰρ
3929 4656 4095 4713 εἶπεν

2512 4760 2539 4808 ὁ
2567 4755 2719 4822 ἅγιος
2741 4769 2753 4781 ·
2787 4753 2908 4814 Πῶς
2941 4751 2995 4803 δὲ
3024 4754 3083 4803 οὐ
3116 4751 3350 4818 φανερὸν
3377 4752 3491 4818 ἔχει
3517 4749 3609 4801 τὸν
3634 4750 3881 4802 κίνδυνον
3907 4766 4090 4818 apos-

2511 4849 2717 4899 τιθέναι
2752 4845 2828 4911 τῷ
2857 4843 2970 4910 Υίῷ
2991 4842 3051 4893 τὸ
3082 4843 3326 4909 Πνεῦμα,
3358 4844 3498 4910 μήτε
3529 4842 3595 4892 δι’
3625 4841 3812 4904 αὑτοῦ,
3855 4842 3996 4909 μήτε
4033 4840 4093 4902 ἐξ

2518 4936 2680 4991 αὑτοῦ
2710 4935 2788 4999 ὃν,
2852 4934 2966 4986 ἀλλ’
2995 4937 3057 4984 ὲκ
3115 4934 3206 4985 τοῦ
3241 4936 3454 5000 Πατρὸς
3513 4935 3712 5002 μόνου;
3761 4933 3901 4985 Ἀλλ’
3940 4933 4094 4996 εἷπε,

2521 5050 2538 5080 ι
2579 5027 2699 5089 Πῶς
2725 5027 2779 5078 δὲ
2811 5026 2875 5077 οὐ
2903 5026 3137 5092 φανερὸν
3167 5025 3280 5093 ἔχει
3310 5025 3400 5075 τὸν
3432 5023 3677 5075 κίνδυνον
3707 5024 3944 5090 διαιρεῖν
3983 5025 4098 5074 ἀπὸ

2513 5121 2604 5172 τοῦ
2632 5118 2769 5170 Θεοῦ
2805 5116 2863 5167 τὸ
2896 5115 3117 5183 Πνεῦμα
3145 5131 3160 5178 ;
3190 5116 3352 5166 Ὥστε
3382 5117 3532 5168 πᾶσα
3560 5110 3629 5185 ἦν
3663 5115 3817 5183 αὐτῷ
3849 5115 3882 5182 ἡ
3917 5130 4096 5165 σπου-

2515 5213 2599 5278 δὴ,
2652 5209 2765 5264 πῶς
2800 5208 2866 5259 ἂν
2899 5206 3196 5269 ἀποδείξειε
3226 5206 3285 5257 τὸ
3318 5207 3543 5273 Πνεῦμα
3599 5204 3678 5274 τῷ
3717 5206 3898 5274 Ila-cpt
3962 5222 4099 5255 συν-

2520 5302 2845 5370 απτόμενον,
2876 5297 3253 5365 διαιρούμενον
3282 5295 3378 5349 ἀπ’
3407 5295 3572 5347 αὐτοῦ
3626 5295 3770 5347 κατὰ
3801 5295 3896 5346 τὸν
3925 5295 4100 5347 Εὐνό-

2523 5412 2661 5464 μιον.
2693 5392 2798 5444 Καὶ
2829 5390 2987 5458 δῆλον
3016 5388 3073 5453 ἐξ
3106 5381 3180 5439 ὧν
3215 5388 3468 5455 ἐπιφέρει
3533 5385 3880 5456 μαρτυριῶν,
3943 5387 4061 5435 ἀπο
4083 5415 4095 5424 -

2523 5486 2781 5539 στολικῶν
2830 5499 2885 5534 τε
2943 5482 3035 5531 καὶ
3063 5479 3474 5545 Εὑαγγελικῶν,
3512 5479 3570 5543 ἐξ
3597 5472 3674 5529 ῶν
3731 5476 4099 5528 ἀποδείκνυσι

2524 5575 2882 5645 συνημμένως
2939 5567 3077 5622 εἶναι
3133 5570 3190 5620 τὸ
3244 5571 3466 5638 Πνεῦμα
3523 5570 3617 5622 τοῦ
3656 5569 3784 5622 Tia?)
3847 5569 3940 5621 καὶ
4001 5567 4100 5619 τοῦ

2527 5669 2762 5736 Ματρὸς,
2827 5663 2918 5715 καὶ
2944 5661 3002 5711 οῦ
3035 5661 3166 5712 διότι
3197 5661 3288 5712 τοῦ
3317 5660 3467 5721 Υἱοῦ,
3496 5661 3584 5712 διὰ
3632 5660 3793 5712 τοῦτο
3825 5661 3951 5728 οὐχὶ
4004 5661 4106 5710 καὶ

2549 5763 2640 5815 τοῦ
2669 5756 2900 5823 Πατρὶς,
2925 5752 3028 5806 οὐδ’
3063 5755 3143 5804 ὅτι
3172 5756 3234 5806 ἑκ
3273 5752 3362 5804 τοῦ
3395 5752 3625 5824 Πατρὸς,
3666 5752 3752 5804 διὰ
3786 5749 3944 5802 τοῦτο
3979 5750 4109 5817 οὺχί
