4214 6442
773 371 874 434 2H

1783 384 1989 443 JOAN.
2027 384 2239 445 VECCl
2279 384 2386 442 CP.
2426 379 2930 440 PATRIARCHE.

3898 389 4012 452 212

772 484 984 548 diutius;
1028 485 1385 541 nihilominus
1409 503 1526 541 cum
1556 503 1720 557 pauca
1752 492 1912 544 etiam
1942 493 2098 549 nobis
2127 507 2324 560 suppe-
2357 499 2396 550 Δ
2431 504 2436 556 1

2357 499 2396 550 Α
2431 486 2569 556 μεθα
2591 503 2602 515 ·
2647 485 2862 554 ἔχοντες
2910 487 2965 539 δὲ
3005 488 3154 559 ὅμως
3192 489 3284 544 καὶ
3315 491 3447 560 ὀλίγ’
3472 493 3608 546 ἄττα
3642 494 3840 560 εἰπεῖν,
3874 496 4004 549 ὅσον

773 585 913 642 tant,
939 576 1139 643 quibus
1172 578 1531 632 dubitantium
1562 581 1844 635 desideriis
1890 597 2174 635 occurrere
2223 564 2326 633 mi.-

767 665 980 719 nimum
1033 683 1349 734 possumus,
1392 685 1561 739 eaque
1587 687 1694 724 non
1727 673 1791 724 de
1825 674 2046 735 nostris,
2078 674 2170 725 sed
2202 672 2325 740 qui-

767 755 872 812 bus
898 773 1065 811 sacra:
1091 758 1386 827 Scriptura:
1426 777 1523 815 nos
1550 765 1854 816 conducere
1881 779 2234 828 consuevere,
2257 764 2324 816 ad

769 848 880 899 veri
910 848 1332 902 declarationem
1382 852 1698 919 quamdam,
1742 868 1971 922 eamque
2025 855 2326 908 subobscu-

769 955 905 1001 t'am,
935 942 1046 993 haec
1091 942 1154 992 ad
1188 943 1352 995 animi
1386 944 1579 996 dubios
1625 946 1968 1011 incertosque
2022 946 2318 1010 profamur.

765 1025 878 1082 Vos
922 1029 1202 1095 dubitatis,
1243 1035 1515 1101 quomodo
1547 1035 1707 1088 simul
1745 1051 1864 1090 cum
1903 1036 2042 1090 Filio
2088 1037 2323 1105 Spiritus

764 1133 828 1171 ex
863 1119 1039 1197 Patre,
1075 1123 1422 1188 ctquomodo
1474 1140 1566 1190 per
1609 1123 1803 1177 Filium
1848 1140 1911 1178 ex
1949 1125 2104 1179 Patre
2142 1141 2324 1193 prore-

763 1204 877 1258 dit?
901 1206 976 1263 ,At
1015 1217 1194 1260 nostra
1231 1211 1407 1262 oratio
1430 1211 1619 1264 Patres
1647 1223 1858 1264 nostros
1894 1212 2171 1282 theologos
2200 1224 2321 1268 cate

764 1294 932 1355 novit,
993 1296 1045 1348 in
1096 1297 1371 1365 aliquibus
1405 1301 1564 1354 rebus
1599 1300 1916 1369 theologicis
1967 1304 2320 1370 exponendis,

763 1384 1027 1453 imagines
1061 1390 1324 1456 quasdam
1351 1405 1667 1457 usurpasse,
1685 1393 1881 1461 quibus
1904 1394 2116 1461 concipi
2141 1395 2319 1454 datur,

763 1490 871 1528 non
916 1490 1038 1530 esse
1093 1492 1314 1545 prorsus
1364 1481 1687 1543 absurdum,
1746 1498 1868 1537 esse
1901 1484 2035 1537 duos
2077 1484 2315 1546 eil'ectus,

760 1563 853 1634 qui
889 1566 1052 1636 simul
1086 1584 1118 1620 ai
1149 1570 1320 1636 prima
1357 1585 1518 1624 causa
1545 1581 1823 1636 emanent,
1869 1581 1921 1625 ct
1950 1573 2087 1626 alius
2121 1572 2321 1626 nihilo-

762 1657 942 1710 minus
970 1673 1065 1725 per
1099 1659 1260 1712 alium
1304 1661 1395 1714 sit.
1451 1663 1589 1716 Ante
1637 1662 1774 1717 alios
1811 1662 2130 1732 Gregorius,
2166 1664 2250 1717 cui
2289 1679 2319 1717 a

762 1747 1034 1815 theologia
1063 1763 1362 1818 cognomen
1387 1762 1490 1814 est,
1527 1753 1716 1815 solem,
1756 1753 1990 1816 radium,
2042 1763 2094 1806 et
2138 1753 2317 1806 lumen

2434 575 2633 642 μικρόν
2683 591 2734 626 τι
2797 576 2895 643 τὴν
2957 577 3052 628 τοῦ
3103 578 3437 648 ἀποροῦντος
3492 585 3998 653 παραμυθήσασθαι

2430 665 2634 731 ἔφεσιν,
2687 667 2987 719 καὶταῦτα
3050 668 3148 722 οὐκ
3177 672 3234 736 ὲξ
3263 674 3494 737 ἑαυτῶν,
3548 675 3662 726 ἀλλ’
3689 674 3748 737 ἐξ
3795 669 3874 728 ὧν
3941 680 4001 729 αἱ

2428 754 2567 807 θεῖαι
2604 755 2814 823 Γραφαὶ
2843 757 2937 825 τὴν
3000 758 3358 828 ψυχαγωγίαν
3415 763 3573 831 ἡμῶν
3630 767 4004 834 πραγματεύ-

2426 861 2573 896 ονται
2627 847 2764 912 πρὸς
2810 849 3055 918 ἀμυδράν
3126 868 3245 903 τινα
3294 851 3389 905 τοῦ
3449 854 3684 922 ἀληθοῦς
3752 857 3996 924 ἔμφασιν

2427 935 2549 987 τάδε
2580 937 2716 1004 πρὸς
2746 939 2870 999 τοὺς
2920 940 3314 1009 διαποροῦντας
3359 960 3560 1011 φαμεν.
3607 944 3797 1012 Ὑμεῖς
3849 949 3991 999 ἀπο-

2427 1026 2592 1092 ρεῖτε,
2619 1026 2733 1087 πῶς
2762 1028 2874 1093 ἃμα
2909 1029 3042 1097 mg,
3086 1031 3148 1080 τὸ
3180 1031 3404 1100 Πνεῦμα
3432 1035 3494 1085 ὲκ
3515 1034 3605 1085 τοῦ
3647 1037 3871 1104 Πατρὺς
3893 1040 3996 1089 καὶ

2424 1112 2541 1172 πῶς
2590 1114 2658 1166 δι’
2716 1115 2845 1168 Υίοῦ
2895 1120 3250 1184 ἐκπορεύεται
3321 1125 3385 1174 ἐκ
3451 1125 3714 1194 Πατρός;
3809 1127 3870 1179 '0
3935 1127 3994 1179 δὲ

2423 1203 2693 1270 ἡμέτερος
2755 1205 2913 1272 λόγος
2966 1211 3091 1270 τοὺς
3126 1208 3407 1278 θεολόγους
3457 1215 3614 1282 ἡμῶν
3675 1211 3783 1268 οἵδε
3817 1218 3990 1269 Πατέ-

2427 1307 2546 1360 ρας,
2573 1295 2784 1354 εἰκόνας
2816 1295 2965 1357 τινὰς
2995 1298 3408 1365 παραλαϐόντας
3434 1300 3581 1354 ἐστιν
3609 1297 3670 1355 οῦ
3698 1306 3776 1356 τῶ
3799 1325 3825 1358 ν
3863 1307 3988 1359 Oso-

2422 1383 2640 1448 λογιῶν,
2675 1384 2732 1449 ἐξ
2764 1378 2838 1438 ὧν
2872 1385 2984 1438 ἔστι
3030 1388 3419 1456 διανοήσισθαι
3479 1394 3551 1462 μὴ
3608 1395 3789 1462 πάντη
3839 1394 3983 1451 εἶναι

2423 1473 2735 1544 ἀμήχανον,
2789 1473 2928 1529 εἷναί
2964 1495 3086 1531 τινα
3148 1480 3241 1533 δύο
3286 1484 3522 1544 αἰτιατὰ,
3575 1487 3669 1538 καὶ
3718 1487 3835 1555 ἅμα
3879 1490 3978 1542 τοῦ

2424 1564 2638 1644 πρώτου
2676 1567 2847 1619 αίτίου
2907 1570 3308 1639 προερχόμενα.
3372 1575 3468 1626 καὶ
3497 1577 3643 1644 ὅμως
3709 1579 3795 1631 διὰ
3830 1581 3988 1631 θατέ-

2427 1641 2523 1720 ρου
2573 1653 2635 1704 τὸ
2667 1653 2875 1720 ἓτερον.
2907 1657 3116 1710 Λύτίκα
3155 1658 3452 1729 Γρηγόριος
3495 1641 3651 1730 όντῆς
3706 1665 3989 1734 θεολογίας

2423 1744 2731 1812 ἐπώνυμος,
2767 1747 2937 1815 ἥλιον,
2987 1750 3203 1813 ἀκτῖνα,
3237 1753 3331 1803 καὶ
3364 1753 3478 1820 φῶς
3541 1756 3621 1816 είς
3647 1758 3830 1811 εἰκόνα
3883 1761 3988 1828 τῆς

761 1835 825 1887 υιί
843 1835 1197 1906 ellingendum
1217 1840 1348 1891 nulli
1369 1841 1775 1899 assimilmdam
1796 1843 2045 1895 Triadem
2069 1842 2319 1896 assumit.
2354 1844 2398 1898 Β

2354 1844 2398 1898 Β
2425 1835 2794 1888 ἀνεικονίστου
2833 1837 3254 1907 παραλαμϐάνει
3292 1842 3539 1910 Τριάδος.
3570 1846 3690 1907 Φῶς
3724 1848 3856 1914 γοῦν
3885 1853 3983 1902 καὶ

760 1925 967 1979 Lumen
1004 1928 1187 1996 itaque
1223 1939 1274 1983 et
1310 1932 1492 1985 radius
1516 1949 1544 1985 e
1577 1933 1740 1988 solari
1775 1933 1927 1988 disco
1961 1949 2066 1987 una
2102 1948 2321 2002 proma~

760 2027 929 2081 nant,
969 2032 1068 2074 nec
1118 2035 1292 2073 unum
1327 2022 1444 2076 sine
1471 2024 1660 2087 altero,
1704 2024 1792 2077 sed
1822 2024 1970 2077 aliud
2015 2038 2110 2092 per
2139 2022 2318 2076 aliud:

761 2124 996 2178 namque
1027 2126 1120 2176 per
1155 2113 1359 2164 radium
1391 2113 1570 2166 lumen
1618 2131 1630 2166 :
1663 2123 1715 2166 et
1738 2115 1900 2182 huius
1930 2114 2322 2181 demonstratio

760 2211 864 2265 est,
911 2203 1025 2269 ipse
1076 2212 1260 2256 noster
1292 2219 1486 2259 sensus
1518 2205 1915 2274 improbabilis.
1948 2207 2004 2259 In
2048 2221 2156 2274 quo
2191 2220 2322 2273 ergo

760 2292 1010 2346 vulnerat
1065 2294 1211 2348 illius
1258 2295 1418 2347 simul
1479 2297 1765 2361 rationem,
1816 2311 1935 2365 qua:
1980 2311 2076 2365 per
2106 2295 2319 2349 radium

758 2381 984 2437 luminis
1033 2386 1309 2440 emanatio
1343 2387 1421 2438 iit.
1461 2385 1614 2451 Quod
1649 2387 1731 2440 vel
1776 2403 1943 2440 unum
1981 2386 2320 2441 solummodo

759 2475 1068 2540 exemplum
1106 2490 1136 2528 a
1163 2477 1400 2542 nomine,
1427 2486 1478 2530 et
1517 2481 1820 2548 cognitione
1850 2477 2122 2548 Theologo
2153 2478 2319 2530 tradi-

761 2571 875 2615 tum
896 2556 1114 2618 abunde
1142 2566 1513 2633 persundabit,
1547 2583 1612 2619 tte
1635 2568 1687 2620 in
1720 2578 1992 2635 posterum
2024 2569 2074 2620 iu
2101 2576 2320 2621 contro-

758 2656 996 2710 versiam
1029 2673 1212 2720 voces,
1241 2659 1401 2712 simul
1435 2674 1556 2712 cum
1587 2657 1724 2712 Filio
1754 2670 1806 2714 et
1845 2674 1937 2728 per
1978 2659 2176 2746 filium
2195 2676 2318 2715 esse

762 2749 1022 2816 Spiritum
1056 2763 1122 2802 ex
1169 2747 1347 2803 Patre.
1385 2749 1514 2804 item
1549 2767 1755 2818 rursus,
1793 2752 2034 2815 oculum,
2091 2751 2316 2814 fontem,

761 2847 816 2891 et
846 2838 1063 2892 [luvium
1093 2841 1362 2894 sententia
1395 2856 1491 2895 sua
1524 2841 1832 2910 exemplare
1864 2843 1976 2904 dat,
2012 2852 2065 2896 et
2117 2841 2319 2895 notitia

761 2929 985 2999 vesugia
1019 2946 1031 2982 :
1066 2938 1119 2983 et
1149 2941 1275 2984 sunt
1301 2932 1547 3000 equidem
1588 2950 1650 2986 ex
1687 2934 1845 2987 oculo
1873 2932 1993 2988 fons
2032 2942 2085 2986 et
2125 2933 2319 2986 ﬂuvius

760 3021 946 3087 simul,
1005 3023 1254 3090 quamvis
1307 3023 1359 3075 in
1397 3023 1651 3078 confesso
1699 3025 1766 3078 sit
1818 3026 1958 3093 apud
2005 3039 2193 3079 omnes
2225 3040 2317 3092 per

761 3111 962 3166 [utilem
989 3111 1210 3169 ﬂuvium
1243 3130 1384 3180 esse,
1419 3130 1515 3169 nec
1549 3115 1678 3169 illud
1713 3130 1807 3183 per
1834 3117 2032 3168 fontem
2070 3131 2132 3169 ex
2159 3115 2317 3169 oculo

2426 1927 2584 1988 ἀκτὶς
2652 1927 2747 1978 τοῦ
2795 1929 3027 1997 ἡλιακοῦ
3075 1932 3260 1986 δίσκου
3302 1935 3419 2001 ἅμα
3465 1937 3848 2008 προέρχονται,
3888 1943 3988 1993 καὶ

2425 2017 2712 2089 οὐδέτερον
2747 2020 2843 2073 τοῦ
2880 2022 3067 2090 ἑτέρου
3116 2025 3303 2093 χωρὶς,
3337 2026 3475 2080 ἀλλὰ
3499 2029 3587 2082 διὰ
3638 2031 3870 2099 θατέρου
3921 2033 3986 2084 τὸ

2423 2107 2626 2176 ἕτερον.
2663 2111 2762 2162 Διά
2791 2112 2900 2181 γάρ
2938 2116 3039 2182 τῆς
3084 2116 3302 2178 ἀκτῖνος
3356 2118 3418 2170 τό
3461 2119 3597 2186 φῶς.
3654 2122 3763 2174 Καὶ
3790 2123 3985 2175 τούτου

2424 2197 2694 2264 ἀπόδειξις
2745 2201 2882 2270 αὑτὴ
2938 2204 3324 2266 ἀναπόδεικτος
3377 2207 3536 2277 ἡμῶν
3593 2209 3866 2280 αἴσθησις.
3916 2211 3984 2263 Τί

2422 2287 2553 2354 γοῦν
2575 2288 2881 2357 ἐλυμήνατο
2909 2291 3001 2343 τὸν
3030 2292 3122 2345 τοῦ
3147 2293 3268 2363 ἅμα
3315 2295 3470 2364 λόγον
3503 2302 3535 2366 ἡ
3561 2300 3650 2352 διὰ
3701 2303 3798 2370 τῆς
3830 2303 3993 2354 ἀκτῖσ⁸

2421 2395 2508 2440 νος
2539 2379 2632 2431 τοῦ
2664 2381 2838 2448 φωτὸς
2866 2383 3124 2452 πρόοδος;
3160 2387 3266 2439 Καὶ
3299 2388 3398 2457 ἤδη
3439 2389 3497 2441 ἓν
3532 2390 3690 2444 τοῦτό
3747 2409 3827 2445 σοι
3874 2411 3983 2445 πα-

2425 2468 2693 2537 ράδειγμα
2745 2471 3029 2539 πρόκειται
3071 2477 3220 2544 παρά
3247 2477 3342 2530 τοῦ
3371 2481 3466 2530 καὶ
3495 2481 3595 2550 τὴν
3647 2479 3860 2550 κλῆσιν,
3884 2481 3983 2534 καὶ

2421 2558 2520 2626 τὴν
2562 2558 2765 2625 γνῶσιν
2827 2559 3093 2628 Θεολόγου
3146 2565 3315 2630 δοθὲν,
3377 2567 3563 2620 ἱκανὸν
3631 2571 3846 2635 πεῖσαι,
3904 2570 3983 2640 μὴ

2422 2649 2787 2717 ἀμφιῦάλλειν
2820 2668 2899 2715 σε,
2950 2652 3066 2720 ἅμα
3108 2655 3219 2722 Υἱῷ
3245 2658 3336 2709 καὶ
3372 2658 3456 2711 διὰ
3501 2659 3596 2712 τοῦ
3642 2661 3775 2713 Υἱοῦ
3839 2659 3983 2714 εἶναι

2421 2740 2480 2792 τὸ
2510 2741 2732 2809 Πνεῦμα
2761 2746 2825 2795 ὲκ
2866 2744 2960 2796 τοῦ
2995 2747 3225 2812 Πατρός.
3270 2748 3428 2801 Ἀλλὰ
3477 2752 3570 2802 καὶ
3634 2751 3843 2803 πάλινό
3884 2752 3983 2803 ati-

2419 2829 2506 2892 τὸς
2556 2830 2854 2899 ὀφθαλμὸν,
2905 2836 3106 2904 πηγὴν,
3157 2838 3248 2889 καὶ
3294 2839 3536 2907 ποταμὸν
3587 2842 3667 2902 εἰς
3719 2840 3982 2909 παραδεί-

2420 2936 2602 2988 γματα
2635 2923 2731 2991 τῆς
2755 2924 2919 2992 αὐτῆς
2948 2927 3158 2988 ἐννοίας
3187 2926 3451 2995 λαμϐάνει
3487 2930 3579 2982 καὶ
3605 2932 3712 2982 sic!
3766 2933 3864 3001 μὲν
3915 2933 3983 2983 ὲκ

2417 3014 2512 3066 τοῦ
2547 3014 2830 3082 ὀφθαλμοῦ
2861 3020 2892 3083 ἡ
2923 3019 3095 3086 πηγὴ,
3148 3021 3240 3071 καὶ
3274 3023 3301 3072 ὁ
3333 3021 3577 3090 ποταμὸς
3643 3023 3780 3093 ἅμα,
3845 3022 3984 3075 ἀλλὰ

2418 3104 2506 3157 διὰ
2539 3105 2636 3174 τῆς
2683 3109 2862 3176 πηγῆς
2892 3109 3333 3177 ὁμολογουμένως
3363 3113 3389 3162 ὁ
3419 3112 3681 3181 ποταμὸς,
3744 3115 3835 3166 καὶ
3893 3115 3986 3166 οὐ·

759 3201 984 3255 ῐιυγίιιιη
1025 3202 1260 3266 exsilire,
1317 3203 1476 3255 simul
1502 3219 1622 3258 esse
1648 3220 1770 3258 cum
1803 3203 1951 3257 fonte
1993 3204 2153 3257 laedit.
2185 3202 2245 3256 Et
2274 3204 2317 3258 si
2348 3197 2389 3254 C
2420 3216 2423 3238 ι

2348 3197 2389 3254 C
2420 3193 2511 3245 δέν
2541 3211 2590 3245 τι
2614 3195 2933 3264 λυμαίνεται
2969 3198 3059 3249 τὸν
3090 3198 3184 3250 τοῦ
3236 3200 3352 3268 ἅμα
3398 3201 3555 3270 λόγον
3617 3206 3680 3256 τὸ
3730 3205 3815 3257 διὰ
3880 3207 3981 3274 τῆς

763 3308 870 3350 neu
906 3295 1179 3364 displicet,
1215 3296 1373 3350 dictis
1401 3311 1462 3349 ea
1494 3312 1734 3366 quoque,
1767 3312 1887 3366 quae
1917 3297 2075 3350 aliter
2102 3296 2189 3348 alii
2221 3295 2316 3348 sed

761 3387 816 3440 in
847 3387 1093 3440 eamdem
1151 3388 1474 3440 sententiam
1522 3387 1752 3455 exempli
1805 3403 1968 3440 causa
2026 3387 2315 3450 dictarunt,

760 3478 1088 3541 subdantur,
1123 3476 1261 3542 fons,
1293 3476 1536 3545 ﬂuvium:
1556 3493 1720 3546 aqua,
1747 3477 1921 3538 radix,
1963 3491 2168 3537 ramus,
2210 3475 2320 3529 fru-

761 3578 913 3632 ctus,
946 3583 1088 3629 rosa,
1125 3567 1245 3630 ﬂos,
1274 3569 1426 3622 odor.
1465 3567 1671 3621 Similia
1705 3569 1946 3637 exempla
1984 3569 2166 3622 animo
2212 3568 2319 3619 volo

758 3670 970 3724 ventes,
1029 3659 1122 3727 qui
1159 3660 1496 3724 addubitant,
1527 3676 1634 3728 qua
1681 3661 1889 3714 ratione
1922 3670 1974 3714 et
2003 3660 2166 3714 simul
2195 3673 2317 3713 cum

757 3747 896 3804 Filio
921 3761 972 3804 et
996 3766 1090 3820 per
1124 3749 1318 3804 Filium
1375 3749 1613 3819 Spiritus
1654 3767 1718 3806 ex
1761 3750 1942 3815 Patre,
1992 3752 2132 3804 ultra
2156 3764 2316 3818 quam

759 3857 856 3910 par
877 3850 979 3906 est,
1001 3842 1199 3895 curiosi
1222 3856 1344 3896 esse
1375 3842 1651 3896 desinent.
1683 3842 1828 3896 Satis
1852 3841 1995 3896 enim
2027 3841 2180 3894 vobis
2209 3849 2314 3901 est,

758 3933 825 3986 ad
851 3935 1298 4002 compescendam
1329 3934 1722 3999 curiositatem,
1784 3934 1924 3988 scire
1953 3948 2070 3995 eos,
2101 3932 2192 4000 qui
2225 3945 2320 3999 per

757 4023 957 4078 Filium
1012 4025 1418 4093 processionem
1471 4025 1866 4089 decreverunt,
1929 4039 2048 4077 eam
2107 4023 2317 4090 absque

757 4127 1007 4183 tempore
1052 4122 1106 4168 et
1154 4129 1318 4184 supra
1374 4124 1585 4183 tempus
1630 4116 1891 4179 tenuisse,
1941 4124 1996 4168 et
2037 4128 2314 4181 nunquam

757 4207 1033 4276 quippiam
1070 4207 1182 4261 sive
1213 4206 1573 4275 periculosum
1595 4248 1608 4272 ,
1655 4211 1770 4261 sive
1797 4207 1969 4260 errori
1998 4205 2316 4272 implicitum

756 4301 1078 4355 decrevisse.

1353 4504 1581 4560 CAPUT
1625 4502 1709 4557 Vl.

758 4595 840 4646 Ad
872 4611 959 4648 eos
981 4596 1072 4664 qui
1105 4597 1319 4652 dicunt;
1373 4614 1390 4646 ι
1430 4595 1488 4649 Si
1531 4612 1621 4663 per
1654 4593 1853 4646 Filium
1878 4592 2149 4664 procedit,
2188 4604 2317 4658 quo-

938 4661 1092 4716 modo
1108 4681 1208 4716 non
1229 4677 1348 4718 sunt
1374 4667 1488 4717 dua:
1514 4661 1831 4717 eminentia:
1867 4661 2139 4728 Spiritus?

830 4755 884 4807 1.
916 4754 978 4806 Et
1003 4769 1113 4821 quo
1145 4766 1324 4822 pacto,
1355 4755 1631 4822 inquiunt,
1687 4767 1976 4821 possumus
2015 4751 2196 4804 dicere
2225 4764 2318 4817 per

759 4842 958 4895 Filium
995 4844 1256 4910 Spiritum
1291 4844 1604 4910 procedere,
1641 4843 1844 4909 absque
1869 4856 1934 4894 eo
1960 4840 2103 4908 quod
2132 4838 2317 4891 concio

761 4938 974 5005 piamus
1008 4937 1144 4991 duas
1173 4935 1411 5003 Spiritus
1432 4934 1795 4998 exsistentias,
1839 4949 2001 4987 unam
2042 4948 2104 4986 ex
2137 4921 2316 4993 Patre,

762 5029 984 5080 alteram
1018 5042 1113 5095 per
1141 5027 1375 5080 Filium?
1413 5026 1766 5094 Ecquisnam,
1795 5041 1827 5077 o
1856 5024 2043 5088 amici,
2078 5022 2192 5075 bace
2224 5034 2320 5072 vos

762 5117 982 5175 edocuit
1031 5117 1393 5184 improbitatis
1453 5127 1614 5184 atque
1668 5113 1918 5168 stultitia
1965 5111 2171 5180 plena?
2215 5109 2320 5174 Qui

762 5208 907 5259 enim
960 5207 1154 5258 similia
1191 5205 1462 5270 eil'utiunt,
1518 5220 1625 5258 non
1653 5218 1843 5257 omnes
1884 5213 2115 5270 utroque
2140 5203 2318 5266 modo,

763 5299 857 5352 sed
889 5296 940 5349 bi
975 5297 1190 5364 quidem
1224 5297 1511 5362 malitiose,
1540 5297 1588 5347 hi
1613 5310 1735 5349 vero
1763 5294 2151 5363 imprudenter,
2178 5292 2320 5369 Intul-

763 5387 1011 5442 titudinis
1059 5389 1280 5442 auribus
1330 5389 1667 5456 obstrepunt.
1725 5384 1966 5454 Namque
2043 5384 2135 5452 qui
2191 5399 2324 5437 con-

764 5478 1098 5533 tentionibus
1123 5479 1469 5541 addicuntur,
1488 5479 1836 5548 reliquosque
1857 5487 2048 5530 omnes
2068 5489 2321 5544 superare

764 5583 1110 5638 summopere
1143 5570 1421 5632 anhelant,
1461 5570 1512 5622 in
1539 5584 1677 5636 quos
1712 5580 1831 5622 sese
1860 5565 2122 5631 inferunt,
2159 5575 2322 5635 atque

765 5661 1071 5726 iutrudunt,
1108 5662 1160 5713 hi
1189 5663 1420 5730 maligne
1446 5661 1626 5714 omnia
1656 5672 1710 5713 et
1736 5658 2241 5717 comminiscuntm,
2271 5665 2323 5708 ct

765 5755 1073 5807 enuntiant.
1120 5754 1221 5807 Alii
1251 5762 1500 5807 naturam
1535 5752 1677 5808 nacti
1707 5750 2032 5817 simplicem,
2068 5748 2322 5818 nullaque

2427 3283 2610 3353 πηγῆς
2638 3286 2701 3336 ὲκ
2727 3286 2822 3338 τοῦ
2850 3287 3131 3356 ὀφθαλμοῦ
3159 3293 3408 3358 προϊέναι
3463 3292 3551 3344 τὸν
3601 3296 3870 3364 ποταμόν.
3921 3297 3982 3347 Ei

2423 3374 2478 3426 δὲ
2512 3374 2786 3444 βούλεσθε,
2817 3380 2927 3439 τοῖς
2974 3378 3283 3447 εἰρημένοις
3333 3381 3864 3450 ἐπισυναφθήτωσαν
3888 3384 3984 3436 καὶ

2425 3466 2566 3536 ᾇπερ
2587 3468 2734 3521 ἄλλοι
2769 3469 2963 3532 ἄλλως,
2998 3471 3075 3531 είς
3100 3471 3278 3540 δὲτὴν
3337 3473 3508 3542 αὐτὴν
3559 3469 3718 3525 εἶπον
3773 3475 3982 3526 ἔννοιαν

2424 3557 2964 3627 παραδειγματικῶς,
3037 3560 3210 3629 πηγὴ,
3265 3563 3526 3630 ποταμὸς,
3599 3562 3765 3631 ὕδωρ,
3823 3564 3975 3632 ῥίζα,

2425 3647 2636 3712 κλάδος,
2671 3649 2901 3718 καρπὸς,
2952 3650 3122 3719 ῥόδον,
3176 3651 3354 3713 ἄνθος,
3402 3654 3543 3724 ὀσμή
3612 3654 3693 3709 Τὰ
3738 3657 3980 3721 τοιαῦτα,

2424 3739 2764 3808 λογιζόμενοι
2815 3741 3239 3812 παραδείγματα
3300 3745 3348 3795 οἱ
3401 3743 3814 3813 διαποροῦντες,
3863 3748 3983 3809 πῶς

2424 3829 2517 3878 καὶ
2582 3827 2699 3896 ἅμα
2746 3828 2879 3898 Υῐῷ,
2927 3831 3022 3881 καὶ
3072 3830 3161 3881 διὰ
3205 3830 3299 3883 τοῦ
3357 3831 3487 3884 Υίοῦ
3532 3833 3593 3885 τὸ
3647 3833 3869 3903 Πνεῦμα
3917 3836 3983 3886 ἐκ

2424 3917 2518 3970 τοῦ
2577 3918 2814 3988 Πατρδς,
2871 3921 3013 3992 πέρα
3070 3920 3165 3974 τοῦ
3230 3923 3454 3991 μετρίου
3500 3924 3984 3994 πολυπραγμονεῖν

2426 4009 2834 4063 ὑποστέλλεσθε.
2878 4009 3084 4063 Ἱκανὸν
3111 4012 3220 4081 γὰρ
3266 4014 3398 4081 ἡμῖν
3456 4015 3543 4076 εἰς
3581 4016 3684 4084 τὴν
3729 4018 3826 4082 τῆς
3881 4032 3981 4066 πο-

2425 4099 2886 4168 λυπραγμοσύνης
2911 4102 3228 4171 ἀπιτροπὴν
3253 4102 3314 4155 τὸ
3360 4103 3556 4154 εἰδέναι
3601 4105 3675 4166 ὡς
3705 4105 3752 4157 oi
3796 4105 3895 4172 τὴν
3916 4106 3983 4158 δι’

2425 4186 2553 4240 Υίοῦ
2574 4188 3018 4255 δεδογματικότες
3047 4189 3373 4258 ὲκττόρευσιν
3413 4191 3663 4258 ἄχρονον,
3691 4192 3785 4244 καὶ
3814 4193 3984 4260 ὑπέρ-

2425 4294 2613 4347 χρονον
2665 4277 2868 4346 ταύτην
2910 4278 3191 4345 ἐφρόνουν,
3227 4281 3320 4330 καὶ
3363 4280 3463 4332 οὐκ
3497 4280 3561 4331 ἄν
3595 4297 3720 4333 ποτε
3749 4284 3982 4351 ἑπισφα-

2424 4367 2513 4430 λές
2540 4385 2591 4419 τι
2637 4368 2766 4436 περὶ
2799 4369 2968 4435 αὐτῆς
2995 4369 3382 4438 ὲδογμάτισαν.

2951 4520 2966 4537 ⁶
2991 4506 3240 4559 ΚΕΦΑΛ.
3285 4505 3376 4570 C'.

2419 4597 2578 4662 Πρὸς
2616 4597 2758 4661 τοὺς
2797 4596 3107 4663 λέγοντας,
3142 4615 3161 4647 ι
3197 4599 3265 4650 El
3301 4597 3376 4649 δι’
3414 4597 3549 4649 Υὶοῦ
3579 4596 3988 4662 ἐκπορεύεται,

2435 4671 2458 4698 ⁶
2487 4667 2614 4731 πῶς
2649 4665 2783 4732 οὐχὶ
2816 4665 2925 4718 δύο
2949 4665 3234 4731 ὑπάρξεις
3282 4665 3390 4719 τοῦ
3437 4667 3820 4734 ιινεύματος;
3855 4684 3873 4715 ι

2487 4764 2558 4811 α’.
2591 4757 2701 4810 Καὶ
2722 4757 2838 4818 πῶς
2869 4756 3004 4821 ἐστι,
3026 4757 3181 4824 φασὶ,
3209 4757 3276 4809 δι’
3307 4756 3437 4810 Υιοῦ
3476 4758 3656 4825 λέγειν
3673 4759 3736 4810 τὸ
3757 4758 3982 4825 Πνεῦμα

2421 4845 2877 4916 ἐκπορευόμενον,
2934 4847 3027 4899 καὶ
3085 4847 3166 4917 μὴ
3217 4847 3311 4900 δύο
3371 4852 3513 4903 νοεῖν
3579 4849 3839 4918 ὑπάρξεις
3883 4851 3982 4902 τοῦ

2421 4938 2760 5007 Πνεῦματος,
2818 4939 2947 5007 μίαν
2992 4942 3058 4992 ὲκ
3091 4940 3186 4994 τοῦ
3219 4940 3456 5009 Πατρός,
3482 4940 3579 4994 καὶ
3635 4943 3827 5012 ἑτέραν
3892 4941 3984 4994 διὰ

2421 5026 2516 5077 τοῦ
2573 5023 2749 5090 Tini;
2817 5027 2923 5078 Καὶ
2984 5027 3090 5090 τίς,
3141 5019 3186 5078 ὦ
3263 5028 3488 5097 ἑταῖροι,
3535 5027 3771 5093 ἐδίδαξεν
3839 5029 3984 5092 ὑμᾶς

2422 5117 2615 5181 ταῦτα,
2643 5116 2676 5186 ἢ
2711 5117 3067 5186 κακουργίας,
3097 5117 3130 5187 ἢ
3165 5118 3421 5185 ἀνοησίας
3443 5119 3574 5173 ὄντα
3611 5120 3825 5187 μεστάς
3859 5119 3981 5172 Τῶν

2423 5205 2532 5272 γὰρ
2555 5204 3014 5273 ἀπερευγομένων
3077 5202 3248 5255 ταῦτα
3299 5204 3362 5255 οὺ
3399 5205 3601 5264 πάντες
3667 5205 3979 5274 ἀμφότερα.

2425 5294 2544 5347 ἀλλ’
2590 5296 2641 5346 ol.
2677 5294 2777 5364 μὲν
2832 5293 3190 5362 κακούργως,
3219 5294 3267 5345 οἱ
3316 5294 3374 5346 δὲ
3426 5295 3673 5363 ἀνοήτως
3727 5293 3827 5360 τῆς
3871 5296 3984 5346 τῶν

2423 5382 2634 5436 πολλῶν
2681 5384 2850 5452 ἀκοῆς
2879 5382 3358 5452 καταφλυαροῦσιν
3405 5383 3565 5437 αὑτά.
3616 5376 3711 5444 οἷς
3737 5381 3842 5450 ’μὲν
3869 5383 3982 5450 γὰρ

2425 5473 2460 5542 ὴ
2488 5471 2678 5542 γνώμη
2709 5472 3030 5540 φιλόνεικος,
3084 5473 3176 5525 καὶ
3237 5471 3706 5542 περισπούδαστον
3733 5472 3795 5522 τὸ
3850 5471 3986 5522 πάν-

2425 5580 2524 5626 τας
2557 5564 2711 5634 νικᾷν
2745 5560 2826 5627 οἷς
2883 5563 3028 5627 ἅπαξ
3058 5565 3150 5616 κα)⁵
3198 5561 3575 5626 εισωδίζουσιν
3608 5563 3858 5635 ἑαυτοὺς,
3895 5555 3987 5613 οῦ-

2429 5673 2509 5706 τοι
2543 5654 2864 5724 κακούργως
2897 5654 3074 5707 πάντα
3099 5656 3190 5707 καὶ
3209 5654 3540 5708 διανοοῦνται
3577 5654 3674 5705 καὶ
3713 5653 3984 5717 λέγουσιν.

2434 5745 2618 5800 ’Ἄλλοι
2641 5745 2693 5798 δὲ
2753 5746 2973 5815 γνώμης
3008 5745 3260 5815 τυχόντες
3287 5745 3701 5815 ἁπιρισιιέπτου
3729 5744 3822 5795 καὶ
3847 5743 3986 5811 ἀξε-
