4214 6442
765 435 872 500 239

1789 434 2001 495 JOAN.
2043 433 2259 494 VECCI
2302 434 2412 493 (ΖΡ.
2456 427 2958 492 ΡΑΤΒΙΛΒΟΗΕ

3887 426 4006 490 240

771 545 970 611 ubique
1021 537 1338 607 signiﬁcari,
1384 539 1436 592 in
1479 552 1800 607 quacunque
1839 554 2007 594 sacrae
2046 540 2339 608 Scriptura:
2365 540 2414 600 Α

2365 540 2414 600 Α
2439 537 2790 606 δογματίζειν
2825 535 2917 588 καὶ
2944 533 3358 600 ἀποφαίνεσθαι,
3393 533 3449 585 τὸ
3504 537 3871 601 πνευματικὸν
3902 539 4013 603 χά-

769 640 921 702 parte
948 630 1148 684 dicitur
1178 630 1431 698 Spiritus,
1481 643 1622 692 esse,
1654 644 1910 684 emanare
1938 639 1993 684 et
2022 631 2239 684 exsilire
2265 645 2330 683 ex

769 721 947 776 Filio?
989 720 1051 773 Et
1087 735 1154 773 ne
1185 720 1387 773 diutius
1419 733 1633 783 eorum,
1663 721 1755 788 qui
1789 721 1984 773 similia
2020 721 2331 774 inconside-

771 820 887 865 rate
932 810 1280 881 prmiiniunt,
1331 808 1709 863 refutationem
1769 812 2193 879 protrahamus,
2242 809 2331 863 illa

769 903 959 958 eadem
1017 917 1045 954 a
1087 901 1479 970 Chrysostomo
1521 901 1868 968 pronuntiata
1907 901 1974 955 de
2019 902 2334 957 nominibus

774 995 1011 1062 Spiritus
1054 993 1106 1044 in
1141 992 1329 1044 eadem
1363 1005 1525 1057 supra
1571 991 1787 1044 laudata
1831 992 2099 1053 oratione,
2125 1005 2190 1043 ex
2219 991 2339 1057 qui-

772 1085 892 1145 bus,
917 1083 1008 1150 qui
1041 1082 1222 1134 omnia
1258 1095 1354 1147 pro
1385 1081 1629 1144 libidine,
1662 1093 1714 1133 et
1741 1081 1806 1134 ad
1839 1081 1982 1149 quod
2020 1081 2333 1143 allubeseit,

772 1176 1129 1242 detorquent,
1183 1175 1264 1226 sui
1311 1173 1582 1226 euuntiati
1639 1187 1826 1225 ansam
1879 1174 2225 1240 arripuerunt
2281 1183 2340 1226 ut

775 1269 1139 1327 sese-habent,
1179 1266 1436 1319 verbatim
1481 1267 1565 1318 hic
1594 1267 1926 1334 digerentur.
1962 1264 2051 1319 Sic
2079 1269 2221 1321 enim
2253 1266 2336 1318 Io-

774 1359 957 1426 quitur
981 1375 997 1414 ι
1024 1371 1044 1405 ι
1072 1355 1259 1424 Operae
1284 1357 1510 1423 pretium
1533 1365 1706 1408 autem
1739 1364 1822 1408 est
1855 1359 2339 1424 utfperseveremus

775 1446 977 1498 diutius
1015 1446 1066 1498 in
1103 1445 1273 1498 sancti
1301 1443 1674 1512 adorandique
1698 1445 1936 1513 Spiritus
1972 1445 2340 1512 enarratione,

776 1544 830 1588 et
854 1533 1206 1588 manifestius
1238 1533 1440 1600 aliquid
1472 1535 1535 1586 de
1570 1546 1759 1586 saneta
1789 1533 2132 1600 gloriosaque
2167 1531 2342 1585 facul-

779 1637 888 1682 tate
907 1627 1185 1690 dicamus,
1225 1641 1329 1678 non
1372 1640 1464 1692 per
1495 1640 1578 1687 ea,
1619 1640 1738 1693 quae
1767 1626 2091 1693 cogitamus,
2124 1624 2217 1678 sed
2249 1640 2345 1694 per

781 1733 901 1785 qua:
926 1716 1204 1778 docemur,
1237 1715 1499 1784 Spiritum
1533 1724 1780 1769 sanctum
1818 1723 2010 1767 natura
2047 1729 2165 1769 esse
2197 1715 2344 1769 inse-

781 1808 1096 1876 parabilem,
1135 1815 1315 1868 utpote
1341 1805 1432 1873 qui
1465 1820 1528 1857 ex
1561 1805 1909 1873 inseparabili
1942 1816 1996 1858 et
2027 1807 2342 1860 indivisibili

2436 645 2608 697 ρισμα
2636 626 2928 696 δηλοῦσθαι
2995 623 3330 693 ἁπανταχοῦ,
3367 625 3424 675 ὲν
3473 624 3742 692 οἱῳδήτινι
3785 625 3850 676 ἂν
3904 627 4014 691 τῆς

2435 720 2584 782 θείας
2619 718 2843 787 Γραφῆς
2901 716 3055 786 μέρει
3095 716 3311 782 λέγεται
3364 714 3427 766 τὸ
3463 713 3684 782 Πνεῦμα
3733 716 4010 786 ὑπάρχον,

2436 812 2528 862 καὶ
2555 809 2857 873 ἀναδλύζον
2889 809 2981 860 καὶ
3015 806 3262 876 πηγὰζον
3293 808 3356 858 ὲκ
3403 805 3497 858 τοῦ
3533 806 3702 870 Υίοῦ;
3758 798 3864 859 Καὶ
3916 807 4016 858 ἴνα.

2441 905 2514 974 μὴ
2544 904 2637 954 ἐπὶ
2664 901 2827 954 πλέον
2867 902 2894 951 ὁ
2927 901 3083 966 λόγος
3115 900 3205 951 τὸν
3241 899 3465 967 ἔλεγχον
3498 899 3867 967 ἀναϐάλληττι
3895 899 4015 949 τῶν

2437 986 2856 1062 ἀπερισκέπτως
2913 991 2982 1042 τὰ
3035 989 3260 1042 τοιαῦτα
3321 988 3804 1057 δογματιζόντων,
3863 990 4016 1041 αὐτὰ

2438 1082 2621 1132 ἐκεῖνα
2669 1080 2739 1131 τὰ
2787 1081 3056 1148 εἰρημένα
3109 1078 3671 1148 τῷ.Χρυσορρήμονι
3712 1080 3841 1146 περὶ
3898 1079 4021 1131 τῶν

2439 1170 2716 1238 ὀνομάτων
2750 1168 2842 1220 τοῦ
2907 1169 3229 1235 Πνεύματος
3262 1171 3321 1220 ἐν
3354 1167 3504 1235 αὐτῷ
3537 1168 3613 1236 τῷ
3649 1168 4018 1238 ἀναγεγραμ-

2443 1264 2590 1331 μένῳ
2638 1261 2782 1327 λόγῳ
2813 1261 2998 1322 αὐτοῦ,
3036 1260 3092 1325 ἐξ
3130 1253 3306 1327 οὗπερ
3360 1259 3460 1317 τὰς
3491 1261 3746 1327 ἀφορμὰς
3776 1261 3935 1328 ἔσχον
3965 1263 4019 1313 οἱ

2442 1353 2620 1404 πάντα
2659 1350 3140 1420 διαστρεὸλοῦντες
3169 1349 3305 1420 πρὸς
3333 1349 3393 1401 τὸ
3421 1350 3613 1401 δοκοῦν
3663 1353 3899 1412 ἑαυτοῖς,
3935 1352 4020 1413 ὡς

2444 1442 2658 1512 ἔχουσιν
2714 1443 2808 1495 ἐπὶ
2870 1442 3069 1505 λέξεων
3128 1441 3363 1494 ἐνταῦθα
3429 1443 4021 1512 καταστρωοήσονται.

2442 1533 2578 1603 Φησὶ
2612 1534 2719 1603 γὰρ
2769 1533 2942 1596 οὕτως
2971 1551 2983 1564 ·
3026 1553 3044 1584 r
3098 1533 3416 1600 Ἀναγκαῖον
3443 1533 3498 1584 δέ
3531 1536 3679 1584 ἐστιν
3731 1535 4024 1602 ἐπιμεῖναι

2442 1629 2508 1694 τῇ
2531 1625 2625 1678 τοῦ
2658 1624 2815 1691 ἁγίου
2848 1626 2943 1675 καὶ
2975 1624 3354 1694 προσκυνητοῦ
3386 1624 3700 1693 Πνεύματος
3729 1625 3898 1694 ὲξηγή
3914 1642 4024 1688 τει,

2446 1717 2540 1768 καὶ
2588 1715 2923 1785 σαφέστερόν
2954 1734 3006 1767 τι
3039 1715 3170 1784 περὶ
3213 1717 3312 1784 τῆς
3356 1716 3516 1783 ἁγίις
3550 1718 3640 1767 καὶ
3671 1716 3884 1778 ἐνδόξου
3927 1717 4028 1767 δυ-

2447 1807 2664 1875 νάμεως
2714 1808 2908 1869 εἰπεῖν,
2942 1806 3041 1858 οῦκ
3091 1806 3152 1866 ἐξ
3210 1799 3285 1858 ὧν
3317 1805 3664 1874 λογιζόμεθα.
3698 1807 3812 1857 ἀλλ’
3843 1806 3902 1870 ἐξ
3942 1801 4024 1858 ὧν

783 1909 976 1952 natura
1006 1911 1324 1965 progressus
1370 1907 1472 1957 est,
1502 1911 1693 1947 nomen
1734 1905 1913 1947 autem
1953 1896 2073 1963 ejus
2112 1897 2344 1964 Spiritus
2373 1872 2420 1931 Β

2373 1872 2420 1931 Β
2447 1872 2834 1966 διδασκόμεθα.
2892 1898 2964 1950 Τὸ
3020 1899 3244 1967 Πνεῦμα
3272 1899 3330 1949 τὸ
3361 1872 3517 1964 ἅγιον
3570 1899 3666 1968 τὴν
3718 1898 3816 1966 μὲν
3851 1899 4023 1964 φύσιν

778 1999 1021 2050 sanctus,
1066 1988 1302 2057 Spiritus
1343 1988 1605 2054 veritatis,
1659 1986 1890 2053 Spiritus
1937 1987 2060 2052 Dei,
2110 1987 2346 2056 Spiritus

782 2081 1028 2143 Domini,
1081 2078 1314 2147 Spiritus
1365 2078 1576 2144 Patris,
1621 2077 1857 2147 Spiritus
1905 2079 2062 2141 Filii,
2112 2078 2347 2147 Spiritus

778 2172 1001 2226 Christi.
1042 2190 1060 2221 ›
1101 2172 1163 2224 Et
1197 2179 1320 2238 post
1357 2185 1663 2239 perpauca:
1705 2190 1722 2221 ι
1760 2171 1946 2240 Itaque
1988 2172 2187 2224 dicitur
2221 2173 2346 2241 Spi-

777 2266 916 2319 ritus
945 2273 1186 2317 sanctus.
1217 2262 1320 2316 Ista
1346 2264 1490 2315 enim
1519 2273 1602 2316 est
1629 2263 1801 2330 prima
1835 2273 1891 2319 et
1917 2265 2134 2332 propria
2162 2264 2347 2332 appel-

781 2357 950 2418 latio,
1001 2363 1055 2408 et
1113 2362 1172 2407 ut
1225 2354 1614 2409 eviilentiorem
1667 2355 1874 2410 habens
1937 2357 2345 2427 intelligentiam

781 2448 1018 2516 Spiritus
1062 2449 1231 2500 sancti
1289 2455 1535 2499 naturam
1589 2448 1948 2502 demonstrat.
2000 2467 2019 2500 ι
2053 2448 2118 2501 Ει
2161 2449 2347 2517 paucis

781 2539 1124 2606 int—erjcctis:
1165 2557 1181 2588 ι
1229 2538 1283 2593 Si
1323 2539 1446 2606 quis
1487 2547 1664 2593 autem
1715 2537 1976 2608 Spiritum
2007 2539 2209 2595 Christi
2239 2557 2346 2594 non

786 2633 966 2692 habet,
994 2641 1047 2684 et
1076 2645 1205 2683 sane
1238 2632 1521 2697 oportebat
1550 2614 1752 2696 dicere,
1785 2631 1829 2684 si
1861 2633 1984 2700 quis
2012 2641 2190 2686 autem
2223 2632 2346 2701 Spi-

784 2725 948 2776 ritum
980 2722 1067 2776 Dei
1112 2737 1217 2775 non
1261 2723 1441 2782 habet,
1484 2724 1575 2775 sed
1619 2723 1777 2788 dixit,
1816 2722 2078 2799 Spiritum
2119 2725 2344 2779 Christi.

784 2813 983 2867 Verum
1026 2813 1128 2865 hoc
1155 2812 1311 2876 dixit,
1345 2822 1400 2866 ut
1441 2813 1782 2877 ostenderet,
1828 2813 1966 2866 idem
2012 2829 2132 2891 esse
2173 2815 2350 2869 dicere

787 2905 1048 2973 Spiritum
1107 2905 1232 2968 Dei,
1279 2913 1335 2957 et
1381 2904 1640 2972 Spiritum
1688 2905 1912 2958 Christi.
1959 2904 2080 2959 Haec
2130 2907 2348 2960 nomina

786 3007 983 3050 sancta:
1012 3004 1064 3049 et
1108 2996 1468 3050 immaculata:
1497 2997 1716 3049 virtutis
1761 2997 1936 3049 sancti
1966 3007 2088 3050 sunt
2123 3006 2176 3050 et
2219 2999 2351 3052 ado-

787 3086 938 3140 randi
966 3085 1214 3154 Spiritus.
1242 3082 1380 3137 Sunt
1413 3099 1540 3137 vero
1570 3094 1623 3137 et
1653 3085 1761 3139 alia
1793 3085 2018 3137 nomina
2049 3100 2157 3137 non
2190 3094 2350 3138 natu-

2449 1991 2598 2042 ἐστὶν
2648 1990 2977 2058 ἀδιαίρετον,
3036 1989 3132 2043 ἆτε
3179 1990 3242 2056 δὴ
3297 1991 3361 2041 ὲκ
3418 1993 3514 2058 τῆς
3558 1990 3865 2057 ἀδιαιρέτου
3920 1990 4022 2041 καὶ

2447 2081 2745 2150 ἀμερίστου
2773 2081 2987 2150 φύσεως
3014 2080 3298 2148 προελθὸν,
3323 2081 3489 2148 ὄνομα
3518 2081 3572 2131 δὲ
3601 2081 3762 2132 αὐτοῦ
3790 2079 4022 2148 Πνεῦμα

2448 2173 2622 2239 ἅγιον,
2659 2173 2881 2239 Πνεῦμα
2909 2174 3186 2243 ἀληθείας,
3221 2172 3443 2242 Πνεῦμα
3471 2175 3562 2224 τοῦ
3597 2173 3754 2236 Θεοῦ,
3792 2174 4025 2241 Πνεῦμα

2447 2265 2678 2332 Κυρίου,
2734 2264 2956 2333 Πνεῦμα
3004 2264 3100 2316 τοῦ
3157 2265 3390 2333 Πατρὸς,
3433 2264 3656 2333 Πνεῦμα
3709 2263 3801 2316 τοῦ
3861 2265 4021 2325 Υίοῦ,

2448 2353 2671 2424 Πνεῦμα
2702 2353 2960 2425 Χριστοῦ.
3005 2373 3023 2405 ι
3062 2357 3172 2408 Καὶ
3209 2356 3326 2422 μετ’
3356 2357 3510 2423 ὀλίγα
3539 2371 3553 2386 '
3592 2375 3610 2406 Ι
3647 2356 3877 2423 Λέγεται
3905 2357 4024 2408 τοί-

2448 2461 2543 2496 νυν
2595 2442 2821 2512 Πνεῦμα
2853 2443 3027 2510 ᾶγιον.
3077 2445 3224 2514 Αὕτη
3262 2447 3369 2516 γάρ
3421 2448 3570 2498 ὲστνν
3619 2448 3653 2516 ἡ
3713 2448 3877 2514 κυρία
3926 2447 4024 2498 καὶ

2451 2533 2640 2604 πρώτη
2660 2534 3033 2603 προσηγορία,
3073 2536 3624 2606 ήὲμφαντικωτέραν
3675 2536 3874 2606 ἔχουσα
3919 2538 4023 2604 τὴν

2447 2626 2708 2689 διάνοιαν,
2742 2623 2836 2676 καὶ
2868 2626 3190 2693 παριστῶσα
3220 2627 3309 2678 τοῦ
3346 2628 3502 2693 ἁγίου
3558 2629 3872 2697 Πνεῦματος
3919 2630 4023 2698 τὴν

2450 2718 2631 2786 φύσιν.
2677 2735 2696 2766 ι
2733 2718 2841 2770 Καὶ
2875 2719 2993 2787 μετ’
3019 2719 3203 2784 ὀλίγα’
3243 2737 3260 2768 r
3302 2718 3363 2769 Ei
3395 2720 3453 2771 δέ
3495 2737 3575 2781 τις
3626 2721 3848 2790 Πνεῦμα
3878 2722 4022 2790 Χριο

2453 2810 2578 2862 στοῦ
2637 2810 2737 2862 οὐκ
2786 2809 2924 2876 ἔχει,
2981 2810 3076 2862 καὶ
3131 2810 3238 2878 μὴν
3289 2810 3459 2878 ἐχρῆν
3507 2812 3704 2872 είττεῖν,
3761 2815 3808 2863 εί
3843 2813 3898 2863 δέ
3934 2829 4024 2871 τις

2453 2900 2674 2970 Πνεῦμα
2716 2901 2850 2953 Θεοῦ
2900 2902 2999 2953 οῦκ
3049 2901 3184 2970 ἔχει,
3219 2903 3334 2954 ἀλλ’
3373 2901 3515 2964 εἷπε,
3545 2903 3808 2970 Χριστοῦ.
3858 2904 4024 2956 Ἀλλὰ

2450 2992 2608 3044 τοῦτο
2639 2989 2815 3056 εἶπεν,
2844 2993 2930 3044 ἵνα
2960 2992 3110 3062 δείξῃ
3141 2994 3222 3044 ὅτι
3258 2993 3370 3045 ἴσον
3404 2996 3550 3045 ἐστὶν
3581 2997 3757 3047 εἰπεῖν
3790 2994 4022 3064 Πνεῦμα

2452 3082 2588 3134 Θεοῦ
2629 3085 2721 3134 καὶ
2753 3081 2976 3150 Πνεῦμα
3014 3083 3271 3152 Χριστοῦ.
3309 3083 3496 3135 Ταῦτα
3528 3087 3594 3137 τὰ
3623 3086 3861 3152 ὀνόματα
3918 3085 4025 3154 τῆς

786 3191 860 3230 ται
893 3175 1289 3236 εοιιιοιιίειιιίίι,
1321 3174 1414 3227 sed
1445 3175 1764 3242 operationi.
1803 3174 2110 3229 Prolundus
2147 3189 2347 3238 sermo,
2377 3200 2419 3257 ο

2377 3200 2419 3257 C
2455 3174 2616 3239 ἁγίας
2665 3176 2757 3226 καὶ
2809 3175 3082 3242 ἁχράιτου
3129 3174 3413 3240 δυνάμεως
3450 3175 3542 3226 τοῦ
3574 3177 3732 3241 ἁγίου
3776 3177 3892 3228 ἐστὶ
3928 3180 4025 3229 καὶ

786 3276 998 3332 ct.0pus
1028 3264 1187 3317 habet
1215 3265 1439 3317 auribus
1465 3265 1704 3326 attentis,
1731 3265 1955 3318 munitis
1997 3274 2051 3318 et
2079 3265 2346 3319 lidelibus.

792 3354 998 3406 Dicitur
1027 3355 1224 3406 etenim
1262 3353 1497 3420 Spiritus
1541 3351 1774 3419 Spiritus
1819 3355 1962 3416 vitae,
2007 3368 2128 3404 curn
2163 3355 2352 3407 Salva-

789 3455 874 3497 tor
915 3445 1096 3506 dicat,
1133 3462 1151 3493 ι
1187 3442 1298 3511 Ego
1339 3458 1456 3495 sum
1507 3444 1703 3497 veritas
1751 3453 1804 3496 et
1847 3445 1951 3498 vita
1981 3443 2042 3496 “.
2096 3461 2114 3494 ι
2152 3443 2352 3496 Dicitur

793 3534 1026 3603 Spiritus
1057 3539 1202 3597 vitae,
1238 3544 1295 3586 ut
1324 3533 1520 3587 Paulus
1550 3535 1704 3597 dicit,
1748 3534 1914 3588 (Lex
1944 3537 2086 3588 enim
2120 3536 2353 3604 Spiritus

792 3626 913 3680 vitae
934 3626 997 3679 ³⁵.
1034 3644 1053 3677 ι
1087 3625 1209 3680 Hazc
1233 3627 1450 3679 nomina
1481 3626 1724 3695 ejusdem
1756 3638 1885 3681 sunt
1913 3627 2273 3692 auctoritatis,
2303 3636 2357 3682 et

788 3719 1032 3784 ejusdem
1073 3727 1298 3770 naturae.
1344 3721 1480 3771 Sunt
1524 3728 1577 3770 et
1624 3721 1727 3771 alia
1780 3719 2036 3783 nomina,
2078 3734 2198 3787 quae
2249 3735 2356 3773 non

793 3810 1141 3863 :tscribuntur
1183 3810 1408 3878 Spiritui
1451 3819 1671 3873 sancto,
1715 3809 1811 3863 sed
1857 3812 2044 3863 virtuti
2091 3811 2258 3874 illius,
2306 3821 2358 3863 et

795 3901 1122 3968 cperationi,
1155 3909 1211 3953 ut
1240 3909 1367 3954 sunt
1399 3901 1540 3953 dona
1566 3902 1704 3968 ejus.
1748 3901 1878 3954 Dico
1911 3903 2093 3968 itaque
2123 3912 2175 3955 et
2205 3903 2359 3956 insu-

796 4006 886 4058 per
917 3991 1129 4044 declaro
1162 3992 1508 4055 sententiam,
1544 4000 1730 4059 postea
1767 3993 2136 4046 testimonium
2172 3993 2360 4045 subin-

795 4085 1080 4136 ducturus.
1128 4081 1355 4146 Quando
1398 4085 1491 4136 dat
1553 4083 1790 4150 Spiritus
1838 4096 2057 4138 sanctus
2106 4084 2358 4153 precibus

796 4186 1103 4228 sanctorum
1135 4175 1216 4227 vel
1249 4175 1377 4226 mihi
1400 4215 1414 4237 ,
1464 4174 1544 4226 vel
1575 4175 1729 4226 alteri
1764 4173 2195 4227 Christianorum
2230 4187 2360 4226 sano

796 4263 1200 4324 ctilicationem,
1221 4264 1430 4330 accipio
1448 4261 1650 4314 donum
1673 4264 1744 4313 ita
1767 4275 1824 4315 ut
1843 4271 2090 4316 sanctum
2113 4261 2358 4325 habeam,

797 4362 850 4405 et
874 4365 1074 4419 corpus
1104 4361 1158 4404 et
1189 4354 1448 4403 animam.
1477 4353 1687 4403 Donum
1718 4353 1852 4403 mihi
1881 4352 2182 4404 exhibitum
2205 4366 2360 4402 voca-

799 4452 886 4494 tur
919 4440 1150 4509 Spiritus
1183 4440 1487 4495 sanctitatis
1519 4457 1531 4492 :
1572 4442 1672 4494 hoc
1723 4451 1805 4494 est
1855 4456 2073 4494 munus.
2113 4439 2170 4494 Si
2201 4440 2362 4494 dede-

2455 3260 2833 3330 προσκυνητοῦ
2897 3262 3234 3331 Πνεύματος.
3281 3265 3438 3314 Ἐστι
3479 3264 3535 3314 δὲ
3592 3265 3728 3317 ἄλλα
3775 3265 4024 3332 ὀνόματα

2453 3354 2514 3404 οὐ
2546 3357 2612 3421 τῇ
2648 3353 2806 3418 φύσει
2837 3354 3208 3420 προσήκοντα,
3243 3354 3377 3405 ἀλλὰ
3427 3357 3492 3423 τῇ
3529 3355 3800 3425 ἐνεργείᾳ.
3843 3357 4026 3418 Βαθὺς

2454 3444 2482 3494 ὁ
2509 3444 2684 3509 λόγος,
2715 3445 2808 3494 καὶ
2857 3444 3046 3512 χρῄζει
3073 3444 3240 3511 ἀκοῆς
3272 3443 3570 3512 προσεχοῦς
3628 3448 3723 3497 καὶ
3750 3445 4026 3512 ἀσφαλοῦς

2455 3535 2552 3588 καὶ⁸
2605 3536 2820 3602 πιστῆς.
2857 3535 3090 3600 Λέγεται
3143 3535 3199 3587 δὲ
3259 3537 3416 3587 πάλιν
3470 3537 3530 3588 τὸ
3582 3536 3805 3604 Πνεῦμα
3871 3539 4019 3606 ζωῆς

2458 3623 2697 3695 Πνεῦμα,
2729 3626 2915 3696 ἐπειδὴ
2944 3628 2971 3678 ὁ
2999 3625 3189 3695 Σωτὴρ
3222 3625 3390 3692 λέγει,
3435 3645 3453 3677 ι
3499 3627 3641 3693 Ἐγώ
3675 3629 3850 3697 εἰμιή
3890 3628 4028 3698 ἁλή-

2457 3717 2579 3768 θεια
2608 3720 2702 3768 καὶ
2729 3719 2760 3785 ἡ
2786 3717 2919 3786 ζωή.
2955 3735 2974 3766 ι
3008 3718 3238 3782 Λέγεται
3271 3714 3362 3770 οῦν
3393 3719 3618 3785 Πνεῦμα
3645 3719 3813 3786 ζωῆς,
3842 3720 4027 3781 καθὼς

2458 3811 2550 3861 καὶ
2591 3809 2618 3860 ὁ
2651 3809 2859 3870 Παῦλος
2898 3809 3066 3875 λέγει·
3106 3827 3123 3859 r
3173 3810 3229 3861 '0
3257 3811 3364 3878 γὰρ
3396 3813 3554 3878 νόμος
3585 3810 3676 3862 τοῦ
3708 3811 4025 3878 Πνεῦματις

2457 3901 2554 3969 τῆς
2607 3900 2774 3969 ζωῆς.
2818 3919 2835 3949 ι
2877 3899 3066 3952 Ταῦτα
3104 3899 3172 3953 τὰ
3221 3902 3459 3968 ὀνόματα
3492 3902 3660 3968 αὐτῆς
3692 3901 3790 3970 τῆς
3825 3901 4022 3954 αὐθενο

2458 3993 2598 4055 τίας,
2633 3993 2799 4060 αὐτῆς
2833 3994 2931 4062 τῆς
2971 3993 3207 4059 φύσεως.
3245 3994 3400 4044 Ἐστι
3430 3994 3485 4044 δὲ
3515 3993 3646 4045 ἄλλα
3695 3993 3956 4062 ὀνόματα,
3992 3994 4026 4045 ἆ

2459 4082 2518 4133 οὐ
2567 4082 2984 4150 προσγράφεται
3031 4082 3108 4151 τῷ
3140 4084 3279 4152 ἁγίῳ
3313 4083 3609 4152 Πνεῦματι,
3641 4084 3780 4136 ἀλλὰ
3819 4087 3884 4153 τῇ
3933 4084 4025 4135 δυ-

2460 4171 2620 4238 νάμει
2659 4176 2753 4224 καὶ
2780 4175 2844 4240 τῇ
2877 4174 3131 4243 ἐνεργείᾳ
3164 4174 3351 4237 αὑτοῦ,
3382 4171 3492 4227 οἷον
3523 4177 3579 4226 αἱ
3607 4175 3807 4245 δωρεαὶ
3833 4174 4022 4230 αὑτοῦ.

2460 4265 2617 4328 Λέγω
2663 4265 2716 4318 δὲ
2761 4267 2856 4318 καὶ
2907 4267 3424 4337 προοδιασαφηνίζω
3478 4270 3578 4338 τὴν
3605 4269 3877 4338 ,ἔννοιαιῃ
3932 4269 4030 4320 καὶ

2463 4357 2654 4423 ἐπάγω
2723 4358 2822 4426 τὴν
2890 4359 3220 4428 μαρτυρίαν.
3295 4360 3546 4411 Ἐπειδὰν
3609 4361 3901 4430 χαρίσηται
3967 4363 4032 4414 τὸ

2467 4447 2686 4516 Πνεῦμα
2725 4450 2784 4499 τὸ
2817 4447 2971 4514 ἇγιον
3005 4449 3191 4518 εὐχαῖς
3220 4448 3327 4500 τῶν
3360 4450 3525 4516 ἁγίων
3553 4450 3585 4519 ἢ
3619 4453 3742 4518 ἐμοὶ
3789 4453 3821 4520 ἢ
3857 4453 4032 4521 ἑτέρῳ

803 4536 870 4587 rit
913 4533 1148 4602 Spiritus
1191 4541 1412 4586 sanctus
1464 4533 1696 4600 cuipiam
1734 4533 1936 4585 donum
1971 4548 2077 4584 non
2144 4533 2363 4586 babenti
2397 4539 2439 4594 ι)

2397 4539 2439 4594 D
2467 4538 2776 4608 Χριστιανῷ
2821 4540 3117 4607 ἁγιασμὸν,
3154 4540 3246 4591 καὶ
3291 4539 3440 4592 λάϐω
3472 4540 3664 4610 δῶρον,
3698 4540 3834 4592 ὥστε
3875 4541 4031 4605 ᾶγιον

802 4625 1143 4693 sapientiam,
1184 4638 1291 4676 non
1329 4622 1545 4675 habenti
1599 4624 2032 4691 intelligentiam,
2065 4624 2157 4677 sed
2176 4624 2267 4676 det
2291 4623 2366 4676 illi

802 4718 973 4768 solam
1008 4715 1186 4775 ﬁdem,
1216 4714 1404 4781 quales
1431 4723 1557 4766 sunt
1585 4714 1738 4766 multi
1771 4715 2028 4766 habentes
2049 4713 2274 4778 donum,
2311 4723 2365 4766 ut

803 4805 1218 4858 credantsolum
1252 4804 1574 4872 Scripturis,
1598 4804 1909 4872 ignorantes
1941 4806 2272 4872 Scripturas,
2315 4815 2369 4858 et

810 4897 1102 4964 Scripturis
1143 4896 1448 4956 credentes,
1487 4895 1618 4948 illud
1650 4897 1851 4950 donum
1885 4907 2127 4960 vocatur,
2157 4906 2210 4951 et
2251 4896 2372 4966 Spi-

810 4991 943 5042 ritus
971 4988 1115 5040 lidei.
1149 4987 1207 5040 Si
1246 4987 1371 5054 quis
1389 4988 1620 5054 acc:piat
1675 4991 1901 5050 donum,
1945 4999 1998 5041 et
2029 4989 2280 5042 virtutem
2335 5003 2365 5042 a

811 5079 1008 5147 Spiritu
1056 5089 1265 5141 saneto,
1308 5089 1367 5130 ut
1423 5079 1606 5132 credat
1662 5080 2008 5146 prOmiSsioni
2077 5081 2364 5143 bonorutn,

807 5186 925 5238 quae
954 5171 1152 5223 dantur
1180 5170 1234 5222 in
1269 5168 1451 5221 futuro
1476 5170 1694 5230 saeculo,
1726 5170 1814 5222 ille
1842 5169 2101 5238 Spiritqu
2129 5175 2368 5238 promis-

811 5261 976 5312 sionis
1037 5261 1264 5328 accepit.
1311 5258 1368 5312 Si
1399 5261 1522 5328 quis
1566 5260 1764 5328 accipit
1808 5263 2088 5328 sapientne
2136 5263 2365 5324 donum,

810 5359 1008 5403 donum
1042 5352 1168 5404 illud
1217 5361 1433 5404 vocatur
1466 5351 1698 5419 Spiritus
1732 5355 2030 5420 sapientiae,
2087 5364 2140 5406 et
2189 5354 2373 5406 omnia

811 5445 946 5494 dona
990 5440 1225 5509 Spiritus
1255 5446 1428 5495 sancti
1467 5451 1850 5510 nuncupantur
1906 5444 2163 5511 Spitutus.
2200 5445 2264 5496 Et
2295 5455 2374 5498 at-

812 5535 971 5586 tende
1004 5534 1310 5601 diligenter,
1346 5535 1471 5602 quia
1524 5535 1638 5587 huee
1690 5538 1851 5587 modo
1911 5536 2002 5587 tibi
2040 5537 2375 5603 speculativo

813 5625 1167 5678 declaramus.
1219 5624 1450 5690 Quando
1494 5626 1616 5693 quis
1651 5626 1814 5679 habet
1832 5627 2034 5681 donum
2068 5630 2372 5696 cliaritatis,

879 5778 924 5810 ³⁸
944 5777 1102 5834 Joan.
1143 5795 1248 5842 sitv,
1287 5779 1340 5834 6.
1419 5779 1461 5810 ³⁵
1488 5777 1646 5832 Rom.
1682 5795 1795 5843 vm,
1832 5781 1885 5832 2.

2464 4632 2608 4700 ἔχειν
2644 4631 2704 4683 τὸ
2737 4631 2896 4697 σῶμα
2929 4633 3021 4682 καὶ
3065 4634 3163 4700 τὴν
3208 4631 3406 4701 ψυχὴν,
3458 4635 3490 4700 ή
3539 4633 3718 4702 δωρεὰ
3749 4637 3782 4702 ὴ
3815 4635 4030 4687 δοθείσὰ

2469 4739 2559 4791 μοι
2595 4723 2839 4774 καλεῖται
2871 4722 3096 4790 Πνεῦμα
3126 4724 3456 4789 ἁγιωσύνης,
3489 4726 3735 4775 τουτέστι
3757 4726 4024 4793 χάρισμα.

2479 4815 2602 4865 Ἐὰν
2628 4814 2703 4884 δῷ
2737 4817 2796 4866 τὸ
2827 4815 3044 4882 Πνεῦμα
3073 4815 3133 4866 τὸ
3177 4816 3332 4881 ἆγιον
3371 4815 3582 4883 δωρεάν
3609 4833 3714 4868 τινι
3746 4818 3819 4884 μὴ
3854 4816 4030 4884 ἔχοντι

2472 4906 2684 4972 σοφίαν,
2731 4905 2805 4974 μὴ
2833 4907 3008 4974 ἔχοντι
3034 4905 3255 4972 γνῶσιν,
3287 4907 3422 4957 ἀλλὰ
3453 4907 3526 4973 δῷ
3557 4905 3703 4974 αὐτῴ
3735 4908 3902 4974 μόνην
3944 4907 4033 4958 πί-

2475 5013 2612 5058 στιν,
2639 4991 2739 5048 οἷοί
2769 4999 2875 5048 εἰσι
2901 4997 3085 5049 πολλοὶ
3117 4998 3362 5066 χάρισμα
3391 4999 3604 5066 ἔχοντες
3631 4997 3724 5050 τοῦ
3757 4998 4032 5049 πιστεύειν

2476 5088 2634 5155 μόνον
2675 5087 2936 5154 Γραφαῐς,
2991 5089 3091 5138 οὐκ
3120 5088 3317 5149 εἰδότες
3349 5089 3447 5148 τὰς
3484 5089 3727 5157 Γραφὰς,
3765 5088 3858 5138 καὶ
3914 5092 4033 5150 ταῖς

2475 5180 2590 5228 ἐκεῖ
2653 5178 2894 5247 Γραφαίς
2960 5178 3343 5240 πιστεύοντες,
3414 5180 3657 5231 καλεῖται
3718 5180 3892 5246 δωρεὰ
3940 5183 4033 5230 καί

2478 5269 2699 5336 Πνεῦμα
2748 5271 3002 5330 πίστεως.
3054 5271 3180 5323 Ἐάν
3211 5287 3292 5331 τις
3331 5270 3466 5339 λάϐῃ
3510 5271 3721 5338 δωρεὰν
3754 5270 3847 5320 καὶ
3875 5269 4036 5320 seu-

2474 5376 2566 5426 μιν
2602 5360 2752 5428 παρὰ
2777 5361 2870 5412 τοῦ
2903 5361 3059 5427 ἁγίου
3093 5361 3402 5429 Πνεύματος
3441 5364 3717 5414 πιστεύειν
3758 5362 3820 5427 τῇ
3869 5363 4035 5425 ἐπαγ-

2471 5453 2625 5522 γελίᾳ
2652 5453 2759 5506 τῶν
2791 5454 3079 5520 διδομένων
3107 5454 3326 5518 ἀγαθῶν
3363 5457 3422 5504 ὲν
3462 5453 3540 5520 τῷ
3574 5454 3839 5521 μέλλοντι,
3875 5453 4032 5504 ἔλαϐε

2475 5543 2695 5610 Πνεῦμα
2728 5545 3077 5609 ἐπαγγελίας.
3133 5544 3256 5595 Ἐάν
3290 5561 3371 5604 τις
3421 5543 3558 5612 λάϐῃ
3608 5545 3800 5611 σοφίας
3843 5543 4037 5610 δῶρον,

2475 5633 2717 5686 καλεῖται
2769 5637 2801 5700 ἡ
2852 5635 3031 5702 δωρεὰ
3089 5633 3308 5702 Πνεῦμα
3358 5634 3547 5699 σοφία,
3577 5653 3592 5668 ο
3624 5638 3717 5688 καὶ
3747 5635 3922 5687 πάντα
3973 5636 4039 5687 τὰ
