4214 6442
174 425 275 488 2M

1210 432 1306 492 DE
1345 428 1860 492 PBOCESSIONE
1902 430 1959 489 S.
2003 429 2391 489 SPIRITUS.

3330 405 3443 485 24?

172 546 502 613 χαρίσματα
550 546 643 597 τοῦ
690 545 1007 614 Πνεύματος
1057 545 1306 598 καλεῖται
1346 543 1593 613 Πνεῦμα.
1648 544 1756 599 Καὶ

1862 541 2061 596 dicitur
2095 542 2294 596 habere
2324 538 2584 608 Spiritum
2610 534 2916 591 cltaritatis.
2945 532 3173 600 Quando
3208 533 3334 602 quis
3352 547 3442 585 ae-

172 635 418 705 πρόσεχε
466 637 639 688 τύπον
684 637 1181 706 διασαφηνιςόντων
1238 634 1393 703 ἡμῶν
1444 636 1507 687 ἐκ
1553 635 1752 704 μέρους

172 726 276 788 τὰς
306 725 573 794 θεωρίας.
605 728 773 779 Ὀταν
803 745 889 791 τις
920 728 1017 798 ἔχῃ
1049 729 1295 797 χάρισμα
1324 726 1566 795 ἀγάπης,
1598 725 1749 791 λέγε-

170 833 264 869 ται
291 817 380 869 ὅτι
421 817 648 885 Πνεῦμα
673 818 895 886 ἀγάπης
941 818 1074 888 ἔχει.
1106 818 1275 870 Ὅταν
1307 816 1451 889 λάϐῃ
1483 834 1567 880 τις
1599 817 1755 885 χάρι-

175 926 296 978 σμα
346 910 680 980 μαρτυρίου,
729 910 949 976 λέγεται
1002 908 1230 979 Πνεῦμα
1259 909 1542 979 δυνάμεως
1587 907 1753 976 ἔχειν,

171 998 440 1051 τουτέστι
468 998 731 1068 χάρισμαο
763 998 1065 1068 ἐπειδήπερ
1084 999 1145 1051 τὸ
1167 998 1508 1067 δωρούμενον
1532 995 1758 1064 Πνεῦμα

173 1092 338 1157 ἅγιον
389 1091 659 1156 καλεῖται,
690 1090 785 1142 καὶ
817 1091 879 1142 τὸ
923 1090 1095 1159 δῶρον
1127 1089 1434 1159 ὁμωνύμως
1470 1090 1548 1158 τῷ
1597 1087 1757 1159 χαρί-

172 1180 356 1243 ζοντι.
397 1198 419 1231 s
452 1181 563 1234 Καὶ
615 1180 735 1248 μετ’
760 1180 919 1248 ὀλίγα
947 1196 962 1212 ·
1001 1199 1020 1233 ι
1063 1180 1220 1234 οὕτω
1266 1182 1362 1233 καὶ
1400 1183 1427 1233 ὁ
1488 1180 1758 1249 μακάριος

186 1273 405 1334 ἰσαῖας
426 1286 442 1302 ⁸
477 1291 497 1323 ι
541 1272 932 1338 Ἐξελεύσεται,
968 1274 1122 1343 φησι,
1154 1273 1346 1343 ῥάϐδος
1378 1274 1440 1325 ὲκ
1469 1272 1572 1341 τῆς
1604 1271 1761 1343 ῥίζης

188 1364 423 1427 Ἰεσσαὶ,
466 1363 565 1417 καὶ
593 1361 752 1426 άνθος
778 1364 838 1428 ἐξ
866 1364 1039 1434 αὐτῆς
1071 1363 1407 1431 ἀναϐήσεται
1437 1364 1532 1417 καὶ
1563 1364 1762 1416 ἐπανα-

177 1454 462 1507 παύσεται
516 1454 604 1505 ἐπ’
632 1455 794 1507 αὑτὸν
828 1454 1055 1523 Πνεῦμα
1111 1454 1207 1507 τοῦ
1262 1453 1421 1507 θεοῦ.
1463 1471 1482 1506 ι
1523 1448 1651 1505 ’Ὧδε
1703 1451 1764 1504 τὸ

172 1546 360 1613 δνομα
395 1546 498 1613 τῆς
530 1546 743 1612 φύσεως
774 1547 938 1599 αὐτοῦ
969 1545 1066 1599 τοῦ
1099 1546 1416 1615 Πνεύματος
1444 1561 1458 1574 ·
1490 1544 1676 1596 λοιπον
1706 1543 1763 1596 δὲ

176 1637 248 1689 τὰ
267 1636 600 1705 χαρίσματα
628 1654 641 1666 ⁸
668 1637 886 1705 πνεῦμα
911 1638 1099 1705 σοφίας
1117 1638 1212 1690 καὶ
1241 1634 1766 1704 συνέσεως,πνεῦμα

178 1724 386 1793 βουλῆς
416 1726 514 1777 καὶ
546 1725 745 1795 ἰσχύος,
779 1727 999 1795 πνεῦμα
1045 1728 1321 1794 γνώσεως,
1352 1727 1571 1795 πνεῦμα
1611 1728 1766 1780 εύσε·

178 1814 377 1877 εείας,
438 1815 663 1883 πνεῦμα
727 1817 897 1883 φόϐου
949 1817 1109 1872 Θεοῦ.
1179 1838 1196 1869 ι
1243 1819 1355 1871 Καὶ
1420 1820 1538 1888 μετ’
1570 1818 1762 1881 ὀλίγα*

186 1923 205 1954 σ
246 1906 499 1957 Ἔλαϐεν
528 1908 555 1958 ὁ
582 1906 849 1959 διδάσκων
878 1908 1096 1978 πνεῦμα
1132 1909 1345 1978 σοφίας,
1386 1911 1414 1961 ὁ
1443 1910 1765 1979 διδασκόμε-

179 2014 270 2058 νος
304 1998 539 2067 πνεῦμα
570 1998 861 2065 συνέσεως,
904 2000 991 2053 ἵνα
1022 2005 1181 2072 συνῇ.
1237 2002 1334 2054 Διὰ
1366 2003 1524 2054 τοῦτο
1566 2002 1766 2064 ἰσαῖας

178 2088 278 2157 τὴν
316 2090 525 2155 σοφίαν
570 2092 867 2159 ἐπιγράφει
900 2092 977 2161 τῷ
1008 2094 1246 2159 λέγοντι,
1293 2094 1393 2162 τὴν
1424 2095 1641 2146 σύνεσιν
1690 2092 1767 2161 τῷ

178 2180 467 2245 ἀκούοντι,
499 2184 594 2235 καί
624 2201 777 2250 φησι,
814 2186 974 2250 σοφὸν
1002 2185 1385 2255 ἀρχιτέκτονα,
1418 2186 1512 2238 καὶ
1546 2187 1766 2239 συνετδν

177 2273 493 2340 ἀκροατήν.
530 2275 750 2344 Πνεῦμα
781 2276 977 2345 βουλῆς
1010 2277 1211 2331 δίδοται
1247 2278 1325 2346 τῷ
1360 2276 1764 2347 γνωμοδοτοῦν-

177 2380 252 2426 τι,
288 2363 522 2434 πνεῦμα
552 2365 735 2436 ίσχύος
765 2367 843 2435 τῷ
868 2368 964 2435 τὴν
997 2366 1223 2437 γνώμην
1259 2368 1559 2438 δεχομένῳ.
1595 2386 1613 2419 ι
1654 2368 1760 2421 Καὶ

184 2456 326 2521 μετά
352 2472 486 2508 τινα
522 2457 623 2525 τῆς
655 2462 984 2527 περικοπῆςο
1024 2477 1042 2510 ι
1086 2457 1559 2526 Ἔπαναλαμὸάνω
1588 2457 1767 2510 τοίνυν

178 2546 249 2597 τὰ
302 2546 560 2614 ὀνόματα
605 2548 704 2617 τῆς
754 2549 1032 2618 ἀφράστοιο
1065 2550 1301 2617 φύσεως,
1352 2548 1573 2619 πνεῦμα
1606 2548 1767 2613 Θεοῦ,

180 2631 414 2704 πνεῦμα
462 2635 525 2687 τὸ
573 2636 639 2689 ὲκ
693 2636 790 2689 τοῦ
838 2637 995 2701 Θεοῦ,
1032 2637 1250 2707 πνεῦμα
1280 2638 1509 2708 Κυρίου,
1548 2638 1768 2707 πνεῦμα

181 2726 428 2795 Πατρδς,
460 2723 677 2796 πνεῦμα
706 2727 858 2791 Υἱοῦ,
877 2729 1106 2799 πνεῦμα
1133 2729 1396 2797 Χριστοῦ,
1426 2730 1646 2798 πνεῦμα
1674 2728 1767 2781 τοῦ

182 2818 515 2885 ιτείραντος
566 2818 657 2873 τὸν
708 2818 965 2892 Χριστὸν,
1021 2820 1245 2892 πνεῦμα
1301 2820 1490 2891 ζωῆς,
1551 2818 1769 2888 πνεῦμα

1856 633 2059 701 ceperit
2118 634 2322 687 donum
2383 628 2650 700 martyrii,
2712 628 2913 682 dicitur
2972 626 3165 679 habere
3222 625 3438 679 virtutis

1859 724 2147 794 Spiritum.
2222 727 2323 779 hoc
2372 731 2455 780 est
2496 724 2701 776 donum
2735 740 2752 777 :
2784 721 2929 790 quod
2969 718 3155 774 datum
3206 716 3442 785 Spiritus

1860 825 2085 871 sanctus
2114 817 2438 886 appellatur,
2490 827 2541 871 et
2574 816 2774 870 donum
2815 813 3001 867 eodem
3032 810 3278 871 nomine,
3326 822 3435 876 quo

1860 910 1929 973 is,
1955 909 2045 978 qui
2085 909 2270 965 donat.
2305 928 2321 961 ι
2367 909 2431 963 Ει
2465 909 2655 976 paucis
2691 906 3010 975 interiectis.
3059 922 3076 956 ι
3119 904 3194 957 Ita
3234 912 3286 956 ct
3317 904 3442 954 liea'

1862 1000 2183 1055 tuslsaias:
2224 1018 2242 1052 ι
2312 1000 2650 1071 Egredietur,
2706 997 2903 1067 inquit.
2939 996 3004 1050 de
3059 995 3240 1048 radice
3290 992 3443 1047 Jesse

1862 1093 2039 1163 virga.
2069 1102 2122 1146 et
2153 1091 2255 1146 ﬂos
2285 1107 2348 1144 ex
2408 1106 2469 1143 ea
2500 1089 2773 1151 ascendet,
2835 1097 2889 1143 et
2943 1086 3243 1155 requiescet
3283 1097 3444 1151 super

1868 1198 1992 1237 eum
2025 1182 2261 1252 Spiritus
2284 1181 2375 1236 Dei
2409 1182 2475 1236 ".
2522 1198 2540 1231 ι
2576 1179 2675 1233 Hic
2700 1188 2783 1233 est
2807 1193 3002 1233 nomen
3037 1175 3207 1244 ipsius
3242 1183 3445 1227 natura:

1870 1273 2132 1343 Spiritus,
2164 1273 2420 1342 deinceps
2469 1276 2769 1339 sequuntur
2820 1269 2961 1323 dona
2992 1285 3005 1321 :
3031 1267 3262 1337 Spiritus
3298 1263 3445 1333 sapi-

1866 1366 2027 1419 entia:
2060 1372 2114 1417 et
2150 1364 2471 1427 intellectus,
2514 1362 2749 1430 Spiritus
2780 1361 2991 1415 consilii
3017 1369 3069 1413 et
3090 1355 3445 1415 fortitudinis.

1875 1454 2114 1523 Spiritus
2139 1453 2484 1524 cognitionis.
2534 1452 2769 1521 Spiritus
2807 1451 3043 1520 pietatis,
3094 1447 3328 1515 Spiritus
3377 1447 3447 1498 tio

1866 1546 2035 1600 moris
2070 1544 2191 1599 Dei.
2230 1564 2248 1596 ι
2282 1544 2349 1599 Ει
2384 1552 2505 1614 post
2534 1558 2705 1613 pauca
2748 1560 2762 1597 :
2801 1560 2820 1592 ι
2850 1540 3072 1609 Accepit
3098 1538 3301 1592 docens
3326 1535 3448 1605 Spi-

1867 1638 2031 1691 ritum
2064 1637 2362 1705 sapientim,
2397 1645 2451 1689 et
2504 1634 2789 1689 addisccns
2826 1633 3101 1701 Spiritum
3139 1628 3445 1696 intelligen-

1869 1724 1977 1785 ti:e,
2008 1734 2067 1777 ut
2088 1725 2372 1791 intelligat.
2407 1722 2692 1791 Propterea
2736 1722 2903 1775 Isaias
2924 1719 3240 1787 sapientiam
3271 1717 3443 1770 ascri-

1870 1818 1951 1873 bit
1974 1818 2194 1882 dicenti,
2226 1820 2552 1874 intellectum
2584 1816 2849 1872 audienti.
2886 1816 2948 1870 Et
2980 1816 3180 1885 inquit,
3221 1813 3439 1882 sapien-

1868 1911 1972 1962 tem
2013 1909 2395 1974 architectum,
2420 1918 2475 1965 et
2502 1909 2884 1976 intelligentem
2918 1907 3242 1960 auditorem.
3273 1902 3449 1971 Spiri-

1867 2006 1955 2052 tus
1986 1997 2204 2052 consilii
2253 1999 2418 2053 datur
2446 1996 2784 2060 consiliario,
2821 1994 3059 2063 Spiritus
3107 1991 3448 2047 fortitudinis

1864 2088 2159 2143 consilium
2182 2088 2491 2157 accipienti.
2526 2106 2544 2140 ι
2576 2087 2641 2142 Et
2672 2095 2793 2155 post
2821 2087 2924 2140 alia
2954 2084 3211 2138 nonnulla
3238 2082 3450 2153 perico-

1866 2194 1963 2250 pes
2002 2197 2018 2237 :
2058 2200 2076 2232 ι
2117 2179 2324 2249 Repeto
2376 2181 2541 2251 igitur
2588 2179 2808 2234 nomina
2879 2176 3167 2233 ineﬂ‘abilis
3225 2183 3450 2228 natura»

1868 2271 2093 2340 spiritus
2122 2270 2235 2335 Dei,
2271 2272 2495 2340 spiritus
2520 2271 2612 2341 qui
2654 2286 2747 2325 ex.
2771 2270 2904 2336 Deo,
2946 2269 3169 2337 spiritus
3213 2263 3450 2324 Domini,

1869 2361 2095 2430 spiritus
2128 2360 2323 2425 Patris,
2355 2362 2578 2431 spirltus
2600 2360 2747 2424 Filii,
2818 2360 3041 2430 spiritus
3070 2356 3294 2419 Christi,
3333 2355 3447 2422 spi-

1874 2452 2014 2507 ritus
2042 2454 2135 2522 qui
2175 2455 2432 2508 excitavit
2461 2454 2761 2516 Christum,
2784 2453 3011 2521 spiritus
3047 2451 3190 2515 vitae,
3228 2446 3452 2516 spiritus

1874 2545 2146 2600 veritatis.
2180 2545 2311 2600 Dein
2335 2546 2501 2609 dona,
2530 2546 2755 2616 spiritus
2800 2544 3036 2606 virtutis,
3067 2541 3291 2619 spiritus
3323 2541 3453 2594 elia-

1874 2634 2074 2699 ritatis,
2103 2637 2327 2707 spiritus
2367 2638 2763 2708 temperantiae,
2793 2636 3021 2706 spiritus
3052 2632 3453 2703 promissionis.

1875 2727 2100 2795 spiritus
2145 2729 2294 2795 tidei,
2342 2728 2571 2799 spiritus
2617 2727 2987 2792 revelationis,
3039 2724 3266 2795 spiritus
3322 2721 3457 2775 ado-

1874 2818 2078 2887 ptionis
2102 2820 2359 2875 tiliorum.
2387 2838 2406 2871 ι

185 2913 479 2981 ἀληθείας.
512 2914 801 2968 Δοιπδντὰ
835 2916 1177 2984 χαρίσματα,
1247 2917 1467 2986 πνεῦμα
1528 2916 1831 2983 δυνάμεως,
1888 2914 2108 2983 πνεῦμα
2163 2916 2425 2985 ἀγάπης,
2481 2912 2699 2984 πνεῦμα
2749 2908 3131 2981 σωφρονισμοῦ
3161 2946 3177 2974 ,
3237 2906 3456 2978 πνεῦμα

186 3007 556 3073 ἐπαγγελίας,
579 3007 796 3078 πνεῦμα
816 3009 1069 3075 πίστεως,
1091 3008 1312 3078 πνεῦμα
1340 3007 1758 3077 ἀποκαλύψεως,
1795 3008 2016 3078 πνεῦμα
2053 3007 2348 3071 υἱοθεσίας.
2391 3027 2409 3060 ι

258 3102 336 3171 Υ.
395 3104 587 3156 Ταῦτα
641 3105 827 3172 σαφῶς
882 3105 974 3158 τοῦ
1035 3108 1495 3177 Χρυσορρήμονος
1552 3105 1767 3175 Πατρδς

1943 3108 1997 3161 5.
2029 3105 2153 3160 Haec
2186 3105 2365 3176 palam
2417 3104 2806 3174 Chrysostomo
2849 3100 3213 3165 discernente,
3237 3096 3456 3151 traden-

186 3192 654 3263 διηυκρινηκότος
703 3194 797 3246 καὶ
851 3194 1317 3263 παραδεδωκότος,
1356 3194 1434 3265 πῆ
1469 3194 1569 3262 μέν
1623 3197 1770 3248 ἐστιν

1876 3205 2036 3267 teque
2086 3196 2380 3266 aliquando
2419 3194 2670 3249 audimus
2698 3192 2921 3262 spiritus
2952 3204 3169 3253 nomen,
3206 3197 3259 3242 et
3288 3187 3456 3242 Para-

189 3284 433 3336 ἀκοῦσαι
461 3283 523 3335 τδ
561 3284 657 3336 τοῦ
688 3284 994 3353 πνεύματος
1029 3286 1223 3355 ὄνομα,
1258 3288 1352 3339 καὶ
1382 3287 1575 3357 νοῆσαι
1607 3287 1771 3340 αὐτὸν

189 3372 283 3424 τὸν
326 3371 717 3441 Παράκλητον,
752 3373 829 3441 πῆ
858 3373 915 3425 δὲ
945 3373 1178 3427 ἀκοῦσαι
1213 3373 1373 3426 πάλιν
1402 3374 1576 3444 ὄνομα
1609 3376 1771 3428 πνεύ-

192 3478 395 3531 ματος,
438 3462 534 3514 καὶ
564 3463 757 3531 νοῆσαι
807 3463 968 3532 χάριν
1000 3466 1120 3518 τινὰ
1154 3465 1495 3535 δηλουμένην
1532 3484 1773 3535 πνευμα-

187 3553 381 3622 τικήν.
419 3550 533 3603 Ποῦ
583 3552 722 3605 εἰσιν
766 3553 814 3605 οί
850 3555 1070 3622 σύμπαν
1102 3556 1163 3609 τὸ
1189 3556 1385 3609 δοκοῦν
1419 3557 1602 3619 αὐτοῖς
1634 3559 1774 3612 ἀπυ-

191 3642 359 3711 hia-up
412 3643 852 3712 ἅπερευγόμενοι
906 3646 1175 3715 στόματι,
1228 3648 1323 3699 καὶ
1374 3648 1775 3716 διενιστάμενοι

196 3732 331 3801 οὐχὶ
375 3732 481 3801 τὴν
529 3732 693 3800 φύσιν
738 3734 833 3786 τοῦ
886 3735 1041 3803 ἁγίου
1096 3737 1414 3807 Πνεύματος
1457 3738 1772 3807 δηλοῦσθαι,

192 3824 340 3877 ἀλλὰ
390 3824 464 3875 τὰ
506 3826 854 3892 πνευματικὰ
883 3826 1200 3895 χαρίσματα
1240 3829 1518 3897 πανταχοῦ
1559 3831 1616 3881 ὲν
1646 3831 1776 3897 οἱφ-

194 3914 381 3981 δήτινι
432 3915 503 3965 ἂν
550 3911 653 3980 τῆς
689 3913 841 3976 θείας
888 3916 1107 3985 Γραφῆς
1164 3915 1320 3985 μέρει
1358 3906 1686 3987 εὑρίσκηται
1718 3918 1779 3971 τὸ

196 4001 434 4073 Πνεῦμα
458 4006 521 4056 τὸ
548 4004 703 4071 ἆγιον
733 4005 1000 4075 ὑπάρχον,
1037 4009 1132 4059 καὶ
1157 4006 1481 4072 ἀναϐλύζον,
1523 4009 1617 4062 καὶ
1642 4025 1779 4078 προ·

196 4096 471 4164 χεόμενον
512 4094 571 4159 ἐξ
617 4090 766 4158 Υίοῦ,
794 4095 868 4157 ὡς
901 4096 966 4148 ἂν
996 4097 1139 4149 κατὰ
1166 4098 1229 4150 τὸ
1254 4098 1445 4150 δοκοῦν
1472 4098 1658 4161 αὐτοῖς
1688 4101 1773 4153 ὲνο

196 4184 397 4239 τεῦθεν
429 4184 785 4255 ἀποδειχθείη
813 4185 888 4254 μὴ
918 4186 1017 4255 τὴν
1042 4187 1184 4238 κατὰ
1211 4186 1307 4239 τοῦ
1347 4189 1522 4255 Λόγου
1552 4187 1782 4257 θεότητα

198 4280 263 4331 ix
300 4277 401 4329 τοῦ
457 4272 591 4328 Υίοῦ
640 4276 740 4344 τὴν
776 4274 937 4343 φύσιν
967 4272 1105 4330 εἶναι
1143 4276 1237 4330 τοῦ
1270 4278 1611 4346 Πνεύματος,
1646 4280 1782 4348 μηδὲ

200 4367 535 4439 προχεῖσθαι
586 4366 791 4436 ταύτην
838 4368 934 4420 καὶ
984 4368 1043 4432 ιε
1082 4364 1271 4431 αὑτοῦ,
1303 4369 1557 4439 καθάπερ
1588 4371 1783 4440 ἀμέλει

202 4479 284 4513 τοι
328 4462 428 4512 καὶ
480 4460 546 4510 ὲκ
593 4455 685 4511 τοῦ
726 4459 981 4529 Πατρός;
1024 4459 1087 4513 Ei
1117 4462 1225 4531 γὰρ
1250 4462 1341 4514 τὸν
1367 4461 1497 4531 περὶ
1530 4462 1641 4515 τῶν
1671 4464 1787 4516 ὀνο-

207 4554 397 4619 μάτων
429 4551 595 4617 λόγον
639 4552 667 4602 ὁ
699 4552 857 4616 ἅγιος
899 4550 1224 4621 ποιούμενός
1269 4567 1470 4620 φησιν·
1510 4572 1529 4604 r
1571 4554 1783 4624 Ὀνομα

202 4641 261 4693 δὲ
299 4640 499 4701 αὑτοῦ,
533 4636 755 4709 Πνεῦμα
786 4640 962 4707 ἅγιον,
997 4636 1214 4709 πνεῦμα
1256 4641 1535 4711 ἀληθείας.
1566 4638 1784 4711 πνεῦμα

203 4731 297 4787 τοῦ
327 4731 501 4795 Θεοῦ,
535 4731 753 4799 πνεῦμα
787 4728 878 4784 τοῦ
911 4733 1146 4800 Πατρὸς,
1182 4724 1403 4802 πνεῦμα
1433 4729 1524 4787 τοῦ
1562 4735 1711 4789 Υἱοῦ.
1759 4755 1777 4788 ι

213 4826 323 4879 Καὶ
357 4824 727 4894 προστίθησιν
755 4838 769 4853 ·
805 4840 824 4873 ι
857 4823 1009 4893 Αὕτη
1069 4826 1177 4891 γάρ
1226 4825 1376 4876 ἔστιν
1409 4825 1441 4894 ή
1473 4826 1637 4894 κυρία
1695 4826 1788 4878 καὶ

207 4918 403 4985 πρώτη
470 4914 839 4984 προσηγορία,
873 4915 906 4983 ἡ
936 4915 1422 4983 ἑμφαντικωτέραν
1448 4915 1647 4983 ἔχουσα
1684 4916 1785 4986 τὴν

206 5010 482 5069 διάνοιαν,
527 5008 622 5057 καὶ
675 5004 995 5076 παριστῶσα
1026 5004 1117 5057 τοῦ
1157 5006 1315 5073 ἁγίου
1346 5007 1661 5076 Πνεύματος
1689 5010 1787 5077 τὴν

208 5103 396 5167 φύσιν,
429 5098 527 5151 καὶ
558 5099 757 5165 ἐπάγει
784 5096 958 5151 ταῦτα
984 5098 1053 5150 τὰ
1092 5100 1333 5166 ὀνόματα
1363 5099 1532 5167 αὐτῆς
1563 5100 1659 5168 τῆς
1687 5100 1787 5151 αὖ.

209 5193 458 5252 θεντίας,
486 5188 659 5256 αὐτῆς
685 5188 786 5256 τῆς
809 5185 904 5241 τοῦ
940 5188 1095 5254 ἁγίου
1124 5189 1438 5255 Πνεύματος
1473 5191 1686 5258 φύσεως
1712 5207 1726 5220 ’
1766 5210 1784 5242 ι

208 5285 287 5344 τίς
318 5283 393 5336 ἂν
431 5282 510 5349 μὴ
546 5279 871 5348 βουλόμενος
903 5280 999 5348 τὴν
1026 5278 1289 5347 ἀλήθειαν
1316 5280 1642 5349 ἐπηρεάζειν
1668 5281 1787 5333 διακ

208 5375 372 5442 κενῆς
422 5372 528 5439 ούχ
575 5371 927 5440 ὁμολογήσειε
953 5371 1012 5422 τὸ
1045 5373 1102 5423 ὲν
1132 5372 1248 5431 ταῖς
1296 5371 1534 5434 Γραφαίς
1583 5372 1788 5440 ἀδιορί-

210 5478 350 5523 στως
404 5459 703 5529 εἰρημένον
750 5463 908 5527 ἅγιον
956 5455 1177 5529 Πνεῦμα
1215 5460 1387 5525 αὐτῆς
1413 5460 1511 5528 τῆς
1540 5460 1782 5530 φύσεως,

214 5554 384 5621 αὐτῆς
416 5552 520 5613 τῆς
555 5551 842 5612 αύθεντίας
868 5546 961 5603 τοῦ
1008 5552 1367 5620 Παρακλήτου
1411 5552 1581 5619 ὄνομα
1610 5548 1781 5615 εἶναις

212 5641 318 5692 Καὶ
376 5640 431 5688 εἰ
479 5634 661 5701 τοῦτο,
713 5637 830 5700 πῶς
865 5639 930 5691 ἂν
962 5639 1283 5708 τολμήσειεν
1315 5641 1487 5693 εἰπεῖν
1539 5643 1783 5710 χάρισμα

280 5796 327 5827 ³⁸
356 5798 466 5851 lsa.
500 5813 581 5856 ιι,
614 5796 661 5855 Ι,
698 5797 751 5848 2.

1823 3348 1838 3369 θ
1878 3288 2076 3342 cletum
2111 3287 2287 3357 ipsum
2313 3285 2686 3355 intelligimus,
2725 3281 3015 3351 aliquando
3061 3294 3251 3335 rursus
3300 3277 3446 3332 audi-

1876 3394 1999 3433 mus
2033 3392 2227 3433 nomen
2252 3377 2500 3446 spiritus,
2534 3385 2586 3429 et
2610 3374 2827 3443 aliquod
2862 3371 3106 3441 spiritale
3127 3369 3331 3424 donum
3361 3383 3455 3434 per

1876 3471 2006 3525 illud
2030 3470 2327 3523 indicatum
2358 3468 2764 3537 cognoscimus.
2795 3464 3025 3518 Ubinam
3057 3472 3183 3516 sunt
3207 3462 3306 3527 illi,
3338 3459 3455 3528 qui,

1878 3562 2143 3632 quidquid
2177 3560 2354 3614 visum
2392 3558 2581 3622 fuerit,
2624 3556 2811 3612 εστ-οιιί
2861 3570 2955 3609 ore
2989 3553 3259 3616 effutiunt,
3327 3566 3456 3604 con-
3568 3581 3573 3585 ς

1875 3653 2232 3717 tenduntque,
2271 3664 2377 3703 non
2402 3658 2650 3703 naturam
2684 3647 2855 3701 sancti
2886 3646 3123 3714 Spiritus
3182 3642 3452 3703 denotari,

1880 3743 1973 3797 sed
2008 3756 2223 3810 semper
2260 3740 2521 3807 spiritalia
2551 3738 2693 3793 dona
2735 3739 2785 3792 in
2809 3750 3134 3805 quacunque
3161 3731 3456 3800 Scripturac

1882 3842 2034 3902 parte
2060 3832 2351 3899 reperitur,
2384 3830 2648 3898 Spiritum
2709 3837 2956 3882 sanctqu
3013 3840 3153 3890 esse,
3199 3835 3453 3877 emanare

1878 3932 1932 3978 et
1978 3920 2177 3976 eﬂundi
2206 3935 2269 3973 ex
2316 3918 2479 3976 Filio.
2520 3927 2578 3971 ut
2613 3919 2756 3977 inde,
2788 3932 2884 3984 pro
2909 3914 3156 3976 arbitrio,
3211 3922 3456 3979 nutuque

1881 4030 1984 4071 suo
2006 4015 2397 4075 demonstrent,
2428 4025 2530 4063 non
2571 4009 2869 4062 secundum
2908 4005 3068 4060 Vcrlii
3093 4004 3452 4065 divinitatem,

1882 4121 1949 4159 ex
1976 4103 2115 4158 Filio
2148 4113 2395 4158 naturam
2418 4115 2537 4157 esse
2567 4098 2841 4168 Spiritus,
2863 4112 2961 4152 nec
2994 4095 3195 4154 eiiundi
3240 4109 3358 4147 eam
3389 4109 3453 4145 ex

1884 4197 2024 4264 ipso,
2066 4193 2525 4264 quemadmodum
2556 4192 2760 4246 scilicet
2790 4200 2843 4243 et
2872 4206 2936 4243 ex
2966 4187 3163 4243 Patre?
3211 4186 3455 4253 Namque

1886 4286 1929 4341 si
1964 4287 2029 4339 de
2062 4285 2376 4340 nominibus
2407 4284 2640 4352 Spiritus
2674 4283 2838 4335 verba
2860 4280 3065 4334 faciens
3084 4287 3327 4339 sanctus,
3358 4276 3453 4337 ait,

1892 4396 1910 4429 ι
1940 4376 2146 4431 Nomen
2183 4374 2527 4443 vero-ipsius,
2566 4372 2801 4442 Spiritus
2840 4381 3082 4434 sanctus,
3109 4370 3333 4439 spiritus
3362 4382 3454 4420 ve—

1891 4466 2086 4524 ritatis.
2115 4465 2339 4533 spiritus
2364 4464 2477 4528 Dei,
2512 4462 2733 4531 spiritus
2779 4460 2976 4524 Patris,
3006 4458 3229 4527 spiritus
3254 4455 3395 4509 Filii.
3434 4473 3452 4505 ι

1891 4556 1957 4611 Ει
1995 4557 2144 4611 addit
2180 4572 2193 4608 :
2245 4573 2263 4606 ι
2309 4552 2435 4607 [hec
2470 4555 2615 4607 enim
2653 4562 2733 4607 est
2777 4551 2990 4620 propria
3034 4558 3087 4603 et
3148 4548 3322 4617 prima
3362 4561 3459 4614 ap—

1892 4646 2136 4717 pellatio,
2186 4660 2309 4713 quas
2358 4644 2683 4697 sententiam
2738 4641 2899 4694 habet
2946 4639 3366 4708 expressiorem,
3407 4643 3460 4687 et

1894 4747 2143 4792 naturam
2177 4735 2412 4806 Spiritus
2458 4736 2631 4791 sancti
2669 4744 3038 4803 repraesentat.
3082 4749 3100 4781 ι
3140 4728 3277 4785 Tum
3328 4727 3458 4780 sub-

1894 4829 1973 4883 dit
1992 4828 2229 4881 deinde:
2270 4845 2288 4877 ι
2328 4824 2451 4880 Haec
2482 4834 2612 4880 sunt
2637 4824 2854 4879 numina
2893 4824 3064 4891 ipsius
3100 4819 3271 4876 sancti
3289 4817 3443 4887 Spiri

1897 4928 1983 4973 tus
2013 4929 2217 4972 natura:
2244 4960 2259 4983 ,
2319 4936 2336 4969 ι
2379 4918 2526 4986 quis,
2559 4916 2854 4970 dummodo
2911 4913 3191 4968 veritatem
3258 4910 3461 4964 frustra

1894 5023 2210 5081 Oppugnare
2242 5026 2347 5069 non
2373 5009 2597 5078 appetit,
2633 5024 2737 5061 non
2771 5006 3043 5069 fatebitur,
3081 5002 3171 5072 qui
3233 5002 3285 5056 in
3318 4998 3462 5053 Seri-

1897 5101 2070 5169 pturis
2110 5100 2422 5154 indistincte
2457 5099 2692 5168 Spiritus
2718 5108 2942 5151 sanctus
2978 5094 3268 5157 vocitatur,
3291 5090 3460 5159 ipsius

1896 5199 2124 5249 naturae,
2152 5190 2322 5258 ipsius
2361 5190 2673 5244 dominatus
2729 5185 2995 5241 Paracleti
3041 5198 3234 5237 nomen
3289 5180 3460 5236 esse?

1898 5278 1962 5332 Et
2007 5281 2053 5332 si
2082 5280 2135 5333 id
2167 5290 2277 5345 est,
2304 5295 2537 5349 quanam
2565 5281 2773 5334 ratione
2807 5277 3029 5331 audebit
3057 5275 3324 5328 aiiirmare
3366 5270 3461 5325 do-

1897 5385 2025 5423 num
2069 5371 2313 5439 spiritaie
2350 5372 2598 5425 denotari
2633 5385 2753 5423 cum
2808 5382 2972 5437 prope
3004 5365 3136 5419 locis
3170 5362 3462 5431 Scriptura:

1894 5460 2191 5514 innumeris
2214 5461 2499 5529 reperitur,
2530 5476 2671 5514 nunc
2709 5458 2928 5529 quidem
2962 5456 3194 5525 Spiritus
3239 5458 3462 5506 sanctus

1891 5565 1957 5602 es
1998 5549 2154 5603 Patre
2175 5560 2238 5605 et-
2268 5549 2403 5607 Filio
2432 5551 2798 5618 progrediens,
2827 5561 2970 5601 nunc
3007 5561 3069 5600 ex
3107 5551 3334 5611 utroque
3365 5554 3461 5592 ex-

1892 5646 2114 5706 sistens,
2156 5654 2207 5697 et
2233 5658 2376 5698 nunc
2410 5660 2472 5698 ex
2504 5643 2660 5699 Patre
2693 5656 2975 5706 emanans,
3004 5653 3151 5693 nunc
3196 5651 3260 5690 ex
3325 5631 3463 5688 Filio
