4214 6442
760 358 859 418 24³1

1777 367 1981 429 JOAN.
2020 367 2236 432 VECCI
2274 371 2381 434 CP.
2424 371 2935 440 PATRIARCHJE

3879 391 4015 457 248

755 470 929 535 ipsum
968 466 1327 535 Paracletum,
1359 470 1452 540 qui
1489 470 1542 524 in
1591 485 1873 546 assumpto
1918 478 2098 541 datus,
2159 480 2310 536 inve—
2341 484 2384 542 Α

2413 484 2663 548 νοεῖσθαι,
2689 486 2765 550 ὡς
2788 487 2949 550 αὐτὸς
2977 489 3179 557 ἐκεῖνος
3210 494 3238 548 ὁ
3266 496 3621 567 Παράκλητος
3649 503 3676 552 ὁ
3703 501 3778 572 τῷ
3810 522 4001 571 προσ-

752 559 1345 627 ειυεᾳυοτίιιιιιιιιίιανίι,
1377 562 1624 619 eumdem
1671 580 1813 629 esse,
1842 571 1933 639 qui
1986 572 2054 625 ab
2098 586 2312 627 assum-

749 658 842 719 pto
878 650 1041 706 veluti
1080 666 1107 705 a
1136 658 1528 724 conceptaculo
1575 645 2014 717 distributionem
2040 664 2309 720 donorum

748 740 908 796 cllicit
939 760 951 795 :
991 752 1049 795 ut
1080 742 1191 811 jam
1224 744 1315 809 sit,
1347 755 1400 800 ct
1430 748 1702 818 accipiens
1756 748 2009 819 Spiritus,
2049 761 2103 807 et
2157 768 2313 809 acce-

749 839 897 898 ptus.
920 841 972 886 et
1008 832 1109 885 hoc
1138 833 1354 902 quidem
1383 837 1606 890 iunuere
1632 838 1990 906 Paracletum,
2039 843 2130 912 qui
2164 845 2311 898 acci-

748 923 830 999 pit
855 939 962 976 non
994 936 1292 992 mutuatus,
1324 928 1426 981 hoc
1464 944 1590 983 vero
1626 931 1789 993 dona,
1828 948 1947 1001 quae
1969 934 2037 988 ab
2076 936 2196 1004 ipso
2222 952 2315 991 ex-

750 1015 969 1069 hibeute
1021 1016 1299 1072 Parat-leto
1370 1020 1727 1089 accipiuntur.
1790 1022 1853 1077 Et
1921 1026 2154 1080 addiscit
2200 1030 2314 1084 haec

749 1107 930 1168 latius,
964 1108 1054 1175 qui
1089 1111 1270 1163 omnia
1299 1114 1593 1167 secundum
1616 1125 1792 1183 partes
1824 1119 2171 1184 percurrerit,
2194 1133 2314 1190 qua

748 1211 845 1263 pro
880 1201 1165 1254 sententia:
1195 1201 1570 1271 hujuscemodi
1602 1216 1894 1272 structura,
1947 1210 2005 1263 in
2051 1209 2164 1278 jam
2214 1226 2313 1267 sae-

750 1278 872 1354 pius
914 1288 1132 1344 laudata
1165 1295 1410 1347 oratione
1429 1296 1708 1363 explicuit.
1737 1298 1802 1352 Et
1833 1299 2065 1356 Sanctus
2094 1302 2311 1371 quidem

751 1392 857 1431 non
908 1379 1015 1432 alio
1048 1390 1204 1449 pacto
1237 1383 1303 1436 de
1356 1385 1647 1449 similibus,
1712 1402 1832 1455 qua:
1868 1389 1918 1442 in
1956 1390 2193 1446 adducta
2220 1407 2313 1461 pe-

752 1470 933 1538 ricopc
983 1471 1274 1537 habentur,
1305 1474 1358 1527 in
1394 1476 1610 1544 propria
1642 1478 1887 1533 oratione
1922 1480 2168 1536 tradidit.
2206 1482 2316 1536 Vos

750 1569 901 1625 vero,
936 1566 1026 1633 qui
1059 1574 1251 1618 cuncta
1290 1574 1492 1619 temere
1519 1568 1875 1635 pronuntiare
1921 1583 2028 1624 non
2055 1572 2316 1627 veremini

749 1659 891 1727 quod
921 1648 1185 1728 spiritalia
1229 1659 1371 1713 dona
1426 1661 1733 1715 iudicentur
1784 1662 2024 1718 dictione
2072 1666 2314 1734 accipiet,

752 1748 926 1816 ipsum
1034 1746 1270 1817 Spiritus
1350 1764 1547 1803 nomen
1654 1751 1794 1804 male
1874 1754 2311 1824 interpretantes,

751 1841 891 1892 hanc
972 1854 1192 1907 pravam
1279 1840 1520 1895 nominis
1596 1840 2096 1907 interpretationem
2167 1824 2388 1898 arri-3

749 1928 894 1997 pitis,
918 1930 982 1983 ad
1018 1930 1414 1983 decernendum
1448 1945 1554 1984 non
1609 1929 1814 2000 absque
1867 1947 2074 1997 errore,
2108 1947 2217 1987 non
2247 1948 2313 1988 ex

756 2019 927 2075 Verbo
965 2036 1084 2075 csse
1117 2021 1399 2089 Spiritum,
1437 2036 1534 2075 sua
1558 2030 1752 2077 natura
1788 2038 1851 2077 ac
1878 2023 2175 2080 divinitate.
2212 2025 2316 2081 Ve-

753 2122 1057 2167 rumtamen
1109 2114 1572 2180 contentionibus,
1623 2120 1677 2167 et
1713 2114 1866 2168 vobis
1904 2114 2035 2183 ipsis
2079 2115 2317 2185 compla-

750 2205 904 2260 cendi
933 2206 1111 2260 studio
1145 2206 1420 2274 sepositis,
1459 2206 1504 2261 si
1548 2206 1747 2275 Optatis
1803 2207 2101 2272 addiscere,
2152 2223 2220 2262 au
2246 2223 2315 2263 ex

751 2298 888 2355 Filio
925 2297 1159 2365 Spiritus
1190 2299 1279 2361 sit,
1308 2298 1436 2352 illud
1461 2308 1770 2369 procurate,
1822 2314 1888 2354 ex
1929 2300 2127 2356 divinis
2163 2300 2317 2356 Seri-

751 2390 923 2460 pturis
955 2404 1303 2458 cognoscere,
1338 2395 1608 2445 undenam
1652 2391 1765 2461 ipse
1818 2389 2051 2458 Spiritus
2099 2401 2318 2448 sanctus

749 2482 826 2536 rei
857 2488 1147 2550 assumptze
1193 2496 1286 2549 per
1326 2480 1613 2534 Dominum
1674 2480 1950 2536 exhibitus
1996 2482 2119 2536 est!
2167 2479 2319 2535 Unde

750 2571 1019 2624 assistens
1077 2569 1397 2624 naturaliter
1437 2578 1491 2624 et
1532 2570 1915 2630 essentialiter,
1968 2570 2125 2625 datus
2163 2570 2317 2624 inve-

752 2673 977 2733 etusque
1001 2671 1083 2718 est
1104 2661 1382 2716 Dominico
1415 2662 1665 2731 corpori?
1694 2660 1833 2716 Num
1875 2676 1941 2715 ex
1976 2660 2135 2715 Patre
2180 2661 2318 2725 solo,

755 2768 1011 2825 tanquam
1044 2771 1107 2809 ex
1135 2770 1199 2809 eo
1228 2755 1345 2809 solo
1374 2754 1643 2808 exsistens
1662 2754 1738 2807 rei
1770 2759 2060 2822 assumptze
2083 2750 2318 2820 Spiritus

754 2850 987 2902 donatus
1021 2847 1141 2901 est?
1192 2847 1260 2901 At
1310 2861 1540 2916 magnus
1611 2845 1937 2899 Athanasius
1999 2844 2198 2899 clamat
2255 2844 2323 2899 de

754 2938 941 2994 Filio:
979 2955 998 2989 ι
1041 2938 1117 2991 lix
1169 2937 1287 3008 ipso
1326 2937 1506 3007 itaque
1560 2938 1612 2990 in
1644 2937 1895 2991 eumdem
1940 2935 2320 3002 descendebat,

757 3048 822 3086 ex
871 3029 1152 3085 divinitate
1191 3044 1312 3093 sua,
1345 3029 1399 3083 in
1452 3027 1840 3082 humanitatem
1894 3042 2073 3082 suam.
2122 3044 2141 3078 ι
2182 3027 2323 3082 Num

2410 574 2657 646 λήμματι
2683 578 2849 642 δοτῶς
2876 583 3180 648 ἑνοικὴσας,
3200 588 3294 640 καὶ
3332 588 3602 654 ἀπακτῶς,
3632 592 3792 657 αὗτός
3828 597 4002 649 ἐστιν

2409 670 2439 721 ό
2468 669 2559 722 καὶ
2589 670 2689 740 τὴν
2721 672 2828 724 ἀπὸ
2856 674 3151 745 δεξαμενῇ
3179 676 3273 731 τοῦ
3326 680 3756 752 προσλήμματος
3802 687 4002 741 διανο-

2417 758 2524 831 μὴν
2553 760 2663 815 τῶν
2684 766 3039 833 χαρισμάτων
3091 769 3434 838 ποιούμενος
3487 772 3565 835 ὡς
3604 770 3869 829 εἶναικαὶ
3930 782 4003 832 τὸ

2410 849 2688 919 λαμϐάνον
2726 854 2969 923 Πνεῦμα,
2999 857 3092 908 καὶ
3136 857 3196 909 τὸ
3243 859 3665 930 λαμδανόμενον
3730 866 3997 934 Πνεῦμα.

2412 944 2507 996 καὶ
2538 942 2597 994 τὸ
2625 943 2721 1012 μὲν
2744 943 2941 1013 δηλοῦν
2989 946 3080 998 τὸν
3112 948 3490 1017 Παράκλητον,
3513 951 3572 1014 ὃς
3602 953 3868 1022 λαμϐάνει
3912 959 3999 1027 μὴ

2412 1031 2810 1101 δανειζόμενος,
2833 1033 2894 1084 τὸ
2920 1032 2976 1086 δὲ
3002 1035 3069 1087 τὰ
3103 1037 3439 1106 χαρίσματα,
3473 1040 3617 1110 ἆπερ
3644 1044 3773 1110 παρ’
3811 1044 4000 1096 αῦτνῦ

2412 1121 2509 1174 τοῦ
2531 1122 2763 1184 διδόντος
2794 1123 3151 1194 Παρακλήτου
3202 1126 3599 1196 λαμϐάνονται.
3630 1133 3735 1183 Καὶ
3769 1134 3999 1187 εἵσεται

2414 1213 2481 1266 τὰ
2525 1213 2655 1282 περὶ
2705 1213 2895 1267 τούτου
2947 1214 3284 1287 πλατύτερον
3327 1221 3355 1270 ό
3385 1222 3553 1273 πᾶσιν
3598 1224 4001 1291 ἐντευξόμενος

2415 1305 2557 1358 κατά
2605 1305 2769 1376 μέρος
2819 1308 2932 1370 τοῖς
2979 1309 3106 1378 περὶ
3155 1312 3507 1378 κατασκευῆς
3557 1314 3650 1365 τοῦ
3708 1317 4001 1381 νοήματος

2412 1394 2602 1449 τούτου
2632 1398 2871 1467 ῥηθεῖσιν
2894 1401 2950 1452 ὲν
2977 1400 3054 1468 τῷ
3078 1400 3338 1465 πολλάκις
3361 1401 3578 1472 ῥηθέντι
3620 1403 3760 1473 λόγῳ
3791 1405 3995 1461 αὑτοῦ.

2416 1487 2584 1539 Καὶό
2621 1488 2721 1553 μὲν
2771 1488 2926 1555 ἅγιος
2963 1490 3106 1543 οὓτω
3157 1491 3255 1543 καὶ
3296 1492 3388 1544 ἐπὶ
3442 1493 3707 1553 τοιούτοις
3755 1496 3822 1547 τε
3887 1498 4001 1563 τῆς

2415 1578 2913 1649 ἀναγεγραμμένης
2978 1583 3288 1651 περικοπῆς
3360 1584 3418 1635 ἐν
3464 1585 3542 1654 τῷ
3587 1585 3773 1656 οἰκείῳ
3837 1586 3999 1656 λόγῳ

2417 1669 2779 1739 προήνεγκεν,
2832 1670 2995 1740 ὑμεῖς
3050 1672 3108 1726 δὲ
3131 1675 3180 1725 οῖ
3222 1675 3419 1737 πάντα,
3464 1675 3539 1738 ὡς
3584 1675 3766 1744 ἔτυχε,
3802 1678 3997 1744 λέγειν

2417 1758 2857 1828 ἀποτολμῶντες,
2910 1760 3000 1814 διὰ
3055 1761 3116 1815 τὸ
3166 1762 3232 1815 τὰ
3288 1765 3637 1833 πνευματικά
3689 1766 3996 1834 δηλοῦσθαι

2416 1848 2728 1915 χαρίσματα
2780 1850 2844 1901 ἐκ
2898 1851 2998 1919 τῆς
3047 1851 3278 1920 λήψεται
3330 1854 3551 1921 λέξεως,
3608 1857 3740 1911 αὐτὸ
3773 1859 3835 1910 τὸ
3891 1859 3994 1911 τοῦ

2417 1936 2734 2006 Πνεύματος
2772 1939 3250 2010 παρεξηγούμενοι
3278 1943 3473 2013 ὄνομα,
3525 1947 3781 2016 ἀφορμὴν
3810 1951 3997 2000 ποιεῖ-

2419 2027 2511 2081 σθε
2540 2028 2914 2101 παρεξήγησιν
2967 2031 3060 2084 τοῦ
3087 2032 3351 2103 ὀνόματος
3377 2034 3472 2087 τοῦ
3494 2034 3841 2105 δογματίζειν
3868 2040 3998 2101 ἐπι-

2418 2118 2660 2185 σφαλῶς,
2691 2120 2769 2189 μὴ
2809 2123 2873 2174 ὲκ
2905 2121 3000 2175 τοῦ
3041 2123 3216 2190 Λόγου
3279 2119 3423 2179 εἶναι
3476 2126 3538 2178 τὸ
3568 2127 3793 2195 Πνεῦμα
3843 2130 3995 2181 κατά

2415 2209 2516 2278 τὴν
2550 2209 2715 2263 αὐτοῦ
2769 2212 2932 2280 φύσιν
2966 2230 3025 2266 τε
3056 2215 3148 2267 καὶ
3183 2215 3438 2287 θεότητα.
3479 2217 3621 2270 Ἀλλ’
3658 2219 3995 2288 ἀποθέμενοι

2417 2298 2477 2352 τὸ
2507 2300 2811 2367 φιλόνεικον
2858 2304 2954 2355 καὶ
2981 2305 3336 2375 αὑτάρεσκον,
3365 2308 3412 2360 ei
3443 2308 3653 2378 ζητεῖτε
3680 2310 3847 2372 ὅντως
3880 2330 3995 2378 μα-

2420 2394 2559 2459 θεῖν,
2616 2396 2666 2449 εῖ
2713 2398 2779 2450 ὲκ
2830 2398 2925 2451 τοῦ
2987 2399 3115 2452 Υἱοῦ
3173 2400 3233 2453 τδ
3293 2402 3518 2472 Πνεῦμά
3548 2404 3681 2468 ἐστι,
3719 2403 3995 2472 ζητήσατε

2419 2485 2621 2554 γνῶναι
2673 2485 2780 2539 ἀπὸ
2807 2487 2915 2541 τῶν
2952 2486 3112 2540 θείων
3142 2489 3395 2560 Γραφῶν,
3429 2492 3562 2544 αὐτὸ
3590 2493 3650 2544 τὸ
3683 2493 3908 2560 Πνεῦμα
3931 2492 3997 2546 τὸ

2420 2574 2573 2643 ἅγιον
2640 2576 2805 2630 πόθεν
2887 2577 2966 2648 τῷ
3056 2580 3448 2651 προσλὴμματι
3534 2583 3739 2651 Κυρίου
3803 2584 3992 2651 ἐδόθη,

2422 2668 2584 2721 πόθεν
2638 2668 2881 2738 ὑπάρχον
2952 2671 3196 2738 φυσικῶς
3270 2688 3330 2724 τε
3383 2672 3477 2725 καὶ
3550 2674 3856 2738 οὐσιωδῶς,
3905 2674 3996 2727 δο-

2425 2761 2516 2812 τὺν
2571 2760 2666 2812 καὶ
2713 2759 2947 2813 ἐπακτὸν
3000 2759 3078 2830 τῷ
3126 2761 3391 2831 Κυριακῷ
3438 2760 3651 2831 σώματι
3710 2764 3992 2831 ἐγεγόνεις

2422 2846 2549 2919 Ἆρ’
2578 2852 2641 2904 ἐκ
2663 2850 2757 2903 τοῦ
2792 2850 3001 2921 Πατρδς
3026 2850 3211 2920 μόνου,
3239 2850 3314 2914 ὡς
3341 2851 3398 2918 ἐξ
3429 2852 3594 2905 αὑτοῦ
3624 2854 3783 2922 μόνου
3816 2855 3995 2924 ὑπάρ-

2423 2958 2517 3012 χον
2560 2942 2639 3012 τῷ
2702 2942 3094 3012 προσλήμματι
3146 2942 3305 3014 ἐδόθη
3365 2943 3426 2995 τὸ
3452 2932 3750 3012 Πνεῦμαδ
3784 2946 3928 2996 Ἀλλ’
3961 2946 3993 2996 6

2430 3033 2604 3103 μέγας
2645 3032 2963 3096 Ἀθανάσιος
2997 3032 3093 3103 βοᾷ
3123 3034 3253 3105 περὶ
3305 3034 3398 3087 τοῦ
3427 3034 3557 3087 Υῖοῦ
3585 3049 3599 3063 ·
3641 3054 3660 3087 ι
3701 3035 3792 3098 Ἓξ
3823 3035 3991 3089 αὐτοῦ

757 3137 948 3177 rursus
981 3137 1044 3176 ex
1070 3120 1210 3175 Filio
1236 3119 1375 3182 solo,
1412 3119 1631 3189 perinde
1648 3133 1710 3173 ac
1728 3119 1774 3173 si
1795 3133 1860 3172 ex
1885 3118 2003 3188 ipso
2032 3119 2149 3172 solo
2176 3121 2323 3173 exsio
2350 3146 2388 3204 ρ

2426 3123 2520 3177 οῦν
2548 3124 2629 3185 εἰς
2677 3124 2841 3176 αὐτὸν
2900 3123 3114 3194 κατῄει,
3162 3126 3225 3177 ἐκ
3264 3124 3363 3193 τῆς
3395 3124 3649 3193 θεότητος
3693 3125 3857 3177 αὑτοῦ
3911 3129 3993 3189 εἰς

756 3221 941 3275 steret,
1002 3212 1080 3266 rei
1139 3218 1425 3281 assumpta.-
1474 3211 1764 3266 attributus
1793 3219 1875 3266 est
1928 3210 2200 3281 Spiritus?
2252 3210 2322 3266 At

757 3301 1197 3370 Chrysostomus,
1221 3302 1271 3354 in
1305 3302 1504 3369 saepius
1536 3301 1748 3355 laudata
1782 3300 2026 3354 oratione
2055 3301 2196 3355 inter
2216 3300 2321 3355 alia

759 3395 872 3448 haec
902 3407 1118 3462 quoque
1147 3400 1329 3462 aperte
1368 3394 1531 3446 tradit
1559 3411 1570 3445 :
1602 3412 1620 3443 ι
1649 3392 1788 3448 Deus
1809 3391 2167 3447 sanctiﬁcavit
2198 3407 2323 3446 car-

759 3497 879 3537 nem
919 3483 1117 3551 Spiritu
1143 3492 1353 3538 sancto.
1397 3483 1459 3536 Et
1490 3482 1635 3558 misit
1660 3482 1860 3535 donum
1900 3481 2135 3551 Spiritus
2168 3479 2324 3536 Pater

758 3568 812 3622 iu
844 3584 1060 3623 carnem
1083 3570 1279 3625 Christi
1306 3589 1318 3623 :
1348 3581 1544 3625 etcum
1569 3572 1858 3627 adveniens
1882 3572 2052 3641 gratia
2073 3572 2322 3625 universa

759 3662 901 3715 dona
951 3660 1149 3715 Christi
1210 3662 1422 3728 indidit,
1475 3663 1646 3717 dicit:
1684 3662 1758 3717 De
1811 3678 1931 3719 meo
1988 3662 2234 3733 accipiet,
2270 3670 2324 3717 et

760 3753 1103 3807 annuutiahit
1137 3754 1306 3808 vobis.
1347 3774 1364 3804 ι

831 4039 882 4091 '7.
925 4037 989 4089 Et
1026 4038 1151 4092 hinc
1180 4037 1354 4105 palam
1415 4037 1700 4105 probatum
1745 4045 2008 4101 remanet,
2045 4051 2219 4104 neque
2259 4052 2324 4091 ex

762 4132 880 4185 solo
916 4132 1094 4193 Patre,
1126 4145 1301 4199 neque
1335 4144 1399 4182 ex
1434 4129 1553 4183 solo
1593 4128 1729 4181 Filio
1763 4127 2006 4182 divinum
2064 4126 2325 4197 Spiritum

763 4225 944 4278 datum
971 4222 1351 4288 invectutnque
1402 4219 1696 4273 Doluinicae
1728 4221 1875 4273 carni
1930 4218 2117 4284 tuisse,
2143 4221 2235 4274 sed
2263 4233 2329 4275 ex

766 4326 999 4380 utroque
1033 4330 1047 4366 :
1079 4322 1133 4367 et
1166 4325 1389 4381 prorsus
1445 4321 1701 4379 tanquam
1740 4324 1803 4363 ex
1850 4309 2115 4364 ambobus
2158 4310 2331 4366 exsis-

765 4416 936 4470 stcns,
980 4420 1043 4458 ex
1068 4404 1327 4457 ambobus
1358 4402 1517 4456 datus
1548 4409 1631 4456 est
1662 4401 1833 4454 carni.
1890 4400 2045 4466 Quod
2094 4401 2138 4456 si
2192 4401 2331 4455 forte

2422 3216 2521 3287 τὴν
2549 3215 2944 3285 ἀνθρωπότητα
2976 3215 3161 3269 αὐτοῦ.
3197 3235 3215 3267 ι
3266 3216 3406 3269 Ἀλλ’
3435 3218 3498 3269 ἐκ
3525 3216 3619 3268 τοῦ
3647 3217 3777 3269 Υἱοῦ
3804 3218 3990 3286 μόνου,

2421 3308 2496 3371 ὼς
2528 3307 2587 3373 ἐξ
2625 3308 2791 3360 αὐτοῦ
2826 3308 2988 3375 μόνον
3035 3307 3276 3377 ὑπάρχον
3309 3307 3387 3377 τῷ
3415 3308 3802 3377 προσλήμματι
3833 3309 3990 3374 ἐδόθη

2422 3402 2483 3455 τὸ
2512 3401 2768 3471 Πνεῦμα;
2814 3400 2956 3452 Ἀλλ’
2983 3402 3142 3471 ὸΧρυ
3155 3402 3441 3471 σορῤήμων
3468 3402 3525 3452 ἐν
3551 3403 3706 3470 μέρει
3739 3401 3829 3453 τοῦ
3855 3402 3985 3453 πολ-

2426 3493 2582 3555 λάκις
2600 3493 2853 3563 ῥηθέντος
2877 3493 3036 3559 λόγου
3054 3492 3204 3559 λέγει
3228 3492 3460 3563 τρανῶς,
3493 3511 3511 3543 ι
3543 3492 3604 3545 '0
3631 3492 3762 3553 Θεὸς
3790 3495 3985 3562 ἡγίασε

2425 3585 2521 3656 τὴν
2549 3586 2727 3655 σάρκα
2766 3583 3048 3654 ιῐνεύματι
3097 3584 3257 3653 ἁγίῳ,
3304 3584 3398 3636 καὶ
3422 3583 3709 3637 ἀπέστειλε
3734 3584 3831 3659 τὴν
3879 3585 3985 3636 6w-

2426 3678 2558 3749 ρεάν
2608 3676 2701 3729 τοῦ
2748 3676 3115 3745 Πνεύματοςὸ
3148 3675 3336 3746 Πατὴρ
3387 3676 3467 3737 εἰς
3522 3675 3622 3743 τὴν
3654 3676 3831 3745 σάρκα
3894 3674 3988 3727 τοῦ

2424 3767 2687 3838 Χριστοῦ
2718 3768 2812 3821 καὶ
2839 3768 3028 3837 ἐπειδὴ
3070 3766 3305 3819 ἐλθοῦσα
3336 3767 3370 3834 ἡ
3403 3766 3560 3836 χάρις
3589 3766 3686 3817 ὅλα
3725 3766 3793 3817 τὰ
3840 3766 3985 3835 δῶρα

2426 3859 2651 3927 ἐνέθηκε
2678 3858 2755 3927 τῷ
2776 3856 3016 3928 Χριστῷ,
3047 3857 3221 3925 λέγει.
3263 3874 3283 3908 ι
3330 3856 3427 3909 Ἐκ
3460 3856 3553 3909 τοῦ
3578 3856 3713 3927 ἐμοῦ
3734 3856 3986 3929 λήψεται,

2428 3950 2522 4003 καὶ
2548 3949 2841 4017 ἀναγγελεῖ
2863 3950 3013 4019 ὑμῖν,
3050 3966 3069 4000 ι

2496 4040 2562 4103 ζ’.
2591 4042 2699 4092 Καὶ
2730 4040 2999 4093 δέδεικται
3055 4039 3244 4092 λοιπὸν
3274 4038 3525 4093 ἐντεῦθεν
3557 4039 3742 4107 σαᾳῶς
3774 4040 3845 4100 ὡς
3869 4037 3993 4091 οὔτε

2428 4132 2535 4184 ἀπὸ
2572 4130 2735 4200 μόνου
2761 4129 2856 4182 τοῦ
2897 4130 3108 4199 Πατρδς
3135 4130 3264 4182 οὔτε
3294 4131 3403 4184 ἁπδ
3437 4131 3599 4199 μόνου
3644 4129 3736 4181 τοῦ
3764 4129 3892 4180 Tia}
3921 4130 3987 4181 τὸ

2431 4222 2575 4276 θεῖον
2616 4220 2838 4289 Πνεῦμα
2872 4222 3024 4274 δοτδν
3050 4222 3144 4273 καὶ
3179 4220 3413 4273 ἐπακτὸν
3446 4224 3508 4290 τῇ
3547 4221 3712 4290 σαρκὶ
3741 4219 3832 4273 τοῦ
3882 4221 3994 4272 Κυ-

2436 4313 2553 4384 ρίου
2582 4313 2851 4381 ἐγεγόνει,
2886 4312 3002 4365 ἀλλ’
3035 4310 3095 4376 ἓξ
3145 4313 3371 4380 ἀμφοῖν,
3410 4314 3506 4365 καὶ
3535 4313 3754 4366 πάντως
3782 4312 3854 4374 ὡς
3886 4312 3994 4379 ἀμ-

2433 4408 2553 4475 φοῖν
2577 4407 2842 4475 ὑπάρχον,
2862 4405 2956 4458 καὶ
2987 4404 3047 4468 ἐξ
3084 4405 3289 4471 ἀμφοῖν
3318 4404 3467 4455 δοτδν
3495 4404 3684 4471 γέγονε
3706 4407 3770 4473 τῇ
3808 4406 3989 4472 σαρκὶ.

763 4512 826 4551 ex
863 4494 1019 4549 Patre
1052 4496 1269 4565 quidem
1304 4495 1380 4547 rei
1408 4503 1701 4561 assumpta:
1738 4494 1919 4546 datum
1962 4491 2132 4548 fuisse
2162 4492 2333 4561 Spiri-
2359 4483 2388 4541 Ι

2440 4498 2501 4549 Et
2541 4497 2585 4550 δ’
2610 4497 2739 4557 ἴσως
2770 4499 2834 4548 ἐκ
2880 4496 2979 4564 μὲν
3022 4494 3116 4547 τοῦ
3175 4494 3391 4564 Πατρδς
3442 4495 3658 4562 δοθῆναι
3700 4494 3777 4562 τῷ
3835 4510 3994 4563 προσ-

767 4602 901 4652 tnm,
927 4588 1089 4642 veluti
1119 4604 1180 4641 ex
1221 4602 1286 4643 eo
1314 4587 1697 4647 exsistentem;
1742 4602 1805 4639 ex
1840 4584 1977 4639 Filio
2023 4601 2148 4640 vero
2173 4586 2332 4639 exhi-

767 4684 960 4745 bitum,
990 4696 1097 4735 non
1117 4680 1278 4733 veluti
1310 4692 1376 4730 ex
1397 4692 1461 4731 eo
1479 4678 1828 4730 exsistentem
1851 4674 2121 4730 amrmare
2145 4676 2329 4737 vultis,

769 4772 910 4828 haud
943 4772 1076 4834 scio,
1106 4785 1173 4823 an
1214 4767 1479 4839 quispiam
1532 4783 1764 4836 unquam
1814 4765 2031 4821 futurus
2078 4777 2181 4827 est,
2239 4766 2331 4834 qui

773 4864 900 4919 inde
929 4872 1289 4931 emergentem
1334 4860 1658 4928 impietatem
1706 4874 1811 4912 non
1868 4867 2143 4928 agnoscat.
2195 4858 2329 4911 Cum

774 4972 901 5025 ergo
929 4954 1190 5025 Spiritum
1224 4960 1471 5006 sanctum
1499 4960 1549 5004 et
1575 4966 1638 5004 ex
1674 4949 1833 5003 Patre
1860 4958 1994 5003 etex
2018 4949 2155 5004 Filio
2183 4949 2335 5002 exhi-

775 5050 945 5113 hitum
972 5062 1092 5100 csse
1122 5044 1199 5099 rci
1245 5052 1538 5111 assumpta:
1578 5056 1757 5102 nemo,
1800 5042 1891 5108 qui
1922 5041 2133 5095 divinas
2184 5040 2332 5094 Scri-

774 5152 960 5214 pturas
988 5137 1205 5199 evolvit,
1239 5134 1455 5188 nescius
1487 5142 1592 5196 est,
1631 5134 1684 5185 ni
1713 5132 1988 5186 exhibitus
2019 5132 2087 5185 sit
2114 5147 2175 5184 ex
2197 5130 2332 5184 Filio

772 5232 931 5287 veluti
980 5245 1046 5283 ex
1091 5242 1157 5281 eo
1203 5226 1493 5288 exsistcns,
1542 5223 1997 5294 quemadmodum
2050 5222 2335 5275 scilicctet

769 5341 835 5379 ex
874 5324 1048 5383 Patre,
1085 5318 1429 5371 manifestum
1464 5316 1552 5379 sit,
1593 5313 2013 5375 ministraturio.
2045 5312 2334 5393 servilique

773 5417 935 5473 modo
961 5430 1024 5467 ex
1050 5412 1186 5467 Filio
1215 5410 1479 5472 exhiberi,
1511 5422 1620 5476 quo
1675 5406 1801 5472 quid
1856 5404 2164 5467 absurdius,
2204 5403 2334 5470 quid

772 5505 1221 5565 contumeliosius
1236 5503 1343 5557 dici
1375 5500 1587 5570 potest?
1618 5498 1742 5552 Haec
1765 5497 1928 5566 igitur
1951 5493 2185 5548 absurda
2214 5508 2334 5562 quae

774 5600 899 5655 inde
928 5598 1268 5658 exoriuntur,
1293 5593 1492 5656 edocti,
1533 5590 1744 5643 tandem
1784 5600 1899 5649 vos.
1954 5585 2045 5654 qui
2093 5599 2156 5638 ex
2196 5583 2334 5637 Filio

774 5707 883 5747 non
912 5703 1033 5745 esse
1068 5686 1330 5756 Spiritum
1361 5681 1681 5737 naturaliter
1713 5687 1766 5733 et
1813 5674 2177 5731 essentialiter
2206 5692 2335 5729 cutt-

778 5782 1017 5847 tcnditis,
1049 5795 1114 5834 nc
1136 5777 1402 5832 malitiose
1452 5773 1634 5828 verbis
1679 5767 2072 5838 Chrysostomi,
2114 5781 2235 5835 quae
2266 5766 2333 5821 de

2444 4590 2691 4658 λήμματι
2778 4585 3029 4656 βούλεσθε
3102 4585 3283 4653 λέγειν
3360 4585 3419 4637 τὸ
3462 4583 3684 4653 Πνεῦμα
3722 4624 3736 4648 ,
3803 4582 3875 4644 ὡς
3926 4583 3991 4648 ἐξ

2436 4678 2603 4732 αὐτοῦ
2647 4679 2906 4747 ὑπάρχον,
2968 4680 3031 4729 ἐκ
3088 4677 3145 4729 δὲ
3179 4675 3273 4728 τοῦ
3330 4674 3462 4727 Υῖοῦ
3519 4675 3760 4744 δοθῆναι.
3792 4675 3885 4741 οὐχ
3911 4673 3987 4733 ὡς

2434 4769 2494 4833 ἐξ
2531 4768 2694 4823 αὑτοῦ
2735 4768 2999 4838 ὑπάρχον,
3037 4767 3136 4819 οὐκ
3171 4762 3286 4819 οῖδα
3326 4765 3491 4827 εἴτις
3551 4766 3617 4818 ἂν
3675 4765 3991 4830 ἐναπολειφ-

2437 4859 2555 4927 θείη
2612 4859 2798 4911 λοιπὸν
2828 4858 2927 4927 τὴν
2963 4856 3211 4909 ἐντεῦθεν
3242 4855 3681 4924 ἀναφαινομένην
3726 4855 3990 4921 ἀγνοήσας

2435 4950 2711 5002 ἀσέϐειαν.
2749 4948 2907 5000 Ἐπεὶ
2940 4949 3047 5018 γὰρ
3075 4948 3134 4999 τὸ
3166 4943 3307 5000 εἶναι
3356 4947 3417 4999 τὸ
3449 4945 3673 5013 Πνεῦμα
3734 4945 3795 4996 τὸ
3845 4945 3992 5011 ἅγιον

2436 5043 2533 5096 καὶ
2572 5043 2636 5093 ἐκ
2662 5040 2757 5092 τοῦ
2786 5041 2995 5107 Πατρὸς
3026 5040 3119 5091 καὶ
3150 5041 3212 5091 ὲκ
3235 5038 3330 5090 τοῦ
3365 5036 3495 5090 Υιοῦ
3546 5037 3697 5088 δστὸν
3727 5036 3805 5103 τῷ
3834 5052 3993 5099 προσ-

2435 5134 2706 5202 λήμματι,
2739 5130 2913 5191 οὐδεὶς
2943 5130 3053 5181 τῶν
3106 5129 3204 5193 τὰς
3268 5128 3419 5190 θείας
3469 5126 3731 5180 ἐπιόντων
3779 5124 3993 5193 Γραφᾶς

2434 5225 2715 5292 ἁγνοεῖ,εῖ
2756 5224 2828 5293 μὴ
2880 5221 3033 5275 δοτδν
3076 5221 3162 5291 εἴη
3219 5221 3318 5273 καὶ⁷
3375 5222 3438 5272 ὲκ
3493 5219 3588 5270 τοῦ
3645 5216 3797 5278 reo-3,
3825 5216 3894 5275 ὡς
3930 5216 3991 5280 ἐξ

2436 5312 2602 5366 αὐτοῦ
2631 5304 2897 5381 ὑπάρχον,
2948 5309 3248 5379 καθώσπερ
3289 5309 3484 5377 ἀμέλει
3539 5307 3623 5360 τοι
3679 5307 3776 5359 καὶ
3811 5308 3870 5358 ὲκ
3898 5305 3990 5358 τοῦ

2439 5402 2650 5471 Πατρὸς
2691 5402 2959 5471 πρόδηλον
3002 5399 3078 5461 ὡς
3128 5398 3455 5460 διακονικῶς
3501 5400 3596 5451 καὶ
3647 5394 3989 5464 ὑπηρετικῶς

2435 5495 2499 5546 ὲκ
2529 5492 2624 5546 τοῦ
2651 5492 2782 5545 Υἰοῦ
2823 5490 3101 5558 διδόμενόν
3154 5491 3321 5552 ἐστιν,
3362 5484 3424 5541 οὗ
3455 5488 3506 5540 τι
3540 5488 3901 5555 ἀτοπώτερον,
3953 5486 3985 5555 ἦ

2438 5582 2921 5653 βλασφημὸεερον;
2956 5581 3120 5633 Ταῦτ’
3152 5580 3245 5633 οὖν
3282 5579 3350 5632 τά
3374 5579 3550 5640 οὕτως
3606 5577 3981 5631 ἀνακύπτοντα

2436 5676 2613 5730 ἄτοπα
2683 5674 2952 5746 μαθόντες
3005 5674 3159 5743 μόλις
3213 5673 3372 5740 ὑμεῖς
3435 5674 3485 5724 οἱ
3541 5676 3604 5725 ἐκ
3638 5670 3732 5723 τοῦ
3763 5667 3886 5721 Υιοῦ
3913 5669 3984 5736 μὴ

2438 5767 2705 5837 ὑπάρχειν
2732 5767 2792 5818 τὸ
2823 5765 3049 5833 Πνεῦμα
3084 5763 3479 5831 διενιστάμενοι
3513 5760 3760 5830 φυσικῶς
3791 5776 3848 5811 τε
3912 5774 3981 5811 κα
