4214 6442
733 375 840 435 255

1764 366 1972 428 ΙΟΑΝ.
2016 363 2235 425 VECCI
2269 364 2377 428 CP.
2421 365 2938 426 PATRIARCHIE

3879 362 3997 426 256

732 490 825 544 sed
857 490 1089 557 quadam
1122 491 1527 557 comparatione
1558 493 1870 548 conferetur
1888 493 1953 546 ad
1990 500 2308 545 vetustatem
2340 495 2382 550 Α

2340 495 2382 550 Α
2414 513 2502 547 ται
2540 492 2852 565 σύγκρισιν,
2898 491 3033 561 πρὸς
3086 490 3428 557 παλαιότητα
3483 488 3684 558 βίϐλων
3735 487 3843 540 τῶν
3891 486 3995 539 τοῦ

730 579 980 634 codicum
1011 582 1151 634 beati
1178 581 1387 650 Cyrilli,
1431 600 1661 649 quorum
1708 586 1885 654 plane,
1930 597 1988 640 ut
2024 589 2139 656 ipse
2179 589 2302 642 ani-

732 672 1018 734 madverti,
1048 690 1065 723 ι
1101 688 1165 725 ex
1200 673 1358 727 Patre
1390 684 1441 725 et
1473 675 1611 728 Filio
1657 676 1921 744 Spiritum
1962 702 1979 731 ο
2010 679 2305 733 decernen-

733 765 869 826 tium
904 779 1209 826 numerum,
1236 765 1306 818 ob
1332 763 1637 819 aﬂluentem
1674 767 1908 837 copiam,
1942 778 1995 823 et
2040 770 2197 825 testis
2232 771 2306 825 sit

731 855 953 916 veritas,
985 870 1271 908 numerum
1302 872 1410 909 non
1445 858 1615 911 nevi?

805 944 1032 1010 7,»Qu:e
1080 946 1294 1015 igitura
1326 948 1487 1003 nobis
1523 965 1620 1017 per
1676 952 1987 1005 instantiam
2040 953 2145 1007 dici
2199 952 2297 1007 de—

732 1045 880 1089 creta
909 1044 1057 1097 sunt,
1094 1036 1161 1089 ad
1194 1036 1547 1092 refellendum
1588 1056 1652 1093 ex
1711 1044 1829 1095 solo
1868 1044 2061 1105 Patre,
2095 1053 2149 1096 et
2196 1055 2307 1097 sta-

734 1127 1030 1180 biliendum
1066 1142 1130 1181 ex
1161 1129 1321 1182 Patre
1348 1139 1402 1182 et
1444 1131 1581 1184 Filio
1610 1132 1869 1199 Spiritum
1920 1135 2096 1187 oratio
2141 1150 2306 1203 supra

732 1210 1006 1287 promisit,
1040 1218 1155 1272 lucc
1187 1229 1336 1273 sunt.
1396 1220 1778 1277 Verumtamen
1836 1241 2013 1292 opera:
2071 1227 2305 1293 pretium

734 1315 818 1357 est
852 1307 1166 1360 universum
1220 1310 1353 1363 illud
1422 1324 1785 1378 segmentum,
1838 1314 1892 1366 in
1924 1329 2033 1383 quo
2085 1331 2149 1367 ex
2195 1314 2308 1367 solo

738 1395 968 1450 habetur
998 1398 1100 1451 hac
1136 1399 1193 1453 in
1240 1402 1489 1455 oratione
1538 1402 1809 1471 digerere,
1859 1413 1973 1456 tum
2024 1406 2307 1471 deinceps,

736 1487 883 1554 quod
938 1490 1273 1556 promissum
1320 1499 1427 1555 est,
1482 1492 1902 1561 perliciendum.
1957 1493 2308 1561 Segmentum

740 1577 889 1633 hisce
907 1580 1087 1659 verbis
1112 1582 1421 1649 concipitur
1446 1598 1460 1634 :
1500 1601 1517 1633 ι
1545 1582 1904 1638 Sanctissima
1922 1594 1977 1638 et
2001 1585 2310 1640 veneranda

739 1666 983 1724 Trinitas
1010 1679 1135 1724 ante
1166 1673 1351 1725 omnia
1391 1673 1623 1736 saecula,
1656 1683 1711 1728 et
1747 1692 1966 1744 semper
2015 1679 2310 1741 exsistens.

741 1758 1095 1814 immaculata
1124 1770 1208 1840 est
1230 1772 1284 1816 et
1327 1764 1678 1830 sempiterna,
1710 1766 1975 1830 increata,
2000 1766 2312 1833 invisibilis,

2415 586 2694 658 μακαρίου
2742 584 3039 654 Κυρίλλου,
3072 577 3148 636 ὧν
3194 584 3251 635 ἐν
3286 582 3409 644 ταῖς
3447 579 3809 650 περιλήψεσιν
3831 578 3998 629 ἐντυ-

2413 676 2547 746 χὼν,
2585 693 2604 727 t
2645 676 2710 727 ἐκ
2738 673 2833 727 τοῦ
2890 672 3104 741 Πατρδς
3139 672 3234 724 καὶ
3291 670 3385 723 τοῦ
3436 670 3567 724 Υἱοῦ
3602 671 3662 721 τὸ
3696 666 3920 737 Πνεῦμα
3964 683 3989 716 ο

2414 765 2820 832 θεολογούσαις,
2863 763 2955 815 τὸν
2994 761 3229 830 ἀριθμὸν
3262 760 3349 813 διὰ
3374 760 3435 812 τὸ
3468 759 3659 828 περιὸν
3710 756 3804 809 τοῦ
3851 754 3999 825 πλή-

2409 858 2534 916 θους
2565 856 2658 907 ἐπὶ
2691 857 2931 922 μάρτυρι
2959 855 3024 919 τῇ
3063 851 3295 917 ἀληθεία
3329 852 3428 901 οὐκ
3457 844 3610 911 οἶδας

2480 946 2545 1012 ζ’.
2581 946 2649 997 Ἀ
2684 944 2780 1013 μὲν
2812 940 2905 996 οὖν
2940 945 3073 1011 ἡμῖν
3104 945 3223 996 κατ’
3254 943 3507 995 ἔνστασιν
3537 941 3768 1010 ῥηθῆναι
3793 936 3999 1007 ἐκρίθη

2409 1022 2487 1099 είς
2518 1036 2841 1106 ἀποτροπὴν
2868 1037 2976 1088 τῶν
3009 1038 3071 1086 ἐκ
3111 1035 3271 1103 μόνου
3299 1034 3391 1087 τοῦ
3415 1033 3647 1100 nam,
3672 1032 3766 1084 καὶ
3789 1032 3852 1082 ἐκ
3894 1028 3998 1080 τοῦ

2411 1130 2623 1198 Πατρὸς
2661 1130 2755 1182 καὶ
2784 1129 2875 1180 τοῦ
2900 1127 3032 1180 Υἱοῦ
3060 1128 3239 1193 λέγειν
3266 1127 3324 1178 τὸ
3360 1125 3584 1194 Πνεῦμα
3615 1126 3643 1176 ὁ
3668 1124 3823 1191 λόγος
3854 1123 4000 1173 ἄνω-

2413 1218 2503 1269 θεν
2549 1217 2935 1286 ἐπηγγείλατο,
2974 1218 3054 1270 δεῖ
3090 1217 3517 1286 προηγουμένως
3566 1215 3666 1281 μὲν
3721 1215 3821 1281 τὴν
3858 1214 3998 1280 ὃλην

2412 1309 2716 1379 περικοπὴν
2732 1308 3175 1377 ἐγκαταστρῶσαι
3190 1309 3266 1377 τῷ
3282 1309 3442 1374 λόγῳ.
3504 1324 3608 1358 τινι
3625 1321 3688 1355 πε
3700 1306 3893 1375 ρικοπῇ
3909 1303 3996 1355 τό’

2424 1403 2527 1456 Ἐκ
2560 1401 2755 1471 μόνου
2794 1402 3112 1470 ἐμφέρεται.
3150 1400 3373 1467 ἑφεξῆς.
3399 1400 3454 1451 δὲ
3491 1401 3553 1450 τὸ
3586 1397 4002 1464 ἐπηγγελμένον

2412 1492 2844 1560 ἀφοσιώσασθαι·
2872 1491 2983 1560 ἔχει
3008 1491 3064 1543 δέ
3087 1494 3118 1562 ἡ
3139 1490 3413 1561 περικοπὴ
3444 1486 3545 1543 ὦδε
3564 1505 3578 1519 ·
3606 1509 3624 1541 ι
3645 1490 3711 1540 Ἢ
3730 1488 3999 1553 παναγία,

2416 1589 2509 1643 καὶ
2540 1588 2713 1656 σεπτὴ
2759 1585 2929 1655 Τριάς
2959 1584 3097 1653 πρὸς
3126 1584 3345 1636 πάντων
3374 1585 3483 1637 τῶν
3514 1583 3745 1643 αίώνων,
3775 1582 3869 1632 καὶ
3911 1582 4001 1640 είς

2416 1676 2504 1730 ἀεὶ
2542 1672 2882 1743 ὑπάρχουσα,
2917 1674 3185 1745 ἀχραντός
3213 1676 3354 1738 ἐστι,
3382 1674 3474 1725 καὶ
3494 1673 3686 1733 ἀΐδιος,
3712 1670 3998 1730 ἀκτιστος,

2417 1767 2671 1832 ἀόρατος.
2689 1767 3002 1836 ἀσώματος,
3026 1766 3410 1834 ἀκατάληπτος
3429 1780 3443 1795 ·
3477 1783 3494 1815 ι
3524 1767 3617 1815 καὶ
3651 1761 3769 1831 μετ’
3792 1760 3952 1827 ὀλίγα
3979 1775 3996 1790 ·

743 1851 1091 1918 incorporea,
1138 1852 1739 1919 incomprehensibilis.
1776 1874 1794 1907 t
1832 1854 1898 1909 Et
1926 1865 2047 1925 post
2081 1873 2253 1927 pauca
2293 1875 2307 1912 :
2349 1849 2393 1905 Β

2349 1844 2445 1907 Βῖ
2480 1857 2543 1909 Δί
2564 1858 2939 1927 προσκυνηταὶ
2956 1858 3103 1925 τρεῖς
3132 1856 3457 1919 ὑποστάσεις
3488 1854 3868 1923 γινώσκονται,
3898 1853 4002 1904 καὶ

751 1961 769 1992 ι
806 1943 1109 1997 Adorandm
1137 1953 1247 1998 tres
1275 1945 1602 2015 liypostases
1631 1958 2069 2015 cognoscuntur,
2104 1959 2159 2004 et
2194 1965 2313 2005 cre-

746 2036 949 2087 duntur
989 2035 1042 2087 in
1090 2034 1249 2090 Patre
1289 2037 1542 2106 principii
1577 2054 1861 2107 causmqne
1908 2050 2169 2107 experte,
2241 2042 2322 2095 in-

748 2126 966 2195 genito,
1028 2127 1390 2193 sempiterno;
1442 2140 1497 2182 et
1550 2129 1602 2182 in
1652 2129 1791 2183 Filio
1843 2129 2168 2200 Unigenito,
2228 2148 2322 2201 ge-

749 2227 938 2271 nerato
989 2217 1370 2285 ineﬂ‘abiliter,
1434 2222 1879 2289 impassibiliter,
1947 2223 2321 2288 indicibiliter,

750 2319 876 2362 ante
895 2309 1078 2363 omnia
1113 2312 1311 2365 smeula
1348 2328 1413 2367 ex
1442 2316 1679 2368 essentia
1713 2317 1832 2383 ipsa
1859 2317 2059 2378 Patris,
2091 2316 2326 2385 ideoque

752 2403 1223 2467 consubstantiali,
1260 2405 1503 2472 ejusdem
1544 2407 1726 2460 throni
1762 2416 1816 2461 et
1864 2408 2147 2477 dignitatis
2193 2425 2324 2462 eon-

752 2504 922 2557 sorte,
954 2494 1259 2548 secundum
1294 2496 1478 2549 omnia
1506 2496 1672 2550 simili
1704 2506 1760 2552 et
1791 2498 1984 2566 aquali
2018 2498 2163 2552 Patri
2189 2497 2326 2551 citra

753 2580 1136 2657 paternitatem
1161 2603 1175 2651 ;
1203 2586 1529 2655 principium
1557 2602 1683 2642 vero
1710 2598 1763 2642 et
1785 2576 2009 2643 causam
2040 2604 2135 2657 per
2167 2604 2328 2657 gene-

753 2678 1020 2731 rationem
1061 2678 1278 2731 Patrem
1312 2677 1544 2732 habente
1581 2695 1595 2731 :
1656 2688 1710 2732 et
1745 2679 1797 2732 in
1848 2679 2053 2746 Spiritu
2112 2688 2327 2742 sancto,

756 2772 1090 2832 viviﬁcante,
1121 2771 1424 2834 adorando,
1455 2772 1779 2839 procedente
1814 2787 1876 2824 ex
1916 2771 2095 2830 Patre.
2124 2772 2225 2824 hoc
2252 2782 2333 2824 est

757 2880 824 2919 ex
861 2865 1095 2917 essentia
1139 2861 1341 2926 Patris,
1385 2879 1492 2915 non
1551 2864 1909 2931 generatione
1970 2862 2330 2929 quemadmo-

758 2952 887 3006 dum
921 2950 1112 3012 Filius.
1147 2967 1215 3003 ne
1266 2950 1377 3003 duo
1434 2947 1555 3003 Filii
1609 2950 1717 3004 sint
1785 2952 1838 3003 in
1913 2933 2199 3011 Trinitate,
2236 2950 2332 3004 sed

759 3041 1110 3112 procedente,
1134 3047 1191 3091 ut
1224 3039 1430 3093 dictum
1464 3050 1571 3103 est,
1613 3054 1675 3091 ex
1710 3040 1825 3092 solo
1866 3037 2045 3100 Patre,
2073 3038 2235 3091 veluti
2267 3038 2334 3091 ab

761 3149 877 3196 ore,
904 3132 999 3186 sed
1026 3130 1119 3201 qui
1145 3130 1449 3198 comparuit
1490 3144 1585 3197 per
1626 3128 1847 3191 Filium,
1895 3131 2220 3195 locutusque
2253 3136 2336 3181 est

2428 1952 2779 2003 πιστεύονται
2824 1951 2882 2002 ὲν
2914 1950 3091 2019 Πατρὶ
3120 1948 3367 2017 ἀνάρχῳ,
3399 1948 3647 2013 ἀναιτίῳ,
3685 1945 4001 2011 ἀγεννήτῳ,

2428 2042 2601 2112 ἀϊδίῳ,
2639 2042 2734 2093 καὶ
2780 2043 2837 2094 ἐν
2870 2041 2986 2110 Υἱῷ
3018 2042 3320 2108 μονογενεῖ,
3365 2038 3679 2105 γεννηθέντι
3740 2034 4005 2107 ἀρρήτως

2432 2136 2526 2190 καὶ
2557 2134 2781 2196 ἀπαθῶς
2813 2133 2909 2185 καὶ
2945 2132 3244 2200 ἀφράστως
3282 2131 3387 2200 πρὸ
3417 2132 3638 2182 πάντων
3685 2127 3898 2179 αἰώνων
3934 2128 4007 2177 ἐκ

2426 2231 2527 2297 τῆς
2555 2228 2741 2289 οὐσίας
2775 2226 2945 2293 αὐτῆς
2967 2223 3061 2276 τοῦ
3094 2223 3325 2293 Πατρδς,
3363 2222 3456 2274 καὶ
3493 2220 3581 2272 διὰ
3608 2221 3767 2271 τοῦτο
3805 2222 4007 2286 ὀμοου-

2432 2314 2553 2383 σίῳ,
2591 2314 2686 2367 καὶ
2712 2313 3007 2383 συνθρόνῳ,
3045 2312 3189 2365 κατά
3219 2312 3398 2365 πάντα
3444 2311 3639 2379 ὁμοίῳ.
3667 2309 3760 2361 καὶ
3798 2309 3897 2376 ίσῳ
3921 2306 4009 2372 τῷ

2430 2407 2610 2475 Πατρὶ
2642 2407 2812 2475 χωρὶς
2833 2406 2932 2473 τῆς
2971 2404 3335 2474 πατρότητος,
3373 2401 3547 2472 ἀρχὴν
3589 2401 3646 2454 δὲ
3674 2399 3769 2453 καὶ⁸
3811 2398 4005 2453 αἰτίαν

2431 2500 2521 2552 τὸν
2547 2498 2768 2567 Πατέρα
2793 2497 2969 2567 ιχοντι
2993 2477 3289 2566 γεννητῶς,
3314 2497 3410 2547 καὶ
3435 2495 3493 2546 ἐν
3524 2492 3808 2561 Πνεύματι
3835 2491 4006 2558 ἁγίῳ,

2432 2588 2704 2658 ζωοποιῷ,
2735 2587 3220 2657 προσκυνουμένῳ,
3262 2585 3338 2655 τῷ
3376 2584 3797 2653 ἐκπορευομένῳ
3822 2585 3883 2633 ἐκ
3904 2582 4009 2633 τοῦ

2434 2681 2669 2750 Πατρδς,
2735 2679 3019 2732 τουτέστιν
3054 2680 3119 2731 ἐκ
3157 2679 3251 2746 τῆς
3283 2676 3470 2739 οὐσίας
3504 2676 3596 2729 τοῦ
3656 2674 3892 2743 Πατρδς.
3938 2674 4009 2725 οὐ

2433 2773 2728 2840 γεννητῶς,
2770 2770 3022 2837 καθάπερ
3060 2772 3088 2822 ὁ
3120 2771 3271 2834 Υἱὸς,
3309 2769 3396 2821 ἵνα
3448 2768 3522 2837 μὴ
3562 2767 3657 2819 δύο
3705 2768 3812 2818 υἱοὶ
3838 2769 3897 2817 ἐν
3930 2768 4007 2834 τῇ

2434 2864 2653 2930 Τριάδι,
2687 2863 2803 2915 ἀλλ’
2849 2862 3291 2930 ἐκπορευομένῳ,
3351 2860 3605 2926 καθάπερ
3648 2860 3889 2925 εἴρηται,
3939 2856 4013 2906 ἐκ

2439 2955 2602 3026 μόνου
2628 2953 2718 3007 τοῦ
2752 2953 2964 3022 Πατρὸς
2993 2951 3067 3013 ὡς
3096 2950 3204 3003 ἀπὸ
3239 2951 3529 3020 στόματος,
3561 2948 3822 3019 πεφηνότι
3852 2948 3906 3000 δὲ
3936 2947 4014 3001 δι’

2436 3045 2592 3107 Υἱοῦ,
2633 3045 2728 3097 καὶ
2766 3043 3063 3114 λαλήσαντι
3088 3043 3145 3094 ἐν
3170 3044 3283 3105 τοῖς
3312 3042 3487 3107 ἁγίοις
3511 3042 3643 3093 πᾶσι
3679 3040 4012 3107 προφήταις,

2439 3138 2533 3190 καὶ
2564 3137 2905 3198 ἀποστόλοις,
2949 3134 3113 3203 πλὴν,
3150 3134 3224 3196 ὡς
3257 3130 3432 3197 εἰπον,
3475 3134 3576 3200 τῆς
3620 3132 3806 3194 οὐσίας
3836 3129 4011 3182 αὐτοῦ

764 3226 817 3278 in
858 3224 1127 3278 universis
1157 3224 1362 3276 sanctis
1389 3221 1647 3289 apostolis
1688 3230 1741 3275 et
1802 3222 2102 3289 prophetis,
2133 3221 2334 3274 nihilo-
2362 3203 2404 3258 ο

2362 3203 2404 3258 c
2436 3228 2533 3281 τοῦ
2565 3228 2774 3297 [ἰατρὸς
2800 3229 2893 3279 καὶ
2931 3226 3024 3279 τοῦ
3062 3225 3195 3278 Υἱοῦ
3245 3225 3566 3293 ὑπάρχοντι,
3596 3226 3690 3276 καὶ
3722 3224 3784 3275 τὸ
3811 3223 4013 3292 ὁμοσύ-

767 3315 971 3377 minus,
1007 3313 1083 3366 uti
1105 3310 1241 3371 dixi,
1264 3326 1330 3363 ex
1358 3311 1595 3365 essentia
1616 3309 1763 3363 Patri
1793 3318 1847 3362 et
1867 3307 1991 3362 Filii
2017 3311 2335 3374 exsistente,

767 3416 821 3460 et
850 3405 1092 3474 ejusdem
1127 3418 1251 3457 cum
1272 3402 1433 3457 Patre
1471 3409 1526 3454 et
1554 3399 1697 3453 Filio
1723 3400 1996 3453 essentia.
2025 3398 2340 3453 lneommu-

770 3497 1023 3552 nicabilis
1050 3510 1177 3549 vero
1214 3504 1268 3547 et
1296 3495 1412 3562 ipse
1453 3500 1537 3546 est
1586 3490 2050 3560 quemadmodum
2088 3489 2246 3542 Pater
2286 3499 2342 3542 et

772 3590 945 3644 Filius
998 3588 1063 3641 ad
1099 3602 1319 3642 omnem
1372 3595 1682 3637 creaturam
1740 3583 2041 3636 secundum
2085 3580 2343 3634 essentire

774 3684 1067 3738 rationem.
1099 3700 1117 3732 ι
1157 3682 1223 3734 Ει
1255 3686 1594 3748 segmentum
1629 3675 1847 3744 quidem
1886 3675 1984 3727 hoc
2015 3682 2120 3729 est.

845 3776 897 3829 8.
944 3774 1052 3828 Nos
1092 3787 1261 3842 porro
1307 3772 1420 3840 jam
1473 3768 1882 3823 demonstrandi
1919 3777 2198 3819 certamen
2249 3780 2344 3834 ag-

778 3868 972 3936 gressi,
1003 3866 1105 3928 illi,
1132 3862 1539 3933 quidictionem
1577 3861 1775 3920 solam,
1818 3873 1882 3911 ex
1915 3857 2027 3911 solo
2070 3855 2347 3909 allirmau-

780 3972 885 4014 tem
935 3957 1148 4024 arripit,
1214 3954 1473 4009 dicimus.
1538 3951 1603 4004 Et
1651 3950 1779 4019 quid
1852 3949 1971 4011 tibi,
2033 3962 2065 4000 ο
2120 3946 2345 4017 optime,

783 4047 1039 4103 videtur?
1069 4044 1208 4099 Num
1254 4042 1599 4098 solummodo
1630 4039 1858 4093 dictioni
1898 4038 2026 4092 huic
2065 4037 2350 4090 attenden-

784 4143 914 4196 dum
949 4146 1053 4202 est,
1085 4152 1152 4190 an
1185 4151 1316 4190 vero
1338 4144 1392 4189 et
1420 4133 1560 4198 aliae,
1612 4146 1737 4202 quae
1763 4145 1883 4184 eam
1922 4129 2260 4199 praecedunt,
2297 4136 2351 4180 et

787 4233 1215 4301 subsequuntur,
1248 4228 1300 4279 in
1319 4236 1431 4280 toto
1460 4240 1525 4278 eo
1554 4231 1832 4293 segmento
1859 4221 2118 4290 appoailm
2141 4217 2349 4273 exami-

788 4322 1003 4382 nandae.
1032 4328 1083 4373 et
1110 4334 1174 4372 ex
1201 4316 1309 4370 illis
1340 4313 1594 4368 omnibus
1623 4312 1809 4373 simul,
1839 4311 1980 4363 dicta
2013 4309 2117 4361 alia
2149 4308 2353 4374 scripto

790 4412 989 4467 tradita
1030 4411 1094 4462 ad
1114 4415 1361 4462 mutuam
1409 4402 1757 4458 concordiam
1820 4400 2355 4464 consensionemque

799 4501 1149 4557 adducenda?
1178 4499 1274 4553 Sat
1301 4499 1418 4552 scio
1448 4506 1499 4549 te
1530 4510 1637 4548 non
1662 4494 1898 4563 primum
1930 4490 2027 4546 sed
2053 4490 2351 4545 secundum

794 4596 926 4649 mihi
952 4608 1331 4648 assensurum.
1361 4589 1492 4643 Etsi
1517 4589 1568 4641 id
1616 4596 1721 4649 est,
1752 4585 2038 4640 considera
2082 4591 2354 4647 sanctum,

794 4696 1087 4755 antequam
1125 4702 1143 4734 ι
1190 4699 1257 4736 ex
1309 4683 1427 4735 solo
1471 4698 1489 4731 ι
1548 4679 1779 4741 diceret,
1824 4694 1841 4726 ι
1901 4674 2234 4745 procedente
2293 4687 2359 4726 ex

793 4774 955 4830 Patre
994 4792 1013 4823 ι
1042 4772 1271 4833 dixisse,
1315 4789 1333 4821 ι
1372 4771 1476 4824 hoc
1498 4778 1581 4823 est
1634 4785 1701 4821 ex
1763 4766 2003 4821 essentia
2057 4764 2273 4831 Patris;
2334 4780 2353 4814 ι

796 4866 1055 4933 deinceps
1086 4863 1380 4921 addidisse,
1416 4881 1434 4912 ι
1475 4876 1581 4914 non
1607 4858 1959 4929 generatione
2004 4854 2363 4925 quemadmo-

799 4964 927 5013 dum
965 4956 1161 5015 Filius,
1190 4965 1257 5007 ne
1313 4954 1424 5007 duo
1479 4950 1576 5004 lilii
1632 4951 1742 5003 sint
1797 4949 1850 5001 in
1916 4946 2203 5009 Trinitate,
2268 4945 2361 4999 sed

799 5052 1146 5123 procedente,
1173 5058 1231 5102 ut
1263 5047 1469 5101 dictum
1499 5052 1606 5108 est,
1632 5058 1695 5096 ex
1734 5041 1852 5095 solo
1893 5038 2050 5092 Patre
2085 5038 2252 5091 veluti
2296 5036 2365 5089 ab

802 5169 921 5219 ore,
965 5153 1059 5208 sed
1098 5151 1191 5221 qui
1243 5148 1495 5220 apparuit
1546 5161 1641 5228 pyr
1702 5142 1923 5196 Filium.
1965 5161 1983 5193 ι
2027 5142 2083 5195 Si
2136 5152 2189 5194 tu
2237 5153 2366 5210 ergo

807 5245 1134 5300 sententiam
1164 5242 1276 5309 jam
1332 5242 1607 5294 dictorum
1647 5246 1931 5304 penetrare
1995 5232 2366 5300 concupiscis,

809 5353 930 5394 eum
958 5338 1078 5391 aliis
1119 5335 1319 5402 scripto
1347 5329 1747 5384 traditis‘dictis
1774 5324 2089 5381 eorumdem
2142 5336 2371 5376 consen-

807 5431 1016 5483 sionem
1050 5424 1334 5480 conferens
1370 5421 1655 5490 percipies.
1693 5421 1758 5473 Et
1801 5426 2005 5471 attento
2033 5417 2215 5468 animo
2247 5415 2321 5467 sis
2354 5430 2367 5467 :

816 5550 834 5581 ι
865 5528 1201 5584 Procedente
1231 5546 1249 5578 ι
1284 5528 1438 5598 prius
1474 5526 1613 5579 dixit
1650 5540 1668 5573 ι
1716 5537 1780 5576 ex
1814 5523 2051 5574 essentia
2101 5518 2303 5578 Patris,
2348 5535 2366 5568 ι

814 5634 927 5675 ιιιηι
950 5619 1230 5684 σιιιιοιιιίι,
1270 5637 1288 5670 ι
1319 5616 1668 5680 Procedente,
1699 5622 1757 5667 ut
1784 5612 1989 5664 dictum
2026 5620 2127 5673 est,
2159 5626 2221 5662 ex
2257 5610 2375 5666 solo

820 5713 991 5775 Patre,
1030 5711 1194 5765 veluti
1235 5711 1302 5763 ab
1326 5724 1440 5772 ore,
1479 5710 1571 5761 sed
1602 5706 1693 5774 qui
1726 5703 1975 5773 apparuit
2004 5718 2093 5770 per
2117 5700 2372 5755 Filium.»

818 5800 874 5857 Si
929 5805 1110 5873 itaque
1169 5822 1184 5855 ι
1242 5817 1308 5857 ex
1373 5801 1490 5857 solo
1554 5799 1717 5853 Patre
1772 5795 1935 5849 veluti
1992 5794 2189 5859 abere,
2239 5812 2255 5843 ›
2311 5794 2374 5844 ad

2442 3337 2559 3373 σιον
2595 3320 2774 3386 ἔχοντι
2812 3319 2949 3389 πρὸς
2976 3317 3196 3386 Πατέρα
3225 3318 3320 3369 καὶ
3349 3318 3499 3369 Υίόν.
3536 3315 3923 3383 ’Δκοινώνητον
3949 3315 4014 3367 δὲ

2441 3412 2535 3462 καὶ
2566 3407 2702 3460 αὐτό
2728 3408 2895 3471 ἐστιν,
2922 3405 3107 3475 ὥσπερ
3146 3408 3173 3458 ὁ
3199 3405 3386 3474 Πατὴρ
3411 3404 3506 3457 καὶ
3532 3404 3559 3455 ὁ
3586 3404 3716 3459 Υἱὸς
3746 3403 3882 3471 πρὸς
3905 3404 4017 3454 πᾶ-

2442 3515 2544 3552 σαν
2573 3498 2754 3550 κτίσιν
2788 3498 2932 3551 κατὰ
2956 3497 3048 3551 τὸν
3080 3497 3181 3565 τῆς
3228 3497 3413 3559 οὐσίας
3447 3496 3626 3561 λόγον.
3667 3496 3808 3550 Ἀλλ’
3839 3496 3872 3564 ἡ
3907 3494 4016 3564 μὶν

2443 3590 2722 3660 περικοπὴ
2756 3587 2919 3659 αὕτη.

2515 3777 2585 3850 η’.
2636 3779 2834 3849 Ἡμεῖς
2887 3777 2965 3841 δὲ,
3024 3777 3129 3849 ἤδη
3168 3775 3262 3829 τὸν
3319 3776 3459 3829 κατὰ
3517 3777 3618 3843 τὴν
3667 3777 4022 3844 παράστασιν

2448 3872 2633 3939 ἀγῶνα
2668 3871 3054 3939 ἀναδεχόμενοι
3107 3869 3246 3939 πρὸς
3278 3868 3369 3922 τὸν
3414 3868 3875 3936 ἐπιδραττόμενον
3909 3865 4020 3934 τῆς

2447 3965 2644 4030 λέξεως
2691 3964 2859 4033 μόνης
2907 3965 3008 4031 τῆς
3039 3961 3329 4029 λεγούσης,
3373 3960 3433 4012 τὸ
3462 3962 3529 4013 ἐκ
3564 3961 3778 4027 μόνου,
3809 3958 4019 4027 φαμέν.

2449 4057 2562 4113 Καὶ
2596 4056 2648 4109 τί
2685 4073 2767 4108 σοι
2810 4056 2978 4117 δοκεῖ,
3037 4054 3314 4123 βέλτιστες
3376 4052 3493 4121 μῶν
3531 4056 3597 4123 τῇ
3650 4052 3794 4117 λέξει
3838 4050 4022 4122 ταύτῃ

2455 4148 2594 4221 μόνῃ
2624 4146 2960 4217 προσχεῖν,ἣ
2987 4146 3079 4198 καὶ
3099 4146 3195 4207 τὰς
3224 4144 3330 4214 πρὸ
3355 4143 3546 4209 αὐτῆς,
3574 4141 3670 4194 καὶ
3702 4140 3819 4209 μετ’
3844 4139 4025 4210 αὐτὴν

2451 4243 2511 4294 ἐν
2544 4241 2694 4310 πάσῃ
2732 4242 2799 4309 τῆ
2847 4240 3122 4307 περικοπῇ
3167 4236 3552 4305 θεωρουμένας
3593 4233 3885 4299 σκοπῆσαι.
3923 4232 4025 4284 καὶ

2454 4334 2518 4385 ἐκ
2552 4332 2743 4384 πασῶν
2770 4329 2948 4383 αὐτῶν
2978 4328 3092 4398 ἅμα
3122 4326 3221 4388 τὰς
3244 4327 3521 4394 γραφικάς
3553 4326 3739 4393 ῥήσεις
3764 4321 4027 4389 ἀλλήλαις

2458 4424 2594 4493 πρὸς
2640 4424 2767 4489 μίαν
2786 4419 3215 4487 ἐπισυμὸιὸἀσαι
3250 4417 3361 4487 τὴν
3386 4416 3755 4483 συμφωνίανς
3784 4406 3912 4464 Οἶδα
3944 4411 4029 4480 μὴ

2380 4534 2434 4595 D
2460 4516 2596 4584 πρὸς
2626 4513 2687 4564 τὸ
2721 4511 2959 4581 πρῶτον,
2987 4510 3122 4563 ἀλλά
3154 4509 3288 4578 πρὸς
3321 4509 3384 4559 τὸ
3410 4507 3665 4577 δεύτερον
3699 4501 4032 4570 συντεθῆναί

2463 4625 2545 4662 σε.
2598 4608 2707 4660 Καὶ
2735 4606 2782 4656 εί
2832 4604 3011 4665 τοῦτο,
3043 4603 3313 4670 σκόπησον
3356 4598 3431 4660 ὡς
3463 4600 3489 4649 ὁ
3547 4597 3723 4664 ἅγιος,
3769 4592 3935 4662 πρινὴ
3966 4591 4035 4643 τδ

2468 4716 2486 4747 ι
2525 4699 2589 4749 ἐκ
2643 4696 2805 4764 μόνου
2850 4712 2867 4743 ι
2911 4695 3108 4756 εἰπεῖν,
3150 4709 3167 4741 t
3224 4689 3300 4759 τῷ
3353 4687 3798 4758 ἐκπορευομένῳ,
3842 4702 3859 4735 t
3898 4682 4032 4749 ἔφη,

2470 4809 2487 4841 ι
2531 4792 2595 4842 ὲκ
2628 4786 2722 4840 τοῦ
2770 4785 3004 4854 Πατρὸς.
3047 4802 3065 4835 ι
3110 4782 3394 4835 τουτέστιν
3447 4781 3511 4832 ὲκ
3570 4778 3672 4847 τῆς
3703 4775 3890 4835 οὐσίας
3931 4773 4036 4827 τοῦ

2466 4880 2704 4950 Πατρὸς,
2734 4898 2752 4931 ι
2793 4881 2888 4929 καλ.
2918 4876 3092 4937 οὕτως
3120 4874 3421 4941 ἐπήγαγεν,
3459 4891 3479 4922 ι
3517 4871 3576 4924 οὐ
3606 4866 3901 4937 γεννητῶς,
3928 4882 4039 4917 κα-

2468 4972 2644 5041 θάπερ
2676 4972 2703 5022 ὁ
2736 4969 2885 5032 Υἱὸς,
2927 4968 3015 5020 ἵνα
3073 4965 3148 5035 μὴ
3194 4964 3289 5017 δύο
3338 4964 3445 5017 υἱοὶ
3466 4964 3524 5014 ἐν
3552 4965 3619 5031 τῇ
3672 4960 3885 5031 Τριάδι,
3915 4958 4023 5009 ἀλλ

2466 5059 2916 5130 ἐκπορευομένῳ,
2967 5056 3221 5126 καθάπερ
3278 5055 3531 5124 εἴρηται,
3600 5056 3663 5105 ἐκ
3717 5052 3881 5120 μόνου
3935 5047 4041 5100 τοῦ

2470 5153 2680 5222 Πατρὸς
2717 5152 2792 5212 ὼς
2832 5150 2939 5202 ἀπὸ
2970 5148 3261 5216 στόματος,
3301 5146 3565 5215 πεφηνότι
3616 5143 3672 5195 δὲ
3701 5142 3771 5194 δι’
3808 5138 3961 5193 Υίοῦ.
4018 5158 4037 5190 ι

2470 5247 2533 5300 Εἰ
2576 5245 2709 5313 γοῦν
2740 5245 2803 5294 σὺ
2836 5240 3144 5309 ἐμϐαθύναι
3195 5239 3440 5305 θελήσεις
3478 5238 3547 5304 τῇ
3576 5234 3785 5301 διανοίᾳ.
3810 5230 3918 5282 τῶν
3952 5229 4044 5281 εί-

2474 5338 2728 5409 ρημένων
2764 5332 2963 5401 ῥητῶν,
3010 5331 3109 5399 τὴν
3139 5331 3274 5398 πρὸς
3309 5328 3407 5389 τάς
3438 5325 3604 5389 ἄλλας
3634 5322 3907 5393 γραφικεις
3941 5322 4048 5391 pi]-

2474 5444 2587 5487 σεις
2613 5421 2885 5493 ἀρμονίαν
2915 5422 3016 5489 τῆς
3048 5420 3230 5473 αὐτῶν
3288 5415 3610 5487 συμφωνίας
3656 5411 4045 5479 κατανοήσεις.

2475 5521 2615 5588 Ὅρα
2642 5517 2769 5585 γὰρ,
2822 5533 2837 5564 ι
2878 5513 2954 5582 τῷ
2981 5511 3427 5581 ἐκπορευομένῳ,
3477 5525 3495 5558 t
3559 5504 3847 5575 πρότερον,
3905 5502 4049 5571 ἔφη,

2483 5611 2599 5661 «ἐκ
2647 5608 2745 5676 τῆς
2803 5606 2990 5666 οὐσίας
3032 5602 3125 5656 τοῦ
3188 5599 3420 5670 Πατρὸς,
3480 5617 3498 5650 ι
3554 5593 3675 5650 εἶτα
3733 5594 4049 5661 ἐπήγαγεν,

2486 5722 2501 5753 ι
2542 5698 2988 5768 ἐκπορευομένῳ,
3043 5694 3294 5760 καθάπερ
3331 5691 3570 5758 εἴρηται,
3625 5691 3688 5739 ἐκ
3747 5686 3906 5753 μόνου
3946 5684 4051 5738 τοῦ

2485 5791 2717 5861 ιιατρὸς,
2749 5789 2821 5849 ὼς
2855 5791 2960 5840 ἀπὸ
3004 5787 3293 5854 στόματος,
3331 5781 3591 5850 πεφηνότι
3627 5779 3683 5831 δὲ
3717 5778 3783 5829 δι’
3824 5775 3980 5829 Υἱοῦ.
4026 5792 4047 5826 t
