4214 6442
820 392 926 459 263

823 603 893 656 tis
914 616 1004 667 per
1040 598 1408 668 propositione
1442 612 1547 647 mn
1574 595 1931 657 concedente,
1970 610 2034 647 ex
2078 595 2196 646 solo
2232 593 2391 648 Patre

821 692 879 746 in
918 690 1236 745 exsistentia
1276 687 1511 756 Spiritus
1544 702 1625 741 ex.
1668 685 1824 738 Patre
1877 686 1928 737 in
1982 685 2389 738 distinctionem

823 782 947 838 Filii
978 782 1173 849 accipi,
1218 780 1583 833 suademusne
1612 778 1706 831 tibi
1735 777 1843 845 jam
1878 777 2059 842 dictis,
2099 777 2236 829 hanc
2266 791 2394 829 sen-

825 876 1050 930 tentiam
1086 872 1361 940 amplecti,
1414 886 1481 922 an
1535 884 1666 923 vero
1728 878 1780 921 et
1830 868 1949 922 aliis
1980 866 2395 921 auctoritatibus

826 968 1045 1033 scriptis
1095 966 1324 1033 indiges,
1378 974 1436 1016 ut
1486 962 1692 1015 clarius
1728 962 1994 1025 aduliscas,
2034 961 2099 1012 ad
2139 973 2395 1028 compro-

826 1055 1089 1117 bandum,
1125 1056 1352 1122 primam
1382 1066 1602 1105 causam
1644 1051 1857 1104 Patrem
1938 1064 2055 1104 esse
2098 1058 2262 1117 atque
2311 1048 2401 1102 in-

826 1148 1015 1211 telligi,
1042 1144 1172 1198 illud
1204 1161 1224 1195 ι
1258 1158 1322 1197 ex
1352 1144 1469 1197 solo
1502 1143 1658 1195 Patre
1695 1161 1712 1192 ι
1753 1140 1950 1209 accipi,
1984 1141 2028 1193 si
2070 1140 2229 1192 modo
2264 1138 2398 1193 liac-

830 1246 992 1291 tenus
1028 1238 1079 1288 in
1115 1235 1389 1303 aliquibus
1430 1234 1747 1300 theologicis
1780 1231 1939 1284 dictis
1967 1230 2189 1298 reperiri
2228 1228 2400 1283 conti-

830 1327 1006 1395 gerit?
1052 1326 1148 1377 Sat
1180 1325 1294 1378 scio
1350 1324 1451 1376 alia
1498 1337 1715 1389 quoque
1768 1319 2071 1372 testimonia
2126 1319 2222 1371 tibi
2265 1332 2400 1386 opus

830 1431 953 1471 esse
985 1431 998 1465 :
1036 1431 1157 1483 qua:
1186 1415 1315 1467 licet
1362 1429 1469 1466 non
1505 1414 1815 1480 exigantur,
1865 1411 1918 1463 in
1953 1409 2188 1462 medium
2222 1418 2399 1461 tamen

832 1522 862 1560 a
886 1508 1068 1559 nobis
1111 1506 1421 1559 necessario
1469 1503 1811 1566 adducenda,
1849 1517 1971 1555 cum
2006 1516 2069 1555 ea
2101 1516 2261 1569 supra
2301 1515 2402 1554 nos

832 1600 1096 1651 allaturos
1125 1597 1560 1665 promiserimus.
1594 1595 1819 1662 Magnus
1846 1592 2076 1645 Basilius
2106 1592 2156 1642 in
2200 1606 2302 1642 una
2336 1590 2400 1643 ad

827 1688 1266 1756 Amphilochium
1291 1687 1543 1754 epistola,
1564 1685 1725 1752 cujus
1751 1682 2098 1751 principium,
2130 1700 2147 1731 ι
2189 1681 2398 1734 Dictum

834 1779 964 1833 illud
996 1781 1369 1847 evangelicum
1397 1778 1691 1830 multorum
1718 1776 2018 1844 quaestione
2046 1773 2401 1842 exagitatam,

829 1870 896 1921 de
929 1869 1157 1920 Domino
1172 1866 1299 1920 Jesu
1325 1867 1562 1930 Christo,
1585 1868 1869 1935 ignorante
1890 1865 2031 1918 diem
2061 1874 2113 1918 et
2132 1865 2342 1925 horam,
2375 1881 2393 1911 ι

830 1958 1020 2012 scribit
1046 1976 1060 2011 :
1105 1978 1122 2009 ι
1154 1957 1287 2010 lllttd
1322 1956 1490 2010 Nemo
1510 1956 1722 2008 videtur
1752 1968 1898 2007 certe
1932 1954 2134 2006 dictum
2160 1951 2396 2022 generali

830 2050 1089 2116 notione;
1128 2050 1201 2103 ita
1253 2062 1311 2102 ut
1344 2064 1410 2101 ne
1446 2062 1675 2116 persona
1710 2046 1926 2114 quidem
1974 2044 2079 2096 ulla
2116 2044 2288 2112 excipi
2319 2043 2399 2095 ti-

832 2141 1044 2202 deatur,
1094 2149 1149 2192 at
1210 2156 1316 2192 non
1374 2154 1494 2192 esse
1551 2140 1624 2190 ita
1681 2135 2081 2205 accipiendum,
2122 2150 2224 2188 usu
2282 2134 2400 2203 ipso

835 2233 1243 2299 Scripturarum
1305 2230 1782 2297 deprehendimus.
1842 2226 1973 2279 Nam
2029 2227 2233 2279 dictum
2295 2236 2399 2292 est,

838 2340 857 2374 ι
894 2323 1064 2375 Nemo
1092 2324 1266 2374 b0nus
1306 2321 1410 2373 nisi
1456 2320 1605 2374 solus
1642 2318 1779 2371 Deus
1810 2317 1875 2381 ⁸⁷,
1912 2335 1931 2368 ι
1963 2325 2017 2369 at
2058 2330 2398 2385 nequaquam

833 2427 900 2467 eo
924 2412 1047 2476 loci,
1083 2427 1140 2464 se
1184 2411 1356 2464 Filius
1385 2413 1576 2463 statuit
1599 2420 1749 2461 extra
1786 2422 2003 2461 omnem
2049 2406 2177 2460 boni
2208 2420 2402 2460 nume-

834 2521 979 2573 rum,
1024 2513 1079 2557 et
1116 2504 1403 2566 rationem,
1453 2516 1574 2554 cum
1631 2499 1775 2553 istud
1837 2500 2088 2553 diceret:
2125 2498 2219 2551 sed
2275 2513 2400 2551 cum

834 2596 992 2651 Pater
1014 2595 1085 2650 sit
1115 2596 1349 2663 primum
1369 2602 1421 2645 et
1442 2590 1736 2660 principale
1766 2591 1992 2654 bonum,
2018 2588 2401 2644 subintellecto

834 2690 1030 2758 primo,
1063 2684 1338 2739 credimus
1388 2684 1495 2736 dici
1553 2682 1877 2735 secundum.
1914 2699 1932 2731 ι
1966 2681 2232 2749 Conspice
2286 2689 2401 2734 tum

836 2780 1100 2847 sapientia
1133 2774 1639 2842 incomparabilem,
1660 2783 1772 2825 tum
1807 2773 1968 2827 rebus
1989 2773 2113 2826 aliis
2146 2787 2397 2841 magnum

841 2872 1179 2937 multumque
1220 2868 1501 2928 Basiliam,
1530 2882 1764 2934 quanam
1796 2866 2133 2934 expositione
2168 2878 2401 2932 evange-

835 2961 998 3014 licum
1039 2958 1242 3011 dictum
1295 2974 1310 3009 :
1359 2975 1377 3007 ι
1439 2956 1607 3009 Νοιηο
1635 2956 1808 3008 bonus
1836 2955 1941 3007 nisi
1981 2956 2131 3007 solus
2164 2952 2326 3019 Deus,
2374 2971 2392 3005 ι

821 3052 1081 3113 .adornet.
1122 3048 1306 3101 Palam
1342 3049 1489 3102 enim
1524 3046 1785 3111 insinuat,
1833 3043 2009 3101 Patris
2057 3059 2258 3098 nomen
2303 3046 2403 3098 de-

837 3145 1013 3198 notari
1045 3142 1224 3195 verbis
1261 3142 1388 3203 illis,
1423 3159 1441 3190 ι
1488 3140 1594 3193 nisi
1647 3139 1798 3193 solus
1842 3139 1998 3192 Deus.
2043 3157 2060 3188 ι
2096 3136 2178 3191 01)
2222 3137 2272 3190 id
2317 3144 2400 3191 et-

837 3235 981 3288 enim
1027 3232 1325 3300 snbjungit,
1359 3249 1377 3282 ι
1420 3232 1488 3283 At
1529 3215 1867 3297 nequaquam
1926 3244 1990 3282 eo
2020 3228 2121 3281 loci
2148 3243 2207 3281 se
2235 3226 2403 3283 Filius

838 3324 1029 3380 statuit
1058 3331 1213 3377 extra
1245 3337 1461 3375 onmem
1498 3320 1623 3373 boni
1652 3335 1958 3385 numerum,
1987 3334 2111 3373 cum
2145 3318 2285 3372 istud
2318 3319 2373 3372 di

837 3425 1007 3470 ceret.
1044 3430 1063 3465 ι
1102 3412 1236 3466 Nam
1266 3427 1390 3466 cum
1438 3413 1687 3473 dixisset,
1730 3429 1747 3461 ι
1801 3410 1906 3463 nisi
1962 3410 2109 3464 solus
2168 3408 2333 3475 Deus,
2377 3428 2395 3463 ι

839 3506 1096 3573 deinceps
1134 3507 1449 3565 adnectens,
1489 3520 1507 3551 ι
1556 3518 1661 3555 non
1690 3512 1842 3555 extra
1873 3517 2088 3556 omnem
2140 3502 2269 3555 boni
2301 3517 2405 3555 nu-

841 3612 1050 3650 merum
1100 3596 1453 3662 semetipsum
1496 3592 1671 3648 Filius
1701 3595 1955 3658 collocat,
1998 3608 2120 3647 cum
2171 3594 2285 3647 haec
2317 3595 2405 3647 di-

841 3698 1006 3741 ceret.
1049 3705 1067 3736 »
1104 3686 1178 3740 De
1225 3684 1384 3740 Patre
1424 3686 1511 3738 illa
1541 3687 1683 3738 dicta
1718 3700 1837 3739 esse
1869 3685 2216 3754 signitiCavit,
2250 3703 2266 3735 ι
2299 3684 2406 3740 nisi

842 3778 992 3831 solus
1024 3779 1182 3830 Deus.
1220 3796 1238 3827 ι
1273 3778 1559 3846 Exponens
1591 3792 1772 3844 porro,
1801 3791 1910 3845 quo
1934 3788 2085 3844 pacto
2106 3790 2213 3829 una
2244 3775 2407 3829 simul

843 3871 1063 3939 intelligi
1094 3881 1275 3938 potest
1299 3869 1466 3922 Filius
1497 3884 1620 3921 cum
1661 3869 1843 3933 Patre,
1875 3880 1928 3922 et
1962 3884 2069 3921 non
2110 3868 2344 3936 disjttngi
2374 3883 2403 3920 a

843 3954 1001 4009 Patre.
1029 3957 1081 4007 in
1128 3957 1439 4024 eraiigeltco
1480 3958 1582 4010 hoc
1631 3957 1795 4020 dicto,
1834 3974 1853 4007 ι
1893 3955 2063 4009 Nemo
2095 3957 2271 4011 bonus
2302 3956 2404 4011 nisi

844 4046 995 4100 solus
1018 4044 1183 4110 Deus,
1226 4065 1245 4097 ι
1290 4061 1481 4101 rursus
1502 4047 1795 4111 subnectit,
1826 4064 1844 4095 ι
1878 4047 1971 4100 sed
2003 4062 2126 4101 cum
2158 4045 2314 4100 Pater
2337 4048 2408 4100 sit

844 4138 1077 4206 primum
1131 4146 1186 4191 et
1240 4138 1536 4208 principale
1589 4139 1811 4200 bonum,
1843 4138 2117 4193 credimus
2166 4141 2407 4193 secundo

844 4226 967 4281 loco
987 4228 1092 4281 dici
1126 4227 1351 4281 bonum.
1384 4246 1404 4280 ι
1433 4231 1517 4283 An
1556 4229 1662 4281 hoc
1685 4227 1976 4281 dilucidius
2005 4227 2183 4281 aﬁcrri
2212 4236 2404 4297 potest,

845 4320 911 4371 ad
949 4319 1307 4387 probandum,
1336 4332 1442 4372 non
1472 4320 1539 4372 ad
1573 4318 1980 4373 distinctionem
2012 4316 2132 4372 Filii
2164 4334 2407 4389 pronun-

848 4408 1047 4475 tiari”
1080 4408 1248 4463 Nemo
1271 4410 1446 4465 bonus
1481 4410 1584 4465 nisi
1626 4410 1775 4464 solus
1809 4409 1972 4477 Deus,
2022 4428 2041 4461 ι
2087 4410 2179 4464 sed
2211 4410 2276 4462 ad
2308 4409 2409 4464 de—

1849 387 2059 449 JOAN.
2104 386 2321 449 VECCI
2359 387 2467 445 (ΣΡ.
2512 385 3021 448 ΡΑΤΒῘΑΒΟΙΙ.Ε

895 509 981 564 14.
1015 506 1126 561 Hoc
1149 515 1306 575 pacto
1337 519 1464 575 ergo
1486 517 1546 556 ex
1569 504 1894 557 testimoniis
1919 506 2124 571 scripto
2156 504 2385 555 manda-
2414 513 2453 570 Α

2420 1838 2481 1891 ’Β

2561 505 2644 558 ιδ’.
2704 506 2861 557 Οῦτω
2922 505 3053 573 γοῦν
3089 506 3198 558 ἀπὸ
3238 507 3485 576 χρήσεων
3516 505 3807 577 γραφικῶν
3837 509 3934 577 τῆς
3976 509 4073 560 διὰ

2497 597 2806 664 προθέσεως
2848 598 2921 665 μὴ
2964 600 3423 667 παραχωρούσης,
3478 599 3538 650 τὸ
3568 616 3586 648 ι
3620 601 3683 650 ἐκ
3748 598 3909 663 μόνον
3970 596 4069 649 τοῦ

2495 689 2708 754 Πατρὸς
2739 708 2756 739 t
2796 691 2851 740 ὲν
2880 693 2943 758 τῇ
2977 691 3037 740 ἐκ
3075 688 3283 759 Πατρδς
3334 690 3563 758 ὑπάρξει
3616 689 3712 741 τοῦ
3753 689 4074 757 Πνεῦματος

2496 780 2575 839 εἰς
2610 778 2905 848 διαστολὴν
2937 780 3317 848 λαμϐάνεσθαι
3344 782 3437 832 τοῦ
3473 779 3622 845 Υἰοῦ,
3656 777 3764 848 ἆρά
3793 798 3854 847 γε
3893 780 4067 832 πείθο-

2500 870 2601 939 μέν
2657 887 2713 921 σε
2766 873 2828 923 ἐκ
2885 870 2993 922 τῶν
3038 872 3138 941 ἠδη
3182 872 3491 941 εἰρημένων
3532 874 3666 941 ημῖν
3716 872 3812 941 τὴν
3863 871 4074 922 ἔννοιαν

2499 961 2907 1031 παραδέξασθαι
2932 962 3157 1032 ταύτην,
3189 964 3221 1033 ἢ
3257 965 3340 1015 δεῖ
3384 980 3469 1015 σοι
3502 966 3595 1015 καὶ
3637 962 3839 1032 ἑτέρων
3872 980 4071 1030 γραφι-

2499 1054 2610 1105 κῷν
2666 1054 3004 1123 μαρτυριῶν,
3062 1054 3212 1116 ὅπως
3264 1055 3329 1108 ἂν
3384 1055 3722 1122 σαφέστερον
3765 1059 3951 1122 γνοίης
3994 1056 4074 1116 εἰς

2502 1146 2847 1213 παράστασιν
2870 1145 2962 1197 τοῦ
2996 1147 3212 1215 πρῦιτον
3242 1148 3415 1197 αἴτιον
3447 1150 3537 1197 τὸν
3570 1146 3789 1215 Πατέρα
3823 1142 3960 1197 εἶναι
3990 1162 4076 1209 τε,

2503 1239 2595 1287 καὶ
2632 1236 2867 1287 νοεῖσθπι
2913 1239 2973 1287 τὸ
3030 1256 3047 1285 ι
3084 1239 3146 1289 ἐκ
3208 1254 3377 1304 pavor)
3417 1255 3435 1287 ι
3500 1237 3877 1305 λαμϐάνεσθαι
3918 1255 3934 1286 ι
3976 1234 4077 1285 τοῦ

2504 1328 2737 1397 Πατρὸς,
2770 1345 2788 1378 ι
2824 1328 2982 1397 εἴπερ
3012 1329 3077 1381 Ξιν
3103 1329 3239 1389 τέως
3268 1327 3429 1379 τοῦτο
3464 1328 3557 1380 καὶ
3588 1327 3842 1397 εὑρεθείη
3876 1328 3931 1379 ἓν
3960 1342 4077 1377 τισι

2506 1418 2838 1486 θεολογικαῖς
2863 1418 3053 1488 ῥήσετι
3090 1420 3343 1487 κείμενον
3378 1436 3391 1481 ;
3427 1414 3556 1470 Οἶδα
3600 1418 3674 1480 ὡς
3716 1420 3797 1470 δεῖ
3852 1435 3932 1468 σοι
3976 1420 4078 1468 καὶ

2508 1510 2823 1578 μαρτυριῶν
2858 1510 3083 1575 ἑτέρων,
3112 1510 3178 1572 ἃς
3216 1511 3309 1563 καὶ
3347 1510 3422 1578 μὴ
3460 1509 3877 1576 ἀπαιτούμενοι.
3912 1510 4078 1576 ἡμεῖς

2508 1600 2844 1665 προαγαγεῖν
2873 1599 3293 1667 ἠναγκάσμεθα,
3325 1599 3399 1660 ὠς
3454 1599 3513 1648 ὲν
3538 1601 3652 1660 τοῖς
3688 1599 3950 1650 ἀνωτάτω
3977 1594 4079 1648 τοῦ

2505 1687 2665 1753 λόγου
2711 1688 2881 1749 αὑτὰς
2932 1689 3527 1756 προεπαγγειλὰμενοι.
3576 1689 3632 1738 ὐ
3689 1688 3864 1755 μέγας
3914 1686 4079 1737 Βασί-

2508 1778 2651 1840 λειος
2693 1780 2749 1830 ὲν
2813 1780 2913 1848 μιᾷ
2952 1778 3059 1829 τῶν
3107 1777 3239 1846 πρὸς
3278 1777 3624 1847 ’Δμφιλὸχιον
3655 1775 3976 1837 ἐπιστολῶν,
4009 1769 4080 1841 ἧς

2511 1871 2543 1940 ὴ
2573 1869 2735 1939 ἀρχὴ,
2780 1888 2796 1920 ι
2846 1869 3215 1939 Ἐζητημένον
3250 1868 3349 1937 ἤδη
3385 1870 3539 1937 παρὰ.
3572 1867 3788 1929 πολλοῖς
3822 1867 3878 1918 τὸ
3904 1867 4081 1934 Εὐαγ-

2507 1961 2726 2027 γελικὸν
2776 1961 2963 2029 ῥητὸν,
2994 1959 3249 2029 περὶτοῦ
3313 1960 3530 2028 ἀγνοεῖν
3560 1960 3649 2011 τὸν
3684 1958 3885 2028 Κύριον
3917 1958 4079 2026 ἡμῶν

2521 2052 2726 2123 Ἰησοῦν
2770 2052 3005 2119 Χριστὸν
3056 2052 3155 2121 τὴν
3205 2051 3418 2122 ἡμέραν
3470 2052 3563 2103 τοῦ
3621 2051 3806 2111 τέλους
3851 2049 3945 2100 καὶ
3974 2049 4081 2117 τὴν

2506 2145 2676 2214 ὥραν,
2719 2164 2736 2196 t
2780 2144 2937 2213 φησὶ,
2987 2162 3005 2195 ι
3044 2143 3117 2196 Τὸ
3167 2144 3368 2208 οὐδεὶς
3436 2142 3725 2195 καθολικδν
3778 2141 3877 2209 μὲν
3931 2134 4081 2191 εἶναι

2507 2238 2654 2290 δοκεῖ
2702 2237 2870 2307 ῥῆμα,
2908 2236 2981 2298 ὡς
3019 2234 3153 2304 μηδὲ
3183 2235 3239 2287 ἓν
3273 2236 3561 2304 πρόσωπον
3606 2233 3695 2285 διὰ
3741 2233 3841 2301 τῆς
3891 2230 4081 2300 φωνῆς

2507 2328 2711 2395 ταύτης
2740 2327 3153 2395 ὑπεξαιρείσθαι
3178 2342 3191 2356 ·
3233 2326 3350 2377 ἐστι
3382 2325 3437 2378 δὲ
3480 2326 3580 2396 οὐχ
3618 2324 3759 2377 οὕτω
3804 2328 3955 2392 παρὰ
4008 2326 4080 2392 τῇ

2506 2420 2697 2487 Γραφῇ
2750 2418 3177 2486 ἀναφερόμενον,
3234 2414 3309 2476 ὡς
3368 2416 3754 2485 τετηρήκαμεν
3810 2416 3903 2465 ἐπὶ
3956 2410 4079 2475 τοῦ,

2513 2509 2720 2574 Οὐδεὶς
2746 2510 2967 2576 ἀγαθὸς
2988 2512 3037 2560 εὶ
3061 2508 3145 2575 μὴ
3182 2502 3268 2573 εἷς
3297 2508 3460 2571 Θεός.
3486 2507 3619 2558 Οὐδὲ
3654 2508 3762 2575 γὰρ
3794 2507 3910 2557 ἐκεῖ
3944 2506 4084 2555 ἐαυ-

2508 2601 2599 2653 τδν
2626 2588 2729 2663 ἔξω
2761 2598 2929 2662 τιθεὶς
2962 2600 3061 2667 τῆς
3094 2599 3187 2651 τοῦ
3219 2599 3425 2667 ἀγαθοῦ
3462 2588 3673 2666 φύσεως
3695 2600 3722 2649 6
3751 2597 3874 2657 res;
3906 2596 4083 2648 ταῦτα

2508 2691 2657 2757 λέγει
2683 2704 2697 2717 ”
2726 2688 2844 2742 ἀλλ’
2874 2688 3061 2758 ἐπειδὴ
3106 2687 3168 2740 τὸ
3199 2690 3415 2758 πρῶτον
3448 2689 3655 2755 ἀγαθὸν
3684 2690 3710 2739 6
3743 2687 3955 2754 Πατὴρ,
3999 2684 4085 2753 τῷ

2508 2782 2707 2846 οὐδεὶς
2742 2782 3256 2849 συνυπακουομένου
3294 2781 3388 2833 τοῦ
3422 2781 3664 2850 πρώτου,
3710 2779 3771 2831 τὸ
3822 2778 4086 2845 δεύτερον

2509 2875 2761 2944 εἰρῆσθαι
2797 2874 3150 2943 πιστεύομεν.
3194 2891 3212 2923 ι
3254 2874 3398 2943 Ὅρα
3429 2873 3519 2924 τὸν
3551 2872 3649 2942 τὴν
3685 2870 3876 2938 σοφίαν
3908 2869 4086 2935 ἀσύγ-

2508 2983 2728 3037 κριτον,
2782 2967 2876 3018 καὶ
2920 2965 3089 3017 πολὺν
3141 2967 3235 3017 καὶ
3302 2968 3475 3035 μέγαν
3534 2964 3811 3017 Βασίλειον
3845 3002 3860 3024 ,
3916 2962 4086 3021 ποίας

2511 3058 2825 3127 ἐξηγήσεως
2862 3058 2921 3110 τὸ
2960 3057 3335 3126 Εὑαγγελικὸν
3388 3059 3552 3129 ῥητὸν
3598 3056 3739 3121 ἀξιοῖ
3798 3055 3880 3116 τὸ,
3926 3071 3943 3104 ι
3984 3053 4088 3103 οὺ-

2510 3149 2619 3211 δεὶς
2652 3149 2878 3216 ἀγαθὸς,
2927 3150 2976 3199 εἰ
3013 3150 3087 3218 μὴ
3121 3143 3198 3209 εἷς
3231 3150 3258 3200 ὀ
3289 3148 3441 3209 Θεόέ.
3482 3167 3500 3199 ι
3556 3146 3845 3216 Προδήλως
3876 3147 3984 3213 γὰρ
4019 3144 4087 3194 τὸ

2511 3238 2604 3292 τοῦ
2646 3240 2858 3307 Πατρὸς
2896 3239 3260 3308 ἐμφαίνεσθαι
3312 3240 3463 3309 δηλοῖ
3492 3240 3684 3307 ὄνομα,
3737 3240 3794 3289 έν
3830 3237 3905 3305 τῷ
3962 3255 3979 3286 ι
4025 3240 4081 3289 εἰ

2514 3329 2591 3400 μὴ
2623 3325 2702 3391 εἷς
2735 3332 2761 3380 6
2785 3329 2937 3390 Θεός.
2978 3346 2998 3380 ι
3043 3329 3141 3379 Διὰ
3159 3328 3321 3379 τοῦτο
3358 3327 3461 3396 γὰρ
3498 3327 3716 3395 ἐπάγει,
3754 3339 3773 3375 ι
3800 3322 3933 3376 Οὐδὲ
3970 3323 4087 3391 γὰρ

2512 3424 2628 3475 ἐκεῖ
2660 3422 2852 3474 ἑαυτὸν
2902 3421 3006 3485 ἔξω
3035 3421 3202 3484 τιθεὶς
3246 3421 3343 3489 τῆς
3378 3419 3472 3471 τοῦ
3520 3418 3725 3486 ἀγαθοῦ
3761 3416 4000 3485 φύσεως,
4053 3417 4088 3465 ὁ

2512 3512 2640 3576 Υἱὸς
2693 3515 2868 3566 ταῦτα
2925 3514 3097 3581 λέγει.
3131 3532 3150 3565 ι
3198 3514 3383 3566 Εἰπὼν
3439 3514 3571 3580 γὰρ,
3626 3528 3644 3562 ι
3690 3510 3737 3561 εἰ
3789 3512 3862 3578 μη
3922 3501 4002 3567 εἷς
4054 3507 4089 3557 6

2510 3607 2665 3673 Θεὸς,
2713 3602 2832 3657 εἶτα
2880 3605 3173 3674 ἐπαγαγὼν
3199 3606 3273 3668 ὡς
3304 3622 3322 3655 ι
3366 3606 3487 3673 οὐχ).
3526 3603 3630 3667 ἔξω
3671 3603 3837 3664 τιθεὶς
3887 3601 4088 3652 ἑαυτὸν

2509 3697 2610 3768 τῆς
2640 3696 2735 3750 τοῦ
2768 3698 2972 3766 ἀγαθοῦ
3007 3697 3245 3766 φύσεως,
3275 3698 3302 3747 6
3332 3696 3453 3758 Υἱὸς
3484 3695 3656 3748 ταῦτα
3682 3694 3851 3760 λέγει,
3891 3710 3909 3742 ι
3951 3709 4035 3757 πε,
4061 3693 4091 3744 ‘t

2512 3791 2605 3843 τοῦ
2659 3787 2867 3859 Πατρὺς
2920 3789 3171 3859 εἰρῆσθαι
3207 3788 3474 3857 δεδήλωκε
3524 3787 3605 3851 τὸ,
3663 3803 3682 3837 ι
3732 3786 3783 3836 εἰ
3818 3785 3893 3853 μὴ
3942 3778 4019 3844 εἴ,
4054 3786 4091 3836 ό

2513 3885 2668 3948 Θεός.
2702 3903 2721 3935 ι
2786 3882 3209 3955 Ἐφερμηνεύων
3238 3882 3293 3935 δὲ
3322 3884 3467 3945 ὅπως
3495 3881 3721 3933 δύνατλι
3748 3880 4094 3931 συνεπινοεῖ-

2514 3978 2639 4030 σθαι
2663 3978 2691 4028 6
2722 3976 2847 4038 Υἱὸς
2883 3977 2961 4045 τῷ
2992 3977 3188 4045 “arpi,
3204 3980 3297 4027 καὶ
3318 3974 3726 4027 διαστέλλεσθαι
3749 3970 3839 4022 τοῦ
3870 3970 4092 4035 Ungi;

2511 4073 2570 4125 ὲν
2605 4073 2671 4140 τῇ
2708 4071 3051 4138 Εὑαγγελικῇ
3086 4068 3259 4136 ταύτῃ
3286 4070 3436 4136 φωνῇ
3464 4068 3553 4135 τῇ,
3600 4083 3619 4114 ι
3651 4065 3827 4124 οὐδεὶς
3854 4062 4087 4127 ἀγαθὸς,

2513 4167 2562 4216 ει
2592 4164 2667 4234 μὴ
2698 4156 2777 4225 εἷς
2806 4164 2833 4213 6
2868 4161 3017 4223 Θεὸς,
3060 4178 3077 4210 ι
3114 4163 3364 4227 ἐπιφέρει
3393 4158 3487 4211 καὶ
3514 4156 3696 4207 πάλιν·
3730 4173 3749 4205 ι
3773 4152 4090 4205 lirium-

2512 4255 2578 4324 δὴ
2609 4255 2671 4305 τὸ
2699 4253 2914 4322 πρῶτον
2962 4251 3165 4318 ἀγαθὸν
3205 4251 3232 4300 6
3267 4248 3455 4317 Πατὴρ
3490 4247 3568 4316 τῷ
3615 4247 3791 4308 οὐδεὶς
3840 4258 4094 4294 συνυπα-

2514 4347 2809 4414 κουομένου
2831 4342 2925 4394 τοῦ
2947 4340 3185 4410 πρώτου,
3211 4340 3271 4391 τὸ
3294 4341 3543 4408 δεύτερον
3575 4336 3827 4407 εἰρῆσθαι
3853 4332 4093 4386 πιστεῦ-

2515 4454 2670 4507 ομεν.
2709 4454 2727 4485 ι
2768 4435 2833 4485 Τί
2890 4433 3081 4485 τούτου
3139 4433 3334 4500 γένοιτ’
3371 4432 3435 4485 ἄν
3481 4447 3562 4482 σοι
3608 4431 3946 4497 σαφέστερον
4000 4428 4093 4489 εἰς

846 4498 1161 4553 clarandum
1192 4500 1426 4571 primum
1477 4501 1677 4555 bonum
1710 4500 1923 4555 Patrem
1954 4516 2093 4566 esse,
2130 4511 2293 4572 atque
2323 4502 2403 4555 in-

2517 4498 2864 4597 παράστασιν
2896 4523 2992 4577 τοῦ
3030 4525 3104 4592 μὴ
3147 4498 3279 4593 πρὸς
3310 4521 3593 4591 διαστολὴν
3625 4520 3719 4572 τοῦ
3775 4519 3901 4570 Υιοῦ
3934 4518 4091 4586 λαμ.-

850 4588 1055 4658 teliigi?

922 4885 1007 4939 15.
1040 4883 1195 4950 Quod
1219 4885 1264 4939 si
1293 4888 1473 4954 magni
1498 4882 1686 4939 Basilii
1724 4890 2024 4940 auctoritas
2054 4887 2147 4940 tibi
2182 4900 2410 4957 persua-

852 4975 962 5043 det,
996 4977 1159 5031 dictis
1190 4978 1257 5029 ab
1287 4991 1352 5031 eo
1382 4990 1490 5030 non
1526 4976 1823 5041 adversari,
1852 4991 2075 5045 prorsus
2102 4978 2409 5047 dignesccs,

856 5084 971 5125 non
1013 5076 1213 5121 temere
1268 5082 1369 5120 nos
1421 5068 1474 5121 in
1510 5068 1779 5137 principio
1812 5068 2080 5122 orationis
2135 5069 2412 5137 professos

850 5172 972 5212 esse
1001 5171 1065 5211 ex
1118 5160 1301 5229 magni
1336 5158 1520 5212 Basilii
1562 5158 1615 5211 in
1660 5159 1965 5226 evangelica
2017 5157 2159 5211 dicta
2193 5159 2410 5227 exposi-

855 5250 1113 5316 tionibus,
1170 5253 1657 5313 detnOnstraturos,
1719 5265 1827 5304 non
1888 5250 1954 5303 ad
2007 5250 2408 5305 distinctionem

852 5338 977 5393 Filii
1009 5340 1138 5394 illud
1189 5358 1207 5391 ι
1249 5356 1313 5394 ει
1342 5340 1501 5396 Patre
1554 5343 1670 5396 solo
1704 5360 1725 5392 ο
1763 5343 2069 5411 appositum
2126 5342 2317 5404 fuisse,
2366 5341 2412 5395 si

853 5442 1115 5497 hactenus
1162 5442 1323 5497 modo
1368 5445 1421 5497 in
1464 5444 1735 5510 aliquibus
1762 5444 2081 5513 theoIOgicis
2111 5444 2273 5499 dictis
2323 5459 2411 5499 re-

856 5532 1018 5600 periri
1048 5536 1388 5603 contigisset,
1415 5535 1506 5588 sed
1532 5536 1597 5587 ad
1630 5536 2090 5603 comprobandum
2115 5535 2415 5588 solummo-

852 5622 945 5687 do,
974 5625 1445 5693 primarn'causam
1480 5626 1691 5682 Patrem
1728 5643 1850 5682 esse
1873 5638 2035 5695 atque
2066 5626 2312 5695 intelligi.
2349 5626 2413 5680 lit

931 5779 974 5812 "
1009 5777 1138 5835 Luc.
1174 5795 1326 5835 xvnt.
1358 5780 1441 5835 i9.

2515 4619 2777 4673 δάνεσθαι
2818 4618 2899 4681 τὸ,
2944 4636 2960 4667 ι
3000 4617 3183 4678 Οὐδεὶς
3230 4615 3432 4682 ἀγαθὸς
3464 4616 3513 4666 ει
3561 4613 3636 4683 μὴ
3680 4608 3759 4674 εἷς
3808 4613 3835 4662 6
3867 4612 4019 4671 θεὸς,
4066 4630 4089 4661 ρ

2515 4710 2651 4764 ἀλλὰ
2683 4709 2817 4778 πρὸς
2848 4706 3080 4776 δήλωσιν
3114 4703 3206 4755 τοῦ
3239 4703 3451 4771 πρῶτον
3500 4701 3707 4768 ἀγαθὸν
3734 4701 3824 4752 τὸν
3862 4700 4094 4766 Πατέρα

2515 4800 2653 4858 εἶναι
2670 4818 2729 4854 τε
2762 4802 2855 4853 καὶ
2884 4798 3127 4851 νοεῖσθαι
3150 4813 3164 4860 ς
3480 4852 3481 4855 η

2588 4898 2673 4948 ιε’.
2704 4893 2815 4946 Καὶ
2844 4892 2896 4943 εῐ
2921 4892 2979 4957 γὲ
3018 4906 3076 4941 σε
3100 4891 3158 4941 τὸ
3191 4887 3283 4939 τοῦ
3316 4886 3553 4955 μεγάλου
3596 4882 3879 4936 Βασιλείου
3933 4879 4094 4943 ἀξιό-

2522 5002 2711 5039 πιστον
2745 4982 2918 5035 πείθει
2949 4980 3023 5049 μὴ
3052 4978 3352 5045 ἀντιλέγειν
3378 4980 3490 5039 τοῖς
3542 4975 3673 5045 παρ’
3704 4971 3870 5025 αὐτοῦ
3930 4973 4094 5039 εἱρηο

2525 5080 2734 5149 μένοις,
2761 5075 2873 5144 ἔχει
2900 5072 3193 5139 διαγνῶναι
3227 5073 3438 5130 παντως
3471 5068 3543 5129 ὡς
3570 5068 3630 5120 οὐ
3669 5069 3846 5137 μάτην
3900 5067 4096 5131 ἐπηγ-

2521 5166 2827 5237 γειλάμεθά
2860 5181 2943 5216 σοι
2977 5165 3034 5213 ὲν
3067 5162 3370 5231 καταρχαῖς
3420 5161 3514 5212 τοῦ
3538 5160 3698 5224 λόγου
3737 5159 3800 5207 ἐκ
3826 5155 3933 5206 τῶν
3986 5155 4091 5205 τοῦ

2525 5260 2758 5330 μεγάλου
2814 5256 3095 5309 Βασιλεέου
3145 5256 3237 5303 ἐπὶ
3290 5255 3402 5314 τοῖς
3466 5249 3858 5318 Εὑαγγελικοῖς
3892 5249 4092 5317 ῥητοῖς

2522 5352 2835 5421 ἐξηγήσεων
2874 5345 3278 5413 ἁποδεδειχέναι
3325 5343 3400 5413 μὴ
3450 5341 3587 5411 πρὸς
3650 5341 3936 5407 διαστολὴν
3986 5338 4094 5390 τοῦ

2524 5444 2650 5497 Υἱοῦ
2681 5443 2741 5493 τὸ
2778 5443 2842 5492 ὲκ
2878 5440 3040 5507 μόνου
3064 5436 3159 5489 τοῦ
3228 5435 3436 5505 Πατρδς
3490 5435 3759 5504 εἰρῆσθαι,
3820 5431 3977 5500 εἴπερ
4019 5430 4099 5483 ἂν

2521 5532 2657 5591 τέως
2685 5526 2844 5579 τοῦτο
2879 5527 2974 5577 καὶ
3012 5525 3261 5595 εὑρεθείη
3303 5524 3358 5575 ἐν
3392 5539 3503 5574 τισι
3530 5522 3859 5590 θεολ.ογικαί;
3891 5521 4100 5588 ρήσεσι

2526 5621 2802 5692 κείμενον,
2832 5621 2968 5674 ἀλλὰ
2998 5620 3137 5690 πρὸς
3167 5618 3330 5689 μόνην
3362 5614 3705 5684 παράστασιν
3740 5612 3831 5665 τοῦ
3863 5610 4097 5680 πρῶτον
