4214 6442
740 416 838 482 311

1760 420 1974 484 ΙΟΑΝ.
2016 418 2227 480 VECCI
2265 420 2372 479 (ΣΡ.
2417 413 2924 477 ΡΑΤιιιΑῐιεΗε

3869 394 3981 462 312

730 548 926 603 neque,
967 546 1030 585 ex
1070 530 1181 600 jam
1230 530 1389 586 dictis
1436 541 1841 601 consequenter
1886 531 2067 600 colligi
2097 538 2296 599 potest.
2334 566 2341 585 ι

2434 526 2857 593 υλλογίσασοαι.
2908 521 2995 583 Ὧς
3023 520 3132 587 γὰρ
3166 521 3191 571 ὁ
3235 518 3361 579 Υἱὸς
3387 512 3541 581 τάξει
3586 511 3686 582 μὲν
3727 509 3985 603 δεύτερος

731 624 1201 690 Quemadmodum
1256 624 1402 676 enim
1435 622 1602 677 Filius
1650 622 1841 675 ordine
1878 623 2097 691 quidem
2130 635 2160 673 a
2196 620 2299 673 Pa-

733 726 815 771 tre
840 717 1111 770 secundus
1136 724 1239 778 cst,
1275 715 1532 783 quoniam
1563 715 1631 767 ab
1682 714 1777 767 illo
1805 723 1909 779 est,
1942 713 2298 781 etdignitate,

733 809 991 880 quoniam
1011 808 1185 875 origo,
1208 818 1369 876 atque
1393 822 1555 860 causa
1584 806 1728 876 quod
1758 806 1847 859 ille
1884 806 1978 868 sit,
2012 805 2173 857 Pater
2196 813 2301 865 est,

732 910 788 954 et
823 898 968 969 quod
1004 915 1098 968 per
1125 901 1299 965 ipsum
1341 913 1617 958 accessus,
1653 905 1707 950 et
1735 896 1990 949 adductio
2029 896 2095 948 ad
2133 894 2299 946 Deum

734 994 950 1047 Patrem
981 1012 995 1056 ;
1026 1002 1220 1045 natura
1248 1006 1376 1044 vero
1408 990 1558 1043 nullo
1616 989 1777 1041 modo
1810 988 2108 1048 secundus,
2156 987 2301 1055 quod

730 1072 789 1139 in
832 1095 1062 1152 utroque
1095 1099 1201 1136 una
1232 1082 1414 1135 Deitas
1450 1091 1531 1134 est
1562 1098 1577 1134 :
1612 1082 1683 1133 ita
1716 1080 1964 1133 videlicet
1982 1089 2033 1133 et
2065 1078 2304 1147 Spiritus

734 1185 976 1238 sanctus,
1006 1183 1058 1227 et
1092 1175 1137 1227 si
1175 1173 1433 1243 dignitate
1463 1181 1517 1225 et
1554 1171 1748 1224 ordine
1795 1170 2070 1223 secundus
2102 1184 2132 1222 a
2166 1168 2304 1221 Filio

733 1277 839 1328 est,
864 1284 980 1321 'nnn
1014 1276 1192 1320 tamen
1225 1266 1616 1324 verisimiliter,
1672 1265 1861 1318 aliena:
1890 1278 2013 1317 esse
2069 1272 2302 1325 naturae,

735 1357 862 1409 inde
887 1355 1147 1422 consequi
1185 1355 1503 1407 dixerimus.
1530 1373 1548 1405 ι
1586 1352 1651 1406 Ει
1682 1355 1781 1407 hoc
1819 1353 1997 1421 magni
2035 1350 2217 1406 Basilii
2240 1351 2308 1404 de

733 1432 939 1515 Spiritu
967 1456 1159 1501 sancto
1193 1446 1557 1514 theologicum
1589 1445 1815 1506 dictum,
1858 1454 1917 1497 ut
1962 1444 2140 1511 primo
2170 1442 2310 1495 rela.

736 1537 901 1591 tionis
934 1549 1038 1590 ttue
1094 1538 1265 1605 capite
1305 1538 1643 1595 enutinetur,
1702 1536 1845 1587 inter
1876 1543 1927 1587 te
1959 1544 2013 1587 et
2056 1549 2176 1589 sese
2210 1531 2305 1586 tibi

732 1639 1067 1699 opponentes
1095 1640 1370 1683 certamen
1392 1628 1712 1688 exsuscitat,
1734 1629 1863 1681 dum
1919 1635 1976 1680 tu
2011 1625 2300 1680 contendis

734 1723 926 1785 libros,
958 1722 1049 1789 qui
1079 1723 1283 1776 dictum
1310 1723 1421 1791 jam
1455 1729 1796 1789 preposuum
1854 1720 2151 1788 integrum,
2209 1719 2310 1771 nee

738 1816 920 1885 aliqua
953 1816 1034 1868 sui
1085 1824 1236 1883 parte
1280 1814 1653 1872 imminutum.
1716 1820 1779 1865 ut
1813 1827 1980 1881 supra
2037 1811 2309 1879 digestum

2406 619 2497 672 τοῦ
2526 618 2758 686 Πατρὸς,
2785 617 2866 667 ὅτι
2892 613 2983 665 ἀπ’
3008 611 3238 668 ἐκείνου.
3269 610 3361 660 καὶ
3386 606 3681 674 ἀξιώματι,
3704 603 3786 654 ὅτι
3811 597 3980 667 ἀρχὴ.

2406 711 2505 764 καὶ
2535 696 2686 763 αἰτία.
2716 708 2793 777 τῷ
2825 701 2964 759 εἶναι
2996 703 3162 757 αὑτοῦ
3196 701 3439 769 Πατέρα,
3470 699 3566 750 καὶ
3590 697 3671 749 ὅτι
3711 694 3779 746 δι’
3811 680 3981 745 αξτοῦ

2408 805 2441 873 η
2478 801 2736 872 πρόσοδος
2773 799 2866 851 καὶ
2899 793 3236 865 προσαγωγὴ
3280 791 3418 855 πρὸς
3442 790 3537 840 τὸν
3564 787 3696 837 Θεὸν
3734 782 3832 835 καὶ
3864 780 3984 873 Πα-

2409 897 2541 965 τ²ρα
2574 910 2588 924 ⁸
2625 894 2789 959 φύσει
2816 891 2870 943 δὲ
2895 891 2993 941 οὐκ
3023 890 3099 938 ἔτι
3141 886 3418 950 δεύτερος,
3446 879 3591 939 ,διότι
3627 877 3659 945 ἡ
3693 874 3888 937 οεάτης
3922 871 3984 919 ἐν

2408 986 2654 1055 ἑκατέρῳ
2678 984 2774 1053 μία
2803 997 2818 1012 ⁸
2844 979 2989 1034 οὕτω
3007 976 3251 1046 δηλονότι
3276 977 3368 1026 καὶ
3390 972 3449 1022 τὸ
3478 967 3701 1033 Πνεῦμα
3720 965 3779 1016 τδ
3804 964 3984 1027 ἆγιον,

2410 1084 2457 1133 εἰ
2490 1082 2585 1131 καὶ
2617 1076 2929 1143 ὑποὸἐδηκε
2972 1072 3065 1123 τὸν
3111 1070 3240 1121 Tib-1
3278 1070 3338 1132 τῆ
3375 1064 3523 1126 τάξει
3564 1060 3661 1113 καὶ
3696 1056 3788 1123 τῷ·
3819 1051 3988 1114 ἀξιώ-

2413 1188 2564 1241 ματι,
2596 1170 2696 1221 οὐκ
2754 1166 2828 1219 ἔτ’
2886 1163 2953 1217 ἂν
2996 1162 3223 1221 εἰκότως
3276 1159 3352 1218 ὼς
3408 1152 3701 1220 ἀλλοτρίας
3734 1146 3989 1213 ὑπάρχον

2412 1262 2626 1331 φύσεως
2650 1256 2967 1311 ἀκολουθεῖν
3001 1254 3249 1319 εἴπομεν.
3298 1267 3316 1299 ι
3360 1246 3508 1311 Αὕτη
3551 1242 3660 1293 τῶν
3687 1238 3780 1291 τοῦ
3814 1234 3993 1303 μεγάο

2409 1355 2502 1406 λου
2569 1350 2853 1405 Βασιλείου
2920 1342 3251 1409 θεολογικῶν
3298 1340 3429 1407 περὶ
3485 1334 3799 1401 [Ινεύματος
3848 1323 3991 1379 οὖσα

2409 1445 2707 1517 περικοπὴ.
2746 1442 2822 1503 ὡς
2851 1440 2910 1491 τὸ
2942 1439 3157 1508 πρῶτον
3208 1434 3397 1503 ἐδήλου
3433 1448 3514 1482 σοι
3548 1427 3645 1495 τῆς
3682 1419 3991 1488 ἀναφορᾶς.

2415 1539 2590 1607 μέγαν
2619 1536 2821 1605 μεταξύ
2867 1551 2961 1585 σου
2992 1531 3088 1583 καὶ
3119 1530 3231 1580 τῶν
3259 1520 3774 1589 ἀντιδιατιθεμένων
3804 1515 3993 1576 ἵστησι

2410 1633 2501 1684 τὸν
2557 1628 2793 1695 ἀγῶναο
2857 1623 2951 1677 σοῦ
3017 1622 3115 1691 μὲν
3172 1614 3582 1684 διε-λισταμένου
3628 1606 3663 1678 ἦ
3729 1610 3835 1676 μὴν
3890 1603 3998 1665 τὰς

2413 1720 2644 1783 ἑντελῶς
2694 1719 2770 1779 ὡς
2832 1716 3066 1769 ἐνταῦθα
3127 1713 3223 1764 καὶ
3280 1709 3716 1776 ἀναγέγραπται,
3779 1697 3998 1760 ταύτην

2413 1813 2643 1882 ἐχούσας
2679 1810 2894 1878 βίϐλους
2942 1806 3004 1857 τὸ
3042 1804 3261 1872 βέϐαιον
3288 1799 3498 1867 αὐχεῖν,
3534 1793 3630 1846 καὶ
3661 1786 4002 1858 ἀπαρεγχεί-

737 1914 841 1967 est,
904 1904 1204 1963 continent.
1234 1904 1542 1957 lirmitatem
1594 1903 1693 1957 sibi
1728 1903 2025 1965 vindicare,
2064 1918 2163 1955 nec
2218 1900 2311 1952 ulli

2434 1920 2601 1974 >ητον,
2625 1902 2735 1953 τῶν
2755 1900 2812 1952 δέ
2835 1917 2898 1967 γε
2925 1897 2996 1951 δι’
3025 1895 3277 1955 ἐναντίας
3304 1891 3477 1944 πολλὰ
3502 1882 3999 1955 διισχυριζομένων

738 1996 1027 2051 calumnia:
1058 1995 1254 2064 subjici
1290 2014 1304 2048 :
1339 1995 1413 2048 illi
1452 2010 1581 2048 vero
1620 2009 1689 2048 cx
1734 1994 1965 2048 adverso
1990 1993 2097 2046 alia
2143 2000 2312 2061 atque

740 2090 867 2152 alia,
902 2092 1065 2143 etiam
1092 2089 1251 2157 longe
1282 2089 1503 2141 aliunde
1534 2089 1720 2155 petita,
1784 2084 2129 2140 eontentiose
2181 2100 2312 2152 pro-

740 2182 963 2241 ducant.
1025 2181 1215 2244 libros,
1276 2181 1369 2249 qui
1416 2180 1614 2233 similia
1661 2180 1973 2239 continent,
2044 2177 2313 2231 falsidicis

742 2273 973 2327 fallat-iis
1022 2288 1248 2342 prorsus
1302 2282 1532 2326 onustos
1572 2285 1712 2334 esse,
1753 2270 1805 2323 in
1844 2271 1910 2325 iis
1945 2285 2140 2339 nempe
2193 2285 2315 2339 qua:

741 2376 1015 2429 asserunt,
1077 2384 1095 2417 ι
1142 2362 1425 2433 Tanquam
1471 2364 1562 2434 qui
1624 2363 1691 2417 ab
1747 2378 1836 2426 eo,
1893 2362 2037 2432 quod
2092 2361 2181 2425 sit,
2225 2362 2319 2415 Ita-

739 2453 853 2517 bet,
882 2465 935 2509 et
961 2458 1027 2511 ab
1077 2471 1142 2510 eo
1162 2457 1379 2525 accipit,
1429 2465 1483 2509 et
1522 2454 1678 2509 nobis
1736 2454 2043 2511 annuntiat.
2075 2464 2130 2507 et
2164 2469 2317 2521 pror—

742 2563 839 2602 sus
886 2548 961 2623 i_lli
1015 2563 1197 2603 causa:
1231 2549 1514 2611 adlueret;
1560 2565 1578 2598 ›
1620 2546 1713 2615 qni
1768 2562 1897 2598 vero
1943 2545 2145 2600 similia
2203 2562 2314 2599 non

745 2642 966 2705 habent,
1003 2650 1057 2695 et
1086 2656 1149 2695 ex
1184 2641 1385 2711 quibus
1419 2639 1545 2693 talia
1568 2638 1975 2706 abjudicantur,
1996 2638 2317 2691 verissimos

2414 1994 2693 2066 ἑτέρωθεν
2722 1992 2820 2053 τὰς
2851 1992 2948 2059 μὲν
2979 1990 3150 2049 οὕτως
3184 1984 3421 2056 ἐχούσας
3454 1980 3700 2049 ἀκριϐῶς
3742 1970 4001 2027 νενοθεῦ-

2416 2086 2564 2145 σθαι.
2601 2083 2689 2152 ἐφ’
2711 2078 2794 2145 οἷς
2823 2075 2983 2135 αὗται
3023 2079 3107 2143 τὸ,
3165 2097 3182 2128 t
3229 2073 3360 2144 παρ’
3394 2070 3560 2125 αὑτοῦ
3590 2071 3648 2121 τὸ
3680 2065 3817 2119 εἶναι
3847 2061 4000 2129 ἔχον.

2415 2178 2511 2230 καὶ
2536 2177 2664 2245 παρ’
2690 2174 2857 2226 αὖτοῦ
2889 2170 3189 2240 λαμϐάνον,
3230 2168 3323 2218 καὶ
3354 2161 3683 2229 ἀναγγέλλον
3717 2155 3870 2225 ἡμῖν,
3899 2152 4007 2205 καὶ

2425 2268 2643 2335 ἐκείνης
2672 2265 2774 2334 τῆς
2794 2265 2973 2325 αἰτίας
2995 2258 3303 2330 ἐξημμένον
3332 2275 3350 2307 ι
3377 2252 3812 2320 διαλαμϐάνουσι
3848 2260 3861 2274 ·
3893 2242 4005 2304 τὰς

2420 2362 2479 2413 δὲ
2512 2360 2588 2430 μὴ
2626 2359 2798 2418 οὕτως
2828 2354 3083 2426 ἐχούσας,
3131 2346 3206 2405 ὧν
3248 2350 3421 2427 ταῦτα
3463 2344 3665 2415 δηλαδὴ
3704 2338 4012 2407 διαγέγρα-

2421 2470 2577 2516 πται,
2610 2452 2702 2504 καὶ
2736 2450 2881 2520 μάλα
2906 2448 2967 2500 τὸ
3008 2446 3208 2517 ἀληθὲς
3233 2445 3379 2514 ἔχειν
3410 2442 3505 2495 καὶ
3531 2435 3831 2508 ἀκραιφνές
3857 2451 3870 2465 ·
3903 2430 4010 2484 καὶ

2423 2546 2503 2598 ὅτι
2545 2547 2664 2613 μὲν,
2696 2547 2776 2604 είς
2809 2543 2904 2596 δύο
2933 2538 3079 2593 οὕτω
3110 2539 3253 2607 μέρη
3287 2534 3592 2604 γινομένων
3637 2530 3746 2582 τῶν
3779 2524 4005 2597 βίϐλων,

2424 2638 2482 2690 ἒν
2519 2636 2801 2690 ὁποιονοῦν
2832 2652 2885 2688 τι
2948 2632 3279 2691 νενὸθευται,
3338 2626 3619 2696 δηλονοτιὴ
3656 2622 3750 2674 καὶ
3789 2615 4004 2684 τυνρλῷ.

742 2746 808 2786 ac
840 2732 1241 2787 sincerissimos
1277 2744 1439 2785 esse:
1476 2737 1552 2791 et,
1585 2728 1723 2783 duas
1752 2728 1831 2782 sie
1860 2728 1913 2781 iu
1951 2737 2134 2796 partes
2177 2727 2332 2781 libris
2366 2726 2583 2791 divisis,
2621 2743 2784 2781 unam
2824 2739 3047 2795 prorsus
3114 2722 3478 2775 adulteratam
3534 2727 3675 2773 esse,
3708 2708 3791 2762 vel
3824 2703 4009 2761 canens

743 2826 965 2881 viderit.

818 2919 869 2973 5.
924 2918 1057 2971 Cum
1135 2933 1259 2971 vero
1306 2928 1360 2973 et
1410 2927 1681 2973 aceuratm
1739 2914 2221 2977 considerationis,
2270 2925 2326 2968 et

747 3011 1019 3066 sermonis
1067 3014 1159 3080 qui
1199 3011 1357 3065 tidem
1393 3011 1555 3065 faciat
1578 3010 1645 3064 ad
1678 3010 2063 3063 inveniendam
2122 3007 2323 3061 verita-

2504 2907 2571 2977 γ’.
2620 2907 2773 2961 Ἐπεὶ
2828 2906 2885 2959 δὲ
2918 2902 3237 2972 σκέμματος
3270 2897 3533 2969 ἀκριϐοῦς
3594 2896 3693 2964 τῆς
3743 2891 4014 2959 ἀληθείας

2432 3002 2567 3071 πρὸς
2597 2999 2838 3071 εὕρεσιν.
2881 2998 2972 3047 καὶ
3007 2995 3165 3060 λόγου
3190 2992 3444 3044 πιστικο]
3473 2988 3650 3057 χρεία,
3689 2987 3778 3039 τὸν
3822 3002 4012 3037 πιστι-

746 3110 883 3163 tem,
916 3116 1057 3170 opus
1083 3107 1176 3163 sit,
1207 3116 1306 3155 nos
1338 3115 1649 3155 sermonem
1706 3101 1873 3163 hunc,
1925 3100 2018 3168 qui
2050 3100 2144 3161 sit,
2179 3098 2319 3152 duo-

2434 3095 2527 3146 κὸν
2554 3093 2744 3145 τοῦτον
2773 3090 2932 3154 λόγον
2966 3089 3131 3156 ἡμεῖς
3179 3083 3301 3136 δυσὶ
3334 3083 3547 3136 τούτοις
3589 3078 3838 3146 τρόποις,
3874 3078 4003 3133 καὶ,

2445 3187 2456 3189 _
2566 3188 2573 3189 κ
2634 3178 2661 3189 -
2870 3182 2881 3189 ι
3064 3182 3075 3189 .
3104 3182 3115 3189 .
3137 3180 3147 3189 ι
3395 3177 3404 3188 ο
3464 3175 3476 3189 1
3768 3171 3782 3189 ι
3820 3174 3836 3189 \
3928 3188 3931 3189 ν
3952 3170 3969 3189 ἱ

748 3193 854 3247 bus
907 3193 1066 3253 hisce
1116 3193 1316 3257 modis,
1364 3201 1440 3257 et,
1503 3203 1683 3260 utego
1733 3208 1880 3254 reor,
1907 3192 2110 3261 quibus
2161 3204 2326 3245 nemo

748 3284 1165 3347 contradixerit,
1215 3284 1389 3338 altero
1438 3283 1737 3337 secundum
1798 3282 2088 3350 judicium,
2114 3281 2258 3350 quod
2296 3298 2326 3332 a

748 3376 1060 3431 rationibus
1094 3375 1319 3441 petitur,
1345 3375 1518 3428 altero
1563 3374 1865 3429 secundum
1902 3372 2330 3427 demonstratio-

753 3484 901 3533 nem,
934 3469 1025 3537 qui
1051 3483 1117 3522 ex
1151 3466 1455 3536 Scripturis
1497 3466 1794 3534 colligitur,
1849 3465 2223 3533 expediemus.
2265 3462 2329 3517 Et

752 3562 976 3614 nuncin
1014 3558 1092 3614 tui
1124 3558 1352 3627 gratiam
1387 3557 1454 3611 de
1490 3558 1681 3610 iisdem
1718 3556 1956 3626 agimus,
1992 3554 2329 3622 eosdemque

754 3654 821 3707 ad
852 3651 1278 3707 confutationem
1310 3650 1750 3704 adversariorum
1799 3648 2107 3717 promimus
2136 3665 2152 3713 ;
2190 3662 2330 3717 pra:-

754 3757 952 3816 catque
1001 3747 1094 3817 qui
1139 3761 1169 3799 a
1222 3744 1739 3798 ratiocinationibus
1767 3751 1873 3797 est.
1906 3741 2011 3807 Qui
2056 3741 2331 3797 contraria

758 3846 1032 3900 asserunt.
1060 3836 1217 3899 illud,
1260 3855 1279 3888 ι
1317 3838 1459 3904 quod
1494 3836 1563 3889 ab
1598 3836 1737 3903 ipso,
1769 3832 1916 3902 quod
1947 3834 2043 3898 sit,
2087 3833 2274 3898 liabet,
2309 3850 2325 3882 ι

760 3939 813 3982 et
844 3929 1083 3998 reliquas
1126 3928 1260 3982 alias
1316 3943 1499 3990 voces,
1544 3942 1663 3996 qu:e
1707 3924 1909 3979 Filium
1947 3939 2168 3979 causam
2214 3939 2335 3978 esse

764 4019 1023 4088 Spiritus.
1083 4027 1270 4087 aperte
1328 4019 1629 4078 insinuant,
1698 4015 1887 4070 Basilii
1954 4015 2134 4086 Magni
2183 4015 2334 4068 nullo

758 4111 922 4166 modo
944 4124 1087 4173 esse,
1120 4109 1412 4163 aﬂirmant.
1445 4107 1616 4176 llujus
1668 4108 1812 4162 ratio
1841 4106 1888 4162 si
1929 4108 2234 4176 postuletur
2266 4106 2337 4158 ab

758 4218 872 4265 its,
928 4217 1037 4256 non
1071 4202 1159 4257 illa
1214 4201 1471 4256 omnibus
1528 4201 1582 4254 in
1643 4201 1803 4255 libris
1857 4199 2225 4258 circumferri.
2282 4197 2336 4250 in

758 4296 961 4365 quibus
993 4296 1107 4348 haec
1163 4294 1449 4348 continens
1504 4294 1680 4348 oratio
1723 4302 1948 4346 exarata
2007 4300 2112 4353 est,
2147 4289 2338 4342 ethoc

760 4387 1103 4442 solummodo
1144 4384 1363 4440 abunde
1405 4386 1540 4440 satis
1573 4400 1698 4438 esse
1741 4384 2064 4438 existimant
2111 4381 2179 4433 ad
2240 4380 2339 4432 tle-

2428 3187 2505 3245 ὼς
2561 3178 2799 3253 ἐγῷμαι,
2858 3180 3297 3250 ἀναντιῤῥήτοις,
3356 3175 3706 3242 εὲρίσκομεν,
3764 3171 3844 3222 ἑνὶ
3904 3170 4013 3237 μὲν

2430 3279 2573 3331 κατά
2602 3276 2786 3345 κρίσιν
2812 3271 3187 3341 εὐριακομένῳ
3217 3270 3317 3338 τὴν
3354 3268 3462 3319 ἀπὸ
3489 3264 3789 3333 λογισμῶν,
3828 3264 4009 3332 ἑτέρῳ

2430 3371 2487 3424 δὲ
2514 3370 2634 3421 κατ’
2666 3365 2945 3429 ἀπόδειξιν
2978 3361 3332 3431 συναγομένῳ
3360 3361 3457 3428 τὴν
3481 3359 3590 3411 ἀπὸ
3617 3359 3723 3410 τῶν
3749 3357 4009 3426 Γραςρῶν,

2430 3461 2561 3530 napi.
2593 3453 2668 3512 ὧν
2720 3457 2783 3526 δή
2824 3473 2908 3508 σοι
2954 3456 3049 3506 καὶ
3096 3453 3355 3518 λέγομεν,
3387 3450 3479 3501 καὶ
3515 3446 3613 3524 οὓς
3653 3447 3715 3514 δή
3752 3463 3833 3497 σοι
3871 3445 4019 3513 πρὸς

2432 3549 2751 3619 ἀποτροπὴν
2775 3548 2882 3599 τῶν
2906 3544 3163 3597 ἐναντίων
3182 3542 3607 3611 παραδιδὸαμεν.
3641 3536 4005 3608 Προηγείσθω

2433 3643 2489 3695 δὲ
2516 3642 2543 3693 ὁ
2576 3640 2682 3693 ἀπὸ
2712 3634 3011 3705 λογισμῶν.
3048 3632 3155 3685 Τοῦ
3195 3630 3435 3701 μεγάλου
3478 3629 3788 3690 Βασιλείου,
3819 3627 3868 3677 οἱ
3908 3628 4021 3679 ἀν-

2432 3730 2771 3791 τιδικοῦντες
2821 3744 3005 3791 φασιν.
3069 3723 3184 3775 ἐστὶ
3223 3723 3283 3773 τὸ
3318 3740 3337 3772 t
3379 3719 3512 3787 ﬂap’
3555 3718 3719 3771 αὐτοῦ
3768 3720 3830 3770 τὸ
3870 3713 4021 3769 εἶναι

2434 3827 2579 3895 ἕχον,
2618 3842 2636 3875 ο
2670 3823 2765 3875 καὶ
2816 3821 2937 3871 ὅσαι
2964 3817 3122 3871 ἄλλαι
3156 3815 3248 3866 τὸν
3281 3813 3411 3866 Yle
3446 3812 3623 3876 λέξεις
3668 3812 3844 3863 αἴτιον
3880 3826 4029 3876 προ-

2436 3920 2620 3991 φανῶς
2657 3913 2880 3986 δηλοῦσι
2913 3915 3005 3964 τοῦ
3036 3908 3373 3975 Πνεύματος.
3410 3906 3520 3959 Καὶ
3546 3906 3632 3967 τίς
3667 3906 3701 3973 ἡ
3737 3901 4025 3965 ἀπόδειξις

2437 4008 2809 4079 ἐρωτώμενοι.
2829 4004 2903 4076 Τὸ
2938 4002 3011 4073 μὴ
3043 4002 3269 4063 πᾶσαις,
3301 3999 3456 4067 φασὶ,
3483 4000 3607 4058 ταῖς
3659 3996 3863 4064 βίϐλοις
3887 3996 4030 4046 ταῦ-

2434 4120 2557 4165 ταις
2590 4097 2952 4169 ὲμφέρεσθαι,
2982 4090 3069 4157 αἷς
3093 4097 3121 4147 ὁ
3154 4093 3255 4162 τὴν
3303 4093 3561 4164 ῥηθεῖσαν
3601 4088 3882 4153 Θεολυγίαν
3922 4104 4033 4138 πε-

2441 4196 2637 4265 ριέχων
2682 4193 2838 4258 λόγος
2893 4188 3429 4255 κεκαλλιγράρηται.
3477 4185 3585 4235 Καὶ
3634 4180 3795 4234 τοῦτο
3850 4181 4023 4248 μόνον

2440 4286 2723 4357 ἀρκοῦσαν
2754 4279 2894 4336 εἶναι
2943 4279 3220 4343 ἀπόδειξιν
3277 4278 3481 4330 οἴονται
3541 4273 3637 4326 τοῦ
3673 4272 4030 4340 διεφθορότος

2442 4379 2551 4430 τῶν
2580 4377 2677 4445 τὴν
2710 4377 2869 4445 ῥῆσιν
2896 4372 3156 4439 ἐχουσῶν,
3187 4370 3264 4429 ὡς
3296 4369 3391 4420 καὶ
3437 4368 3825 4420 ἀνατέτακται.
3873 4362 4030 4428 Ἐγὼ

760 4474 1176 4529 monstrandmn
1210 4475 1412 4528 dictum
1446 4475 1650 4539 simile,
1684 4473 1985 4527 referentes
2031 4471 2226 4529 libros,
2268 4479 2334 4521 ttt

2442 4469 2498 4521 δέ
2525 4484 2671 4536 φημι
2694 4467 2789 4526 ὡς,
2827 4466 2874 4516 εἰ
2905 4463 3002 4532 μὲν
3029 4461 3139 4514 οὐδ’
3164 4461 3298 4520 ὅλως
3329 4461 3388 4510 ὲν
3412 4459 3642 4527 οὐδεμιᾷ
3674 4455 3780 4508 τῶν
3823 4454 4030 4523 βίϐλων

762 4580 926 4635 supra
956 4565 1189 4632 positum
1224 4574 1329 4629 est,
1382 4574 1672 4634 corruptos
1728 4565 1901 4618 fuisse
1932 4582 1949 4617 :
1981 4573 2173 4618 contra
2226 4562 2340 4631 ipse

763 4658 1058 4721 contendo,
1092 4657 1137 4711 si
1172 4658 1321 4711 nullo
1366 4657 1420 4711 in
1452 4657 1734 4711 volumine
1798 4657 2005 4710 dictum
2060 4653 2163 4707 hoc
2194 4661 2341 4707 esset

763 4759 1070 4809 exaratum,
1102 4763 1224 4803 esse
1274 4764 1395 4817 quae
1441 4748 1509 4801 de
1541 4762 1607 4800 eo
1657 4747 1841 4801 alTerri
1883 4753 2134 4816 possent,
2187 4744 2338 4798 omni

763 4842 1075 4909 obiectione
1102 4839 1408 4909 superiora.
1447 4838 1832 4893 Verumtamen
1865 4852 1987 4891 cum
2019 4837 2074 4891 in
2100 4835 2339 4890 nonnul-

765 4934 834 4989 iis
883 4948 990 4986 non
1040 4933 1326 4996 habeatur,
1363 4933 1416 4987 in
1478 4931 1761 4985 nonnullis
1823 4931 1948 4983 aliis
2018 4929 2337 4990 inseratur;

763 5025 1225 5079 considerandum
1250 5034 1333 5077 est
1364 5025 1431 5077 ab
1457 5025 1548 5086 iis,
1586 5024 1680 5092 qui
1739 5030 1991 5076 neutram
2028 5021 2082 5073 in
2127 5026 2337 5088 partem

767 5115 1129 5183 propendent,
1156 5122 1209 5167 et
1239 5124 1383 5170 recta
1406 5124 1586 5169 mente
1607 5130 1695 5167 res
1724 5113 2052 5182 diiudicant,
2080 5126 2335 5179 quaenam

768 5222 895 5274 pars
930 5206 1264 5259 voluminum
1289 5218 1549 5275 corrupta
1588 5207 1702 5269 sit;
1740 5220 1809 5258 an
1842 5220 1905 5257 ca
1935 5204 1989 5257 in
2026 5203 2230 5272 quibus
2258 5202 2342 5254 in-

769 5306 1010 5366 tegrum,
1056 5305 1119 5350 ut
1158 5312 1320 5365 supra
1363 5296 1686 5367 posuimus,
1748 5294 2066 5360 ascribitur,
2123 5309 2193 5346 an
2211 5305 2345 5346 vero

767 5389 940 5443 altera
964 5389 1017 5442 in
1050 5389 1250 5458 quibus
1291 5404 1562 5456 nusquam
1609 5397 1854 5457 apparet.
1905 5386 2010 5451 Qui
2040 5384 2346 5440 enim‘-bac

766 5477 982 5534 ratione
1005 5493 1113 5533 rem
1144 5478 1507 5548 perpendunt,
1530 5478 1689 5546 plane
1712 5477 1843 5530 mibi
1873 5477 2098 5538 suadeo,
2118 5488 2347 5530 summae

766 5570 1005 5626 vesaniae
1060 5580 1240 5624 notam
1306 5571 1631 5634 incurrere,
1684 5570 1730 5624 si
1784 5570 2061 5622 volumina
2137 5567 2343 5621 dittum

766 5661 1138 5730 praeferentia,
1173 5661 1405 5717 conﬁcta
1455 5662 1791 5716 existiment.
1851 5659 2097 5728 Namque
2130 5660 2177 5713 si
2224 5668 2348 5727 post

765 5754 1053 5809 dissidinm
1077 5768 1201 5808 cum
1236 5755 1480 5808 Romana
1512 5752 1777 5817 Ecclesia,
1802 5752 2082 5806 volumina
2108 5750 2215 5805 ista
2254 5765 2345 5802 ex-

772 5848 973 5915 scripta
1013 5856 1160 5913 sunt,
1194 5848 1468 5916 quomodo
1499 5846 1797 5916 quispiam,
1827 5844 2129 5899 dummodo
2170 5856 2343 5899 sanus

2448 4562 2483 4627 ἠ
2525 4560 2681 4629 ῥῆσις
2707 4555 2997 4624 ὲνεφέρετο
3036 4552 3201 4620 αὓτη,
3228 4549 3371 4622 ἦσαν
3403 4551 3469 4602 ἂν
3504 4550 3599 4601 καὶ
3628 4550 3805 4616 πάσης
3836 4549 3997 4615 ἀντιῤ

2450 4652 2660 4721 ῥήσεως
2687 4648 2937 4716 ἀνώτερα
2976 4646 3047 4699 τὰ
3077 4644 3208 4714 περὶ
3252 4642 3427 4710 αὐτῆς
3451 4656 3468 4673 ο
3497 4642 3621 4692 ἐπεὶ
3654 4640 3711 4692 δὲ
3768 4638 3878 4689 τῶν
3919 4638 4031 4702 μὲν

2445 4740 3014 4811 διαγέγραπται,ταῖς
3044 4736 3102 4789 δὲ
3157 4736 3268 4788 τῶν
3296 4733 3497 4804 βίϐλων
3543 4732 3862 4800 ἐμφέρεται,
3898 4745 4034 4780 om.

2450 4834 2571 4882 πεῖν
2600 4831 2682 4882 δεῖ
2703 4830 2832 4890 τοὺς
2866 4828 3131 4897 ἀρρεπεῖς
3163 4842 3228 4877 τε
3262 4824 3361 4877 καὶ
3385 4822 3814 4890 εὖθυγνώμονας
3838 4821 4033 4871 ὁποῖον

2454 4924 2618 4993 μέρος
2665 4920 2774 4972 τῶν
2820 4918 3020 4989 βίϐλων
3066 4916 3405 4975 νενόοευται.
3436 4909 3549 4983 ὅ.ρά
3587 4928 3649 4977 γε
3685 4911 3745 4963 τὸ
3773 4910 3902 4977 παρ’
3935 4902 4036 4969 αἷς

2450 5019 2483 5086 ἡ
2523 5016 2683 5085 ῥῆσις
2714 5012 2942 5073 ἐντελῶς
2970 5009 3115 5063 οὕτω
3140 5011 3344 5069 κεῖται,
3377 5007 3453 5067 ὡς
3488 5004 3585 5057 καὶ
3615 5004 3860 5071 εἴρηται,
3900 5001 3933 5066 ἢ
3962 5001 4032 5051 τὸ

2450 5110 2582 5178 παρ’
2613 5105 2701 5170 αἷς
2730 5108 2881 5159 ἐστιν
2920 5108 2953 5175 ἡ
3000 5105 3311 5173 ἀφαίρεσις.
3346 5100 3473 5162 Τοῖς
3516 5099 3625 5167 γὰρ
3649 5096 3792 5150 οὕτω
3817 5111 3879 5160 γε
3910 5094 4037 5146 δια-

2454 5200 2850 5270 σκοπουμένοις
2912 5195 3316 5264 διαγνωσθῆναι
3394 5193 3707 5257 πέπεισμαι
3776 5185 4035 5255 ἀκριϐῶς

2451 5293 2653 5362 πολλῆς
2700 5291 2801 5359 τῆς
2859 5288 3201 5358 ἠλιθιότητος
3232 5285 3429 5352 γέμειν
3476 5281 3539 5334 τὸ
3591 5280 3799 5333 οἴεσθαι
3828 5278 3929 5340 τὰς
3964 5277 4037 5328 τὸ

2455 5385 2666 5446 ἐντελὲς
2688 5384 2918 5452 ἐχούσας
2949 5376 3517 5449 βίϐλουςπεπλάσοαι.
3545 5376 3606 5427 Εἰ
3635 5374 3731 5442 μὲν
3750 5373 3857 5439 γὰρ
3888 5370 4041 5438 μετᾶ

2451 5477 2550 5546 τὴν
2572 5477 2673 5543 τῆς
2712 5474 3031 5542 Ῥωμαῖκῆς
3079 5469 3409 5539 Ἐκκλησίας
3436 5467 3722 5529 διάστασιν
3768 5464 3824 5516 αἱ
3856 5462 4040 5532 βίϐλοι

2454 5567 2776 5636 ἐγράφησαν
2809 5559 2993 5627 αὗται,
3030 5563 3151 5625 πῶς
3190 5563 3256 5614 ἀν
3304 5576 3391 5621 τις
3424 5558 3520 5611 τοῦ
3550 5558 3648 5610 καὶ
3690 5554 3904 5625 φρενῶν
3935 5553 4043 5604 κὺ-

2459 5676 2573 5728 ριος
2600 5658 2813 5722 δέξαιτο
2842 5658 2969 5720 τοὺς
3004 5657 3063 5708 ὲν
3086 5653 3263 5723 καιρῷ
3293 5655 3395 5717 τῆς
3434 5649 3640 5720 μεταξὺ
3670 5647 3779 5699 τῶν
3800 5645 4045 5713 Ἐκκλη-

2457 5751 2588 5803 σιῶν
2622 5752 2801 5821 μάχης
2821 5750 2946 5812 τοὺς
2971 5749 3101 5818 παρ’
3126 5748 3260 5815 ἡμῖν
3279 5743 3594 5814 γράφοντας
3621 5739 3836 5809 βίϐλους
3858 5736 3892 5806 ἢ
3929 5753 4044 5787 πα-

2458 5841 2799 5910 ριντίθεσθαί
2850 5859 2901 5893 τι
2948 5842 3070 5902 ταῖς
3122 5838 3328 5903 βίϐλοις
3372 5836 3553 5902 ἡμῶν,
3589 5835 3701 5895 τοῖς
3737 5828 4045 5891 ἀντιδίκοις
