4214 6442
757 396 860 459 315

1782 403 1989 463 JOAN.
2030 402 2243 461 VECCI
2287 402 2399 459 Cl‘.
2444 404 2951 468 PATRIARCll/E

3903 408 4017 473 316

758 524 881 561 nem
924 522 1052 561 vero
1078 508 1246 572 illius,
1281 509 1542 577 Spiritntn
1576 511 1841 578 dignitate
1867 527 1989 565 esse
2024 511 2328 564 secundum

2434 512 2667 579 χρῆσθαι
2698 514 2797 566 οῦκ
2826 515 2943 568 ἐστι
2974 516 3152 583 λέγειν
3189 516 3343 570 αὐτό.
3381 535 3399 567 ι
3434 515 3546 586 Τὴν
3571 516 3625 568 δὲ
3662 518 4018 586 κατασκευὴν

757 614 785 650 a
824 598 983 664 Filio,
1022 615 1116 666 per
1146 601 1300 661 illml,
1344 620 1361 650 ι
1392 602 1538 665 quod
1574 603 1640 654 ab
1674 618 1738 655 eo
1773 602 1954 663 habet,
1987 601 2128 669 quod
2159 603 2252 661 sit.
2279 613 2331 653 et

757 688 826 739 ah
855 705 920 741 eo
948 691 1165 756 necipit,
1223 700 1277 743 et
1334 693 1491 745 nobis
1543 694 1864 758 annuntiat;
1899 712 1915 743 ι
1970 702 2179 745 tantum
2221 708 2329 744 non

755 780 963 839 dicens,
994 791 1283 848 propterea
1315 783 1460 850 quod
1495 801 1558 836 ex
1598 785 1734 837 Filio
1763 795 1866 848 est,
1900 784 2021 836 ideo
2054 783 2331 837 secundus

757 885 786 921 a
823 854 956 922 Filio
981 879 1086 924 est.
1125 869 1263 925 Etsi
1297 873 1393 925 tibi
1424 872 1476 925 in
1511 876 1694 928 animo
1724 885 1830 939 est,
1862 876 2178 945 quicunque
2202 886 2325 928 tan-

754 959 879 1012 dem
914 960 1109 1026 fueris,
1143 962 1235 1030 qui
1280 963 1597 1031 refragaris,
1639 982 1992 1034 cognoscere,
2030 968 2073 1020 si
2119 984 2145 1017 ιι
2187 966 2328 1022 Filio

754 1062 862 1099 non
899 1058 1067 1113 esset,
1106 1065 1286 1119 neque
1310 1054 1585 1107 secundus
1621 1068 1651 1107 a
1687 1053 1826 1107 Filio
1850 1070 2074 1121 prorsus
2102 1066 2329 1111 vocatus

752 1138 968 1199 inisset,
998 1138 1165 1193 deme
1192 1140 1400 1194 dictum
1447 1144 1569 1204 hoc,
1600 1144 1817 1210 assigna
1853 1144 2009 1197 nobis
2040 1144 2202 1197 aliam
2234 1162 2327 1198 ra-

752 1229 959 1299 tionem
993 1248 1102 1298 qna
1154 1247 1184 1285 a
1231 1232 1371 1286 Filio
1400 1233 1639 1301 Spiritus
1716 1237 1988 1289 secundus
2024 1249 2323 1291 asseratur.

750 1316 965 1372 Etenim
1002 1336 1112 1387 prae
1164 1322 1265 1376 hac
1304 1339 1411 1377 una
1462 1325 1579 1379 sola
1636 1328 1867 1389 ratione,
1915 1339 2009 1382 aut
2045 1332 2325 1400 temporali

753 1411 1062 1477 intervallo,
1099 1423 1190 1467 aut
1227 1414 1280 1468 in
1328 1419 1567 1471 sedendo
1623 1418 1868 1473 inferiori
1918 1422 2201 1488 subsellio,
2235 1435 2329 1479 aut

752 1501 937 1568 glotjize
966 1504 1285 1571 indigentia,
1323 1509 1578 1562 secondae
1614 1511 1692 1563 hae
1721 1520 1904 1577 partes
1932 1510 2170 1581 Spiritus
2193 1530 2326 1567 eon—

750 1594 1039 1660 cipientur.
1076 1597 1130 1649 Si
1192 1598 1375 1666 itaque
1427 1600 1630 1653 dictum
1686 1616 1961 1665 asserens,
2014 1622 2031 1654 ι
2066 1605 2326 1672 dignitate

752 1694 1056 1740 secundum
1091 1703 1215 1742 esse
1248 1705 1278 1743 a
1313 1676 1454 1745 Filio
1482 1690 1770 1761 Spiritum,
1807 1713 1825 1746 ι
1864 1711 1929 1747 ex
1957 1697 2203 1751 oratione
2237 1700 2323 1754 illa

751 1779 1005 1832 universa
1066 1782 1389 1847 erasissent,
1444 1785 1538 1850 qui
1588 1784 1733 1837 aliud
1784 1787 1961 1853 palam
2034 1800 2324 1857 aperteque

2431 600 2524 653 τοῦ
2579 604 2638 654 τὸ
2680 604 2903 673 Πνεῦμα
2964 607 3304 676 δευτερεύειν
3361 606 3496 659 Υίοῦ
3552 606 3632 676 τῷ
3702 606 4010 674 ἀξιώματι,

2431 696 2540 746 ἀπὸ
2567 696 2663 746 τοῦ
2700 715 2719 746 ι
2763 697 2897 767 παρ’
2927 698 3093 750 αὐτοῦ
3138 698 3198 751 τὸ
3228 693 3370 751 εἶναι
3413 698 3580 767 ἔχειν,
3623 699 3717 750 καὶ
3754 698 3884 766 παρ’
3911 699 4021 749 αὕη

2430 784 2523 835 τοῦ
2572 784 2893 854 λαμϐάνειν,
2939 789 3034 839 καὶ
3068 788 3430 854 ἀναγγέλλειν
3462 791 3613 857 ἡμῖν,
3656 807 3675 838 ι
3713 790 4013 856 μονονουχὶ

2433 876 2656 942 φάσκων
2679 878 2751 940 ὡς
2781 879 2868 931 διὰ
2885 880 2945 931 τὸ
2976 881 3038 932 ἐκ
3067 880 3157 931 τοῦ
3189 881 3320 932 Υίοῦ
3353 876 3514 941 εἶναι,
3544 884 3637 931 καί
3663 880 4012 948 δευτερεύειν

2432 966 2621 1019 αὑτοῦ.
2646 969 2755 1020 Καὶ
2778 970 2825 1019 εἰ
2850 968 3049 1036 βούλει,
3078 972 3225 1032 ὅστις
3253 971 3373 1022 ποτ’
3398 971 3463 1023 ἀν
3499 972 3592 1020 καὶ
3627 970 3743 1038 εἴης
3774 973 3801 1021 ὀ
3854 971 4005 1020 διεν-

2433 1058 2743 1123 ιττάμενος,
2802 1059 3023 1125 γνῶναι,
3087 1060 3182 1125 ὡς,
3212 1061 3259 1110 εί
3326 1061 3399 1128 μὴ
3434 1063 3583 1126 παρά
3606 1059 3699 1109 τοῦ
3742 1060 3787 1110 Υ
3820 1058 3882 1110 οῦ
3910 1055 4008 1127 ἦν,

2428 1147 2552 1199 οὐδὲ
2586 1147 2907 1216 δευτερεῦον
2949 1150 3015 1202 ἂν
3060 1151 3197 1212 ὅλως
3237 1150 3439 1220 ἐρρέθη
3465 1149 3661 1201 αὑτοῦ·
3703 1149 3868 1216 ἄφελε
3899 1150 4009 1206 τὴν

2430 1241 2587 1308 ῥῆσιν
2626 1241 2834 1309 ταύτην
2878 1242 2971 1293 καὶ
3018 1242 3105 1305 δὸς
3150 1244 3282 1311 ἡμῖν
3334 1245 3398 1295 ab
3428 1242 3616 1311 ἕτερον
3644 1241 3801 1308 λόγον
3848 1243 4000 1302 τινὰ,

2428 1330 2548 1382 καθ’
2583 1331 2641 1383 ὃν
2687 1335 2779 1385 τοῦ
2806 1332 2935 1385 Υίοῦ
2989 1330 3297 1403 δευτερεύει
3342 1333 3402 1385 τι)
3432 1332 3679 1401 Πνεῦμα.
3710 1332 3867 1400 Παρᾶ
3890 1333 4008 1400 γὰρ

2424 1420 2515 1472 τὸν
2545 1422 2787 1474 τοιοῦτον
2813 1423 2968 1490 λόγον
3000 1426 3031 1494 ἦ
3065 1424 3395 1493 διαστήματι
3428 1425 3643 1493 χρόνον.
3673 1424 3704 1492 ἦ
3731 1424 4008 1493 καθέδρας

2425 1512 2672 1581 ὑιςεδρία,
2709 1514 2740 1582 ἢ
2776 1514 2937 1581 δίξης
2971 1516 3168 1586 ἐνδείᾳ,
3203 1516 3263 1566 τὸ
3292 1514 3600 1581 δευτερεῖον
3635 1514 3996 1583 νοηθήσεται.

2426 1606 2486 1656 ΕΞ
2526 1606 2623 1669 μὲν
2660 1603 2752 1657 οῦν
2793 1607 2890 1658 καὶ
2928 1608 3026 1675 τὴν
3073 1608 3340 1673 λέγουσαν
3380 1609 3539 1675 ῥῆσιν
3596 1627 3613 1656 ι
3656 1605 4005 1675 δευτερεύειν

2424 1696 2697 1761 ἀξιώματι
2755 1697 2850 1749 τοῦ
2892 1698 3020 1750 Υἱοῦ
3083 1698 3141 1749 τὸ
3196 1697 3443 1765 Πνεῦμα,
3499 1717 3516 1748 ι
3555 1698 3848 1765 διέγραφον
3901 1697 4002 1747 τοῦ

2424 1789 2623 1851 παντὸς
2653 1790 2809 1857 λόγου
2838 1792 2887 1842 οἱ
2940 1791 3040 1859 τὴν
3085 1791 3213 1860 παρ’
3248 1790 3416 1843 αὑτοῦ
3451 1790 3514 1840 τὸ
3554 1786 3694 1841 εἶναι
3736 1790 3858 1858 ἔχον
3882 1788 4006 1840 δια-

749 1870 1066 1933 cuuntians,
1108 1891 1127 1923 ι
1158 1874 1227 1926 ab
1256 1888 1344 1937 eo,
1369 1876 1515 1943 quod
1549 1877 1643 1941 sit,
1678 1878 1860 1943 habet,
1899 1898 1917 1929 ι
1991 1881 2320 1936 obliterare-

2426 1881 2797 1948 γραψάμενοι,
2834 1883 2991 1952 ἔσχον
3021 1884 3243 1945 amica);
3276 1884 3333 1936 τὸ
3362 1884 3460 1952 τῆς
3490 1900 3626 1952 πονῇ
3640 1884 3761 1951 ρίας
3794 1883 4004 1942 αὐτῶν,

746 1968 897 2023 runt,
936 1960 1075 2015 forte
1112 1972 1225 2017 tum
1259 1980 1449 2019 eorum
1480 1966 1825 2036 improbitas,
1862 1982 1921 2024 ut
1953 1973 2061 2027 illis
2096 1976 2323 2029 collabi—

750 2059 863 2103 tum
896 2063 1035 2118 erat,
1063 2054 1223 2109 tinem
1256 2068 1507 2113 assecuta
1540 2061 1755 2117 tuiSSet.
1795 2062 1901 2117 Sed
1938 2080 2084 2120 nunc
2122 2069 2323 2122 verita-

746 2144 819 2197 tis
862 2145 1057 2213 spiritn
1107 2163 1297 2202 eorum
1347 2152 1707 2219 cogitationes
1749 2156 2127 2221 subvertente,
2166 2160 2319 2225 illml,

753 2251 770 2282 ι
822 2249 852 2286 a
902 2234 1043 2288 Filio
1102 2252 1224 2292 esse
1307 2238 1594 2308 Spiritum,
1676 2261 1694 2292 ι
1729 2243 2099 2312 abrogarunt;
2174 2265 2191 2296 ι
2227 2248 2318 2300 Sed

745 2326 1049 2379 secundum
1085 2343 1208 2383 esse
1256 2346 1380 2384 eum
1412 2347 1442 2385 a
1495 2332 1659 2399 Filio,
1718 2355 1734 2386 ι
1779 2338 1830 2389 in
1861 2340 2119 2392 omnibus
2170 2339 2321 2395 libris

743 2418 1083 2486 descriptum
1158 2422 1521 2491 reliquerunt.
1576 2424 1836 2496 Indeque,
1896 2432 1988 2498 qui
2048 2432 2319 2499 sapientes

744 2511 1101 2575 apprehendit
1134 2512 1187 2565 in
1213 2514 1529 2570 callididate
1563 2532 1777 2578 eorum,
1810 2521 2098 2590 diligenter
2120 2524 2320 2578 similia

741 2595 1209 2667 examinantibus,
1264 2604 1510 2660 fraudem
1548 2611 2011 2678 comprehendere
2046 2618 2318 2672 concedit.

741 2686 809 2742 Et
845 2693 992 2744 nulla
1038 2694 1140 2746 alia
1179 2697 1389 2749 ratione
1438 2698 1713 2751 dicturum
1765 2718 2000 2770 unquam
2056 2704 2349 2760 Basiliam-

741 2780 1021 2851 Magnum,
1068 2783 1332 2854 Spiritum
1386 2790 1687 2843 secundum
1739 2807 1860 2846 esse
1904 2810 1931 2845 a
1968 2794 2126 2859 Filio,
2157 2812 2320 2866 argu-

742 2874 974 2924 mentari
1004 2873 1128 2925 licet
1159 2890 1224 2927 ex
1256 2875 1364 2941 his,
1395 2893 1514 2944 qua:
1540 2879 1655 2946 ipse
1684 2881 1845 2934 dictis
1875 2882 2151 2939 adnectit:
2180 2888 2319 2941 infra

741 2962 885 3014 enim
933 2964 1045 3016 [nec
1082 2965 1283 3020 habet:
1323 2986 1342 3018 ι
1386 2967 1627 3035 Etenim,
1662 2973 2121 3037 quemadmodum
2149 2976 2320 3033 Filius

742 3049 932 3101 ordine
972 3051 1316 3121 etdignitate
1365 3070 1396 3108 a
1440 3056 1597 3110 Patre
1646 3060 1919 3117 secundus
1961 3074 2080 3130 est;
2131 3067 2320 3123 ordine

2423 1972 2560 2042 ὅπερ
2594 1972 2877 2026 ἐϐούλοντο
2907 1975 3265 2043 ἀποτέλεσμα
3286 1991 3299 2005 ο
3346 1973 3440 2026 νῦν
3475 1974 3520 2026 δ’
3541 1977 3628 2026 ὅτε
3656 1975 3718 2026 τὸ
3740 1974 3837 2042 τῆς
3862 1972 4006 2039 sar,

2425 2063 2577 2127 θείας
2603 2065 2830 2132 Πνεῦμα
2863 2067 2963 2135 τὴν
3017 2066 3200 2118 αὐτῶν
3233 2065 3475 2118 διάνοιαν
3504 2064 3759 2133 ἔσφαλλε.
3802 2065 3859 2115 τὸ
3896 2064 4003 2131 μὲν

2431 2176 2449 2208 ι
2488 2158 2641 2229 παρὰ
2675 2159 2770 2211 τοῦ
2824 2159 2954 2211 Υίοῦ
3000 2155 3141 2213 εἶναι
3195 2160 3257 2211 τὸ
3318 2158 3563 2225 Πνεῦμα,
3626 2178 3642 2208 ι
3682 2156 3775 2210 τοῦ
3834 2156 4001 2221 λόγου

2421 2248 2742 2319 διέγραψαν.
2782 2270 2800 2301 ι
2839 2251 3177 2314 δευτερεύειν
3202 2251 3258 2303 δὲ
3282 2251 3413 2303 αὐτὸ
3443 2251 3542 2303 τοῦ
3568 2250 3718 2311 Υἱοῦ,
3748 2271 3763 2301 ι
3805 2251 3859 2301 ἰν
3892 2251 4005 2302 πά-

2424 2356 2545 2402 σαις
2576 2340 2799 2409 ἀφῆκαν
2826 2344 2946 2405 ταῖς
2976 2341 3180 2412 βίὸλοις
3220 2343 3595 2411 ἀνάγραπτον.
3630 2340 3943 2393 Κάνιεῦθιν
3973 2341 4003 2390 6

2420 2433 2547 2495 τοὺς
2579 2434 2778 2501 σοφοὺς
2830 2433 3201 2502 δρασσόμενος
3258 2437 3317 2487 ἐν
3353 2438 3415 2503 τῇ
3474 2435 3780 2503 πανουργίᾳ
3807 2431 3997 2484 αὐτῶν

2420 2518 2604 2572 δίδωσι
2631 2523 2742 2583 τοῖς
2785 2521 2854 2574 τὰ
2904 2523 3132 2576 τοιαῦτα
3181 2523 3460 2592 ἐπιμελῶς
3499 2524 3996 2590 διασκοπουμενοις

2419 2614 2709 2665 κατανοεῖν
2735 2614 2794 2665 τὸ
2820 2614 3187 2683 σκαιωρηοέν.
3223 2615 3326 2665 Καὶ
3355 2614 3435 2667 ἔτι
3473 2615 3551 2676 δὲ,
3582 2615 3664 2667 ὅτι
3711 2615 3833 2666 κατ’
3862 2611 3995 2663 οὐδ-

2425 2702 2523 2755 ένα
2581 2700 2768 2771 ἕτερον
2792 2703 2951 2770 λόγον
2986 2706 3199 2773 εἰρήκει
3228 2703 3291 2755 ἄν
3339 2721 3469 2756 ποτε
3498 2703 3557 2756 τὺ
3612 2703 3837 2769 Πνεῦμα
3868 2700 3995 2753 δεύο

2422 2811 2579 2864 τερον
2608 2793 2700 2847 τοῦ
2732 2794 2859 2847 Υἰοῦ
2889 2798 2916 2849 6
2947 2794 3119 2865 μέγας
3160 2796 3464 2859 Βασίλειοέ,
3504 2795 3816 2862 λογίσασθαι
3871 2796 3991 2846 ἐστι

2421 2887 2516 2939 καὶ
2548 2884 2607 2949 ἐξ
2636 2881 2710 2938 ὦν
2741 2881 2898 2949 οὗτος
2950 2889 3061 2948 τοῖς
3098 2886 3414 2956 εἰρημένοις
3449 2889 3647 2952 ἐπάγει
3669 2902 3682 2915 ⁸
3717 2886 3855 2953 φησὶ
3880 2886 3994 2951 γὰρ

2420 2977 2803 3041 ὑποκαταὸάς’
2839 2998 2857 3029 ι
2909 2979 2997 3041 Ὠς
3027 2979 3135 3047 γὰρ
3167 2982 3193 3031 6
3238 2978 3365 3040 Υἰὲς
3387 2978 3542 3043 τάξει
3584 2979 3678 3029 καὶ
3715 2976 3992 3043 ἀξιώματι

2419 3069 2671 3139 δεύτερος
2726 3069 2823 3122 τοῦ
2889 3069 3125 3139 Πατρὸς,
3184 3070 3340 3133 τάξει
3380 3070 3583 3138 μὲνδτι
3622 3069 3715 3121 ἀπ’
3750 3069 3989 3127 ἐκείνου,

741 3142 985 3227 quidem,
1009 3145 1153 3212 quod
1188 3160 1252 3199 ex
1288 3163 1352 3201 eo
1381 3158 1500 3213 est;
1529 3150 1790 3219 dignitate
1819 3170 1970 3218 vero,
1992 3158 2137 3225 quod
2166 3159 2318 3227 prin-
2346 3212 2349 3241 1

2424 3164 2516 3214 καὶ
2554 3160 2848 3229 ἀξιώματι,
2886 3162 2967 3214 ὃτι
2995 3162 3137 3231 ἀρχὴ
3173 3164 3267 3215 καὶ
3292 3164 3441 3214 αἰτία
3479 3161 3573 3214 τοῦ
3601 3157 3737 3212 εἶναι
3769 3161 3995 3227 Πατέρα

743 3233 945 3300 tipium
980 3246 1029 3288 et
1057 3251 1222 3291 causa
1254 3238 1398 3293 illius
1430 3239 1593 3295 Pater
1626 3254 1729 3308 est,
1758 3257 1811 3298 et
1839 3247 1980 3313 quod
2023 3264 2118 3317 per
2140 3250 2317 3319 ipsum

742 3339 999 3381 accessus
1030 3338 1082 3381 et
1114 3328 1371 3384 adductio
1404 3332 1469 3385 ad
1508 3333 1674 3385 Deum
1718 3333 1968 3402 Patrem;
2004 3348 2195 3393 natura
2226 3358 2320 3395 au-

744 3424 850 3469 tem
889 3417 1041 3470 nullo
1071 3422 1233 3472 modo
1267 3420 1564 3485 secundus,
1600 3425 1743 3490 quod
1783 3425 1962 3481 Deitas
1996 3428 2050 3481 in
2090 3442 2319 3500 utroque

742 3521 891 3560 una:
928 3511 1041 3575 pari
1087 3511 1296 3564 ratione
1346 3513 1615 3575 \‘idclicci,
1672 3523 1726 3567 et
1777 3514 2014 3584 Spiritus
2063 3531 2315 3589 sanctus,

742 3598 867 3651 licet
902 3600 1112 3664 ordine,
1170 3614 1223 3656 et
1265 3604 1527 3671 dignitate
1581 3607 1809 3661 inferior
1843 3618 1948 3673 est,
1993 3626 2099 3664 non
2138 3623 2315 3667 tamen

744 3691 868 3744 inde
895 3693 1282 3760 verisimilitcr,
1314 3696 1508 3750 alienae
1532 3713 1652 3752 esse
1679 3710 1908 3767 naturae,
1933 3704 2087 3771 sequi
2114 3704 2319 3759 dixeri-

747 3798 892 3837 tuus.
926 3802 945 3833 ι
1002 3784 1322 3839 Consideret
1367 3787 1453 3840 cui
1508 3788 1563 3840 id
1617 3790 1915 3843 collibitum
1964 3792 2149 3856 fuerit,
2207 3811 2315 3849 non

744 3874 983 3931 alienum
1014 3891 1137 3930 esse
1180 3893 1209 3929 a
1257 3877 1473 3945 pietatis
1508 3881 1715 3933 ratione
1753 3882 2052 3936 secundum
2085 3900 2205 3939 esse
2236 3886 2320 3938 di-

747 3966 949 4033 gnitate
974 3983 1002 4019 a
1035 3967 1175 4020 Filio
1208 3968 1493 4036 Spiritum,
1520 3972 1665 4038 quod
1701 3986 1761 4023 ex
1801 3973 2171 4040 proportione,
2198 3990 2319 4042 quae

742 4068 825 4111 est
859 4056 981 4111 Filii
1019 4060 1083 4111 ad
1115 4058 1355 4127 Patrem,
1404 4063 1533 4115 dum
1582 4060 1753 4116 Filius
1789 4067 2058 4119 secundas
2098 4082 2128 4118 a
2159 4066 2317 4121 Patie

742 4178 927 4236 partes
958 4168 1220 4234 possidet,
1254 4168 1667 4236 comprobatur.
1699 4168 1790 4221 Ait
1821 4170 1963 4222 enim
1996 4186 2008 4222 :
2043 4168 2192 4224 Licet
2228 4189 2317 4226 or-

742 4259 889 4325 dine,
923 4269 975 4313 et
1008 4261 1271 4328 dignitate
1302 4259 1441 4312 Filio
1473 4260 1703 4314 inferior
1747 4261 1838 4324 sit,
1876 4278 1982 4314 non
2016 4263 2137 4315 ideo
2182 4264 2317 4318 Filio

741 4352 931 4405 ozdine
958 4360 1011 4405 et
1039 4352 1298 4421 dignitate
1330 4351 1555 4406 inferior
1581 4361 1681 4415 est,
1713 4354 1864 4422 quasi
1892 4355 2081 4408 aliena:
2108 4368 2317 4412 naturae

743 4460 970 4513 Compos
1001 4463 1014 4498 :
1049 4448 1270 4515 quando
1302 4457 1356 4500 et
1382 4446 1574 4509 Filius,
1603 4447 1729 4501 licet
1771 4463 1801 4499 a
1835 4446 1996 4502 Patre
2040 4451 2314 4505 secundus

2421 3254 2610 3318 αὐτοῦ,
2639 3255 2732 3306 καὶ
2755 3255 2839 3306 ὅτι
2867 3254 2937 3306 δι’
2960 3253 3126 3307 αὐτοῦ
3152 3256 3183 3324 ἡ
3213 3255 3494 3324 πρόσοδος.
3527 3253 3621 3307 κ·ιί
3647 3255 3989 3321 προσαῗωῖὴ

2420 3349 2557 3417 πρὸς
2588 3347 2680 3400 τὸν
2711 3346 2863 3411 Θεὸν,
2906 3347 2999 3399 καὶ
3053 3347 3291 3416 Πατέρα,
3345 3347 3504 3415 φύσει
3537 3346 3592 3398 δὲ
3624 3349 3722 3399 οὐκ
3755 3348 3833 3397 ἐτι
3870 3346 3993 3397 δεύ-

2418 3455 2594 3508 τερος,
2625 3439 2760 3491 διότι
2789 3439 2821 3507 ἡ
2861 3439 3051 3510 Θεότης
3074 3441 3128 3490 ὲν
3159 3439 3407 3509 ἐκατέρῳ
3436 3439 3533 3508 μία
3562 3455 3577 3470 ·
3610 3439 3752 3491 οὕτω
3796 3439 3989 3508 δηλον-

2434 3534 2516 3585 ότι
2574 3533 2668 3585 ml.
2696 3533 2756 3584 τὸ
2792 3532 3013 3600 Πνεῦμα
3040 3531 3099 3585 τὸ
3127 3534 3306 3600 ἅγιον,
3339 3535 3388 3585 εί
3429 3534 3526 3585 καὶ
3557 3531 3863 3601 ὑποϐέϐηκε
3898 3533 3992 3583 τθιν

2419 3623 2549 3676 Υἰὸν
2576 3628 2643 3694 τῇ
2674 3624 2827 3687 τάξει
2859 3626 2955 3678 καὶ
2986 3625 3063 3693 τῷ
3102 3624 3400 3693 ἀξιώματι,
3432 3625 3531 3675 οὐκ
3558 3623 3637 3674 ἔτι
3666 3623 3731 3675 ἀν
3762 3624 3990 3684 εἰκότως

2418 3716 2493 3777 ὠς
2513 3712 2798 3785 ἀλλοτρίας
2824 3716 3069 3785 ὑπάρχον
3091 3716 3304 3784 φύσεως
3322 3714 3635 3768 ἀκολουθεῖν
3656 3716 3925 3782 εἴποιμεν.
3963 3732 3983 3764 ι

2419 3808 2699 3859 Σκοπείτω
2748 3808 2776 3857 6
2828 3807 3147 3877 βουλόμενος
3194 3806 3288 3859 τοῦ
3336 3806 3437 3874 τῆς
3488 3805 3773 3867 εὐσεϐείας
3819 3805 3985 3873 λόγου

2422 3898 2495 3965 μὴ
2539 3898 2757 3950 ἀποδεῖν
2803 3899 2863 3950 τὸ
2894 3897 3236 3965 δευτερεύειν
3293 3896 3569 3966 ἀξιώματι
3628 3897 3723 3949 τοῦ
3763 3895 3891 3948 Υίοῦ
3925 3898 3987 3947 τὸ

2419 3990 2644 4059 Πνεῦμα
2668 4009 2680 4021 ·
2714 3993 2777 4043 ἐκ
2804 3994 2902 4061 τῆς
2948 3992 3236 4057 ἀναλογίας
3277 3991 3371 4043 τοῦ
3427 3990 3563 4060 πρὸς
3616 3990 3707 4043 τὸν
3744 3990 3986 4057 Πατέρα,

2416 4080 2731 4150 δευτερεῖον
2766 4082 2863 4133 τοῦ
2900 4080 3028 4133 Υἱοῦ
3062 4082 3347 4151 συνίστησι
3377 4081 3555 4133 τοῦτο.
3585 4081 3721 4149 Φησὶ
3752 4083 3859 4149 γάρ
3884 4080 3983 4143 ὡς,

2418 4175 2481 4225 Εἰ
2545 4177 2639 4227 καὶ
2670 4174 2979 4242 ὑποδέίληκε
3009 4173 3101 4225 τὸν
3134 4174 3261 4225 Υίὺν
3291 4176 3353 4243 τῇ
3384 4173 3535 4237 τάξει
3580 4178 3673 4225 καὶ
3702 4174 3780 4243 τῷ
3818 4175 3987 4237 ἀξιώ-

2421 4284 2573 4335 ματι,
2605 4268 2704 4318 οὐκ
2736 4265 2818 4317 ἔτι
2852 4267 2919 4318 ἂν
2982 4267 3058 4328 ὼς
3115 4266 3403 4334 ἀλλςτρίας
3462 4266 3704 4336 ὑπάρχον
3748 4267 3991 4334 φύσεως,

2419 4355 2760 4425 ὑποϐέϐηκεν
2788 4356 2951 4407 αὐτὸν
2979 4358 3045 4425 τῇ
3077 4354 3230 4419 τάξει
3263 4356 3358 4408 καὶ
3394 4355 3471 4422 τῷ
3512 4355 3802 4424 ἀξιώματι.
3832 4357 3991 4411 Ἐπεὶ

2415 4450 2509 4500 καὶ
2549 4449 2577 4500 6
2610 4450 2733 4510 Υἱὸς
2790 4448 3043 4519 δεύτερος
3077 4447 3152 4499 ὢν
3203 4448 3297 4500 τοῦ
3351 4448 3564 4514 Πατρὶς
3608 4448 3759 4512 τάξει
3795 4468 3853 4502 τε
3893 4454 3992 4504 καὶ

743 4538 814 4591 sit
845 4538 1038 4592 ordine
1089 4550 1143 4592 et
1188 4540 1468 4607 dignitate,
1500 4558 1606 4593 non
1650 4549 1737 4594 est
1786 4551 2066 4609 propterea
2117 4548 2349 4596 natura

2424 4542 2711 4611 ἀξιώματι.
2767 4541 2955 4593 οἰκὲτι
3014 4542 3109 4594 καὶ
3166 4540 3327 4608 φύσει
3391 4540 3511 4591 ἐστὶ
3564 4540 3852 4609 δεύτερος·
3892 4546 3994 4596 καὶ

742 4632 1016 4685 secundus
1047 4649 1060 4684 :
1092 4641 1146 4686 et
1175 4648 1455 4700 exponens
1485 4643 1708 4687 sanctus
1741 4634 1965 4697 dictum,
1996 4650 2105 4702 quo
2139 4634 2311 4691 Filius

744 4735 774 4771 a
813 4720 971 4775 Patre
998 4725 1270 4777 secundus
1294 4737 1408 4778 est:
1442 4745 1459 4775 ‹
1482 4725 1685 4778 Ordine
1702 4726 1952 4793 quident,
1989 4727 2187 4794 inquit,
2218 4742 2306 4781 se-

741 4813 955 4867 cundus
985 4825 1071 4869 est
1119 4830 1148 4869 a
1185 4817 1364 4879 Patre,
1408 4819 1552 4886 quod
1575 4835 1639 4871 ex
1682 4818 1781 4871 illo
1806 4827 1910 4881 est,
1945 4828 1999 4872 et
2023 4820 2309 4884 dignitate,

742 4886 889 4973 quod
927 4908 1254 4976 priueip‘um
1281 4918 1333 4961 et
1373 4925 1561 4975 causa,
1589 4911 1732 4979 quod
1758 4912 1848 4963 ille
1880 4911 1970 4971 sit.
2005 4911 2164 4964 Pater
2190 4922 2310 4976 est;

741 5006 795 5049 et
822 5000 965 5066 quod
1016 5015 1108 5068 per
1151 5018 1273 5054 eum
1317 5017 1577 5057 accessus
1622 5015 1675 5055 et
1739 5002 1999 5056 adductio
2027 5004 2092 5056 ad
2142 5003 2308 5057 Deum

743 5092 978 5146 Patrem.
1023 5111 1041 5144 ι

818 5180 868 5234 5.
900 5182 1004 5234 Sed
1036 5184 1159 5249 quis
1199 5183 1322 5247 scit,
1361 5184 1613 5252 inquiunt
1657 5185 1975 5250 adversarii,
2008 5201 2076 5239 an
2118 5202 2315 5240 serun-

744 5272 842 5326 das
899 5284 1080 5341 partes
1128 5273 1365 5340 Spiritus
1434 5288 1685 5343 respectu
1750 5275 1908 5339 Filii,
1961 5280 2315 5346 proportione

744 5363 990 5432 quidem,
1024 5367 1357 5432 reSpondere
1376 5377 1599 5419 sanctus
1629 5366 1880 5435 opinetur
1901 5369 2161 5423 secundis
2193 5369 2311 5422 Filii

748 5454 1016 5522 partibus,
1064 5466 1311 5523 respectu
1361 5453 1576 5509 Patris?
1615 5457 1749 5523 Quis
1782 5459 1921 5511 scit?
1967 5458 2067 5524 Qui
2107 5462 2313 5514 theolo-

748 5553 866 5619 gica
901 5549 1043 5604 dicta
1085 5550 1372 5618 diligenter
1403 5553 1694 5620 percurrit,
1723 5555 1927 5621 quibus
1962 5556 2158 5608 similis
2187 5570 2313 5624 pro-

751 5642 927 5709 portio
977 5642 1136 5711 plane
1184 5642 1495 5696 innotescit.
1528 5643 1661 5707 Quae
1715 5646 1842 5698 licet
1882 5647 2135 5715 pleraque
2180 5647 2312 5711 sint,

750 5747 922 5799 pauca
944 5734 1294 5787 nihilominus
1318 5735 1405 5787 hic
1433 5750 1786 5803 appiinetttus,
1812 5743 2052 5792 contenti
2078 5747 2314 5791 tantum-

750 5824 912 5879 modo
962 5825 1120 5884 dictis
1178 5828 1355 5897 magni
1411 5826 1715 5895 Athanasii,
1770 5843 1891 5897 qua:
1942 5845 2168 5900 magnus
2225 5830 2315 5886 ille

2415 4631 2807 4701 ὲφερμηνεύων
2841 4634 2868 4683 6
2899 4632 3055 4699 ἅγιος
3104 4630 3194 4683 τὸν
3224 4631 3405 4698 λόγον,
3460 4630 3583 4682 καθ’
3622 4632 3680 4682 ὃν
3712 4633 3829 4683 ἐστι
3855 4632 3983 4685 δεῦρ

2414 4740 2570 4791 τερος
2619 4724 2713 4777 τοῦ
2775 4725 2987 4793 Πατρὺς
3039 4727 3066 4775 ὀ
3122 4724 3268 4785 Υἱὸς,
3330 4741 3346 4773 ι
3412 4722 3574 4785 Τάξει
3616 4724 3734 4791 μὲν,
3775 4743 3794 4775 ι
3830 4727 3991 4796 φησι,

2421 4835 2439 4867 ι
2478 4816 2574 4868 τοῦ
2626 4815 2839 4885 Πατρός
2887 4817 3005 4868 ἐστι
3036 4814 3313 4883 δεύτερος,
3364 4814 3448 4865 ὅτι
3503 4813 3598 4863 ἀπ’
3629 4815 3861 4878 ἐκείνου,
3895 4818 3994 4867 καὶ

2415 4908 2711 4979 ἀξιώματι,
2742 4910 2823 4961 ὄτι
2856 4909 3021 4978 ἁρχὴ,
3046 4912 3139 4961 καὶ
3178 4905 3329 4959 αἰτία
3357 4904 3435 4973 τῷ
3468 4900 3608 4957 εἶναι
3638 4907 3857 4973 Πατέρα
3888 4908 3993 4960 αὐ-

2414 5002 2508 5053 τοῦ
2560 5002 2655 5053 καὶ
2707 5001 2787 5052 ὅτι
2824 4999 2890 5052 δι’
2918 4999 3083 5052 αὑτοῦ
3136 5002 3168 5069 ἡ
3203 5000 3464 5063 πρόσοδος
3520 5000 3613 5051 καὶ
3648 5012 3992 5071 προσαγωγη

2380 5111 2384 5114 ·
2416 5094 2553 5163 πρὸς
2583 5093 2677 5144 τὸν
2706 5092 2837 5144 Θεὸν
2870 5097 2964 5145 καὶ
2999 5094 3236 5161 Πατέρα.
3282 5114 3300 5146 ι

2487 5185 2548 5239 ε’.
2597 5185 2757 5238 Ἀλλά
2794 5187 2876 5247 τίς
2929 5182 3060 5250 οἶδε,
3111 5189 3273 5253 φασιν
3316 5189 3364 5239 οἱ
3394 5189 3767 5255 ἀντιλέγοντες
3827 5187 3877 5239 εξ
3927 5187 3995 5240 τὸ

2414 5277 2509 5329 τοῦ
2540 5275 2858 5344 Πνεύματος
2886 5277 3021 5347 πρῦς
3066 5278 3156 5328 τὸν
3214 5278 3339 5330 Υίῖν
3368 5279 3673 5350 δευτερεῖον
3721 5280 3995 5345 ἀνάλογον

2415 5366 2443 5417 6
2476 5365 2627 5428 ἅγιος
2654 5364 2829 5417 οίεται
2869 5365 2948 5434 τῷ
2993 5368 3128 5433 πρὸς
3162 5368 3255 5419 τὸν
3294 5369 3515 5438 Πατέρα
3558 5370 3848 5438 δευτερείῳ
3888 5371 3991 5422 τοῦ

2418 5454 2585 5518 Υἰοῦ;
2639 5456 2737 5517 Τίς
2788 5451 2971 5521 οἷδενς
3021 5460 3082 5511 ὐ
3111 5460 3177 5512 τὰ
3207 5460 3491 5527 θεολογικά
3536 5462 3677 5529 ῥητά
3707 5460 3991 5529 ἐπιμελῶς

2417 5547 2795 5617 ἐξερχόμενος,
2848 5549 2907 5614 ἐξ
2938 5543 3012 5602 ὧν
3068 5552 3359 5620 ἡτοιαύτη
3409 5552 3672 5619 ἀναλογία
3725 5552 3839 5621 ἔχει
3885 5553 3993 5623 τὴν

2416 5640 2801 5710 διατράνωσιν,
2828 5636 2903 5694 ὧν
2936 5640 3146 5693 πολλῶν
3185 5641 3357 5695 ὄντων
3379 5643 3641 5708 ὀλιγᾶττα
3673 5648 3729 5697 ὲν
3768 5644 3845 5711 τῷ
3876 5663 3992 5697 πα-

2423 5734 2568 5802 ρόντι
2599 5732 2927 5803 ἐκθήσομεν,
2956 5735 3136 5802 μόνοις
3172 5738 3284 5796 τοῖς
3324 5736 3420 5787 τοῦ
3460 5737 3699 5803 μεγάλου
3748 5738 3987 5790 Ἀθανα-

2422 5824 2560 5891 σίου,
2595 5819 2673 5889 οἷς
2698 5826 2724 5876 6
2755 5825 2931 5895 μέγας
2956 5821 3106 5887 οὗτος
3142 5827 3197 5876 ἐν
3242 5829 3307 5895 τῇ
3341 5824 3477 5894 πρὸς
3509 5827 3831 5894 Σεραπίωοα
3860 5833 3994 5898 περὶ
