4214 6442
752 384 855 446 319

1776 387 1990 447 JOAN.
2032 382 2250 447 VECCI
2294 385 2403 445 CP.
2444 382 2964 447 PATRIARClI/E

3915 391 4030 455 320

756 516 990 571 magnos
1046 500 1133 555 hic
1174 509 1230 555 et
1282 502 1337 554 in
1383 502 1552 555 relius
1611 504 1933 569 theologieis
1978 500 2336 555 decernendis

2438 499 2634 569 ψυχῆς,
2672 502 2766 556 νῦν
2791 503 2849 555 δὲ
2883 505 2962 563 εἰς
2992 502 3195 571 ψυχήν.
3244 520 3259 551 ι
3311 504 3464 555 Ἐπεὶ
3493 504 3624 571 γοῦν
3652 507 3680 558 ὁ
3730 506 3903 572 μέγα(
3927 502 4027 560 οῦ-

753 594 988 648 exiutius
1031 591 1287 657 Basilius,
1350 594 1593 647 inﬂatum
1650 596 1794 647 hunc
1825 596 1971 647 illius
2003 610 2129 649 esse
2165 594 2337 663 Spiri-

759 692 853 737 tus
876 693 1106 747 asserat,
1140 684 1232 751 qui
1270 698 1393 736 cum
1434 685 1644 736 vivente
1688 684 1863 737 Verbo
1911 684 1961 736 in
2010 683 2201 735 eodem
2243 699 2337 735 or-

754 773 885 827 dine
911 774 1211 829 collovatur
1240 776 1307 829 ad
1337 775 1658 836 creandum,
1691 792 1853 827 nemo
1880 776 2129 844 equidem
2176 775 2335 827 al’lir-

769 866 961 926 mabit.
998 868 1341 934 spiritualem
1375 869 1606 937 gratiam
1656 884 1799 931 esse,
1853 880 1975 937 Quae
2013 884 2167 936 aeque
2209 884 2333 923 cum

759 956 941 1009 Verbo
966 959 1270 1011 collocatur
1298 958 1365 1011 ad
1390 959 1714 1019 creandum,
1750 962 1841 1011 sed
1868 960 2038 1027 ipsam
2067 959 2334 1012 virentem

756 1049 1015 1103 virtutem
1047 1061 1101 1102 et
1128 1050 1365 1104 divinam
1401 1062 1651 1104 naturam
1678 1049 1931 1118 Spiritus.
1964 1050 2052 1116 Et,
2088 1053 2130 1105 si
2158 1049 2208 1105 id
2233 1062 2335 1114 est,

763 1150 965 1212 temere
989 1155 1085 1191 eos
1117 1141 1340 1208 obloqui
1374 1142 1533 1204 scito,
1570 1143 1662 1208 qui
1701 1143 1753 1194 in
1795 1143 2025 1210 gratiam
2073 1142 2336 1208 spiritua-

758 1227 885 1287 le'n,
939 1226 1190 1281 inﬂatum
1228 1245 1257 1282 a
1308 1226 1450 1283 Filio
1478 1230 1744 1297 Spiritum
1792 1234 2086 1300 accipiunt,
2124 1244 2177 1288 et
2211 1235 2335 1289 aliis

755 1320 1007 1375 tradunt.
1058 1322 1289 1375 Attende
1332 1324 1519 1386 etiam,
1551 1325 1695 1391 quod
1734 1325 1863 1377 mihi
1903 1327 2336 1384 consideratione

753 1422 863 1461 non
892 1409 1181 1475 indignum
1207 1412 1508 1480 judicalur.
1542 1414 1769 1484 Magnus
1793 1414 2182 1471 Basiliusnunc
2208 1420 2335 1486 qui-

752 1498 879 1552 dem
936 1502 1199 1569 Spiritum
1273 1505 1416 1561 hunc
1472 1507 1711 1560 divinam
1788 1518 2038 1563 naturam
2080 1512 2330 1579 appellat,

760 1592 1088 1646 int-ﬂabilem
1134 1612 1195 1647 ex
1241 1597 1499 1650 ineﬂahili
1547 1614 1642 1651 ore
1689 1611 2127 1669 promanantetn,
2165 1618 2331 1654 unum

757 1682 948 1737 dicens
978 1700 1061 1749 os,
1097 1701 1159 1738 ex
1193 1702 1304 1754 quo
1335 1689 1595 1756 Spiritus,
1626 1699 1679 1743 et
1710 1704 1818 1742 non
1857 1692 1967 1744 duo
1996 1709 2006 1743 :
2042 1706 2187 1745 nunc
2208 1706 2335 1744 vero

756 1774 897 1827 infra
948 1779 1223 1833 nonnullis
1285 1782 1535 1844 annexis,
1581 1784 1830 1836 eumdem
1863 1798 1983 1837 esse
2018 1782 2202 1847 tradit,
2240 1785 2331 1854 qui

757 1867 1044 1935 discipulis
1103 1870 1417 1932 insulﬂavit,
1464 1882 1519 1924 et
1552 1875 1808 1927 eumdem
1855 1890 1951 1943 per
1993 1891 2154 1942 quem
2196 1875 2333 1929 Dens

762 1960 1063 2027 antiquitus
1112 1963 1350 2030 primum
1392 1974 1582 2017 creato
1637 1965 1841 2018 homini
1893 1964 2133 2019 inﬂatum
2185 1967 2335 2020 exhi-

758 2049 896 2112 buit,
932 2060 985 2103 et
1030 2068 1156 2106 cum
1210 2054 1309 2115 ait.
1360 2075 1378 2107 ι
1411 2072 1506 2124 per
1554 2072 1715 2125 quem
1775 2056 1917 2111 Deus
1962 2058 2277 2125 insumivit,
2311 2079 2330 2111 ι

771 2144 1062 2205 ιιιϊδυίουο
1093 2146 1226 2198 duas
1263 2159 1661 2202 commonstrat
1691 2164 1954 2213 personas
1997 2150 2087 2204 Dei
2128 2161 2182 2204 et
2216 2152 2336 2205 Pa-

764 2232 870 2285 tris
905 2249 967 2286 ex
1021 2251 1132 2303 quo
1164 2237 1408 2303 inﬂatus,
1443 2248 1500 2293 et
1550 2240 1639 2294 Dei
1672 2240 1816 2303 Filii,
1841 2258 1936 2309 per
1972 2257 2132 2309 quem
2178 2244 2335 2296 inﬂa-

759 2330 882 2387 tus;
923 2340 1049 2377 cum
1086 2340 1213 2379 vero
1240 2328 1503 2397 singulari
1540 2344 1768 2384 numero
1794 2346 1859 2384 os
1896 2330 2119 2398 profert,
2151 2340 2335 2384 osten-

757 2414 859 2481 dit,
888 2416 1151 2486 quidquid
1184 2420 1253 2473 de
1297 2419 1502 2489 Spiritu
1543 2438 1607 2475 ex
1639 2419 1800 2475 Patre
1844 2437 1938 2490 per
1971 2421 2167 2475 Filium
2196 2422 2338 2476 dici-

760 2518 871 2566 tur.
906 2525 1012 2562 non
1047 2520 1304 2580 tanquam
1341 2530 1406 2566 ex
1442 2515 1653 2568 duabus
1693 2515 1879 2568 causis
1924 2530 2081 2579 esse;
2115 2516 2256 2581 quod
2286 2524 2339 2569 et

759 2601 1029 2664 t‘apitil.us
1094 2604 1158 2654 ad
1236 2605 1676 2673 Amphilochium
1735 2605 1949 2675 plenius
2013 2604 2335 2668 insinuavit,

755 2690 1048 2745 αἰειιυιιιοιη
1099 2712 1189 2755 per
1216 2695 1416 2749 Filium
1479 2699 1669 2766 prima:
1700 2708 1754 2751 et
1815 2699 2098 2766 pracipuze
2156 2712 2337 2752 causa

753 2782 1157 2838 confessionem
1204 2803 1327 2842 esse
1359 2790 1677 2844 deet-ruens.

842 2873 898 2927 τ.
960 2874 1205 2931 Tertium
1265 2889 1371 2933 tua:
1420 2882 1705 2935 relationis
1773 2891 1936 2952 caput
2007 2890 2144 2947 erat,
2212 2898 2338 2950 pro-

763 2966 1055 3034 prietatum
1114 2972 1499 3027 confusionem
1570 2975 1771 3030 ascribi
1838 2978 2120 3040 Romanis,
2211 2992 2336 3030 cum

763 3056 1004 3111 fatentur
1084 3058 1346 3128 Spiritum
1420 3080 1488 3119 ex
1569 3065 1730 3120 Patre
1816 3078 1873 3121 et
1944 3068 2087 3121 Filio
2151 3082 2342 3136 proce-

2438 610 2529 654 τος
2560 594 2652 644 καὶ
2684 594 2851 655 πολὺς
2883 594 2981 661 τὴν
3014 594 3293 660 θεολογίαν
3325 596 3605 658 Πασίλειος
3632 596 3732 664 τὴν
3765 599 4025 666 ἐμφύση-

2439 701 2523 735 σιν
2556 684 2760 751 ταύτην
2786 686 2996 737 ἐκείνου
3029 681 3171 737 εἶναι
3212 686 3357 751 λέγει
3384 685 3483 738 τοῦ
3515 687 3856 752 Πνεύμστος,
3879 691 4024 755 ὅπερ

2437 776 2553 829 ἐστὶ
2589 776 2666 848 τῷ
2700 772 2860 839 ζῶντι
2905 778 3061 846 Λόγῳ
3105 780 3536 845 συντεταγμένον
3567 779 3641 839 εἰς
3677 779 3738 829 τὸ
3766 779 4027 845 6t.pr-

2437 871 2589 935 γετνο
2622 870 2838 929 πάντως
2886 869 2985 942 οὑκ
3037 869 3103 921 ἄν
3139 886 3223 930 τις
3262 871 3381 938 ὲρεῖ
3430 870 3808 939 πνευματικὴν
3860 873 4026 938 χάριν

2437 956 2576 1021 εἶναι
2620 959 2718 1027 τὴν
2752 960 2829 1026 τῷ
2861 961 3018 1029 Λόγῳ
3067 961 3511 1030 συντεταγμένην
3542 964 3621 1023 εἰς
3651 962 3711 1012 τὸ
3754 963 4026 1029 δημιουρ-

2437 1054 2574 1117 γείν,
2608 1051 2722 1103 ἀλλ’
2757 1053 2927 1119 αὐτὴν
2956 1052 3054 1120 τὴν
3105 1050 3286 1113 ζῶσαν
3316 1052 3567 1119 δύναμιν,
3600 1054 3696 1104 καὶ
3734 1054 3884 1104 Θείαν
3913 1056 4027 1121 φύε

2439 1155 2523 1192 σιν
2565 1140 2657 1192 τοῦ
2692 1140 3029 1208 Πνεῦματος.
3070 1143 3179 1195 Καὶ
3209 1144 3256 1194 εἰ
3303 1142 3483 1204 τοῦτο,
3539 1144 3715 1209 μάτην
3763 1144 4026 1209 λέγοντας

2438 1232 2571 1294 ἴσθι,
2602 1234 2727 1294 τοῦς
2766 1234 2845 1295 εἰς
2890 1234 3055 1301 χάριν
3096 1233 3473 1305 πνευματικὴν
3508 1235 3569 1287 τὸ
3621 1235 4023 1302 ἔμ’,ςυσὼμενον

2436 1324 2589 1391 παρὰ
2615 1322 2745 1376 Υἱοῦ
2796 1324 3021 1393 Πνεῦμα
3067 1325 3488 1394 ἐξηγουμένους.
3527 1327 3725 1379 Σκόπει
3750 1326 3806 1379 δὲ
3854 1328 3950 1379 καὶ
3992 1328 4022 1379 ὃ

2438 1428 2529 1482 μοι
2580 1415 2901 1478 ἐπιστασίας
2952 1417 3200 1485 ἠξίωται.
3246 1414 3304 1469 Ὀ
3361 1417 3537 1486 μέγας
3596 1418 3875 1481 “uallem;
3919 1418 4022 1470 νῦν

2439 1506 2538 1570 μὲν
2567 1506 2627 1557 τὸ
2666 1502 2888 1574 Πνεῦμα
2922 1508 3079 1558 τοῦτο
3126 1508 3279 1559 θείαν
3319 1508 3579 1572 ὀνομάζει
3628 1509 3807 1575 φῦσιν,
3843 1510 4022 1577 ἇρῤη-

2434 1612 2527 1648 τον
2567 1596 2624 1661 ἐξ
2661 1598 2901 1665 ἀρρήτου
2930 1598 3196 1664 στόματος
3222 1602 3546 1666 πεφηνυῖαν,
3590 1597 3647 1649 ἓν
3673 1594 3811 1649 εἶναι
3841 1597 4019 1664 λέγων

2435 1688 2495 1739 τὸ
2527 1688 2724 1757 στόμα.
2766 1687 2825 1752 ἐξ
2873 1684 2935 1742 οῦ
2966 1691 3024 1741 τὸ
3077 1689 3320 1756 Πνεῦμα,
3367 1692 3461 1742 καὶ
3508 1691 3628 1758 οὐχὶ
3680 1691 3792 1754 δύο,
3835 1690 3928 1741 νῦν
3959 1692 4015 1742 δὲ

2439 1796 2818 1848 παρακατιων,
2845 1782 2946 1833 οὑκ
2999 1781 3156 1833 ἄλλον
3196 1777 3335 1833 εἶναι
3368 1782 3511 1847 λέγει
3550 1783 3640 1833 τὸν
3675 1785 3787 1845 τοῖς
3837 1783 4017 1849 μαθη-

2435 1873 2556 1933 ταῖς
2587 1870 3001 1941 ἐμφυσήσαντα,
3038 1874 3151 1925 ἀλλ’
3184 1875 3365 1935 αὑτὸν,
3402 1873 3469 1924 δι’
3498 1870 3559 1926 οῦ
3589 1873 3739 1934 Θεὸς,
3774 1875 3867 1925 καὶ
3908 1874 4019 1926 πά-

2437 1960 2524 2012 λαι
2553 1960 2628 2028 τῷ
2658 1962 3070 2031 πρωτοπὶάστῳ
3110 1963 3309 2015 δέδωκε
3340 1963 3437 2032 τὴν
3469 1965 3492 2014 t
3504 1963 3802 2030 :1¢t337;6‘v,
3838 1967 3928 2015 καί
3951 1966 4018 2017 ἐν

2440 2054 2543 2120 μὲν
2587 2052 2683 2119 τῷ,
2720 2072 2737 2102 ι
2772 2054 2840 2106 δι’
2871 2048 2931 2105 οῦ
2976 2054 3109 2116 Θεὸς
3141 2054 3473 2122 ἐνεφύσησεν
3502 2073 3519 2104 ι
3565 2056 4018 2122 ὁμολογουμένως

2436 2145 2505 2197 τὰ
2528 2145 2621 2196 δύο
2645 2147 2902 2213 ὲμφαένει
2941 2147 3229 2214 πρόσωπα,
3257 2147 3351 2198 τοῦ
3386 2163 3443 2197 τε
3474 2146 3609 2198 Θεοῦ
3652 2149 4016 2214 καὶίιιτρζς.

2436 2238 2495 2303 ἐξ
2535 2232 2595 2290 οῦ
2626 2241 2658 2307 ἡ
2700 2238 3032 2309 ὲμφύσησις,
3081 2241 3173 2291 καὶ
3208 2239 3303 2291 τοῦ
3341 2239 3477 2291 Θεοῦ
3511 2242 3603 2292 καὶ
3642 2240 3796 2301 Υἱοῦ,
3832 2240 3900 2292 δι’
3951 2236 4017 2295 οῦ

2438 2331 2471 2398 ὴ
2508 2330 2850 2401 ἑμφύσησις·
2899 2334 2954 2382 tv
2981 2332 3037 2383 δὲ
3091 2332 3167 2399 τῷ
3201 2331 3364 2400 ἐνικῷ
3406 2331 3498 2383 τοῦ
3543 2332 3815 2399 στόματος
3845 2350 4017 2399 παρι-

2441 2424 2542 2491 στᾷ
2583 2423 2679 2487 ὡς,
2723 2422 2773 2475 εἰ
2802 2439 2853 2475 τι
2890 2424 3017 2493 περὶ
3045 2412 3139 2476 τοῦ
3192 2423 3508 2492 Πνεύματος
3562 2424 3625 2475 ἐκ
3680 2424 3885 2490 Πιτρὸς
3947 2425 4015 2475 δι’

2439 2512 2572 2566 Υἰοῦ
2603 2515 2843 2581 λέγεται,
2880 2515 2976 2584 οὑχ
3011 2516 3086 2577 ὡς
3116 2517 3181 2567 ἐκ
3214 2516 3305 2567 δύο
3339 2515 3530 2566 αἰτίων
3579 2516 3749 2574 ἐστὶν,
3781 2514 3808 2565 δ
3833 2516 3923 2565 καὶ
3956 2516 4017 2564 tv

2438 2611 2549 2670 τοῖς
2591 2608 2727 2675 πρὶς
2769 2609 3117 2677 ’Λμφιὶόχιον
3142 2608 3442 2675 δεδήλωκεν
3471 2608 3882 2677 ἐναργέστερον,
3909 2607 4014 2675 τὴν

2444 2700 2563 2752 «δι’
2608 2700 2738 2753 Υἱοῦ
2787 2719 2804 2750 ι
2863 2700 3047 2768 φωνὴν
3108 2701 3205 2768 τῆς
3272 2700 3765 2769 πῳκαταρκτικῆς
3826 2700 4017 2761 αἰτξας

2439 2792 2727 2862 ὁμολογίαν
2749 2792 3180 2862 τεοεολογηκώς.

2508 2884 2574 2948 ζ’.
2610 2885 2804 2953 Τρίτον
2831 2901 2913 2937 σοι
2941 2885 3039 2953 τῆς
3062 2885 3340 2951 ἀναφορᾶς
3368 2884 3663 2952 κεφάλαιον
3694 2879 3761 2951 ἦν
3784 2883 3843 2934 τὸ
3876 2882 4017 2947 σῦγο

2438 2992 2595 3045 χυσιν
2655 2975 2930 3045 ἰδιοτήτων
2984 2976 3327 3043 ἐγκαλεῖσθαι
3366 2976 3673 3043 Ῥωμαίους
3726 2977 3784 3025 tv
3837 2974 3918 3042 τῷ
3952 2976 4018 3025 τὸ

2441 3070 2661 3139 Πνεῦμα
2698 3070 2878 3133 λέγειν
2926 3072 2990 3123 ὲκ
3028 3072 3240 3147 Πατρδς
3274 3072 3368 3122 καὶ
3416 3069 3546 3123 Υἰοῦ
3589 3069 4014 3138 ὶκπορεῦεσθαι.

758 3146 909 3204 dere.
951 3151 1020 3205 At
1076 3152 1177 3208 hoc
1240 3155 1532 3211 manifesto
1584 3158 1778 3211 falsum
1840 3173 1963 3213 esse
2039 3159 2326 3221 evincitur,

2439 3159 2610 3211 Τοῦτο
2658 3161 2714 3211 δὲ
2748 3159 2944 3227 ψεῦδος
3003 3156 3145 3211 εἶναι
3192 3158 3459 3226 πρόδηλον
3515 3157 3875 3223 ἁπεὶέγχεται
3905 3156 4018 3207 ἀπὸ

764 3242 908 3306 quod
941 3246 1250 3313 proprimin
1282 3246 1481 3302 Triade
1521 3252 1878 3319 proprietates
1926 3250 2043 3319 ipsa
2089 3251 2205 3304 haac
2234 3266 2335 3304 no-

762 3337 910 3390 mina
943 3349 1091 3404 sunt,
1124 3339 1305 3406 Pater,
1332 3343 1503 3397 Filius
1524 3354 1578 3398 et
1606 3346 1858 3415 Spiritus.
1886 3347 2132 3401 Paterna:
2161 3347 2336 3415 siqni-

759 3430 881 3484 dem
939 3432 1248 3503 hypostasis
1307 3438 1578 3503 exquisita
1650 3439 1955 3507 proprietas
2024 3440 2338 3506 agnoscitur

756 3538 900 3585 esse,
940 3522 1161 3580 Patrem
1190 3543 1365 3597 neque
1400 3526 1598 3583 Filium
1649 3545 1824 3598 neque
1873 3530 2135 3600 Spiritum
2166 3547 2285 3585 esse
2319 3548 2334 3585 :

757 3624 815 3668 et
846 3616 1150 3687 hypostasis
1199 3634 1388 3675 rursus
1443 3618 1587 3683 Filii,
1638 3619 1835 3675 Filium
1892 3638 2066 3691 neque
2121 3623 2335 3677 Patrem

762 3722 942 3774 neque
964 3706 1227 3777 Spiritum
1258 3726 1380 3766 esse
1409 3729 1422 3766 :
1450 3713 1567 3781 pari
1598 3714 1760 3767 modo
1787 3722 1841 3767 et
1883 3712 2118 3781 Spiritus
2168 3716 2337 3785 hypo-

760 3800 930 3854 Itasis
978 3803 1193 3870 propria
1241 3804 1571 3874 proprietas,
1622 3805 1883 3875 Spiritum
1929 3822 2102 3875 neque
2124 3806 2336 3862 Patrem

767 3906 943 3961 neque
976 3892 1194 3960 Ριίἱυιιι,
1229 3897 1324 3951 sed
1348 3900 1722 3953 tantummodo
1758 3900 2015 3968 Spiritum
2053 3916 2193 3956 esse.
2231 3903 2338 3956 ιω-

761 3996 891 4050 que.
916 3986 982 4048 si,
1010 3996 1068 4039 ut
1100 3988 1201 4056 ipsi
1231 4001 1505 4055 asserunt,
1532 3990 1783 4046 conlusio
1809 3993 2055 4061 quaedam
2091 3995 2339 4063 proprie-

772 4085 944 4130 tatum
978 4081 1064 4140 sit,
1100 4095 1223 4133 Cum
1249 4098 1313 4135 ex
1351 4080 1482 4135 Filio
1532 4083 1764 4151 Spiritus
1804 4085 2096 4152 procedere
2134 4087 2335 4138 asseri-

768 4178 877 4235 tur,
910 4172 1081 4225 multo
1117 4186 1274 4226 antea
1306 4174 1447 4227 facta
1504 4174 1718 4239 fuisset,
1764 4192 1885 4230 cunt
1932 4176 2169 4244 Spiritus
2216 4175 2338 4230 Filii

766 4263 945 4316 dictus
971 4273 1074 4317 est.
1105 4266 1170 4320 Et
1195 4268 1551 4321 nihilominus
1570 4276 1623 4322 et
1652 4268 1888 4335 Spiritus
1910 4269 2090 4322 Patris
2114 4268 2333 4332 dicitur,

760 4365 819 4410 et
844 4355 1081 4425 Spiritus
1117 4358 1264 4422 Filii,
1312 4370 1365 4413 et
1410 4360 1614 4413 nullam
1662 4362 2019 4429 proprietates
2060 4361 2339 4416 confusio-

765 4463 891 4501 nem
924 4450 1224 4517 patiuntur.
1246 4450 1427 4516 Quare
1457 4460 1512 4505 et
1546 4467 1611 4505 ex
1640 4450 1797 4505 Patre
1827 4455 2148 4520 procedens,
2176 4463 2230 4506 et
2268 4468 2335 4506 ex

768 4536 905 4591 Filio
928 4541 979 4591 in
1002 4555 1100 4593 sua
1132 4541 1482 4609 proprietate,
1514 4540 1748 4609 Spiritus
1780 4542 1989 4595 scilicet
2010 4544 2334 4611 procedens,

769 4630 1128 4686 iuunutahilis
1160 4643 1537 4687 consertatnr.
1592 4633 1746 4687 Tunc
1795 4633 1940 4686 enim
1990 4634 2340 4702 proprietatis

766 4725 998 4777 tinttatio
1032 4727 1108 4787 lit,
1142 4741 1267 4780 cum
1296 4735 1391 4779 aut
1422 4725 1577 4779 Pater
1600 4735 1657 4779 ut
1682 4726 1838 4780 Pater
1872 4727 1966 4788 sit,
1994 4727 2214 4784 amittit.
2248 4735 2342 4779 aut

767 4818 938 4871 Filius
969 4829 1027 4871 ut
1064 4818 1136 4871 sit
1167 4816 1358 4882 Filius,
1392 4828 1486 4872 aut
1524 4818 1762 4887 Spiritus
1794 4828 1851 4873 ut
1884 4817 2121 4887 Spiritus
2169 4819 2259 4880 sit,
2287 4826 2344 4873 et

770 4909 1003 4977 Spiritus
1028 4912 1206 4965 Patris
1232 4922 1285 4966 et
1315 4910 1436 4965 Filii
1461 4929 1477 4977 ;
1508 4911 1974 4981 quemadmodum
2006 4922 2059 4964 et
2087 4912 2341 4981 proprie-

771 5005 899 5057 tatis
935 5007 1244 5067 perennitas
1271 5014 1374 5067 est,
1407 5022 1530 5059 (lllll
1574 5021 1637 5059 ex
1676 5005 1849 5059 tribus
1896 5006 2127 5074 quilibet
2156 5006 2209 5059 in
2252 5020 2339 5068 eo,

774 5096 919 5164 quod
947 5104 1051 5155 est.
1087 5106 1414 5164 perseveret.
1441 5096 1527 5158 Et.
1566 5098 1723 5165 plane
1759 5097 1964 5151 nullam
2016 5098 2141 5151 inde
2187 5096 2343 5166 sequi

772 5187 1179 5251 eonfttsionem,
1206 5189 1316 5256 jam
1347 5190 1489 5243 dicta
1541 5189 1769 5257 probant
1809 5199 2014 5258 aperte.
2064 5188 2348 5243 Verumta-

773 5293 897 5331 men
928 5279 1163 5347 propriae
1192 5277 1412 5332 Ttiatlis
1438 5280 1803 5349 proprietates
1838 5280 1954 5347 ipsa
1979 5281 2093 5336 haec
2124 5281 2346 5336 nomina

772 5385 912 5435 esse,
939 5368 1119 5431 Pater,
1165 5378 1218 5423 et
1251 5369 1451 5435 Filius,
1505 5380 1559 5424 ct
1609 5370 1844 5439 Spiritus
1891 5379 2134 5436 sanctus,
2195 5372 2347 5425 ltisce

780 5462 985 5530 scripto
1044 5463 1255 5515 traditis
1319 5462 1650 5517 testimoniis
1723 5461 2012 5516 manifesto
2067 5464 2344 5530 probatur.

778 5551 1055 5620 Ngsscnus
1086 5558 1323 5608 secunda
1362 5554 1627 5609 adversus
1676 5553 2006 5607 Eunomium
2057 5555 2345 5607 oratione:

781 5664 799 5694 ι
842 5644 1270 5714 llypostaseon,»
1312 5648 1410 5706 ait.
1448 5646 1782 5715 «proprietas
1819 5653 2059 5713 apertam
2080 5655 2133 5698 et
2165 5645 2352 5699 incon-

780 5737 957 5790 lusatn
985 5736 1141 5793 eﬂicit
1173 5752 1526 5805 personarum
1561 5736 1991 5797 distinctionem,
2020 5733 2218 5797 Patris,
2266 5738 2350 5787 in-

781 5844 971 5899 quam,
1003 5837 1056 5883 et
1088 5829 1231 5897 Filii,
1256 5838 1312 5886 et
1338 5827 1572 5899 Spiritus
1601 5828 1799 5885 sancti.
1836 5824 1931 5883 His
1952 5827 2096 5883 enim
2118 5826 2357 5895 compcl-

2436 3244 2529 3298 τοῦ
2569 3246 2665 3308 τὰς
2702 3248 2909 3317 κυρίως
2950 3247 3048 3316 τῆς
3088 3248 3315 3315 Τριάδος
3364 3248 3631 3317 ἰδιότητας
3666 3246 3804 3298 αὐτὰ
3838 3246 4017 3297 ταῦτα

2435 3338 2502 3391 τὰ
2532 3339 2769 3408 ὀνόματα
2822 3334 2984 3403 εἶναι,
3015 3341 3074 3392 τὸ
3106 3339 3295 3409 Πατὴρ
3333 3340 3460 3401 Υἱός
3501 3356 3581 3401 τε,
3623 3341 3717 3391 καὶ
3763 3338 4016 3405 Πνεῦμα.

2438 3430 2551 3499 Τῆς
2584 3432 2693 3499 γὰρ
2728 3430 2825 3483 τοῦ
2877 3430 3090 3503 Πατρδς
3147 3430 3496 3491 ὑποστάσεως
3536 3430 3770 3497 ἀκριϐὴς
3810 3429 4017 3493 ἰδιότης

2435 3524 2595 3573 τοῦτο
2632 3520 2957 3588 γινώσκεται
2989 3517 3147 3581 εἰναι,
3178 3521 3238 3572 τὸ
3273 3522 3410 3588 μήτε
3444 3520 3573 3571 Υἰδν
3610 3524 3745 3586 μήτε
3785 3516 4017 3583 Πνεῦμα

2438 3605 2578 3662 εἶναι
2613 3610 2805 3662 αὐτόν*
2833 3612 2924 3663 καὶ
2947 3613 2979 3678 ἡ
3010 3611 3109 3677 τῆς
3158 3610 3509 3670 ὑποστάσεως
3539 3610 3703 3661 πάλιν
3748 3607 3841 3659 τοῦ
3878 3606 4015 3658 Υἱοῦ

2442 3704 2636 3773 ἰδιότης
2662 3704 2723 3756 τὸ
2760 3704 2897 3772 μήτε
2936 3702 3156 3773 Πατέρα
3196 3701 3595 3772 μήτε-Πνεῦμα
3631 3695 3770 3753 εἶναι
3810 3699 3973 3750 αὐτόν
3996 3716 4012 3729 ο

2438 3795 2699 3856 ὡσαύτως
2731 3796 2787 3847 δὲ
2817 3797 2911 3848 καὶ
2955 3797 2985 3863 ἠ
3020 3794 3133 3863 ,τῆς
3164 3794 3257 3846 τοῦ
3290 3793 3607 3861 Πνεῦματος
3657 3790 4015 3850 ὑποστάσεως

2440 3885 2643 3954 κυρίως
2689 3886 2886 3955 ἰδιότης
2939 3886 2999 3937 τὸ
3034 3888 3172 3953 μήτε
3234 3885 3474 3954 Πατέρα,
3509 3885 3645 3952 μήτε
3691 3880 3838 3941 Υἰδν,
3870 3878 4015 3930 ἀλλὰ

2443 3977 2602 4045 μόνον
2639 3975 2861 4044 Πνεῦμα
2894 3972 3033 4029 εἶναι
3065 3976 3215 4028 αὑτό.
3243 3976 3306 4027 Εἰ
3332 3973 3463 4041 γοῦν
3494 3976 3632 4025 κατὰ
3670 3972 3795 4031 τοὺς
3824 3968 4016 4035 λέγον-

2439 4080 2537 4125 τας
2576 4063 2833 4131 σύγχυσίς
2868 4081 2949 4124 τις
3011 4063 3218 4131 γίνεται
3269 4062 3377 4115 τῶν
3424 4063 3719 4130 ἰδιοτήτιοιν,
3770 4060 3897 4111 ὅταν
3950 4057 4016 4121 ἐξ

2441 4154 2571 4207 Υξοῦ
2612 4155 2671 4207 τὸ
2703 4154 2927 4223 Πνεῦμα
2960 4154 3166 4222 λέγοιτο
3209 4154 3627 4222 ἐκπορεύεσθαι.
3666 4149 3845 4218 πολλῷ
3878 4150 4016 4216 πρό-

2437 4265 2593 4317 τερον
2617 4248 2834 4314 ἐγένετο
2854 4247 3018 4315 αῦτη,
3040 4249 3169 4299 ὅταν
3200 4245 3424 4314 Πνεῦμα
3446 4245 3646 4316 ἐρρέθη
3666 4242 3816 4296 Υἰοῦ.
3848 4242 4015 4292 Ἀλλά

2441 4339 2547 4409 μὴν
2576 4343 2671 4391 καὶ
2704 4339 2929 4407 Πνεῦμα
2963 4338 3169 4407 Πατρὸς
3204 4337 3443 4403 λέγεται,
3472 4336 3565 4386 καὶ
3597 4334 3822 4402 Πνεῦμα
3854 4330 4013 4397 Tia-3,

2438 4431 2533 4485 καὶ
2566 4431 2828 4501 σύγχυσιν
2872 4434 2929 4484 αἰ
2962 4432 3225 4499 ἰδιότητες
3276 4431 3375 4499 οὑχ
3428 4428 3748 4494 ὑφίστανται
3799 4428 3893 4477 καὶ
3945 4428 4017 4477 ἐκ

2368 4508 2411 4563 D
2441 4525 2650 4595 Πατρὸς
2679 4524 2809 4591 γοῦν
2841 4522 3271 4590 ἐκπορευόμενον
3300 4522 3395 4572 καὶ
3426 4519 3486 4582 ἐξ
3526 4518 3654 4570 Υἰοῦ
3702 4519 3759 4568 tv
3788 4518 3852 4584 τῇ
3880 4516 4021 4567 ἐάν-

2438 4616 2532 4669 τοῦ
2570 4616 2813 4685 ἰδιότητι,
2864 4614 3088 4683 Πνεῦμα
3136 4613 3377 4682 δηλονότι
3428 4610 3757 4677 ὲκπορευτδν
3806 4610 4021 4673 ἀμετα-

2440 4709 2682 4777 ποιήτως
2734 4706 3029 4775 τετήρηται
3082 4704 3323 4773 ἐκτροπή
3374 4702 3481 4772 γὰρ
3541 4699 3799 4768 ἰδιότητος
3838 4699 4019 4749 ἐκείνὸ

2442 4802 2578 4864 ἐστι,
2607 4800 2670 4852 τὸ
2717 4799 2750 4867 ἢ
2788 4799 2879 4850 τὸν
2912 4798 3132 4868 Πατέρα
3183 4796 3552 4849 άποὸαλέσθαι
3599 4793 3660 4845 τὸ
3708 4789 3846 4843 εἶναι
3899 4792 4022 4843 Πα-

2442 4892 2595 4959 τέρα,
2628 4890 2662 4961 ἢ
2691 4893 2781 4942 τὸν
2815 4890 2945 4942 Υἰὸν
2967 4889 3029 4940 τὸ
3073 4886 3212 4940 εἶναι
3254 4887 3406 4951 Υἰὸν,
3437 4888 3470 4955 ἢ
3520 4885 3653 4937 αὐτὸ
3683 4885 3743 4936 τὸ
3788 4882 4022 4949 Πνεῦμα

2443 4986 2505 5038 τὺ
2538 4982 2680 5037 εἶναι
2732 4984 2979 5053 Πνεῦμα,
3011 4983 3104 5034 καὶ
3161 4980 3386 5051 Πνεῦμα
3434 4979 3647 5049 Πατρὸς
3705 4978 3798 5031 καὶ
3857 4976 4021 5029 Υἰοῦ.

2448 5078 2658 5147 Ὠσπερ
2685 5075 2778 5131 οῦν
2811 5076 2904 5127 καὶ
2932 5074 3015 5126 δια
3026 5074 3160 5141 μονὴ
3185 5073 3443 5140 ἰδιότητος
3466 5069 3625 5122 τοῦτό
3652 5072 3767 5121 ἐστι
3790 5068 3851 5119 τὸ
3874 5062 4023 5120 εἶναι

2445 5170 2676 5222 ἕκαστον
2712 5167 2821 5219 τῶν
2847 5165 3035 5233 τριῶν,
3069 5165 3203 5234 ὅπερ
3234 5162 3399 5215 ἐστίν.
3450 5159 3591 5212 ‘AD.’
3620 5162 3703 5211 ὃτι
3738 5158 3836 5227 μὲν
3862 5157 4024 5209 οῦδε-

2450 5262 2551 5330 μία
2583 5260 2833 5315 ἐντεῦθεν
2864 5260 2897 5329 ἡ
2938 5259 3198 5326 σύγχυσις
3237 5253 3459 5323 δηλοῦσι
3488 5254 3556 5304 τὰ
3605 5250 3870 5320 εἰρημένα
3896 5266 3910 5279 ·
3937 5252 4027 5302 ὅτι

2449 5352 2506 5404 δὲ
2536 5352 2593 5403 αἰ
2624 5351 2720 5418 τῆς
2751 5350 2977 5420 Τριάδος
3005 5346 3210 5415 κυρίως
3253 5344 3513 5413 ἰδιότητες
3541 5343 3681 5394 αὑτὰ
3706 5339 3878 5392 ταῦτά
3914 5343 4028 5391 εἰσι

2448 5445 2516 5497 τά
2550 5442 2812 5511 ὀνόματα,
2843 5438 2903 5491 τὸ
2954 5438 3161 5506 Πατὴρ,
3198 5436 3346 5496 Υἱὸς,
3390 5435 3484 5485 καὶ
3516 5431 3761 5501 Πνεῦμα,
3792 5431 3881 5484 διὰ
3916 5432 4030 5482 τῶν

2451 5535 2739 5607 γραφικὼν
2786 5535 2951 5585 τῶνδε
2992 5531 3419 5601 παραστησομέν
3449 5545 3531 5579 σοι
3579 5527 3916 5597 μαρτυριῶν.
3964 5524 4030 5577 Ὀ

2452 5631 2669 5695 Nodot};
2712 5626 2868 5693 ἐντῷ
2913 5626 3031 5678 κατ’
3062 5625 3329 5691 Εὑνομίου
3374 5621 3611 5688 δευτέρῳ
3650 5618 3793 5686 λόγῳ
3832 5615 4028 5675 αὐτοῦ,

2461 5742 2478 5773 ι
2527 5723 2588 5774 'll
2617 5720 2723 5772 τῶν
2776 5719 3146 5775 ὑποστάσεων,
3197 5715 3385 5781 φησὶν,
3432 5713 3629 5778 ἰδιότης
3679 5709 3884 5779 τρανὴν
3930 5708 4031 5758 καὶ

2453 5815 2757 5883 ἁσύγχντον
2797 5814 3035 5863 ποιεῖται
3070 5810 3169 5878 τὴν
3220 5807 3326 5861 τῶν
3357 5806 3665 5873 προσώπων
3714 5801 4033 5870 διαστολὴν,
