4210 6440
757 432 852 499 331
1790 433 2006 494 JOAN.
2052 431 2267 492 VECCl
2303 431 2414 491 CP.
2457 431 2971 492 PATRIARCHXE

3915 440 4029 502 332

761 566 886 609 tero
918 549 1060 615 Filii,
1108 549 1335 606 subdola
1364 560 1446 603 est
1478 550 1612 615 haec,
1657 563 1932 618 praveque
1957 556 2206 603 contorta
2238 563 2326 602 ex-

2442 546 2692 616 Πνεῦμα,
2758 548 2948 615 ἕτερον
3003 547 3060 600 δὲ
3103 547 3198 601 τοῦ
3263 548 3417 612 Υῑοῦ,
3483 554 3849 624 σεσοφισμένη
3907 559 4027 609 ἐστὶ

758 643 1013 712 positio:
1056 644 1253 696 etenim
1311 642 1355 693 si
1411 640 1760 695 solummodo
1813 656 1875 695 ea
1936 642 2168 702 ratione,
2227 652 2334 707 qua

754 719 1011 789 Christus
1037 733 1245 795 carnis,
1284 740 1339 786 et
1377 732 1664 800 sanguinis
1702 734 1974 802 particeps
2013 731 2191 785 factus
2225 740 2332 796 est,

752 834 808 879 et
837 825 1136 878 ‘llOtttillt’ln
1182 823 1511 890 assumpsit;
1541 811 1762 892 proprio
1811 823 2068 875 intinctus
2115 824 2334 890 spiritu,

751 916 958 970 dictum
1015 929 1289 978 asserens,
1329 931 1348 964 ι
1386 911 1590 967 Christi
1634 914 1938 984 Spiritum,
1985 933 2003 963 ι
2042 928 2331 967 assumen-

752 1009 881 1059 dum
915 1016 1024 1068 est,
1058 1021 1165 1072 qua
1195 1018 1322 1058 vero
1349 1018 1414 1056 ex
1443 1014 1649 1058 eterno
1673 1013 1757 1057 est
1788 1004 1950 1068 Deus,
1985 1005 2328 1066 nullatenus;

751 1097 1151 1157 retributionis,
1185 1103 1237 1147 et
1271 1106 1472 1148 mutua:
1503 1096 1734 1148 duarum
1772 1095 1974 1148 Christi
2006 1104 2330 1147 naturarum

750 1186 1264 1248 communicationis
1324 1189 1545 1241 modum
1597 1187 1812 1242 inlieias
1862 1189 2046 1244 iverit.
2098 1187 2329 1241 Pravatn

748 1281 893 1334 hanc
933 1279 1439 1349 interpretationem
1487 1279 1769 1349 Nysseiius
1801 1296 2020 1350 quoque
2079 1281 2311 1341 refellet,

746 1375 957 1438 dicens,
1026 1392 1043 1425 t
1093 1374 1354 1442 Spiritum
1405 1388 1467 1426 ex
1530 1373 1666 1426 Filio
1714 1390 1838 1428 esse
1871 1374 2160 1443 aStipulatu
2193 1389 2326 1427 con-

750 1468 1018 1520 firmatur.
1063 1483 1080 1515 ι
1121 1464 1432 1534 Probatque
1479 1466 1581 1519 hoc
1634 1467 1881 1534 Apostoli
1911 1468 2092 1519 dieto:
2137 1467 2328 1530 «Quis-

749 1561 871 1627 quis
924 1557 1188 1627 Spiritum
1247 1557 1451 1612 Christi
1507 1575 1613 1612 non
1673 1561 1856 1621 habet,
1913 1560 1996 1610 hic
2040 1559 2159 1624 ejus
2218 1573 2324 1612 non

749 1665 830 1706 est
857 1652 958 1721 (Ι).
1003 1670 1020 1701 ι

817 1842 868 1895 6.
900 1840 1250 1907 Rursumque
1282 1839 1444 1901 idem,
1479 1835 1746 1904 Spiritum
1768 1833 1972 1887 Christi
2005 1843 2158 1887 vocat
2199 1832 2324 1901 Spi-

749 1948 884 1998 inin,
943 1932 1088 2001 quod
1143 1931 1389 1998 ejusdem
1450 1944 1576 1982 cum
1628 1926 1767 1980 Filio
1806 1927 2061 1980 essentia:
2111 1935 2193 1977 est
2225 1942 2238 1975 :
2273 1933 2327 1976 et

749 2028 888 2096 quod
933 2040 1096 2092 super
1143 2023 1322 2090 ipsum
1370 2030 1574 2083 manet,
1610 2029 1662 2072 ct
1694 2020 1746 2070 iii
1776 2019 1914 2084 ipso.
1958 2018 2028 2068 At
2057 2015 2217 2068 rebus
2242 2015 2328 2067 di-

751 2120 901 2171 vinis
937 2114 1601 2185 pertramandismagnus
1654 2110 1914 2172 Basilius,
1970 2124 2116 2161 nunc
2170 2107 2324 2170 dicit,

752 2232 771 2261 ο
813 2210 1073 2278 Spiiitum
1110 2206 1228 2260 Filii
1265 2206 1345 2274 (2)
1378 2221 1500 2259 esse
1539 2203 1826 2272 Spiritum,
1850 2200 1995 2269 quod
2015 2215 2108 2265 per
2133 2199 2326 2252 Filium

748 2315 924 2357 estex
952 2301 1112 2354 Patre
1143 2317 1159 2366 ;
1197 2319 1214 2349 ι
1257 2312 1403 2352 nunc
1437 2300 1646 2350 nullum
1679 2310 1800 2349 esse
1827 2295 2124 2347 discrimen
2153 2293 2207 2346 in
2241 2309 2327 2345 re-

748 2397 852 2448 bus
893 2392 1210 2461 tlieologicis
1233 2392 1373 2442 inter
1396 2389 1810 2458 praepositiones
1832 2401 1917 2449 ex,
1947 2394 2124 2453 etper,
2149 2395 2202 2437 et
2237 2398 2327 2452 pa-

747 2498 920 2542 tenter
956 2485 1250 2538 admodum
1281 2485 1460 2535 docet.

817 2577 1116 2630 7.-lteruni
1148 2574 1398 2634 Photius,
1431 2571 1580 2625 aliud
1614 2578 1806 2623 notare
1835 2568 1970 2621 dicit
2002 2567 2210 2621 dictum
2242 2567 2328 2620 aL-

747 2670 994 2729 firnians,
1039 2684 1058 2718 ι
1107 2666 1373 2734 Spiritum
1411 2664 1501 2716 Dei
1525 2662 1607 2715 vel
1630 2662 1830 2724 Patris,
1865 2678 1884 2710 ι
1917 2661 2054 2722 sive,
2091 2677 2110 2708 ι
2152 2659 2330 2727 Spiri-

746 2776 858 2814 tum
897 2758 1021 2811 Filii
1070 2758 1363 2825 Spiritum,
1393 2774 1412 2806 ι
1447 2764 1498 2808 et
1529 2754 1671 2806 aliud
1699 2768 1973 2817 asserens,
2011 2771 2028 2802 ι
2062 2750 2326 2821 Spiritum

743 2869 809 2905 ex
836 2849 996 2904 Patre
1024 2848 1341 2918 proeedere.
1387 2864 1406 2896 ι
1433 2847 1502 2898 At
1543 2859 1774 2914 magnus
1807 2842 2081 2895 Basilius:
2123 2860 2142 2892 ι
2187 2841 2328 2911 Erga

744 2944 984 3004 Patrem,
1010 2961 1027 2992 ι
1069 2940 1261 3009 ait(3),
1293 2938 1678 3008 pt'Oprietateni
1717 2936 1979 3002 intelligo,
2002 2934 2223 3003 quando
2260 2950 2326 2987 ex

753 3043 911 3092 l'atre
968 3036 1235 3104 procedit,
1284 3046 1409 3099 erga
1439 3040 1620 3083 autem
1666 3028 1885 3092 Filium,
1942 3031 2168 3096 quando
2225 3041 2328 3078 au-

745 3131 835 3182 dio
868 3146 881 3181 :
917 3127 1178 3195 Quisquis
1219 3125 1480 3192 Spiritum
1529 3123 1734 3174 Christi
1777 3138 1884 3173 non
1929 3122 2112 3186 habet,
2147 3121 2236 3173 hic
2262 3119 2328 3170 il-

746 3224 853 3275 lius
906 3228 1149 3273 nonest.
1194 3234 1213 3265 ι
1279 3216 1335 3266 Si
1386 3216 1568 3282 itaque
1627 3214 1886 3281 proprius
1943 3223 2028 3265 cst
2083 3211 2327 3279 Spiritus

744 3311 911 3372 Patri,
949 3324 1074 3376 quia
1109 3321 1174 3358 ex
1210 3301 1370 3356 Patre
1409 3303 1696 3370 procedit:
1735 3315 1789 3353 et
1822 3301 2078 3369 pioprius
2113 3310 2196 3352 est
2233 3301 2325 3352 Fi-

748 3402 1014 3470 l.o,.quia
1050 3408 1136 3452 est
1170 3395 1410 3464 Spiritus
1437 3393 1665 3456 Christi,
1697 3393 1920 3445 ubinam
1949 3402 2036 3445 est
2081 3391 2270 3444 edicta:
2293 3409 2324 3444 a

746 3495 942 3546 Photio
989 3490 1288 3543 dictionum
1337 3484 1653 3538 diﬂ‘erentize
1695 3483 1818 3537 vis?
1849 3486 1983 3537 Cum
2037 3498 2164 3537 vero
2201 3499 2324 3535 rur-

747 3600 842 3638 sus
892 3583 1034 3636 idem
1071 3595 1306 3648 magnus
1341 3578 1622 3631 Basilius:
1664 3595 1680 3626 t
1729 3576 1915 3643 Neque
1943 3575 2092 3627 enim
2143 3577 2325 3625 minus

748 3674 1054 3743 quidpiam,
1093 3690 1111 3720 ι
1141 3671 1288 3724 dicat
1319 3672 1419 3736 (4),
1467 3686 1485 3719 t
1518 3668 1756 3720 habituri
1799 3680 1988 3718 sumus
2027 3665 2095 3715 ad
2123 3675 2326 3730 COgItO-

743 3768 1006 3824 scendum
1042 3763 1306 3832 Spiritum
1340 3776 1462 3816 esse
1491 3775 1558 3814 ex
1581 3761 1713 3824 Deo,
1747 3774 1870 3812 cuiu
1902 3758 2322 3809 audimusiltum

744 3862 996 3929 spiritum
1032 3873 1158 3911 esse
1208 3855 1323 3908 oris
1370 3854 1538 3906 illius.
1577 3870 1595 3902 ι
1637 3851 1742 3904 Sed
1793 3863 1990 3903 nomen
2043 3851 2146 3901 hoc
2188 3851 2322 3900 satis

746 3965 1019 4020 superque
1041 3948 1221 4011 fuerit,
1264 3945 1410 3999 illius
1438 3960 1500 3997 ex
1527 3942 1638 3996 Deo
1663 3942 2038 3996 exsistentiaitt
2059 3941 2320 3994 indicare.

743 4041 880 4108 Quis
937 4041 1096 4095 ﬁdem
1123 4039 1410 4092 adhibebit
1435 4035 1652 4099 Photio,
1674 4035 1776 4087 nisi
1803 4038 2089 4086 cerebrum
2129 4033 2184 4084 in
2209 4032 2321 4084 cal-

743 4133 932 4185 eaiieis
991 4134 1149 4194 lerat,
1186 4129 1388 4182 dicenti
1424 4127 1626 4182 :Aliud
1667 4135 1751 4178 est
1802 4123 2093 4177 manifesto
2131 4137 2324 4191 proce-

743 4227 870 4277 dere
899 4240 963 4276 ex
1008 4223 1166 4276 Patre
1199 4223 1486 4289 Spiritum,
1539 4230 1595 4272 et
1629 4218 1774 4271 aliud
1808 4216 1986 4281 innui,
2017 4233 2140 4270 cum
2173 4215 2323 4283 quis-

749 4319 892 4385 piam
924 4316 1125 4368 dixerit
1161 4329 1174 4365 :
1210 4313 1470 4381 Spiritum
1498 4352 1512 4376 ,
1555 4314 1648 4380 qui
1679 4329 1745 4365 ex
1783 4314 1890 4365 Deo
1930 4321 2007 4364 cst
2039 4327 2054 4363 :
2091 4330 2108 4362 ι
2146 4311 2323 4379 Spiri-

747 4420 861 4460 tuin
894 4408 1011 4469 Dei,
1047 4407 1123 4459 ait
1165 4421 1398 4474 magnus
1424 4404 1678 4467 Basilius,
1720 4423 1738 4455 ι
1777 4404 2085 4467 audientes,
2121 4418 2184 4455 ex
2211 4405 2320 4454 Deo

744 4515 868 4555 esse
903 4498 1166 4566 Spiritum
1203 4497 1590 4564 cognoscimus
1625 4514 1638 4548 :
1677 4514 1695 4546 ι
1724 4497 1962 4562 indeque
1993 4494 2316 4553 dictionem,

2439 636 2598 690 τοῦτο
2631 639 2724 690 καὶ
2762 639 3088 709 διάστροςος
3138 641 3533 712 παρεξήγησις.
3594 645 3658 698 Εἰ
3710 645 3820 716 γὰρ
3854 647 4027 715 μόνον

2439 729 2641 782 καθ’ὂν
2667 730 2828 795 λὸγον
2866 732 3067 800 σαρκὸς
3097 735 3126 784 ὁ
3148 734 3353 803 Κύριος
3413 737 3652 804 μετέσχε
3700 741 3795 791 καὶ
3845 740 4022 810 αἷμαο

2436 838 2549 883 τος,
2584 822 2676 873 καὶ
2708 823 2932 887 γέγονεν
2959 822 3246 893 ἄνθρωπος
3276 826 3353 895 τῷ
3380 827 3500 896 iam
3561 829 3805 896 χρισθεὶς
3849 831 4025 884 πνεύ-

2440 915 2712 984 ματι,τὴν
2747 933 2766 964 ι
2812 916 3035 985 Πνεῦμα
3066 917 3302 984 Χριστοῦ
3345 937 3364 969 ι
3400 919 3664 986 λέγουσαν
3698 921 3759 972 τὸ
3793 923 4026 992 Πνεῦμα

2435 1008 2622 1076 φωνὴν
2675 1009 3087 1076 ἐπιλαμϐάνεται
3113 1024 3131 1042 ⁶
3167 1009 3289 1061 καθ’
3330 1010 3392 1061 ὃν
3441 1012 3496 1063 δὲ
3532 1012 3688 1078 λόγον
3735 1013 3796 1076 ἐξ
3844 1015 4022 1066 ἀϊδίου

2436 1103 2671 1173 ὑπάρχει
2713 1103 2849 1162 Θεὸς
2882 1101 3155 1170 οὐδαμῶς,
3186 1103 3280 1154 τὸν
3308 1103 3408 1171 τῆς
3442 1105 3769 1166 ἀντιδόσεως
3792 1107 4024 1173 τρόπον,

2433 1197 2527 1248 καὶ
2556 1197 2656 1265 τὴν
2686 1197 2769 1258 εἰς
2814 1195 3022 1265 ἄλληλα
3066 1196 3451 1265 περιχὼρησιν
3499 1197 3608 1248 τῶν
3647 1197 3744 1249 τοῦ
3777 1197 4025 1266 Χριστοῦ

2432 1286 2527 1340 δύο
2557 1287 2776 1355 φύσεων
2833 1286 3239 1355 ἀπαρνήσεται.
3287 1286 3526 1353 Ἐλέγξει
3591 1287 3650 1339 δὲ
3698 1289 3792 1339 καὶ
3821 1287 4026 1340 6N6:—

2436 1396 2535 1447 σης
2555 1380 2658 1446 τὴν
2693 1377 3104 1448 παρεξήγησιν,
3130 1379 3186 1428 ὲν
3221 1371 3303 1439 οἷς
3326 1378 3388 1429 τὸ
3408 1378 3640 1447 Πνεῦμα
3681 1380 3743 1431 ὲκ
3769 1379 3866 1431 τοῦ
3888 1378 4024 1432 Υἰοῦ

2436 1464 2583 1520 εἶναι
2664 1469 2844 1535 λέγων
2927 1467 3524 1537 προσμαρτυρεῖσθαι,
3603 1469 4024 1531 κατασκευάζει

2428 1562 2562 1612 αὐτὸ
2618 1561 2727 1612 ἀπὸ
2782 1559 2877 1611 τοῦ
2951 1561 3043 1612 τὸν
3105 1560 3426 1613 ’Δπὸστολον
3507 1563 3822 1630 εἰρηκέναι,
3877 1579 3898 1611 ι
3945 1561 4017 1613 Εἰ

2429 1671 2513 1714 τις
2575 1651 2802 1722 Πνεῦμα
2857 1650 3096 1721 Χριστοῦ
3153 1653 3255 1704 οὐκ
3310 1653 3446 1722 εχει,
3499 1647 3655 1716 οὗτος
3707 1654 3809 1706 οῦκ
3853 1652 4009 1704 ἔστιν

2428 1763 2619 1797 αυτου.
2681 1764 2699 1796 ι

2503 1839 2580 1900 ς’.
2611 1837 2721 1890 Καὶ
2753 1837 2914 1890 πάλιν
2962 1828 3119 1898 οὗτος
3157 1849 3255 1902 μεν
3309 1835 3537 1904 Πνεῦμα.
3589 1838 3716 1889 1⁸ἱοῦ
3767 1837 3916 1905 λέγει
3958 1841 4025 1889 τὸ

2360 1903 2400 1955 Β
2437 1928 2794 2015 Πνεῦμα,.ὄτι
2816 1927 3106 1996 ὁμοούσιον
3139 1928 3272 1997 Υἱῴ⁸
3297 1928 3393 1980 καὶ
3427 1903 3509 1980 ὅτι
3533 1928 3806 1980 ὲπάῦτὺν
3839 1903 4021 1998 μένει,

2430 2026 2526 2076 καὶ
2549 2028 2603 2075 ὲν
2631 2024 2799 2091 αὐτῷ.
2860 2025 2921 2076 Ὀ
2962 2025 3019 2076 δὲ
3085 2025 3253 2087 πολὺς
3287 2027 3354 2077 τὰ
3414 2024 3535 2076 θεῖα
3588 2025 3873 2087 Βασῖλειος
3921 2025 4022 2076 νῦν

2433 2118 2532 2187 μὲν
2569 2119 2719 2184 λέγει
2750 2138 2768 2167 ι
2803 2118 3028 2186 Πνεῦμα
3067 2119 3200 2170 Υξοῦ
3257 2115 3396 2170 εἶναι
3429 2120 3490 2170 τὸ
3531 2117 3777 2188 Πνεῦμα,
3821 2119 4024 2170 ὃτιδιὰ

2429 2211 2524 2264 τοῦ
2557 2211 2688 2264 Υἱοῦ
2724 2213 2873 2263 ἐστιν
2899 2214 2964 2264 ὲκ
3005 2211 3242 2279 Πατρόςο
3282 2229 3300 2262 ι
3331 2211 3428 2264 νῦν
3447 2211 3505 2263 δὲ
3535 2211 3704 2280 μηδέν
3741 2227 3794 2262 τι
3827 2210 4023 2275 διαςιέ-

2433 2320 2551 2372 ρειν
2592 2305 2689 2373 τῆς
2722 2304 3004 2372 Θεολογίας
3033 2303 3130 2374 τὴν
3161 2303 3252 2367 ἐκ,
3280 2304 3376 2357 καὶ
3397 2302 3516 2368 διὰ,
3549 2304 3726 2374 πάντη
3763 2303 4018 2357 διδάσκει

2432 2412 2643 2462 σαφως.

2499 2584 2565 2648 ζ’.
2596 2584 2768 2637 Πάλιν
2817 2583 3026 2645 Φώτιος
3076 2584 3174 2653 μὲν
3222 2582 3353 2638 ἄλλο
3411 2583 3697 2654 σημαίνειν
3727 2582 3874 2651 λέγει
3918 2601 4022 2652 την

2437 2697 2456 2730 ι
2513 2678 2743 2745 Πνεῦμα
2791 2676 2952 2742 Θεοῦ,
2985 2677 3018 2744 ἢ
3050 2677 3284 2746 Πατρὸς,
3320 2695 3338 2728 ι
3405 2677 3438 2746 ἦ
3471 2695 3489 2728 ι
3523 2675 3651 2729 Υιοῦ
3693 2695 3712 2727 ι
3748 2675 4022 2744 λέγουσαν

2438 2791 2456 2822 ι
2499 2773 2560 2824 τὸ
2606 2770 2835 2838 Πνεῦμα
2879 2790 2898 2821 ι
2932 2770 3136 2838 φωνὴν,
3167 2770 3263 2821 καὶ
3287 2770 3479 2840 ἕτερον
3516 2771 3636 2837 τὴν,
3669 2789 3687 2820 ι
3719 2770 4020 2839 ἐκπορεύε-

2431 2861 2556 2914 σθαι
2619 2861 2712 2913 τοῦ
2767 2861 2984 2930 Πατρὺς
3031 2859 3166 2911 αὐτὸ
3219 2877 3237 2909 ι
3274 2859 3566 2926 λέγουσαν.
3614 2857 3673 2910 Ὀ
3722 2858 3780 2910 δὲ
3837 2858 4021 2923 μέγας

2429 2953 2731 3013 Βασίλειος,
2761 2951 2859 3020 τὴν
2919 2953 3018 3020 μὲν
3088 2969 3106 3001 t
3150 2951 3289 3019 Πρὸς
3321 2950 3540 3018 Πατέρα
3571 2949 3698 3011 νοῶ,
3741 2967 3760 3000 ι
3821 2950 4018 3016 φησὶν,

2438 3065 2456 3096 ι
2488 3045 2817 3110 οἰκειότητα,
2881 3041 3072 3104 ἐπειδὴ
3128 3042 3280 3110 παρὰ
3336 3040 3430 3093 τοῦ
3467 3041 3680 3107 Πατρὸς
3710 3041 4020 3108 ἐκπορεύε-

2429 3154 2541 3201 ται,
2574 3138 2678 3204 τὴν
2738 3135 2876 3204 πρὸς
2905 3134 3034 3186 Υἰὸν
3063 3135 3142 3196 δὲ,
3181 3135 3391 3202 ἐπειδὴ,
3427 3135 3589 3194 εἴτις
3623 3134 3844 3200 Πνεῦμα
3875 3133 4021 3200 Χρι-

2351 3250 2394 3311 C
2433 3228 2561 3279 στοῦ
2592 3229 2691 3278 οὐκ
2747 3228 2883 3295 ἔχει,
2947 3221 3101 3287 οὗτος
3133 3226 3233 3276 οὐκ
3290 3225 3440 3276 ἔστιν
3489 3223 3681 3276 αὑτοῦ.
3728 3244 3744 3274 ι
3781 3225 3842 3275 Εἰ
3877 3223 4021 3289 γοῦν

2427 3321 2623 3372 οἰκεῖον
2689 3319 2788 3386 μὲν
2868 3319 3041 3387 [lat-9".
3111 3318 3173 3367 τὸ
3237 3316 3488 3383 Πνεῦμα,
3559 3316 3644 3368 ὅτι
3702 3317 3763 3366 ἐκ
3802 3314 4020 3381 Πατρὶς

2427 3410 2810 3479 ἐκπορεύεται,
2869 3412 3066 3462 οἰκεῖον
3127 3407 3184 3461 δὲ
3274 3407 3416 3478 Υἱῷ,
3466 3408 3548 3460 ὅτι
3620 3408 3736 3460 ἐστὶ
3795 3405 4020 3474 πνεῦμα

2436 3501 2708 3569 Χριστοῦ,
2749 3500 2852 3551 ποῦ
2923 3500 3108 3551 λοιπὸν
3145 3499 3302 3568 ὴτῆς
3363 3499 3745 3567 πλαττομένης
3804 3497 4016 3549 diuit-{ou

2426 3593 2695 3662 διαφορᾶς
2723 3594 2830 3643 τῶν
2860 3593 3056 3658 φωνῶν
3111 3593 3378 3660 δύναμις;
3417 3591 3542 3645 Ὅτι
3573 3593 3630 3644 δὲ
3679 3592 3839 3643 πάλιν
3859 3594 3886 3644 ὁ
3908 3592 4016 3642 αύ-

2425 3686 2515 3745 to;
2546 3686 2718 3752 μέγας
2748 3684 3051 3745 Bas-3.510;,
3084 3703 3102 3734 (
3133 3683 3278 3735 Οὐδὲ
3306 3685 3414 3752 γὰρ
3446 3683 3667 3735 ἔλαττόν
3695 3700 3768 3745 τι,
3800 3700 3817 3733 ι
3852 3682 4013 3750 φησι,

2434 3792 2452 3824 ‹
2495 3776 2763 3843 μέλλομεν
2795 3774 2940 3835 ἕξειν
2976 3776 3053 3834 εἰς
3078 3775 3140 3826 τὸ
3170 3773 3470 3840 γινώσκειν
3501 3772 3561 3824 τὸ
3587 3770 3809 3839 Πνεῦμα
3833 3770 4015 3840 ὑπάρ-

2425 3882 2544 3932 χειν
2578 3866 2642 3915 ὲκ
2667 3863 2826 3925 Θεοῦ,
2867 3861 3088 3929 πνεῦμα
3121 3861 3217 3913 τοῦ
3251 3863 3523 3930 στόματος
3576 3858 3744 3914 αὐτοῦ
3782 3859 4014 3912 ἀκούονο

2424 3974 2516 4018 τες
2573 3956 2726 4016 αὐτὸ,
2771 3974 2789 4006 ι
2829 3954 2946 4006 ἀλλ’
2993 3953 3178 4006 ἱκανὸν
3240 3954 3334 4004 καὶ
3396 3951 3555 4004 τοῦτο
3613 3951 3674 4003 τὸ
3705 3951 3876 4017 ὄνομα
3907 3950 4014 4017 τὴν

2426 4045 2658 4114 ὓπαρξιν
2695 4045 2860 4096 αὑτοῦ
2891 4043 3126 4112 ῖηλῶςαι
3171 4043 3270 4110 τὴν
3311 4045 3374 4092 ἐκ
3401 4040 3562 4092 Θεοῦ·
3589 4041 3674 4101 τίς
3709 4040 3780 4090 ἂν
3821 4038 4014 4102 Φωτίῳ

2425 4137 2794 4199 πιστεύσειεν,
2827 4137 2872 4185 εἰ
2908 4137 2982 4203 μὴ
3015 4133 3167 4201 παρὰ
3189 4136 3308 4194 ταῖς
3357 4135 3616 4201 πτέρναις
3641 4131 3730 4182 τὸν
3770 4131 4012 4196 ἐγκέφα-

2426 4235 2515 4281 λον
2572 4230 2752 4297 φέρει,
2802 4228 3042 4294 λέγοντι,
3082 4247 3100 4275 ι
3145 4225 3378 4293 Ἐτερόν
3430 4227 3548 4276 ἐστι
3604 4221 3918 4293 περιφανῶς
3949 4224 4013 4273 τὸ

2423 4318 2824 4388 ἐκπορεύεσθαι
2883 4319 2947 4369 ὲκ
3010 4315 3227 4385 Πατρὸς
3287 4317 3346 4365 τὸ
3405 4313 3672 4381 Πνεῦμα,
3732 4315 3824 4364 καὶ
3880 4311 4014 4364 ἀλλο

2423 4409 2700 4478 δηλοῦται,
2729 4410 2857 4460 ὅταν
2885 4424 2967 4468 τις
2991 4406 3126 4473 λέγῃ
3182 4403 3242 4454 τὸ
3290 4401 3516 4468 Πνεῦμα
3541 4401 3603 4451 τὸ
3638 4403 3701 4452 ἐκ
3723 4397 3818 4450 τοῦ
3847 4398 4010 4459 Θεοῦ,

2431 4519 2449 4550 ι
2493 4499 2720 4566 Πνεῦμα
2775 4496 2935 4560 Θεοῦ,
3008 4514 3026 4545 ι
3090 4496 3276 4563 φησὶν,
3345 4511 3362 4543 t
3427 4490 3798 4553 ἁκούοντες,ὁ
3836 4490 4011 4556 μέγας

751 4612 770 4643 ι
809 4607 872 4645 ex
895 4591 1020 4652 Deo,
1065 4607 1082 4640 ι
1107 4605 1169 4642 ex
1205 4589 1312 4641 Deo
1340 4586 1717 4640 exsistentiaui
1739 4589 1975 4654 Spiritus
2009 4586 2318 4653 signiﬁcare

2429 4591 2728 4652 Βασίλειος,
2757 4606 2774 4638 t
2815 4590 2879 4639 ὲκ
2906 4587 3041 4639 Θεοῦ
3077 4587 3348 4653 ὑπάρχειν
3381 4582 3443 4634 τὸ
3489 4581 3713 4650 Πνεῦμα
3745 4580 4010 4646 γινώσκοο

741 4683 1080 4743 eonstabilit,
1118 4681 1265 4747 quod
1298 4689 1353 4731 et
1395 4679 1563 4731 dictio
1597 4692 1871 4741 asserens,
1915 4678 2068 4729 illum
2099 4693 2166 4729 ex
2205 4677 2315 4730 Deo

742 4778 1035 4842 procedere
1065 4781 1236 4832 notat,
1281 4779 1339 4822 ut
1361 4779 1446 4822 est
1475 4769 1616 4836 apud
1652 4783 1846 4820 omnes
1868 4768 2254 4821 indubitatum.

2427 4701 2549 4752 μεν,
2588 4701 2606 4731 ι
2638 4680 2936 4733 κάντεῦθεν
2968 4678 3068 4746 τὴν
3118 4679 3181 4728 ὲκ
3237 4676 3373 4727 Θεοῦ
3430 4677 3612 4743 φωνὴν
3668 4671 4010 4741 σημαντικὴ.

2432 4775 2531 4842 τῆς
2563 4776 2626 4825 ὲκ
2660 4771 2796 4823 Θεοῦ
2853 4769 3144 4839 ὑπάρξεως
3181 4768 3274 4820 τοῦ
3331 4767 3648 4835 Πνεύματος
3685 4763 3826 4817 εἶναι
3862 4765 4010 4815 συνί-

743 4887 958 4940 στησιν,
1013 4871 1147 4937 ὅπερ
1173 4867 1322 4936 καὶὴ
1365 4885 1383 4917 ι
1425 4868 1488 4916 ὲκ
1531 4862 1712 4916 Θεοῦ)
1755 4865 1890 4916 αὐτὸ
1952 4864 2188 4930 λέγουσα
2255 4866 2692 4937 ἐκπορεύεσθαι,
2751 4867 2977 4919 κατὰτὸ
3029 4866 3182 4933 παρὰ
3215 4865 3378 4916 πᾶσιν
3424 4862 3826 4932 ἀναμφίλεκτον
3854 4859 3984 4924 λέγε

737 4979 848 5015 ται.

811 5058 863 5106 8.
903 5054 965 5107 Et
999 5051 1228 5105 Photins
1277 5050 1429 5114 dicit,
1465 5069 1482 5099 ι
1524 5049 1683 5102 Aliud
1737 5059 1920 5116 aperte
1961 5061 2103 5112 csse,
2142 5046 2319 5115 Spiri—

739 5159 858 5201 tum
896 5162 962 5198 ex
991 5145 1151 5197 Patre
1191 5143 1508 5212 procedere,
1543 5152 1596 5193 et
1629 5142 1773 5192 aliud
1809 5140 2014 5192 dictum
2049 5142 2318 5201 indicatis,

741 5243 894 5293 illum
957 5254 1020 5291 ex
1076 5236 1237 5289 Patre
1276 5251 1422 5289 esse.
1463 5253 1482 5286 ι
1518 5234 1713 5287 Annon
1748 5233 1950 5286 similia
1978 5245 2326 5294 asseverans,

813 5396 856 5426 ι’
886 5398 1041 5448 Itoni.
1077 5406 1194 5457 t'iii,
1227 5394 1281 5447 9.

813 5583 889 5652 (ι)
932 5579 1162 5632 Humilia
1200 5579 1253 5652 iii
1282 5578 1438 5652 Pater
1471 5584 1663 5652 noster.

812 5644 888 5725 (2)
927 5652 1169 5725 Spiiitus
1215 5648 1358 5711 Filii,
1420 5650 1564 5725 quod
1627 5662 1719 5725 per
1769 5644 1989 5708 Filium,
2021 5647 2221 5725 innuth
2247 5659 2311 5697 ex

743 5714 1032 5791 t‘aptt'tlitis,
1064 5720 1242 5791 _citjns
1295 5714 1577 5785 inscriptio
1604 5733 1614 5766 :
1651 5720 1825 5778 Quare
1872 5732 1972 5767 non
2004 5728 2050 5768 et
2082 5714 2313 5782 Spiritus

742 5787 914 5850 Filius
943 5787 1102 5844 Filii?
1153 5794 1397 5842 cati-dein
1449 5799 1626 5839 autem
1681 5789 1784 5838 viiii
1822 5793 2018 5839 habete
2055 5803 2314 5854 pia-p05,.

746 5882 921 5923 tiones
951 5882 1000 5916 in
1030 5867 1220 5930 Quinto
1248 5866 1312 5915 ad
1342 5860 1778 5926 Amphilochium
1818 5870 1994 5924 capite
2010 5867 2076 5912 de
2114 5858 2317 5924 Spiritu

2495 5047 2571 5116 η’.
2595 5046 2705 5099 Καὶ
2732 5046 2938 5107 Φώτιος
2968 5044 3138 5111 λεγει,
3165 5063 3183 5095 ι
3214 5042 3440 5111 Ἐτερὸν
3467 5042 3582 5092 ἐστι
3607 5039 3922 5108 περιφανῶς
3949 5038 4010 5093 τι»

2433 5137 2833 5208 ἐκπορεύεσθαι
2859 5139 2923 5188 ὲκ
2951 5135 3165 5205 Πατρὸς
3191 5135 3251 5185 τὸ
3285 5131 3538 5198 Πνεῦμα,
3568 5134 3664 5182 καὶ
3715 5130 3844 5182 ἄλλο
3876 5133 3910 5197 ὴ
3944 5135 4009 5183 ἐκ

2440 5228 2579 5281 Θεοῦ
2624 5229 2862 5296 λέγουσα
2901 5227 2964 5280 τὸ
3009 5227 3256 5296 Πνεῦμα,
3299 5242 3318 5276 ›
3358 5225 3613 5292 σημαίνει
3657 5223 3831 5292 φωνή.
3883 5223 4009 5285 Πῶς

2433 5577 2632 5623 “aucto.

2419 5586 2444 5624 δ
2493 5641 2568 5708 (5)
2613 5637 2726 5691 Hoc
2771 5636 3152 5706 inquirendum
3196 5647 3278 5690 est
3325 5636 3378 5691 iii
3427 5635 3770 5691 orationibus
3815 5646 4009 5691 contra

2425 5710 2781 5770 Euiiontiuui,
2820 5721 2870 5761 et
2902 5715 3111 5762 Arium.

2500 5783 2576 5849 μ)
2617 5781 2726 5834 lloc
2776 5780 3008 5834 habetur
3062 5797 3112 5831 in
3181 5791 3374 5849 quarto
3428 5789 3615 5834 contra
3677 5777 4009 5835 Eunomitim

2429 5856 2586 5908 libro.
