4210 6440
807 413 914 476 385

812 615 1172 680 adversariis,
1231 613 1390 670 velut?
1437 625 1658 679 aspectu
1712 610 1949 663 terribile
2005 618 2292 678 proponat,
2345 609 2399 662 in

811 722 944 777 quo,
983 721 1106 760 cum
1140 721 1169 758 a
1216 703 1375 756 Patre
1405 704 1699 773 procedere
1741 701 2003 769 Spiritum
2034 700 2294 755 Dominus
2322 701 2402 754 di-

813 802 1002 870 sisset,
1056 813 1216 850 suum
1277 796 1350 848 ibi
1409 810 1607 848 nomen
1667 793 1918 856 obticuit,
1949 793 2107 861 plane
2136 792 2400 845 adversus

814 892 990 958 ipsum
1054 889 1217 942 Italos
1277 887 1572 941 defendent
1619 885 1783 938 varia:
1828 885 1894 938 ad
1923 885 2036 952 jam
2066 885 2224 936 allata
2255 883 2399 936 dicta

809 982 1122 1050 evangelica
1185 980 1364 1047 magni
1421 977 1602 1032 Basilii
1664 978 2166 1045 interpretationes.
2212 974 2310 1028 llic
2345 976 2398 1029 in

814 1088 921 1124 una
971 1089 1034 1124 ex
1076 1072 1326 1140 iis,quas
1363 1069 1430 1122 atl
1475 1068 1918 1135 Amphilochium
1950 1068 2166 1134 scripsit
2197 1069 2402 1134 cpisto-

809 1161 890 1214 las
918 1176 933 1214 :
968 1159 1103 1212 Illud
1134 1175 1150 1207 ι
1172 1158 1337 1210 Nemo
1364 1175 1382 1207 ι
1425 1157 1601 1225 inquit
1630 1156 1728 1221 (8),
1777 1172 1795 1204 ι
1831 1154 2154 1208 universalis
2183 1155 2397 1221 quidem

811 1255 1022 1306 iiiletur
1045 1251 1236 1315 dictio,
1270 1249 1406 1302 adeo
1439 1257 1500 1300 ut
1532 1248 1677 1300 nulla
1727 1261 1957 1312 persona
2007 1245 2182 1313 excipi
2219 1247 2398 1297 tidea-

808 1356 918 1399 tur.
939 1327 1009 1398 Ἁι
1036 1361 1141 1399 non
1171 1359 1323 1412 teque
1348 1343 1400 1394 in
1426 1340 1622 1395 divinis
1647 1337 2177 1406 Litterisiaccipitur,
2205 1355 2398 1406 quem-

808 1439 1099 1490 admodqu
1163 1433 1649 1488 animadvertimus
1712 1436 1764 1484 in
1803 1432 1895 1484 illo
1944 1450 1957 1484 :
2001 1433 2168 1483 Nemo
2200 1435 2394 1489 bonus,

813 1531 916 1600 nisi
957 1529 1175 1591 Deus“,
1210 1527 1397 1596 Neque
1431 1527 1574 1579 enim
1609 1526 1680 1578 ibi
1714 1542 1770 1579 se
1799 1541 1826 1577 a
1866 1527 1989 1578 boni
2023 1535 2212 1577 natura
2245 1535 2397 1577 extra

810 1638 1016 1690 ponens
1040 1620 1235 1685 Filius,
1261 1620 1380 1673 hanc
1410 1619 1628 1672 astruit.
1663 1615 1767 1670 Sed
1793 1632 1916 1670 cum
1943 1618 2176 1684 primum
2198 1620 2396 1670 bonum

809 1704 967 1768 Pater
1006 1718 1102 1780 sit,
1144 1727 1252 1767 una
1292 1710 1456 1766 simul
1486 1725 1611 1762 cum
1650 1709 1741 1762 illo
1774 1708 1966 1772 Nemo,
2000 1725 2123 1761 cum
2159 1710 2392 1778 primum

808 1807 1192 1871 subaudiatur,
1271 1804 1572 1859 secundum
1645 1802 1751 1854 dici
1826 1802 2122 1856 credimus.
2163 1823 2182 1853 ι
2221 1803 2281 1855 Et
2341 1806 2391 1855 in

1844 403 2058 465 JOAN.
2099 402 2315 466 VECCl
2355 403 2466 464 CP.
2509 403 3023 464 PATRIARCHIE

883 527 968 580 ll.
1011 521 1243 587 Quando
1287 535 1414 574 vero
1473 518 1704 572 Pbotius
1757 517 2130 587 evangelicum
2186 518 2392 572 dictum
2425 528 2469 583 Α

2573 517 2664 573 ια’.
2697 520 2824 571 Ὅτε
2873 519 2932 571 δὲ
2986 523 3190 582 dub-tto;
3237 519 3312 582 ὡς
3353 520 3496 574 πάνυ
3544 537 3594 574 τι
3625 519 4096 573 δυσαντίϐλεπτον

2502 613 2603 680 τὴν
2654 612 3020 681 εὐαγγελικὴν
3050 616 3162 675 τοίς
3196 613 3543 680 ἀντιλέγουσι
3578 616 3834 684 προτείνῃ
3869 615 4093 683 φωνὴν,

2502 706 2560 756 ἐν
2607 699 2640 777 ᾖ
2691 707 2841 776 παρὰ
2877 705 2970 758 τοῦ
3002 707 3219 776 Πατρὸς
3252 705 3651 775 ἐκπορεύεσθαι
3696 707 3758 758 τὸ
3805 706 4039 776 Πνεῦμα
4067 709 4095 757 6

2502 796 2709 864 Κύριος
2742 796 3002 867 εἰρηκὼς,
3033 799 3093 850 τὸ
3127 799 3330 851 οἰκεῖον
3362 797 3753 868 ἀπεσιώπησεν
3783 797 3979 865 ὄνομα,
4008 801 4092 860 είς

2501 889 2806 952 ἀντιδίκους
2837 891 2989 960 αὐτῷ
3021 889 3160 959 ὑπὲρ
3209 891 3429 944 Ἰταλῶν
3476 891 3694 943 ἔσονται
3739 892 3794 944 αἱ
3833 892 4093 959 διάφοροι

2503 980 2640 1049 πρὸς
2672 982 2740 1033 τὰ
2772 981 3124 1052 ῥηθησόμενα
3157 983 3496 1049 εὐαγγελικὰ
3524 983 3664 1053 ῥητὰ
3693 982 3787 1035 τοῦ
3840 984 4092 1052 μεγάλου

2503 1073 2785 1128 Βασιλείου
2841 1073 3154 1145 ἐξηγήσεις.
3193 1070 3364 1137 Οὗτος
3415 1075 3510 1127 καὶ
3554 1078 3609 1127 ἐν
3657 1077 3760 1144 μιᾷ
3789 1076 3902 1128 τῶν
3943 1076 4090 1145 πρὸς

2513 1166 2861 1235 Ἀμφιλόχιον
2892 1169 3192 1220 ἐπιστολῶν
3227 1167 3287 1220 τὸ
3340 1186 3359 1218 ι
3399 1169 3610 1233 Οὐδεὶς,
3646 1186 3665 1219 ι
3709 1169 3874 1236 φησὶ,
3918 1187 3938 1218 ι
3986 1185 4088 1220 κα·

2501 1257 2714 1310 θολικὸν
2749 1259 2848 1328 μὲν
2874 1254 3013 1311 εἶναι
3040 1260 3190 1313 δοκεῖ
3219 1261 3370 1330 ῥῆμα
3398 1259 3475 1319 ὼς
3519 1260 3654 1330 μηδὲ
3697 1260 3755 1312 ἓν
3787 1259 4090 1328 πρόσωπον

2498 1349 2596 1416 τῆς
2645 1349 2830 1417 φωνῆς
2861 1349 3297 1418 ὑπεξαιρείσθαι.
3341 1350 3497 1402 Ἐστι
3530 1350 3587 1402 δὲ
3617 1352 3717 1420 οὐχ
3754 1349 3898 1404 οὓτω
3930 1351 4090 1417 παρὰ

2499 1442 2566 1508 τῇ
2601 1440 2787 1509 Γραφῇ
2819 1442 3227 1510 ἀναφερόμενον
3253 1482 3267 1506 ,
3301 1442 3376 1503 ὡς
3411 1442 3800 1510 τετηρήκαμεν
3831 1441 3925 1493 ἐπὶ
3961 1442 4090 1506 τοῦ,

2505 1549 2522 1580 ι
2561 1532 2748 1594 Οὐδεὶς
2777 1533 2980 1598 ἀγαθὸς
3009 1537 3058 1585 εἰ
3090 1535 3168 1602 μὴ
3219 1527 3299 1596 εἷς
3333 1534 3361 1586 6
3395 1533 3550 1593 Θεός.
3590 1551 3609 1584 ι
3649 1533 3783 1585 Οὐδὲ
3822 1533 3931 1602 γὰρ
3965 1535 4091 1584 ἐκεῖ

2500 1624 2693 1676 ἑαυτὸν
2729 1624 2836 1686 ἔξω
2863 1625 3034 1685 τιθείς
3086 1625 3186 1694 τῆς
3235 1624 3330 1677 τοῦ
3381 1624 3589 1692 ἀγαθοῦ
3624 1626 3841 1693 φύσεως
3869 1627 3897 1676 6
3933 1627 4089 1686 Υἱὸς,

2499 1715 2670 1768 ταῦτα
2703 1717 2850 1782 λέγει
2867 1732 2881 1746 ο
2904 1715 3024 1767 ἀλλ’
3041 1717 3229 1784 ἐπειδὴ
3259 1717 3317 1768 τὸ
3343 1717 3558 1785 πρῶτον
3587 1717 3791 1782 ἀγαθὸν
3817 1717 3844 1768 6
3868 1717 4087 1786 Πατὴρ,

2499 1807 2578 1875 τῷ
2608 1808 2795 1869 Οὐδεὶς
2827 1809 3344 1877 συνυπακουομένου
3368 1809 3462 1860 τοῦ
3489 1808 3709 1877 πρώτου
3733 1808 3794 1860 τὸ
3826 1807 4092 1876 δεύτερον

808 1899 995 1952 eadem
1031 1910 1218 1948 rursus
1250 1892 1502 1960 epistola,
1564 1908 1674 1944 non
1723 1893 1990 1944 dissimile
2021 1907 2142 1946 esse
2180 1894 2391 1954 scribit,

2503 1901 2757 1969 εἰρῆσθαι
2793 1901 3147 1969 πιστεύομεν.
3194 1921 3212 1951 ι
3252 1902 3361 1954 Καὶ
3390 1903 3450 1952 ἐν
3479 1903 3545 1971 τῇ
3589 1902 3727 1970 αὐτῇ
3762 1901 3924 1952 πάλιν
3959 1905 4089 1952 ἐπι-

809 2001 861 2043 et
893 1988 1062 2042 illud:
1103 1986 1303 2040 «Nemo
1336 1985 1483 2038 novit
1509 1983 1727 2047 Filium,
1767 1984 1867 2035 nisi
1904 1983 2060 2034 Pater
2081 1984 2147 2036 ²².
2169 2002 2187 2034 ι
2218 1983 2396 2049 Neque

809 2084 953 2134 enim
979 2081 1052 2134 ibi
1087 2080 1363 2133 inscitiam
1394 2076 1632 2146 Spiritus
1663 2085 1809 2128 notat
1853 2074 2041 2128 Filius.
2080 2074 2182 2127 Sed
2217 2075 2396 2142 primo

814 2176 956 2230 Patri
1014 2176 1192 2228 inesse
1255 2186 1368 2226 suae
1421 2177 1629 2221 natura'
1685 2167 2053 2236 cognitionem
2088 2175 2334 2219 testatur.
2371 2185 2388 2217 ι

813 2267 879 2319 Et
913 2281 1105 2318 rursus
1142 2264 1304 2327 illud;
1344 2280 1359 2311 I
1401 2261 1566 2313 Nemo
1617 2260 1766 2335 novit
1817 2273 2035 2320 eorum,
2080 2273 2199 2325 qua:
2245 2268 2392 2320 sunt,

779 2371 1042 2426 .qtneqne
1067 2353 1251 2407 futura
1293 2362 1442 2417 sunt,
1482 2352 1853 2416 cognitionem
1902 2351 2161 2416 primum,
2202 2353 2267 2401 ad
2304 2347 2398 2401 Pa-

814 2459 949 2502 trem
975 2445 1160 2500 referri
1186 2453 1238 2498 et
1263 2458 1357 2512 per
1371 2444 1555 2495 omnia
1581 2441 1811 2511 primani
1831 2455 2053 2494 causam
2077 2441 2394 2497 horninibus

814 2540 1104 2601 insinuari,
1147 2537 1304 2590 dictis
1344 2535 1612 2605 ejusmodi
1653 2543 1930 2601 putamus.
1972 2551 1990 2582 ι
2036 2530 2100 2586 Ει
2136 2551 2241 2587 non
2277 2547 2395 2603 post

811 2629 981 2688 multa
1038 2630 1182 2686 illius
1228 2629 1532 2698 pericopes,
1594 2645 1612 2676 ι
1645 2626 1871 2679 Silentio
1901 2627 2083 2693 itaque
2137 2635 2392 2694 tanquam

813 2738 936 2791 quae
973 2721 1028 2775 in
1081 2719 1331 2773 confesso
1388 2719 1561 2786 posita
1618 2725 1755 2778 erat,
1788 2717 2061 2784 prepriam
2107 2731 2392 2784 personant

815 2814 1126 2884 pra:teriens
1159 2812 1423 2864 Dominus
1446 2850 1461 2872 ,
1516 2809 1693 2863 solum
1737 2807 1953 2859 Patrem
1984 2806 2156 2868 scire,
2207 2806 2392 2868 refert,

814 2906 993 2960 Patris
1033 2905 1316 2958 scientiam
1367 2902 1598 2969 ligurate
1627 2913 1719 2967 per
1751 2897 2114 2959 reticentiam,
2154 2905 2206 2948 et
2239 2911 2393 2948 suam

811 3013 938 3050 esse
961 3004 1233 3047 astruens.
1270 3011 1284 3041 I
1317 2989 1533 3042 Similes
1559 2988 1828 3040 dictorum
1855 2985 2289 3052 evangelicorutn
2313 2984 2396 3034 in-

814 3094 1232 3158 terpretationes
1254 3081 1390 3136 satis
1414 3089 1562 3142 sunt,
1597 3080 1663 3131 ad
1697 3093 1760 3132 os
1785 3092 1974 3130 eorum
2006 3074 2393 3136 obturandum,

2499 1994 2659 2060 στολῇ
2692 2009 2706 2023 ·
2743 2003 2763 2042 1
2806 1991 3058 2044 Τοιοῦτον
3095 1989 3257 2056 εἶναι,
3297 2011 3316 2043 ι
3371 1995 3529 2061 φησὶ,
3565 1993 3658 2044 καὶ
3696 1991 3778 2054 τὸ,
3828 2009 3846 2039 ι
3888 1991 4088 2051 οὐδεὶς

2498 2080 2601 2136 εἶδε
2635 2084 2724 2135 τὸν
2759 2084 2884 2136 Υίὸν
2919 2086 2966 2136 εξ
2995 2085 3069 2152 μὴ
3098 2088 3124 2136 6
3153 2085 3365 2152 Πατήρ.
3395 2084 3529 2135 Οὐδὲ
3559 2084 3667 2151 γὰρ
3698 2083 3815 2134 ἐκεί
3854 2082 4090 2146 ἄγνοιαν

2497 2179 2589 2236 τοῦ
2628 2179 2945 2246 Πνεύματος
2983 2178 3284 2245 κατηγορεῖ
3316 2176 3346 2226 6
3380 2175 3505 2236 Υἱός
3543 2192 3556 2206 ·
3589 2175 3726 2226 ἀλλὰ
3769 2172 3972 2242 πρώτῳ
4003 2171 4086 2238 τῷ

2498 2271 2674 2334 llath
2719 2269 3046 2336 ἐνυπάρχειν
3093 2269 3191 2337 τὴν
3237 2267 3446 2334 γνῶσιν
3495 2270 3594 2335 τῆς
3633 2266 3827 2318 ἑαυτοῦ
3861 2264 4084 2332 φύσεως

2501 2367 2787 2434 μαρτυρεῖ.
2834 2381 2852 2414 ι
2894 2363 3004 2415 Καὶ
3068 2361 3230 2415 πάλιν
3279 2361 3358 2426 τὸ,
3399 2382 3416 2413 ι
3453 2361 3646 2423 Οὐδεὶς
3677 2354 3810 2419 οίδε,
3846 2379 3863 2410 ι
3911 2377 3930 2409 ι
3981 2359 4087 2428 τὴν

2499 2457 2724 2526 πρώτην
2750 2456 2956 2523 εἴδησιν
2987 2453 3097 2506 τῶν
3128 2471 3188 2506 τε
3220 2454 3388 2506 ὄντων
3416 2454 3510 2505 καὶ
3541 2453 3650 2505 τῶν
3685 2453 3960 2520 ἐσομένων
3988 2453 4083 2503 ἐπὶ

2497 2550 2586 2601 τὸν
2615 2549 2833 2616 Πατέρα
2874 2548 3188 2613 ἀνάγοντος,
3236 2547 3330 2599 καὶ
3364 2547 3452 2600 διὰ
3481 2548 3699 2598 πάντων
3727 2546 3826 2613 τὴν
3855 2543 4085 2613 πρώτην

2496 2641 2677 2692 αίτίαν
2728 2641 2846 2702 τοῖς
2877 2637 3187 2707 ἀνθρώποις
3230 2637 3675 2697 ὑπώεικνύοντος
3712 2634 3963 2704 εἰρῆσθαι
3998 2651 4082 2684 νο-

2500 2732 2751 2799 μίζομεν.
2793 2748 2810 2780 ι
2848 2730 2957 2782 Καὶ
2985 2730 3101 2798 μετ’
3133 2729 3289 2796 ὀλίγα
3319 2729 3416 2798 τῆς
3454 2727 3799 2795 περικοπῆςο
3841 2745 3858 2776 ι
3898 2726 4083 2793 Παρα-

2499 2824 2787 2889 σιωπὴσας
2820 2823 3005 2873 τοίνυν
3027 2821 3102 2882 ὡς
3134 2820 3566 2891 ὁμολογούμενον
3596 2820 3654 2872 τὸ
3681 2819 3874 2871 ἑαυτοῦ
3903 2820 4084 2886 7:963-

2495 2932 2643 2966 ωπον
2678 2916 2704 2965 6
2779 2914 3007 2983 Κύριος,
3051 2913 3252 2965 εἰδέναι
3297 2913 3390 2964 τὸν
3441 2912 3662 2980 Πατέρα
3714 2911 3876 2979 μόνον
3923 2911 4086 2977 φησι,

2497 3005 2593 3074 τὴν
2628 3003 2722 3056 τοῦ
2772 3004 2985 3073 Πατρὸς
3032 3004 3235 3070 γνῶσιν
3277 3005 3419 3056 κατὰ
3465 3002 3529 3054 τὸ
3574 3007 3935 3065 σιωπώμενον
3983 3002 4086 3051 καὶ

2501 3096 2696 3150 ἑαυτοῦ
2728 3092 2869 3150 εἶναι
2892 3097 3087 3163 λέγων.
3125 3115 3144 3147 ι
3179 3097 3247 3148 At
3285 3095 3535 3148 τοιαῦται
3570 3095 3676 3146 τῶν
3701 3093 4089 3161 εὑαγγελικῶν

813 3180 909 3250 qui
966 3178 1132 3233 veluti
1181 3187 1435 3244 magnum
1481 3170 1699 3239 aliquod
1754 3167 1977 3221 dubium
2035 3174 2391 3237 proponunt:

2503 3189 2684 3260 ῥητῶν
2720 3187 3034 3258 ἐξηγήσεις,
3080 3187 3436 3255 ἐπιστομίσαι
3472 3185 3632 3239 ίκανὰ
3676 3185 3914 3254 ἔχουσιν,
3954 3185 4088 3245 τοὺς

818 3291 837 3322 ι
882 3269 940 3324 Si
972 3269 1137 3322 etiam
1177 3283 1241 3321 cx
1281 3263 1420 3317 Filio
1458 3262 1692 3331 Spiritus
1723 3267 1828 3322 est,
1877 3274 2040 3328 quam
2072 3259 2141 3311 ob
2172 3271 2393 3310 causam

819 3380 869 3414 Ill
903 3360 1212 3430 Evangeliis
1248 3355 1532 3417 Dominus,
1568 3354 1660 3420 qui
1697 3349 1936 3421 procedit
1974 3365 2003 3400 a
2045 3347 2224 3410 Patre,
2259 3347 2399 3400 dixit

817 3469 926 3509 non
955 3452 1163 3507 addens
1200 3467 1214 3504 :
1244 3449 1311 3504 Et
1333 3462 1398 3500 cx
1441 3443 1568 3499 me?
1595 3463 1612 3494 ι
1647 3441 1782 3496 Nam
1815 3443 1860 3495 si
1889 3455 2116 3510 magnus
2147 3439 2397 3503 Basilius,

815 3548 962 3617 quod
1005 3560 1203 3600 numen
1238 3541 1358 3596 Filii
1391 3539 1617 3594 sileatur
1655 3537 1707 3589 iu
1744 3535 1870 3599 illis,
1906 3534 1957 3586 in
1991 3533 2194 3599 quibus
2233 3532 2396 3585 dicit:

820 3663 838 3692 ι
868 3642 1078 3695 Patrem
1110 3637 1287 3692 solum
1324 3635 1486 3699 scire,
1517 3652 1534 3683 ι
1565 3644 1785 3685 causam
1819 3627 1959 3680 lianc
1983 3626 2168 3689 refert,
2196 3625 2402 3694 palam-

816 3752 924 3806 que
950 3731 1136 3796 edicit,
1163 3750 1180 3780 ι
1211 3729 1387 3784 Patris
1425 3724 1791 3794 cognitionem
1842 3721 2069 3789 ﬁgurate
2119 3733 2214 3787 per
2276 3715 2403 3769 reti-

816 3826 1090 3887 centiam,
1137 3821 1500 3889 cognitionem
1557 3831 1679 3870 esse
1725 3822 1778 3866 et
1834 3809 1992 3873 Filii,
2034 3827 2053 3860 ›
2113 3810 2234 3878 quis
2281 3807 2403 3875 jure

816 3919 919 3973 sibi
988 3911 1380 3976 vindicaverit,
1411 3911 1565 3980 quasi
1604 3908 1675 3961 sit
1718 3905 1952 3974 Spiritus
2004 3900 2400 3970 receptaculum

826 4006 1032 4062 Basilio
1079 4003 1294 4075 purius,
1337 4000 1555 4054 diverso
1582 3997 1745 4051 modo
1785 4007 1946 4064 atque
1971 3994 2204 4048 Basilius
2231 3980 2402 4044 addu-

822 4103 994 4153 bttare
1029 4114 1042 4150 :
1077 4109 1247 4163 quare
1301 4106 1406 4144 non
1452 4099 1506 4144 et
1583 4103 1779 4141 nomen
1849 4084 1993 4148 Filii,
2022 4093 2080 4137 ut
2149 4083 2404 4136 omnibus

823 4189 1170 4245 manifestum
1214 4193 1334 4248 est,
1400 4198 1522 4238 cum
1605 4181 1785 4234 Patris
1865 4182 2084 4232 nomine
2152 4175 2405 4229 enuntia-

824 4294 947 4347 tur,
1011 4287 1066 4334 et
1127 4293 1250 4332 cum
1333 4275 1556 4329 insimul
1640 4289 1748 4326 non
1818 4273 2165 4334 enuntiatur,
2234 4281 2405 4337 quare

823 4372 1046 4427 insimul
1128 4385 1238 4422 non
1318 4363 1687 4435 intelligitur’
1760 4362 1917 4427 Quod
1997 4363 2196 4413 ctenim
2284 4373 2408 4410 ma-

825 4480 966 4534 gnus
1003 4463 1089 4516 liic
1121 4460 1278 4514 Pater
1305 4461 1371 4513 de
1399 4457 1626 4512 scientia
1653 4454 2010 4509 asseritillius
2026 4452 2130 4504 diei
2156 4459 2208 4502 et
2237 4451 2401 4511 Itone,

830 4529 990 4625 plane
1028 4555 1195 4609 veluti
1227 4556 1418 4621 dogma
1452 4548 1708 4612 atterens,
1746 4566 1763 4597 ι
1807 4545 1990 4613 Neque
2019 4542 2191 4595 Filius
2223 4542 2395 4610 ipsam
2434 4529 2475 4583 Ι)

827 4655 1171 4720 agnosceret,
1217 4643 1320 4697 nisi
1383 4641 1544 4694 Pater
1587 4649 1926 4710 agnosceret,
1960 4656 1978 4687 ι
2013 4636 2156 4688 illius
2223 4634 2403 4686 verbis

829 4745 1026 4803 lretus,
1061 4744 1162 4791 lioc
1194 4739 1333 4790 idem
1369 4743 1424 4789 et
1460 4735 1576 4803 ipse
1604 4734 1670 4786 de
1699 4732 1936 4800 Spiritus
1965 4742 2254 4798 pregressu
2279 4740 2403 4794 pro-

829 4834 1092 4886 nuntiabo
1119 4848 1132 4883 :
1162 4843 1439 4897 nunquam
1490 4826 1730 4896 Spiritus
1753 4837 2074 4892 progressus
2109 4818 2302 4872 fuisset
2338 4831 2402 4870 ex

830 4925 992 4989 Filio,
1035 4923 1139 4976 nisi
1188 4934 1514 4990 progressus
1552 4919 1747 4971 luisset
1776 4931 1841 4969 ex
1882 4912 2043 4966 Patre
2084 4929 2097 4964 :
2134 4902 2403 4963 nudenam

829 5018 976 5071 enim
1010 5016 1236 5070 haberet
1281 5011 1545 5083 Spiritum
1601 5009 1794 5073 Filius,
1819 5007 1910 5076 qui
1951 5003 2090 5057 nibil
2126 5010 2275 5055 extra
2315 4999 2415 5053 Pa-

832 5121 970 5162 trem
1038 5105 1318 5176 proprium
1395 5102 1577 5164 habet,
1631 5101 1735 5155 nisi
1793 5114 1824 5153 a
1872 5099 2036 5150 Patre
2094 5092 2413 5149 naturaliter

833 5200 1010 5268 ipsum
1039 5197 1284 5251 haberet.

910 5405 995 5459 t2.
1037 5404 1101 5456 lit
1127 5418 1224 5456 nos
1243 5401 1462 5472 quidem
1496 5403 1607 5454 liatc
1639 5398 1821 5452 omnia
1855 5408 2235 5464 respononnus
2261 5391 2408 5444 circa

835 5517 920 5559 ra,
953 5511 1072 5566 qua:
1121 5495 1187 5548 ad
1243 5510 1342 5548 nos
1403 5504 1491 5547 tua
1551 5493 1758 5546 reddita
1806 5487 2034 5558 epistola
2077 5484 2410 5539 continebat.

841 5590 1227 5643 Verumtamen
1256 5596 1312 5640 ιιι
1356 5585 1530 5640 modis
1583 5583 1838 5636 omnibus
1890 5593 2109 5640 accura,
2143 5574 2415 5629 curiosius

915 5725 954 5754 "
981 5721 1114 5776 Luc.
1153 5737 1307 5784 xviii,
1344 5721 1430 5774 l9.
1526 5717 1786 5770 "Matth.
1818 5727 1892 5776 xl,
1929 5711 2018 5765 Ἦ.

2501 3278 2690 3347 ὥσπερ
2714 3294 2766 3328 τι
2795 3277 2935 3346 μέγα
2965 3279 3348 3345 προτείνοντας
3373 3276 3694 3344 διαπόρημα
3713 3292 3726 3304 ·
3761 3295 3778 3325 ι
3813 3277 3862 3326 εί
3893 3276 3988 3326 καὶ
4018 3277 4090 3326 ἐκ

2500 3369 2594 3422 τοῦ
2625 3369 2755 3421 Υίοῦ
2786 3369 2845 3420 τὺ
2870 3368 3097 3438 Πνεῦμα
3122 3369 3384 3437 ὑπάρχει,
3412 3360 3556 3424 δτατί
3584 3369 3642 3418 ἐν
3672 3366 4030 3433 Εὑαγγελίοις
4056 3368 4092 3417 ὀ

2501 3461 2727 3531 Κύριος,
2767 3479 2785 3512 ι
2837 3461 2902 3513 ⁸0
2930 3460 3083 3530 παρὰ
3115 3456 3210 3510 τοῦ
3237 3460 3454 3526 lla-apo;
3470 3457 3855 3526 ἐκπορεύεται,
3895 3475 3912 3506 ι
3951 3455 4087 3524 ἔφη,

2503 3554 2580 3624 μὴ
2616 3553 2878 3622 προσθεὶς
2913 3554 3007 3604 καὶ
3053 3551 3135 3614 τὸ,
3187 3550 3246 3614 ἐξ
3297 3549 3478 3617 ἐμοῦ;
3523 3569 3544 3600 ι
3583 3551 3644 3601 hi
3677 3550 3786 3618 γὰρ
3834 3552 3860 3602 6
3906 3550 4086 3617 μέγας

2502 3645 2783 3705 Βασίλειος
2820 3643 3003 3696 αἰτίαν
3040 3640 3138 3693 τοῦ
3167 3641 3675 3707 παρασιωπηθῆναι
3700 3639 3758 3690 τὸ
3788 3640 3957 3706 ὄνομα
3983 3640 4087 3693 τοῦ

2503 3733 2661 3800 Υἰοῦ,
2725 3735 2813 3802 ἐφ’
2872 3729 2954 3795 οἷς
2994 3731 3166 3798 λέγει,
3215 3731 3307 3781 τὸν
3349 3729 3569 3799 Πατέρα
3624 3735 3784 3798 μόνον
3822 3731 4022 3780 εἰόεναι
4059 3749 4079 3780 ιι

2503 3827 2664 3879 τοῦτο
2708 3826 2858 3893 λέγει
2917 3826 3129 3892 σαφῶς,
3160 3823 3222 3875 τὸ
3275 3840 3295 3872 ι
3331 3822 3431 3891 τὴν
3485 3821 3580 3874 τοῦ
3631 3822 3845 3890 Πατρὸς
3877 3824 4088 3886 γνῶσιν

2504 3919 2649 3972 κατά
2693 3917 2755 3969 τὸ
2787 3916 3140 3986 σιωπώμενον
3173 3914 3376 3982 γνῶσιν
3405 3908 3546 3964 εἶναι
3588 3911 3804 3964 καὶτοῦ
3869 3912 4016 3976 ιἰοῦ,
4061 3931 4082 3960 ι

2502 4011 2586 4072 τίς
2634 4011 2699 4063 ἂν
2733 4008 2822 4078 εἴη
2855 4008 3061 4070 δίκαιος
3091 4007 3277 4059 ἔκτοτε
3305 4005 3380 4068 ὡς
3412 4004 3506 4057 τοῦ
3550 4004 3866 4072 Πνεύματος
3911 4020 4091 4056 κατα-

2506 4102 2710 4168 γώγιον
2750 4100 3141 4170 καθαρώτερον
3167 4098 3366 4168 τάχαῆ
3404 4097 3545 4150 κατὰ
3585 4097 3674 4147 τὸν
3711 4095 3886 4165 μέγαν
3917 4096 4092 4148 Βασι-

2506 4197 2647 4247 λειον
2679 4196 2986 4264 διαπορεῖν,
3023 4191 3168 4245 διατί
3200 4193 3276 4260 μὴ
3307 4193 3399 4243 καὶ
3425 4190 3485 4240 τὸ
3515 4189 3686 4256 δνομα
3707 4187 3799 4239 τοῦ
3834 4187 3962 4239 Υἱοῦ
3998 4207 4093 4240 κα·

2505 4288 2573 4340 τὰ
2605 4287 2664 4338 τὸ
2694 4287 2872 4353 πάντη
2900 4283 3169 4354 πρόδηλον
3191 4282 3269 4352 τῷ
3297 4281 3390 4333 τοῦ
3415 4280 3631 4348 Πατρὸς
3657 4283 4094 4346 συνεκφωνείται

2505 4380 2771 4445 όνόματις
2806 4378 2901 4428 καὶ
2956 4378 3004 4427 εἰ
3047 4375 3122 4444 μὴ
3182 4375 3636 4439 συνεκφωνεῑται,
3679 4372 3823 4424 διατί
3870 4389 4095 4424 συνεπι-

2509 4474 2711 4522 νοεῖται
2742 4488 2756 4534 ;
2792 4470 2970 4538 Ὅπερ
2998 4467 3104 4536 γὰρ
3139 4467 3165 4517 6
3199 4467 3373 4534 μέγας
3414 4458 3570 4526 οὗτος
3609 4463 3795 4534 Πατὴρ
3833 4466 4095 4533 περὶτῆς

2509 4561 2760 4629 γνώσεως
2804 4557 2973 4626 λέγει,
3020 4561 3118 4630 τῆς
3157 4561 3286 4628 περὶ
3324 4557 3424 4624 τῆς
3479 4556 3694 4626 ἡμέρας
3723 4556 3960 4623 ἐκείνης,
3997 4558 4097 4606 καὶ

2509 4655 2608 4721 τὴς
2658 4651 2806 4721 ὥρας
2860 4649 3465 4718 σαφῶςβογματίζων,
3517 4666 3537 4698 ι
3583 4647 3706 4700 Οὐδ’
3765 4647 3831 4700 ἄν
3879 4651 3906 4698 6
3961 4646 4096 4706 Υἱὸς

2511 4747 2652 4812 ἔγνω
2686 4746 2902 4813 ἐκείνην
2936 4745 2984 4794 εἰ
3020 4741 3095 4811 μὴ
3137 4745 3163 4792 6
3210 4742 3401 4810 Πατὴρ
3430 4742 3596 4806 ἔγνω,
3637 4757 3656 4789 ι
3711 4741 3826 4800 τοῖς
3877 4739 4097 4790 ἐκείνου

2513 4838 2692 4905 λόγοις
2727 4835 3124 4905 ἁποθαρῤήσας
3159 4833 3316 4885 τοῦτο
3356 4832 3449 4884 καὶ
3495 4831 3660 4893 αὐτὸς
3689 4831 3818 4899 περὶ
3867 4829 3967 4899 τῆς
3998 4832 4097 4881 τοῦ

2515 4931 2832 4998 Πνεῦματος
2885 4927 3114 4996 προόδου
3163 4925 3274 4996 ἐρῶ
3302 4942 3314 4955 °
3348 4924 3465 4978 Οὐκ
3508 4925 3576 4978 ἄν
3606 4940 3736 4976 ποτε
3763 4923 3824 4974 τὸ
3867 4922 4100 4991 Πνεῦμα

2513 5018 2789 5090 προῆλθεν
2818 5018 2882 5068 ἐκ
2913 5015 3008 5067 τοῦ
3053 5015 3208 5079 Υἱοῦ,
3245 5016 3295 5068 εί
3347 5016 3423 5084 μὴ
3452 5013 3726 5084 προῆλθεν
3761 5013 3827 5063 ἐκ
3855 5012 3948 5063 τοῦ
3985 5015 4101 5063 llat-

2511 5113 2638 5180 τρός
2663 5127 2676 5142 ο
2716 5109 2879 5162 πόθεν
2901 5111 3009 5178 γὰρ
3045 5108 3112 5160 ἂν
3143 5108 3238 5160 καὶ
3270 5107 3396 5175 ἔσχε
3425 5105 3656 5174 Πνεῦμα
3681 5103 3829 5168 Υίὸς,
3854 5103 3883 5153 6
3924 5105 4102 5170 μηδὲν

2513 5205 2653 5273 ἔχων
2695 5202 2826 5254 ἴδιον
2874 5201 3026 5268 παρὰ
3050 5199 3142 5250 τὸν
3171 5199 3424 5266 Πατέρα,
3461 5197 3510 5248 εἰ
3561 5196 3640 5266 μὴ
3669 5196 3819 5264 παρὰ
3846 5197 3939 5249 τοῦ
3979 5197 4098 5248 Πα-

2511 5296 2634 5364 τρὸς
2667 5293 2908 5364 φυσικῶς
2937 5289 3080 5360 εἶχεν
3110 5291 3281 5355 αὑτό;

2591 5386 2677 5455 ιβ’.
2729 5385 2865 5436 Ἀλλ’
2889 5386 3049 5452 ἡμεῖς
3079 5382 3178 5450 μὲν
3205 5381 3297 5434 καὶ
3331 5382 3417 5448 ἐφ’
3447 5374 3528 5442 οἷς
3551 5383 3584 5450 ἡ
3606 5381 3700 5433 νῦν
3721 5381 4104 5450 διακομισθεῖ-

2523 5496 2592 5530 σα
2627 5480 2762 5546 ἡμῖν
2794 5475 3054 5541 ἐπιστολὴ
3083 5475 3150 5543 σὴ
3180 5475 3510 5544 διελάμϐανε
3542 5475 3612 5525 τὰ
3639 5473 3875 5544 ρηθέντα
3921 5476 4104 5525 πάντα

2525 5586 2606 5623 σοι
2636 5566 3098 5636 ἀπελογησαμεθα
3133 5582 3146 5596 ·
3183 5568 3247 5619 σὺ
3287 5566 3343 5618 δὲ
3376 5566 3452 5636 μὴ
3483 5566 3745 5634 ἁποθείης
3779 5565 3985 5618 σκοποῦ
4046 5571 4107 5617 το

917 5864 992 5932 l8)
1041 5862 1275 5932 llujusce
1329 5860 1572 5931 epistola
1654 5858 1868 5910 initium
1942 5863 2024 5908 est
2060 5869 2073 5907 :
2103 5851 2229 5904 Jam
2287 5851 2421 5904 inter
2465 5848 2658 5903 multo:
2696 5852 2746 5900 in
2783 5850 3125 5916 qawrlionem
3186 5848 3402 5901 t'crlilur
3435 5842 3802 5908 Evannlium.
