4210 6440
176 354 291 415 337

1303 355 1406 416 AD
1441 354 2038 416 CONSTANTINUM
2077 355 2227 418 LIB.
2265 354 2318 420 Ῑ.

3340 355 3443 420 338

176 459 731 529 πολυπραγμονῆσαι
762 458 857 513 καὶ
896 461 1209 529 ἐπιστῆσαι,
1244 463 1360 525 πῶς
1387 464 1458 516 δι’
1490 454 1566 515 ὧν
1604 462 1777 516 ἁπάν-
1802 462 1840 524 Α

1882 463 2139 532 indagare
2172 474 2228 519 et
2250 462 2707 530 animadvertere,
2763 464 3018 520 Pliotium
3072 466 3214 520 inter
3251 480 3315 519 ea
3342 481 3462 519 om.

177 566 298 599 των
329 551 479 603 κατὰ
511 550 943 621 τῆςῬωμαῖκῆς
978 552 1306 622 Ἐκκλησίας
1338 555 1527 625 εἴρηκε
1549 552 1775 619 Φὼτιος,

178 641 300 693 οὖδ⁸
332 643 477 705 ὅλως
510 646 791 713 γραφικῆς
825 663 970 707 τινος
1019 646 1233 715 ῥήσεως
1266 648 1639 716 ἐμνημόνευσε
1669 648 1779 702 τῶν

181 728 319 785 ὅσαι
348 733 425 786 δι’
456 735 611 799 Υῑού,
644 745 738 790 καὶ
770 736 828 803 ἐξ
859 737 990 789 Υίού
1026 737 1299 807 προϊέναι,
1332 738 1426 793 καὶ
1457 741 1778 811 προχεῖσθαι

181 826 245 876 τὸ
275 825 448 891 ἅγιον
473 826 718 895 Πνεῦμα,
757 827 1121 899 προέρχεσθαί
1148 845 1203 881 τε
1239 830 1334 883 καὶ
1363 830 1776 899 ἐκπέμπεσθαι,

186 916 389 968 καὶτὰ
428 917 707 986 παρόμοια
762 918 1003 985 λέγουσι,
1056 921 1275 984 πάντως
1325 920 1354 974 ό
1403 920 1637 992 μὴξπρδς
1681 924 1782 992 τὴν

187 1006 471 1073 ἀλήθειαν
537 1010 853 1078 μυωπάζων
902 1012 1557 1084 ὲθελοκάκωςδιακρινετ
1599 1014 1674 1077 ὡς
1719 1016 1780 1068 οὐ

186 1101 318 1150 κατ’
366 1102 604 1165 ἄγνοιαν
654 1104 843 1172 Φωτίῳ
880 1105 1038 1157 τοῦτο
1080 1107 1451 1177 συμόἐδηκεν,
1500 1107 1615 1161 ἀλλ’
1660 1110 1782 1162 ἐπεὶ

191 1192 272 1261 μὴ
307 1191 543 1261 ἐθάρσει
592 1198 774 1267 γυμνῇ
824 1200 889 1266 τῇ
951 1199 1158 1269 κεφαλῇ
1216 1202 1353 1267 πρὸς
1383 1200 1450 1253 τὰ
1492 1202 1585 1254 καὶ
1631 1204 1781 1270 ἡλίου

185 1283 592 1354 λαμπρότερον
644 1287 742 1358 τὴν
790 1290 1055 1359 ἀλήθειαν
1098 1292 1359 1359 φαίνοντα
1399 1294 1646 1362 γραφικὰ
1676 1295 1783 1348 τῶν

183 1377 369 1441 ἁγίων
401 1380 549 1448 ῥητὰ
588 1381 1056 1449 παρατάττεσθαι,
1090 1383 1191 1452 τὴν
1224 1385 1323 1453 μὲν
1354 1385 1411 1451 ἐξ
1444 1386 1661 1455 ἀμύνης
1687 1405 1784 1441 κα-

185 1469 316 1519 κέαν
359 1470 541 1523 αὑτοῦ
583 1473 671 1524 διὰ
698 1474 1151 1543 παρεξηγήσεων,
1193 1471 1281 1538 αἶς
1309 1477 1456 1547 αύτῷ
1490 1478 1661 1532 ἐδόκει
1687 1480 1783 1549 τὴν

186 1560 409 1611 οἰκείαν
458 1565 721 1630 κουφίσαι
753 1568 1002 1634 πικρίαν,
1044 1569 1325 1620 ὲτέλεσενο
1354 1568 1389 1622 ἃ
1420 1570 1476 1621 δὲ
1518 1570 1632 1640 ᾔδει
1672 1574 1783 1634 τοῖς

188 1650 496 1714 ἀντιδίκοις
542 1656 646 1721 τὴν
690 1656 848 1725 ίσχὺν
894 1659 1247 1729 παρεχόμενα
1290 1661 1672 1733 παρέδραμεν,
1706 1660 1782 1724 ὡς

194 1742 331 1809 μηδὲ
372 1744 559 1806 εἰδώς.
599 1747 697 1798 Διὰ
728 1748 839 1818 γὰρ
872 1750 965 1800 τὸν
1013 1750 1121 1803 ἀπὸ
1151 1750 1253 1819 τῆς
1300 1753 1509 1813 οἰκείας
1541 1752 1721 1804 συνειδ
1736 1753 1784 1817 ξ-

190 1850 328 1897 cum;
365 1835 600 1906 ἔλεγχον
624 1841 717 1891 καὶ
752 1841 1019 1909 μεγάλαις
1050 1844 1171 1905 ταῖς
1204 1844 1461 1906 σπουδαῖς
1490 1837 1649 1901 οὗτος
1682 1844 1783 1913 τὴν

188 1926 331 1994 ὑπὲρ
363 1927 474 1995 τῆς
518 1929 746 1998 είρήνης
786 1932 1198 2004 συγκεκρότηκε
1250 1934 1488 1989 σύνοδον.
1533 1935 1595 1987 Οἱ
1640 1935 1683 1986 δ’
1722 1936 1780 2002 ἐξ

190 2015 411 2067 ἐκείνου
451 2019 552 2071 καὶ
578 2020 775 2088 ἐφεξῆς
807 2021 907 2091 τὴν
945 2022 1038 2074 ἐπὶ
1082 2024 1276 2075 ἑκατὸν
1316 2024 1454 2092 πρὸς
1483 2026 1596 2088 τοῖς
1628 2026 1778 2079 ἑϐδο-

193 2110 448 2176 μήκοντα
490 2111 640 2164 ἔτεσι
671 2114 838 2182 μέχρι
880 2114 975 2167 τοῦ
1016 2116 1397 2185 Κηρουλαρίου
1434 2116 1637 2186 μεταξὺ
1670 2118 1781 2169 τῶν

204 2199 559 2269 Ἐκκλησιῶν
589 2205 901 2272 κρατοῦσαν
939 2208 1163 2278 είρήνην
1205 2208 1481 2278 τιθέμενοι
1530 2208 1660 2279 παρ’
1685 2210 1777 2261 ού-

190 2292 301 2355 δὲν,
340 2294 531 2361 μόνων
563 2289 643 2349 ὧν
667 2298 807 2368 πρὸς
850 2298 1051 2369 ἔχθραν
1083 2302 1178 2354 καὶ
1224 2301 1427 2355 κακίαν
1464 2303 1669 2365 enim;
1705 2306 1778 2355 εἰ·

193 2387 378 2452 Ρήκειν
418 2388 767 2458 ἀντέχονται,
801 2393 1022 2456 καὶτὰς
1051 2394 1305 2463 ἀφορμὰς
1334 2392 1545 2446 ἐκεῖθεν
1594 2394 1784 2447 λαϐόν-

191 2491 309 2539 τες,
358 2479 488 2529 κατ’
524 2478 704 2547 ὀλίγον
744 2484 1214 2554 προκεχωρήκασι
1270 2484 1408 2552 πρὸς
1439 2485 1501 2537 τὸ
1535 2488 1630 2540 xal.
1659 2488 1778 2547 ταῖς

193 2571 450 2637 γραφαῖς
491 2570 683 2634 αὑταῖς
710 2573 1039 2643 ἀντιλέγειν,
1071 2569 1147 2628 ὧν
1176 2578 1299 2639 ταῖς
1333 2576 1594 2647 ἀληθέσιν
1623 2576 1782 2629 ἀντο-

179 2660 478 2730 οφθαλμείν
501 2664 604 2716 οὐκ
627 2665 735 2717 ἔδει
760 2669 956 2730 αὐτοὺς
981 2669 1329 2738 περιλήψεσι.
1359 2670 1431 2721 Σὺ
1462 2669 1507 2722 δ’
1528 2669 1664 2722 ἀλλᾶ
1690 2670 1786 2721 καὶ

196 2753 309 2803 τῶν
365 2755 635 2808 τοιούτων
667 2757 813 2826 ἔχεις
845 2760 937 2812 τὸν
967 2760 1208 2830 ἔλεγχον,
1242 2762 1300 2828 ἐξ
1335 2755 1413 2813 ὧν
1460 2764 1519 2815 ὲν
1544 2761 1623 2831 τῷ
1650 2761 1786 2830 πρὸς

200 2844 261 2895 σὲ
297 2845 513 2915 πρώτῳ
545 2850 640 2899 καὶ
666 2848 906 2920 δευτέρῳ
937 2851 1086 2921 τόμῳ
1158 2852 1259 2920 τῆς
1296 2852 1585 2921 ἐπιστολῆς
1630 2852 1786 2921 ἡμῶν

197 2928 461 3004 διειλήφει
470 2951 594 3002 μεν.

1883 555 1997 618 nia,
2028 570 2148 625 quae
2179 555 2444 609 adversus
2475 554 2776 608 Romanam
2818 554 3112 609 Ecclesiam
3164 555 3461 625 aggerat-it,

1878 644 2082 699 nullius
2119 646 2321 713 scripto
2351 644 2567 698 tradite
2581 645 2862 699 sententiae
2885 645 3216 699 mentionem
3248 645 3461 709 fecisse,

1877 753 2066 792 earum
2089 777 2104 803 ,
2155 736 2376 807 inquam
2401 779 2418 805 ,
2456 737 2510 791 in
2542 736 2742 807 quibus
2793 736 3029 803 Spiritus
3056 747 3281 793 sanctus
3310 752 3460 791 asse-

1879 840 2118 893 veratur,
2159 844 2255 898 per
2283 827 2504 893 Filium,
2525 840 2582 884 et
2611 844 2675 882 ex
2710 827 2846 882 Filio
2869 831 3120 899 progredi
3150 842 3203 885 et
3227 829 3461 893 eﬂundi,

1880 922 2167 992 provenire
2203 930 2257 976 et
2297 922 2492 988 emitti,
2522 932 2575 976 et
2604 921 2651 976 si
2686 937 2806 991 quae
2828 931 2956 975 sunt
2987 922 3089 978 alia
3124 924 3208 977 his
3241 924 3462 979 similia.

1881 1015 1984 1081 Qui
2016 1016 2160 1071 circa
2193 1016 2476 1069 veritatem
2506 1016 2743 1084 maligne
2772 1030 2880 1069 non
2913 1016 3464 1082 cmentit,discernet,

1882 1124 1990 1162 non
2027 1110 2078 1163 id
2111 1124 2176 1163 ex
2201 1123 2385 1162 rerum
2424 1124 2612 1163 earum
2664 1109 3002 1179 ignoratione
3052 1108 3244 1162 Pliotio
3287 1110 3462 1162 conti-

1884 1202 2029 1271 gisse
2055 1242 2070 1264 ,
2114 1203 2207 1257 sed
2237 1217 2361 1255 cum
2398 1202 2662 1257 adversus
2693 1212 3014 1256 sanctorum
3065 1199 3285 1255 Patrum
3346 1216 3464 1254 sen-

1883 1291 2104 1352 tentias.
2173 1292 2290 1360 ipso
2353 1292 2468 1344 sole
2515 1292 2717 1345 clarius
2766 1292 3049 1344 veritatem
3087 1290 3465 1351 ostendentes,

1884 1400 2001 1440 sese
2036 1400 2307 1453 opponere
2334 1399 2441 1437 non
2480 1383 2725 1446 auderet,
2760 1399 2913 1437 suam
2939 1399 3003 1437 ex
3038 1383 3289 1438 vindictae
3324 1383 3464 1437 desi-

1885 1474 2034 1528 derio
2049 1485 2225 1527 ortam
2242 1474 2665 1543 improbitatem,
2690 1475 2869 1542 pravis
2886 1471 3450 1540 interpretationibus.

1885 1568 2089 1635 quibus
2122 1567 2396 1635 propriam
2448 1566 2868 1619 amaritudinem
2916 1564 3165 1617 emollire
3193 1563 3464 1616 existima.

1839 1657 1997 1738 Ibat,
2055 1656 2347 1725 complevit
2384 1672 2548 1723 :qua:
2606 1664 2788 1708 autem
2872 1654 3081 1708 sciebat
3139 1651 3466 1706 adversariis

1886 1749 2059 1802 robur
2116 1748 2337 1813 addere,
2384 1747 2537 1816 quasi
2601 1761 2666 1800 ea
2723 1746 2981 1806 nesciret.
3014 1744 3296 1814 prmteriit.
3334 1743 3466 1796 Nam

1888 1858 2013 1896 cum
2058 1856 2089 1897 a
2146 1840 2359 1911 propria
2409 1838 2748 1895 conscientia
2805 1848 3183 1902 accusaretur,
3247 1838 3461 1905 magnis

1888 1932 2178 1987 conatibus
2226 1945 2325 1999 pro
2377 1945 2509 2001 pace
2572 1929 2806 1983 ineunda
2851 1929 3119 2000 synodum
3156 1928 3467 1983 celebravit.

1888 2024 1992 2093 Qui
2025 2039 2189 2096 porro
2220 2039 2284 2078 ex
2315 2039 2383 2078 eo
2406 2032 2459 2077 et
2485 2022 2793 2078 subsecutis
2820 2022 3155 2088 temporibus
3185 2036 3281 2089 per
3300 2036 3468 2074 annos

1884 2127 2104 2174 centum
2164 2127 2220 2172 et
2272 2121 2613 2188 septuaginta
2656 2116 2720 2169 ad
2743 2096 3022 2170 .Cerularii
3068 2123 3282 2168 aetatem
3321 2114 3463 2167 inter

1888 2209 2158 2265 Eeclesias
2204 2224 2389 2280 pacem
2446 2208 2841 2271 continuatam,
2880 2206 3032 2260 nihili
3071 2205 3296 2268 faciunt,
3328 2206 3469 2259 illius

1886 2299 2107 2359 lautum
2138 2304 2206 2358 ad
2256 2303 2644 2373 concipiendas
2697 2299 3013 2354 inimicitias
3067 2314 3131 2353 ac
3166 2299 3470 2354 simultates

1892 2396 2118 2466 scripta,
2169 2394 2595 2464 amplectuntur,
2660 2392 2895 2460 indeque
2944 2399 3267 2462 argumenta
3328 2390 3469 2443 arri-

1898 2486 2131 2557 pientes.
2177 2486 2438 2555 paulatim
2490 2500 2557 2539 eo
2617 2496 2955 2553 processere,
3004 2490 3138 2536 utet
3178 2479 3470 2549 Scripturis

1894 2578 2293 2641 contradicant,
2324 2592 2556 2647 quarum
2588 2570 2747 2630 veras
2777 2574 3156 2645 perceptiones
3185 2573 3472 2628 adversum

1892 2670 2091 2725 intueri
2116 2686 2333 2739 aequum
2360 2684 2468 2725 non
2496 2680 2631 2723 erat.
2675 2666 2756 2721 Tu
2790 2681 2920 2721 vero
2948 2654 3013 2720 ad
3056 2667 3172 2718 ha-c
3221 2665 3313 2727 iis,
3353 2677 3471 2731 qurr

1892 2764 2090 2830 primo,
2113 2772 2167 2816 et
2190 2765 2431 2817 secundo
2456 2770 2601 2814 tome
2632 2759 2878 2829 epistola:
2930 2767 3131 2812 nostra:
3165 2756 3232 2809 ad
3282 2765 3336 2809 te
3360 2753 3472 2824 iam

1894 2863 2053 2907 antea
2110 2854 2328 2922 scripta:
2392 2852 2875 2923 pertractavimus,
2947 2858 3254 2919 promptam
3306 2846 3471 2902 habes

1894 2944 2331 3013 responsionem.

213 3069 2501 3101 Ἦ

1338 3171 1685 3305 ΤΟΥ
1764 3168 2344 3304 ΑΥΤΟΥ

1788 3408 1928 3463 ΤΩΝ

973 3555 1387 3674 ΠΡΟΣ
1471 3552 2697 3673 ΚΩΝΣΤΑΝΤΙΝΟΝ

1493 3781 1642 3865 ΤΟ
1718 3776 2213 3864 ΠΡΩΤΟΝ.

1487 4102 2206 4235 EJUSDEM

1013 4354 1216 4470 AD
1332 4358 2689 4483 CONSTANTINUM

1375 4599 1733 4691 LIBER
1806 4600 2299 4692 PRIMUS.

282 4955 354 5013 α’.
376 4952 577 5008 ιΙνθάνιιι
605 4954 706 5021 μὲν
734 4950 927 5018 τάξας,
955 4953 1046 5007 καὶ
1072 4948 1187 5007 οἷον
1216 4953 1597 5025 διορισάμενος
1632 4957 1799 5024 ἐμαυ-
1826 4968 1840 5019 4

1974 4959 2023 5013 1.
2066 4958 2183 5012 Jam
2217 4959 2388 5013 multo
2437 4968 2563 5015 ante
2591 4962 3002 5025 constitueram,
3035 4968 3092 5015 et
3118 4968 3327 5016 tantum
3362 4977 3470 5019 neu

213 5051 291 5121 τῷ
320 5051 423 5120 τὴν
465 5045 611 5101 κατά
646 5046 756 5099 τῶν
784 5046 1176 5113 ἀντιλεγόντων
1204 5048 1270 5116 τῇ
1301 5046 1530 5115 ἀληθείᾳ
1554 5045 1649 5100 τοῦ
1675 5046 1797 5114 δόγ-

218 5158 392 5208 ματος
421 5138 537 5191 τῶν
560 5136 711 5207 ἐμῶν
732 5136 966 5204 γραφῶν
996 5139 1191 5207 στῆσαι
1214 5137 1408 5207 φορὰν,
1446 5138 1539 5191 ἅτε
1592 5136 1794 5198 ἱκανῶς

215 5231 462 5305 Χριστοῦ
518 5231 712 5300 χάριτι
765 5228 861 5280 καὶ
912 5228 1087 5297 ἰσχύει
1124 5230 1220 5298 τῆς
1252 5229 1509 5297 ἀληθείας
1546 5228 1793 5297 ἐλέγξας,

212 5327 341 5389 τούς
367 5342 431 5378 τε
468 5324 571 5377 νῦν
601 5321 927 5381 ἀλλοκότους
957 5321 1142 5382 ἀνοίας
1166 5323 1280 5384 τοῖς
1303 5323 1533 5390 δόγμασι
1561 5341 1793 5392 παρεισ-

214 5421 569 5489 φθείροντας,
600 5415 726 5477 τούς
772 5431 833 5467 τε
890 5415 996 5483 πρὸ
1034 5414 1216 5469 αὐτῶν
1250 5413 1390 5469 κατὰ
1426 5414 1795 5482 ἀναποδισμὸν

218 5513 417 5582 μέχρις
449 5508 619 5564 αὐτοῦ
659 5507 866 5559 Φωτίου
900 5507 1307 5576 συγγράμματα
1336 5507 1793 5568 καταλελειπότας

216 5603 305 5656 ἐπ’
340 5602 606 5669 ἁθετήσει
633 5600 735 5664 τῆς
763 5600 827 5650 ὲκ
856 5597 1068 5667 Πατρδς
1096 5599 1191 5651 καὶ
1228 5597 1384 5658 Υἰοῦ,
1421 5598 1700 5650 τουτέστιν
1728 5601 1797 5650 ἑκ

220 5692 436 5761 ﬂe:ng;
476 5690 546 5743 δι’
570 5688 700 5741 Υἱοῦ
726 5688 1013 5759 ὑπάρξεως
1041 5691 1133 5741 τοῦ
1158 5689 1474 5759 ῐῐνεύματος
1497 5689 1590 5741 τοῦ
1616 5690 1796 5757 ἁγίου.

234 5785 388 5837 Ἐεει
426 5784 480 5836 δέ
508 5800 615 5845 σοι,
644 5781 801 5847 δόξαν
831 5781 971 5836 οὕτω
999 5799 1097 5848 σοι,
1137 5784 1257 5851 φίλε
1284 5800 1373 5850 μοι
1402 5785 1797 5844 Κωνσταντῖνε,

1905 5048 2037 5101 mihi
2097 5051 2575 5119 praescripseram,
2613 5051 2878 5106 adversus
2948 5065 3077 5116 eos,
3117 5052 3211 5120 qui
3268 5054 3474 5107 verita-

1905 5148 2010 5191 tem
2070 5138 2344 5209 dogmatis
2407 5150 2760 5211 oppugnant,
2813 5156 3059 5195 mearum
3112 5144 3475 5212 scriptionum

1903 5232 2160 5299 impetum
2211 5245 2541 5300 cursumque
2589 5231 2871 5296 cohibere,
2925 5242 3182 5301 tanquam
3230 5236 3325 5304 qui
3383 5251 3475 5288 sa~

1904 5327 1972 5377 tis
2017 5324 2233 5378 abunde
2285 5324 2486 5378 Clu-isti
2548 5324 2838 5391 adiuvante
2877 5328 3091 5393 gratia,
3139 5336 3193 5380 et
3249 5329 3477 5381 veritate

1904 5418 2069 5469 robur
2128 5417 2397 5477 addente.
2464 5426 2578 5470 tum
2655 5432 2751 5471 eos
2823 5418 2916 5486 qui
2990 5433 3136 5473 nunc
3206 5419 3475 5471 alisurdas

1904 5508 1957 5560 in
2030 5508 2369 5575 dogmatibus
2438 5509 2739 5562 sententias
2791 5508 3094 5577 perniciose
3160 5510 3471 5564 invehunt:

1903 5610 2014 5651 tum
2076 5616 2168 5653 cos
2207 5601 2296 5667 qui
2354 5609 2478 5653 ante
2534 5599 2677 5661 illos,
2728 5600 2773 5653 si
2811 5607 3081 5654 retroacta
3119 5610 3360 5667 tempora
3394 5603 3457 5655 ad

1901 5690 2077 5757 ipsum
2120 5688 2368 5742 l‘liotium
2411 5689 2746 5753 consideras,
2778 5690 3200 5745 commentarios
3218 5692 3283 5743 ad
3310 5691 3471 5744 refel-

1904 5784 2138 5846 lendum,
2198 5798 2263 5835 ex
2311 5780 2468 5837 Patre
2524 5793 2577 5837 et
2633 5781 2791 5845 Filio.
2859 5785 2958 5838 hoc
2988 5793 3155 5840 ester
3191 5782 3343 5838 Patre
3378 5798 3471 5851 per
