4210 6440
166 381 269 443 341

1299 383 1398 444 ΑΙ)
1439 379 2034 442 CONSTANTINUM
2079 381 2224 442 LIB.
2270 380 2317 445 Ι.

3330 385 3438 445 349

169 495 512 558 συνάγεσθαι
542 497 602 549 τὸ
640 497 734 549 καὶ
780 497 913 550 αὐτὸ
954 498 1199 567 Πνεῦμα,
1252 500 1338 552 διὰ
1384 499 1444 552 τὸ
1488 498 1625 566 πρὸς
1665 497 1758 548 τὸν

1863 495 2062 563 colligi.
2123 497 2372 549 eumdem
2436 509 2628 565 nempe
2675 496 2964 567 Spiritum,
2997 498 3143 566 quod
3194 498 3336 552 Patri
3381 509 3432 554 et

166 587 399 654 Πατέρα
453 588 548 640 καὶ
592 589 686 641 τὸν
716 589 845 641 Υίὸν
890 591 1179 658 ὀμοούσιον
1210 591 1578 660 προδλητικὸν
1618 587 1756 642 εἶναι

167 680 264 730 καὶ
325 682 734 749 ὲκπορευτικόν
766 699 781 713 ο
819 683 937 746 πῶς
997 685 1096 736 οὐκ
1154 684 1327 750 ἔγνως
1378 685 1471 737 τὸν
1524 683 1752 738 σεαυτοῦ

166 770 445 823 συνιστῶν
477 772 720 840 ἔλεγχον,
751 775 842 826 καὶ
873 775 1108 844 ἀγχόνην
1131 776 1389 845 ἄντικρυς
1424 776 1600 843 ἑαυτῷ
1631 777 1760 829 πλέ-

164 880 299 923 κων,
326 863 464 915 ὅταν
489 863 592 932 τὴν
621 867 878 932 τοιαύτην
909 867 1066 935 ῥῆσιν
1087 866 1452 934 ἐξηγούμενος
1481 869 1568 928 σὺ,
1597 886 1616 918 ι
1645 869 1756 920 Καο

163 953 274 1015 λῶς
307 954 379 1006 ἂν
419 954 537 1023 ἔχοι
573 958 668 1008 καὶ
705 957 967 1020 εὐσεϐῶς,
1003 977 1021 1008 i
1059 959 1269 1024 ἔλεγες,
1309 960 1370 1012 τὸ
1413 963 1476 1013 ὲκ
1521 961 1618 1027 τῆς
1661 959 1754 1012 τοῦ

163 1047 384 1115 Πατρὸς
419 1046 616 1107 οὐσίας
648 1047 942 1115 λεγόμενον
969 1050 1062 1102 καὶ
1098 1051 1161 1102 ὲκ
1190 1051 1286 1119 τῆς
1313 1051 1408 1104 τοῦ
1443 1051 1568 1104 Υίοῦ
1601 1052 1756 1119 λέγεο

165 1138 338 1200 σθαις
388 1139 489 1207 μία
523 1141 655 1210 γάρ.
698 1159 716 1190 i
775 1140 992 1206 Ἔξεστι
1031 1143 1139 1211 γὰρ
1185 1143 1404 1206 πάντως
1439 1145 1531 1197 τὸν
1564 1145 1754 1212 βουλό-

166 1230 328 1296 μενόν
359 1247 450 1282 σοι
505 1232 820 1299 ἀντιλέγειν
867 1234 1043 1285 εἰπεῖν
1074 1233 1149 1295 ὼς
1186 1234 1246 1286 ὃν
1280 1236 1504 1302 τρόπον,
1543 1229 1588 1288 ὦ
1620 1237 1756 1288 πάν-

160 1321 328 1388 τοὶμε
373 1321 598 1388 Κύπριε
639 1324 724 1382 σὺ.
761 1323 790 1374 ὁ
830 1323 929 1391 τῆς
973 1323 1068 1376 τοῦ
1111 1325 1430 1392 Πνεύματος
1477 1331 1615 1395 πρὸς
1663 1329 1755 1382 τὸν

164 1414 393 1481 Πατέρα
447 1417 543 1467 καὶ
571 1416 663 1469 τὸν
709 1417 836 1468 Υίὸν
863 1419 1282 1487 ὁμοουσιότητος
1318 1419 1474 1486 λόγος
1510 1423 1752 1484 ἀπαιτεῖ,

165 1502 347 1563 καθώς
387 1521 478 1555 σοι
509 1506 676 1562 δοκεῖ.
721 1506 1088 1576 προσλητιιιὸν
1121 1503 1262 1560 είναι
1296 1510 1357 1561 τὸ
1391 1509 1615 1577 Πνεῦμα
1661 1512 1755 1562 καὶ

163 1595 595 1660 ἑκπορευτικὺν,
645 1598 742 1650 ἐὰν
783 1617 869 1660 τις
923 1600 1024 1668 τὴν
1061 1603 1125 1652 ἐκ
1173 1603 1272 1670 τῆς
1316 1603 1507 1664 οὐσίας
1537 1604 1753 1673 Πατρὸς

165 1689 250 1736 καὶ
280 1686 425 1738 Tia-3
454 1682 598 1740 εῖναι
629 1688 688 1741 τὸ
724 1690 948 1759 Πνεῦμα
989 1695 1307 1758 φάσκουσαν
1341 1697 1501 1764 ῥῆσιν
1547 1697 1628 1757 είς
1662 1697 1754 1747 τὸν

164 1775 255 1842 τῆς
313 1779 513 1839 αἰτίας
553 1777 713 1846 λόγον
761 1781 1038 1850 ἐκδέχοιτο
1075 1799 1091 1814 ·
1131 1782 1308 1846 οὕτως
1353 1785 1382 1836 ὁ
1430 1784 1532 1852 τῆς
1583 1785 1753 1854 αὐτῆς

166 1870 598 1939 ὀμοουσιότητος
656 1872 815 1940 λόγος
873 1875 1015 1928 κατά
1069 1875 1170 1945 τὴν
1234 1877 1407 1946 αὐτὴν
1457 1879 1756 1946 ἀπαιτήσει

167 1962 441 2029 ανάγκην,
476 1965 571 2016 καὶ
609 1968 671 2017 ὲκ
701 1966 802 2034 τῆς
826 1967 1020 2020 ἑαυτοῦ
1053 1963 1271 2022 εἶναιτὸ
1303 1969 1526 2037 Πνεῦμα
1551 1970 1756 2034 οὐσίας,

170 2056 276 2113 ἐὰν,
309 2055 397 2118 ὡς
427 2057 494 2107 σὺ
523 2058 820 2129 τερατεύῃ.
861 2079 877 2110 ι
913 2060 1094 2122 καλῶς
1121 2059 1233 2129 ἔχει
1268 2061 1357 2112 καὶ
1392 2061 1634 2124 εὐσεϐῶς
1665 2064 1760 2114 καὶ

168 2149 224 2196 ἐκ
268 2148 377 2214 τῆς
409 2148 510 2200 τοῦ
555 2149 682 2202 Υἱοῦ
733 2150 992 2216 λέγεσθαι
1037 2150 1097 2204 τὸ
1154 2155 1218 2204 ὲκ
1276 2152 1375 2221 τῆς
1409 2153 1504 2206 τοῦ
1547 2155 1758 2224 Πατρὸς

167 2240 358 2300 οὐσίας
409 2239 710 2308 λεγόμενον
755 2241 911 2308 ἅγιον
957 2244 1199 2313 Πνεῦμα,
1253 2245 1342 2298 διὰ
1389 2245 1450 2299 τὸ
1487 2248 1619 2316 μίαν
1660 2247 1756 2300 τοῦ

171 2333 299 2385 Tia-3
341 2335 440 2386 καὶ
472 2335 687 2401 Πατρὸς
717 2331 856 2387 εἶναι
895 2337 1103 2392 οὐσίαν.
1141 2357 1159 2388 i
1218 2339 1341 2402 Πώς
1369 2339 1542 2393 ταῦτα
1575 2357 1632 2392 σε
1666 2343 1758 2394 τὸν

171 2430 496 2495 σοφώτατον
533 2430 693 2480 ἔλαθε
730 2445 745 2491 ;
782 2431 905 2492 Πῶς
940 2431 1032 2482 τὸν
1074 2431 1505 2500 Ἀριστοτελικόν
1539 2449 1620 2497 σε,
1661 2436 1758 2488 καὶ

173 2522 432 2588 μεγάλως
471 2521 724 2574 Πλάτωνι
764 2523 1205 2591 ὲγκαυχὼμενον,
1240 2526 1471 2580 συνιδεῖν
1499 2528 1598 2580 οὐκ
1634 2531 1756 2595 ἐγέ-

170 2632 311 2673 νετο.
345 2617 504 2675 ὅπως
539 2615 780 2684 ἀγχόνην
811 2615 982 2668 ταῦτα
1011 2616 1185 2683 λέγων
1212 2620 1426 2688 σεαυτῷ
1448 2620 1691 2685 πλέκεις.
1721 2622 1754 2692 ἢ

172 2708 326 2777 ξίφος
356 2708 502 2776 πρὸς
545 2708 644 2776 τὴν
671 2709 780 2760 τῶν
817 2709 1034 2761 οἰκείων
1076 2709 1329 2775 ἑγκάτιυν
1371 2710 1597 2780 ἔκχυσιν
1628 2716 1757 2783 χαλ-

171 2804 472 2866 ιουργεῖςς
520 2801 711 2853 Ἀτινα
745 2801 810 2869 δὴ
840 2801 908 2852 τὰ
941 2801 1145 2867 ἔγκατα
1173 2801 1344 2855 ταῦτα
1374 2801 1754 2874 ὑποληπτέονς

171 2889 329 2945 Εἶναι
358 2893 418 2945 δὲ
449 2891 624 2944 ταῦτα
663 2888 815 2960 οἶμαι
847 2895 944 2961 τῆς
993 2892 1093 2961 σῆς
1133 2896 1329 2962 φρενὸς
1366 2897 1434 2949 τὰ
1471 2897 1756 2951 δυσέλικτα

172 2984 266 3038 καὶ
301 2985 492 3055 πλήρη
525 2987 768 3054 κόπρου,
831 2986 928 3052 τῆς
975 2989 1261 3054 αἱρετικῆς
1302 2987 1565 3052 δυσωδίας
1612 2989 1757 3058 λέγω

170 3077 541 3145 διανοήματα.
577 3080 645 3131 Ἦ
684 3083 794 3147 γὰρ
823 3079 974 3132 οὐδὲν
1015 3075 1155 3132 εἷναι
1192 3081 1397 3134 ἄτοπον
1427 3083 1751 3148 ἀποδείξεις,

1861 582 1998 636 Filio
2033 585 2516 640 consubstantialis
2532 594 2636 649 est,
2677 596 2960 656 propterea
2993 595 3046 640 et
3073 589 3431 655 producendi,

1857 685 1909 727 et
1938 677 2229 743 procedere
2261 676 2492 730 faciendi
2531 687 2855 748 potestatem
2902 680 3122 745 habere,
3160 681 3435 748 quomodo

1859 781 1966 818 iioii
1995 767 2269 834 agnoscis,
2304 776 2450 822 tuam
2485 778 2733 825 astruere
2755 770 3157 835 refutationem,
3178 780 3230 823 et
3257 773 3434 839 palam

1858 866 1911 910 te
1967 859 2162 929 laqueo
2207 861 2504 926 involvere,
2550 879 2673 917 cum
2705 865 2883 917 simile
2923 864 3130 917 dictum
3163 865 3434 932 interpre-

1859 958 1979 1003 tans
2026 960 2101 1015 tu,
2141 969 2158 1002 ι
2190 953 2326 1006 bene
2379 953 2572 1022 pieque
2637 955 2932 1018 enuntiari,
2981 974 2999 1006 i
3061 957 3434 1017 asseveralias,

1864 1060 1882 1093 ι
1917 1044 2059 1111 quod
2094 1059 2158 1098 ex
2194 1043 2370 1098 Patris
2399 1047 2635 1099 essentia
2685 1048 2907 1112 dicitur,
2931 1063 2997 1102 ex
3030 1050 3267 1102 essentia
3299 1066 3437 1116 quo-

1855 1149 1964 1204 que
2005 1133 2124 1187 Filii
2149 1136 2278 1198 dici,
2307 1152 2415 1189 una
2441 1138 2710 1204 siquidem
2743 1147 2847 1192 est.
2889 1158 2906 1190 i
2945 1138 3129 1194 Potest
3165 1139 3434 1208 siquidem

1856 1226 2167 1296 quicunque
2185 1229 2278 1281 tibi
2296 1229 2666 1282 contradicere
2687 1239 2940 1293 conatur,
2962 1246 3226 1294 asserere,
3245 1247 3439 1300 quein-

1856 1319 2182 1384 admodum,
2227 1336 2260 1373 ο
2289 1320 2485 1390 Cyprie
2506 1361 2522 1384 ,
2555 1323 2648 1390 qui
2677 1324 2862 1377 omnia
2889 1323 3058 1378 audes
3079 1365 3094 1386 ,
3127 1326 3261 1381 ratio
3304 1339 3441 1377 coii-

1856 1411 2330 1466 substantialitatis
2369 1412 2609 1481 Spiritus
2664 1429 2790 1482 erga
2847 1414 3065 1468 Patrem
3131 1427 3183 1469 et
3239 1415 3436 1468 Filium

1857 1512 2116 1576 postulat,
2151 1507 2229 1560 sic
2254 1508 2396 1560 enim
2441 1494 2714 1572 decernis,
2768 1517 2825 1560 ut
2878 1506 3114 1578 Spiritus
3153 1508 3438 1577 producat,

1855 1609 1909 1652 et
1933 1601 2223 1667 procedere
2257 1599 2438 1660 faciat,
2467 1600 2510 1653 si
2545 1601 2666 1665 quis
2712 1601 2918 1655 dictum
2955 1617 3065 1670 quo
3089 1603 3338 1661 traditur.
3375 1615 3439 1656 ex

1855 1690 2090 1744 essentia
2114 1689 2291 1743 Patris
2311 1699 2365 1744 et
2397 1689 2517 1742 Filii
2555 1690 2817 1759 Spiritum
2842 1707 2984 1749 esse.
3017 1706 3240 1744 causam
3267 1693 3442 1750 deno-

1859 1790 1974 1834 tare
2032 1781 2351 1845 contendat,
2405 1782 2520 1850 pari
2582 1781 2741 1833 modo
2797 1782 3041 1848 ejusdem
3074 1783 3442 1836 consubstan-

1862 1871 2104 1926 tialitatis
2170 1873 2334 1936 ratio,
2388 1873 2700 1925 necessario
2755 1873 3017 1942 requiret,
3074 1889 3136 1927 ex
3183 1890 3285 1927 sua
3319 1889 3442 1928 esse

1859 1966 2094 2019 essentia
2131 1965 2417 2033 Spiritum,
2452 1965 2498 2018 si
2529 1975 2582 2018 ut
2628 1975 2682 2018 tu
2719 1965 3026 2033 prodigiose
3063 1966 3240 2033 lingis,
3268 1988 3282 2015 i
3306 1969 3442 2021 bene

1859 2058 2072 2126 pieque,
2099 2073 2162 2110 ex
2187 2057 2425 2111 essentia
2458 2055 2578 2110 Filii
2613 2057 2740 2118 dici,
2774 2057 2865 2125 qui
2897 2074 2959 2109 ex
3001 2056 3179 2110 Panis
3205 2061 3441 2112 essentia

1858 2150 2124 2203 astruitur
2184 2147 2416 2217 Spiiitns
2479 2157 2725 2209 sanctus,
2786 2150 2930 2214 quod
2986 2165 3090 2203 una
3159 2149 3332 2203 Pati-is
3388 2162 3443 2204 ιιι

1858 2243 1980 2296 Filii
2011 2243 2246 2298 essentia
2274 2252 2379 2298 est.
2421 2261 2438 2293 i
2467 2241 2755 2307 Qiimnodo
2796 2253 2870 2306 te,
2907 2243 3000 2311 qui
3036 2244 3193 2310 pleno
3224 2255 3442 2312 pet-tore

1857 2335 2024 2404 Sapis,
2059 2336 2171 2388 haec
2198 2336 2445 2389 latuere?
2475 2336 2789 2401 Quomodo,
2820 2340 2912 2406 qui
2943 2340 3291 2393 Aristotelem
3331 2341 3443 2408 spio

1859 2442 1969 2488 ras,
2023 2436 2078 2481 et
2128 2444 2386 2496 magnum
2447 2429 2523 2481 tui
2596 2429 2796 2483 fastum
2835 2429 2887 2483 in
2923 2428 3145 2483 Platone
3178 2430 3441 2488 collocas.

1855 2535 2191 2590 cognoscere
2243 2536 2350 2574 non
2412 2521 2657 2589 potuisti,
2713 2523 2965 2590 laqiieiiiii
3015 2523 3107 2575 tibi
3151 2522 3436 2590 adaptaro,

1855 2623 1908 2666 et
1937 2628 2149 2677 ensem,
2186 2614 2248 2666 ad
2283 2622 2502 2666 tuorum
2551 2614 2822 2668 viscerum
2874 2613 3196 2668 effusionem
3233 2630 3446 2683 pra-pii-

1857 2707 2016 2760 rare?
2039 2705 2171 2771 Quae
2210 2707 2418 2760 viscera
2455 2722 2562 2758 oon
2589 2707 2692 2760 alia
2725 2721 2846 2760 esse
2874 2707 3302 2760 existimandum
3338 2715 3443 2768 est,

1854 2814 2016 2866 quam
2081 2807 2188 2851 tua:
2243 2797 2441 2852 mentis
2496 2797 2832 2852 circumactu
2877 2797 3161 2858 difficiles,
3207 2808 3262 2852 et
3316 2799 3445 2852 timo

1857 2890 2104 2956 refertas,
2139 2890 2374 2944 haeretici
2407 2891 2620 2945 scilici-t
2650 2892 2860 2958 putoris
2885 2907 3048 2959 grave
3071 2892 3282 2947 olentes
3314 2908 3444 2946 sen-

1861 2984 2078 3037 tentias.
2134 2981 2379 3052 Namque
2431 2984 2474 3037 si
2520 2983 2729 3036 nullum
2759 3000 2878 3039 esse
2909 2983 3207 3037 alisurdniii
3252 2995 3444 3037 osten-

1856 3076 2029 3137 deris,
2073 3083 2132 3126 ut
2181 3073 2370 3126 eadem
2413 3085 2676 3142 repetant.
2727 3075 2819 3141 qui
2864 3089 2927 3126 ex
2983 3074 3160 3127 Patiis
3203 3082 3256 3126 ιιι
3322 3072 3442 3125 Filii

172 3171 246 3233 ὡς
291 3173 364 3224 ἂν
409 3172 624 3239 εῐποιμι
662 3172 732 3223 τὰ
774 3172 933 3236 αὐτὰ,
963 3173 1021 3224 τὸ
1053 3175 1116 3225 ἐκ
1146 3173 1243 3240 τῆς
1273 3174 1368 3226 τοῦ
1412 3176 1624 3245 Πατρός
1661 3180 1758 3229 καὶ

1861 3167 2099 3222 essentia
2126 3166 2330 3220 dicitur
2377 3167 2631 3235 Spiritus,
2664 3167 2826 3221 etiam
2865 3182 2926 3219 ex
2962 3166 3045 3220 sui
3087 3165 3386 3234 ipsiusdici
3430 3183 3441 3216 :

175 3263 306 3315 Υὶοῦ
356 3263 658 3330 λεγόμενον
706 3263 931 3331 Πνεῦμα
959 3266 1169 3331 οὐσίας,
1199 3270 1294 3320 καὶ
1333 3269 1398 3318 ὲκ
1431 3269 1526 3336 τῆς
1560 3270 1758 3324 ἑαυτοῦ

173 3352 437 3418 λέγεσθαι
467 3369 480 3380 ·
532 3353 726 3422 φθάνει
785 3355 893 3422 γὰρ
947 3355 1014 3407 ἂν
1039 3355 1213 3418 οὕτως
1245 3359 1638 3426 ἀναμφιϐόλως
1671 3360 1762 3412 διὰ

174 3446 233 3495 τὸ
261 3447 477 3512 ἀμφοῖν
508 3445 816 3514 όμοούσιον,
843 3447 916 3506 ὡς
935 3448 1094 3509 αὐτὸς
1125 3447 1293 3517 ἐξηγῇ
1321 3451 1420 3518 τὴν
1455 3449 1614 3520 ῥῆσιν
1649 3454 1762 3513 τοῖς

175 3539 361 3603 ἁγίοις
388 3537 650 3606 εἰρῆσθαι
683 3556 702 3574 ο
731 3542 826 3591 καὶ
851 3541 914 3592 σὺ
948 3540 1126 3600 καλῶς
1157 3543 1397 3610 ἐλέγχων
1423 3545 1723 3613 ἀποδειχθή
1741 3573 1761 3584 ο

178 3647 247 3700 σῃ
285 3633 419 3692 τοὺς
477 3634 556 3691 εἰς
583 3632 674 3683 τὸν
712 3635 810 3701 τῆς
843 3634 1021 3694 αίτίας
1058 3635 1216 3700 ὶόγον
1269 3636 1442 3702 αὐτὴν
1487 3638 1762 3703 ἐκλαμσα-

177 3739 374 3784 νοντας
408 3739 422 3750 ·
459 3723 493 3791 ἢ
531 3723 629 3775 ἐὰν
655 3725 690 3792 ἡ
719 3723 851 3790 παρ’
879 3725 1037 3792 ἡμῶν
1075 3725 1456 3794 ἀπαιτουμένη
1486 3728 1763 3793 ἀπόδειξις

177 3817 286 3866 ἀπὸ
337 3814 433 3866 σοῦ
486 3813 746 3874 ἀδύνατος
785 3815 1117 3884 ὁμολογηθῇ.
1171 3817 1542 3883 ἁναμφίὸοὶον
1600 3818 1762 3878 αὐτὸς

179 3908 363 3974 ἑαυτῷ
388 3907 616 3974 ἀρτύεις
649 3907 741 3958 τὸν
770 3907 1017 3974 ἔλεγχον,
1059 3907 1152 3957 νῦν
1194 3908 1292 3974 μὲν
1319 3908 1394 3968 ὡς
1428 3908 1515 3958 ἐπ’
1551 3910 1763 3977 ἐλέγχῳ

177 3999 344 4066 δῆθεν
377 4001 490 4049 τῶν
523 4002 604 4060 είς
633 3999 722 4050 τὸν
747 4001 843 4065 τῆς
890 3999 1066 4060 αἰτίας
1115 4000 1275 4064 λόγον
1301 4000 1764 4066 ἐκλαμὸανόντων

176 4093 276 4158 τὴν
308 4092 492 4158 ῥῆσιν,
528 4089 845 4141 ἀκολουθεῖν
879 4088 939 4152 ἐξ
973 4092 1219 4157 ἀνάγκης
1257 4091 1656 4159 διατεινόμενος
1677 4093 1766 4145 διὰ

179 4181 280 4248 τὴν
315 4181 452 4248 πρὸς
484 4179 700 4249 Πατέρα
731 4181 964 4232 καὶὶὶὸν
995 4181 1087 4232 τοῦ
1123 4181 1443 4250 Πνεύματος
1477 4184 1766 4250 ὀμοουσιόο

177 4287 344 4338 τητα,
379 4271 476 4322 καὶ
506 4270 641 4322 αὐτὸ
667 4271 814 4339 δήτὸ
846 4270 1069 4340 Πνεῦμα
1103 4275 1468 4343 προδλητικὸν
1495 4272 1639 4328 εἶναι
1673 4278 1767 4328 καὶ

179 4363 589 4430 ἐκπορευτικόν
620 4379 634 4394 ·
675 4362 768 4415 νῦν
797 4363 852 4414 δὲ
883 4363 971 4416 διὰ
1006 4366 1066 4416 τὸ
1094 4366 1229 4434 πρὸς
1261 4370 1354 4417 τὸν
1401 4368 1624 4436 Πατέρα
1669 4369 1764 4421 τοῦ

181 4451 312 4504 ἰ’ἱοῦ
343 4452 641 4520 ὁμοούσιον
679 4453 781 4522 τὴν
809 4453 1070 4522 τοιαύτην
1105 4457 1264 4523 ῥῆσιν
1299 4457 1399 4523 τῆς
1428 4458 1606 4521 ἁγίοις
1637 4459 1762 4526 δογ-

1863 3262 2114 3325 sequitur
2168 3259 2311 3313 enini
2384 3261 2592 3329 absque
2657 3261 2763 3312 ulla
2826 3259 3165 3313 haesitatione
3225 3270 3446 3326 propter

1864 3351 2152 3418 utriusque
2200 3351 2447 3405 eamdem
2510 3365 2787 3418 unamque
2857 3359 3188 3412 essentiam,
3254 3349 3334 3401 sic
3389 3362 3444 3400 ιιι

1862 3443 2145 3498 contendis
2209 3450 2429 3497 sanctos
2459 3442 2842 3511 intelligendos
2889 3455 3046 3504 esse,
3106 3451 3157 3494 ct
3199 3451 3251 3493 tu
3303 3450 3431 3492 rect:

1864 3533 2112 3588 refellere
2141 3539 2474 3604 repiitareris
2498 3551 2619 3601 eos,
2655 3537 2749 3605 qui
2784 3535 2992 3589 ratione
3018 3551 3198 3590 causa-
3220 3537 3271 3587 id
3300 3535 3434 3588 arei-

1863 3633 2042 3698 piuut.
2075 3643 2170 3683 aut
2205 3632 2248 3683 si
2297 3648 2419 3698 quae
2463 3648 2489 3682 α
2528 3631 2688 3684 uoltis
2715 3632 3032 3700 exponitur
3063 3646 3092 3683 α
3132 3639 3180 3682 te
3215 3629 3445 3682 dem-

1865 3721 2060 3772 stratio
2092 3722 2452 3789 impossibilis
2501 3721 2778 3784 aﬂeratur,
2820 3707 3022 3775 certam
3079 3723 3446 3790 tiiiiiietipsiiis

1867 3821 1921 3862 tu
1959 3811 2340 3866 refutationem
2369 3815 2603 3875 ordiris;
2654 3830 2799 3868 nunc
2863 3817 3081 3882 quidem
3138 3826 3188 3865 ιιι
3230 3832 3322 3862 ειυς
3363 3831 3442 3864 re-

1867 3903 2043 3967 fellas,
2103 3905 2198 3973 qui
2257 3906 2458 3958 dictam
2519 3922 2739 3961 causam
2794 3918 3092 3959 conuolare
3145 3908 3441 3962 :il'i'iriiiant.

1867 3995 1995 4046 diiui
2028 3997 2334 4049 necessario
2365 3999 2623 4066 consequi
2662 4000 2968 4057 contendis,
3015 4011 3234 4068 propter
3281 4013 3446 4050 unam

1867 4087 2226 4154 eamdemque
2284 4105 2408 4156 erga
2476 4088 2689 4141 Patri-iri
2751 4101 2802 4142 et
2855 4089 3052 4142 Filium
3124 4089 3441 4148 essentiam,

1867 4180 2115 4232 eumdeiit
2169 4178 2332 4231 etiam
2365 4181 2628 4247 Spiritum
2680 4181 3036 4248 producendi,
3069 4191 3121 4233 et
3155 4170 3446 4246 procedere

1867 4267 2098 4329 faciendi
2143 4268 2456 4323 facultatem
2493 4272 2740 4324 obtinere
2769 4291 2782 4324 :
2812 4287 2957 4324 nunc
2989 4287 3112 4322 vero
3149 4270 3277 4322 dum
3324 4285 3447 4336 pro-

1869 4373 1985 4427 pter
2042 4363 2287 4415 eanidein
2339 4361 2458 4414 Filii
2500 4379 2624 4430 erga
2683 4365 2896 4416 Patrem
2950 4362 3308 4416 substantiam
3341 4362 3444 4414 tale

1869 4455 2072 4508 dictum
2138 4471 2165 4506 a
2224 4454 2476 4509 Patribns
2533 4456 2794 4507 traditum
2852 4455 3174 4516 deet-ruens,
3213 4463 3407 4520 etquo

180 4544 432 4611 ματίζων
471 4545 750 4612 εἰρῆσθαι,
804 4545 898 4597 καὶ
942 4546 1004 4597 τὸ
1041 4548 1182 4598 κατὰ
1226 4547 1325 4616 τὴν
1370 4551 1471 4618 σὴν
1501 4549 1659 4613 δόξαν
1683 4553 1759 4602 ἐν-

1872 4547 2016 4608 inde,
2046 4558 2104 4598 ut
2132 4556 2187 4599 tu
2219 4547 2484 4614 opinaris,
2510 4547 2820 4600 necessario
2861 4546 3296 4600 concludendum
3330 4561 3417 4597 era

179 4634 372 4688 τεῦθεν
403 4636 619 4700 ὀφεῖλον
651 4637 977 4702 συνάγεσθαι
1013 4641 1269 4702 συνάγειν
1293 4641 1592 4695 ἀδυνατῶν.
1644 4643 1763 4695 Ἀλ-

178 4728 243 4780 id
300 4729 366 4780 σὺ
423 4729 546 4796 μὲν,
577 4729 651 4788 ὡς
701 4729 1112 4798 ἀπαρνούμενος
1144 4731 1237 4782 τὸν
1268 4732 1410 4783 κατὰ
1459 4734 1556 4800 τῆς
1585 4733 1766 4795 αἰτίας

178 4823 338 4888 λόγον
363 4825 480 4883 τοῖς
512 4821 786 4888 θεολόγοις
819 4823 976 4891 ἡμῶν
1011 4824 1294 4892 Πατράσιν
1339 4825 1399 4875 ἐκ
1444 4825 1542 4892 τῆς
1575 4826 1765 4888 οὐσίας

179 4915 397 4982 Πατρὸς
442 4915 540 4964 καὶ
582 4914 710 4966 Υἱοῦ
758 4914 818 4965 τὸ
865 4915 1087 4982 Πνεῦμα
1131 4915 1524 4982 θεολογεῖσθαι,
1575 4917 1764 4980 ἔλαθες

178 5009 323 5060 οὕτω
358 5008 452 5059 διὰ
503 5007 604 5070 τῆς
637 5007 1073 5074 παρεξηγήσεως
1125 5008 1279 5074 ξίφος
1339 5008 1418 5076 τῷ
1453 5011 1764 5078 βουλομένῳ

181 5116 262 5150 σοι
314 5098 630 5164 ἀντιλέγειν
679 5095 1002 5168 ἐγχειρίζων
1055 5098 1177 5151 καθ’
1213 5097 1447 5150 ἑαυτοῦο
1494 5098 1558 5150 ’Π
1587 5097 1693 5162 αἲξ,
1737 5100 1765 5151 ὁ

180 5206 345 5256 φησιν
378 5191 413 5257 ἡ
449 5188 742 5257 παροιμία,
762 5190 863 5258 τὴν
889 5190 1188 5258 μάχαιραν.

242 5282 286 5332 δ’
335 5282 534 5349 Ἡμεῖς
566 5280 620 5332 δὲ
650 5281 878 5348 πρώτην
913 5281 1024 5333 ίδοὺ
1054 5281 1262 5352 ταύτην
1315 5285 1592 5349 ἀπόδειξιν
1659 5285 1757 5338 τοῦ

182 5372 548 5438 περιπίπτειν
579 5370 807 5422 σεαυτὸν
851 5371 1032 5439 ἑαυτῷ
1090 5373 1214 5426 καθ’
1243 5373 1304 5427 ἓν
1324 5374 1487 5428 τοῦτο
1517 5378 1763 5440 διανοίας

184 5463 349 5531 μέρος
382 5461 592 5513 οὑτωσὶ
622 5463 828 5512 ἀτόπου
861 5463 986 5522 ταῖς
1041 5463 1575 5532 προαναταχθείσαις
1628 5467 1763 5535 ἡμῖν

181 5552 274 5604 τοῦ
307 5552 404 5604 σοῦ
441 5551 612 5620 τόμον
643 5553 976 5620 περικοπαίς
1019 5553 1371 5622 ἐγκειμένης,
1433 5555 1634 5619 καλῶς,
1687 5556 1763 5619 ὡς

186 5642 360 5712 οἶμαι,
388 5648 488 5696 καὶ
514 5646 660 5697 πάνυ
703 5646 1063 5716 ποιησάμενοι
1091 5647 1359 5717 ἀκριϐῶς,
1399 5649 1668 5717 γινόμεθα
1695 5649 1762 5719 δὴ

185 5737 323 5788 κατὰ
357 5736 462 5805 τὴν
488 5736 830 5802 ἐπαγγελίαν
856 5737 948 5788 καὶ
991 5737 1127 5806 πρὸς
1184 5737 1265 5808 τῷ
1301 5738 1472 5804 δείξαι
1522 5740 1671 5802 ὅπως
1729 5742 1760 5808 ή

185 5845 247 5880 εκ
279 5827 376 5890 τῆς
409 5828 605 5889 οὐσίας
650 5828 743 5883 τοῦ
778 5823 989 5891 Πατιὸς
1022 5833 1115 5886 καὶ
1152 5830 1277 5884 Υίοῦ
1315 5825 1454 5886 εἶναι
1498 5831 1558 5886 τὸ
1591 5831 1758 5885 Ilva-3-

1868 4639 2194 4692 courludei'e
2259 4654 2364 4690 non
2412 4641 2577 4690 vales.
2632 4642 2701 4690 At
2748 4648 2804 4690 tu
2874 4653 3098 4706 negans,
3141 4637 3438 4689 secundum

1867 4745 2047 4782 causa:
2090 4730 2358 4781 rationein
2421 4747 2450 4781 a
2509 4730 2774 4796 theologis
2817 4730 3021 4780 nostris
3056 4727 3312 4780 Patrilitis
3378 4746 3441 4780 ex

1866 4821 2099 4874 essentia
2131 4821 2302 4874 l’atris
2329 4829 2379 4873 et
2417 4820 2536 4872 Filii
2557 4819 2819 4887 Spiritum
2848 4821 3090 4881 deem-iii,
3125 4835 3229 4871 noii
3263 4821 3441 4871 vidisti

1869 4929 1962 4980 per
1997 4915 2134 4966 liaiic
2163 4926 2311 4967 tiiaiii
2351 4914 2652 4982 iiitprobain
2704 4913 3206 4981 interpretationem
3258 4928 3442 4964 ensem

1867 5014 2054 5058 contra
2080 5015 2129 5058 te
2162 5005 2337 5072 ipsum
2368 5005 2627 5060 exhibere
2651 5006 2972 5072 cuicumque
3000 5004 3094 5056 tibi
3119 5003 3443 5057 adversandi

1867 5101 1919 5152 iii
1953 5101 2138 5152 aiiiiiio
2161 5110 2266 5154 est.
2292 5099 2489 5168 Capra,
2526 5110 2582 5153 ut
2605 5102 2894 5169 proverbio
2921 5100 3134 5164 teritur,
3179 5099 3441 5167 gladium.

1938 5286 1989 5338 4.
2046 5284 2155 5337 Nos
2182 5299 2342 5351 porro
2381 5288 2553 5352 prima
2612 5284 2713 5336 lizic
2740 5283 3225 5342 demonstratione,
3265 5293 3314 5334 te
3346 5280 3440 5334 tibi

1869 5377 1968 5445 ipsi
2015 5377 2287 5428 conti-aria
2327 5391 2596 5436 asserere,
2633 5375 2685 5427 in
2722 5375 2824 5427 liae
2865 5374 3130 5427 sententia
3171 5374 3307 5427 adeo
3348 5377 3444 5426 aii-

1867 5469 2055 5532 surila,
2079 5483 2198 5535 qua:
2249 5467 2300 5519 iii
2334 5482 2496 5534 supra
2523 5481 2618 5534 per
2645 5482 2745 5518 nos
2775 5465 2952 5517 allatis
2999 5464 3076 5516 tui
3113 5465 3244 5516 tomi
3303 5465 3443 5532 peri-

1865 5557 2018 5624 eopis
2049 5557 2381 5618 continetur,
2413 5557 2579 5621 probe
2619 5565 2671 5608 et
2694 5565 2898 5617 exacte,
2942 5553 3234 5623 utopinor.
3283 5555 3443 5607 abso-

1867 5649 2000 5710 luta,
2041 5649 2400 5709 accedamus,
2432 5657 2490 5700 ut
2520 5649 2891 5716 promisimus,
2945 5645 3010 5698 ad
3044 5645 3442 5700 ostendendum

1865 5741 2091 5802 dictum,
2144 5738 2288 5806 quod
2339 5753 2404 5791 ex
2461 5737 2701 5792 essentia
2726 5735 2903 5790 Patris
2933 5743 2986 5787 et
3027 5733 3144 5787 Filii
3177 5736 3441 5803 Spiritum

1867 5846 1988 5887 esse
2021 5830 2244 5888 fatetur.
2295 5828 2595 5884 secundum
2629 5841 2805 5882 causa:
2838 5825 3100 5880 rationein
3137 5839 3165 5878 a
3189 5822 3441 5881 Patribiis
