4210 6440
734 314 838 376 343

1752 315 1965 375 JOAN.
2008 312 2221 375 VECCI
2261 314 2371 372 (ΣΡ.
2411 313 2919 374 PATRIABCH/E

3867 304 3987 367 344

738 426 938 481 nostris
968 427 1139 494 accipi
1177 446 1189 479 :
1228 444 1323 486 nec
1362 429 1483 481 inde
1519 429 1625 481 ullo
1659 430 1817 481 modo
1847 428 2155 482 necessario
2176 442 2305 481 eon-

2419 446 2487 497 μα
2515 428 2844 497 θεολογοῦσα
2879 429 3035 500 ῥῆσις
3056 428 3196 481 κατὰ
3229 428 3317 479 τὸν
3350 425 3448 496 τῆς
3471 424 3654 485 αίτὶας
3684 424 3843 489 λόγον
3868 426 3994 482 τοῖς

737 518 913 584 Sequi,
970 525 1188 585 propter
1237 520 1480 571 eamdem
1554 534 2002 588 unamquemum
2052 520 2212 573 Patre
2254 529 2308 574 et

736 606 875 660 Filio
908 608 1146 677 Spiritus
1176 612 1488 676 essentiam,
1538 612 1711 680 ipsum
1778 626 1993 679 quoque
2043 608 2306 680 Spiritum

736 700 1090 768 producendi,
1125 710 1177 756 et
1208 704 1497 771 procedere
1549 702 1780 757 faciendi
1835 701 2148 755 facultatem
2207 701 2308 754 ba-

738 780 884 844 Iie're.
916 791 993 844 Tu
1013 807 1164 858 vero,
1196 793 1261 847 ad
1288 808 1447 859 quem
1464 808 1581 846 mea
1615 794 1730 847 haec
1757 792 1931 846 oratio
1947 791 2307 855 convenitur,

734 884 979 941 dicendis
1029 894 1263 938 mentem
1313 886 1543 952 applica.
1591 884 1692 950 Qui
1733 884 1995 954 Spiritum
2019 901 2084 938 ex
2120 899 2312 938 essen-

738 980 1014 1034 tiaPatris
1054 990 1106 1032 et
1138 980 1255 1033 Filii
1316 981 1443 1034 fassi
1480 990 1626 1044 Sunl,
1677 997 1781 1035 non
1825 984 1890 1037 ad
1920 996 2108 1034 eorum
2145 997 2309 1035 unam

732 1072 1088 1139 eamdemque
1126 1071 1445 1138 simpliciter
1486 1073 1776 1127 essentiam
1826 1074 2197 1141 respicientes,
2232 1074 2315 1127 di-

732 1170 877 1215 etum
911 1162 1283 1216 ennntiarunt.
1301 1162 1437 1216 Tum
1455 1162 1596 1216 enim
1626 1163 1830 1217 nullum
1853 1172 1997 1219 esSet
2015 1163 2312 1217 absurdum

732 1253 935 1315 dicere,
977 1252 1236 1321 Spiritum
1268 1270 1332 1307 ex
1368 1270 1519 1308 suam
1540 1264 1594 1309 et
1618 1256 1788 1324 ipsius
1814 1258 2049 1311 essentia
2066 1272 2207 1319 esse,
2222 1257 2313 1311 sed

733 1355 797 1391 ex
824 1340 976 1392 Patre
993 1341 1311 1410 periFillium
1331 1342 1586 1410 Spiritttm
1606 1345 1978 1402 decernentes.
2005 1346 2071 1397 ad
2091 1344 2315 1399 demon-

734 1436 1008 1486 strandam
1043 1449 1103 1485 ex
1128 1433 1285 1487 Patre
1314 1435 1542 1487 duorum
1564 1434 1757 1488 horum
1788 1446 2134 1490 causatorum
2164 1436 2318 1490 diffe-

733 1534 939 1576 rentem
974 1526 1432 1592 progressionem.
1475 1525 1537 1579 Et
1572 1526 1733 1593 hujus
1766 1527 1840 1580 rei
1872 1528 2000 1581 mihi
2040 1526 2317 1598 Nyssenus

736 1616 983 1669 sine'nlla
1017 1620 1334 1685 exceptione
1376 1618 1529 1672 testis
1557 1630 1660 1672 est.
1697 1619 1830 1672 Cum
1878 1622 1944 1673 de
1993 1620 2162 1674 sancti
2192 1619 2317 1689 Spi-

735 1704 873 1758 ritus
899 1722 962 1759 ex
1007 1708 1166 1762 Patre
1202 1724 1295 1775 per
1328 1706 1524 1763 Fiiium
1553 1708 1891 1771 etsistentia,
1917 1711 2026 1763 imo
2051 1711 2212 1764 etiam
2246 1724 2312 1764 ex

737 1805 989 1860 utroque.
1057 1815 1221 1853 nemo
1262 1810 1408 1854 esset
1463 1802 1553 1867 qui
1613 1802 1988 1855 contradicere
2036 1801 2309 1855 auderet:
2347 1781 2389 1836 Β

739 1903 843 1941 non
898 1890 1036 1956 apud
1091 1906 1279 1946 omnes
1334 1893 1385 1946 iu
1418 1894 1666 1949 eulifesso
1710 1906 1845 1957 erat,
1905 1912 1971 1950 ex
2005 1895 2163 1950 Patre
2219 1912 2313 1963 per

734 1977 957 2043 Filium,
988 1990 1041 2033 et
1080 1997 1144 2035 ex
1190 1995 1421 2051 utroque
1443 2002 1586 2041 esse.
1627 1988 1771 2041 nulla
1844 1988 1895 2041 in
1946 2002 2005 2042 re
2053 1988 2312 2054 differre;

736 2083 900 2121 omne
933 2069 1034 2123 sibi
1085 2082 1359 2127 certamen
1411 2076 1765 2130 instituerant
1816 2076 2005 2131 Patres
2052 2079 2315 2133 adversus

735 2176 852 2217 eos.
891 2162 983 2229 qui
1024 2163 1287 2229 Spiritum
1322 2177 1628 2221 erraturam
1655 2184 1777 2224 esse.
1812 2169 2231 2231 contendebant,
2255 2178 2317 2223 ut

738 2269 929 2306 eorum
956 2269 1018 2308 os
1050 2258 1420 2316 obstruerent.
1445 2270 1491 2312 et
1520 2258 1911 2328 blasphemiam
1926 2263 2314 2325 convellerent,

737 2358 800 2399 ex
838 2350 1560 2414 utroqueeonsubstantiale
1615 2363 1899 2407 causatum
1943 2352 2178 2422 Spiritus
2235 2354 2319 2407 in-

739 2435 924 2490 diCare
950 2442 1215 2503 volentes,
1252 2456 1317 2496 ex
1371 2446 1604 2498 essentia
1637 2444 1814 2499 Patris
1873 2456 1923 2499 et
1987 2446 2105 2501 Filii
2157 2447 2318 2502 dictis

739 2531 1058 2599 tlteologicis
1099 2533 1443 2588 addiderunt.
1492 2535 1556 2590 Et
1633 2537 1919 2593 considera
1984 2551 2039 2593 tu
2097 2540 2315 2594 interim

738 2627 1019 2683 quomodo
1056 2625 1179 2677 hinc
1235 2628 1614 2695 promissionis
1652 2639 1851 2685 nostra:
1895 2631 2017 2686 ﬁnis
2084 2634 2318 2703 irrepre-

741 2716 948 2767 liensits
996 2717 1258 2769 succedit.
1303 2716 1439 2770 Cum
1472 2720 1616 2773 enim
1652 2738 1717 2773 ex
1758 2719 1918 2775 Patre
1984 2738 2077 2791 per
2120 2723 2315 2778 Filium

738 2803 974 2876 Spiritus
995 2809 1167 2863 sancti
1186 2811 1558 2864 exsistentiam
1579 2823 1828 2868 astruens
1843 2814 2048 2869 dictum
2066 2816 2320 2871 diﬂ‘eren-

740 2909 844 2952 tem
893 2898 1131 2967 Spiritus
1193 2917 1413 2955 causam
1465 2905 1733 2972 exprimat
1771 2924 1784 2959 :
1831 2909 2036 2962 dictum
2078 2925 2205 2963 vero
2251 2926 2319 2964 ex

738 2994 970 3044 essentia
1012 2992 1186 3048 Patris
1215 3004 1267 3047 et
1296 2994 1418 3047 Filii
1447 2997 1621 3064 ipsum
1653 3014 1771 3052 esse
1823 3014 2095 3064 asserens,
2119 3000 2320 3055 indicet

2411 522 2697 591 Πατρασιν
2739 522 2898 590 ἡμῶν
2936 520 3229 590 ὲξελήφϐη·
3268 520 3361 570 καὶ
3386 518 3603 583 ἀνάγκη
3632 530 3716 576 τις
3752 512 3993 579 οὐδεμία

2409 614 2495 666 διὰ
2524 615 2584 666 τὸ
2619 615 2755 685 πρὸς
2779 614 2871 666 τὸν
2906 614 3124 682 Πατέρα
3156 612 3250 665 κα)⁸
3272 611 3364 663 τὸν
3398 610 3527 662 Υἰὺν
3560 606 3656 660 τοῦ
3721 604 3991 673 Πνεύμαο

2410 727 2503 770 τος
2535 707 2961 777 όμοούσιονοκαὶ
2987 706 3123 759 αὐτὸ
3168 705 3231 775 δὴ
3262 704 3322 755 τὸ
3364 702 3589 770 Πνεῦμα
3615 696 3995 770 προϐλτ,τικδν

2412 795 2553 853 εἶναι
2586 802 2679 851 καὶ
2712 797 3127 868 ἑκπορευτικόν.
3159 796 3233 848 Σὺ
3273 794 3329 847 δὲ
3359 793 3390 845 ὁ
3423 791 3560 862 πρὸς
3613 790 3674 842 ὃν
3736 792 3765 841 ὁ
3826 788 3997 853 λόγος

2412 892 2544 960 ἡμῖν
2570 894 2683 954 τοῖς
2713 890 3029 958 λεγομένοις
3067 886 3305 958 πρόσεχέ
3335 901 3427 954 μοι
3478 883 3569 935 τὸν
3593 880 3737 933 νοῦν.
3802 879 3868 932 Οἱ
3928 878 3999 928 τὸ

2414 984 2641 1052 Πνεῦμα
2671 983 2737 1035 ὲκ
2762 982 2860 1050 τῆς
2895 982 3085 1042 οὐσίας
3137 979 3351 1048 Πατρὸς
3386 980 3482 1029 καλ⁵
3517 972 3651 1027 Υἱοῦ
3694 968 3834 1028 εἶναι
3869 969 4001 1021 Θεο-

2414 1075 2765 1144 λογήσαντες,
2794 1072 2914 1142 οὐχὶ
2946 1072 3084 1140 πρὸς
3128 1071 3190 1122 τὸ
3246 1067 3428 1122 αὐτῶν
3472 1064 3662 1127 ἀπλῶς
3696 1062 4006 1131 ὁμοούσιον

2415 1165 2731 1236 ἀφορῶντες
2766 1164 2865 1232 τὴν
2897 1162 3056 1235 ῥῆσιν
3086 1161 3295 1229 ταύτην
3349 1158 3735 1223 ὲθεολόγησαν·
3789 1150 3825 1222 ἦ
3878 1152 3998 1219 γὰρ

2417 1257 2484 1310 ἂν
2507 1256 2661 1310 οὐδὲν
2690 1256 2893 1308 ἄτοπον
2921 1249 2989 1323 ἦν
3016 1253 3111 1306 καὶ
3138 1255 3203 1304 ὲκ
3242 1251 3343 1319 τῆς
3383 1249 3579 1301 ἑαυτοῦ
3621 1245 3877 1312 λέγεσθαι
3932 1243 4001 1293 re

2417 1351 2646 1420 Πνεῦμα
2681 1350 2893 1412 οὐσίας,
2928 1347 3044 1400 ἀλλ’
3081 1347 3145 1399 ἐκ
3180 1343 3396 1413 Πατρδς
3425 1341 3495 1396 δι’
3536 1338 3667 1393 Υἱοῦ
3700 1338 3759 1390 τὺ
3814 1334 4001 1387 Πνεῦο

2422 1462 2498 1515 μα
2538 1440 2921 1509 θεολογοῧντες
2944 1441 3025 1500 εἰς
3054 1439 3291 1508 δήλωσιν
3315 1435 3418 1505 τῆς
3452 1434 3516 1485 ὲκ
3549 1433 3761 1501 Πατρὸς
3792 1428 3993 1494 διαφό-

2422 1556 2515 1610 ρου
2549 1535 2780 1607 προόδου
2820 1534 2930 1586 τῶν
2965 1531 3061 1586 δύο
3086 1530 3294 1584 τούτων
3329 1525 3614 1580 αίτιατῶν·
3656 1523 3752 1576 καὶ.
3788 1522 3817 1572 ὁ
3846 1518 4001 1571 Νύσ-

2421 1648 2521 1700 σης
2551 1630 2758 1701 μάρτυς
2792 1644 2885 1696 μοι
2912 1624 3373 1694 ἀπαράγραπτος.
3409 1619 3565 1672 Ἐπεὶ
3593 1614 3730 1712 πρὸς
3764 1612 3865 1682 μὲν
3890 1610 4001 1712 τὴν

2421 1726 2485 1777 ὲκ
2510 1722 2724 1791 Πατρὸς
2774 1720 2843 1773 δι’
2899 1716 3033 1791 Υίοῦ
3089 1715 3327 1785 ὕπαρξιν
3375 1710 3472 1765 τοῦ
3535 1708 3855 1776 Πνεύματος
3899 1708 4005 1756 τοῦ

2418 1814 2576 1880 ἁγίου
2607 1789 2801 1864 οὐδένα
2832 1789 2979 1881 εἶχον
3013 1808 3106 1861 τὸν
3139 1804 3517 1871 ἀντιλέγοντα,
3555 1798 3673 1853 ἀλλ’
3704 1797 3825 1849 οὐδὲ
3857 1794 4007 1864 πρὸς

2418 1905 2479 1959 τὸ
2505 1903 2566 1969 ἐξ
2593 1904 2818 1973 ἁμῖφοῖψ
2863 1899 3062 1959 κοινῶς
3089 1898 3200 1968 γὰρ
3234 1895 3449 1950 ἅπασιν
3472 1891 3802 1961 ὡμολόγητο
3832 1886 3896 1939 τὸ
3931 1887 4007 1938 ὲκ

2417 1998 2632 2067 Πατρὸς
2669 1995 2737 2049 δι’
2766 1993 2898 2047 Υίοῦ
2935 1991 3106 2062 μηδὲν
3145 1989 3431 2058 διαφέρειν
3481 1986 3578 2038 τοῦ
3639 1982 3700 2048 ἐξ
3763 1982 4003 2049 ἀμφοῖν⁹

2418 2089 2598 2143 πάντα
2626 2088 2683 2141 δὲ
2713 2088 2803 2140 τὸν
2825 2085 3017 2154 ἀγῶνα
3054 2084 3195 2154 πρὸς
3230 2084 3359 2145 τοὺς
3382 2080 3592 2147 κτίσμα
3646 2076 3709 2131 τὸ
3766 2072 4007 2141 Πνεῦμα

2418 2182 2576 2251 ἆγιον
2610 2181 2868 2248 λέγοντας
2890 2175 3175 2232 ἐποιοῦντο
3215 2178 3293 2238 είς
3360 2170 3769 2241 ὲπιστομισμδν
3807 2166 4004 2221 αὐτῶν

2416 2256 2514 2328 καὶ
2558 2277 2654 2343 τῆς
2693 2272 2903 2326 ἑαυτῶν
2935 2270 3288 2341 βλασφημίας
3329 2265 3637 2334 ἀναίρεσινο
3676 2261 3821 2325 τὸέξ
3881 2260 4007 2327 ἀμ-

2418 2372 2539 2437 φοῖν
2599 2366 2891 2437 ὁμοούσιον
2928 2363 3174 2417 αίτιατδν
3222 2359 3318 2414 τοῦ
3377 2357 3699 2425 Πνεύματος
3757 2352 4010 2424 δηλῶσαι

2420 2463 2754 2535 βουλόμενοι,
2797 2461 2857 2513 τὸ
2880 2462 2943 2512 ὲκ
2962 2459 3062 2526 τῆς
3094 2457 3282 2518 οὐσίας
3310 2455 3525 2523 Πατρδς
3552 2454 3645 2505 καὶ
3669 2449 3800 2503 Υίοῦ
3829 2464 4005 2518 προσ-

2417 2554 2702 2608 τεθείκασι
2734 2554 2801 2622 τῇ
2833 2550 3108 2619 θεολογίᾳ.
3143 2547 3254 2600 Καὶ
3277 2546 3473 2598 σκόπει
3494 2542 3682 2595 λοιπὸν
3714 2541 3803 2605 σὺ,
3849 2540 4012 2597 ὅπως

2419 2646 2673 2699 ἐντεῦθεν
2703 2645 2764 2697 τὸ
2798 2644 2902 2709 τῆς
2930 2640 3269 2710 ἐπαγγελίας
3301 2636 3461 2708 ἡμῶν
3519 2633 3763 2688 ἐκϐαίνει
3822 2631 4011 2699 πέρας

2419 2739 2836 2807 ἀνεπιτίμητον.
2875 2735 3031 2789 Ἐπεὶ
3062 2734 3226 2804 γάρὴ
3254 2733 3354 2802 μὲν
3388 2731 3454 2783 ἐκ
3477 2728 3691 2797 Πατρὶς
3732 2724 3802 2777 δι’
3862 2720 4013 2774 Υίοῦ

2419 2830 2519 2898 τὴν
2552 2829 2643 2882 τοῦ
2697 2828 2972 2895 παναγίου
3028 2825 3346 2895 Πνεῦματος
3385 2820 3621 2891 ὓπαρξιν
3668 2815 4013 2883 θεολογοῦσα

2423 2923 2582 2992 ῥῆσις
2602 2922 2661 2973 τὸ
2703 2916 2837 2990 πρὸς
2870 2921 2963 2972 τὸν
2993 2917 3123 2972 Υίὸν
3144 2915 3403 2985 διάφορον
3436 2913 3528 2967 τοῦ
3575 2910 3895 2979 Πνεύματος
3922 2911 4013 2961 at-

2419 3017 2603 3069 τιατὸν
2635 3011 3041 3085 παριστᾷ-ἠδὲ
3095 3012 3160 3063 ὲκ
3214 3010 3315 3077 τῆς
3377 3008 3566 3069 οὐσίας
3631 3003 3847 3072 Πατρὸς
3903 3000 4013 3054 καὶ

741 3087 1033 3137 increatam
1084 3096 1136 3140 et
1164 3088 1685 3142 consubstantialem
1716 3106 1780 3144 ex
1808 3107 1917 3160 quo
1957 3104 2009 3145 et
2034 3108 2129 3159 per
2152 3108 2313 3160 quem

2423 3107 2551 3161 Υἰοῦ
2592 3104 2921 3171 θεολογοῦσα
2944 3099 3245 3161 εἷναιαύτὸ
3290 3098 3563 3171 δηλωτική
3609 3114 3689 3158 τις
3725 3094 3843 3147 ἐστὶ
3890 3094 4013 3145 τῶν

745 3179 1185 3245 progressionem
1265 3188 1429 3247 atque
1503 3180 1782 3245 (illusum,
1857 3185 2017 3251 plane
2078 3185 2317 3253 perfecte

738 3272 1166 3327 demonstratur.
1235 3273 1534 3326 secundum
1584 3289 1764 3328 causa:
1824 3277 2091 3330 rationem
2139 3278 2318 3332 simile

740 3362 945 3414 dietnm
983 3376 1011 3413 a
1036 3358 1289 3417 Patribus
1324 3364 1519 3432 accipi,
1576 3381 1701 3419 cum
1747 3383 1876 3421 vero
1918 3368 2058 3425 alius
2096 3371 2318 3440 spiritus

744 3469 838 3517 per
873 3452 1133 3521 Spiritum
1192 3472 1254 3509 ex
1290 3454 1452 3510 Patre
1498 3461 1764 3525 tradatur,
1814 3477 1918 3515 non
1968 3471 2074 3526 est,
2129 3480 2318 3521 rursus

747 3548 847 3597 hoc
914 3549 1041 3598 item
1085 3547 1243 3615 plane
1291 3549 1647 3619 absoluteque
1685 3553 2044 3617 demonstrat,
2078 3571 2187 3609 non
2225 3572 2319 3611 ne-

740 3637 980 3692 cessario
1005 3641 1286 3708 consequi,
1319 3642 1461 3709 quod
1488 3658 1612 3696 eum
1645 3641 1808 3699 Patre
1833 3658 1886 3701 et
1915 3647 2052 3701 Filio
2082 3648 2319 3718 Spiritus

740 3730 985 3791 eiusdem
1020 3732 1272 3785 essentia:
1320 3740 1422 3797 est,
1471 3743 1530 3788 ut
1572 3735 1783 3790 videtur
1812 3737 2035 3805 Cyprio,
2066 3742 2317 3796 eumdem

741 3822 1001 3887 Spiritum
1040 3821 1371 3890 producendi
1416 3831 1469 3879 et
1497 3827 1792 3894 procedere
1822 3828 2057 3884 faciendi
2091 3829 2321 3885 faculta-

744 3924 849 3965 tem
884 3914 1109 3968 habere.

812 4130 867 4183 5.
922 4129 1026 4185 Sed
1056 4129 1312 4199 procedat
1336 4129 1480 4185 ultra
1506 4130 1707 4194 oratio,
1767 4138 1824 4185 et
1869 4131 2079 4200 reliqua
2114 4133 2323 4200 quibus

744 4226 848 4279 sibi
898 4224 1130 4294 Cyprius
1161 4224 1510 4288 adversatur,
1546 4223 1779 4292 cogitata
1835 4224 2067 4281 refellat.
2112 4225 2168 4279 In
2216 4228 2326 4282 alio

741 4331 850 4397 jam
882 4329 1087 4383 laudati
1115 4327 1247 4383 tomi
1303 4329 1425 4382 loco
1469 4337 1597 4383 sunt
1633 4327 1751 4383 haec
1783 4329 2057 4395 ipsissima
2116 4330 2277 4386 verba
2307 4349 2323 4386 :

751 4439 770 4469 ι
801 4421 903 4484 Qui
953 4428 1174 4488 propter
1224 4419 1468 4473 eamdem
1512 4418 1691 4473 Patris
1765 4427 1819 4472 et
1860 4418 1981 4473 Filii
2030 4422 2322 4475 essentiam

2419 3199 2514 3252 τοῦ
2548 3199 2818 3258 ἀκτίστως
2854 3196 2947 3247 καὶ
2978 3193 3283 3261 ὁμοουσίως
3301 3190 3378 3261 τῷ
3406 3207 3466 3245 τε
3498 3190 3557 3256 ἐξ
3584 3186 3646 3243 οὗ
3692 3188 3790 3242 καὶ
3827 3184 3904 3239 δι’
3937 3179 4009 3238 οὖ

2422 3292 2656 3359 πρόεισι,
2713 3288 2961 3357 προϊέναι
2992 3285 3163 3339 αὐτόο
3193 3284 3414 3353 ἐντελὴς
3470 3284 3601 3353 ἡμῖν
3650 3279 3813 3333 τοῦτο
3860 3277 4012 3331 ἀπό-

2423 3380 2587 3444 δειξις
2630 3379 2726 3432 τοῦ
2757 3380 2897 3431 κατὰ
2926 3380 3017 3431 τὸν
3048 3378 3148 3446 τῆς
3180 3376 3364 3437 αίτίας
3387 3374 3545 3442 λόγον
3582 3371 3682 3441 τὴν
3740 3370 4012 3438 τοιαύτην

2423 3472 2584 3542 ῥῆσιν
2612 3475 2724 3534 τοῖς
2757 3471 2931 3536 ἁγίοις
2958 3468 3234 3536 εἰλῆφθαι.
3267 3468 3394 3519 Ὅτι
3418 3466 3475 3519 δὲ
3505 3465 3627 3534 οὐχὶ
3654 3464 3751 3516 καὶ
3782 3462 4011 3530 πνεῦμα

2422 3569 2608 3636 ἓτερον
2646 3566 2734 3619 διὰ
2765 3566 2861 3618 τοῦ
2915 3563 3235 3633 Πνεύματος
3284 3564 3347 3614 ἐκ
3387 3561 3602 3629 Πατρός
3659 3562 3771 3620 τοῖς
3798 3556 4009 3623 λάγίοις

2423 3657 2779 3729 ὲθεολογήθη,
2807 3655 3065 3725 ἀνενδεὴς
3096 3654 3256 3707 πάλιν
3286 3653 3446 3707 τοῦτο
3476 3650 3754 3716 ἀπόδειξις
3786 3648 3866 3719 τῷ
3893 3666 4008 3719 μη-

2422 3750 2613 3819 δεμίαν
2642 3745 2783 3801 εἶναι
2838 3749 3088 3817 ἀνάγκην
3120 3746 3209 3800 διὰ
3229 3745 3291 3798 τὸ
3324 3744 3463 3815 πρὸς
3487 3744 3584 3797 τὸν
3640 3743 3866 3812 Πατέρα
3911 3742 4009 3793 καὶ

2422 3842 2511 3895 τὸν
2546 3842 2674 3895 Υἰὺν
2702 3841 2793 3894 τοῦ
2824 3840 2969 3893 ΙΙνεύ
2982 3857 3152 3910 ματος
3181 3837 3501 3908 ὀμοούσιον,
3528 3833 3735 3913 καθὼς
3766 3834 4009 3903 Κυπρίῳ

2423 3935 2593 3998 δοκεῖ,
2626 3935 2723 3987 καὶ
2770 3933 2904 3985 αὐτὸ
2933 3932 2999 4002 δὴ
3051 3930 3112 3983 τὸ
3158 3930 3385 4000 Πνεῦμα
3443 3926 3809 3998 προδλητικὸν
3862 3920 4010 3977 εἶναι

2425 4027 2520 4080 καὶ
2557 4023 2969 4097 ὲκπορευτικόν.

2496 4126 2558 4171 ε’·
2599 4118 2661 4170 '0
2690 4118 2747 4171 δὲ
2774 4118 2931 4185 λόγος
2976 4115 3320 4187 προϐαινὰω
3376 4131 3496 4185 μοι,
3524 4112 3735 4183 πρόσω,
3763 4115 3859 4166 καὶ
3905 4114 4007 4176 τὰς

2426 4210 2619 4272 λοιπὰς
2655 4209 2765 4263 τῶν
2792 4208 3066 4273 διανοιῶν,
3100 4206 3225 4262 καθ’
3256 4206 3323 4269 ἃς
3356 4204 3520 4269 αὐτὸς
3542 4204 3722 4274 ἐαυτῷ
3755 4204 4006 4274 Κύπριος,

2426 4302 2749 4373 περιπίπτει
2783 4303 3043 4370 ἐλέγχων.
3082 4299 3173 4352 Ἐν
3198 4299 3373 4369 ἑτέρῳ
3410 4292 3481 4350 αὖ
3522 4296 3680 4367 μέρει
3712 4295 3882 4364 τόμον
3906 4295 4007 4349 τοῦ

2426 4396 2720 4467 εἰρημένου
2756 4396 2783 4446 ὁ
2818 4394 2917 4462 μὲν
2940 4394 3111 4456 οὕτως
3145 4393 3238 4445 ἐπὶ
3267 4392 3467 4455 λέξεων
3516 4390 3692 4453 λέγει’
3737 4408 3757 4441 ι
3792 4391 3891 4441 Διὰ
3945 4389 4009 4441 τὲ

746 4482 986 4576 Spiritus
1008 4482 1208 4563 dicitur
1232 4523 1299 4563 ex
1333 4498 1570 4562 essentia
1607 4505 1805 4573 Patris,
1847 4511 1933 4576 pie
1993 4524 2213 4579 quoque
2268 4521 2322 4564 et

2428 4488 2625 4541 ταυτὸν
2651 4488 2752 4555 τῆς
2782 4486 2977 4548 οὐσίας
3014 4486 3229 4555 Πατρὸς
3282 4484 3379 4537 καὶ
3424 4482 3558 4536 Υἱοῦ
3607 4483 3901 4551 λεγόμενον
3944 4484 4009 4533 τὸ

745 4618 811 4655 ex
855 4602 1091 4655 essentia
1139 4598 1259 4653 Filii
1296 4600 1569 4653 diceretur
1622 4616 1636 4652 :
1710 4614 1900 4654 verum
1956 4615 2021 4652 ex
2080 4599 2324 4668 ejusdem

749 4689 1047 4760 hypostasi,
1070 4687 1289 4756 quando
1314 4704 1379 4741 ex
1396 4687 1633 4742 essentia
1668 4697 1772 4752 est,
1808 4702 2057 4757 quamam
2086 4703 2324 4757 unquam

747 4784 888 4835 ratio
911 4780 1154 4834 astruet?
1212 4797 1231 4831 ι
1267 4777 1378 4833 Nos
1408 4778 1514 4847 ipsi
1556 4793 1775 4833 rursum
1820 4786 2106 4847 postquam
2126 4780 2329 4834 docue-

748 4874 942 4932 rimus.
987 4872 1450 4940 sapientissimum
1483 4870 1627 4923 lnme
1660 4884 1846 4924 crasse
1892 4870 2182 4923 admodum
2246 4879 2327 4925 at-

748 4976 855 5029 que
882 4962 1096 5014 indocte
1131 4961 1454 5030 sibimetipsi
1488 4964 1761 5016 contraria
1796 4960 2035 5026 etl‘utire,
2072 4977 2327 5018 necessa-

754 5055 833 5108 rio
861 5055 987 5108 inde
1017 5053 1177 5107 aliam
1212 5068 1410 5107 novam
1459 5053 1788 5120 impietatem
1841 5054 2046 5109 exoriri
2079 5068 2331 5122 compro-

753 5147 1023 5201 babimus.
1072 5144 1185 5200 Sibi
1220 5146 1403 5214 itaque
1436 5145 1537 5213 ipsi
1592 5145 2081 5224 eontrarialrefert,
2111 5147 2237 5199 dum
2272 5148 2324 5201 in

748 5238 938 5290 eodem
974 5237 1093 5304 ipso
1121 5247 1268 5290 tomo
1295 5236 1482 5291 scribit
1529 5254 1545 5291 :
1604 5255 1621 5286 ι
1657 5236 2043 5291 Verumtamen
2086 5253 2116 5291 a
2167 5238 2327 5293 nobis

751 5330 1017 5399 perfecta,
1071 5330 1302 5398 integra,
1350 5346 1524 5398 neque
1558 5331 1721 5384 ullius
1779 5331 1958 5398 indiga
2008 5331 2187 5386 Patris
2232 5330 2327 5403 hy-

752 5424 984 5491 postasis
1011 5433 1310 5492 reputatur,
1348 5438 1471 5476 eum
1528 5437 1623 5492 per
1673 5437 1731 5476 sc
1763 5424 1936 5491 ipsam
1985 5425 2219 5477 essentia
2257 5425 2329 5478 sit

752 5516 965 5580 virens,
991 5525 1043 5568 et
1076 5524 1295 5569 aetnaea
1330 5533 1344 5569 :
1377 5514 1611 5584 perfecta
1637 5517 1798 5569 etiam
1818 5513 1938 5568 Fdii
1973 5515 2024 5567 in
2070 5514 2326 5570 omnibus

755 5607 932 5677 plena,
972 5608 1282 5674 nulliuSque
1306 5608 1510 5677 indiga,
1533 5622 1655 5661 eum
1685 5623 1781 5676 per
1803 5622 1861 5661 se
1886 5609 2057 5675 ipsam
2092 5606 2324 5660 essentia

752 5697 825 5751 sit
858 5701 1045 5751 vivens
1067 5710 1119 5751 et
1149 5708 1395 5753 actuosa.
1428 5717 1446 5748 ι
1482 5698 1545 5751 Et
1577 5698 1769 5751 iterum
1807 5699 1933 5750 alibi
1969 5700 2079 5751 luer
2116 5697 2276 5755 habet
2311 5716 2324 5751 :
2352 5724 2359 5731 ~

763 5806 781 5842 ι
823 5785 931 5845 Nos
958 5790 1247 5844 essentiam
1277 5789 1581 5861 hrpostasis
1633 5802 1827 5843 carnea
1864 5802 2155 5860 crassaque
2196 5784 2331 5839 diri-

2432 4580 2657 4650 Πνεῦμα
2687 4582 2751 4633 ὲκ
2780 4580 2881 4648 τῆς
2903 4579 2997 4632 τοῦ
3038 4579 3250 4647 Πατρδς
3278 4578 3467 4641 οὐσίας
3500 4576 3693 4649 ῥηθείη
3743 4577 3811 4629 ἂν
3854 4578 4007 4629 εὐσεο

2431 4673 2541 4736 ὁῶς
2569 4674 2663 4727 καὶ
2679 4677 2744 4727 ἐκ
2767 4673 2869 4743 τῆς
2898 4673 2992 4727 τοῦ
3021 4671 3176 4726 Υίοῠο
3214 4676 3277 4724 ἐκ
3300 4672 3355 4724 δὲ
3381 4672 3483 4739 τῆς
3517 4672 3875 4734 ὑποστάσεως
3902 4672 4010 4723 αὐ-

2429 4767 2548 4831 τοῦ,
2579 4768 2769 4837 ἐπειδὴ
2826 4769 2890 4819 ἐκ
2915 4767 3014 4836 τῆς
3041 4766 3251 4829 οὐσίας,
3284 4765 3405 4828 πῶς
3437 4767 3505 4818 ἂν
3524 4765 3682 4833 λόγος
3726 4765 3855 4817 ποτὲ
3900 4782 4009 4817 πα-

2432 4862 2788 4930 ραστήσειεν;
2827 4878 2846 4911 ι
2888 4860 3085 4928 Ἡμεῖς
3105 4860 3161 4913 δὲ
3177 4860 3342 4912 πάλιν
3368 4858 3637 4930 πρότερόν
3669 4874 3726 4909 σε
3755 4857 4009 4911 ἀναδιδά-

2432 4951 2644 5018 ξαντες,
2684 4954 2835 5016 ὅπως
2864 4954 2967 5006 κάν
3002 4951 3215 5015 τούτοις
3270 4954 3433 5015 αὐτὸς
3473 4952 3655 5020 ἑαυτῷ
3705 4952 3947 5021 ἀνοήτως
3982 4952 4007 5001 ὁ

2433 5041 2746 5113 σοφώτατος
2780 5044 3126 5116 περιπίπτει,
3154 5044 3356 5113 ἑφεξῆς
3408 5043 3599 5111 ὥσπερ
3656 5042 3717 5107 ἐξ
3756 5043 4009 5110 ἀνάγκης

2433 5137 2746 5190 ἀνακύπτον
2772 5136 3025 5190 ἐντεῦθεν
3077 5136 3269 5205 ἔτερόν
3322 5153 3377 5188 τι
3441 5136 3873 5205 παραστήσομαί
3922 5152 4007 5187 σοι

2432 5228 2709 5297 ἀσέϐημα.
2749 5229 3078 5300 Περιπίπτει
3106 5228 3206 5296 μὲν
3240 5222 3338 5281 οὗν
3368 5228 3531 5289 αὐτὸς
3556 5227 3754 5295 ἑαυτῷ,
3810 5228 3870 5277 ὲν
3922 5220 4007 5289 οἷς

2430 5322 2521 5375 τοῦ
2543 5320 2707 5375 αὐτοῦ
2744 5322 2915 5391 τόμου
2941 5322 3074 5391 φησὶ
3103 5323 3346 5388 μέρεσιν’
3389 5339 3406 5371 ι
3461 5320 3606 5371 Ἀλλ’
3628 5320 3761 5390 ἡμῖν
3820 5336 3882 5386 γε
3909 5336 4009 5371 τεο

2430 5413 2573 5480 λεία,
2604 5415 2840 5483 πλήρης,
2876 5414 2971 5466 καὶ
3016 5413 3271 5481 ἀνενδεὴς
3299 5414 3330 5480 ἡ
3357 5410 3454 5465 τοῦ
3508 5411 3725 5479 Πατρδς
3764 5411 4009 5462 ὑπόστα-

2433 5524 2541 5571 σις,
2570 5507 2689 5559 καθ’
2710 5508 2913 5575 ἑαυτὴν
2944 5506 3100 5558 οὐσία
3141 5504 3274 5557 οὖσα
3299 5504 3449 5567 ζῶσα
3480 5503 3575 5555 καὶ
3627 5502 3873 5573 ἐνεργὸς,
3918 5519 4007 5554 τεο

2434 5600 2552 5652 λεία
2576 5602 2671 5653 καὶ
2694 5601 2725 5668 ἡ
2748 5599 2842 5652 τοῦ
2888 5599 3017 5650 rio-3
3058 5599 3199 5650 κατά
3234 5599 3434 5660 πάντα,
3467 5596 3701 5664 πλήρης,
3737 5596 3831 5646 καὶ
3854 5594 4007 5645 ἀνεν-

2433 5694 2558 5762 δεὴς
2583 5734 2594 5755 .
2633 5693 2751 5745 καθ’
2783 5693 2981 5759 ἑαυτὴν
3005 5691 3157 5742 οὐσία
3189 5689 3322 5743 οὖσα
3356 5688 3507 5753 ζῶσα
3562 5688 3661 5739 καὶ
3697 5687 3936 5756 ἐνείηόί
3982 5703 3998 5734 ’

2440 5788 2545 5838 Καὶ
2581 5786 2744 5839 πάλιν
2768 5788 2831 5837 ὲν
2853 5779 2931 5853 οἷς
2957 5783 3095 5836 οὕτω
3147 5783 3320 5850 λέγει·
3357 5800 3372 5834 ι
3411 5782 3523 5834 Οὐκ
3553 5778 3745 5834 οὐσίαν
3770 5777 4005 5847 enocte!-
