4210 6440
141 395 248 458 345

1290 391 1388 449 Al)
1429 390 2022 455 COXSTANTINUM
2071 399 2214 457 LIB.
2252 398 2302 457 Ι.

3326 397 3431 464 346

148 526 290 569 σεως
331 507 580 573 σαρκὲνῳ
617 504 709 555 καὶ
732 503 898 571 παχεῖ
921 499 1177 572 μερισμῷ
1208 501 1528 570 διαιροῦμεν
1560 504 1739 570 ἡμεῖς·

1867 511 2005 564 sione
2038 528 2142 563 non
2179 513 2532 580 dispartimur
2567 531 2578 566 :
2611 527 2783 582 neque
2823 511 2914 566 uni
2943 509 3145 577 alisque
3169 509 3277 563 alio
3306 525 3431 578 pro.

147 599 254 650 035'
284 597 542 665 ἑκατέρῳ
571 597 737 664 χωρὶς
771 594 996 661 θατέρου
1025 592 1164 646 ίδίαν
1186 594 1539 660 ἀπονᾶμομεν
1565 592 1672 646 ὐπα
1687 609 1743 662 ρ-

149 693 252 755 ξιν,
299 693 454 758 μόνῳ
488 691 544 741 δὲ
569 689 645 757 τῷ
672 689 816 759 λόγῳ
847 687 1276 755 ἀποδιιστῶμεν,
1326 687 1501 750 ἄλλως
1545 688 1618 756 μὴ
1643 704 1741 738 πε-

151 785 368 851 φυκὸτα
432 781 790 850 χωρίζεσθαι.
829 799 846 830 ι
889 782 947 831 ’0
1003 779 1112 849 γὰρ
1169 778 1574 846 διατεινόμενος
1618 779 1746 844 πρὶν

154 877 365 941 μηδένα
405 871 552 926 εἶναι
580 875 737 940 λόγον
766 874 858 924 τὸν
893 873 1318 941 παραστήσοντα
1338 871 1397 922 τὸ
1433 873 1493 922 ἐκ
1523 869 1620 938 τῆς
1650 871 1745 921 οὐο

155 970 278 1019 σὶαε
304 967 406 1019 τοῦ
436 966 569 1018 Υἰοῦ
607 965 900 1033 λεγόμενον
945 963 1167 1031 Πνεῦμα
1201 965 1294 1015 καὶ
1348 965 1410 1014 ὲκ
1447 967 1545 1032 τῆς
1582 963 1745 1014 αὑτοῦ

154 1061 522 1118 ὑποστάσεως
559 1053 724 1120 εἶναι,
759 1057 1066 1113 ἁλίσκεται.
1106 1054 1333 1123 ὕστερον
1356 1054 1452 1122 τὴν
1492 1053 1584 1106 τοῦ
1619 1051 1747 1104 Υίοῦ

156 1155 466 1206 ὑπόστασιν
513 1152 751 1215 τελείαν,
779 1153 983 1218 πλήρη,
1017 1151 1111 1203 καὶ
1144 1151 1366 1219 ἀνενδεῆ
1393 1152 1486 1201 καὶ
1542 1149 1747 1213 ζῶσαν,

160 1247 254 1297 καὶ
285 1247 528 1313 ἐνεργὸν
579 1245 703 1297 καθ’
766 1245 968 1312 ἑαυτὴν
1018 1245 1209 1296 οὐσίαν
1252 1239 1394 1295 εἶναι
1444 1243 1748 1312 ὁμολογῶν,

160 1341 249 1388 καὶ
274 1340 365 1388 ἔτι
402 1339 722 1406 προστιθεὶς
768 1341 832 1406 τῇ
871 1336 1132 1406 ὁμολογία
1201 1338 1330 1404 μηδὲ
1369 1338 1612 1404 σαρκίνῳ
1659 1337 1751 1388 καὶ

163 1433 331 1495 παχεῖ
387 1429 649 1497 μερισμῷ
697 1429 794 1494 τὴν
846 1429 1104 1495 τοιαύτην
1153 1429 1345 1480 οὐσίαν
1384 1429 1482 1494 τῆς
1545 1428 1752 1490 οἰκείας

163 1523 534 1580 ὑποστάσεως
559 1521 883 1588 διαιρεῖσθαί
914 1537 1060 1582 ποτε,
1093 1521 1312 1572 Τούτων
1344 1521 1398 1573 δὲ
1438 1522 1545 1574 τῶν
1579 1522 1753 1587 λόγων

162 1615 210 1662 τί
243 1615 308 1663 Ξιν
348 1612 711 1681 ἰσχυρότερον
744 1615 876 1676 πρὸς
905 1613 1178 1676 ἀπόδειξιν
1214 1615 1422 1679 γένοιτο
1475 1615 1566 1667 τοῦ
1593 1615 1755 1667 αὐτὸν

162 1705 248 1771 ἀφ’
281 1705 491 1756 ἑαυτοῦ
537 1705 854 1772 ἐλέγχεσθαι
891 1706 1177 1774 Κύπριον;
1220 1707 1281 1758 δν
1324 1708 1428 1774 γὰρ
1469 1707 1625 1773 λόγον
1663 1709 1756 1760 εὑ-

166 1797 422 1864 ρεθῆναι,
461 1797 732 1864 μηδέποτε
794 1796 1140 1859 ὁιατείνεται,
1203 1798 1389 1850 τοῦτον
1445 1800 1607 1860 αὐτὸς
1665 1799 1755 1850 εὐ-

1852 605 2020 671 priam
2049 607 2426 661 exsistentiam
2463 607 2810 670 exhibemus,
2839 603 2932 660 sed
2967 603 3176 657 ratione
3197 611 3434 656 tantum-

1851 700 2012 749 modo
2043 715 2387 768 separamus,
2414 717 2536 752 cum
2573 700 2678 753 alia
2733 700 2947 752 ratione
2982 694 3147 749 dividi
3211 692 3436 745 minime

1852 793 2083 858 possint.
2129 812 2145 840 ι
2177 792 2283 856 Qui
2309 793 2455 843 enim
2492 802 2646 844 antea
2687 788 3048 843 contendebat
3074 785 3279 838 nullam
3317 797 3437 835 esse

1851 883 2136 943 rationem.
2157 899 2278 950 ane
2306 884 2686 950 comprobaret
2713 880 2997 947 Spiritum.
3033 877 3123 940 qui
3155 892 3219 927 ex
3259 874 3438 927 Patris

1849 975 2082 1026 essentia
2104 977 2322 1035 dicitur,
2342 975 2504 1026 etiam
2531 990 2592 1026 ex
2611 973 2852 1040 ejusdem
2881 968 3154 1040 hypostasi
3175 981 3318 1028 esse,
3340 967 3436 1017 de-

1855 1067 2225 1134 prehenditur,
2251 1077 2437 1135 postea
2475 1065 2593 1119 Filii
2635 1063 2966 1134 hypostasim
3001 1059 3324 1129 perfectam,
3357 1056 3439 1106 in-

1853 1169 2056 1227 tegram
2105 1171 2155 1211 et
2183 1160 2383 1212 nullius
2437 1158 2697 1224 indigam,
2738 1166 2791 1207 et
2817 1155 3083 1206 viventem
3133 1160 3189 1202 et
3249 1156 3439 1200 actuo-

1852 1264 1968 1304 sam
2002 1252 2296 1307 secundum
2322 1269 2378 1305 se
2407 1249 2696 1302 essentiam
2726 1261 2876 1310 esse,
2921 1257 3189 1300 asserere.
3218 1247 3272 1292 et
3305 1255 3442 1305 pne-

1855 1353 1997 1397 terca
2032 1341 2364 1394 confessioni
2421 1342 2638 1400 addere,
2687 1354 2882 1392 carnea
2935 1348 3235 1399 crassaque
3279 1329 3444 1398 parti-

1856 1437 2002 1488 tione
2039 1436 2266 1486 similem
2315 1450 2438 1487 esse
2479 1435 2642 1487 etiam
2679 1448 2705 1486 a
2751 1419 3442 1494 etiametipsiushypostasi

1856 1543 2135 1594 utinquam
2169 1527 2368 1590 dividi;
2406 1527 2553 1578 hisce
2599 1522 2965 1593 pronuntiatis
3014 1534 3081 1572 an
3116 1517 3180 1568 ad
3215 1517 3445 1566 demon—

1857 1622 2137 1676 strandum
2187 1620 2444 1689 Cyprium
2509 1634 2536 1671 a
2588 1618 2770 1685 seipso
2800 1613 3078 1679 redargui,
3144 1604 3441 1674 excogitari

1857 1712 2052 1782 poterit
2101 1709 2404 1763 eﬂicatdus?
2443 1709 2618 1773 Quam
2680 1707 2824 1758 enim
2884 1702 3161 1754 rationem
3212 1694 3444 1749 inveniri

1862 1820 2100 1872 unquam
2135 1817 2292 1868 posse
2320 1801 2621 1856 contendit.
2657 1797 2803 1850 illam
2840 1797 2975 1862 ipse,
3003 1807 3102 1845 nec
3133 1790 3275 1842 alius
3296 1801 3447 1839 com-

165 1889 370 1956 ρίσκει,
427 1889 533 1939 οὐκ
566 1889 744 1951 ἀλλος,
796 1889 895 1955 τὴν
927 1889 1117 1940 οὐσίαν
1146 1886 1240 1940 τοῦ
1271 1889 1419 1950 Υίοῦ,
1457 1889 1515 1953 ἐξ
1560 1886 1628 1960 ἧς
1692 1891 1752 1942 τὸ

1867 1897 2198 1958 minisritur;
2244 1909 2368 1946 cum
2404 1890 2697 1946 essentiam
2753 1887 2872 1940 Filii
2919 1900 2982 1938 ex
3023 1899 3128 1944 qua
3184 1879 3446 1946 Spiritum

167 1979 405 2046 Πνεῦμα
443 1979 782 2042 συντίθεται,
815 1979 1071 2045 λέγεσθαι
1103 1979 1428 2048 ἀδιαίρετον,
1458 1977 1521 2054 ἧς
1580 1999 1752 2048 κατηο

167 2074 419 2140 γορείται
477 2069 851 2132 ὑποστάσεως,
915 2065 1054 2124 εἶναι
1107 2072 1408 2140 ὁμολογῶν,
1459 2073 1754 2125 κάντεῦθεν

169 2165 434 2228 συνάγειν
463 2162 641 2224 διδοὺς
670 2163 761 2214 τὸν
795 2161 1121 2230 βουλόμενον
1166 2164 1226 2215 τὸ
1293 2165 1356 2215 ὲκ
1415 2170 1513 2232 τῆς
1567 2165 1756 2228 οὐσίας

165 2255 253 2306 τοῦ
287 2254 429 2306 Υίοῦ
471 2254 770 2322 λεγόμενον
811 2256 903 2307 καὶ
947 2256 1012 2307 ὲκ
1042 2256 1140 2323 τῆς
1186 2255 1354 2309 αὑτοῦ
1401 2257 1755 2320 ὑποστάσεως

168 2350 308 2400 κατά
349 2349 542 2400 πᾶσαν
577 2343 717 2400 εἶναι
741 2349 1007 2419 ἀνάγκην.
1035 2348 1195 2401 Οὐτω
1229 2348 1328 2418 μὲν
1357 2345 1450 2402 οὖν
1505 2350 1608 2404 κάν
1635 2351 1756 2404 τού-

170 2457 277 2500 τοις
308 2441 481 2500 αὐτὸς
507 2440 683 2509 ἑαυτῷ
717 2440 962 2508 Κύπριος
985 2441 1326 2508 περιπίπτει.

239 2534 323 2595 ς’.
362 2533 478 2601 Τὴν
513 2533 558 2584 δ’
597 2532 1018 2602 ἐπηγγελμένην
1057 2535 1220 2603 ἡμεῖς
1245 2535 1527 2599 ἀπόδειξιν
1555 2537 1649 2590 τοῦ
1675 2539 1757 2588 ὲν-

165 2627 361 2676 τεύθεν
400 2625 1144 2696 ἀνακύπτοντοςποιούμενοι
1175 2628 1550 2696 ἀσεϐήματος,
1599 2628 1760 2682 τοῦτὸ

174 2736 361 2786 φαμεν
386 2715 644 2782 εἶναι,οτὸ
683 2719 743 2782 ἐξ
773 2712 848 2770 ὧν
871 2718 1014 2772 οὕτω
1053 2719 1302 2789 Κύπριος
1337 2721 1488 2788 λέγει
1526 2722 1759 2789 συνάγε-

173 2811 298 2861 σθαι
329 2813 435 2876 τὴν
465 2811 562 2877 τῆς
599 2810 786 2870 οὐσίας
818 2809 1031 2877 Πατρὸς
1056 2811 1148 2862 καὶ
1175 2810 1306 2862 Υἱοῦ
1348 2809 1578 2878 σύναψιν
1622 2808 1759 2864 εἶναι

175 2901 318 2951 κατά
353 2902 414 2949 τ)
448 2900 846 2960 ἀνυπόστατον,
883 2899 978 2950 καὶ
1001 2899 1124 2950 ὅσον
1157 2902 1238 2961 είς
1276 2900 1378 2969 τὴν
1416 2900 1556 2952 κατὰ
1595 2899 1760 2970 ψιλὴν

175 2992 426 3042 ἐπίνοιαν
456 2992 724 3059 διαίρεσιν
755 2993 956 3059 ἀφορᾷ.
994 2992 1144 3043 Ἐπεὶ
1187 2992 1296 3060 γὰρ
1351 2994 1511 3054 αὑτός
1545 2995 1692 3045 ἐστιν
1735 2996 1763 3044 ὁ

178 3085 501 3150 νομοθετῶν
539 3086 602 3134 ἐκ
621 3085 716 3150 τῆς
756 3083 944 3144 οὐσίας
976 3083 1070 3134 τοῦ
1123 3084 1251 3135 Υίοῦ
1315 3085 1376 3135 τὸ
1427 3085 1650 3154 Πνεῦμα
1701 3086 1763 3138 τὸ

1859 1990 1964 2042 diri
2000 1988 2315 2047 assentitur,
2354 1982 2740 2037 indivisihilem
2768 1980 2836 2032 ab
2867 1977 2976 2034 illa,
3017 1976 3082 2026 de
3111 1987 3215 2041 qua
3245 1967 3447 2038 praedi-

1863 2090 2015 2133 catur
2061 2077 2360 2147 hypostasi,
2388 2091 2509 2129 esse.
2557 2071 2817 2132 afﬁrmat,
2849 2069 3085 2133 indeque
3123 2059 3446 2126 utiieniqut‘.

1865 2173 2026 2226 modo
2055 2170 2376 2224 colluhitum
2427 2167 2516 2230 sit,
2579 2165 2834 2229 colligere
2868 2157 3140 2219 concedit,
3173 2153 3318 2223 quod
3379 2167 3445 2203 ex

1863 2264 2100 2321 essentia
2130 2261 2250 2315 Filii
2284 2260 2487 2314 dicitur
2516 2273 2580 2310 ex
2605 2257 2749 2310 illius
2783 2266 3000 2323 quoque
3028 2244 3310 2318 hypostasi
3357 2257 3452 2298 ue-

1861 2357 2103 2413 eessario
2135 2371 2364 2424 prorsus
2391 2367 2533 2407 esse.
2590 2347 2702 2402 llac
2741 2347 2922 2414 itaque
2953 2341 3164 2396 ratione
3216 2333 3451 2404 Cyprius

1862 2456 2025 2508 etiam
2069 2451 2120 2502 in
2148 2449 2234 2502 his
2265 2448 2366 2502 sibi
2394 2447 2735 2499 adversatur.

1935 2546 1991 2598 6.
2024 2545 2194 2610 Quam
2219 2557 2383 2610 porro
2403 2537 2755 2608 promisimus
2779 2547 2879 2586 nos
2898 2545 2963 2585 ex
2995 2527 3080 2582 his
3109 2522 3452 2594 ipsisimpi’c-

1870 2649 2362 2693 tatemnascentem
2389 2642 2734 2690 ostensuros,
2752 2625 2883 2678 illud
2909 2631 3014 2685 est,
3044 2617 3190 2688 quod
3218 2614 3454 2685 Cyprius

1867 2730 2046 2798 colligi
2081 2728 2301 2787 scribit,
2364 2723 2658 2777 essentiam
2727 2717 2906 2771 Pati-is
2953 2724 3007 2767 et
3065 2710 3182 2766 Filii
3235 2709 3453 2772 dempta

1869 2825 2237 2891 hypostaseon
2274 2817 2484 2870 ratione
2519 2819 2833 2866 contactum
2867 2820 3008 2866 esse,
3069 2817 3163 2856 seu
3220 2797 3454 2864 conjun-

1869 2914 2131 2974 ctionem,
2160 2920 2214 2961 et
2252 2905 2629 2960 tantummodo
2656 2901 2797 2953 nuda
2826 2893 3176 2961 intelligentia
3198 2900 3252 2944 et
3281 2903 3456 2957 quan-

1873 3016 1982 3056 tum
2015 3001 2318 3056 secundum
2349 3000 2546 3050 undam
2575 2995 2901 3047 divisionem
2964 2986 3258 3054 respicere.
3288 2978 3454 3032 Nam-

1872 3112 1978 3164 que
2007 3110 2129 3144 cnm
2165 3092 2278 3158 ipse
2315 3092 2595 3146 decernat,
2631 3103 2694 3137 ex
2733 3081 2968 3136 essentia
3007 3077 3126 3130 Filii
3188 3073 3454 3142 Spiritum

178 3179 337 3243 Ξιγιον
377 3177 660 3241 λέγεσθαι,
684 3175 761 3237 ὡς
792 3177 855 3228 ὲκ
888 3177 984 3244 τῆς
1015 3175 1106 3228 τοῦ
1155 3176 1368 3246 Πατρὸς
1396 3177 1583 3239 οὐσίας
1615 3178 1765 3243 λεγό-

1875 3197 2126 3240 sanctum
2157 3183 2285 3244 dici,
2332 3181 2406 3233 uti
2458 3179 2621 3232 etiam
2653 3193 2716 3227 cx
2751 3173 2928 3226 Patris
2967 3167 3205 3222 essentia
3231 3163 3452 3224 dicitur,

185 3288 378 3338 μενον,
409 3270 502 3321 διὰ
546 3269 608 3320 τὸ
638 3271 837 3321 ταυτὸν
873 3271 974 3336 τῆς
1010 3270 1104 3321 τοῦ
1158 3271 1370 3337 Πατρδς
1420 3272 1607 3330 οὐσίας
1673 3273 1769 3324 καὶ

179 3363 438 3421 ’1“ἱιιῦ,ἐκ
482 3363 661 3429 μέντοι
727 3363 828 3430 τῆς
882 3361 975 3414 τοῦ
1029 3363 1160 3414 Υίοῦ
1228 3363 1582 3424 ὑποστάσεως
1628 3359 1768 3414 εἶναι.

177 3459 315 3507 αὐτὸ
358 3455 660 3522 συγχωρῶν
692 3454 965 3523 οὐδαμῶς,
1035 3456 1198 3515 αὑτός
1229 3456 1346 3506 ἐστι
1397 3457 1490 3506 καὶ.
1541 3457 1569 3506 ὁ
1626 3455 1770 3523 λόγῳ

187 3553 338 3617 μόνῳ
371 3552 471 3616 τὴν
505 3549 698 3600 οὐσίαν
753 3549 990 3614 ἑκάστης
1048 3549 1401 3610 ὑποστάσεως
1443 3550 1768 3617 διαιρεῖσθαι

185 3641 499 3709 ὁμολογῶν·
533 3640 757 3708 εὔδηλον
789 3639 887 3700 ὡς,
919 3639 1156 3708 ὁπηνίκα
1188 3643 1253 3692 ὲκ
1292 3641 1393 3707 μὲν
1439 3641 1534 3708 τῆς
1582 3643 1769 3702 οὐσίας

188 3734 283 3784 τοῦ
320 3732 456 3783 Υἱοῦ
499 3731 610 3783 δεῖν
639 3731 892 3798 λέγεσθαι
927 3732 988 3782 τὸ
1013 3731 1240 3801 Πνεῦμα
1269 3733 1576 3800 νομοθετεῖ,
1595 3734 1682 3786 διὰ
1711 3735 1772 3787 τὸ

187 3829 390 3878 ταυτὸν
411 3826 514 3890 τῆς
537 3823 633 3875 τοῦ
666 3824 879 3892 Πατρὸς
909 3823 1096 3884 οὐσίας
1121 3825 1210 3875 καὶ
1247 3823 1401 3884 Υἱοῦ,
1453 3827 1516 3876 ὲκ
1554 3825 1609 3877 δὲ
1671 3825 1771 3894 τῆς

187 3916 546 3975 ὑποστάσεως
583 3913 831 3984 οὐδαμῶς
851 3915 990 3965 κατα
1007 3915 1106 3981 τὴν
1121 3914 1261 3981 λόγῳ
1293 3915 1439 3984 μόνῳ
1468 3920 1774 3984 νοουμένην

191 4010 465 4079 διαίρεσιν
496 4009 591 4058 ἐπὶ
625 4006 721 4073 τῆς
748 4006 988 4074 ἑκάστης
1018 4006 1370 4067 ὑποστάσεως
1392 4007 1571 4074 οὐσία,
1615 4007 1776 4060 τοῦτο

188 4103 253 4169 δὴ
274 4105 338 4151 τὸ
370 4105 436 4152 ἐκ
473 4100 574 4166 τῆς
600 4100 792 4159 οὐσίας
831 4097 1134 4166 ἐκδέχεται.
1179 4098 1252 4150 Τὸ
1285 4097 1332 4149 δ’
1375 4099 1528 4150 οὐδέν
1556 4117 1608 4151 τι
1645 4100 1776 4154 ἀλλο

189 4196 343 4245 ἐστὶν
374 4193 408 4260 ἦ
441 4191 680 4258 ἔναργὴς
704 4190 830 4252 δόξα.
855 4189 950 4240 τοῦ
985 4190 1127 4241 κατά
1157 4189 1322 4259 ψιλὴν
1381 4191 1645 4253 ἐπίνοιαν,
1683 4194 1776 4244 καὶ

197 4284 271 4352 μὴ
301 4283 469 4348 φύσει
505 4283 600 4332 καὶ
623 4280 853 4350 ἀληθείᾳ
883 4280 974 4330 καὶ
999 4281 1287 4349 πράγματι
1313 4282 1604 4348 ὀμοούσιον
1633 4275 1776 4335 εἶναι

191 4376 272 4445 τῷ
297 4373 588 4440 Πνεύματι
619 4375 709 4424 τὸν
743 4372 888 4424 Υίόν.
919 4372 1092 4424 Τοῦτο
1131 4372 1414 4425 κάνταῦθα
1469 4375 1528 4425 τὸ
1574 4375 1773 4444 ἑπόμε-

196 4486 360 4536 μενον
394 4468 509 4525 τοῖς
551 4465 800 4532 Κυπρίου
833 4465 1070 4533 ῥήμασίν
1101 4467 1250 4515 ἐστιν
1279 4465 1561 4534 ἁσέὅημα.

266 4563 333 4624 ς’.
378 4561 550 4627 Ἡμῖν
581 4559 635 4610 δὲ
674 4559 880 4625 μελέτω
912 4559 1119 4626 ἀπάρτι
1143 4560 1236 4612 καὶ
1262 4561 1363 4621 τάς
1408 4559 1600 4620 λοιπάς
1659 4561 1769 4614 τῶν
1803 4569 1846 4622 D

194 4651 602 4710 ἐναντιώσεων,
628 4650 752 4702 καθ’
781 4649 845 4712 ἃς
879 4650 1037 4711 αὐτὸς
1063 4650 1242 4719 ἑαυτῷ
1274 4654 1617 4719 περιπίπτει,
1667 4670 1775 4704 πα-

198 4746 472 4814 ραστῆσαι
503 4745 598 4794 καὶ
628 4741 932 4806 ἀποδεῖξαι.
978 4741 1066 4793 Ἐν
1101 4742 1211 4810 γὰρ
1240 4743 1418 4804 ἄλλοις
1477 4743 1570 4795 τοῦ
1613 4743 1774 4797 ,ε-ὑτοῦ

191 4840 362 4904 τόμον
400 4838 649 4904 μέρεσιν,
684 4833 881 4904 πολλὴν
909 4835 989 4886 ὅτι
1032 4834 1126 4888 καὶ
1165 4836 1407 4904 μεγάλην
1433 4837 1602 4897 οὑτως
1662 4841 1773 4890 εἰσι

195 4934 378 4998 φέρων
423 4926 690 4996 σπουδὴν,
756 4927 831 4996 μὴ
886 4927 962 4996 τῷ
997 4929 1141 4996 λόγῳ
1199 4932 1299 4997 τῆς
1357 4931 1566 4991 οὖσίας,
1634 4932 1780 5000 μόνῳ

195 5024 251 5075 δὲ
272 5023 345 5090 τῷ
380 5023 483 5088 τῆς
518 5021 875 5079 ὑποστάσεως
901 5020 987 5070 τὸν
1016 5020 1232 5089 Πατέρα
1277 5020 1448 5071 αἴτιον
1497 5022 1778 5085 ἀποδεῖξαι

196 5117 302 5168 τῶν
339 5116 400 5178 ἐξ
432 5111 820 5176 αὐτοῦ,οῦτως
854 5112 947 5163 ἐπὶ
988 5111 1184 5175 λέξεων
1233 5114 1403 5180 λέγει·
1448 5133 1464 5163 ι
1540 5116 1634 5167 Ἐκ
1683 5117 1780 5184 μὲν

198 5209 305 5276 γὰρ
345 5209 452 5273 τῆς
491 5203 680 5262 οὐσίας
707 5201 804 5270 τῆς
829 5200 922 5253 τοῦ
960 5201 1221 5261 Υἱοῦ,’ὃτι
1252 5202 1351 5269 μία
1393 5205 1512 5254 ἐστὶ
1563 5207 1628 5271 τῇ
1686 5202 1778 5254 τοῦ

202 5297 441 5364 Ματρὸς,
472 5293 690 5363 ἀνάγκη
723 5292 1108 5358 ὁμολογεῖσθαι
1134 5292 1194 5343 τὸ
1219 5292 1462 5361 Πνεῦμα·
1501 5296 1563 5344 ἐκ
1591 5295 1645 5344 δὲ
1681 5293 1780 5361 τῆς

201 5390 588 5445 ὑποστάσεως,
611 5387 693 5437 ὃτι
727 5384 801 5454 μὴ
848 5384 968 5453 μία,
1032 5383 1132 5435 οὐκ
1179 5384 1416 5453 ἀνάγκηο
1477 5384 1610 5452 άλλη
1676 5386 1780 5451 γὰρ

200 5481 507 5536 ὑπόστασις
538 5476 572 5542 ἠ
602 5473 863 5543 πατρική,
897 5472 1034 5544 άλλη
1069 5471 1124 5524 δὲ
1152 5474 1186 5540 ἡ
1235 5473 1326 5524 τοῦ
1395 5472 1545 5533 Υἱοῦ,
1575 5477 1668 5525 καί
1722 5475 1782 5525 τὸ

201 5572 381 5623 αἰτίαν
407 5565 551 5621 εἶναι
575 5565 705 5619 Υἰοῦ
727 5569 818 5617 καὶ
839 5565 1177 5634 Πνεύματος,
1196 5566 1294 5634 τῆς
1319 5569 1589 5636 πατρικῆς
1629 5569 1780 5619 ἐστιν

201 5665 585 5721 ὑποστάσεως·
621 5678 640 5710 ι
677 5661 768 5710 καὶ
807 5660 945 5727 μετά
971 5673 1112 5710 τινα*
1148 5677 1166 5708 ‹
1211 5660 1275 5712 Εἰ
1298 5659 1470 5728 δὲτὴν
1498 5661 1675 5711 αἰτίαν
1702 5662 1783 5720 εἰς

202 5755 302 5822 τὴν
325 5755 524 5805 οὐσίαν
561 5751 822 5812 ἀνοίσεις,
871 5750 986 5802 ἀλλ’
1018 5752 1118 5802 οὐκ
1178 5751 1256 5811 εἰς
1305 5752 1404 5820 τὴν
1456 5751 1777 5813 ὑπόστασιν,

210 5846 428 5909 τρῶτον
463 5844 565 5913 μὲν
597 5843 711 5906 πῶς
735 5845 760 5895 ὁ
794 5844 983 5914 Πατὴρ
1013 5844 1185 5904 αἴτιος
1213 5843 1414 5914 μᾶλλον
1454 5846 1564 5896 τοῖν
1611 5845 1776 5907 δυοῖν,

1874 3290 2090 3345 propter
2113 3292 2278 3327 unum
2298 3275 2546 3339 idemque
2568 3266 2817 3322 essentim
2838 3262 3013 3316 Patris
3029 3268 3082 3313 et
3101 3257 3250 3321 Filii;
3269 3268 3455 3306 verum

1871 3387 1932 3424 ex
1959 3369 2232 3440 hypostasi
2263 3365 2382 3418 F.lii
2418 3367 2567 3417 illum
2609 3375 2731 3413 esse
2765 3358 2914 3412 nullo
2933 3353 3096 3408 modo
3128 3348 3456 3409 concedens,

1875 3465 1962 3517 ille
1995 3467 2110 3530 ipse
2138 3473 2242 3524 est,
2275 3459 2364 3526 qui
2419 3457 2628 3508 raaiono
2674 3461 2883 3505 tantum
2911 3446 3209 3502 essentiam
3260 3440 3459 3494 unius-

1872 3557 2148 3622 cujusque
2171 3550 2476 3620 invitostasis
2495 3547 2661 3599 dividi
2693 3545 2944 3604 allii-mat,
2969 3540 3047 3592 sic
3078 3543 3224 3603 patet
3251 3541 3455 3600 aperte,

1873 3663 1996 3702 cum
2032 3662 2094 3697 ex
2138 3643 2376 3696 essentia
2425 3638 2543 3692 Filii
2577 3637 2868 3689 dicendum
2902 3646 3022 3685 esse
3065 3626 3330 3697 Spiritum
3361 3622 3459 3676 de-

1873 3740 2073 3791 cernit.
2106 3743 2326 3802 prOptcr
2357 3747 2522 3783 unum
2559 3730 2810 3794 idemque
2841 3724 3018 3778 Patris
3041 3731 3092 3774 et
3125 3717 3243 3772 Filii
3274 3729 3462 3770 essen-

1875 3829 1984 3890 tize,
2003 3843 2072 3880 ex
2095 3825 2373 3895 hypostasi
2399 3839 2527 3875 vero
2543 3822 2692 3873 nullo
2718 3817 2903 3879 modo,
2926 3812 3226 3869 secundum
3247 3809 3461 3862 ratione

1877 3925 1990 3977 sola
2029 3921 2354 3974 intellectam
2414 3914 2741 3968 divisionem
2784 3910 2835 3962 in
2901 3904 3330 3970 uniuscujusque
3361 3900 3459 3968 hy-

1879 4014 2118 4082 postasis
2147 4010 2412 4070 essentia,
2452 4007 2553 4060 hoc
2580 4006 2726 4073 quod
2757 4019 2819 4055 ex
2857 3998 3093 4055 essentia
3123 4009 3226 4056 est,
3259 3993 3460 4047 admito

1879 4081 1990 4157 tere
2024 4121 2036 4156 :
2074 4102 2218 4168 quod
2258 4099 2391 4152 nihil
2428 4097 2571 4150 aliud
2621 4094 2784 4146 fuerit
2816 4105 2978 4160 quam
3020 4096 3214 4155 patens
3248 4081 3457 4152 opinio,

1878 4199 2020 4252 nuda
2055 4199 2230 4250 solum
2260 4195 2610 4262 cegltatioue,
2631 4200 2696 4243 -et
2727 4203 2832 4240 non
2886 4195 3100 4246 natura,
3126 4192 3250 4233 vere
3285 4183 3338 4230 et
3370 4189 3459 4228 re-

1879 4293 1996 4359 ipsa
2025 4289 2266 4358 ejusdem
2295 4285 2549 4340 essentia:
2575 4296 2699 4338 esse
2735 4278 2930 4332 Filium
2960 4289 3083 4328 cum
3133 4269 3360 4339 Spiritu.
3397 4263 3462 4319 Et

1888 4382 2002 4433 hac
2039 4389 2123 4432 est
2158 4395 2277 4446 qua!
2308 4393 2372 4429 ex
2402 4373 2673 4429 similibus
2697 4369 2880 4440 Cyprii
2913 4363 3092 4418 verbis
3124 4361 3214 4416 hic
3240 4369 3463 4428 quoque

1883 4473 2132 4537 impietas
2162 4471 2465 4524 enascitur.

1953 4565 2003 4616 7.
2026 4561 2191 4615 Nobis
2221 4561 2439 4614 interim
2482 4571 2628 4610 rura:
2671 4552 2855 4613 fuerit,
2891 4557 2946 4603 et
2980 4547 3218 4614 reliquas
3238 4551 3462 4596 contra-

1883 4657 2120 4718 rietates,
2152 4653 2353 4722 quibus
2404 4649 2642 4716 scipsum
2677 4646 2909 4715 Cyprius
2958 4640 3202 4699 involvit,
3237 4634 3459 4699 referre,

1881 4748 2300 4814 ostendereque.
2345 4744 2398 4796 In
2433 4743 2552 4793 aliis
2584 4740 2781 4807 quippe
2815 4734 2941 4787 tomi
2975 4732 3218 4801 partibus
3264 4741 3462 4796 magno

1881 4837 2246 4891 contentionis
2282 4834 2466 4887 studio
2488 4842 2722 4884 conatur
2752 4829 3152 4885 demonstrare,
3215 4836 3320 4874 non
3369 4834 3462 4873 es-

1882 4932 2089 4992 sentize,
2147 4929 2237 4978 soil
2269 4928 2437 4978 solius
2471 4921 2777 4993 hypostasis
2835 4919 3042 4970 ratione
3079 4913 3291 4966 Patrem
3339 4923 3463 4964 esse

1884 5038 2102 5076 causam
2127 5034 2340 5078 eorum,
2375 5031 2574 5086 qttzeex
2604 5016 2720 5082 ipso
2755 5022 2902 5072 sunt,
2928 5021 2980 5063 et
3011 5007 3087 5061 ait
3117 5024 3130 5060 :
3168 5025 3186 5057 ι
3216 5003 3462 5071 Namque

1882 5128 1946 5166 ex
1983 5113 2216 5164 essentia
2250 5106 2397 5167 Filii,
2435 5107 2576 5174 quod
2615 5118 2720 5156 una
2778 5102 2867 5154 illa
2901 5109 2986 5153 est
3036 5112 3162 5151 cum
3220 5095 3458 5149 essentia

1883 5203 2080 5266 Patris,
2143 5217 2364 5254 necesse
2403 5209 2483 5252 est
2542 5197 2694 5249 fateri
2729 5194 2988 5262 Spiritum
3022 5209 3036 5245 :
3079 5207 3143 5243 ex
3180 5187 3462 5259 hypostasi

1885 5310 2034 5359 vero,
2092 5297 2236 5362 quod
2280 5309 2385 5344 una
2415 5307 2518 5343 non
2551 5299 2655 5349 est,
2686 5302 2909 5342 necesse
2937 5301 3040 5337 non
3069 5291 3174 5338 est.
3223 5281 3343 5333 Alia
3381 5279 3462 5332 si-

1882 5390 2097 5456 quidem
2131 5397 2210 5440 est
2235 5385 2542 5452 hypostasis
2572 5381 2837 5438 Putt'is,el
2860 5380 2963 5431 alia
2998 5375 3208 5437 Filii,et
3233 5388 3459 5428 causam

1883 5496 2002 5532 esse
2035 5477 2152 5530 Filii
2191 5489 2244 5531 et
2283 5477 2539 5544 Spiritus,
2599 5487 2822 5541 paterna
2859 5470 3163 5539 hypostasis
3194 5477 3297 5521 est.
3337 5483 3355 5516 ι
3395 5464 3462 5518 Ει

1887 5584 2005 5642 post
2036 5588 2204 5639 pauca
2239 5589 2251 5624 :
2297 5589 2313 5620 r
2354 5570 2507 5633 Quod
2542 5569 2584 5620 si
2625 5581 2846 5619 causam
2894 5563 2960 5614 ad
2997 5560 3289 5615 eSscntiam
3323 5557 3464 5612 refe.

1887 5680 1993 5722 ras.
2023 5675 2074 5716 et
2104 5681 2207 5715 non
2251 5665 2314 5713 ad
2371 5662 2727 5730 liypostasint.
2789 5660 3021 5724 primum
3079 5657 3316 5722 quidem,
3352 5667 3462 5720 qua

1887 5759 2093 5808 ratione
2133 5755 2288 5805 Pater
2333 5753 2514 5820 potius
2553 5752 2782 5803 duorum
2825 5764 2984 5800 causa
3017 5747 3135 5800 est?
3165 5754 3218 5798 et
3267 5758 3372 5796 non
3408 5753 3462 5798 et

1887 5852 1997 5916 ipsa
2035 5849 2346 5902 alterutrius
2379 5888 2390 5911 ,
2425 5855 2476 5899 et
2515 5843 2686 5897 Pan-is
2732 5845 2858 5897 item
2891 5856 3052 5899 causa
3081 5837 3303 5902 iuerint,
3335 5850 3460 5890 cum
