4210 6440
717 401 816 462 347

1742 405 1955 466 JOAN.
1997 403 2217 467 VECCI
2260 401 2371 460 ΟΡ.
2414 402 2689 460 ΡΑΤΒΙΛ
2707 404 2929 464 ΒΟΙΙέΕ

3888 405 4002 467 348

718 512 962 565 eamdem
993 513 1425 568 essentiamsine
1451 514 1902 582 ulloﬁliscrimine
1934 517 2290 586 possideant:

2426 515 2496 566 ιαὶ
2525 514 2642 582 οὐχὶ
2677 516 2772 568 καὶ
2812 517 2973 576 αὑτὰ,
3001 517 3096 570 καὶ
3126 518 3377 586 ἀλλήλων
3411 519 3563 569 αἴτια
3611 515 3703 568 καὶ
3731 513 3828 567 τοῦ
3890 516 4005 566 lla-

719 604 1046 665 secundum.
1082 607 1358 674 quomodo
1382 609 1930 674 supersubstantialis
1955 606 2308 662 fecunditatis

723 697 1099 753 manifestatio
1133 701 1378 765 sistetur,
1421 702 1466 755 si
1508 705 1758 757 essentia:
1815 703 2122 756 fecunditas
2153 700 2310 753 attri-

719 792 1000 846 buitur?»
1039 793 1103 846 Et
1159 795 1272 848 haec
1301 795 1390 850 ille
1451 804 1504 850 et
1566 796 1734 850 multa
1795 797 1897 850 alia
1962 797 2047 850 his
2109 793 2308 848 similia

721 885 1045 938 stultissime
1083 883 1390 950 hlateran’s;
1429 898 1689 956 tanquam
1722 890 1814 956 qui
1848 887 2312 942 demonstratione

725 976 870 1030 haud
905 977 1230 1033 subsistenti
1269 982 1516 1034 studiose
1565 983 1798 1049 probare
1846 981 2060 1041 nititur.
2091 994 2152 1032 ea
2189 994 2311 1047 quae

719 1085 781 1121 ex
847 1070 1124 1139 bypostasi
1181 1074 1390 1140 absque
1448 1074 1684 1127 essentia
1755 1084 1883 1127 sunt
1934 1081 2182 1136 causata,
2240 1088 2305 1126 ea

722 1176 787 1212 ex
828 1171 1049 1227 paterna
1091 1164 1367 1232 hypostasi
1399 1181 1540 1227 esse,
1592 1165 1809 1232 qualem
1848 1165 1948 1218 sibi
1987 1164 2194 1217 foveam
2228 1163 2311 1217 ΐο-

722 1253 822 1314 dit,
863 1254 997 1308 satis
1049 1269 1076 1306 a
1117 1256 1742 1310 nobisdemonstratum
1802 1265 1885 1310 est
1933 1257 1985 1309 in
2052 1257 2310 1309 omnibus

720 1352 1034 1396 nostrarum
1080 1347 1442 1415 scriptionum
1503 1349 1774 1416 partibus,
1809 1348 1861 1400 in
1912 1349 2114 1416 quibus
2163 1348 2308 1402 dicta

721 1434 929 1501 scripto
968 1437 1167 1489 tradita
1217 1438 1426 1506 digesta
1469 1449 1618 1502 sunt,
1670 1455 1790 1506 quae
1842 1439 2016 1493 Patris
2057 1456 2180 1492 cum
2218 1455 2308 1492 es-

720 1523 903 1579 sentia
944 1527 1231 1596 hypostasi
1275 1545 1500 1583 causam
1537 1533 1819 1585 ascribunt
1848 1551 1860 1585 :
1888 1534 2028 1585 inter
2056 1548 2174 1600 qua:
2199 1548 2309 1601 pra:

723 1616 844 1668 aliis
895 1619 1082 1671 multis
1146 1621 1526 1689 theologorum
1578 1624 1908 1678 testimoniis
1952 1624 2308 1692 praeclarissi-

722 1721 844 1760 mus
884 1708 1213 1763 Athanasius
1255 1727 1402 1764 nunc
1436 1731 1452 1762 ι
1485 1713 1766 1782 proprium
1796 1733 1812 1762 ι
1850 1714 2088 1780 appellat
2137 1716 2306 1767 letum

723 1809 960 1866 paterna!
987 1803 1241 1856 essentia:
1274 1803 1467 1857 Filium
1504 1824 1523 1856 ι
1558 1823 1572 1868 ;
1638 1822 1784 1860 nunc
1847 1825 1864 1855 ι
1899 1806 2072 1861 Patris
2121 1822 2310 1860 essen-

724 1893 852 1943 liam
881 1893 1209 1961 principium
1236 1908 1289 1948 et
1313 1896 1574 1955 radicem.
1609 1908 1664 1951 et
1705 1898 1907 1952 fontem
1947 1899 2068 1953 Filii
2096 1919 2114 1949 ι
2155 1915 2310 1952 com-

724 1983 962 2051 probat:
999 2002 1194 2040 nunc:
1237 2007 1254 2037 ι
1293 1987 1479 2056 Neque
1527 1991 1673 2044 enim
1729 2001 2012 2046 externum
2055 1994 2184 2061 quid
2235 2003 2316 2048 est

731 2075 854 2133 Filii
893 2080 1131 2132 essentia
1183 2093 1581 2147 commentum,
1621 2103 1639 2134 ι
1681 2085 1832 2144 dicit.
1866 2104 1883 2135 ι
1923 2102 2098 2155 neque
2145 2103 2208 2140 ex
2249 2089 2317 2142 iis

725 2185 848 2237 quae
885 2185 988 2223 non
1023 2180 1150 2223 sunt
1182 2171 1518 2239 introducta,
1583 2176 1676 2228 sed
1711 2191 1774 2229 ex
1843 2176 2023 2230 Patris
2075 2180 2316 2233 essentia

725 2274 846 2315 Orta
879 2271 980 2327 est,
1010 2267 1470 2331 quemadmodum
1525 2267 1747 2322 luminis
1772 2270 2049 2337 splendor,
2084 2281 2137 2325 et
2163 2288 2320 2340 aqua:

727 2369 896 2423 vapor
925 2373 946 2408 τ
986 2374 1003 2406 ι
1036 2372 1199 2418 nunc,
1244 2378 1261 2409 ι
1303 2375 1527 2413 causam
1563 2377 1683 2416 esse
1721 2361 1808 2414 Dei
1845 2372 2096 2417 naturam
2128 2364 2316 2418 decer-

731 2447 810 2498 nit
859 2464 877 2497 ι
924 2457 977 2501 et
1006 2446 1126 2500 Filii
1159 2459 1212 2501 et
1242 2451 1505 2518 Spiritus.

802 2536 854 2588 8.
900 2536 1284 2595 Verumtamen
1322 2557 1489 2607 nunc,
1542 2553 1801 2604 etantea.
1852 2547 2132 2603 etiterum
2195 2567 2319 2604 cum

735 2632 1145 2688 ostenderimus
1181 2634 1233 2686 iu
1264 2636 1376 2702 jam
1413 2637 1601 2704 positis
1627 2638 1885 2708 Cyprium
1915 2652 2100 2710 aperte
2123 2654 2325 2698 semct-

735 2728 911 2790 ipsum
968 2725 1318 2793 redarguere,
1385 2729 1656 2783 undenam
1717 2732 2009 2801 plerOSque
2068 2736 2206 2790 alios
2255 2739 2326 2792 ab

733 2814 921 2865 eodem
951 2813 1128 2881 decipi
1161 2816 1411 2884 contigit,
1465 2817 1982 2876 demonstrabimus.
2029 2825 2149 2890 Quo
2208 2829 2326 2881 loco

735 2920 898 2971 porro
946 2907 1186 2974 seipsum
1219 2909 1542 2979 redarguit?
1581 2910 1681 2965 Ubi
1750 2915 1802 2967 in
1864 2920 2109 2971 secundo
2177 2928 2326 2972 tomo

736 3013 960 3049 suarum
1000 3001 1323 3068 pericopeou
1347 3004 1579 3056 scribit:
1615 3024 1633 3055 ι
1675 3004 1863 3072 Neque
1891 3010 2035 3061 enim
2056 3022 2143 3064 est
2172 3027 2328 3065 com-

745 3087 926 3141 munis
959 3090 1193 3143 essentia
1241 3101 1295 3144 ct
1349 3103 1544 3148 natura
1610 3098 1916 3166 hypostasis
1973 3117 2157 3166 causa,
2202 3120 2325 3159 cum

2413 607 2543 676 τρδς
2574 609 2634 660 τὸ
2657 609 2715 661 ἓν
2745 610 3190 679 ἀπαραλλάκτως
3217 611 3361 664 κατά
3390 611 3492 680 τὴν
3536 609 3726 662 οὑσίαν
3765 606 4003 674 ἔχοντας

2413 701 2669 770 δεύτερον
2696 703 2752 755 δὲ
2776 703 2893 766 πῶς
2923 705 3004 764 είς
3034 703 3240 772 Τριάδα
3267 705 3299 773 ἠ
3338 705 3438 771 τῆς
3475 701 3803 771 ὑπερουσίου
3853 716 4003 764 γονι-

2416 792 2652 860 μότητος
2685 793 2916 859 ἔκφασις
2950 795 3232 863 στήσεται,
3265 795 3424 861 εἴπερ
3451 794 3548 860 τῆς
3589 791 3776 853 οὑσίας
3805 788 3922 840 ἐστὶ
3939 787 4004 837 τὸ

2413 883 2676 951 γόνιμονς
2723 901 2740 933 ι
2779 882 2966 935 Ταῦτα
3008 885 3106 936 καὶ
3133 883 3302 935 πολλά
3348 882 3557 943 τούτοις
3591 881 3750 950 ὃμοια
3801 881 3829 931 ὁ
3892 877 4006 944 μά-

2414 994 2564 1037 ταιος
2591 976 2875 1045 ληρῳδῶν,
2925 976 3020 1030 ἀτε
3074 976 3138 1043 δὴ
3217 977 3598 1029 ἀνυπόστατον
3649 972 4006 1026 ἐπισπεύδων

2415 1069 2692 1133 ἀπόδειξιν
2718 1069 2812 1122 τοῦ
2848 1069 2910 1134 ἐξ
2936 1071 3188 1122 ἀνουσίου
3215 1069 3573 1130 ὑποστάσεως
3627 1067 3759 1118 ὄντα
3815 1081 4006 1131 παρα-

2419 1162 2618 1230 στῆσαι
2661 1163 2766 1231 τῆς
2805 1165 3084 1232 πατρικῆς
3131 1163 3202 1214 τά
3250 1163 3468 1215 ἐκεῖθεν
3509 1160 3750 1220 αἰτιατά,
3814 1159 4006 1212 ὁποῖον

2418 1255 2518 1322 μὲν
2545 1253 2802 1316 ἀσεϐείας
2841 1254 3023 1323 ἑαυτῷ
3064 1252 3296 1322 διώρυξε
3361 1252 3553 1322 βάθρον
3604 1249 3804 1310 ἱκανῶς
3869 1249 4009 1313 ἡμῖν

2412 1346 2708 1416 ἀπεδείχθη
2743 1348 2802 1398 ὲν
2841 1347 3064 1408 ὁπόσοις
3122 1347 3233 1398 τῶν
3293 1345 3583 1416 ἡμετέρων
3641 1341 4008 1406 κατεστρώθη

2413 1438 2644 1508 γραφῶν
2671 1439 2888 1507 μέρεσι,
2915 1438 2984 1491 τά
3005 1438 3293 1508 προδήλως
3315 1439 3382 1506 τῇ
3409 1437 3640 1502 ὲνουσξῳ
3664 1435 3759 1485 τοῦ
3790 1434 4007 1500 Πατρῖις

2417 1531 2713 1584 ὑποστάσει
2738 1532 2799 1583 τὸ
2832 1532 3006 1583 αἴτιον
3035 1530 3382 1599 ἀπονέμοντα
3420 1531 3647 1598 ῥήματα
3705 1526 3962 1593 γραφικά
3993 1541 4008 1553 ’

2414 1623 2549 1674 ὅπου
2576 1623 2711 1692 πρὸς
2735 1623 2846 1684 τοῖς
2863 1621 3046 1684 ἄλλοις
3072 1621 3181 1674 τῶν
3211 1621 3482 1687 θεολόγων
3519 1621 3614 1671 καὶ
3681 1619 4012 1678 Ἀθανασισς

2414 1717 2442 1766 ὁ
2465 1714 2715 1784 λαμπρὸς
2743 1713 2838 1765 νῦν
2875 1714 2974 1782 μὲν
3019 1731 3037 1765 ι
3081 1711 3214 1765 ἴδιον
3247 1731 3266 1766 ι
3308 1712 3578 1765 ἀποκαλεῖ
3611 1712 3865 1778 γέννημα
3907 1712 4010 1773 τῆς

2416 1805 2510 1858 τοῦ
2588 1805 2802 1876 Πατρὸς
2848 1803 3038 1866 οὐσίας
3126 1804 3218 1858 τὸν
3303 1804 3451 1865 Υίὸν,
3507 1801 3602 1855 νῦν
3654 1802 3845 1870 δὲτὴν
3909 1799 4011 1851 τοῦ

2416 1898 2676 1966 Πατρδςο
2767 1897 2955 1949 οὑσίαν
3007 1897 3179 1966 ἀρχὴν
3251 1898 3344 1949 καὶ⁸
3411 1897 3569 1966 ῥίζαν
3639 1896 3734 1947 καὶ
3821 1893 4012 1961 πηγὴ-δ

2416 1989 2784 2056 ἀποφαίνεται
2822 2009 2840 2040 ι
2878 1988 2974 2042 τοῦ
2997 1987 3155 2055 Υῑοῦ,
3198 2008 3215 2041 ι
3249 1989 3342 2042 καὶ
3370 1988 3466 2041 νῦν
3530 1989 3648 2055 μὲν,
3718 2005 3736 2037 ι
3766 1986 3842 2038 Οὑ
3898 1986 4012 2053 γὰρ

2418 2081 2619 2146 ἔξωθέν
2648 2098 2731 2142 τις
2772 2081 2917 2145 ἐστὶ,
2957 2100 2975 2132 ι
3019 2081 3190 2147 λέγει,
3224 2100 3242 2132 ι
3294 2082 3327 2150 ἡ
3357 2079 3450 2133 τοῦ
3481 2079 3614 2132 Τιοῦ
3643 2077 4011 2147 ἑφευρεθεῖσα

2419 2174 2598 2234 οὐσία,
2667 2173 2787 2225 οὑδὲ
2821 2178 2885 2225 ὲκ
2919 2172 2994 2243 μὴ
3020 2174 3192 2225 ὄντων
3236 2173 3566 2241 ὲπεισήχθη,
3631 2171 3748 2223 ἀλλ’
3803 2173 3869 2221 ἐκ
3911 2169 4013 2237 τῆς

2421 2265 2516 2317 τοῦ
2552 2265 2765 2334 Πατρδς
2817 2265 3006 2328 οὐσίας
3046 2266 3169 2332 ἔφυ,
3200 2267 3276 2328 ὡς
3314 2263 3406 2316 τοῦ
3449 2264 3628 2333 φωτὸς
3658 2262 3720 2315 τὸ
3754 2263 4013 2327 ἀπαύγαο

2425 2374 2538 2425 σμα
2556 2358 2652 2409 καὶ
2674 2357 2749 2419 ὡς
2781 2355 2977 2420 ὓδατος
3011 2358 3231 2426 ἀτμίςοι
3259 2357 3356 2409 νῦν
3377 2357 3455 2416 δὲ,
3481 2357 3660 2408 «αἰτία
3694 2357 3844 2407 ἐστὶν
3870 2353 4014 2423 ἠτοῦ

2423 2447 2560 2501 θεοῦ
2580 2450 2764 2519 φύσις,
2780 2449 3021 2516 θεολογεί
3037 2452 3136 2502 καὶ
3153 2449 3248 2501 τοῦ
3265 2449 3394 2500 Υίοῦ
3412 2448 3609 2500 καὶτοῦ
3631 2448 3972 2516 Πνεύματος.
3992 2467 4011 2494 ι

2495 2548 2566 2610 η’.
2601 2539 2676 2591 Τὸ
2704 2539 2760 2590 δέ
2789 2555 2851 2606 γε
2899 2539 3075 2607 παρὸν
3105 2539 3375 2608 πρότερον
3409 2539 3502 2590 καὶ
3536 2537 3701 2588 πάλιν
3734 2535 4016 2587 ἀποδεδει-

2427 2635 2581 2704 χὸτες
2615 2634 2801 2702 ἡμεῖς,
2830 2632 2979 2693 ὅπως
3005 2633 3109 2682 κάν
3139 2633 3252 2693 τοῖς
3280 2632 3382 2701 ήδη
3416 2630 3660 2700 ῥηθεῖσιν
3691 2627 3873 2697 ἐαυτῷ
3899 2628 4016 2680 Κύ-

2428 2744 2592 2798 πριος
2626 2727 2787 2787 αὑτὸς
2823 2725 3044 2793 ἐλεγχος
3077 2724 3441 2793 ἀναφαίνεται
3500 2723 3718 2790 ἑφεξῆς,
3753 2724 3847 2774 καὶ
3883 2724 4015 2773 ὁπός

2430 2822 2522 2874 θεν
2546 2819 2694 2887 αὑτῷ
2725 2817 3194 2886 παραλογίζεσθαι
3225 2816 3352 2876 τοὺς
3405 2815 3634 2874 πολλοὺς
3657 2815 3751 2865 ἐπὶ
3794 2812 4020 2873 τούτοις

2429 2914 2810 2980 προσγίνεται,
2843 2911 3222 2978 ὑποδείξομεν.
3263 2907 3510 2976 Ἐλέγχει
3540 2907 3587 2959 δ’
3612 2907 3825 2967 ἑαυτὸν,
3860 2905 3967 2957 ποῦ
4005 2925 4020 2968 ;

2431 3007 2610 3056 ὐπου
2636 3004 2746 3057 τῶν
2778 3006 2836 3055 ὲν
2860 3004 2940 3072 τῷ
2969 3003 3210 3072 δευτέρῳ
3249 3003 3401 3072 τὸμῳ
3459 3000 3783 3070 περικοπῶν
3843 2997 4019 3049 αὑτοῦ

2430 3101 2578 3166 λέγει
2610 3116 2622 3128 ο
2649 3117 2667 3148 ι
2709 3097 2844 3149 Οὐδὲ
2890 3097 2997 3166 γάρ
3039 3097 3186 3148 ἐστιν
3302 3097 3456 3162 κοινὴ
3509 3096 3669 3147 οὑσία
3707 3093 3800 3145 καὶ
3850 3093 4020 3160 φύσις

748 3193 848 3229 nec
917 3190 1143 3240 generet
1215 3199 1480 3251 unquam,
1551 3201 1730 3254 neque
1821 3191 1937 3257 ipsa
2010 3195 2322 3248 communis

2432 3188 2787 3250 ὑποστάσεως
2817 3187 2988 3240 αἰτία·
3015 3189 3139 3238 ἐπεὶ
3167 3187 3301 3256 μηδὲ
3344 3186 3639 3254 γεννητική
3670 3201 3824 3247 ποτε,
3890 3185 4020 3238 οὐδὲ

736 3269 975 3324 essentia
1017 3282 1138 3338 apta
1171 3284 1295 3325 nata
1325 3284 1404 3327 est
1434 3275 1714 3330 individua
1745 3281 2067 3347 producere.
2101 3281 2205 3335 Sed
2231 3299 2322 3337 es-

739 3359 911 3414 sentia
948 3376 1070 3414 cum
1110 3368 1550 3431 preprtetatibus,
1593 3387 1714 3436 qua:
1764 3375 1923 3439 plane
1967 3375 2114 3428 dicto
2141 3379 2322 3444 magni

741 3453 960 3508 Maximi
999 3457 1168 3524 ipsam
1196 3469 1345 3512 notat
1384 3460 1743 3529 byposlasitn,
1783 3466 1916 3532 quin
1955 3468 2073 3534 ipso
2104 3483 2324 3536 quoque

749 3562 945 3614 magno
1000 3546 1200 3601 Basilio
1256 3563 1555 3614 asserente.
1612 3555 1927 3618 deliniente,
1989 3560 2322 3627 bypostasim

741 3654 884 3698 esse,
923 3655 1045 3706 qua:
1081 3655 1373 3695 commune
1396 3653 1449 3696 ct
1479 3645 1702 3699 minime
1757 3649 2234 3718 iircumscriptum
2269 3653 2324 3704 in

745 3743 803 3778 re
839 3730 1020 3797 aliqua
1061 3748 1156 3798 per
1195 3747 1522 3801 apparentes
1554 3739 1914 3805 proprietates
1951 3751 2323 3809 reprzesentat,

743 3829 800 3874 et
825 3821 1248 3877 circumscribit.
1280 3846 1294 3876 ι
1333 3825 1470 3891 Quid
1507 3829 1588 3880 ais
1615 3828 1768 3882 ?Non
1800 3834 2020 3898 potuisti
2062 3837 2324 3900 apertius.

747 3913 961 3982 (lyprie,
1001 3931 1161 3982 quam
1201 3918 1269 3970 ab
1315 3921 1431 3987 ipso
1461 3921 1658 3990 Cyprio
1696 3925 1986 3992 redargui,
2018 3926 2148 3979 dum
2186 3929 2326 3982 scri-

748 4007 829 4060 bis
865 4007 1162 4076 faterisque
1203 4012 1376 4079 ipsam
1415 4017 1707 4068 essentiam
1743 4033 1866 4070 cum
1907 4021 2329 4087 proprietatibus

747 4099 1080 4168 hypostasim
1110 4102 1394 4170 denotare,
1459 4115 1512 4158 et
1561 4124 1879 4175 magnorum
1930 4108 2184 4164 Basiliiet
2222 4112 2329 4166 Ma-

748 4191 880 4242 ximi
921 4193 1247 4248 testimoniis
1302 4212 1523 4260 suasus,
1579 4199 1756 4253 libens
1820 4200 2114 4266 volensque
2165 4203 2328 4256 simili

747 4285 1000 4337 essentia
1032 4301 1252 4340 causam
1281 4290 1570 4343 attribuis?
1601 4290 1815 4345 Etenim
1846 4294 1889 4345 si
1937 4293 2112 4348 Patris
2147 4311 2334 4348 essen-

749 4375 878 4426 tiam
925 4393 1048 4429 cum
1101 4389 1324 4445 paterna
1378 4384 1711 4449 proprietate
1758 4385 2111 4439 exsistentem
2157 4388 2330 4454 ipsam

748 4468 993 4535 ejusdem
1047 4473 1382 4540 bypostasim
1432 4486 1622 4528 notare
1674 4479 1938 4541 afﬁrmas,
2000 4482 2223 4550 Cyprie.
2277 4490 2332 4534 et

2429 3275 2769 3344 προῦλητικὴ
2811 3277 2945 3342 αὑτὴ
2976 3292 3039 3342 γε
3070 3277 3101 3344 ἡ
3134 3276 3288 3343 κοινὴ
3325 3275 3482 3327 οὑσία
3511 3276 3724 3343 πέφυκε
3758 3276 3864 3325 τῶν
3884 3276 4023 3325 ἀτό-

2432 3384 2566 3436 μων·
2606 3368 2639 3436 ή
2680 3365 2736 3418 δὲ
2766 3367 2883 3434 μετ’
2923 3366 3239 3436 ἰδιωμάτων
3281 3367 3458 3429 οὑσία,
3493 3367 3615 3435 ἥτις
3653 3365 3838 3432 σαφῶς
3870 3366 4024 3416 κατὰ

2427 3462 2518 3512 τὸν
2556 3459 2734 3528 μέγαν
2764 3458 3019 3527 Μάξιμον
3083 3459 3253 3528 αὑτὴν
3312 3458 3466 3527 δηλοῖ
3514 3459 3614 3529 τὴν
3686 3459 4019 3510 ὑπόστασιν·

2427 3552 2565 3604 ἀλλὰ
2606 3554 2700 3604 καὶ
2730 3552 2851 3604 κατ’
2882 3551 3050 3604 αὑτὸν
3078 3551 3142 3620 δὴ
3163 3553 3255 3602 τὸν
3290 3553 3466 3620 μέγαν
3497 3552 3800 3604 Βασίλειον·
3829 3554 4016 3603 κάκεί-

2428 3661 2517 3705 νος
2551 3644 2661 3712 γὰρ
2689 3644 2992 3696 ὑπόστασιν
3026 3642 3270 3711 ὁρίζεται
3304 3639 3569 3712 εἶναιτὴν
3600 3644 3660 3695 τὸ
3719 3646 3900 3695 καινόν
3955 3661 4017 3694 τε

2430 3736 2526 3787 καὶ
2551 3736 2970 3804 ἀπερίγραπτον
3031 3737 3089 3787 ὲν
3143 3734 3222 3804 τῷ
3252 3751 3361 3787 τινι
3409 3737 3702 3804 πράγματι
3768 3736 3855 3787 διὰ
3905 3737 4021 3786 τῶν

2432 3829 2873 3896 ἐπιφαινομένων
2907 3829 3214 3895 ἰδιωμάτων
3247 3829 3600 3895 παρεστῶσαν
3628 3830 3726 3881 καὶ
3747 3831 4020 3897 περιγρα-

2433 3937 2657 3986 φουσαν.
2687 3938 2705 3970 ι
2743 3920 2808 3971 Τί
2839 3919 2977 3988 φῄς;
3015 3921 3111 3982 Τίς
3140 3920 3206 3972 ἂν
3233 3922 3462 3988 γένοιτο,
3502 3921 3740 3988 Κύπριε,
3765 3921 4019 3988 λαμπρό-

2431 4030 2588 4083 τερος
2615 4013 2842 4081 ἐλεγχος
2875 4013 3098 4082 ἢαὺτὲις
3165 4014 3435 4082 Κύπριος,
3493 4015 3555 4064 ἐν
3613 4009 3694 4075 οἷς
3741 4015 3839 4083 τὴν
3888 4017 4021 4080 μετ’

2436 4103 2750 4173 ιδιωμάτων
2777 4105 2971 4158 οὑσίαν
3003 4105 3174 4174 αὑτὴν
3199 4104 3394 4174 δηλοῦν
3427 4104 3682 4173 ὁμολογεῖ
3727 4106 3831 4175 τὴν
3882 4105 4021 4155 ὑπό-

2435 4211 2628 4248 στασιν
2654 4195 2925 4266 Βασιλείῳ
2956 4197 3049 4249 καὶ
3101 4197 3346 4267 Μαξίμῳ
3376 4199 3487 4259 τοῖς
3545 4198 3800 4266 μεγάλοις
3835 4199 4022 4250 πειθό-

2437 4301 2619 4352 μενος,
2647 4283 2741 4336 καὶ
2788 4285 3075 4348 ἀσπασίως
3127 4287 3197 4355 τῇ
3251 4286 3478 4356 τοιαύτῃ
3526 4289 3686 4357 οὐσία
3733 4288 3795 4339 τὸ
3843 4289 4023 4340 αἰτίαν

2436 4374 2768 4442 ἀπονέμων;
2806 4376 2868 4427 ΕΙ
2906 4375 3012 4444 τάρ
3041 4377 3142 4447 τὴν
3165 4377 3260 4429 τοῦ
3289 4378 3502 4446 ΙΙατρὸς
3538 4380 3728 4430 οὑσίαν
3761 4381 3902 4447 μετά
3924 4380 4022 4432 τοῦ

2436 4464 2711 4534 πατρικοῦ
2754 4467 3138 4535 τυγχάνουσαν
3193 4468 3490 4538 ἰδιώματος
3522 4469 3694 4540 αὑτὴν
3727 4474 3826 4541 τὴν
3851 4473 4024 4524 αὑτοῦ

748 4562 909 4616 simili
939 4567 1192 4618 essentia:
1216 4581 1436 4618 causam
1473 4568 1735 4632 tribuere,
1769 4586 1835 4624 ne
1863 4572 2152 4625 tninimum
2209 4575 2322 4640 qui-

2436 4557 2736 4609 ὑπόστασιν
2762 4558 3047 4625 ὁμολογεῖς
3074 4557 3292 4627 δηλοῦν,
3333 4559 3549 4627 Κύπριε
3581 4562 3676 4612 καὶ
3697 4564 3766 4630 τῇ
3794 4563 4025 4633 τοιαύτῃ

748 4652 870 4706 dem
912 4654 1150 4716 dubitas,
1201 4659 1421 4710 ubinam
1450 4670 1579 4713 sunt
1611 4661 1849 4728 ingentia
1894 4671 1982 4714 tua
2035 4663 2125 4715 illa
2164 4679 2335 4729 nuga-

751 4746 969 4797 menta?
1005 4749 1223 4800 ubinam
1255 4750 1458 4817 absque
1503 4751 1613 4802 ullo
1648 4753 1965 4806 discrimine
2006 4754 2074 4806 ab
2099 4755 2334 4807 essentia

752 4831 1171 4890 Patriscausam
1225 4842 1566 4895 sustollentia
1616 4844 1853 4904 decreta,
1896 4853 2011 4904 aut,
2066 4853 2121 4896 ut
2155 4846 2336 4912 aptius

753 4927 953 4990 dicam,
1005 4931 1436 4998 vaniloquentia,
1479 4944 1531 4988 et
1584 4936 1654 4988 de
1712 4937 1876 4989 rebus
1904 4937 2058 4989 nihili
2104 4938 2336 4990 curiosa:

755 5021 1223 5089 disceptationes?
1265 5024 1496 5081 Videsne
1551 5044 1662 5096 quo
1690 5029 1958 5082 malorum
1996 5029 2222 5082 adactus
2253 5045 2334 5091 es,

756 5112 884 5162 dum
918 5128 1107 5180 parum
1160 5117 1510 5171 considerate
1542 5133 1629 5171 res
1689 5119 2026 5187 theologicae
2085 5117 2336 5172 tractas?

759 5202 1023 5258 Praeterea
1076 5223 1095 5257 ι
1156 5223 1503 5263 communem
1587 5217 1865 5275 naturam,
1924 5219 1978 5264 et
2041 5210 2334 5264 essentiam

760 5297 964 5350 nuLius
1004 5299 1312 5367 hypostasis
1361 5318 1484 5355 esse
1532 5317 1757 5355 causam
1789 5303 2014 5356 asseris.
2053 5319 2072 5352 ο
2141 5302 2211 5353 At
2235 5315 2338 5367 ego

763 5390 924 5442 talem
958 5393 1247 5444 essentiam
1291 5410 1398 5446 non
1430 5396 1481 5447 in
1519 5395 1625 5448 Deo
1661 5404 1896 5459 tantum,
1955 5394 2050 5448 sed
2085 5395 2138 5446 in
2201 5402 2339 5461 qua-

759 5497 991 5549 cumque
1035 5484 1137 5536 alia
1163 5495 1407 5537 creatura
1449 5502 1672 5553 prorsus
1715 5487 1949 5552 inlicior,
1978 5487 2032 5538 ni
2065 5484 2335 5553 quispiam

761 5575 1125 5628 Aristotelicis
1158 5578 1368 5644 placitis
1399 5593 1712 5645 persuasus,
1750 5579 1838 5632 cui
1885 5589 1937 5631 te
1973 5577 2216 5646 praebere
2251 5591 2342 5628 as-

761 5682 980 5720 sensum
1016 5684 1294 5722 sermones
1321 5671 1394 5724 tui
1424 5673 1805 5738 comprobant,
1839 5680 1892 5723 et
1916 5667 2196 5738 quannille
2217 5679 2341 5719 ante

763 5759 928 5810 tnuita
986 5760 1276 5811 essentiam
1319 5776 1660 5829 nuncupatis,
1705 5761 1757 5812 in
1828 5761 2051 5812 deorum
2115 5770 2342 5809 numero

762 5849 1014 5915 collocat,
1063 5864 1476 5919 veneraturque,
1513 5854 1622 5908 tuis
1679 5853 2041 5918 pronuntiatis
2075 5852 2229 5918 plane
2291 5858 2339 5902 te

2435 4650 2600 4702 οὑσια
2631 4650 2694 4701 τὸ
2725 4650 2900 4702 αι’τιον
2959 4650 3261 4719 ἀπονέμειν
3313 4651 3588 4714 διστάζεις
3650 4654 4021 4706 οὑόοπωσοῦν·

2437 4740 2542 4793 ποῦ
2569 4743 2620 4793 oi.
2653 4741 2858 4810 μακροὶ
2883 4741 3082 4794 ἐκεῖνοί
3113 4758 3208 4792 σου
3233 4741 3394 4810 λῆροι
3423 4758 3438 4806 ;
3471 4743 3576 4795 ποῦ
3634 4745 3692 4796 αἱ
3717 4746 3813 4813 τῆς
3869 4748 4023 4797 οἱασ-

2435 4833 2530 4885 οῦν
2558 4835 2846 4902 διαστολῆς
2907 4835 3032 4902 δίχα
3062 4834 3166 4903 τὴν
3190 4835 3382 4887 οὐσίαν
3439 4836 3536 4888 τοῦ
3583 4839 3800 4906 Πατρδς
3852 4843 4022 4904 agat-

2438 4923 2632 4994 ροῦσαι
2662 4925 2724 4978 τὸ
2753 4927 2933 4978 αῐτιον
2975 4927 3253 4993 θεολογίαι
3282 4944 3378 4978 σου
3419 4928 3452 4998 ἢ
3487 4932 3873 4997 ματαιολογίαι
3924 4949 4024 4984 σου

2436 5019 2498 5069 τὸ
2530 5019 2864 5088 κυριώτερον
2897 5037 2911 5084 ;
2960 5019 3122 5088 Ὁρᾷς
3161 5015 3217 5071 οἷ
3257 5020 3428 5073 κακοῦ
3493 5024 3779 5091 προήχθης
3827 5025 4026 5090 ἀπεριο

2441 5109 2692 5171 σκέπτως
2723 5109 3025 5174 θεολογῶνς
3062 5109 3186 5162 Ἐτι
3219 5110 3276 5162 δὲ
3311 5129 3330 5161 ι
3360 5111 3462 5181 τὴν
3488 5115 3678 5183 κοινὴν
3703 5115 3891 5167 οὑσίαν
3923 5117 4025 5166 καὶ

2442 5200 2604 5268 φύσιν
2643 5201 2916 5270 μηδεμιᾶς
2951 5202 3308 5264 ὑποστάσεως
3340 5199 3484 5256 εἶναι
3513 5204 3696 5272 λέγεις
3751 5207 3957 5260 αἰτίαν.
3999 5228 4019 5259 ο

2452 5293 2595 5361 Ἐγὼ
2635 5295 2769 5362 μηδὲ
2798 5289 2941 5347 εἶναι
2982 5295 3119 5357 ὅλως
3160 5295 3420 5365 τοιαύτην
3472 5297 3684 5360 οὐσίαν,
3727 5301 3801 5368 μή
3844 5301 3928 5353 τοί
3959 5319 4025 5370 γε

2439 5384 2534 5436 ἐπὶ
2555 5385 2717 5451 Θεοῦ,
2753 5386 2872 5438 ἀλλ’
2903 5385 3015 5438 οὐδ’
3044 5387 3138 5438 ἐπὶ
3168 5387 3388 5451 οὐδενὸς
3453 5389 3562 5441 τῶν
3609 5392 3848 5443 κτιστῶν
3885 5395 4026 5446 ἀπο.

2442 5479 2725 5547 φαίνομαι,
2756 5479 2806 5530 εί
2833 5479 2907 5546 μή
2937 5478 3041 5530 πού
3073 5495 3154 5540 τις
3196 5479 3653 5548 Ἀριστοτελικοίς
3698 5483 4026 5551 πειθόμενος

2442 5569 2735 5639 δόγμασιν,
2761 5571 2948 5622 ὁποῖον
2979 5570 3145 5621 αὑτόν
3179 5588 3241 5624 σε
3274 5567 3417 5624 εἶναι
3476 5572 3624 5639 λόγοι
3674 5577 4026 5644 παριστῶσιν

2441 5665 2491 5716 οἱ
2522 5664 2628 5725 σοὶ,
2664 5662 2732 5732 ἠν
2774 5662 2880 5732 πρὸ
2909 5661 3018 5713 τῶν
3057 5662 3266 5714 πολλῶν
3299 5667 3508 5726 ἐκεῖνος
3527 5665 3789 5732 ὀνομάζει
3815 5667 4018 5721 οὐσίαν

2445 5755 2716 5807 θεοποιεῖν
2739 5753 2913 5806 ἐθέλει
2939 5753 3031 5805 καὶ
3070 5753 3348 5819 σέϐεσθαι,
3387 5755 3648 5823 τοιαύτην
3685 5760 3748 5808 σὺ
3796 5761 4025 5823 παντως

2445 5846 2503 5911 ἐξ
2537 5839 2806 5913 ὧνλέγιις
2839 5844 3155 5914 πρεσσενων
3194 5846 3487 5914 ἀπελέγχει
3519 5847 3729 5900 οὐσίαν.
3787 5849 3920 5909 Ἐγὼ
3964 5850 4022 5902 δὲ
