4210 6440
758 398 853 477 351

1770 403 1983 464 JOAN.
2027 400 2241 466 VECCI
2286 400 2394 458 CP.
2443 398 2955 462 PATRIARCH/E

3909 396 4023 460 352

755 511 975 579 quidem
999 510 1157 574 ratio,
1184 521 1405 579 prepter
1424 526 1587 582 quam
1624 514 1784 567 trium
1814 527 2191 581 personarum.
2223 510 2337 565 sive

2457 509 2608 571 ἑάλω,
2640 508 2708 561 δι’
2741 511 2805 576 ἢν
2835 515 2927 564 καὶ
2950 513 2999 564 οί
3027 513 3083 563 ἐν
3110 512 3317 583 Nimia
3346 510 3589 581 Πατέρες
3618 509 4018 578 ἡθροίσθησαν,

755 602 918 652 trium
944 600 1305 670 hypostaseon
1328 602 1563 657 essentia
1599 604 1797 658 dicitur
1818 620 1945 667 una,
1968 604 2079 657 haec
2097 613 2201 658 est.
2232 600 2333 652 Sed

755 693 991 762 Cyprius
1022 692 1074 745 in
1105 708 1326 745 causam
1356 705 1409 747 et
1440 702 1724 747 causatum
1751 694 2072 748 divisionem
2096 704 2148 747 et
2169 692 2327 747 άιιῐεο

757 783 1015 843 rentiam,
1052 790 1311 850 tanquam
1352 798 1515 836 unam
1546 798 1608 835 ex
1654 782 1972 835 differentiis
2021 798 2329 844 assumens,

756 885 975 942 propter
1006 889 1143 941 quas
1185 890 1289 926 una
1314 874 1544 925 essentia
1572 874 1639 927 ab
1661 874 1762 926 alia
1788 874 1988 935 diﬂ‘ert,
2017 889 2178 926 unam
2207 890 2330 927 esse

757 969 917 1018 trium
941 981 1296 1030 personarum
1324 965 1614 1017 essentiam
1650 966 1859 1021 deilnit.
1889 965 1958 1017 ita
1996 975 2055 1017 ιιι
2080 981 2253 1031 neque
2283 968 2334 1019 in

754 1072 976 1110 causam
998 1068 1051 1110 et
1070 1066 1349 1108 causalum
1369 1056 1721 1109 diﬂ'erentiam
1741 1058 2009 1116 admittat,
2027 1072 2147 1125 quae
2168 1058 2339 1109 mani-

757 1148 889 1201 festa
910 1150 1157 1215 deceptio
1172 1159 1274 1201 est.
1301 1146 1481 1215 Neque
1504 1148 1643 1199 enim
1673 1148 1725 1199 in
1744 1163 1964 1201 causam
1986 1157 2037 1199 et
2059 1158 2335 1201 cansatnm

755 1239 1057 1292 diiTerentia
1080 1241 1332 1291 essentne
1350 1239 1705 1291 dim-rentiam
1732 1239 1953 1300 inducit,
1976 1240 2066 1292 sed
2088 1256 2342 1305 persona-

758 1345 903 1391 rum,
942 1332 1244 1383 secundum
1270 1330 1412 1399 quod
1445 1346 1607 1383 causa
1654 1342 1707 1384 et
1738 1340 2017 1383 causatum
2059 1332 2338 1395 diﬂ'ernnt,

757 1439 882 1475 cum
908 1437 1085 1476 tamen
1112 1439 1272 1475 unam
1293 1425 1645 1490 eamdemque
1674 1433 1921 1475 naturam
1954 1438 2015 1475 ac
2046 1425 2335 1478 essentiam

757 1525 1109 1576 conservent.
1142 1514 1297 1577 Quod
1332 1516 1375 1567 si
1411 1516 1719 1567 testimonia
1768 1515 1893 1567 item
1933 1514 2337 1583 Scripturarum

762 1608 1009 1672 requiris.
1038 1606 1331 1675 Gregorius
1352 1604 1756 1675 Nysseonsium,
1793 1621 1853 1659 ac
1874 1607 2041 1660 totius
2069 1616 2336 1659 terrarum

758 1696 908 1751 orbis
940 1696 1143 1757 lumen,
1176 1697 1229 1748 in
1280 1695 1557 1750 tradendis
1587 1695 1936 1762 dogmatibus
1988 1697 2344 1766 praeclarissi-

763 1805 921 1848 mus,
982 1788 1467 1842 consubstantialis
1513 1788 1935 1855 conjunctiones
1988 1788 2340 1856 expresserit,

769 1897 891 1946 quze
917 1881 1183 1933 divisione
1215 1880 1267 1933 in
1293 1894 1513 1932 causam
1543 1889 1596 1932 et
1644 1888 1929 1931 causatum
1969 1879 2120 1931 nullo
2180 1879 2343 1931 modo

764 1973 827 2025 la:
850 1972 1052 2032 lnntur,
1082 1988 1205 2025 cum
1236 1972 1405 2026 dicit:
1443 1971 1525 2025 tln
1560 1971 1759 2039 quibus
1786 1985 1881 2039 per
1907 1970 2094 2023 omnia
2129 1978 2341 2024 natura:

763 2063 945 2117 simile
993 2067 1333 2125 conlitenlcs,
1364 2062 1745 2127 dilIerentiam,
1773 2077 1895 2133 ane
1923 2070 2004 2116 est
2044 2061 2337 2115 secundum

762 2169 983 2205 causam
1014 2162 1068 2206 et
1102 2163 1407 2215 causatum,
1429 2170 1534 2207 non
1561 2154 1889 2207 inliciamur.
1930 2171 1947 2204 ι

2440 598 2505 665 ἢν
2549 599 2642 650 καὶ
2693 600 3051 669 ἀναιροῦντες
3097 601 3300 670 πολλὴν
3330 599 3665 663 ἐνεδείξαντο
3693 598 3791 668 τὴν
3846 613 4021 649 σπου-

2439 690 2558 757 δὴν,
2599 694 2698 752 τὰς
2730 692 2913 756 φωνὰς
2942 692 3169 754 ταύτας,
3201 692 3263 743 τὸ
3290 693 3421 760 μία,
3455 690 3517 743 τὸ
3544 689 3636 751 ἓν,
3662 690 3724 742 τὸ
3743 687 4022 755 ἀπαράλ-

2440 784 2671 833 λακτον
2720 781 2821 849 τῆς
2878 784 3316 851 τρ.συποστάτου
3376 785 3761 852 κατηγορῆσαι
3800 782 4019 842 οὐσίας.

2454 871 2511 923 'U
2548 872 2647 940 μὲν
2678 872 2741 940 δὴ
2772 872 2978 942 ἀληθὴς
3004 873 3161 936 λόγος
3193 874 3319 926 καθ’
3367 874 3428 925 ὃν
3477 874 3573 942 μία
3616 874 3647 942 ὴ
3692 872 3803 925 τῶν
3851 872 4027 939 τριῶν

2440 964 2747 1028 προσώπων
2771 966 3205 1034 τρισυπόστατος
3241 965 3572 1033 θεολογεῖται
3601 964 3782 1018 οὐσία.
3844 958 4020 1025 Οὗτος

2440 1056 2689 1124 Κύπριος
2730 1056 2809 1118 δὲ,
2863 1056 2963 1127 τὴν
3023 1059 3104 1120 είς
3159 1057 3334 1110 αἴτιον
3369 1059 3462 1111 καὶ
3506 1058 3755 1110 αίτιατδν
3810 1057 4021 1123 διαίρε-

2444 1164 2529 1197 σιν
2587 1146 2768 1198 αὐτῶν
2824 1148 2919 1201 καὶ
2970 1148 3236 1217 διαφορὰν
3276 1148 3351 1209 ὠς
3399 1150 3529 1217 μίαν
3588 1148 3700 1202 τῶν
3737 1147 4025 1215 διαφορῶν

2444 1235 2834 1303 ἐκλαμϐάνων,
2867 1237 2991 1289 καθ’
3022 1238 3087 1301 ἃς
3113 1240 3268 1291 οὐσία
3304 1257 3387 1301 τις
3421 1240 3609 1299 οὐσίας
3640 1238 3789 1299 τινὸς
3832 1238 4030 1303 διαφέ-

2446 1344 2548 1396 ρει,
2578 1326 2725 1378 οὕτω
2755 1329 2885 1396 μίαν
2907 1327 3042 1383 εἶναι
3068 1334 3165 1399 τὴν
3187 1332 3294 1383 τῶν
3310 1330 3479 1400 τριῶν
3499 1330 3810 1399 προσώπων
3833 1329 4032 1381 οὑιίαν

2441 1420 2761 1490 διορίζεται,
2810 1424 2886 1486 ὡς
2944 1425 3079 1493 μγ,δέ
3133 1425 3235 1491 τὴν
3282 1425 3363 1484 είς
3417 1423 3594 1476 αἴτιον
3638 1424 3733 1476 καὶ
3777 1424 4031 1475 αἰτιατίν

2441 1511 2705 1580 διαίρεσιν
2735 1515 3108 1583 ἐπιδέχεσθαι,
3162 1516 3301 1586 ὅπερ
3340 1515 3626 1584 προφανής
3673 1517 3792 1567 ἐστι
3840 1531 4031 1583 παρα-

2441 1603 2717 1671 λογισμός.
2754 1607 2829 1657 Οὺ
2861 1606 2967 1672 γάρ
3000 1608 3081 1667 εἰς
3110 1608 3285 1661 αίτιον
3306 1608 3399 1659 καὶ
3448 1607 3696 1660 αίτιατδν
3754 1606 4033 1674 διαίρεσις

2447 1695 2637 1757 οὐσίας
2665 1697 2959 1765 διαφόρους
2992 1701 3156 1762 ποιεῖ,
3193 1698 3332 1751 ἀλλὰ
3380 1682 3697 1765 προσώπων
3727 1697 4030 1765 διαφορὰν,

2447 1787 2567 1837 κατ’
2601 1788 2735 1839 αὐτὸ
2764 1789 2862 1857 μὲν
2896 1788 3057 1841 τοῦτο
3080 1790 3141 1842 τὸ
3174 1790 3352 1841 αἴτιον
3409 1791 3507 1843 καὶ
3540 1789 3789 1843 αίτιατδν
3834 1790 4036 1856 διαφε-

2451 1876 2674 1945 ρόντων,
2722 1882 3031 1948 δμοουσίων
3069 1881 3128 1934 δέ
3168 1881 3518 1952 τηρουμένων
3572 1882 3668 1934 καὶ
3740 1879 4032 1948 ὁμοφυῶν.

2451 1969 2513 2021 Εἰ
2547 1968 2603 2021 δὲ
2632 1972 3061 2044 καΥμαρτυρίας
3090 1972 3171 2025 δεῖ
3194 1973 3276 2025 σοί
3301 1991 3448 2036 τινος
3474 1973 3584 2026 άπὸ
3614 1973 3721 2025 τῶν
3764 1971 4034 2042 Γραφῶν,

2451 2063 2490 2114 Γ
2496 2067 2750 2135 ρηγὸριος
2786 2068 2814 2119 ὁ
2854 2068 2961 2120 τῶν
2993 2068 3315 2131 Νυσσαέων,
3354 2070 3453 2122 καὶ
3488 2069 3669 2135 πάσης
3705 2067 3804 2136 τῆς
3847 2068 4036 2119 οίκου-

2452 2156 2620 2226 μένης
2647 2160 2873 2228 φωστὴρ
2901 2160 3131 2231 διαυγὴς
3160 2162 3257 2213 ἐπὶ
3292 2160 3551 2230 δόγμασι,
3583 2160 3685 2223 τὰς
3710 2157 3805 2210 τοῦ
3833 2158 4038 2226 ὀμοου-

764 2250 880 2313 σίου
909 2250 1255 2317 παραστήσει
1326 2249 1606 2319 συνάψεις,
1658 2250 1827 2320 μηδέν
1863 2268 1917 2303 τι
1988 2251 2139 2320 παρὰ
2169 2249 2269 2320 τὴν
2320 2251 2403 2313 είς
2441 2252 2622 2306 αἰτίαν
2655 2255 2751 2307 καὶ
2810 2256 3057 2307 αίτιατδν
3136 2253 3518 2323 βλαπτομένας
3559 2250 3846 2321 διαίρεσιν,
3882 2248 3946 2299 τὸ
3975 2249 4037 2299 ἐν

760 2336 842 2406 οἷς
902 2344 963 2393 τὸ
982 2342 1432 2409 ἀπαράλλακτον,
1469 2361 1488 2395 ι
1514 2341 1686 2409 λέγει,
1724 2361 1740 2392 t
1776 2341 2169 2411 ὁμολογοῦντες
2204 2342 2303 2411 τῆς
2340 2341 2580 2409 φύσεως,
2606 2345 2702 2416 τὴν
2755 2347 2897 2400 κατὰ
2925 2348 2987 2399 τὸ
3018 2345 3197 2399 αἴτιον
3230 2344 3327 2399 καὶ
3357 2344 3605 2399 αίτιατδν
3633 2340 3901 2411 διαφορὰν
3927 2340 4037 2392 οὐκ

762 2430 1101 2504 ἀρνούμεθα.
1140 2453 1158 2485 ι

835 2510 1134 2587 10.,11ιιὶ›οε
1170 2523 1281 2592 jam
1337 2525 1604 2580 rationem
1638 2527 1886 2582 absolute
1922 2528 2018 2581 tibi
2066 2528 2345 2594 traditam,

768 2615 914 2667 unde
966 2613 1046 2675 lit,
1078 2626 1137 2667 ut
1165 2614 1401 2684 Cyprius
1443 2617 1744 2685 permultos
1787 2618 1837 2668 in
1871 2616 2116 2671 fraudem
2158 2618 2342 2687 depel-

767 2708 864 2769 lat,
892 2721 1015 2759 cum
1075 2716 1353 2774 paternam
1398 2709 1694 2762 essentiam
1742 2724 1905 2763 causa
1966 2711 2185 2778 spoliat.
2219 2710 2333 2777 Age

768 2814 913 2851 nunc
940 2814 1068 2850 vero
1129 2808 1183 2851 et
1220 2799 1447 2867 reliquis
1503 2798 1747 2868 ejusdem
1794 2800 2060 2854 adversus
2099 2800 2338 2869 seipsum

766 2890 1288 2943 contradictionibus
1338 2891 1585 2944 animum
1646 2893 1885 2946 attende.
1931 2892 1983 2944 In
2021 2892 2127 2945 alia
2181 2892 2341 2960 primi

768 2982 901 3034 tnmi
940 2993 1110 3047 parte,
1146 2999 1269 3035 cum
1312 2983 1388 3035 illi
1422 2983 1598 3036 visum
1645 2984 1837 3038 fuisset
1872 2984 2166 3037 dictionem
2215 2998 2345 3052 pro-

767 3074 1029 3127 cessionis
1064 3077 1375 3145 nescio'qua
1403 3077 1612 3130 ratione
1662 3076 1716 3129 in
1775 3091 1997 3131 sensum
2050 3092 2237 3131 verum
2282 3092 2347 3130 ac

2549 2530 2600 2577 t'.
2644 2524 2829 2594 Ἔχεις
2859 2525 3134 2594 τὸνλόγον
3166 2526 3393 2588 ἐντελῶς
3444 2525 3546 2595 ἤδη
3575 2525 3907 2577 ἀποδοθέντα
3940 2540 4030 2577 σοι

2450 2615 2652 2669 ὁπόθεν
2681 2617 2808 2681 τοὺς
2839 2616 3071 2680 πολλοὺς
3102 2616 3571 2688 παραλογίζεσθαι
3598 2617 3836 2685 Κυπρίῳ
3855 2633 4007 2686 προσ

2451 2710 2686 2775 γίνεται,
2718 2710 2803 2777 ἐφ’
2835 2706 2916 2771 οἷς
2944 2710 3043 2779 τὴν
3079 2710 3354 2779 πατρικὴν
3385 2708 3579 2761 οὐσίαν
3609 2708 3926 2777 ἀφαιρεῖται
3971 2709 4037 2759 τὸ

2450 2802 2646 2853 αἴτιον.
2683 2800 2857 2871 Δεῦρο
2886 2802 2949 2870 δὴ
2985 2797 3081 2854 οὖν
3112 2805 3207 2854 καὶ
3238 2802 3361 2863 ταίς
3397 2801 3481 2852 ῑτι
3516 2800 3875 2869 λειπομέναις
3928 2800 4036 2851 αῦ-

2449 2889 2545 2942 τ’δῦ
2580 2891 2705 2943 καθ’
2740 2892 2939 2944 ἑαυτοῦ
2993 2891 3347 2945 ἐναντιώσεσι
3393 2891 3652 2959 πρόσεχε.
3711 2890 3798 2941 Ἐν
3857 2890 4039 2958 ἐτέρῳ

2452 2980 2545 3034 οῦν
2575 2981 2671 3034 τοῦ
2714 2982 2933 3051 πρώτου
2976 2983 3145 3052 τόμου
3188 2981 3355 3035 αὑτοῦ
3391 2981 3546 3051 μέρει
3574 2980 3733 3046 δόξαν
3786 2981 3888 3035 οὐκ
3933 2978 4039 3033 οἷδ’

2453 3074 2599 3134 ὅπως
2632 3073 2780 3140 αὑτῷ
2812 3074 2912 3143 τὴν
2964 3074 3065 3142 τῆς
3098 3072 3481 3142 ἐγπορεύσεως
3514 3070 3660 3137 λέξιν
3690 3071 3771 3133 είς
3818 3072 4039 3124 ἔννοιαν

770 3178 975 3221 rectum
1021 3171 1289 3237 accipere,
1347 3169 1433 3221 illa
1493 3169 1561 3221 de
1612 3169 1850 3223 dictione
1900 3169 2199 3234 discernit,
2232 3183 2351 3237 qua:

2457 3164 2783 3217 ἐκλαϐέσθαι
2828 3167 2929 3235 τὴν
2985 3164 3183 3233 άληθῆ,
3242 3165 3426 3216 ἐκεῖνα
3478 3163 3608 3230 περὶ
3668 3162 3769 3230 τῆς
3820 3162 4031 3226 λέξεως

768 3261 1070 3327 propalam,
1122 3269 1177 3312 et
1206 3276 1369 3329 quam
1409 3259 1856 3315 manifestissime
1912 3258 2133 3312 modttm
2170 3259 2344 3328 ipsam

766 3353 1101 3405 cxsistentiae
1149 3367 1292 3414 esse,
1350 3362 1404 3406 et
1456 3354 1840 3422 proprietatem
1888 3351 2152 3420 Spiritum
2205 3351 2348 3404 desi—

771 3458 1025 3512 gnantem
1081 3447 1459 3512 comprobant.
1508 3444 1710 3497 Scribit
1762 3443 2032 3512 siquidem
2091 3442 2145 3495 in
2215 3442 2345 3495 tomi

773 3536 1043 3605 pc'ricopis
1072 3537 1271 3589 alicubi
1298 3556 1310 3589 :
1344 3554 1362 3585 ι
1392 3535 1551 3601 Quod
1582 3551 1713 3589 vero
1761 3550 1938 3605 neque
1998 3534 2125 3587 inde
2156 3549 2351 3603 proce-

774 3628 899 3679 dere
930 3628 1111 3687 habet,
1157 3642 1330 3695 neque
1359 3628 1629 3693 generari,
1654 3642 1831 3696 neque
1859 3628 2022 3680 etiam
2049 3626 2261 3680 dicetur
2283 3640 2347 3679 ex

776 3713 933 3768 Patre
961 3717 1341 3769 exsistentiam
1379 3718 1600 3781 habere,
1639 3732 1815 3787 neque
1850 3717 2065 3772 Patrem
2108 3717 2192 3770 sui
2231 3730 2353 3782 pos-

777 3806 975 3858 sidebit
1027 3807 1272 3860 naturale
1304 3806 1629 3874 principium
1660 3817 1714 3861 et
1763 3821 2010 3870 causam,
2048 3822 2171 3859 eum
2231 3806 2355 3859 inde

779 3913 953 3965 neque
976 3909 1283 3966 generetur,
1317 3914 1492 3967 neque
1518 3899 1794 3968 procedat,
1822 3914 1943 3968 qua:
1964 3907 2093 3953 sunt
2123 3898 2355 3967 proni-ia:

776 4006 842 4043 ex
870 3990 961 4042 illo
982 3989 1312 4043 exsisteutla:
1333 4000 1493 4043 noue.
1527 4010 1544 4042 ι
1581 3989 1647 4043 Et
1678 3991 1866 4057 paucis
1905 3990 2171 4042 annexis:
2205 4006 2222 4037 ι
2261 3984 2354 4037 Vi-

780 4080 1005 4134 deamus
1058 4080 1242 4147 itaque
1296 4082 1540 4134 divinum
1599 4080 1887 4151 Cyrillum,
1920 4094 2215 4147 quamnavn
2270 4078 2357 4131 ille

780 4177 987 4231 notam,
1015 4170 1155 4237 quod
1177 4168 1346 4223 Filius
1374 4184 1439 4221 ex
1476 4169 1632 4222 Patre
1656 4170 1745 4233 sit,
1776 4170 2053 4238 assignet?
2084 4183 2189 4221 non
2225 4168 2357 4221 locis

777 4257 834 4311 in
888 4259 1145 4312 omnibus
1198 4260 1622 4327 generationem.
1709 4258 1847 4325 Quid
1899 4273 2026 4311 Vero
2086 4255 2359 4325 Spiritus?

779 4345 897 4400 Non
930 4349 1133 4415 ubique
1166 4347 1571 4416 proeessionem
1613 4356 1665 4399 et
1716 4348 2030 4415 procedere.
2071 4369 2089 4398 ι
2131 4345 2195 4399 Ει
2246 4348 2357 4400 ιιιεο

777 4438 848 4491 de
867 4440 1211 4506 processionc
1245 4440 1417 4507 primo
1449 4440 1840 4507 tomodigerit,
1894 4439 2024 4506 quid
2080 4453 2241 4505 porro
2273 4453 2360 4493 se-

777 4528 997 4583 cundo?
1027 4547 1045 4579 ι
1079 4527 1227 4582 Licet
1254 4529 1422 4593 enim,
1454 4548 1471 4579 ι
1506 4531 1602 4589 ait,
1627 4546 1645 4578 ι
1674 4538 1727 4581 et
1754 4544 1846 4596 per
1875 4528 2071 4581 Filium
2099 4527 2351 4595 Spiritum

2467 4532 2683 4597 διεξιὼν
2710 4530 2880 4584 αὐτοῦ
2913 4532 3087 4602 τόμῳ,
3116 4534 3173 4583 ἐν
3208 4530 3266 4584 δὲ
3306 4531 3385 4599 τῷ
3410 4531 3653 4599 δευτέρῳ
3687 4546 3701 4560 ·

781 4623 1077 4691 procedere
1102 4631 1373 4683 sanctum,
1405 4636 1433 4673 a
1464 4621 1738 4674 nonnullis
1757 4623 1965 4673 sanctis
2002 4622 2207 4687 scripto
2243 4629 2363 4674 tra-

784 4713 957 4766 ditutn
992 4714 1086 4776 sit,
1116 4713 1286 4765 dictio
1312 4714 1363 4765 in
1396 4712 1781 4780 sempiternam
1807 4712 2224 4774 exhibitionem,
2253 4726 2360 4764 non

782 4803 839 4857 in
873 4803 1246 4857 exsistentiam
1303 4803 1517 4871 proprie
1578 4805 1802 4856 denotat
1863 4803 2297 4871 processionem.
2337 4820 2355 4851 ο

790 4892 957 4946 Plane
1015 4896 1099 4945 hic
1146 4894 1343 4946 similia
1406 4895 1678 4956 scribens,
1735 4896 2063 4963 homonyma
2124 4892 2366 4946 dictione

785 4987 1109 5041 sententiam
1154 4986 1393 5050 invertit,
1447 4996 1502 5041 et
1548 5002 1576 5038 ει
1628 4986 1852 5055 preprio
1903 5000 2003 5040 suo
2054 4986 2384 5055 significatu,

786 5080 1034 5133 retrahit.
1067 5079 1131 5132 Et
1173 5079 1406 5149 Cyprius
1470 5078 1691 5147 quidem
1740 5080 1874 5137 haec,
1911 5089 1966 5132 ttt
2016 5094 2146 5131 vero
2195 5079 2367 5147 quid?

787 5172 927 5225 Num
958 5171 1120 5224 etiam
1144 5171 1199 5225 in
1232 5172 1335 5225 hoc
1365 5171 1719 5239 semetipsum
1770 5171 2098 5237 redarguere
2132 5184 2161 5221 a
2197 5179 2246 5222 te
2268 5170 2366 5223 de-

790 5262 1163 5331 prehenditur,
1192 5263 1287 5331 qui
1316 5279 1460 5316 nunc
1483 5263 1861 5317 exsistentiam
1901 5271 1955 5315 et
1981 5263 2366 5330 proprietatem

793 5355 1029 5423 Spiritus
1087 5357 1429 5430 comprobat,
1497 5371 1641 5408 nunc
1690 5355 1954 5407 inultilida
2021 5354 2367 5421 homonymia

792 5449 1073 5517 deturpat;
1110 5464 1177 5501 an
1197 5432 1341 5501 aliud
1366 5448 1641 5515 quidpiam
1668 5448 1762 5499 tibi
1794 5446 2042 5499 videtur?
2074 5444 2191 5499 Non
2223 5446 2371 5499 aliud

795 5539 945 5591 dices
977 5539 1092 5592 hate
1122 5554 1242 5593 esse
1270 5539 1486 5608 opinor,
1518 5554 1679 5606 quam
1714 5556 1744 5591 ιι
1776 5538 2070 5605 semetipso
2120 5537 2369 5603 redargui

794 5630 1075 5701 Cyprium,
1096 5632 1139 5684 si
1170 5631 1328 5683 modo
1351 5631 1515 5684 dietio
1528 5631 1715 5683 eadem
1739 5638 1789 5682 et
1817 5629 1989 5691 deiis,
2014 5643 2135 5697 qua:
2154 5629 2371 5681 diversa

800 5736 921 5772 cum
957 5722 1092 5782 sint,
1117 5734 1227 5773 uno
1253 5721 1472 5772 nomine
1514 5720 1923 5786 exprimuntur,
1954 5728 2007 5770 et
2038 5719 2105 5771 de
2143 5719 2206 5770 iis
2247 5734 2367 5787 quae

802 5812 1183 5884 proprietatem
1220 5822 1430 5875 notant,
1464 5813 1571 5867 diti
1605 5825 1845 5883 unquam
1879 5821 2077 5879 potest.

2456 3257 2710 3321 διέξεισιν
2748 3258 2782 3312 ἃ
2817 3258 3131 3329 προφανῶς,
3183 3259 3279 3311 καὶ
3315 3261 3457 3312 πάνυ
3495 3274 3557 3325 γε
3590 3258 3867 3328 άριδήλως
3902 3260 4041 3327 τρά-

2458 3364 2559 3399 πον
2588 3348 2762 3417 αὺτὴν
2793 3348 3086 3418 ὑπάρξεως
3131 3350 3227 3402 καὶ
3281 3348 3785 3421 χαρακτηριστικὸν
3835 3348 4043 3415 ίδίωμα

2458 3440 2773 3508 παριστῶσι
2806 3441 2902 3493 τοῦ
2941 3440 3279 3509 ῐινεύματος.
3322 3441 3491 3507 Λέγει
3522 3440 3627 3510 γάρ
3657 3456 3762 3492 που
3795 3440 3905 3490 τῶν
3938 3440 4040 3491 τοῦ

2456 3534 2627 3601 τόμου
2655 3534 2971 3603 περικοπῶν
2996 3532 3195 3596 οῦτωςο
3238 3553 3257 3584 ι
3292 3535 3357 3585 ’³0
3392 3534 3453 3585 δὲ
3489 3534 3611 3601 μήτ’
3633 3531 4043 3601 ἐκπορεύεσθαι

2460 3626 2670 3678 ἐκεῖθεν
2699 3626 2835 3692 ἔχοι,
2878 3626 3016 3692 μήτε
3066 3622 3385 3691 γεννᾶσθαι,
3418 3623 3529 3675 οὐδ’
3571 3622 3638 3676 ἂν
3687 3623 3784 3676 καὶ
3824 3623 3891 3674 ἐκ
3941 3621 4043 3674 τοῦ

2463 3717 2677 3785 [ἰατρὸς
2730 3714 2945 3783 λέγοιτο
2996 3715 3141 3784 ἔχειν
3197 3716 3298 3784 τὴν
3346 3714 3607 3781 ὓπαρξιν.
3653 3714 3776 3767 οὐδὲ
3825 3731 3890 3781 γε
3947 3713 4047 3765 τὸν

2462 3807 2684 3877 Πατέρα
2710 3808 2970 3877 πλουτείη
3004 3807 3245 3877 φυσικὴν
3271 3806 3449 3876 ἀρχὴν
3472 3807 3567 3859 καὶ
3598 3807 3801 3870 αἰτίαν,
3824 3806 4046 3858 ἐκεῖθεν

2465 3902 2539 3968 μὴ
2562 3899 2924 3967 γεννώμενον,
2953 3897 3078 3968 μηδ’
3102 3898 3542 3967 ἐκπορευόμενον
3571 3900 3641 3951 τὰ
3672 3899 4047 3968 γνωρίσματα

2461 3991 2560 4058 τῆς
2597 3990 2805 4041 ἐκεῖθεν
2837 3988 3126 4058 ὑπάρξεως
3161 4004 3176 4019 ·
3214 4007 3234 4040 ι
3277 3989 3375 4043 καὶ
3427 3992 3546 4055 μετ’
3575 3989 3737 4057 ὀλίγα
3779 4006 3795 4021 ⁶
3834 4009 3853 4040 ι
3895 3992 4047 4043 Οὐκ·

2463 4076 2557 4131 οῦν
2596 4078 2798 4145 ἴδωμεν
2846 4078 2941 4129 καὶ⁸
2996 4076 3268 4145 Κύριλλον
3296 4078 3389 4131 τὸν
3422 4075 3566 4129 θεῖον
3592 4076 3747 4129 ποῖόν
3795 4093 3849 4129 τι
3896 4078 4051 4144 γνὼ-

2468 4184 2640 4235 ρισμα
2666 4166 2761 4219 τοῦ
2799 4164 2942 4221 εἶναι
2982 4167 3072 4219 τὸν
3102 4167 3231 4219 Υίδν
3274 4167 3339 4221 ἐκ
3382 4166 3477 4220 τοῦ
3527 4167 3743 4237 Πατρὸς
3798 4168 4045 4239 τίθησιν.

2464 4258 2541 4311 Οὐ
2569 4260 2846 4327 πάνταχοῦ
2886 4258 2984 4327 τὴν
3006 4258 3261 4327 γέννησιν
3287 4274 3304 4323 ;
3334 4258 3388 4310 τί
3437 4258 3496 4311 δι
3541 4259 3635 4312 τοῦ
3681 4259 4045 4328 Πνεῦματοςς

2466 4354 2541 4405 Οὐ
2592 4351 2870 4421 πανταχοῦ
2916 4354 3015 4423 τὴν
3065 4354 3419 4419 ἐκπόρευσιν,
3470 4353 3568 4406 καὶ
3623 4355 3686 4406 τὸ
3737 4354 4054 4423 ἐκπορεύε-

2468 4443 2630 4506 σθαι;
2672 4463 2690 4494 ι
2724 4443 2910 4496 Ταῦτα
2944 4443 3073 4513 περὶ
3100 4444 3199 4512 τῆς
3230 4442 3612 4510 ἐκπορεύσεως
3642 4444 3702 4493 ἐν
3731 4441 3808 4511 τῷ
3832 4442 4048 4511 πρώτῳ

3767 4548 3784 4581 ι
3823 4530 3884 4582 El
3932 4533 4052 4600 γάρ

2470 4628 2562 4677 καὶ
2592 4627 2679 4678 διὰ
2703 4624 2800 4678 τοῦ
2840 4625 2993 4685 Υίοῦ,
3035 4643 3053 4676 ι
3091 4625 3247 4693 φησι,
3293 4642 3311 4676 ι
3348 4623 3500 4692 παρά
3552 4641 3665 4676 τισι
3706 4623 3819 4675 τῶν
3868 4624 4054 4688 άγέων

2466 4716 2872 4786 ἐκπορεύεσθαι
2897 4717 2959 4768 τὸ
2991 4714 3219 4784 Πνεῦμα
3248 4716 3311 4767 τὸ
3343 4715 3500 4782 ἅγιον
3526 4714 3770 4786 εἴρηται,
3815 4716 3915 4783 τὴν
3961 4715 4053 4766 είς

2467 4809 2641 4861 ἀΐδιον
2694 4807 2959 4873 ἐκφανσιν
3008 4808 3040 4874 ἠ
3103 4806 3248 4869 λέξις
3285 4806 3544 4870 ἐνταῦθα,
3597 4805 3658 4858 οῦ
3702 4806 3802 4874 τὴν
3848 4807 3932 4867 εἰς
3978 4806 4049 4858 τὸ

2469 4896 2611 4951 εἶναι
2637 4899 2899 4968 καθαρῶς
2941 4897 3231 4967 σημαίνειν
3285 4898 3538 4966 βούλεται
3573 4899 3825 4968 πρόοδον.
3865 4917 3883 4949 ι
3926 4900 4051 4952 Καὶ

2471 4987 2658 5054 σαφῶς
2692 4987 2913 5049 πάντως
2946 4990 3006 5040 ἐν
3038 4986 3117 5056 τῷ
3162 4984 3335 5040 ταῦτα
3381 4987 3564 5054 λέγειν
3614 4987 3714 5057 τὴν
3763 4986 3911 5051 λέξιν
3960 4990 4053 5049 είς

2469 5079 2787 5148 ὁμωνυμίαν
2821 5080 3162 5150 περιίστησι,
3211 5079 3306 5132 καὶ
3356 5079 3477 5146 τῆς,
3531 5080 3598 5149 ἥν
3653 5079 3871 5148 άληθῶς
3928 5081 4056 5149 ἔχει

2468 5170 2777 5237 δυνάμεως,
2810 5172 3017 5240 ταύτην
3050 5171 3342 5240 ἀφίστησι.
3380 5172 3491 5223 Καὶ
3514 5171 3543 5222 ὸ
3592 5170 3693 5240 μέν
3727 5170 3923 5225 ταῦτα.
3971 5173 4055 5225 Σὺ

2470 5261 2529 5313 δέ
2550 5261 2604 5313 τί
2627 5260 2767 5330 φῄςς
2801 5257 2951 5332 ’Δρά
2984 5278 3067 5313 σοι
3094 5260 3381 5329 ἐλέγχεται
3409 5263 3511 5313 κάν
3548 5260 3757 5324 τούτοις
3803 5263 4059 5330 ἐλέγχων

2474 5352 2668 5405 ἑαυτὸν
2695 5348 2869 5416 οὗτος,
2904 5353 2980 5414 ὡς
3011 5352 3105 5405 νῦν
3138 5354 3235 5421 μὲν
3266 5353 3347 5414 είς
3387 5351 3622 5421 ὓπαρξιν
3658 5353 3753 5404 καὶ
3801 5353 4058 5422 ίδιὸτητα

2473 5440 2568 5495 τοῦ
2602 5440 2922 5510 Πνεῦματος
2956 5442 3261 5512 περιιστῶν
3300 5442 3401 5511 τὴν
3449 5443 3801 5513 ἐκπόρευσιν,
3845 5441 3943 5494 νῦν
3991 5443 4060 5496 δὲ

2476 5536 2556 5596 εἰς
2584 5534 2682 5604 τὴν
2714 5534 3009 5603 πολυσχιδῆ
3058 5532 3266 5602 ταύτην
3322 5534 3555 5600 ἀπάγων
3598 5536 3961 5603 ὁμωνυμίανς
4018 5539 4060 5607 ἦ

2475 5645 2527 5679 τι
2556 5626 2743 5696 ἕτερόν
2774 5645 2855 5679 σοι
2895 5627 3071 5693 δοκεῖς
3106 5627 3277 5679 Οὐδὲν
3303 5628 3520 5698 ἓτερον,
3552 5624 3729 5696 οἶμαι.
3762 5631 3793 5698 ἢ
3828 5629 4063 5697 ἔλεγχον

2478 5716 2644 5769 αὐτοῦ
2683 5717 2806 5767 καθ’
2849 5716 3044 5768 ἑαυτοῦ
3108 5716 3283 5768 ταῦτα
3338 5720 3507 5785 ἐρεῖς,
3551 5720 3711 5789 εἴπερ
3750 5718 3893 5783 λέξις
3951 5722 4063 5772 ουκ

2475 5809 2544 5861 ἄν
2571 5825 2700 5863 ποτε
2735 5811 2765 5875 ἡ
2793 5807 2929 5873 αὐτὴ
2961 5809 3055 5863 ἰπὶ
3084 5807 3193 5859 τῶν
3230 5807 3411 5860 αὐτῶν
3444 5809 3540 5860 καὶ
3570 5808 3903 5877 ὁμωνύμως,
3965 5812 4065 5861 ut

2482 5904 2563 5961 εις
2593 5899 2874 5953 σηιιαοίαν
2916 5898 3179 5963 ἰδιότητος
3203 5896 3529 5965 ἐκληφθείη.
