4210 6440
142 396 236 460 351

1277 381 1377 439 AD
1416 376 2012 438 CONSTANTINUM
2050 376 2200 435 LIB.
2248 373 2327 433 ll.

3313 372 3420 434 358

145 508 215 568 .';-.v
262 500 363 553 xui.
407 495 611 569 τρόπον
658 494 839 563 λέγειν
887 489 1213 563 οὐπάρξεως.
1261 509 1280 541 ι
1325 490 1498 559 Εἴπερ
1541 489 1573 557 ἡ
1626 487 1726 555 μὲν

1852 486 2163 539 :xsisteutiae
2194 482 2416 538 modutn
2450 499 2462 535 :
2502 479 2591 536 «Si
2620 480 2909 537 existerdia
2940 496 3077 548 rem,
3102 476 3422 536 83>Cllliﬂlll'

144 592 471 663 πράγματός
499 592 618 642 εστι
644 590 742 642 καὶ
770 584 955 648 οὗσίας
990 582 1308 653 σημαντικὴ
1344 584 1377 651 η
1405 581 1667 649 ὓπαρξις,
1700 582 1728 631 ὁ

141 688 205 740 δι,
246 685 352 754 τῆς
416 682 711 752 ὑπάρξεως
764 679 969 749 τρόπος
1025 676 1296 746 διαφοράς
1346 674 1445 743 τῆς
1494 676 1632 743 πρός
1677 689 1732 725 τι

141 777 321 845 ἕτερον
354 773 643 840 ὑπαρκτὸν
682 768 1069 838 θεωρουμένης
1098 765 1397 835 δηλωτικὸς
1421 803 1435 826 ,
1464 766 1522 815 οὐ
1554 760 1733 823 καλῶς

139 868 286 934 ἔλεγε
322 867 436 934 τὴν
493 862 628 917 Υἱοῦ
678 863 775 915 καὶ⁵
831 859 1046 929 Πατρός
1106 859 1339 927 ἑνότητα
1391 858 1484 908 ἐπὶ
1523 857 1589 925 τῇ
1636 851 1733 906 τοῦ

138 958 464 1027 Πνεύματος
491 956 643 1027 αἰτία
677 955 933 1021 συνάγειν
963 954 1091 1014 τοὺς
1122 950 1333 1019 ταύτην
1371 948 1735 1016 συνάγοντας,

138 1053 239 1105 ἀπὸ
272 1050 375 1103 τοῦ
428 1050 559 1110 τοὺς
608 1046 859 1114 ΙΙατέρας
901 1044 1061 1114 ἡμῶν
1099 1042 1203 1113 τὴν
1263 1043 1327 1093 ὲκ
1398 1039 1613 1109 Πατρός
1666 1037 1735 1090 δι’

138 1138 263 1192 Υἰοῦ
289 1137 640 1206 ἐκπόρευσιν
661 1135 990 1203 θεολογῆσαι
1025 1132 1121 1187 τοῦ
1163 1130 1508 1201 Πνεύματος.
1540 1130 1601 1183 Εἰ
1626 1130 1736 1199 γάρ

138 1233 231 1285 οὔκ
291 1232 507 1292 αὑταῖς
574 1230 783 1299 φωναῖς
831 1226 1100 1297 ὕπαρξιν,
1140 1225 1256 1278 ἀλλ’
1290 1226 1623 1294 ικπόρευσιν
1667 1220 1736 1275 δι’

140 1323 263 1377 Υἰοῦ
301 1324 360 1376 οἰ
413 1322 667 1391 Πατέρες
705 1322 1022 1390 εἰρήκασιν,
1052 1320 1179 1389 ἔφη,
1214 1319 1414 1388 τρόπος
1453 1317 1509 1369 δι
1558 1317 1738 1385 ῠπάρο

141 1416 296 1479 ξεως,
334 1412 620 1482 οὕμενουν
654 1410 893 1479 ὕπαρξις
934 1410 968 1478 ἡ
1001 1411 1358 1479 ἐκπόρευσις,
1400 1408 1500 1459 οὐκ
1543 1408 1608 1460 ἂν
1652 1408 1737 1478 εἴη

141 1506 197 1556 τὸ
236 1506 319 1574 μὴ
356 1503 604 1573 βεϐαίως
648 1500 772 1572 μηδ’
805 1501 1128 1571 ὡρισμένως
1172 1501 1273 1570 τὴν
1320 1499 1555 1567 ὓπαρξιν
1596 1498 1741 1567 ἔχειν

141 1594 446 1662 λεγόμενον
473 1591 545 1644 δι’
579 1591 711 1646 Υίοῦ
730 1632 745 1655 ,
788 1588 967 1642 αἴτιον
990 1590 1155 1642 αὑτὸν
1183 1588 1329 1657 ἕχον,
1357 1586 1426 1640 δι’
1462 1580 1523 1640 οὗ
1562 1586 1742 1639 6502.0-

143 1688 324 1749 γείται
373 1682 840 1750 ἐκπορευόμενον.
877 1698 897 1731 ι
929 1677 1116 1731 Ταῦτα
1166 1677 1263 1745 μὶν
1296 1675 1365 1727 τά
1402 1675 1504 1743 τῆς
1549 1674 1742 1741 καινῆς

142 1776 319 1841 ἐπὶτῇ
363 1775 429 1824 ὲκ
456 1774 673 1841 Πατρδς
699 1772 767 1823 δι’
802 1770 935 1823 Υἱοῦ
968 1769 1302 1839 ὲκπορεύσει
1353 1768 1448 1820 τοῦ
1487 1766 1743 1835 Πνεύμα-

1833 592 1941 646 que
1971 578 2265 644 significat,
2298 575 2633 631 exsisteutia:
2688 584 2872 629 autem
2913 576 3109 628 moJus
3162 571 3422 627 «ἥσει-θη-

1838 670 1989 731 ti.un,
2016 684 2123 738 qua
2161 680 2409 737 respectu
2432 667 2656 720 alterius
2678 665 3000 720 exsistentia
3019 664 3420 728 consideratur,

1837 762 2088 825 denotat,
2132 763 2272 813 male
2304 759 2548 827 'quidem
2613 759 2911 821 asserebat,
2981 755 3102 809 Filii
3156 765 3209 809 et
3246 755 3424 809 Patria

1840 854 2105 908 unitatem
2145 855 2195 906 in
2235 853 2476 921 Spiritus
2504 866 2671 905 causa
2703 850 2977 918 colligere,
3017 851 3111 919 qui
3138 864 3258 901 eam
3309 847 3421 901 col-

1838 946 2076 1016 ligeliant
2107 959 2175 999 ex
2208 943 2470 1011 eo,quod
2537 943 2729 997 Patres
2785 941 2959 995 nostri
2988 957 3049 995 ex
3117 940 3277 994 Patre
3331 952 3426 1007 per

1841 1038 2035 1091 Filium
2068 1037 2307 1106 Spiritus
2335 1037 2743 1103 proccssionem
2767 1042 3030 1088 statuere.
3055 1033 3267 1086 Etenim
3300 1032 3429 1086 licet

1840 1145 1947 1184 non
1967 1129 2159 1184 iisdem
2184 1127 2363 1184 verbis
2386 1128 2765 1183 exsistentiam
2786 1126 2880 1181 sed
2905 1126 3307 1195 processionem
3332 1138 3430 1193 per

1840 1220 2039 1275 Filium
2068 1219 2562 1287 Patresjvocavere,
2584 1215 3149 1280 modusexsistentiaa,
3172 1229 3278 1268 non
3297 1214 3427 1268 item

1840 1314 2163 1369 exsistentia
2179 1311 2459 1382 processio
2486 1319 2591 1369 est,
2613 1310 2758 1377 quod
2796 1317 2945 1362 certe
2973 1322 3036 1362 ac
3069 1306 3429 1361 determinate

1841 1417 1935 1473 per
1972 1401 2169 1455 Filium
2217 1400 2601 1456 exsistentiam
2672 1399 2873 1453 habere
2919 1397 3143 1462 dicitur,
3199 1410 3426 1451 causam

1841 1496 1992 1549 illum
2025 1494 2110 1548 sui
2139 1493 2321 1558 habet,
2359 1508 2455 1561 per
2504 1507 2670 1561 quem
2724 1491 3019 1559 procedere
3070 1490 3367 1544 asseritul.
3402 1505 3423 1539 ι

1846 1586 1969 1642 lla-c
2005 1598 2132 1642 sunt
2167 1601 2321 1641 nova:
2354 1587 2421 1639 tle
2449 1582 2802 1655 proccssioue
2831 1599 2896 1638 ex
2935 1582 3091 1638 Patre
3113 1580 3429 1652 pet-Filium

1844 1679 2086 1749 Spiritus
2121 1678 2587 1741 interpretationis
2618 1685 2952 1738 commenta,
2977 1690 3097 1743 quae
3116 1674 3431 1736 conferunt.

1849 1781 1907 1825 ut
1957 1766 2245 1840 interpreti
2310 1770 2555 1833 videtur,
2618 1769 3057 1838 coadjuvantque
3107 1767 3267 1831 illos,
3336 1764 3432 1834 qui

141 1880 229 1925 τος
284 1835 616 1932 ἐξηγήσεως
671 1865 1056 1922 συντείνοντα,
1113 1835 1191 1921 ὧς
1244 1859 1323 1927 τῷ
1387 1858 1737 1928 ὲξηγουμὲνῳ

1852 1864 2109 1919 unionem
2172 1862 2350 1917 Patris
2415 1872 2470 1915 et
2502 1860 2621 1915 Filii
2678 1862 2732 1915 in
2757 1835 3255 1930 causa-Spiritus
3322 1873 3431 1914 non

143 1956 346 2019 ἐδόκει,
404 1958 522 2017 τοῖς
576 1956 677 2023 τὴν
738 1955 965 2024 ἑνότητα
999 1954 1207 2023 Πατρὶς
1238 1955 1333 2006 καὶ
1377 1952 1508 2005 Υἰοῦ
1550 1954 1643 2005 ἐπὶ
1677 1954 1744 2021 τῇ

146 2050 299 2116 αἰτία
326 2050 411 2115 μὴ
433 2048 898 2116 καταδεχομένοις
926 2047 1021 2098 τοῦ
1049 2046 1399 2117 Πνεύματος.
1440 2047 1633 2114 Ἡμεῖς
1664 2047 1746 2109 δὲ,

147 2140 263 2207 εἴγε
294 2141 407 2208 τὴν
437 2142 505 2192 ὲκ
535 2140 746 2211 Πατρδς
785 2140 853 2191 δι’
892 2138 1021 2192 Υίοῦ
1048 2140 1378 2207 ἑκπόρευσιν
1416 2137 1587 2206 μηδὲν
1622 2136 1750 2190 ἄλλο

147 2235 178 2300 ἢ
205 2234 310 2304 τὴν
328 2235 399 2284 εκ
426 2232 642 2303 Πατρός
666 2232 732 2284 δι’
758 2232 890 2286 Υἰοῦ
932 2232 1172 2301 ὓπαρξιν
1204 2230 1586 2299 σημαίνουσαν
1615 2229 1750 2281 ἀπο-

148 2326 428 2392 δείξομεν,
456 2325 521 2377 οὑ
567 2323 731 2391 μόνον
764 2324 917 2376 οὐδὲν
951 2325 1074 2383 τοὺς
1104 2322 1207 2391 τὴν
1243 2320 1478 2390 ἑνότητα
1532 2320 1749 2390 Πατρός

151 2421 243 2472 καὶ
270 2418 409 2470 Υἱοῦ
441 2421 537 2471 ἐπὶ
573 2420 639 2489 τῇ
675 2417 825 2487 αἰτίᾳ
853 2415 947 2469 τοῦ
1002 2416 1325 2485 Πνεῦματος
1378 2408 1753 2484 ἀρνουμένους

151 2510 467 2564 ἀπόνασθαι
506 2510 607 2579 τῆς
640 2510 958 2579 ἐξηγήσεως
979 2509 1236 2579 ἐάσομεν,
1283 2507 1419 2561 ἀλλά
1451 2508 1545 2560 καὶ
1578 2507 1749 2577 βιαιο-

152 2604 325 2673 τέραν
361 2606 551 2666 αὐτοῖς
598 2605 679 2655 ὅτι
712 2603 856 2672 μάλα
886 2603 982 2670 τὴν
1028 2603 1274 2672 ἀνάγκην
1308 2600 1607 2668 ἐπάξομεν,
1639 2600 1750 2661 τοῖς

152 2697 253 2763 τὴν
299 2695 539 2763 ἑνότητα
574 2695 783 2759 ταύτην
836 2694 1160 2763 ὁμολογοῦσι
1220 2692 1545 2762 συντεθῆναι
1595 2691 1747 2761 ἡμῖν.

155 2786 215 2837 Ei
245 2786 367 2855 γάρ
399 2786 555 2837 οὐδὲν
602 2784 696 2837 τοῦ
738 2784 890 2845 ἰδίοις
934 2787 1159 2853 πτεροῖς
1202 2782 1491 2836 ἁλίσκεοαι
1539 2781 1754 2850 ἰσχυρό-

152 2893 339 2944 τερον,
390 2878 418 2928 ὀ
456 2875 546 2927 διὰ
601 2876 662 2927 τὸ
723 2876 799 2944 μὴ
849 2875 977 2937 τοὺς
1028 2873 1281 2942 ιιατέρας
1310 2876 1506 2936 αὐταῖς
1539 2876 1749 2941 φωναῖς

155 2967 442 3038 ὓπαρξιν,
503 2966 620 3019 ἀλλ’
673 2966 1003 3034 ὲκπόρευσιν
1058 2965 1127 3017 δι’
1178 2966 1308 3017 Υῖοῦ
1338 2966 1657 3035 εἰρηκέναι,
1689 2965 1751 3016 τὸ

156 3058 337 3111 αῖτιον
379 3058 637 3127 ἀφαιρῶν
691 3058 784 3109 τὸν
835 3057 985 3119 rem,
1022 3058 1183 3126 δῆλον
1232 3057 1307 3119 ὠς
1362 3060 1462 3127 τὴν
1514 3056 1752 3127 ὓπαρξιν

1853 1955 2109 2027 probant.
2150 1953 2263 2009 Nos
2280 1970 2468 2024 porro,
2499 1955 2544 2009 si
2573 1969 2637 2007 ex
2670 1951 2832 2007 Patre
2864 1969 2957 2020 per
2984 1952 3179 2008 Filium
3218 1967 3436 2023 proces-

1857 2056 2068 2107 sionem
2107 2051 2183 2103 nil
2242 2050 2391 2104 aliud
2436 2064 2600 2119 quam
2632 2064 2697 2103 ex
2736 2046 2896 2101 Patre
2932 2064 3027 2117 per
3057 2047 3253 2102 Filium
3284 2046 3435 2101 essi-

1850 2146 2106 2201 stentiam
2141 2143 2438 2214 signiﬁcari
2476 2142 2906 2206 ostenderimus,
2943 2157 3051 2195 non
3093 2141 3270 2195 solum
3297 2139 3431 2192 nihil

1854 2237 2113 2291 utilitatis
2180 2236 2281 2289 bac
2338 2236 2790 2304 interpretatione
2852 2234 3113 2288 accedere
3170 2234 3432 2286 unionem

1852 2326 2033 2382 Patris
2064 2335 2118 2381 et
2172 2324 2297 2380 Filii
2366 2326 2421 2379 in
2475 2340 2643 2379 causa
2699 2324 2946 2394 Spiritus
3004 2325 3437 2393 pernegantibus

1854 2420 2255 2490 permittemus,
2298 2417 2395 2473 sed
2430 2416 2726 2471 violentius
2765 2419 2913 2485 ipsos
2948 2431 3232 2485 cogemus,
3279 2415 3437 2469 nobis

1860 2514 2001 2568 banc
2035 2513 2293 2566 unionem
2331 2509 2705 2564 asserentibus
2752 2524 2949 2563 manus
2974 2510 3128 2573 dare,
3160 2516 3214 2562 et
3245 2508 3299 2561 in
3335 2521 3437 2560 no-

1856 2616 2028 2659 stram
2060 2603 2139 2656 ire
2156 2601 2509 2656 sententiam.
2546 2601 2759 2655 Etenim
2794 2602 2840 2656 si
2872 2601 3008 2654 nihil
3054 2602 3289 2655 validius
3330 2610 3435 2665 est,

1854 2712 2017 2767 quain
2050 2697 2287 2765 propriis
2304 2694 2416 2749 alis
2446 2695 2592 2763 capi,
2633 2693 2751 2763 qui,
2776 2692 2921 2762 quod
2951 2692 3138 2746 Patres
3183 2708 3291 2746 non
3339 2693 3436 2745 iis-

1856 2790 1979 2844 dem
2026 2789 2254 2842 vocibus
2302 2786 2679 2842 exsistentiam
2730 2786 2823 2841 sed
2882 2786 3284 2854 processionem
3342 2800 3440 2853 per

1853 2879 2055 2935 Filium
2105 2894 2454 2949 expressere,
2483 2892 2709 2932 causam
2759 2876 2941 2931 aufert
2990 2893 3020 2931 a
3060 2876 3223 2940 Filio,
3260 2878 3441 2929 mani-

1856 2972 2057 3026 l'estum
2093 2979 2364 3031 remanet.
2399 2970 2444 3023 si
2501 2984 2602 3023 nos
2654 2969 3037 3023 exsistentiam
3091 2984 3187 3039 per
3240 2967 3437 3021 Filium

1855 3064 2445 3125 demonstraverimus,
2528 3063 2710 3117 valida
2763 3062 3091 3115 necessitate
3153 3071 3437 3121 coactum.

155 3145 605 3203 ἀποδεικνύντων
636 3149 667 3215 ἡ
680 3147 796 3213 μῶν
840 3146 927 3199 διὰ
955 3146 1107 3208 Υίοῦ,
1140 3148 1391 3216 ἰσχυραῖς
1431 3149 1549 3210 ταῖς
1581 3148 1751 3214 ἀνάγ-

1859 3171 2085 3225 prorsus
2130 3156 2179 3209 id
2238 3168 2652 3209 concessurum.
2687 3153 2826 3209 Cum
2896 3153 3011 3207 lieri
3070 3152 3222 3206 nullo
3277 3152 3441 3206 modo

157 3258 284 3302 καις
330 3240 501 3292 δώσει
537 3241 695 3292 αὐτό.
745 3241 899 3291 Ἐπεὶ
923 3240 1049 3309 μηδ’
1083 3240 1201 3291 ἔστι
1242 3240 1468 3293 δυνατὸν
1496 3240 1750 3309 οὐδαμῶς

157 3331 251 3383 τὸν
279 3332 355 3399 τῇ
376 3330 658 3397 ἀποφάσει
684 3330 785 3397 τῆς
809 3330 1096 3400 ὑπάρξεως
1126 3332 1467 3401 ἀφαιροῦντα
1492 3332 1550 3383 τὸ
1572 3332 1752 3385 αίτιον

162 3422 240 3490 μη
269 3421 438 3473 τοῦτο
488 3420 672 3475 δοῦναι
717 3424 786 3492 τῇ
836 3423 1179 3489 καταφάσει,
1230 3426 1325 3476 καὶ
1378 3423 1617 3491 μάλιστα
1665 3426 1753 3477 ὅτε

162 3513 335 3579 μέλον
356 3512 510 3564 ἐστὶν
534 3512 707 3582 αὐτῷ,
740 3514 876 3582 ὅπερ
907 3518 998 3567 καὶ
1019 3518 1150 3568 πᾶσι
1178 3520 1290 3577 τοῖς
1322 3518 1756 3586 ἐναντιουμένοις

164 3605 301 3671 ἡμῖν
334 3599 499 3655 οἶσθα
530 3605 757 3672 προσὸν,
788 3604 970 3673 λόγοις
997 3608 1089 3658 καὶ
1118 3608 1341 3660 κανόσιν
1365 3608 1751 3679 ὲμφιλοσόφοις

164 3694 435 3765 προσδια)
449 3694 697 3761 έγεσθαι.

241 3791 317 3851 γ’.
365 3784 513 3837 Ἀλλ’
566 3786 717 3849 ὅπως
769 3787 868 3857 μὲν
901 3788 1079 3854 λόγοις
1110 3791 1375 3854 τοιούτοις
1430 3792 1524 3845 καὶ
1568 3794 1757 3847 κανόσι

162 3876 402 3927 τοιοῖσδε
427 3876 478 3927 0i
499 3876 872 3943 ἀντιλέγοντες
899 3880 1031 3949 ἡμῖν
1045 3882 1490 3949 προσανέχουσιν,
1512 3881 1587 3954 ὡς
1609 3885 1760 3952 ἀκρι-

168 3966 263 4029 ϐὲς
314 3965 503 4033 λέγειν
530 3966 593 4019 τὸ
638 3968 837 4036 παρὸν,
872 3970 1059 4023 ἐατέον
1104 3972 1241 4023 ἐστί.
1279 3972 1461 4043 Βραχὺ
1494 3974 1553 4026 δὲ
1600 3974 1760 4026 τοῦτο

167 4058 339 4125 μόνον
393 4057 683 4126 εἰρηκότες
738 4061 919 4128 ἡμεῖς,
971 4062 1045 4123 ὡς
1106 4065 1257 4117 πᾶσα
1294 4066 1508 4127 τούτοις
1543 4067 1576 4135 ἡ
1630 4066 1761 4137 περὶ

161 4144 329 4197 τοῦτο
376 4146 611 4213 σπουδὴ,
648 4146 722 4210 ὡς
751 4146 816 4199 ἂν
856 4150 1106 4203 ἐντεῦθεν
1148 4153 1332 4222 χώραν
1363 4155 1413 4207 οἱ
1463 4155 1761 4223 παραλογι-

168 4239 326 4308 σμοί,
359 4232 448 4300 οἷς
476 4238 545 4289 τά
580 4238 751 4291 πολλὰ
778 4239 1066 4310 τεθήπασι,
1104 4246 1303 4312 σχοῖεν,
1336 4246 1397 4296 τὸ
1424 4248 1529 4297 πᾶν
1557 4246 1649 4299 τοῦ
1678 4247 1765 4300 λό-

165 4349 271 4399 γου
315 4331 462 4400 πρὸς
492 4330 768 4394 ἀπόδειξιν
797 4332 892 4384 τοῦ
923 4334 1088 4402 μηδὲν
1113 4334 1243 4387 ἄλλο
1274 4337 1427 4407 ἢτήν
1458 4338 1521 4389 ὲκ
1554 4338 1764 4409 Πατρὸς

166 4423 238 4475 δι’
274 4421 413 4474 Υἱοῦ
458 4420 691 4491 ὓπαρξιν
722 4423 821 4491 τὴν
860 4425 921 4475 ἐκ
954 4424 1163 4494 Πατρὸς
1201 4426 1267 4478 δι’
1300 4427 1430 4479 Tia-3
1476 4430 1763 4498 σημαίνειν

170 4514 518 4584 ἐκπόρευσιν
570 4511 662 4563 τοῦ
695 4512 1013 4582 Πνεύματος
1058 4514 1353 4584 τρέψομεν,
1386 4518 1529 4579 ὅπως
1567 4518 1633 4571 ἂν
1660 4520 1760 4571 αὑ·
1793 4499 1841 4557 Ῑ)

169 4610 288 4670 τοῖς
327 4605 503 4674 πολλῇ
534 4607 631 4673 τῆς
674 4604 831 4672 δίκης
878 4607 1166 4676 περιουσίᾳ
1198 4612 1313 4675 τὴν·
1338 4609 1636 4679 εἰρημένην
1669 4612 1765 4679 τῆς

165 4697 475 4770 ὁμολογίας
524 4696 773 4764 ἀνάγκην
824 4696 1132 4765 ἑπάξωμεν.
1186 4700 1381 4751 ⁸Ἰὐσται
1432 4700 1488 4752 δὲ
1547 4702 1678 4770 ἡμῖν
1730 4705 1764 4769 η

167 4788 567 4856 ἀναγκαστικὴ
597 4789 699 4857 τῆς
743 4788 1033 4857 ὁμολογίας
1076 4788 1277 4853 ταύτης
1312 4791 1587 4856 ἀπόδειξις
1639 4792 1768 4862 ῥᾷον

169 4882 585 4949 προϐαίνουσα,
617 4879 761 4933 οὕτω
786 4880 851 4950 δὴ
887 4881 974 4933 τὸν
1010 4882 1169 4949 λόγον
1200 4884 1334 4951 πρὸς
1364 4884 1526 4935 αὐτὸν
1561 4886 1766 4937 ἐκεῖνον

163 4973 263 5024 τὸν
292 4970 673 5041 ἐξηγούμενον
702 4973 1101 5027 ἀποτείνουσιν.
1131 4970 1278 5044 'Ap’,
1304 4968 1349 5027 ὦ
1382 4962 1643 5045 βέλτιστε,
1678 4979 1765 5031 διά

168 5063 342 5117 τοῦτό
373 5080 460 5115 σοι
488 5062 620 5115 ἄλλο
653 5064 751 5133 μὲν
774 5062 1030 5135 ὖπαρξις,
1064 5065 1193 5117 ἀλλο
1217 5067 1271 5117 δὲ
1300 5070 1326 5119 ὁ
1353 5072 1453 5134 σῆς
1482 5068 1768 5139 ὑπάρξεως

165 5159 377 5226 τρόπος
420 5156 593 5220 δοκεῖ,
621 5158 702 5209 ὅτι
733 5156 1005 5219 οὑσιωόὦς
1044 5158 1143 5226 μὶν
1172 5160 1203 5227 ἡ
1243 5156 1498 5228 ὓπαρξις,
1547 5162 1624 5221 εἰς
1655 5161 1769 5212 δια-

168 5250 353 5319 tpopli;
381 5250 441 5300 δὲ
472 5248 632 5313 λόγον
673 5250 701 5300 ὁ
731 5251 831 5316 τῆς
874 5250 1161 5320 ὑπάρξεως
1194 5255 1395 5319 τρόπος
1434 5256 1761 5323 κατηγορεῖ-

166 5357 262 5393 τιι
294 5339 396 5392 τοῦ
446 5339 830 5409 ὑπαρκτικοῦς
855 5342 955 5393 Διά
987 5341 1146 5394 τοῦτο
1180 5344 1396 5404 πάντως
1438 5345 1530 5394 καὶ
1564 5345 1664 5395 οὐκ
1699 5345 1763 5396 ἄν

166 5449 222 5485 τι
255 5432 396 5487 ἄλλο
430 5430 581 5500 ἔχεις
613 5432 808 5485 εἰπεῖν.
845 5431 1007 5484 Ἀ).λά
1041 5434 1101 5485 τὸ
1125 5432 1316 5486 δοκοῦν
1349 5451 1432 5486 σοι
1456 5433 1613 5486 τοῦτο
1645 5451 1762 5487 στι·

167 5524 348 5593 δαρὸν
382 5525 484 5577 καὶ
522 5522 880 5593 δυσάντητον,
914 5523 987 5586 ὡς
1025 5526 1172 5588 ἱστὸς
1214 5526 1478 5595 ἀράχνης,
1514 5525 1764 5596 διαλυθή-

170 5634 355 5677 σεται,
394 5616 569 5685 μηδὲν
602 5615 730 5670 ἄλλο
762 5618 853 5668 τὸν
887 5618 984 5687 τῆς
1025 5618 1313 5687 ὑπάρξεως
1354 5619 1553 5687 τρόπον
1602 5618 1633 5689 ἢ
1666 5620 1764 5689 τὴν

166 5709 389 5761 τοιάνδε
419 5706 618 5777 δηλοῦν
662 5708 1177 5776 ἀντιπροτεινόντων
1220 5708 1376 5778 ἡμῶν
1406 5707 1665 5778 ὓπαρξιν.
1700 5710 1763 5761 Εἰ

167 5802 280 5869 γὰρ
317 5799 537 5852 τοιάνδε
585 5798 820 5871 ὕπαρξιν
851 5802 877 5851 ὁ
912 5800 1010 5871 τῆς
1045 5798 1331 5869 ὑπάρξεως
1358 5802 1554 5869 τρόπος
1585 5802 1757 5872 δηλοῖ,

1860 3251 2038 3318 possit
2078 3258 2136 3302 ut
2164 3248 2255 3317 qni
2302 3247 2590 3314 negatione
2623 3246 2958 3300 exsistenlite
2986 3260 3205 3299 causam
3240 3248 3439 3307 aufert,

1857 3358 1964 3395 non
1996 3356 2115 3395 eam
2164 3342 2311 3393 illius
2344 3338 2705 3392 allirmatione
2731 3338 3019 3401 concedat,
3069 3346 3122 3391 et
3176 3340 3443 3405 praecipue

1857 3448 1983 3487 cum
2014 3431 2093 3486 illi
2128 3446 2275 3485 cura:
2308 3441 2413 3493 est,
2447 3430 2597 3500 quod
2628 3440 2681 3483 et
2721 3430 2913 3493 nobis,
2951 3438 3005 3481 et
3046 3428 3304 3483 omnibus
3346 3428 3443 3496 qui

1860 3527 2018 3581 nobis
2044 3526 2408 3579 adversantur
2467 3523 2743 3591 peculiare
2790 3536 2913 3574 esse
2968 3520 3106 3574 bene
3135 3524 3439 3588 cognoscis,

1858 3616 2167 3673 rationibus
2200 3623 2254 3669 et
2281 3613 2482 3685 regulis
2523 3612 2921 3683 pliilosopliicis
2966 3615 3130 3665 verba
3162 3612 3364 3666 facere.

1929 3804 1983 3859 '5.
2017 3801 2123 3859 Sed
2156 3800 2432 3872 quomodo
2463 3798 2735 3855 similibus
2785 3798 3096 3853 rationibus
3133 3807 3187 3853 et
3239 3799 3443 3868 regulis

1862 3898 2107 3951 animum
2158 3894 2469 3957 advertunt,
2512 3893 2605 3961 qui
2660 3907 2761 3946 nos
2804 3908 3123 3961 oppugnare
3171 3893 3445 3958 nituntur,

1863 3999 2113 4047 accurate
2143 3989 2345 4052 dicere,
2377 3988 2431 4041 in
2456 3988 2600 4041 aliud
2627 4000 2840 4056 tempus
2861 3988 3220 4043 diﬂ‘erendum
3254 3989 3443 4043 viden-

1864 4094 1952 4139 tnr
1989 4102 2003 4137 :
2038 4082 2129 4137 ubi
2162 4082 2324 4134 breve
2372 4081 2475 4133 hoc
2507 4080 2659 4147 prius
2708 4080 3193 4142 notiﬁcaverimns.
3248 4098 3441 4135 eorum

1865 4174 2117 4226 universa
2154 4170 2331 4224 studia
2387 4169 2634 4233 tendere,
2691 4179 2750 4222 ut
2806 4172 2930 4225 inde
2980 4172 3157 4227 locum
3210 4173 3444 4227 habeant

1864 4262 2214 4332 dcccpliones
2271 4270 2325 4314 et
2372 4259 2634 4323 fraudes.
2686 4261 2888 4329 quibus
2934 4246 3009 4316 illi
3058 4264 3124 4316 ad
3169 4275 3443 4333 stuporem

1866 4354 2227 4415 delectantur,
2272 4351 2579 4405 orationem
2612 4354 2925 4406 universam
2959 4355 3025 4407 ad
3058 4354 3445 4409 demonstran-

1868 4444 1998 4497 dum
2039 4441 2175 4495 nihil
2198 4440 2346 4495 aliud
2382 4441 2647 4495 denotare
2673 4457 2737 4496 ex
2777 4441 2934 4496 Patre
2958 4459 3051 4511 pcr
3087 4442 3284 4497 Filium
3315 4461 3443 4513 pro-

1869 4536 2191 4597 cessionem,
2228 4549 2391 4602 quam
2423 4547 2486 4585 cx
2523 4532 2680 4587 Patre
2720 4549 2813 4602 per
2844 4533 3038 4588 Filium
3071 4536 3443 4590 exsistentiam

1872 4627 2129 4697 Spiritus,
2164 4634 2567 4685 convertemus,
2620 4634 2678 4678 nt
2726 4626 2880 4694 ipsis,
2938 4629 3107 4681 multo
3162 4628 3215 4682 in
3277 4629 3444 4684 simili

1870 4734 2035 4775 causa
2061 4717 2376 4785 superiOres
2405 4716 2531 4771 laeti
2553 4718 2781 4780 dictum,
2802 4720 2880 4771 uti
2914 4734 3000 4773 res
3020 4728 3124 4784 est,
3154 4720 3446 4774 coofitendi

1870 4806 2246 4860 necessitatem
2280 4805 2648 4872 imponamus.
2680 4804 3081 4860 Demonstratio
3130 4822 3257 4861 vero
3308 4809 3444 4871 hac,

1870 4912 1991 4966 quae
2019 4898 2334 4949 necessario
2378 4908 2557 4966 cogat,
2593 4895 2808 4951 facilius
2853 4899 3129 4967 procedet,
3162 4900 3205 4951 si
3236 4915 3447 4954 sermo-

1870 5003 1993 5040 nem
2018 4985 2284 5039 adversus
2315 4986 2512 5040 similis
2545 4987 3007 5055 interpretationis
3036 5000 3315 5043 auctarem
3348 4993 3447 5051 hoc

1870 5077 2030 5128 modo
2058 5076 2393 5142 digeramus.
2426 5074 2717 5144 Propterea
2743 5093 2834 5139 ne,
2868 5093 2899 5131 ο
2932 5080 3012 5130 vir
3044 5080 3267 5144 eximie,
3298 5080 3444 5139 aliud

1870 5167 2285 5227 exsisteutiam,
2349 5175 2399 5218 et
2456 5166 2604 5219 aliud
2661 5169 2997 5222 exsistcntia:
3051 5171 3274 5225 modum
3326 5190 3447 5227 esse

1867 5243 2155 5319 discernis,
2215 5258 2359 5324 quod
2418 5258 2627 5311 ratione
2683 5262 2933 5312 essentne
2988 5263 3328 5326 exsistentia,
3378 5265 3446 5317 ad

1869 5352 2163 5406 notandam
2204 5367 2332 5405 vero
2377 5352 2738 5405 diﬂcrentiam
2794 5356 3128 5409 exsistentite
3159 5359 3353 5411 modus
3381 5358 3448 5413 de

1868 5460 1955 5508 eo,
1998 5446 2141 5512 ιιυοιι
2176 5444 2407 5507 exsistit,
2456 5444 2827 5512 prtedicatur?
2866 5445 3157 5515 Pr0pterea
3197 5464 3447 5516 prorsus.

1870 5548 2043 5599 neque
2068 5532 2212 5584 aliud
2249 5547 2488 5601 unquam
2539 5531 2886 5589 iudicaveris.
2921 5533 3025 5589 Sed
3084 5538 3189 5593 hoc
3220 5539 3308 5593 liic
3350 5541 3446 5594 tibi

1870 5626 2087 5679 videtur
2126 5626 2551 5691 validissimum,
2582 5637 2635 5682 et
2666 5631 2732 5681 ad
2765 5631 2909 5698 quod
2962 5647 3119 5686 nemo
3152 5639 3449 5701 responde-

1868 5720 1959 5780 rit,
2002 5718 2164 5771 veluti
2190 5734 2402 5772 aratum:
2437 5720 2539 5773 tela
2577 5720 2929 5789 dissolvetur,
2966 5724 3094 5776 dum
3130 5740 3229 5777 nos
3258 5737 3445 5780 contra

1874 5824 2237 5880 opponeuzus,
2279 5812 2405 5868 nihil
2449 5811 2591 5865 aliud
2637 5813 2967 5869 exsistentim
3008 5816 3249 5883 modum,
3284 5832 3447 5886 quam
