4210 6440
781 398 893 465 359

1824 399 2033 459 JOAN.
2079 399 2292 460 VECCI
2334 401 2443 462 (ΖΡ.
2489 400 2996 464 PATRIARCILE

3942 400 4049 463 360

780 521 945 576 talem
977 517 1353 572 exsistentiam
1389 515 1720 587 signiﬁcare.
1769 513 1902 569 Nam
1934 516 1980 568 si
2012 516 2173 569 talem
2210 516 2359 569 exsi-

2481 517 2585 580 τῶς
2616 519 2643 569 ό
2670 521 2766 588 τῆς
2820 519 3107 585 ὑπάρξεως
3154 517 3355 587 τρόπος
3388 518 3486 586 οὐχ
3523 517 3787 587 ὖπαρξις;
3823 515 3945 566 Ὅτι
3996 512 4055 565 ὁὶ

781 609 1040 666 stentiam
1101 607 1436 661 exsistentia!
1500 607 1694 661 modus
1755 613 1944 669 notat,
1983 620 2091 675 qua
2154 608 2367 661 ratione

784 700 1122 757 exsistantite
1153 698 1345 752 modus
1370 712 1477 751 non
1513 696 1674 752 fuerit
1707 697 2070 751 exsistentia?
2102 697 2213 751 lloc
2238 714 2367 752 vero

785 792 900 845 sibi
917 791 1056 845 velle
1089 803 1187 842 nec
1223 788 1368 841 aliud
1399 788 1668 858 dogmatis
1700 789 2006 852 veritatem,
2027 790 2254 843 dicenda
2275 805 2367 859 per

786 898 968 953 partes
1006 882 1367 937 considerans
1390 923 1404 946 ,
1456 882 1615 950 plane
1643 881 1958 949 dignosces.
2013 879 2258 950 Namque
2286 882 2368 935 di-

784 979 913 1031 cito.
985 974 1268 1028 Fatcrisne
1304 990 1429 1028 cum
1468 973 1606 1027 dicis
1652 972 1915 1040 Spiritum
1946 988 2010 1026 ex
2049 973 2203 1027 Patre
2242 990 2368 1043 pro-

783 1067 999 1129 cedere,
1039 1083 1103 1120 ex
1162 1065 1323 1119 Patre
1374 1065 1625 1118 etnndem
1689 1066 2068 1118 exsistentiam
2122 1066 2370 1119 habere?

786 1158 1022 1224 Fateris,
1076 1173 1178 1212 nec
1232 1157 1416 1221 fallor,
1467 1172 1652 1209 verum
1703 1172 1765 1210 ex
1825 1155 1985 1209 Patre
2040 1160 2141 1211 hoc
2203 1159 2366 1213 modo

785 1252 1037 1306 iudicans
1094 1250 1334 1319 Spiritus
1372 1264 1465 1318 per
1503 1250 1915 1317 processioucm
1961 1250 2362 1310 exsisteutiam,

783 1345 975 1398 eodem
1007 1352 1283 1396 mmuento
1322 1352 1375 1394 et
1411 1340 1774 1395 differentiam
1821 1356 1943 1394 esse
1987 1350 2235 1408 respectu
2273 1357 2367 1409 ge-

786 1434 1089 1488 nerationis
1141 1448 1207 1487 cx
1243 1433 1402 1485 Patre
1457 1430 1598 1494 Filii,
1631 1432 1724 1499 qui
1754 1448 1820 1484 ex
1878 1430 2038 1484 Patre
2079 1448 2203 1483 eum
2246 1431 2365 1499 ipso

786 1526 1007 1579 causam
1037 1524 1307 1591 agnoscit,
1341 1522 1505 1576 simul
1536 1522 1723 1575 fateris
1750 1523 1771 1575 ?
1800 1521 1984 1591 Neque
2014 1524 2116 1577 hoc
2156 1534 2207 1576 te
2240 1524 2331 1574 inti
2352 1550 2369 1564 -

784 1615 899 1669 cias
929 1615 1007 1669 ire
1035 1615 1292 1669 suadeor.
1322 1613 1460 1679 Quid
1491 1631 1621 1682 ergo
1659 1629 1872 1677 rursus,
1910 1612 2026 1666 Filii
2057 1616 2366 1682 generatio-

786 1724 909 1763 nem
972 1706 1235 1761 faterisne
1275 1707 1421 1759 illius
1456 1706 1830 1759 exsistentiam
1882 1705 2162 1757 indit-are?
2219 1706 2283 1758 Et
2312 1706 2364 1759 in

786 1799 1084 1868 perniciem
1127 1812 1189 1851 ac
1218 1811 1413 1851 corvos
1444 1811 1605 1849 aman
1632 1798 1770 1849 Eabis
1813 1811 1960 1855 Clllll,
2005 1796 2097 1863 qui
2151 1795 2202 1847 id
2258 1810 2364 1848 non

2469 609 2631 661 τοῦτο
2668 610 2778 662 ’καὶ
2810 609 2939 663 ἄλλο
2971 609 3222 677 βούλεταί
3271 626 3324 662 τι
3355 610 3509 662 οὐδὲν
3551 607 3647 662 τοῦ
3698 609 3969 675 δόγματος
4014 606 4046 673 ἡ

2472 699 2731 769 ἀλήθεια,
2789 701 2857 753 τὰ
2914 701 3267 770 ῥηθησόμενα
3314 700 3457 753 κατὰ
3510 703 3676 771 μέρος
3734 697 4056 751 ἐπισκοπῶν

2473 795 2743 859 γνωριεῖς.
2808 792 2942 845 Εἰπὲ
3000 794 3146 863 γάρ’
3216 793 3530 862 Ὀμολογεῖς
3588 795 3653 844 ἐκ
3708 792 3923 858 Πατρὸς
3990 788 4057 839 τὸ

2474 884 2699 954 Πνεῦμα
2730 886 2905 953 λέγων
2943 888 3402 956 ἐκπορευόμενον,
3437 886 3503 936 ἐκ
3542 884 3757 953 [ἰατρὸς
3798 883 3930 936 αὐτὸ
3961 881 4059 931 λέο

2470 994 2588 1045 γειν
2622 977 2744 1046 ἕχον
2778 979 2879 1049 τὴν
2924 978 3196 1049 ὓπαρξινς
3245 978 3583 1045 Ὀμολογείς,
3640 973 3789 1028 οἶδα·
3826 974 3935 1041 Τὴν
3988 974 4058 1024 ὲκ

2474 1068 2687 1137 lla-cpi);
2720 1069 2776 1120 δὲ
2821 1068 2965 1121 οὕτω
3006 1068 3183 1138 δηλῶν
3209 1068 3304 1121 τοῦ
3348 1070 3668 1139 Πνεῦματος
3704 1066 3795 1118 διὰ
3830 1064 3928 1131 τῆς
3959 1067 4060 1113 ἐκ·

2470 1160 2786 1230 πορεύσεως
2812 1160 3071 1230 ὓπαρξιν,
3102 1160 3246 1213 κατὰ
3274 1161 3480 1213 ταυτὸν
3509 1162 3603 1212 καὶ
3633 1156 3896 1225 διαφορὰν
3925 1153 4066 1207 ταύ-

2470 1268 2569 1321 την
2601 1247 2742 1303 εἶναι
2803 1254 2939 1320 πρὸς
2982 1253 3081 1322 τὴν
3127 1254 3192 1305 ἐκ
3240 1252 3455 1321 Πατρὺς
3506 1252 3760 1319 γέννησιν
3807 1246 3902 1299 τοῦ
3960 1247 4065 1297 σὺν

2470 1343 2619 1414 αὐτῴ
2649 1343 2826 1396 αἰτίου
2869 1346 2964 1395 τοῦ
3011 1344 3143 1396 Υίοῦ
3181 1343 3589 1413 συνομολογεῖς,
3626 1343 3721 1394 καὶ
3757 1340 3918 1393 τοῦτο
3967 1337 4066 1389 λέ-

2468 1453 2587 1502 γειν
2631 1453 2688 1487 σε
2725 1436 3050 1503 πέπεισμαι.
3091 1435 3157 1489 Τί
3183 1436 3239 1489 δὲ
3279 1435 3451 1506 αὐτὴν
3486 1432 3640 1497 αὖθις
3682 1432 3778 1487 τοῦ
3811 1431 3944 1485 Υίοῦ
3970 1431 4065 1482 λέ·-

2469 1543 2587 1595 γεις
2611 1525 2750 1580 εἶναι
2785 1529 2882 1600 τὴν
2908 1530 3161 1598 γέννησιν
3191 1529 3292 1598 τῆς
3322 1530 3614 1600 ὑπάρξεως
3653 1527 3843 1579 τούτου
3877 1523 4063 1587 δηλω-

2468 1618 2663 1687 τικήνς
2703 1618 2812 1670 Καὶ
2859 1619 2940 1679 εἰς
2972 1617 3215 1687 κόρακας
3246 1618 3553 1690 ἀποπέμψῃ
3604 1617 3825 1677 πάντως
3849 1616 3942 1667 τὸν
3980 1613 4066 1683 μὴ

2468 1709 2871 1778 ὁμολογοῦντα·
2918 1711 3014 1762 καὶ
3058 1710 3326 1779 διαφορὰν
3353 1712 3411 1764 δὲ
3446 1712 3522 1773 ὡς
3552 1711 3688 1781 πρὸς
3743 1710 3843 1777 τὴν
3886 1707 4069 1759 ἐκπό-

2471 1816 2661 1870 ρευσιν
2690 1803 2784 1854 καὶ
2805 1802 3037 1871 ὓπαρξιν
3060 1800 3267 1871 ταύτην
3295 1803 3473 1873 ὲρεῖςς
3507 1803 3617 1854 Καὶ
3647 1802 3792 1870 μέγα
3817 1800 4069 1868 βοήσειςν

785 1892 1000 1946 asserit.
1053 1890 1119 1944 Et
1175 1889 1536 1944 diﬂ‘erentiam
1595 1898 1843 1954 respectu
1904 1888 2275 1955 processiouis
2320 1895 2373 1940 et

2481 1891 2735 1961 οίμὼζειν
2790 1891 2906 1946 οἶδα
2952 1895 3044 1948 τὸν
3074 1895 3507 1963 ἀπαρνούμενοι).
3539 1894 3709 1959 Κάγὼ
3743 1892 4073 1961 περαιτέρω

785 1982 1111 2037 exsistcntize
1144 1980 1288 2034 illam
1322 1995 1388 2032 ne
1423 1978 1618 2033 dices?
1656 1978 1718 2031 Et
1741 1979 2004 2031 clamabis
2030 1984 2196 2042 (εισι-ε,
2228 1979 2370 2033 inl’e-

784 2076 943 2129 licem
966 2089 1087 2129 esse
1111 2074 1204 2142 qui
1232 2072 1282 2126 id
1312 2082 1591 2142 pernegat.
1623 2072 1689 2124 Et
1716 2086 1817 2140 ego
1852 2086 1964 2140 pne
1986 2072 2071 2125 his
2101 2072 2372 2128 confessis

790 2167 928 2222 nihil
970 2169 1108 2221 ultra
1147 2168 1372 2235 requiro
1404 2167 1469 2220 ad
1515 2168 2041 2220 detinuisn'atiouem
2086 2167 2373 2221 absolven-

785 2261 931 2313 dam.
965 2258 1021 2312 Si
1053 2274 1116 2311 ex
1152 2257 1308 2313 Patre
1340 2259 1624 2327 processio
1660 2258 1915 2322 indivise,
1942 2274 2065 2327 quae
2089 2269 2142 2312 tu
2174 2260 2372 2314 dividis

787 2356 1021 2415 utraque
1077 2346 1263 2413 infert,
1331 2345 1683 2400 manifestum
1754 2356 2036 2410 remanet,
2102 2364 2208 2401 non
2265 2350 2373 2403 alio

788 2440 953 2491 modo
1005 2453 1062 2492 se
1099 2438 1297 2492 habere
1331 2447 1385 2491 ct
1409 2455 1529 2506 quae
1571 2455 1665 2507 per
1700 2439 1895 2492 Filium
1923 2450 2026 2493 est.
2072 2440 2376 2495 Procedere.

794 2532 946 2585 enim
976 2546 1005 2583 a
1035 2529 1288 2583 Patrihus
1321 2547 1417 2600 per
1450 2532 1645 2584 Filium
1678 2532 1896 2596 dicitur,
1928 2533 2074 2599 quod
2122 2543 2371 2600 respectu

788 2624 1159 2688 generationis
1196 2622 1318 2675 Filii
1354 2623 1699 2677 dillerentem
1740 2639 1804 2676 cx
1852 2623 2010 2678 Patre
2050 2640 2145 2695 per
2175 2623 2373 2679 Filium

788 2716 1160 2769 exsistentiam
1190 2717 1370 2773 habet.
1406 2715 1560 2783 Quod
1589 2719 1631 2769 si
1669 2718 1781 2770 haec
1805 2733 2026 2788 quoque
2060 2727 2117 2772 tu
2154 2720 2373 2787 probas,

790 2823 889 2875 age
923 2823 1027 2860 uua
1071 2809 1387 2871 nobiscum,
1435 2819 1491 2862 et
1544 2811 1599 2862 iu
1632 2824 1796 2861 causa
1840 2808 2077 2877 Spiritus
2112 2814 2374 2865 unitatem

793 2899 969 2954 Patris
999 2909 1054 2953 et
1087 2898 1209 2953 Filii
1247 2900 1531 2954 contitere.
1571 2899 1685 2956 lloc
1716 2917 1954 2968 namque
1981 2902 2272 2957 videbatur
2323 2913 2378 2958 et

792 2991 911 3058 tibi,
962 2993 1007 3047 si
1040 2991 1228 3046 Patres
1269 2992 1644 3047 exsistentiam
1687 2996 2135 3062 pronuntiassent
2163 3009 2258 3065 per
2289 2994 2378 3049 Fi-

794 3084 949 3148 lium,
986 3099 1083 3138 nec
1109 3084 1214 3137 erit
1240 3083 1398 3138 nobis
1426 3083 1530 3137 alia
1561 3084 1776 3140 ratione
1800 3100 1941 3155 opus
1966 3085 2033 3139 ad
2068 3095 2119 3139 te
2149 3099 2377 3155 persua-

795 3175 1060 3230 dendum.

861 3289 917 3343 4.
948 3285 1103 3355 Quod
1130 3289 1175 3343 si
1214 3290 1452 3343 nondum
1490 3304 1687 3345 suasus
1715 3288 2048 3359 pertinacius
2069 3291 2378 3354 contendis,

792 3380 956 3434 etiam
983 3397 1047 3433 ex
1095 3381 1161 3435 iis
1204 3381 1358 3450 ipsis,
1396 3382 1597 3450 quibus
1626 3392 1678 3435 tu
1736 3381 2025 3436 delecteris
2056 3381 2293 3452 (regulas
2329 3391 2385 3436 et

810 3472 1052 3526 rationes
1101 3473 1506 3543 philosophicas
1547 3476 1725 3527 oratio
1771 3474 1967 3542 innuit)
2007 3473 2380 3528 exsistentiam

798 3574 855 3617 et
908 3564 1241 3619 exsistentiae
1301 3566 1526 3620 modum
1564 3566 1797 3621 indivisa
1842 3581 1967 3621 esse
2007 3566 2378 3621 demonstrari

796 3654 893 3709 tibi
929 3656 1089 3724 petis,
1125 3666 1185 3710 ut
1213 3668 1359 3712 certa
1396 3658 1694 3728 exquisitio
1714 3658 2199 3728 repraesentatione
2226 3674 2383 3713 com-

799 3748 1083 3815 probetur,
1119 3749 1328 3803 nullum
1361 3748 1697 3805 intercedere
1727 3750 2048 3814 discrimen,
2091 3750 2205 3805 sive
2236 3750 2385 3804 exsi-

798 3840 1054 3893 steutiam
1082 3841 1195 3895 sive
1215 3842 1551 3896 exsistentiae
1581 3844 1802 3895 modum
1833 3841 2007 3906 dicas.
2042 3842 2205 3897 etiam
2244 3842 2385 3898 hanc

797 3930 1329 3985 detnonstrationem
1362 3942 1417 3986 et
1450 3932 1986 4002 repraesentationem
2017 3948 2083 3987 ex
2132 3933 2240 3989 illis
2287 3934 2386 3989 ab-

796 4025 1095 4087 solvetttus,
1130 4039 1252 4092 quae
1289 4039 1319 4077 a
1367 4024 1710 4094 philosophis
1731 4027 1808 4078 uti
1840 4036 1989 4080 certa
2021 4027 2385 4081 communiter

798 4124 1171 4184 acceptautur.
1218 4113 1421 4171 Omnes
1471 4132 1718 4184 prorsus,
1762 4118 1963 4187 quibus
2009 4119 2383 4189 philosophica

799 4208 995 4273 llacita
1034 4223 1178 4261 curae
1207 4216 1358 4271 sunt,
1394 4222 1505 4261 uno
1550 4224 1648 4262 ore
1683 4208 1943 4274 fatetttur,
1987 4210 2193 4264 nullum
2226 4210 2383 4265 babio

799 4311 911 4351 tum
946 4300 1014 4352 ab
1066 4299 1160 4352 illo
1197 4300 1468 4367 subjecto,
1523 4300 1681 4369 cujus
1726 4301 1947 4356 habitus
1979 4312 2084 4365 est,
2140 4318 2379 4372 unquam

797 4391 985 4457 dividi,
1017 4400 1071 4446 et
1099 4390 1302 4445 nullam
1331 4391 1695 4447 diﬂerentiam
1729 4394 1797 4447 ab
1837 4408 1903 4448 eo
1930 4394 2201 4462 subjecto,
2224 4395 2383 4464 cujus

2407 3154 2454 3217 C

2470 1984 2581 2037 τῶν
2608 1970 2915 2055 ὁμολογιῶν
2940 1987 3005 2056 δὴ
3040 1979 3249 2039 τούτων
3280 1986 3507 2055 μηδενὸς
3554 1985 3635 2037 ἔτι
3667 1983 3890 2054 χρῄζειν
3915 1980 4071 2033 δοκῶ

2472 2078 2571 2147 τὴν
2623 2076 2921 2144 ἀπόδειξιν.
2978 2078 3039 2129 Εἰ
3089 2077 3199 2147 γὰρ
3248 2081 3282 2147 η
3340 2080 3406 2129 ὲκ
3459 2076 3672 2146 Πατρός
3732 2075 4070 2142 ἐκπόρευσις

2473 2172 2821 2241 ἁδιαιρέτως,
2870 2170 2907 2224 ἃ
2941 2173 3007 2224 σὺ
3041 2170 3295 2240 διαιρεῖς,
3341 2172 3632 2240 ἀμφότερα
3681 2168 3928 2224 δύναται,
3971 2164 4072 2215 εὖ-

2474 2263 2633 2333 δηλον
2667 2262 2740 2324 ὡς
2767 2261 2913 2314 οὕτω
2942 2260 3116 2314 ταῦτα
3144 2261 3209 2330 δὴ
3250 2264 3343 2313 καὶ
3372 2264 3405 2330 ἡ
3436 2261 3503 2313 δι’
3538 2259 3693 2313 Υἱοῦ.
3738 2256 4076 2325 Ἐκπορεύῖ-

2478 2354 2602 2406 σθαι
2632 2357 2744 2422 γὰρ
2768 2357 2880 2416 τοῖς
2912 2354 3162 2429 Πατρὰσι
3193 2354 3255 2405 τὸ
3301 2353 3527 2422 Πνεῦμα
3556 2353 3774 2420 λέγεται
3809 2350 3876 2402 δι’
3906 2349 4075 2409 Υἰοῦ,

2476 2450 2557 2501 ὅτι
2588 2449 2688 2515 τὴν
2713 2448 2848 2518 πρὸς
2891 2448 2993 2518 τὴν
3022 2448 3276 2517 γέννησιν
3306 2446 3401 2499 τοῦ
3442 2445 3572 2498 Υἱοῦ
3603 2446 3971 2514 διαφέρουσαν
4000 2444 4076 2494 ὲκ

2480 2541 2692 2611 Harpe;
2719 2539 2955 2610 ὕπαρξιν
2990 2540 3106 2609 ἔχει
3142 2540 3211 2606 δι’
3239 2538 3392 2591 Υίοῦ.
3417 2539 3480 2591 EE
3518 2537 3614 2608 μὲν
3636 2533 3730 2589 οὖν
3754 2534 3899 2588 οὕτω
3939 2550 4077 2586 συν-

2476 2634 2623 2686 δοκεῖ
2653 2632 2831 2687 ταῦτα
2867 2635 2961 2685 καὶ
3005 2633 3110 2696 σοι,
3144 2632 3305 2702 δεῦρο
3344 2632 3410 2703 δὴ
3442 2632 3599 2700 στῆθι
3634 2630 3750 2699 μεθ’
3779 2628 3934 2697 ἡμῶν
3970 2628 4081 2679 καὶ

2478 2725 2640 2785 αὐτὸς
2669 2726 2770 2795 τὴν
2807 2726 2899 2777 ἐπὶ
2928 2727 2995 2794 τῇ
3035 2723 3186 2792 αίτέᾳ
3215 2721 3312 2775 τοῦ
3354 2722 3673 2789 Πνεῦματος
3703 2720 3931 2787 ἑνότητα
3970 2716 4078 2769 τοῦ

2479 2816 2698 2885 Πατρὸς
2751 2816 3033 2885 ὁμολογῶν
3070 2816 3166 2867 καὶ
3217 2812 3370 2866 Υἰοῦ.
3403 2813 3576 2865 Τοῦτο
3624 2814 3735 2879 γὰρ
3787 2811 3881 2863 καὶ
3934 2809 4081 2859 αὐτὸ

2481 2908 2561 2959 σοὶ
2620 2908 2820 2971 ἐδόκει,
2871 2907 2969 2959 ἐὰν
3010 2907 3061 2959 οι
3112 2906 3357 2975 Πατέρες
3404 2904 3641 2975 ὕπαρξιν
3695 2906 3949 2974 εἰρήκασι
3998 2902 4082 2954 δι’

2479 2999 2634 3064 Υίοῦ,
2669 3002 2767 3054 καὶ
2792 3001 2979 3053 οὐκέτι
3018 2999 3207 3053 λοιπὸν
3236 3000 3426 3070 ἑτέρου
3452 3000 3614 3068 λόγου
3642 2999 3736 3051 τοῦ
3779 2998 4077 3060 πείσοντός

2485 3110 2543 3145 σε
2574 3092 2975 3164 δεηθησόμεθα.

2556 3283 2619 3339 δ’.
2649 3284 2710 3337 El
2738 3284 2796 3338 δὲ
2821 3284 2917 3338 καὶ
2949 3284 3029 3338 ἔτι
3056 3285 3360 3356 πεισμονῆς
3390 3285 3710 3356 ἑξεχόμενος
3735 3282 3942 3344 ἐθέλεις
3978 3284 4086 3335 καὶ

2486 3375 2596 3430 ἀπὸ
2624 3375 2733 3428 τῶν
2762 3372 2844 3439 οἷς
2874 3376 3037 3440 αὐτὸς
3063 3378 3277 3449 χαίρεις
3307 3377 3456 3447 (τοὺς
3484 3375 3884 3447 ὲμφιλοσόφους
3909 3380 4055 3428 κανὸ
4077 3407 4089 3416 -

2486 3484 2582 3532 νας
2613 3486 2673 3521 τε
2700 3470 2795 3531 καὶ
2832 3470 3026 3538 λόγους
3052 3473 3080 3522 ό
3122 3470 3281 3538 λόγος
3311 3469 3630 3540 αίνίττεται)
3668 3468 3773 3538 τὴν
3795 3466 4047 3533 ἁπόδειξι
4066 3494 4086 3518 .-

2482 3561 2577 3615 τοῦ
2604 3548 2917 3633 ἀδιαιρέτου
2937 3564 3037 3631 τῆς
3059 3562 3371 3632 ὑπάρξεως,
3397 3562 3492 3614 καὶ
3517 3560 3612 3615 τοῦ
3642 3562 3742 3625 τῆς
3782 3558 4083 3630 ὑπάρξεως

2484 3653 2687 3723 τρόπου
2719 3655 3096 3723 συγκροτῆσαι
3129 3656 3299 3724 ἡμᾶς,
3325 3654 3407 3717 είς
3450 3652 3676 3724 βεϐαίαν
3719 3653 3815 3705 καὶ
3860 3652 4085 3720 ἀκριϐῆ

2486 3745 2585 3814 τὴν
2617 3748 2967 3814 παράστασιν
3013 3745 3109 3797 τοῦ
3148 3745 3320 3815 μηδὲν
3362 3744 3645 3814 διαφέρειν
3689 3742 3930 3814 ὕπαρξιν
3974 3760 4084 3794 και

2485 3837 2689 3904 τρόπον
2727 3837 2911 3906 λέγειν
2941 3837 3252 3907 ὑπάρξεως,
3294 3838 3389 3890 καὶ
3419 3838 3518 3907 τὴν
3560 3836 3820 3903 τοιαύτην
3850 3835 4091 3888 ἀπόδει-

2488 3927 2570 3995 ξιν
2616 3931 2711 3983 καὶ
2760 3932 3109 4001 παράστασιν
3150 3932 3213 3983 ἐκ
3243 3948 3405 3983 τινων
3447 3928 3809 3999 ποιησόμεθα,
3848 3928 3883 3982 ἃ
3914 3937 4088 3997 κοινὴ

2484 4041 2569 4087 τις
2596 4024 2709 4093 ἔχει
2734 4023 2834 4092 τῆς
2865 4024 3184 4092 φιλοσοφίας
3217 4022 3498 4092 ὁμολογία.
3525 4022 3650 4084 Τοῖς
3667 4023 3801 4074 πᾶσι
3825 4022 4086 4086 πάντως,

2486 4111 2569 4177 οἷς
2607 4116 2911 4184 φιλοσόφων
2941 4117 3094 4184 μέλει
3142 4116 3337 4183 λόγων,
3387 4114 3861 4184 συνωμολόγηται,
3906 4114 4089 4183 μηδε-

2490 4209 2620 4280 μίαν
2655 4211 2843 4278 σχέσιν
2886 4208 2983 4262 τοῦ
3016 4203 3078 4261 οὗ
3111 4211 3207 4262 καὶ
3251 4208 3399 4261 ἔστιν
3446 4206 3809 4279 ὑποκειμένου
3860 4210 4087 4276 σχέσις,

2486 4302 2811 4372 διαιρεῖσθαί
2846 4318 3002 4365 ποτε,
3031 4304 3127 4355 καὶ
3159 4301 3431 4372 μηδεμίαν
3468 4301 3733 4371 διαφορὰν
3765 4299 3860 4351 τοῦ
3890 4291 3956 4349 οὗ
3980 4316 4093 4351 και

2485 4396 2635 4448 ἐστιν
2687 4396 3051 4463 ὑποκειμένου
3096 4394 3352 4463 διαφορὰ,
3382 4392 3606 4447 ἁπείναί
3646 4407 3816 4444 ποτε·
3860 4390 3985 4460 μηδ’
4019 4393 4089 4442 ἐν

797 4481 1103 4537 differentia
1139 4494 1241 4551 est,
1274 4500 1514 4554 unquam
1548 4487 1761 4553 abesse,
1794 4497 1848 4541 et
1878 4486 1931 4540 in
1957 4488 2139 4556 specie
2169 4488 2371 4543 nullam

2483 4488 2590 4559 ἰδίᾳ
2625 4487 2897 4560 μηδεμίαν
2933 4486 3044 4538 τῶν
3080 4486 3386 4555 εἰρημένων
3440 4485 3583 4538 εἶναι
3634 4487 3703 4556 τῇ
3747 4483 4090 4537 ὑποστάσει-

798 4587 863 4627 ex
891 4575 1001 4643 jam
1037 4574 1200 4629 dictis
1229 4576 1283 4629 in
1318 4577 1598 4646 hypostasi
1623 4593 1747 4633 esse
1767 4589 1924 4633 extra
1962 4578 2293 4647 subjectum.
2330 4584 2387 4637 Si

799 4678 923 4716 vera
961 4664 1075 4717 haec
1129 4673 1278 4730 sunt,
1324 4676 1378 4719 et
1417 4668 1697 4720 communi
1760 4669 2208 4738 philosophorum
2263 4685 2389 4723 cou-

800 4758 1038 4812 fessioue
1086 4759 1408 4812 conlirmata
1444 4775 1457 4812 :
1490 4766 1546 4812 et
1594 4758 1710 4811 ﬁeri
1764 4760 1978 4828 nequit,
2026 4772 2084 4814 ut
2116 4761 2388 4830 quispiam

808 4849 1149 4901 demonstret
1175 4864 1280 4900 non
1302 4850 1466 4901 simul
1491 4850 1774 4914 exsistere,
1806 4866 1930 4904 cnm
1962 4851 2148 4905 habitu
2169 4867 2385 4921 nempe,

799 4939 945 5004 quod
1002 4938 1211 4992 babitui
1248 4939 1558 5007 subjicitur,
1588 4949 1642 4994 ct
1694 4956 1820 4994 eum
1864 4940 2193 5008 diﬂerentia,
2242 4946 2387 5011 quod

805 5028 1175 5083 ditl‘ercntiam
1223 5032 1632 5098 complectitur,
1689 5046 1787 5100 age
1845 5034 2113 5101 responde
2172 5035 2387 5088 interim

788 5118 939 5180 ,mihi
968 5134 984 5172 :
1014 5122 1094 5170 An
1117 5122 1395 5186 processio
1424 5122 1788 5188 procedentis,
1814 5128 2110 5176 secundum
2144 5124 2387 5178 habitum

802 5218 1019 5271 earum,
1046 5225 1165 5276 quae
1196 5211 1261 5263 ad
1294 5210 1441 5263 aliud
1476 5211 1819 5276 tel‘eruutur,
1853 5211 2132 5280 processio
2180 5213 2389 5267 scilicet

805 5303 1064 5372 Spiritus,
1093 5312 1146 5357 et
1192 5304 1497 5357 diderentia
1538 5304 1683 5357 illius
1734 5316 1980 5374 respectu
2020 5307 2386 5376 generationis

806 5391 929 5446 Filii
966 5394 1259 5463 separatim
1303 5402 1354 5447 et
1388 5396 1595 5463 absque
1621 5397 1870 5463 subjecto
1902 5398 2127 5450 dicenda
2167 5407 2271 5461 est,
2318 5414 2385 5454 ex

807 5480 968 5536 Patre
996 5498 1090 5551 per
1121 5481 1318 5537 Filium
1348 5485 1611 5540 exsilire?
1631 5484 1737 5539 Sed
1770 5487 1919 5541 nullo
1956 5503 2194 5557 unquam
2226 5490 2387 5544 modo

805 5574 951 5629 hanc
979 5577 1303 5631 divisionem
1330 5593 1638 5648 proponere
1659 5580 1904 5633 audebis.
1929 5580 2084 5645 Quod
2117 5581 2161 5635 si
2196 5582 2247 5634 id
2273 5598 2383 5637 nou

804 5669 998 5734 audes,
1031 5669 1157 5739 quid
1214 5681 1474 5739 praeterea
1504 5672 1696 5726 dices?
1740 5681 1795 5726 et
1837 5673 1883 5726 si
1915 5675 1980 5727 ad
2028 5675 2385 5729 stabiliendas

809 5775 928 5815 tuas
962 5767 1462 5833 interpretationes.
1494 5766 1877 5833 reponsionem
1900 5767 2172 5822 intentare
2197 5768 2383 5820 volue-

809 5859 909 5920 ris,
947 5859 1076 5925 quid
1112 5856 1501 5927 respondebis?
1550 5856 1749 5913 Totum
1781 5871 1911 5914 sane
1953 5860 2095 5929 quod
2145 5874 2378 5929 respou—

2493 4583 2645 4649 παρὰ
2707 4579 2766 4631 τὸ
2822 4579 3206 4646 ὑποκείμενον.
3268 4578 3329 4629 Εἰ
3362 4576 3493 4645 γοῦν
3544 4577 3719 4647 ἁληθῆ
3765 4577 3939 4629 ταῦτα
3975 4584 4090 4633 καὶ

2495 4674 2703 4734 κοιναῖς
2741 4673 2863 4732 ταῖς
2897 4670 3209 4739 φιλοσόφοις
3245 4672 3482 4732 ὲννοξαις
3513 4670 3944 4739 ὁμολογούμενα,
3979 4673 4094 4725 καὶ

2494 4763 2651 4832 εἴπερ
2690 4762 2789 4813 οὐκ
2825 4761 2993 4824 ἐστιν,
3028 4760 3174 4822 ὅπως
3198 4761 3263 4814 ἄν
3292 4777 3374 4820 τις
3407 4760 3505 4813 καὶ
3534 4762 3937 4829 ἀσυνύπαρκτα
3972 4762 4094 4816 δεί-

2493 4854 2600 4917 ξειε
2631 4852 2804 4905 ταῦτα
2837 4855 2901 4922 τῇ
2937 4853 3143 4921 σχέσει,
3180 4852 3241 4903 τὸ
3287 4854 3479 4922 σχετόν
3528 4870 3695 4923 φημι,
3728 4858 3793 4924 τῇ
3836 4856 4093 4927 διασορᾷ

2491 4962 2550 4997 τε
2574 4943 2635 4996 τὸ
2655 4942 2912 5013 διάφορον
2930 4960 2945 4975 ο
2973 4942 3133 5013 δεῦρο
3154 4943 3218 5013 δὴ
3249 4945 3545 5013 ἀπόκριναι
3574 4947 3635 4999 τὸ
3666 4947 3869 5011 λοιπὸν,
3903 4948 3953 4998 εἰ
3976 4950 4091 5018 τὴν

2492 5036 2825 5105 ὲκπόρευσιν
2872 5034 2967 5087 τοῦ
3002 5036 3339 5106 ὲκπορευτοῦ
3385 5042 3526 5093 κατὰ
3568 5038 3669 5110 τὴν
3697 5040 3805 5092 τῶν
3840 5041 3980 5109 πρός
4016 5059 4089 5095 τε

2495 5124 2703 5193 σχέσιν,
2736 5125 3057 5194 Πνεύματος
3093 5124 3264 5182 οὖσαν
3292 5130 3640 5199 ὲκπόρευσιν,
3678 5134 3773 5185 καὶ
3806 5132 4092 5204 διαφορὰν

2492 5220 2655 5272 αὐτοῦ
2702 5220 2838 5290 πρός
2868 5237 2931 5287 γε
2960 5220 3058 5289 τὴν
3094 5220 3350 5290 γέννησιν
3394 5222 3489 5275 τοῦ
3519 5223 3651 5275 Υἱοῦ
3685 5227 4095 5294 ἀποτετμημέ-

2492 5330 2618 5375 νως,
2649 5314 2744 5366 καὶ
2774 5313 2872 5365 τοῦ
2907 5313 3271 5382 ὑποκειμένου
3308 5316 3473 5384 χωρίς
3506 5317 3623 5368 ἐστι
3655 5317 3836 5385 λέγειν
3864 5320 3929 5371 ἐκ
3958 5320 4093 5373 Πα-

2490 5405 2618 5476 τρὺς
2650 5404 2950 5472 προϊοῦσαν
2979 5405 3066 5456 διὰ
3104 5404 3200 5456 τοῦ
3234 5405 3389 5469 Υἱοῦ,
3418 5408 3518 5461 οὐκ
3564 5407 3629 5460 ἂν
3670 5408 3815 5479 ἔχοις
3852 5412 4093 5477 πάντως

2492 5496 2551 5546 τὸ
2588 5496 3044 5564 ἀποτετμημένον
3093 5494 3253 5547 τοῦτο
3282 5498 3671 5569 ἀποθαρρῆσαί
3719 5517 3869 5555 ποτε.
3928 5502 4092 5572 Πρὸς

2490 5587 2650 5641 τοῦτο
2678 5587 2735 5638 δὲ
2768 5587 2844 5657 μὴ
2877 5587 3228 5659 ἁποθαρρῶν,
3278 5589 3331 5640 τί
3366 5592 3597 5660 φήσειςς
3642 5592 3985 5667 Ἀποὶογήσῃ
4022 5599 4093 5653 δὲ

2491 5680 2628 5748 πρὸς
2667 5679 2927 5731 σύστασιν
2957 5679 3066 5731 τῶν
3102 5681 3211 5731 σῶν
3253 5681 3591 5753 ἐξηγήσεων,
3617 5684 3669 5737 τί
3702 5682 3846 5756 εἶχες
3880 5690 3949 5740 ἂν
3981 5694 4094 5744 καὶ

2492 5770 2909 5837 ἀπολογεῖσθαι;
2960 5773 3143 5835 κακῶς
3181 5775 3279 5843 μέν
3327 5776 3422 5827 καὶ
3466 5778 3807 5846 ἐπισφαλῶς.
3856 5783 4096 5835 Ἀπολο-

2493 5859 2705 5925 γεῖσθαι
2742 5857 2785 5909 δ’
2818 5860 2964 5931 ὅμως
3005 5863 3135 5932 πρὸς
3175 5864 3403 5934 ἄρνησιν
3426 5872 3524 5938 τῆς
3568 5870 3631 5922 ix
3668 5871 3879 5942 ῐιατρὸς
3904 5874 4092 5947 ὺπέρ.
