4210 6440
776 425 873 487 367

1792 419 2000 482 JOAN.
2049 420 2257 481 VECCI
2301 423 2412 484 (ΖΡ.
2457 424 2966 485 ΡΑΤΗΙΑΠΟΙΙΕ

3904 421 4018 483 368

763 538 1170 605 dignoscantur.
1190 531 1268 586 Tu
1288 531 1471 601 itaque
1490 530 1851 595 refutationis,
1876 545 1995 600 quze
2021 546 2116 599 per
2142 531 2339 584 instan-

2451 535 2559 587 τῶν
2582 535 2781 599 λέξεων
2831 538 3112 607 λέγεσθαι,
3153 540 3210 593 ἒν
3238 558 3290 592 τι
3320 541 3413 592 καὶ
3448 538 3643 593 ταυτὶν
3676 538 3767 589 καὶ
3797 535 3883 589 ἐπ’
3908 538 4022 607 ἁμ-

764 628 896 680 tiam
950 624 1029 689 iit,
1088 625 1232 679 hisce
1264 624 1823 677 demonstrationibus
1871 635 2066 685 utens,
2120 637 2337 675 omnem

768 717 1191 772 commentitiam
1232 715 1638 786 humonymiam
1668 730 1935 784 expunge.
1965 710 2159 784 Neque
2190 714 2337 768 enim

775 793 872 865 tibi
912 810 1018 864 ulla
1054 807 1263 862 ratione
1295 822 1433 876 opus
1462 814 1545 861 est
1584 806 1650 860 ad
1690 805 2045 874 rejiciendas,
2078 819 2216 873 quas
2251 804 2338 858 isri

765 899 1139 970 homonymias
1164 939 1180 963 ,
1213 908 1271 952 ut
1319 895 1569 957 refellant
1611 894 1789 949 Patris
1835 903 1889 948 et
1919 894 2040 947 Filii
2076 893 2336 947 unitatem

764 994 815 1046 in
851 1006 1015 1045 causa
1066 990 1301 1060 Spiritus
1334 989 1842 1043 comminiscuntur.
1877 985 1943 1038 Et
1973 988 2037 1039 de
2077 986 2181 1039 hoc
2213 987 2336 1038 uni-

760 1098 915 1137 versa
949 1091 1134 1137 nostra
1166 1082 1339 1136 oratio
1372 1096 1467 1151 per
1497 1064 1595 1133 nos
1617 1079 1865 1133 absolute
1902 1077 2138 1147 perfecta
2172 1078 2334 1132 tinem

762 1174 968 1227 habuit.

830 1448 883 1501 8.
934 1447 1069 1502 Cum
1127 1461 1253 1501 vero
1309 1454 1362 1501 et
1415 1446 1657 1501 secundo
1711 1446 1978 1498 instantes
2035 1460 2332 1513 possumus

759 1538 1004 1594 refellere
1054 1538 1418 1601 adversarios,
1473 1538 1564 1617 qui
1637 1536 1868 1589 similent
1926 1536 2331 1606 homonymiam

759 1628 963 1700 insulse
1003 1639 1165 1699 atque
1205 1630 1467 1708 inutiliter
1500 1636 1851 1697 proponunt:
1887 1628 2101 1681 attende
2148 1628 2329 1697 igitur,

756 1724 899 1793 quod
949 1722 1079 1787 illis,
1123 1722 1471 1775 data'eorum
1516 1719 1900 1786 responsione,
1932 1717 2091 1785 objici
2132 1725 2327 1784 potest,

754 1815 976 1883 vimque
1022 1811 1166 1865 illius
1201 1809 1596 1879 apprehende:
1622 1808 1751 1861 Esto
1783 1808 1923 1860 enim
1949 1848 1961 1870 ,
2001 1806 2193 1859 similis
2235 1806 2332 1859 ho-

2443 625 2695 696 φοτέραις
2746 629 3084 698 ἱσοδυνάμως
3119 630 3383 684 δύνασθαι
3428 630 3524 682 καὶ⁵
3568 629 4017 696 ἀμεταποιήτως.

2442 717 2514 768 Σὺ
2539 716 2698 783 γοῦν,
2731 719 2850 781 ταῖς
2878 720 2972 771 τοῦ
3009 721 3129 773 κατ’
3165 721 3419 773 ἔνστασιν
3464 720 3691 789 ἐλέγχου
3736 717 4021 779 τοιαύταις

2440 806 2750 870 ἀποδείξεσι
2801 809 3103 880 χρώμενος,
3140 812 3324 865 πᾶσαν
3372 810 3764 879 πεπλασμένην
3800 810 4023 876 ὁμωνυο

2443 894 2575 962 μίαν
2611 896 2903 967 διὰγραφε.
2956 900 3184 963 Οὐδενὸς
3213 900 3321 968 γὰρ
3375 900 3458 952 ἔτι
3507 900 3667 967 λόγου
3724 915 3805 951 σοι
3855 896 4013 966 χρεία

2441 988 2578 1058 πρὸς
2600 989 2662 1041 τὸ
2678 990 3101 1060 διαγράφεσθαι,
3134 993 3199 1058 ἃς
3235 990 3385 1048 οὗτοι
3417 994 3738 1065 ὁμωνυμίας
3764 994 3857 1045 ἐπὶ
3897 994 4021 1046 δια·-

2438 1079 2570 1148 6ολῇ
2639 1083 2743 1149 τῆς
2786 1082 2880 1135 τοῦ
2914 1084 3128 1154 Πατρὺς
3174 1088 3268 1138 καὶ
3316 1086 3446 1138 Υἱοῦ
3507 1086 3759 1154 ἐνότητος
3808 1084 3904 1136 ἐπὶ
3943 1086 4017 1153 τῇ

2438 1171 2591 1241 αἰτίᾳ
2631 1173 2724 1225 τοῦ
2759 1174 3075 1245 Πνεύματος
3114 1177 3465 1230 πλάττουσιν.
3522 1177 3630 1229 Καὶ
3661 1177 3769 1238 πᾶς
3802 1177 3844 1228 ὁ
3886 1176 4022 1243 περὶ

2435 1260 2628 1313 τούτου
2652 1261 2806 1330 λόγος
2845 1264 3030 1317 λοιπὸν
3063 1268 3294 1331 ἐντελῶς
3332 1268 3466 1336 παρ’
3496 1265 3654 1337 ἡμῶν
3690 1266 3790 1336 ἤδη
3830 1264 4020 1316 διεπε-

2440 1352 2612 1422 ράνθη
2643 1372 2741 1409 σοι.

2507 1443 2574 1513 η’.
2634 1447 2783 1502 Ἐπεὶ
2809 1448 2866 1503 δὲ
2897 1451 2991 1503 καὶ
3010 1451 3563 1519 ἁντιπαραστατικῶς
3606 1451 3754 1502 ἔστιν
3780 1447 4022 1513 ἀπελέγ-

2438 1532 2525 1597 ξαι
2560 1535 2688 1597 τοὺς
2730 1538 3114 1606 ἀντιλέγοντας
3137 1579 3150 1601 ,
3187 1539 3373 1601 κακῶς
3420 1539 3515 1591 καὶ
3546 1538 3854 1599 ἀσυντελῶς
3886 1539 4022 1589 έαυ·

2440 1626 2549 1685 τοῖς
2563 1626 2661 1694 τὴν
2679 1625 2997 1696 ὁμωνυμίαν
3023 1630 3515 1699 προϐαλλομένους,
3541 1631 3805 1701 πρόσσχες
3828 1631 3891 1699 δὴ
3918 1633 4021 1683 καὶ

2435 1717 2499 1784 τῇ
2535 1717 3021 1788 ἁντιπαραστάσει,
3049 1722 3144 1773 καὶ
3171 1721 3266 1792 τὴν
3304 1722 3361 1788 ἐξ
3389 1723 3562 1790 αὐτῆς
3591 1722 3746 1791 ἰσχὺν
3778 1722 4022 1793 προσλα-

2436 1804 2745 1857 ϐοὖ.”Εστω
2761 1807 2869 1875 γὰρ
2890 1806 2964 1877 μὴ
2989 1809 3296 1861 πεπλάσθαι
3327 1809 3425 1878 τὴν
3444 1810 3765 1879 ὁμωνυμίαν
3796 1812 3982 1871 αὐτοῖς
3999 1826 4014 1839 ·

757 1904 1031 1971 monymia
1081 1902 1449 1956 commentitia
1504 1915 1613 1952 non
1670 1899 1764 1963 sit,
1823 1897 2151 1951 concedatur
2209 1912 2334 1950 vere

2436 1894 2669 1946 δεδόσθω
2694 1868 2910 1965 ἀληθίῦς
2952 1868 3264 1969 ὁμωνυμεῖν
3314 1868 3407 1952 ἐπὶ
3456 1868 3555 1952 ⁴τοῦ
3604 1868 3734 1952 fio?)
3781 1900 3872 1953 καὶ
3920 1868 4022 1953 ἐπὶ

756 1995 986 2048 testibus
1022 1991 1186 2062 ipsis,
1247 2001 1299 2045 et
1350 1988 1729 2044 defensoribus
1774 1988 1839 2042 de
1885 1986 2021 2042 Filio
2065 1999 2118 2042 et
2149 1986 2329 2054 Patre,

755 2100 875 2153 qua:
902 2092 1053 2138 notat
1079 2082 1314 2151 Spiritus
1347 2081 1522 2135 sancti
1573 2079 1951 2133 exsistentiam
1980 2117 1995 2143 ,
2031 2080 2331 2134 dictionum

755 2179 950 2233 seriem
986 2174 1394 2243 homonymiam
1450 2173 1749 2226 continere.
1801 2170 2145 2225 Conccdatur
2193 2170 2332 2225 duas

754 2269 1057 2321 dictionum
1085 2268 1252 2319 series
1284 2265 1348 2317 de
1378 2263 1519 2317 Filio
1552 2263 1604 2315 in
1636 2276 1796 2314 unam
1824 2259 2029 2321 reduci,
2059 2268 2111 2312 et
2142 2275 2333 2316 omnes

756 2361 920 2415 simul
947 2358 1214 2414 dictiones
1260 2357 1324 2410 ad
1358 2356 1647 2410 notandam
1706 2352 1943 2422 Spiritus
1985 2352 2331 2406 distributio-

757 2432 880 2504 nem
920 2450 1115 2518 accipi,
1143 2448 1277 2502 nihil
1304 2449 1383 2500 vel
1426 2446 1531 2500 hoc
1567 2444 1726 2499 modo
1758 2444 1823 2497 ad
1873 2453 2222 2513 procuratam
2263 2444 2332 2496 ab

756 2543 889 2610 ipsis
949 2541 1291 2610 rejectionem
1348 2538 1568 2591 unionis
1623 2536 1801 2590 Patris
1830 2543 1882 2588 et
1918 2535 2036 2587 Filii
2070 2536 2122 2588 in
2167 2550 2331 2588 causa

749 2620 995 2703 Spiritus
1028 2630 1375 2701 homonymia
1406 2629 1716 2683 contulerit.
1749 2625 2048 2681 Possumus
2087 2627 2231 2681 enim
2262 2640 2332 2679 ex

758 2726 874 2793 ipsa
907 2724 1340 2794 suppeditationc
1365 2761 1378 2785 ,
1419 2731 1468 2774 et
1515 2722 1731 2774 datione
1766 2719 2061 2775 secundum
2114 2718 2333 2786 conjec-

758 2814 958 2871 turales
1013 2811 1541 2873 demonstrationes,
1600 2825 1719 2878 «inte
1750 2826 1818 2863 ex
1873 2808 2333 2875 subsequentibus

758 2906 1113 2977 praecedentia
1140 2910 1592 2967 commonstrant,
1646 2917 1710 2956 ex
1745 2900 1895 2977 Filio.
1920 2902 2153 2969 Spiritus
2192 2901 2335 2953 exsi-

756 3002 1007 3054 stentiam
1061 3000 1409 3060 conﬁrmare,
1465 2996 1605 3048 unde
1650 2994 1916 3064 prredictm
1946 3009 2123 3047 causa:
2155 2994 2334 3046 unitas

766 3092 1137 3160 subsequitur.
1171 3090 1232 3143 Et
1263 3105 1367 3159 qua
1416 3088 1623 3141 ratione
1674 3087 1724 3139 id
1774 3086 1887 3148 ﬁat,
1920 3086 2203 3140 considera
2232 3127 2245 3148 ,
2281 3093 2335 3138 et

756 3180 1249 3234 demonstrationes
1296 3193 1361 3231 ex
1414 3175 1628 3233 duobus
1669 3174 2113 3231 COnﬁrmantibus
2157 3172 2333 3227 modis

756 3272 1018 3325 deductas
1067 3270 1324 3338 excipite.
1378 3269 1557 3322 Altera
1604 3267 1708 3320 erit
1754 3282 1875 3336 qua:
1904 3282 1971 3320 ex
2022 3264 2332 3335 approbatis

760 3380 851 3432 per
885 3362 1165 3431 theologos
1200 3361 1264 3413 de
1309 3371 1494 3414 sancta
1528 3359 1745 3423 'l‘iiadc,
1782 3373 1878 3412 nee
1908 3358 1974 3411 ab
1998 3357 2127 3428 ipsis
2159 3370 2331 3425 oppo-

759 3454 1014 3507 nentibus
1070 3452 1346 3521 denegatis
1374 3492 1387 3513 ,
1422 3466 1525 3519 qua
1576 3450 2048 3503 demonstratione
2089 3449 2165 3503 nil
2194 3450 2330 3502 vali-

757 3547 923 3610 dius,
988 3543 1080 3613 qui
1147 3543 1415 3596 similibus
1488 3543 1823 3609 capiuntur,
1879 3542 2327 3610 excogitaverint.

758 3640 964 3697 Altera,
1003 3650 1177 3703 neque
1226 3634 1368 3686 enim
1411 3634 1509 3686 hnc
1542 3648 1569 3683 a
1606 3634 1805 3702 pietate
1850 3635 2085 3686 alienum
2134 3643 2236 3697 est,
2266 3648 2332 3686 ex

760 3726 938 3789 nobis,
972 3739 1093 3777 cum
1130 3732 1251 3792 (tua:
1278 3738 1441 3791 supra
1493 3738 1591 3776 nos
1637 3731 1785 3784 sunt,
1835 3737 1898 3775 ex
1934 3721 1998 3775 iis
2027 3736 2147 3790 qua:
2177 3732 2333 3774 natu-

760 3818 943 3871 raliter
989 3818 1244 3869 eveniunt
1288 3814 1519 3884 singulis
1564 3815 1783 3878 diebus,
1820 3822 1875 3868 et
1907 3816 2164 3868 omnibus
2203 3824 2331 3867 nota

758 3916 926 3969 sunt,
958 3916 1289 3960 assumatur.
1326 3906 1389 3958 Et
1413 3907 1523 3975 jam
1576 3906 1860 3974 positione,
1904 3920 2026 3974 qua:
2073 3906 2333 3973 dignitate

761 4002 933 4069 prima
960 4008 1063 4063 est,
1100 4006 1317 4066 praeut.
1347 3997 1415 4051 Ut
1452 4013 1581 4050 vero
1616 3996 1855 4051 feliciter
1885 4012 2005 4065 quae
2033 3998 2180 4052 circa
2210 4012 2329 4051 eam

760 4101 886 4148 sunt
916 4092 1231 4154 succedant,
1260 4090 1352 4143 tibi
1387 4090 1531 4144 illius
1555 4090 1949 4145 absolutionem
1976 4090 2329 4159 deponeutos,

761 4186 866 4240 Luc
918 4184 1079 4237 modo
1132 4182 1431 4237 orationem
1483 4182 1766 4251 digerenti,
1814 4197 1931 4236 eam
1973 4182 2238 4251 eripiscari
2280 4190 2332 4233 et

761 4275 1007 4329 invenire
1039 4273 1403 4343 suggerimus.
1437 4270 1680 4324 Primum
1719 4273 1821 4326 hoc
1857 4273 1961 4325 illis
1990 4273 2330 4325 enuntiatum

762 4365 1147 4433 interrogando
1176 4377 1467 4433 proponas.
1500 4363 1580 4415 An
1610 4360 1823 4416 Patrem
1853 4363 2153 4417 naturalem
2184 4363 2333 4417 dato-

762 4472 898 4519 rem,
930 4466 977 4509 ct
1016 4456 1313 4509 naturalem
1347 4456 1831 4523 suppeditatorem,
1865 4470 1986 4523 qua:
2014 4456 2155 4523 apud
2184 4456 2331 4525 ipsos

2435 1984 2529 2038 τοῦ
2587 1986 2800 2057 Πατρδς
2839 1989 2931 2043 ὑπ’
2981 1991 3165 2054 αὐτοῖς
3217 1991 3454 2061 μάρτυσι
3504 1992 3600 2044 καὶ
3652 1990 4019 2060 βεϐαιωταίς,

2431 2078 2734 2151 δηλωτικὴν
2760 2080 2858 2150 τῆς
2886 2080 2981 2132 τοῦ
3018 2082 3339 2151 Πνεύματος
3373 2081 3802 2153 λαμϐανομένην
3835 2084 4021 2152 ῠπάρ-

2434 2168 2571 2235 ξεως
2630 2173 2941 2239 συστοιχίαν
2979 2173 3090 2225 τῶν
3126 2174 3361 2237 λέξεωνο
3420 2174 3871 2245 συγκεχωρήσθω
3908 2177 4019 2237 τὰς

2438 2257 2531 2309 δύο
2558 2258 2669 2311 τῶν
2704 2260 2901 2325 λέξεων
2950 2264 3265 2333 συστοιχίας
3319 2266 3398 2325 εἰς
3444 2265 3577 2333 μίαν
3612 2265 3703 2317 ἐπὶ
3739 2262 3830 2316 τοῦ
3883 2263 4018 2317 1⁸ἱοῦ

2436 2349 2792 2417 συνάγεσθαι,
2828 2351 2922 2402 καὶ
2949 2353 3131 2416 πάσας
3162 2353 3296 2423 ὁμοῦ
3326 2355 3424 2416 τὰς
3442 2354 3639 2420 λέξεις,
3658 2355 3739 2417 είς
3771 2354 4016 2423 δήλωσιν

2434 2443 2535 2511 τῆς
2551 2442 2816 2513 διανομῆς
2838 2444 2899 2495 λα
2910 2444 3208 2514 μόἀνεσθαι
3230 2444 3326 2498 τοῦ
3345 2446 3666 2516 Πνεύματος
3690 2447 3776 2501 ἐπ’
3806 2448 4017 2516 αὑτοῦ,

2431 2533 2585 2586 οὐδὲν
2640 2533 2761 2587 οὐδὲ
2810 2535 2952 2587 οὕτω
3007 2537 3142 2606 πρὸς
3186 2538 3286 2607 τὴν
3326 2538 3770 2610 σπουδαζομένην
3824 2540 4018 2600 αὐτοῖς

2433 2626 2710 2695 ἀναίρεσιν
2766 2628 2863 2697 τῆς
2912 2629 3006 2680 τοῦ
3062 2630 3275 2701 Πατρὸς
3314 2636 3408 2684 καὶ
3442 2631 3575 2684 Υίοῦ
3628 2633 3881 2701 ὲνότητος
3916 2632 4021 2684 ἐπὶ

2432 2720 2499 2786 τῇ
2549 2718 2701 2788 αξτίᾳ
2756 2718 2850 2772 τοῦ
2899 2720 3224 2790 Πνεύματος
3289 2725 3322 2792 ἠ
3376 2723 3666 2792 ὁμωνυμία
3700 2722 4018 2791 δυνήσεται.

2438 2809 2714 2879 Ἐστιγαρ
2732 2812 2825 2862 καὶ
2852 2814 2909 2879 ἐξ
2934 2813 3102 2882 αὐτῆς
3132 2815 3229 2881 τῆς
3246 2815 3512 2884 χορηγίας
3535 2814 3627 2865 καὶ
3647 2814 3844 2877 δόσεως
3870 2814 4022 2866 κατὰ

2433 2901 2532 2962 τὰς
2570 2900 2869 2969 λεγομένας
2915 2904 3315 2972 τεκμηριώδεις
3367 2904 3478 2955 τῶν
3527 2904 3857 2967 ἀποδείξεων
3911 2903 4023 2965 τὰς

2434 2992 2499 3043 ἐκ
2519 2991 2624 3044 τῶν
2654 2992 2893 3063 ὑστέρων
2922 2993 3207 3057 δεικνύσας
3242 2993 3311 3047 τὰ
3342 2996 3603 3067 πρότερα,
3627 2998 3728 3063 τὴν
3773 2995 3833 3061 έξ
3880 2994 4019 3047 rio-3

2430 3084 2711 3150 ἀποδεῖξαι
2769 3086 2863 3137 τοῦ
2921 3086 3234 3156 ἱινεύματος
3292 3087 3551 3159 ὓπαρξιν,
3602 3088 3798 3141 ὁπόθεν
3843 3090 3876 3158 ἡ
3911 3088 4021 3155 τῆς

2434 3177 2736 3246 εἰρημένης
2765 3180 2945 3241 αἰτίας
2979 3179 3167 3248 ἑνότης
3201 3180 3516 3247 συνάγεται.
3562 3183 3671 3235 Καὶ
3699 3182 3847 3243 ὅπως
3868 3182 4018 3242 ἐστὶ,

2436 3266 2653 3331 σκόπει,
2694 3266 2790 3318 καὶ
2836 3270 2930 3329 τὰς
2975 3268 3279 3332 ἀποδείξεις
3306 3271 3368 3320 ἐκ
3410 3268 3501 3322 δύο
3524 3271 3632 3323 τῶν
3657 3270 4019 3322 πιστωτικῶν

2432 3360 2527 3409 καὶ
2558 3358 2725 3420 αὐτὲις
2767 3366 2983 3429 τρόπων
3040 3362 3331 3430 γινομένας
3380 3379 3462 3414 σοι
3496 3362 3759 3430 λάμϐανε.
3804 3362 3869 3415 Ἦ
3911 3363 4018 3431 μὲν

2433 3446 2541 3516 γὰρ
2582 3448 2641 3511 ἐξ
2674 3448 2855 3501 αὐτῶν
2907 3447 2997 3501 ἐπ’
3032 3451 3204 3520 αὐτῆς
3244 3451 3341 3519 τῆς
3374 3450 3534 3518 ἁγίας
3571 3449 3897 3518 θεολογικῶς
3929 3453 4017 3503 εί-

2436 3538 2688 3606 ρημένων
2719 3539 2945 3609 Τριὰδος
2967 3541 3060 3592 καὶ
3088 3541 3240 3609 παρᾶ
3266 3540 3376 3594 τῶν
3406 3540 3798 3610 ἀντιλεγόντων
3829 3542 4019 3594 αὐτῶν

2430 3626 2890 3697 ὡμολογημένων,
2922 3626 2990 3703 ἦς
3016 3631 3081 3700 δὴ
3106 3631 3439 3695 ἀποδείξεως
3469 3632 3622 3687 οὐδὲν
3664 3632 4018 3703 ἰσχυρότερον

2432 3721 2480 3772 oi
2510 3721 2733 3790 περὶτὰ
2783 3722 3005 3801 τοιαῦτα
3061 3723 3447 3794 ἐξικριὸοῡσιν
3477 3726 4017 3794 ὲπτοημένοι.γενὴ-

2435 3828 2584 3863 σεται
2605 3829 2619 3843 ο
2649 3813 2680 3882 ἡ
2708 3812 2873 3883 ἑτέρα
2896 3812 2953 3865 δέ
2988 3831 3075 3882 γε,
3100 3815 3219 3867 οὐδὲ
3256 3816 3366 3886 γὰρ
3395 3815 3518 3868 οὐδὲ
3543 3815 3701 3868 τοῦτο
3729 3815 3825 3884 τῆς
3855 3816 4021 3867 εὐσε-

2434 3900 2584 3963 ϐείας
2628 3901 2933 3972 ἀλλότριον,
2964 3905 3028 3956 ὲκ
3076 3903 3185 3956 τῶν
3240 3907 3359 3958 καθ’
3385 3907 3552 3976 ἡμᾶς,
3593 3907 3681 3959 ὅτε
3708 3905 3903 3976 δηλοῦν
3942 3906 4021 3957 τὰ

2435 3991 2575 4062 ὑπὲρ
2596 3992 2743 4062 ἡμᾶς
2782 3995 2847 4046 ὲκ
2880 3994 2989 4048 τῶν
3007 3996 3253 4063 φυσικῶς
3277 3997 3397 4049 καθ’
3428 3998 3667 4066 εκάστην
3685 3998 4015 4066 γινομένων,

2435 4088 2525 4139 καὶ
2558 4088 2721 4139 πᾶσιν
2753 4087 3113 4159 ἐγνωσμένων
3155 4090 3515 4161 ληφθήσεται.
3548 4090 3659 4145 Καὶ
3702 4091 3767 4162 δὴ
3813 4090 4019 4160 πρώτη

2432 4173 2531 4244 τὴν
2566 4174 2734 4242 θέσιν,
2767 4178 2799 4248 ή
2829 4179 2922 4231 καὶ
2969 4179 3068 4249 τὴν
3096 4179 3250 4243 ἀξίαν
3292 4178 3485 4250 πρώτη
3513 4197 3597 4233 σοι
3626 4180 3848 4234 κείσθω.
3886 4179 4017 4232 ἰνα

2432 4265 2487 4318 δὲ
2517 4267 2649 4336 ἡμῖν
2676 4267 2836 4321 εὖοδα
2878 4270 2947 4323 τὰ
2992 4270 3126 4340 πρὸς
3175 4271 3344 4341 αὐτὴν
3377 4272 3611 4339 γένοιτο,
3645 4273 3729 4323 σοὶ
3756 4271 3855 4340 τὴν
3878 4270 4011 4323 ταύ-

2433 4374 2532 4423 της
2565 4358 2913 4421 ἀνατιθέντες
2953 4358 3417 4432 διεκπεράτωσιν,
3448 4362 3594 4415 οὕτω
3644 4378 3729 4414 σοι
3767 4360 4018 4413 διατιθε-

2438 4444 2583 4515 μένῳ
2609 4445 2697 4498 τὸν
2723 4447 2880 4517 λόγον
2909 4451 3214 4521 ἀνιχνεύειν
3253 4453 3479 4523 ταύτην,
3510 4454 3607 4505 καὶ
3667 4453 4021 4522 ἐξευρίσκειν

762 4549 816 4601 in
861 4546 1115 4601 confesso
1160 4557 1262 4607 est,
1306 4546 1756 4615 suppeditatiunis
1788 4547 2106 4615 simpliciter
2133 4557 2187 4601 et
2226 4548 2328 4601 da-

2438 4537 2824 4608 ὑποτιθέμεθα.
2868 4542 3069 4614 Πρώτη
3102 4562 3184 4598 σοι
3214 4545 3355 4598 ἔστω
3404 4545 3521 4599 κατ*
3556 4546 3825 4616 ἐρώτησιν
3868 4548 4014 4614 πρὸς

760 4639 958 4704 tiOnis,
1013 4655 1118 4692 non
1174 4655 1299 4691 vero
1332 4639 1405 4690 uti
1460 4637 1583 4691 aliis
1628 4637 2059 4703 asservientem,
2098 4640 2144 4694 si
2191 4638 2332 4695 Deus

762 4738 957 4796 praeter
1007 4728 1182 4796 ipsum
1225 4727 1405 4781 nullus
1453 4727 1588 4781 alius
1633 4736 1756 4793 est,
1806 4728 1991 4782 dicant
2042 4740 2097 4782 et
2163 4733 2334 4785 conli-

762 4826 995 4871 teantur.
1059 4816 1350 4885 Postquam
1427 4817 1493 4869 de
1550 4816 1632 4870 his
1694 4831 1979 4887 assensum
2034 4818 2329 4887 acceperis,

764 4921 937 4977 neque
970 4906 1115 4960 enim
1154 4906 1337 4966 fuerit,
1375 4905 1465 4973 qui
1501 4905 1647 4958 hisce
1678 4886 1951 4959 contraria
1980 4886 2331 4962 asseverave-

762 5001 861 5062 rit,
915 5000 1186 5065 interroga
1226 5011 1415 5049 rursus
1455 5009 1523 5047 an
1571 4993 1765 5047 Filium
1812 4997 1972 5050 etiam
2028 4999 2329 5051 naturalem

763 5088 995 5158 Spiritus
1052 5088 1291 5139 datorem
1324 5126 1337 5147 ,
1384 5094 1436 5138 et
1482 5087 1781 5139 naturalem
1846 5087 2329 5156 suppeditatorem,

764 5191 869 5231 non
918 5191 1048 5229 vero
1104 5174 1247 5229 Patri
1304 5176 1689 5228 asscrvientem
1746 5174 1798 5228 in
1858 5174 1960 5230 hac
2011 5178 2227 5231 datione
2278 5187 2331 5231 et

762 5270 1229 5340 suppeditatione,
1280 5270 1359 5321 uti
1427 5277 1509 5320 est
1572 5266 1934 5336 insuiipsius,
1998 5268 2067 5321 ab
2129 5271 2330 5323 eisdem

766 5364 1139 5415 indubitanter
1181 5374 1468 5424 concessa,
1525 5370 1761 5415 teneant.
1822 5360 1885 5413 Et
1936 5370 2223 5430 postquam
2265 5363 2330 5413 ad

767 5453 1241 5521 interrogationem
1265 5467 1578 5520 responsum
1593 5466 1781 5505 eormn
1802 5450 2056 5505 habueris
2075 5453 2333 5521 (namque

762 5559 918 5615 aqua
951 5547 1003 5598 in
1031 5547 1285 5599 omnibus
1316 5546 1608 5598 auctoritas
1630 5584 1643 5606 ,
1679 5554 1731 5598 et
1766 5553 2006 5612 potestas
2033 5584 2047 5607 ,
2079 5553 2132 5596 ct
2161 5545 2330 5612 gloria

766 5636 938 5692 Patris
976 5644 1029 5691 et
1070 5637 1235 5702 Filii,
1289 5636 1650 5690 ministerium
1699 5635 1875 5688 modis
1935 5636 2188 5689 omnibus
2247 5651 2333 5689 re-

764 5738 988 5795 spttens,
1020 5726 1087 5779 ad
1121 5726 1258 5778 hanc
1287 5727 1404 5780 illos
1429 5724 1827 5779 confessionem
1869 5725 2183 5795 compellit),
2221 5734 2329 5779 ter-

766 5822 899 5884 tium
928 5834 1146 5887 quoque
1195 5834 1290 5873 eos
1342 5818 1718 5887 interrogabis,
1761 5819 1842 5871 An
1879 5818 2020 5875 hanc
2065 5818 2365 5881 naturalis,

2436 4629 2634 4693 αὐτοὺς
2695 4632 2979 4701 πρότασις,
3012 4637 3061 4687 εί
3096 4637 3186 4689 τὸν
3238 4637 3463 4707 Πατέρα
3518 4637 3747 4706 φυσικὸν
3782 4637 4014 4701 δοτῆρα,

2435 4721 2532 4772 καὶ
2569 4725 2797 4790 φυσικὸν
2832 4726 3065 4795 χορηγὸν
3112 4727 3213 4797 τῆς
3256 4727 3388 4798 παρ’
3413 4730 3593 4781 αὐτῶν
3623 4728 4014 4800 προομολοτη-

2435 4813 2619 4882 θείσης
2651 4816 2835 4879 ἀπλῶς
2852 4818 2911 4884 ιε
2935 4818 3102 4871 αὑτοῦ
3121 4821 3388 4889 χορηγίας
3411 4822 3507 4873 καὶ
3535 4821 3759 4885 δέσεως,
3800 4819 3974 4890 οΰμεν
3990 4850 4008 4860 -

2432 4920 2527 4954 ουν
2557 4905 2631 4967 ὼς
2659 4906 2830 4977 ἑτέρῳ
2857 4909 3252 4978 ὑπηρετοῦντα,
3283 4911 3442 4981 εἴπερ
3497 4912 3630 4974 Θεὸς
3666 4912 3806 4981 πλὴν
3836 4913 4013 4965 αὑτοῦ

2442 4993 2629 5062 μηδείς
2652 4998 2798 5048 ἐστιν
2833 4996 3038 5068 ἔτερος,
3082 5000 3293 5068 λέγοιέν
3315 5018 3375 5054 τε
3406 5003 3499 5055 καὶ
3526 5005 3856 5071 ὁμολογοῖεν.
3892 5005 4018 5055 Κά-

2436 5086 2627 5139 πειδὰν
2668 5091 2767 5157 τὴν
2796 5091 2889 5143 ἐπὶ
2929 5091 3140 5155 τούτοις
3174 5093 3321 5164 λήψῃ
3347 5095 3636 5163 ὁμολογίαν
3659 5110 3672 5123 ⁸
3723 5096 3844 5147 οὐδὲ
3894 5098 4016 5165 γὰρ

2433 5178 2463 5228 ὁ
2493 5178 2629 5248 πρὸς
2652 5180 2945 5253 ταῦτα-τὴν
2963 5185 3287 5255 ἀντίρρησιν
3318 5188 3679 5256 ποιησόμενος
3708 5188 3859 5240 ἔσται
3885 5204 3975 5240 σοι
3994 5205 4014 5245 ‘_

2435 5269 2613 5338 ἐρώτα
2651 5272 2834 5333 πάλιν,
2872 5276 2919 5325 εί
2971 5276 3183 5327 καὶτὸν
3217 5276 3347 5330 Υίὸν
3371 5279 3602 5345 φυσικὸν
3625 5279 3718 5330 τοῦ
3751 5278 4018 5347 Πνεῦμα-

2434 5377 2523 5423 τος
2558 5362 2793 5432 δοτῆρα,
2836 5369 2930 5416 καὶ
2978 5367 3209 5434 φυσικὸν
3250 5369 3485 5439 χορηγὸν
3544 5370 3809 5440 οὗμενουν
3858 5373 4019 5442 ὑπη-

2437 5454 2599 5523 ρέτην
2634 5455 2728 5506 τοῦ
2762 5456 2975 5526 Πατρὸς
3006 5460 3099 5511 ἐπὶ
3125 5463 3189 5531 τῇ
3221 5460 3364 5513 δόσει
3395 5462 3569 5533 ταύτῃ
3610 5467 3705 5516 καὶ
3744 5471 4018 5537 χορηγίᾳ,

2432 5546 2497 5613 τῇ
2530 5546 2622 5596 καὶ
2678 5548 2845 5599 αὑτοῦ
2907 5549 3040 5620 παρ’
3082 5553 3265 5604 αὐτῶν
3320 5554 3509 5617 ἁπλῶς
3569 5556 4007 5630 ὁμολογηθείσῃ,

2432 5634 2724 5699 δοξάζοιεν.
2763 5639 3043 5693 Κάπειὸαν
3065 5644 3157 5695 καὶ
3188 5644 3285 5713 τὴν
3314 5647 3408 5698 ἐπὶ
3444 5649 3510 5716 τῇ
3545 5647 3808 5717 ἐρωτήσει
3833 5649 4022 5721 ταύτῃ

2437 5727 2580 5798 λήψῃ
2610 5731 2918 5797 ὁμολογίαν·
2953 5736 3016 5785 τὸ
3046 5735 3155 5804 γὰρ
3191 5739 3327 5791 κατὰ
3360 5739 3536 5792 πάντα
3588 5740 3847 5810 ἰσότιμον,
3874 5742 4020 5809 ὁμο-

2436 5821 2693 5891 savage»,
2724 5827 2813 5877 καὶ
2841 5827 3093 5894 ὁμόδοξον
3141 5830 3233 5887 τοῦ
3270 5832 3482 5901 Πατρός
3504 5851 3563 5886 τε
3597 5835 3691 5886 καὶ
3720 5834 3813 5886 τοῦ
3852 5833 4017 5899 Tini,
