4210 6440
163 388 267 450 385

1264 394 1363 451 ΑΙ)
1404 392 1994 452 ΟΟΝΞΤΛΧΤΙΧΗΜ
2035 395 2180 456 LIB.
2229 398 2348 456 IlI.

3316 401 3425 469 386

163 499 433 567 ἀληθείας
470 498 624 551 οὐδέν
651 517 702 553 τι
750 500 957 568 γένοιτο
979 500 1378 571 εὐπορώτερον.
1413 501 1624 569 Ἐρώτα
1658 499 1744 552 οὖν

1855 503 1945 552 tibi
1985 519 2242 571 responsa
2281 516 2464 560 nostra
2521 522 2628 561 non
2680 508 2934 571 aderunt,
2980 509 3154 564 donec
3196 510 3424 563 veritate

166 593 261 645 καὶ
299 591 468 643 πάλιν
490 609 504 620 ·
535 592 729 661 ἀπόρει.
759 592 852 645 καὶ
893 593 1078 645 πάλιν.
1115 593 1191 643 Τὸ
1212 593 1267 644 δι
1298 591 1394 643 νῦν
1443 593 1565 660 ἔχον
1602 591 1751 642 ἐπεί-

164 703 272 756 περ
303 687 447 740 ἄττα
487 687 789 756 διαπορεῖς,
821 687 919 751 οὐχ
944 687 1016 748 ὠς
1045 686 1257 754 φρονῶν
1283 687 1422 738 αὐτά
1453 687 1546 738 καὶ
1563 687 1750 738 διαπο-

163 780 296 846 ρείς.
317 779 460 832 ἀλλὰ
490 779 602 832 τῶν
634 781 733 848 τῆς
763 777 1018 848 ἀληθείας
1053 778 1590 847 καταστοχαζόμενος
1614 780 1752 844 ιπη-

164 874 439 938 ρεαστῶν.
474 875 626 934 ὅπως
655 873 722 925 ἂν
745 873 839 924 ἐπὶ
874 874 1011 924 πᾶσι
1060 871 1122 922 τὸ
1167 873 1296 940 πρὸς
1351 872 1749 939 ἑπιστομισμὸν

160 967 344 1016 αὐτῶν
375 967 598 1034 ἕτοιμόν
626 982 706 1017 σοι
735 963 1182 1031 ἀποταμιεύοιτο,
1233 963 1327 1014 καὶ
1357 963 1426 1014 τὰ
1457 962 1748 1031 ἠπορημέ-

161 1073 244 1114 να,
268 1055 374 1105 καὶ
405 1057 462 1106 αί
488 1055 602 1105 τῶν
629 1054 1000 1122 ἠπορημένων
1049 1054 1430 1120 διασαφήσεις,
1453 1055 1530 1114 είς
1578 1053 1747 1104 τύπον

157 1145 384 1209 ὁδηγίας
414 1162 502 1196 σοι
534 1144 1134 1207 διεκτιθέσθωσαν,τίνι
1185 1145 1251 1196 ἂν
1283 1145 1371 1195 ἐπ’
1415 1145 1597 1204 αὐτοῖς
1651 1145 1747 1196 καὶ

158 1236 380 1300 γένοιτό
417 1254 504 1288 σοι
526 1238 606 1306 τῷ
638 1237 829 1306 τρόπῳ
885 1236 1262 1304 ἐπιστομίζειν
1302 1238 1526 1305 σύμπαν
1559 1239 1618 1289 τὸ
1653 1239 1748 1290 ἀν-

156 1328 649 1396 τικαθισταμενον.
676 1328 970 1404 κινοῦνται
1003 1329 1102 1396 μὲν
1131 1329 1238 1396 γὰρ
1269 1330 1360 1380 καὶ
1411 1330 1575 1381 πάλιν
1607 1332 1744 1398 ἡμῖν

156 1420 250 1486 τὴν
286 1420 422 1488 χθές
455 1437 560 1471 που
599 1421 693 1471 καὶ
727 1421 989 1489 πρότριτα
1019 1419 1264 1486 συνήθως
1301 1419 1448 1486 λόγοι
1495 1423 1622 1489 περὶ
1650 1420 1744 1472 τᾭῡ

157 1511 452 1577 δόγματος.
483 1512 640 1575 Ἀγει
667 1509 723 1561 δὲ
765 1512 901 1578 πρὸς
941 1512 1158 1578 μνήμην
1185 1513 1212 1561 ὁ
1266 1511 1420 1577 λόγος
1470 1513 1614 1578 ἡμᾶς
1648 1512 1745 1578 τῆς

156 1601 292 1666 πρὸς
327 1603 588 1669 ⁴Μιιρῖνον
619 1602 712 1654 τοῦ
754 1601 899 1652 Θείου
949 1601 1195 1668 Μαξίμου
1253 1603 1534 1669 ἐπιστολὴ,
1567 1608 1622 1653 ὲν
1717 1605 1744 1654 ὁ

157 1690 561 1760 μεγαλώνυμος
591 1687 744 1753 οὗτος
775 1693 965 1760 Πατὴρ
993 1695 1091 1758 την
1128 1692 1269 1759 ὑπὲρ
1302 1693 1411 1744 τῶν
1445 1693 1735 1760 Ῥωμαίων

161 1784 253 1832 ἐπὶ
280 1786 352 1850 τῇ
385 1785 451 1835 ἐκ
494 1785 706 1854 Πατρὺς
729 1786 821 1836 καὶ
855 1785 980 1834 Υίοῦ
1009 1784 1331 1850 ὲκπορεύσει
1365 1784 1459 1835 τοῦ
1495 1786 1744 1852 Πνεῦμα-

155 1891 242 1933 τος
313 1875 668 1940 δεφένδευσιν
720 1876 1056 1938 διεξιὼν,τὸ,
1098 1891 1116 1924 ι
1164 1875 1253 1937 Ἐξ
1287 1869 1361 1926 ὧν
1404 1877 1501 1926 οὐκ
1559 1878 1739 1928 αἰτίαν

155 1965 243 2016 τοῦ
292 1966 624 2033 Πνεῦματος
654 1967 744 2018 τὸν
780 1967 906 2018 Υίὸν
965 1965 1256 2028 ποιοῦντας
1315 1969 1454 2033 σφᾶς
1513 1969 1742 2029 ἑαυτοὺς

155 2056 518 2122 ἀπέδειξιν,›
555 2056 763 2125 εἴρηκε.
799 2059 905 2108 Καὶ
930 2057 1112 2108 τοίνυν
1154 2055 1241 2106 διὰ
1273 2055 1331 2106 τὸ
1386 2057 1606 2124 πρῶτον
1647 2061 1743 2109 καὶ

154 2151 410 2216 ἀρχικὸν,
435 2151 576 2218 ὅπερ
601 2138 816 2218 ἀληθῶς
853 2150 997 2217 μόνῳ
1027 2149 1102 2218 τῷ
1136 2149 1314 2216 Πατρὶ
1347 2150 1639 2219 πρόσεστιν
1661 2149 1744 2201 εῖ-

157 2243 381 2308 ρῆσθαι,
407 2242 478 2292 τὰ
525 2242 791 2310 εἰρημένα
818 2241 897 2309 τῷ
926 2242 1055 2311 Θείῳ
1089 2242 1326 2310 Μαξίμῳ
1359 2243 1744 2310 ἐξηγουμένων

157 2332 339 2399 ἡμῶν,
391 2335 458 2384 σὺ
494 2334 548 2384 δὲ
589 2340 646 2383 τὸ
681 2335 789 2385 τῶν
842 2334 1130 2386 ἀντιδίκων
1179 2336 1378 2396 ὑποδὺς
1428 2337 1742 2401 πρόσωπον,

161 2425 442 2493 ἀλλίέστι
475 2426 566 2477 τὸν
615 2425 960 2494 βουλόμενον,
1002 2426 1159 2496 ἔφης,
1204 2430 1379 2478 εἰπεῖν
1431 2427 1532 2491 ὡς,
1559 2429 1607 2477 εἰ
1645 2427 1742 2495 μὲν

155 2517 269 2574 τοῖς
312 2515 667 2581 αίτιωμένοις
703 2517 1007 2586 Ῥωμαίους
1063 2519 1194 2589 περὶ
1248 2519 1478 2588 ἀρχικοῦ
1526 2521 1620 2571 καὶ
1669 2519 1744 2589 μὴ

160 2608 398 2676 ἀρχικοῦ
425 2608 598 2659 ultio-0
632 2611 668 2679 η
688 2611 1028 2672 καταιτίασις
1061 2606 1129 2680 ἧν
1151 2652 1166 2676 ,
1188 2607 1336 2679 εἶχον
1367 2611 1434 2664 ἂν
1461 2612 1516 2663 αἱ
1547 2609 1748 2679 ἐξηγή-

161 2716 274 2759 cst;
329 2701 392 2750 τὸ
455 2701 816 2766 εὐλογοςξανές
845 2718 861 2733 ο
905 2703 1026 2752 ἐπεὶ
1054 2703 1109 2754 δὲ
1149 2704 1351 2754 ἐκείνοι
1413 2703 1546 2770 πρὸς
1576 2702 1745 2771 αὐτὴν

156 2793 253 2860 τὴν
305 2792 367 2854 ἐξ
399 2793 535 2844 Υίοῦ
586 2793 913 2862 ἐκπορευσιν
983 2795 1347 2860 ἀντιλέγουσι,
1401 2797 1576 2862 πάντη
1628 2797 1744 2846 ἐστὶ

156 2881 316 2943 εῆλον
347 2882 479 2950 μήτ’
515 2882 740 2944 ἐκείνοις
783 2884 921 2951 μήτε
948 2884 1024 2952 τῷ
1052 2884 1492 2954 ὑπερηγοροῦντι
1516 2885 1625 2937 τῶν
1651 2886 1741 2937 ὑπ’

159 2977 403 3023 αῖτιασιν
479 2976 607 3041 περὶ
657 2973 889 3042 ἀρχικοῦ
928 2976 1020 3024 καὶ
1058 2975 1153 3043 μὴ,
1189 2978 1322 3044 περὶ
1350 2976 1406 3028 δὲ
1449 2979 1546 3044 τῆ;
1607 2978 1743 3040 ὅλως

159 3066 339 3123 αἰτίας
371 3065 467 3114 τὸν
507 3065 664 3129 λόγον
703 3065 918 3115 ἅπαντα
944 3066 1212 3131 γίνεσθιι.

1857 595 1971 661 ipsa
2031 596 2331 662 parabilius
2392 608 2484 652 aut
2541 601 2815 653 liberalius
2875 601 3080 667 aliquid
3137 603 3412 668 quispiam

1852 689 2257 754 excogitaverit.
2291 689 2472 754 Quare
2521 707 2715 744 rursus
2765 691 3288 758 interrogationibus
3335 694 3419 744 in-

1854 791 1958 841 sta,
2005 796 2198 834 rursus
2245 783 2674 836 dnbitatiunibus
2707 800 2836 852 urge
2878 781 3264 835 Verumtamen
3294 799 3417 841 cum

1853 871 1906 923 in
1939 874 2227 940 praesentia
2264 890 2383 942 qua:
2424 878 2807 937 controvertis,
2843 891 2952 928 non
3003 875 3079 928 uti
3115 876 3265 927 illius
3298 890 3422 928 sen-

1853 965 2036 1016 tentia:
2062 965 2160 1028 sis,
2191 968 2580 1028 controvertis,
2619 968 2713 1020 sed
2750 967 2812 1019 ad
2845 969 3092 1019 Veritatis
3123 969 3423 1020 calumnia-

1853 1064 1997 1108 tores
2023 1057 2265 1108 animum
2304 1058 2610 1122 intendens,
2648 1060 2785 1110 utin
2822 1061 3076 1111 omnibus
3111 1072 3417 1127 promptum

1851 1147 1946 1198 tibi
1989 1148 2054 1199 ad
2087 1164 2276 1200 eorum
2308 1166 2401 1202 ora
2435 1151 2770 1202 obstruenda
2806 1166 3073 1209 rcsirrves.
3133 1153 3322 1211 dubia.
3363 1161 3420 1205 et

1851 1236 2254 1291 dubitationum
2271 1241 2684 1307 explicationes,
2706 1256 2842 1308 quas
2856 1242 3010 1308 sequi
3031 1243 3251 1306 debeas,
3267 1245 3420 1308 dige-

1851 1340 2064 1390 rantur,
2100 1331 2297 1396 quibus
2338 1331 2404 1382 ad
2444 1346 2537 1383 ora
2581 1333 2844 1386 frenanda
2894 1348 3014 1384 sese
3061 1336 3223 1384 rebus
3254 1335 3408 1386 simi-

1851 1419 1993 1471 libus
2036 1421 2450 1488 opponentium,
2496 1438 2602 1474 non
2640 1425 2955 1490 imparatus
2987 1425 3420 1490 comprehenda-

1849 1511 1947 1562 ris.
1985 1510 2267 1565 Moventur
2299 1514 2568 1580 siquidem
2605 1514 2823 1573 iterum,
2857 1516 2946 1582 qui
2973 1527 3026 1567 et
3056 1515 3192 1578 lteri,
3221 1526 3274 1567 ct
3312 1532 3414 1565 nu-

1846 1601 1968 1653 dius
2023 1605 2236 1666 tertius,
2293 1608 2369 1656 uti
2423 1605 2647 1666 assolet,
2705 1619 2989 1656 sermones
3037 1608 3102 1657 de
3137 1608 3418 1673 dogmate,

1846 1705 2131 1760 sermoque
2165 1696 2318 1746 nobis
2369 1696 2687 1746 memoriam
2723 1694 2944 1746 refricat
2978 1695 3147 1746 divini
3195 1695 3418 1747 Maximi

1848 1783 1911 1832 ad
1952 1781 2049 1832 Mai
2069 1784 2216 1833 innm
2251 1784 2497 1849 epistola,
2529 1799 2633 1850 qua
2663 1786 2842 1852 magni
2872 1786 3113 1836 nominis
3140 1784 3295 1837 l’ater
3322 1803 3420 1854 pro

1845 1871 2101 1924 Romanis
2132 1874 2196 1926 de
2228 1872 2464 1940 Spiritus
2514 1888 2576 1926 ex
2629 1874 2782 1926 Patre
2822 1887 2867 1926 ct
2906 1875 3041 1926 Filio
3070 1878 3423 1943 processione

1842 1964 2216 2016 defensionem
2259 1966 2570 2026 instituens,
2594 1967 2741 2028 illud,
2774 1982 2869 2019 «ex
2902 1967 3099 2034 quibus
3123 1984 3227 2020 non
3253 1984 3419 2020 causa

1846 2054 2081 2122 Spiritus
2106 2057 2297 2108 Filium
2323 2072 2588 2119 asserere,
2613 2073 2731 2110 sese
2755 2059 2826 2108 illi
2849 2058 3222 2119 ostenderunt,
3240 2077 3256 2108 ι
3280 2059 3418 2110 scri-

1852 2154 1978 2212 psnt.
2009 2144 2072 2197 Et
2103 2145 2217 2199 hac
2246 2161 2366 2198 cum
2395 2162 2494 2199 nos
2511 2157 2728 2215 propter
2742 2149 3061 2214 primarium
3087 2161 3247 2216 atque
3270 2151 3417 2214 priu-

1847 2238 2040 2306 cipale,
2071 2240 2211 2306 quod
2250 2254 2377 2292 vere
2398 2242 2497 2292 soli
2530 2240 2669 2291 I‘atri
2699 2243 2859 2302 inest,
2893 2241 3096 2292 dictata
3127 2255 3268 2301 esse,
3298 2255 3419 2304 quae

1854 2345 2017 2396 supra
2058 2331 2341 2382 attulimus
2373 2345 2437 2382 es
2467 2342 2656 2382 sancto
2685 2330 2941 2393 Maximo,
2974 2329 3417 2398 interpretemur,

1852 2431 1905 2474 tu
1963 2421 2401 2474 adversariorum
2452 2435 2741 2487 personam
2793 2423 3048 2485 inducns,
3107 2436 3267 2490 posse
3315 2421 3416 2482 ais,

1850 2515 2156 2580 cuicunque
2230 2513 2281 2565 id
2344 2514 2731 2580 complacitum
2786 2514 2970 2578 fuerit,
3015 2529 3308 2582 opponere.
3373 2515 3417 2566 si

1847 2601 1941 2669 qui
1980 2600 2254 2654 Romanos
2281 2602 2332 2653 in
2370 2605 2576 2654 crimen
2607 2604 2896 2665 vocabant,
2928 2604 3036 2655 illis
3064 2605 3130 2654 de
3162 2603 3416 2670 primaria

1846 2702 1901 2746 et
1931 2694 2216 2761 principali
2238 2709 2400 2746 causa
2425 2694 2739 2747 criminatio
2763 2696 2972 2754 fuisset,
3012 2694 3222 2747 similes
3245 2707 3417 2760 expo-

1845 2784 2072 2836 sitiones
2109 2785 2338 2837 rationis
2373 2785 2578 2853 aliquid
2614 2787 2667 2836 in
2695 2799 2754 2836 se
2783 2781 3066 2836 continere
3102 2785 3419 2851 judicaren-

1847 2884 1934 2925 tur
1970 2893 1982 2926 :
2017 2877 2111 2927 sed
2166 2889 2291 2928 cum
2352 2875 2426 2928 illi
2482 2876 2655 2943 ipsam
2702 2891 2769 2928 ex
2825 2874 2962 2928 Filio
3010 2880 3418 2943 processionem

1845 2975 2173 3033 oppugnent,
2229 2967 2485 3020 omnibus
2525 2966 2875 3019 manifestum
2926 2977 3189 3028 remanet,
3244 2979 3419 3032 neque

1842 3059 1910 3110 ab
1950 3059 2078 3120 illis,
2124 3073 2300 3126 neque
2361 3059 2427 3110 ab
2464 3059 2586 3112 aliis
2636 3059 2729 3126 qui
2787 3073 2977 3110 eorum
3037 3057 3416 3111 defensionem

159 3159 503 3224 suscipiunt,
571 3157 638 3209 de
690 3157 950 3225 primaria
995 3171 1048 3211 et
1097 3159 1384 3229 principali
1428 3177 1593 3215 causa
1659 3168 2036 3232 quaestionem,
2087 3171 2181 3224 sed
2249 3172 2312 3224 de
2357 3173 2510 3225 totali
2561 3186 2729 3226 causa
2777 3187 3061 3226 sermones
3134 3173 3419 3227 universos

154 3253 395 3318 jactatos
435 3252 626 3306 fuisse.

228 3349 297 3417 β’.
321 3349 499 3401 Τοῦτο
525 3351 559 3417 ἡ
589 3351 813 3420 ἀπορία.
851 3351 1038 3419 Ἡμεῖ,
1061 3352 1115 3404 δὲ
1141 3353 1239 3421 τὴν
1262 3350 1435 3415 λύσιν,
1459 3352 1516 3404 δν
1538 3354 1751 3423 εἴρηται
1779 3363 1820 3418 C

155 3445 356 3510 τρόπον
381 3444 630 3508 ὁδηγίας,
649 3444 740 3493 ἐπὶ
756 3443 832 3512 τῷ
851 3444 993 3512 ἔχειν
1015 3461 1069 3495 σε
1089 3446 1211 3506 τοὺς
1227 3443 1399 3497 ταῦτα
1418 3447 1742 3513 φρονοῦντας

159 3536 562 3602 ἐπιστομίζειν,
607 3535 914 3588 διεκΘέσθαι
970 3535 1304 3602 βουλόμενοι,
1346 3536 1487 3588 οὕτω
1538 3537 1602 3606 δὴ
1647 3541 1740 3592 καὶ

157 3627 568 3693 διεκτιῢὲμεθα,
601 3625 761 3686 Οἶδας
807 3626 878 3684 ὠ,
930 3627 1070 3687 τινὲς
1113 3628 1208 3695 μὲν
1255 3628 1478 3691 τούτων,
1523 3629 1611 3678 ὑπ’
1643 3631 1741 3696 ἀρ-

160 3721 311 3786 χηγῴ
342 3718 584 3786 Κυπρίῳ
617 3717 962 3781 ταττόμενοι,
996 3717 1128 3786 πρὸς
1158 3711 1237 3778 οἷς
1270 3717 1450 3780 ἄλλοις
1484 3719 1624 3770 κατά
1646 3718 1739 3770 τοῦ

159 3811 421 3870 εὐσεϐοῦς
450 3825 581 3876 φασι
627 3809 914 3876 δόγματος,
949 3810 1041 3859 καὶ
1072 3810 1150 3870 είς
1179 3810 1500 3876 ὁμωνυμίαν
1526 3811 1742 3862 διαὸἀλ-

158 3902 307 3953 λουσι
340 3902 446 3968 τὴν
490 3900 847 3969 ὲκπόρευσινο
878 3901 1020 3962 τινὲς
1053 3900 1108 3952 δὲ
1152 3903 1260 3962 τοῖς
1297 3901 1556 3963 τοιούτοις
1601 3903 1740 3956 κατά

157 3997 215 4044 τὸ
254 3999 320 4045 ἐκ
377 3991 598 4061 Ματρὸς
649 3993 876 4060 διαιρεῖν
903 3992 992 4043 τὸν
1040 3990 1170 4042 Υίὸν
1216 3991 1309 4042 ἐπὶ
1340 3994 1403 4060 τῇ
1444 3992 1591 4064 αίτίᾳ
1644 3993 1737 4045 τοῦ

160 4087 485 4153 Πνεῦματος
541 4085 976 4153 συμφωνοῦντες,
1011 4084 1105 4137 τοῦ
1159 4086 1294 4147 τέως
1337 4087 1495 4154 μόνον
1539 4090 1741 4154 εὐγνω-

165 4180 426 4248 μονοῦσιν
452 4178 738 4245 ὁμολογεῖν
773 4178 868 4246 τὴν
901 4179 1244 4247 ὲκπὸρευσιν,
1273 4182 1473 4247 τρόπον
1501 4181 1600 4248 τῆς
1642 4179 1735 4232 τοῦ

159 4272 486 4340 Πνεύματος
544 4269 828 4338 ὑπάρξεως
875 4271 1058 4339 μόνον,
1092 4273 1185 4322 καὶ
1242 4272 1402 4324 πλέον
1452 4274 1738 4341 σημαίνειν

160 4362 351 4429 μηδὲν.
388 4360 433 4410 Τ
438 4363 504 4429 ἧς
539 4361 748 4428 ρήσεως
778 4358 908 4423 γοῦν
933 4359 1036 4410 ὑπὸ
1065 4360 1281 4412 πάντων
1305 4361 1738 4433 ὁμολογουμένης

157 4455 339 4519 κοινῇο
384 4451 447 4500 τὺ
474 4451 604 4518 γὰρ,
651 4467 668 4498 ι
720 4448 807 4512 Ἐξ
851 4443 926 4501 ὧν
955 4449 1053 4501 οὐκ
1087 4451 1266 4502 αἰτίαν
1293 4451 1384 4502 τοῦ
1427 4453 1738 4521 Πνεύματος

156 4544 240 4593 τὸν
271 4542 410 4592 Υίὸν
463 4540 750 4600 ποιοῦντας
786 4542 925 4605 σφᾶς
972 4540 1196 4602 ἑαυτοὺς
1242 4540 1552 4608 ἀπέδειξαν,
1584 4561 1603 4593 ι
1639 4545 1736 4613 τὴν

158 4638 337 4685 αὐτῶν
394 4632 689 4697 ὑποθέλγον
728 4633 902 4700 ῥοπὴν
943 4632 1080 4699 πρὸς
1125 4632 1414 4700 ὁμολογίαν
1458 4633 1603 4688 ιλκει
1636 4637 1734 4686 αὑ-

156 4729 312 4781 τοὺςο
349 4721 392 4794 ἦ
438 4725 549 4790 γάρ
577 4723 664 4787 ἂν,
700 4723 746 4773 εί
787 4723 861 4791 μὴ
903 4721 1079 4787 τοῦτο,
1107 4723 1225 4774 οὐδὲ
1243 4723 1468 4793 ταύτην,
1498 4726 1572 4786 ὡς
1606 4727 1737 4778 πολ-

159 4815 250 4875 )ἀς
271 4814 392 4864 τῶν
433 4812 612 4864 ἄλλων
649 4812 906 4880 Πατέρων
935 4810 1235 4877 θεολογίας,
1266 4811 1536 4863 διαϐαλεῖν
1558 4811 1737 4882 ὠκνη-

161 4922 272 4959 σαν,
343 4905 496 4972 Ὅρα
543 4904 688 4965 ὅπως
737 4904 832 4954 καὶ
883 4902 1013 4971 πρὸς
1051 4902 1215 4971 Ξμφω
1263 4901 1626 4972 διαλεγομένῳ
1673 4904 1738 4957 τὰ

160 5001 300 5066 μέρη
334 4996 518 5048 ταῦτα
574 4995 806 5064 ἰσχυρῶς
837 4995 1211 5047 ἀποδεικνύειν
1261 4994 1472 5058 ἐξέσται
1509 5013 1610 5059 σοι,
1651 4996 1738 5050 διὰ

157 5096 210 5148 τὸ
247 5091 472 5159 πρῶτον
509 5091 600 5140 καὶ
633 5087 856 5156 ἀρχικὸν
899 5086 1076 5138 αἴτιον
1118 5086 1334 5155 ἀληθῶς
1365 5088 1613 5158 Μάξιμον
1656 5094 1737 5140 εί-

162 5184 395 5251 Γηκέναι
449 5179 542 5227 τῗιν
579 5176 971 5245 μεγαλώνυμον
1002 5175 1087 5240 τὸ,
1127 5193 1146 5226 ι
1193 5176 1281 5240 Ἐξ
1308 5171 1391 5244 ,ὧν
1429 5179 1527 5230 οὐκ
1558 5179 1738 5230 αίτίαν

159 5273 252 5324 τοῦ
307 5269 636 5336 Πνεῦματος
681 5268 772 5318 τὸν
818 5266 943 5319 Υίὸν
983 5267 1272 5329 ποιοῦντας
1320 5271 1460 5337 σφᾶς
1515 5271 1737 5332 ἑαυτοὺς

162 5359 484 5424 ἀπέδειξαν.
524 5377 543 5406 :-
580 5356 918 5409 Ιίνέσθωσάν
970 5374 1051 5408 σοι
1087 5359 1303 5427 πρῶτον
1351 5362 1398 5410 oi
1445 5361 1543 5430 τὴν
1578 5361 1739 5412 ἐκπό-

163 5469 354 5525 ριυσιν
385 5448 808 5519 ὀρθοτομοῦντες
845 5447 1210 5518 διαλεγόμενοι
1239 5466 1253 5479 ⁸
1287 5455 1734 5520 προτεινέτωσαν,

156 5547 296 5613 ὅπερ
344 5545 397 5596 οἱ
423 5542 843 5611 ὁμωνυμοῦντες
879 5543 1133 5594 οὐδέποτε
1173 5544 1255 5606 τὺ,
1288 5545 1337 5594 εί
1371 5546 1469 5612 μὲν
1512 5546 1622 5605 τοῖς
1654 5546 1737 5596 ai-

158 5638 455 5707 τιωμένοις
505 5635 795 5704 Ῥωμαίοις
827 5638 954 5706 περὶ
1003 5635 1230 5704 ἀρχικοῦ
1280 5638 1371 5689 καὶ
1404 5638 1477 5706 μὴ
1506 5636 1734 5706 ἀρχικοῦ

162 5730 344 5781 αἰτίου
378 5729 410 5795 ἡ
450 5728 791 5787 καταιτίασις
841 5725 929 5798 ἦν,
960 5725 1103 5796 εἶχον
1148 5729 1215 5780 ἂν
1246 5730 1300 5780 αἱ
1353 5730 1640 5800 ἐξηγήσεις
1677 5733 1736 5782 τὸ

161 5822 527 5887 εὐλογοφανές
553 5837 564 5847 ·
598 5820 716 5870 ἐπεὶ
754 5819 798 5870 δ’
820 5821 1017 5873 ἐκεῖνοι
1050 5820 1180 5888 πρὸς
1205 5821 1300 5889 τὴν
1329 5821 1384 5885 ἑξ
1418 5821 1546 5874 Υιοῦ
1577 5823 1734 5874 ἐκπό-

1929 3354 1984 3407 ‘2.
2030 3354 2153 3409 llaec
2205 3355 2547 3409 addubitatio
2595 3365 2696 3408 est.
2734 3353 2845 3408 Nos
2876 3371 3036 3423 porro
3070 3359 3415 3427 solutionem,

1849 3455 1901 3498 ut
1937 3446 2166 3508 habeas,
2201 3447 2360 3498 modo
2385 3461 2495 3514 quo
2519 3447 2722 3498 dictum
2756 3455 2854 3504 est.
2884 3459 3185 3515 promptam
3226 3451 3290 3502 ad
3323 3467 3416 3504 ora

1848 3539 2048 3590 similia
2094 3538 2447 3590 sentientium
2471 3538 2760 3601 frenanda,
2796 3553 3066 3605 exponere
3109 3544 3413 3607 cupientes,

1847 3630 1922 3681 sic
1968 3645 2087 3681 eam
2123 3630 2446 3697 digerimus.
2492 3627 2588 3682 Sat
2623 3629 2767 3683 nosti
2801 3644 2869 3682 ex
2905 3631 3053 3684 liisce
3098 3634 3414 3696 nonnullos,

1846 3718 2037 3771 ducem
2071 3717 2330 3788 Cyprium
2377 3728 2687 3786 sequentes,
2738 3714 2878 3771 inter
2910 3721 3037 3783 alia,
3075 3737 3195 3788 qua:
3227 3725 3413 3775 adver-

1845 3825 1940 3862 sus
1974 3810 2170 3875 doctua
2199 3810 2345 3878 pium
2395 3819 2714 3877 rectumque
2760 3809 3053 3871 blaterant,
3101 3814 3413 3878 processio-

1847 3915 1968 3952 nem
2019 3914 2236 3968 quoque
2288 3899 2662 3964 criminantes,
2702 3900 3058 3970 liomouymim
3112 3902 3406 3956 obnOxiam

1846 3991 2022 4044 facere
2060 4007 2073 4044 :
2111 3992 2248 4044 alios
2300 4005 2428 4043 vero
2474 3991 2665 4044 iisdem
2721 3992 2775 4044 in
2831 3995 3172 4060 separatione
3216 3993 3336 4048 Filii
3380 4011 3412 4049 a

1843 4083 2004 4137 Patre
2035 4083 2087 4135 in
2119 4097 2284 4136 causa
2315 4083 2552 4151 Spiritus
2579 4086 3000 4147 concurdantes,
3032 4086 3101 4136 ita
3135 4101 3320 4154 tequos
3351 4101 3412 4141 se

1845 4186 2155 4245 prestasse,
2195 4184 2251 4228 ut
2295 4177 2699 4242 processiOnem
2751 4179 2971 4229 modum
3005 4187 3214 4229 tantum
3259 4178 3411 4232 exsi-

1843 4269 2054 4320 stentia:
2109 4267 2347 4334 Spiritus
2401 4275 2456 4318 et
2502 4267 2637 4318 nihil
2686 4267 2831 4318 aliud
2882 4271 3179 4322 co’nnotare
3243 4271 3412 4323 dicta~

1843 4366 1983 4410 rent.
2021 4357 2155 4409 Dico
2181 4372 2308 4409 vero
2344 4357 2508 4410 simili
2545 4372 2773 4410 assensu
2822 4359 3102 4412 communi
3137 4369 3406 4425 excepto;

1841 4464 2072 4513 namque
2112 4450 2239 4501 illud
2276 4466 2290 4501 :
2322 4467 2341 4499 ι
2374 4450 2448 4501 lix
2495 4451 2694 4517 quibus
2746 4465 2852 4503 non
2897 4464 3120 4504 causam
3173 4450 3408 4520 Spiritus

1840 4538 2036 4592 Filium
2075 4540 2249 4591 facere
2284 4554 2403 4592 sese
2428 4541 2503 4591 illi
2535 4541 2914 4600 ostenderunt,
2954 4559 2972 4592 ι
3007 4556 3194 4594 eormn
3232 4545 3408 4594 emol-

1845 4632 1981 4683 lit-ns
2036 4632 2296 4699 impetum
2333 4633 2397 4682 ad
2445 4631 2795 4698 prabendum
2842 4646 3125 4684 assensum
3175 4634 3404 4687 inducit.

1843 4721 2056 4774 Etenim
2088 4721 2132 4772 si
2171 4723 2221 4772 id
2251 4738 2354 4772 non
2399 4731 2562 4782 esset,
2600 4723 2702 4773 hoc
2753 4723 2828 4774 uti
2869 4721 3125 4790 pleraque
3170 4725 3404 4778 aliorum

1846 4811 2067 4864 Patrum
2113 4813 2418 4880 theologica
2469 4813 2611 4865 uicta
2662 4827 2924 4866 accusare
2972 4827 3082 4865 non
3137 4815 3407 4880 neglexis-

1840 4911 1982 4958 sent.
2008 4904 2242 4958 Attende
2267 4919 2426 4973 porro
2460 4915 2537 4967 tu,
2571 4918 2680 4973 qua
2713 4908 2943 4967 ratione,
2975 4919 3098 4957 cum
3140 4907 3407 4960 ambabus

1841 4993 1996 5047 hisce
2045 4996 2289 5062 partibus
2339 4994 2676 5063 colloquium
2725 5008 3044 5059 conserens,
3082 4995 3257 5047 valide
3308 4996 3405 5049 de-

1840 5095 2148 5139 monstrare
2179 5087 2402 5154 poteris,
2439 5095 2661 5155 propter
2689 5086 3003 5154 primariam
3034 5095 3089 5139 et
3121 5087 3398 5154 principa-

1840 5175 1944 5228 lem
1985 5189 2206 5228 causam
2239 5190 2363 5229 vere
2407 5178 2589 5244 magni
2628 5177 2867 5231 nominis
2918 5175 3211 5228 Maximum
3265 5178 3405 5229 seri-

1841 5266 2039 5335 psisse,
2096 5283 2115 5316 ι
2148 5266 2224 5319 Ex
2255 5268 2451 5335 quibus
2482 5283 2587 5322 non
2631 5283 2852 5322 causam
2901 5267 3136 5330 Spiritus
3199 5265 3393 5320 Filium

1839 5360 2018 5414 facere
2055 5376 2174 5414 sese
2209 5361 2285 5413 illi
2315 5363 2686 5416 ostenderunt.
2733 5380 2751 5413 ι
2806 5364 2869 5414 Et
2898 5365 3136 5431 primum
3180 5362 3396 5429 quidem

1838 5466 1963 5505 cum
1987 5468 2268 5507 sermones
2289 5463 2674 5517 cctiscruntur,
2699 5456 2792 5523 qui
2817 5457 3219 5523 processioncm
3255 5467 3400 5509 recte

1839 5553 2093 5609 tractant,
2129 5557 2452 5616 proponant,
2483 5549 2630 5615 quod
2663 5563 2962 5616 nunquam,
2997 5549 3090 5616 qui
3140 5547 3404 5618 homony-

1841 5640 2004 5691 miam
2059 5639 2358 5702 insinuant,
2416 5639 2737 5701 concedent,
2777 5643 2822 5694 si
2870 5642 2966 5708 qni
3016 5641 3291 5695 Romanos
3344 5643 3399 5695 in

1839 5732 2045 5784 crimen
2096 5733 2382 5793 vocabant,
2437 5733 2542 5787 illis
2593 5735 2658 5786 de
2709 5735 2963 5800 primaria
3018 5743 3071 5786 et
3116 5733 3398 5801 principali

1839 5838 2001 5877 causa
2040 5825 2348 5878 criminatio
2379 5826 2591 5888 fuisset,
2649 5828 2852 5880 similes
2895 5826 3262 5894 expositiones
3317 5845 3400 5878 ιη-
