4210 6440
175 417 285 481 440

1140 420 1219 478 ΙΝ
1262 416 1648 478 CAMATERI
1690 417 2433 482 ANIMADYERSIONES.

3318 428 3427 489 450

176 546 286 595 χει,
340 530 516 590 αἴτιος
558 530 655 597 μὲν
698 532 789 583 καὶ
839 530 1083 601 ἀρχηγὸς
1131 531 1310 584 αὐτῶν
1347 530 1447 583 οὐκ
1501 531 1566 583 ἂν
1606 530 1689 598 εἴη
1730 530 1757 582 6
1787 534 1831 590 Α

1787 534 1831 590 Α
1863 544 2077 592 servus,
2118 532 2260 599 quod
2290 534 2447 601 plane
2494 547 2738 607 asserere
2798 533 3021 605 impium
3053 543 3135 589 est
3193 546 3243 590 et
3278 538 3424 592 blas-

184 616 331 677 Υἱὸς,
382 619 667 687 ὑπηρέτης
707 620 763 672 δὲ
805 618 934 683 ἴσως
979 621 1071 671 καὶ
1125 619 1392 685 διάκονος,
1447 620 1584 690 ὅπερ
1639 620 1753 671 ἐστὶ

180 708 445 771 δυσσεϐὲς
477 728 536 762 τε
570 712 660 764 καὶ
703 711 1062 783 βλάσφημοη

580 804 687 855 Τοῦ
720 803 906 856 αὐτοῦ
932 805 999 857 ἐκ
1027 804 1134 873 τῆς
1164 803 1373 874 αὐτῆς.

258 906 282 942 ε
328 890 438 954 κζ’.
484 892 623 944 Ἀλλ’
657 896 684 945 ὁ
720 894 809 945 τὸν
844 894 1059 961 Πατέρα
1105 897 1304 964 νοήσας
1359 895 1520 949 αὐτόν
1570 912 1627 949 τε
1669 894 1752 964 ἐφ’

183 996 203 1030 ι
244 981 449 1033 ἑαυτοῦ
486 984 693 1053 ἐνόησε,
719 985 811 1035 καὶ⁵
840 986 931 1037 τὸν
978 986 1101 1036 Υιδν
1144 990 1210 1056 τῇ
1237 987 1446 1057 διανοία
1489 1003 1748 1058 συμπαρ-

186 1090 206 1121 ι
242 1072 483 1138 εδέξατσ.
538 1075 597 1126 '0
640 1075 695 1127 δι
717 1073 905 1127 τοῦτον
948 1075 1126 1129 λαϐὼν
1152 1077 1243 1129 τοῦ
1289 1078 1417 1130 Υίοῦ
1449 1077 1508 1131 τὸ
1532 1079 1751 1146 Πνεῦμα

186 1179 206 1211 ι
248 1162 352 1213 οὐκ
412 1162 787 1231 ἀπεμέρισεν·
820 1164 935 1216 ἀλλ’
986 1166 1295 1230 ἀκολούθως
1350 1168 1450 1237 μιν
1481 1172 1619 1221 κατὰ
1654 1171 1752 1241 τὴν

185 1269 203 1301 ι
248 1252 431 1315 τάξιν,
454 1255 810 1324 συνημμένιος
837 1257 893 1309 δὲ
931 1259 1071 1311 κατὰ
1117 1258 1215 1327 τὴν
1258 1259 1417 1326 φύσιν
1455 1261 1562 1312 τῶν
1586 1263 1751 1330 τριῶν

187 1362 204 1392 ι
250 1347 398 1397 κατά
432 1348 629 1398 ταύτὸν
664 1350 1162 1419 συγκεκραμμένην
1193 1355 1251 1404 ὲν
1290 1352 1470 1422 ἑαυτῷ
1506 1353 1605 1422 τὴν
1657 1355 1751 1405 πί-

184 1451 202 1482 ε
246 1451 369 1487 στιν
411 1440 815 1494 ανετυπώσατο.
846 1442 955 1494 Καὶ
987 1443 1016 1494 6
1041 1442 1103 1494 τὸ
1135 1444 1357 1512 Πνεῦμα
1382 1447 1542 1513 μόνον
1579 1448 1750 1499 είπὼν

186 1541 201 1572 ι
250 1528 667 1596 συμπεριέλασε
707 1536 770 1601 τῇ
795 1532 1053 1604 ὁμολογίᾳ
1070 1535 1262 1605 ταύτῃ,
1290 1539 1379 1588 καὶ
1399 1537 1509 1599 τὸν,
1542 1533 1603 1591 οὗ
1634 1541 1749 1593 ἐστι

184 1632 200 1663 ι
245 1615 307 1667 τὸ
353 1618 605 1688 Πνεῦμα.
654 1623 763 1673 Καὶ
828 1625 1017 1693 ἐπειδὴ
1063 1626 1157 1677 τοῦ
1220 1628 1455 1694 Χριστοῦ
1509 1631 1626 1681 ἐστι
1688 1632 1747 1683 τὸ

184 1725 199 1755 ι
246 1708 507 1778 Πνεῦμα,
530 1715 624 1763 καὶ
650 1716 717 1765 ὲκ
742 1714 833 1766 τοῦ
860 1715 1015 1777 Θεοῦ,
1048 1717 1225 1779 καθώς
1258 1734 1422 1786 φησιν
1456 1723 1484 1772 6
1515 1720 1745 1786 Παῦλος,

179 1816 196 1847 ι
232 1799 428 1869 ῶσπερ
466 1802 528 1865 ἐξ
566 1804 806 1866 ἁλύσεως
840 1807 869 1857 6
919 1808 1012 1858 τοῦ
1073 1808 1193 1869 ἑνὸς
1229 1811 1400 1878 ἄκρου
1442 1810 1743 1879 ἁψάμενος,

1862 618 2141 689 phemum.

2344 805 2597 875 Ejusdem
2632 824 2695 860 ex
2730 809 2929 863 eadem.

1924 894 2016 949 27.
2053 913 2071 947 ι
2103 893 2205 949 Sed
2240 898 2331 965 qui
2363 914 2457 967 per
2504 897 2719 951 Patrem
2754 898 3038 963 iutelhxit,
3076 911 3125 953 et
3161 902 3337 968 ipsum
3372 903 3424 955 in

1860 1004 1879 1036 ι
1916 990 2096 1056 seipso
2146 988 2441 1053 intellexit,
2478 1001 2528 1043 et
2561 990 2755 1042 Filium
2790 992 2949 1043 simul
2983 1006 3042 1045 ea
3073 993 3422 1055 intelligentia

1857 1094 1876 1127 ι
1912 1079 2226 1146 complexus
2257 1088 2357 1132 est.
2390 1080 2489 1145 Qui
2523 1096 2649 1133 vero
2675 1082 2817 1135 hunc
2846 1086 3133 1151 acceperit,
3163 1086 3422 1151 Spiritum

1858 1188 1877 1222 ι
1917 1185 1944 1222 a
1977 1169 2113 1223 Filio
2155 1186 2262 1225 non
2302 1173 2483 1227 divisit
2526 1190 2539 1226 :
2573 1176 2666 1226 sed
2699 1174 2854 1241 juxta
2908 1175 3153 1227 ordinem
3201 1177 3421 1243 quidem

1857 1277 1876 1311 ι
1919 1276 2276 1329 personarum
2331 1265 2935 1331 consequenter,juxta
3004 1280 3132 1318 vero
3172 1275 3421 1318 naturam

1856 1370 1875 1401 ι
1911 1353 2271 1419 conjunctiui,
2316 1354 2483 1406 trium
2522 1369 2874 1422 personarum
2922 1355 3079 1408 tidem
3113 1357 3300 1408 eadem
3335 1372 3423 1408 ta-

1857 1458 1875 1491 ι
1915 1441 2062 1493 tiOue
2098 1451 2561 1508 contetnperataiu
2593 1443 2646 1493 in
2684 1444 2865 1509 seipsu
2893 1446 3179 1510 expressit.
3223 1443 3287 1495 Et
3328 1446 3420 1511 qui

1854 1545 1874 1579 ι
1914 1526 1982 1581 de
2009 1528 2214 1596 Spiritu
2277 1530 2393 1583 solo
2435 1530 2697 1598 loquitur,
2736 1532 2897 1584 simul
2944 1534 3041 1585 ista
3078 1534 3421 1588 confessione

1857 1635 1874 1667 ι
1910 1627 1963 1672 et
2013 1634 2129 1671 eam
2165 1634 2285 1687 quas
2326 1620 2475 1673 illum
2516 1623 2811 1685 coueeruit,
2848 1623 3001 1689 cujus
3032 1623 3267 1691 Spiritus
3299 1635 3409 1688 est,

1856 1726 1875 1758 ι
1916 1710 2220 1777 conjunxit.
2257 1712 2322 1764 Et
2354 1713 2611 1779 quoniam
2646 1711 2849 1765 Christi
2892 1715 3128 1780 Spiritus
3157 1716 3318 1767 etiam
3349 1732 3418 1769 ex

1859 1815 1876 1846 ι
1919 1797 2025 1851 Deo
2056 1808 2159 1863 est,
2194 1810 2327 1853 teste
2360 1798 2550 1861 Paulo,
2587 1802 2644 1853 ﬁt
2675 1810 2732 1854 ut
2754 1804 3215 1870 quemadmodum
3251 1806 3301 1857 iu
3329 1822 3422 1858 ca-

180 1908 196 1938 ι
242 1895 340 1943 καὶ
384 1895 444 1945 τὸ
478 1896 667 1965 ἕτερον
692 1899 861 1966 ἀκρον
902 1874 1354 1953 συνεπεσπάσατο
1389 1918 1400 1930 ·
1433 1874 1603 1964 οὓτως
1631 1904 1659 1954 6
1685 1874 1746 1956 τὸ
1780 1874 1819 1931 Β

1780 1874 1819 1931 Β
1853 1905 1872 1939 ι
1914 1900 2057 1951 tena,
2091 1892 2181 1957 qui
2220 1894 2380 1944 nutus
2411 1893 2595 1945 annuli
2636 1894 3002 1947 summitatem
3038 1895 3416 1963 apprehendit,

177 1998 193 2027 ι
243 1980 477 2050 Πνεῦμα
518 1984 773 2049 ἑλκύσας,
822 1988 1002 2048 καθώς
1044 2006 1210 2056 φησιν
1260 1994 1287 2041 6
1331 1991 1642 2061 Προφήτης,
1677 1993 1743 2044 δι’

174 2089 190 2120 ι
238 2073 415 2125 αὑτοῦ
445 2076 659 2128 καὶτὸν
691 2078 907 2147 Πατέρα
955 2083 1049 2130 καὶ
1087 2084 1179 2131 τὸν
1226 2080 1354 2132 Υίδν
1416 2083 1744 2150 συνεφελκύο

176 2180 192 2210 ι
239 2178 400 2217 σατο.
444 2167 559 2219 Καὶ
606 2168 655 2219 εί
682 2169 775 2219 τὸν
816 2169 941 2223 Υίὸν
975 2170 1243 2238 ἀληθινῶς
1280 2190 1361 2234 τις
1415 2173 1591 2237 λάϐοι,
1632 2175 1744 2238 ἕξει

174 2272 189 2301 ι
233 2255 407 2307 αὐτὸν
453 2258 819 2327 ἑκατέρωθεν,
869 2260 941 2328 πῆ
999 2260 1099 2328 μὲν
1143 2262 1233 2312 τὸν
1264 2263 1457 2315 ἑαυτοῦ
1503 2263 1741 2332 Πατέρα,

174 2362 189 2393 ι
236 2344 313 2413 πῆ
339 2346 401 2397 δὲ
438 2349 501 2398 τὸ
526 2348 681 2415 ἅγιον
706 2352 927 2420 Πνεῦμα
975 2355 1427 2421 συνεπαγόμενον.
1457 2353 1597 2407 Οὔτε
1634 2356 1743 2426 γὰρ

173 2454 189 2484 ι
233 2437 329 2489 τοῦ
363 2438 580 2508 Πατρὸς
619 2444 646 2493 ὁ
674 2445 760 2496 ἀεὶ
807 2442 883 2495 ῶν
921 2444 979 2495 ἐν
1015 2444 1089 2511 τῷ
1130 2446 1305 2512 llath
1354 2446 1743 2517 ἀποτμηθῆναι

171 2545 188 2576 ι
230 2530 487 2595 δᾰναται,
533 2531 657 2586 οὔτε
716 2535 812 2587 τοῦ
872 2536 1184 2605 Πνεύματός
1233 2554 1368 2589 ποτε
1413 2538 1737 2607 διαζευχοηο

168 2639 189 2669 ι
235 2637 393 2674 σεται
418 2624 517 2675 τοῦ
553 2625 683 2676 ἰδίου
715 2630 743 2679 6
772 2629 947 2680 πάντα
976 2632 1033 2680 εν
1067 2628 1220 2698 αὑτῷ
1241 2630 1499 2700 ἐνεργῶν.
1547 2633 1739 2684 Ὡσαύ-

170 2728 185 2759 ι
229 2728 339 2773 τως
374 2715 469 2764 καὶ
522 2716 548 2764 6
591 2717 683 2767 τὸν
724 2717 940 2787 Πατέρα
973 2718 1280 2787 δεξάμενος,
1340 2721 1431 2771 καὶ
1464 2722 1551 2773 τὸν
1590 2723 1734 2785 Υἱδν,

172 2818 187 2847 ι
233 2804 330 2851 καὶ
364 2804 426 2854 τὸ
451 2804 674 2874 Πνεῦμα
700 2808 1140 2877 συμπαρεδέξατο
1162 2814 1225 2879 τῇ
1251 2811 1498 2881 δυνάμει.
1523 2814 1595 2865 υῦ
1628 2820 1737 2881 γὰρ

170 2912 186 2977 ι
230 2897 353 2947 ἐστι
388 2900 561 2967 τομὴν
593 2902 876 2971 ἐπινοῆσαι
901 2903 933 2972 ἢ
960 2904 1223 2972 διαίρεσιν
1256 2908 1373 2958 κατ’
1397 2907 1588 2960 οὐδένα
1612 2908 1737 2978 τρό-

171 3002 186 3032 ι
231 3003 361 3051 πον,
395 2989 472 3051 ὡς
517 2991 549 3060 ἢ
601 2991 726 3043 Υίὸν
754 2995 918 3062 χωρὶς
946 2995 1265 3063 Πνεῦματος
1296 2997 1577 3067 νοηθῆναι,
1607 2999 1639 3069 ἢ
1672 3001 1733 3051 τὸ

169 3094 184 3122 ι
230 3077 463 3145 Πνεῦμα
516 3080 611 3131 τοῦ
665 3081 793 3133 Υἱοῦ
840 3084 1250 3154 διαζευχθῆναι’
1300 3087 1436 3141 ἀλλὰ
1494 3105 1575 3151 τις
1633 3093 1733 3161 ἆρ-

172 3183 187 3214 ι
231 3170 402 3237 ρητος
427 3174 518 3221 καὶ
545 3171 913 3243 ἁκατανὸητος
940 3177 997 3226 ὲν
1022 3175 1228 3238 τούτοις
1252 3180 1729 3248 καταλαμϐάνεται
1755 3207 1803 3271 C

168 3274 187 3307 ι
231 3262 330 3309 καὶ
383 3263 417 3329 ἠ
474 3264 726 3315 κοινωνία
779 3266 935 3335 καὶή
990 3266 1284 3335 διάκρισις,
1330 3268 1454 3321 οὗτε
1483 3270 1583 3337 τῆς
1626 3273 1734 3325 τῶν

168 3368 183 3397 ι
229 3352 590 3407 ὑποστάσεων
640 3355 903 3424 διαφορᾶς
961 3358 1021 3410 τὸ
1074 3359 1171 3427 τῆς
1231 3358 1447 3427 φύσεως
1514 3368 1734 3433 συνεχὲς

170 3458 185 3485 ι
219 3440 569 3513 διασπῶσης,
596 3442 717 3495 οὔτε
753 3447 848 3513 τῆς
885 3448 1025 3498 κατά
1051 3447 1150 3517 τὴν
1174 3449 1361 3501 οὐσίαν
1397 3452 1730 3521 κοινότητος,

168 3547 183 3576 ι
227 3535 287 3581 τὸ
320 3532 525 3598 ἰδιάζον
559 3534 666 3586 τῶν
702 3538 1097 3605 γνωρισμάτων
1127 3539 1513 3610 ἀναχεούσης.»

769 3824 1144 3879 Ἐπιστσσία.

232 3935 250 3967 ι
298 3916 445 3985 Ὅρα
475 3915 749 3968 κάνταῦθα
769 3924 850 3981 τὸ,
876 3919 937 3969 ἐκ
964 3916 1056 3969 τοῦ
1082 3916 1237 3980 Θεοῦ,
1265 3917 1384 3969 ἀντὶ
1407 3916 1520 3985 τοῦ,
1539 3920 1601 3972 ἐκ
1628 3921 1725 3974 τοῦ

154 4028 184 4060 Α
230 4010 471 4077 Πατρὺς,
514 4008 590 4076 τῷ
627 4009 771 4077 ἁγίῳ
813 4009 1327 4078 ἐπιλαμϐανόμενον·
1370 4011 1465 4063 καὶ
1506 4012 1720 4083 θαῦμα·

163 4121 179 4148 ι
223 4117 315 4151 σον
360 4101 462 4168 τὴν
506 4099 599 4151 τοῦ
640 4101 918 4167 πανσόφου
969 4102 1163 4153 τούτου
1201 4100 1522 4155 διδασκάλου
1574 4107 1727 4176 ἀκρί-

155 4210 181 4238 4
222 4190 402 4254 ϐειαν,
458 4189 570 4251 πῶς
598 4192 690 4241 επὶ
730 4193 826 4261 μὲν
867 4189 962 4243 τοῦ
988 4191 1119 4242 Θεοῦ
1154 4190 1247 4243 καὶ
1299 4192 1397 4260 τὴν
1434 4194 1504 4247 ἐκ
1556 4212 1724 4265 προσ-

164 4298 181 4325 α
226 4280 381 4331 έθετο
410 4279 688 4347 πρόθεσιν,
717 4281 810 4329 ἐπὶ
850 4280 906 4331 δὲ
949 4280 1041 4331 τοῦ
1065 4281 1301 4350 Χριστοῦ
1337 4282 1540 4352 ταύτην
1575 4302 1719 4356 παρ-

162 4393 178 4421 ε
220 4373 425 4439 ἑλειψε,
460 4372 710 4441 φανερῶς
740 4374 957 4434 πάντως
1005 4371 1345 4440 δογματίζων
1370 4373 1621 4427 ιντεῦθεν
1659 4378 1722 4429 εκ

160 4490 179 4514 ε
216 4464 311 4515 τοῦ
387 4464 602 4533 Πατρὸς
656 4459 791 4515 εἶναι
860 4466 1020 4533 μόνον
1082 4464 1183 4534 τὴν
1230 4462 1329 4516 τοῦ
1404 4465 1721 4535 Πνεύματος

156 4572 175 4603 ι
216 4555 476 4624 ὓπαρξιν.

734 4646 1123 4714 Ἀντίρῤησις.

223 4737 378 4789 Πάνυ
404 4753 489 4788 τοι
523 4736 838 4805 συνίστησιν
866 4736 1162 4805 ἑναργῶςή
1186 4734 1417 4805 ῥηθείσα
1444 4737 1715 4807 περικοπή

151 4830 246 4894 τὴν
274 4827 549 4895 δηλοῦσαν
589 4826 677 4879 δια
713 4826 808 4877 τοῦ
843 4825 969 4877 Υίοῦ
1010 4822 1149 4878 εἶναι
1195 4829 1256 4878 τὸ
1285 4827 1509 4897 Πνεῦμα
1538 4827 1718 4880 θεολο-

153 4924 299 4986 -ίξαν,
330 4922 427 4971 καὶ
471 4918 541 4968 δι’
568 4918 743 4971 ἄλλων
782 4919 879 4987 μὲν
908 4917 1017 4969 τῶν
1051 4920 1108 4970 ὲν
1138 4918 1273 4987 αὐτῇ
1308 4919 1547 4987 ῥήσεων,
1583 4919 1725 4972 κατὰ

150 5013 204 5061 δὲ
235 5011 517 5079 ἐξαίρετον
554 5009 641 5061 δια
685 5010 791 5076 τῆς
827 5009 1091 5079 λεγούσης
1125 4998 1369 5080 ρήσεως,
1389 5010 1437 5061 εί
1470 5010 1560 5062 τὸν
1592 5010 1722 5063 Υἰὸν

150 5103 426 5173 αληθινῶς
462 5120 543 5164 τις
567 5100 743 5167 λάϐοι,
783 5100 894 5163 ἔξει
928 5101 1088 5154 αὑτὸν
1123 5101 1487 5171 ἑκατέρωθεν,
1518 5100 1593 5167 πῆ
1621 5103 1721 5172 μὲν

151 5201 234 5250 τὸν
265 5196 466 5250 ἑαυτοῦ
493 5196 732 5265 Πατέρα,
764 5195 842 5264 πῆ
883 5193 940 5247 δὲ
968 5195 1028 5245 τὸ
1070 5192 1200 5245 ίδιον
1230 5192 1452 5262 Πνεῦμα
1485 5210 1718 5247 συνεπα-

150 5294 405 5362 γόμενον.
441 5292 514 5343 Σὺ
543 5290 621 5351 δὲ,
652 5291 749 5359 τὴν
788 5289 966 5341 πᾶσαν
996 5288 1095 5355 τῆς
1144 5290 1450 5355 περικοπῆς
1488 5287 1718 5356 δύναμιν

151 5386 421 5455 παριδὼν,
470 5381 754 5451 θαύματος
799 5379 994 5446 ἀξιοῖς,
1038 5379 1155 5441 πῶς
1203 5380 1297 5431 ἐπὶ
1331 5379 1432 5447 μὲν
1462 5382 1555 5432 τοῦ
1584 5379 1719 5433 Θεοῦ

151 5482 240 5531 καὶ
266 5478 365 5548 τὴν
395 5478 466 5528 ἐκ
496 5474 797 5544 προσέθετο
829 5474 1106 5543 πρόθεσιν,
1140 5472 1235 5525 ἐπὶ
1260 5471 1317 5523 δὲ
1355 5470 1449 5523 τοῦ
1479 5472 1718 5540 Χριστοῦ

151 5571 354 5637 ταῦτην
410 5567 744 5638 παρέλειψε’
823 5563 1118 5617 κάντεῦθεν
1175 5563 1432 5629 συνάγεις
1488 5565 1549 5614 ἐκ
1620 5561 1715 5615 τοῦ

153 5664 361 5731 Ila-:96;
406 5656 551 5711 εἶναι
597 5660 757 5727 μόνον
808 5656 906 5724 τὴν
959 5655 1053 5708 τοῦ
1098 5656 1407 5723 Πνεύματος
1458 5654 1714 5723 ὓπαρξιν.

163 5754 318 5805 an:
345 5751 409 5803 οῦ
444 5750 621 5812 καλῶς
651 5749 759 5801 οὐδ’
782 5748 948 5812 ἀξίως
973 5750 1067 5823 τῆς
1094 5746 1192 5815 σῆς
1229 5749 1507 5815 ἀγχινοίας
1537 5746 1717 5797 ἐντεῦ-

148 5843 234 5896 θεν
296 5841 556 5910 συνάγεις
617 5841 675 5893 τὸ
733 5842 796 5892 ἑκ
850 5841 1011 5911 μόνον
1040 5839 1131 5893 τοῦ
1190 5840 1399 5908 Harpe;
1454 5837 1591 5891 εἰναι
1654 5838 1713 5891 τὸ

1758 4549 1805 4606 D

1852 1999 1869 2031 ι
1910 1982 2015 2036 hoc
2045 1984 2161 2050 ipso
2188 1986 2353 2037 simul
2382 1994 2435 2037 et
2469 1986 2699 2038 alterum
2733 1987 2998 2038 insertum
3038 1988 3261 2038 attrahit
3290 2003 3301 2037 :
3344 1988 3418 2039 ita

1850 2090 1869 2122 ι
1907 2084 1959 2126 et
1991 2076 2098 2135 hic,
2146 2074 2239 2141 qui
2275 2074 2541 2142 Spiritum
2590 2074 2777 2138 trahit,
2820 2084 2877 2128 ut
2918 2073 3187 2143 l'ropheta
3222 2078 3414 2144 inquit.

1849 2181 1867 2214 ι
1911 2175 2005 2232 per
2034 2168 2211 2231 ipsum
2233 2176 2286 2217 et
2305 2164 2499 2218 Filium
2528 2176 2580 2218 et
2613 2165 2825 2218 Patrem
2856 2182 2960 2219 una
2988 2166 3150 2219 simul
3177 2178 3418 2220 attraxe-

1847 2271 1867 2301 ι
1910 2255 1995 2305 rit.
2034 2253 2098 2306 Et
2136 2253 2179 2307 si
2215 2256 2337 2321 quis
2369 2270 2493 2306 vere
2542 2252 2736 2305 Fdium
2775 2255 3208 2322 apprehenderit,
3246 2256 3416 2311 liabe-

1849 2364 1865 2395 ι
1912 2344 2068 2397 lutet
2100 2346 2275 2412 ipsum
2322 2346 2598 2411 utrinque,
2638 2349 2764 2401 hinc
2798 2345 3015 2399 Patrem
3052 2348 3218 2413 illius,
3266 2350 3417 2404 illiue

1846 2457 1863 2487 ι
1903 2437 2166 2504 Spiritum
2200 2446 2450 2490 sanetum
2510 2454 2614 2489 una
2650 2437 3022 2505 conjunctum.
3054 2439 3239 2509 Neque
3268 2456 3415 2495 enim

1845 2548 1864 2579 ε
1898 2531 2127 2583 αΡαιτε
2159 2529 2405 2581 abseiudi
2436 2534 2657 2596 poterit,
2689 2532 2777 2599 qui
2808 2547 3019 2599 semper
3044 2544 3123 2585 cst
3155 2535 3206 2585 iu
3234 2532 3413 2597 l’atre,

1841 2639 1862 2671 ι
1905 2636 2079 2688 neque
2113 2637 2140 2672 a
2172 2620 2391 2688 proprio
2427 2620 2634 2689 Spiritu
2670 2622 2987 2690 sejungetur
3025 2639 3291 2692 unquam,
3318 2626 3413 2691 qui

1845 2731 1863 2763 ι
1904 2714 1956 2766 in
1989 2714 2106 2782 ipso
2138 2724 2395 2782 operatur
2430 2713 2638 2768 omnia.
2674 2713 3042 2768 Consimiliter
3086 2727 3137 2769 et
3181 2718 3270 2785 qui
3305 2716 3415 2770 Pa-

1842 2824 1861 2857 ι
1910 2817 2044 2858 trem
2076 2816 2366 2859 assecutus
2394 2804 2581 2869 luerit,
2613 2815 2667 2859 et
2695 2806 2891 2859 Filium
2930 2824 3036 2860 una
3071 2825 3195 2862 cum
3222 2810 3331 2874 illo,
3360 2820 3416 2863 et

1840 2916 1859 2949 ι
1906 2898 2163 2967 Spiritum
2214 2906 2465 2951 sanctum
2514 2897 2703 2952 eadem
2744 2900 2939 2953 virtute
2963 2902 3262 2967 jassecutus
3309 2914 3413 2958 est.

1840 3006 1859 3040 ε
1900 2986 2017 3041 Non
2052 2987 2195 3042 enim
2232 2996 2408 3056 potest
2447 2988 2627 3058 aliqua
2658 2988 2766 3042 ullo
2794 3000 2952 3059 pacto
2979 2993 3298 3061 excogitari,
3329 2992 3411 3046 vel

1842 3102 1860 3134 ι
1900 3084 2090 3148 sectio,
2120 3082 2202 3135 vel
2235 3082 2457 3143 divisio,
2495 3091 2549 3133 ut
2578 3082 2692 3134 sive
2716 3080 2886 3135 Filius
2915 3096 2945 3134 a
2966 3082 3124 3137 Patre
3160 3085 3411 3158 cogitari.

1840 3193 1859 3226 ι
1900 3175 2014 3229 sive
2048 3175 2287 3244 Spiritus
2316 3188 2347 3228 a
2376 3172 2513 3227 Filio
2544 3172 2756 3243 sejungi
2806 3182 2992 3243 queat,
3028 3174 3122 3228 sed
3160 3176 3409 3230 inell‘abi-

1840 3286 1859 3319 ι
1904 3269 1970 3321 lis
2002 3270 2245 3336 quaedam
2276 3269 2329 3319 in
2361 3266 2500 3330 istis,
2534 3274 2587 3319 et
2612 3280 2731 3335 quae
2759 3265 2901 3317 nulla
2928 3267 3253 3334 cogitatione
3314 3282 3411 3336 ap-

1841 3378 1860 3410 ι
1900 3360 2163 3428 prehendi
2195 3359 2397 3428 poterit
2428 3368 2534 3412 tam
2574 3360 2912 3421 communio,
2956 3374 3117 3428 quam
3149 3361 3409 3414 discretio

1839 3464 1859 3497 ι
1898 3447 2349 3515 deprehenditur,
2382 3462 2489 3517 qua
2523 3461 2698 3517 neque
2729 3462 2824 3517 per
2853 3447 3211 3503 diﬂ'ereutiam
3244 3452 3410 3520 hypo-

1838 3559 1855 3591 ι
1899 3548 2117 3593 staseon
2175 3540 2527 3592 ccutinuatio
2577 3548 2786 3593 natum
2840 3540 3178 3610 dissipatur:
3234 3558 3408 3610 neque

1838 3650 1855 3681 ι
1901 3646 1993 3700 per
2054 3645 2172 3684 eam
2221 3634 2519 3685 secundum
2599 3632 2891 3685 essentiam
2969 3636 3405 3687 c0tntunui0ncm

1838 3742 1854 3773 ι
1895 3725 2199 3792 proprietas
2230 3726 2509 3776 notionum
2544 3722 2915 3777 confunditur.
2953 3742 2971 3774 ι

2395 3815 2814 3872 Αιιὶηιαάιοενείο.

1910 3926 1927 3958 ε
1972 3908 2103 3963 Vide
2148 3909 2312 3963 etiam
2364 3908 2451 3962 hic
2479 3909 2635 3976 illud,
2669 3924 2735 3964 ex
2774 3910 2902 3973 Deo,
2955 3910 3074 3965 loco
3109 3911 3278 3976 illius,
3336 3929 3399 3965 ιιι

1837 4019 1855 4052 ι
1895 3998 2076 4063 Patre,
2118 4016 2145 4052 a
2191 4010 2380 4055 saneto
2427 4001 2683 4055 desumi:
2734 4010 2783 4057 et
2818 4003 3093 4056 admirare
3121 4006 3404 4072 sapientis-

1834 4110 1852 4144 ι
1894 4093 2017 4146 simi
2075 4092 2318 4147 doctoris
2378 4092 2609 4161 hujusce
2658 4094 2988 4162 exquisitam
3040 4095 3399 4163 diligentiam,

1830 4201 1851 4236 ι
1891 4185 1984 4254 (ιυὶ
2022 4185 2087 4238 de
2142 4182 2251 4237 Deo
2304 4184 2741 4253 prapositionem
2782 4200 2844 4237 ex
2899 4188 3224 4255 usurpavit;
3276 4201 3398 4240 cum

1831 4293 1850 4327 ι
1889 4291 2016 4329 vero
2044 4285 2189 4329 esset
2223 4290 2400 4329 sermo
2427 4279 2495 4329 de
2523 4274 2763 4338 Christo,
2798 4291 3059 4347 prorsum
3083 4294 3199 4331 eam
3229 4280 3400 4333 silen—

1827 4388 1855 4415 ιι
1890 4368 1965 4421 tio
1990 4368 2275 4436 prateriit,
2319 4367 2444 4422 hinc
2477 4366 2765 4422 manifeste
2794 4370 3113 4432 decernens,
3147 4386 3210 4423 ex
3241 4370 3403 4423 Patre

1830 4476 1849 4510 ι
1886 4457 2258 4511 tantummodo
2287 4472 2408 4512 esse
2434 4456 2669 4527 Spiritus
2710 4460 3106 4513 exsistentiam.
3150 4478 3169 4512 ι

2446 4639 2737 4710 Refutatio.

1895 4737 2196 4793 Conﬁrmat
2246 4737 2430 4805 utique
2475 4745 2528 4788 et
2574 4736 2917 4803 apertissime
2971 4750 3209 4803 praesens
3254 4751 3399 4805 pert-

1826 4845 1959 4898 cope
1990 4830 2312 4884 sententiam
2356 4836 2713 4889 asserentetn,
2767 4842 2860 4895 per
2884 4826 3079 4881 Filium
3134 4827 3394 4896 Spiritum

1824 4938 1969 4989 esse,
2000 4931 2053 4978 et
2079 4924 2198 4976 aliis
2229 4923 2345 4976 suis
2378 4920 2560 4983 dictis,
2596 4928 2651 4973 et
2681 4919 2773 4972 illo
2806 4920 3143 4987 potissimum
3170 4937 3184 4974 :
3215 4918 3271 4973 Si
3307 4919 3398 4974 Fi-

1824 5017 1960 5069 lium
2006 5016 2131 5084 quis
2182 5029 2304 5066 vere
2354 5010 2795 5080 apprehenderit,
2850 5010 3071 5064 habebit
3120 5020 3173 5065 et
3222 5012 3397 5082 ipsum

1826 5110 2081 5177 utrinque
2125 5106 2250 5158 hinc
2301 5104 2513 5155 Putrem
2566 5103 2732 5175 illius,
2784 5102 2931 5155 illinc
2963 5102 3225 5171 Spiritum
3270 5122 3397 5158 San-

1823 5206 1969 5251 ctum
2028 5196 2129 5249 sibi
2209 5194 2579 5261 conjunctum.
2632 5196 2699 5245 At
2747 5203 2822 5257 tu,
2880 5195 3129 5247 universa
3194 5197 3397 5261 perieo-

1825 5304 1919 5355 pes
1974 5286 2019 5339 \‘l
2084 5287 2365 5354 neglecta,
2430 5295 2687 5354 tanquam
2758 5286 3117 5340 admiratione
3172 5288 3395 5353 dignum

1822 5379 2104 5449 proponis,
2153 5379 2303 5431 illum
2354 5378 2421 5431 de
2481 5378 2588 5430 Deo
2637 5377 2947 5446 loquentem
3023 5394 3087 5430 ea:
3138 5392 3398 5447 praepost-

1824 5473 2020 5526 tionem
2062 5485 2373 5538 usurpasse,
2411 5470 2477 5523 de
2515 5469 2733 5523 Christo
2773 5484 2899 5521 vero
2944 5484 3245 5523 Sermonem
3304 5473 3387 5522 ha-

1822 5566 2035 5618 bentem
2098 5564 2240 5616 illam
2297 5563 2511 5616 silentio
2550 5563 2856 5617 imulvisse.
2895 5560 3128 5631 Indeque
3184 5564 3395 5631 collig;s

1820 5674 1885 5712 ει
1915 5658 2070 5710 l’atre
2096 5672 2214 5710 esse
2246 5666 2451 5709 tantum
2476 5655 2712 5725 Spiritus
2735 5657 3131 5710 exsisteutiam.
3164 5652 3393 5709 Verum-

1821 5762 1998 5805 tamen
2034 5764 2207 5815 neque
2240 5748 2395 5811 bene,
2437 5763 2607 5813 neque
2644 5763 2737 5816 pro
2772 5757 2859 5798 tua
2911 5763 3072 5815 quum
3126 5748 3398 5815 protileris

1822 5839 2059 5899 solertia,
2109 5844 2160 5894 et
2212 5838 2659 5905 perspicacitatc,
2726 5838 2844 5887 inde
2904 5836 3115 5907 colligis
3162 5851 3224 5892 ex
3279 5840 3393 5889 solo
