4210 6440
769 397 875 461 487
1833 392 2041 457 JOAN‘.
2091 393 2300 454 VECCI
2347 393 2457 452 CP.
2501 393 3011 455 PATRIARCHJZ
3940 397 4053 461 488

1130 500 1387 572 Ejusdem
1435 516 1499 553 ex
1537 498 1718 553 eadem
1764 501 2005 567 epistola.
2394 507 2437 561 Α

1993 543 2005 556 .
2394 507 2437 561 Α
2866 505 2977 558 Τοῦ
3009 504 3196 558 αὑτοῦ
3221 504 3285 557 ἐκ
3314 506 3422 573 τῆς·
3443 506 3653 575 αὐτῆς.

844 592 1000 649 LVII.
1042 612 1062 647 ι
1116 592 1286 646 Dicite
1326 591 1509 661 igitur,
1548 591 1592 645 si
1635 590 1688 644 in
1722 592 1908 660 aliquo
1952 592 2149 647 divina:
2198 592 2351 647 Scri-

2530 598 2654 650 NZ'.
2700 614 2716 645 t
2754 597 2956 649 Εἴπατε
2981 596 3136 663 γοῦν,
3172 595 3344 648 εἵπου
3373 599 3473 666 τῆς
3503 599 3654 663 θείας
3695 600 3917 671 Γραφῆς
3958 604 4048 655 εῦ-

778 708 797 741 ι
837 696 1011 757 plura:
1053 686 1172 740 loco
1213 685 1484 754 reperitur
1530 682 1772 753 Spiritus
1829 694 2055 740 sanctus
2118 687 2352 756 simplici

2462 710 2481 744 ι
2526 691 2777 760 ρίσκεται
2826 688 2888 741 τὸ
2933 688 3158 759 Πνεῦμα
3209 690 3271 741 τὸ
3322 690 3478 755 ἅγιον
3525 692 3817 761 εἰρημένον
3866 694 4057 757 ἁπλῶς

778 798 797 829 ε
843 780 1065 833 nomine
1092 776 1333 846 Spiritus
1382 783 1605 829 vocatus
1629 776 1836 844 absque
1872 776 2201 844 adjectione,
2260 778 2351 831 Dci

2470 803 2487 835 ι
2530 782 2751 852 Πνεῦμα
2807 782 2976 852 χωρὶς
3026 781 3350 852 προσθήκης
3403 782 3499 836 τοῦ
3559 783 3814 851 λέγεσθαι
3866 787 3898 855 ἦ
3958 786 4054 839 τοῦ

779 890 797 921 ‹
840 870 1069 931 scilicet,
1131 868 1245 922 site
1302 866 1501 931 Patris,
1552 875 1647 920 aut
1680 867 1785 922 mei
1842 868 2015 936 ipsius
2058 867 2263 923 Christi
2302 878 2358 923 ct

2463 895 2481 928 ι
2520 876 2656 929 Θεοῦ
2684 875 2717 944 ἣ
2753 875 2846 928 τοῦ
2889 874 3121 944 Πατρδς,
3155 875 3295 944 nam
3320 875 3455 943 ἐμοῦ
3495 876 3660 929 αὑτοῦ
3686 877 3777 930 τοῦ
3811 879 4050 947 Χριστοῦ

779 980 796 1012 ι
838 959 982 1021 Filii,
1017 968 1106 1013 aut
1137 975 1201 1013 ex
1234 973 1377 1023 meo,
1417 959 1560 1027 quod
1586 968 1669 1013 est
1711 974 1740 1012 a
1785 957 1893 1012 Deo
1925 976 1938 1010 :
1969 969 2059 1013 aut
2098 974 2221 1013 cum
2263 976 2356 1014 ar-

2464 988 2482 1020 σ
2522 968 2615 1021 καὶ
2648 967 2801 1031 Υἱοῦ,
2843 967 2875 1037 ἢ
2924 966 3057 1038 παρ’
3090 966 3248 1030 ἐμοῦ,
3287 969 3315 1021 ὅ
3353 970 3470 1021 ἐστι
3506 969 3660 1039 παρὰ
3690 970 3785 1022 τοῦ
3829 970 4053 1041 Θεοῦ,ἢ

780 1068 799 1101 ι
839 1051 1026 1111 ticulo.
1063 1064 1130 1104 ne
1162 1049 1490 1118 simpliciter
1520 1050 1761 1118 Spiritus
1800 1061 2231 1120 nuncuparetur,
2261 1053 2354 1107 sed

2465 1076 2483 1109 ι
2528 1057 2665 1127 μετὰ
2704 1055 2801 1109 τοῦ
2828 1056 3059 1126 ἄρθρου,
3088 1058 3176 1109 ἵνα
3209 1058 3283 1128 μή
3321 1058 3507 1120 ἁπλῶς
3536 1060 3764 1129 λέγηται
3804 1060 4054 1129 Πνεῦμα,

780 1160 798 1191 ι
840 1141 930 1195 hic
952 1140 1225 1211 .Spiritus,
1261 1152 1357 1195 aut
1393 1140 1633 1210 Spiritus
1681 1150 1930 1205 sanctus,
1970 1150 2064 1194 aut
2104 1139 2356 1197 Paracle-

2467 1169 2485 1201 ι
2526 1148 2661 1201 ἀλλὰ
2708 1147 2770 1200 τδ
2801 1147 3088 1219 Πνεῦμαῆ
3136 1149 3269 1202 αὐτὸ
3317 1150 3475 1202 τοῦτο
3528 1151 3753 1221 Πνεῦμα
3808 1151 4052 1219 ἄγιον,ἣ

780 1252 798 1283 ι
845 1240 956 1296 tus,
993 1241 1086 1287 aut
1117 1233 1387 1295 veritatis,
1416 1233 1559 1301 quod
1590 1241 1675 1285 est
1709 1230 1852 1297 Filii,
1882 1232 1973 1300 qui
1999 1232 2159 1298 dicit,
2194 1251 2213 1284 ι
2246 1234 2357 1305 Ego

2467 1257 2485 1289 ι
2523 1237 2899 1309 παράκλητον,
2940 1241 2972 1311 ἦ
3013 1240 3296 1309 ἀληθείας,
3327 1242 3356 1295 ὃ
3401 1243 3516 1294 ἐστι
3549 1243 3643 1295 τοῦ
3687 1243 3813 1295 Υἱοῦ
3849 1242 3942 1295 τοῦ
3969 1243 4062 1294 λέ-

780 1342 799 1376 ι
842 1340 963 1379 sum
1012 1325 1216 1379 veritas
1246 1325 1313 1390 ⁶¹,
1364 1333 1421 1377 ιιι
1470 1323 1754 1378 audientes
1795 1323 2122 1393 simpliciter
2172 1327 2357 1395 prola-

2468 1351 2485 1382 ι
2525 1348 2735 1396 γοντος,
2758 1350 2777 1383 ι
2820 1331 2962 1399 Ἐγώ
2980 1334 3145 1404 εἰμιή
3170 1333 3418 1404 ἀλήθεια,
3440 1336 3525 1409 ἵνα
3549 1335 3838 1398 ἀκούοντες
3869 1336 4058 1397 ἁπλῶς

777 1435 795 1465 ι
844 1426 957 1470 tum
998 1416 1267 1487 Spiritum
1317 1415 1719 1485 itttelligerelis,
1760 1430 1882 1470 csse
1913 1413 2178 1485 Spiritum
2229 1434 2357 1472 san-

2468 1440 2485 1471 ι
2530 1422 2773 1491 Πνεῦμα,
2817 1422 3160 1493 ῦπονοήσητε
3200 1420 3340 1477 εἶναι
3368 1425 3429 1477 τὸ
3462 1425 3687 1496 Πνεῦμα
3716 1427 3776 1478 τὸ
3813 1427 3989 1494 ᾶγιον.
4029 1445 4049 1478 ι

776 1527 793 1561 ι
839 1521 1007 1565 ctum.
1042 1529 1060 1562 ›

1359 1603 1397 1654 Α
1413 1604 1793 1655 nimudversio.

1792 1646 1793 1650 η
3068 1610 3454 1666 Ἐπιστιισίω

846 1712 863 1744 ι
911 1692 1091 1759 Figito
1129 1694 1290 1747 altius
1318 1704 1553 1749 mentem
1599 1695 1761 1747 allato
1791 1694 2082 1749 Athanasii
2126 1696 2355 1765 scripto,

2546 1720 2562 1750 ι
2620 1699 2960 1769 Ίιιμϐαθυνον
2988 1706 3054 1773 τῇ
3108 1703 3334 1775 τοιαύτη
3383 1705 3476 1757 τοῦ
3527 1707 3687 1773 ἁγίου
3737 1712 4054 1779 συγγραφῇ,

775 1804 793 1836 ‹
838 1801 905 1838 ea:
948 1787 1101 1841 illum
1176 1788 1617 1859 prapositionetn
1663 1788 1714 1841 in
1763 1788 2002 1857 Spiritus
2038 1792 2357 1845 exsistentia
2398 1858 2434 1871 ﬁ

2398 1858 2434 1871 ἡ
2473 1811 2490 1843 ι
2528 1792 2645 1854 πῶς
2674 1792 2773 1862 τὴν
2827 1796 2981 1865 παρὰ
3028 1797 3285 1867 πρόθεσιν
3316 1801 3395 1861 είς
3438 1798 3538 1870 τὴν
3584 1801 3678 1853 τοῦ
3733 1802 4059 1871 Πνεῦματος

775 1895 795 1928 ι
842 1880 941 1935 soli
978 1879 1122 1935 Patri
1161 1884 1478 1936 attribuere.
1526 1899 1546 1934 ι
2394 1858 2435 1915 Β

2394 1858 2435 1915 Β
2471 1903 2488 1934 ‹
2531 1885 2764 1956 ὓπαρξιν
2798 1888 3050 1959 μόνῳιτῷ
3086 1892 3260 1959 Πατρὶ
3290 1892 3564 1961 ἀφορίζει.
3606 1909 3622 1941 ›

1425 1972 1713 2042 Refulatio.
3060 1978 3456 2045 Ἀντίρῤησις,

838 2064 1286 2134 Ριέιξροείιίοηρηι
1337 2081 1400 2119 ex
1432 2066 1499 2120 de
1549 2064 1788 2133 Spiritus
1839 2066 2158 2120 cxsistentia
2208 2067 2357 2120 acci-

2534 2069 2645 2137 Τὴν
2675 2070 2776 2138 μὲν
2825 2071 2975 2137 παρὰ
3010 2070 3272 2140 πρόθεσιν
3326 2069 3407 2132 είς
3452 2068 3550 2138 τήν
3598 2070 3691 2122 τοῦ
3736 2070 4060 2139 Πνεῦμα-τος

764 2157 921 2226 piens
972 2169 1027 2211 tu
1083 2170 1230 2213 recte
1275 2160 1329 2212 in
1381 2159 1554 2213 sancti
1610 2158 1789 2211 Patris
1825 2160 2094 2228 scriptum
2129 2159 2356 2214 allatum

2465 2158 2702 2230 ὓπαρξιν
2733 2160 3116 2231 ἐκλαμσάνων,
3146 2161 3327 2223 καλῶς
3352 2163 3418 2232 τῇ
3448 2161 3543 2213 τοῦ
3568 2162 3723 2230 ἁγίου
3759 2164 4058 2233 συγγραφῇ

768 2260 1004 2304 mentem
1058 2252 1176 2319 ﬁgis
1210 2271 1230 2307 .·
1272 2260 1645 2305 verumtamen
1672 2253 1773 2306 soli
1815 2251 1962 2306 Patri
2012 2253 2158 2307 illam
2207 2255 2360 2307 attri-

2462 2252 2831 2321 ἑμὸαθύνεις·
2892 2254 3040 2323 μόνῳ
3082 2254 3139 2306 δὲ
3195 2253 3273 2323 τῷ
3313 2256 3489 2321 Πατρὶ
3542 2254 3818 2324 ἀφορίζων
3859 2254 4056 2323 αὐτὴν,

768 2342 960 2406 luteus,
995 2347 1293 2397 maximum
1326 2344 1377 2397 in
1408 2343 1632 2398 modum
1662 2359 1692 2397 a
1721 2359 1846 2398 vera
1879 2345 2026 2398 illius
2050 2345 2357 2414 intelligen-

2463 2341 2599 2394 πολὺ
2633 2344 2732 2410 τῆς
2767 2342 2999 2414 ἀληθοῦς
3034 2342 3273 2407 διανοίας
3317 2344 3637 2412 ἀφέστηκας
3663 2359 3677 2372 ·
3713 2342 3921 2394 πολλῶν
3946 2343 4058 2409 γὰρ

767 2435 842 2489 tia
881 2435 1127 2499 aberras,
1175 2451 1436 2505 namque,
1474 2452 1598 2491 cum
1645 2437 1829 2491 multa:
1883 2440 2091 2506 scripto
2147 2440 2358 2494 traditae

2462 2435 2717 2503 χρήσεων
2746 2431 3033 2504 γραφικῶν
3078 2436 3144 2487 ὲκ
3194 2436 3406 2506 Πατρὸς
3454 2436 3547 2485 καὶ
3598 2432 3731 2486 Υἱοῦ
3774 2432 4063 2501 ὁηλουσῶν

766 2528 1119 2583 auctoritates
1151 2543 1217 2583 ex
1278 2526 1439 2583 Patre
1478 2540 1531 2583 et
1570 2528 1708 2583 Filio
1765 2530 2029 2598 Spiritum
2086 2547 2207 2585 esse
2250 2542 2361 2584 sta.

2462 2521 2605 2578 εἷναι
2633 2525 2693 2577 τδ
2720 2525 2967 2594 Πνεῦμα,
3001 2527 3101 2578 οὐκ
3130 2522 3247 2578 οἶδα
3291 2528 3342 2579 εί
3363 2544 3447 2588 τις
3482 2526 3644 2595 ἑτέρα
3670 2528 3767 2595 τῆς
3799 2525 4060 2594 χρήσεως

767 2618 983 2681 hiliant,
1017 2621 1203 2675 nescio
1232 2636 1298 2674 an
1337 2620 1443 2675 ulla
1476 2622 1603 2685 alia,
1645 2637 1765 2691 quae
1794 2638 1860 2677 ex
1910 2634 2139 2693 utroque
2200 2638 2358 2693 aper-

2460 2617 2665 2687 ταύτης
2698 2618 3048 2688 ἐκδηλότερον
3076 2616 3310 2688 δηλώσει
3353 2619 3412 2671 τδ
3448 2617 3507 2682 ἐξ
3540 2620 3763 2686 ἀμφοῖν.
3810 2618 3898 2669 Ἐν
3945 2618 4058 2685 γὰρ

770 2712 879 2765 tius
920 2713 1259 2784 comprobet,
1315 2713 1582 2783 assignari
1643 2715 1861 2783 poterit.
1921 2714 2059 2769 Cum
2107 2717 2251 2769 enim
2304 2715 2357 2769 in

2460 2713 2574 2772 τοῖς
2603 2710 2704 2780 ήδη
2734 2709 2980 2780 ῥηθεῖσιν
3009 2711 3037 2762 ὁ
3081 2710 3261 2779 ἅγιος,
3308 2711 3482 2764 θέλων
3530 2710 3903 2779 παραστῆσαι,
3956 2708 4059 2773 ὡς,

763 2803 876 2872 jam
903 2804 1094 2873 positis
1136 2815 1362 2860 sanctus
1387 2806 1677 2860 ostendere
1700 2807 1801 2860 sibi
1835 2809 2204 2883 praposuerit,
2234 2807 2358 2861 ubi-

2460 2802 2582 2855 ὅποι
2603 2802 2668 2854 ἂν
2700 2802 3021 2873 εὑρίσκηται
3052 2804 3110 2855 τὸ
3135 2802 3361 2872 Πνεῦμα
3386 2803 3679 2873 εἰρημένον
3708 2805 3847 2873 μετὰ
3885 2819 4066 2871 προσ-

767 2913 987 2968 cunque
1037 2898 1277 2969 Spiritus
1326 2914 1451 2953 cum
1503 2900 1782 2955 additione
1827 2901 2216 2971 pronuntiatus
2271 2918 2357 2955 re-

2463 2894 2635 2964 θήκης
2682 2895 2845 2964 τυχὸν
2888 2894 2983 2947 τοῦ
3014 2894 3173 2957 Θεοῦ,
3210 2895 3242 2965 ἢ
3289 2894 3384 2947 τοῦ
3420 2895 3653 2965 Πατρδς,
3695 2896 3727 2965 ἦ
3770 2893 3862 2947 τοῦ
3914 2896 4066 2965 Χρι-

767 2992 999 3059 peritur,
1030 3007 1226 3063 nempe
1253 2993 1368 3059 Dei,
1406 2993 1519 3048 sive
1563 2992 1759 3059 Patris,
1803 2995 1917 3049 sive
1959 2995 2193 3059 Christi,
2241 2996 2358 3049 sive

2464 2986 2672 3057 στοῦ,ἢ
2711 2987 2803 3040 τοῦ
2834 2987 2963 3041 Υἱοῦ
2993 2988 3122 3040 αὐτὸ
3147 2988 3299 3059 δηλοί
3325 2988 3383 3041 τὸ
3417 2988 3642 3057 Πνεῦμα
3685 2990 3744 3041 τὸ
3768 2989 3863 3058 τῆς
3893 2989 4070 3057 Τριάο

768 3084 914 3147 Filii,
954 3086 1129 3155 ipsum
1162 3086 1442 3141 insinuare
1487 3085 1775 3155 Spiritum,
1805 3103 1871 3142 ex
1903 3088 2103 3142 Triade
2162 3104 2352 3152 unum,

2460 3078 2548 3142 δος
2574 3080 2632 3131 ἒν
2677 3082 2771 3133 καὶ
2820 3083 3288 3152 συμπληρωτικὸν
3336 3082 3432 3151 τῆς
3463 3082 3718 3153 Τριάδος,
3759 3082 3893 3153 πρὸς
3936 3084 4063 3145 τοῖς

772 3176 1062 3245 ipsiusque
1086 3177 1304 3232 Triailis
1338 3178 1752 3247 completivum.
1786 3179 1927 3233 inter
1985 3179 2091 3233 alia
2151 3179 2353 3248 quibus
2384 3198 2426 3255 ο

2401 3198 2426 3255 3
2461 3169 2643 3231 ἄλλοις
2686 3162 2763 3222 ὧν
2806 3173 2839 3239 ἠ
2890 3173 3182 3241 προσθήκη
3230 3172 3391 3225 τοῦτο
3436 3172 3607 3242 δηλοῖ,
3666 3174 4013 3244 προσενείρει
4048 3190 4063 3205 ·

770 3268 1001 3337 atljcctio
1038 3270 1088 3323 id
1118 3270 1343 3334 indicat,
1373 3271 1690 3340 superaddit
1722 3280 1777 3325 et
1806 3271 1965 3335 illud,
2001 3272 2166 3326 veluti
2202 3287 2230 3323 a
2260 3269 2356 3324 Fi-

2461 3262 2552 3313 καὶ
2586 3261 2647 3313 τὸ
2677 3260 2752 3326 ὡς
2780 3262 2891 3315 ἀπὸ
2915 3262 3012 3317 τοῦ
3044 3262 3174 3316 Υἱοῦ
3207 3264 3501 3335 εἰρημένον
3532 3266 3614 3330 τὸ,
3656 3266 3688 3333 ἢ
3724 3268 3856 3335 παρ’
3885 3264 4056 3335 ἐμοῦ,

771 3360 846 3413 lio
880 3360 1110 3423 dictum,
1155 3372 1250 3415 aut
1281 3378 1309 3415 a
1344 3376 1430 3415 me
1465 3362 1604 3430 ipso,
1636 3363 1778 3431 quod
1815 3378 1843 3415 a
1876 3361 1984 3415 Deo
2010 3371 2093 3415 est
2126 3379 2141 3428 ;
2178 3363 2344 3431 idque

2458 3353 2486 3406 ὃ
2516 3355 2632 3406 ἐστι
2661 3354 2810 3423 παρὰ
2842 3355 2935 3406 τοῦ
2971 3355 3129 3408 Θεοῦ.
3171 3356 3277 3409 Καὶ
3312 3355 3471 3409 τοῦτο
3511 3356 3684 3409 εἰπὼν
3706 3360 3732 3409 ὁ
3760 3358 3937 3423 ἅγιος,
3970 3357 4063 3410 ὅτ·

770 3466 1047 3513 assercns.
1100 3468 1166 3505 cx
1209 3462 1444 3523 utroque
1506 3454 1770 3523 Spiritum
1812 3469 1934 3508 esse
1960 3465 2357 3508 commonstra-

2458 3462 2517 3497 τε
2547 3445 2605 3509 ἐξ
2645 3447 2849 3515 ἀμφοῖν
2901 3447 2959 3499 τὸ
2992 3446 3219 3516 Πνεῦμα
3263 3458 3514 3518 ενεφηνε,
3543 3451 3639 3503 καὶ
3678 3451 3827 3512 ὅπως
3858 3452 3916 3516 ἐξ
3943 3452 4067 3521 ἀμ-

770 3540 873 3604 vit,
933 3541 1272 3606 modumque
1321 3557 1432 3610 quo
1478 3556 1545 3594 ex
1594 3552 1826 3610 utroque
1870 3555 1974 3598 est.
2015 3542 2152 3596 Cum
2191 3543 2355 3598 etiam

2460 3541 2601 3607 φοίν.
2651 3540 2738 3593 Ἐν
2774 3539 2887 3610 γὰρ
2912 3540 2992 3609 τῷ
3038 3544 3215 3592 εἰπεῖν
3260 3544 3335 3603 ὼς
3378 3543 3488 3595 ἀπὸ
3529 3541 3625 3595 τοῦ
3656 3543 3785 3595 Υἱοῦ
3814 3544 3873 3595 τὸ
3919 3546 4065 3614 παρ’

770 3642 983 3686 asserat
1028 3632 1197 3685 veluti
1253 3648 1319 3686 ex
1352 3631 1495 3686 Filio
1532 3632 1639 3687 dici
1693 3643 1954 3701 tanquam
2004 3648 2072 3686 ex
2119 3633 2354 3702 meipso,

2460 3632 2619 3701 ἐμοῦ,
2649 3633 2677 3684 ὅ
2705 3634 2822 3684 ἐστι
2858 3634 3012 3703 παρὰ
3040 3633 3133 3685 τοῦ
3173 3633 3331 3699 Θεοῦ,
3364 3637 3421 3687 ὲν
3448 3636 3548 3703 μὲν
3578 3637 3642 3706 τῇ
3668 3638 3775 3688 τῶν
3801 3636 3894 3688 δύο
3938 3636 4071 3689 ὀνο-

771 3723 917 3791 quod
939 3732 1024 3777 est
1047 3739 1075 3775 a
1112 3722 1245 3789 Deo,
1287 3724 1340 3777 in
1378 3727 1609 3779 duorum
1636 3723 1833 3777 horum
1885 3725 2172 3777 nominum
2200 3739 2358 3779 com-

2464 3722 2650 3789 μάτων
2678 3722 2950 3794 ἐπιπλοκῃ
2972 3724 3199 3795 ἐνέφηνε
3220 3725 3282 3777 τὸ
3302 3726 3361 3791 ἐξ
3385 3727 3591 3795 ἀμφοῖν
3620 3744 3633 3757 σ
3660 3728 3719 3779 ιν
3742 3727 3797 3780 δὲ
3822 3728 3898 3797 τῷ
3922 3745 4072 3799 μνη-

770 3815 1063 3886 plicatione
1106 3816 1235 3869 illud
1290 3830 1356 3870 ex
1432 3826 1667 3884 utroque
1732 3815 2015 3884 explicuit.
2066 3813 2158 3868 Sic
2188 3815 2357 3884 prius

2461 3811 2653 3881 σθῆναι
2677 3815 2943 3885 πρότερον
2973 3814 3068 3867 τοῦ
3102 3816 3254 3882 Υίοῦ,
3287 3819 3382 3870 καὶ
3414 3819 3697 3889 συντόμως
3727 3823 4068 3890 ἐπαγαγεῖν,

770 3907 1100 3961 mentionem
1175 3904 1297 3960 Filii
1348 3907 1650 3971 inducens,
1704 3906 1967 3976 illicoque
2036 3906 2354 3973 adnectens,

2460 3902 2489 3954 ὃ
2523 3904 2642 3955 ἐστι
2680 3905 2832 3974 παρὰ
2854 3904 2949 3956 τοῦ
2982 3904 3143 3969 Θεοῦ,
3177 3908 3405 3978 ἐνέφηνε
3439 3910 3498 3962 τὸ
3542 3910 3619 3972 ὡς
3655 3911 3784 3981 παρ⁹
3810 3912 3931 3973 ἑνὸς
3955 3913 4063 3965 τοῦ

772 3996 917 4065 quod
957 4007 1039 4051 est
1067 4012 1095 4050 a
1126 3996 1259 4061 Deo,
1294 3999 1711 4063 demonstravit,
1742 3998 1909 4053 veluti
1939 4012 2003 4053 ex
2052 4012 2161 4052 uno
2193 3997 2356 4053 Patre

2462 3994 2592 4047 Υἱοῦ
2624 3995 2719 4047 καὶ
2754 3996 2846 4048 τοῦ
2887 3997 3126 4069 Πατρὸς,
3163 3999 3427 4069 οῦμενουν
3450 4002 3526 4065 ὡς
3554 4007 3708 4072 παρὰ
3735 4004 3828 4055 δύο
3861 4006 4069 4059 αἰτίων

772 4104 827 4143 et
862 4089 1022 4154 Filio,
1056 4104 1163 4144 non
1196 4089 1361 4145 veluti
1409 4107 1474 4144 ex
1512 4091 1729 4147 duabus
1759 4092 1946 4148 causis
1975 4102 2030 4152 et
2071 4092 2356 4163 principiis

2460 4085 2553 4135 καὶ
2581 4084 2767 4153 ἀρχῶν
2824 4082 2964 4139 εῖναι
2997 4088 3057 4139 τὸ
3087 4088 3313 4158 Πνεῦμα
3360 4091 3421 4143 τὸ
3455 4092 3632 4158 ἅγιον.
3681 4092 3805 4155 Πῶς
3846 4095 3957 4164 γὰρ
3989 4096 4072 4149 ἂν

776 4183 1041 4251 Spiritum
1105 4194 1356 4238 sanctum
1399 4199 1520 4238 csse
1557 4202 1571 4237 :
1614 4200 1723 4255 qua
1758 4184 1905 4239 enim
1972 4185 2187 4239 ratione
2234 4185 2356 4241 dua:

2460 4171 2570 4231 εἶεν
2602 4177 2697 4229 δύο
2726 4177 2819 4230 τοῦ
2853 4179 3173 4249 Πνεῦματος
3204 4182 3355 4234 αἴτια
3392 4182 3581 4251 Πατὴρ
3613 4184 3707 4235 καὶ
3730 4186 3757 4235 ό
3782 4184 3929 4247 Υἱὸς,
3959 4186 4071 4239 τοῦ

771 4291 893 4328 esse
925 4274 1162 4343 Spiritus
1199 4275 1374 4329 sancti
1408 4291 1590 4330 causae
1619 4275 2055 4345 poteruntPater
2081 4285 2135 4329 et
2160 4275 2353 4342 Filius,

2461 4268 2594 4321 Υἱοῦ
2645 4269 2915 4337 λέγοντος,
2949 4272 3011 4324 τὸ
3041 4272 3267 4341 Πνεῦμα
3316 4275 3447 4342 παρ’
3495 4273 3655 4343 ἐμοῦ,
3686 4276 3715 4327 ὅ
3755 4278 3871 4329 ἐστι
3904 4278 4072 4346 παρὰ

771 4382 897 4421 cum
932 4366 1101 4420 Filius
1123 4366 1294 4430 dicat,
1329 4366 1568 4435 Spiritus
1598 4384 1661 4422 ex
1694 4386 1799 4433 me,
1843 4368 1990 4438 quod
2019 4378 2103 4423 est
2124 4386 2190 4422 ex
2223 4370 2353 4434 Deo,

2460 4361 2552 4413 τοῦ
2588 4360 2747 4428 Θεοῦ,
2780 4365 2872 4417 καὶ
2909 4366 3069 4434 μόνον
3122 4366 3243 4434 οὐχὶ
3279 4366 3511 4434 βοῶντος
3556 4366 3633 4428 ὡς
3683 4369 3732 4419 εί
3783 4370 3873 4419 καὶ
3922 4384 4040 4435 ira;

777 4471 1103 4531 tantumque
1145 4480 1249 4515 non
1308 4463 1664 4529 inclumante,
1703 4464 1827 4519 licet
1862 4481 1926 4519 ex
1981 4480 2066 4519 me
2115 4464 2355 4535 Spiritus

2460 4452 2597 4522 ἐμοῦ
2623 4454 2681 4507 τὸ
2712 4454 2936 4525 Πνεῦμα
2964 4458 3133 4522 ἐστιν,
3166 4458 3283 4511 ἀλλ’
3311 4460 3389 4519 είς
3419 4459 3512 4510 τὸν
3540 4460 3762 4529 Πατέρα
3785 4460 3883 4528 τὴν
3908 4468 4044 4529 πρῶ

775 4564 880 4615 est,
917 4569 1103 4607 verum
1140 4555 1191 4606 in
1225 4552 1441 4607 Patrem
1495 4555 1814 4623 primariam
1855 4566 1911 4609 et
1946 4557 2157 4625 absque
2207 4557 2360 4625 prin-
2393 4539 2437 4599 D

2393 4539 2441 4599 1.)
2468 4562 2568 4615 την
2603 4547 2695 4599 κα)⁵
2718 4546 2952 4617 ἄναρχον
2976 4548 3158 4600 αἰτίαν
3175 4549 3327 4601 ἐστὶν
3352 4550 3787 4619 ἀναφερόμενον,
3810 4550 3934 4603 ὅθεν
3961 4568 4045 4604 κα

775 4648 919 4714 cipio
948 4662 1193 4709 causam,
1227 4646 1370 4699 unde
1400 4656 1455 4699 et
1485 4660 1587 4716 ego
1638 4648 1781 4715 quod
1822 4647 1924 4699 sim
1958 4645 2153 4710 habeo,
2187 4646 2357 4700 refer-

2470 4637 2597 4705 ἐμοὶ
2611 4636 2672 4689 τὸ
2693 4633 2834 4689 εἷναί
2851 4641 3020 4691 ἐστιν.
3053 4639 3141 4703 Ὠς
3166 4642 3278 4709 γὰρ
3307 4642 3400 4693 καὶ
3423 4643 3482 4693 ἐν
3503 4642 3684 4703 ἄλλοις
3710 4643 4062 4712 εἰρήκειμεν,

778 4749 887 4791 tur.
944 4738 1418 4803 Quemadmodum
1443 4740 1588 4797 enim
1653 4738 1708 4791 in
1758 4739 1881 4791 aliis
1912 4739 2043 4800 dixi,
2092 4737 2356 4807 quidquid

2468 4727 2521 4778 εἰ
2555 4745 2612 4779 τε
2650 4729 2801 4798 παρὰ
2832 4729 2985 4796 Υἱοῦ,
3018 4734 3113 4784 καὶ
3142 4731 3203 4794 ἐξ
3236 4732 3391 4796 Υἱοῦ,
3424 4735 3520 4786 καὶ
3563 4732 3630 4785 δι’
3660 4733 3792 4786 Υἱοῦ
3842 4733 4073 4801 λέγεται

777 4845 808 4883 a
844 4827 977 4882 Filio
1018 4839 1071 4881 ct
1098 4845 1165 4881 ex
1213 4828 1372 4893 Filio,
1414 4838 1468 4884 et
1502 4845 1597 4899 per
1640 4828 1836 4883 Filium
1876 4845 1999 4884 esse
2031 4830 2255 4896 dicitur,
2300 4831 2355 4882 in

2469 4814 2631 4886 εἶναι,
2664 4822 2743 4883 εἰς
2799 4823 2890 4875 τὸν
2925 4824 3146 4893 Πατέρα
3187 4826 3289 4894 τὴν
3336 4827 3623 4895 ἀναφορὰν
3674 4828 3807 4896 ἔχει,
3844 4830 3939 4879 καὶ
3972 4828 4078 4883 διὰ

780 4922 992 4974 Patrem
1030 4921 1281 4975 refertur.
1341 4921 1748 4992 Proptereaque
1796 4924 1887 4991 qui
1933 4938 1996 4976 ex
2030 4920 2214 4989 Patre,
2258 4938 2355 4992 per

2468 4911 2629 4964 τοῦτο
2662 4915 2723 4963 τὸ
2744 4915 2808 4965 ὲκ
2836 4915 3049 4986 Πατρὸς
3072 4916 3143 4968 δι’
3175 4915 3331 4982 Υἱοῦ,
3358 4918 3453 4968 καὶ
3478 4917 3539 4981 ἐξ
3561 4920 3767 4987 ἀμφοῖν
3789 4920 4075 4990 ὑπάρχον,

777 5010 997 5077 Filium,
1029 5022 1084 5066 et
1120 5028 1185 5066 ex
1222 5024 1455 5082 utroque
1506 5014 1743 5077 exsistit,
1786 5013 1949 5066 veluti
2004 5029 2066 5066 ex
2098 5028 2206 5067 uno
2250 5022 2354 5067 est.

2463 5004 2539 5065 ὡς
2573 5004 2633 5070 ἐξ
2662 5006 2781 5069 ἑνός
2807 5008 2975 5061 ἐστιν.
3024 5008 3138 5060 Οὐκ
3170 5008 3328 5076 ὀλίγα
3357 5008 3414 5061 δὲ
3445 5009 3585 5080 πρὸς
3611 5011 3772 5064 τοῦτο
3815 5013 4080 5081 συμϐάλ-

781 5100 892 5155 Ncc
951 5118 1142 5171 parum
1178 5103 1245 5157 ad
1275 5103 1326 5157 id
1380 5104 1522 5156 idem
1576 5102 1868 5167 conducit,
1928 5106 2072 5172 quod
2121 5104 2287 5158 etiam
2327 5117 2359 5157 a

2460 5104 2542 5156 λει
2575 5103 2669 5156 καὶ
2695 5102 2757 5155 τὸ
2789 5103 2941 5174 παρὰ
2969 5103 3064 5156 τοῦ
3095 5104 3336 5173 μεγάλου
3366 5106 3647 5159 Βασιλείου
3676 5108 3733 5159 ἐν
3762 5110 3825 5177 τῇ
3860 5123 4074 5160 τεσσαν·

784 5212 982 5266 magno
1020 5195 1221 5249 Basilio
1250 5196 1301 5249 in
1353 5195 1772 5265 quadragesima
1826 5194 2046 5248 homilia
2074 5194 2357 5249 Moralium

2464 5198 2705 5266 ρακοστῇ
2752 5196 2942 5267 ὁμιλίᾳ
2986 5197 3148 5267 ῥηθὲν
3200 5198 3311 5249 τῶν
3340 5197 3507 5251 αὑτοῦ
3553 5198 3816 5261 Ἠθικῶν,
3869 5198 3928 5250 ὲν
3979 5194 4076 5264 οἷς

783 5288 1129 5342 diciturcum
1180 5289 1413 5343 scribit:
1456 5307 1473 5339 ι
1518 5286 1635 5341 Non
1689 5287 1923 5350 alienus,
1983 5296 2123 5341 csta
2186 5290 2358 5357 gloria

2466 5285 2596 5352 ἔφη,
2636 5302 2654 5334 ι
2691 5286 2806 5337 Οὐκ
2835 5286 3117 5355 ἀλλότριον
3147 5286 3246 5355 τῆς
3277 5286 3371 5339 τοῦ
3404 5287 3541 5340 Θεοῦ
3564 5288 3724 5355 δόξης
3753 5288 3811 5339 τὸ
3837 5287 4078 5356 Πνεῦμα

785 5380 962 5435 Putris
1014 5380 1107 5434 Dei
1138 5382 1380 5451 Spiritus
1427 5397 1491 5436 ex
1536 5381 1793 5434 incﬂ'abili
1844 5394 1963 5444 ore,
2016 5379 2362 5437 ineﬂabilitcr

2470 5378 2535 5427 ἐκ
2584 5374 2678 5427 τοῦ
2712 5376 2958 5447 ἀρρήτου
3010 5378 3279 5445 στόματος
3321 5377 3582 5448 ἀρρήτως
3629 5376 3891 5447 πεφηνὸς,
3923 5378 4082 5431 ἀλλὰ

783 5488 1071 5543 apparens,
1117 5477 1211 5529 sed
1260 5474 1350 5528 Dci
1413 5473 1670 5544 Spiritus,
1721 5482 1776 5528 et
1828 5472 1969 5543 apud
2005 5473 2197 5537 Deum,
2247 5484 2302 5526 ct
2331 5489 2360 5527 a

2471 5469 2608 5522 Θεοῦ
2641 5468 2867 5538 Πνεῦμα
2897 5470 2994 5521 καὶ
3049 5470 3203 5539 παρὰ
3232 5470 3373 5541 Θεῷ,
3406 5470 3873 5539 ἁποστελλόμενον
3905 5474 4080 5531 παρὰ

787 5566 895 5619 Deo
926 5584 1144 5630 missus,
1186 5577 1239 5620 ct
1278 5583 1371 5633 per
1403 5566 2034 5635 Filium‘suppeditatus,
2083 5574 2141 5617 ut
2168 5565 2363 5622 dicitur

2473 5560 2631 5622 Θεοῦ,
2671 5562 2766 5615 καὶ
2807 5560 2876 5614 δι’
2925 5561 3057 5614 Υἱοῦ
3113 5563 3540 5633 χορηγούμενον,
3574 5564 3651 5625 ὡς
3691 5564 3909 5627 λέγεται
3966 5570 4084 5632 μὲν

784 5672 813 5708 a
846 5665 1068 5725 paterna
1106 5673 1358 5726 persona,
1420 5661 1644 5729 spiritus
1710 5674 1886 5719 incus,
1934 5658 2031 5726 qui
2068 5668 2149 5711 est
2180 5659 2233 5711 in
2291 5669 2361 5714 te.

2474 5655 2538 5705 iit
2580 5650 2675 5704 τοῦ
2708 5651 2980 5723 πατρικοῦ
3032 5654 3342 5722 προσώπου,
3375 5656 3433 5707 τὸ
3488 5654 3713 5723 Πνεῦμα
3758 5655 3815 5704 τὸ
3848 5656 4010 5723 ἐμὸν,
4049 5659 4083 5710 6

856 5850 900 5878 ει
929 5846 1084 5901 Joan.
1123 5866 1230 5912 ur,
1260 5850 1315 5903 6.
