4210 6440
171 414 270 478 501

1161 415 1244 474 IN
1281 412 1673 473 CAMATERI
1720 411 2468 477 ANIMADVERSIONES.

3322 409 3433 474 502'

169 524 537 591 ἀκολουθήσει
581 526 648 595 τῇ
679 520 969 590 διαγνώσει
991 521 1165 592 ταύτῃ
1205 522 1280 591 μὴ
1346 521 1406 573 τὸ
1433 524 1497 574 ὲκ
1538 522 1749 591 Πατρδς

1873 539 2004 577 nam
2033 523 2399 593 cognitionem
2443 527 2722 589 sequetur,
2776 518 2924 574 nullo
2972 520 3136 575 modo
3184 518 3424 585 differre,

171 623 268 673 καὶ
299 619 432 672 Υἱοῦ
464 616 862 687 ἐκπορεύεσθαι
889 617 949 667 τὸ
972 615 1200 685 Πνεῦμα
1250 617 1311 666 τὸ
1356 616 1511 681 ἃγιον
1553 613 1741 679 διαφέ-

175 729 295 780 ρειν
323 712 415 764 τοῦ
452 713 513 763 ὲκ
555 710 764 779 Πατρδς
792 709 881 762 διὰ
907 708 1062 771 Υίοῦ,
1090 707 1419 778 ὧσπεροὺδὲ
1446 706 1507 759 τὸ
1542 708 1607 759 ὲκ
1640 707 1751 760 Πα-

170 804 300 872 τρὸς
326 803 419 856 τοῦ
453 803 579 855 Υίοῦ
619 800 935 872 πέμπεσθαι
964 800 1098 855 αὐτὸ
1126 801 1377 870 διαφέρει
1401 803 1496 852 τοῦ
1551 802 1616 852 έκ
1646 799 1753 851 Πα-

170 896 302 963 τρὸς
352 894 431 947 δι’
460 894 589 947 Υίοῦ
616 893 751 946 αὐτὸ
801 891 1141 962 πέμπεσθαι.

259 1008 359 1062 Ἐκ
390 1005 499 1075 τῆς
519 1009 668 1075 πρὸς
701 1006 1051 1075 Σεραπίωνα
1092 1004 1301 1072 ἐτέρας
1323 1003 1683 1071 ἐπιστολῆς.

245 1104 378 1153 OA'.
421 1118 441 1151 ι
484 1100 591 1152 Καὶ
643 1099 754 1169 γὰρ
804 1098 996 1169 ὥσπερ
1057 1099 1305 1167 γέννημα
1370 1098 1659 1168 μονογενὲς
1726 1097 1754 1149 6

182 1219 199 1248 ι
244 1198 379 1258 Υἱός
433 1198 571 1260 ἐστι,
612 1193 756 1247 οὕτω
782 1195 876 1248 καὶ
914 1194 975 1247 τδ
1002 1193 1231 1263 Πνεῦμα
1281 1193 1434 1263 παρά
1477 1192 1573 1245 τοῦ
1627 1188 1755 1244 Υίοῦ

182 1310 198 1339 ι
240 1288 523 1356 διδόμενον
550 1286 646 1339 καὶ
695 1286 1074 1355 πεμπόμενον,
1103 1285 1197 1338 καὶ
1233 1285 1366 1337 αὐτὸ
1391 1279 1451 1337 ἓν
1489 1284 1609 1336 ἔστι
1656 1281 1753 1335 aut

182 1402 198 1430 s
241 1382 305 1434 ού
346 1380 540 1440 πολλὰ,
578 1378 699 1431 οὐδὲ
728 1380 794 1431 ὲκ
820 1377 1032 1433 πολλῶν
1091 1375 1171 1437 ἓν,
1234 1377 1371 1431 ἀλλὰ
1415 1378 1574 1445 μόνον
1627 1374 1761 1429 αὐτὸ

183 1495 201 1522 ο
253 1474 504 1542 Πνεῦμα.
542 1472 690 1535 Ἐνὸς
713 1472 821 1542 γὰρ
848 1470 1001 1534 ὄντος
1032 1470 1125 1525 τοῦ
1148 1470 1280 1524 Υίοῦ
1301 1470 1395 1524 τοῦ
1422 1469 1624 1535 ζῶντος
1655 1469 1759 1522 Λόο

183 1586 201 1616 ι
252 1583 354 1633 γου
374 1569 502 1633 μίαν
519 1561 657 1617 εἶναι
672 1564 753 1616 δεῖ
770 1563 982 1616 τελείαν
1006 1563 1099 1617 καὶ
1117 1563 1301 1633 πλήρη
1317 1562 1414 1631 τὴν
1434 1560 1761 1631 ἀγιαστικὴν

186 1678 202 1707 ι
251 1656 425 1725 ζωὴν,
460 1654 626 1709 οὖσαν
671 1655 957 1724 ἐνέργειαν
1006 1653 1174 1709 αὑτοῦ
1234 1654 1329 1708 καὶ
1365 1654 1595 1725 δωρεὰν,
1630 1653 1756 1723 ἣτις

185 1766 203 1797 ι
252 1749 319 1799 ὲκ
345 1746 443 1799 τοῦ
482 1747 691 1815 Πατρὸς
720 1747 938 1813 λέγεται
988 1742 1426 1815 ἐκπορεύεσθαι*
1462 1746 1584 1797 έπεὶ
1611 1743 1762 1814 παρὰ

186 1861 204 1892 ι
247 1840 344 1892 τοῦ
372 1840 549 1905 Λόγου
576 1838 671 1892 τοῦ
714 1841 781 1892 ἐκ
813 1838 1030 1909 Πατρὸς
1067 1836 1506 1907 ὁμολογουμένου
1548 1836 1761 1907 tam.
1793 1865 1837 1921 Β

187 1952 206 1983 ι
258 1950 375 1999 πει,
409 1933 502 1984 καὶ
530 1929 942 1997 ἀποστέλλεται,
974 1930 1069 1983 καὶ
1089 1930 1313 1984 δίδοται.
1342 1946 1365 1981 ι

778 2024 1169 2079 Ἐπιστασία.

262 2152 281 2186 ι
327 2136 470 2203 Ὅρα
508 2135 608 2205 τὴν
657 2134 750 2187 τοῦ
798 2135 957 2201 ἁγίου
994 2134 1306 2202 ἀκρίϐειαν,
1335 2133 1458 2197 πῶς
1494 2130 1625 2186 ἔνθα
1666 2131 1767 2202 τὴν

189 2246 209 2275 ι
245 2217 411 2291 παρὰ
428 2225 685 2295 πρόθεσιν
705 2230 795 2279 καὶ
823 2227 915 2279 ἐπὶ.
934 2226 1025 2280 τοῦ
1052 2227 1261 2297 Πατρδς
1292 2228 1387 2279 καὶ
1409 2226 1508 2278 uti.
1527 2224 1622 2278 τοῦ
1639 2223 1769 2277 Υἱοῦ

188 2336 208 2370 ι
250 2316 764 2380 τέθεικε,διέστειλε
792 2318 890 2381 τὰς
910 2319 1122 2387 φωνάς·
1156 2318 1252 2371 καὶ
1277 2317 1371 2371 tut
1404 2317 1503 2387 μέν
1525 2314 1619 2370 τοῦ
1654 2317 1770 2369 Πα-

192 2432 209 2462 ι
250 2411 381 2480 τρὶς
423 2408 612 2479 εἴρηκε
671 2411 773 2480 τὴν
829 2413 1182 2482 έκπόρευσιν,
1242 2412 1333 2464 ἐπὶ
1364 2411 1420 2463 δὲ
1482 2410 1578 2464 τοῦ
1627 2409 1760 2463 Υἰοῦ

194 2524 213 2553 s
255 2506 354 2575 τὴν
388 2504 685 2575 ἔκλαμψιν,
717 2504 811 2559 καὶ
836 2504 1167 2573 ἀποστολὴν,
1203 2502 1300 2556 καὶ
1331 2496 1496 2557 δόσιν.
1531 2520 1551 2554 ι

800 2597 1205 2664 Ἀντίρῤησις.

275 2692 429 2760 Ἐγῶ
484 2691 544 2744 δέ
593 2707 762 2761 φημι,
812 2688 887 2753 ὡς
917 2688 1039 2757 οὐχὶ
1088 2686 1188 2751 τὰς
1217 2685 1400 2756 φωνὰς
1458 2681 1691 2737 ἐνταῦθα
1741 2682 1772 2734 6

188 2786 346 2853 ἅγιος
381 2784 666 2845 διέστειλε,
689 2780 787 2852 τὴν
808 2778 1136 2849 ικπόρευσίν
1170 2796 1312 2848 φημι
1362 2777 1469 2830 ἀπὸ
1519 2776 1620 2844 τῆς
1677 2776 1772 2827 έκ-

188 2877 480 2945 λάμψεως,
513 2877 610 2929 καὶ
636 2875 697 2928 τδ
727 2872 1026 2927 ἀνάπαλιν·
1058 2872 1171 2925 ἀλλ’
1207 2870 1396 2942 έπειδὴ
1446 2868 1626 2923 πάντα
1670 2867 1773 2920 ὅσα

190 2971 255 3022 τὺ
279 2968 511 3038 Πνεῦμα
546 2967 606 3034 ἑξ
646 2964 777 3020 Υίοῦ
810 2966 1034 3034 λέγεται
1066 2963 1237 3034 ἔχειν,
1287 2963 1385 3032 οὐχ
1409 2961 1485 3023 ὡς
1544 2960 1601 3025 ἐξ
1635 2957 1773 3022 ιδίας

195 3062 353 3131 παρὰ
384 3061 479 3113 τὸν
514 3059 735 3128 Πατέρα
750 3057 927 3119 αἰτίας
953 3054 1077 3128 ιχον
1114 3054 1266 3107 ἐστίν
1293 3069 1309 3087 ο
1340 3050 1641 3116 ἀναϐλύζον
1663 3050 1773 3121 γὰρ

192 3150 293 3204 τοῦ
332 3150 494 3215 Υῐοῦ,
524 3150 620 3203 καὶ⁵
648 3147 1015 3219 προχεόμενον
1048 3146 1110 3214 ἐξ
1150 3144 1421 3213 Υίοῦ,ούχ
1448 3140 1601 3208 ὡςέξ
1638 3142 1774 3204 ιδίας

192 3240 493 3305 ἀναϐλύζει
521 3242 615 3293 καὶ
643 3241 928 3309 προχεῖται
959 3237 1110 3307 παρὰ
1133 3238 1224 3289 τὸν
1287 3235 1511 3304 Πατέρα
1563 3234 1769 3303 πηγῆς·

197 3335 316 3385 ἀλλ’
349 3334 433 3387 ὅτι
460 3333 528 3384 ἐκ
566 3330 781 3400 Πατρός
807 3329 873 3383 δι’
900 3328 1029 3382 Υἱοῦ
1060 3326 1354 3390 ἀναϐλύζει
1402 3342 1460 3377 τε
1489 3325 1586 3377 καὶ
1648 3340 1777 3393 προ-

196 3426 404 3495 χεῖται,
447 3426 544 3477 καὶ
578 3424 639 3489 ἐξ
666 3422 798 3475 Υίοῦ
838 3417 1164 3482 ἀναδλύζειν
1223 3418 1441 3485 λέγεται
1499 3417 1595 3469 καὶ
1641 3430 1777 3484 προ-

199 3516 424 3586 χεῖσθαι
443 3533 455 3547 ·
501 3514 676 3576 οὕτως
694 3512 860 3566 οἱονεὶ
886 3513 914 3564 6
931 3511 1089 3579 ἅγιος
1117 3507 1516 3577 συλλογίζεται.
1557 3506 1775 3569 Ἐπειδὴ

196 3609 262 3661 τ’.
288 3605 521 3676 Πνεῦμα
559 3606 709 3675 παρὰ
742 3603 834 3657 τοῦ
862 3604 1062 3670 Λόγου,
1085 3601 1333 3656 τουτέστι
1362 3598 1450 3653 διὰ
1472 3597 1567 3651 τοῦ
1602 3598 1778 3664 Λόγου

203 3699 455 3766 πρόεισιν
481 3697 548 3751 ἐκ
571 3698 803 3765 Πατρδς,
834 3695 1023 3764 ὥσπερ
1045 3694 1103 3760 ἐξ
1143 3693 1296 3763 ἡλίου
1318 3691 1409 3745 διὰ
1429 3689 1524 3743 τοῦ
1569 3690 1771 3758 φωτὸς,

204 3790 519 3857 φωτιστικὴ
554 3786 877 3858 λαμπηδὼν,
937 3789 966 3839 6
1006 3786 1062 3839 δὲ
1110 3784 1279 3851 Λόγος
1308 3785 1372 3835 ἐκ
1399 3780 1491 3834 τοῦ
1552 3780 1771 3849 Πατρός

202 3878 580 3948 ὡμολόγηται,
640 3877 729 3931 διὰ
757 3876 919 3930 τοῦτο
955 3876 1051 3928 καὶ
1082 3874 1214 3928 αὐτὸ
1243 3872 1396 3944 παρὰ
1430 3870 1526 3924 τοῦ
1561 3870 1778 3941 Πατρὸς

202 3972 611 4041 ἐκπορεύεσθαι
641 3972 887 4039 λέγεται.

204 4105 305 4157 Ἐκ
329 4103 453 4157 τῶν
481 4104 618 4172 περὶ
657 4104 767 4176 τοῦ
797 4106 1059 4176 μόμοίους
1084 4102 1239 4159 εἶναι
1266 4107 1372 4161 τὸν
1408 4109 1640 4176 Πατέρα
1680 4110 1780 4163 καὶ

276 4176 386 4247 τόν
412 4176 546 4247 1‘16!-
562 4176 661 4227 καὶ
685 4174 747 4227 τὸ
782 4173 953 4247 (inor
989 4176 1237 4247 Πνεῦμα
1278 4173 1619 4247 μαρτυριῶν
1672 4178 1784 4247 τῆς

301 4244 556 4312 Γραφῆς
595 4245 944 4314 κεφαλαίων
970 4244 1429 4314 τεσσαράκοντα
1472 4244 1646 4306 ὀκτώ.

276 4374 430 4427 ΟΒ¹.‹
454 4372 520 4425 Τί
548 4376 666 4427 έστι
692 4375 824 4440 Θεός
846 4378 941 4441 ;Ἡ
960 4378 1178 4432 πάντων
1200 4381 1343 4452 ἀρχὴ
1368 4382 1507 4442 κατὰ
1524 4384 1787 4438 τὺνἋπό-

1854 631 1918 670 ει
1963 614 2121 669 Patre
2152 625 2206 670 et
2241 614 2381 669 Filio
2411 613 2676 683 Spiritum
2704 614 3020 682 procedere,
3051 623 3124 677 et,
3174 628 3239 666 ex
3267 612 3427 667 Patre

1855 719 1950 772 per
1981 704 2197 767 Filium,
2240 702 2697 773 quemadmodum
2744 719 2921 772 neque
2959 702 3143 757 diﬂ'ert
3171 704 3322 758 illum
3358 719 3425 757 ex

1856 794 2014 850 Patre
2043 806 2096 851 et
2129 794 2285 862 Filio,
2319 804 2374 851 et
2399 812 2464 851 ex
2495 795 2654 852 Patre
2678 810 2772 866 per
2805 794 3001 851 Filium
3036 795 3201 851 mitti.

2145 1005 2357 1060 [ζα-σιὼ
2409 1007 2477 1059 ad
2514 1005 2855 1072 Serapionem
2901 1008 3165 1076 episto.a..

1930 1098 2114 1154 LXXI.
2163 1118 2181 1151 ι
2213 1098 2456 1169 Namque
2496 1101 2657 1156 sicuti
2691 1102 2857 1157 fartus
2889 1103 3203 1172 unigenitus
3260 1104 3433 1161 Filius

1866 1214 1885 1247 ι
1924 1206 2027 1259 est,
2070 1198 2144 1251 ita
2191 1209 2247 1254 et
2287 1195 2550 1267 Spiritus,
2594 1196 2688 1265 qui
2716 1212 2745 1250 ο
2773 1195 2913 1251 Filio
2950 1197 3118 1253 datur
3181 1207 3237 1252 et
3268 1199 3435 1253 mitti-

1866 1306 1885 1339 ι
1919 1298 2027 1353 tttr,
2090 1307 2231 1345 unus
2280 1301 2445 1345 estet
2495 1304 2602 1343 non
2650 1287 2842 1352 multa,
2910 1304 3088 1359 neque
3139 1302 3206 1344 es
3240 1290 3430 1344 multis

1867 1398 1885 1431 ι
1918 1395 2109 1439 unttm,
2136 1382 2227 1434 sed
2256 1381 2403 1435 solus
2435 1383 2551 1449 ipse
2580 1378 2843 1451 Spiritus.
2884 1385 3022 1443 Cum
3078 1380 3225 1435 enim
3262 1398 3439 1435 unum-

1867 1490 1885 1523 ι
1918 1472 1987 1525 sit
2032 1470 2225 1536 Filius,
2261 1472 2448 1526 vivens
2482 1471 2744 1538 Verbum,
2774 1481 2993 1542 oportet
3021 1489 3183 1528 unam
3215 1488 3435 1544 quoque

1870 1580 1888 1614 ι
1924 1578 2044 1617 esse
2071 1563 2363 1631 perfectam
2391 1571 2446 1618 ει
2495 1565 2709 1633 plenam
2767 1565 2934 1619 vitam
2976 1566 3435 1627 sanctificantem.

1870 1672 1887 1705 ι
1920 1656 2233 1723 ηυαιὶρείιιε
2258 1664 2341 1710 εει
2363 1656 2609 1724 operatio
2637 1664 2687 1711 et
2742 1656 2969 1720 donum,
3003 1673 3125 1727 qtttc
3151 1673 3213 1712 ex
3278 1655 3439 1711 Patre

1869 1762 1887 1793 ι
1920 1744 2119 1799 dicitur
2152 1746 2445 1815 procedere
2480 1762 2493 1799 :
2528 1760 2653 1800 cum
2680 1762 2748 1800 ex
2797 1745 2997 1807 Verbo.
3021 1749 3250 1816 quodex
3281 1746 3440 1801 Patro

1870 1854 1888 1889 ι
1925 1850 2043 1893 esse
2074 1838 2356 1903 asseritur,
2384 1838 2582 1905 elucet,
2607 1838 2873 1894 emittitur
2896 1849 2948 1894 et
2978 1840 3229 1894 donatur.
3276 1857 3294 1889 ι

2441 2020 2862 2075 Animadversio.

1946 2152 1965 2186 ι
2004 2132 2204 2189 Νοιοιο
2233 2132 2411 2189 sancti
2443 2141 2690 2188 exactum
2721 2136 2800 2188 rei
2825 2134 3250 2195 discnssionem,
3308 2152 3445 2204 quo-

1875 2244 1895 2277 ι
1930 2225 2091 2281 modo
2122 2225 2213 2280 ubi
2259 2223 2696 2294 praepositionem
2732 2240 2795 2278 ex
2828 2224 2895 2279 de
2933 2224 3110 2287 Patre,
3138 2234 3193 2280 et
3236 2226 3302 2279 de
3361 2222 3449 2279 Fi-

1875 2337 1896 2371 (
1938 2319 2012 2373 lio
2050 2316 2376 2382 enuntiavit,
2432 2316 2700 2371 dictiones
2748 2316 3037 2383 distinxit;
3079 2325 3133 2371 et
3184 2317 3251 2371 de
3284 2317 3446 2371 Patre

1878 2429 1898 2463 ι
1940 2411 2370 2482 processionem,
2405 2409 2473 2463 de
2508 2406 2647 2463 Filio
2700 2424 2829 2463 vero
2886 2407 3179 2480 fulgorem,
3228 2410 3450 2465 missio-

1879 2520 1898 2555 ι
1930 2516 2075 2567 nem,
2103 2511 2157 2556 et
2180 2500 2451 2556 dationem
2482 2500 2735 2556 asseruit.
2768 2519 2787 2553 ι

2520 2592 2811 2662 Rsfutatio.

1944 2688 2049 2743 Sed
2079 2690 2212 2757 ipse,
2251 2688 2361 2752 aio,
2395 2697 2645 2743 sanctum
2678 2688 2766 2741 liic
2796 2701 2902 2742 non
2931 2686 3205 2740 dictiones
3247 2686 3412 2740 distin
3434 2715 3449 2725 -

1872 2784 2039 2844 xisse,
2072 2780 2498 2849 processionem,
2544 2780 2788 2849 inquam,
2814 2787 2869 2833 et
2912 2777 3176 2848 fulgorem
3224 2783 3278 2831 et
3316 2791 3451 2831 con-

1876 2882 1979 2925 tra.
2021 2870 2126 2926 Sed
2156 2884 2280 2925 cum
2314 2883 2652 2938 quacunque
2683 2868 2926 2938 Spiritus
2956 2884 3021 2923 ex
3053 2867 3196 2924 Filio
3245 2868 3452 2924 dicitur

1875 2962 2096 3024 habere,
2137 2976 2245 3014 non
2282 2958 2357 3011 uti
2390 2974 2455 3013 ex
2500 2958 2742 3027 propria.
2790 2958 3009 3013 secluso
3045 2956 3227 3023 Patre,
3285 2972 3451 3013 causa

1874 3055 2135 3123 possidet.
2181 3052 2455 3107 Exsiliens
2490 3052 2634 3104 enim
2663 3068 2729 3107 ex
2758 3051 2919 3113 Filio.
2965 3062 3020 3108 et
3046 3051 3256 3107 eﬁ‘usus
3288 3066 3316 3105 a
3361 3049 3456 3106 Fi-

1874 3145 1969 3210 lio,
1998 3161 2103 3199 non
2128 3144 2206 3199 uti
2236 3159 2302 3198 ex
2362 3145 2587 3214 proprio
2637 3144 2817 3198 exsilit
2884 3142 3310 3214 effnnditurque,
3369 3158 3459 3198 se-

1878 3240 2033 3294 cluso
2066 3236 2249 3302 Patre,
2288 3236 2460 3297 fonte,
2510 3236 2602 3290 sed
2660 3238 2806 3306 quod
2858 3252 2921 3291 ex
2958 3235 3098 3289 Filio
3130 3236 3349 3291 exsilire
3375 3236 3455 3289 di-

1880 3340 2057 3392 catur,
2092 3338 2145 3383 et
2167 3327 2445 3398 profundi,
2487 3329 2631 3381 hunc
2662 3329 2715 3382 in
2749 3329 2969 3382 modum
3005 3339 3229 3383 sanctus
3279 3327 3452 3381 ratio—

1880 3425 2112 3478 cinatur.
2161 3420 2299 3476 Cum
2367 3405 2602 3488 spiritus
2642 3436 2672 3475 a
2717 3419 2917 3487 Verbo,
2947 3422 3048 3475 hoc
3109 3430 3192 3475 est
3234 3435 3328 3489 per
3359 3419 3451 3473 Fi-

1882 3515 2013 3569 lium
2044 3514 2389 3585 progreditur
2441 3529 2506 3567 ει
2552 3514 2733 3579 Patre,
2791 3524 3049 3583 tanquam
3076 3526 3143 3565 ex
3202 3511 3317 3566 sole
3362 3526 3457 3578 per

1880 3606 2063 3661 lumen
2093 3607 2405 3663 illuminans
2436 3607 2641 3667 radius.
2673 3616 2727 3661 et
2775 3604 3009 3661 Verbum
3045 3617 3111 3657 es
3144 3601 3303 3656 Patre
3332 3615 3455 3655 esse

1883 3700 2025 3769 apud
2078 3714 2269 3755 omnes
2331 3702 2386 3755 in
2440 3700 2697 3755 confesso
2721 3707 2827 3765 est,
2884 3706 3170 3768 propterea
3200 3703 3256 3749 et
3304 3694 3390 3748 ltie
3424 3708 3458 3747 a

1886 3790 2042 3847 Patre
2070 3795 2358 3862 procedere
2382 3792 2605 3847 dicitur.

1886 4108 1970 4164 Ea:
2014 4109 2275 4178 capitibus
2319 4108 2676 4178 quadrgginta
2723 4116 2839 4178 octo
2887 4108 2949 4161 de
3003 4107 3168 4161 simili
3222 4107 3455 4161 essentia

1991 4182 2125 4236 inter
2161 4176 2374 4233 Patrem
2399 4187 2448 4233 et
2481 4176 2683 4232 Filium
2711 4187 2760 4233 et
2788 4176 3049 4247 Spiritum
3079 4187 3346 4235 sanctum.

1956 4382 2163 4437 LXXII.
2205 4400 2223 4432 ι
2247 4380 2385 4447 Quid
2416 4391 2499 4437 est
2528 4381 2714 4437 Deus?
2739 4381 2993 4435 Omnium
3018 4381 3347 4451 principium
3373 4397 3459 4434 se-

206 4484 228 4512 s
278 4464 489 4517 atolw'
519 4485 538 4519 ι
575 4462 671 4531 Εἷς
698 4468 833 4534 Θεὸς
862 4472 889 4522 6
924 4470 1138 4541 Πατὴρ,
1159 4473 1219 4538 ἐξ
1243 4469 1303 4529 οὗ
1335 4476 1402 4527 τὰ
1424 4477 1654 4528 πάντα.»
1680 4478 1776 4530 Καὶ

1895 4495 1913 4527 ι
1950 4474 2186 4530 cundum
2216 4472 2534 4542 Apostolum
2576 4474 2845 4528 dicentem
2880 4491 2893 4526 :
2932 4491 2950 4524 ι
2985 4472 3139 4529 Unus
3172 4472 3314 4527 Deus
3354 4471 3457 4526 Pa-

206 4574 228 4603 ι
276 4557 387 4626 γὰρ
420 4558 449 4609 6
490 4558 664 4625 Λόγος
704 4560 763 4623 ἐξ
795 4558 962 4613 αὑτοῦ
989 4564 1287 4632 γεννητῶς,
1314 4566 1409 4618 καὶ
1450 4564 1512 4617 τὺ
1562 4566 1785 4635 Πνεῦμα

212 4674 229 4701 ι
272 4655 331 4719 ἐξ
354 4653 521 4707 αὑτοῦ
555 4655 926 4724 έκπορευτῶς,
958 4653 1077 4710 εἶτα
1101 4660 1251 4712 πᾶσα
1279 4661 1312 4729 ή
1352 4660 1530 4723 κτίσις
1561 4662 1648 4714 διὰ
1683 4662 1780 4715 τοῦ

212 4765 231 4795 ι
270 4747 450 4812 Λόγου
471 4746 529 4798 ἓν
554 4746 833 4816 Πνεύματι
870 4748 1103 4818 συνέστη
1135 4748 1565 4821 δημιουργικῶς.
1606 4771 1623 4804 ι

809 5021 985 5076 Ἐπισ
992 5025 1190 5079 racia.

286 5130 305 5162 ι
357 5111 506 5181 Ὀρα
557 5110 703 5175 τίνος
759 5112 1089 5183 έκπορευτὺν
1111 5116 1171 5166 τὸ
1225 5113 1449 5186 Πνεῦμα
1515 5116 1696 5183 λέγεις
1750 5118 1780 5170 6

212 5222 233 5256 s
269 5204 453 5271 ἅγιος.
490 5222 510 5254 ι

794 5299 1184 5367 ’Λντιξρῤησιᾳ

296 5387 397 5439 Ἐκ
430 5387 527 5440 τοῦ
595 5390 808 5459 Πατρός
860 5392 1082 5454 πάντως
1129 5392 1464 5463 ὲκπορευτὸν
1526 5392 1674 5461 λέγει
1727 5394 1787 5446 τὸ

209 5474 461 5543 Πιεῦμα.
500 5471 661 5530 ‘And
691 5481 740 5531 εί
764 5480 857 5532 καὶ
876 5481 939 5533 ὲκ
962 5480 1056 5534 τοῦ
1091 5482 1212 5536 Υξοῦ
1238 5483 1472 5554 ὑπάρχει
1495 5482 1651 5549 αὐτὸ,
1687 5483 1787 5536 οὐκ

213 5568 366 5632 ἐρεῖς
394 5568 613 5624 πάντως
640 5568 715 5632 ὡς
748 5571 1081 5626 ἀποϐάλοιτο
1106 5574 1172 5628 ἂν
1202 5575 1261 5629 τὸ
1289 5576 1645 5647 έκπορευτὸν,
1693 5576 1789 5629 καὶ

212 5656 599 5727 προσλήψαιτο
639 5662 774 5726 ἴσως
808 5665 869 5717 τὸ
904 5667 1184 5736 γεννητόν.

320 5837 501 5890 Ι(Σιιι·.
546 5855 661 5904 ιιιι,
690 5839 724 5891 ὃ

1896 4590 1913 4621 ι
1953 4579 2056 4635 ter,
2096 4583 2159 4622 es
2195 4584 2304 4638 quo
2334 4566 2516 4621 omnia
2542 4566 2587 4598 "
2621 4584 2634 4621 :
2682 4584 2701 4617 ι
2739 4564 2977 4619 Verbum
3026 4573 3204 4618 autem
3247 4567 3364 4634 ejus
3391 4581 3457 4618 ex

1896 4680 1914 4712 ι
1954 4661 2072 4728 ipso
2117 4659 2373 4715 nascendi
2408 4658 2638 4720 ratione,
2696 4664 2750 4710 et
2793 4656 3031 4724 Spiritus
3079 4655 3458 4725 progrediendi

1897 4772 1915 4804 ι
1955 4752 2114 4808 modo
2164 4750 2400 4816 exsistit,
2460 4748 2656 4803 deinde
2722 4748 2976 4802 universa
3032 4763 3210 4801 rerum
3267 4757 3459 4801 natura

1897 4863 1914 4895 ι
1954 4860 2047 4913 per
2075 4843 2308 4897 Verbum
2345 4852 2399 4897 et
2450 4838 2711 4910 Spiritum
2749 4840 2969 4895 creandi
3007 4840 3218 4894 ratione
3252 4839 3462 4893 consti-

1898 4953 1917 4985 ι
1954 4944 2067 4988 tuta
2100 4943 2203 4987 est.
2252 4950 2272 4985 ι

2478 5022 2898 5076 Animadversio.

1976 5135 1994 5167 ι
2036 5116 2332 5181 Attendito,
2366 5128 2395 5169 a
2422 5129 2532 5183 quo
2579 5112 2841 5184 Spiritum
2896 5111 3187 5183 procedere
3239 5123 3463 5169 sanctus

1902 5231 1919 5264 ι
1967 5216 2195 5264 asserat.
2229 5228 2248 5261 ι

2535 5296 2826 5366 Refutatio.

1967 5392 2040 5445 Ex
2072 5390 2229 5445 Patre
2267 5405 2493 5459 prorsus
2536 5390 2667 5445 dicit
2708 5388 3001 5458 procedere
3033 5386 3321 5458 Spiritum.
3354 5385 3460 5438 Ve-

1893 5500 2014 5538 rttnt
2046 5485 2143 5537 etsi
2176 5498 2241 5536 es
2290 5480 2429 5535 Filio
2462 5482 2623 5534 etiam
2658 5490 2761 5543 est,
2799 5494 2906 5533 non
2956 5479 3077 5535 ideo
3133 5478 3457 5541 contendes,

1893 5590 2017 5632 eum
2051 5574 2300 5628 amisisse
2344 5566 2672 5642 procedendi
2709 5575 2949 5637 modum,
2982 5569 3229 5641 forthue
3272 5583 3461 5625 susce-

1897 5669 2041 5739 pisse
2070 5665 2325 5723 nascendi
2365 5665 2649 5720 rationem.
