4210 6440
257 359 364 419 509

259 560 447 626 ρεῦειν
484 561 573 612 τὸν
608 564 827 633 Πατέρα
861 567 920 617 τὸ
951 567 1196 636 Πνεῦμα,
1235 571 1300 622 ἵν’
1331 575 1414 642 εἴη
1451 576 1725 628 καὶτοῦτο
1751 579 1829 639 si;

257 649 520 718 ἀφορμὴν
552 654 847 706 σκανδάλου
899 657 1025 722 ὑμῖν
1073 662 1183 721 τοῖς
1237 665 1376 724 νέοις
1423 664 1830 734 δογματισταῖς,

255 740 512 805 λέγουσιν
544 741 616 802 ὡς
642 743 671 794 ὁ
709 743 826 806 Υἱὸς
856 747 974 816 οὐχὶ
1004 751 1318 817 προϐάλλει,
1366 755 1484 806 οὐδὲ
1536 758 1826 826 ἐκπορεύιι

254 832 316 880 τὸ
348 832 596 900 Πνεῦμα,
632 836 678 884 εἰ
725 837 816 886 καὶ
843 839 870 888 ὁ
915 839 1104 908 Πατὴρ
1137 841 1353 908 λέγεται
1386 845 1479 897 τοῦ
1514 849 1830 918 Πνεύματος

258 923 585 989 προσολεὺς,
614 930 659 978 εξ
694 931 785 979 καὶ
833 930 891 980 τὸ
919 928 1140 1000 Πνεῦμα
1183 933 1400 1000 λέγεται
1439 939 1835 1008 ἐκπορεύεσθαι

259 1015 320 1064 ἐκ
355 1015 564 1086 Πιτρός
593 1035 606 1082 ;
651 1021 790 1072 Ἀλλ’
811 1024 856 1074 οἱ
899 1021 1136 1090 θεολόγοι
1169 1028 1370 1088 πάντες
1405 1030 1649 1102 Πιτέρες
1681 1035 1836 1102 ἐνερ-

259 1108 494 1171 γητικὸν
534 1112 688 1179 ῥῆμα
717 1115 809 1166 ἐπὶ
840 1115 933 1167 τοῦ
963 1117 1171 1186 Harpe;
1193 1121 1289 1172 οὐκ
1313 1118 1485 1180 εἷπον,
1513 1125 1572 1174 τὸ
1605 1125 1840 1193 προῦάλ-

259 1198 378 1249 λιιν
410 1201 505 1251 καὶ
535 1203 892 1274 ἐκπορεύειν,
941 1210 1076 1262 ἀλλὰ
1133 1211 1192 1262 τὸ
1227 1216 1535 1281 προσχέειν,
1573 1219 1839 1284 πηγάζειν

256 1305 341 1348 τε.
379 1293 476 1343 καὶ
536 1296 865 1364 ἐκπέμπειν,
913 1300 1057 1370 ἅπερ
1112 1304 1291 1356 πάντα
1320 1307 1410 1356 καὶ
1459 1309 1521 1358 ἐκ
1575 1309 1669 1360 τοῦ
1707 1309 1838 1362 Υἱοῦ

257 1382 320 1433 τὸ
363 1383 588 1454 Πνεῦμα
620 1387 840 1457 λέγεται
865 1391 1030 1462 ἔχειν.

263 1497 381 1550 Τοῦ
406 1500 599 1555 αὑτοῦ
624 1503 746 1557 ἀπὸ
788 1507 894 1584 τοῦ
1045 1511 1189 1584 εἴδει
1235 1515 1560 1584 διαλέξεως
1608 1523 1833 1574 Morta-

651 1578 864 1630 νιστοῡ
905 1579 1005 1632 καὶ
1063 1578 1444 1649 Ὀρθοδόξουξ

341 1679 470 1735 HA'.
512 1702 530 1734 ι
584 1680 796 1757 Ὥσπερ
843 1690 994 1743 οὐδέν
1048 1695 1163 1748 ἐστι
1221 1700 1386 1765 μέσον
1427 1699 1518 1753 νοῦ
1542 1702 1638 1753 καὶ
1681 1702 1840 1769 λόγου

267 1789 286 1821 ε
336 1775 431 1825 καὶ
463 1777 659 1845 πνοῆς,
704 1777 875 1846 οὕτως
919 1784 1072 1837 οὐδὲν
1121 1789 1288 1856 μέσον
1319 1792 1532 1859 Πατρὸς
1566 1796 1661 1846 καὶ
1705 1795 1836 1848 Υἱοῦ

265 1881 286 1914 ι
351 1867 447 1919 καὶ
483 1869 640 1935 ἀγιου
696 1873 1034 1943 Πνεῦματος.
1074 1879 1283 1948 Νοῆσαι
1317 1883 1372 1934 δὲ
1403 1883 1484 1935 δεῖ
1514 1885 1574 1934 τὸ
1607 1885 1834 1954 Πνεῦμα

268 1972 287 2005 t
339 1958 542 2010 τέλειον
565 1961 622 2012 ἐν
663 1962 848 2034 τελείᾳ
897 1967 1191 2024 ὑποστάσει
1215 1971 1366 2041 παρά
1416 1973 1636 2044 Πατρὶς
1673 1979 1838 2029 ἐκπο-

267 2065 284 2097 t
333 2049 642 2119 ρευόμενον.
685 2072 704 2104 ι

861 2147 1243 2206 Ἓπιστασία.

347 2247 366 2280 ι
410 2232 608 2286 Ἀκουε
645 2237 791 2306 παρὰ
814 2238 955 2301 τίνος
976 2241 1034 2292 τὸ
1066 2242 1287 2314 Πνεῦμα
1321 2246 1699 2316 ἐκπορεύεται.
1740 2270 1756 2300 ι

866 2353 1260 2422 Ἀντίρῤησις.

348 2437 512 2490 Ἀλλα
564 2441 796 2511 πρόσεχε
843 2447 937 2496 καὶ
976 2447 1149 2500 ὅτιτὸ
1181 2449 1536 2520 παράδειγμα
1584 2453 1659 2516 ὡς
1689 2459 1837 2524 παρὰ

259 2530 494 2598 πρώτης
517 2532 694 2596 αἰτίας
722 2535 817 2586 καὶ
840 2535 1012 2606 ἀρχῆς
1044 2538 1137 2591 τοῦ
1166 2541 1376 2612 Πατρὸς
1404 2544 1553 2612 δηλοῖ
1583 2547 1708 2613 περὶ
1745 2547 1837 2598 τοῦ

263 2623 396 2674 Tia-3
430 2624 490 2675 τὸ
538 2626 762 2694 Πνεῦμα
806 2628 1261 2699 ἐκπορευόμενον,
1309 2634 1381 2697 ὡς
1412 2635 1499 2688 διὰ
1550 2637 1645 2690 τοῦ
1681 2638 1838 2706 λόγου

270 2717 426 2767 ἐστὶν
465 2718 498 2785 ἡ
529 2716 664 2788 πνοὴ
698 2721 761 2770 ἐκ
794 2718 886 2772 τοῦ
919 2721 1034 2775 νοῦ.

469 2858 727 2910 ΡΗΣΕΙΣ
769 2857 903 2911 ΤΟΥ
951 2862 1189 2914 ΑΓΙΟΥ
1232 2862 1623 2921 ΚΥΡΙΛΛΟΥ.

768 2996 868 3048 Ἕκ
891 2997 1010 3048 τῶν
1031 2998 1380 3064 Θησαυρῶν.

1253 367 1334 429 IN
1375 369 1460 430 CA
1475 373 1764 434 HATERI
1811 375 2561 450 ANIMADVERSIONES.

255 485 387 519 ποτε
439 470 498 520 ἐν
563 471 768 537 ῥήματι
809 473 1150 546 ἐνεργητικῷ
1199 481 1547 548 προϐάλλειν,
1588 485 1618 552 ἦ
1669 487 1831 538 ἐκπο-
1863 493 1908 548 Α
1938 493 2345 567 pan-mnipsum
2373 503 2478 554 έκπ

3407 397 3510 466 510

2449 504 2714 570 πορεύειν,
2749 507 3187 576 αιιιπροὸἀλλειν
3227 510 3510 580 Spiritum.

1935 605 1994 648 ut
2033 597 2117 650 hic
2165 613 2378 669 quoque
2429 616 2593 654 causa
2656 604 2898 656 scandali
2949 612 3100 657 esset
3149 604 3305 657 vobis
3355 607 3509 657 novis

1934 687 2296 758 dogmatistis,
2331 694 2707 748 asserentibus
2743 693 2940 747 Filium
2984 709 3158 763 neque
3187 697 3511 761 producere,

1937 795 2110 847 neque
2141 781 2383 834 emittere
2413 781 2702 851 Spiritum,
2737 784 2861 837 licet
2897 784 3052 838 Pater
3082 785 3304 839 dicatur
3339 786 3514 853 Spiri-

1940 878 2026 925 tus
2086 874 2413 941 productor;
2452 875 2573 928 licet
2623 874 2857 943 Spiritus
2909 887 3183 931 asseratnr
3229 893 3298 930 ex
3350 878 3507 930 Patre

1939 965 2269 1032 procedere?
2316 963 2419 1019 Sed
2462 982 2649 1022 Omnes
2701 967 2890 1020 Patres
2934 969 3168 1038 theologi
3233 985 3511 1038 nunquam

1942 1057 1994 1108 in
2036 1056 2190 1110 Patre
2230 1058 2452 1110 verbum
2510 1060 2745 1111 activum
2791 1071 3122 1125 usurparunt
3172 1061 3510 1130 ἐκπορεύειν,

1940 1156 1992 1198 ct
2019 1146 2336 1215 προσάλλειν
2365 1165 2378 1214 ;
2406 1149 2495 1201 sed
2521 1149 2816 1214 eﬂ'undere,
2858 1149 3076 1203 eﬂiuere
3131 1161 3181 1204 et
3241 1153 3510 1212 emittere,

1942 1255 2060 1307 qua:
2090 1241 2274 1296 omnia
2312 1257 2376 1296 ex
2411 1241 2544 1296 Filio
2575 1244 2772 1297 dicitur
2801 1244 3038 1312 Spiritus
3072 1244 3295 1298 habere.

1951 1546 2201 1616 Ejusdem
2254 1563 2318 1602 ea:
2372 1552 2609 1602 oratione
2653 1550 2706 1601 in
2757 1551 2928 1618 forma
2978 1549 3249 1616 colloquii,
3297 1545 3514 1600 Monta-

2438 1621 2588 1672 nist
2616 1631 2662 1672 et
2711 1619 3023 1674 Ortltodoxt'.

1875 1763 1912 1814 Β
2017 1730 2252 1786 LXXXI.
2284 1752 2300 1784 ι
2338 1733 2800 1797 Quemadmodum
2838 1733 2968 1786 nihil
3001 1740 3081 1785 est
3105 1730 3340 1785 medium
3375 1734 3515 1785 inter

1945 1843 1961 1873 ι
2009 1834 2239 1876 mentem
2273 1833 2326 1878 et
2353 1833 2679 1888 sermonem,
2706 1833 2758 1877 et
2789 1833 3010 1885 statum,
3042 1824 3114 1876 ita
3135 1824 3268 1876 nihil
3296 1834 3376 1877 est
3397 1839 3512 1876 me-

1945 1935 1964 1967 ‹
2005 1917 2150 1968 dium
2182 1915 2320 1968 inter
2345 1916 2553 1969 Patrem
2590 1926 2638 1970 et
2663 1915 2857 1970 Filium
2881 1925 2933 1969 et
2958 1915 3218 1982 Spiritum
3245 1919 3514 1969 sanctum.

1945 2027 1964 2060 t
2013 2007 2206 2060 Verum
2264 2009 2689 2061 considerandus
2737 2019 2819 2062 est
2877 2007 3108 2076 Spiritus
3144 2006 3413 2076 perfectus
3453 2009 3507 2059 in

1944 2117 1962 2150 ι
2004 2100 2238 2169 perfecta
2269 2100 2542 2170 hypostasi
2575 2115 2602 2152 a
2632 2098 2788 2153 Patre
2829 2099 3142 2166 procedens.
3186 2119 3202 2149 ι

2516 2189 2939 2242 Anitnarlrersio.

2019 2301 2036 2332 ι
2075 2281 2336 2345 Audisne,
2365 2296 2393 2333 a
2427 2295 2660 2350 quonam
2701 2278 2938 2347 Spiritus
2973 2278 3265 2346 procedat?
3309 2297 3325 2328 ι

2573 2386 2865 2460 Refutatio.

2017 2487 2124 2541 Sed
2163 2486 2431 2540 attendito
2465 2495 2519 2539 ιιι
2555 2492 2900 2552 mentemque
2955 2483 3102 2552 figite
3144 2485 3390 2550 exemplo
3426 2497 3517 2534 ac—

1939 2557 2151 2642 enrat’e,
2201 2579 2342 2646 quod
2401 2577 2560 2630 veluti
2610 2591 2639 2629 a
2693 2576 2865 2645 prima
2924 2589 3090 2628 causa
3149 2585 3203 2626 et
3251 2574 3518 2641 principio

1942 2671 2100 2725 Patre
2139 2671 2378 2725 insinuat
2408 2685 2501 2739 per
2545 2668 2738 2722 Filium
2778 2669 3076 2737 procedere
3119 2667 3403 2738 Spiritum,
3441 2666 3516 2718 uti

1942 2780 2036 2834 per
2065 2777 2372 2818 sermonem
2399 2762 2560 2814 ﬂatus
2592 2769 2676 2814 est
2707 2774 2770 2812 ex
2809 2769 3008 2812 mente.

2396 2894 2456 2950 S.
2499 2892 2794 2949 CYRILLI
2839 2893 3083 2950 [ΜΕΤΑ.

2521 3026 2604 3079 Ea:
2650 3027 2955 3082 Thesauris.

333 3082 460 3139 ﬂB'.
493 3103 513 3136 ε
560 3085 778 3157 Ἐπειδὴ
804 3088 859 3139 δὲ
881 3089 1104 3154 ἀμαθῶς
1144 3093 1238 3142 καὶ
1267 3091 1434 3143 ταῦτα
1463 3093 1834 3161 προτείνουσιν

2012 3117 2272 3173 LXXXII.
2318 3137 2335 3169 ι
2371 3117 2508 3171 Cum
2543 3126 2721 3171 autem
2773 3118 3021 3185 imperite
3053 3117 3341 3170 admodum
3399 3117 3510 3171 haec

267 3197 283 3228 ι
321 3181 371 3230 οι
395 3177 467 3230 δι’
509 3179 784 3242 ἐναντίας,
810 3180 1024 3248 ἀνάγκη
1064 3181 1128 3250 δὴ
1165 3183 1348 3234 λοιπὸν
1377 3183 1463 3234 ἐπ’
1505 3185 1688 3235 ἐκεῖνα
1733 3202 1836 3252 χω-

265 3293 282 3322 ι
331 3274 468 3338 ρεϊν,
511 3272 580 3324 δι’
619 3264 694 3325 ὧν
733 3257 794 3324 τδ
819 3273 876 3337 ἐξ
912 3267 985 3326 ὧν
1023 3274 1400 3343 δυσφημοῦσιν
1443 3275 1670 3343 ἀμαθῶς
1702 3275 1839 3326 ἀπο-

264 3383 283 3414 t
330 3364 733 3433 κρουσθήσεται
789 3364 1006 3433 βλάϐος.
1068 3367 1178 3434 Οὐχ
1223 3364 1417 3429 οὕτως,
1468 3360 1514 3419 ὦ
1548 3366 1836 3436 βέλτιστοι,

264 3477 281 3505 σ
323 3459 393 3508 τὰ
440 3459 618 3509 πάντα
674 3458 853 3526 φαμὲν
892 3461 953 3510 ἐκ
994 3457 1087 3510 τοῦ
1132 3458 1291 3523 Θεοῦ,
1343 3459 1596 3527 καθάπερ
1648 3460 1740 3511 καὶ
1780 3460 1839 3510 τὺ

265 3567 282 3597 ι
332 3549 595 3616 Πνεῦμαο
642 3549 703 3600 τὸ
751 3551 848 3617 μὲν
898 3550 1007 3619 γάρ
1059 3553 1179 3603 ἐστι
1235 3550 1481 3615 φυσικῶς
1536 3550 1840 3618 ἐνυπάρχον

271 3662 289 3691 ι
337 3639 510 3708 αὐτῷ,
557 3643 646 3692 καὶ
674 3640 946 3702 οὑσιωδῶς
994 3641 1334 3709 ἐμπεφυκὸς,
1371 3641 1437 3692 ἵν’
1465 3641 1633 3703 οὕτως
1675 3645 1842 3693 εἴπω-

269 3751 286 3780 ι
333 3747 457 3798 μεν,
493 3732 589 3782 καὶ
633 3732 945 3799 ἀμερίστως
972 3733 1031 3796 ἐξ
1069 3732 1236 3785 αὑτοῦ
1278 3733 1464 3799 προῖόν
1489 3749 1505 3764 ο
1532 3734 1600 3786 τὰ
1638 3733 1714 3794 δὲ,
1745 3736 1840 3796 τῆς

268 3841 287 3872 ι
335 3823 622 3890 ἐνεργείκς
654 3824 792 3890 ἔργα
824 3825 917 3876 καὶ
963 3826 1241 3892 ποιήματα
1297 3826 1369 3877 δι’
1409 3825 1536 3878 Υῐοῦ
1584 3828 1641 3878 ἐν
1676 3827 1844 3879 Πνεῦ-

271 3934 289 3964 ι
346 3932 478 3982 ματι
535 3917 816 3982 γεγονότα,
867 3917 959 3968 καὶ
1030 3916 1200 3978 οὕτως
1266 3920 1328 3970 ἐκ
1372 3918 1509 3971 Θεοῦ
1555 3919 1838 3988 νοούμενα.

271 4027 289 4059 ι
339 4007 404 4060 Ei
439 4008 496 4059 δὴ
531 4008 738 4069 τούτοις
770 4007 928 4076 ἡμῶν
969 4009 1030 4060 οὐ
1076 4010 1328 4062 πείθεσθε
1363 4015 1476 4074 τοῖς
1533 4012 1734 4081 λόγοις,
1782 4015 1842 4066 ἐν

271 4123 285 4149 ι
341 4103 436 4171 ἴσῃ
469 4099 528 4151 δὲ
571 4100 724 4164 τάξει
776 4103 888 4163 τοις
933 4104 1321 4172 πεποιημένοις
1366 4105 1460 4157 καὶ
1505 4105 1567 4157 τὸ
1617 4105 1841 4173 Πνεῦμα

341 4193 566 4260 θήσετε,
591 4193 680 4244 διὰ
705 4193 765 4244 τὸ
796 4195 859 4245 ἐκ
898 4193 1035 4245 Θεοῦ
1075 4197 1166 4246 καὶ
1198 4196 1328 4248 αὐτὸ
1350 4196 1628 4263 λέγεσθαι,
1669 4198 1840 4249 καθά-

339 4301 449 4353 περ
479 4286 686 4346 ἐκεῖα,
743 4286 796 4336 τί
830 4286 890 4337 τὸ
925 4287 1132 4339 κωλῦον
1165 4289 1306 4356 ἡμᾶς
1338 4287 1840 4354 ἀνθυπενεγκὸντας

337 4472 586 4537 Πνεῦμα,
616 4471 797 4522 καὶτὸ
829 4471 1110 4535 ἐξαίρετον
1145 4473 1296 4524 οὐδὲν
1328 4475 1385 4523 ἐν
1411 4473 1558 4541 αὐτῷ
1586 4451 1734 4542 άπαρά
1770 4475 1837 4525 τὰ
1872 4451 1914 4504 ί)

273 4400 286 4426 ι
336 4383 540 4434 εἰπεῖν.
590 4380 652 4431 Ei
686 4383 747 4433 ἐκ
794 4380 930 4432 Θεοῦ
957 4383 1025 4433 τὰ
1061 4383 1240 4435 πάντα
1267 4385 1412 4435 ἐστίν
1440 4381 1625 4452 ὥσπερ
1661 4388 1750 4434 καὶ
1780 4387 1840 4437 τὸ

346 4564 649 4629 ποιήματα,
698 4562 840 4613 διατι
873 4563 945 4632 μὴ
991 4565 1082 4615 καλ¹
1125 4564 1355 4616 ἕκαστον
1379 4565 1487 4616 τῶν
1516 4566 1835 4632 γεγονότων,

273 4673 287 4697 ι
337 4654 642 4723 ἐπειδήπερ
676 4655 740 4706 ἐκ
770 4654 862 4706 τοῦ
893 4655 1026 4707 Θεοῦ
1053 4652 1192 4708 εἶναι
1226 4656 1468 4723 λέγεται,
1497 4652 1606 4709 οῐδε
1652 4659 1717 4708 τὰ
1743 4657 1838 4708 τοῦ

275 4764 288 4789 ι
340 4744 504 4808 Θεοῦ,
533 4746 626 4796 καὶ
657 4747 852 4816 ἐρευνᾷ
874 4746 944 4797 τὰ
965 4746 1103 4818 βάθη
1133 4747 1226 4799 τοῦ
1257 4747 1392 4800 Θεοῦ
1420 4766 1433 4811 ;
1486 4748 1629 4800 διατι
1673 4749 1728 4800 δὲ
1764 4750 1841 4819 μὴ

272 4856 287 4884 ι
336 4835 425 4886 διὰ
471 4836 690 4887 πάντων
735 4837 1114 4890 ἀποκαλύπτει
1159 4839 1290 4899 Θεὸς
1322 4881 1335 4902 ,
1372 4840 1508 4892 ἀλλά
1553 4841 1640 4893 διὰ
1678 4841 1837 4908 μόνον

271 4947 285 4974 ε
338 4925 432 4976 τοῦ
464 4925 815 4996 Πνεύματοςς
855 4927 982 4980 Ὅτε
1012 4930 1190 4981 τοίνυν
1234 4931 1302 4983 τά
1337 4932 1438 4998 μὲν
1488 4933 1623 4985 ἀλλα
1678 4936 1838 5003 ποιή-

270 5035 286 5064 ι
334 5035 480 5086 ματα
531 5018 621 5071 διὰ
675 5019 770 5071 τοῦ
805 5018 1118 5088 ῐῙνεύματος
1169 5021 1264 5090 τὴν
1315 5023 1662 5090 ἀποκάλυψιν
1704 5025 1836 5094 ἔχει,

270 5137 287 5170 t
333 5117 468 5167 αὐτὸ
500 5115 554 5168 δὲ
589 5116 648 5168 τὸ
681 5115 900 5184 Πνεῦμα
932 5118 1127 5184 ἐρευνᾷ
1163 5119 1251 5169 καὶ
1281 5118 1347 5169 τὰ
1385 5117 1522 5186 βάθη
1552 5119 1645 5170 τοῖΙ
1680 5119 1835 5181 Θεοῦ,

271 5230 286 5256 ι
339 5208 413 5267 ὡς
437 5207 498 5269 ἐξ
529 5206 692 5258 αὑτοῦ
711 5206 806 5258 καὶ
835 5209 894 5258 ἐν
924 5207 1069 5272 αὑτῷ
1094 5208 1332 5274 φυσικῶς
1356 5209 1620 5278 ὑπάρχον,
1649 5209 1837 5280 ὥσπερ

270 5324 286 5352 ι
341 5305 431 5354 καὶ
470 5305 526 5354 ἐν
555 5301 632 5371 τῷ
662 5301 934 5372 ἀνθρώπῳ
974 5303 1033 5354 τὸ
1063 5302 1422 5368 ἀνθρώπινον,
1457 5303 1718 5374 πρόδηλον
1744 5305 1838 5374 δή·

269 5416 285 5446 ι
336 5393 537 5446 πουθεν
563 5394 636 5456 ὠς
663 5393 795 5449 Θεὸς
828 5393 928 5462 μὲν
970 5394 1027 5445 τδ
1060 5394 1298 5461 Πνεῦμα,
1329 5396 1387 5446 -.>.
1425 5395 1483 5458 ἐξ
1525 5374 1584 5448 «λῦ
1634 5397 1835 5465 κυρίως

270 5505 286 5537 t
338 5487 463 5554 ἔχον
501 5488 591 5537 καὶ
621 5484 867 5553 φυσικῶς
898 5484 972 5544 ὡς
1023 5484 1175 5545 Θεὸς,
1207 5488 1273 5536 τὰ
1298 5484 1353 5537 δὲ
1385 5485 1520 5538 ἄλλα
1555 5487 1834 5554 ποιήματα

270 5594 287 5627 ι
339 5576 947 5644 καταχρηστικὼτερον,
981 5573 1054 5636 ὡς
1089 5577 1150 5626 ἐκ
1181 5576 1405 5644 ποιητοῦ
1441 5576 1533 5628 καὶ
1563 5576 1829 5646 δημιουρ-

268 5686 283 5719 t
336 5668 431 5734 τοῦ
469 5669 764 5738 πεφηνότα,
800 5666 858 5732 ἐξ
884 5663 944 5720 οῦ
978 5667 1259 5736 λεγόμενα.
1299 5689 1314 5709 ι

1950 3233 1968 3264 ι
2004 3221 2275 3281 opponant
2307 3210 2622 3275 adversarii,
2670 3223 2896 3263 necesse
2929 3219 3012 3263 est
3063 3211 3128 3262 ad
3169 3211 3257 3262 illa
3291 3212 3515 3279 gradum

1950 3326 1967 3357 ι
2003 3306 2203 3368 facere,
2244 3319 2336 3373 per
2381 3318 2502 3370 qua:
2555 3316 2694 3355 noxa
2753 3301 2820 3354 ab
2862 3302 3067 3355 eisdem
3121 3303 3511 3370 imprudenter,

1949 3419 1966 3450 (
2001 3398 2420 3467 hlasphemeque
2453 3395 2638 3448 inferri
2673 3403 2896 3458 tentata,
2929 3395 3228 3462 repellitur.
3266 3393 3382 3446 Non
3411 3394 3510 3456 ita,

1949 3509 1965 3540 ι
2004 3508 2035 3545 ο
2065 3492 2275 3560 optimi,
2306 3489 2488 3543 omnia
2513 3502 2578 3541 ex
2613 3489 2720 3542 Deo
2748 3487 3009 3549 dicimus,
3049 3485 3510 3554 quemadmodum

1953 3601 1969 3629 ‹
2012 3592 2063 3634 et
2105 3580 2368 3649 Spiritum
2409 3597 2423 3632 :
2464 3578 2551 3631 hic
2602 3578 2749 3630 enim
2801 3577 3124 3630 naturaliter
3168 3577 3220 3628 in
3266 3591 3329 3628 eo
3367 3577 3516 3628 exsi-

1951 3693 1966 3723 ι
2007 3682 2175 3735 stens,
2209 3681 2262 3724 et
2290 3669 2654 3725 essentialiter
2701 3670 3008 3732 adhaerens,
3041 3678 3100 3720 ut
3133 3670 3204 3720 ita
3241 3667 3512 3728 dicamus,

1952 3784 1968 3814 ι
2007 3764 2234 3817 indivise
2263 3777 2324 3816 ex
2363 3777 2428 3816 eo
2471 3760 2850 3830 progreditur:
2891 3759 3054 3828 opera
3083 3774 3228 3819 vero,
3263 3770 3317 3810 ct
3357 3775 3516 3811 ert-ra-

1949 3875 1966 3906 ι
2005 3865 2138 3908 tura:
2168 3853 2396 3908 actionis
2428 3860 2554 3908 sunt
2593 3867 2688 3921 per
2739 3850 2940 3904 Filium
2978 3851 3030 3904 in
3068 3849 3271 3918 Spiritu
3306 3851 3510 3917 produ-

1949 3966 1968 3998 ι
2008 3959 2126 4008 rue,
2168 3955 2220 3997 et
2271 3946 2371 3998 hac
2420 3945 2630 3997 ratione
2662 3959 2724 3997 ex
2777 3942 2888 3996 Deo
2937 3942 3241 3996 intellectae.
3308 3941 3508 4006 Quodsi

1951 4055 1968 4088 ι
2010 4037 2154 4090 hisee
2191 4037 2537 4090 sermonibus
2589 4049 2694 4087 non
2747 4033 3076 4097 suademini,
3112 4033 3204 4086 sed
3237 4035 3287 4085 in
3317 4034 3505 4085 eodem

1950 4147 1967 4178 ι
2008 4128 2146 4190 loco,
2201 4140 2251 4180 et
2298 4137 2582 4181 creaturas
2632 4136 2685 4178 et
2726 4123 2989 4194 Spiritum
3039 4123 3324 4193 reponitis,
3364 4124 3510 4191 quod

1953 4239 1969 4269 ι
2007 4234 2072 4272 ex
2125 4218 2232 4271 Deo
2276 4228 2329 4270 et
2373 4218 2488 4284 ipse
2522 4218 2758 4280 dicatur,
2799 4213 3257 4283 quemadmodum
3293 4222 3346 4265 et
3382 4213 3507 4275 illm,

1951 4333 1968 4360 ι
2008 4309 2135 4376 quid
2165 4309 2438 4376 impediet,
2472 4324 2536 4362 ne
2563 4318 2750 4361 contra
2783 4313 3118 4375 opponentes
3150 4320 3460 4359 asseramus
3488 4323 3500 4357 :

1951 4420 1968 4452 ι
2009 4401 2064 4455 Si
2121 4417 2188 4454 ιιι
2220 4401 2327 4454 Deo
2356 4403 2537 4454 omnia
2570 4409 2716 4461 sunt,
2742 4397 3197 4466 quemadmodum
3239 4405 3292 4449 et
3327 4396 3508 4463 Spiri-

1949 4516 1964 4544 ι
2005 4504 2106 4555 tus,
2136 4502 2187 4546 et
2214 4493 2346 4546 nihil
2369 4495 2420 4544 in
2450 4507 2513 4544 eo
2547 4491 2822 4559 singulare
2854 4499 2959 4551 est,
2981 4490 3124 4555 quod
3159 4489 3212 4542 in
3242 4489 3511 4541 creaturis

1952 4605 1968 4634 ι
2005 4585 2169 4638 etiam
2216 4600 2323 4636 non
2359 4584 2590 4645 eluceat,
2629 4597 2798 4650 quare
2830 4597 2936 4633 non
2973 4591 3026 4634 et
3067 4596 3404 4648 unaquaeque
3445 4598 3508 4629 es

1949 4694 1966 4725 ι
2005 4676 2311 4735 creaturis,
2359 4689 2482 4727 cum
2528 4689 2590 4726 ex
2647 4671 2758 4725 Deo
2812 4686 2933 4724 esse
2973 4670 3212 4731 'dicatur,
3260 4686 3378 4737 quae
3420 4669 3510 4721 Dei

1950 4785 1966 4816 ι
2001 4776 2127 4819 sunt
2155 4766 2323 4827 novit,
2355 4774 2407 4818 et
2442 4765 2529 4815 Dei
2565 4763 2832 4832 profunda
2867 4763 3290 4830 perscrutatnr?
3329 4761 3509 4826 Quart,

1951 4878 1969 4908 ι
2011 4874 2116 4910 non
2178 4858 2338 4910 ctiam
2395 4872 2490 4924 per
2539 4870 2729 4908 omnes
2773 4854 2913 4907 Deus
2965 4855 3203 4916 revelat,
3246 4855 3337 4906 sed
3393 4865 3513 4905 tan-

1949 4965 1965 4996 ι
2009 4955 2119 4998 tum
2177 4960 2271 5012 per
2332 4944 2596 5012 Spiritum
2647 4945 2940 4997 sanctum?
2987 4943 3123 4996 Cum
3175 4945 3337 5012 igitur
3390 4945 3510 4996 aliae

1950 5055 1966 5085 ι
2004 5045 2266 5089 creaturae
2321 5049 2414 5100 per
2447 5033 2710 5101 Spiritum
2771 5033 3153 5086 revelationem
3211 5033 3513 5094 obtineant,

1948 5145 1965 5175 ι
2007 5128 2119 5195 ipse
2166 5141 2292 5179 vero
2323 5124 2564 5192 Spiritus
2635 5131 3003 5191 perscrntetnr
3067 5123 3156 5175 Dei
3219 5122 3506 5190 profunda.

1947 5235 1963 5265 ι
2007 5227 2258 5282 tanquam
2311 5215 2402 5282 qui
2465 5215 2517 5266 in
2561 5214 2675 5279 ipso
2731 5213 3050 5264 naturaliter
3085 5213 3320 5274 exsistit,
3348 5221 3420 5262 ιιιι
3454 5218 3509 5264 et

1947 5325 1964 5354 ε
2008 5307 2058 5356 in
2111 5304 2329 5357 homine
2389 5304 2686 5366 humanus,
2728 5303 3070 5355 manilestum
3117 5302 3273 5369 plane
3327 5317 3506 5352 rema-

1947 5416 1961 5443 ι
2005 5404 2111 5458 net,
2164 5393 2423 5463 Spiritum
2470 5407 2592 5446 esse
2636 5393 2824 5456 Deum,
2859 5390 3073 5461 proprie
3109 5390 3256 5450 illud,
3293 5405 3358 5444 ex
3401 5391 3511 5442 alio

1947 5509 1961 5538 ι
2002 5502 2120 5540 esse
2149 5487 2503 5542 obtinentem.
2533 5494 2586 5537 et
2615 5483 2930 5537 naturaliter
2971 5483 3046 5536 uti
3085 5480 3254 5543 Deus,
3287 5483 3505 5548 reliqua:

1944 5595 1958 5624 ο
1999 5589 2121 5626 κλει-ο
2170 5580 2446 5626 creaturas
2485 5570 2656 5639 magis
2709 5570 2928 5623 abusive
2979 5579 3234 5638 tanquam
3279 5583 3396 5636 quae
3434 5581 3497 5621 οι

1947 5686 1961 5710 ι
2006 5669 2206 5717 factore
2224 5674 2273 5717 et
2294 5663 2485 5730 opitice
2523 5661 2913 5730 producantur,
2943 5662 3171 5728 ideoque
3199 5676 3260 5714 ex
3285 5677 3348 5716 eo
3379 5677 3502 5715 esse

1943 5781 1960 5811 ι
1999 5760 2264 5813 dicantur.
2314 5779 2328 5805 υ
