4210 6440
726 387 818 449 511
1738 395 1944 461 JOAN.
1992 401 2206 463 VECCI
2248 404 2359 466 ΕΡ.
2403 406 2916 467 ΡΑΤΒΙΑΠΟΙἸἉΕ

1301 502 1725 562 Animadversio.

801 610 820 645 ι
865 593 1165 649 Considera
1200 597 1502 653 mirabilem
1554 601 1747 655 borum
1783 605 2028 658 omnium
2073 618 2291 664 sancto-

731 701 750 735 ι
785 698 900 737 rum
920 681 1164 753 Patrum,
1185 688 1348 743 veluti
1372 706 1474 745 una
1495 701 1719 758 tessera,
1734 696 2103 761 concordiam,
2126 708 2293 754 atten-

729 792 747 825 ι
778 776 1002 846 ditoque
1052 779 1120 832 ab
1167 781 1422 837 omnibus
1466 783 1597 838 illud
1642 800 1709 838 ex
1748 785 1856 842 Deo
1891 788 1957 842 de
1985 788 2156 844 Patre
2188 805 2281 845 as-

730 888 749 921 ι
786 871 973 935 sumi,
1022 873 1482 940 quemadmodum
1530 887 1584 931 et
1638 877 1724 933 bic
1781 880 1834 932 in
1866 881 2030 936 rebus
2091 882 2292 938 divinis

730 982 751 1011 ‹
786 964 1120 1030 exponendis
1156 982 1320 1036 quam
1354 969 1626 1025 maximus
1656 970 1894 1041 Cyrillus
1927 974 1981 1028 in
2013 973 2118 1031 hac
2144 976 2292 1046 peri-

733 1070 750 1102 ι
789 1066 939 1121 cepe,
971 1069 1035 1106 ex
1066 1052 1172 1107 Deo
1212 1059 1462 1125 progredi
1490 1059 1755 1127 Spiritum
1784 1062 2110 1128 decernens.
2143 1074 2197 1121 et
2224 1080 2291 1121 ex

731 1162 749 1194 ι
789 1158 874 1209 eo,
905 1154 959 1198 et
991 1145 1044 1198 in
1073 1160 1139 1199 eo
1168 1150 1486 1205 naturaliter
1513 1152 1797 1208 exsistere.
1840 1172 1858 1206 ι

1364 1241 1655 1308 Refutatlo.

799 1330 856 1383 In
915 1331 1077 1387 rebus
1122 1333 1323 1389 divinis
1364 1336 1716 1405 exponendis,
1776 1353 1934 1408 qnam
1993 1339 2291 1395 maximum

726 1415 989 1493 Cyrillum
1027 1426 1080 1479 in
1114 1425 1216 1480 hac
1252 1428 1503 1495 pericope
1527 1428 1656 1483 illud
1693 1451 1710 1480 ι
1745 1446 1809 1484 ex
1845 1432 1952 1486 Deo
1986 1450 2005 1482 ι
2042 1433 2109 1487 de
2136 1432 2295 1488 Patre

726 1526 1030 1577 assumere,
1072 1515 1352 1582 sapienter
1384 1516 1673 1571 admodum
1707 1519 2159 1575 animadvertisti.
2194 1520 2296 1577 Ve-

727 1608 1030 1652 rumtamen
1062 1600 1255 1657 iisdem
1307 1601 1484 1656 verbis
1526 1602 1726 1656 ibidem
1768 1619 1832 1659 ex
1868 1605 1977 1660 Deo
2027 1607 2291 1674 Spiritum

724 1706 846 1743 esse
893 1691 1142 1745 eumdem
1183 1690 1580 1757 manifestasse.
1624 1693 1825 1763 quibus
1882 1695 2017 1751 locis
2068 1699 2120 1752 in
2174 1696 2294 1752 aliis

725 1782 976 1837 eumdem
1036 1798 1099 1835 ex
1153 1782 1288 1837 Filio
1310 1799 1429 1838 esse
1458 1790 1835 1842 enuntiaverat
1860 1805 1965 1842 non
1995 1789 2290 1854 adnotasti,

3862 407 3971 475 512

3005 514 3386 569 Ἔπιστασία.

2470 630 2488 659 ‹
2533 610 2674 678 Ὅρα
2697 608 2792 679 τήν
2821 606 3142 678 θαυμαστὴν
3168 606 3277 660 τῶν
3304 604 3579 676 θεοφόρων
3602 608 3809 661 τούτων
3832 609 3971 666 ὅλων

2402 717 2423 751 ι
2467 700 2725 769 Πατέρων
2756 693 2867 752 οἷον
2894 698 2971 761 ὡς
3004 700 3067 751 ἐκ
3120 697 3466 767 συνθήματος
3498 698 3843 766 συμφωνίαν,
3875 703 3973 754 καὶ

2403 810 2422 843 ι
2470 791 2739 860 πρόσσχες
2771 789 2887 853 πῶς
2913 790 3111 851 πάντες
3135 787 3195 841 τδ
3223 792 3285 842 ὲκ
3314 786 3447 841 Θεοῦ
3479 786 3574 841 ἐπὶ
3625 786 3722 841 τοῦ
3760 790 3977 859 Πατρικς

2400 900 2418 932 ι
2465 881 2918 950 ὲκλαμῦάνονται,
2953 880 3097 934 καθὰ
3130 878 3224 932 καὶ
3281 870 3438 940 οὗτος
3475 879 3503 930 ὁ
3536 877 3711 941 πολὺς
3748 878 3817 932 τὰ
3847 881 3974 934 Oeta

2402 991 2421 1024 ι
2471 972 2734 1042 Κύριλλος
2764 974 2821 1025 ὲν
2866 974 2931 1043 τῇ
2979 972 3255 1040 περικοπῇ
3285 969 3478 1040 ταύτῃ,
3510 970 3575 1023 ἐκ
3614 968 3751 1022 Θεοῦ
3784 973 3979 1040 προῖὸν

2401 1084 2419 1118 ι
2465 1049 2803 1134 δογμαῖίζων
2834 1063 2893 1117 τὸ
2931 1061 3173 1133 Πνεῦμα,
3209 1062 3311 1125 καὶ,
3334 1060 3391 1129 ἐξ
3426 1060 3591 1114 αὐτοῦ
3617 1060 3709 1114 καὶ
3739 1062 3797 1113 tv
3822 1060 3977 1129 αὐτῷ

2403 1174 2421 1207 ι
2462 1154 2704 1222 φυσικῶς
2733 1153 3002 1224 ὑπάρχον.
3044 1170 3064 1205 ι

2994 1245 3383 1314 Ἀντίρῤησις.

2468 1330 2588 1387 Ὀτι
2622 1332 2772 1403 μὶνὸ
2809 1332 2977 1396 πολὺς
3004 1333 3072 1386 τὰ
3118 1334 3239 1388 θεῖα
3300 1332 3569 1403 Κύριλλος
3594 1333 3656 1387 tv
3707 1338 3772 1407 τῇ
3816 1350 3980 1406 περι-

2396 1426 2537 1495 κοπῇ
2561 1422 2734 1494 ταύτῃ
2764 1423 2826 1475 τὸ
2857 1441 2877 1475 ι
2920 1426 2984 1477 ὲκ
3009 1421 3145 1476 Θεοῦ
3193 1423 3287 1476 ἐπὶ
3313 1422 3409 1476 τοῦ
3457 1424 3668 1492 Πατρδς
3694 1426 3981 1494 ἔκλαμσά-
4060 1440 4063 1441 ⁷

2396 1532 2569 1579 νεται,
2612 1515 2997 1585 ἑπιστημόνως
3049 1514 3364 1586 ἐπέστησας
3384 1531 3399 1545 ·
3454 1516 3537 1570 ὅτι
3567 1516 3623 1570 δὲ
3652 1516 3720 1569 δι⁹
3750 1516 3981 1570 ἐκείνων

2395 1606 2505 1660 τῶν
2530 1606 2747 1672 λέξεων,
2781 1607 2845 1659 tx
2871 1604 3006 1659 Θεοῦ
3038 1601 3181 1659 εῖναι
3212 1606 3273 1659 τὸ
3304 1605 3531 1677 Πνεῦμα
3561 1606 3795 1661 ἐνταῦθα
3845 1608 3980 1678 ἐδή-

2397 1698 2558 1761 λωσε,
2593 1697 2662 1750 δι’
2690 1691 2766 1750 ὧν
2796 1698 2855 1748 tv
2884 1696 3065 1761 ἄλλοις
3120 1696 3392 1768 δεδήλωκε
3445 1699 3527 1764 τὸ,
3578 1701 3638 1764 ἐξ
3669 1700 3802 1753 Υίοῦ
3836 1696 3983 1754 εῖναι

2397 1787 2549 1853 αὐτὸ,
2581 1787 2643 1840 οὗ
2691 1788 3040 1858 προσέσχεςδ
3063 1787 3186 1840 οὐδὲ
3234 1788 3562 1866 ἐπέστησας.
3595 1789 3661 1842 Ὀ
3690 1790 3799 1860 γὰρ
3824 1790 3985 1857 ἅγιος

714 1889 898 1942 .neque
929 1873 1384 1930 animadvertisti.
1412 1876 1651 1933 Sanctus
1687 1880 1830 1932 enim
1872 1880 1925 1933 in
1964 1880 2064 1934 bac
2090 1896 2155 1935 ex
2191 1880 2301 1935 Deo
2335 1893 2376 1945 Β

2335 1893 2376 1945 Β
2401 1874 2640 1931 ἐνταῦθα
2668 1877 2735 1930 tu
2767 1875 2904 1929 Θεοῦ
2937 1876 3124 1948 προϊὸν
3145 1877 3493 1947 δογματίζων
3520 1880 3581 1930 τὸ
3607 1877 3849 1948 Πνεῦμα,
3882 1878 3982 1931 καὶ

727 1956 977 2031 progredi
1016 1961 1279 2031 Spiritum
1313 1964 1633 2030 decernens,
1659 1974 1709 2021 et
1740 1983 1805 2020 ex
1840 1982 1927 2034 eo,
1954 1978 2009 2021 et
2029 1968 2083 2021 in
2108 1983 2173 2022 eo
2199 1984 2296 2022 na-

728 2051 979 2107 turaliter
1006 2069 1146 2117 esse,
1179 2054 1313 2109 locis
1350 2056 1402 2108 in
1439 2055 1562 2110 aliis
1606 2071 1672 2109 ex
1704 2055 1841 2110 Filio
1876 2059 2129 2127 progredi
2157 2066 2207 2112 et
2225 2074 2289 2112 ex

727 2147 845 2213 ipso
880 2154 933 2199 et
965 2145 1017 2198 in
1052 2145 1173 2213 ipso
1216 2147 1542 2202 naturaliter
1580 2163 1702 2203 esse
1742 2148 1994 2211 allirmat,
2025 2164 2133 2203 non
2165 2150 2300 2206 alias

2403 1968 2463 2032 ἐξ
2515 1966 2680 2021 αὐτοῦ
2718 1968 2813 2022 καὶ
2862 1969 2922 2021 tv
2968 1968 3118 2038 αὐτῷ
3175 1968 3421 2039 φυσικῶς
3469 1969 3736 2039 ὑπάρχον,
3788 1968 3985 2036 προϊὸν

2405 2057 2539 2111 αὐτὸ
2564 2058 2880 2125 δογματίζει
2905 2060 2962 2113 tv
2991 2058 3172 2122 ἄλλοις
3194 2060 3258 2113 ὲκ
3288 2058 3383 2112 τοῦ
3420 2059 3567 2124 Υἰοῦ,
3599 2061 3697 2113 καὶ
3725 2059 3783 2125 ἑξ
3810 2057 3981 2112 αὐτοῦ

2409 2148 2502 2200 καὶ
2535 2147 2591 2198 tv
2620 2146 2772 2217 αύτῷ
2798 2148 3045 2215 φυσικῶς
3069 2147 3336 2219 ὑπάρχον.
3368 2147 3485 2201 Οὔκ
3510 2148 3697 2211 ἄλλαις
3724 2148 3871 2216 ,γοῦν
3898 2149 3987 2208 είς

723 2237 1011 2303 dictiones,
1039 2253 1159 2292 eum
1193 2238 1259 2291 de
1295 2239 1401 2291 Deo
1431 2254 1611 2294 sermo
1676 2238 1757 2303 ﬁt,
1801 2250 1853 2292 et
1896 2240 2050 2306 alias,
2080 2255 2202 2294 cum
2233 2242 2302 2296 de

2405 2237 2467 2291 τὸ
2501 2241 2564 2291 ἐκ
2610 2236 2746 2291 Θεοῦ
2776 2236 3064 2308 χρώμενος
3115 2237 3317 2303 λέξεσι,
3370 2240 3466 2291 καὶ
3498 2238 3687 2302 ἄλλαις
3718 2240 3797 2301 είς
3824 2239 3886 2291 τὸ
3923 2240 3986 2299 ἐξ

728 2327 884 2389 Filio,
911 2344 1197 2395 usurpans.
1224 2330 1417 2381 Annon
1454 2330 1741 2383 manifeste
1766 2328 2003 2385 inculcat
2033 2346 2197 2385 unam
2233 2340 2291 2386 et

2372 2334 2376 2338 ’
2409 2325 2565 2391 Υῑοῦ,
2584 2326 2701 2390 πῶς
2725 2327 2787 2380 οὐ
2803 2328 3085 2398 προδήλως
3107 2328 3235 2399 μίαν
3258 2328 3352 2382 καὶ
3384 2329 3483 2399 τήν
3499 2328 3667 2399 αὐτὴν
3696 2329 3792 2381 τοῦ
3814 2327 3990 2382 Ilvati-

724 2419 969 2474 eamdem
988 2419 1220 2489 Spiritus
1241 2421 1615 2475 exsistentiam
1638 2434 1759 2477 esse
1775 2438 1838 2477 ex
1864 2422 2023 2478 Patre
2049 2432 2102 2478 et
2126 2421 2302 2478 Filio?

2201 2421 2302 2478 lio?
2410 2437 2580 2493 ματος
2611 2420 2937 2492 παρίστησιν
2969 2420 3202 2491 ὕπαρξιν
3228 2424 3292 2475 ὲκ
3323 2423 3533 2493 Πατρδς
3565 2422 3662 2476 καὶ
3689 2420 3823 2476 Υίοῦ
3850 2438 3863 2485 ς

1349 2514 1433 2569 Ex
1466 2515 1673 2572 iisdem.

798 2605 882 2658 LX
896 2604 1078 2681 XXIII.
1094 2603 1195 2661 «Ex
1220 2606 1328 2662 Deo
1349 2607 1609 2677 Spiritum
1633 2618 1884 2665 sanctum
1902 2626 2020 2667 esse
2037 2611 2294 2680 dicimus,

732 2716 750 2749 ι
789 2714 842 2755 et
870 2701 943 2753 ita
994 2703 1285 2756 Credimus.
1321 2699 1518 2755 Verum
1556 2702 1647 2771 qui
1702 2702 1767 2757 ad
1806 2704 2292 2774 blaspliemanelum

734 2810 750 2841 ι
789 2790 1162 2844 tantummodo
1211 2807 1446 2846 maxime
1506 2795 1756 2862 propensi
1793 2805 1941 2856 sunt.
1989 2806 2043 2850 et
2074 2799 2285 2867 reliqua

733 2902 748 2931 ι
785 2883 965 2934 omnia
998 2899 1061 2936 ex
1100 2881 1206 2936 Deo
1241 2884 1501 2951 producta
1539 2900 1660 2940 esse
1704 2897 1981 2953 asserunt,
2014 2890 2287 2945 scribente

730 2992 747 3022 ι
788 2971 952 3027 Paulo
982 2991 997 3027 :
1030 2992 1047 3024 ι
1087 2974 1236 3029 Unus
1272 2975 1414 3038 Deus
1471 2976 1651 3043 Pater,
1696 2993 1762 3031 ex
1796 2995 1905 3049 quo
1937 2982 2120 3035 omnia
2150 2982 2219 3037 ".
2263 3001 2281 3034 ι

730 3083 748 3114 ι
795 3063 855 3118 Et
882 3065 961 3119 sic
991 3066 1311 3123 existimant
1354 3083 1413 3123 se
1460 3085 1619 3139 posse
1653 3070 1922 3139 refellere,
1956 3088 2022 3127 ex
2053 3075 2287 3129 essentia

2755 2514 2867 2569 Τοῦ
2906 2514 3097 2569 αὑτοῦ
3126 2515 3197 2569 ἐκ
3249 2515 3371 2569 τῶν
3402 2514 3625 2571 αὐτῶν.

2468 2605 2593 2662 Ill”.
2625 2626 2645 2659 ι
2697 2605 2793 2660 Ἐκ
2821 2606 2959 2660 Θεοῦ
2985 2606 3043 2661 τὸ
3072 2605 3297 2676 Πνεῦμα
3321 2607 3381 2659 τὸ
3413 2606 3573 2675 ἅγιον
3599 2602 3736 2660 εἷναί
3767 2622 3982 2675 φαμεν,

2398 2716 2417 2749 ι
2463 2697 2557 2752 καὶ
2589 2697 2732 2751 οὕτω
2764 2697 3116 2768 πιστεύομεν.
3165 2696 3309 2751 Ἀλλ’
3340 2698 3391 2749 οἱ
3414 2697 3548 2769 πρὸς
3584 2696 3745 2766 μόνον
3768 2696 3829 2748 τὸ
3854 2696 3985 2748 δυσ-

2399 2809 2418 2843 (
2460 2791 2664 2859 φημεῖν
2690 2788 3052 2859 ἑτοιμότατοι.
3079 2787 3173 2841 καὶ
3198 2786 3368 2842 τᾶλλα
3415 2788 3599 2840 πάντα
3625 2787 3687 2838 ἐκ
3716 2784 3856 2838 Θεοῦ
3888 2802 3986 2853 γε·

2396 2899 2417 2933 ι
2461 2881 2646 2936 νέσθαι
2676 2883 2830 2950 φασὶ,
2858 2882 2951 2935 τοῦ
2983 2881 3199 2935 Παύλου
3227 2882 3532 2953 γράφοντος
3560 2892 3577 2910 θ
3614 2901 3628 2930 ε
3672 2873 3763 2944 Εἷς
3792 2879 3927 2943 Θεὸς
3955 2882 3989 2933 δ

2399 2989 2420 3025 ι
2463 2974 2676 3042 Πατὴρ,
2701 2975 2760 3039 ἐξ
2786 2967 2846 3027 οῦ
2871 2975 2939 3029 τὰ
2961 2975 3161 3030 πάντα.
3184 2992 3204 3026 ι
3239 2970 3375 3027 Εἶτα
3397 2974 3681 3043 νομίζουσι
3710 2973 3980 3026 δύνασθαι

2404 3082 2423 3117 ι
2467 3065 2798 3135 ἀνατρέπειν
2825 3065 2885 3118 τὸ
2913 3066 2979 3118 ἐκ
3007 3066 3106 3135 τῆς
3133 3065 3324 3129 οὐσίας
3354 3059 3497 3120 εἷναι
3538 3064 3633 3118 τοῦ
3666 3066 3881 3136 [ἰατρὸς
3917 3067 3982 3119 τὸ

728 3175 747 3204 ι
793 3152 967 3210 Patris
1011 3155 1276 3225 Spiritum
1310 3175 1454 3223 esse,
1482 3162 1626 3230 quod
1658 3172 1712 3216 et
1751 3162 1819 3216 de
1849 3166 2118 3219 creaturis
2146 3166 2296 3223 dica-
2323 3171 2365 3228 C

2323 3171 2365 3228 ο
2402 3174 2422 3207 ι
2471 3154 2716 3233 Πνεῦμα,
2740 3156 2828 3211 διὰ
2854 3157 2912 3210 τὸ
2933 3157 3196 3228 φέρεσθαι
3224 3157 3318 3210 καὶ
3347 3156 3490 3212 κατὰ
3509 3155 3619 3210 τῶν
3651 3159 3982 3228 ποιημάτων

730 3267 748 3298 ι
789 3257 877 3302 tur
903 3247 1029 3302 illud
1066 3265 1132 3303 ex
1184 3265 1318 3319 quo.
1348 3254 1490 3320 quod
1536 3254 1603 3307 de
1651 3253 1857 3323 Spiritu
1889 3266 2181 3324 assertum,
2227 3274 2292 3313 ex

731 3361 749 3392 ι
787 3342 1023 3395 essentia
1060 3341 1210 3396 illum
1257 3345 1574 3399 naturaliter
1617 3348 1878 3402 exsistere
1929 3349 2290 3405 demonstrat.

735 3454 751 3484 ι
789 3434 997 3499 Quibus
1022 3433 1086 3488 fa.
1110 3435 1529 3518 ile'responderi
1576 3439 1792 3507 poterit,
1839 3440 2003 3495 etiam
2040 3457 2187 3508 tum.
2226 3442 2297 3498 de

731 3544 749 3575 ι
793 3524 929 3578 Filio
978 3540 1159 3579 sermo
1202 3525 1455 3589 habetur,
1503 3529 1721 3598 proprie
1756 3528 1876 3584 Filii
1926 3546 2123 3586 nomen
2164 3532 2293 3600 dici,

734 3637 750 3668 ι
794 3618 940 3687 quod
981 3618 1049 3672 de
1088 3618 1402 3685 hominibus
1447 3618 1675 3675 abusive
1709 3630 1887 3677 tamen
1918 3621 2238 3679 enuntiatur
2275 3644 2291 3680 :

736 3729 753 3760 ι
793 3726 898 3765 non
949 3710 1096 3765 enim
1132 3713 1278 3781 quol
1325 3727 1421 3781 per
1451 3712 1810 3783 additionem,
1843 3723 1897 3769 et
1928 3731 2022 3784 per
2051 3717 2281 3785 gratiam

735 3821 751 3851 ι
792 3801 1119 3869 applicatur,
1169 3801 1449 3856 subvertet
1498 3817 1625 3857 eum
1670 3803 1761 3873 qui
1814 3803 1943 3859 illud
1976 3807 2297 3861 naturaliter

733 3912 750 3941 ι
794 3891 1053 3959 possidet.
1088 3889 1211 3946 Pari
1245 3890 1406 3949 modo
1438 3893 1568 3949 illud
1604 3910 1669 3949 ex
1705 3894 1834 3962 alio,
1876 3912 2001 3953 cum
2035 3899 2102 3953 de
2141 3914 2296 3954 crea-

733 4006 750 4038 ι
791 3987 930 4042 turis
979 3987 1331 4056 praedicatur,
1358 4002 1466 4041 non
1498 3996 1576 4042 att
1595 3990 1747 4043 rahet
1782 3988 1847 4044 ad
1880 3991 2155 4060 prapriam
2198 3992 2298 4045 bn-

735 4099 753 4130 ι
795 4080 1073 4135 militatem
1126 4091 1179 4136 et
1216 4082 1860 4148 consubstantialitatem,
1903 4085 2296 4140 sublimitatem

733 4190 749 4221 ι
791 4185 856 4225 ac
884 4172 1141 4225 deitatem
1170 4172 1411 4241 Spiritus
1440 4192 1452 4226 :
1486 4176 1580 4229 sed
1601 4174 1841 4251 manebit
1872 4175 2094 4244 quidem
2120 4178 2174 4230 in
2204 4176 2298 4231 illo

736 4280 752 4313 ι
790 4263 1005 4333 proprie
1032 4261 1163 4317 illud
1193 4279 1258 4318 ex
1287 4264 1417 4327 alio,
1457 4258 1700 4335 quod'ex
1726 4267 1962 4321 essentia
1990 4264 2170 4324 Patris
2193 4281 2297 4331 est.

732 4374 751 4405 ι
788 4354 1163 4425 progredietur
1188 4371 1317 4411 vero
1342 4356 1395 4410 in
1428 4356 1701 4426 illa.quod
1728 4374 1791 4411 ex
1826 4358 1956 4422 Deo,
1991 4376 2113 4429 quae
2139 4370 2297 4416 antra

735 4465 753 4497 ι
791 4461 897 4499 non
934 4455 1109 4513 erant,
1166 4455 1225 4501 ut
1277 4448 1388 4503 sint
1437 4449 1699 4518 producta
1746 4460 1895 4513 sunt,
1953 4467 2046 4520 per
2102 4447 2296 4507 Filium

736 4555 756 4589 ι
791 4537 1014 4593 scilicet.
1054 4556 1074 4590 ι
1484 4542 1487 4543 ⁷

1213 4645 1229 4661 ’
1303 4630 1724 4685 Αιιὶηιαάι·εηίο.

808 4738 826 4770 ι
869 4719 1078 4775 llabeto
1133 4720 1228 4775 tibi
1277 4730 1437 4776 antea
1495 4722 1715 4792 digesta:
1768 4722 2046 4793 pericopes
2088 4740 2152 4778 ex
2201 4723 2305 4779 liae

736 4832 753 4865 ι
790 4814 1232 4869 declarationem.
1278 4809 1520 4868 Obscure
1549 4814 1693 4868 enim
1726 4816 1777 4867 in
1810 4815 1896 4868 illa
1934 4816 2295 4880 insinuatum,

732 4924 751 4957 ι
789 4919 855 4959 ex
890 4904 1002 4958 Deo
1050 4902 1310 4973 Spiritum
1361 4902 1631 4972 progredi.
1685 4915 1739 4957 et
1790 4920 1853 4958 ex
1914 4919 1979 4958 eo
2036 4915 2089 4958 et
2131 4906 2182 4959 in
2236 4922 2301 4959 eo

2401 3265 2421 3299 ι
2460 3246 2540 3312 τὸ,
2572 3246 2631 3310 ἐξ
2658 3238 2741 3313 οὗ,
2798 3248 2935 3317 ὅπερ
2966 3247 3058 3300 ἐπὶ
3097 3246 3190 3300 τοῦ
3230 3246 3555 3318 Πνεύματος
3610 3248 3888 3317 κείμενον,
3918 3253 3988 3303 ἐκ

2401 3356 2419 3389 ι
2463 3338 2561 3409 τῆς
2604 3337 2794 3401 οὐσίας
2856 3338 2989 3391 αὐτὸ
3032 3337 3284 3407 φυσικῶς
3328 3337 3572 3408 ὑπάρχον
3616 3338 3991 3393 ἀποδεικνύει.

2402 3449 2422 3483 ι
2477 3429 2615 3483 Ἀλλ’
2641 3429 2754 3483 ἔστι
2783 3429 2921 3501 πρὸς
2943 3429 3103 3481 τοῦτο
3125 3429 3308 3496 λέγειν
3359 3429 3441 3481 ὅτι
3467 3430 3561 3483 καὶ
3588 3430 3674 3498 ἐφ’
3707 3430 3837 3482 Υίοῦ
3881 3448 3990 3483 κυ-

2408 3540 2427 3574 ι
2472 3520 2605 3591 ρίως
2638 3520 2738 3590 μὲν
2768 3523 2948 3575 κεῖται
2995 3521 3056 3574 τὸ
3086 3521 3212 3583 Υίὸς
3247 3522 3440 3592 ὄνομα,
3474 3524 3650 3575 κεῖται
3682 3520 3736 3573 δὲ
3773 3524 3867 3575 καὶ
3895 3522 3991 3575 ἐπ’

2405 3631 2423 3664 ι
2466 3612 2772 3683 ἀνθρώπων
2797 3612 3279 3684 καταχρηστικῶς,
3318 3614 3412 3666 καὶ
3439 3614 3501 3666 οὐ
3538 3613 3714 3683 δήπου
3745 3612 3806 3665 τὸ
3834 3613 3993 3667 θέσει

2406 3722 2424 3755 ι
2467 3705 2575 3757 τινὶ
2608 3702 2706 3757 καὶ
2753 3703 2895 3757 κατὰ
2930 3704 3090 3775 χάριν
3120 3703 3521 3774 προσκείμενον
3565 3702 3863 3774 ἀνατρέψει
3893 3706 3997 3756 τὸν

2407 3814 2425 3847 ι
2471 3794 2666 3864 ἔχοντα
2692 3794 2960 3862 φυσικῶς.
2991 3793 3149 3848 Οὕτω
3184 3797 3281 3847 καὶ
3309 3794 3370 3847 τὸ
3399 3793 3459 3857 ὲξ
3505 3787 3566 3847 οὗ
3599 3794 3710 3847 τῶν
3737 3796 3990 3864 ποιημά-

2408 3906 2426 3940 ι
2471 3904 2579 3940 των
2604 3886 3080 3957 κατηγορούμενον
3129 3886 3192 3939 οὐ
3221 3885 3467 3938 κατοίσει
3496 3883 3633 3954 πρὸς
3656 3884 3754 3953 τὴν
3777 3884 3996 3938 οἰκείαν

2404 3998 2423 4031 ι
2465 3978 2799 4032 ταπείνωσίν
2822 3995 2882 4031 τε
2908 3978 3003 4032 καὶ
3034 3977 3433 4047 ὀμοουσιότητα
3459 3975 3521 4030 τὸ
3543 3975 3639 4029 τοῦ
3666 3974 3999 4047 [ινεύματος

2404 4088 2423 4123 ι
2464 4070 2665 4141 ὑψηλόν
2707 4087 2767 4123 τι
2798 4071 2893 4124 καὶ
2921 4069 3138 4125 θεϊκόν·
3166 4068 3303 4123 ἀλλὰ
3335 4070 3487 4139 μενεῖ
3520 4067 3621 4139 μὲν
3669 4067 3820 4137 αὐτῷ
3881 4083 3991 4120 κυ-

2404 4181 2422 4213 ι
2473 4163 2603 4232 ρέως
2627 4161 2688 4215 τδ
2715 4162 2775 4227 ἐξ
2802 4156 2887 4228 οῦ,
2919 4162 3007 4216 διὰ
3035 4161 3098 4215 τὺ
3126 4162 3191 4214 ὲκ
3216 4160 3317 4231 τῆς
3348 4162 3532 4223 οὐσίας
3565 4156 3711 4214 εἶναι
3735 4158 3829 4212 τοῦ
3873 4161 3996 4212 ηα-

2406 4271 2424 4305 ι
2470 4255 2617 4322 τρὸς,
2644 4255 2888 4325 χωρήσει
2919 4254 2976 4308 δὲ
3029 4253 3125 4306 καὶ
3170 4253 3257 4305 ἐπ’
3296 4253 3498 4314 ἐκεῖνα,
3535 4251 3626 4304 διὰ
3654 4252 3715 4302 τὸ
3753 4253 3817 4305 ὲκ
3848 4249 3995 4302 Θεοῦ

2411 4362 2430 4396 ι
2474 4346 2608 4416 πρὸς
2659 4346 2718 4399 τὸ
2763 4342 2904 4400 εἶναι
2960 4346 3028 4401 τὰ
3058 4346 3160 4399 οὐκ
3193 4346 3320 4398 ὄντα
3353 4345 3607 4416 δραμεῖν,
3642 4342 3708 4397 δι’
3738 4342 3865 4395 me
3893 4343 3999 4411 δη-

2406 4454 2427 4487 ε
2468 4437 2623 4506 λαδή.
2669 4458 2687 4488 ι

3008 4622 3391 4677 Ἐ.τιστασία.

2484 4732 2501 4765 ι
2546 4713 2711 4783 Δέχου
2743 4713 2843 4783 τὴν
2894 4714 2994 4783 τῆς
3053 4712 3433 4783 προλαόούσης
3464 4710 3775 4781 περικοπῆς
3810 4712 3997 4780 “Pi?

2410 4824 2428 4856 ι
2471 4822 2617 4857 νειαν
2643 4806 2754 4858 ἀπὸ
2780 4804 3005 4876 ταύτης.
3038 4807 3104 4858 Ὃ
3127 4804 3234 4873 γὰρ
3262 4802 3485 4872 ἀσαφῶς
3506 4803 3690 4872 εκείνη
3717 4802 3987 4866 ἐδίδαξεν,

2409 4916 2427 4948 ι
2474 4898 2537 4951 ὲκ
2566 4896 2702 4950 Θεοῦ
2735 4898 2922 4966 προϊὸν
2952 4898 3012 4949 τὺ
3064 4898 3286 4966 Πνεῦμα
3320 4895 3576 4963 λέγουσα.
3609 4894 3706 4947 καὶ
3738 4895 3798 4961 ἐξ
3826 4894 4002 4948 αὑτοῦ

733 5016 751 5048 ι
790 5012 955 5061 esse,
1010 4996 1113 5050 ista
1177 4994 1499 5059 declarans,
1552 5008 1619 5050 ex
1661 4997 1895 5051 essentia
1956 4995 2133 5053 Patris
2180 5012 2303 5053 esse

2412 5005 2433 5039 ι
2476 4989 2569 5041 καὶ
2601 4990 2659 5040 ἐν
2710 4988 2858 5058 αὑτῷ
2916 4988 3183 5058 ὑπάρχον,
3218 4987 3379 5040 τοῦτο
3421 4987 3798 5057 σαφηνίζουσα
3826 4985 3997 5056 αῦτη,

734 5108 752 5140 ι
789 5090 972 5144 docet.
1015 5106 1033 5139 ι

1378 5180 1669 5249 Ηείυιιτιὶο.

804 5274 861 5325 Si
895 5272 1219 5341 exquisitam
1272 5288 1432 5342 supra
1469 5273 1694 5341 digestae.
1725 5272 2006 5342 pericopes
2043 5270 2295 5325 declara-

731 5365 931 5418 tionem
978 5364 1177 5418 babere
1240 5365 1336 5418 tibi
1371 5365 1423 5418 in
1487 5365 1671 5417 animo
1710 5373 1813 5427 est,
1851 5363 2124 5417 attendito
2170 5377 2300 5416 san-

733 5463 907 5516 ctum,
944 5468 1066 5506 cum
1117 5469 1308 5507 rursus
1350 5469 1411 5507 ex
1446 5451 1605 5507 Patre
1637 5453 1875 5521 Spiritus
1916 5453 2294 5507 exsistentiam

735 5545 820 5596 hic
851 5541 1185 5609 manifestat,
1226 5558 1292 5597 ex
1328 5544 1563 5599 essentia
1590 5542 1765 5597 Patris
1787 5559 1913 5598 eum
1939 5558 2060 5598 esse
2085 5544 2299 5609 docere,

732 5635 1035 5691 innumeris
1059 5651 1188 5690 vero
1216 5650 1381 5707 pi-Ope
1420 5636 1472 5692 in
1509 5636 1639 5693 locis
1680 5634 1904 5695 suorum
1954 5633 2301 5689 Coimnenta-

811 5812 857 5843 "‘
887 5810 899 5863 Ι
931 5811 1058 5867 Cor.
1093 5829 1212 5875 Vm.
1247 5812 1296 5867 4.

2414 5098 2431 5129 ι
2478 5082 2541 5131 ἐκ
2572 5080 2665 5148 τῆς
2699 5078 2885 5142 οὐσίας
2921 5074 3058 5131 εἶναι
3084 5076 3178 5131 τοῦ
3208 5077 3421 5147 Πατρὸς
3452 5077 3715 5130 διδάσκει.
3755 5095 3772 5127 ι

3018 5168 3407 5238 Ἀντιξρῤησιᾳ

2479 5264 2651 5333 Είπερ
2685 5258 2928 5330 ἀκριϐῶς
2985 5260 3165 5328 βούλει
3210 5259 3307 5329 τὴν
3346 5257 3447 5327 τῆς
3481 5255 3859 5326 προλαῦούσης
3894 5271 4001 5305 πε-

2410 5355 2644 5426 ρικοπῆς
2666 5354 2963 5423 σαφήνειαν
2984 5350 3261 5417 δέξασθαι,
3294 5349 3564 5419 πρόσσχες
3590 5349 3674 5401 ὅτι
3691 5347 3789 5415 τὴν
3811 5348 3870 5398 ὲκ
3898 5345 4002 5399 τοῦ

2412 5447 2623 5517 ῐιατρὸς
2675 5446 2769 5500 καὶ
2818 5445 2980 5498 πάλιν
3021 5442 3195 5513 δηλῶν
3230 5440 3459 5511 ὓπαρξιν
3510 5440 3604 5493 τοῦ
3672 5438 4001 5506 Πνεύματος

2413 5538 2645 5592 ἐνταῦθα
2696 5539 2722 5590 ι
2778 5539 2954 5603 ἅγιος,
2986 5538 3053 5587 ὲκ
3086 5535 3184 5602 τῆς
3218 5534 3404 5595 οὐσίας
3438 5529 3575 5583 εἶναι
3635 5529 3728 5582 τοῦ
3782 5528 4008 5597 Πατρὶις

2415 5630 2655 5685 διδάσκει
2690 5633 2821 5682 aut:
2880 5626 3167 5699 Μιριαχοῦ
3200 5625 3255 5678 δὲ
3291 5624 3396 5678 τῶν
3426 5623 3603 5678 ἂλλων
3633 5619 4006 5691 σύγγραμμά.
