4210 6440
805 341 908 404 515

1849 340 2059 405 IOAN.
2098 343 2309 404 VECCI
2350 342 2463 401 (ΣΡ.
2506 341 3014 401 ΡΑΊἪΙΛΗΟΠΑΞ

3934 347 4043 415 516

799 463 936 517 tum,
971 453 1020 504 in
1061 452 1222 506 aliam
1248 461 1411 522 atque
1458 454 1620 507 aliam
1665 460 1989 509 sententiam
2034 455 2366 526 detorquere
2395 470 2443 526 Α

2395 470 2443 526 Α
2472 453 2719 523 Πνεῦμα,
2754 455 2853 507 οὐκ
2886 456 3005 525 αἶδῇ
3036 456 3113 518 εἰς
3142 454 3308 527 ἄλλην
3365 458 3576 513 ἔννοιαν
3604 461 3759 515 τοῦτο
3805 469 4047 535 κρήη-

797 560 902 597 non
936 546 1212 599 verebaris
1240 562 1253 599 :
1287 547 1642 601 nihilominus
1677 548 1719 601 si
1748 548 1855 601 alio
1881 550 2044 603 modo
2080 565 2144 603 ex
2171 565 2364 605 essen-

796 636 866 687 tia
902 632 1099 697 Patris,
1138 637 1244 689 alio
1272 652 1333 689 cx
1362 638 1594 691 essentia
1630 636 1746 690 Filii
1774 654 1895 693 esse
1925 641 2211 694 contendis
2235 640 2359 709 Spi-

804 727 993 791 ritum,
1029 743 1091 779 ex
1120 729 1354 781 essentia
1391 729 1564 783 Patris
1594 746 1716 783 esse
1745 730 1954 797 dicens,
1988 744 2241 800 tanquam
2271 732 2361 801 qui

801 832 863 868 ex
896 819 1051 870 Patre
1070 819 1397 884 rxsistat,ex
1425 823 1655 875 essentia
1690 838 1816 876 vero
1842 822 1960 876 Filii
1992 832 2209 892 propter
2233 838 2364 877 con-

794 909 1332 973 substantialitatcm,
1362 910 1500 964 scito
1533 913 1583 964 in
1618 915 1864 968 eamdem
1909 915 2236 968 sententiam
2257 924 2363 968 tua

792 999 1151 1065 expositionis
1213 1002 1531 1055 varietatem
1597 1018 1947 1059 concurrere.
2010 1005 2166 1070 Quod
2213 1006 2357 1057 enim

792 1086 1007 1160 exsistit
1057 1102 1122 1142 ex
1186 1090 1424 1143 essentia
1488 1089 1692 1157 Patris,
1757 1101 1841 1145 est
1896 1094 2361 1147 eonsubstantiale

793 1173 943 1230 Patri
987 1185 1038 1230 et
1076 1179 1224 1246 quod
1265 1182 1535 1235 existitex
1582 1184 1817 1237 essentia
1850 1182 1973 1238 Filii
2006 1195 2088 1238 cst
2123 1186 2362 1238 consub-

796 1270 1052 1323 stantiale
1114 1268 1270 1324 Filio.
1325 1274 1477 1337 Quod
1510 1274 1553 1327 si
1586 1290 1692 1327 non
1752 1277 1823 1327 ita
1873 1283 1980 1339 est,
2021 1274 2159 1328 forte
2198 1278 2360 1329 etiant

795 1360 933 1412 inter
954 1362 1132 1414 Patris
1147 1372 1200 1415 et
1220 1362 1651 1419 Filiiessentiam
1675 1365 1964 1419 discrimen
1995 1366 2214 1434 aliquod
2243 1381 2363 1419 esse

793 1450 1247 1519 deprehendetur,
1281 1465 1333 1509 et
1369 1456 1625 1525 Spiritum
1655 1473 1683 1510 a
1715 1472 1773 1510 se
1807 1459 1921 1525 ipso
1947 1457 2182 1521 diﬂ'erre,
2220 1474 2362 1512 nunc

792 1544 1006 1609 quidem
1034 1560 1140 1599 uno
1162 1548 1319 1599 modo
1333 1563 1395 1598 ex
1416 1550 1649 1601 essentia
1672 1549 1841 1600 Patris
1862 1561 2199 1602 emanantem
2222 1565 2362 1603 nunc

793 1646 922 1686 vero
950 1633 1055 1687 alio
1086 1635 1245 1686 modo
1272 1651 1334 1687 ex
1363 1638 1596 1689 essentia
1625 1637 1766 1690 Filii.
1798 1639 1875 1691 Ad
1905 1639 2101 1691 similia
2126 1640 2361 1693 absurda

791 1736 963 1789 eaque
1008 1726 1253 1777 enormia
1310 1735 1505 1780 vestite
1545 1743 1723 1796 prava)
1748 1730 2118 1796 expositiones
2155 1731 2360 1784 condu-

793 1826 945 1869 ειιιιῑ.

1418 1906 1502 1959 Ea:
1530 1908 1740 1962 iisdem.

870 1991 1153 2049 LXXXVI.
1189 2016 1206 2047 ι
1232 1997 1366 2051 Cum
1402 2000 1581 2068 itaque
1598 2000 1688 2069 qni
1722 1998 1982 2069 Spiritum
2002 2010 2246 2056 sanctum
2278 2017 2367 2057 ac-

804 2103 821 2135 ι
866 2095 1142 2154 cvperunt.
1171 2097 1427 2158 tanquam
1467 2091 1632 2143 Deum
1668 2092 1720 2145 in
1749 2094 2054 2162 semetipsis
2081 2095 2361 2160 habentes,

800 2190 816 2221 ι
853 2174 1255 2237 vaticinantnr,
1300 2178 1529 2247 ideoque
1577 2180 1633 2231 in
1673 2180 1953 2233 hominum
2006 2183 2363 2239 admiratione

800 2280 816 2311 ι
854 2273 1003 2323 sunt,
1057 2267 1332 2333 quomodo
1361 2268 1465 2320 erit
1499 2278 1775 2335 creatura,
1819 2279 1873 2323 et
1920 2288 2025 2325 non
2062 2274 2243 2341 potius
2271 2290 2363 2328 su-

801 2372 819 2403 i
858 2354 1197 2410 blirnissima':
1233 2359 1481 2412 essentia:
1515 2363 1818 2430 assumptio
1850 2361 2162 2426 habitualis,
2198 2372 2358 2418 natu-

800 2462 818 2492 ι
861 2444 1043 2497 raliter
1078 2449 1449 2514 pertransiens
1481 2465 1547 2503 ex
1592 2449 1768 2505 Patre
1797 2469 1893 2521 per
1933 2453 2127 2509 Filium
2159 2455 2214 2509 in
2242 2471 2358 2522 eos,

800 2552 819 2586 ι
856 2521 948 2604 qui
981 2538 1089 2606 apti
1127 2549 1256 2593 sunt
1285 2539 1436 2593 illum
1467 2542 1762 2610 excipere?
1798 2563 1816 2595 ι

1370 2632 1792 2691 Aniinadvcrsi‘o.

875 2736 894 2769 ι
930 2717 1007 2772 Ne
1050 2719 1156 2774 hoc
1200 2723 1445 2791 apertius
1495 2725 1640 2778 aliud
1682 2726 1933 2795 qumrito,
1971 2727 2101 2783 satis
2132 2730 2276 2783 enim
2309 2740 2362 2785 et

803 2828 819 2858 ι
862 2811 1057 2863 inii-uni
1122 2814 1173 2864 in
1234 2814 1456 2867 modum
1509 2816 1597 2871 hic
1645 2832 1902 2887 nzagnum
1963 2821 2105 2875 hunc
2141 2823 2360 2890 pietatis

801 2918 816 2947 ι
862 2902 1172 2968 Magistrum
1225 2903 1640 2971 praepositiones
1688 2907 2044 2963 dividentem.
2102 2920 2156 2963 et
2213 2910 2358 2965 Patri

801 3010 817 3039 ι
858 3008 939 3056 cx,
974 2991 1109 3045 Filio
1138 3008 1264 3047 vero
1288 3009 1400 3062 per,
1430 2994 1816 3051 attribuentem
1847 2998 2109 3055 oﬂ'endes.
2165 3020 2183 3052 ι

1414 3201 1707 3270 Refutatio.

863 3288 1035 3354 Quam
1059 3289 1251 3344 beatus
1288 3306 1459 3355 esses,
1496 3294 1568 3346 mi
1609 3295 1795 3359 homo,
1828 3293 1874 3349 si
1902 3311 2007 3349 non
2037 3299 2166 3351 tanti
2197 3306 2368 3366 iacta-

797 3394 880 3429 res
927 3380 1367 3447 praepositionum
1424 3382 1744 3447 divisiones,
1795 3400 1860 3439 ex
1906 3388 2107 3455 quibus
2153 3390 2362 3441 nullum

794 3470 1004 3533 pondus
1059 3469 1267 3520 veritati
1314 3470 1546 3533 accedit,
1612 3473 1706 3525 sed
1751 3475 2077 3528 sententiam
2126 3478 2366 3531 studiose

791 3554 1167 3625 investigares,
1188 3572 1307 3625 quae
1336 3558 1389 3611 in
1419 3560 1690 3631 pericopis
1727 3563 1931 3632 scripto
1958 3566 2173 3620 traditis
2198 3566 2362 3622 insita

796 3656 905 3700 est.
975 3650 1039 3701 Et
1082 3650 1367 3714 attendito,
1430 3666 1535 3719 qua
1584 3653 1795 3709 ratione
1841 3656 1929 3709 hic
1960 3667 2204 3720 sanctus,
2240 3675 2362 3711 eun:

794 3736 961 3789 Deum
1008 3739 1243 3792 dixisset
1291 3738 1562 3807 Spiritqu
1599 3743 1948 3798 babitualiter
1984 3747 2036 3799 iii
2072 3748 2357 3816 prophetis

795 3830 1175 3895 procedentem
1231 3834 1602 3898 acceptionem
1648 3832 1797 3888 illum
1851 3839 2176 3901 nominaVit,
2209 3859 2225 3890 ι
2266 3842 2364 3892 lia-

793 3917 1049 3971 biiualeiu
1079 3919 1481 3972 subliinissimze
1501 3925 1753 3977 essentia:
1783 3928 2102 3981 naturaliter
2121 3941 2366 3996 pertran-

792 4010 1003 4061 Settttlis
1053 4023 1082 4061 a
1138 4008 1292 4062 Patre
1347 4027 1437 4079 per
1481 4012 1678 4066 Filium
1723 4015 1779 4068 in
1811 4031 1926 4082 eos,
1970 4019 2061 4087 qui
2087 4020 2198 4087 apti
2237 4030 2366 4074 sunt

794 4100 942 4150 illum
981 4100 1236 4167 recipere.
1273 4119 1290 4151 ι
1328 4100 1464 4153 Cum
1503 4104 1667 4172 igitur
1715 4105 1953 4174 Spiritus
1984 4123 2208 4165 sanctus
2241 4126 2364 4180 par-

795 4190 1043 4259 ticipatio
1062 4202 1145 4245 est
1165 4194 1455 4249 liabitualis
1481 4197 2147 4268 sublimissimaezomnium
2171 4218 2361 4258 essen-

794 4282 881 4334 tite
911 4297 940 4333 a
974 4279 1129 4335 Patre
1149 4298 1243 4350 per
1261 4282 1458 4337 Filium
1490 4286 1553 4339 ad
1582 4288 1773 4355 dignos
1805 4293 2194 4358 pertransiens,
2229 4308 2365 4364 quo-

796 4374 957 4425 modo
988 4389 1094 4425 non
1126 4376 1432 4428 ostenditur
1467 4376 1557 4430 hic
1602 4379 2051 4437 manifestissime
2083 4384 2366 4439 sublimis.

3953 508 4017 536 ἐἰ

2464 546 2747 614 γοὺμενος,
2775 547 2947 614 ὅμως,
2971 548 3019 598 εί
3052 547 3144 600 καὶ
3175 548 3344 610 ἄλλως
3383 550 3483 618 μὲν
3520 551 3584 604 ἐκ
3613 554 3710 621 τῆς
3738 553 3922 616 οὐσίας
3949 559 4044 612 τοῦ

2467 633 2699 703 Πατρδς,
2725 634 2898 697 ἄλλως
2930 635 2984 688 δὲ
3016 637 3079 688 ὲκ
3112 636 3212 705 τῆς
3241 637 3427 702 οὐσίας
3458 639 3551 693 τοῦ
3605 641 3733 695 Υίοῦ
3777 639 3919 697 εἶναι
3951 646 4041 698 λέ-

2463 741 2586 791 γεις
2615 725 2675 776 10
2706 725 2950 792 Πνεῦμα,
2971 728 3034 778 ἐκ
3060 727 3158 795 μὲν
3182 729 3283 797 τῆς
3315 727 3504 794 οὐσίας
3528 730 3621 785 τοῦ
3656 735 3868 805 Πατρὺς
3895 733 4044 791 εἶναι

2462 815 2633 883 λέγων
2662 817 2793 868 αὐτὸ
2823 817 2898 881 ὡς
2922 819 3167 889 ὑπάρχον
3196 821 3259 874 ὲκ
3284 822 3377 876 τοῦ
3406 824 3640 897 Πατρδς,
3662 828 3726 879 ἐκ
3751 828 3806 881 δὲ
3833 829 3931 899 τῆς
3955 831 4046 882 οὐ-

2464 909 2579 969 σἀς
2609 907 2703 959 τοῦ
2729 909 2855 962 Υἱοῦ
2878 910 2963 963 διὰ
2988 912 3084 979 τὴν
3119 913 3535 984 ὀμοουσιότητα,
3556 917 3669 970 ἀλλ’
3693 919 3801 971 ῐσθι
3835 920 3910 982 ὡς
3957 921 4042 982 είς

2442 998 2558 1065 ’τὴν
2573 998 2738 1067 αὐτὴν
2755 998 2962 1052 ἔννοιαν
2978 1001 3264 1069 συντρέχον
3286 1005 3396 1058 ἐστὶ
3416 1005 3475 1057 τδ
3489 1007 3585 1075 τῆς
3608 1008 3703 1077 σῆς
3721 1009 4043 1078 ἐξηγήσεως

2458 1088 2731 1158 διάφορον.
2752 1090 2877 1141 Ὀτι
2899 1092 3007 1161 γὰρ
3028 1092 3259 1162 ὑπάρχει
3282 1094 3347 1147 ὲκ
3368 1098 3463 1165 τῆς
3482 1096 3664 1160 οὐσίας
3689 1098 3781 1153 τοῦ
3801 1101 4042 1171 Πατρδς,

2460 1179 2607 1231 ἐστὶν
2662 1179 2948 1250 ὁμοοιῖσιον
2975 1182 3054 1254 τῷ
3090 1183 3283 1252 Πατρὶ,
3313 1186 3407 1238 καὶ
3439 1188 3521 1240 ὅτι
3570 1189 3805 1260 ὑπάρχει
3836 1194 3900 1245 ἐκ
3940 1195 4045 1261 τῆς

2465 1271 2652 1335 οὐσίας
2678 1272 2774 1325 τοῦ
2808 1272 2965 1336 Υίοῦ,
2994 1273 3142 1326 ἐστὶν
3186 1276 3471 1344 ὁμοούσιον
3502 1278 3578 1348 τῷ
3608 1280 3743 1352 Υίῴ.
3767 1282 3826 1333 Et
3846 1282 3901 1335 δὲ
3938 1286 4041 1353 μὴ,

2457 1363 2578 1429 τάχ’
2606 1361 2671 1415 ἂν
2712 1362 2872 1433 μέσον
2899 1366 2997 1432 τῆς
3030 1366 3122 1416 τοῦ
3146 1366 3360 1435 Πατρὸς
3395 1369 3488 1422 καὶ
3525 1370 3654 1422 Υἰοῦ
3690 1372 3878 1434 οὐσίας
3926 1374 4048 1425 δια-

2462 1453 2603 1520 φορά
2629 1471 2710 1516 τις
2747 1451 2884 1507 εἶναι
2944 1455 3310 1524 ὑποληφθείη,
3338 1459 3429 1509 καὶ
3460 1459 3519 1511 τὸ
3552 1460 3773 1532 Πνεῦμα
3833 1462 4039 1517 ἑαυτοῦ

2458 1545 2754 1614 διαφέρειν,
2774 1547 2867 1599 νῦν
2904 1548 3002 1617 μὲν
3037 1548 3211 1610 ἄλλως
3242 1550 3305 1600 ἐκ
3345 1550 3443 1618 τῆς
3484 1552 3669 1613 οὐσίας
3702 1555 3793 1607 τοῦ
3824 1555 4046 1625 Πατρδς

2460 1637 2665 1704 προϊὸν,
2693 1637 2785 1690 νῦν
2815 1638 2870 1690 δὲ
2900 1639 3073 1702 ἄλλως
3111 1642 3174 1692 ὲκ
3200 1643 3300 1709 τῆς
3329 1643 3514 1706 οὐσίας
3549 1644 3644 1697 τοῦ
3676 1644 3826 1698 Υίοῦ.
3850 1646 4046 1701 Τοιοῦ-

2461 1742 2569 1777 των
2614 1729 2982 1798 ἀτοπημάτων
3028 1732 3107 1793 είς
3158 1731 3290 1804 ὕψος
3334 1736 3390 1788 αἱ
3425 1737 3831 1807 παρεξηγήσεις
3883 1739 4046 1810 ὑμῶν

2470 1818 2902 1888 κεκορύφωνται.

3017 1914 3111 1968 Ἐκ
3132 1915 3247 1970 τῶν
3274 1916 3491 1976 αὐτῶν.

2538 2000 2679 2067 ηςο.
2709 2020 2726 2054 t
2761 2002 2889 2057 Ὅτε
2913 2008 3092 2059 τοίνυν
3116 2010 3165 2060 οἱ
3191 2010 3251 2061 τὸ
3269 2011 3492 2081 Πνεῦμα
3516 2010 3769 2078 λαϐόντες
3801 2013 3860 2067 10
3887 2015 4047 2082 ἅγιον

2474 2109 2492 2141 ι
2538 2094 2613 2154 ὡς
2669 2095 2803 2147 Θεὸν
2861 2097 3078 2167 ἔχοντες
3110 2102 3168 2153 ὲν
3209 2104 3423 2168 ἑαυτοῖς
3484 2109 3911 2176 προφητεύουσι,
3944 2108 4046 2161 καὶ

2471 2201 2488 2233 ι
2538 2186 2906 2255 θαυμάζονται
2936 2190 3023 2243 διὰ
3071 2192 3249 2257 τοῦτο,
3283 2196 3399 2258 πῶς
3448 2196 3602 2250 ἔσται
3661 2199 3895 2270 ποίημα,
3943 2203 4043 2253 καὶ

2469 2292 2487 2325 ι
2535 2276 2655 2345 οὐχ).
2685 2280 2886 2347 μᾶλλον
2914 2280 3014 2350 τῆς
3045 2282 3305 2338 ἀνωτάτω
3351 2287 3541 2341 πασῶν
3574 2288 3760 2352 οὐσίας
3798 2291 4045 2360 μεταλη-

2470 2382 2487 2415 ι
2534 2366 2625 2434 ψις
2662 2370 2907 2439 σχετικὴ,
2934 2372 3179 2436 φυσικῶς
3230 2374 3584 2431 διαϐαίνουσα
3641 2381 3792 2449 παρά
3823 2382 4043 2451 Πατρὺς

2467 2476 2485 2507 ι
2532 2458 2600 2509 δι’
2633 2459 2755 2512 Υῑοῦ
2789 2463 2921 2533 πρὸς
2953 2465 3078 2529 τοὺς
3111 2467 3446 2538 ἐπιτηδείους
3478 2473 3559 2534 είς
3617 2474 3676 2524 τὸ
3705 2472 3925 2539 λαόεἰνς
3965 2492 3981 2522 i

3070 2650 3443 2709 Ἑπιστασία.

2539 2754 2555 2785 t
2602 2734 2696 2804 Μὴ
2733 2736 2887 2807 ζήτει
2917 2739 3110 2793 τούτου
3144 2747 3475 2817 σαφέστερον
3497 2762 3510 2775 ·
3541 2746 3682 2801 πάνυ
3746 2753 3852 2821 γάρ
3907 2753 4047 2807 Batu-

2468 2844 2486 2875 ι
2536 2830 2755 2895 μαστῶς
2782 2832 3055 2900 εὑρίσκεις
3090 2835 3369 2889 κάνταῦθα
3402 2840 3493 2891 τὸν
3522 2841 3696 2909 μέγαν
3727 2842 3917 2897 τοῦτον
3940 2845 4047 2913 τῆς

2468 2935 2486 2966 ι
2533 2920 2811 2983 εὐσεϐείας
2840 2924 3159 2978 διδάσκαλον
3212 2928 3521 2998 διαιροῦντα
3575 2937 3671 2996 τας
3724 2938 4044 3002 προθέσεις,

2468 3026 2485 3058 t
2530 3010 2622 3060 καὶ
2650 3010 2723 3080 τῷ
2754 3013 2927 3082 Πατρὶ
2960 3015 3058 3084 μὲν
3084 3019 3181 3085 τὴν
3204 3022 3383 3086 παρὰ,
3413 3023 3509 3090 τὴν
3560 3022 3655 3074 διὰ
3688 3024 3742 3075 δὲ
3796 3027 3868 3094 τῷ
3928 3027 4044 3095 Υίῴ

2393 3128 2435 3185 c
2471 3119 2489 3150 ι
2535 3102 2893 3170 ἀπονέμοντα.
2933 3123 2952 3155 ι

3078 3198 3464 3267 Ἀντίξρῥησις.

2546 3282 2634 3345 Ὧς
2665 3287 2931 3355 μακάριος
2951 3286 3015 3340 ἂν
3036 3286 3119 3359 ᾖς,
3141 3292 3415 3360 ἄνθρωπε,
3440 3294 3489 3347 εί
3519 3294 3593 3364 μὴ
3613 3297 3746 3365 πρὶς
3773 3297 3870 3360 τὰς
3899 3299 4049 3350 διαε-

2468 3375 2645 3441 ρέσεις
2698 3377 2809 3429 τῶν
2855 3380 3168 3448 προθέσεων
3208 3384 3543 3453 ἐφιλοτιμοῦ,
3582 3387 3642 3451 ἐξ
3672 3382 3744 3441 ῶν
3770 3390 3922 3442 οὐδὲν
3969 3395 4047 3461 ’τῇ

2468 3464 2697 3536 ἀληθείᾳ
2720 3468 2781 3519 τὸ
2810 3470 3019 3539 κέρδος,
3044 3472 3181 3526 ἀλλὰ
3204 3474 3292 3527 τὸν
3324 3476 3539 3545 ἀληθῶς
3578 3479 3896 3548 ιγκείμενον
3922 3487 4049 3545 ταῖς

2467 3564 2793 3629 περικοπαῖς
2823 3564 2929 3615 τῶν
2948 3567 3174 3634 γραφῶν
3220 3569 3493 3639 ἀνίχνευες
3528 3574 3672 3628 νοῦν.
3701 3575 3901 3628 Σκόπει
3932 3579 4050 3649 γὰρ

2465 3650 2542 3712 ὡς
2569 3653 2803 3705 ἐνταῦθα
2832 3655 2859 3705 0
2882 3657 3034 3722 ἅγιος
3081 3658 3212 3712 Θεὸν
3266 3662 3434 3713 εἰπὼν
3460 3663 3520 3715 τὸ
3548 3664 3795 3735 Πνεῦμα,
3824 3669 3884 3719 τὸ
3926 3674 4052 3733 τοῖς

2467 3745 2779 3811 προφήταις
2830 3749 3093 3815 σχετικῶς
3142 3752 3517 3822 ἐγγινόμενον,
3550 3760 3855 3829 μετάληψιν
3902 3762 4052 3815 third-

2468 3849 2641 3901 μασεν
2666 3837 2797 3889 αὐτὸ
2824 3841 3078 3907 σχετ.κὴν
3128 3843 3226 3912 τῆς
3278 3848 3541 3902 ἀνωτάτω
3598 3851 3783 3903 πασῶν
3828 3855 4052 3918 οὐσίας,

2470 3922 2718 3988 φυσικῶς
2744 3924 3124 3981 διαδαίνουσαν
3153 3937 3309 4002 παρά
3340 3934 3553 4006 Πατρὸς
3605 3938 3671 3990 δι’
3721 3940 3848 3994 Υἰοῦ
3905 3946 4052 4013 πρὸς

2465 4012 2589 4074 τοῦς
2625 4013 2961 4084 ἐπιτηδείους
2994 4019 3073 4080 είς
3102 4021 3161 4073 τὸ
3183 4021 3388 4078 λαϐεῖν.
3424 4026 3552 4079 Ὅτε
3580 4029 3759 4082 τοίνυν
3784 4031 3842 4083 τὸ
3872 4012 4047 4089 Πνεῦ-

2469 4119 2544 4171 μα
2584 4105 2643 4155 10
2673 4103 2827 4172 ἆγον
2860 4110 3161 4180 μετάληψίς
3189 4115 3303 4166 ἐστι
3364 4116 3587 4189 σχετική
3617 4121 3714 4189 τῆς
3767 4124 4045 4180 ἀνωτάτω

2467 4192 2655 4245 πασῶν
2706 4196 2914 4261 οὐσίας,
2974 4204 3122 4269 παρὰ
3185 4203 3397 4273 Πατρὸς
3448 4206 3516 4260 δι’
3564 4211 3690 4263 Υίοῦ
3745 4215 3879 4283 πρὸς
3912 4220 4052 4280 τοὺς

2476 4282 2658 4347 ἀξίους
2682 4285 3050 4354 διαὸαίνουσα,
3096 4292 3212 4357 πῶς
3238 4296 3337 4348 οὐκ
3370 4298 3724 4367 ἀναφαίνεται
3751 4305 4048 4375 προδήλως

2468 4374 2714 4426 ἐντεῦθεν
2744 4376 2818 4439 ὡς
2849 4380 2880 4447 ἡ
2918 4381 3179 4436 ἀνωτάτω
3202 4386 3392 4440 πασῶν
3440 4390 3598 4443 οὐσία
3646 4398 3791 4462 παρα
3825 4396 4046 4468 Πατρὸς

793 4461 987 4512 simam
1019 4462 1262 4515 omnium
1294 4466 1587 4517 essentiam
1614 4483 1641 4518 a
1673 4466 1831 4521 Patre
1862 4485 1956 4538 per
1980 4470 2177 4525 Filium
2202 4474 2254 4526 in
2278 4476 2361 4528 di-
2393 4478 2435 4530 D

2393 4478 2435 4530 ι)
2463 4464 2530 4516 δι’
2566 4466 2695 4518 Υίοῦ
2728 4470 2805 4531 εἰς
2841 4472 2901 4521 τὸ
2932 4473 3073 4525 θεῖον
3112 4476 3325 4530 ἵσταται
3357 4478 3606 4548 Πνεῦμα,
3622 4482 3699 4545 ὡς
3730 4461 4045 4556 Γρηγὸριος

797 4568 977 4603 vinuni
1025 4553 1285 4621 Spiritum
1320 4558 1460 4621 sisti,
1495 4558 1569 4610 uti
1616 4557 1933 4628 Gregorius,
1980 4565 2073 4631 qui
2103 4563 2361 4634 Theologi

794 4659 1058 4712 agnomen
1104 4648 1207 4701 sibi
1258 4652 1449 4704 merito
1489 4652 1785 4707 vindicavit
1825 4654 2045 4709 heroico
2100 4659 2360 4723 carmine,

793 4737 845 4789 in
882 4752 988 4803 quo
1011 4749 1272 4805 praecepta
1304 4736 1609 4810 Virginibus
1646 4744 1826 4807 tradit,
1864 4754 2089 4799 testatur
2123 4763 2136 4799 :
2163 4765 2180 4796 ι
2213 4745 2362 4802 Unus

798 4827 938 4881 Deus
968 4845 1030 4881 ex
1067 4828 1322 4885 Genitore
1358 4849 1451 4901 per
1490 4833 1687 4887 Filium
1724 4838 1777 4889 in
1812 4852 2067 4907 magnum
2098 4837 2363 4908 Spiritum

794 4928 971 4973 stante
1004 4922 1205 4976 deitate
1233 4924 1285 4976 iii
1317 4927 1567 4994 perfectis
1586 4929 1843 4998 perfecta.
1878 4948 1896 4981 ι
1920 4928 1986 4983 Et
2004 4932 2362 4986 sidivinitatis

795 5009 1094 5063 absolutam
1122 5013 1505 5081 perfectionem
1533 5034 1596 5072 ex
1628 5019 1786 5073 Patre
1814 5037 1908 5088 per
1931 5020 2128 5074 Filium
2156 5024 2208 5074 in
2247 5038 2360 5075 nia-

796 5116 957 5163 gnum
993 5103 1250 5170 Spiritum
1271 5108 1389 5160 sisti
1415 5120 1635 5163 sanctus
1655 5111 1917 5177 decernit,
1946 5112 2089 5181 quod
2110 5115 2272 5166 etiam
2308 5117 2359 5167 in

794 5196 913 5245 aliis
937 5197 1049 5247 suis
1080 5199 1294 5266 scriptis
1318 5202 1555 5265 tradidit,
1585 5217 1710 5255 cum
1739 5204 1871 5257 dicit
1894 5221 1911 5258 ε
1936 5222 1953 5255 ι
2002 5204 2188 5259 Unitas
2216 5208 2360 5258 enim

794 5300 822 5335 a
858 5287 1114 5354 principio
1136 5288 1188 5339 iit
1219 5289 1486 5344 binariuui
1521 5303 1664 5345 niota
1691 5295 1743 5346 iti
1765 5293 2028 5347 Trinitate
2050 5299 2310 5360 substitit,
2338 5316 2355 5346 ι

795 5386 1065 5439 quomodo
1116 5395 1219 5429 non
1283 5383 1386 5433 erit
1433 5398 1497 5434 ex
1548 5384 1701 5437 Patre
1744 5402 1837 5452 per
1890 5387 2079 5439 Filium
2109 5388 2362 5455 Spiritus,

799 5466 936 5515 unde
958 5469 1085 5518 illud
1112 5470 1163 5519 in
1188 5472 1503 5539 theologicis
1530 5490 1820 5539 assertum,
1849 5497 1865 5527 ι
1891 5479 1966 5531 Ex
1997 5492 2224 5547 utroque
2253 5480 2273 5531 ἲ
2307 5502 2321 5525 ο

837 5557 1090 5623 Ejusdem
1119 5578 1181 5613 ea:
1213 5571 1636 5633 interpretatione
1670 5574 1721 5622 in
1764 5570 1964 5624 Juelem
1994 5581 2326 5641 prophetam.

870 5724 1174 5783 LXXXV”.
1209 5733 1364 5800 «ιρυλ
1394 5737 1535 5787 enim
1564 5739 1770 5793 ratione
1798 5740 1937 5795 lictis
1965 5749 2065 5802 est,
2096 5750 2148 5794 et
2171 5757 2233 5793 ex
2257 5739 2362 5793 Deo

2464 4557 2491 4606 0
2525 4557 2623 4626 τῆς
2659 4558 2935 4627 θεολογίας
2965 4563 3292 4635 ἁξιὼνυμος,
3326 4569 3384 4620 ἐν
3407 4564 3485 4632 οἷς
3517 4572 3743 4641 ἡρωῖζει
3773 4578 3872 4640 τάς
3902 4582 4051 4647 πρὸς

2466 4649 2764 4716 παρθένους
2796 4650 3078 4719 ὑποθήκας
3119 4655 3282 4707 αὐτοῦ
3343 4664 3614 4730 μαρτυρεί
3639 4662 3850 4729 λέ“,ων·
3887 4684 3906 4718 ι
3945 4663 4047 4733 Εἷς

2463 4737 2593 4799 Θεὸς
2620 4741 2683 4789 ἐκ
2717 4742 2942 4806 γενέταο
2967 4743 3035 4796 δι’
3064 4744 3217 4809 Υἱέος
3246 4748 3325 4810 είς
3357 4749 3501 4815 μέγα
3543 4752 3789 4823 Πνεῦμα,
3811 4757 4048 4827 ἱσταμε-

2464 4847 2559 4894 νης
2592 4831 2843 4898 θεότητος
2873 4838 2952 4887 ἐν).
2978 4839 3208 4893 τελέοισι
3248 4844 3479 4913 τελείης.
3516 4863 3535 4896 ι
3571 4847 3681 4900 Καὶ
3718 4850 3767 4901 εί
3810 4851 3910 4919 τὴν
3942 4853 4053 4922 τῆς

2464 4921 2715 4991 θεότητος
2743 4926 3058 4998 τελειότητα
3090 4932 3152 4983 ἐκ
3178 4932 3390 5002 Πατρὺς
3412 4936 3500 4989 διά
3534 4938 3662 4991 Υίοῦ
3692 4941 3774 5002 είς
3803 4943 3863 4992 τὸ
3894 4921 4050 5010 μέγα

2466 5012 2712 5068 ἵστασθαι
2762 5017 2987 5088 Πνεῦμα
3017 5022 3044 5072 0
3068 5020 3221 5088 ἅγιος
3282 5024 3541 5094 θεολογεῖ,
3574 5033 3710 5098 ὅπερ
3740 5031 3832 5083 καὶ
3860 5034 3923 5083 ὲν
3948 5036 4053 5085 ἀλ-

2465 5106 2575 5167 λοις
2607 5107 2905 5179 δεδήλωκεν
2935 5113 3138 5165 εἰπών·
3188 5133 3207 5167 ι
3247 5118 3432 5180 Μονὰς
3455 5122 3562 5191 γὰρ
3608 5124 3705 5175 ἀπ’
3756 5127 3934 5197 ἀρχῆς
3964 5131 4053 5195 είς

2463 5195 2627 5249 δυάδα
2659 5200 2935 5266 κινηθεῖσα
2968 5205 3127 5275 μέχρι
3156 5207 3381 5276 Τριάδος
3417 5210 3570 5281 ἔστη,
3602 5232 3621 5263 ι
3664 5195 3891 5277 πῶςγᾱν
3920 5224 4054 5290 οὐχί

2464 5290 2529 5338 ἐκ
2559 5290 2766 5357 [ἰατρὸς
2822 5291 2907 5347 δια
2958 5311 2975 5343 t
3006 5295 3129 5348 Υίοῦ
3154 5298 3237 5367 εἴη
3269 5300 3327 5350 τὸ
3359 5299 3600 5370 Πνεῦμα,
3634 5305 3829 5358 ὁπόθεν
3875 5312 3939 5363 1O
3988 5312 4055 5377 ἐξ

2466 5382 2667 5448 ἀμφοῖν
2693 5383 2920 5452 εἴρηκεν
2951 5389 2981 5456 ἡ
3015 5389 3300 5457 θεολογίας
4040 5382 4044 5385 ⁷

2478 5572 2586 5625 Τοῦ
2637 5575 2824 5629 αὐτοῦ
2872 5577 2990 5630 ἀπὸ
3041 5576 3146 5659 τῆς
3191 5583 3279 5644 εις
3318 5581 3439 5659 ,τὸν
3484 5584 3807 5655 προφήτην
3866 5589 4057 5659 Ἰωήλ

3081 5650 3420 5716 ἑρμηνείας.

2541 5735 2660 5785 lll'.
2703 5754 2719 5785 ι
2770 5731 2840 5804 ⁷ῌ
2872 5740 2972 5806 μὲν
3004 5741 3110 5805 γάρ
3148 5743 3262 5793 ἐστι
3313 5745 3464 5810 Θεὸς,
3494 5749 3584 5799 καὶ
3613 5750 3673 5801 ἐκ
3707 5750 3845 5803 θεοῦ
3905 5764 4057 5808 κατά
