4210 6440
787 395 891 458 523
1857 395 2064 456 JOAN.
2105 397 2311 457 VECCI
2359 398 2469 457 ΟΡ.
2510 397 3020 459 PATRIARCll/E
3920 401 4024 465 525

784 507 1042 575 quidquid
1101 506 1298 560 dicitur
1355 521 1382 558 a
1444 505 1583 558 Filio
1636 506 1812 570 edici,
1873 507 1974 560 hoc
2005 506 2146 560 idem
2200 522 2355 574 pror-
2381 548 2430 609 Α

2381 548 2430 609 Α
2454 508 2517 578 δὴ
2545 509 2758 572 πάντως
2789 510 2938 561 ἐστὶν
2971 507 3250 577 ἐνέργημα
3279 507 3374 561 τοῦ
3431 509 3581 575 Υίοῦ,
3616 508 3710 561 καὶ
3757 508 3896 577 ὅπερ
3957 511 4025 562 ἂν

785 615 881 652 sus
959 609 1012 652 ct
1067 615 1098 652 a
1159 598 1315 652 Patre
1379 599 1571 652 confici
1641 598 1876 662 dicitur,
1929 599 2113 652 omnia
2178 598 2430 667 siqui-"

2381 598 2430 609 “’
2454 599 2665 666 λέγοιτο
2697 599 3147 670 διαπεραίνεσθαι
3177 599 3245 651 δι’
3287 599 3442 664 Υἱοῦ,
3509 599 3671 653 τοῦτο
3697 599 3762 670 δὴ
3803 600 4025 663 πάντως

783 692 905 744 dem
959 693 1027 744 ab
1098 700 1328 756 utroque
1377 698 1431 743 et
1498 703 1651 758 aequa
1724 688 1900 742 lance.
1953 707 1972 740 ι
2058 687 2350 758 Itemque:

2453 692 2572 742 ἐστὶ
2607 690 2938 759 κατόρθωμα
2970 689 3065 742 τοῦ
3103 688 3317 756 Πατρός
3337 706 3349 719 ·
3380 689 3557 743 πάντα
3579 691 3687 760 γάρ
3711 689 3781 743 δι’
3813 690 4027 758 ἀμφοῖν

791 800 808 831 ι
835 778 1124 845 .Quomodo
1160 793 1271 832 non
1300 793 1395 848 per
1427 788 1718 846 utrumque
1752 778 1806 832 in
1837 794 1935 832 nos
1968 779 2162 832 immiti
2196 794 2350 848 aequa

2453 781 2511 832 ἐν
2565 781 2664 849 ῐσῳ
2685 796 2701 813 ο
2742 799 2760 832 t
2810 780 2904 833 ttat
2932 781 3093 835 πάλιν
3115 797 3130 811 ·
3167 798 3186 830 t
3212 780 3334 842 Πῶς
3360 781 3420 832 οὐ
3451 779 3519 832 δι’
3539 779 3740 847 ἀμφοῖν
3765 783 3844 843 εἰς
3874 781 4027 849 ἡμᾶς

785 875 992 923 ratione
1035 870 1200 923 vitam
1251 853 1660 935 concedeinus,
1712 877 1768 923 et
1815 884 1920 922 non
1974 885 2041 922 ex
2088 870 2346 934 duobus,

2450 870 2509 922 ὲν
2529 871 2628 939 ἴσῳ
2661 872 2795 925 ἰέναι
2826 870 3074 939 δώσομεν
3114 872 3216 940 τὴν
3257 873 3400 938 ζωὴν
3427 871 3523 922 καὶ
3547 868 3696 922 οὗτοι
3719 886 3822 922 που
3852 871 4024 932 δυοῖν,

783 963 873 1014 θεά
927 970 1181 1028 tauquam
1235 975 1298 1012 ex
1357 975 1466 1012 uno
1528 959 1709 1013 omnia
1757 961 2066 1013 vivillcante
2127 958 2282 1012 Deo?
2323 976 2342 1008 ι

2449 961 2563 1014 ἀλλ’
2597 961 2672 1024 ὡς
2702 963 2761 1026 ἐξ
2790 963 2905 1024 ένὸς
2930 962 3024 1014 τοῦ
3049 961 3117 1014 τά
3149 962 3329 1015 πάντα
3356 960 3747 1029 ζωογονοῦντος
3776 960 3911 1012 Θεοῦ
3942 979 3957 1026 ;
3999 979 4017 1011 ι

782 1053 1135 1105 (loulirmabit
1181 1064 1340 1116 porro
1385 1051 1496 1104 haec
1545 1059 1600 1103 et
1651 1050 1922 1103 maximus
1969 1050 2346 1102 Athanasius:

2461 1052 2876 1105 Ἐπιόεϐαιώσει
2908 1069 2998 1122 μοι
3051 1053 3108 1105 δὲ
3159 1054 3228 1106 τὰ
3282 1053 3424 1105 αὐτὰ
3476 1055 3569 1105 καὶ
3621 1053 3651 1104 6
3705 1051 4022 1121 πάμμεγας

788 1161 805 1191 ι
841 1141 1030 1202 Dante,
1064 1141 1159 1201 ait,
1199 1137 1359 1192 Patre
1394 1139 1622 1204 gratiam
1663 1147 1715 1190 et
1754 1153 1969 1206 pacem,
2008 1138 2254 1190 eamdem
2295 1143 2350 1189 rt

2462 1143 2776 1205 Ἀθανάσιος
2801 1143 2976 1210 λέγων
2995 1159 3007 1173 ·
3044 1165 3062 1196 ι
3094 1145 3335 1206 Διδόντος
3364 1144 3456 1196 τοῦ
3493 1145 3704 1213 Πατρδς
3729 1144 3888 1214 χάριν
3925 1147 4029 1196 καὶ

785 1221 950 1284 Filius
1002 1229 1284 1298 elargitur.
1344 1228 1456 1282 Una
1507 1227 1778 1294 siquidem
1833 1227 2132 1295 eademque
2176 1227 2348 1294 gratia

2450 1231 2694 1301 εἰρήνην,
2729 1232 2898 1300 αὐτὴν
2934 1232 3030 1285 καὶ
3072 1234 3102 1284 6
3133 1233 3261 1294 Υἱὸς
3310 1235 3514 1287 δίδωσι.
3566 1235 3681 1287 Μία
3724 1235 3833 1303 γὰρ
3865 1235 3963 1285 καὶ
3987 1235 4023 1301 ἡ

782 1332 866 1374 est
905 1337 934 1374 a
976 1321 1134 1375 Patre
1165 1323 1216 1372 in
1253 1318 1413 1380 Filio,
1458 1321 1915 1387 quemadmodum
1952 1333 2119 1370 unum
2152 1327 2234 1371 est
2267 1317 2350 1370 ln-

2449 1321 2588 1389 αὺτὴ
2614 1324 2771 1392 χάρις
2803 1324 2920 1376 ἐστὶ
2967 1325 3117 1392 παρὰ
3149 1325 3360 1391 Πατρός
3405 1328 3461 1376 ὲν
3494 1325 3629 1392 Υίῷ,
3665 1325 3742 1385 ὡς
3777 1325 3923 1377 ἐστιν
3963 1324 4026 1375 ἓν

783 1429 905 1467 men
939 1414 1070 1467 solis
1116 1421 1169 1466 et
1214 1411 1374 1474 radii,
1427 1421 1479 1464 et
1515 1411 1772 1478 splendor
1811 1410 1943 1463 solis
1985 1424 2080 1478 per
2133 1409 2346 1462 radium

2447 1412 2509 1464 τὸ
2557 1414 2672 1481 φῶς
2696 1411 2792 1465 τοῦ
2819 1413 2976 1483 ἡλίου
3029 1414 3123 1468 καὶ
3166 1414 3262 1467 τοῦ
3295 1416 3758 1484 ἁπαυγάσματος,
3817 1415 3915 1467 καὶ
3961 1415 4029 1464 τὸ

783 1507 862 1569 lit,
905 1523 923 1556 ι
961 1515 1072 1558 tum
1105 1503 1290 1556 addit:
1323 1519 1342 1552 ι
1382 1501 1670 1569 Propterea
1701 1511 1754 1554 et
1778 1499 1978 1555 Paulus
2014 1501 2079 1554 ad
2109 1498 2348 1554 Thessa-

2449 1503 2708 1570 φωτίζειν
2749 1503 2849 1557 τοῦ
2909 1503 3061 1573 ἡλίου
3103 1505 3195 1558 διὰ
3237 1505 3330 1557 τοῦ
3376 1506 3808 1574 ἀπαυγάσματος
3877 1504 4033 1570 γίνε-

783 1597 1090 1650 lonicenses
1127 1593 1359 1647 scribit:
1397 1612 1415 1644 ι
1457 1591 1576 1660 Ipse
1609 1607 1737 1645 vero
1791 1595 1933 1646 Deus
1983 1601 2039 1646 et
2085 1590 2242 1645 Pater
2292 1601 2348 1646 et

2446 1610 2572 1645 ται·
2641 1613 2660 1645 ι
2714 1595 2808 1646 καὶ
2839 1595 3154 1664 προστιθείς
3185 1612 3200 1626 ο
3240 1615 3259 1648 ι
3301 1597 3400 1649 Διὰ
3457 1595 3617 1650 τοῦτο
3666 1599 3761 1648 καὶ
3800 1595 4020 1659 Παῦλος

785 1688 1046 1741 Dominus
1073 1685 1232 1740 Jesus
1269 1685 1526 1740 Christus
1565 1685 1765 1752 dirigat
1812 1685 1953 1736 viam
2001 1693 2242 1738 nostram
2279 1688 2347 1738 ad

2449 1687 2585 1755 πρὸς
2641 1687 2837 1748 αὐτοὺς
2866 1686 3275 1749 Θεσσαλονικείς
3329 1687 3538 1754 λέγων·
3581 1706 3600 1738 ι
3659 1689 3832 1749 Αὐτὸς
3883 1687 3944 1739 δὲ
3997 1689 4028 1738 6

782 1794 878 1833 vos
899 1780 981 1842 ",
1021 1797 1040 1829 ι
1099 1778 1362 1832 unitatem
1417 1775 1596 1829 Patris
1649 1783 1704 1828 et
1763 1773 1886 1828 Filii
1950 1777 2343 1830 conservavit:

2449 1776 2584 1839 Θεὸς
2616 1779 2709 1829 καὶ
2735 1777 2946 1847 Πατὴρ,
2980 1777 3292 1847 καὶΚύριος
3331 1775 3536 1846 Ἰησοῦς
3565 1777 3799 1846 Χριστὸς
3828 1791 4034 1828 κατευ-

784 1885 958 1938 ueque
987 1869 1130 1922 enim
1163 1868 1322 1931 dixit,
1366 1867 1624 1936 dirigant,
1648 1877 1905 1935 tanquam
1937 1867 2085 1936 quod
2135 1882 2337 1921 couce-
2369 1884 2411 1939 Β
2442 1873 2446 1911 I

2369 1884 2411 1939 Β
2442 1867 2598 1920 Θύναι
2649 1869 2748 1935 τὴν
2776 1868 2892 1920 ὁδὸν
2925 1868 3081 1937 ἡμῶν
3111 1869 3247 1937 πρὸς
3277 1869 3444 1936 ὑμᾶς,
3485 1887 3504 1919 ι
3541 1866 3638 1937 τὴν
3668 1867 3895 1936 ἑνότητα
3925 1864 4029 1917 τοῦ

785 1961 999 2012 deretur
1029 1972 1059 2010 a
1092 1957 1306 2009 duobus
1351 1959 1418 2009 ab
1456 1959 1554 2010 lioc
1585 1965 1639 2009 et
1683 1956 1752 2008 ab
1800 1958 1931 2021 hoc,
1991 1959 2087 2011 sed
2129 1958 2348 2028 dirigat,

2455 1956 2668 2024 Πατρὸς
2682 1956 2786 2007 οιαὶ
2803 1955 2899 2008 τοῦ
2932 1956 3062 2008 Υίοῦ
3086 1957 3350 2024 ἐφύλαξεν
3379 1975 3394 1990 ο
3422 1958 3482 2009 ού
3514 1958 3623 2026 γάρ
3652 1952 3794 2021 εἶπε,
3825 1971 4030 2007 κατευ-

785 2057 844 2103 It
873 2047 1125 2104 ostendat
1153 2061 1182 2100 a
1212 2046 1371 2100 Patre
1398 2059 1494 2115 per
1516 2044 1712 2099 Filium
1743 2059 1865 2100 eam
1894 2047 2077 2117 dirigi.
2120 2065 2140 2098 ι

2453 2046 2691 2107 θύναιεν,
2727 2045 2804 2108 ὡς
2844 2047 2994 2114 παρὰ
3041 2046 3137 2099 δύο
3175 2048 3457 2117 διδομένης
3487 2049 3638 2117 παρά
3670 2048 3866 2101 τούτου
3923 2049 4025 2098 καὶ

2451 2138 2667 2198 τούτου,
2693 2138 2847 2201 ἀλλὰ,
2884 2138 3231 2204 κατευθύναι,
3264 2139 3351 2192 ἴνα
3386 2138 3536 2211 δείξῃ
3565 2140 3646 2192 ὅτι
3674 2141 3703 2192 6
3733 2137 3923 2207 Πατὴρ
3953 2138 4026 2189 δι’

2454 2227 2581 2279 Υίοῦ
2609 2227 2790 2278 δίδωσι
2815 2229 3045 2297 ταύτην.
3077 2246 3097 2280 ι

1040 2350 1121 2405 Ex
1148 2351 1379 2405 secunda
1419 2353 1662 2406 oratione
1691 2354 1758 2406 ad
1788 2352 2088 2408 Hermiam.
2639 2340 2702 2392 Ἐ

2639 2340 2737 2392 Ἐκ
2766 2340 2870 2392 τοῦ
2893 2341 2954 2403 ,β’
2989 2338 3104 2390 τῶν
3140 2339 3288 2406 πρὸς
3329 2338 3602 2408 Ἑρμείαν
3631 2342 3851 2409 λόγων.

855 2465 989 2521 XCI.
1059 2483 1077 2516 ι
1117 2466 1250 2520 Nam
1290 2482 1554 2522 summam
1605 2469 1822 2538 quidem
1879 2471 2140 2534 radicem,
2210 2471 2350 2525 ultra

2522 2453 2638 2518 ιιΛ.
2685 2470 2702 2502 ι
2740 2452 2853 2522 Τὴν
2887 2452 2986 2522 μὲν
3016 2455 3124 2524 γάρ
3150 2453 3409 2506 ἀνωτάτω
3447 2453 3624 2523 ῥίζαν,
3651 2449 3719 2527 ἦς
3756 2457 4025 2508 ἐπέκεινα

793 2581 810 2607 ι
846 2575 1011 2628 quam
1067 2559 1200 2612 iiibil
1237 2560 1505 2628 intelliges
1557 2574 1620 2612 ac
1666 2561 1965 2630 concipies,
2011 2562 2244 2628 Patrem,
2298 2573 2352 2617 et

2458 2563 2475 2594 ς
2523 2543 2582 2596 τὸ
2617 2543 2838 2612 σύμπαν
2860 2544 3033 2604 οὐδὲν,
3056 2546 3327 2614 ἐννοήσεις
3355 2543 3444 2596 τὸν
3475 2545 3713 2616 Πατέρα,
3745 2546 3836 2598 τὸν
3866 2547 3924 2599 δέ
3957 2563 4024 2614 γε

795 2675 810 2700 ι
855 2665 1065 2705 summa
1093 2653 1272 2704 radice
1299 2661 1484 2703 natum
1520 2660 1573 2703 ct
1595 2654 1832 2719 genitum
1866 2654 2100 2720 accipies
2131 2651 2348 2718 Filium,

2457 2655 2474 2686 ι
2522 2637 2616 2703 τῆς
2672 2637 2934 2689 ἀνωτάτω
2998 2636 3153 2705 ῥίζης
3201 2637 3548 2705 ἐκπεφυκότα
3611 2641 3704 2690 καὶ
3760 2655 4027 2707 γεγεννη-

796 2767 812 2791 ι
862 2758 968 2795 non
999 2741 1054 2794 in
1078 2741 1270 2794 ordine
1312 2741 1505 2809 aequali
1540 2756 1663 2794 cum
1706 2743 1970 2795 creaturis
2002 2746 2253 2798 sortitum
2296 2745 2350 2797 in

2459 2743 2474 2772 ε
2518 2723 2676 2792 μένον
2714 2724 2989 2794 παραδέξῃ
3024 2728 3112 2777 τὸν
3150 2726 3302 2790 Υίὸν,
3343 2726 3443 2778 οὐκ
3475 2727 3531 2777 ὲν
3583 2726 3674 2795 ἴσῃ
3717 2727 3866 2790 τάξει
3907 2731 4026 2790 τοῖς

795 2854 810 2882 ι
855 2844 1094 2900 tempore
1142 2832 1571 2898 generationem,
1618 2847 1795 2900 neque
1849 2832 2156 2889 minoribus
2187 2850 2350 2903 quam

2460 2837 2477 2866 ς
2526 2819 2913 2883 πεποιημένοις
2965 2823 3063 2883 τὴν
3115 2817 3172 2867 ὲν
3213 2816 3391 2885 χρόνῳ
3440 2816 3669 2886 λαχόντα
3739 2821 4025 2886 γέννησιν,

795 2947 809 2973 ι
852 2927 902 2976 in
965 2923 1070 2985 bis,
1128 2923 1180 2974 in
1231 2921 1432 2990 quibus
1493 2923 1655 2978 Pater
1704 2933 1785 2976 est
1825 2939 1937 2976 suae
1975 2901 2348 2979 declarantem

2460 2926 2477 2957 i
2524 2906 2648 2959 οὔτε
2673 2906 2778 2976 μὴν
2819 2908 2876 2959 ὲν
2910 2906 3267 2975 ὲλάττοσιν,ἦ
3301 2907 3358 2957 ὲν
3386 2901 3466 2967 οἷς
3516 2909 3544 2959 6
3595 2906 3780 2974 Πατὴρ
3832 2909 3890 2958 τὸ
3922 2908 4029 2974 τῆς

793 3037 808 3062 ι
853 3022 1059 3066 natura:
1086 3011 1569 3080 pulchritudinem,
1598 3014 1691 3066 sed
1725 3014 1885 3065 simul
1911 3024 2258 3076 coaeternum,
2298 3025 2352 3069 et

2459 3017 2475 3047 ι
2529 2998 2663 3058 ιδίας
2703 2999 2918 3065 φύσεως
2976 2998 3304 3066 έκφαίνοντα
3361 2997 3578 3060 κάλλος,
3630 2999 3748 3050 ἀλλ’
3811 2998 3929 3065 ᾶμα
3967 3015 4026 3048 τε

796 3125 811 3152 ι
857 3119 949 3170 per
967 3101 1150 3154 omnia
1180 3102 1441 3168 aqualem
1472 3116 1781 3153 mensuram
1807 3103 2092 3156 habentem
2122 3115 2351 3173 excepto

2460 3115 2477 3142 ι
2529 3093 2624 3142 καὶ
2657 3091 2948 3155 συναΐδιον,
3002 3091 3098 3144 καὶ
3145 3092 3253 3143 πᾶν
3289 3092 3466 3144 ὁτιοῦν
3528 3092 3806 3157 ίσόμετρον
3831 3090 4031 3157 ἔχοντα

795 3212 811 3242 ι
853 3194 954 3244 hoc
1006 3191 1150 3259 quod
1213 3202 1454 3257 generet,
1512 3192 1561 3242 id
1613 3206 1756 3243 enim
1793 3193 1894 3244 soli
1957 3195 2062 3245 Deo
2100 3204 2152 3247 et
2201 3193 2347 3246 Patri
2377 3194 2420 3252 (Ξ

2377 3194 2420 3252 c
2460 3203 2476 3233 i
2524 3183 2645 3251 δίχα
2671 3182 2834 3251 μόνου
2887 3182 2979 3234 τοῦ
3010 3185 3211 3237 τεκεῖν.
3263 3185 3536 3252 Προσήκοι
3580 3185 3688 3251 γάρ
3745 3183 3811 3234 ἂν
3865 3181 4033 3233 τοῦτο

795 3303 812 3332 i
851 3285 1125 3336 convenit.
1163 3280 1421 3334 Sanctum
1458 3283 1584 3334 item
1625 3281 1882 3350 Spiritum
1916 3286 2354 3352 agnominamus,

2464 3293 2482 3325 ς
2530 3275 2676 3344 μόνῳ
2702 3274 2779 3343 τῷ
2807 3273 2925 3344 Θεῷ
2955 3276 3045 3325 καὶ
3077 3275 3270 3343 Πατρί.
3321 3275 3474 3340 ἅγιον
3515 3275 3570 3325 δὲ
3603 3273 3826 3340 Πνεῦμα
3855 3289 4028 3341 προσ-

799 3398 815 3424 .
853 3377 942 3442 qui
975 3390 1038 3428 ex
1065 3373 1172 3427 Deo
1205 3372 1363 3426 Patre
1387 3389 1479 3441 per
1503 3371 1697 3425 Filium
1726 3376 2044 3430 naturaliter
2072 3379 2359 3445 profundi-

2466 3387 2484 3417 ι
2529 3369 2674 3436 spei;
2715 3367 2776 3419 τὸ
2828 3367 2892 3418 ὲκ
2938 3365 3073 3418 Θεοῦ
3145 3367 3356 3433 Πατρὶς
3387 3366 3452 3418 δι’
3484 3364 3612 3417 Υίού
3657 3369 4031 3432 προχεόμενον

798 3489 813 3516 ι
858 3480 965 3531 tur,
1018 3466 1174 3533 quasi
1203 3467 1258 3518 in
1290 3469 1457 3533 ligura
1510 3466 1828 3533 spiratiouis
1862 3483 1926 3519 ex
1972 3484 2067 3521 ore
2101 3471 2355 3525 exeuntis

2463 3478 2482 3508 ι
2532 3459 2795 3525 φυσικῶς,
2830 3457 3081 3526 καθάπερ
3111 3460 3168 3509 ὲν
3198 3458 3353 3526 τύπῳ
3378 3459 3475 3525 τῆς
3507 3460 3571 3509 ὲκ
3597 3457 3706 3509 τῶν
3741 3458 4030 3524 στομάτων

799 3581 814 3609 ι
857 3559 1130 3627 prOpriam
1173 3557 1330 3609 nobis
1361 3557 1734 3610 exsistentiam
1766 3559 2034 3627 designat.
2061 3561 2152 3614 Sic
2182 3566 2357 3615 mani-

2464 3569 2482 3599 ι
2526 3548 2802 3616 διαπνοῆς,
2852 3552 2950 3616 τὴν
3007 3550 3141 3600 ίδίαν
3179 3551 3311 3615 ἡμῖν
3366 3549 3734 3616 ύποσημαίνον
3768 3547 4025 3615 ὓπαρξιν,

799 3671 815 3698 ι
862 3648 1053 3700 festam
1089 3656 1140 3698 et
1173 3644 1510 3698 inconfusam
1541 3649 1703 3698 trium
1741 3647 2104 3715 liypostaseon
2131 3652 2183 3703 in
2217 3667 2350 3719 pro-

2465 3661 2482 3692 ι
2529 3638 2672 3692 οὕτω
2697 3655 2757 3690 τε
2787 3640 2931 3709 σαφῆ
2971 3639 3066 3691 καὶ
3097 3641 3402 3709 ἀσύγχυτον
3433 3641 3529 3707 τὴν
3556 3641 3662 3689 τῶν
3687 3638 3852 3708 τριῶν
3885 3639 4029 3689 ὑπο-

799 3759 814 3786 ι
859 3739 990 3805 priis
1028 3736 1363 3790 exsistentiis
1402 3736 1786 3803 proprietatem
1836 3753 2080 3805 serians,
2113 3757 2274 3794 unam
2303 3753 2356 3796 et

2464 3757 2482 3785 ε
2533 3735 2778 3786 στάσεων
2832 3734 2888 3784 ὲν
2950 3733 3145 3795 ιδικαῖς
3193 3732 3492 3799 ύπάρξεσιν
3538 3732 3775 3799 ἰδιότητα
3819 3731 4026 3799 τηρῶν,

798 3848 816 3878 i
858 3828 1378 3880 consubstantialem
1458 3837 1710 3879 naturam
1791 3832 2033 3899 reginam
2105 3835 2355 3886 omniutn

2467 3844 2484 3874 ε
2538 3827 2666 3892 μίαν
2699 3840 2758 3876 τε
2777 3823 2870 3875 καὶ
2891 3823 3175 3892 ὀμοούσιον
3193 3825 3292 3893 τὴν
3313 3825 3568 3875 ἁπάντων
3595 3821 3834 3890 βασιλίδα
3856 3835 4028 3887 προσ-

797 3938 812 3966 ι
853 3917 1128 3971 adorabis.
1172 3935 1192 3968 ι

2468 3937 2484 3967 i
2528 3918 2780 3987 κυνήσεις
2805 3918 2986 3983 φύσιν.
3016 3933 3033 3965 i

1359 4010 1774 4065 Animadversio.

3070 4006 3445 4060 Ἐπιστασία.

871 4118 888 4147 i
925 4100 1200 4152 Adnotato
1231 4098 1320 4153 liic
1350 4115 1568 4168 quoque
1615 4102 1918 4156 naturalem
1946 4102 2185 4172 Spiritus
2217 4103 2356 4158 ellu-

2537 4117 2554 4149 ι
2605 4098 2915 4168 Σημείωσαι
2955 4098 3232 4150 κάνταῦθα
3253 4099 3350 4166 τὴν
3377 4097 3609 4166 φυσικὴν
3643 4094 3737 4147 τοῦ
3774 4093 4036 4160 Πνεύμα-

801 4209 817 4239 ι
858 4189 1062 4242 sionem
1117 4206 1182 4242 ex
1221 4187 1381 4243 Patre
1414 4206 1509 4259 per
1552 4190 1771 4257 Filium,
1814 4209 1921 4248 non
1952 4210 2082 4250 vero
2117 4211 2181 4250 ex
2221 4195 2360 4250 Filio

2469 4211 2484 4240 ι
2531 4208 2621 4253 τος
2649 4191 2932 4259 πρόχυσιν,
2977 4193 3040 4242 ὲκ
3068 4189 3162 4242 τοῦ
3196 4189 3408 4258 Πατρὸς
3435 4187 3902 4256 δογματιζομένην
3938 4184 4031 4235 διὰ

800 4299 817 4329 i
863 4281 1287 4333 constabilitam.
1322 4299 1339 4330 ι

2467 4300 2487 4332 ι
2535 4282 2625 4333 τοῦ
2650 4281 2802 4344 Υἰοῦ,
2837 4282 2897 4333 ού
2931 4284 3037 4349 μὴν
3068 4281 3160 4332 καὶ
3197 4283 3260 4332 ὲκ
3291 4280 3382 4330 τού
3409 4277 3559 4330 Υἱοῦ.
3591 4296 3607 4328 ι

1429 4372 1721 4442 Refutalt'o.
3057 4373 3091 4425 Ἀ

3057 4373 3454 4438 Ἀντιρῤησις.

877 4461 932 4511 Si
963 4463 1374 4528 praepositiones
1405 4480 1487 4528 ex,
1531 4473 1584 4517 et
1625 4481 1714 4533 per
1744 4481 1849 4518 non
1883 4479 2064 4520 essent
2096 4483 2262 4520 unum
2297 4483 2361 4522 ac
2535 4465 2539 4516 ἶ

2535 4463 2597 4516 Ei
2636 4464 2732 4532 μὲν
2762 4465 2861 4515 οὐκ
2895 4460 2962 4533 ἦν
2986 4465 3180 4514 ταυτὸν
3210 4465 3242 4530 ἡ
3270 4463 3365 4514 διὰ
3399 4462 3493 4512 καὶ
3536 4460 3603 4522 ἐξ
3634 4461 3724 4512 ἐπὶ
3751 4457 3842 4510 τοῦ
3874 4457 4034 4521 λ’ίοῦ,

802 4555 944 4604 idem
979 4553 1030 4604 in
1069 4553 1229 4619 Filio,
1269 4559 1450 4622 utique
1481 4573 1585 4609 non
1618 4558 1822 4626 absque
1867 4561 2076 4611 ratione
2105 4561 2359 4613 aduotas-
2387 4535 2440 4594 D

2387 4535 2440 4594 Ῐ)
2465 4552 2634 4616 οὕτως
2654 4554 2720 4606 ἂν
2740 4549 2851 4623 εῐχε
2883 4554 3038 4621 λόγον
3087 4552 3440 4620 σημειοῦσθαι
3468 4568 3525 4602 σε
3553 4553 3611 4603 τὸ
3636 4551 3724 4603 διὰ
3750 4548 3843 4601 τοῦ
3873 4547 4034 4609 Υἰοῦ,

796 4660 882 4698 ses
913 4643 1088 4710 ,illud,
1120 4661 1212 4712 per
1258 4645 1475 4710 Filium,
1517 4664 1624 4700 non
1664 4664 1788 4702 vero
1821 4665 1884 4703 ex
1920 4649 2080 4702 Filio.
2129 4648 2358 4705 Verum-

2465 4648 2527 4699 ού
2566 4647 2672 4716 μὴν
2705 4649 2798 4698 καὶ
2860 4647 2923 4697 ὲκ
2969 4644 3060 4696 τοῦ
3119 4643 3273 4696 Υίοῦ.
3305 4645 3455 4696 Ἐπεὶ
3477 4643 3530 4694 δὲ
3583 4644 3690 4694 πᾶν
3724 4640 3784 4693 τὸ
3816 4641 3904 4692 διὰ
3936 4641 4038 4692 τοῦ

798 4747 976 4787 tamen
1011 4750 1134 4788 cum
1166 4738 1432 4805 quidquid
1483 4755 1578 4808 per
1642 4738 1835 4793 Filium
1879 4743 2073 4794 dicitur
2106 4757 2245 4804 esse,
2279 4751 2360 4797 est

2468 4737 2599 4790 Υιοῦ
2631 4738 2921 4804 λεγόμενον
2968 4733 3106 4789 εἷναί
3150 4738 3269 4788 ἔστι
3316 4737 3408 4788 καὶ
3447 4739 3510 4786 ἐκ
3543 4736 3635 4786 τοῦ
3676 4733 3825 4794 Υίοῦ,
3856 4735 3919 4784 τὸ
3969 4740 4038 4783 ἐκ

798 4841 1016 4891 quoque
1071 4843 1136 4879 ex
1193 4827 1349 4892 Filio,
1405 4831 1499 4898 qui
1556 4845 1624 4884 ex
1673 4830 1783 4884 Deo
1829 4830 1990 4885 Patre
2037 4848 2131 4901 per
2169 4831 2363 4886 Filium

2464 4830 2842 4898 ΘεοῦξΠατρὸς
2872 4830 2938 4881 δι’
2974 4829 3102 4881 Υἱοῦ
3123 4830 3490 4896 προχεόμενον
3524 4826 3769 4892 φυσικῶς
3789 4823 4038 4891 Πνεῦμα,

800 4916 1095 4970 ctquditur
1127 4920 1446 4974 naturaliter
1485 4921 1746 4991 Spiritus,
1781 4933 1834 4978 et
1879 4925 2045 4978 veluti
2081 4928 2131 4978 in
2171 4927 2362 4993 ligula,

2465 4923 2558 4975 καὶ⁵
2601 4921 2850 4992 καθάπερ
2912 4923 2970 4973 ὲν
3018 4920 3174 4990 τύπῳ
3220 4921 3318 4990 τὴν
3358 4921 3421 4971 ὲκ
3448 4917 3556 4971 τῶν
3603 4921 3884 4986 στομάτων
3919 4917 4044 4969 δια-

799 5022 925 5074 quae
958 5023 1021 5059 ex
1053 5023 1146 5061 ore
1178 5012 1287 5062 exit
1317 5011 1654 5080 spirationis,
1703 5029 1858 5068 suam
1911 5017 2068 5068 nobis
2124 5017 2367 5070 declarat

2468 5011 2636 5080 πνοῆς
2677 5010 2775 5078 τὴν
2831 5010 2967 5062 ίδίαν
3014 5011 3144 5079 ἡμῖν
3177 5011 3547 5078 ύποσημαῖνον
3589 5006 3823 5076 ὓπαρξιν
3849 5005 3905 5067 ἐξ
3931 5005 4046 5072 άμ-

800 5099 1198 5164 exsistentiani,
1242 5101 1532 5155 manifesto
1568 5103 1636 5156 ab
1663 5113 1894 5173 utroque
1926 5117 2028 5159 est.

1431 5113 1532 5155 :sto
1568 5103 1636 5156 ab
1663 5113 1894 5173 utroque
1926 5117 2028 5159 est.
2467 5104 2586 5168 φοὶν
2616 5102 2896 5171 προδήλως
2927 5103 3093 5154 ἐστίν.

1010 5210 1093 5263 Ex
1121 5215 1277 5266 tertia
1306 5215 1540 5283 ejusdem
1571 5227 1829 5270 tractatus
1857 5222 2145 5276 orationes.
2483 5215 2583 5267 Ἐκ
2617 5231 2672 5267 τί

2483 5215 2583 5267 Ἐκ
2617 5215 2721 5267 τοῦ
2755 5217 2955 5281 τρίτου
2988 5219 3174 5284 λόγου
3218 5215 3328 5282 τῆς
3370 5213 3561 5281 αὐτῆς
3610 5216 4045 5282 πραγματείας.

880 5320 1030 5376 XCII.
1069 5342 1085 5373 i
1127 5323 1235 5377 Nos
1267 5343 1393 5379 vero
1419 5330 1640 5383 minime
1667 5331 1954 5397 opinemur
1980 5347 2240 5400 unquam,
2274 5347 2368 5386 ει·
2539 5335 2542 5375 τ

2539 5329 2652 5394 ιιΒσ.
2691 5346 2710 5379 ι
2755 5330 2992 5381 Ἤκιστα
3031 5330 3085 5380 δὲ
3115 5329 3270 5397 ὑμεῖς
3297 5327 3611 5395 οἰηθείημεν
3639 5327 3704 5378 ἄν
3729 5343 3858 5376 ποτε
3886 5325 4046 5377 νόθον

808 5435 822 5461 ι
867 5425 1078 5468 ternum
1129 5419 1386 5485 quiddam
1442 5437 1584 5484 esse,
1641 5435 1696 5475 et
1761 5439 1930 5490 nuper
1964 5433 2147 5476 natum
2199 5424 2362 5477 Deum

2475 5438 2492 5469 ι
2537 5422 2634 5486 μὲν
2678 5415 2813 5471 εἶναι
2835 5420 2964 5471 Θεὸν
2993 5421 3085 5471 καὶ
3108 5419 3374 5487 ἁρτιφανῆ
3407 5419 3513 5487 τὸν,
3535 5417 3681 5479 Υἱὸν,
3715 5417 4049 5482 ἀγιὰξεσϐαί

804 5523 819 5551 ε
864 5503 1080 5570 Filium,
1120 5511 1577 5580 sunctiﬁcarique,
1620 5514 1700 5565 vel
1742 5514 1903 5566 etiam
1941 5516 2010 5566 ad
2046 5516 2362 5567 liliationem

2474 5531 2491 5561 ι
2541 5528 2622 5575 τε,
2653 5512 2685 5578 ἢ
2720 5511 2849 5575 γοῦν
2896 5513 2972 5572 εἰς
3010 5512 3232 5577 υίὸτητα
3273 5509 3662 5576 διακεκλῆσυαι
3694 5509 3841 5577 παρὰ
3879 5507 4046 5569 Θεοῦ,

805 5616 821 5644 ς
865 5612 1041 5651 vocari
1091 5613 1119 5650 a
1174 5598 1300 5664 Deo,
1333 5611 1386 5654 et
1439 5605 1665 5671 gloriam
1716 5605 1963 5674 accipere
2014 5607 2364 5660 adventitiam

2476 5623 2494 5654 ι
2541 5605 2634 5656 καὶ
2675 5603 2830 5667 δόξαν
2874 5604 3010 5654 ἑλεῖν
3046 5602 3140 5670 τὴν
3165 5603 3474 5671 εἰσποίητον
3512 5603 3608 5655 σὺν
3635 5602 3787 5670 ἡμῖν,
3824 5602 4051 5666 φύσεως

873 5783 914 5808 ⁸³
945 5784 956 5828 l
993 5779 1181 5834 'l'liess.
1218 5799 1298 5838 Ill,
1341 5782 1422 5834 ll.
