4202 6454
736 339 830 400 531

1740 350 1949 410 JOAN.
1993 350 2202 410 vacet
2240 351 2353 442 cr.
2395 350 2895 412 PATRIAHCHIE

3846 352 3999 416 5.32

737 478 753 508 ι
792 457 1041 526 accipiet,
1079 478 1098 512 ι
1147 470 1200 515 et
1244 463 1549 518 naturalem
1588 465 1976 533 proprietatem
2011 466 2286 534 signiﬁca-
2317 475 2363 531 Α

2317 475 2363 531 Α
2398 488 2414 519 ι
2454 470 2835 537 εὐοσμοτὰτων
2870 468 3082 524 ἀνθέων
3125 472 3255 540 περὶ
3295 468 3396 540 τῆς
3434 472 3492 537 ἐξ
3523 470 3714 523 ἑαυτοῦ
3741 474 3954 526 διασκι-

736 570 752 594 σ
794 551 883 616 rit,
923 560 978 607 et
1008 569 1114 608 non
1158 554 1360 622 aliquid
1394 558 1551 624 quasi
1596 558 1929 626 participans
1971 560 2286 613 discretum.

735 661 750 689 ι
794 641 883 695 Sic
938 644 1206 710 intelligas
1255 646 1323 701 de
1376 646 1517 702 Filio
1554 655 1608 701 et
1660 650 1726 702 de
1784 648 2011 717 Spiritu.
2053 650 2291 715 Spiritus

736 758 751 783 ι
796 737 936 790 enim
993 737 1277 805 sapientiae
1325 750 1380 793 et
1420 741 1636 793 virtutis
1682 742 1973 804 exsistens,
2024 742 2290 811 sapientia

738 844 753 869 α
799 826 1023 877 ωιιηίηο
1061 837 1112 877 ct
1162 828 1332 881 virtus
1382 836 1485 893 est,
1531 839 1696 882 totam
1724 846 1789 884 ex
1836 842 1950 885 toto
1988 833 2290 886 efﬁcaciam

738 937 755 965 ε
798 917 1134 972 emittentem
1182 919 1233 971 in
1289 934 1348 973 se
1389 920 1505 989 ipsa
1559 936 1910 985 conservans.
1957 934 2011 979 et
2051 926 2204 994 quasi
2236 926 2290 980 in

738 1028 751 1049 ε
801 1009 1017 1075 propria
1069 1018 1263 1062 natura
1311 1011 1448 1065 bene
1496 1015 1786 1070 ostendens
1838 1030 1980 1079 eam,
2021 1031 2142 1084 qua:
2187 1028 2290 1071 est.

743 1119 755 1141 ε
798 1097 1090 1166 Postquam
1152 1098 1331 1154 autem
1390 1102 1551 1167 dixit,
1612 1124 1629 1155 ι
1673 1104 1749 1158 De
1811 1122 1932 1160 meo
1983 1108 2232 1175 accipiet,
2268 1125 2287 1158 ι

739 1209 755 1233 ο
798 1191 1051 1269 appésuit
1084 1193 1394 1246 necessario
1418 1232 1432 1255 ,
1477 1211 1494 1244 ι
1519 1193 1708 1247 Omnia
1760 1211 2099 1264 quaecunque
2131 1199 2293 1251 habet

742 1304 755 1322 -
802 1280 955 1333 Pater
999 1297 1116 1335 mea
1176 1292 1304 1337 sunt
1338 1282 1384 1315 ⁸³
1446 1298 1460 1335 :
1526 1296 1745 1353 prOpter
1801 1286 1906 1341 ltoc
1954 1288 2061 1340 dixi
2118 1288 2291 1352 vobis,

741 1395 754 1417 ι
798 1373 945 1440 quod
1000 1374 1067 1429 de
1122 1389 1243 1429 meo
1293 1378 1510 1444 accipit.
1553 1395 1571 1427 ι
1624 1376 2087 1441 Quemadmodum
2150 1379 2292 1430 enim

741 1486 757 1512 ι
797 1474 1022 1520 sanctus
1073 1476 1159 1521 est
1204 1470 1503 1523 secundum
1561 1478 1836 1533 naturam,
1904 1470 2156 1539 quoniam
2212 1482 2295 1525 est

741 1575 757 1600 ι
794 1556 966 1609 sancti
1027 1555 1202 1611 Patris
1250 1558 1505 1626 Spiritus,
1559 1560 1633 1613 ita
1666 1569 1720 1614 et
1766 1561 2005 1627 sapiens,
2045 1561 2295 1629 quamlu-

740 1667 755 1691 ο
800 1638 1016 1713 quidem
1067 1648 1345 1716 sapientiae
1398 1650 1635 1716 Spiritus
1688 1662 1800 1715 est,
1852 1654 2117 1719 sapientia
2168 1668 2297 1710 vero

741 1760 757 1781 ι
803 1735 991 1789 Filius.
1034 1737 1098 1789 Et
1131 1755 1404 1807 nunquam
1439 1739 1673 1795 dicimus
1722 1744 2023 1796 secundum
2058 1746 2294 1814 aliquam

2399 578 2416 610 ι
2450 559 2721 628 δναμένης
2749 559 2941 628 ὀδμῆς,
2965 560 3059 613 καὶ
3083 563 3201 622 ταῖς
3230 559 3339 620 τῷν
3365 560 3732 631 παρεστώτων
3759 562 3957 630 αίσθή-

2396 668 2414 700 ι
2456 664 2605 702 σεσιν
2636 651 3040 719 ἐμπιπτούσης,
3079 650 3212 719 λέγῃ
3257 652 3360 714 ὅτι,
3425 651 3521 702 Ἐκ
3555 650 3648 702 τοῦ
3688 650 3821 719 ἐμοῦ
3854 650 3957 719 λή-

2397 760 2416 792 ι
2452 743 2635 810 ψεται,
2657 744 2751 796 καὶ
2778 745 2878 813 τὴν
2910 746 3143 813 φυσικὴν
3166 747 3459 814 οὖσινὶτητα
3481 744 3839 812 κατασημήνῃ
3866 742 3956 804 ἂν,

2398 852 2417 883 ι
2455 834 2546 886 καὶ
2588 834 2708 888 οῠτι
2737 853 2836 887 που
2871 837 2931 887 τὸ
2956 836 3029 899 ὡς
3056 839 3112 889 ὲν
3143 836 3358 905 μεθέξει
3413 835 3776 905 διῃρημένως.
3825 826 3959 883 Ὧδέ

2399 942 2417 975 ι
2458 943 2534 994 πη
2565 929 2777 995 νοήσεις
2804 928 2897 979 καὶ
2925 927 3010 995 ἐφ’
3039 927 3189 989 Υἱοῦ,
3222 929 3317 979 καλ⁵
3353 927 3693 994 Πνεύματος,
3731 922 3961 989 Πνεῦμα

2399 1039 2417 1071 ι
2456 1018 2566 1087 γὰρ
2614 1019 2807 1086 σοφίας
2833 1020 2927 1071 καὶ
2959 1023 3228 1083 συνέσεως
3258 1020 3339 1081 ὃν,
3376 1019 3542 1085 σοφία
3578 1017 3793 1076 παντως
3837 1012 3963 1065 ἐστὶ

2399 1126 2417 1158 ι
2458 1108 2550 1161 καὶ
2575 1107 2825 1177 δύναμις,
2853 1108 2982 1179 ὅλην
3009 1108 3068 1172 ὲξ
3098 1109 3221 1161 ὅλου
3250 1109 3346 1178 τὴν
3372 1107 3465 1160 τοῦ
3500 1105 3783 1171 προῖέντος
3808 1102 3967 1170 ὲνέρ-

2400 1217 2419 1249 ε
2456 1215 2609 1264 γειαν
2660 1198 2949 1263 ἀποσῶζον
2993 1201 3050 1251 ὲν
3079 1199 3278 1268 ἑαυτῷ,
3306 1199 3400 1251 καὶ
3431 1200 3486 1250 ἐν
3523 1196 3629 1266 ἰδίᾳ
3663 1195 3822 1264 φύσει
3856 1210 3964 1245 κα-

2401 1310 2419 1341 ι
2457 1290 2768 1343 ταδεικνύον
2801 1290 2858 1343 εὖ
2902 1292 3067 1360 μάλα,
3114 1292 3215 1360 τὴν
3253 1292 3392 1360 ὅπερ
3429 1288 3599 1342 ἐστίν.
3649 1286 3868 1354 Ἐπειδὴ
3906 1286 3966 1338 δὲ

2402 1401 2419 1431 ι
2458 1382 2516 1434 τὸ
2550 1401 2566 1432 ι
2593 1382 2685 1433 Ἐκ
2741 1384 2834 1435 τοῦ
2869 1384 3003 1452 ἐμοῦ
3027 1384 3277 1452 λήψεται,
3309 1400 3326 1432 ι
3371 1384 3524 1448 φησὶ,
3572 1378 3971 1448 προστέθεικεν

2402 1488 2419 1517 ι
2462 1470 2771 1533 ἀναγκαίως
2791 1470 2871 1521 ὃτι
2892 1488 2911 1520 ι
2936 1471 3119 1523 Πάντα
3148 1472 3247 1523 ὅσα
3275 1470 3386 1539 ἔχει
3416 1472 3444 1523 6
3470 1468 3653 1537 Πατὴρ
3677 1469 3784 1536 ἐμά
3819 1468 3965 1517 ἐστι.

2403 1578 2421 1610 ι
2462 1560 2559 1612 Διὰ
2580 1560 2738 1612 τοῦτο
2762 1558 2916 1612 εἷπον
2939 1562 3070 1629 ὑμῖν
3098 1563 3179 1614 ὅτι
3215 1565 3279 1613 ἐκ
3318 1561 3412 1613 τοῦ
3447 1559 3581 1630 ἐμοῦ
3610 1557 3901 1627 λαμϐάνει.
3942 1574 3960 1606 ι

2403 1670 2421 1701 ι
2464 1653 2674 1721 Ὥσπερ
2726 1652 2880 1719 ἅγιόν
2932 1654 3048 1705 ἐστι
3102 1652 3242 1704 κατά
3290 1651 3475 1719 φύσιν,
3529 1650 3760 1716 ἐπείπερ
3812 1649 3971 1699 ἐστὶν

2406 1761 2422 1793 ι
2465 1744 2622 1810 ἁγίου
2660 1744 2871 1811 Πατρὸς
2909 1743 3153 1811 Πνεῦμα,
3197 1742 3342 1796 οὔτω
3377 1744 3470 1794 καὶ
3502 1741 3684 1808 σοφὸν,
3731 1739 3851 1790 ἐπεί
3882 1756 3970 1790 τοι

744 1846 758 1869 ς
803 1825 1174 1879 habitudinem
1225 1838 1279 1881 et
1328 1830 1802 1899 participationem
1855 1833 2116 1901 Spiritum
2173 1849 2295 1889 esse
2326 1820 2371 1878 Β

2326 1820 2371 1878 Β
2405 1855 2421 1885 ι
2463 1835 2654 1903 σοφίας
2696 1834 2921 1904 Πνεῦμα
2956 1836 3091 1897 ἐστι,
3138 1835 3296 1902 σοφία
3343 1835 3399 1886 δὲ
3449 1836 3477 1885 6
3522 1835 3669 1894 Υἱός.
3713 1832 3818 1885 Καὶ
3846 1829 3972 1881 οῦτι

744 1941 756 1959 σ
800 1928 1047 1971 sanetum
1079 1928 1132 1971 et
1161 1920 1481 1988 sapientem,
1509 1921 1603 1976 sed
1632 1924 2065 1979 substantialiter
2093 1926 2294 1994 potius,

745 2039 756 2053 ι
802 2020 854 2063 et
882 2010 1038 2077 quasi
1096 2011 1364 2066 naturalis
1411 2013 1657 2082 quaedam
1692 2015 1928 2083 qualitas
1982 2026 2183 2070 sancta:
2217 2031 2302 2070 sa-

746 2126 758 2143 υ
801 2101 1104 2168 pientisque
1154 2103 1474 2170 divinitatis,
1507 2120 1628 2174 quae
1664 2108 1823 2160 sicuti
1865 2108 1918 2160 in
1971 2106 2208 2172 Patrezet
2246 2108 2299 2161 in

746 2217 759 2239 ι
807 2193 961 2257 Filio,
996 2193 1071 2247 ita
1118 2206 1171 2246 et
1216 2194 1270 2248 in
1313 2196 1429 2264 ipso
1474 2195 1680 2266 Spiritu
1731 2199 2075 2269 intelligitur.
2118 2198 2300 2253 Patris

747 2316 759 2331 -
801 2295 983 2339 autem
1024 2289 1310 2355 Spiritum,
1343 2288 1604 2358 Spiritum
1634 2306 1754 2345 esse
1789 2290 1937 2357 Filii,
1977 2293 2092 2360 ipse
2125 2308 2220 2361 per
2246 2307 2304 2347 se

746 2376 779 2422 ε’
801 2377 972 2444 ipsum
1001 2380 1233 2442 erndiet,
1271 2380 1458 2435 dicens
1488 2399 1503 2435 :
1559 2401 1578 2434 ι
1613 2384 1845 2448 Quando
1895 2386 2105 2440 venerit
2130 2384 2301 2440 Para-

746 2491 761 2512 ι
802 2470 1003 2534 cietus,
1049 2486 1209 2540 quem
1255 2488 1355 2541 ego
1398 2474 1606 2528 mittam
1668 2478 1824 2531 vobis
1882 2493 1911 2532 a
1947 2477 2126 2543 Patre,
2180 2479 2304 2548 Spi—

748 2587 763 2606 ι
810 2561 974 2614 ritum
1035 2563 1303 2630 veritatis,
1347 2566 1492 2634 quia
1525 2565 1683 2621 Patre
1715 2572 1983 2637 procedit,
2028 2571 2117 2624 ille
2150 2572 2305 2626 testi-

749 2673 763 2702 ι
809 2655 1050 2707 monium
1087 2656 1391 2724 perbibebit
1436 2658 1505 2714 de
1534 2674 1618 2713 me
1647 2660 1716 2714 “.
1756 2680 1773 2712 ι
1828 2661 2090 2731 lntelligis
2116 2663 2302 2733 igitur,

753 2776 764 2793 .
803 2749 1084 2813 quomodo
1112 2752 1389 2818 pr0prium
1418 2752 1702 2820 promittat
1736 2768 1793 2807 se
1829 2756 2123 2809 missurum
2149 2755 2307 2809 nobis

750 2863 764 2886 ι
805 2855 869 2893 ex
921 2840 1097 2905 Patre,
1136 2851 1189 2895 et
1242 2841 1506 2910 Spiritum
1563 2845 1783 2914 quidem
1832 2848 2077 2899 veritatis
2128 2856 2302 2911 vocet,

753 2957 767 2977 ι
805 2947 1066 2985 emanare
1117 2934 1281 2987 etiam
1326 2950 1391 2987 ex
1444 2936 1559 3003 ipso
1592 2937 1817 2991 deﬁniat
1850 2936 2030 3003 Patre,
2076 2947 2131 2992 et
2162 2938 2305 3007 quod

751 3044 765 3069 ‹
806 3024 971 3075 etiam
1012 3024 1380 3077 testinmniutu
1419 3026 1483 3078 dc
1524 3042 1583 3101 se
1634 3028 2131 3095 perliibiturussis.
2174 3044 2309 3097 pra:-

2406 1944 2425 1978 t
2466 1926 2568 1978 πού
2595 1943 2775 1995 φαμεν
2806 1926 2881 1987 ὡς
2908 1927 3050 1978 κατά
3084 1925 3267 1996 σχέσιν
3288 1925 3411 1978 τινὰ
3441 1924 3535 1976 καὶ¹
3561 1924 3779 1992 μέθεξιν
3812 1922 3974 1989 ἆγιόν

2409 2038 2427 2072 ι
2465 2021 2581 2071 ἔστι
2625 2020 2685 2071 τὸ
2728 2018 2950 2088 Πνεῦμα
2983 2019 3079 2072 καὶ
3122 2018 3306 2086 σοφὸν,
3341 2017 3614 2078 οὖσιωδῶς
3655 2015 3711 2069 δὲ
3742 2014 3972 2083 μᾶλλον,

2410 2130 2427 2159 ι
2465 2112 2558 2162 καὶ
2600 2108 2764 2163 οἷονεί
2798 2128 2883 2172 τις
2927 2115 3132 2178 φυσικὴ
3176 2111 3400 2176 ποιότης
3440 2109 3537 2175 τῆς
3585 2108 3747 2174 ἁγίας
3780 2123 3837 2156 τε
3874 2104 3977 2157 καὶ

2412 2222 2430 2254 ι
2471 2205 2640 2271 σοφῆς
2666 2203 2939 2273 θεότητος,
2976 2204 3074 2270 τῆς
3116 2201 3190 2263 ὡς
3237 2204 3296 2254 ὲν
3342 2200 3517 2270 Πατρὶ
3552 2201 3647 2252 καὶ
3674 2198 3786 2266 Υῐῷ
3813 2214 3968 2248 vocu-

2410 2314 2429 2345 ι
2470 2297 2636 2365 μένης
2671 2294 2763 2347 καὶ
2794 2298 2850 2347 έν
2879 2294 3028 2363 αὐτῷ
3059 2293 3135 2362 τῷ
3174 2291 3471 2360 Πνεύματι.
3530 2291 3653 2343 Ὅτι
3689 2289 3746 2342 δὲ
3780 2288 3839 2340 τὸ
3874 2285 3976 2338 τοῦ

2413 2407 2431 2441 t
2474 2388 2686 2457 Πατρος
2717 2387 2964 2457 Πνεῦμα,
2998 2387 3220 2456 Πνεῦμά
3251 2387 3366 2437 ἐστι
3404 2382 3498 2437 τοῦ
3526 2380 3678 2445 Υίοῦ,
3717 2380 3880 2441 αὐτός
3907 2394 3977 2445 γε

2412 2501 2431 2534 ι
2466 2481 2532 2534 6.‘
2559 2478 2753 2533 ἑαυτοῦ
2783 2484 3206 2549 μυσταγωγὴσει
3245 2477 3449 2542 λέγων·
3484 2492 3504 2526 t
3544 2475 3713 2526 Ὅταν
3749 2471 3806 2523 δὲ
3841 2470 3980 2540 ἔλθῃ

2413 2587 2431 2620 t
2469 2571 2495 2619 6
2558 2568 2932 2638 Παράκλητος,
2983 2567 3043 2620 ὃν
3087 2565 3197 2634 ἐγὼ
3243 2567 3445 2634 πέμψω
3493 2564 3625 2633 ὑμῖν
3672 2560 3825 2629 παρὰ
3874 2558 3978 2610 τοῦ

2414 2678 2432 2711 ι
2473 2659 2705 2728 Πατρδς,
2748 2659 2809 2711 τὸ
2872 2659 3095 2727 Πνεῦμα
3139 2658 3239 2726 τῆς
3274 2655 3553 2725 ἀληθείας,
3599 2653 3629 2704 6
3674 2651 3824 2721 παρὰ
3877 2647 3979 2701 τοῦ

2416 2773 2433 2804 ι
2470 2752 2680 2822 Πατρὸς
2726 2750 3126 2819 ἐκπορεύεται,
3185 2752 3389 2808 ἐκεῖνος
3454 2746 3793 2816 μαρτυρήσει
3843 2740 3982 2808 περὶ

2414 2865 2432 2896 ι
2471 2843 2626 2914 ἐμοῦ.
2676 2845 2871 2911 Συνίης
2916 2838 3033 2905 οὖν,
3084 2842 3231 2902 ὅπως
3273 2840 3347 2901 ὡς
3380 2839 3515 2891 ἴδιον
3568 2833 3979 2903 ἐπαγγέλλεται

2415 2956 2433 2988 ι
2472 2934 2851 3003 καταπέμψειν
2882 2934 3009 3002 ὑμῖν
3037 2932 3096 2985 τὸ
3131 2935 3193 2984 ὲκ
3234 2931 3327 2984 τοῦ
3358 2928 3592 2997 Πατρδς,
3625 2926 3721 2980 καὶ
3749 2922 3979 2992 Πνεῦμα

2417 3046 2434 3077 ι
2475 3027 2575 3097 μὲν
2618 3026 2874 3096 ἀληθείας
2921 3025 3207 3089 ἀποκαλεῖ,
3264 3021 3582 3092 προχεῖσθαί
3634 3035 3696 3084 γε
3748 3017 3853 3086 μὴν
3916 3013 3982 3075 ἐξ

751 3136 767 3162 ε
814 3114 1050 3168 nuntiat.
1104 3112 1238 3168 Her.
1314 3114 1379 3167 Et
1435 3118 1557 3183 quis
1619 3116 1948 3187 intelligetur
2010 3118 2377 3207 testimoniic

2332 3146 2377 3207 C
2417 3140 2433 3170 ι
2475 3119 2639 3171 αὐτοῦ
2666 3118 2957 3187 διωρίσατο
2989 3116 3083 3169 τοῦ
3124 3117 3357 3183 Πατρός.
3390 3116 3498 3167 Καὶ
3526 3113 3630 3207 μὴν
3656 3114 3736 3207 ὅτι
3768 3126 3981 3207 paratu-—

751 3228 765 3249 ε
806 3206 1037 3260 modus?
1081 3206 1245 3275 Cyril.
1282 3205 1419 3261 Nam
1457 3210 1715 3277 quoniam
1744 3225 1806 3264 ea
1842 3227 1963 3278 qua:
1988 3211 2083 3265 Dei
2117 3225 2309 3279 Opera-

755 3317 770 3344 ι
812 3307 898 3349 tus
926 3287 1028 3350 'est
1072 3313 1167 3367 per
1221 3313 1417 3353 manus
1455 3311 1815 3364 sanctorum,
1865 3301 2186 3355 testiﬁcatus
2224 3310 2310 3355 est

753 3409 768 3436 I
808 3390 1108 3453 evidenter,
1153 3388 1322 3444 Deum
1360 3405 1481 3444 esse
1524 3389 1740 3455 Filium,
1774 3390 1932 3459 cujus
1971 3400 2027 3448 et
2073 3390 2310 3459 Spiritus

754 3501 768 3527 ι
802 3489 906 3541 est,
934 3478 1396 3548 quemadmodum
1433 3482 1637 3536 scilicet
1666 3480 1864 3537 Patris.
1899 3502 1918 3533 ι

1332 3667 1753 3720 Αηὶιηαάυει·δίο.

830 3779 847 3809 ι
888 3757 1054 3811 Plane
1087 3757 1422 3811 admirabilis
1456 3766 1541 3811 est
1572 3757 1687 3811 bare
1725 3759 1993 3828 pericope,
2044 3760 2230 3814 multis
2259 3761 2314 3814 in

762 3884 775 3900 ι
837 3850 969 3906 locis
991 3866 1055 3903 ex
1086 3848 1241 3902 Patre
1267 3864 1360 3917 per
1377 3847 1573 3901 Filium
1611 3847 1873 3917 Spiritum
1899 3865 2019 3904 esse
2042 3852 2314 3919 indicans,

761 3963 777 3993 ι
824 3944 916 3997 sed
966 3942 1022 3994 in
1082 3939 1190 3992 illis
1223 3939 1587 4008 potissimum,
1646 3942 1927 4009 inquibus
1984 3942 2315 3998 Salvatorem

759 4055 773 4083 ι
831 4033 1069 4097 adducit,
1101 4032 1360 4101 Spiritum
1403 4032 1645 4087 veritatis
1696 4033 1957 4102 Spiritum
1992 4036 2166 4103 ipsum
2222 4052 2317 4088 vo-

759 4147 775 4174 ‹
836 4135 1072 4189 cantem,
1105 4124 1218 4176 sive
1257 4124 1342 4176 sui
1390 4125 1561 4191 ipsius
1589 4141 1602 4177 :
1630 4127 1744 4192 ipse
1771 4128 1913 4179 enim
1953 4126 2159 4180 veritas
2212 4137 2316 4192 est,

761 4238 777 4267 ι
833 4228 888 4272 et
927 4216 1129 4272 eﬂ‘undi
1185 4230 1307 4283 eum
1356 4231 1423 4270 ex
1457 4217 1575 4283 ipso
1624 4215 1785 4270 Patre
1821 4218 2186 4272 detiuicntem.
2245 4219 2322 4274 Ne

762 4329 776 4355 ι
828 4321 955 4361 vero
981 4322 1168 4376 parum
1191 4316 1347 4359 caute
1370 4316 1716 4375 pertranseas
1742 4308 1868 4361 illud
1889 4325 1954 4362 ex
1988 4310 2105 4376 ipso
2135 4326 2150 4362 :
2183 4311 2322 4365 forte

761 4421 776 4448 ι
838 4400 979 4452 enim
1010 4413 1117 4452 non
1148 4413 1212 4451 ex
1245 4398 1356 4450 ullu
1412 4398 1520 4451 alio
1556 4398 1704 4451 illum
1762 4414 1882 4452 esse
1921 4400 2207 4469 signiﬁcat,
2242 4403 2319 4456 uti

766 4511 781 4539 ι
830 4491 968 4560 ipse,
1000 4505 1097 4542 nec
1120 4495 1248 4556 puto
1276 4489 1519 4553 nte-falli,
1552 4489 1943 4544 animadverto.
1978 4508 1997 4540 ι

1374 4566 1381 4571 ”
1404 4579 1697 4649 Refutatio.

826 4671 948 4725 Uno
1002 4672 1253 4739 equidem
1307 4688 1577 4727 consensu
1648 4672 1736 4726 hic
1784 4673 2085 4743 iungimur,
2135 4677 2324 4729 admo-

758 4764 888 4816 dum
923 4762 1294 4815 admirabilem
1347 4778 1470 4817 esse
1510 4763 1652 4817 hanc
1704 4767 2034 4833 pericopem.
2071 4782 2193 4835 quae
2229 4782 2323 4819 va-

759 4856 854 4910 riis
885 4857 937 4908 iu
980 4856 1116 4910 locis
1146 4856 1506 4925 cognitionem
1559 4857 1801 4925 ingerere
1854 4860 2050 4925 poterit
2096 4860 2195 4923 illi,
2229 4862 2320 4928 qui

756 4962 876 5000 eam
906 4956 1063 4999 caute
1120 4946 1430 5016 perlegerit,
1464 4963 1527 5001 ex
1579 4947 1735 5000 Patre
1769 4958 1823 5002 et
1870 4947 2007 5002 Filio
2061 4949 2322 5015 Spiritum

759 5053 907 5102 esse,
928 5038 1073 5107 quod
1098 5050 1150 5092 et
1187 5053 1243 5092 tu
1274 5054 1489 5107 quoque
1513 5055 1619 5093 non
1643 5040 1691 5095 is
1713 5041 1939 5095 inﬁcias.
1974 5041 2032 5095 lu
2073 5042 2193 5095 aliis
2222 5042 2331 5097 tuis

763 5132 1326 5185 animadversionibus
1357 5132 1793 5200 praepositionem
1824 5147 1888 5184 ex
1910 5143 1962 5186 et
1990 5149 2084 5201 per
2099 5135 2333 5201 aequales

762 5226 908 5278 vires
929 5238 1053 5278 cum
1095 5224 1272 5277 fassus
1319 5222 1507 5283 fueris.
1546 5225 1673 5276 dum
1709 5225 1774 5277 de
1805 5222 1943 5278 Filio
1993 5240 2171 5280 sermo
2206 5234 2289 5279 est
2322 5246 2331 5277 :

766 5318 820 5367 in
859 5314 961 5368 hac
994 5328 1122 5368 vero
1153 5328 1276 5367 cum
1315 5328 1597 5368 assensum
1632 5316 1956 5383 praebueris.
1991 5331 2112 5369 eum
2134 5333 2196 5370 ex
2235 5318 2334 5370 Pa-

766 5418 845 5460 tre
870 5420 965 5475 per
985 5404 1177 5459 Filiqu
1197 5420 1339 5467 esse,
1372 5407 1586 5473 etquod
1618 5421 1726 5475 pra:
1758 5407 1877 5460 aliis
1902 5407 2339 5461 animadverten-

764 5499 893 5551 dum
928 5506 1030 5558 cst,
1074 5506 1126 5549 et
1190 5498 1329 5549 banc
1386 5498 1707 5549 sententiam
1769 5508 2203 5551 commonstrans
2234 5509 2337 5559 est,

764 5588 909 5653 quod
944 5596 1165 5641 sanctus
1200 5585 1530 5639 Salvatorem
1553 5585 2057 5641 adducatdicentem
2100 5606 2109 5616 ·
2153 5607 2169 5638 ι
2203 5585 2336 5642 Cum

872 5764 1056 5820 ‘lnan.
1097 5782 1200 5818 ιιι-ι.
1248 5766 1330 5817 lii.
1411 5766 1631 5821 “.loan.
1672 5782 1757 5828 xv,
1786 5766 1871 5818 ‘26.

2418 3231 2435 3262 ι
2478 3213 2631 3280 ρήσει
2674 3212 2802 3278 περὶ
2840 3209 3006 3262 αὑτοῦ
3051 3207 3497 3276 προμεμήνυκεν.
3547 3204 3829 3271 Ἑρμείας.
3866 3200 3985 3253 Καὶ

2418 3327 2434 3355 ι
2474 3304 2556 3365 τίς
2581 3305 2647 3357 ἂν
2678 3305 2850 3355 νοοῖτο
2873 3300 2976 3370 τῆς
3004 3299 3311 3370 μαρτυρίας
3332 3300 3359 3351 6
3390 3298 3626 3367 τρόπος;
3658 3296 3980 3363 Κύριλλος.

2418 3418 2434 3445 ε
2491 3396 2643 3449 Ἐπεὶ
2661 3394 2770 3464 γὰρ
2797 3394 3069 3463 ὲνήργηκε
3093 3392 3161 3444 τὰ
3181 3389 3274 3443 τοῦ
3306 3388 3441 3441 Θεοῦ
3469 3389 3561 3442 διὰ
3584 3389 3765 3457 χειρὸς
3781 3386 3985 3451 ἀγίων,

2421 3509 2437 3539 ι
2480 3486 2907 3555 μεμαρτύρηκεν
2948 3482 3197 3552 ἐναργῶς
3248 3482 3331 3534 ὅτι
3372 3480 3507 3541 Θεὸς
3553 3482 3701 3531 ἐστιν
3752 3480 3780 3530 6
3828 3475 3985 3536 Υἱὸς.

2422 3601 2438 3628 σ
2474 3576 2535 3631 οῦ
2559 3579 2653 3630 καὶ
2675 3577 2900 3647 Πνεῦμά
2927 3578 3065 3636 ἐστι,
3093 3574 3343 3641 καθάπερ
3365 3571 3559 3640 ἀμέλει
3581 3569 3674 3622 τοῦ
3707 3568 3979 3637 Πατρός.»

3015 3664 3395 3719 Ἐπιστασιά.

2493 3783 2509 3814 ι
2547 3761 2846 3832 Θαυμαστὴ
2883 3760 3024 3813 πάνυ
3059 3759 3091 3827 ἡ
3121 3756 3393 3827 περικοπή
3425 3754 3584 3816 αὕτη,
3623 3754 3679 3806 ὲν
3704 3750 3990 3819 διαᾳόροις

2427 3878 2443 3908 ι
2492 3857 2707 3925 χωρίοις
2738 3854 2907 3920 αὐτῆς
2934 3854 2996 3904 ὲκ
3020 3851 3225 3919 Πατρὸς
3257 3850 3325 3901 δι’
3349 3848 3479 3900 Υίοῦ
3509 3848 3568 3899 τὸ
3598 3844 3814 3909 Πνεῦμα
3840 3842 3991 3894 διδά-

2426 3968 2443 3999 ι
2492 3964 2714 4009 σκουσα,
2740 3947 2795 3998 ὲν
2826 3941 2905 4006 οἷς
2928 3944 2983 3997 δὲ
3016 3941 3213 4010 μᾶλλον
3243 3939 3406 3992 αὑτὸν
3432 3937 3523 3990 τὸν
3551 3936 3776 4003 Σωτῆρα
3800 3934 3993 4001 παρα-

2427 4062 2444 4090 ι
2489 4057 2592 4108 γει,
2611 4039 2837 4101 Πνεῦμα
2861 4037 2955 4105 μὲν
2980 4034 3231 4102 ἀληθείας
3256 4030 3634 4085 ἀποκαλοῦντα
3656 4030 3714 4081 τδ
3742 4026 3995 4094 Πνεῦμα,

2428 4150 2444 4181 ι
2491 4133 2609 4199 ἦτοι
2638 4128 2828 4184 αὑτοῦ·
2863 4128 3023 4187 αὐτὸς
3069 4127 3177 4195 γάρ
3222 4126 3369 4176 ἑστιν
3405 4124 3435 4192 ή
3470 4120 3719 4189 ἀλήθεια,
3762 4122 3996 4187 προχεῖ-

2430 4242 2446 4274 ι
2491 4224 2612 4275 σθαι
2656 4221 2712 4274 δὲ
2760 4219 3002 4283 τοῦτοεξ
3032 4219 3194 4271 αὐτοῦ
3226 4216 3321 4269 τοῦ
3371 4214 3583 4283 Πατρδς
3616 4210 3998 4283 προσδιοριζό-

2428 4332 2446 4365 ι
2494 4328 2676 4381 μενον.
2705 4310 2798 4377 Μὴ
2845 4311 2902 4361 ἓν
2931 4307 3197 4377 παρέργῳ
3241 4306 3298 4358 δὲ
3330 4305 3391 4357 τὸ
3418 4305 3477 4369 ἐξ
3510 4302 3675 4356 αὑτοῦ
3710 4300 4000 4370 παραδρά-

2432 4423 2449 4454 ι
2494 4416 2619 4474 μῃς.
2656 4398 2810 4469 Τάχα
2840 4401 2950 4467 γὰρ
2980 4399 3041 4449 τὸ
3082 4396 3202 4465 οὐχὶ
3232 4397 3326 4447 καὶ
3368 4394 3425 4460 ἐξ
3454 4394 3615 4448 ἄλλον
3647 4392 3789 4453 τινὸς
3835 4390 4001 4443 τοῦτο

2352 4477 2399 4533 D
2435 4516 2454 4548 ι
2493 4496 2807 4565 παρίστησι,
2832 4493 2977 4547 κατά
3000 4492 3060 4543 τὸ
3090 4490 3228 4551 τέως
3259 4490 3381 4554 ἐμοὶ
3410 4487 3834 4556 παριστάμενον.
3874 4504 3894 4534 ι

3022 4583 3171 4636 Ἀντί
3164 4583 3404 4650 ρῤησις.

2500 4680 2764 4749 Σύμφημί
2815 4694 2896 4729 σοι
2942 4675 3036 4727 καὶ
3064 4674 3225 4734 αὐτὸς
3256 4672 3331 4733 ὡς
3378 4669 3663 4737 θαυμαστή
3699 4668 3815 4720 ἐστι
3848 4666 4001 4718 πάνυ

2431 4773 2465 4841 ή
2519 4770 2745 4841 ῥηθεῖσα
2794 4764 3092 4836 περικοπή,
3143 4765 3202 4817 ὲν
3239 4762 3515 4830 διαφόροις
3561 4760 3781 4829 χωρίοις
3826 4758 4004 4828 αὐτῆς

2425 4862 2630 4931 γνῶσιν
2668 4860 2967 4927 παρασχεῖν
3023 4855 3295 4924 δυναμένη
3329 4852 3409 4922 τῷ
3437 4850 3799 4910 ὲπιστατικῶς
3833 4851 4004 4915 ἐπερ-

2376 4968 2385 4981 ·
2431 4957 2645 5025 χομένῳ
2674 4950 2862 5021 αὐτὴν,
2892 4951 3038 5011 ὅπως
3071 4949 3136 4999 ὲκ
3160 4947 3372 5015 Πατρὸς
3396 4946 3489 4997 καὶ
3518 4942 3648 4996 Υξοῦ
3679 4943 3741 4993 τὸ
3772 4941 4008 5007 Πνεῦμά

2432 5046 2601 5107 ἐστιν,
2650 5042 2789 5110 ὅπερ
2838 5040 2933 5091 καὶ
2987 5037 3049 5089 σὺ
3080 5037 3241 5098 αὐτὸς
3273 5035 3547 5103 συνιστᾷς,
3580 5033 3637 5083 ἐν
3672 5032 3767 5099 μὲν
3808 5030 4007 5090 ἄλλαις

2434 5133 2778 5195 ὶπιστασίαις
2813 5134 2873 5184 τὸ
2900 5132 2996 5200 τῆς
3027 5128 3098 5192 ἐξ
3124 5129 3217 5181 καὶ
3246 5127 3346 5181 διὰ
3378 5126 3695 5193 ίσοδύναμον
3721 5124 4007 5193 ὁμολογῶν

2434 5228 2527 5281 ἐπὶ
2572 5226 2665 5278 τοῦ
2702 5224 2854 5288 Υἱοῦ,
2887 5222 3116 5276 ἐνταῦθα
3146 5221 3203 5273 δὲ
3242 5221 3306 5272 ὲκ
3355 5217 3565 5287 Πατρδς
3596 5216 3663 5269 δι’
3696 5214 3825 5267 Υῐοῦ
3856 5211 4006 5267 εἶναι

2436 5315 2571 5369 αὐτὸ
2620 5314 3019 5380 συντιθέμενος,
3047 5310 3110 5362 τὸ
3143 5310 3199 5362 δὲ
3245 5308 3309 5379 δὴ
3356 5307 3519 5360 πλέον
3557 5305 3666 5358 τῶν
3696 5306 3867 5357 ἄλλων
3903 5305 4009 5372 τὴν

2436 5408 2646 5459 ἔννοιαν
2683 5404 3070 5473 παρεμφαίνον
3109 5400 3270 5453 τοῦτό
3317 5401 3455 5460 ἐστι,
3490 5397 3755 5466 παράγων
3788 5397 3815 5447 6
3847 5394 4010 5457 ἅγιος

2436 5500 2527 5552 τὸν
2554 5497 2779 5565 Σωτῆρα
2806 5494 3055 5562 λέγοντα,
3089 5511 3106 5543 ι
3138 5491 3308 5544 Ὅταν
3328 5489 3384 5542 δὲ
3411 5488 3540 5558 ἔλθῃ
3562 5490 3589 5541 6
3616 5486 4003 5554 Παράκλητος,

2435 5589 2494 5645 ὃν
2536 5586 2645 5653 ἐγὼ
2676 5585 2876 5653 πέμψω
2920 5584 3048 5650 ὑμῖν
3084 5582 3229 5651 παρά
3265 5581 3355 5634 τοῦ
3406 5580 3636 5647 Πατρδς,
3681 5577 3739 5630 τὸ
3779 5576 4006 5645 Πνεῦμα
