  <div class='ocr_page' id='page_1' title='image "/cluster/home/n/w/nwhite01/storage/ocr_20150623/141/nnc1.0046979964/292.png"; bbox 0 0 4202 6454; ppageno 0'>
   <div class='ocr_carea' id='block_1_1' title="bbox 209 402 3451 467">
    <p class='ocr_par' dir='ltr' id='par_1_1' title="bbox 209 402 3451 467">
     <span class='ocr_line' id='line_1_1' title="bbox 209 402 3451 467; baseline 0.001 -4"><span class='ocrx_word' id='word_1_1' title='bbox 209 402 320 463; x_wconf 60' lang='lat'><strong>53&#39;!</strong></span> <span class='ocrx_word' id='word_1_2' title='bbox 1170 406 1249 464; x_wconf 82' lang='lat' dir='ltr'><strong>1N</strong></span> <span class='ocrx_word' id='word_1_3' title='bbox 1292 404 1686 465; x_wconf 80' lang='lat' dir='ltr'><strong>CAMATERI</strong></span> <span class='ocrx_word' id='word_1_4' title='bbox 1732 404 2478 467; x_wconf 78' lang='lat' dir='ltr'><strong>ANIMADVERSIONES.</strong></span> <span class='ocrx_word' id='word_1_5' title='bbox 3348 406 3451 466; x_wconf 72' lang='grc'><strong>531</strong></span> 
     </span>
    </p>
   </div>
   <div class='ocr_carea' id='block_1_2' title="bbox 207 512 1866 586">
    <p class='ocr_par' dir='ltr' id='par_1_2' title="bbox 207 512 1856 586">
     <span class='ocr_line' id='line_1_2' title="bbox 207 512 1856 586; baseline 0.001 -21"><span class='ocrx_word' id='word_1_6' title='bbox 207 516 317 582; x_wconf 79' lang='grc' dir='ltr'><strong>τῆς</strong></span> <span class='ocrx_word' id='word_1_7' title='bbox 360 512 641 583; x_wconf 68' lang='grc' dir='ltr'><strong>ἀληθείας,</strong></span> <span class='ocrx_word' id='word_1_8' title='bbox 685 512 713 565; x_wconf 89' lang='lat'><strong>6</strong></span> <span class='ocrx_word' id='word_1_9' title='bbox 750 512 899 581; x_wconf 81' lang='grc' dir='ltr'><strong>παρὰ</strong></span> <span class='ocrx_word' id='word_1_10' title='bbox 929 514 1021 567; x_wconf 84' lang='grc' dir='ltr'><strong>τοῦ</strong></span> <span class='ocrx_word' id='word_1_11' title='bbox 1072 517 1285 585; x_wconf 78' lang='grc' dir='ltr'><strong>Πατρδς</strong></span> <span class='ocrx_word' id='word_1_12' title='bbox 1332 518 1717 586; x_wconf 64' lang='grc' dir='ltr'><strong>ἐκπορεύεται,</strong></span> <span class='ocrx_word' id='word_1_13' title='bbox 1758 538 1773 567; x_wconf 82' lang='lat' dir='ltr'><strong>i</strong></span> <span class='ocrx_word' id='word_1_14' title='bbox 1809 528 1856 578; x_wconf 73' lang='grc' dir='ltr'><strong>Α</strong></span> 
     </span>
    </p>
   </div>
   <div class='ocr_carea' id='block_1_3' title="bbox 1789 512 3448 586">
    <p class='ocr_par' dir='ltr' id='par_1_3' title="bbox 1809 513 3448 584">
     <span class='ocr_line' id='line_1_3' title="bbox 1809 513 3448 584; baseline 0.001 -15"><span class='ocrx_word' id='word_1_15' title='bbox 1809 528 1856 578; x_wconf 74' lang='grc' dir='ltr'><strong>Α</strong></span> <span class='ocrx_word' id='word_1_16' title='bbox 1885 516 2090 570; x_wconf 88' lang='lat' dir='ltr'><strong>venerit</strong></span> <span class='ocrx_word' id='word_1_17' title='bbox 2126 515 2466 580; x_wconf 85' lang='lat' dir='ltr'><strong>Paracletus,</strong></span> <span class='ocrx_word' id='word_1_18' title='bbox 2495 528 2656 584; x_wconf 83' lang='lat' dir='ltr'><strong>quem</strong></span> <span class='ocrx_word' id='word_1_19' title='bbox 2675 529 2774 584; x_wconf 65' lang='lat' dir='ltr'><strong>ego</strong></span> <span class='ocrx_word' id='word_1_20' title='bbox 2804 516 3012 569; x_wconf 80' lang='lat' dir='ltr'><strong>mittam</strong></span> <span class='ocrx_word' id='word_1_21' title='bbox 3042 517 3193 569; x_wconf 80' lang='lat' dir='ltr'><strong>vobis</strong></span> <span class='ocrx_word' id='word_1_22' title='bbox 3223 529 3252 569; x_wconf 86' lang='lat' dir='ltr'><strong>a</strong></span> <span class='ocrx_word' id='word_1_23' title='bbox 3275 513 3448 571; x_wconf 83' lang='lat' dir='ltr'><strong>Patre.</strong></span> 
     </span>
    </p>
   </div>
   <div class='ocr_carea' id='block_1_4' title="bbox 210 604 1869 676">
    <p class='ocr_par' dir='ltr' id='par_1_4' title="bbox 210 604 1787 676">
     <span class='ocr_line' id='line_1_4' title="bbox 210 604 1787 676; baseline 0.006 -20"><span class='ocrx_word' id='word_1_24' title='bbox 210 606 419 672; x_wconf 76' lang='grc' dir='ltr'><strong>ὲπάγει</strong></span> <span class='ocrx_word' id='word_1_25' title='bbox 450 604 648 673; x_wconf 66' lang='grc' dir='ltr'><strong>ἑφεξῆς</strong></span> <span class='ocrx_word' id='word_1_26' title='bbox 679 604 754 666; x_wconf 81' lang='grc' dir='ltr'><strong>ὡς</strong></span> <span class='ocrx_word' id='word_1_27' title='bbox 785 606 846 657; x_wconf 75' lang='grc' dir='ltr'><strong>έν</strong></span> <span class='ocrx_word' id='word_1_28' title='bbox 894 607 1191 675; x_wconf 76' lang='grc' dir='ltr'><strong>έρωτήσει,</strong></span> <span class='ocrx_word' id='word_1_29' title='bbox 1236 626 1254 657; x_wconf 77' lang='lat' dir='ltr'><strong>i</strong></span> <span class='ocrx_word' id='word_1_30' title='bbox 1293 608 1487 676; x_wconf 78' lang='grc' dir='ltr'><strong>Συνίης</strong></span> <span class='ocrx_word' id='word_1_31' title='bbox 1518 604 1612 663; x_wconf 83' lang='grc' dir='ltr'><strong>οῦν</strong></span> <span class='ocrx_word' id='word_1_32' title='bbox 1640 611 1787 675; x_wconf 86' lang='grc' dir='ltr'><strong>ὅπως</strong></span> 
     </span>
    </p>
   </div>
   <div class='ocr_carea' id='block_1_5' title="bbox 1793 604 3452 676">
    <p class='ocr_par' dir='ltr' id='par_1_5' title="bbox 1891 604 3452 676">
     <span class='ocr_line' id='line_1_5' title="bbox 1891 604 3452 676; baseline -0.004 -15"><span class='ocrx_word' id='word_1_33' title='bbox 1891 606 2153 676; x_wconf 73' lang='lat' dir='ltr'><strong>Spiritum</strong></span> <span class='ocrx_word' id='word_1_34' title='bbox 2178 606 2441 669; x_wconf 87' lang='lat' dir='ltr'><strong>veritatis,</strong></span> <span class='ocrx_word' id='word_1_35' title='bbox 2474 606 2568 675; x_wconf 87' lang='lat' dir='ltr'><strong>qui</strong></span> <span class='ocrx_word' id='word_1_36' title='bbox 2596 622 2624 660; x_wconf 92' lang='lat' dir='ltr'><strong>a</strong></span> <span class='ocrx_word' id='word_1_37' title='bbox 2650 604 2807 661; x_wconf 89' lang='lat' dir='ltr'><strong>Patre</strong></span> <span class='ocrx_word' id='word_1_38' title='bbox 2846 608 3108 676; x_wconf 86' lang='lat' dir='ltr'><strong>procedit,</strong></span> <span class='ocrx_word' id='word_1_39' title='bbox 3144 625 3163 658; x_wconf 73' lang='grc' dir='ltr'><strong>ι</strong></span> <span class='ocrx_word' id='word_1_40' title='bbox 3193 605 3452 660; x_wconf 83' lang='lat' dir='ltr'><strong>subnectii</strong></span> 
     </span>
    </p>
   </div>
   <div class='ocr_carea' id='block_1_6' title="bbox 214 696 1873 772">
    <p class='ocr_par' dir='ltr' id='par_1_6' title="bbox 214 696 1789 769">
     <span class='ocr_line' id='line_1_6' title="bbox 214 696 1789 769; baseline 0.008 -25"><span class='ocrx_word' id='word_1_41' title='bbox 214 696 296 766; x_wconf 69' lang='grc' dir='ltr'><strong>ὡς</strong></span> <span class='ocrx_word' id='word_1_42' title='bbox 358 696 493 749; x_wconf 78' lang='grc' dir='ltr'><strong>[διον</strong></span> <span class='ocrx_word' id='word_1_43' title='bbox 523 696 919 763; x_wconf 72' lang='grc' dir='ltr'><strong>ἐπαγγέλλεται</strong></span> <span class='ocrx_word' id='word_1_44' title='bbox 969 699 1353 767; x_wconf 78' lang='grc' dir='ltr'><strong>καταπέμψειν</strong></span> <span class='ocrx_word' id='word_1_45' title='bbox 1398 701 1530 769; x_wconf 77' lang='grc' dir='ltr'><strong>ἡμῖν</strong></span> <span class='ocrx_word' id='word_1_46' title='bbox 1579 702 1644 754; x_wconf 71' lang='grc' dir='ltr'><strong>ὲκ</strong></span> <span class='ocrx_word' id='word_1_47' title='bbox 1694 703 1789 756; x_wconf 87' lang='grc' dir='ltr'><strong>τοῦ</strong></span> 
     </span>
    </p>
   </div>
   <div class='ocr_carea' id='block_1_7' title="bbox 1799 696 3458 772">
    <p class='ocr_par' dir='ltr' id='par_1_7' title="bbox 1889 702 3458 772">
     <span class='ocr_line' id='line_1_7' title="bbox 1889 702 3458 772; baseline -0.004 -13"><span class='ocrx_word' id='word_1_48' title='bbox 1889 704 2040 759; x_wconf 84' lang='lat' dir='ltr'><strong>illico</strong></span> <span class='ocrx_word' id='word_1_49' title='bbox 2071 707 2410 771; x_wconf 71' lang='lat' dir='ltr'><strong>interrogans</strong></span> <span class='ocrx_word' id='word_1_50' title='bbox 2442 717 2456 756; x_wconf 88' lang='lat'><strong>:</strong></span> <span class='ocrx_word' id='word_1_51' title='bbox 2493 702 2793 770; x_wconf 75' lang='lat' dir='ltr'><strong>ilntelligis‘</strong></span> <span class='ocrx_word' id='word_1_52' title='bbox 2820 702 2983 772; x_wconf 82' lang='lat' dir='ltr'><strong>igitur</strong></span> <span class='ocrx_word' id='word_1_53' title='bbox 3027 702 3299 771; x_wconf 90' lang='lat' dir='ltr'><strong>quomodo</strong></span> <span class='ocrx_word' id='word_1_54' title='bbox 3333 715 3458 769; x_wconf 89' lang='lat' dir='ltr'><strong>pro-</strong></span> 
     </span>
    </p>
   </div>
   <div class='ocr_carea' id='block_1_8' title="bbox 215 787 1874 865">
    <p class='ocr_par' dir='ltr' id='par_1_8' title="bbox 215 787 1790 863">
     <span class='ocr_line' id='line_1_8' title="bbox 215 787 1790 863; baseline 0.005 -25"><span class='ocrx_word' id='word_1_55' title='bbox 215 788 461 857; x_wconf 77' lang='lat' dir='ltr'><strong>n¢:96;,</strong></span> <span class='ocrx_word' id='word_1_56' title='bbox 494 787 589 839; x_wconf 78' lang='grc' dir='ltr'><strong>καὶ</strong></span> <span class='ocrx_word' id='word_1_57' title='bbox 622 788 849 856; x_wconf 82' lang='grc' dir='ltr'><strong>Πνεῦμα</strong></span> <span class='ocrx_word' id='word_1_58' title='bbox 879 789 979 857; x_wconf 72' lang='grc' dir='ltr'><strong>μὶν</strong></span> <span class='ocrx_word' id='word_1_59' title='bbox 1010 789 1269 859; x_wconf 75' lang='grc' dir='ltr'><strong>ἀληθείας</strong></span> <span class='ocrx_word' id='word_1_60' title='bbox 1317 792 1607 853; x_wconf 76' lang='grc' dir='ltr'><strong>ἀποκαλεῖ,</strong></span> <span class='ocrx_word' id='word_1_61' title='bbox 1653 810 1790 863; x_wconf 84' lang='grc' dir='ltr'><strong>προ-</strong></span> 
     </span>
    </p>
   </div>
   <div class='ocr_carea' id='block_1_9' title="bbox 1801 787 3460 865">
    <p class='ocr_par' dir='ltr' id='par_1_9' title="bbox 1892 791 3460 865">
     <span class='ocr_line' id='line_1_9' title="bbox 1892 791 3460 865; baseline -0.003 -16"><span class='ocrx_word' id='word_1_62' title='bbox 1892 797 2071 865; x_wconf 90' lang='lat' dir='ltr'><strong>prium</strong></span> <span class='ocrx_word' id='word_1_63' title='bbox 2102 796 2379 865; x_wconf 72' lang='lat' dir='ltr'><strong>promittat</strong></span> <span class='ocrx_word' id='word_1_64' title='bbox 2414 811 2473 850; x_wconf 89' lang='lat' dir='ltr'><strong>se</strong></span> <span class='ocrx_word' id='word_1_65' title='bbox 2527 796 2823 849; x_wconf 90' lang='lat' dir='ltr'><strong>missurum</strong></span> <span class='ocrx_word' id='word_1_66' title='bbox 2855 795 3011 849; x_wconf 87' lang='lat' dir='ltr'><strong>nobis</strong></span> <span class='ocrx_word' id='word_1_67' title='bbox 3052 808 3116 848; x_wconf 77' lang='lat' dir='ltr'><strong>es</strong></span> <span class='ocrx_word' id='word_1_68' title='bbox 3177 791 3354 854; x_wconf 89' lang='lat' dir='ltr'><strong>Patre,</strong></span> <span class='ocrx_word' id='word_1_69' title='bbox 3406 801 3460 845; x_wconf 93' lang='lat' dir='ltr'><strong>et</strong></span> 
     </span>
    </p>
   </div>
   <div class='ocr_carea' id='block_1_10' title="bbox 214 879 1788 955">
    <p class='ocr_par' dir='ltr' id='par_1_10' title="bbox 214 879 1788 955">
     <span class='ocr_line' id='line_1_10' title="bbox 214 879 1788 955; baseline -0.015 -1"><span class='ocrx_word' id='word_1_70' title='bbox 214 879 439 945; x_wconf 69' lang='grc' dir='ltr'><strong>κεῖσθαί</strong></span> <span class='ocrx_word' id='word_1_71' title='bbox 474 897 537 948; x_wconf 84' lang='grc' dir='ltr'><strong>γε</strong></span> <span class='ocrx_word' id='word_1_72' title='bbox 590 881 697 949; x_wconf 73' lang='grc' dir='ltr'><strong>μὴν</strong></span> <span class='ocrx_word' id='word_1_73' title='bbox 746 880 805 944; x_wconf 79' lang='grc' dir='ltr'><strong>ἐξ</strong></span> <span class='ocrx_word' id='word_1_74' title='bbox 833 880 1339 950; x_wconf 73' lang='grc' dir='ltr'><strong>αὐτοῦ“διωρίσατο</strong></span> <span class='ocrx_word' id='word_1_75' title='bbox 1387 883 1482 936; x_wconf 87' lang='grc' dir='ltr'><strong>τοῦ</strong></span> <span class='ocrx_word' id='word_1_76' title='bbox 1532 884 1788 955; x_wconf 75' lang='grc' dir='ltr'><strong>Πατρόςς</strong></span> 
     </span>
    </p>
   </div>
   <div class='ocr_carea' id='block_1_11' title="bbox 216 972 1792 1042">
    <p class='ocr_par' dir='ltr' id='par_1_11' title="bbox 216 972 1792 1042">
     <span class='ocr_line' id='line_1_11' title="bbox 216 972 1792 1042; baseline 0.005 -20"><span class='ocrx_word' id='word_1_77' title='bbox 216 972 332 1023; x_wconf 73' lang='grc' dir='ltr'><strong>Καὶ</strong></span> <span class='ocrx_word' id='word_1_78' title='bbox 391 972 497 1040; x_wconf 80' lang='grc' dir='ltr'><strong>μὴν</strong></span> <span class='ocrx_word' id='word_1_79' title='bbox 546 973 607 1025; x_wconf 73' lang='grc' dir='ltr'><strong>έν</strong></span> <span class='ocrx_word' id='word_1_80' title='bbox 658 972 1015 1041; x_wconf 80' lang='grc' dir='ltr'><strong>Εὐαγγελιοις</strong></span> <span class='ocrx_word' id='word_1_81' title='bbox 1048 976 1076 1027; x_wconf 89' lang='lat'><strong>6</strong></span> <span class='ocrx_word' id='word_1_82' title='bbox 1132 974 1338 1042; x_wconf 77' lang='grc' dir='ltr'><strong>Κύριος</strong></span> <span class='ocrx_word' id='word_1_83' title='bbox 1396 977 1792 1041; x_wconf 72' lang='grc' dir='ltr'><strong>ικπορεύεσθαι</strong></span> 
     </span>
    </p>
   </div>
   <div class='ocr_carea' id='block_1_12' title="bbox 217 1061 1795 1135">
    <p class='ocr_par' dir='ltr' id='par_1_12' title="bbox 217 1061 1795 1135">
     <span class='ocr_line' id='line_1_12' title="bbox 217 1061 1795 1135; baseline 0.006 -23"><span class='ocrx_word' id='word_1_84' title='bbox 217 1061 351 1129; x_wconf 73' lang='grc' dir='ltr'><strong>ἔφη.</strong></span> <span class='ocrx_word' id='word_1_85' title='bbox 388 1062 527 1115; x_wconf 79' lang='grc' dir='ltr'><strong>Ἀλλ’</strong></span> <span class='ocrx_word' id='word_1_86' title='bbox 560 1065 589 1116; x_wconf 89' lang='lat'><strong>6</strong></span> <span class='ocrx_word' id='word_1_87' title='bbox 615 1061 790 1129; x_wconf 73' lang='grc' dir='ltr'><strong>ἅγιος,</strong></span> <span class='ocrx_word' id='word_1_88' title='bbox 816 1064 908 1117; x_wconf 84' lang='grc' dir='ltr'><strong>τὸν</strong></span> <span class='ocrx_word' id='word_1_89' title='bbox 932 1063 1089 1133; x_wconf 85' lang='grc' dir='ltr'><strong>λόγον</strong></span> <span class='ocrx_word' id='word_1_90' title='bbox 1113 1065 1207 1118; x_wconf 90' lang='grc' dir='ltr'><strong>τοῦ</strong></span> <span class='ocrx_word' id='word_1_91' title='bbox 1240 1066 1450 1135; x_wconf 77' lang='grc' dir='ltr'><strong>Κυρίου</strong></span> <span class='ocrx_word' id='word_1_92' title='bbox 1480 1069 1795 1135; x_wconf 69' lang='grc' dir='ltr'><strong>ἐπαναλαμ-</strong></span> 
     </span>
    </p>
   </div>
   <div class='ocr_carea' id='block_1_13' title="bbox 217 1153 1796 1227">
    <p class='ocr_par' dir='ltr' id='par_1_13' title="bbox 217 1153 1796 1227">
     <span class='ocr_line' id='line_1_13' title="bbox 217 1153 1796 1227; baseline 0.006 -22"><span class='ocrx_word' id='word_1_93' title='bbox 217 1154 431 1217; x_wconf 73' lang='grc' dir='ltr'><strong>ϐἀνων,</strong></span> <span class='ocrx_word' id='word_1_94' title='bbox 471 1153 547 1224; x_wconf 84' lang='grc' dir='ltr'><strong>τῷ</strong></span> <span class='ocrx_word' id='word_1_95' title='bbox 567 1157 918 1224; x_wconf 78' lang='grc' dir='ltr'><strong>προχεῖσθαι</strong></span> <span class='ocrx_word' id='word_1_96' title='bbox 947 1158 1220 1227; x_wconf 66' lang='grc' dir='ltr'><strong>ἐχρήσατο</strong></span> <span class='ocrx_word' id='word_1_97' title='bbox 1248 1159 1368 1212; x_wconf 83' lang='grc' dir='ltr'><strong>ἀντὶ</strong></span> <span class='ocrx_word' id='word_1_98' title='bbox 1393 1159 1487 1213; x_wconf 83' lang='grc' dir='ltr'><strong>τοῦ</strong></span> <span class='ocrx_word' id='word_1_99' title='bbox 1514 1160 1796 1227; x_wconf 74' lang='grc' dir='ltr'><strong>ἐκπορεύ-</strong></span> 
     </span>
    </p>
   </div>
   <div class='ocr_carea' id='block_1_14' title="bbox 216 1247 1793 1322">
    <p class='ocr_par' dir='ltr' id='par_1_14' title="bbox 216 1247 1793 1322">
     <span class='ocr_line' id='line_1_14' title="bbox 216 1247 1793 1322; baseline 0.004 -24"><span class='ocrx_word' id='word_1_100' title='bbox 216 1251 421 1309; x_wconf 79' lang='grc' dir='ltr'><strong>εσθαι,</strong></span> <span class='ocrx_word' id='word_1_101' title='bbox 450 1248 545 1301; x_wconf 81' lang='grc' dir='ltr'><strong>καὶ</strong></span> <span class='ocrx_word' id='word_1_102' title='bbox 581 1247 698 1302; x_wconf 76' lang='grc' dir='ltr'><strong>ἔστι</strong></span> <span class='ocrx_word' id='word_1_103' title='bbox 745 1250 907 1303; x_wconf 89' lang='grc' dir='ltr'><strong>τοῦτο</strong></span> <span class='ocrx_word' id='word_1_104' title='bbox 951 1251 1227 1318; x_wconf 79' lang='grc' dir='ltr'><strong>ἀπόδειξις</strong></span> <span class='ocrx_word' id='word_1_105' title='bbox 1272 1254 1510 1322; x_wconf 72' lang='grc' dir='ltr'><strong>ἐναργὴς</strong></span> <span class='ocrx_word' id='word_1_106' title='bbox 1538 1252 1632 1305; x_wconf 86' lang='grc' dir='ltr'><strong>τοῦ</strong></span> <span class='ocrx_word' id='word_1_107' title='bbox 1663 1269 1793 1305; x_wconf 80' lang='grc' dir='ltr'><strong>ταυ-</strong></span> 
     </span>
    </p>
   </div>
   <div class='ocr_carea' id='block_1_15' title="bbox 216 1332 1796 1412">
    <p class='ocr_par' dir='ltr' id='par_1_15' title="bbox 216 1332 1796 1412">
     <span class='ocr_line' id='line_1_15' title="bbox 216 1332 1796 1412; baseline 0.004 -23"><span class='ocrx_word' id='word_1_108' title='bbox 216 1336 312 1389; x_wconf 78' lang='grc' dir='ltr'><strong>τὸν</strong></span> <span class='ocrx_word' id='word_1_109' title='bbox 347 1332 490 1391; x_wconf 74' lang='grc' dir='ltr'><strong>εἶναι</strong></span> <span class='ocrx_word' id='word_1_110' title='bbox 520 1340 611 1391; x_wconf 73' lang='grc' dir='ltr'><strong>ἐπὶ</strong></span> <span class='ocrx_word' id='word_1_111' title='bbox 660 1341 757 1393; x_wconf 84' lang='grc' dir='ltr'><strong>τοῦ</strong></span> <span class='ocrx_word' id='word_1_112' title='bbox 808 1342 1154 1412; x_wconf 80' lang='grc' dir='ltr'><strong>Πνιύματος,</strong></span> <span class='ocrx_word' id='word_1_113' title='bbox 1206 1342 1269 1395; x_wconf 91' lang='lat'><strong>:6</strong></span> <span class='ocrx_word' id='word_1_114' title='bbox 1323 1342 1648 1411; x_wconf 79' lang='grc' dir='ltr'><strong>προχεῖσθαι</strong></span> <span class='ocrx_word' id='word_1_115' title='bbox 1701 1343 1796 1395; x_wconf 75' lang='grc' dir='ltr'><strong>καὶ</strong></span> 
     </span>
    </p>
   </div>
   <div class='ocr_carea' id='block_1_16' title="bbox 217 1429 1799 1505">
    <p class='ocr_par' dir='ltr' id='par_1_16' title="bbox 217 1429 1799 1505">
     <span class='ocr_line' id='line_1_16' title="bbox 217 1429 1799 1505; baseline 0.007 -26"><span class='ocrx_word' id='word_1_116' title='bbox 217 1429 643 1497; x_wconf 74' lang='grc' dir='ltr'><strong>ἐκπορεύεσθαι.</strong></span> <span class='ocrx_word' id='word_1_117' title='bbox 679 1433 754 1486; x_wconf 85' lang='grc' dir='ltr'><strong>Τὸ</strong></span> <span class='ocrx_word' id='word_1_118' title='bbox 786 1433 843 1486; x_wconf 66' lang='grc' dir='ltr'><strong>δὲ</strong></span> <span class='ocrx_word' id='word_1_119' title='bbox 879 1435 940 1498; x_wconf 75' lang='grc' dir='ltr'><strong>έξ</strong></span> <span class='ocrx_word' id='word_1_120' title='bbox 968 1435 1137 1488; x_wconf 75' lang='grc' dir='ltr'><strong>αὑτοῦ</strong></span> <span class='ocrx_word' id='word_1_121' title='bbox 1165 1434 1261 1488; x_wconf 86' lang='grc' dir='ltr'><strong>τοῦ</strong></span> <span class='ocrx_word' id='word_1_122' title='bbox 1290 1434 1503 1505; x_wconf 80' lang='grc' dir='ltr'><strong>Πατρδς</strong></span> <span class='ocrx_word' id='word_1_123' title='bbox 1534 1436 1596 1488; x_wconf 84' lang='lat'><strong>:6</strong></span> <span class='ocrx_word' id='word_1_124' title='bbox 1631 1436 1707 1503; x_wconf 80' lang='grc' dir='ltr'><strong>μὴ</strong></span> <span class='ocrx_word' id='word_1_125' title='bbox 1738 1435 1799 1498; x_wconf 66' lang='grc' dir='ltr'><strong>ἒξ</strong></span> 
     </span>
    </p>
   </div>
   <div class='ocr_carea' id='block_1_17' title="bbox 216 1518 1796 1593">
    <p class='ocr_par' dir='ltr' id='par_1_17' title="bbox 216 1518 1796 1593">
     <span class='ocr_line' id='line_1_17' title="bbox 216 1518 1796 1593; baseline 0.004 -23"><span class='ocrx_word' id='word_1_126' title='bbox 216 1518 391 1586; x_wconf 69' lang='grc' dir='ltr'><strong>ἄλλης</strong></span> <span class='ocrx_word' id='word_1_127' title='bbox 419 1524 563 1584; x_wconf 73' lang='grc' dir='ltr'><strong>τινος</strong></span> <span class='ocrx_word' id='word_1_128' title='bbox 589 1523 935 1592; x_wconf 78' lang='grc' dir='ltr'><strong>ἑτεροουσὶου</strong></span> <span class='ocrx_word' id='word_1_129' title='bbox 974 1524 1149 1593; x_wconf 82' lang='grc' dir='ltr'><strong>ἀρχῆς</strong></span> <span class='ocrx_word' id='word_1_130' title='bbox 1180 1524 1312 1577; x_wconf 80' lang='grc' dir='ltr'><strong>αὐτὸ</strong></span> <span class='ocrx_word' id='word_1_131' title='bbox 1343 1522 1485 1577; x_wconf 82' lang='grc' dir='ltr'><strong>εἶναι</strong></span> <span class='ocrx_word' id='word_1_132' title='bbox 1514 1522 1685 1590; x_wconf 84' lang='grc' dir='ltr'><strong>δηλοῖ.</strong></span> <span class='ocrx_word' id='word_1_133' title='bbox 1732 1522 1796 1576; x_wconf 79' lang='grc' dir='ltr'><strong>Εἰ</strong></span> 
     </span>
    </p>
   </div>
   <div class='ocr_carea' id='block_1_18' title="bbox 216 1610 1801 1685">
    <p class='ocr_par' dir='ltr' id='par_1_18' title="bbox 216 1610 1801 1685">
     <span class='ocr_line' id='line_1_18' title="bbox 216 1610 1801 1685; baseline 0.005 -24"><span class='ocrx_word' id='word_1_134' title='bbox 216 1610 356 1678; x_wconf 80' lang='grc' dir='ltr'><strong>γὰρ,</strong></span> <span class='ocrx_word' id='word_1_135' title='bbox 377 1611 450 1673; x_wconf 77' lang='grc' dir='ltr'><strong>ὡς</strong></span> <span class='ocrx_word' id='word_1_136' title='bbox 482 1613 640 1675; x_wconf 75' lang='grc' dir='ltr'><strong>αὐτὸς</strong></span> <span class='ocrx_word' id='word_1_137' title='bbox 675 1614 801 1680; x_wconf 75' lang='grc' dir='ltr'><strong>οἴει,</strong></span> <span class='ocrx_word' id='word_1_138' title='bbox 832 1615 967 1685; x_wconf 75' lang='grc' dir='ltr'><strong>πρὸς</strong></span> <span class='ocrx_word' id='word_1_139' title='bbox 985 1616 1267 1685; x_wconf 74' lang='grc' dir='ltr'><strong>διαστολὴν</strong></span> <span class='ocrx_word' id='word_1_140' title='bbox 1296 1616 1387 1669; x_wconf 86' lang='grc' dir='ltr'><strong>τοῦ</strong></span> <span class='ocrx_word' id='word_1_141' title='bbox 1412 1614 1566 1680; x_wconf 79' lang='grc' dir='ltr'><strong>Υῐοῦ,</strong></span> <span class='ocrx_word' id='word_1_142' title='bbox 1593 1615 1709 1677; x_wconf 82' lang='grc' dir='ltr'><strong>πῶς</strong></span> <span class='ocrx_word' id='word_1_143' title='bbox 1737 1616 1801 1669; x_wconf 83' lang='grc' dir='ltr'><strong>τδ</strong></span> 
     </span>
    </p>
   </div>
   <div class='ocr_carea' id='block_1_19' title="bbox 216 1698 1801 1777">
    <p class='ocr_par' dir='ltr' id='par_1_19' title="bbox 216 1698 1801 1777">
     <span class='ocr_line' id='line_1_19' title="bbox 216 1698 1801 1777; baseline 0.006 -23"><span class='ocrx_word' id='word_1_144' title='bbox 216 1698 371 1754; x_wconf 75' lang='grc' dir='ltr'><strong>εἶναι</strong></span> <span class='ocrx_word' id='word_1_145' title='bbox 406 1706 467 1756; x_wconf 91' lang='lat'><strong>:6</strong></span> <span class='ocrx_word' id='word_1_146' title='bbox 504 1701 729 1774; x_wconf 79' lang='grc' dir='ltr'><strong>Πνεῦμα</strong></span> <span class='ocrx_word' id='word_1_147' title='bbox 763 1708 893 1761; x_wconf 76' lang='grc' dir='ltr'><strong>ἴδιον</strong></span> <span class='ocrx_word' id='word_1_148' title='bbox 954 1709 1161 1777; x_wconf 80' lang='grc' dir='ltr'><strong>ἀμφοῖν</strong></span> <span class='ocrx_word' id='word_1_149' title='bbox 1214 1709 1441 1776; x_wconf 81' lang='grc' dir='ltr'><strong>συνῆξεν</strong></span> <span class='ocrx_word' id='word_1_150' title='bbox 1490 1710 1519 1762; x_wconf 98' lang='lat'><strong>6</strong></span> <span class='ocrx_word' id='word_1_151' title='bbox 1554 1709 1709 1773; x_wconf 77' lang='grc' dir='ltr'><strong>ἅγιος</strong></span> <span class='ocrx_word' id='word_1_152' title='bbox 1736 1706 1801 1761; x_wconf 70' lang='lat' dir='ltr'><strong>hc</strong></span> 
     </span>
    </p>
   </div>
   <div class='ocr_carea' id='block_1_20' title="bbox 215 1788 1376 1868">
    <p class='ocr_par' dir='ltr' id='par_1_20' title="bbox 215 1788 1376 1868">
     <span class='ocr_line' id='line_1_20' title="bbox 215 1788 1376 1868; baseline 0.008 -26"><span class='ocrx_word' id='word_1_153' title='bbox 215 1791 315 1843; x_wconf 90' lang='lat'><strong>:06</strong></span> <span class='ocrx_word' id='word_1_154' title='bbox 350 1788 493 1849; x_wconf 80' lang='grc' dir='ltr'><strong>εἶναι</strong></span> <span class='ocrx_word' id='word_1_155' title='bbox 518 1796 648 1848; x_wconf 76' lang='grc' dir='ltr'><strong>αὐτὸ</strong></span> <span class='ocrx_word' id='word_1_156' title='bbox 677 1796 737 1849; x_wconf 87' lang='grc' dir='ltr'><strong>ἓν</strong></span> <span class='ocrx_word' id='word_1_157' title='bbox 770 1798 835 1849; x_wconf 71' lang='grc' dir='ltr'><strong>ὲκ</strong></span> <span class='ocrx_word' id='word_1_158' title='bbox 870 1797 1085 1868; x_wconf 76' lang='grc' dir='ltr'><strong>Πατρδς</strong></span> <span class='ocrx_word' id='word_1_159' title='bbox 1119 1798 1192 1850; x_wconf 78' lang='grc' dir='ltr'><strong>δι⁹</strong></span> <span class='ocrx_word' id='word_1_160' title='bbox 1221 1798 1376 1851; x_wconf 84' lang='grc' dir='ltr'><strong>Υἱοῦ.</strong></span> 
     </span>
    </p>
   </div>
   <div class='ocr_carea' id='block_1_21' title="bbox 371 1978 1656 2050">
    <p class='ocr_par' dir='ltr' id='par_1_21' title="bbox 371 1978 1656 2050">
     <span class='ocr_line' id='line_1_21' title="bbox 371 1978 1656 2050; baseline 0.004 -19"><span class='ocrx_word' id='word_1_161' title='bbox 371 1978 483 2032; x_wconf 82' lang='grc' dir='ltr'><strong>Τοῦ</strong></span> <span class='ocrx_word' id='word_1_162' title='bbox 516 1980 704 2033; x_wconf 82' lang='grc' dir='ltr'><strong>αὐτοῦ</strong></span> <span class='ocrx_word' id='word_1_163' title='bbox 740 1980 808 2033; x_wconf 80' lang='grc' dir='ltr'><strong>ἐκ</strong></span> <span class='ocrx_word' id='word_1_164' title='bbox 842 1979 952 2046; x_wconf 83' lang='grc' dir='ltr'><strong>τῆς</strong></span> <span class='ocrx_word' id='word_1_165' title='bbox 993 1979 1184 2049; x_wconf 80' lang='grc' dir='ltr'><strong>αὐτῆς</strong></span> <span class='ocrx_word' id='word_1_166' title='bbox 1230 1984 1656 2050; x_wconf 77' lang='grc' dir='ltr'><strong>πραγματείας.</strong></span> 
     </span>
    </p>
   </div>
   <div class='ocr_carea' id='block_1_22' title="bbox 288 2066 1801 2141">
    <p class='ocr_par' dir='ltr' id='par_1_22' title="bbox 288 2066 1801 2141">
     <span class='ocr_line' id='line_1_22' title="bbox 288 2066 1801 2141; baseline 0.004 -22"><span class='ocrx_word' id='word_1_167' title='bbox 288 2066 415 2134; x_wconf 49' lang='lat' dir='ltr'><strong>QE.</strong></span> <span class='ocrx_word' id='word_1_168' title='bbox 455 2088 474 2119; x_wconf 74' lang='grc' dir='ltr'><strong><em>ι</em></strong></span> <span class='ocrx_word' id='word_1_169' title='bbox 497 2070 559 2121; x_wconf 83' lang='grc' dir='ltr'><em>Ἠ</em></span> <span class='ocrx_word' id='word_1_170' title='bbox 591 2071 688 2138; x_wconf 80' lang='grc' dir='ltr'><strong>τῆς</strong></span> <span class='ocrx_word' id='word_1_171' title='bbox 724 2073 852 2140; x_wconf 73' lang='grc' dir='ltr'><strong>μιᾶς</strong></span> <span class='ocrx_word' id='word_1_172' title='bbox 885 2072 1138 2141; x_wconf 83' lang='grc' dir='ltr'><strong>θεότητος</strong></span> <span class='ocrx_word' id='word_1_173' title='bbox 1169 2072 1333 2140; x_wconf 75' lang='grc' dir='ltr'><strong>φύσις</strong></span> <span class='ocrx_word' id='word_1_174' title='bbox 1362 2074 1421 2125; x_wconf 79' lang='grc' dir='ltr'><strong>ὲν</strong></span> <span class='ocrx_word' id='word_1_175' title='bbox 1456 2074 1588 2141; x_wconf 65' lang='grc' dir='ltr'><strong>ἁγίᾳ⁵</strong></span> <span class='ocrx_word' id='word_1_176' title='bbox 1616 2090 1675 2125; x_wconf 91' lang='grc' dir='ltr'><strong>τε</strong></span> <span class='ocrx_word' id='word_1_177' title='bbox 1711 2073 1801 2125; x_wconf 73' lang='grc' dir='ltr'><strong>καὶ</strong></span> 
     </span>
    </p>
   </div>
   <div class='ocr_carea' id='block_1_23' title="bbox 221 2159 1801 2235">
    <p class='ocr_par' dir='ltr' id='par_1_23' title="bbox 221 2159 1801 2235">
     <span class='ocr_line' id='line_1_23' title="bbox 221 2159 1801 2235; baseline 0.006 -26"><span class='ocrx_word' id='word_1_178' title='bbox 221 2178 240 2209; x_wconf 72' lang='lat' dir='ltr'><strong>i</strong></span> <span class='ocrx_word' id='word_1_179' title='bbox 283 2159 560 2230; x_wconf 79' lang='grc' dir='ltr'><strong>ὁμοουσιῳ</strong></span> <span class='ocrx_word' id='word_1_180' title='bbox 608 2162 802 2231; x_wconf 82' lang='grc' dir='ltr'><strong>Τριάδι</strong></span> <span class='ocrx_word' id='word_1_181' title='bbox 849 2161 1182 2231; x_wconf 77' lang='grc' dir='ltr'><strong>γινώσκεται</strong></span> <span class='ocrx_word' id='word_1_182' title='bbox 1216 2164 1354 2235; x_wconf 85' lang='grc' dir='ltr'><strong>πρός</strong></span> <span class='ocrx_word' id='word_1_183' title='bbox 1402 2181 1460 2216; x_wconf 88' lang='grc' dir='ltr'><strong>τε</strong></span> <span class='ocrx_word' id='word_1_184' title='bbox 1511 2164 1672 2233; x_wconf 73' lang='grc' dir='ltr'><strong>ἡμῶν</strong></span> <span class='ocrx_word' id='word_1_185' title='bbox 1702 2166 1801 2217; x_wconf 82' lang='grc' dir='ltr'><strong>αὖ·-</strong></span> 
     </span>
    </p>
   </div>
   <div class='ocr_carea' id='block_1_24' title="bbox 222 2250 1800 2323">
    <p class='ocr_par' dir='ltr' id='par_1_24' title="bbox 222 2250 1800 2323">
     <span class='ocr_line' id='line_1_24' title="bbox 222 2250 1800 2323; baseline 0.006 -24"><span class='ocrx_word' id='word_1_186' title='bbox 222 2271 240 2299; x_wconf 83' lang='lat' dir='ltr'><strong>s</strong></span> <span class='ocrx_word' id='word_1_187' title='bbox 288 2250 403 2301; x_wconf 83' lang='grc' dir='ltr'><strong>τῶν</strong></span> <span class='ocrx_word' id='word_1_188' title='bbox 431 2252 665 2304; x_wconf 77' lang='grc' dir='ltr'><strong>καὶτῶν</strong></span> <span class='ocrx_word' id='word_1_189' title='bbox 706 2254 877 2318; x_wconf 83' lang='grc' dir='ltr'><strong>ἁγίων</strong></span> <span class='ocrx_word' id='word_1_190' title='bbox 921 2254 1173 2321; x_wconf 86' lang='grc' dir='ltr'><strong>ἀγγέλων</strong></span> <span class='ocrx_word' id='word_1_191' title='bbox 1199 2270 1213 2285; x_wconf 87' lang='grc'><strong>·</strong></span> <span class='ocrx_word' id='word_1_192' title='bbox 1257 2256 1352 2307; x_wconf 74' lang='grc' dir='ltr'><strong>καὶ</strong></span> <span class='ocrx_word' id='word_1_193' title='bbox 1396 2254 1513 2307; x_wconf 70' lang='grc' dir='ltr'><strong>εστι</strong></span> <span class='ocrx_word' id='word_1_194' title='bbox 1546 2255 1646 2323; x_wconf 82' lang='grc' dir='ltr'><strong>μὲν</strong></span> <span class='ocrx_word' id='word_1_195' title='bbox 1678 2255 1800 2308; x_wconf 78' lang='grc' dir='ltr'><strong>καθ’</strong></span> 
     </span>
    </p>
   </div>
   <div class='ocr_carea' id='block_1_25' title="bbox 223 2344 1803 2417">
    <p class='ocr_par' dir='ltr' id='par_1_25' title="bbox 223 2344 1803 2417">
     <span class='ocr_line' id='line_1_25' title="bbox 223 2344 1803 2417; baseline 0.004 -22"><span class='ocrx_word' id='word_1_196' title='bbox 223 2365 243 2395; x_wconf 73' lang='grc' dir='ltr'><strong>τ</strong></span> <span class='ocrx_word' id='word_1_197' title='bbox 286 2344 592 2398; x_wconf 80' lang='grc' dir='ltr'><strong>ὑπόστασιν</strong></span> <span class='ocrx_word' id='word_1_198' title='bbox 626 2345 795 2416; x_wconf 72' lang='grc' dir='ltr'><strong>ιδικὴν</strong></span> <span class='ocrx_word' id='word_1_199' title='bbox 838 2345 1154 2409; x_wconf 82' lang='grc' dir='ltr'><strong>παντέλειος</strong></span> <span class='ocrx_word' id='word_1_200' title='bbox 1191 2346 1219 2399; x_wconf 91' lang='lat'><strong>6</strong></span> <span class='ocrx_word' id='word_1_201' title='bbox 1251 2345 1462 2417; x_wconf 79' lang='grc' dir='ltr'><strong>Πατὴρ,</strong></span> <span class='ocrx_word' id='word_1_202' title='bbox 1500 2344 1706 2415; x_wconf 78' lang='grc' dir='ltr'><strong>ὁμοίως</strong></span> <span class='ocrx_word' id='word_1_203' title='bbox 1745 2348 1803 2401; x_wconf 71' lang='grc' dir='ltr'><strong>δὲ</strong></span> 
     </span>
    </p>
   </div>
   <div class='ocr_carea' id='block_1_26' title="bbox 224 2435 1803 2507">
    <p class='ocr_par' dir='ltr' id='par_1_26' title="bbox 224 2435 1803 2507">
     <span class='ocr_line' id='line_1_26' title="bbox 224 2435 1803 2507; baseline 0.003 -20"><span class='ocrx_word' id='word_1_204' title='bbox 224 2455 243 2487; x_wconf 83' lang='lat' dir='ltr'><strong>s</strong></span> <span class='ocrx_word' id='word_1_205' title='bbox 287 2438 384 2490; x_wconf 80' lang='grc' dir='ltr'><strong>καὶ</strong></span> <span class='ocrx_word' id='word_1_206' title='bbox 430 2438 460 2489; x_wconf 88' lang='lat'><strong>6</strong></span> <span class='ocrx_word' id='word_1_207' title='bbox 514 2437 664 2499; x_wconf 82' lang='grc' dir='ltr'><strong>Υἱὸς,</strong></span> <span class='ocrx_word' id='word_1_208' title='bbox 723 2439 815 2490; x_wconf 76' lang='grc' dir='ltr'><strong>καὶ</strong></span> <span class='ocrx_word' id='word_1_209' title='bbox 858 2437 920 2489; x_wconf 78' lang='grc' dir='ltr'><strong>τὸ</strong></span> <span class='ocrx_word' id='word_1_210' title='bbox 969 2437 1211 2507; x_wconf 81' lang='grc' dir='ltr'><strong>Πνεῦμα.</strong></span> <span class='ocrx_word' id='word_1_211' title='bbox 1259 2435 1398 2489; x_wconf 79' lang='grc' dir='ltr'><strong>Ἀλλ’</strong></span> <span class='ocrx_word' id='word_1_212' title='bbox 1449 2438 1483 2506; x_wconf 77' lang='grc' dir='ltr'><strong>ἡ</strong></span> <span class='ocrx_word' id='word_1_213' title='bbox 1527 2436 1643 2501; x_wconf 77' lang='grc' dir='ltr'><strong>ἐνὸς</strong></span> <span class='ocrx_word' id='word_1_214' title='bbox 1693 2438 1803 2492; x_wconf 83' lang='grc' dir='ltr'><strong>τῶν</strong></span> 
     </span>
    </p>
   </div>
   <div class='ocr_carea' id='block_1_27' title="bbox 222 2526 1802 2596">
    <p class='ocr_par' dir='ltr' id='par_1_27' title="bbox 222 2526 1802 2596">
     <span class='ocr_line' id='line_1_27' title="bbox 222 2526 1802 2596; baseline 0.001 -19"><span class='ocrx_word' id='word_1_215' title='bbox 222 2546 243 2577; x_wconf 80' lang='lat' dir='ltr'><strong>s</strong></span> <span class='ocrx_word' id='word_1_216' title='bbox 284 2526 698 2595; x_wconf 75' lang='grc' dir='ltr'><strong>ὠνομασμένων</strong></span> <span class='ocrx_word' id='word_1_217' title='bbox 741 2527 1107 2596; x_wconf 82' lang='grc' dir='ltr'><strong>δημιουργικὴ</strong></span> <span class='ocrx_word' id='word_1_218' title='bbox 1153 2526 1398 2595; x_wconf 87' lang='grc' dir='ltr'><strong>θέλησις,</strong></span> <span class='ocrx_word' id='word_1_219' title='bbox 1456 2527 1540 2595; x_wconf 71' lang='grc' dir='ltr'><strong>ἐφ’</strong></span> <span class='ocrx_word' id='word_1_220' title='bbox 1584 2527 1802 2596; x_wconf 81' lang='grc' dir='ltr'><strong>ὅτῳπερ</strong></span> 
     </span>
    </p>
   </div>
   <div class='ocr_carea' id='block_1_28' title="bbox 228 2616 1801 2687">
    <p class='ocr_par' dir='ltr' id='par_1_28' title="bbox 228 2616 1801 2687">
     <span class='ocr_line' id='line_1_28' title="bbox 228 2616 1801 2687; baseline 0.001 -19"><span class='ocrx_word' id='word_1_221' title='bbox 228 2639 244 2668; x_wconf 79' lang='lat' dir='ltr'><strong>i</strong></span> <span class='ocrx_word' id='word_1_222' title='bbox 294 2618 364 2672; x_wconf 79' lang='grc' dir='ltr'><strong>ἂν</strong></span> <span class='ocrx_word' id='word_1_223' title='bbox 391 2617 604 2684; x_wconf 79' lang='grc' dir='ltr'><strong>λέγοιτο</strong></span> <span class='ocrx_word' id='word_1_224' title='bbox 633 2616 888 2685; x_wconf 79' lang='grc' dir='ltr'><strong>γενέσθαι</strong></span> <span class='ocrx_word' id='word_1_225' title='bbox 924 2618 1110 2687; x_wconf 77' lang='grc' dir='ltr'><strong>τυχὸν,</strong></span> <span class='ocrx_word' id='word_1_226' title='bbox 1153 2616 1439 2686; x_wconf 74' lang='grc' dir='ltr'><strong>ἐνέργημα</strong></span> <span class='ocrx_word' id='word_1_227' title='bbox 1479 2618 1577 2685; x_wconf 75' lang='grc' dir='ltr'><strong>μὲν</strong></span> <span class='ocrx_word' id='word_1_228' title='bbox 1610 2617 1801 2680; x_wconf 81' lang='grc' dir='ltr'><strong>αὑτοῦ,</strong></span> 
     </span>
    </p>
   </div>
   <div class='ocr_carea' id='block_1_29' title="bbox 224 2707 1803 2778">
    <p class='ocr_par' dir='ltr' id='par_1_29' title="bbox 224 2707 1803 2778">
     <span class='ocr_line' id='line_1_29' title="bbox 224 2707 1803 2778; baseline 0.001 -21"><span class='ocrx_word' id='word_1_229' title='bbox 224 2729 243 2757; x_wconf 75' lang='grc' dir='ltr'>ι</span> <span class='ocrx_word' id='word_1_230' title='bbox 288 2709 437 2777; x_wconf 61' lang='grc' dir='ltr'><strong>πλὴν</strong></span> <span class='ocrx_word' id='word_1_231' title='bbox 489 2707 580 2760; x_wconf 81' lang='grc' dir='ltr'><strong>διὰ</strong></span> <span class='ocrx_word' id='word_1_232' title='bbox 618 2708 800 2777; x_wconf 79' lang='grc' dir='ltr'><strong>πάσης</strong></span> <span class='ocrx_word' id='word_1_233' title='bbox 834 2707 1055 2778; x_wconf 70' lang='grc' dir='ltr'><strong>ἔρχεται</strong></span> <span class='ocrx_word' id='word_1_234' title='bbox 1103 2707 1201 2775; x_wconf 80' lang='grc' dir='ltr'><strong>τῆς</strong></span> <span class='ocrx_word' id='word_1_235' title='bbox 1246 2707 1521 2775; x_wconf 78' lang='grc' dir='ltr'><strong>θεότητος.</strong></span> <span class='ocrx_word' id='word_1_236' title='bbox 1570 2708 1665 2760; x_wconf 74' lang='grc' dir='ltr'><strong>καὶ</strong></span> <span class='ocrx_word' id='word_1_237' title='bbox 1705 2707 1803 2774; x_wconf 77' lang='grc' dir='ltr'><strong>τῆς</strong></span> 
     </span>
    </p>
   </div>
   <div class='ocr_carea' id='block_1_30' title="bbox 227 2797 1804 2869">
    <p class='ocr_par' dir='ltr' id='par_1_30' title="bbox 227 2797 1804 2869">
     <span class='ocr_line' id='line_1_30' title="bbox 227 2797 1804 2869; baseline 0.001 -21"><span class='ocrx_word' id='word_1_238' title='bbox 227 2820 247 2848; x_wconf 71' lang='grc' dir='ltr'><strong>ε</strong></span> <span class='ocrx_word' id='word_1_239' title='bbox 289 2801 439 2869; x_wconf 80' lang='grc' dir='ltr'><strong>ὑπὲρ</strong></span> <span class='ocrx_word' id='word_1_240' title='bbox 472 2799 652 2852; x_wconf 80' lang='grc' dir='ltr'><strong>κτίσιν</strong></span> <span class='ocrx_word' id='word_1_241' title='bbox 683 2800 831 2852; x_wconf 77' lang='grc' dir='ltr'><strong>ἐστὶν</strong></span> <span class='ocrx_word' id='word_1_242' title='bbox 855 2800 1047 2861; x_wconf 76' lang='grc' dir='ltr'><strong>οὐσίας</strong></span> <span class='ocrx_word' id='word_1_243' title='bbox 1072 2797 1423 2866; x_wconf 82' lang='grc' dir='ltr'><strong>ἀποτέλεσμα</strong></span> <span class='ocrx_word' id='word_1_244' title='bbox 1449 2812 1464 2827; x_wconf 81' lang='grc'><strong><em>⁸</em></strong></span> <span class='ocrx_word' id='word_1_245' title='bbox 1498 2798 1677 2851; x_wconf 81' lang='grc' dir='ltr'><strong>κοινὸν</strong></span> <span class='ocrx_word' id='word_1_246' title='bbox 1704 2797 1804 2867; x_wconf 72' lang='grc' dir='ltr'><strong>μὲν</strong></span> 
     </span>
    </p>
   </div>
   <div class='ocr_carea' id='block_1_31' title="bbox 225 2888 1804 2959">
    <p class='ocr_par' dir='ltr' id='par_1_31' title="bbox 225 2888 1804 2959">
     <span class='ocr_line' id='line_1_31' title="bbox 225 2888 1804 2959; baseline -0.001 -18"><span class='ocrx_word' id='word_1_247' title='bbox 225 2912 245 2941; x_wconf 72' lang='grc' dir='ltr'><strong>ι</strong></span> <span class='ocrx_word' id='word_1_248' title='bbox 290 2889 488 2958; x_wconf 78' lang='grc' dir='ltr'><strong>ὥσπερ</strong></span> <span class='ocrx_word' id='word_1_249' title='bbox 540 2907 616 2952; x_wconf 82' lang='grc' dir='ltr'><strong>τι,</strong></span> <span class='ocrx_word' id='word_1_250' title='bbox 670 2888 811 2959; x_wconf 76' lang='grc' dir='ltr'><strong>πλὴν</strong></span> <span class='ocrx_word' id='word_1_251' title='bbox 864 2891 959 2943; x_wconf 74' lang='grc' dir='ltr'><strong>καὶ</strong></span> <span class='ocrx_word' id='word_1_252' title='bbox 1009 2889 1191 2952; x_wconf 81' lang='grc' dir='ltr'><strong>ἰδικῶς</strong></span> <span class='ocrx_word' id='word_1_253' title='bbox 1246 2889 1462 2959; x_wconf 78' lang='grc' dir='ltr'><strong>ἑκάστῳ</strong></span> <span class='ocrx_word' id='word_1_254' title='bbox 1525 2888 1804 2959; x_wconf 83' lang='grc' dir='ltr'><strong>προσώπῳ</strong></span> 
     </span>
    </p>
   </div>
   <div class='ocr_carea' id='block_1_32' title="bbox 229 2980 1804 3051">
    <p class='ocr_par' dir='ltr' id='par_1_32' title="bbox 229 2980 1804 3051">
     <span class='ocr_line' id='line_1_32' title="bbox 229 2980 1804 3051; baseline -0.003 -15"><span class='ocrx_word' id='word_1_255' title='bbox 229 3000 253 3036; x_wconf 78' lang='lat' dir='ltr'><strong>s</strong></span> <span class='ocrx_word' id='word_1_256' title='bbox 294 2980 531 3049; x_wconf 82' lang='grc' dir='ltr'><strong>πρέπον.</strong></span> <span class='ocrx_word' id='word_1_257' title='bbox 560 2981 633 3033; x_wconf 82' lang='lat' dir='ltr'><strong>T6</strong></span> <span class='ocrx_word' id='word_1_258' title='bbox 663 2982 845 3033; x_wconf 81' lang='grc' dir='ltr'><strong>τοίνυν</strong></span> <span class='ocrx_word' id='word_1_259' title='bbox 875 2982 937 3033; x_wconf 78' lang='grc' dir='ltr'><strong>ἐκ</strong></span> <span class='ocrx_word' id='word_1_260' title='bbox 985 2982 1118 3049; x_wconf 81' lang='grc' dir='ltr'><strong>μιᾶς</strong></span> <span class='ocrx_word' id='word_1_261' title='bbox 1163 2980 1382 3050; x_wconf 75' lang='grc' dir='ltr'><strong>φύσεως</strong></span> <span class='ocrx_word' id='word_1_262' title='bbox 1412 2980 1804 3051; x_wconf 82' lang='grc' dir='ltr'><strong>ὲνεργούμενον</strong></span> 
     </span>
    </p>
   </div>
   <div class='ocr_carea' id='block_1_33' title="bbox 230 3069 1802 3139">
    <p class='ocr_par' dir='ltr' id='par_1_33' title="bbox 230 3069 1802 3139">
     <span class='ocr_line' id='line_1_33' title="bbox 230 3069 1802 3139; baseline 0.001 -20"><span class='ocrx_word' id='word_1_263' title='bbox 230 3091 250 3119; x_wconf 70' lang='lat' dir='ltr'><strong>i</strong></span> <span class='ocrx_word' id='word_1_264' title='bbox 295 3070 386 3122; x_wconf 72' lang='grc' dir='ltr'><strong>διὰ</strong></span> <span class='ocrx_word' id='word_1_265' title='bbox 416 3070 585 3137; x_wconf 83' lang='grc' dir='ltr'><strong>τριῶν</strong></span> <span class='ocrx_word' id='word_1_266' title='bbox 616 3070 969 3123; x_wconf 79' lang='grc' dir='ltr'><strong>ὑποστάσεων</strong></span> <span class='ocrx_word' id='word_1_267' title='bbox 997 3069 1197 3139; x_wconf 84' lang='grc' dir='ltr'><strong>πρέποι</strong></span> <span class='ocrx_word' id='word_1_268' title='bbox 1238 3069 1306 3124; x_wconf 76' lang='grc' dir='ltr'><strong>ἂν</strong></span> <span class='ocrx_word' id='word_1_269' title='bbox 1349 3069 1531 3132; x_wconf 81' lang='grc' dir='ltr'><strong>ῑδικῶς</strong></span> <span class='ocrx_word' id='word_1_270' title='bbox 1573 3070 1802 3139; x_wconf 78' lang='grc' dir='ltr'><strong>ἑκάστῃ,</strong></span> 
     </span>
    </p>
   </div>
   <div class='ocr_carea' id='block_1_34' title="bbox 1890 886 3460 957">
    <p class='ocr_par' dir='ltr' id='par_1_34' title="bbox 1890 886 3460 957">
     <span class='ocr_line' id='line_1_34' title="bbox 1890 886 3460 957; baseline -0.005 -16"><span class='ocrx_word' id='word_1_271' title='bbox 1890 888 2175 957; x_wconf 70' lang='lat' dir='ltr'><strong>Spiritum,</strong></span> <span class='ocrx_word' id='word_1_272' title='bbox 2204 888 2422 956; x_wconf 82' lang='lat' dir='ltr'><strong>quidem</strong></span> <span class='ocrx_word' id='word_1_273' title='bbox 2454 886 2696 940; x_wconf 77' lang='lat' dir='ltr'><strong>veritatis</strong></span> <span class='ocrx_word' id='word_1_274' title='bbox 2741 893 2913 947; x_wconf 85' lang='lat' dir='ltr'><strong>vocet,</strong></span> <span class='ocrx_word' id='word_1_275' title='bbox 2964 897 3217 938; x_wconf 88' lang='lat' dir='ltr'><strong>emanare</strong></span> <span class='ocrx_word' id='word_1_276' title='bbox 3247 895 3376 935; x_wconf 89' lang='lat' dir='ltr'><strong>vero</strong></span> <span class='ocrx_word' id='word_1_277' title='bbox 3396 895 3460 933; x_wconf 76' lang='lat' dir='ltr'><strong>ex</strong></span> 
     </span>
    </p>
   </div>
   <div class='ocr_carea' id='block_1_35' title="bbox 1891 970 3463 1047">
    <p class='ocr_par' dir='ltr' id='par_1_35' title="bbox 1891 970 3463 1047">
     <span class='ocr_line' id='line_1_35' title="bbox 1891 970 3463 1047; baseline -0.008 -14"><span class='ocrx_word' id='word_1_278' title='bbox 1891 979 2010 1047; x_wconf 89' lang='lat' dir='ltr'><strong>ipso</strong></span> <span class='ocrx_word' id='word_1_279' title='bbox 2038 978 2261 1033; x_wconf 86' lang='lat' dir='ltr'><strong>deliniat</strong></span> <span class='ocrx_word' id='word_1_280' title='bbox 2301 976 2497 1030; x_wconf 80' lang='lat' dir='ltr'><strong>Patre?</strong></span> <span class='ocrx_word' id='word_1_281' title='bbox 2540 996 2557 1027; x_wconf 72' lang='grc' dir='ltr'><strong>ι</strong></span> <span class='ocrx_word' id='word_1_282' title='bbox 2597 976 2661 1030; x_wconf 84' lang='grc' dir='ltr'><strong>Εῑ</strong></span> <span class='ocrx_word' id='word_1_283' title='bbox 2690 974 3043 1030; x_wconf 83' lang='lat' dir='ltr'><strong>nihilominus</strong></span> <span class='ocrx_word' id='word_1_284' title='bbox 3075 974 3129 1027; x_wconf 94' lang='lat' dir='ltr'><strong>in</strong></span> <span class='ocrx_word' id='word_1_285' title='bbox 3172 970 3463 1039; x_wconf 72' lang='lat' dir='ltr'><strong>Evangelio</strong></span> 
     </span>
    </p>
   </div>
   <div class='ocr_carea' id='block_1_36' title="bbox 1894 1066 3460 1139">
    <p class='ocr_par' dir='ltr' id='par_1_36' title="bbox 1894 1066 3460 1139">
     <span class='ocr_line' id='line_1_36' title="bbox 1894 1066 3460 1139; baseline -0.008 -16"><span class='ocrx_word' id='word_1_286' title='bbox 1894 1069 2160 1124; x_wconf 88' lang='lat' dir='ltr'><strong>Dominus</strong></span> <span class='ocrx_word' id='word_1_287' title='bbox 2188 1070 2482 1139; x_wconf 85' lang='lat' dir='ltr'><strong>procedere</strong></span> <span class='ocrx_word' id='word_1_288' title='bbox 2517 1070 2671 1121; x_wconf 79' lang='lat' dir='ltr'><strong>dixit.</strong></span> <span class='ocrx_word' id='word_1_289' title='bbox 2729 1066 2833 1122; x_wconf 86' lang='lat' dir='ltr'><strong>Sed</strong></span> <span class='ocrx_word' id='word_1_290' title='bbox 2881 1074 3103 1121; x_wconf 87' lang='lat' dir='ltr'><strong>sanctus</strong></span> <span class='ocrx_word' id='word_1_291' title='bbox 3157 1075 3460 1117; x_wconf 85' lang='lat' dir='ltr'><strong>sermonem</strong></span> 
     </span>
    </p>
   </div>
   <div class='ocr_carea' id='block_1_37' title="bbox 1896 1152 3464 1227">
    <p class='ocr_par' dir='ltr' id='par_1_37' title="bbox 1896 1152 3464 1227">
     <span class='ocr_line' id='line_1_37' title="bbox 1896 1152 3464 1227; baseline -0.006 -17"><span class='ocrx_word' id='word_1_292' title='bbox 1896 1158 2108 1213; x_wconf 81' lang='lat' dir='ltr'><strong>Domini</strong></span> <span class='ocrx_word' id='word_1_293' title='bbox 2143 1166 2416 1227; x_wconf 86' lang='lat' dir='ltr'><strong>repetens,</strong></span> <span class='ocrx_word' id='word_1_294' title='bbox 2454 1158 2690 1213; x_wconf 87' lang='lat' dir='ltr'><strong>dictione</strong></span> <span class='ocrx_word' id='word_1_295' title='bbox 2741 1173 2989 1210; x_wconf 77' lang='lat' dir='ltr'><strong>emanare</strong></span> <span class='ocrx_word' id='word_1_296' title='bbox 3023 1170 3156 1209; x_wconf 88' lang='lat' dir='ltr'><strong>usus</strong></span> <span class='ocrx_word' id='word_1_297' title='bbox 3184 1162 3287 1223; x_wconf 68' lang='lat' dir='ltr'><strong>est,</strong></span> <span class='ocrx_word' id='word_1_298' title='bbox 3345 1152 3464 1206; x_wconf 86' lang='lat' dir='ltr'><strong>loco</strong></span> 
     </span>
    </p>
   </div>
   <div class='ocr_carea' id='block_1_38' title="bbox 1896 1244 3465 1319">
    <p class='ocr_par' dir='ltr' id='par_1_38' title="bbox 1896 1244 3465 1319">
     <span class='ocr_line' id='line_1_38' title="bbox 1896 1244 3465 1319; baseline -0.004 -16"><span class='ocrx_word' id='word_1_299' title='bbox 1896 1250 2042 1305; x_wconf 91' lang='lat' dir='ltr'><strong>illius</strong></span> <span class='ocrx_word' id='word_1_300' title='bbox 2099 1250 2394 1319; x_wconf 80' lang='lat' dir='ltr'><strong>procedere.</strong></span> <span class='ocrx_word' id='word_1_301' title='bbox 2453 1249 2605 1316; x_wconf 85' lang='lat' dir='ltr'><strong>Quod</strong></span> <span class='ocrx_word' id='word_1_302' title='bbox 2629 1250 3023 1304; x_wconf 78' lang='lat' dir='ltr'><strong>demonstratio</strong></span> <span class='ocrx_word' id='word_1_303' title='bbox 3062 1247 3194 1304; x_wconf 89' lang='lat' dir='ltr'><strong>satis</strong></span> <span class='ocrx_word' id='word_1_304' title='bbox 3244 1244 3465 1300; x_wconf 77' lang='lat' dir='ltr'><strong>evidens</strong></span> 
     </span>
    </p>
   </div>
   <div class='ocr_carea' id='block_1_39' title="bbox 1895 1341 3466 1413">
    <p class='ocr_par' dir='ltr' id='par_1_39' title="bbox 1895 1341 3466 1413">
     <span class='ocr_line' id='line_1_39' title="bbox 1895 1341 3466 1413; baseline -0.004 -17"><span class='ocrx_word' id='word_1_305' title='bbox 1895 1351 1998 1404; x_wconf 89' lang='lat' dir='ltr'><strong>est,</strong></span> <span class='ocrx_word' id='word_1_306' title='bbox 2035 1343 2172 1396; x_wconf 86' lang='lat' dir='ltr'><strong>idem</strong></span> <span class='ocrx_word' id='word_1_307' title='bbox 2223 1344 2431 1398; x_wconf 89' lang='lat' dir='ltr'><strong>essein</strong></span> <span class='ocrx_word' id='word_1_308' title='bbox 2486 1342 2691 1412; x_wconf 91' lang='lat' dir='ltr'><strong>Spiritu</strong></span> <span class='ocrx_word' id='word_1_309' title='bbox 2732 1341 3009 1413; x_wconf 78' lang='lat' dir='ltr'><strong>profundi.</strong></span> <span class='ocrx_word' id='word_1_310' title='bbox 3076 1353 3360 1401; x_wconf 87' lang='lat' dir='ltr'><strong>emanare,</strong></span> <span class='ocrx_word' id='word_1_311' title='bbox 3413 1347 3466 1389; x_wconf 90' lang='lat' dir='ltr'><strong>et</strong></span> 
     </span>
    </p>
   </div>
   <div class='ocr_carea' id='block_1_40' title="bbox 1897 1426 3465 1503">
    <p class='ocr_par' dir='ltr' id='par_1_40' title="bbox 1897 1426 3465 1503">
     <span class='ocr_line' id='line_1_40' title="bbox 1897 1426 3465 1503; baseline -0.004 -19"><span class='ocrx_word' id='word_1_312' title='bbox 1897 1432 2210 1501; x_wconf 84' lang='lat' dir='ltr'><strong>procedere.</strong></span> <span class='ocrx_word' id='word_1_313' title='bbox 2243 1433 2377 1487; x_wconf 92' lang='lat' dir='ltr'><strong>Illud</strong></span> <span class='ocrx_word' id='word_1_314' title='bbox 2414 1449 2599 1503; x_wconf 88' lang='lat' dir='ltr'><strong>porro,</strong></span> <span class='ocrx_word' id='word_1_315' title='bbox 2629 1449 2692 1486; x_wconf 76' lang='lat' dir='ltr'><strong>ex</strong></span> <span class='ocrx_word' id='word_1_316' title='bbox 2726 1435 2845 1501; x_wconf 82' lang='lat' dir='ltr'><strong>ipso</strong></span> <span class='ocrx_word' id='word_1_317' title='bbox 2865 1431 3048 1494; x_wconf 82' lang='lat' dir='ltr'><strong>Patre,</strong></span> <span class='ocrx_word' id='word_1_318' title='bbox 3082 1444 3190 1483; x_wconf 92' lang='lat' dir='ltr'><strong>non</strong></span> <span class='ocrx_word' id='word_1_319' title='bbox 3230 1445 3295 1481; x_wconf 74' lang='lat' dir='ltr'><strong>es</strong></span> <span class='ocrx_word' id='word_1_320' title='bbox 3358 1426 3465 1480; x_wconf 88' lang='lat' dir='ltr'><strong>alio</strong></span> 
     </span>
    </p>
   </div>
   <div class='ocr_carea' id='block_1_41' title="bbox 1900 1519 3469 1591">
    <p class='ocr_par' dir='ltr' id='par_1_41' title="bbox 1900 1519 3469 1591">
     <span class='ocr_line' id='line_1_41' title="bbox 1900 1519 3469 1591; baseline -0.004 -16"><span class='ocrx_word' id='word_1_321' title='bbox 1900 1522 2155 1591; x_wconf 79' lang='lat' dir='ltr'><strong>quapiam</strong></span> <span class='ocrx_word' id='word_1_322' title='bbox 2216 1523 2440 1578; x_wconf 85' lang='lat' dir='ltr'><strong>alterius</strong></span> <span class='ocrx_word' id='word_1_323' title='bbox 2470 1521 2787 1577; x_wconf 71' lang='lat' dir='ltr'><strong>substantiae</strong></span> <span class='ocrx_word' id='word_1_324' title='bbox 2843 1519 3109 1590; x_wconf 91' lang='lat' dir='ltr'><strong>principio</strong></span> <span class='ocrx_word' id='word_1_325' title='bbox 3141 1519 3291 1571; x_wconf 90' lang='lat' dir='ltr'><strong>illum</strong></span> <span class='ocrx_word' id='word_1_326' title='bbox 3346 1529 3469 1569; x_wconf 81' lang='lat' dir='ltr'><strong>esse</strong></span> 
     </span>
    </p>
   </div>
   <div class='ocr_carea' id='block_1_42' title="bbox 1898 1608 3466 1681">
    <p class='ocr_par' dir='ltr' id='par_1_42' title="bbox 1898 1608 3466 1681">
     <span class='ocr_line' id='line_1_42' title="bbox 1898 1608 3466 1681; baseline -0.006 -15"><span class='ocrx_word' id='word_1_327' title='bbox 1898 1613 2152 1666; x_wconf 84' lang='lat' dir='ltr'><strong>ostendit.</strong></span> <span class='ocrx_word' id='word_1_328' title='bbox 2191 1612 2432 1681; x_wconf 82' lang='lat' dir='ltr'><strong>Namque</strong></span> <span class='ocrx_word' id='word_1_329' title='bbox 2465 1628 2535 1677; x_wconf 86' lang='lat' dir='ltr'><strong>si,</strong></span> <span class='ocrx_word' id='word_1_330' title='bbox 2558 1621 2619 1666; x_wconf 90' lang='lat' dir='ltr'><strong>ut</strong></span> <span class='ocrx_word' id='word_1_331' title='bbox 2645 1622 2699 1667; x_wconf 93' lang='lat' dir='ltr'><strong>tu</strong></span> <span class='ocrx_word' id='word_1_332' title='bbox 2730 1614 3033 1671; x_wconf 76' lang='lat' dir='ltr'><strong>existimas.</strong></span> <span class='ocrx_word' id='word_1_333' title='bbox 3060 1609 3125 1663; x_wconf 93' lang='lat' dir='ltr'><strong>ad</strong></span> <span class='ocrx_word' id='word_1_334' title='bbox 3147 1608 3466 1662; x_wconf 89' lang='lat' dir='ltr'><strong>discernen-</strong></span> 
     </span>
    </p>
   </div>
   <div class='ocr_carea' id='block_1_43' title="bbox 1900 1702 3469 1775">
    <p class='ocr_par' dir='ltr' id='par_1_43' title="bbox 1900 1702 3469 1775">
     <span class='ocr_line' id='line_1_43' title="bbox 1900 1702 3469 1775; baseline -0.006 -17"><span class='ocrx_word' id='word_1_335' title='bbox 1900 1702 2028 1758; x_wconf 88' lang='lat' dir='ltr'><strong>dum</strong></span> <span class='ocrx_word' id='word_1_336' title='bbox 2062 1703 2259 1758; x_wconf 78' lang='lat' dir='ltr'><strong>Filium</strong></span> <span class='ocrx_word' id='word_1_337' title='bbox 2289 1714 2600 1775; x_wconf 84' lang='lat' dir='ltr'><strong>appositum</strong></span> <span class='ocrx_word' id='word_1_338' title='bbox 2625 1713 2729 1769; x_wconf 90' lang='lat' dir='ltr'><strong>est,</strong></span> <span class='ocrx_word' id='word_1_339' title='bbox 2761 1704 3037 1774; x_wconf 89' lang='lat' dir='ltr'><strong>quomodo</strong></span> <span class='ocrx_word' id='word_1_340' title='bbox 3056 1702 3315 1770; x_wconf 79' lang='lat' dir='ltr'><strong>Spiritum</strong></span> <span class='ocrx_word' id='word_1_341' title='bbox 3344 1712 3469 1767; x_wconf 90' lang='lat' dir='ltr'><strong>pro-</strong></span> 
     </span>
    </p>
   </div>
   <div class='ocr_carea' id='block_1_44' title="bbox 1902 1790 3467 1867">
    <p class='ocr_par' dir='ltr' id='par_1_44' title="bbox 1902 1790 3467 1867">
     <span class='ocr_line' id='line_1_44' title="bbox 1902 1790 3467 1867; baseline -0.004 -20"><span class='ocrx_word' id='word_1_342' title='bbox 1902 1794 2084 1863; x_wconf 90' lang='lat' dir='ltr'><strong>prium</strong></span> <span class='ocrx_word' id='word_1_343' title='bbox 2125 1795 2410 1865; x_wconf 87' lang='lat' dir='ltr'><strong>utriusque</strong></span> <span class='ocrx_word' id='word_1_344' title='bbox 2431 1812 2551 1851; x_wconf 87' lang='lat' dir='ltr'><strong>esse</strong></span> <span class='ocrx_word' id='word_1_345' title='bbox 2573 1797 2908 1867; x_wconf 78' lang='lat' dir='ltr'><strong>collegisset?</strong></span> <span class='ocrx_word' id='word_1_346' title='bbox 2942 1795 3140 1851; x_wconf 82' lang='lat' dir='ltr'><strong>Verum</strong></span> <span class='ocrx_word' id='word_1_347' title='bbox 3169 1809 3233 1847; x_wconf 78' lang='lat' dir='ltr'><strong>cx</strong></span> <span class='ocrx_word' id='word_1_348' title='bbox 3250 1806 3314 1845; x_wconf 92' lang='lat' dir='ltr'><strong>eo</strong></span> <span class='ocrx_word' id='word_1_349' title='bbox 3326 1790 3467 1858; x_wconf 90' lang='lat' dir='ltr'><strong>quod</strong></span> 
     </span>
    </p>
   </div>
   <div class='ocr_carea' id='block_1_45' title="bbox 1826 1876 3023 1959">
    <p class='ocr_par' dir='ltr' id='par_1_45' title="bbox 1826 1876 3023 1959">
     <span class='ocr_line' id='line_1_45' title="bbox 1826 1876 3023 1959; baseline 0.003 -21"><span class='ocrx_word' id='word_1_350' title='bbox 1826 1876 1869 1931; x_wconf 86' lang='grc' dir='ltr'><strong><em>Β</em></strong></span> <span class='ocrx_word' id='word_1_351' title='bbox 1898 1883 2014 1955; x_wconf 85' lang='lat' dir='ltr'><strong>ipse</strong></span> <span class='ocrx_word' id='word_1_352' title='bbox 2062 1894 2209 1939; x_wconf 83' lang='lat' dir='ltr'><strong>esset</strong></span> <span class='ocrx_word' id='word_1_353' title='bbox 2230 1902 2370 1941; x_wconf 90' lang='lat' dir='ltr'><strong>unus</strong></span> <span class='ocrx_word' id='word_1_354' title='bbox 2397 1904 2462 1943; x_wconf 82' lang='lat' dir='ltr'><strong>ex</strong></span> <span class='ocrx_word' id='word_1_355' title='bbox 2500 1887 2660 1943; x_wconf 86' lang='lat' dir='ltr'><strong>Patre</strong></span> <span class='ocrx_word' id='word_1_356' title='bbox 2682 1905 2777 1959; x_wconf 86' lang='lat' dir='ltr'><strong>per</strong></span> <span class='ocrx_word' id='word_1_357' title='bbox 2805 1888 3023 1943; x_wconf 82' lang='lat' dir='ltr'><strong>Filium.</strong></span> 
     </span>
    </p>
   </div>
   <div class='ocr_carea' id='block_1_46' title="bbox 2258 1982 3119 2046">
    <p class='ocr_par' dir='ltr' id='par_1_46' title="bbox 2258 1982 3119 2046">
     <span class='ocr_line' id='line_1_46' title="bbox 2258 1982 3119 2046; baseline -0.005 -9"><span class='ocrx_word' id='word_1_358' title='bbox 2258 1982 2512 2046; x_wconf 75' lang='lat' dir='ltr'><strong>Eiusdem</strong></span> <span class='ocrx_word' id='word_1_359' title='bbox 2544 1997 2606 2036; x_wconf 77' lang='lat' dir='ltr'><strong>ex</strong></span> <span class='ocrx_word' id='word_1_360' title='bbox 2636 1982 2811 2035; x_wconf 82' lang='lat' dir='ltr'><strong>eodem</strong></span> <span class='ocrx_word' id='word_1_361' title='bbox 2863 1990 3119 2034; x_wconf 80' lang='lat' dir='ltr'><strong>tractatu.</strong></span> 
     </span>
    </p>
   </div>
   <div class='ocr_carea' id='block_1_47' title="bbox 1974 2071 3471 2133">
    <p class='ocr_par' dir='ltr' id='par_1_47' title="bbox 1974 2071 3471 2133">
     <span class='ocr_line' id='line_1_47' title="bbox 1974 2071 3471 2133; baseline -0.005 -2"><span class='ocrx_word' id='word_1_362' title='bbox 1974 2077 2129 2133; x_wconf 69' lang='lat' dir='ltr'><strong>XCV.</strong></span> <span class='ocrx_word' id='word_1_363' title='bbox 2159 2098 2177 2131; x_wconf 71' lang='grc' dir='ltr'>ι</span> <span class='ocrx_word' id='word_1_364' title='bbox 2207 2076 2382 2132; x_wconf 87' lang='lat' dir='ltr'><strong>Unius</strong></span> <span class='ocrx_word' id='word_1_365' title='bbox 2408 2076 2626 2129; x_wconf 77' lang='lat' dir='ltr'><strong>Deitatis</strong></span> <span class='ocrx_word' id='word_1_366' title='bbox 2650 2082 2843 2128; x_wconf 89' lang='lat' dir='ltr'><strong>natura</strong></span> <span class='ocrx_word' id='word_1_367' title='bbox 2866 2074 2918 2127; x_wconf 91' lang='lat' dir='ltr'><strong>in</strong></span> <span class='ocrx_word' id='word_1_368' title='bbox 2941 2082 3127 2127; x_wconf 85' lang='lat' dir='ltr'><strong>sancta</strong></span> <span class='ocrx_word' id='word_1_369' title='bbox 3150 2084 3203 2127; x_wconf 90' lang='lat' dir='ltr'><strong>et</strong></span> <span class='ocrx_word' id='word_1_370' title='bbox 3232 2071 3471 2126; x_wconf 84' lang='lat' dir='ltr'><strong>consuli-</strong></span> 
     </span>
    </p>
   </div>
   <div class='ocr_carea' id='block_1_48' title="bbox 1910 2164 3469 2230">
    <p class='ocr_par' dir='ltr' id='par_1_48' title="bbox 1910 2164 3469 2230">
     <span class='ocr_line' id='line_1_48' title="bbox 1910 2164 3469 2230; baseline -0.003 -10"><span class='ocrx_word' id='word_1_371' title='bbox 1910 2189 1927 2220; x_wconf 87' lang='grc'><strong><em>‹</em></strong></span> <span class='ocrx_word' id='word_1_372' title='bbox 1973 2170 2211 2224; x_wconf 87' lang='lat' dir='ltr'><strong>stantiali</strong></span> <span class='ocrx_word' id='word_1_373' title='bbox 2238 2168 2503 2222; x_wconf 82' lang='lat' dir='ltr'><strong>Trinitate</strong></span> <span class='ocrx_word' id='word_1_374' title='bbox 2531 2176 2645 2221; x_wconf 93' lang='lat' dir='ltr'><strong>tum</strong></span> <span class='ocrx_word' id='word_1_375' title='bbox 2674 2182 2701 2218; x_wconf 89' lang='lat' dir='ltr'><strong>a</strong></span> <span class='ocrx_word' id='word_1_376' title='bbox 2729 2165 2908 2230; x_wconf 87' lang='lat' dir='ltr'><strong>nobis,</strong></span> <span class='ocrx_word' id='word_1_377' title='bbox 2934 2175 3046 2218; x_wconf 91' lang='lat' dir='ltr'><strong>tum</strong></span> <span class='ocrx_word' id='word_1_378' title='bbox 3083 2180 3112 2218; x_wconf 85' lang='lat' dir='ltr'><strong>a</strong></span> <span class='ocrx_word' id='word_1_379' title='bbox 3146 2164 3351 2218; x_wconf 87' lang='lat' dir='ltr'><strong>sanctis</strong></span> <span class='ocrx_word' id='word_1_380' title='bbox 3375 2178 3469 2216; x_wconf 88' lang='lat' dir='ltr'><strong>aii-</strong></span> 
     </span>
    </p>
   </div>
   <div class='ocr_carea' id='block_1_49' title="bbox 1910 2256 3469 2331">
    <p class='ocr_par' dir='ltr' id='par_1_49' title="bbox 1910 2256 3469 2331">
     <span class='ocr_line' id='line_1_49' title="bbox 1910 2256 3469 2331; baseline -0.004 -18"><span class='ocrx_word' id='word_1_381' title='bbox 1910 2282 1927 2313; x_wconf 77' lang='lat' dir='ltr'><strong>i</strong></span> <span class='ocrx_word' id='word_1_382' title='bbox 1975 2262 2112 2331; x_wconf 80' lang='lat' dir='ltr'><strong>gelis</strong></span> <span class='ocrx_word' id='word_1_383' title='bbox 2174 2261 2515 2330; x_wconf 70' lang='lat' dir='ltr'><strong>agnoscitur.</strong></span> <span class='ocrx_word' id='word_1_384' title='bbox 2577 2268 2770 2325; x_wconf 86' lang='lat' dir='ltr'><strong>estque</strong></span> <span class='ocrx_word' id='word_1_385' title='bbox 2834 2256 3132 2311; x_wconf 70' lang='lat' dir='ltr'><strong>secundum</strong></span> <span class='ocrx_word' id='word_1_386' title='bbox 3198 2256 3469 2323; x_wconf 83' lang='lat' dir='ltr'><strong>propriam</strong></span> 
     </span>
    </p>
   </div>
   <div class='ocr_carea' id='block_1_50' title="bbox 1910 2341 3470 2420">
    <p class='ocr_par' dir='ltr' id='par_1_50' title="bbox 1910 2341 3470 2420">
     <span class='ocr_line' id='line_1_50' title="bbox 1910 2341 3470 2420; baseline -0.004 -18"><span class='ocrx_word' id='word_1_387' title='bbox 1910 2372 1927 2401; x_wconf 77' lang='lat' dir='ltr'><strong>i</strong></span> <span class='ocrx_word' id='word_1_388' title='bbox 1967 2352 2302 2420; x_wconf 83' lang='lat' dir='ltr'><strong>liypostasim</strong></span> <span class='ocrx_word' id='word_1_389' title='bbox 2362 2348 2793 2420; x_wconf 79' lang='lat' dir='ltr'><strong>perfectissimus</strong></span> <span class='ocrx_word' id='word_1_390' title='bbox 2818 2345 3000 2407; x_wconf 84' lang='lat' dir='ltr'><strong>Pater,</strong></span> <span class='ocrx_word' id='word_1_391' title='bbox 3037 2343 3286 2397; x_wconf 86' lang='lat' dir='ltr'><strong>similiter</strong></span> <span class='ocrx_word' id='word_1_392' title='bbox 3301 2352 3358 2397; x_wconf 90' lang='lat' dir='ltr'><strong>et</strong></span> <span class='ocrx_word' id='word_1_393' title='bbox 3383 2341 3470 2397; x_wconf 85' lang='lat' dir='ltr'><strong>Fi-</strong></span> 
     </span>
    </p>
   </div>
   <div class='ocr_carea' id='block_1_51' title="bbox 1912 2432 3468 2511">
    <p class='ocr_par' dir='ltr' id='par_1_51' title="bbox 1912 2432 3468 2511">
     <span class='ocr_line' id='line_1_51' title="bbox 1912 2432 3468 2511; baseline -0.004 -18"><span class='ocrx_word' id='word_1_394' title='bbox 1912 2462 1927 2493; x_wconf 79' lang='lat' dir='ltr'><strong>l</strong></span> <span class='ocrx_word' id='word_1_395' title='bbox 1969 2443 2074 2497; x_wconf 90' lang='lat' dir='ltr'><strong>lius</strong></span> <span class='ocrx_word' id='word_1_396' title='bbox 2098 2453 2153 2498; x_wconf 91' lang='lat' dir='ltr'><strong>et</strong></span> <span class='ocrx_word' id='word_1_397' title='bbox 2186 2441 2443 2511; x_wconf 84' lang='lat' dir='ltr'><strong>Spiritus,</strong></span> <span class='ocrx_word' id='word_1_398' title='bbox 2486 2440 2578 2495; x_wconf 87' lang='lat' dir='ltr'><strong>sed</strong></span> <span class='ocrx_word' id='word_1_399' title='bbox 2610 2439 2774 2493; x_wconf 80' lang='lat' dir='ltr'><strong>unius</strong></span> <span class='ocrx_word' id='word_1_400' title='bbox 2811 2452 2875 2491; x_wconf 83' lang='lat' dir='ltr'><strong>ex</strong></span> <span class='ocrx_word' id='word_1_401' title='bbox 2901 2436 3013 2506; x_wconf 88' lang='lat' dir='ltr'><strong>jam</strong></span> <span class='ocrx_word' id='word_1_402' title='bbox 3041 2435 3197 2489; x_wconf 86' lang='lat' dir='ltr'><strong>dictis</strong></span> <span class='ocrx_word' id='word_1_403' title='bbox 3225 2432 3468 2488; x_wconf 78' lang='lat' dir='ltr'><strong>eﬂ&#39;ectriii</strong></span> 
     </span>
    </p>
   </div>
   <div class='ocr_carea' id='block_1_52' title="bbox 1912 2527 3469 2601">
    <p class='ocr_par' dir='ltr' id='par_1_52' title="bbox 1912 2527 3469 2601">
     <span class='ocr_line' id='line_1_52' title="bbox 1912 2527 3469 2601; baseline -0.003 -18"><span class='ocrx_word' id='word_1_404' title='bbox 1912 2553 1929 2583; x_wconf 74' lang='grc' dir='ltr'><strong>ι</strong></span> <span class='ocrx_word' id='word_1_405' title='bbox 1984 2534 2238 2588; x_wconf 80' lang='lat' dir='ltr'><strong>voluntas</strong></span> <span class='ocrx_word' id='word_1_406' title='bbox 2268 2533 2334 2586; x_wconf 86' lang='lat' dir='ltr'><strong>de</strong></span> <span class='ocrx_word' id='word_1_407' title='bbox 2359 2545 2686 2601; x_wconf 85' lang='lat' dir='ltr'><strong>quocunque</strong></span> <span class='ocrx_word' id='word_1_408' title='bbox 2711 2528 2799 2583; x_wconf 91' lang='lat' dir='ltr'><strong>illa</strong></span> <span class='ocrx_word' id='word_1_409' title='bbox 2831 2543 3050 2597; x_wconf 89' lang='lat' dir='ltr'><strong>quoquo</strong></span> <span class='ocrx_word' id='word_1_410' title='bbox 3074 2527 3236 2581; x_wconf 92' lang='lat' dir='ltr'><strong>modo</strong></span> <span class='ocrx_word' id='word_1_411' title='bbox 3261 2539 3469 2579; x_wconf 87' lang='lat' dir='ltr'><strong>assera-</strong></span> 
     </span>
    </p>
   </div>
   <div class='ocr_carea' id='block_1_53' title="bbox 1912 2618 3471 2693">
    <p class='ocr_par' dir='ltr' id='par_1_53' title="bbox 1912 2618 3471 2693">
     <span class='ocr_line' id='line_1_53' title="bbox 1912 2618 3471 2693; baseline -0.004 -19"><span class='ocrx_word' id='word_1_412' title='bbox 1912 2645 1927 2674; x_wconf 82' lang='grc'><strong>‹</strong></span> <span class='ocrx_word' id='word_1_413' title='bbox 1974 2634 2082 2689; x_wconf 88' lang='lat' dir='ltr'><strong>tur,</strong></span> <span class='ocrx_word' id='word_1_414' title='bbox 2113 2624 2359 2693; x_wconf 81' lang='lat' dir='ltr'><strong>operatio</strong></span> <span class='ocrx_word' id='word_1_415' title='bbox 2402 2623 2623 2692; x_wconf 88' lang='lat' dir='ltr'><strong>quidem</strong></span> <span class='ocrx_word' id='word_1_416' title='bbox 2665 2621 2814 2675; x_wconf 91' lang='lat' dir='ltr'><strong>illius</strong></span> <span class='ocrx_word' id='word_1_417' title='bbox 2844 2630 2946 2682; x_wconf 80' lang='lat' dir='ltr'><strong>est,</strong></span> <span class='ocrx_word' id='word_1_418' title='bbox 2972 2626 3209 2672; x_wconf 82' lang='lat' dir='ltr'><strong>attamen</strong></span> <span class='ocrx_word' id='word_1_419' title='bbox 3237 2632 3332 2686; x_wconf 86' lang='lat' dir='ltr'><strong>per</strong></span> <span class='ocrx_word' id='word_1_420' title='bbox 3351 2618 3471 2670; x_wconf 88' lang='lat' dir='ltr'><strong>uni-</strong></span> 
     </span>
    </p>
   </div>
   <div class='ocr_carea' id='block_1_54' title="bbox 1911 2708 3471 2777">
    <p class='ocr_par' dir='ltr' id='par_1_54' title="bbox 1911 2708 3471 2777">
     <span class='ocr_line' id='line_1_54' title="bbox 1911 2708 3471 2777; baseline -0.004 -10"><span class='ocrx_word' id='word_1_421' title='bbox 1911 2738 1926 2766; x_wconf 71' lang='grc' dir='ltr'><strong>ι</strong></span> <span class='ocrx_word' id='word_1_422' title='bbox 1974 2731 2180 2771; x_wconf 84' lang='lat' dir='ltr'><strong>versam</strong></span> <span class='ocrx_word' id='word_1_423' title='bbox 2231 2717 2564 2770; x_wconf 84' lang='lat' dir='ltr'><strong>divinitatem</strong></span> <span class='ocrx_word' id='word_1_424' title='bbox 2618 2712 2879 2772; x_wconf 76' lang='lat' dir='ltr'><strong>excurrit,</strong></span> <span class='ocrx_word' id='word_1_425' title='bbox 2933 2710 3270 2777; x_wconf 60' lang='lat' dir='ltr'><strong>eiectusque</strong></span> <span class='ocrx_word' id='word_1_426' title='bbox 3305 2708 3471 2771; x_wconf 87' lang='lat' dir='ltr'><strong>illius,</strong></span> 
     </span>
    </p>
   </div>
   <div class='ocr_carea' id='block_1_55' title="bbox 1912 2801 3473 2877">
    <p class='ocr_par' dir='ltr' id='par_1_55' title="bbox 1912 2801 3473 2877">
     <span class='ocr_line' id='line_1_55' title="bbox 1912 2801 3473 2877; baseline -0.008 -15"><span class='ocrx_word' id='word_1_427' title='bbox 1912 2828 1928 2857; x_wconf 77' lang='grc' dir='ltr'><strong>ι</strong></span> <span class='ocrx_word' id='word_1_428' title='bbox 1979 2824 2101 2877; x_wconf 63' lang='lat' dir='ltr'><strong>quas</strong></span> <span class='ocrx_word' id='word_1_429' title='bbox 2123 2822 2289 2877; x_wconf 89' lang='lat' dir='ltr'><strong>super</strong></span> <span class='ocrx_word' id='word_1_430' title='bbox 2326 2821 2542 2861; x_wconf 89' lang='lat' dir='ltr'><strong>omnem</strong></span> <span class='ocrx_word' id='word_1_431' title='bbox 2580 2813 2885 2859; x_wconf 87' lang='lat' dir='ltr'><strong>creaturam</strong></span> <span class='ocrx_word' id='word_1_432' title='bbox 2910 2811 3016 2867; x_wconf 88' lang='lat' dir='ltr'><strong>est,</strong></span> <span class='ocrx_word' id='word_1_433' title='bbox 3042 2801 3313 2860; x_wconf 64' lang='lat' dir='ltr'><strong>essentia.</strong></span> <span class='ocrx_word' id='word_1_434' title='bbox 3356 2809 3473 2853; x_wconf 81' lang='lat' dir='ltr'><strong>tan-</strong></span> 
     </span>
    </p>
   </div>
   <div class='ocr_carea' id='block_1_56' title="bbox 1915 2890 3472 2967">
    <p class='ocr_par' dir='ltr' id='par_1_56' title="bbox 1915 2890 3472 2967">
     <span class='ocr_line' id='line_1_56' title="bbox 1915 2890 3472 2967; baseline -0.007 -15"><span class='ocrx_word' id='word_1_435' title='bbox 1915 2920 1929 2946; x_wconf 74' lang='grc' dir='ltr'><strong>ι</strong></span> <span class='ocrx_word' id='word_1_436' title='bbox 1976 2914 2139 2967; x_wconf 92' lang='lat' dir='ltr'><strong>quam</strong></span> <span class='ocrx_word' id='word_1_437' title='bbox 2172 2898 2432 2952; x_wconf 90' lang='lat' dir='ltr'><strong>omnibus</strong></span> <span class='ocrx_word' id='word_1_438' title='bbox 2466 2894 2797 2955; x_wconf 87' lang='lat' dir='ltr'><strong>communis,</strong></span> <span class='ocrx_word' id='word_1_439' title='bbox 2850 2908 2947 2948; x_wconf 89' lang='lat' dir='ltr'><strong>nec</strong></span> <span class='ocrx_word' id='word_1_440' title='bbox 2975 2908 3080 2946; x_wconf 92' lang='lat' dir='ltr'><strong>non</strong></span> <span class='ocrx_word' id='word_1_441' title='bbox 3113 2901 3168 2947; x_wconf 87' lang='lat' dir='ltr'><strong>et</strong></span> <span class='ocrx_word' id='word_1_442' title='bbox 3190 2890 3472 2960; x_wconf 86' lang='lat' dir='ltr'><strong>speciatim</strong></span> 
     </span>
    </p>
   </div>
   <div class='ocr_carea' id='block_1_57' title="bbox 1912 2985 3472 3058">
    <p class='ocr_par' dir='ltr' id='par_1_57' title="bbox 1912 2985 3472 3058">
     <span class='ocr_line' id='line_1_57' title="bbox 1912 2985 3472 3058; baseline -0.003 -21"><span class='ocrx_word' id='word_1_443' title='bbox 1912 3008 1928 3037; x_wconf 74' lang='grc' dir='ltr'><strong>ι</strong></span> <span class='ocrx_word' id='word_1_444' title='bbox 1980 2988 2269 3058; x_wconf 87' lang='lat' dir='ltr'><strong>unicuique</strong></span> <span class='ocrx_word' id='word_1_445' title='bbox 2299 3003 2561 3056; x_wconf 82' lang='lat' dir='ltr'><strong>personae.</strong></span> <span class='ocrx_word' id='word_1_446' title='bbox 2617 2985 2773 3051; x_wconf 87' lang='lat' dir='ltr'><strong>Quod</strong></span> <span class='ocrx_word' id='word_1_447' title='bbox 2804 2986 2968 3053; x_wconf 82' lang='lat' dir='ltr'><strong>igitur</strong></span> <span class='ocrx_word' id='word_1_448' title='bbox 3017 2999 3083 3039; x_wconf 76' lang='lat' dir='ltr'><strong>ex</strong></span> <span class='ocrx_word' id='word_1_449' title='bbox 3146 2998 3249 3037; x_wconf 89' lang='lat' dir='ltr'><strong>tina</strong></span> <span class='ocrx_word' id='word_1_450' title='bbox 3280 2990 3472 3036; x_wconf 79' lang='lat' dir='ltr'><strong>natura</strong></span> 
     </span>
    </p>
   </div>
   <div class='ocr_carea' id='block_1_58' title="bbox 1916 3073 3477 3148">
    <p class='ocr_par' dir='ltr' id='par_1_58' title="bbox 1916 3073 3477 3148">
     <span class='ocr_line' id='line_1_58' title="bbox 1916 3073 3477 3148; baseline -0.009 -14"><span class='ocrx_word' id='word_1_451' title='bbox 1916 3100 1930 3127; x_wconf 76' lang='grc' dir='ltr'>ι</span> <span class='ocrx_word' id='word_1_452' title='bbox 1972 3079 2203 3134; x_wconf 80' lang='lat' dir='ltr'><strong>eﬂicitur</strong></span> <span class='ocrx_word' id='word_1_453' title='bbox 2253 3094 2349 3148; x_wconf 84' lang='lat' dir='ltr'><strong>per</strong></span> <span class='ocrx_word' id='word_1_454' title='bbox 2374 3086 2484 3132; x_wconf 85' lang='lat' dir='ltr'><strong>tres</strong></span> <span class='ocrx_word' id='word_1_455' title='bbox 2540 3078 2882 3147; x_wconf 80' lang='lat' dir='ltr'><strong>liypostases,</strong></span> <span class='ocrx_word' id='word_1_456' title='bbox 2916 3075 3131 3143; x_wconf 88' lang='lat' dir='ltr'><strong>propria</strong></span> <span class='ocrx_word' id='word_1_457' title='bbox 3182 3073 3477 3141; x_wconf 75' lang='lat' dir='ltr'><strong>unicuique</strong></span> 
     </span>
    </p>
   </div>
   <div class='ocr_carea' id='block_1_59' title="bbox 230 3158 1889 3254">
    <p class='ocr_par' dir='ltr' id='par_1_59' title="bbox 230 3158 1875 3254">
     <span class='ocr_line' id='line_1_59' title="bbox 230 3158 1875 3254; baseline 0 -43"><span class='ocrx_word' id='word_1_458' title='bbox 230 3180 251 3211; x_wconf 74' lang='grc' dir='ltr'><strong><em>ι</em></strong></span> <span class='ocrx_word' id='word_1_459' title='bbox 295 3162 633 3221; x_wconf 76' lang='grc' dir='ltr'><strong>παντελεὶως</strong></span> <span class='ocrx_word' id='word_1_460' title='bbox 652 3160 853 3230; x_wconf 75' lang='grc' dir='ltr'><strong>ἐχούσῃ</strong></span> <span class='ocrx_word' id='word_1_461' title='bbox 870 3159 990 3211; x_wconf 86' lang='grc' dir='ltr'><strong>καθ’</strong></span> <span class='ocrx_word' id='word_1_462' title='bbox 1007 3160 1225 3227; x_wconf 79' lang='grc' dir='ltr'><strong>ἑαυτήν.</strong></span> <span class='ocrx_word' id='word_1_463' title='bbox 1256 3159 1502 3227; x_wconf 81' lang='grc' dir='ltr'><strong>Ἐνεργεϊ</strong></span> <span class='ocrx_word' id='word_1_464' title='bbox 1515 3158 1804 3229; x_wconf 83' lang='grc' dir='ltr'><strong>τοιγαροῦν</strong></span> <span class='ocrx_word' id='word_1_465' title='bbox 1833 3201 1875 3254; x_wconf 63' lang='lat' dir='ltr'><strong>c</strong></span> 
     </span>
    </p>
   </div>
   <div class='ocr_carea' id='block_1_60' title="bbox 1818 3158 3477 3254">
    <p class='ocr_par' dir='ltr' id='par_1_60' title="bbox 1833 3165 3477 3254">
     <span class='ocr_line' id='line_1_60' title="bbox 1833 3165 3477 3254; baseline -0.005 -28"><span class='ocrx_word' id='word_1_466' title='bbox 1833 3201 1875 3254; x_wconf 62' lang='grc' dir='ltr'><strong>ε</strong></span> <span class='ocrx_word' id='word_1_467' title='bbox 1918 3191 1934 3219; x_wconf 73' lang='grc' dir='ltr'>ί</span> <span class='ocrx_word' id='word_1_468' title='bbox 1982 3180 2243 3239; x_wconf 89' lang='lat' dir='ltr'><strong>tanquam</strong></span> <span class='ocrx_word' id='word_1_469' title='bbox 2277 3184 2400 3238; x_wconf 69' lang='lat' dir='ltr'><strong>quas</strong></span> <span class='ocrx_word' id='word_1_470' title='bbox 2434 3184 2531 3238; x_wconf 91' lang='lat' dir='ltr'><strong>per</strong></span> <span class='ocrx_word' id='word_1_471' title='bbox 2562 3184 2619 3222; x_wconf 86' lang='lat' dir='ltr'><strong>se</strong></span> <span class='ocrx_word' id='word_1_472' title='bbox 2646 3167 3046 3236; x_wconf 81' lang='lat' dir='ltr'><strong>perfectissima</strong></span> <span class='ocrx_word' id='word_1_473' title='bbox 3076 3165 3343 3227; x_wconf 88' lang='lat' dir='ltr'><strong>subsistit,</strong></span> <span class='ocrx_word' id='word_1_474' title='bbox 3398 3172 3477 3217; x_wconf 89' lang='lat' dir='ltr'><strong>at-</strong></span> 
     </span>
    </p>
   </div>
   <div class='ocr_carea' id='block_1_61' title="bbox 230 3249 1889 3331">
    <p class='ocr_par' dir='ltr' id='par_1_61' title="bbox 230 3249 1873 3321">
     <span class='ocr_line' id='line_1_61' title="bbox 230 3249 1873 3321; baseline -0.001 -19"><span class='ocrx_word' id='word_1_475' title='bbox 230 3273 249 3301; x_wconf 82' lang='lat' dir='ltr'><strong>s</strong></span> <span class='ocrx_word' id='word_1_476' title='bbox 291 3255 322 3304; x_wconf 84' lang='grc' dir='ltr'>ὁ</span> <span class='ocrx_word' id='word_1_477' title='bbox 351 3250 558 3321; x_wconf 83' lang='grc' dir='ltr'><strong>Πατὴρ,</strong></span> <span class='ocrx_word' id='word_1_478' title='bbox 593 3252 730 3304; x_wconf 83' lang='grc' dir='ltr'><strong>ἀλλά</strong></span> <span class='ocrx_word' id='word_1_479' title='bbox 759 3251 825 3303; x_wconf 84' lang='grc' dir='ltr'><strong>δι’</strong></span> <span class='ocrx_word' id='word_1_480' title='bbox 855 3250 984 3305; x_wconf 84' lang='grc' dir='ltr'><strong>Υἱοῦ</strong></span> <span class='ocrx_word' id='word_1_481' title='bbox 1017 3252 1073 3303; x_wconf 81' lang='grc' dir='ltr'><strong>ὲν</strong></span> <span class='ocrx_word' id='word_1_482' title='bbox 1111 3249 1389 3315; x_wconf 81' lang='grc' dir='ltr'><strong>Πνεύματι</strong></span> <span class='ocrx_word' id='word_1_483' title='bbox 1412 3265 1427 3281; x_wconf 77' lang='grc'><strong><em>⁸</em></strong></span> <span class='ocrx_word' id='word_1_484' title='bbox 1454 3250 1671 3318; x_wconf 78' lang='grc' dir='ltr'><strong>ἐνεργεῖ</strong></span> <span class='ocrx_word' id='word_1_485' title='bbox 1712 3250 1807 3302; x_wconf 76' lang='grc' dir='ltr'><strong>καὶ</strong></span> <span class='ocrx_word' id='word_1_486' title='bbox 1841 3249 1873 3254; x_wconf 53' lang='grc'><strong>⁷</strong></span> 
     </span>
    </p>
   </div>
   <div class='ocr_carea' id='block_1_62' title="bbox 1815 3249 3474 3331">
    <p class='ocr_par' dir='ltr' id='par_1_62' title="bbox 1841 3249 3474 3331">
     <span class='ocr_line' id='line_1_62' title="bbox 1841 3249 3474 3331; baseline -0.004 -18"><span class='ocrx_word' id='word_1_487' title='bbox 1841 3249 1873 3254; x_wconf 42' lang='grc'><strong>⁷</strong></span> <span class='ocrx_word' id='word_1_488' title='bbox 1920 3283 1935 3313; x_wconf 85' lang='grc'><strong>‹</strong></span> <span class='ocrx_word' id='word_1_489' title='bbox 1982 3263 2258 3316; x_wconf 90' lang='lat' dir='ltr'><strong>tribuitur.</strong></span> <span class='ocrx_word' id='word_1_490' title='bbox 2302 3260 2568 3331; x_wconf 84' lang='lat' dir='ltr'><strong>Operatiir</strong></span> <span class='ocrx_word' id='word_1_491' title='bbox 2594 3261 2779 3326; x_wconf 87' lang='lat' dir='ltr'><strong>itaque</strong></span> <span class='ocrx_word' id='word_1_492' title='bbox 2826 3257 3004 3319; x_wconf 88' lang='lat' dir='ltr'><strong>Pater,</strong></span> <span class='ocrx_word' id='word_1_493' title='bbox 3033 3258 3125 3312; x_wconf 88' lang='lat' dir='ltr'><strong>sed</strong></span> <span class='ocrx_word' id='word_1_494' title='bbox 3156 3272 3253 3325; x_wconf 89' lang='lat' dir='ltr'><strong>per</strong></span> <span class='ocrx_word' id='word_1_495' title='bbox 3284 3254 3474 3308; x_wconf 81' lang='lat' dir='ltr'><strong>Filium</strong></span> 
     </span>
    </p>
   </div>
   <div class='ocr_carea' id='block_1_63' title="bbox 234 3340 1804 3411">
    <p class='ocr_par' dir='ltr' id='par_1_63' title="bbox 234 3340 1804 3411">
     <span class='ocr_line' id='line_1_63' title="bbox 234 3340 1804 3411; baseline 0.001 -20"><span class='ocrx_word' id='word_1_496' title='bbox 234 3364 250 3391; x_wconf 76' lang='grc' dir='ltr'><strong>ι</strong></span> <span class='ocrx_word' id='word_1_497' title='bbox 294 3347 323 3394; x_wconf 85' lang='grc' dir='ltr'>ὁ</span> <span class='ocrx_word' id='word_1_498' title='bbox 355 3342 502 3404; x_wconf 69' lang='grc' dir='ltr'><strong>Υἱὸς,</strong></span> <span class='ocrx_word' id='word_1_499' title='bbox 542 3342 658 3395; x_wconf 73' lang='grc' dir='ltr'><strong>ἀλλ’</strong></span> <span class='ocrx_word' id='word_1_500' title='bbox 688 3343 764 3403; x_wconf 83' lang='grc' dir='ltr'><strong>ὡς</strong></span> <span class='ocrx_word' id='word_1_501' title='bbox 796 3341 1025 3410; x_wconf 81' lang='grc' dir='ltr'><strong>δύναμις</strong></span> <span class='ocrx_word' id='word_1_502' title='bbox 1054 3340 1149 3394; x_wconf 87' lang='grc' dir='ltr'><strong>τοῦ</strong></span> <span class='ocrx_word' id='word_1_503' title='bbox 1190 3342 1425 3411; x_wconf 81' lang='grc' dir='ltr'><strong>Πατρὸς,</strong></span> <span class='ocrx_word' id='word_1_504' title='bbox 1459 3341 1518 3407; x_wconf 75' lang='grc' dir='ltr'><strong>ἐξ</strong></span> <span class='ocrx_word' id='word_1_505' title='bbox 1552 3341 1718 3394; x_wconf 82' lang='grc' dir='ltr'><strong>αὑτοῦ</strong></span> <span class='ocrx_word' id='word_1_506' title='bbox 1745 3358 1804 3393; x_wconf 84' lang='grc' dir='ltr'><strong>τε</strong></span> 
     </span>
    </p>
   </div>
   <div class='ocr_carea' id='block_1_64' title="bbox 233 3431 1802 3502">
    <p class='ocr_par' dir='ltr' id='par_1_64' title="bbox 233 3431 1802 3502">
     <span class='ocr_line' id='line_1_64' title="bbox 233 3431 1802 3502; baseline -0.001 -18"><span class='ocrx_word' id='word_1_507' title='bbox 233 3455 252 3484; x_wconf 72' lang='grc' dir='ltr'><strong><em>ι</em></strong></span> <span class='ocrx_word' id='word_1_508' title='bbox 300 3435 394 3485; x_wconf 75' lang='grc' dir='ltr'><strong>καὶ</strong></span> <span class='ocrx_word' id='word_1_509' title='bbox 452 3433 511 3484; x_wconf 81' lang='grc' dir='ltr'><strong>ὲν</strong></span> <span class='ocrx_word' id='word_1_510' title='bbox 568 3432 718 3502; x_wconf 84' lang='grc' dir='ltr'><strong>αὑτῷ</strong></span> <span class='ocrx_word' id='word_1_511' title='bbox 778 3433 1068 3501; x_wconf 83' lang='grc' dir='ltr'><strong>νοούμενος</strong></span> <span class='ocrx_word' id='word_1_512' title='bbox 1134 3432 1258 3485; x_wconf 84' lang='grc' dir='ltr'><strong>καθ’</strong></span> <span class='ocrx_word' id='word_1_513' title='bbox 1308 3431 1542 3501; x_wconf 78' lang='grc' dir='ltr'><strong>ὕπαρξιν</strong></span> <span class='ocrx_word' id='word_1_514' title='bbox 1591 3432 1802 3502; x_wconf 76' lang='grc' dir='ltr'><strong>ἱδικήν·</strong></span> 
     </span>
    </p>
   </div>
   <div class='ocr_carea' id='block_1_65' title="bbox 234 3521 1803 3599">
    <p class='ocr_par' dir='ltr' id='par_1_65' title="bbox 234 3521 1803 3599">
     <span class='ocr_line' id='line_1_65' title="bbox 234 3521 1803 3599; baseline 0.001 -21"><span class='ocrx_word' id='word_1_515' title='bbox 234 3548 252 3578; x_wconf 73' lang='grc' dir='ltr'><strong>ε</strong></span> <span class='ocrx_word' id='word_1_516' title='bbox 296 3531 514 3599; x_wconf 68' lang='grc' dir='ltr'><strong>ἐνεργεῖ</strong></span> <span class='ocrx_word' id='word_1_517' title='bbox 570 3528 665 3581; x_wconf 79' lang='grc' dir='ltr'><strong>καὶ</strong></span> <span class='ocrx_word' id='word_1_518' title='bbox 717 3528 779 3581; x_wconf 85' lang='lat'><strong>:6</strong></span> <span class='ocrx_word' id='word_1_519' title='bbox 820 3527 1067 3597; x_wconf 83' lang='grc' dir='ltr'><strong>Πνεῦμα.</strong></span> <span class='ocrx_word' id='word_1_520' title='bbox 1108 3528 1335 3597; x_wconf 88' lang='grc' dir='ltr'><strong>Πνεῦμα</strong></span> <span class='ocrx_word' id='word_1_521' title='bbox 1385 3527 1492 3596; x_wconf 83' lang='grc' dir='ltr'><strong>γάρ</strong></span> <span class='ocrx_word' id='word_1_522' title='bbox 1550 3528 1667 3579; x_wconf 78' lang='grc' dir='ltr'><strong>ἐστι</strong></span> <span class='ocrx_word' id='word_1_523' title='bbox 1712 3521 1803 3580; x_wconf 82' lang='grc' dir='ltr'><strong>τοῦ</strong></span> 
     </span>
    </p>
   </div>
   <div class='ocr_carea' id='block_1_66' title="bbox 234 3618 1448 3691">
    <p class='ocr_par' dir='ltr' id='par_1_66' title="bbox 234 3618 1448 3691">
     <span class='ocr_line' id='line_1_66' title="bbox 234 3618 1448 3691; baseline -0.002 -20"><span class='ocrx_word' id='word_1_524' title='bbox 234 3642 253 3671; x_wconf 71' lang='grc' dir='ltr'><strong>ε</strong></span> <span class='ocrx_word' id='word_1_525' title='bbox 299 3621 515 3691; x_wconf 80' lang='grc' dir='ltr'><strong>Πατρὸς</strong></span> <span class='ocrx_word' id='word_1_526' title='bbox 545 3621 640 3673; x_wconf 76' lang='grc' dir='ltr'><strong>καὶ</strong></span> <span class='ocrx_word' id='word_1_527' title='bbox 677 3619 772 3672; x_wconf 90' lang='grc' dir='ltr'><strong>τοῦ</strong></span> <span class='ocrx_word' id='word_1_528' title='bbox 804 3618 935 3672; x_wconf 80' lang='grc' dir='ltr'><strong>Υξοῦ</strong></span> <span class='ocrx_word' id='word_1_529' title='bbox 969 3619 1387 3689; x_wconf 85' lang='grc' dir='ltr'><strong>παντουργικόν.</strong></span> <span class='ocrx_word' id='word_1_530' title='bbox 1430 3637 1448 3668; x_wconf 73' lang='grc' dir='ltr'><strong>ι</strong></span> 
     </span>
    </p>
   </div>
   <div class='ocr_carea' id='block_1_67' title="bbox 847 3712 1222 3765">
    <p class='ocr_par' dir='ltr' id='par_1_67' title="bbox 847 3712 1222 3765">
     <span class='ocr_line' id='line_1_67' title="bbox 847 3712 1222 3765; baseline 0.003 -1"><span class='ocrx_word' id='word_1_531' title='bbox 847 3712 1222 3765; x_wconf 79' lang='grc' dir='ltr'><strong>Ἐπιστασία.</strong></span> 
     </span>
    </p>
   </div>
   <div class='ocr_carea' id='block_1_68' title="bbox 310 3801 1807 3875">
    <p class='ocr_par' dir='ltr' id='par_1_68' title="bbox 310 3801 1807 3875">
     <span class='ocr_line' id='line_1_68' title="bbox 310 3801 1807 3875; baseline 0.003 -20"><span class='ocrx_word' id='word_1_532' title='bbox 310 3821 333 3855; x_wconf 75' lang='lat' dir='ltr'><strong>s</strong></span> <span class='ocrx_word' id='word_1_533' title='bbox 386 3801 657 3855; x_wconf 76' lang='grc' dir='ltr'><strong>Ἐνταῦθα</strong></span> <span class='ocrx_word' id='word_1_534' title='bbox 694 3802 792 3871; x_wconf 82' lang='grc' dir='ltr'><strong>οὐχ</strong></span> <span class='ocrx_word' id='word_1_535' title='bbox 836 3802 1021 3873; x_wconf 75' lang='grc' dir='ltr'><strong>ἕτερόν</strong></span> <span class='ocrx_word' id='word_1_536' title='bbox 1060 3819 1114 3856; x_wconf 92' lang='grc' dir='ltr'><strong>τι</strong></span> <span class='ocrx_word' id='word_1_537' title='bbox 1151 3802 1267 3855; x_wconf 79' lang='grc' dir='ltr'><strong>ἀλλ’</strong></span> <span class='ocrx_word' id='word_1_538' title='bbox 1308 3802 1339 3872; x_wconf 77' lang='grc' dir='ltr'>ἦ</span> <span class='ocrx_word' id='word_1_539' title='bbox 1385 3803 1487 3873; x_wconf 82' lang='grc' dir='ltr'><strong>τὴν</strong></span> <span class='ocrx_word' id='word_1_540' title='bbox 1536 3803 1676 3875; x_wconf 80' lang='grc' dir='ltr'><strong>πρὸς</strong></span> <span class='ocrx_word' id='word_1_541' title='bbox 1716 3805 1807 3859; x_wconf 79' lang='grc' dir='ltr'><strong>τὸν</strong></span> 
     </span>
    </p>
   </div>
   <div class='ocr_carea' id='block_1_69' title="bbox 240 3891 1804 3967">
    <p class='ocr_par' dir='ltr' id='par_1_69' title="bbox 240 3891 1804 3967">
     <span class='ocr_line' id='line_1_69' title="bbox 240 3891 1804 3967; baseline 0.001 -21"><span class='ocrx_word' id='word_1_542' title='bbox 240 3917 259 3946; x_wconf 76' lang='grc' dir='ltr'><strong>ι</strong></span> <span class='ocrx_word' id='word_1_543' title='bbox 300 3894 526 3963; x_wconf 87' lang='grc' dir='ltr'><strong>Πατέρα</strong></span> <span class='ocrx_word' id='word_1_544' title='bbox 542 3895 638 3948; x_wconf 78' lang='grc' dir='ltr'><strong>καὶ</strong></span> <span class='ocrx_word' id='word_1_545' title='bbox 662 3894 755 3948; x_wconf 79' lang='grc' dir='ltr'><strong>τὸν</strong></span> <span class='ocrx_word' id='word_1_546' title='bbox 782 3893 1586 3965; x_wconf 78' lang='grc' dir='ltr'><strong>Υἰδνὸμοουσιότηταδιδάσκει,</strong></span> <span class='ocrx_word' id='word_1_547' title='bbox 1622 3891 1804 3967; x_wconf 76' lang='grc' dir='ltr'><strong>οἶμαι,</strong></span> 
     </span>
    </p>
   </div>
   <div class='ocr_carea' id='block_1_70' title="bbox 241 3987 590 4056">
    <p class='ocr_par' dir='ltr' id='par_1_70' title="bbox 241 3987 590 4056">
     <span class='ocr_line' id='line_1_70' title="bbox 241 3987 590 4056; baseline -0.003 -17"><span class='ocrx_word' id='word_1_548' title='bbox 241 4008 260 4039; x_wconf 72' lang='grc' dir='ltr'><strong>ι</strong></span> <span class='ocrx_word' id='word_1_549' title='bbox 301 3989 335 4041; x_wconf 88' lang='lat'><strong>6</strong></span> <span class='ocrx_word' id='word_1_550' title='bbox 352 3987 529 4056; x_wconf 72' lang='grc' dir='ltr'><strong>ἅγιος.</strong></span> <span class='ocrx_word' id='word_1_551' title='bbox 572 4005 590 4038; x_wconf 74' lang='grc' dir='ltr'><strong>ι</strong></span> 
     </span>
    </p>
   </div>
   <div class='ocr_carea' id='block_1_71' title="bbox 841 4079 1235 4147">
    <p class='ocr_par' dir='ltr' id='par_1_71' title="bbox 841 4079 1235 4147">
     <span class='ocr_line' id='line_1_71' title="bbox 841 4079 1235 4147; baseline 0.003 -16"><span class='ocrx_word' id='word_1_552' title='bbox 841 4079 1235 4147; x_wconf 60' lang='grc' dir='ltr'><strong>Ἀντφρησις.</strong></span> 
     </span>
    </p>
   </div>
   <div class='ocr_carea' id='block_1_72' title="bbox 306 4170 1810 4242">
    <p class='ocr_par' dir='ltr' id='par_1_72' title="bbox 306 4170 1810 4242">
     <span class='ocr_line' id='line_1_72' title="bbox 306 4170 1810 4242; baseline -0.001 -15"><span class='ocrx_word' id='word_1_553' title='bbox 306 4170 460 4239; x_wconf 76' lang='grc' dir='ltr'><strong>Αὐτὴ</strong></span> <span class='ocrx_word' id='word_1_554' title='bbox 483 4171 516 4238; x_wconf 80' lang='grc' dir='ltr'><strong>ἡ</strong></span> <span class='ocrx_word' id='word_1_555' title='bbox 547 4171 685 4239; x_wconf 78' lang='grc' dir='ltr'><strong>πρὸς</strong></span> <span class='ocrx_word' id='word_1_556' title='bbox 704 4170 797 4223; x_wconf 79' lang='grc' dir='ltr'><strong>τὸν</strong></span> <span class='ocrx_word' id='word_1_557' title='bbox 817 4170 1037 4237; x_wconf 86' lang='grc' dir='ltr'><strong>Πατέρα</strong></span> <span class='ocrx_word' id='word_1_558' title='bbox 1072 4171 1165 4223; x_wconf 72' lang='grc' dir='ltr'><strong>καὶ</strong></span> <span class='ocrx_word' id='word_1_559' title='bbox 1193 4170 1283 4223; x_wconf 84' lang='grc' dir='ltr'><strong>τὸν</strong></span> <span class='ocrx_word' id='word_1_560' title='bbox 1311 4171 1436 4224; x_wconf 68' lang='grc' dir='ltr'><strong>Υῑὸν</strong></span> <span class='ocrx_word' id='word_1_561' title='bbox 1454 4172 1810 4242; x_wconf 77' lang='grc' dir='ltr'><strong>ὁμοουσιότης</strong></span> 
     </span>
    </p>
   </div>
   <div class='ocr_carea' id='block_1_73' title="bbox 233 4258 1811 4331">
    <p class='ocr_par' dir='ltr' id='par_1_73' title="bbox 233 4258 1811 4331">
     <span class='ocr_line' id='line_1_73' title="bbox 233 4258 1811 4331; baseline 0.001 -18"><span class='ocrx_word' id='word_1_562' title='bbox 233 4258 330 4315; x_wconf 86' lang='grc' dir='ltr'><strong>τοῦ</strong></span> <span class='ocrx_word' id='word_1_563' title='bbox 381 4261 725 4331; x_wconf 81' lang='grc' dir='ltr'><strong>Πνεύματος,</strong></span> <span class='ocrx_word' id='word_1_564' title='bbox 775 4261 843 4331; x_wconf 75' lang='grc' dir='ltr'><strong>ἦν</strong></span> <span class='ocrx_word' id='word_1_565' title='bbox 903 4261 1177 4315; x_wconf 84' lang='grc' dir='ltr'><strong>διδάσκειν</strong></span> <span class='ocrx_word' id='word_1_566' title='bbox 1215 4261 1449 4315; x_wconf 74' lang='grc' dir='ltr'><strong>ἐνταῦθα</strong></span> <span class='ocrx_word' id='word_1_567' title='bbox 1491 4262 1671 4330; x_wconf 81' lang='grc' dir='ltr'><strong>λέγεις</strong></span> <span class='ocrx_word' id='word_1_568' title='bbox 1719 4263 1811 4315; x_wconf 73' lang='grc' dir='ltr'><strong>τὸν</strong></span> 
     </span>
    </p>
   </div>
   <div class='ocr_carea' id='block_1_74' title="bbox 234 4350 1811 4423">
    <p class='ocr_par' dir='ltr' id='par_1_74' title="bbox 234 4350 1811 4423">
     <span class='ocr_line' id='line_1_74' title="bbox 234 4350 1811 4423; baseline 0 -16"><span class='ocrx_word' id='word_1_569' title='bbox 234 4355 418 4423; x_wconf 73' lang='grc' dir='ltr'><strong>ἅγιον,</strong></span> <span class='ocrx_word' id='word_1_570' title='bbox 480 4354 583 4407; x_wconf 82' lang='grc' dir='ltr'><strong>οὐκ</strong></span> <span class='ocrx_word' id='word_1_571' title='bbox 637 4353 863 4407; x_wconf 73' lang='grc' dir='ltr'><strong>ἄλλοθέν</strong></span> <span class='ocrx_word' id='word_1_572' title='bbox 904 4355 1072 4417; x_wconf 79' lang='grc' dir='ltr'><strong>ἐστιν,</strong></span> <span class='ocrx_word' id='word_1_573' title='bbox 1125 4353 1242 4405; x_wconf 82' lang='grc' dir='ltr'><strong>ἀλλ’</strong></span> <span class='ocrx_word' id='word_1_574' title='bbox 1295 4357 1359 4407; x_wconf 77' lang='grc' dir='ltr'><strong>ὲκ</strong></span> <span class='ocrx_word' id='word_1_575' title='bbox 1410 4350 1503 4408; x_wconf 87' lang='grc' dir='ltr'><strong>τοῦ</strong></span> <span class='ocrx_word' id='word_1_576' title='bbox 1556 4351 1696 4409; x_wconf 79' lang='grc' dir='ltr'><strong>εῖναι</strong></span> <span class='ocrx_word' id='word_1_577' title='bbox 1749 4356 1811 4408; x_wconf 87' lang='lat'><strong>:6</strong></span> 
     </span>
    </p>
   </div>
   <div class='ocr_carea' id='block_1_75' title="bbox 238 4443 1812 4519">
    <p class='ocr_par' dir='ltr' id='par_1_75' title="bbox 238 4443 1812 4519">
     <span class='ocr_line' id='line_1_75' title="bbox 238 4443 1812 4519; baseline 0.001 -20"><span class='ocrx_word' id='word_1_578' title='bbox 238 4447 469 4517; x_wconf 81' lang='grc' dir='ltr'><strong>Πνεῦμα</strong></span> <span class='ocrx_word' id='word_1_579' title='bbox 493 4446 582 4499; x_wconf 80' lang='grc' dir='ltr'><strong>διὰ</strong></span> <span class='ocrx_word' id='word_1_580' title='bbox 616 4443 713 4499; x_wconf 86' lang='grc' dir='ltr'><strong>τοῦ</strong></span> <span class='ocrx_word' id='word_1_581' title='bbox 757 4445 889 4499; x_wconf 79' lang='grc' dir='ltr'><strong>Υἱοῦ</strong></span> <span class='ocrx_word' id='word_1_582' title='bbox 932 4449 996 4499; x_wconf 81' lang='grc' dir='ltr'><strong>έκ</strong></span> <span class='ocrx_word' id='word_1_583' title='bbox 1031 4445 1125 4499; x_wconf 87' lang='grc' dir='ltr'><strong>τοῦ</strong></span> <span class='ocrx_word' id='word_1_584' title='bbox 1166 4447 1397 4516; x_wconf 78' lang='grc' dir='ltr'><strong>Πατρός.</strong></span> <span class='ocrx_word' id='word_1_585' title='bbox 1445 4447 1555 4500; x_wconf 78' lang='grc' dir='ltr'><strong>Καὶ</strong></span> <span class='ocrx_word' id='word_1_586' title='bbox 1589 4448 1623 4517; x_wconf 75' lang='grc' dir='ltr'><strong>ἡ</strong></span> <span class='ocrx_word' id='word_1_587' title='bbox 1669 4465 1812 4519; x_wconf 89' lang='grc' dir='ltr'><strong>μαρ-</strong></span> 
     </span>
    </p>
   </div>
   <div class='ocr_carea' id='block_1_76' title="bbox 1921 3346 3475 3422">
    <p class='ocr_par' dir='ltr' id='par_1_76' title="bbox 1921 3346 3475 3422">
     <span class='ocr_line' id='line_1_76' title="bbox 1921 3346 3475 3422; baseline -0.004 -18"><span class='ocrx_word' id='word_1_588' title='bbox 1921 3374 1937 3404; x_wconf 79' lang='lat' dir='ltr'><strong>i</strong></span> <span class='ocrx_word' id='word_1_589' title='bbox 1996 3356 2051 3407; x_wconf 89' lang='lat' dir='ltr'><strong>in</strong></span> <span class='ocrx_word' id='word_1_590' title='bbox 2079 3355 2306 3422; x_wconf 88' lang='lat' dir='ltr'><strong>Spiritu,</strong></span> <span class='ocrx_word' id='word_1_591' title='bbox 2345 3363 2605 3421; x_wconf 87' lang='lat' dir='ltr'><strong>operatur</strong></span> <span class='ocrx_word' id='word_1_592' title='bbox 2635 3363 2687 3405; x_wconf 89' lang='lat' dir='ltr'><strong>et</strong></span> <span class='ocrx_word' id='word_1_593' title='bbox 2711 3351 2904 3413; x_wconf 82' lang='lat' dir='ltr'><strong>Filius,</strong></span> <span class='ocrx_word' id='word_1_594' title='bbox 2943 3350 3037 3404; x_wconf 86' lang='lat' dir='ltr'><strong>sed</strong></span> <span class='ocrx_word' id='word_1_595' title='bbox 3070 3359 3126 3401; x_wconf 93' lang='lat' dir='ltr'><strong>iit</strong></span> <span class='ocrx_word' id='word_1_596' title='bbox 3169 3350 3340 3401; x_wconf 90' lang='lat' dir='ltr'><strong>virtus</strong></span> <span class='ocrx_word' id='word_1_597' title='bbox 3375 3346 3475 3399; x_wconf 65' lang='grc'><strong>1³³-</strong></span> 
     </span>
    </p>
   </div>
   <div class='ocr_carea' id='block_1_77' title="bbox 1921 3441 3477 3514">
    <p class='ocr_par' dir='ltr' id='par_1_77' title="bbox 1921 3441 3477 3514">
     <span class='ocr_line' id='line_1_77' title="bbox 1921 3441 3477 3514; baseline -0.005 -15"><span class='ocrx_word' id='word_1_598' title='bbox 1921 3466 1937 3494; x_wconf 84' lang='grc'>‹</span> <span class='ocrx_word' id='word_1_599' title='bbox 1983 3445 2082 3500; x_wconf 65' lang='lat' dir='ltr'><strong>tris</strong></span> <span class='ocrx_word' id='word_1_600' title='bbox 2110 3462 2173 3499; x_wconf 79' lang='lat' dir='ltr'><strong>ex</strong></span> <span class='ocrx_word' id='word_1_601' title='bbox 2214 3446 2331 3513; x_wconf 90' lang='lat' dir='ltr'><strong>ipso</strong></span> <span class='ocrx_word' id='word_1_602' title='bbox 2359 3456 2413 3499; x_wconf 87' lang='lat' dir='ltr'><strong>et</strong></span> <span class='ocrx_word' id='word_1_603' title='bbox 2443 3445 2494 3497; x_wconf 93' lang='lat' dir='ltr'><strong>iii</strong></span> <span class='ocrx_word' id='word_1_604' title='bbox 2525 3446 2642 3514; x_wconf 90' lang='lat' dir='ltr'><strong>ipso</strong></span> <span class='ocrx_word' id='word_1_605' title='bbox 2672 3443 2976 3497; x_wconf 82' lang='lat' dir='ltr'><strong>intellectus</strong></span> <span class='ocrx_word' id='word_1_606' title='bbox 3006 3442 3305 3495; x_wconf 89' lang='lat' dir='ltr'><strong>secundum</strong></span> <span class='ocrx_word' id='word_1_607' title='bbox 3330 3441 3477 3493; x_wconf 82' lang='lat' dir='ltr'><strong>exsi-</strong></span> 
     </span>
    </p>
   </div>
   <div class='ocr_carea' id='block_1_78' title="bbox 1922 3534 3481 3606">
    <p class='ocr_par' dir='ltr' id='par_1_78' title="bbox 1922 3534 3481 3606">
     <span class='ocr_line' id='line_1_78' title="bbox 1922 3534 3481 3606; baseline -0.002 -19"><span class='ocrx_word' id='word_1_608' title='bbox 1922 3558 1938 3587; x_wconf 77' lang='lat' dir='ltr'><strong>i</strong></span> <span class='ocrx_word' id='word_1_609' title='bbox 1982 3538 2233 3593; x_wconf 87' lang='lat' dir='ltr'><strong>stentiatn</strong></span> <span class='ocrx_word' id='word_1_610' title='bbox 2270 3539 2543 3606; x_wconf 89' lang='lat' dir='ltr'><strong>propriam</strong></span> <span class='ocrx_word' id='word_1_611' title='bbox 2578 3553 2592 3587; x_wconf 90' lang='lat'><strong>:</strong></span> <span class='ocrx_word' id='word_1_612' title='bbox 2621 3544 2879 3602; x_wconf 86' lang='lat' dir='ltr'><strong>operatur</strong></span> <span class='ocrx_word' id='word_1_613' title='bbox 2900 3534 3222 3603; x_wconf 59' lang='lat' dir='ltr'><strong>etiSpiritus,</strong></span> <span class='ocrx_word' id='word_1_614' title='bbox 3246 3547 3481 3598; x_wconf 83' lang='lat' dir='ltr'><strong>namque</strong></span> 
     </span>
    </p>
   </div>
   <div class='ocr_carea' id='block_1_79' title="bbox 1921 3624 3339 3696">
    <p class='ocr_par' dir='ltr' id='par_1_79' title="bbox 1921 3624 3339 3696">
     <span class='ocr_line' id='line_1_79' title="bbox 1921 3624 3339 3696; baseline -0.002 -16"><span class='ocrx_word' id='word_1_615' title='bbox 1921 3648 1938 3680; x_wconf 79' lang='grc' dir='ltr'><strong>ι</strong></span> <span class='ocrx_word' id='word_1_616' title='bbox 1991 3638 2074 3684; x_wconf 84' lang='lat' dir='ltr'><strong>est</strong></span> <span class='ocrx_word' id='word_1_617' title='bbox 2111 3628 2287 3684; x_wconf 86' lang='lat' dir='ltr'><strong>Patris</strong></span> <span class='ocrx_word' id='word_1_618' title='bbox 2313 3637 2368 3683; x_wconf 89' lang='lat' dir='ltr'><strong>et</strong></span> <span class='ocrx_word' id='word_1_619' title='bbox 2396 3627 2515 3681; x_wconf 83' lang='lat' dir='ltr'><strong>Filii</strong></span> <span class='ocrx_word' id='word_1_620' title='bbox 2551 3624 2786 3696; x_wconf 89' lang='lat' dir='ltr'><strong>Spiritus</strong></span> <span class='ocrx_word' id='word_1_621' title='bbox 2813 3625 3055 3679; x_wconf 90' lang='lat' dir='ltr'><strong>omnium</strong></span> <span class='ocrx_word' id='word_1_622' title='bbox 3100 3626 3339 3679; x_wconf 77' lang='lat' dir='ltr'><strong>effector.</strong></span> 
     </span>
    </p>
   </div>
   <div class='ocr_carea' id='block_1_80' title="bbox 2473 3718 2895 3772">
    <p class='ocr_par' dir='ltr' id='par_1_80' title="bbox 2473 3718 2895 3772">
     <span class='ocr_line' id='line_1_80' title="bbox 2473 3718 2895 3772; baseline 0 0"><span class='ocrx_word' id='word_1_623' title='bbox 2473 3718 2895 3772; x_wconf 74' lang='lat' dir='ltr'><strong>Animadversio.</strong></span> 
     </span>
    </p>
   </div>
   <div class='ocr_carea' id='block_1_81' title="bbox 1993 3805 3475 3882">
    <p class='ocr_par' dir='ltr' id='par_1_81' title="bbox 1993 3805 3475 3882">
     <span class='ocr_line' id='line_1_81' title="bbox 1993 3805 3475 3882; baseline -0.006 -16"><span class='ocrx_word' id='word_1_624' title='bbox 1993 3834 2011 3866; x_wconf 78' lang='grc' dir='ltr'><strong>ι</strong></span> <span class='ocrx_word' id='word_1_625' title='bbox 2048 3812 2145 3867; x_wconf 75' lang='grc' dir='ltr'><strong>Ηίίε</strong></span> <span class='ocrx_word' id='word_1_626' title='bbox 2174 3829 2280 3867; x_wconf 93' lang='lat' dir='ltr'><strong>non</strong></span> <span class='ocrx_word' id='word_1_627' title='bbox 2306 3812 2477 3878; x_wconf 87' lang='lat' dir='ltr'><strong>aliud,</strong></span> <span class='ocrx_word' id='word_1_628' title='bbox 2524 3827 2687 3882; x_wconf 89' lang='lat' dir='ltr'><strong>quain</strong></span> <span class='ocrx_word' id='word_1_629' title='bbox 2722 3826 2849 3881; x_wconf 77' lang='lat' dir='ltr'><strong>erga</strong></span> <span class='ocrx_word' id='word_1_630' title='bbox 2910 3810 3122 3864; x_wconf 83' lang='lat' dir='ltr'><strong>Patrem</strong></span> <span class='ocrx_word' id='word_1_631' title='bbox 3168 3820 3223 3863; x_wconf 89' lang='lat' dir='ltr'><strong>et</strong></span> <span class='ocrx_word' id='word_1_632' title='bbox 3278 3805 3475 3862; x_wconf 75' lang='lat' dir='ltr'><strong>Fili-mi</strong></span> 
     </span>
    </p>
   </div>
   <div class='ocr_carea' id='block_1_82' title="bbox 1922 3900 3481 3967">
    <p class='ocr_par' dir='ltr' id='par_1_82' title="bbox 1922 3900 3481 3967">
     <span class='ocr_line' id='line_1_82' title="bbox 1922 3900 3481 3967; baseline -0.005 -9"><span class='ocrx_word' id='word_1_633' title='bbox 1922 3908 1968 3966; x_wconf 66' lang='lat' dir='ltr'><strong>ei</strong></span> <span class='ocrx_word' id='word_1_634' title='bbox 1996 3904 2465 3961; x_wconf 80' lang='lat' dir='ltr'><strong>consubstantiale</strong></span> <span class='ocrx_word' id='word_1_635' title='bbox 2495 3912 2719 3959; x_wconf 88' lang='lat' dir='ltr'><strong>sanctus</strong></span> <span class='ocrx_word' id='word_1_636' title='bbox 2766 3904 2956 3958; x_wconf 90' lang='lat' dir='ltr'><strong>doctor</strong></span> <span class='ocrx_word' id='word_1_637' title='bbox 3001 3901 3214 3963; x_wconf 89' lang='lat' dir='ltr'><strong>edocet,</strong></span> <span class='ocrx_word' id='word_1_638' title='bbox 3276 3909 3333 3951; x_wconf 93' lang='lat' dir='ltr'><strong>ut</strong></span> <span class='ocrx_word' id='word_1_639' title='bbox 3366 3900 3481 3967; x_wconf 83' lang='lat' dir='ltr'><strong>ipse</strong></span> 
     </span>
    </p>
   </div>
   <div class='ocr_carea' id='block_1_83' title="bbox 1922 4000 2260 4070">
    <p class='ocr_par' dir='ltr' id='par_1_83' title="bbox 1922 4000 2260 4070">
     <span class='ocr_line' id='line_1_83' title="bbox 1922 4000 2260 4070; baseline 0 -20"><span class='ocrx_word' id='word_1_640' title='bbox 1922 4018 1940 4050; x_wconf 77' lang='grc' dir='ltr'><strong>ι</strong></span> <span class='ocrx_word' id='word_1_641' title='bbox 1988 4000 2201 4070; x_wconf 75' lang='lat' dir='ltr'><strong>opinor.</strong></span> <span class='ocrx_word' id='word_1_642' title='bbox 2242 4018 2260 4050; x_wconf 76' lang='grc' dir='ltr'><strong>ι</strong></span> 
     </span>
    </p>
   </div>
   <div class='ocr_carea' id='block_1_84' title="bbox 2560 4089 2853 4156">
    <p class='ocr_par' dir='ltr' id='par_1_84' title="bbox 2560 4089 2853 4156">
     <span class='ocr_line' id='line_1_84' title="bbox 2560 4089 2853 4156; baseline -0.017 -11"><span class='ocrx_word' id='word_1_643' title='bbox 2560 4089 2853 4156; x_wconf 76' lang='lat' dir='ltr'><strong>Relutatio.</strong></span> 
     </span>
    </p>
   </div>
   <div class='ocr_carea' id='block_1_85' title="bbox 1989 4176 3484 4255">
    <p class='ocr_par' dir='ltr' id='par_1_85' title="bbox 1989 4176 3484 4255">
     <span class='ocr_line' id='line_1_85' title="bbox 1989 4176 3484 4255; baseline -0.01 -15"><span class='ocrx_word' id='word_1_644' title='bbox 1989 4187 2169 4255; x_wconf 90' lang='lat' dir='ltr'><strong>Ipsum</strong></span> <span class='ocrx_word' id='word_1_645' title='bbox 2185 4200 2310 4255; x_wconf 76' lang='lat' dir='ltr'><strong>erga</strong></span> <span class='ocrx_word' id='word_1_646' title='bbox 2332 4183 2541 4239; x_wconf 87' lang='lat' dir='ltr'><strong>Patrem</strong></span> <span class='ocrx_word' id='word_1_647' title='bbox 2566 4194 2618 4236; x_wconf 78' lang='lat' dir='ltr'><strong>et</strong></span> <span class='ocrx_word' id='word_1_648' title='bbox 2636 4181 2830 4235; x_wconf 84' lang='lat' dir='ltr'><strong>Filium</strong></span> <span class='ocrx_word' id='word_1_649' title='bbox 2862 4177 3099 4248; x_wconf 88' lang='lat' dir='ltr'><strong>Spiritus</strong></span> <span class='ocrx_word' id='word_1_650' title='bbox 3116 4176 3484 4231; x_wconf 81' lang='lat' dir='ltr'><strong>consubstan-</strong></span> 
     </span>
    </p>
   </div>
   <div class='ocr_carea' id='block_1_86' title="bbox 1917 4262 3483 4342">
    <p class='ocr_par' dir='ltr' id='par_1_86' title="bbox 1917 4262 3483 4342">
     <span class='ocr_line' id='line_1_86' title="bbox 1917 4262 3483 4342; baseline -0.007 -17"><span class='ocrx_word' id='word_1_651' title='bbox 1917 4272 2065 4336; x_wconf 90' lang='lat' dir='ltr'><strong>tiale,</strong></span> <span class='ocrx_word' id='word_1_652' title='bbox 2096 4271 2242 4342; x_wconf 92' lang='lat' dir='ltr'><strong>quod</strong></span> <span class='ocrx_word' id='word_1_653' title='bbox 2280 4270 2508 4324; x_wconf 89' lang='lat' dir='ltr'><strong>edocere</strong></span> <span class='ocrx_word' id='word_1_654' title='bbox 2541 4270 2628 4322; x_wconf 90' lang='lat' dir='ltr'><strong>iiic</strong></span> <span class='ocrx_word' id='word_1_655' title='bbox 2655 4278 2901 4323; x_wconf 82' lang='lat' dir='ltr'><strong>sanctum</strong></span> <span class='ocrx_word' id='word_1_656' title='bbox 2926 4264 3193 4334; x_wconf 84' lang='lat' dir='ltr'><strong>opinaris.</strong></span> <span class='ocrx_word' id='word_1_657' title='bbox 3246 4277 3357 4315; x_wconf 91' lang='lat' dir='ltr'><strong>non</strong></span> <span class='ocrx_word' id='word_1_658' title='bbox 3387 4262 3483 4315; x_wconf 91' lang='lat' dir='ltr'><strong>ali-</strong></span> 
     </span>
    </p>
   </div>
   <div class='ocr_carea' id='block_1_87' title="bbox 1918 4353 3485 4433">
    <p class='ocr_par' dir='ltr' id='par_1_87' title="bbox 1918 4353 3485 4433">
     <span class='ocr_line' id='line_1_87' title="bbox 1918 4353 3485 4433; baseline -0.008 -16"><span class='ocrx_word' id='word_1_659' title='bbox 1918 4364 2065 4418; x_wconf 91' lang='lat' dir='ltr'><strong>unde</strong></span> <span class='ocrx_word' id='word_1_660' title='bbox 2093 4366 2360 4433; x_wconf 83' lang='lat' dir='ltr'><strong>provenit,</strong></span> <span class='ocrx_word' id='word_1_661' title='bbox 2395 4376 2558 4430; x_wconf 89' lang='lat' dir='ltr'><strong>quam</strong></span> <span class='ocrx_word' id='word_1_662' title='bbox 2593 4359 2735 4429; x_wconf 90' lang='lat' dir='ltr'><strong>quod</strong></span> <span class='ocrx_word' id='word_1_663' title='bbox 2792 4356 3028 4428; x_wconf 82' lang='lat' dir='ltr'><strong>Spiritus</strong></span> <span class='ocrx_word' id='word_1_664' title='bbox 3072 4371 3132 4407; x_wconf 80' lang='lat' dir='ltr'><strong>ex</strong></span> <span class='ocrx_word' id='word_1_665' title='bbox 3166 4353 3327 4407; x_wconf 88' lang='lat' dir='ltr'><strong>Patre</strong></span> <span class='ocrx_word' id='word_1_666' title='bbox 3388 4368 3485 4422; x_wconf 92' lang='lat' dir='ltr'><strong>per</strong></span> 
     </span>
    </p>
   </div>
   <div class='ocr_carea' id='block_1_88' title="bbox 1921 4447 3487 4520">
    <p class='ocr_par' dir='ltr' id='par_1_88' title="bbox 1921 4447 3487 4520">
     <span class='ocr_line' id='line_1_88' title="bbox 1921 4447 3487 4520; baseline -0.008 -13"><span class='ocrx_word' id='word_1_667' title='bbox 1921 4453 2117 4507; x_wconf 87' lang='lat' dir='ltr'><strong>Filium</strong></span> <span class='ocrx_word' id='word_1_668' title='bbox 2148 4460 2252 4507; x_wconf 85' lang='lat' dir='ltr'><strong>est.</strong></span> <span class='ocrx_word' id='word_1_669' title='bbox 2282 4450 2469 4520; x_wconf 81' lang='lat' dir='ltr'><strong>Neque</strong></span> <span class='ocrx_word' id='word_1_670' title='bbox 2502 4452 2629 4504; x_wconf 86' lang='lat' dir='ltr'><strong>hinc</strong></span> <span class='ocrx_word' id='word_1_671' title='bbox 2679 4449 2835 4515; x_wconf 72' lang='lat' dir='ltr'><strong>longe</strong></span> <span class='ocrx_word' id='word_1_672' title='bbox 2886 4447 3258 4500; x_wconf 88' lang='lat' dir='ltr'><strong>testimonium</strong></span> <span class='ocrx_word' id='word_1_673' title='bbox 3302 4453 3487 4511; x_wconf 82' lang='lat' dir='ltr'><strong>peten-</strong></span> 
     </span>
    </p>
   </div>
   <div class='ocr_carea' id='block_1_89' title="bbox 234 4537 1893 4610">
    <p class='ocr_par' dir='ltr' id='par_1_89' title="bbox 234 4537 1891 4610">
     <span class='ocr_line' id='line_1_89' title="bbox 234 4537 1891 4610; baseline 0.002 -20"><span class='ocrx_word' id='word_1_674' title='bbox 234 4538 401 4608; x_wconf 74' lang='grc' dir='ltr'><strong>τυρῑα</strong></span> <span class='ocrx_word' id='word_1_675' title='bbox 441 4539 502 4590; x_wconf 79' lang='grc' dir='ltr'><strong>οὐ</strong></span> <span class='ocrx_word' id='word_1_676' title='bbox 551 4538 763 4608; x_wconf 72' lang='grc' dir='ltr'><strong>πόρρω,</strong></span> <span class='ocrx_word' id='word_1_677' title='bbox 811 4537 928 4590; x_wconf 81' lang='grc' dir='ltr'><strong>ἀλλ’</strong></span> <span class='ocrx_word' id='word_1_678' title='bbox 964 4540 1021 4591; x_wconf 79' lang='grc' dir='ltr'><strong>ἐν</strong></span> <span class='ocrx_word' id='word_1_679' title='bbox 1063 4540 1132 4608; x_wconf 80' lang='grc' dir='ltr'><strong>τῇ</strong></span> <span class='ocrx_word' id='word_1_680' title='bbox 1178 4542 1615 4610; x_wconf 82' lang='grc' dir='ltr'><strong>προηγησαμένῃ</strong></span> <span class='ocrx_word' id='word_1_681' title='bbox 1644 4557 1808 4609; x_wconf 86' lang='grc' dir='ltr'><strong>περι·</strong></span> <span class='ocrx_word' id='word_1_682' title='bbox 1844 4583 1891 4610; x_wconf 54' lang='grc' dir='ltr'>ἢ</span> 
     </span>
    </p>
   </div>
   <div class='ocr_carea' id='block_1_90' title="bbox 1828 4537 3487 4610">
    <p class='ocr_par' dir='ltr' id='par_1_90' title="bbox 1844 4537 3487 4610">
     <span class='ocr_line' id='line_1_90' title="bbox 1844 4537 3487 4610; baseline -0.009 -10"><span class='ocrx_word' id='word_1_683' title='bbox 1844 4583 1891 4610; x_wconf 62' lang='grc' dir='ltr'><strong>η</strong></span> <span class='ocrx_word' id='word_1_684' title='bbox 1920 4545 2047 4599; x_wconf 93' lang='lat' dir='ltr'><strong>dum</strong></span> <span class='ocrx_word' id='word_1_685' title='bbox 2066 4552 2168 4605; x_wconf 89' lang='lat' dir='ltr'><strong>est,</strong></span> <span class='ocrx_word' id='word_1_686' title='bbox 2194 4544 2289 4597; x_wconf 89' lang='lat' dir='ltr'><strong>sed</strong></span> <span class='ocrx_word' id='word_1_687' title='bbox 2311 4557 2375 4596; x_wconf 84' lang='lat' dir='ltr'><strong>ex</strong></span> <span class='ocrx_word' id='word_1_688' title='bbox 2405 4539 2728 4610; x_wconf 67' lang='lat' dir='ltr'><strong>praecedenti</strong></span> <span class='ocrx_word' id='word_1_689' title='bbox 2754 4539 3024 4606; x_wconf 86' lang='lat' dir='ltr'><strong>pericopa,</strong></span> <span class='ocrx_word' id='word_1_690' title='bbox 3048 4537 3103 4589; x_wconf 89' lang='lat' dir='ltr'><strong>in</strong></span> <span class='ocrx_word' id='word_1_691' title='bbox 3134 4549 3240 4604; x_wconf 89' lang='lat' dir='ltr'><strong>qua</strong></span> <span class='ocrx_word' id='word_1_692' title='bbox 3264 4543 3487 4587; x_wconf 89' lang='lat' dir='ltr'><strong>sanctus</strong></span> 
     </span>
    </p>
   </div>
   <div class='ocr_carea' id='block_1_91' title="bbox 237 4627 1812 4700">
    <p class='ocr_par' dir='ltr' id='par_1_91' title="bbox 237 4627 1812 4700">
     <span class='ocr_line' id='line_1_91' title="bbox 237 4627 1812 4700; baseline 0.001 -18"><span class='ocrx_word' id='word_1_693' title='bbox 237 4634 409 4700; x_wconf 79' lang='grc' dir='ltr'><strong>κοπῇ,</strong></span> <span class='ocrx_word' id='word_1_694' title='bbox 436 4630 572 4683; x_wconf 78' lang='grc' dir='ltr'><strong>ὅπου</strong></span> <span class='ocrx_word' id='word_1_695' title='bbox 600 4630 663 4682; x_wconf 86' lang='lat'><strong>:6</strong></span> <span class='ocrx_word' id='word_1_696' title='bbox 689 4629 919 4698; x_wconf 87' lang='grc' dir='ltr'><strong>Πνεῦμα</strong></span> <span class='ocrx_word' id='word_1_697' title='bbox 946 4631 973 4681; x_wconf 95' lang='lat'><strong>6</strong></span> <span class='ocrx_word' id='word_1_698' title='bbox 1020 4630 1176 4696; x_wconf 74' lang='grc' dir='ltr'><strong>ἅγιος</strong></span> <span class='ocrx_word' id='word_1_699' title='bbox 1213 4631 1414 4699; x_wconf 75' lang='grc' dir='ltr'><strong>ἀμφοῖν</strong></span> <span class='ocrx_word' id='word_1_700' title='bbox 1454 4627 1606 4683; x_wconf 75' lang='grc' dir='ltr'><strong>εἴπεν</strong></span> <span class='ocrx_word' id='word_1_701' title='bbox 1651 4627 1812 4696; x_wconf 74' lang='grc' dir='ltr'><strong>εῖναι,</strong></span> 
     </span>
    </p>
   </div>
   <div class='ocr_carea' id='block_1_92' title="bbox 235 4717 1819 4789">
    <p class='ocr_par' dir='ltr' id='par_1_92' title="bbox 235 4717 1819 4789">
     <span class='ocr_line' id='line_1_92' title="bbox 235 4717 1819 4789; baseline 0.003 -18"><span class='ocrx_word' id='word_1_702' title='bbox 235 4720 311 4782; x_wconf 80' lang='grc' dir='ltr'><strong>ὼς</strong></span> <span class='ocrx_word' id='word_1_703' title='bbox 350 4720 408 4772; x_wconf 83' lang='grc' dir='ltr'><strong>ἓν</strong></span> <span class='ocrx_word' id='word_1_704' title='bbox 457 4720 522 4772; x_wconf 79' lang='grc' dir='ltr'><strong>ὲκ</strong></span> <span class='ocrx_word' id='word_1_705' title='bbox 568 4720 780 4789; x_wconf 83' lang='grc' dir='ltr'><strong>Πατρὺς</strong></span> <span class='ocrx_word' id='word_1_706' title='bbox 815 4720 885 4772; x_wconf 82' lang='grc' dir='ltr'><strong>δι’</strong></span> <span class='ocrx_word' id='word_1_707' title='bbox 923 4719 1053 4773; x_wconf 76' lang='grc' dir='ltr'><strong>Υέοῦ</strong></span> <span class='ocrx_word' id='word_1_708' title='bbox 1087 4736 1100 4749; x_wconf 83' lang='grc'><em>’</em></span> <span class='ocrx_word' id='word_1_709' title='bbox 1146 4721 1241 4773; x_wconf 63' lang='grc' dir='ltr'><strong>καὶ⁵</strong></span> <span class='ocrx_word' id='word_1_710' title='bbox 1282 4719 1535 4774; x_wconf 75' lang='grc' dir='ltr'><strong>ἐντεῦθεν</strong></span> <span class='ocrx_word' id='word_1_711' title='bbox 1577 4717 1718 4775; x_wconf 77' lang='grc' dir='ltr'><strong>εῖναι</strong></span> <span class='ocrx_word' id='word_1_712' title='bbox 1758 4722 1819 4775; x_wconf 90' lang='lat'><strong>:6</strong></span> 
     </span>
    </p>
   </div>
   <div class='ocr_carea' id='block_1_93' title="bbox 236 4811 1817 4884">
    <p class='ocr_par' dir='ltr' id='par_1_93' title="bbox 236 4811 1817 4884">
     <span class='ocr_line' id='line_1_93' title="bbox 236 4811 1817 4884; baseline 0.001 -20"><span class='ocrx_word' id='word_1_713' title='bbox 236 4812 533 4880; x_wconf 79' lang='grc' dir='ltr'><strong>ὁμοούσιον</strong></span> <span class='ocrx_word' id='word_1_714' title='bbox 564 4813 853 4877; x_wconf 83' lang='grc' dir='ltr'><strong>συνιστῶν,</strong></span> <span class='ocrx_word' id='word_1_715' title='bbox 908 4811 1208 4883; x_wconf 78' lang='grc' dir='ltr'><strong>προσέθετο</strong></span> <span class='ocrx_word' id='word_1_716' title='bbox 1254 4813 1344 4866; x_wconf 74' lang='grc' dir='ltr'><strong>διὰ</strong></span> <span class='ocrx_word' id='word_1_717' title='bbox 1375 4814 1476 4881; x_wconf 86' lang='grc' dir='ltr'><strong>τὴν</strong></span> <span class='ocrx_word' id='word_1_718' title='bbox 1504 4815 1817 4884; x_wconf 83' lang='grc' dir='ltr'><strong>ταυτότητα</strong></span> 
     </span>
    </p>
   </div>
   <div class='ocr_carea' id='block_1_94' title="bbox 239 4900 1817 4971">
    <p class='ocr_par' dir='ltr' id='par_1_94' title="bbox 239 4900 1817 4971">
     <span class='ocr_line' id='line_1_94' title="bbox 239 4900 1817 4971; baseline -0.005 -8"><span class='ocrx_word' id='word_1_719' title='bbox 239 4902 339 4968; x_wconf 79' lang='grc' dir='ltr'><strong>τῆς</strong></span> <span class='ocrx_word' id='word_1_720' title='bbox 368 4902 583 4960; x_wconf 71' lang='grc' dir='ltr'><strong>οὐσίας.</strong></span> <span class='ocrx_word' id='word_1_721' title='bbox 628 4900 912 4956; x_wconf 85' lang='grc' dir='ltr'><strong>Ἐντεῦθεν</strong></span> <span class='ocrx_word' id='word_1_722' title='bbox 938 4901 1047 4969; x_wconf 87' lang='grc' dir='ltr'><strong>γάρ</strong></span> <span class='ocrx_word' id='word_1_723' title='bbox 1075 4903 1108 4969; x_wconf 80' lang='grc' dir='ltr'>ἡ</span> <span class='ocrx_word' id='word_1_724' title='bbox 1136 4902 1307 4971; x_wconf 81' lang='grc' dir='ltr'><strong>Τριὰς</strong></span> <span class='ocrx_word' id='word_1_725' title='bbox 1338 4904 1419 4965; x_wconf 73' lang='grc' dir='ltr'><strong>εἰς</strong></span> <span class='ocrx_word' id='word_1_726' title='bbox 1448 4904 1509 4955; x_wconf 89' lang='lat'><strong>:6</strong></span> <span class='ocrx_word' id='word_1_727' title='bbox 1529 4904 1747 4971; x_wconf 85' lang='grc' dir='ltr'><strong>συνεχές</strong></span> <span class='ocrx_word' id='word_1_728' title='bbox 1763 4921 1817 4955; x_wconf 85' lang='grc' dir='ltr'><strong>τι</strong></span> 
     </span>
    </p>
   </div>
   <div class='ocr_carea' id='block_1_95' title="bbox 243 4993 1817 5062">
    <p class='ocr_par' dir='ltr' id='par_1_95' title="bbox 243 4993 1817 5062">
     <span class='ocr_line' id='line_1_95' title="bbox 243 4993 1817 5062; baseline 0.001 -17"><span class='ocrx_word' id='word_1_729' title='bbox 243 4996 341 5046; x_wconf 83' lang='grc' dir='ltr'><strong>καί</strong></span> <span class='ocrx_word' id='word_1_730' title='bbox 396 4994 669 5062; x_wconf 83' lang='grc' dir='ltr'><strong>συμφυὲς,</strong></span> <span class='ocrx_word' id='word_1_731' title='bbox 708 4994 852 5046; x_wconf 79' lang='grc' dir='ltr'><strong>κατὰ</strong></span> <span class='ocrx_word' id='word_1_732' title='bbox 899 4993 992 5046; x_wconf 73' lang='grc' dir='ltr'><strong>τὸν</strong></span> <span class='ocrx_word' id='word_1_733' title='bbox 1059 4994 1223 5046; x_wconf 84' lang='grc' dir='ltr'><strong>αὐτὸν</strong></span> <span class='ocrx_word' id='word_1_734' title='bbox 1258 4997 1351 5048; x_wconf 77' lang='grc' dir='ltr'><strong>καὶ</strong></span> <span class='ocrx_word' id='word_1_735' title='bbox 1398 4996 1565 5048; x_wconf 80' lang='grc' dir='ltr'><strong>πάλιν</strong></span> <span class='ocrx_word' id='word_1_736' title='bbox 1618 4998 1817 5059; x_wconf 77' lang='grc' dir='ltr'><strong>εἰπεῖν,</strong></span> 
     </span>
    </p>
   </div>
   <div class='ocr_carea' id='block_1_96' title="bbox 244 5083 1819 5153">
    <p class='ocr_par' dir='ltr' id='par_1_96' title="bbox 244 5083 1819 5153">
     <span class='ocr_line' id='line_1_96' title="bbox 244 5083 1819 5153; baseline 0.003 -17"><span class='ocrx_word' id='word_1_737' title='bbox 244 5085 671 5153; x_wconf 75' lang='grc' dir='ltr'><strong>ἁνασφίγγεται,</strong></span> <span class='ocrx_word' id='word_1_738' title='bbox 709 5087 803 5137; x_wconf 76' lang='grc' dir='ltr'><strong>καὶ</strong></span> <span class='ocrx_word' id='word_1_739' title='bbox 829 5083 1106 5149; x_wconf 77' lang='grc' dir='ltr'><strong>ἐντεῦθεν,</strong></span> <span class='ocrx_word' id='word_1_740' title='bbox 1134 5084 1273 5138; x_wconf 83' lang='grc' dir='ltr'><strong>κατά</strong></span> <span class='ocrx_word' id='word_1_741' title='bbox 1295 5084 1388 5137; x_wconf 82' lang='grc' dir='ltr'><strong>τὸν</strong></span> <span class='ocrx_word' id='word_1_742' title='bbox 1413 5085 1577 5139; x_wconf 76' lang='grc' dir='ltr'><strong>αὑτὸν</strong></span> <span class='ocrx_word' id='word_1_743' title='bbox 1616 5087 1711 5141; x_wconf 76' lang='grc' dir='ltr'><strong>καὶ</strong></span> <span class='ocrx_word' id='word_1_744' title='bbox 1737 5086 1819 5140; x_wconf 78' lang='grc' dir='ltr'><strong>ἔτι</strong></span> 
     </span>
    </p>
   </div>
   <div class='ocr_carea' id='block_1_97' title="bbox 246 5174 1818 5250">
    <p class='ocr_par' dir='ltr' id='par_1_97' title="bbox 246 5174 1818 5250">
     <span class='ocr_line' id='line_1_97' title="bbox 246 5174 1818 5250; baseline 0.003 -22"><span class='ocrx_word' id='word_1_745' title='bbox 246 5180 449 5239; x_wconf 74' lang='grc' dir='ltr'><strong>εξπεῐν,</strong></span> <span class='ocrx_word' id='word_1_746' title='bbox 477 5178 506 5247; x_wconf 75' lang='grc' dir='ltr'>ἡ</span> <span class='ocrx_word' id='word_1_747' title='bbox 539 5177 678 5245; x_wconf 77' lang='grc' dir='ltr'><strong>πρὸς</strong></span> <span class='ocrx_word' id='word_1_748' title='bbox 702 5174 909 5246; x_wconf 75' lang='grc' dir='ltr'><strong>ἄλληλα</strong></span> <span class='ocrx_word' id='word_1_749' title='bbox 942 5176 1151 5229; x_wconf 76' lang='grc' dir='ltr'><strong>τούτων</strong></span> <span class='ocrx_word' id='word_1_750' title='bbox 1182 5176 1515 5249; x_wconf 68' lang='grc' dir='ltr'><strong>ἀπεμὸολὴ,</strong></span> <span class='ocrx_word' id='word_1_751' title='bbox 1541 5180 1608 5250; x_wconf 67' lang='grc' dir='ltr'><strong>ἢν</strong></span> <span class='ocrx_word' id='word_1_752' title='bbox 1642 5178 1818 5250; x_wconf 77' lang='grc' dir='ltr'><strong>ἕτεροι</strong></span> 
     </span>
    </p>
   </div>
   <div class='ocr_carea' id='block_1_98' title="bbox 246 5267 1396 5340">
    <p class='ocr_par' dir='ltr' id='par_1_98' title="bbox 246 5267 1396 5340">
     <span class='ocr_line' id='line_1_98' title="bbox 246 5267 1396 5340; baseline 0 -18"><span class='ocrx_word' id='word_1_753' title='bbox 246 5270 357 5322; x_wconf 80' lang='grc' dir='ltr'><strong>τῶν</strong></span> <span class='ocrx_word' id='word_1_754' title='bbox 394 5268 569 5334; x_wconf 76' lang='grc' dir='ltr'><strong>ἁγίων</strong></span> <span class='ocrx_word' id='word_1_755' title='bbox 603 5268 981 5340; x_wconf 58' lang='grc' dir='ltr'><strong>αριχὼρησιν</strong></span> <span class='ocrx_word' id='word_1_756' title='bbox 1021 5267 1396 5337; x_wconf 82' lang='grc' dir='ltr'><strong>ὠνομάκασιν.</strong></span> 
     </span>
    </p>
   </div>
   <div class='ocr_carea' id='block_1_99' title="bbox 791 5449 1292 5518">
    <p class='ocr_par' dir='ltr' id='par_1_99' title="bbox 791 5449 1292 5518">
     <span class='ocr_line' id='line_1_99' title="bbox 791 5449 1292 5518; baseline 0.006 -16"><span class='ocrx_word' id='word_1_757' title='bbox 791 5452 887 5503; x_wconf 76' lang='grc' dir='ltr'><strong>Ἐκ</strong></span> <span class='ocrx_word' id='word_1_758' title='bbox 928 5449 1038 5518; x_wconf 81' lang='grc' dir='ltr'><strong>τῆς</strong></span> <span class='ocrx_word' id='word_1_759' title='bbox 1083 5451 1292 5518; x_wconf 77' lang='grc' dir='ltr'><strong>αὐτῆς.</strong></span> 
     </span>
    </p>
   </div>
   <div class='ocr_carea' id='block_1_100' title="bbox 323 5536 1821 5613">
    <p class='ocr_par' dir='ltr' id='par_1_100' title="bbox 323 5536 1821 5613">
     <span class='ocr_line' id='line_1_100' title="bbox 323 5536 1821 5613; baseline 0.002 -19"><span class='ocrx_word' id='word_1_760' title='bbox 323 5546 453 5607; x_wconf 56' lang='grc' dir='ltr'><strong>ις’.</strong></span> <span class='ocrx_word' id='word_1_761' title='bbox 496 5538 682 5593; x_wconf 75' lang='grc' dir='ltr'><strong>σΟἷδεν</strong></span> <span class='ocrx_word' id='word_1_762' title='bbox 724 5536 818 5594; x_wconf 80' lang='grc' dir='ltr'><strong>οῦν</strong></span> <span class='ocrx_word' id='word_1_763' title='bbox 868 5542 976 5613; x_wconf 76' lang='grc' dir='ltr'><strong>ἄρα</strong></span> <span class='ocrx_word' id='word_1_764' title='bbox 1017 5542 1077 5595; x_wconf 86' lang='lat'><strong>:6</strong></span> <span class='ocrx_word' id='word_1_765' title='bbox 1106 5543 1330 5613; x_wconf 88' lang='grc' dir='ltr'><strong>Πνεῦμα</strong></span> <span class='ocrx_word' id='word_1_766' title='bbox 1363 5541 1454 5597; x_wconf 87' lang='grc' dir='ltr'><strong>τοῦ</strong></span> <span class='ocrx_word' id='word_1_767' title='bbox 1485 5544 1617 5598; x_wconf 82' lang='grc' dir='ltr'><strong>Θεοῦ</strong></span> <span class='ocrx_word' id='word_1_768' title='bbox 1652 5546 1719 5599; x_wconf 83' lang='grc' dir='ltr'><strong>τὰ</strong></span> <span class='ocrx_word' id='word_1_769' title='bbox 1765 5547 1821 5598; x_wconf 75' lang='grc' dir='ltr'><strong>ἐν</strong></span> 
     </span>
    </p>
   </div>
   <div class='ocr_carea' id='block_1_101' title="bbox 259 5631 1819 5704">
    <p class='ocr_par' dir='ltr' id='par_1_101' title="bbox 259 5631 1819 5704">
     <span class='ocr_line' id='line_1_101' title="bbox 259 5631 1819 5704; baseline 0.005 -22"><span class='ocrx_word' id='word_1_770' title='bbox 259 5654 276 5682; x_wconf 73' lang='grc' dir='ltr'>ι</span> <span class='ocrx_word' id='word_1_771' title='bbox 317 5632 490 5699; x_wconf 78' lang='grc' dir='ltr'><strong>αὐτῷ,</strong></span> <span class='ocrx_word' id='word_1_772' title='bbox 523 5631 618 5685; x_wconf 76' lang='grc' dir='ltr'><strong>καὶ</strong></span> <span class='ocrx_word' id='word_1_773' title='bbox 640 5631 795 5684; x_wconf 78' lang='grc' dir='ltr'><strong>οὐδὲν</strong></span> <span class='ocrx_word' id='word_1_774' title='bbox 819 5633 971 5702; x_wconf 81' lang='grc' dir='ltr'><strong>αὐτῷ</strong></span> <span class='ocrx_word' id='word_1_775' title='bbox 1001 5634 1382 5703; x_wconf 73' lang='grc' dir='ltr'><strong>κεκρυμμένον</strong></span> <span class='ocrx_word' id='word_1_776' title='bbox 1415 5634 1448 5704; x_wconf 76' lang='grc' dir='ltr'><strong>ἢ</strong></span> <span class='ocrx_word' id='word_1_777' title='bbox 1483 5635 1819 5704; x_wconf 83' lang='grc' dir='ltr'><strong>ἀσυμφανές.</strong></span> 
     </span>
    </p>
   </div>
   <div class='ocr_carea' id='block_1_102' title="bbox 259 5720 1826 5793">
    <p class='ocr_par' dir='ltr' id='par_1_102' title="bbox 259 5720 1826 5793">
     <span class='ocr_line' id='line_1_102' title="bbox 259 5720 1826 5793; baseline 0.004 -20"><span class='ocrx_word' id='word_1_778' title='bbox 259 5743 276 5773; x_wconf 76' lang='lat' dir='ltr'><strong>i</strong></span> <span class='ocrx_word' id='word_1_779' title='bbox 318 5720 469 5776; x_wconf 75' lang='grc' dir='ltr'><strong>Οἵδε·</strong></span> <span class='ocrx_word' id='word_1_780' title='bbox 504 5725 623 5786; x_wconf 83' lang='grc' dir='ltr'><strong>πῶς</strong></span> <span class='ocrx_word' id='word_1_781' title='bbox 656 5724 766 5793; x_wconf 90' lang='grc' dir='ltr'><strong>γάρ</strong></span> <span class='ocrx_word' id='word_1_782' title='bbox 792 5724 853 5776; x_wconf 82' lang='lat'><strong>06</strong></span> <span class='ocrx_word' id='word_1_783' title='bbox 878 5742 891 5789; x_wconf 66' lang='grc' dir='ltr'>ς</span> <span class='ocrx_word' id='word_1_784' title='bbox 928 5725 1096 5793; x_wconf 74' lang='grc' dir='ltr'><strong>Εἴπερ</strong></span> <span class='ocrx_word' id='word_1_785' title='bbox 1126 5724 1218 5777; x_wconf 78' lang='grc' dir='ltr'><strong>οὖν</strong></span> <span class='ocrx_word' id='word_1_786' title='bbox 1242 5726 1358 5777; x_wconf 79' lang='grc' dir='ltr'><strong>ἐστι</strong></span> <span class='ocrx_word' id='word_1_787' title='bbox 1388 5727 1447 5778; x_wconf 88' lang='lat'><strong>:6</strong></span> <span class='ocrx_word' id='word_1_788' title='bbox 1478 5728 1658 5781; x_wconf 83' lang='grc' dir='ltr'><strong>πάντα</strong></span> <span class='ocrx_word' id='word_1_789' title='bbox 1688 5729 1826 5791; x_wconf 71' lang='grc' dir='ltr'><strong>εἰδὸς</strong></span> 
     </span>
    </p>
   </div>
   <div class='ocr_carea' id='block_1_103' title="bbox 262 5814 1824 5890">
    <p class='ocr_par' dir='ltr' id='par_1_103' title="bbox 262 5814 1824 5890">
     <span class='ocr_line' id='line_1_103' title="bbox 262 5814 1824 5890; baseline 0.007 -25"><span class='ocrx_word' id='word_1_790' title='bbox 262 5836 276 5865; x_wconf 79' lang='lat' dir='ltr'><strong>i</strong></span> <span class='ocrx_word' id='word_1_791' title='bbox 320 5817 383 5869; x_wconf 71' lang='grc' dir='ltr'><strong>τὰ</strong></span> <span class='ocrx_word' id='word_1_792' title='bbox 438 5817 495 5867; x_wconf 75' lang='grc' dir='ltr'><strong>ἐν</strong></span> <span class='ocrx_word' id='word_1_793' title='bbox 538 5814 612 5885; x_wconf 81' lang='grc' dir='ltr'><strong>τῷ</strong></span> <span class='ocrx_word' id='word_1_794' title='bbox 662 5815 856 5885; x_wconf 70' lang='grc' dir='ltr'><strong>Πατρὶ,</strong></span> <span class='ocrx_word' id='word_1_795' title='bbox 912 5815 1087 5871; x_wconf 75' lang='grc' dir='ltr'><strong>καίτοι</strong></span> <span class='ocrx_word' id='word_1_796' title='bbox 1129 5816 1375 5887; x_wconf 75' lang='grc' dir='ltr'><strong>λέγοντος</strong></span> <span class='ocrx_word' id='word_1_797' title='bbox 1418 5816 1598 5873; x_wconf 81' lang='grc' dir='ltr'><strong>ἀκούω</strong></span> <span class='ocrx_word' id='word_1_798' title='bbox 1640 5821 1824 5890; x_wconf 75' lang='grc' dir='ltr'><strong>σαφῶς</strong></span> 
     </span>
    </p>
   </div>
   <div class='ocr_carea' id='block_1_104' title="bbox 1844 4583 1891 4641">
    <p class='ocr_par' dir='ltr' id='par_1_104' title="bbox 1844 4583 1891 4641">
     <span class='ocr_line' id='line_1_104' title="bbox 1844 4583 1891 4641; baseline 0 0"><span class='ocrx_word' id='word_1_799' title='bbox 1844 4583 1891 4641; x_wconf 93' lang='lat' dir='ltr'><strong>D</strong></span> 
     </span>
    </p>
   </div>
   <div class='ocr_carea' id='block_1_105' title="bbox 1923 4623 3488 4701">
    <p class='ocr_par' dir='ltr' id='par_1_105' title="bbox 1923 4623 3488 4701">
     <span class='ocr_line' id='line_1_105' title="bbox 1923 4623 3488 4701; baseline -0.011 -10"><span class='ocrx_word' id='word_1_800' title='bbox 1923 4644 2209 4701; x_wconf 88' lang='lat' dir='ltr'><strong>utriusque</strong></span> <span class='ocrx_word' id='word_1_801' title='bbox 2232 4648 2355 4687; x_wconf 89' lang='lat' dir='ltr'><strong>esse</strong></span> <span class='ocrx_word' id='word_1_802' title='bbox 2386 4630 2647 4699; x_wconf 84' lang='lat' dir='ltr'><strong>Spiritum</strong></span> <span class='ocrx_word' id='word_1_803' title='bbox 2706 4629 2862 4692; x_wconf 76' lang='lat' dir='ltr'><strong>dixit,</strong></span> <span class='ocrx_word' id='word_1_804' title='bbox 2913 4638 3168 4696; x_wconf 86' lang='lat' dir='ltr'><strong>tanquam</strong></span> <span class='ocrx_word' id='word_1_805' title='bbox 3219 4623 3312 4692; x_wconf 89' lang='lat' dir='ltr'><strong>qui</strong></span> <span class='ocrx_word' id='word_1_806' title='bbox 3346 4638 3488 4676; x_wconf 88' lang='lat' dir='ltr'><strong>unus</strong></span> 
     </span>
    </p>
   </div>
   <div class='ocr_carea' id='block_1_106' title="bbox 1918 4715 3488 4794">
    <p class='ocr_par' dir='ltr' id='par_1_106' title="bbox 1918 4715 3488 4794">
     <span class='ocr_line' id='line_1_106' title="bbox 1918 4715 3488 4794; baseline -0.011 -11"><span class='ocrx_word' id='word_1_807' title='bbox 1918 4740 2001 4783; x_wconf 87' lang='lat' dir='ltr'><strong>est</strong></span> <span class='ocrx_word' id='word_1_808' title='bbox 2045 4744 2109 4781; x_wconf 75' lang='lat' dir='ltr'><strong>ex</strong></span> <span class='ocrx_word' id='word_1_809' title='bbox 2141 4726 2297 4781; x_wconf 91' lang='lat' dir='ltr'><strong>Patre</strong></span> <span class='ocrx_word' id='word_1_810' title='bbox 2323 4741 2417 4794; x_wconf 89' lang='lat' dir='ltr'><strong>per</strong></span> <span class='ocrx_word' id='word_1_811' title='bbox 2471 4723 2707 4786; x_wconf 85' lang='lat' dir='ltr'><strong>Filium;</strong></span> <span class='ocrx_word' id='word_1_812' title='bbox 2747 4722 2977 4787; x_wconf 86' lang='lat' dir='ltr'><strong>indeque</strong></span> <span class='ocrx_word' id='word_1_813' title='bbox 3022 4715 3488 4773; x_wconf 83' lang='lat' dir='ltr'><strong>consubstantiale</strong></span> 
     </span>
    </p>
   </div>
   <div class='ocr_carea' id='block_1_107' title="bbox 1920 4806 3488 4883">
    <p class='ocr_par' dir='ltr' id='par_1_107' title="bbox 1920 4806 3488 4883">
     <span class='ocr_line' id='line_1_107' title="bbox 1920 4806 3488 4883; baseline -0.012 -9"><span class='ocrx_word' id='word_1_814' title='bbox 1920 4829 2099 4874; x_wconf 93' lang='lat' dir='ltr'><strong>ortum</strong></span> <span class='ocrx_word' id='word_1_815' title='bbox 2135 4819 2335 4873; x_wconf 90' lang='lat' dir='ltr'><strong>ducere</strong></span> <span class='ocrx_word' id='word_1_816' title='bbox 2364 4813 2748 4883; x_wconf 89' lang='lat' dir='ltr'><strong>comprobans,</strong></span> <span class='ocrx_word' id='word_1_817' title='bbox 2781 4811 3057 4873; x_wconf 73' lang='lat' dir='ltr'><strong>adiiexuit,</strong></span> <span class='ocrx_word' id='word_1_818' title='bbox 3091 4818 3308 4876; x_wconf 87' lang='lat' dir='ltr'><strong>propter</strong></span> <span class='ocrx_word' id='word_1_819' title='bbox 3338 4806 3488 4858; x_wconf 82' lang='lat' dir='ltr'><strong>idcu-</strong></span> 
     </span>
    </p>
   </div>
   <div class='ocr_carea' id='block_1_108' title="bbox 1919 4898 3485 4967">
    <p class='ocr_par' dir='ltr' id='par_1_108' title="bbox 1919 4898 3485 4967">
     <span class='ocr_line' id='line_1_108' title="bbox 1919 4898 3485 4967; baseline -0.012 -1"><span class='ocrx_word' id='word_1_820' title='bbox 1919 4914 2129 4967; x_wconf 87' lang='lat' dir='ltr'><strong>titatem</strong></span> <span class='ocrx_word' id='word_1_821' title='bbox 2171 4909 2440 4963; x_wconf 71' lang='lat' dir='ltr'><strong>essentim.</strong></span> <span class='ocrx_word' id='word_1_822' title='bbox 2505 4904 2643 4959; x_wconf 81' lang='lat' dir='ltr'><strong>liinc</strong></span> <span class='ocrx_word' id='word_1_823' title='bbox 2695 4906 2839 4957; x_wconf 88' lang='lat' dir='ltr'><strong>enim</strong></span> <span class='ocrx_word' id='word_1_824' title='bbox 2891 4901 3131 4955; x_wconf 85' lang='lat' dir='ltr'><strong>Trinitas</strong></span> <span class='ocrx_word' id='word_1_825' title='bbox 3186 4898 3485 4952; x_wconf 85' lang='lat' dir='ltr'><strong>secundum</strong></span> 
     </span>
    </p>
   </div>
   <div class='ocr_carea' id='block_1_109' title="bbox 1920 4992 3485 5063">
    <p class='ocr_par' dir='ltr' id='par_1_109' title="bbox 1920 4992 3485 5063">
     <span class='ocr_line' id='line_1_109' title="bbox 1920 4992 3485 5063; baseline -0.013 -3"><span class='ocrx_word' id='word_1_826' title='bbox 1920 5004 2331 5060; x_wconf 86' lang='lat' dir='ltr'><strong>contiiiuitatem</strong></span> <span class='ocrx_word' id='word_1_827' title='bbox 2357 5010 2408 5055; x_wconf 91' lang='lat' dir='ltr'><strong>et</strong></span> <span class='ocrx_word' id='word_1_828' title='bbox 2434 4997 2737 5052; x_wconf 88' lang='lat' dir='ltr'><strong>naturalem</strong></span> <span class='ocrx_word' id='word_1_829' title='bbox 2779 4992 3240 5063; x_wconf 88' lang='lat' dir='ltr'><strong>conjunctioncm,</strong></span> <span class='ocrx_word' id='word_1_830' title='bbox 3274 4998 3330 5042; x_wconf 89' lang='lat' dir='ltr'><strong>ut</strong></span> <span class='ocrx_word' id='word_1_831' title='bbox 3363 5006 3485 5041; x_wconf 81' lang='lat' dir='ltr'><strong>cuni</strong></span> 
     </span>
    </p>
   </div>
   <div class='ocr_carea' id='block_1_110' title="bbox 1924 5080 3485 5160">
    <p class='ocr_par' dir='ltr' id='par_1_110' title="bbox 1924 5080 3485 5160">
     <span class='ocr_line' id='line_1_110' title="bbox 1924 5080 3485 5160; baseline -0.015 -10"><span class='ocrx_word' id='word_1_832' title='bbox 1924 5098 2117 5151; x_wconf 86' lang='lat' dir='ltr'><strong>eodem</strong></span> <span class='ocrx_word' id='word_1_833' title='bbox 2155 5107 2341 5147; x_wconf 91' lang='lat' dir='ltr'><strong>rursus</strong></span> <span class='ocrx_word' id='word_1_834' title='bbox 2374 5091 2587 5160; x_wconf 89' lang='lat' dir='ltr'><strong>loquar,</strong></span> <span class='ocrx_word' id='word_1_835' title='bbox 2621 5087 2932 5155; x_wconf 78' lang='lat' dir='ltr'><strong>colligatur,</strong></span> <span class='ocrx_word' id='word_1_836' title='bbox 2964 5091 3018 5135; x_wconf 74' lang='lat' dir='ltr'><strong>et</strong></span> <span class='ocrx_word' id='word_1_837' title='bbox 3054 5082 3161 5140; x_wconf 86' lang='lat' dir='ltr'><strong>liic.</strong></span> <span class='ocrx_word' id='word_1_838' title='bbox 3190 5090 3249 5133; x_wconf 91' lang='lat' dir='ltr'><strong>ut</strong></span> <span class='ocrx_word' id='word_1_839' title='bbox 3296 5080 3485 5132; x_wconf 82' lang='lat' dir='ltr'><strong>iterum</strong></span> 
     </span>
    </p>
   </div>
   <div class='ocr_carea' id='block_1_111' title="bbox 1925 5172 3457 5245">
    <p class='ocr_par' dir='ltr' id='par_1_111' title="bbox 1925 5172 3457 5245">
     <span class='ocr_line' id='line_1_111' title="bbox 1925 5172 3457 5245; baseline -0.011 -6"><span class='ocrx_word' id='word_1_840' title='bbox 1925 5185 2070 5239; x_wconf 89' lang='lat' dir='ltr'><strong>illius</strong></span> <span class='ocrx_word' id='word_1_841' title='bbox 2097 5182 2277 5237; x_wconf 87' lang='lat' dir='ltr'><strong>verbis</strong></span> <span class='ocrx_word' id='word_1_842' title='bbox 2308 5188 2454 5245; x_wconf 90' lang='lat' dir='ltr'><strong>utar,</strong></span> <span class='ocrx_word' id='word_1_843' title='bbox 2487 5185 2676 5233; x_wconf 91' lang='lat' dir='ltr'><strong>mutua</strong></span> <span class='ocrx_word' id='word_1_844' title='bbox 2716 5190 2906 5229; x_wconf 89' lang='lat' dir='ltr'><strong>eorum</strong></span> <span class='ocrx_word' id='word_1_845' title='bbox 2938 5173 3078 5226; x_wconf 90' lang='lat' dir='ltr'><strong>inter</strong></span> <span class='ocrx_word' id='word_1_846' title='bbox 3106 5173 3251 5240; x_wconf 85' lang='lat' dir='ltr'><strong>ipsos</strong></span> <span class='ocrx_word' id='word_1_847' title='bbox 3314 5172 3457 5223; x_wconf 86' lang='lat' dir='ltr'><strong>intro</strong></span> 
     </span>
    </p>
   </div>
   <div class='ocr_carea' id='block_1_112' title="bbox 1924 5262 3462 5342">
    <p class='ocr_par' dir='ltr' id='par_1_112' title="bbox 1924 5262 3462 5342">
     <span class='ocr_line' id='line_1_112' title="bbox 1924 5262 3462 5342; baseline -0.013 -11"><span class='ocrx_word' id='word_1_848' title='bbox 1924 5274 2133 5338; x_wconf 88' lang='lat' dir='ltr'><strong>ductio,</strong></span> <span class='ocrx_word' id='word_1_849' title='bbox 2163 5286 2327 5342; x_wconf 87' lang='lat' dir='ltr'><strong>quam</strong></span> <span class='ocrx_word' id='word_1_850' title='bbox 2378 5271 2470 5325; x_wconf 90' lang='lat' dir='ltr'><strong>alii</strong></span> <span class='ocrx_word' id='word_1_851' title='bbox 2496 5276 2833 5329; x_wconf 85' lang='lat' dir='ltr'><strong>sanctorum,</strong></span> <span class='ocrx_word' id='word_1_852' title='bbox 2881 5271 3124 5318; x_wconf 89' lang='lat' dir='ltr'><strong>mutuam</strong></span> <span class='ocrx_word' id='word_1_853' title='bbox 3155 5262 3462 5317; x_wconf 71' lang='lat' dir='ltr'><strong>circumitio</strong></span> 
     </span>
    </p>
   </div>
   <div class='ocr_carea' id='block_1_113' title="bbox 1925 5372 2423 5420">
    <p class='ocr_par' dir='ltr' id='par_1_113' title="bbox 1925 5372 2423 5420">
     <span class='ocr_line' id='line_1_113' title="bbox 1925 5372 2423 5420; baseline -0.002 0"><span class='ocrx_word' id='word_1_854' title='bbox 1925 5381 2047 5420; x_wconf 76' lang='lat' dir='ltr'><strong>IIem</strong></span> <span class='ocrx_word' id='word_1_855' title='bbox 2072 5378 2202 5418; x_wconf 84' lang='lat' dir='ltr'><strong>voca</strong></span> <span class='ocrx_word' id='word_1_856' title='bbox 2210 5372 2423 5420; x_wconf 83' lang='lat' dir='ltr'><strong>verunt.</strong></span> 
     </span>
    </p>
   </div>
   <div class='ocr_carea' id='block_1_114' title="bbox 2555 5454 2855 5506">
    <p class='ocr_par' dir='ltr' id='par_1_114' title="bbox 2555 5454 2855 5506">
     <span class='ocr_line' id='line_1_114' title="bbox 2555 5454 2855 5506; baseline -0.02 0"><span class='ocrx_word' id='word_1_857' title='bbox 2555 5455 2637 5506; x_wconf 75' lang='lat' dir='ltr'><em>Ex</em></span> <span class='ocrx_word' id='word_1_858' title='bbox 2652 5454 2831 5505; x_wconf 75' lang='lat' dir='ltr'><strong>eadem</strong></span> <span class='ocrx_word' id='word_1_859' title='bbox 2844 5491 2855 5501; x_wconf 94' lang='lat'><strong>.</strong></span> 
     </span>
    </p>
   </div>
   <div class='ocr_carea' id='block_1_115' title="bbox 1995 5540 3485 5612">
    <p class='ocr_par' dir='ltr' id='par_1_115' title="bbox 1995 5540 3485 5612">
     <span class='ocr_line' id='line_1_115' title="bbox 1995 5540 3485 5612; baseline -0.004 -12"><span class='ocrx_word' id='word_1_860' title='bbox 1995 5545 2179 5600; x_wconf 82' lang='lat' dir='ltr'><strong>XCVI.</strong></span> <span class='ocrx_word' id='word_1_861' title='bbox 2211 5565 2228 5596; x_wconf 83' lang='lat' dir='ltr'><strong>t</strong></span> <span class='ocrx_word' id='word_1_862' title='bbox 2256 5545 2368 5601; x_wconf 90' lang='lat' dir='ltr'><strong>Scit</strong></span> <span class='ocrx_word' id='word_1_863' title='bbox 2387 5546 2568 5612; x_wconf 85' lang='lat' dir='ltr'><strong>itaque</strong></span> <span class='ocrx_word' id='word_1_864' title='bbox 2590 5543 2827 5611; x_wconf 87' lang='lat' dir='ltr'><strong>Spiritus</strong></span> <span class='ocrx_word' id='word_1_865' title='bbox 2863 5540 3112 5607; x_wconf 79' lang='lat' dir='ltr'><strong>Dei,qua:</strong></span> <span class='ocrx_word' id='word_1_866' title='bbox 3137 5541 3187 5593; x_wconf 90' lang='lat' dir='ltr'><strong>iii</strong></span> <span class='ocrx_word' id='word_1_867' title='bbox 3213 5543 3320 5595; x_wconf 83' lang='lat' dir='ltr'><strong>Deo</strong></span> <span class='ocrx_word' id='word_1_868' title='bbox 3340 5553 3485 5597; x_wconf 85' lang='lat' dir='ltr'><strong>sunt.</strong></span> 
     </span>
    </p>
   </div>
   <div class='ocr_carea' id='block_1_116' title="bbox 1932 5634 3484 5705">
    <p class='ocr_par' dir='ltr' id='par_1_116' title="bbox 1932 5634 3484 5705">
     <span class='ocr_line' id='line_1_116' title="bbox 1932 5634 3484 5705; baseline -0.001 -16"><span class='ocrx_word' id='word_1_869' title='bbox 1932 5655 1951 5689; x_wconf 75' lang='grc' dir='ltr'>σ</span> <span class='ocrx_word' id='word_1_870' title='bbox 1992 5651 2047 5692; x_wconf 90' lang='lat' dir='ltr'><strong>et</strong></span> <span class='ocrx_word' id='word_1_871' title='bbox 2071 5638 2203 5692; x_wconf 89' lang='lat' dir='ltr'><strong>nihil</strong></span> <span class='ocrx_word' id='word_1_872' title='bbox 2233 5638 2334 5705; x_wconf 87' lang='lat' dir='ltr'><strong>ipsi</strong></span> <span class='ocrx_word' id='word_1_873' title='bbox 2362 5636 2651 5698; x_wconf 86' lang='lat' dir='ltr'><strong>occulitur,</strong></span> <span class='ocrx_word' id='word_1_874' title='bbox 2703 5643 2799 5687; x_wconf 90' lang='lat' dir='ltr'><strong>aut</strong></span> <span class='ocrx_word' id='word_1_875' title='bbox 2824 5634 3177 5688; x_wconf 89' lang='lat' dir='ltr'><strong>obscuratur.</strong></span> <span class='ocrx_word' id='word_1_876' title='bbox 3207 5634 3351 5696; x_wconf 87' lang='lat' dir='ltr'><strong>Scit;</strong></span> <span class='ocrx_word' id='word_1_877' title='bbox 3380 5653 3484 5703; x_wconf 83' lang='lat' dir='ltr'><strong>qua</strong></span> 
     </span>
    </p>
   </div>
   <div class='ocr_carea' id='block_1_117' title="bbox 1939 5722 3490 5792">
    <p class='ocr_par' dir='ltr' id='par_1_117' title="bbox 1939 5722 3490 5792">
     <span class='ocr_line' id='line_1_117' title="bbox 1939 5722 3490 5792; baseline -0.002 -13"><span class='ocrx_word' id='word_1_878' title='bbox 1939 5748 1954 5779; x_wconf 78' lang='grc' dir='ltr'><strong>ι</strong></span> <span class='ocrx_word' id='word_1_879' title='bbox 1997 5731 2138 5782; x_wconf 87' lang='lat' dir='ltr'><strong>enim</strong></span> <span class='ocrx_word' id='word_1_880' title='bbox 2174 5728 2378 5781; x_wconf 87' lang='lat' dir='ltr'><strong>ratione</strong></span> <span class='ocrx_word' id='word_1_881' title='bbox 2429 5727 2586 5780; x_wconf 86' lang='lat' dir='ltr'><strong>aliter</strong></span> <span class='ocrx_word' id='word_1_882' title='bbox 2632 5725 2748 5780; x_wconf 82' lang='lat' dir='ltr'><strong>ﬁcri</strong></span> <span class='ocrx_word' id='word_1_883' title='bbox 2786 5723 3030 5792; x_wconf 87' lang='lat' dir='ltr'><strong>poterit?</strong></span> <span class='ocrx_word' id='word_1_884' title='bbox 3062 5722 3117 5776; x_wconf 86' lang='lat' dir='ltr'><strong>Si</strong></span> <span class='ocrx_word' id='word_1_885' title='bbox 3171 5725 3352 5792; x_wconf 74' lang='lat' dir='ltr'><strong>itaque</strong></span> <span class='ocrx_word' id='word_1_886' title='bbox 3387 5738 3490 5781; x_wconf 67' lang='lat' dir='ltr'><strong>est.</strong></span> 
     </span>
    </p>
   </div>
   <div class='ocr_carea' id='block_1_118' title="bbox 1938 5814 3492 5889">
    <p class='ocr_par' dir='ltr' id='par_1_118' title="bbox 1938 5814 3492 5889">
     <span class='ocr_line' id='line_1_118' title="bbox 1938 5814 3492 5889; baseline -0.003 -15"><span class='ocrx_word' id='word_1_887' title='bbox 1938 5841 1953 5873; x_wconf 80' lang='grc' dir='ltr'><strong>ι</strong></span> <span class='ocrx_word' id='word_1_888' title='bbox 2001 5823 2090 5889; x_wconf 89' lang='lat' dir='ltr'><strong>qui</strong></span> <span class='ocrx_word' id='word_1_889' title='bbox 2126 5821 2303 5874; x_wconf 85' lang='lat' dir='ltr'><strong>omnia</strong></span> <span class='ocrx_word' id='word_1_890' title='bbox 2331 5818 2496 5881; x_wconf 84' lang='lat' dir='ltr'><strong>novit,</strong></span> <span class='ocrx_word' id='word_1_891' title='bbox 2547 5834 2664 5888; x_wconf 69' lang='lat' dir='ltr'><strong>qua:</strong></span> <span class='ocrx_word' id='word_1_892' title='bbox 2696 5826 2822 5873; x_wconf 89' lang='lat' dir='ltr'><strong>sunt</strong></span> <span class='ocrx_word' id='word_1_893' title='bbox 2851 5817 2905 5871; x_wconf 90' lang='lat' dir='ltr'><strong>in</strong></span> <span class='ocrx_word' id='word_1_894' title='bbox 2937 5814 3115 5879; x_wconf 82' lang='lat' dir='ltr'><strong>Patre,</strong></span> <span class='ocrx_word' id='word_1_895' title='bbox 3144 5825 3195 5871; x_wconf 88' lang='lat' dir='ltr'><strong>et</strong></span> <span class='ocrx_word' id='word_1_896' title='bbox 3219 5817 3374 5886; x_wconf 83' lang='lat' dir='ltr'><strong>plane</strong></span> <span class='ocrx_word' id='word_1_897' title='bbox 3409 5834 3458 5869; x_wconf 82' lang='lat' dir='ltr'><strong>in</strong></span> <span class='ocrx_word' id='word_1_898' title='bbox 3479 5850 3492 5859; x_wconf 88' lang='grc'><strong><em>-</em></strong></span> 
     </span>
    </p>
   </div>
  </div>
