4202 6454
734 388 840 450 539

1750 394 1963 455 JO:\N.
2008 396 2218 456 VECCI
2254 397 2365 455 ΟΡ.
2405 394 2915 456 PATRlARCH/E

3857 402 3967 464 540

743 512 761 541 ‹
803 509 910 562 qua
936 510 1033 550 nos
1065 494 1381 564 premimur,
1402 499 1692 562 obnoxius,
1730 508 1821 555 sed
1856 507 1930 557 uti
1961 520 2153 560 natura
2178 507 2312 560 liber
2334 510 2385 567 Α

2334 510 2385 567 Α
2416 522 2435 556 t
2482 506 2632 574 ὑμῖν,
2663 505 2763 575 οὐχ
2818 507 2895 569 ὡς
2924 506 3128 575 κτίσμα
3172 509 3266 561 καὶ
3316 511 3563 578 γενητὸν,
3615 514 3709 566 καὶ
3752 513 3974 584 eculei;

744 605 759 634 ε
808 593 862 637 et
888 585 1056 653 ipsius
1084 588 1324 639 veritatis
1353 586 1588 653 Spiritus
1608 593 1896 657 exsistens,
1920 596 2168 664 quinimo
2190 598 2305 664 ipsa

744 693 763 722 ε
806 676 1100 726 secundum
1125 676 1382 728 unitatem
1408 692 1529 731 cum
1554 677 1694 734 Filio
1721 683 1942 747 veritas,
1966 693 2025 736 ut
2056 684 2303 755 Scriptu-

742 782 760 811 ε
815 778 887 815 ra:
913 764 1148 829 tradunt,
1179 766 1380 820 veritas
1431 783 1561 822 vero
1588 769 1841 826 Christus
1869 774 1983 827 est?
2024 773 2160 842 Erga
2217 776 2308 829 Fi-

747 869 765 899 ι
815 849 946 902 lium
983 850 1149 919 igitur
1192 854 1456 906 naturalis
1510 854 1781 924 identitas,
1836 858 2092 929 Spiritum
2136 861 2305 915 Deum

743 958 761 988 ι
815 957 937 994 esse
968 942 1032 993 ad
1071 953 1315 997 nostram
1352 946 1731 1003 certitudinem
1787 959 1839 1003 et
1882 953 2308 1009 demonstratio-

747 1048 765 1081 ι
813 1045 937 1084 nem
962 1034 1097 1089 satis
1131 1049 1403 1104 superque
1441 1045 1546 1092 est.
1586 1056 1606 1090 ι

1310 1219 1733 1279 Animadversio.
2154 1280 2155 1283 η

827 1323 846 1355 ι
879 1303 1127 1361 Prmsens
1166 1308 1423 1380 pericope
1478 1312 1740 1378 insinuat,
1794 1314 2053 1386 Spiritum
2091 1318 2306 1385 quidem

750 1414 768 1446 ε
815 1398 1108 1464 procedere
1136 1415 1200 1452 ex
1236 1399 1414 1463 Patre,
1434 1416 1555 1456 esse
1611 1419 1740 1457 vero
1766 1415 1820 1459 et
1862 1408 2105 1464 veritatis
2139 1408 2311 1480 Spiri-

752 1505 772 1539 ‹
819 1496 956 1553 tum,
992 1490 1107 1545 sive
1130 1488 1252 1544 Filii
1286 1503 1506 1562 propter
1532 1496 1778 1550 eamdem
1819 1507 2090 1555 naturam.
2130 1519 2148 1551 ι

1372 1678 1675 1748 Refutatio.

814 1762 933 1819 Non
981 1765 1071 1822 hic
1118 1782 1148 1823 a
1193 1780 1386 1824 sancto
1412 1772 1695 1839 queritur.
1729 1772 1907 1839 Quare
1956 1774 2189 1845 Spiritus
2222 1796 2312 1836 veo

744 1856 924 1911 ritatis
977 1856 1215 1926 Spiritus
1263 1861 1502 1926 dicatur,
1558 1871 1617 1916 ut
1666 1865 1762 1917 tibi
1817 1865 2051 1920 facultas
2104 1868 2197 1924 ﬁat
2226 1871 2313 1923 di-

746 1949 926 2015 cendi,
958 1961 1281 2017 praesentem
1314 1952 1514 2005 docere
1561 1954 1895 2023 pericopem,
1936 1957 2085 2011 illum
2136 1958 2314 2028 Spiri-

748 2049 861 2092 tum
902 2056 1026 2096 esse
1055 2042 1321 2109 veritatis,
1356 2054 1582 2115 propter
1622 2048 1869 2100 eamdem
1902 2059 2177 2104 naturam.
2209 2051 2312 2106 Sed

751 2137 927 2183 totum
992 2134 1170 2187 sancti
1227 2136 1468 2189 studium
1524 2138 1577 2189 in
1616 2138 1669 2192 id
1715 2140 1928 2202 nititur,
1982 2140 2151 2195 Deum
2194 2159 2316 2197 esse

757 2223 1044 2288 Spiritum,
1092 2228 1235 2294 quod
1289 2228 1377 2280 ille
1434 2238 1519 2282 cst
1573 2230 1819 2284 veritatis
1868 2230 2130 2302 Spiritus,
2179 2245 2228 2288 et
2284 2251 2314 2289 a

759 2313 920 2369 Patre
952 2302 1217 2385 procedit,
1250 2322 1392 2388 quod
1418 2332 1474 2374 et
1500 2322 1813 2392 syllogismo
1848 2327 2144 2391 concludit,
2170 2328 2315 2383 illius

754 2407 1017 2472 medium,
1042 2411 1665 2465 consubsrantialitatem
1692 2430 1814 2467 cum
1848 2414 1987 2469 Filio
2019 2434 2313 2489 usurpans.

754 2500 910 2554 llunc
954 2502 1098 2555 enim
1133 2502 1184 2554 in
1233 2503 1452 2556 modum
1504 2518 1727 2560 sanctus
1771 2508 2143 2578 syllogismum
2186 2527 2319 2565 con-

756 2594 947 2647 nectit.
996 2592 1445 2665 Quandoquidem
1491 2596 1730 2666 Spiritus
1763 2602 2034 2664 veritatis,
2066 2619 2194 2675 erga
2226 2604 2318 2659 Fi-

754 2685 888 2736 lium
953 2687 1259 2752 naturalem
1317 2688 1655 2742 identitatem
1701 2691 1948 2756 obtinet,
2006 2709 2134 2764 erga
2187 2712 2318 2751 vero

756 2774 954 2829 Filium
1007 2778 1279 2833 naturalis
1326 2779 1585 2835 identitas
1635 2782 1700 2835 ad
1739 2795 1982 2837 nostram
2033 2788 2320 2841 certitudi—

758 2884 882 2921 nem
908 2878 961 2922 et
989 2870 1504 2926 demonstrationem
1539 2874 1671 2928 satis
1706 2892 1979 2945 superque
2002 2887 2108 2940 est,
2140 2876 2317 2948 Spiri-

759 2968 873 3012 tum
914 2976 1035 3014 esse
1068 2960 1265 3015 Deum.
1299 2963 1458 3016 Aliud
1485 2981 1648 3034 porro
1678 2978 1760 3021 est
1788 2970 1841 3021 in
1866 2969 2012 3023 dicta
2045 2971 2317 3039 pericope,

759 3055 845 3105 cui
882 3064 1118 3107 mentem
1164 3056 1331 3124 [igere
1380 3061 1643 3115 attentius
1675 3061 1962 3115 debueras.
1998 3060 2322 3127 Quodnam?

761 3144 1228 3207 Auiinadvertere,
1263 3149 1484 3215 quando
1512 3150 1733 3218 quidem
1766 3149 1933 3203 Deum
1971 3150 2101 3204 dicit
2147 3149 2323 3219 Spiri-

2415 616 2432 644 ε
2477 598 2542 664 τῇ
2576 596 2697 649 καθ’
2727 598 2874 666 ἡμᾶς
2906 598 3239 668 ἐνεχόμενον,
3263 600 3379 652 ἀλλ’
3409 601 3484 664 ὡς
3513 603 3797 671 ἐλεύθερον
3824 616 3974 656 κατα.

2414 703 2431 736 ι
2477 684 2661 752 φύσιν,
2719 688 2812 738 καὶ
2865 688 3038 757 αὐτῆς
3094 688 3342 760 ὑπάρχον
3411 692 3511 759 τῆς
3598 693 3856 763 ἀληθείας
3909 694 3974 745 τὸ

2414 796 2432 828 ε
2478 777 2727 844 Πνεῦμα,
2757 778 2956 847 μᾶλλον
2981 781 3036 833 δὲ
3068 781 3162 833 καὶ
3186 781 3323 851 αὐτὴ
3346 782 3470 835 καθ’
3500 784 3695 836 ἐνωσιν
3714 785 3813 852 τὴν
3834 784 3971 849 πρδς

2414 886 2433 918 ι
2478 867 2568 921 τὸν
2614 868 2740 920 Υἱδν
2767 869 2991 933 ἀλήθεια
3039 875 3182 925 κατά
3209 874 3309 932 τὰς
3360 874 3399 924 Γ
3405 875 3604 944 ραφὰς,
3637 874 3865 943 ἀλήθεια
3914 877 3976 927 δὲ

2415 979 2432 1011 ι
2475 959 2504 1011 δ
2533 960 2804 1029 Χριστός;
2847 961 2913 1013 Ἦ
2946 962 3081 1031 πρὸς
3110 963 3201 1016 τὸν
3235 965 3358 1017 Υἱὸν
3385 966 3492 1034 ἀρα
3523 968 3726 1035 φυσικὴ
3780 968 3975 1018 ταυτὸ-

2414 1068 2432 1099 σ
2475 1066 2600 1118 της,
2639 1050 2714 1113 ὡς
2739 1053 2825 1121 εἴη
2863 1055 2924 1104 τὸ
2958 1053 3180 1123 Πνεῦμα
3208 1055 3361 1117 Θεὸς,
3413 1057 3632 1125 ἀπόχρη
3666 1058 3800 1127 πρὸς
3833 1059 3976 1111 ἀπὸ.

2414 1159 2432 1192 ι
2478 1141 2647 1209 δειξιν
2678 1143 2772 1196 καὶ
2796 1144 3168 1215 πληροφορίαν
3198 1147 3351 1215 ἡμῖν.
3390 1164 3410 1198 ι

3031 1236 3412 1292 Ἐπιστασια.

2486 1342 2504 1374 ι
2536 1322 2600 1375 Ἦ
2632 1324 2882 1395 παροῦσα
2927 1326 3165 1380 διδάσκει
3214 1327 3512 1398 περικοπὴ,
3544 1328 3610 1381 ἐκ
3641 1328 3736 1381 τοῦ
3767 1329 3982 1397 Πατρὶς

2419 1431 2437 1463 ι
2498 1415 2598 1483 μὲν
2632 1417 3028 1485 ἐκπορεύεσθαι
3067 1418 3130 1469 τὸ
3183 1418 3427 1487 Πνεῦμα.
3462 1416 3600 1472 εἶναι
3628 1420 3684 1473 δέ
3749 1421 3843 1474 καὶ
3873 1424 3981 1487 τῆς

2420 1523 2440 1556 ε
2486 1507 2749 1576 ἀληθείας
2780 1510 3026 1580 Πνεῦμα,
3077 1510 3199 1581 ἦτοι
3247 1510 3342 1564 τοῦ
3393 1510 3547 1576 Υῑοῦ,
3579 1512 3753 1565 διὰτὸ
3777 1515 3979 1583 oposi-

2419 1616 2437 1648 ί
2481 1614 2614 1653 σιον.
2652 1617 2671 1651 ι

3014 1692 3399 1761 Ἀντιζρῤησις.

2483 1781 2597 1836 Οὐκ
2652 1782 2800 1836 ἐστιν
2839 1784 3070 1839 ἐνταῦθα
3125 1787 3203 1855 τῷ
3261 1787 3402 1858 ἀγῑῳ
3449 1788 3483 1857 ἠ
3534 1787 3781 1856 ζήτησις,
3841 1788 3988 1842 Eutr:

2416 1871 2635 1941 Πνεῦμα
2661 1875 2759 1942 τῆς
2806 1876 3063 1944 ἀληθείας
3095 1877 3315 1945 λέγεται
3344 1879 3404 1930 τὸ
3453 1878 3700 1948 Πν-ῦμα,
3752 1880 3839 1931 ἵνα
3901 1898 3987 1932 σοι

2414 1963 2502 2015 ἐπ’
2553 1964 2737 2026 ἀδείας
2789 1965 2944 2019 ἔσται
2994 1969 3169 2023 εἰπεῖν
3221 1969 3295 2033 ὡς
3346 1971 3381 2039 ἡ
3426 1970 3676 2039 παροῦσα
3740 1971 3991 2023 διδάσκεε

2416 2056 2712 2125 περικοπή,
2742 2051 2881 2108 εἶναι
2911 2057 3045 2110 αὐτὸ
3094 2059 3318 2127 Πνεῦμα
3356 2061 3455 2122 τῆς
3508 2061 3766 2131 ἀληθείας
3810 2062 3899 2115 διὰ
3926 2078 3993 2114 το

2412 2144 2697 2209 ὁμοούσιον
2755 2146 2895 2198 Ἀλλ’
2923 2148 3070 2200 ἐστιν
3099 2150 3132 2219 η
3166 2152 3317 2202 πᾶσα
3351 2149 3553 2218 σπουδὴ
3580 2148 3655 2218 τῷ
3681 2149 3818 2217 ἀγὶῳ
3852 2147 3992 2200 Θεὸν

2414 2229 2693 2296 ἀποδεῖξαι
2714 2232 2774 2284 τὸ
2795 2234 3173 2303 Πνεῦμα,ιιάπὺ
3192 2236 3286 2289 τοῦ
3313 2240 3578 2307 ύπαρχε.ν
3603 2239 3731 2290 αὐτὸ
3761 2238 3991 2307 Πνεῦμα

2416 2322 2515 2391 τῆς
2552 2322 2833 2392 ἀληθείας,
2867 2327 2961 2378 καὶ
3012 2326 3165 2397 παρὰ
3195 2325 3291 2379 τοῦ
3328 2328 3539 2398 (lupo;
3569 2326 3992 2396 ἐκπορεύεσθαι,

2418 2415 2511 2466 καὶ
2557 2415 2894 2469 ἀποδεικνύει
2945 2418 3369 2486 συλλογιστικῶς
3413 2420 3589 2481 τοῦτο,
3640 2418 3714 2481 ὡς
3770 2418 3857 2470 διὰ
3897 2420 3997 2487 μέ-

2420 2523 2514 2561 σου
2548 2510 2699 2579 ὅρου,
2732 2510 2832 2579 τῆς
2867 2509 3003 2579 πρὸς
3033 2509 3125 2562 τὸν
3164 2510 3289 2562 Υἱὸν
3323 2511 3738 2577 ὁμοουσιὸτητος
3783 2509 3950 2562 αὑτοῦ
3980 2550 3995 2563 .

2419 2600 2594 2655 Οἱονεὶ
2623 2601 2730 2670 γάρ
2758 2617 2878 2653 τινα
2906 2600 3148 2653 τοιοῦτον
3171 2600 3525 2669 συλλογισμὸν
3548 2603 3576 2654 ὁ
3600 2600 3995 2669 ἆγιοςηπλέκει,

2420 2694 2651 2760 ἐπείπερ
2683 2693 2906 2762 Πνεῦμα
2954 2693 3053 2762 τῆς
3086 2692 3339 2763 ἀληθείας
3388 2694 3487 2762 τὴν
3535 2692 3671 2761 πρὸς
3718 2694 3811 2745 τὸν
3864 2692 3999 2744 Υἱὸν

2423 2784 2659 2855 φυσικὴν
2691 2786 2999 2855 ταυτότητα
3038 2784 3172 2855 ἔχει,
3207 2786 3240 2854 ή
3266 2785 3323 2837 δὲ
3356 2784 3492 2853 πρὸς
3518 2784 3608 2836 τὸν
3632 2783 3757 2836 Υἰδν
3787 2786 4000 2853 φυσικὴ

2421 2878 2688 2941 ταυτότης
2738 2878 2954 2947 ἀπόχρη
2989 2880 3122 2947 ἡμῖν
3160 2878 3296 2945 πρὸς
3344 2876 3619 2939 ἀπόδειξιν
3667 2876 3760 2928 καὶ
3794 2875 4004 2943 πληρος-

2424 2969 2617 3039 φορίαν
2641 2972 2736 3021 τοῦ
2794 2970 2926 3021 Θεὸν
2950 2966 3089 3022 εἶναι
3118 2972 3178 3023 τὸ
3211 2968 3454 3036 Πνεῦμα.
3492 2968 3655 3019 Ἄλλο
3675 2967 3731 3019 δέ
3760 2968 3812 3019 τί
3847 2968 4005 3019 ἐστιν

2425 3062 2484 3113 ἐν
2537 3063 2604 3131 τῇ
2645 3059 2871 3131 ῥηθείσῃ
2907 3053 3577 3129 περικοπῇῷἐμὸαθῦναί
3634 3075 3692 3111 σε
3740 3057 3869 3111 ἔδει.
3932 3058 4004 3109 Τί

2425 3151 2583 3204 τοῦτο
2606 3167 2621 3216 ;
2648 3152 3055 3219 Συνεωρακέναι
3077 3149 3149 3212 ὡς
3172 3148 3359 3217 ἐπειδὴ
3380 3148 3511 3200 Θεὸν
3528 3148 3676 3214 λέγει
3697 3150 3757 3200 τὸ
3774 3146 4005 3214 Πνεῦμα

763 3244 875 3287 tum
905 3245 1173 3299 sanctum,
1203 3238 1331 3305 quia
1364 3238 1453 3293 ille
1501 3250 1585 3294 est
1634 3240 1875 3309 Spiritus
1906 3242 2171 3307 veritatis,
2207 3251 2260 3295 et
2292 3256 2321 3295 a
2357 3237 2391 3246 ⁷

2357 3237 2391 3246 ⁷
2426 3243 2487 3296 τὸ
2520 3243 2697 3310 ἅγιον,
2728 3242 2833 3295 ἀπὸ
2860 3242 2955 3295 τοῦ
2995 3237 3135 3293 εἶναι
3168 3240 3297 3292 αὐτὸ
3341 3239 3561 3306 Πνεῦμα
3590 3238 3689 3305 τῆς
3720 3237 4005 3306 ἀληθείας,

767 3323 927 3378 Patre
964 3328 1226 3393 procedit,
1266 3330 1470 3385 dictum
1510 3332 1883 3401 evangelicum
1931 3348 2212 3396 asserens.
2256 3350 2320 3389 ex

766 3415 924 3469 Patre
954 3418 1105 3471 illum
1133 3420 1448 3487 procedere,
1474 3423 1825 3491 aequipollere
1855 3424 2009 3476 alteri
2036 3425 2324 3487 asserenti,

767 3522 892 3558 cum
923 3507 1184 3575 Spiritum
1228 3511 1497 3565 veritatis.
1554 3511 1666 3565 Nec
1700 3526 1806 3566 non
1857 3512 2203 3568 considerare
2234 3528 2329 3581 per

767 3601 857 3651 illa
895 3603 1079 3654 eadem
1120 3605 1287 3666 dicta,
1320 3620 1441 3658 esse
1489 3604 1753 3673 Spiritum
1796 3606 2327 3660 consubstantialem

768 3686 932 3756 filio,
958 3698 1082 3760 quia
1116 3694 1350 3761 Spiritus
1379 3694 1502 3748 Filii
1534 3707 1640 3759 est,
1675 3713 1783 3751 non
1822 3706 2003 3751 autem
2032 3698 2159 3766 quia
2192 3712 2327 3749 con-

771 3784 1154 3837 tubsrantialis
1186 3796 1267 3838 est
1303 3783 1462 3849 Filio,
1500 3786 1621 3841 ideo
1650 3786 1912 3855 Spiritum
1939 3787 2057 3842 Filii
2084 3803 2228 3843 esse.

982 3990 1065 4044 Ea:
1091 3990 1365 4045 duodecim
1409 3994 1669 4063 capitibus
1700 4008 1856 4064 caput
1898 4012 2113 4050 nonum.

841 4155 903 4207 (ζ.
948 4173 966 4204 ι
1005 4154 1061 4212 Si
1106 4155 1231 4227 quis
1260 4155 1402 4213 dicit.
1428 4172 1594 4212 unum
1630 4157 1915 4212 Dominum
1958 4157 2143 4214 Iesum
2174 4158 2335 4215 Cliri-

778 4267 793 4297 ι
836 4258 980 4303 stum
1039 4251 1402 4320 glorilicatum
1478 4265 1600 4304 esse
1660 4266 1691 4303 a
1752 4248 1998 4319 Spiritu,
2072 4260 2331 4319 tanquam

778 4360 794 4388 ε
836 4343 1008 4394 aliena
1040 4342 1240 4395 virtute
1272 4358 1368 4410 per
1400 4342 1552 4396 illum
1607 4357 1789 4407 usum,
1840 4351 1894 4395 et
1940 4345 2217 4411 accepisse
2258 4343 2335 4395 fa-

772 4452 793 4482 ε
835 4434 1087 4486 cultatem
1121 4435 1189 4487 ab
1222 4435 1362 4501 ipso,
1411 4444 1468 4486 ut
1514 4434 1727 4499 Operari
1773 4444 1957 4503 posset
1989 4444 2181 4488 contra
2229 4450 2333 4487 im-

2426 3338 2519 3389 καὶ
2554 3336 2705 3405 παρὰ.
2761 3333 2856 3387 τοῦ
2918 3332 3128 3401 Πατρδς
3172 3330 3306 3383 αὐτὸ
3353 3328 3769 3399 ἐκπορεύεσθαι,
3824 3331 4010 3380 ἐκεῖνο

2426 3430 2649 3483 δύναται
2705 3429 2739 3498 ή
2804 3425 3132 3494 εὐαγγελικὴ
3194 3423 3354 3494 ῥῆσις
3401 3423 3434 3491 ἡ
3475 3422 3710 3488 λέγουσα
3777 3422 3841 3473 ἐκ
3905 3421 4009 3473 τοῦ

2431 3518 2643 3589 Πατρὸς
2668 3517 2803 3570 αὐτὸ
2827 3514 3241 3582 ἐκπορεύεσθαι,
3263 3513 3401 3583 ὅπερ
3424 3513 3521 3564 καὶ
3554 3513 3586 3582 ὴ
3613 3511 3841 3577 λέγουσα
3869 3511 4013 3563 αὐτὸ

2430 3611 2656 3679 Πνεῦμα
2686 3608 2785 3679 τῆς
2814 3607 3093 3677 ἀληθείας.
3126 3606 3235 3657 Καὶ
3267 3604 3349 3656 ἔτι
3389 3604 3446 3656 δέ
3475 3602 3751 3670 σκοπῆσαί
3786 3618 3843 3654 σε
3894 3603 4011 3654 ἔδει

2429 3702 2517 3755 διὰ
2552 3703 2731 3770 μέσων
2764 3697 2872 3751 τῶν
2896 3695 3222 3767 εἰρημένων,
3244 3694 3318 3754 ὼς
3347 3692 3455 3744 ἀπὸ
3478 3691 3572 3744 τοῦ
3613 3687 3748 3744 εἶναι
3780 3691 4015 3760 Πνεῦμα.

2431 3790 2585 3851 Υίοῦ,
2613 3788 2759 3841 ἐστιν
2793 3786 3076 3854 ὁμοούσιον
3110 3783 3240 3852 Υῑῷ,
3265 3782 3529 3850 οῦμενουν
3567 3780 3679 3834 ἀπὸ
3716 3779 3811 3833 τοῦ
3858 3777 4013 3833 εἶναι

2429 3880 2711 3951 ὀμοοῦσιον
2749 3880 2863 3948 Υἱῴ
2917 3879 3032 3929 ἐστι
3068 3875 3290 3943 Πνεῦμα
3334 3873 3484 3928 Υἱοῗ).

2438 3993 2550 4048 Τοῦ
2602 3991 2789 4056 αὑτοῦ
2858 3992 2926 4044 ἐκ
2978 3986 3098 4041 τῶν
3147 3986 3377 4039 δώδεκα
3424 3986 3770 4054 κεφαλαίων
3821 3984 4015 4054 κεφά-

3083 4061 3259 4111 λαιον
3283 4056 3355 4111 θ’.

2506 4156 2565 4209 P'
2597 4173 2616 4207 t
2656 4154 2724 4208 Et
2748 4169 2833 4215 τις
2858 4152 2949 4205 τὸν
2978 4151 3075 4203 ἕνα
3103 4148 3309 4212 Κύριον
3351 4145 3557 4213 Ἰησοῦν
3587 4145 3824 4217 Χριστὸν
3864 4146 4013 4199 δεδο-

2443 4264 2459 4295 σ
2510 4244 2704 4310 ξάσθαι
2754 4241 2901 4309 λέγει
2952 4240 3101 4309 παρά
3146 4237 3242 4291 τοῦ
3286 4237 3623 4302 Πνεῦματος,
3651 4236 3725 4299 ὡς
3755 4235 4021 4306 ἀλλοτρίᾳ

2447 4356 2463 4385 ε
2503 4337 2749 4403 δυνάμει,
2778 4336 2843 4402 τῇ
2874 4331 2941 4384 δι’
2968 4328 3135 4383 αὑτοῦ
3176 4328 3476 4399 χρώμενον,
3508 4327 3602 4379 καὶ
3661 4328 3791 4396 παρ’
3844 4328 4021 4380 αὑτοῦ

2446 4450 2464 4479 ι
2511 4426 2745 4481 λαόὁντα
2796 4425 2857 4478 τὸ
2890 4424 3135 4493 ἐνεργεῖν
3175 4420 3435 4473 δύνασθαι
3485 4420 3624 4472 κατά
3680 4420 4023 4487 πνευμάτων

777 4546 795 4572 «ι
838 4525 1070 4577 mundos
1128 4524 1375 4592 spiritus,
1437 4534 1489 4578 et
1534 4523 1840 4592 adimplere
1899 4524 1953 4576 in
2018 4524 2332 4577 hominibus
2366 4524 2408 4578 Ι)

2366 4524 2408 4578 D
2440 4545 2457 4574 ι
2501 4520 2844 4589 ἀκαθάρτων,
2868 4517 3040 4569 καὶτὸ
3060 4514 3299 4583 πληροῦν
3321 4513 3399 4572 εἰς
3426 4511 3745 4581 ἀνθρώπους
3778 4511 3867 4573 εὰς
3894 4511 4020 4563 θεο-

776 4634 795 4663 ε
837 4616 1020 4668 divina
1058 4614 1236 4681 signa,
1277 4623 1331 4668 et
1370 4630 1476 4668 non
1510 4616 1684 4683 magis
1710 4614 1989 4684 proprium
2016 4614 2137 4685 ejus
2171 4617 2335 4685 spiri-

781 4727 797 4757 ‹
834 4718 945 4761 tum
984 4708 1147 4764 dicat.
1181 4721 1278 4776 per
1316 4722 1478 4775 quem
1524 4716 1574 4759 et
1626 4705 1810 4759 divina
1844 4704 2001 4775 signa
2047 4705 2336 4761 elIicaciter

779 4819 796 4851 ε
836 4811 1094 4869 operatus
1129 4809 1232 4853 est.
1276 4798 1580 4851 Anathema
1615 4796 1707 4851 sit.
1751 4815 1771 4849 ι

1336 4889 1761 4942 Animadversio.

852 5003 869 5033 ε
909 4982 1144 5037 Videsne
1169 4983 1302 5037 locis
1329 4983 1381 5035 in
1412 4982 1670 5036 omnibus
1699 4982 1842 5035 lzunc
1863 4991 2110 5035 sanctum
2141 4982 2341 5036 docere

781 5096 800 5126 ε
840 5076 1096 5143 Spiritum
1132 5090 1256 5130 esse
1280 5080 1558 5143 proprium
1595 5074 1739 5139 Filii,
1772 5076 2063 5143 procedere
2101 5090 2229 5129 vero
2274 5092 2340 5130 ex

787 5185 803 5216 ι
842 5168 960 5236 ipso
1000 5166 1309 5235 nusquam?
1339 5186 1357 5216 ι

1426 5258 1717 5327 Refutatt'o.

858 5352 915 5405 Si
964 5353 1221 5406 attentius
1273 5352 1431 5404 dictae
1477 5351 1743 5420 pericopae
1798 5359 2032 5405 mentem
2097 5349 2347 5415 ﬁxisses,

788 5442 1105 5510 agnovisses
1134 5442 1321 5509 utique
1349 5449 1401 5493 et
1431 5456 1558 5493 vere
1604 5440 1868 5492 rationem
1905 5438 1977 5492 ob
2006 5453 2171 5507 quam
2222 5453 2351 5493 san-

2444 4634 2461 4663 i
2512 4610 2764 4678 σημείας,
2822 4612 2916 4660 καὶ
2986 4604 3108 4673 οὐχὶ
3160 4603 3222 4671 δὴ
3287 4600 3483 4669 μᾶλλον
3548 4600 3679 4653 ἴδιον
3734 4601 3905 4653 αὑτοῦ
3958 4604 4026 4652 τὸ

2443 4724 2460 4754 ι
2506 4700 2731 4769 Πνεῦμα
2758 4698 2913 4767 φησὶ,
2944 4695 3013 4748 δι’
3053 4687 3113 4745 οὗ
3146 4692 3239 4745 καὶ
3283 4691 3505 4759 ἐνήργει
3539 4690 3636 4752 τὰς
3664 4691 3997 4759 θεοσημείας

2445 4815 2461 4845 ι
2512 4791 2779 4846 ἀνάθεμα.
2818 4804 2838 4839 ι

3039 4874 3413 4928 Ἐπιστασία.

2518 4991 2537 5024 t
2595 4971 2801 5040 Ὀρᾷςς
2855 4966 2986 5019 [διον
3024 4965 3122 5032 μέν
3151 4961 3428 5031 πανταχοῦ
3458 4962 3551 5014 τοῦ
3610 4962 3741 5015 Υἰοῦ
3772 4962 4024 5015 διδάσκει

2454 5083 2470 5113 ι
2517 5062 2579 5115 τὺ
2632 5058 2856 5128 Πνεῦμα
2883 5057 2912 5108 ὁ
2947 5055 3123 5122 ἆγιος,
3175 5054 3234 5118 ἐξ
3280 5050 3445 5104 αὑτοῦ
3494 5051 3551 5104 δὲ
3590 5052 4031 5121 ἐκπορευόμενον

2451 5178 2470 5208 ι
2511 5153 2758 5224 οὐδαμῶς
2785 5168 2801 5219 ;
2830 5168 2849 5204 ι

2996 5240 3388 5308 Ἁντίρῤησις.

2519 5340 2584 5393 Εἰ
2615 5338 2693 5408 τῷ
2732 5335 2921 5401 σγιοπῷ
2961 5334 3060 5401 τῆς
3107 5330 3364 5400 ρηθεισης
3395 5328 3705 5398 περικοπῆς
3758 5326 4029 5380 ἐνεὸαθυ-

2451 5449 2571 5493 νας.
2597 5430 2766 5496 ἔγνως
2805 5428 2870 5480 ἂν
2893 5423 3106 5495 ἀληθῶς
3137 5423 3230 5474 καὶ
3255 5420 3346 5472 τὸν
3368 5420 3547 5487 λόγον,
3579 5417 3701 5471 καθ’
3723 5417 3784 5470 ὃν
3812 5417 3840 5469 δ
3869 5418 4035 5485 ἅγιος

790 5541 915 5586 ctus
947 5533 1223 5600 proprium
1253 5530 1374 5583 Filii
1415 5530 1692 5583 vocaverit
1724 5527 2009 5597 Spiritum.
2033 5527 2172 5581 Cum
2203 5527 2350 5581 enim

2455 5525 2584 5577 ἴδιον
2614 5522 2744 5573 Υἱοῦ
2792 5519 2938 5583 λέγει
2971 5516 3033 5568 τὸ
3086 5512 3324 5582 Πνεῦμα.
3368 5511 3523 5564 Ἐπεὶ
3565 5510 3673 5577 γὰρ
3698 5510 3726 5561 ό
3756 5510 4034 5579 θεομάχος

792 5623 993 5690 impius
1044 5622 1328 5675 Nestorius
1377 5620 1691 5690 blaspheme
1736 5619 2114 5682 contenderet,
2166 5615 2352 5670 Domi-

2458 5614 2797 5681 ἐϐλασφήμει
2817 5610 3125 5678 Νεστδριος,
3145 5606 3216 5667 ὼ,
3236 5608 3264 5656 ὀ
3282 5605 3480 5672 Κύριος
3502 5602 3659 5672 ἡμῶν
3676 5600 4039 5669 Ἰησοῦς-Χρι-

800 5731 927 5768 num
1003 5722 1249 5767 nostrum
1311 5711 1499 5765 .lcsum
1572 5712 1894 5773 Chi-istum,
1967 5710 2148 5763 divina
2201 5709 2353 5777 signa

2463 5706 2583 5768 στος
2604 5704 2697 5764 τὰς
2724 5703 3042 5771 θεοσημεία,
3067 5699 3436 5768 εἰργάζετοὼς
3453 5698 3703 5763 ἀλλοτρίᾳ
3716 5693 3948 5761 δυνάμει
3965 5699 4037 5763 τῇ

806 5804 1150 5873 adimpleSSc,
1192 5804 1265 5858 uti
1296 5815 1516 5858 externa
1547 5804 1744 5858 virtute
1772 5818 1836 5858 ca
1874 5818 1992 5874 qua:
2034 5809 2153 5857 erat
2181 5799 2353 5871 Spiri-

2460 5798 2547 5849 sia
2572 5796 2662 5849 τοῦ
2701 5795 3012 5863 Πνεύματος
3038 5792 3334 5863 χρώμενος,
3368 5793 3394 5842 ὁ
3424 5790 3575 5858 ἅγιος
3610 5786 3746 5839 κατὰ
3782 5785 3882 5855 τῆς
3905 5785 3969 5839 δυ
3984 5802 4041 5837 σ-
