4202 6454
195 356 293 421 541

1137 360 1218 419 ΙΝ
1257 360 1642 420 CAMATERI
1685 361 2429 424 ANIMADVERSIONES.

3311 362 3414 427 542

196 475 408 545 φημίας
442 475 644 544 ταύτης
668 474 994 545 μαχόμενος,
1022 476 1323 545 ἀναθέματι
1355 477 1646 530 ὒᾯσυαλλει
1666 478 1756 530 τὸν
1788 486 1831 542 Α

1753 486 1831 542 Ἀ
1862 486 1984 537 tus.
2047 489 2322 540 utentem,
2384 488 2606 532 sanctus
2652 488 2841 532 contra
2904 478 3134 531 similem
3165 476 3412 545 blnphe-

194 567 421 633 λτγοντα
453 564 746 635 κεχρῆσθαι
770 566 862 617 τὸν
888 567 1033 629 Υίὸν,
1064 566 1139 628 ὡς
1178 568 1433 638 ἀλλοτρία
1458 569 1635 638 mare
1661 569 1753 622 τοῦ

196 654 512 721 Πνεὺματος
532 655 777 723 δυνάμει.
821 655 1125 723 Σκοπητέον
1150 654 1279 723 γοῦν
1316 658 1526 725 μήποτε
1552 660 1617 725 τῇ
1651 675 1759 710 τοι-

199 748 340 816 αὐτη
362 744 679 815 βλασφημία
705 746 1050 817 συνεμπίπτῃ
1075 745 1133 799 τὸ
1154 748 1328 816 νόημα
1356 747 1465 799 τῶν
1490 748 1755 813 λεγόντων

204 838 276 904 μὴ
299 833 440 888 εἶναι
467 838 524 888 τὸ
551 837 769 903 Πνεῦμα
792 837 879 890 διὰ
914 837 1006 889 τοῦ
1032 837 1157 890 Υίοῦ
1181 855 1239 891 τε
1268 839 1363 891 καὶ
1394 840 1458 892 ὲκ
1485 838 1579 891 τοῦ
1608 840 1758 893 Υἱοῦ.

200 926 373 978 Πόθεν
400 928 511 995 γάρ
551 927 615 979 ἂν
672 927 896 980 ἄλλοθεν
940 927 1297 999 διαγνωσθείη
1354 928 1611 1000 ἀλλοτρία
1664 930 1758 982 τοῦ

202 1012 335 1064 Tia-3
364 1014 504 1082 ήδιὰ
536 1014 627 1065 τοῦ
682 1015 999 1082 Πνεῦματος
1032 1017 1283 1086 δύναμις,
1317 1018 1365 1069 εί
1403 1019 1476 1086 μὴ
1510 1018 1616 1071 ἀπὸ
1644 1019 1762 1082 ἑνὸς

204 1105 395 1170 μόνου,
426 1104 520 1157 τοῦ
563 1107 635 1173 μὴ
668 1106 934 1175 ὑπάρχειν
964 1108 1095 1161 αὐτὸ
1140 1110 1205 1160 ἐκ
1237 1110 1329 1161 τοῦ
1365 1109 1493 1162 Υίοῦ
1521 1128 1548 1186 ς.
1584 1110 1765 1162 Ἀλλο-

199 1196 428 1259 τρξωσις
457 1198 565 1267 γὰρ
598 1198 729 1267 άλλη
759 1202 857 1252 οὐκ
878 1200 1028 1251 ἔσται
1050 1199 1143 1252 τοῦ
1175 1200 1487 1271 Πνεύματος
1514 1200 1573 1265 ἐξ
1606 1201 1761 1266 Υἱοῦ,

200 1289 248 1337 εἰ
288 1288 366 1356 μὴ
402 1291 459 1338 τὸ
486 1290 751 1359 ὑπάρχειν
787 1292 919 1344 αὐτὸ
954 1294 1017 1344 ὲκ
1047 1292 1139 1345 τοῦ
1173 1294 1390 1362 Πατρὶς
1431 1295 1616 1361 μόνου,
1671 1298 1766 1346 καὶ

204 1378 330 1445 οὐχὶ
362 1379 453 1431 διὰ
480 1381 572 1432 τοῦ
620 1380 771 1436 Υίοῦ.
802 1384 913 1435 Καὶ
939 1381 1099 1435 τοῦτο
1124 1386 1152 1436 ὁ
1182 1384 1343 1444 αὐτὸς
1381 1384 1552 1453 μέγας
1582 1386 1766 1437 διασα-

203 1473 295 1537 φεῖ
326 1470 593 1539 Κύριλλος
640 1474 698 1524 ὲν
748 1477 813 1543 τῇ
846 1475 1113 1543 ἑρμηνείᾳ
1167 1473 1260 1526 τοῦ
1308 1476 1449 1527 κατά
1515 1476 1768 1544 Ἰωάννην

204 1561 401 1629 ῥητοῦ,
449 1562 565 1625 τοῦ,
603 1581 621 1614 ι
659 1564 827 1617 Ὅταν
856 1560 952 1617 οῦν
985 1564 1118 1635 ἔλθῃ
1148 1566 1174 1618 ὁ
1205 1565 1585 1635 Παράκλητος,
1620 1585 1639 1617 ι
1674 1568 1769 1632 φά.

204 1668 355 1703 σκων
386 1652 528 1705 οὕτω
575 1654 755 1724 ῥητῶς
781 1671 795 1685 ο
832 1674 851 1706 ι
889 1656 1032 1725 Πρὸς
1074 1656 1131 1709 δὲ
1177 1658 1289 1719 τοῖς
1320 1657 1635 1726 εἰρημένοις
1674 1660 1771 1710 κά-

1859 571 2019 623 miam
2048 571 2383 639 depugnans.
2420 571 2761 622 anathemate
2788 568 2911 621 ferit
2954 568 3222 622 dicentem
3252 582 3413 634 usum

1860 660 2027 716 fuisse
2050 661 2324 715 Christum
2357 662 2431 715 uti
2466 660 2640 713 aliena
2680 659 2915 726 Spiritus
2944 658 3217 712 facultate.
3266 656 3419 712 Con-

1861 755 2211 809 sideraudum
2259 769 2388 823 ergo
2423 765 2507 807 est
2537 769 2601 807 ne
2650 756 2703 805 in
2741 752 2975 807 similem
3024 751 3415 819 blasphemiam

1866 845 2067 912 irrepat
2105 859 2292 897 eorum
2332 845 2535 910 Opinio,
2577 844 2667 913 qui
2696 850 2969 901 asserunt,
3002 841 3262 907 Spiritum
3312 856 3417 892 non

1863 952 1983 990 esse
2038 952 2132 1003 per
2182 933 2413 996 Filium,
2471 945 2523 988 et
2588 950 2652 987 ex
2711 933 2881 989 Filio.
2927 930 3211 986 Undenam
3274 932 3420 984 enim

1867 1029 2083 1082 aliunde
2113 1036 2437 1097 agnoscetur
2469 1028 2643 1080 aliena
2691 1024 2833 1086 Filii,
2870 1039 2991 1093 quae
3026 1038 3119 1091 per
3156 1024 3418 1090 Spiritum

1865 1132 1966 1179 est,
2001 1121 2195 1183 virtus,
2227 1118 2331 1172 nisi
2372 1118 2440 1171 ab
2477 1131 2586 1169 uno
2629 1126 2682 1168 et
2730 1118 2871 1179 solo,
2907 1117 3083 1183 ipsum
3117 1114 3321 1168 scilici-t
3356 1128 3419 1165 ex

1866 1208 2003 1262 Filio
2034 1226 2138 1262 non
2171 1207 2470 1263 exsistere?
2500 1209 2614 1261 Alia
2647 1207 2913 1274 siquidem
2947 1205 3185 1273 Spiritus
3221 1218 3247 1255 a
3284 1202 3421 1254 Filio

1868 1299 2124 1351 alienatio
2164 1299 2307 1351 nulla
2344 1298 2524 1359 [ειμι-ῆι,
2557 1296 2659 1349 nisi
2701 1296 2824 1362 quia
2856 1296 2969 1361 ipse
3000 1310 3064 1347 ex
3114 1296 3229 1347 solo
3261 1292 3422 1345 Patre

1871 1394 2134 1461 procudit,
2167 1401 2221 1444 et
2260 1407 2364 1442 non
2405 1406 2431 1442 a
2464 1389 2621 1442 Filio.
2663 1388 2817 1453 Quod
2854 1389 2993 1441 idem
3033 1387 3142 1453 ipse
3188 1386 3426 1455 Cyrillus

1870 1484 2212 1548 apertissime
2268 1482 2507 1535 declarat
2565 1480 2907 1547 expositione
2962 1478 3015 1531 in
3069 1476 3426 1543 Evangelinm

1870 1573 2118 1634 Joannis,
2166 1572 2219 1625 in
2260 1572 2488 1633 dictum,
2532 1588 2549 1619 ι
2590 1571 2723 1622 Cum
2775 1570 2955 1635 itaque
3005 1568 3216 1620 venerit
3263 1566 3431 1619 Para-

1874 1666 2045 1717 cletus
2071 1664 2140 1725 ”,
2174 1682 2192 1713 ι
2249 1662 2333 1715 his
2384 1658 2670 1729 ipsissimis
2724 1657 2905 1710 verbis
2952 1674 2966 1709 :
3016 1674 3033 1705 ι
3072 1656 3272 1709 Praeter
3319 1656 3430 1722 jam

204 1741 357 1842 κεῖνο
417 1740 601 1793 λοιπὸν
655 1742 729 1805 ὼς
785 1743 844 1808 ἐξ
896 1744 1143 1814 ἀνάγκης
1189 1745 1525 1814 είσόήσεται.
1570 1747 1629 1797 Εί
1662 1748 1769 1815 γὰρ

1802 1822 1839 1842 n
1873 1754 2039 1816 dicta,
2076 1752 2204 1805 illud
2236 1764 2452 1818 quoque
2500 1747 2815 1801 necessario
2861 1754 3248 1813 consequetur.
3296 1742 3430 1795 Nam

208 1828 520 1899 ὑπουργίαν
562 1833 877 1905 διακονικὴν
902 1835 1256 1906 ἀποπληροῦν
1285 1836 1462 1889 οἴεσθε
1493 1840 1584 1890 τὸν
1610 1839 1761 1901 Υίὺν,
1800 1822 1840 1875 Β

1800 1822 1840 1875 Β
1873 1844 1917 1899 si
1959 1843 2153 1897 servile
2182 1840 2541 1895 ministerium
2577 1836 2876 1907 opinamini
2900 1834 3141 1890 exerceri
3210 1848 3239 1885 a
3262 1831 3434 1896 gFIIlU,

206 1920 270 1969 τὸ
302 1921 584 1989 ἀλλότριον
619 1925 771 1992 ἡμῖν,
809 1926 1057 1980 τουτέστι
1084 1927 1142 1978 τὸ
1168 1927 1319 1997 παρὰ
1347 1927 1440 1981 τοῦ
1482 1928 1619 1981 Θεοῦ
1670 1931 1766 1983 καὶ

207 2011 425 2080 Πατρδς
453 2017 862 2083 κεχορηγηκότα
888 2016 1043 2085 ἅγιον
1076 2017 1134 2069 δν
1164 2018 1304 2071 κατὰ
1333 2019 1494 2087 φύσιν
1522 2020 1767 2090 Πνεῦμα,

207 2104 272 2153 οὐ
305 2104 447 2156 κατά
478 2107 640 2171 φύσιν
669 2106 822 2173 ἅγιος
859 2110 887 2160 ὁ
914 2108 1067 2175 Θεὸς,
1094 2113 1231 2163 κατὰ
1265 2111 1482 2179 μέθεξιν
1507 2111 1562 2164 δὲ
1588 2111 1775 2179 ὥσπερ

209 2196 395 2261 ἡμεῖς.
438 2213 456 2244 ι
506 2193 674 2266 Ὀρᾷς
723 2198 887 2250 πόθεν
946 2199 975 2250 ὁ
1036 2203 1191 2264 ἆγιος
1249 2203 1475 2270 συνάγει
1526 2208 1626 2272 τὴν
1678 2202 1775 2256 τοῦ

210 2285 531 2350 Πνεύματος
556 2289 663 2341 ἀπὸ
695 2288 789 2341 τοῦ
849 2288 976 2341 Υἱοῦ
1030 2290 1448 2361 ἀλλοτριότητα;
1484 2293 1608 2346 Ἐάν
1661 2310 1770 2358 τις,

212 2382 405 2445 φησὶν,
443 2377 577 2451 λέγῃ
610 2382 671 2432 τὸ
700 2380 1149 2451 ὁμολογουμένως
1178 2386 1328 2453 παρὰ
1359 2383 1455 2437 τοῦ
1510 2384 1647 2438 Θεοῦ
1681 2388 1778 2439 καὶ

214 2471 437 2539 Πατρὸς
502 2473 757 2542 ὑπάρχον
818 2474 1043 2544 Πνεῦμα
1096 2477 1417 2539 διακονικῶς
1470 2479 1623 2547 παρά
1681 2476 1777 2531 τοῦ

216 2560 354 2612 Υίοῦ
394 2566 772 2634 χορηγεῖσθαι,
831 2565 1112 2638 ἀλλότριον
1170 2567 1324 2621 ἔσται
1375 2568 1470 2622 τοῦ
1531 2568 1665 2622 Υίοῦ
1720 2571 1781 2622 τὺ

212 2653 465 2722 Πνεῦμα,
504 2657 596 2709 καὶ
645 2658 1008 2728 ἀκολουθήσει
1070 2660 1206 2729 μηδὲ
1234 2662 1376 2716 κατά
1424 2661 1588 2729 φύσιν
1622 2661 1781 2730 ἆγιον

212 2741 357 2799 εἶναι
387 2746 573 2806 αὑτὸν.
610 2750 753 2802 κατὰ
793 2750 1017 2818 μέθεξιν
1049 2752 1107 2805 δὲ
1146 2752 1336 2823 ὥσπερ
1365 2755 1546 2822 ἡμεῖς.
1579 2756 1777 2808 Τοιαύ-

212 2853 341 2900 ταις
378 2855 471 2906 μοι
529 2840 778 2896 δοκοῦσιν
812 2845 1110 2912 ἐμπίπτειν
1159 2848 1278 2909 ταῖς
1325 2847 1581 2907 ἀτοπίαις
1623 2850 1673 2900 οἱ
1707 2848 1782 2917 μὴ

217 2929 474 2997 λέγοντες
507 2932 775 3003 ὑπάρχειν
800 2937 862 2988 τὸ
891 2937 1116 3006 Πνεῦμα
1152 2938 1245 2990 διὰ
1295 2939 1389 2991 τοῦ
1423 2938 1573 2992 Υίοῦ.

301 3022 625 3090 Ἐρμηνεία
672 3026 780 3080 τοῦ
832 3030 1016 3083 αὐτοῦ
1063 3028 1317 3084 ἐννάτου
1361 3031 1714 3098 κεφαλαίου.

1875 1947 1999 1988 cum
2038 1932 2274 1985 alienum
2316 1928 2497 1989 nobis,
2531 1929 2630 1981 hoc
2666 1935 2751 1980 est
2793 1940 2822 1978 a
2856 1926 2964 1979 Deo
3013 1934 3068 1979 et
3103 1922 3261 1977 Patre
3307 1938 3436 1991 sup-

1876 2026 2100 2096 peditat,
2154 2024 2284 2077 dum
2337 2020 2576 2090 Spiritus
2626 2028 2819 2072 natura
2884 2032 2981 2071 sua
3040 2027 3266 2069 sanctus
3328 2024 3439 2077 est,

1880 2134 1989 2171 non
2035 2126 2231 2170 natura
2277 2112 2417 2165 Dens
2460 2119 2684 2164 sanctus
2711 2118 2816 2171 est,
2854 2107 3266 2176 participatione
3307 2120 3438 2157 vero

1878 2209 2041 2265 sicuti
2090 2222 2209 2261 nos.
2251 2226 2269 2258 ι
2328 2204 2565 2259 Videsne
2620 2201 2888 2255 undenam
2943 2208 3169 2251 sanctus
3221 2196 3441 2264 colligat

1879 2296 2115 2365 Spiritus
2147 2309 2176 2347 a
2228 2292 2365 2347 Filio
2412 2290 2832 2346 alienationem?
2885 2286 2941 2340 Si
2974 2287 3117 2353 quis,
3159 2286 3253 2348 ait,
3308 2281 3443 2338 dici!

1878 2388 2162 2457 Spiritum,
2198 2386 2290 2454 qui
2316 2385 2522 2452 absque
2549 2382 2717 2436 dubio
2752 2396 2780 2435 a
2812 2380 2920 2434 Deo
2945 2389 2998 2433 et
3018 2376 3179 2431 Patre
3203 2377 3441 2441 exsistit,

1880 2480 2060 2534 servili
2106 2480 2269 2532 modo
2308 2494 2337 2531 a
2383 2474 2523 2531 Filio
2556 2473 2916 2544 suppeditari,
2969 2471 3207 2526 alienum
3242 2470 3373 2523 dicit
3412 2484 3441 2521 a

1880 2571 2020 2627 Filio
2065 2570 2331 2643 Spiritum
2362 2589 2375 2625 :
2402 2580 2457 2624 et
2506 2576 2787 2637 sequetur,
2837 2579 3014 2633 neque
3060 2570 3256 2616 natura
3314 2575 3438 2614 eum

1882 2676 2128 2723 sanctum
2173 2680 2315 2727 esse,
2379 2663 2494 2725 sed,
2564 2670 2775 2715 tantum
2820 2656 3249 2727 participatione
3280 2654 3438 2707 sicuti

1883 2775 2003 2813 nos.
2067 2758 2125 2811 In
2179 2758 2276 2810 has
2324 2753 2591 2809 ahsurdas
2649 2749 2932 2820 opiniones
2994 2747 3246 2798 videntur
3309 2743 3441 2796 mihi

1882 2849 2114 2922 prolabi,
2145 2848 2239 2917 qui
2288 2860 2395 2900 non
2432 2844 2671 2898 fatentur
2715 2841 2983 2895 exsistere
3037 2836 3303 2905 Spiritum
3347 2850 3442 2904 per

1884 2942 2104 2997 Filium.

2202 3031 2483 3099 Expositio
2507 3025 2725 3094 hujusce
2760 3040 2881 3077 nom
2911 3023 3126 3087 capitis.

289 3113 419 3167 ΡΝ.
458 3134 477 3167 ι
500 3115 718 3179 Φθάσας
744 3119 880 3190 ἔφην
905 3122 988 3173 ὅτι
1014 3124 1127 3185 τοῖς
1161 3122 1459 3193 Nec-rapior)
1514 3123 1779 3194 βατταρί-
1811 3145 1856 3205 C

1811 3145 1856 3205 ς
1955 3125 2042 3181 Cl.
2086 3146 2104 3178 ι
2144 3126 2274 3178 Item
2305 3122 2437 3187 dixi,
2472 3119 2619 3190 quod
2662 3117 2898 3171 Nestorii
2950 3114 3132 3184 nugis,
3184 3126 3279 3165 seu
3334 3107 3446 3163 bla-

224 3226 243 3256 ι
291 3224 515 3277 σμασιν,
548 3212 715 3277 ἤγουν
744 3212 1075 3282 δυσφημίαις
1105 3218 1197 3267 καὶ
1224 3217 1336 3280 τοῖς
1371 3214 1514 3284 ἄγαν
1577 3218 1784 3285 ἀτημε-

226 3316 246 3350 ι
291 3298 407 3365 liii;
429 3300 743 3372 ε-ί-ριημένοες
774 3304 938 3375 ητῶν
986 3308 1296 3375 κεφαλαίων
1358 3309 1591 3377 μάχεται
1622 3306 1785 3359 δύνα-

230 3409 247 3439 ι
298 3411 411 3460 μις.
464 3396 701 3448 Ἐκείνου
740 3400 848 3467 γὰρ
874 3398 1122 3465 λέγοντος
1151 3399 1279 3470 περὶ
1308 3400 1400 3453 τοῦ
1431 3401 1584 3468 ἁγίου
1612 3399 1784 3453 Πηλεύ-

231 3504 249 3534 ι
298 3503 490 3551 ματος.
524 3485 693 3539 Τοῦτο
743 3488 809 3558 δή
858 3490 1193 3561 τηλικαύτην
1244 3491 1393 3561 αὐτῷ
1423 3492 1788 3562 χαρισάμενον

235 3595 252 3625 ι
301 3576 560 3646 δύναμιν,
596 3580 657 3631 τὸ
679 3579 930 3649 δαίμοσιν
964 3582 1099 3635 αὐτὸ
1126 3584 1356 3653 φοϐερὸν
1406 3584 1786 3653 ἐργασάμενον

232 3686 250 3716 ι
300 3668 361 3719 τὸ
390 3670 490 3736 τὴν
521 3670 788 3740 ἀνάληψιν
820 3672 968 3742 αὐτῷ
990 3673 1088 3742 τὴν
1120 3676 1200 3737 είς
1225 3674 1455 3743 οὐρανὸν
1489 3674 1792 3744 χαρισάμε-

234 3778 251 3807 ι
302 3774 411 3823 νον,
464 3762 558 3812 καὶ
589 3761 664 3823 ὡς
698 3764 827 3833 περί
858 3781 1001 3827 τινος
1050 3765 1158 3818 τῶν
1199 3765 1321 3819 καθ’
1370 3766 1538 3835 ἡμᾶς.
1583 3764 1793 3834 ἀνθρώ-

234 3869 251 3898 ι
306 3867 410 3903 που
432 3852 611 3906 κοινοῦ
634 3854 855 3908 τοιαῦτα
880 3857 1346 3927 πεφλυαρηκότος,
1371 3860 1597 3927 γέγονεν
1622 3858 1795 3923 ἀναγ-

235 3961 254 3990 σ
305 3943 476 4003 καίως
509 3946 538 3996 δ
565 3946 1009 4015 ἀναθεματισμὸς
1067 3950 1128 4001 οὐ
1167 3952 1308 4004 κατά
1341 3967 1405 4018 γε
1441 3949 1550 4002 τῶν
1609 3948 1795 4016 λεγόν-

239 4047 255 4077 ι
308 4047 416 4083 των
462 4031 777 4098 δεδοξάσθαι
831 4039 983 4107 παρὰ
1032 4037 1127 4091 τοῦ
1160 4040 1668 4110 ἁγίουδυνεὺματος
1701 4038 1793 4091 τὸν

239 4140 255 4168 ι
308 4121 460 4188 Υίὸν,
498 4127 783 4178 τουτέστιν
813 4128 1334 4199 ἑνανθρωπήσαντα,
1385 4132 1507 4181 κατ’
1565 4128 1794 4181 ἐκείνων

241 4233 261 4261 ι
308 4214 364 4266 δὲ
396 4217 619 4285 μᾶλλον,
651 4218 701 4271 οἳ
726 4221 818 4272 καὶ
841 4220 1032 4289 ἀνέδην
1057 4222 1246 4287 αὑτὸν,
1285 4222 1362 4284 ὡς
1414 4221 1673 4291 ἀλλοτρίᾳ
1700 4221 1798 4273 δυ-

242 4324 260 4354 σ
312 4308 564 4376 νάμειτῇ
595 4308 683 4361 διὰ
732 4309 829 4361 τοῦ
881 4311 1200 4381 Πνεῦματος
1258 4314 1563 4383 κεχρῆσθαί
1610 4330 1795 4381 φασιν.

242 4417 259 4446 ι
308 4399 649 4469 Μεμνήμεθα
677 4400 732 4453 δὲ
749 4402 995 4465 εἰπόντος
1023 4403 1259 4471 περὶτοῦ
1276 4405 1432 4473 ἁγίου
1458 4405 1800 4472 Πνεύματος,

1895 3238 1913 3270 ι
1963 3218 2247 3287 spheiniis,
2298 3226 2350 3268 et
2400 3212 2520 3281 ejus
2583 3212 2746 3265 dictis
2802 3206 3094 3260 admodum
3148 3200 3453 3257 temerariis

1899 3329 1916 3361 ‹
1955 3310 2129 3363 virtus
2190 3306 2546 3373 capitulorum
2592 3308 2907 3369 repugnat:
2942 3298 3032 3350 illo
3084 3308 3319 3362 namque
3367 3293 3456 3344 di-

1900 3421 1917 3452 ι
1958 3412 2109 3453 rente
2144 3401 2211 3452 de
2245 3396 2451 3466 Spiritu
2505 3402 2729 3448 sancto:
2759 3391 2807 3446 ls
2839 3392 2930 3461 qui
2975 3398 3194 3442 tantam
3232 3385 3451 3439 Christo

1901 3514 1918 3544 ι
1959 3491 2181 3559 gloriam
2228 3489 2476 3551 contulit,
2514 3501 2634 3540 eum
2683 3483 3021 3537 daemonibus
3070 3479 3199 3533 fecit
3246 3477 3453 3530 terribi-

1903 3599 1921 3633 ι
1960 3583 2085 3645 Iern,
2140 3577 2471 3644 donavitque
2519 3574 2568 3628 ei
2620 3573 2687 3627 ad
2736 3572 2904 3626 cmlos
2947 3568 3349 3627 ascensionem,
3401 3576 3449 3615 et

1904 3694 1922 3725 ι
1962 3685 2218 3741 tanquam
2254 3670 2321 3724 de
2348 3669 2531 3736 alique
2574 3663 2878 3721 secundum
2920 3678 3019 3716 nos
3052 3660 3271 3713 nomine
3301 3675 3454 3711 cum-

1906 3787 1924 3818 ι
1968 3766 2118 3820 muni
2167 3764 2281 3817 haec
2330 3761 2727 3822 deblaterante,
2787 3757 2963 3809 factus
3013 3765 3096 3809 est
3147 3751 3454 3807 necessario

1909 3878 1928 3911 ι
1968 3855 2481 3913 auathematisntus.
2517 3866 2626 3906 nun
2673 3851 2936 3904 adversus
2977 3864 3095 3910 eos,
3127 3846 3219 3914 qui
3246 3844 3456 3902 dicunt.

1908 3974 1925 4004 ι
1964 3950 2319 4005 clariticatnm
2374 3961 2403 3999 a
2456 3943 2667 4013 Spiritu
2727 3950 2919 3995 sancto
2963 3937 3175 3998 Jesum.
3233 3938 3337 3989 hoc
3377 3942 3458 3986 est

1908 4064 1927 4096 ι
1968 4044 2381 4097 inhumauatum
2429 4035 2520 4089 Dei
2572 4033 2851 4097 Verbum;
2901 4030 2996 4085 sed
3035 4028 3215 4099 petius
3269 4034 3457 4079 contra

1909 4154 1927 4186 ι
1965 4136 2108 4195 illos,
2142 4132 2235 4199 qui
2269 4128 2609 4197 impudenter
2647 4139 2771 4178 eum
2818 4124 3017 4177 virtute
3056 4134 3154 4189 per
3197 4118 3458 4187 Spiritum

1910 4244 1928 4277 ι
1969 4236 2223 4292 tanquam
2272 4220 2446 4273 aliena
2498 4232 2655 4271 usum
2691 4229 2813 4269 esse
2861 4213 3072 4266 dicunt.
3119 4208 3462 4263 Meminimus

1913 4336 1931 4367 ι
1971 4314 2113 4368 cnim
2140 4328 2263 4365 eum
2291 4320 2476 4380 aperte
2509 4308 2712 4361 dixisse
2739 4308 2806 4359 de
2836 4312 3023 4358 sancto
3053 4303 3276 4370 Spiritu,
3317 4318 3334 4349 ι
3377 4299 3466 4351 Ille

1914 4426 1931 4458 ι
1974 4423 2055 4460 me
2080 4403 2400 4459 clariﬁcabit
2423 4402 2496 4455 ί.»
2524 4399 2785 4453 Novimus
2807 4398 2871 4450 ad
2902 4397 3004 4449 hoc
3026 4392 3200 4448 sancti
3230 4391 3466 4459 Spiritus

242 4507 262 4535 ε
322 4488 558 4551 Ἐκεῖνος
587 4492 686 4559 ἐμὲ
715 4492 947 4556 δοξάσει,
985 4494 1141 4562 ίσμεν
1170 4510 1230 4545 τε
1264 4494 1397 4563 πρὸς
1419 4495 1676 4564 τούτῳτῇ
1706 4492 1799 4546 τοῦ
1832 4493 1877 4549 ῐ)

1832 4493 1877 4549 ῐ)
1912 4520 1927 4549 ι
1969 4498 2282 4566 operatione
2308 4502 2678 4547 conterentem
2717 4490 3082 4558 nequissunas
3124 4482 3466 4537 imniundas-

243 4597 259 4623 ι
311 4578 468 4644 ἁγίου
522 4580 839 4649 Πνεύματος
886 4584 1135 4655 ἐνεργείᾳ
1167 4585 1265 4647 τὰς
1310 4586 1551 4654 πονηράς
1587 4602 1645 4637 τε
1705 4585 1800 4637 καὶ

244 4685 264 4717 ι
312 4668 658 4740 ἀκαθάρτους
679 4672 931 4742 δυνάμεις
955 4674 1326 4744 συντρίϐοντα·
1355 4675 1472 4727 ἀλλ’
1503 4675 1600 4743 οὐχ
1627 4672 1799 4736 οὕτως

247 4782 264 4811 ι
316 4762 497 4829 φαμὲν
523 4762 708 4837 αὑτὸν,
742 4764 991 4834 καθάπερ
1015 4765 1238 4818 καὶτῶν
1264 4766 1431 4832 ἁγίων
1452 4766 1701 4830 ἕκαστον,
1732 4766 1806 4826 ὡς

245 4873 263 4902 ι
313 4855 571 4922 ἀλλοτρίᾳ
590 4855 815 4922 δυνάμει
848 4856 1142 4926 κεχρῆσθαι
1163 4860 1227 4927 τῇ
1255 4854 1348 4909 τοῦ
1372 4857 1527 4925 ἁγίου
1554 4858 1808 4927 Πνεῦμα-

247 4964 263 4994 ι
310 4962 426 5007 τος.
454 4940 562 4997 Ἦν
590 4947 697 5014 γὰρ
730 4947 824 4999 κα).
846 4946 993 4999 ἐστιν
1021 4945 1181 4999 αὑτοῦ
1206 4947 1267 4999 τὸ
1288 4946 1529 5014 Πνεῦμα,
1561 4946 1811 5015 καθάπερ

248 5056 265 5086 ι
314 5037 505 5105 ἀμέλει
534 5037 736 5091 καὶτοῦ
761 5039 995 5108 Πατρός.
1013 5039 1122 5092 Καὶ
1135 5039 1292 5091 τοῦτο
1309 5041 1439 5108 ἡμίν
1466 5037 1524 5091 εὖ
1557 5039 1701 5108 μάλα
1721 5054 1811 5088 σα-

254 5149 270 5178 ι
321 5132 511 5199 φηνιεί
537 5128 831 5199 γεγραφὼς
856 5131 885 5181 δ
914 5129 1200 5191 θεσπέσιος
1224 5130 1435 5192 Παῦλος
1465 5145 1479 5159 ο
1517 5148 1536 5181 ι
1572 5131 1635 5182 Οἱ
1660 5129 1716 5181 δὲ
1747 5131 1805 5182 ἐν

257 5242 275 5268 ι
324 5223 492 5291 σαρκὶ
514 5223 665 5285 ὄντες
681 5222 799 5291 Θεῷ
826 5222 1021 5292 ἀρέσαι
1053 5222 1114 5275 οὐ
1133 5223 1403 5276 δύνανται.
1420 5223 1612 5292 Ὑμεῖς
1640 5222 1695 5274 δὲ
1716 5222 1813 5273 οὐκ

257 5336 270 5360 ι
320 5313 444 5366 ἐστὶ
483 5314 543 5365 ἐν
576 5314 763 5383 σαρκὶ,
809 5314 923 5368 ἀλλ’
958 5316 1014 5367 ὲν
1060 5314 1353 5382 πνεύματι,
1397 5314 1554 5385 εἴπερ
1588 5312 1810 5372 Πνεῦμα

252 5429 267 5452 ο
316 5403 454 5459 Θεοῦ
484 5406 627 5459 οίκετ
653 5410 709 5459 ἐν
735 5406 881 5470 ὑμῖν.
916 5406 983 5460 Εἴ
1002 5425 1086 5468 τις
1113 5408 1167 5460 δὲ
1196 5408 1419 5475 Πνεῦμα
1448 5406 1682 5478 Χριστοῦ
1711 5407 1808 5458 οὑκ

258 5520 272 5549 ι
316 5500 452 5568 εχει,
476 5491 539 5552 οὗ
552 5515 633 5561 τος
657 5500 756 5551 οὐκ
786 5499 932 5551 ἔστιν
960 5499 1142 5553 αὑτοῦ.
1162 5499 1550 5571 Ἐκπορεύεται
1581 5502 1675 5570 μὲν
1704 5502 1811 5567 γὰρ

257 5612 277 5639 r
317 5594 379 5643 iw.
408 5592 505 5644 τοῦ
538 5591 672 5644 Θεοῦ
701 5593 795 5646 καὶ
818 5592 1029 5661 Πατρὶς
1055 5594 1115 5645 τὸ
1138 5592 1359 5661 Πνεῦμα
1405 5592 1467 5645 τὸ
1494 5591 1647 5659 ἅγιον
1674 5599 1814 5646 κατὰ

384 5747 550 5803 Juan.
577 5762 668 5813 xv,
696 5747 784 5802 ‘26.
866 5746 1065 5809 'J'Ian,
1096 5766 1199 5811 τινι,
1236 5752 1315 5802 ll.
1396 5754 1413 5781 ²
1440 5750 1590 5804 Rom.
1628 5766 1738 5809 \lil,
1775 5751 1823 5806 8Δ

1916 4609 1933 4641 ι
1968 4605 2071 4657 que
2117 4589 2346 4640 virtutes
2383 4604 2397 4650 ς
2438 4584 2529 4638 sed
2582 4598 2687 4635 non
2728 4581 2800 4634 ita
2842 4580 3079 4633 dicimus
3138 4591 3265 4630 eum
3322 4573 3465 4627 sicut

1917 4702 1933 4733 ι
1975 4694 2417 4747 unumquemque
2472 4676 2682 4730 scilicet
2718 4680 3056 4733 sanctorum,
3099 4668 3297 4719 virtute
3346 4664 3463 4732 Spi-

1922 4796 1939 4825 σ
1982 4775 2119 4827 ritus
2151 4772 2325 4827 sancti
2367 4781 2623 4836 tanquam
2657 4766 2835 4819 aliena
2865 4778 3021 4816 usum
3056 4766 3212 4813 :erat
3240 4758 3382 4811 enim
3420 4764 3474 4807 et

1923 4886 1940 4917 ι
1978 4875 2060 4918 est
2097 4864 2216 4932 ejus
2260 4860 2497 4930 Spiritus
2548 4857 2708 4912 sicuti
2750 4866 2898 4909 certe
2941 4860 2994 4905 et
3036 4852 3234 4904 Patris.
3278 4846 3342 4901 Et
3371 4846 3475 4899 hoc

1924 4980 1940 5008 ι
1980 4956 2135 5011 nobis
2167 4955 2306 5009 bene
2354 4953 2490 5006 satis
2535 4952 2791 5019 explanat
2828 4946 3054 5000 .divinus
3091 4942 3295 4995 Paulus
3337 4938 3471 4991 scri-

1926 5065 1943 5095 ι
1982 5046 2154 5098 bens:
2193 5061 2211 5093 ι
2249 5041 2351 5106 Qui
2386 5050 2569 5093 autem
2606 5039 2661 5091 in
2706 5052 2870 5090 carne
2924 5040 3068 5098 sunt,
3107 5033 3214 5085 Deo
3258 5030 3470 5099 placere
3522 5076 3525 5077 ν

1920 5157 1935 5183 ι
1977 5149 2081 5187 non
2125 5130 2419 5200 possunt'.
2478 5128 2589 5183 Vos
2626 5137 2805 5181 autem
2860 5140 2972 5178 non
3032 5122 3161 5176 estis
3206 5123 3258 5174 in
3289 5134 3472 5180 carne,

1923 5247 1939 5276 ι
1978 5226 2070 5279 sed
2110 5224 2165 5278 in
2205 5221 2433 5292 Spiritu,
2465 5221 2510 5274 si
2543 5231 2721 5272 tamen
2769 5216 2991 5285 spiritus
3024 5213 3114 5265 Dei
3165 5210 3369 5263 habitat
3417 5208 3471 5259 in

1927 5337 1943 5366 ι
1986 5317 2160 5369 vobis.
2199 5313 2255 5367 Si
2297 5314 2420 5384 quis
2466 5319 2647 5363 autent
2695 5309 2947 5376 spiritum
2984 5302 3185 5357 Christi
3230 5317 3335 5353 nou
3374 5298 3473 5349 ha-

1925 5429 1942 5459 ι
1982 5410 2091 5469 bet,
2127 5406 2215 5461 hic
2243 5422 2346 5460 non
2377 5414 2458 5459 est
2484 5402 2624 5471 ejus.
2659 5418 2677 5451 ι
2714 5398 2963 5452 Procedit
2998 5395 3142 5449 enim
3177 5410 3237 5444 ex
3274 5389 3381 5441 Deo
3424 5400 3473 5440 et

1926 5524 1940 5554 ι
1980 5502 2137 5557 Patre
2162 5501 2397 5569 Spiritus
2432 5511 2656 5554 sanetus
2693 5495 2990 5549 secundum
3028 5488 3327 5545 Salvatoris
3376 5502 3457 5539 vo.

1926 5614 1940 5643 ι
1979 5609 2116 5659 cent,
2149 5594 2239 5648 sed
2283 5608 2387 5646 non
2431 5598 2514 5646 est
2560 5590 2769 5644 alienus
2820 5602 2846 5640 a
2893 5585 3048 5639 Filio.
3092 5579 3281 5637 Omnia
3329 5579 3471 5644 enim
