4202 6454
737 403 841 467 543

1778 396 1987 456 JOAN.
2030 395 2241 457 VECCl
2282 395 2391 455 CP.
2432 386 2941 451 ΡΑΤΒΙΛΒΟΗΕ

3861 376 3969 436 δυ.

736 532 752 562 ι
794 514 953 565 habet
988 526 1110 563 cum
1143 508 1303 564 Patre
1352 519 1403 561 et
1448 510 1553 562 hor,
1587 510 1700 578 ipse
1748 509 1965 561 edocuit
1992 508 2182 561 dicens
2224 507 2291 559 de

2464 505 2562 571 τὴν
2578 502 2670 556 τοῦ
2691 502 2941 571 Σωτῆρος
2961 496 3167 567 φωνὴν,
3187 493 3302 548 ἀλλ’
3323 492 3422 545 οὐκ
3442 489 3712 559 ⁸ἑιλλότριοῦν
3738 489 3853 540 ἐστι
3870 490 3974 542 τοῦ

737 616 752 640 σ
793 599 1000 662 Spiritu
1050 608 1239 651 sancto
1274 614 1286 649 :
1328 616 1342 646 ι
1376 595 1569 649 Omnia
1619 612 1959 665 qua’cunqtte
2002 596 2165 649 habet
2195 597 2295 649 Pa-

737 707 754 737 4
792 699 894 749 ter,
941 705 1057 743 mea
1114 700 1259 743 sunt.
1312 690 1605 755 Propterea
1654 688 1763 741 dixi
1812 689 1999 751 vobis,
2048 690 2175 756 quia
2228 690 2295 742 de

736 796 752 826 ι
798 792 918 831 meo
948 780 1197 845 accipiet,
1230 793 1283 831 et
1310 780 1657 832 annuntiabit
1689 780 1841 832 vobis
1865 778 1906 832 ³.
1947 798 1964 829 ι
2001 779 2144 846 Ergo
2186 779 2298 831 cla-

738 890 754 916 ι
798 871 1026 922 riﬁravit
1057 871 1274 937 quidem
1299 869 1484 923 Jesum
1521 870 1757 938 Spiritus
1787 879 2008 924 sanctus
2056 870 2295 924 adrnira-

742 980 759 1010 ι
803 961 927 1013 bilia
971 977 1227 1028 operaus,
1276 972 1649 1015 verumtamen
1683 971 1742 1015 ut
1775 962 2011 1029 Spiritus
2043 962 2189 1029 ejus,
2241 972 2298 1017 et

741 1074 761 1102 ‹
794 1067 900 1105 non
926 1064 983 1105 ttt
1008 1054 1178 1105 aliena
1211 1054 1383 1107 virtus
1414 1065 1467 1107 et
1496 1069 1560 1107 eo
1588 1053 1961 1122 praestantior,
1992 1055 2295 1107 secundum

740 1164 758 1193 ‹
797 1145 940 1212 quod
1006 1145 1330 1213 intelligitur
1400 1144 1561 1199 Deus.
1623 1145 1739 1197 Non
1804 1145 2300 1212 blasphemavimus

744 1253 760 1283 ι
800 1235 967 1303 igitur
1002 1236 1055 1288 in
1087 1245 1311 1289 sanctos
1341 1237 1583 1304 angelos,
1619 1252 1717 1289 nec
1753 1237 1806 1289 in
1833 1236 2124 1305 prophetas
2160 1237 2301 1290 sicut

745 1346 762 1373 ε
803 1327 982 1381 dicere
1009 1328 1377 1395 pnesumpsit.
1415 1328 1502 1393 qui
1538 1328 1882 1381 solummodo
1910 1343 2170 1381 accusare
2200 1344 2300 1381 no-

743 1437 760 1465 ι
800 1417 897 1469 vit.
932 1416 1067 1480 Quia
1103 1431 1230 1469 vero
1260 1419 1597 1485 propositum
1631 1418 1752 1485 ejus
1783 1428 1836 1471 et
1873 1419 2148 1472 sociorum
2195 1427 2298 1480 est,

682 1504 683 1507 “
745 1528 761 1559 ι
800 1520 859 1561 ut
907 1525 1072 1560 unum
1128 1509 1179 1561 in
1230 1510 1370 1562 duos
1417 1508 1663 1562 Chrtstos
1715 1510 1998 1573 dividant,
2045 1519 2099 1562 ct
2148 1510 2300 1561 illum

748 1615 765 1645 ‹
805 1596 1020 1663 quidem
1055 1598 1369 1660 clariﬁcari,
1403 1607 1455 1650 et
1489 1597 1554 1649 ad
1588 1598 1921 1665 operaudum
1967 1598 2300 1665 promoveri,

759 1706 775 1735 ι
817 1687 963 1739 hunc
1001 1702 1129 1741 vero
1164 1700 1215 1741 et
1248 1688 1545 1742 clariﬁcare
1576 1698 1629 1741 et
1669 1691 1883 1757 Operari
1923 1691 2107 1743 dicant
2137 1706 2151 1742 :
2183 1689 2304 1742 ideo

746 1795 765 1827 ι
802 1789 1033 1847 carpunt
1090 1781 1413 1849 iusipienler
1471 1797 1686 1833 omnem
1742 1797 2049 1834 sermonem
2119 1783 2301 1849 pium,

750 1888 769 1919 ι
805 1880 859 1922 et
890 1873 981 1938 qui
1040 1874 1187 1940 ipsos
1231 1888 1258 1925 a
1306 1875 1398 1926 tali
1434 1889 1686 1941 perversa
1729 1874 1999 1927 sententia
2044 1874 2303 1926 dimovet.

750 1982 768 2013 ι
808 1962 1041 2017 Promde
1072 1975 1125 2018 et
1158 1967 1223 2019 de
1268 1968 1424 2021 beato
1465 1967 1713 2021 Gabriele
1749 1966 1952 2021 faciens
2001 1981 2307 2021 sermonem

753 2072 771 2105 ι
811 2056 1172 2109 calumniatur
1228 2060 1328 2111 iste
1374 2059 1619 2112 :etenim
1671 2060 1969 2112 secundum
2041 2073 2262 2112 carnem
2294 2096 2308 2118 ,

755 2168 772 2197 σ
812 2151 1012 2218 inquit,
1046 2151 1325 2205 Christum
1370 2169 1435 2205 ex
1466 2152 1673 2222 Spiritu
1708 2162 1902 2207 sancto
1939 2164 2127 2205 natum
2163 2166 2308 2212 esse,

754 2260 770 2288 ι
811 2242 1017 2309 primus
1083 2242 1212 2304 ille,
1270 2254 1325 2297 et
1374 2253 1496 2297 ante
1541 2242 1920 2298 formationem
1977 2242 2309 2312 pra-dicavit.

756 2350 784 2381 ι
814 2332 966 2387 Alius
1002 2334 1167 2401 igitur
1195 2345 1279 2388 est
1311 2334 1564 2389 Christus
1594 2336 1703 2394 ille,
1738 2336 1829 2404 qui
1863 2335 2164 2388 secundum
2192 2349 2314 2389 car-

756 2442 774 2472 c
813 2438 960 2487 nem,
1004 2437 1055 2477 et
1093 2426 1230 2479 alius
1262 2428 1491 2479 seorsim
1523 2426 1780 2480 Christus
1825 2442 2014 2480 rursus
2049 2425 2312 2490 Verbum,

758 2532 774 2561 ι
816 2514 955 2580 quod
993 2530 1055 2565 ex
1093 2512 1202 2565 Deo
1228 2513 1386 2567 Patre
1423 2522 1527 2568 est.
1564 2513 1664 2568 Ubi
1695 2514 1859 2582 igitur
1885 2513 2060 2566 uuio?
2109 2523 2164 2565 et
2193 2528 2316 2580 qua:

758 2621 777 2653 ι
820 2605 943 2658 inde
967 2606 1172 2657 utilitas
1200 2608 1243 2659 si
1277 2606 1385 2657 duo
1414 2605 1617 2658 Christi
1646 2612 1700 2658 et
1723 2605 1949 2659 seorsim
1980 2619 2045 2657 ac
2072 2604 2315 2668 divisim,

760 2714 778 2743 ι
819 2704 873 2748 ut
907 2704 1134 2764 uterque
1175 2697 1528 2763 inteiligatur,
1566 2711 1630 2749 ac
1676 2695 2042 2765 praedicetur?
2108 2695 2316 2761 Eapro-

762 2806 779 2835 ι
819 2795 932 2854 pter
964 2788 1089 2840 lieet
1126 2788 1346 2856 pietatis
1376 2802 1605 2854 persona
1656 2802 1715 2839 se
1746 2788 1994 2850 induant,
2050 2794 2104 2837 et
2151 2798 2317 2837 unum

763 2894 781 2924 ι
819 2876 1002 2929 dicant
1059 2892 1178 2930 esse
1242 2877 1559 2940 Christum,
1619 2891 1742 2929 vere
1791 2889 1971 2929 tamen
2017 2875 2153 2928 duos
2199 2888 2322 2927 esse

720 3028 723 3031 _
764 2987 780 3014 ς
824 2976 1097 3032 putantes.
1132 2966 1358 3019 audiant
1387 2982 1416 3018 a
1443 2966 1598 3019 nobis
1626 2983 1639 3017 :
1680 2965 1973 3032 Usquequo
1999 2962 2321 3016 claudicatis

766 3076 781 3105 ‹
824 3058 875 3109 in
909 3058 1175 3110 ambobus
1206 3057 1525 3125 peplitihus.
1578 3054 1761 3109 Satius
1788 3055 1935 3108 enim
1979 3053 2145 3106 fuerit
2178 3061 2323 3106 recte

2403 616 2421 647 ι
2468 595 2619 646 Υἱοῦ.
2645 595 2830 646 Πάντα
2851 592 2960 658 γάρ
2984 590 3094 659 ἔχει
3129 588 3269 657 μετά
3296 584 3387 636 τοῦ
3427 584 3658 650 Πατρὶς,
3692 583 3784 632 καὶ
3806 580 3970 633 τοῦτο

2402 704 2419 737 ι
2466 682 2628 743 αὐτὸς
2666 681 2900 744 ἐδίδαξεν
2935 662 3106 731 εἰπῶν
3131 682 3259 744 περὶ
3296 676 3389 727 τοῦ
3433 674 3588 741 ἁγίου
3618 674 3966 739 Πνεὺματος·

2402 790 2421 823 ι
2474 792 2491 822 ι
2508 772 2685 823 Πάντα
2708 771 2804 823 ὅσα
2832 770 2943 838 ἔχει
2965 768 3199 836 ὁ11ατὴρ
3227 766 3338 834 ὲμά
3364 765 3501 817 ἐστι.
3526 764 3621 815 Διὰ
3638 762 3795 813 τοῦτο
3814 758 3971 814 εἷπον

2404 875 2423 907 ι
2477 857 2605 921 ὑμῖν
2630 857 2711 907 ὅτι
2745 857 2805 907 ὲκ
2829 855 2921 907 τοῦ
2946 855 3079 923 ἐμοῦ
3112 855 3340 922 λήψεται
3358 854 3451 904 καὶ
3474 851 3757 918 ἀναγγελεῖ
3781 850 3930 917 ὑμῖν.
3947 869 3963 898 ι

2411 962 2429 993 ι
2476 942 2686 995 Οὐκοῦν
2709 943 2927 1005 ἐδόξασε
2963 943 3063 1010 μὲν
3085 944 3143 993 τὸ
3172 940 3394 1009 Πνεῦμα
3415 940 3474 992 τὸ
3505 940 3681 1005 ὄργιον,
3712 938 3972 1006 ἐνεργοῦν

2405 1051 2425 1083 ι
2472 1035 2540 1085 τὰ
2575 1032 2875 1100 παράδοξα,
2926 1030 3065 1101 πλὴν
3094 1030 3169 1093 ὡς
3216 1029 3439 1099 Πνεῦμα
3488 1028 3676 1090 αὑτοῦ,
3724 1029 3818 1079 καὶ
3868 1026 3972 1078 οὐκ

2408 1142 2427 1174 ι
2481 1123 2737 1191 ἀλλοτρία
2789 1122 3042 1192 δύναμις,
3130 1122 3225 1173 καὶ
3277 1122 3542 1190 κρείττων
3592 1119 3778 1181 αἰτοῦ,
3834 1119 3974 1170 καθὸ

2409 1233 2430 1265 ι
2490 1218 2689 1268 νοεῖται
2738 1214 2887 1276 Θεός.
2962 1216 3038 1266 Οὐ
3091 1214 3593 1282 δεδυσφημήκαμεν
3644 1213 3826 1263 τοίνυν
3888 1213 3973 1273 εἰς

2409 1324 2427 1355 ι
2474 1305 2659 1373 ἁγίους
2690 1307 2977 1373 ἀγγέλους,
3010 1304 3133 1357 οὔτε
3185 1307 3293 1374 μὴν
3340 1308 3419 1364 εἰς
3469 1304 3776 1373 προφήτας.
3820 1303 3970 1354 καθὰ

2410 1415 2429 1447 ι
2475 1399 2811 1465 τετόλμηκεν
2843 1400 3025 1449 εἰπεῖν
3078 1397 3107 1449 ὁ
3136 1397 3291 1465 μόνοι,
3336 1394 3492 1457 εἰδὼς
3528 1395 3585 1445 τὸ
3613 1395 3973 1461 κακηγορεῖν.

2414 1508 2431 1538 ι
2490 1491 2647 1540 Ἐπεὶ
2673 1490 2728 1541 δέ
2761 1491 2877 1540 ἐστι
2901 1489 3098 1549 σκοπὸς
3133 1488 3282 1555 αὑτῷ
3312 1504 3369 1537 τε
3389 1487 3483 1538 καὶ
3510 1487 3621 1545 τοῖς
3654 1486 3773 1537 κατ’
3810 1485 3977 1535 ait?»

2410 1598 2431 1631 ι
2485 1580 2547 1631 τὸ
2589 1580 2815 1648 διαιρεῖν
2874 1581 2953 1641 εἰς
2984 1578 3076 1630 δόο
3119 1579 3390 1648 Χριστοὺς
3431 1577 3520 1627 τὸν
3563 1576 3680 1635 'éva,
3731 1575 3824 1627 καὶ
3884 1578 3979 1625 τὸν

2412 1688 2432 1722 ι
2484 1671 2580 1739 μὲν
2636 1668 2995 1740 δοξαζόμενον
3053 1687 3112 1722 τε
3164 1669 3257 1722 καὶ
3320 1669 3734 1738 ἔνεργούμενοηι,
3779 1669 3872 1720 τὸν
3919 1667 3979 1720 δὲ

2416 1782 2433 1814 ι
2478 1763 2765 1827 δοξάζοντά
2817 1782 2874 1815 τε
2930 1763 3023 1815 καὶ
3076 1761 3403 1829 ἐνεργοῦντα
3432 1760 3611 1829 λέγειν
3638 1777 3651 1790 ·
3687 1759 3978 1813 κατασκώο

2422 1872 2440 1903 ι
2496 1870 2719 1905 πτουςιν
2787 1854 3062 1916 ἀτυνέτως
3123 1854 3298 1905 πάντα
3364 1854 3519 1918 λόγον
3570 1852 3789 1917 εὑσ-εῆ,
3884 1850 3981 1901 καὶ

2418 1964 2434 1994 ι
2482 1949 2579 2013 τῆς
2656 1948 2915 2015 τοιαύτης
2972 1946 3167 2004 αὐτοὺς
3243 1944 3559 2011 ἁφιστῶντα
3637 1942 3977 2007 κακοδοξίας,

2420 2056 2436 2086 ι
2485 2039 2593 2089 Καὶ
2616 2038 2746 2103 γοῦν
2781 2039 3025 2107 περὶτοῦ
3080 2038 3353 2108 μακαρίου
3414 2038 3652 2105 Γαϐριὴλ
3684 2040 3771 2089 τὸν
3816 2038 3979 2103 λέγειν

2416 2146 2435 2180 ι
2485 2128 2802 2197 ποιούμενος
2851 2131 2882 2180 ὁ
2916 2128 3179 2195 φιλαίτιος
3223 2129 3434 2193 οὑτοσὶ,
3498 2130 3592 2180 ““’ὸν
3662 2130 3769 2195 γὰρ
3836 2129 3985 2180 κατὰ

2418 2240 2437 2274 ι
2486 2226 2685 2289 σάρκα,
2741 2221 2896 2289 φησὶ,
2928 2221 3161 2288 Χριστὸν
3221 2220 3286 2271 ὲκ
3346 2222 3638 2287 ινευματος
3678 2218 3834 2284 ἁγίου
3884 2236 3985 2284 γε⁴

2421 2332 2440 2364 ι
2486 2311 2748 2381 γενῆσθαι
2795 2312 3009 2381 πρῶτος
3043 2311 3271 2374 ἐκεῖνος,
3327 2311 3421 2362 καὶ
3478 2309 3584 2378 πρὸ
3618 2310 3716 2378 τῆς
3754 2310 3988 2361 διαπλά-

2424 2422 2443 2455 ι
2493 2421 2628 2465 σεως
2673 2402 2993 2472 ὲκήρυξεν.⁹
3034 2401 3264 2468 Ἕτερος
3311 2395 3407 2453 οῦν
3442 2400 3550 2469 ἄρα
3582 2401 3700 2453 ἐστὶ
3740 2402 3979 2471 Χριττὶς

2425 2512 2445 2545 ι
2494 2494 2588 2546 καὶ
2620 2494 2805 2564 ἔτερος
2840 2493 3025 2554 ἱδικὼς
3055 2491 3287 2559 Χριστὸς
3320 2507 3347 2543 ο
3389 2492 3532 2542 κατὰ
3559 2491 3761 2561 σάρκα,
3789 2494 3886 2543 καὶ
3913 2494 3981 2562 δὴ

2424 2606 2443 2638 ι
2497 2585 2657 2639 πάλιν
2688 2589 2716 2637 ὁ
2749 2587 2812 2637 ικ
2842 2584 2979 2637 Θεοῦ
3009 2584 3219 2652 Πατρὸς
3263 2583 3457 2650 Λόγος.
3493 2582 3605 2635 Ποῦ
3638 2587 3815 2637 τοίνυν
3863 2585 3899 2651 ἡ
3932 2584 3990 2634 ἓ.-

2426 2697 2446 2729 c
2510 2694 2693 2739 νωσις,
2721 2678 2815 2729 καὶ
2845 2676 2897 2727 τί
2959 2676 3021 2726 τὸ
3052 2674 3301 2725 ἐντεῦθεν
3357 2672 3573 2741 ὄφελος,
3624 2676 3672 2724 εἰ
3719 2672 3811 2724 δύο
3851 2673 3991 2739 Χρι-

2427 2789 2446 2821 ι
2509 2773 2622 2822 ato".
2671 2768 2850 2827 ἰδικῶς
2875 2768 2967 2818 καὶ
3016 2767 3120 2817 ἀνὰ
3167 2766 3331 2834 μέρος
3384 2767 3613 2826 ἕκαστος
3644 2767 3842 2816 νοεῖται
3890 2765 3991 2815 καὶ

2434 2877 2453 2909 ι
2495 2857 2745 2925 λέγεται;
2773 2854 2980 2908 Οὐκοῦν
3006 2854 3109 2906 κᾶν
3141 2855 3209 2916 εἰ,
3239 2855 3297 2905 τῖ)
3329 2854 3427 2922 τῆς
3460 2853 3739 2913 εὐσεϐείας
3760 2868 3985 2920 προσω-

2428 2969 2448 3001 ‹
2508 2953 2658 3001 πεῖυν
2687 2950 2900 3007 ἑαυτοῖς
2929 2947 3406 3020 περιπλάττοντες,
3445 2946 3543 2999 ἕνα
3571 2946 3776 3012 λέγωσι
3817 2946 3997 3013 Χρισ-

2435 3059 2455 3091 ‹
2516 3042 2627 3103 τὸν,
2662 3040 2755 3092 δύο
2786 3039 3108 3111 φρονοῦντες
3144 3040 3284 3091 κατὰ
3316 3038 3600 3105 ἀλήθειαν,
3632 3038 3997 3091 ἁκουέτωσαν

766 3166 783 3197 ε
828 3148 1099 3213 incedere,
1142 3148 1302 3203 [idem
1354 3149 1618 3202 habentes
1664 3162 1854 3216 puram
1903 3156 1958 3201 et
1999 3148 2233 3211 ﬁrmam,
2268 3153 2310 3198 el

2434 3151 2451 3183 ι
2506 3132 2645 3201 πρὸς
2674 3131 2851 3199 ἡμῶν,
2879 3130 3023 3192 Ἕως
3053 3131 3182 3181 πότε
3212 3130 3500 3198 χωλανεῖτε
3522 3130 3612 3181 ἐπ’
3646 3128 3996 3197 άμςςοτέραις

770 3260 787 3293 ι
829 3256 934 3296 non
962 3241 1141 3296 Stultis
1168 3241 1519 3310 opinionibus
1545 3239 1960 3294 claudicantem.
1996 3256 2014 3288 ι

1326 3546 1753 3601 Auimadversio.

846 3682 863 3712 ι
904 3660 1190 3729 Perspicua
1222 3659 1513 3712 admodum
1542 3666 1629 3712 est
1660 3666 1714 3711 et
1766 3658 1853 3710 hic
1889 3669 2109 3723 quoque
2155 3664 2327 3707 sancti

776 3773 795 3805 ι
836 3755 1099 3807 doctrina.
1134 3752 1344 3804 Rursus
1380 3750 1525 3804 enim
1570 3750 1769 3803 ibidem
1815 3748 2033 3809 asserit,
2074 3761 2141 3798 ex
2172 3743 2332 3798 Patre

777 3864 795 3893 ι
838 3843 1100 3910 Spiritum
1166 3841 1497 3910 procedere.
1570 3849 1623 3892 et
1672 3840 1941 3907 dogmatis
2008 3837 2328 3904 magistrum

778 3958 795 3986 ι
836 3937 1171 3989 Salvator-em
1208 3937 1381 4003 ipsum
1406 3934 1643 3994 adducit,
1669 3933 1947 4000 proprium
1969 3945 2096 3984 vero
2117 3929 2257 3994 Filii,
2278 3940 2335 3985 et

779 4049 795 4076 σ
837 4046 940 4081 non
966 4028 1203 4082 alienum
1236 4038 1493 4097 tanquam
1519 4027 2058 4081 consubstantialem.
2093 4045 2112 4076 ι

1400 4138 1699 4207 Refutatio.

852 4250 1137 4317 Proprium
1181 4247 1303 4301 Filii
1338 4247 1475 4301 dicis
1527 4248 1790 4316 Spiritum
1838 4257 1893 4301 et.
1927 4262 2035 4301 non
2076 4247 2335 4313 alienum,

779 4345 907 4410 quia
944 4342 1448 4396 consubstantialis.
1498 4340 1610 4411 Ego
1646 4356 1775 4395 vero
1822 4339 2053 4393 dixerim
2098 4341 2337 4395 consub-

778 4436 1083 4489 stantialem
1113 4434 1251 4487 Filio
1284 4433 1571 4501 Spiritum,
1619 4434 1745 4501 quia
1794 4430 1914 4485 Filii
1954 4435 2231 4501 proprius,
2271 4448 2340 4486 ne

778 4537 1064 4595 sequatur,
1098 4525 1294 4579 Filium
1333 4524 1614 4593 preprium
1656 4523 1874 4591 quidem
1928 4523 2167 4590 Spiritus
2206 4523 2336 4586 dici,

780 4632 1036 4688 tanquam
1093 4621 1185 4687 qui
1240 4617 1721 4672 cousubstantialis
1765 4615 1994 4683 Spiritui
2049 4626 2154 4669 est.
2200 4614 2337 4668 Cum

780 4729 908 4765 vero
944 4712 1082 4765 dicis
1113 4721 1362 4765 sanctum
1392 4709 1655 4779 Cyrillum
1685 4707 2024 4760 Salvatorem
2064 4705 2340 4759 adducere

783 4804 1104 4871 magistrum
1146 4802 1417 4854 dicentem
1454 4800 1716 4868 Spiritum
1744 4796 2036 4867 procedere
2068 4812 2133 4850 ex
2159 4795 2340 4862 Patre,

782 4894 1063 4947 sciendum
1082 4902 1167 4945 est
1197 4892 1313 4953 tibi,
1348 4901 1405 4942 ut
1445 4900 1499 4944 et
1530 4892 1582 4942 in
1612 4890 1731 4942 aliis
1769 4888 2194 4948 insinuavimus,
2239 4886 2344 4938 Do-

783 4984 1043 5036 minii-am
1087 4995 1269 5034 vocem
1322 4979 1461 5032 sumi
1508 4993 1535 5030 a
1572 4987 1760 5030 sancto
1808 4977 1869 5027 ad
1906 4974 2341 5028 conﬁrmandum

785 5072 1047 5139 Spiritum
1093 5084 1158 5123 ex
1206 5068 1365 5121 Patre
1415 5082 1537 5121 esse
1574 5066 2031 5133 quemadmodum
2088 5063 2221 5115 locis
2289 5063 2344 5114 in

787 5165 909 5218 aliis
936 5164 1003 5216 ab
1032 5164 1149 5231 ipso
1180 5171 1369 5215 saneto
1396 5160 1619 5230 Cyrillo,
1654 5170 1709 5212 et
1739 5157 1805 5211 ab
1831 5158 1952 5210 aliis
1978 5156 2162 5209 multis
2192 5156 2346 5208 theo-

783 5254 923 5323 logis
980 5253 1231 5306 Patribus
1291 5252 1406 5304 alia:
1476 5250 1771 5303 Dominica:
1838 5248 2144 5311 dictiones,
2206 5248 2347 5298 inter

784 5363 941 5414 quas,
986 5356 1038 5399 et
1064 5362 1185 5415 qua:
1231 5346 1449 5409 asserit,
1493 5344 1756 5412 Spiritum
1789 5341 2031 5395 veritatis
2081 5338 2342 5409 Spiritum

783 5448 1031 5489 sanetum
1060 5451 1203 5499 esse,
1252 5446 1304 5488 et
1346 5450 1466 5502 quae
1510 5448 1575 5486 ex
1610 5432 1747 5486 Filio
1782 5431 1932 5483 illum
1978 5429 2222 5495 accipere
2255 5427 2347 5482 de-

784 5527 981 5587 clarat,
1013 5526 1077 5578 ad
1133 5525 1596 5594 comprobandum
1646 5539 1710 5577 ex
1756 5520 1893 5575 Filio
1925 5533 2141 5589 quoque
2188 5532 2344 5571 eum-

784 5620 904 5673 dem
942 5633 1083 5671 esse.

858 5798 1050 5853 ’Juau.
1089 5814 1194 5863 xu,
1229 5797 1313 5851 l2}.

2432 3243 2452 3277 ι
2506 3226 2626 3283 ταῖς
2678 3221 2889 3289 ἰγνύαις
2936 3221 3128 3290 ὐμῶν;
3172 3221 3518 3289 Ὀρθοποδείν
3581 3222 3690 3289 γὰρ
3741 3221 3995 3287 ἄμεινον,

2432 3337 2451 3368 ι
2510 3316 2693 3367 πίστιν
2738 3316 2961 3383 ἔχοντας
2994 3312 3093 3382 τὴν
3128 3313 3395 3381 άὸἑεηλον
3426 3311 3522 3364 καὶ
3567 3311 3997 3382 ἐρηρεισμένην,

2435 3429 2453 3460 ι
2505 3410 2599 3461 καὶ
2623 3410 2723 3461 οὐκ
2744 3408 3024 3469 ἀσυνέτως
3054 3406 3361 3469 σκάζουσαν
3390 3405 3690 3473 λογ.σμοῖς.
3733 3424 3748 3453 ι

3018 3522 3395 3574 Ἐπιστασια.

2453 3643 2472 3701 ε
2506 3656 2525 3688 ι
2586 3637 2771 3705 Σαφὴς
2796 3635 2934 3687 πάνυ
2961 3631 3240 3686 κάνταῦθα
3268 3628 3419 3699 ήςτοῦ
3453 3628 3609 3694 ἁγίου
3652 3627 4001 3681 διδασκαλία·

2438 3747 2457 3779 ι
2507 3729 2666 3792 Λέγει
2705 3726 2814 3795 γὰρ
2836 3725 2929 3778 καὶ
2958 3722 3121 3774 πάλιν
3148 3718 3546 3789 ἐκπορεύεσθαι
3574 3717 3634 3769 τὸ
3664 3717 3892 3785 Πνεῦμα
3938 3721 4008 3770 ὲκ

2440 3837 2458 3869 ι
2511 3818 2725 3886 Πατρὸς
2759 3814 3077 3868 διδάσκαλον
3104 3811 3198 3864 τοῦ
3242 3813 3486 3863 τοιούτου
3519 3810 3787 3877 δόγματος
3836 3809 4010 3859 αὑτὸν

2444 3928 2461 3959 ι
2520 3909 2611 3961 τὸν
2642 3906 2872 3975 Σωτῆρα
2894 3903 3181 3971 παράγων,
3213 3901 3344 3952 ἴδιον
3368 3900 3425 3951 δὲ
3455 3895 3593 3951 εἶναι
3626 3898 3718 3949 τοῦ
3756 3896 3883 3949 Υἰοῦ
3911 3898 4011 3948 καὶ

2442 4021 2461 4051 ι
2521 4003 2623 4054 οὐκ
2647 3999 2955 4069 ἀλλότριον,
2982 3997 3057 4058 ὡς
3076 3993 3383 4063 ὁμοούσιον.
3427 4010 3444 4041 ι

2992 4112 3371 4178 Ἆγτιρῤησις.

2514 4230 2677 4283 Ἴδιον
2704 4227 2799 4281 τοῦ
2832 4225 2967 4278 Υῐοῦ
2994 4225 3174 4292 λέγεις
3200 4221 3259 4275 τὸ
3293 4221 3514 4288 Πνεῦμα
3555 4219 3648 4270 κ;ὶ
3690 4219 3792 4269 οὐκ
3842 4216 4013 4267 am-

2438 4337 2613 4388 τριον,
2647 4316 3038 4386 ὃτιὸμοούσιον
3085 4312 3216 4379 Υἱῷ.
3260 4308 3403 4378 Ἐγὼ
3437 4309 3491 4361 δέ
3526 4326 3666 4377 φημι
3712 4306 4013 4372 ὁςιοούσυον

2442 4411 2558 4480 Υἱῷ
2572 4410 2632 4463 τὸ
2649 4408 2893 4475 Πνεῦμα,
2912 4408 2994 4459 ὃτι
3016 4406 3147 4458 ἴδιον
3169 4402 3322 4465 Υἱοῦ,
3346 4403 3429 4452 ἕνα
3456 4399 3530 4468 μὴ
3548 4396 3892 4467 ἀκολουθήσῃ
3918 4399 4016 4448 καὶ

2371 4526 2415 4581 υ
2443 4504 2533 4555 τὸν
2564 4484 2691 4553 Υἱὺν
2716 4500 2847 4552 ἴδιον
2867 4497 2961 4550 τοῦ
2991 4495 3309 4564 Πνεύματος
3338 4491 3616 4557 λέγεσθαι,
3644 4489 3719 4549 ὡς
3742 4490 3815 4557 "(Et
3842 4488 4018 4539 Π·δεὺ-

2443 4612 2574 4667 ματι
2610 4592 2916 4662 ὁμοούσιον.
2968 4590 3055 4641 Ἐν
3088 4588 3145 4641 δὲ
3195 4587 3272 4655 τῷ
3322 4585 3502 4652 λέγειν
3533 4582 3606 4644 ὡς
3641 4583 3668 4633 ὁ
3702 4583 3858 4647 ἅγιος
3895 4580 4018 4632 Κύςσ

2443 4688 2621 4759 ριλλος
2678 4683 2998 4738 διδάσκαλον
3049 4683 3141 4733 τὸν
3207 4681 3435 4747 Σωτῆρα
3498 4676 3738 4743 παράγει
3793 4671 3891 4723 τοῦ
3950 4674 4016 4723 τὸ

2441 4777 2665 4846 Πνεῦμα
2714 4772 3113 4843 ἐκπορεύεσθαι
3168 4773 3230 4823 ἐκ
3286 4768 3524 4839 Πατρδς,
3566 4765 3763 4817 εἰδέναι
3818 4780 3876 4815 σε
3926 4765 4013 4815 δεῖ

2442 4869 2587 4923 καθά
2614 4869 2709 4920 καὶ
2738 4870 2795 4919 ὲν
2821 4866 3002 4926 ἄλλοις
3030 4864 3348 4933 εἰρήκειμεν
3403 4860 3478 4919 ὡς
3500 4861 3534 4927 ἡ
3570 4854 3822 4924 Κυρ.ακὴ
3856 4857 4019 4922 φωνὴ

2442 4958 2521 5027 τῷ
2556 4958 2694 5025 ἁγίῳ
2722 4953 3212 5025 παραλαμϐάνεται
3253 4952 3332 5012 εἰς
3362 4947 3669 5016 μαρτυρίαν
3712 4946 3806 4997 τοῦ
3869 4939 4021 4994 εἶναι

2443 5051 2507 5101 τὸ
2557 5047 2780 5116 Πνεῦμα
2823 5049 2888 5098 ὲκ
2914 5045 3009 5096 τοῦ
3058 5042 3290 5110 Πατρός.
3332 5041 3544 5107 Ὠσπερ
3573 5034 3668 5090 οὖν
3712 5040 3768 5087 ὲν
3822 5036 4022 5096 ἄλλοις

2445 5141 2595 5210 αὐτῷ
2632 5156 2692 5191 τε
2729 5137 2807 5206 τῷ
2846 5136 2987 5205 ἁγίῳ
3021 5132 3292 5204 Κυρίλλῳ,
3322 5132 3413 5182 καὶ
3442 5130 3658 5189 πολλοῖς
3685 5126 3869 5189 ἄλλοις
3902 5127 4023 5177 τῶν

2449 5230 2718 5298 θεολόγων
2774 5226 3034 5296 Πατέρων
3082 5226 3137 5276 αἱ
3189 5222 3345 5276 ἂλλαι
3395 5221 3673 5289 Κυριακαὶ
3726 5218 3928 5285 φωναὶ,
3988 5219 4021 5286 ἡ

2448 5321 2676 5388 Πνεῦμα
2731 5316 2987 5384 ἀληθείας
3040 5312 3244 5383 δηλαδὴ
3274 5312 3509 5379 λέγουσα
3562 5310 3623 5360 τὸ
3687 5306 3915 5375 Πνεῦμα
3961 5307 4024 5358 τδ

2453 5416 2632 5482 ἄτιον,
2662 5412 2754 5464 καὶ
2798 5412 2831 5477 ἡ
2861 5411 2924 5462 ὲκ
2968 5407 3062 5459 τοῦ
3097 5406 3227 5457 Υἱοῦ
3258 5403 3557 5471 λαμϐάνειν
3582 5399 3819 5468 δηλοῦσα
3862 5400 4021 5453 axi-:3.

2452 5509 2533 5569 εἰς
2570 5506 2879 5575 μαρτυρίαν
2931 5499 3457 5573 παραλαμϐάνονται
3505 5493 3599 5547 τοῦ
3655 5493 3748 5545 καὶ
3810 5494 3877 5542 ἐκ
3926 5506 4024 5542 του

2452 5599 2587 5653 Υἱοῦ
2625 5596 2778 5652 εἶναι
2824 5598 2972 5650 αὐτό.
