4202 6454
734 402 839 465 547

1757 394 1966 457 IOAN.
2000 392 2217 455 VECCI
2254 389 2363 451 CP.
2405 388 2919 451 PATRIARCHIB

3855 386 3971 449 548

732 512 968 583 Spiritus
1032 514 1291 578 exsistat,
1362 510 1508 582 quod
1568 509 1797 582 impium
1873 517 1994 575 est,
2069 519 2124 564 et
2186 507 2304 563 bla-

2430 506 2585 560 :at'ara
2614 506 2877 578 πρόσωπα
2905 505 3002 572 τῆς
3039 500 3291 571 θεότητος
3326 498 3653 569 ζητηθήσετ’
3698 497 3783 560 iv,
3817 497 3878 560 ἐξ
3910 488 3981 549 οὗ

732 604 1050 671 sphemuni.

734 802 986 873 Ejusdem
1025 820 1088 858 ea:
1138 805 1572 875 interpretatione
1617 804 1673 857 in
1704 811 1945 857 sanctum
1972 800 2303 871 Symbolum.

805 988 942 1043 CIII.
984 1009 1003 1041 ι
1037 989 1388 1043 Profunditur
1422 990 1590 1054 enim,
1627 1004 1822 1058 nempe
1859 989 2104 1057 procedit
2141 989 2309 1044 veluti

741 1093 761 1127 ι
795 1091 825 1130 a
856 1076 1004 1132 fonte
1035 1081 1141 1132 Deo
1173 1089 1227 1133 et
1257 1078 1435 1143 Patre,
1473 1080 1845 1148 suppeditatur
1881 1092 2009 1131 vero
2046 1088 2311 1132 creaturas

736 1188 760 1222 ε
796 1183 891 1238 per
925 1168 1141 1223 Filium.
1184 1188 1203 1221 ι

1315 1263 1737 1316 Animadversio.

818 1373 840 1407 ι
878 1353 1217 1423 Compendio
1250 1356 1521 1407 redditum
1554 1362 1637 1409 est
1676 1355 1772 1408 tibi
1812 1353 2109 1422 superioris
2140 1352 2313 1407 adno-

742 1464 762 1496 ι
803 1446 1023 1499 tationis
1062 1446 1437 1498 testimonium
1483 1460 1579 1514 per
1622 1453 1937 1512 praesentem
1980 1446 2311 1514 pericopem.

742 1557 761 1587 ι
799 1537 1159 1591 Considerata
1189 1539 1334 1590 enim
1382 1537 1468 1590 hic
1512 1537 1686 1591 sancti
1732 1546 2039 1591 accuratam
2082 1535 2313 1603 diligen-

743 1649 760 1680 ι
801 1630 931 1683 tiam
964 1645 981 1683 :
1030 1627 1404 1698 profusionem
1439 1628 1582 1683 enim
1621 1644 1746 1682 cum
1793 1628 2053 1689 dixisset,
2084 1639 2315 1693 eamque

745 1738 766 1771 ι
809 1721 1216 1789 proccssionem
1252 1729 1397 1774 esset
1446 1721 1852 1787 interpretatus,
1886 1734 1952 1772 ex
1995 1717 2155 1771 Patre
2196 1718 2315 1770 solo

2409 599 2651 668 ὑπάρχον
2697 598 2852 650 ἔσται
2904 596 2964 650 τὸ
3014 592 3262 664 Πνεῦμα,
3321 593 3460 661 ὅπερ
3508 588 3703 653 ἀσεϐές
3755 605 3815 641 τε
3877 588 3985 640 καὶ

2410 690 2621 761 βλάσφη
2630 708 2752 760 μον.

2415 804 2523 859 Τοῦ
2552 802 2738 858 αὑτοῦ
2762 804 2833 856 ἐκ
2863 800 2975 871 τῆς
3004 802 3093 867 είς
3121 799 3186 922 ﬂ;
3208 798 3381 868 ἄτιον
3430 795 3745 865 Σύμϐολον
3798 791 3987 860 ἑρμη-

3092 887 3159 922 νε
3187 886 3279 922 ac.

3092 886 3279 935 νειας.

2482 986 2602 1041 PI".
2648 1006 2666 1039 ι
2713 987 3001 1055 Προχεῖται
3052 982 3152 1054 μὲν
3211 982 3339 1052 γὰρ,
3389 980 3559 1050 ἤγουν
3590 974 3982 1045 ἐκπορεύεται,

2417 1097 2437 1130 ‹
2498 1076 2749 1145 καθάπερ
2781 1075 2891 1128 ἀπὸ
2938 1074 3123 1145 πηγῆς
3154 1072 3246 1126 τοῦ
3273 1070 3407 1123 Θεοῦ
3435 1082 3528 1122 και
3556 1067 3788 1138 Πατρός,
3818 1082 3990 1136 χορη-

2418 1190 2437 1223 ι
2500 1172 2676 1239 γεῖται
2722 1169 2780 1222 δὲ
2813 1172 2881 1239 τῇ
2915 1167 3089 1221 κτίσει
3125 1165 3211 1219 διὰ
3242 1164 3336 1217 τοῦ
3372 1162 3524 1217 Υίοῦ.

3006 1258 3382 1313 Ἐπισταο-ία.

2490 1372 2510 1406 ι
2566 1353 2853 1422 Συντόμως
2881 1352 3199 1406 ἀποδέδοταί
3235 1369 3316 1405 σοι
3347 1354 3380 1421 ἠ
3427 1352 3526 1420 τῆς
3558 1348 3765 1403 ἀνωθεν
3796 1363 3991 1415 παρα-

2420 1465 2439 1498 ι
2502 1444 2858 1516 σημειώσεως
2889 1446 3168 1516 μαρτυρία
3190 1446 3278 1498 διὰ
3307 1446 3407 1513 τῆς
3445 1445 3726 1513 παρούσης
3755 1456 3991 1507 περικοο

2420 1557 2439 1590 ι
2486 1542 2616 1608 πῆς.
2650 1539 2795 1608 Ὅρα
2826 1542 2936 1607 γὰρ
2968 1538 3200 1591 ἐνταῦθα
3230 1537 3329 1609 τὴν
3358 1536 3454 1589 τοῦ
3486 1538 3646 1603 ἁγίου
3670 1534 3986 1605 ἀκρίῦειανο

2421 1648 2439 1680 ι
2504 1629 2773 1699 πρόχυσιν
2831 1631 2941 1699 γὰρ
2992 1628 3163 1682 είττὼν
3217 1630 3314 1681 καὶ
3373 1629 3706 1697 ἐκπόρευσιν
3776 1626 3991 1692 ταύτην

2420 1741 2441 1775 ι
2501 1721 2871 1792 ἑρμηνεύσας,
2919 1722 2985 1773 ἐκ
3022 1720 3117 1773 τοῦ
3150 1720 3362 1790 Πατρός
3424 1719 3585 1788 μόνου
3630 1719 3834 1785 ταύτην
3877 1716 3992 1767 ἐδί-

744 1828 762 1860 ι
803 1824 921 1863 eam
949 1809 1165 1862 edocuit
1199 1827 1212 1863 :
1247 1809 1737 1878 suppeditationem
1775 1824 1907 1862 vero
1947 1806 2085 1862 Filio
2133 1808 2310 1861 vindi-

2430 1831 2441 1864 l
2502 1812 2629 1876 όαξε
2656 1827 2671 1841 ·
2701 1812 2799 1881 τὴν
2830 1812 2885 1865 δέ
2911 1812 3174 1882 χορηγίαν
3206 1813 3283 1879 τῷ
3323 1810 3439 1881 Υίῷ
3468 1811 3782 1877 ἀπένειμεν.
3820 1808 3990 1859 Ὥστε

744 1918 762 1951 ι
800 1901 962 1954 cavit.
1029 1900 1206 1965 Quare
1266 1900 1519 1969 profundi
1557 1901 1873 1968 simpliciter
1908 1900 1986 1953 sic
2017 1899 2247 1967 positum
2284 1913 2313 1952 a

748 2009 767 2040 ι
804 2001 994 2046 sancto
1028 1993 1079 2044 in
1112 1992 1383 2061 superiori
1414 1991 1689 2059 pericope,
1718 1991 1865 2045 aliud
1897 1991 2176 2059 quidpiam
2222 1990 2309 2043 in-

746 2100 766 2131 c
806 2082 975 2146 dicat,
1003 2092 1057 2137 et
1083 2097 1192 2137 non
1230 2082 1654 2152 processionein.
1699 2099 1717 2132 ι

1388 2196 1680 2265 Refntatio.

814 2285 897 2339 Tu
939 2286 1159 2357 quidem
1217 2287 1296 2340 uti
1351 2293 1405 2339 et
1453 2304 1615 2353 supra
1668 2286 1935 2339 diversam
1980 2284 2316 2354 profusionis

748 2376 1198 2447 signiﬁcationem
1232 2377 1690 2442 comminisceris,
1725 2378 1871 2430 unde
1898 2377 2130 2446 colligis,
2166 2376 2315 2430 aliud

750 2470 1026 2538 quidpiam
1098 2469 1397 2523 dictionem
1464 2480 1673 2534 notare,
1724 2485 1847 2522 cum
1894 2485 1959 2522 ex
2017 2468 2173 2523 Patre
2230 2468 2314 2523 (11⁴

751 2560 893 2611 citur
943 2558 1179 2626 Spiritus
1234 2556 1527 2627 profundi,
1568 2567 1622 2612 et
1676 2558 1820 2611 aliud
1860 2574 1986 2612 cum
2039 2573 2105 2612 ex
2158 2557 2314 2611 Filio.

756 2648 1140 2702 Verumtamen
1201 2648 1692 2702 Alexandrinorum
1724 2663 1789 2702 ac
1833 2648 1980 2703 orbis
2012 2648 2197 2702 lumen
2232 2648 2319 2701 di-

755 2740 1073 2794 vinissimus
1099 2740 1337 2809 Cyrillus
1365 2740 1417 2792 in
1441 2754 1607 2808 supra
1633 2740 1796 2793 allata
1829 2740 2100 2808 pericope,
2136 2758 2156 2790 ι
2191 2756 2318 2808 pro-

753 2830 905 2885 fundi
947 2848 966 2881 ι
1014 2831 1151 2883 dixit
1182 2849 1200 2881 ι
1246 2846 1275 2884 a
1314 2830 1448 2884 Filio
1499 2830 1793 2900 Spiritum,
1833 2832 2055 2897 perinde
2092 2841 2253 2900 atque
2289 2849 2319 2885 a

751 2922 861 2976 Deo
903 2930 958 2975 et
1002 2920 1188 2976 Patre.
1235 2940 1253 2972 ι
1302 2921 1367 2974 Ει
1401 2938 1693 2990 quemnam
1736 2924 1839 2976 hoc
1877 2923 1978 2976 lide
2017 2923 2321 2992 digniorem

751 3024 943 3067 testem
976 3015 1403 3082 conquiremus,
1446 3014 1499 3065 in
1536 3017 1822 3083 utriusque
1860 3015 2114 3067 dictionis
2148 3015 2323 3083 signi-

753 3102 1009 3156 ficatione
1044 3103 1198 3157 nullo
1229 3105 1440 3173 uspiam
1474 3105 1636 3158 modo
1669 3104 1910 3158 variari?
1937 3103 2091 3171 Quod
2121 3107 2165 3159 si
2196 3108 2321 3175 quia

2425 1924 2441 1955 ι
2499 1905 2561 1956 τὸ
2592 1903 2935 1974 προχεῖσθαι,
2964 1903 3134 1972 ψιλῶς
3168 1902 3311 1955 οὕτω
3338 1902 3493 1954 τεθὲν
3528 1902 3679 1970 παρὰ
3704 1898 3796 1952 τοῦ
3822 1900 3986 1966 ἁγίου

2426 2014 2442 2045 ι
2503 1996 2561 2047 ἐν
2590 1997 2656 2065 τῇ
2703 1995 2814 2047 ἀνω
2846 1996 3146 2064 περικοπῇ,
3176 1994 3307 2048 ἀλλο
3344 2011 3398 2046 τι
3423 1992 3619 2062 ἐνοήθη
3657 1991 3835 2056 τοῦτο,
3890 1991 3990 2046 καὶ

2427 2104 2445 2136 ι
2491 2085 2613 2155 ούχι
2644 2086 2990 2155 ὲκπόρευσις.
3033 2104 3053 2138 ι

3013 2197 3404 2264 Ἆγτίρῤησις.

2491 2287 2562 2339 Σὺ
2594 2287 2713 2356 μὲν,
2750 2288 2823 2349 ὡς
2855 2289 2951 2341 καὶ
2977 2290 3252 2357 ἀνωτέρω,
3283 2286 3540 2357 διάφορόν
3564 2303 3686 2339 τινα
3719 2286 3819 2355 τῆς
3852 2301 3997 2353 προ⁸

2422 2381 2634 2449 χεῖσθαι
2684 2379 2879 2443 λέξεως
2928 2381 3027 2448 τὴν
3063 2380 3339 2448 τημασίαν
3382 2379 3681 2441 διδάσκεις,
3737 2378 3993 2444 συνάγων

2422 2472 2673 2525 ἐντεῦθεν
2702 2472 2831 2525 ἄλλο
2868 2472 2965 2541 μέν
2992 2487 3045 2524 τι
3085 2472 3375 2541 σημαίνειν
3421 2471 3519 2542 τὴν
3550 2470 3714 2536 λέξιν,
3749 2471 3882 2522 ὅταν
3925 2471 3994 2521 ἐκ

2425 2563 2639 2633 Πατρός
2667 2564 2892 2632 λέγηται
2920 2563 3244 2632 προχεῖσθαι
3273 2562 3335 2615 τὸ
3371 2562 3614 2631 Πνεῦμα,
3662 2560 3793 2616 ἄλλο
3847 2560 3907 2613 δέ
3939 2577 3993 2610 τι

2432 2657 2748 2725 σημαίνειν,
2788 2658 2918 2708 ὅταν
2955 2656 3019 2708 ἐκ
3077 2654 3173 2707 τοῦ
3224 2654 3354 2708 Υίοῦ
3404 2654 3629 2722 λέγηται
3668 2652 3998 2724 προχεῖσθαι

2426 2747 2727 2799 aere-eas
2751 2746 2860 2798 τῶν
2912 2744 3308 2813 Ἀλεξανδρέων
3358 2746 3452 2797 καὶ
3514 2744 3610 2811 τῆς
3656 2742 3999 2808 οἰκουμένης

2429 2837 2654 2906 φωστὴρ
2705 2836 2971 2905 Κύριλλος
3001 2836 3029 2886 ὁ
3072 2836 3347 2897 Θειότατος
3392 2836 3449 2887 ἐν
3506 2835 3571 2903 τῇ
3608 2831 3995 2903 προρῤηθεῖσῃ

2428 2930 2699 2999 περικοπῇ
2748 2945 2767 2977 ι
2810 2926 3135 2995 προχεῖσθαι
3166 2943 3185 2975 ι
3223 2924 3329 2992 ἔφη
3367 2942 3385 2974 ι
3448 2925 3599 2993 παρά
3638 2924 3731 2974 τοῦ
3768 2922 3903 2974 Υίοῦ
3938 2926 4001 2973 το

2428 3021 2677 3089 Πνεῦμα,
2709 3020 2964 3087 καθάπερ
3003 3018 3201 3085 ἀμέλει
3258 3016 3356 3069 καὶ
3404 3017 3554 3085 παρὰ
3588 3013 3685 3066 τοῦ
3731 3012 3869 3066 Θεοῦ
3903 3014 4002 3065 καὶ

2430 3114 2663 3182 Πατρός.
2688 3129 2707 3163 ι
2735 3110 2982 3163 Καὶτίνα
3000 3109 3183 3161 λοιπὸν
3210 3109 3651 3175 ἀξιοπιστότερον
3683 3107 4003 3175 ζητήσομεν

755 3204 979 3248 sanctus
1037 3194 1366 3260 profundere
1424 3194 1570 3247 Patri
1632 3196 1919 3256 attribuit,
1984 3198 2327 3265 suppeditare

2432 3207 2682 3275 μάρτυρα
2710 3203 2803 3256 τοῦ
2827 3203 3118 3271 ἀδιάφορον
3144 3200 3230 3252 ἐπ’
3264 3202 3469 3267 ἀμφοῖν
3500 3196 3641 3251 εἶναι
3673 3200 3773 3266 τὴν
3816 3215 4001 3265 σημα-

755 3301 882 3338 vero
922 3284 1065 3340 Filio
1109 3288 1160 3339 in
1207 3288 1351 3341 dicta
1398 3289 1689 3357 peric0pe,
1733 3300 2017 3359 propterea
2058 3305 2123 3343 ex
2173 3290 2329 3344 Patre

2435 3297 2556 3348 σίαν
2592 3295 2693 3365 τῆς
2722 3296 2922 3359 λέξεως
2953 3312 2967 3360 ;
2996 3294 3056 3345 Εἰ
3080 3292 3137 3346 δὲ
3165 3296 3247 3344 ὅτι
3270 3296 3297 3342 ὁ
3338 3294 3492 3357 ἆγιος
3523 3292 3585 3343 τὸ
3622 3291 3723 3358 μὲν
3777 3290 4005 3357 προιδεῖ-

754 3378 971 3444 qnidcm
994 3380 1076 3432 vis
1096 3394 1217 3434 csse
1241 3379 1524 3448 Spiritum,
1553 3394 1618 3433 ex
1644 3378 1785 3433 Filio
1815 3395 1942 3433 vero
1964 3396 2328 3449 nequaquam,

750 3468 861 3536 jam
896 3470 1111 3523 tandem
1158 3485 1186 3522 a
1225 3480 1276 3524 te
1317 3471 1731 3525 concedendum
1759 3480 1863 3533 est,
1889 3486 1956 3524 ex
2002 3470 2136 3524 Filio
2178 3473 2329 3525 illum

753 3558 1059 3621 exsistere,
1098 3573 1353 3627 tanquam
1401 3562 1496 3627 qui
1536 3576 1565 3613 a
1606 3560 1743 3613 Filio
1788 3561 2137 3629 profunditur
2170 3561 2330 3615 veluti

756 3666 786 3701 a
823 3648 995 3711 fonte,
1028 3664 1093 3702 ex
1124 3649 1283 3704 Patre
1313 3666 1441 3703 vero
1473 3666 1594 3702 eum
1632 3653 1853 3703 minimc
1886 3655 2176 3716 exsistere,
2212 3662 2331 3705 tan-

756 3756 915 3808 quam
942 3745 1033 3809 qui
1065 3743 1132 3794 ali
1164 3744 1282 3811 ipso
1312 3748 1587 3797 creaturis
1614 3746 2014 3811 suppeditatur.

768 4064 1019 4131 Ejusdem
1071 4078 1133 4116 ex
1176 4060 1394 4127 epistola
1443 4062 1509 4111 ml
1552 4059 1813 4113 Joannem
1862 4063 2333 4117 Antiochenumde

1462 4147 1609 4197 pace.

833 4244 960 4299 CIV.
1014 4265 1031 4295 ι
1064 4244 1225 4296 Nullo
1264 4250 1443 4295 autem
1482 4240 1643 4295 modo
1675 4241 1932 4309 patimur,
1966 4251 2023 4293 ut
2056 4241 2124 4294 ab
2152 4240 2335 4308 aliquo

770 4361 785 4390 ‹
832 4339 963 4392 lides
992 4338 1105 4397 illa,
1138 4336 1252 4391 sive
1280 4334 1401 4387 lidei
1438 4332 1753 4401 Symbolum
1789 4335 2157 4396 concutiatur,
2192 4334 2335 4399 quod

772 4449 788 4474 ι
831 4446 858 4479 ιι
902 4428 1105 4479 sanctis
1151 4424 1425 4491 quondam
1473 4420 1728 4475 Patribus
1775 4420 1979 4473 editum
2017 4429 2120 4473 est.
2152 4418 2336 4487 Neque

2430 3406 2521 3441 ται
2547 3387 2749 3439 δέδωκε
2781 3387 2860 3455 τῷ
2897 3385 3096 3455 Πατρὶ,
3143 3382 3205 3435 τὸ
3226 3382 3281 3435 δὲ
3321 3384 3643 3451 χορηγεῖται
3673 3380 3750 3446 τῷ
3793 3380 3907 3448 Υἱῷ
3944 3383 4004 3429 ἐν

2432 3482 2500 3550 τῇ
2538 3480 2639 3549 ἤδη
2671 3478 2899 3547 ῥηθείσῃ
2947 3478 3253 3546 περικοπῇ,
3296 3475 3386 3526 διὰ
3439 3474 3595 3525 τοῦτο
3642 3475 3705 3524 ἐκ
3750 3472 3848 3539 μὲν
3902 3470 4001 3522 τοῦ

2432 3572 2646 3639 Πατρός
2678 3571 2851 3632 θέλεις
2891 3565 3033 3621 εἶναι
3068 3569 3129 3620 τὸ
3156 3566 3398 3637 Πνεῦμα,
3429 3569 3491 3618 ἐκ
3520 3565 3575 3617 δὲ
3622 3565 3732 3627 τοῦ,
3762 3564 3892 3615 Υίοῦ
3927 3570 4003 3631 μὴ

2432 3656 2570 3712 εἶναι
2610 3662 2766 3724 αὐτὸ,
2804 3660 2923 3728 ὥρα
2966 3677 3050 3712 σοι
3098 3659 3191 3711 καὶ
3248 3661 3312 3710 ἐκ
3364 3659 3463 3726 μὲν
3511 3657 3605 3708 τοῦ
3645 3654 3777 3706 Υίοῦ
3818 3654 4004 3721 λέγευ

2433 3750 2701 3819 ὑπάρχειν
2731 3750 2883 3809 αὐτὸ,
2905 3750 2979 3809 ὡς
3007 3747 3375 3817 προχεόμενον
3400 3745 3535 3814 παρ’
3554 3744 3725 3797 αὑτοῦ
3748 3744 4005 3812 καθαπερ

2432 3841 2542 3893 ἀπὸ
2574 3842 2781 3910 πηγῆς,
2811 3844 2873 3892 ὲκ
2900 3841 2953 3891 δὲ
2980 3839 3072 3891 τοῦ
3109 3838 3322 3907 [ἰατρὸς
3374 3836 3448 3907 μὴ
3489 3838 3670 3901 λέγειν
3729 3837 4005 3902 ὑπάρχειν

2433 3931 2585 3997 αὐτὸ,
2618 3933 2693 3991 ὡς
2732 3934 2799 4001 τῇ
2831 3932 3004 3982 κτίσει
3033 3929 3436 3999 χορηγούμενον
3464 3926 3593 3996 παρ’
3630 3925 3821 3978 αὐτοῦ.

2439 4040 2550 4095 Τοῦ
2570 4042 2759 4096 αὐτοῦ
2783 4042 2851 4094 ἐκ
2874 4039 2982 4106 τῆς
3006 4044 3155 4106 πρὸς
3185 4040 3464 4104 Ἰωάννην
3487 4039 3843 4105 Ἀντιοχείας
3864 4036 4005 4103 περὶ

2902 4114 3139 4178 εἰρήνης
3176 4110 3525 4177 ἐπιστολῆς.

2504 4224 2619 4280 ΡΔ’.
2657 4245 2675 4277 ι
2714 4226 2850 4279 Κατ’
2875 4227 3061 4277 ούδένα
3083 4225 3283 4292 τρόπον
3311 4222 3640 4277 σαλεύεσθαι
3676 4222 3828 4291 παρά
3857 4238 4006 4282 τινος

2443 4338 2461 4370 ι
2515 4318 2824 4388 ἀνεχόμεθα
2878 4318 2976 4386 τὴν
3037 4316 3347 4383 ὁρισθεῖσαν
3397 4313 3642 4382 πίστινῆ
3683 4313 3742 4363 τὸ
3767 4312 3867 4379 τῆς
3914 4312 4007 4361 πί-

2444 4431 2461 4462 ι
2522 4426 2690 4472 στεως
2729 4407 3007 4478 Σύμϐολον
3040 4409 3187 4477 παρά
3217 4407 3325 4459 τῶν
3349 4407 3518 4473 ἁγίων
3552 4405 3808 4471 Ιιατέρων
3832 4417 3848 4431 °
3880 4400 4009 4453 οὔτε

776 4540 791 4567 ι
829 4521 971 4570 enim
1014 4527 1107 4568 aut
1137 4515 1294 4567 nobis
1325 4521 1420 4566 aut
1452 4511 1545 4564 ulli
1583 4512 1809 4564 omnino
1838 4512 2017 4575 alteri,
2056 4510 2138 4564 vel
2172 4525 2330 4562 unam

2448 4520 2466 4552 ι
2519 4501 2625 4571 μὴν
2658 4500 3025 4568 ἐπιτρέπομεν
3046 4498 3260 4560 ἑαυτοῖς
3292 4499 3322 4567 ἢ
3368 4498 3574 4565 ἑτέροις
3601 4495 3633 4563 ἢ
3675 4494 3819 4556 λέξιν
3844 4494 4010 4559 ἀμεῖ-

776 4638 791 4662 ι
841 4611 1081 4662 vuculani
1118 4607 1187 4660 ibi
1225 4606 1460 4674 positam
1502 4607 1815 4665 immutare,
1850 4608 1944 4654 aut
1979 4616 2142 4654 unam
2169 4602 2335 4655 etiam

775 4726 793 4756 ι
837 4704 1096 4772 syllabam
1145 4701 1423 4769 praeterire
1465 4698 1865 4766 permittimus;
1912 4709 2181 4748 memores
2218 4694 2338 4761 ejus

777 4818 793 4846 ι
833 4797 925 4863 qui
957 4794 1093 4847 dixit
1122 4811 1135 4844 :
1168 4790 1243 4845 Ne
1277 4787 1577 4844 transferas
1610 4787 1876 4841 terminos
1895 4785 2169 4851 antiquos,
2200 4797 2339 4851 quos

778 4908 794 4936 σ
835 4896 1134 4957 posuerunt
1170 4885 1358 4937 Patres
1391 4883 1489 4936 tui.
1515 4880 1634 4933 Non
1674 4881 1819 4932 enim
1850 4878 1951 4946 ipsi
1986 4877 2148 4930 locuti
2188 4884 2338 4943 sunt,

778 4998 796 5025 ι
840 4980 931 5032 Sed
968 4993 1079 5044 ipse
1116 4976 1349 5043 Spiritus
1389 4974 1478 5027 Dei
1516 4987 1580 5025 ac
1604 4971 1799 5033 Putris,
1830 4970 1922 5037 qui
1956 4967 2193 5035 procedit
2222 4967 2342 5033 qui-

783 5096 799 5119 ι
837 5072 958 5124 dem
986 5086 1049 5123 ex
1076 5070 1231 5138 ipso;
1263 5084 1359 5121 nec
1386 5068 1455 5119 ob
1478 5066 1527 5118 id
1552 5074 1732 5117 tamen
1763 5062 2063 5115 secundum
2091 5068 2342 5113 essentne

782 5185 797 5213 ι
839 5163 1124 5223 rationem,
1163 5161 1372 5212 ulicnus
1401 5167 1481 5210 cst
1516 5172 1543 5209 a
1580 5156 1738 5209 Filio.
1771 5172 1790 5204 ι

1350 5271 1769 5325 Animadversio.

852 5386 869 5417 ι
912 5366 1141 5419 Videsne
1171 5366 1471 5419 doctrinam
1504 5362 1893 5419 clarissimam,
1933 5355 2197 5425 Spiritum
2226 5357 2343 5421 qui-

784 5484 801 5511 ς
842 5463 962 5513 dem
993 5476 1057 5511 ex
1098 5459 1252 5511 I’atre
1282 5460 1614 5525 procedere;
1659 5453 1957 5507 secundum
1996 5463 2124 5501 vero
2158 5462 2343 5500 essen-

784 5577 799 5606 ι
845 5557 931 5609 tiae
978 5554 1239 5607 rationem
1290 5551 1573 5620 proprium
1618 5562 1739 5601 esse
1784 5544 1940 5598 Filii?
1976 5544 2109 5595 Cum
2161 5543 2345 5606 itaque

784 5668 799 5697 ι
843 5650 977 5700 locis
1020 5648 1071 5698 in
1121 5646 1241 5698 aliis
1286 5644 1559 5697 inveneris
1602 5641 1901 5706 scriptum,
1945 5634 2088 5702 quod
2128 5649 2234 5685 non
2272 5632 2341 5683 ita

784 5759 801 5790 ι
843 5740 997 5793 facile
1050 5750 1304 5808 perceptu
1347 5746 1464 5799 est,
1505 5734 1571 5787 ad
1602 5732 1907 5786 clarissima
1942 5731 2052 5780 Isaac
2088 5727 2176 5777 illa
2213 5741 2335 5777 con-

785 5850 802 5882 ι
842 5835 999 5887 lCl‘lo.
1038 5852 1055 5882 ι

2447 4613 2465 4644 ι
2521 4594 2620 4663 ψαι
2652 4593 2762 4645 τῶν
2804 4591 3141 4658 ἐγκειμένων
3173 4590 3435 4658 ἐκεῖσε,ἣ
3483 4590 3612 4655 μίαν
3640 4585 3769 4653 γοῦν
3824 4602 4012 4651 παρα-

2445 4702 2463 4733 ι
2530 4682 3007 4750 ϐῆναισυλλαῦὴν,
3056 4680 3425 4748 μεμνημένοις
3473 4676 3567 4730 τοῦ
3612 4677 3885 4742 λέγοντος,
3918 4675 4013 4743 Μὴ

2445 4793 2464 4826 ι
2532 4778 2816 4844 μεταίρειν
2843 4776 2967 4843 ὅρια
3000 4773 3215 4835 αίώνια,
3246 4770 3281 4822 ἃ
3305 4771 3490 4821 ἔθεντο
3538 4769 3585 4819 οί
3619 4768 3856 4835 πατέρες
3887 4781 4007 4816 σου.

2448 4879 2467 4911 ι
2503 4862 2578 4915 Ού
2596 4860 2705 4930 γὰρ
2728 4857 2864 4928 ἦσαν
2883 4860 3037 4911 αὐτοὶ
3055 4860 3103 4910 οί
3122 4857 3428 4919 λαλοῦντες,
3455 4855 3586 4908 ἀλλά
3604 4862 3661 4907 τὸ
3678 4854 3903 4921 Πνεῦμα
3917 4850 4013 4903 τον)

2448 4973 2467 5005 ι
2524 4951 2661 5005 Θεοῦ
2695 4953 2790 5003 καὶ
2827 4950 3065 5019 Πατρδς,
3100 4950 3129 5001 ὃ
3173 4948 3533 5019 ἐκπορεύεται
3579 4950 3675 5016 μὲν
3701 4946 3760 5009 ἐξ
3794 4944 3962 4997 αὐτοὶ
3996 4960 4012 4976 ·

2449 5066 2466 5097 ι
2525 5045 2641 5097 ἐστι
2665 5036 2721 5096 δὲ
2741 5043 2841 5094 οὐκ
2869 5043 3148 5113 αλλότριον
3171 5041 3383 5094 καὶτοῦ
3426 5042 3577 5104 Υἱοὺ,
3618 5040 3759 5092 κατὰ
3788 5038 3881 5090 τὸν
3912 5037 4017 5103 τῆς

2447 5157 2467 5190 ι
2522 5140 2708 5203 οὐσίας
2748 5140 2925 5206 λόγον.
2962 5153 2982 5186 ι

3052 5253 3425 5304 Ἐπιστασία.

2519 5366 2536 5397 ι
2595 5345 2758 5416 Ὁρᾷς
2813 5344 3150 5411 σαφεστάτην
3199 5342 3542 5394 διδασκαλίαν
3567 5336 3813 5407 περὶτοῦ
3848 5339 4019 5388 ἐκπο-

2450 5458 2468 5491 ι
2523 5440 2774 5510 ρεύεσΟαι
2830 5438 2929 5507 μὲν
2980 5434 3074 5487 τοῦ
3133 5435 3341 5501 Πατρός
3394 5435 3453 5483 τὸ
3513 5431 3758 5498 Πνεῦμα,
3790 5428 3924 5479 [διον
3961 5429 4020 5479 δὲ,

2454 5550 2471 5583 ι
2517 5529 2657 5583 εἶναι
2692 5529 2832 5582 κατά
2883 5528 2973 5579 τὸν
3020 5528 3117 5594 τῆς
3160 5526 3343 5587 οὐσίας
3392 5525 3549 5589 λόγον
3584 5526 3671 5575 καὶ
3724 5521 3819 5571 τοῦ
3857 5520 4023 5584 Υἱοῦ;

2452 5639 2470 5672 ι
2532 5620 2696 5672 Ἔνθα
2714 5621 2892 5671 τοίνυν
2921 5617 3172 5685 εὑρήσεις
3202 5613 3431 5681 ἀλλαχοῦ
3457 5613 3776 5679 δυσλήττιως
3810 5627 3858 5661 τι
3889 5627 4027 5678 γρα-

2456 5734 2471 5766 ι
2521 5717 2638 5782 ςὲν,
2668 5715 2801 5780 πρὸς
2836 5713 2900 5764 τὰ
2940 5709 3086 5777 σαφῆ
3112 5708 3279 5760 ταῦτα
3304 5707 3525 5759 κακεῖνο
3551 5704 3876 5765 συμίίδλζε.
3921 5721 3937 5751 ι
