4202 6454
108 438 268 503 549,

712 536 1098 604 ἏντΙρῤησις.

181 636 298 683 ωικ
325 629 608 700 ἀλλότριον
633 627 730 680 τοῦ
763 627 893 680 Υῑοῦ
938 627 1087 692 λέγει
1111 625 1173 678 τὸ
1206 625 1432 692 Πνεῦμα
1450 623 1500 691 ιδ
1535 623 1689 688 ἃγιος

111 727 252 775 κατὰ
276 722 374 774 τὸν
404 721 504 788 τῆς
530 719 718 781 οὐσίας
765 718 949 784 λόγον,
979 718 1040 768 ού
1072 716 1232 768 τοῦτο
1263 715 1462 782 δηλῶν,
1490 713 1627 782 ὅπερ
1657 713 1690 780 ἡ

113 817 182 879 σὴ
215 814 474 883 ἐμφαίνει
501 811 811 872 επιστασία,
838 809 968 861 ἴδιον
999 807 1202 878 δηλαδὴ
1243 806 1337 858 τοῦ
1374 802 1504 857 Υίοῦ
1550 799 1692 854 εἶναι

111 905 266 965 αὐτὸ,
285 903 477 972 iuuat,
523 900 808 972 ὀμοούσιόν
858 900 974 951 εστι
996 899 1074 969 τῷ
1111 897 1237 966 Υίῷ.
1261 891 1338 948 Ἦ
1363 897 1470 965 γὰρ
1497 895 1586 959 ἂν,
1615 894 1693 957 ὡς

112 997 206 1045 καὶ
226 995 491 1055 πολλάκις
513 994 642 1060 ἡμῖν
669 990 888 1060 ἐρρέθη,
912 991 1044 1053 ίδιος
1073 991 1166 1041 καὶ
1191 989 1220 1040 ὁ
1253 988 1374 1049 Tib;
1399 987 1495 1040 τοῦ
1523 985 1694 1039 Πνεύ·

117 1100 291 1155 ματος
319 1081 511 1153 ἦν,ὃτι
560 1083 845 1151 ὀμοούσιός
899 1083 1014 1132 εστι
1065 1079 1144 1147 τῷ
1180 1081 1476 1145 Πνεύματι.
1535 1076 1699 1128 Ἀλλὰ

113 1175 520 1245 ἐκπορεύεσθαι
553 1173 650 1240 μὲν
701 1173 765 1238 ἐκ
809 1171 902 1223 τοῦ
938 1171 1145 1239 Πατρὸς
1172 1169 1317 1236 λέγει
1349 1168 1414 1220 τὸ
1450 1165 1695 1234 Πνεῦμα,

113 1270 180 1320 ἐκ
217 1268 321 1336 τῆς
383 1267 477 1318 τοῦ
537 1265 751 1334 Πατρδς
794 1262 982 1323 ούσίας
1037 1262 1168 1314 αὐτὸ
1218 1257 1356 1312 εἶναι
1385 1257 1702 1328 δη).ὦν,ούκ

123 1359 415 1428 ἀλλότριον
448 1359 504 1410 δὲ
559 1357 802 1408 διδάσκει
835 1355 931 1406 καὶ
985 1352 1283 1420 τοῦσιΥίοῦ,
1341 1351 1431 1403 διὰ
1483 1350 1545 1401 τὸ
1604 1349 1702 1403 καὶ

114 1452 178 1500 ὲκ
200 1451 300 1517 τῆς
337 1449 525 1510 οὐσίας
587 1445 751 1500 αὑτοῦ
806 1440 948 1497 εἶναι
982 1446 1135 1498 αὑτό.
1165 1444 1336 1496 Τοῦτο
1395 1442 1502 1510 γὰρ
1528 1441 1698 1510 δηλοῖ,

123 1541 326 1605 λέγων,
355 1542 509 1592 Ἐστι
541 1540 596 1591 δὲ
631 1539 732 1590 οὑκ
758 1535 1037 1603 ἀλλότριον
1063 1537 1154 1589 καὶ
1183 1535 1275 1587 τοῦ
1302 1534 1430 1586 Υίοῦ
1456 1536 1592 1586 κατὰ
1613 1535 1702 1586 τὸν

117 1633 214 1700 τῆς
248 1631 439 1687 οὐσίας
472 1631 649 1696 λόγον.

125 1743 233 1794 Τοῦ
265 1741 456 1793 αὑτοῦ
484 1743 550 1793 ἐκ
597 1741 707 1794 τῶν
766 1741 953 1817 κατὰ-
986 1739 1320 1792 Ἰουλιανοῦ
1393 1737 1696 1806 Ἀντιρῤη-

822 1826 1024 1863 τικων.

1069 424 1146 482 IN
1189 421 1570 483 CAMATERI
1620 415 2371 478 ANIMADVERSIONES.
3245 421 3350 485 550

2443 527 2732 597 Refutetio.

1865 617 2002 672 Cum
2034 633 2142 672 non
2167 619 2404 673 alienum
2433 634 2462 671 a
2492 619 2627 673 Filio
2671 630 2895 675 sanctus
2925 619 3180 688 Spiritum
3209 622 3364 683 dicit.

1797 709 2098 763 secundum
2135 711 2384 764 essentia
2407 709 2694 769 rationem,
2733 727 2838 763 mm
2872 709 2924 762 id
2962 709 3186 773 indicat,
3214 713 3363 779 quod

1797 808 1887 852 tua
1919 797 2336 853 Animadversio
2364 800 2630 862 insinuat,
2663 801 2939 868 proprium
2971 801 3181 855 scilicet
3208 802 3358 855 illum

1798 891 1917 944 Filii
1942 908 2084 954 esse,
2138 892 2577 960 quandoquidem
2601 893 3081 946 Consubslantialis
3103 901 3184 946 est
3210 892 3366 946 Filio.

1799 983 1889 1037 Sic
1930 987 2106 1043 enim.
2152 994 2212 1038 ut
2257 986 2456 1052 saepius
2506 985 2832 1038 incuicatum
2867 995 2971 1050 est,
3021 986 3275 1054 proprius
3318 995 3373 1038 et

1799 1075 1970 1129 Filius
2003 1078 2240 1147 Spiritus
2265 1085 2433 1138 esset,
2466 1077 2591 1144 quia
2621 1075 2849 1146 Spiritui
2884 1077 3374 1132 consubstantialis

1798 1175 1902 1222 est.
1946 1169 2048 1221 Sed
2082 1168 2374 1237 procedere
2407 1167 2626 1235 quidem
2669 1169 2745 1219 ait
2780 1184 2844 1220 ex
2879 1165 3042 1221 Patre
3081 1165 3368 1236 Spiritum,

1799 1277 1862 1312 ex
1897 1257 2074 1312 Patris
2106 1262 2342 1313 essentia
2381 1259 2531 1312 illum
2565 1273 2688 1312 esse
2722 1259 3063 1326 significans,
3100 1273 3207 1312 non
3239 1259 3369 1311 alie-

1800 1368 1930 1405 num
1968 1365 2095 1404 vero
2127 1361 2179 1404 et
2214 1365 2243 1403 a
2285 1349 2421 1404 Filio
2458 1352 2651 1413 docet,
2685 1352 2829 1418 quod
2861 1367 2924 1404 ex
2956 1354 3192 1405 essentia
3230 1349 3376 1402 illius

1800 1453 1900 1498 est.
1933 1443 2047 1496 Hoc
2077 1444 2220 1496 enim
2251 1443 2427 1496 innuit
2453 1458 2575 1498 cum
2594 1444 2724 1496 dicit
2753 1460 2767 1495 :
2801 1441 2915 1495 Non
2954 1451 3038 1496 est
3067 1444 3210 1497 enim
3237 1443 3374 1495 alic-

1805 1551 1908 1589 nus
1937 1550 1967 1588 a
1994 1533 2131 1588 Filio
2163 1534 2465 1589 secundum
2496 1540 2748 1588 essentia:
2779 1535 3068 1588 rationem.

1916 1739 2166 1809 Ejusdem
2193 1755 2257 1794 ea:
2279 1738 2649 1793 Antirrheticis
2681 1737 2931 1791 adversus
2963 1737 3266 1790 lulianum.

195 1923 315 1976 PE’.
353 1945 371 1975 ‹
425 1926 510 1987 Ὠς
549 1924 799 1993 ἁρῤήτως
853 1923 953 1991 μὲν
996 1923 1055 1973 τὸ
1087 1920 1311 1989 Πνεῦμα
1361 1921 1424 1973 ἐκ
1464 1919 1556 1974 τοῦ
1591 1923 1700 1970 Πα-

1873 1923 1983 1979 CV.
2064 1941 2082 1974 ι
2143 1921 2493 1977 lneﬂ'abiliter
2542 1921 2762 1990 quidem
2813 1919 3051 1986 Spiritus
3105 1933 3169 1971 ex
3222 1916 3380 1972 Patre

126 2035 142 2064 ε
192 2016 318 2084 τρὸς
348 2015 730 2084 ἐκπορεύεται,
757 2013 844 2066 διὰ
889 2013 982 2066 τοῦ
1014 2012 1141 2064 Υίοῦ
1176 2012 1232 2064 δὲ
1260 2014 1577 2083 χορηγείται
1633 2013 1701 2080 τῇ

132 2127 148 2153 1
202 2123 399 2160 κτισει.
459 2126 478 2158 ι

718 2196 1095 2252 Ἐπιστιισία.

199 2332 217 2363 ι
262 2313 375 2365 Καὶ
395 2310 534 2378 αὕτη
560 2311 679 2372 ταῖς
702 2308 1104 2378 προλασούσαις
1142 2308 1327 2376 ὁμοία,
1367 2309 1432 2360 ἐκ
1462 2306 1557 2359 τοῦ
1594 2308 1706 2360 lla-

129 2423 149 2455 ε
195 2404 325 2471 πρὸς
357 2401 458 2470 μὲν
488 2401 813 2479 διδάσκουσα
833 2400 932 2468 τὴν
963 2399 1421 2472 ικπόρευσιν,διὰ
1446 2398 1539 2451 τοῦ
1572 2395 1704 2451 Υιοῦ

129 2512 149 2545 ι
195 2495 253 2549 εξ
280 2493 385 2564 τὴν
418 2491 682 2562 χορηγίαν
706 2489 808 2544 ςτοῦ
840 2490 1178 2562 Πνεύματος.
1213 2510 1233 2544 ι

716 2718 732 2731 .
743 2677 1130 2747 Αντίρῤησις.

209 2791 454 2862 ’Δληθῶς
490 2791 588 2860 μὲν
634 2791 732 2842 καὶ
779 2789 923 2862 αῦτη
954 2794 986 2861 ἡ
1017 2792 1294 2860 περικοπὴ
1345 2791 1587 2844 διδάσκει
1613 2804 1712 2861 την

1809 2029 1826 2061 ι
1869 2011 2152 2079 procedit,
2210 2025 2306 2079 per
2372 2010 2569 2064 Filium
2620 2024 2745 2064 vero
2803 2009 3071 2063 creaturis
3119 2007 3380 2076 suppedi-

1812 2120 1830 2151 ι
1872 2111 2034 2156 tatur.
2076 2120 2094 2151 ι

2381 2191 2810 2245 Αηὶηιαάυεηὶο.

1883 2325 1901 2359 ι
1950 2307 2013 2362 Et
2039 2307 2152 2362 hzec
2197 2306 2420 2377 quidem
2470 2321 2634 2375 supra
2687 2307 2864 2362 allatis
2916 2310 3185 2379 pericopis
3233 2312 3376 2366 haud

1813 2423 1830 2451 ι
1875 2400 2156 2453 dissimilis
2175 2407 2281 2463 est,
2305 2414 2428 2468 quae
2452 2415 2517 2453 ex
2542 2398 2702 2453 Patre
2727 2402 2945 2469 quidem
2974 2404 3374 2469 processionem

1815 2511 1832 2542 ι
1872 2491 2150 2550 insinuat.
2203 2505 2300 2559 per
2345 2490 2544 2545 Filium
2597 2507 2728 2546 vero
2777 2491 3015 2561 Spiritus
3061 2498 3379 2564 suppedita-

1816 2601 1832 2631 t
1874 2581 2097 2635 tionem.
2144 2599 2162 2630 ι

2453 2673 2745 2746 Refutatio.

1884 2783 2023 2840 Vere
2050 2786 2267 2854 quidem
2299 2787 2412 2840 haec
2439 2802 2658 2856 quoque
2685 2789 2938 2856 pericope
2969 2805 3031 2842 ex
3066 2788 3224 2845 Patre
3256 2806 3385 2860 pro-

129 2882 460 2950 ἐκπύρωσιν
479 2883 543 2933 ὲκ
573 2881 807 2949 Πατρδς,
829 2881 918 2952 διὰ
941 2882 1034 2934 τοῦ
1077 2882 1207 2934 Υίοῦ
1236 2882 1290 2934 δὲ
1322 2882 1420 2951 τὴν
1452 2884 1705 2951 χορηγίαν

1813 2879 2112 2932 cessionem
2141 2919 2156 2941 ,
2201 2894 2296 2946 per
2326 2877 2522 2932 Filium
2559 2895 2685 2932 vero
2721 2879 2956 2948 Spiritus
2991 2884 3385 2950 suppeditatio-

129 2971 221 3025 τοῦ
252 2972 592 3040 Πνεύματος.
633 2971 775 3026 Ἀλλ’
813 2973 1064 3028 ἐντεῦθεν
1107 2975 1360 3042 ἐμφαίνει
1411 2975 1472 3026 τὸ
1517 2976 1592 3044 μὴ
1651 2977 1705 3026 ὲκ

1815 2985 1938 3022 nem
1975 2969 2236 3022 insinuat.
2274 2970 2379 3022 Sed
2422 2972 2548 3024 hinc
2574 2973 2814 3026 ostendit
2844 2989 2952 3026 non
2977 2989 3042 3028 ex
3078 2976 3194 3029 solo
3224 2973 3384 3028 Patre

134 3063 295 3130 μόνον
332 3063 424 3114 τοῦ
465 3062 846 3132 Πατρὸξιεῖναι
881 3067 1031 3117 αὑτό.
1067 3066 1186 3117 Ἷνα
1207 3065 1313 3133 γὰρ
1349 3067 1420 3132 μή
1450 3081 1534 3126 τις
1561 3064 1720 3116 ἀκού-

136 3169 237 3220 εις
253 3155 356 3227 τὴν
375 3157 443 3210 ἐκ
463 3158 560 3227 τῆς
590 3157 952 3225 εύαγγελικῆς
979 3155 1283 3224 μαρτυρίας
1304 3156 1508 3225 φωνὴν,
1536 3175 1553 3206 ι
1591 3155 1718 3208 Ἐκ-

1818 3057 1967 3110 illum
2011 3071 2149 3110 esse.
2186 3057 2260 3110 Ne
2305 3059 2450 3111 enim
2501 3063 2773 3129 quispiam
2821 3065 3048 3117 audiens
3085 3067 3385 3133 evangelici

1819 3147 2115 3201 testimonii
2143 3163 2354 3211 vocem,
2386 3167 2404 3198 ι
2437 3149 2671 3216 Spiritus
2694 3152 2784 3221 qui
2809 3167 2835 3203 a
2860 3151 3017 3207 Patre
3039 3156 3334 3220 procedit‘,
3359 3177 3378 3206 ν

133 3249 430 3316 πορεύεται
484 3249 546 3301 τὸ
581 3247 804 3316 Πνεῦμα
827 3249 892 3300 ὲκ
910 3247 1004 3300 τοῦ
1063 3247 1293 3315 Πατρὸς,
1328 3265 1347 3298 ι
1381 3248 1623 3316 οίήσαιτο
1653 3249 1705 3298 ἐκ

1819 3241 2189 3308 susp‘caretur
2229 3256 2294 3294 ex
2343 3241 2461 3296 solo
2511 3243 2667 3296 Patre
2714 3241 2978 3309 Spiritum
3025 3261 3180 3306 esse.
3229 3248 3386 3316 cujus

137 3341 299 3405 μόνου
335 3338 497 3391 αὑτοῦ
529 3336 667 3393 εἶναι
693 3339 754 3391 τὸ
784 3337 1026 3407 Πνεῦμα.
1074 3334 1218 3411 ᾗτινι
1272 3337 1400 3409 δόξῃ
1428 3340 1714 3391 died/oues!

136 3429 226 3479 καὶ
255 3431 321 3480 τὸ
348 3425 492 3480 εἶναι
518 3431 578 3480 τὸ
610 3428 837 3498 Πνεῦμα
889 3429 1224 3498 διῃρημένον
1263 3425 1416 3490 Υίαιῦ,
1453 3430 1602 3493 παρὰ
1649 3428 1712 3498 δὴ

133 3518 288 3570 τοῦτο
311 3523 405 3570 καὶ
441 3520 718 3588 ἀλλότριον
740 3517 891 3584 Υἱοῦ,
924 3522 951 3570 ὁ
984 3521 1081 3587 μὲν
1101 3517 1208 3570 τῶν
1233 3519 1404 3584 ἁγίων
1425 3520 1716 3588 ἐκπορεύε-

135 3627 218 3661 ται
254 3611 517 3661 είκὼν-τδ
547 3610 766 3680 Πνεῦμα
797 3612 860 3663 ὲκ
895 3610 989 3662 τοῦ
1029 3611 1259 3678 [ἰατρὸς⁹
1285 3611 1558 3678 παρευυὺς
1583 3611 1716 3663 ἑπά-

137 3715 245 3764 γει,
279 3717 297 3748 ι
340 3701 571 3751 Ἐστιδὲ
602 3702 702 3752 οὐκ
740 3701 1016 3768 ἀλλότριον
1061 3698 1268 3751 καὶτοῦ
1323 3698 1452 3750 Υίοῦ
1480 3713 1496 3730 ⁸
1537 3717 1556 3750 ι
1597 3702 1626 3751 ὁ
1655 3698 1713 3751 δὲ

137 3790 395 3851 ὡσαύτως
441 3791 521 3852 τὸ,
557 3789 651 3841 Ἐκ
685 3790 778 3841 τοῦ
831 3791 1040 3858 Πατρὸς
1099 3790 1482 3858 ἐκπορεύεται,
1507 3790 1699 3855 εἰπὼν,

139 3878 554 3946 προσεπιφέρει,
588 3894 607 3929 ι
641 3877 796 3928 Ἐστι
817 3877 872 3928 δὲ
907 3877 1037 3928 ἴδιον
1068 3874 1272 3928 καὶτοῦ
1300 3875 1450 3938 Υἱοῦ,
1483 3895 1501 3927 ›
1527 3876 1600 3937 ὡς
1623 3878 1714 3928 καὶ

138 3971 165 4018 ὁ
193 3971 346 4034 am;
376 3962 531 4030 οὗτος
555 3969 789 4020 ἐνταῦθα
826 3969 1139 4036 προσέθηκε
1169 3971 1234 4036 τῇ
1267 3969 1330 4019 ὲκ
1372 3968 1464 4020 τοῦ
1501 3969 1714 4037 Πατρὸς

149 4060 477 4127 ἐκπορεύσει
508 4061 680 4112 καὶτὸ
715 4078 733 4110 ι
762 4061 1095 4128 Χορηγεῖται
1118 4059 1175 4111 δὲ
1205 4062 1270 4129 τῇ
1299 4060 1472 4111 κτίσει
1499 4059 1588 4111 διὰ
1619 4057 1715 4111 τοῦ

145 4150 298 4204 Υίοῦ.
339 4168 359 4201 ι
396 4151 574 4218 "Amp
610 4150 827 4203 ἅπαντα
857 4151 1114 4218 ἐμφαίνει
1140 4151 1200 4201 τὸ
1232 4153 1306 4219 μὴ
1337 4167 1398 4201 εκ
1427 4151 1590 4218 μόνου
1620 4148 1716 4202 τοῦ

145 4241 356 4310 Ιιατρδς
395 4238 535 4292 εἶναι
571 4243 721 4296 αὑτό.
747 4243 806 4293 El
830 4243 933 4311 γὰρ
962 4243 1024 4292 ὲκ
1050 4241 1210 4309 μόνου
1239 4241 1334 4292 τοῦ
1384 4241 1594 4309 Πατρὸς
1647 4236 1718 4311 ἦν

145 4339 229 4381 καθ.
260 4333 336 4400 μὴ
363 4333 428 4381 ὲκ
455 4330 546 4381 τοῦ
585 4330 708 4382 Υίοῦ
743 4332 986 4396 φυσικῶς
1026 4331 1118 4396 καὶ
1148 4329 1444 4393 ούσιωδῶς,
1491 4330 1612 4381 οῦδὲ
1647 4329 1716 4381 δι’

145 4423 269 4474 Υἰοῦ
296 4421 702 4491 χορηγούμενον
730 4425 822 4474 καὶ
843 4420 1304 4488 ἁποστελλόμενον
1320 4416 1410 4488 ἦν,
1433 4423 1479 4471 εἰ
1505 4423 1577 4489 μή
1601 4437 1717 4481 πως

144 4515 532 4580 λειτουργικὼς
588 4530 644 4564 τε
699 4516 791 4566 καὶ.
852 4511 1232 4583 ὑπηρετικῶς,
1313 4511 1449 4580 ὅπερ
1523 4511 1718 4574 ἀσεϐές

147 4623 199 4656 τε
248 4622 342 4657 και
377 4605 720 4672 βλάσφημον.

170 4717 440 4773 ΡΗΣΕΙΣ

417 4823 420 4825 -
779 4785 1091 4839 ΝΥΣΣΗΣ.

582 4899 717 4953 Ἀπὸ
745 4917 770 4951 τ
783 4898 849 4966 ῆς
884 4899 1278 4965 Θεογνωσίας.

220 5011 239 5042 ι
287 4990 421 5057 PG’.
467 4989 693 5058 Πνεῦμα
735 4989 792 5041 δὲ
836 4989 896 5039 τὸ
950 4988 1051 5054 τῆς
1082 4989 1356 5058 πατρικῆς
1420 4987 1722 5060 ἐκπορευό-

157 5100 172 5129 ι
221 5097 381 5148 μενον
418 5081 786 5139 ὑποστάσεως.
824 5078 978 5130 Τοῦδ’
1022 5078 1182 5130 ἕνεκα
1215 5082 1323 5148 γὰρ
1357 5081 1448 5131 καὶ
1492 5080 1716 5148 Πνεῦμα

163 5190 176 5218 ι
223 5172 516 5239 στόματος,
542 5171 652 5220 ἀλλ’
687 5171 808 5237 ούχὶ
839 5176 932 5220 καὶ
966 5171 1136 5236 Λόγον
1187 5171 1451 5238 στόματος
1495 5171 1719 5240 εἰρήκα-

161 5278 177 5308 ‹
222 5278 339 5329 μεν,
373 5263 459 5312 ἱνα
513 5263 610 5328 τὴν
666 5262 1057 5329 ὲκπορευτικην
1120 5262 1358 5330 ίδιότητα
1421 5261 1498 5330 τῷ
1547 5261 1719 5330 [lupi

167 5374 180 5400 ι
228 5355 369 5422 μόνῳ
401 5351 710 5422 προσοῦσαν
741 5353 1102 5422 πιστώςηται.
1133 5373 1150 5399 s

745 5444 1122 5498 Ἑπιστασιίι.

231 5557 247 5586 ι
307 5537 638 5605 Ἐπίστησον
684 5537 946 5602 ἀκριϐῶς,
979 5538 1094 5600 πῶς
1128 5539 1225 5591 καὶ
1248 5542 1276 5592 δ
1307 5541 1524 5610 ὑψίνους
1565 5537 1717 5604 οὗτος

171 5647 184 5677 ι
229 5629 550 5702 Γρηγὸριος,
607 5628 674 5682 τὰ
715 5631 853 5684 αὐτὰ
884 5633 996 5694 τοῖς
1028 5632 1232 5696 λοιποῖς
1267 5634 1508 5703 Πατρὰσι
1569 5634 1715 5687 διδά-

227 5805 247 5836 ⁶
264 5808 422 5860 Joan.
449 5823 560 5869 λιν,
587 5809 675 5860 26.

541 4714 688 4768 ΤΟΥ
743 4718 970 4768 ΑΓΙΟΥ
1057 4717 1473 4771 ΓΡΗΓΟΡΙΟΥ
1583 4718 1724 4770 ΤΟΥ

1812 3332 2083 3396 opinionis
2115 3347 2296 3386 comes
2327 3344 2409 3386 est
2445 3344 2499 3385 et
2537 3333 2624 3386 illa
2649 3373 2663 3397 ,
2703 3333 2969 3402 Spiritum
2998 3351 3115 3389 esse
3152 3337 3383 3390 divtsnni

1814 3438 1842 3475 a
1879 3422 2015 3475 Filio
2037 3466 2049 3483 ,
2083 3436 2133 3477 et
2165 3437 2560 3494 consequenter
2597 3428 2833 3480 alienum
2867 3444 2896 3481 a
2929 3427 3084 3487 Filio.
3117 3444 3179 3481 ex
3213 3428 3387 3482 Patri-

1814 3514 1916 3568 bus
1949 3531 2242 3577 nonnemo,
2267 3533 2386 3571 cum
2412 3518 2660 3581 dixisset,
2687 3535 2748 3570 ex
2780 3519 2936 3572 Patre
2968 3518 3228 3587 Spiritum
3260 3537 3384 3588 pro-

1814 3609 2040 3670 cedere,
2075 3611 2261 3661 statim
2330 3611 2649 3672 subintulit,
2700 3628 2718 3660 ι
2756 3622 2837 3664 est
2867 3627 2992 3663 vero
3033 3628 3139 3664 non
3175 3611 3385 3666 alienus

1814 3711 1843 3748 ε
1883 3695 2060 3750 Filio:
2093 3717 2111 3747 ι
2157 3701 2299 3751 alius
2341 3715 2468 3751 cum
2511 3700 2738 3752 dixisset
2785 3702 3069 3762 similiter.
3115 3717 3181 3754 ex
3229 3701 3386 3753 Putre.

1817 3786 2074 3854 Spiritum
2107 3772 2441 3857 procedere,
2482 3791 2759 3854 adnextiit,
2803 3810 2819 3840 ι
2865 3800 2947 3844 est
2977 3807 3103 3844 vero
3135 3793 3387 3860 proprius

1815 3875 1958 3930 Filii.
2010 3897 2028 3928 ι
2073 3877 2176 3932 Sed
2223 3887 2446 3932 sanctus
2509 3881 2594 3934 hic
2629 3883 2963 3950 processioni
3006 3899 3067 3934 ex
3108 3881 3265 3935 Patre
3295 3899 3389 3937 su-

1817 3971 2138 4039 peraddidit,
2171 3990 2190 4022 ι
2223 3981 2277 4024 et
2301 3974 2681 4040 suppeditatur
2706 3975 2967 4028 creaturis
2995 3991 3088 4043 per
3112 3975 3330 4031 Filium.
3363 3995 3380 4025 ι

1816 4063 1946 4126 Quae
1970 4064 2150 4115 omnia
2178 4064 2336 4131 plane
2359 4067 2654 4117 ostendunt
2679 4082 2798 4118 enm
2827 4083 2929 4119 non
2961 4083 3024 4119 ex
3060 4067 3173 4120 solo
3204 4066 3386 4120 Patre.

1817 4151 2028 4204 Etenim
2073 4154 2115 4206 si
2170 4163 2316 4206 esset
2369 4169 2433 4207 ex
2469 4156 2588 4208 solo
2639 4155 2838 4214 Patre.
2886 4165 2937 4209 et
2989 4173 3094 4208 non
3139 4173 3202 4210 ex
3250 4157 3388 4210 Filio

1819 4244 2139 4298 natm-aliter
2169 4255 2221 4298 et
2251 4247 2634 4309 essentialiter,
2669 4263 2841 4315 neque
2874 4263 2967 4315 per
3002 4247 3198 4300 Filium
3237 4264 3392 4301 crea-

1818 4337 1954 4388 turis
2006 4339 2448 4404 suppeditaretur
2503 4348 2557 4392 et
2611 4341 2959 4401 mitteretur,
3016 4341 3120 4394 nisi
3174 4349 3387 4394 tantum

1821 4427 1980 4479 nodo
2005 4429 2191 4480 servili
2223 4438 2275 4480 et
2311 4429 2650 4482 ministeriali
2675 4469 2689 4493 ,
2729 4435 2874 4498 quod
2912 4431 3134 4489 impium
3163 4447 3227 4485 ac
3259 4431 3390 4485 bia-

1821 4516 2108 4584 sphemum
2140 4517 2326 4570 fuerit.

2108 4715 2317 4769 DICTA
2351 4715 2713 4771 GRECORII
2755 4718 2802 4770 Ν
2817 4718 3106 4775 YSSENI.

1873 4953 1879 4960 ,
2057 4896 2141 4950 Ex.
2171 4899 2326 4959 libro,
2355 4899 2440 4949 cui
2478 4897 2815 4967 Tlieognosia:
2843 4917 3027 4954 nomen
3059 4914 3156 4954 est.

1893 4987 2028 5043 CVI.
2070 5010 2086 5040 ι
2116 4987 2352 5054 Spiritus
2385 5006 2447 5042 ex
2484 5000 2704 5059 paterna
2748 4992 3025 5061 hypostasi
3065 5008 3385 5061 procedens.

1831 5077 2037 5149 tlﬂanc
2084 5081 2246 5133 etiam
2297 5081 2367 5134 ob
2413 5097 2634 5134 causam
2669 5092 2721 5135 et
2774 5083 3037 5152 Spiritum
3088 5085 3234 5144 oris,
3285 5099 3392 5139 non

1833 5188 1852 5221 ι
1888 5179 2064 5224 autem
2102 5170 2336 5224 Verbum
2369 5175 2482 5226 oris
2514 5173 2677 5226 David
2724 5176 3044 5242 appellavit,
3093 5184 3151 5228 ut
3189 5178 3391 5244 produ-

1833 5279 1850 5310 ι
1888 5261 2044 5314 cendi
2078 5262 2383 5316 facultatem
2410 5263 2553 5316 Patri
2582 5265 2682 5318 soli
2714 5267 3083 5320 conﬁrmaret.
3120 5286 3139 5318 ι

2387 5452 2807 5506 Animadversiu.

1903 5563 1922 5595 ε
1960 5547 2180 5599 Auente
2217 5555 2451 5599 mentem
2497 5548 2642 5618 tigito
2680 5546 3078 5614 consideraqne
3121 5549 3393 5615 quomodo

1833 5655 1852 5688 ι
1893 5636 2114 5692 sublimi
2168 5647 2350 5693 mente
2397 5639 2482 5694 hic
2532 5639 2828 5708 Gregorius
2879 5641 3066 5694 eadem
3111 5654 3231 5694 cum
3269 5639 3393 5692 aliis
