4202 6454
824 397 927 459 555

1837 396 2042 457 JOAN.
2083 397 2291 456 VECCI
2337 398 2440 457 ΟΡ.
2490 400 2992 465 ΡΛΤΠΙΑΗΟΠΕ

3942 419 4051 483 558

828 521 848 555 ι
883 519 1044 571 gnum
1076 516 1193 558 esse
1221 502 1570 556 exiStintare?
1598 502 2062 566 Quemadmodum
2095 504 2138 557 si
2177 505 2300 573 quis
2326 505 2377 559 in
2410 515 2450 569 Α

2410 515 2450 569 Α
2489 527 2507 560 ι
2551 512 2699 578 τρισὶ
2756 513 3007 581 λαμπάσι
3067 514 3408 588 διῃρημένην
3449 522 3662 590 βλέπων
3721 523 3820 591 τὴν
3845 526 4046 594 φλόγα,

827 613 847 647 ι
889 597 1057 648 tribus
1099 596 1433 664 lampadibus
1465 595 1796 648 subdivisam
1846 594 2119 648 ﬂammam
2160 599 2377 666 conspi-

823 702 845 735 ι
883 684 1074 749 ci'eus;
1107 699 1324 737 causam
1361 698 1485 736 vero
1536 685 1677 738 tertii
1743 684 1958 737 luminis
2008 699 2375 753 supponamus

825 790 846 824 ι
867 788 998 849 ,βεδε
1027 777 1251 841 primam
1293 773 1586 835 ﬂammam,
1617 788 1682 826 ex
1707 773 2199 827 communicatione
2251 790 2374 828 cum

823 882 843 914 ι
883 865 1059 918 tnetlio
1101 874 1400 916 extt-eu‘utnt
1427 863 1870 927 inﬂammantem,
1913 865 2259 934 postmodum
2292 881 2378 919 as-

825 975 842 1006 ι
887 964 1090 1008 trucrct
1119 956 1171 1007 in
1206 957 1377 1024 prima
1433 955 1646 1007 ﬂamma
1692 954 1968 1008 abundare
2001 955 2279 1020 calorem;
2323 956 2375 1009 in

822 1066 842 1097 r
879 1061 942 1101 ea
971 1062 1121 1110 vero,
1151 1062 1268 1116 qua:
1297 1047 1660 1114 subsequitur.
1703 1045 2004 1107 immutari,
2027 1054 2079 1097 et
2121 1045 2376 1112 paulatim

821 1157 840 1191 ι
882 1140 1127 1193 imminui
1159 1154 1174 1203 ;
1210 1139 1424 1192 tertiam
1460 1153 1557 1191 nec
1584 1138 1758 1206 ignem
1798 1135 2024 1204 amplius
2049 1136 2374 1189 consentiam

821 1248 840 1280 ι
880 1237 1022 1293 esSc,
1081 1229 1205 1282 licet
1253 1243 1406 1296 aequa
1465 1228 1669 1279 ratione
1713 1225 1926 1288 adurat,
1972 1235 2023 1278 et
2070 1221 2375 1293 splendeat,

822 1340 841 1374 ι
877 1322 1171 1390 omniaque
1201 1321 1338 1389 ignis
1373 1329 1644 1387 operetur.
1687 1337 1706 1369 ι

1383 1409 1800 1463 Animadversio.

891 1522 910 1556 ι
951 1502 1208 1566 Audisne,
1238 1516 1459 1556 causam
1503 1500 1876 1554 tantummodo
1911 1499 2140 1569 primam
2169 1499 2378 1568 lampa-

823 1614 842 1647 t
883 1595 1119 1649 dem?ld
1155 1594 1300 1647 enim
1336 1601 1558 1647 sanctus
1589 1591 1974 1656 subindicavit,
2010 1605 2133 1644 cum
2172 1588 2379 1643 addidit

819 1705 838 1739 ι
873 1703 968 1757 per
1000 1687 1260 1740 medium.
1285 1685 1493 1754 Collige
1523 1685 1706 1753 itaque
1745 1685 2062 1752 prudenter,
2084 1682 2229 1751 quod
2256 1681 2378 1734 inde

819 1795 836 1826 ι
867 1776 1127 1831 exoritur.
1170 1793 1189 1825 ι

1445 1864 1731 1934 Refulatt'o.

886 1958 942 2011 Si
998 1958 1308 2027 prudenter,
1358 1957 1502 2025 quod
1548 1972 1613 2009 ex
1661 1957 1773 2023 jam
1829 1953 2071 2022 apposita
2125 1953 2374 2020 pericope

813 2048 1006 2114 oritur,
1059 2048 1312 2116 colligere
1359 2046 1663 2108 voluisses,
1712 2058 1990 2112 nunquam
2045 2042 2374 2094 asseruisses

812 2142 985 2195 solam
1012 2140 1240 2209 primam
1287 2136 1591 2207 lampadem
1635 2150 1855 2190 causam
1909 2133 2268 2193 subLndicari,
2309 2147 2373 2184 cx

813 2246 900 2294 eo,
936 2229 1079 2300 quod
1130 2240 1354 2285 sanctus
1401 2229 1558 2291 dixit,
1611 2243 1704 2296 per
1761 2227 2019 2288 medium,
2075 2226 2167 2279 sed
2198 2222 2375 2276 fassus

813 2318 1034 2382 fuisses,
1081 2317 1346 2388 Spiritum
1391 2331 1454 2372 ex
1485 2317 1640 2370 Patre
1668 2331 1763 2382 per
1800 2313 1992 2368 Filium
2021 2328 2162 2378 eSse,
2188 2329 2376 2381 quem-

816 2407 1113 2463 admodum
1154 2407 1372 2462 tertium
1422 2406 1602 2462 lumen
1657 2420 1751 2475 per
1781 2405 2075 2460 secundum
2106 2419 2171 2457 ex
2205 2403 2373 2470 prima

1308 2586 1560 2657 Ejusdem
1590 2603 1656 2640 ex
1688 2587 1885 2640 eadem.

882 2675 998 2732 CX.
1034 2694 1053 2728 t
1098 2674 1330 2746 Spiritus
1379 2686 1600 2729 sanctus
1628 2675 1807 2729 omnia
1863 2675 1916 2727 in
1969 2673 2220 2727 omnibus
2247 2687 2377 2742 ope-

821 2787 840 2819 ι
883 2777 1054 2832 ratur,
1095 2776 1155 2821 ut
1183 2768 1285 2821 sibi
1329 2767 1617 2835 placuerit,
1650 2779 1834 2826 causa,
1881 2763 2206 2833 principalis.
2253 2775 2375 2814 rec-

821 2877 839 2910 ι
883 2868 990 2923 tus,
1024 2860 1226 2926 justus,
1266 2872 1446 2922 verus,
1479 2853 1747 2926 profunda
1783 2855 1874 2910 Dei
1912 2864 2278 2923 perscrutans,
2308 2867 2374 2908 ex

822 2967 841 2999 ι
880 2948 1037 3003 Patre
1065 2947 1385 3019 procedens,
1419 2961 1484 3001 ex
1519 2945 1656 3000 Filio
1680 2945 1972 3014 accipiens.
2012 2963 2031 2995 ι

1383 3131 1807 3184 Animadversio.

889 3240 909 3274 ι
948 3222 1240 3306 ᾼιιεηιιὶιο,
1277 3237 1339 3276 ex
1368 3238 1600 3291 quonam
1626 3229 1710 3277 est
1731 3219 1962 3290 Spiritus
1990 3217 2281 3288 processio,
2321 3225 2375 3272 et
2409 3201 2453 3261 (ἶ

820 3333 839 3365 ι
879 3329 942 3368 ex
968 3329 1077 3382 quo
1123 3314 1382 3381 acceptio,
1413 3324 1465 3366 ct
1486 3312 1756 3382 quomodo
1783 3324 2010 3378 magnus
2040 3308 2138 3362 iste
2161 3307 2384 3361 minime

821 3424 840 3456 ι
883 3407 1094 3459 diversa
1125 3405 1192 3459 ab
1219 3405 1338 3458 aliis
1382 3405 1584 3459 sanctis
1612 3403 1862 3458 Patribus
1893 3402 2154 3456 insinuat.
2213 3399 2382 3452 Nant-

825 3517 841 3547 ι
882 3511 988 3566 que
1015 3511 1136 3550 cum
1167 3495 1243 3548 illi
1273 3496 1560 3560 dixissent,
1604 3495 1940 3550 Salvatorem
1976 3493 2217 3545 datorem
2253 3488 2383 3556 Spi-

825 3608 842 3638 t
891 3590 1048 3652 ritus,
1108 3589 1450 3641 concorditer
1490 3596 1543 3640 et
1593 3585 1730 3655 ipse,
1761 3600 1826 3640 ex
1870 3585 2062 3638 eodem
2120 3580 2378 3650 Spiritum

824 3702 843 3732 ι
889 3681 1060 3749 accipi
1102 3681 1276 3734 docet.
1311 3679 1523 3733 Dationi
1557 3679 1821 3746 siquidem
1853 3676 2074 3731 omnino
2096 3670 2372 3742 acceptio-

822 3792 842 3827 ι
882 3789 1002 3829 :teut
1037 3774 1328 3828 succedere
1359 3773 1676 3826 didicimus.
1721 3789 1739 3822 ι

1454 3861 1750 3932 Refumtio.

888 3959 1086 4013 Verum
1119 3957 1380 4013 attendito
1413 3968 1495 4021 tu,
1525 3956 1798 4025 quomodo
1830 3969 1892 4008 ex
1919 3952 2078 4008 Patre
2103 3953 2378 4022 pratessio

817 4063 868 4105 et
895 4068 963 4106 cx
1001 4050 1136 4106 Filio
1176 4053 1417 4120 acceptio
1451 4051 1591 4103 idem
1620 4049 1949 4119 signiﬁcant,
1979 4047 2244 4115 Spiritum
2273 4045 2380 4099 sci-

819 4147 945 4199 licet
992 4159 1113 4199 esse
1161 4159 1225 4197 cx
1259 4154 1488 4212 utroque
1527 4151 1586 4196 ut
1623 4155 1852 4209 magnus
1885 4138 2221 4208 Epiphanius
2267 4145 2378 4191 tes-

814 4248 982 4299 tatur,
1015 4251 1138 4289 cum
1177 4235 1327 4288 dicit.
1370 4252 1388 4285 ι
1432 4234 1582 4298 Quod
1612 4233 1656 4286 si
1693 4232 1946 4285 Christus
1975 4246 2041 4284 ex
2071 4229 2231 4282 Patre
2261 4243 2380 4283 cre—

818 4326 986 4387 ditur,
1016 4321 1154 4375 Deus
1183 4337 1246 4376 ex
1276 4320 1402 4373 Deo.
1442 4319 1506 4373 Et
1539 4320 1777 4389 Spit-itus
1804 4335 1870 4372 ex
1903 4319 2144 4382 thristo,
2171 4317 2285 4371 sive
2309 4318 2379 4370 ab

821 4424 1068 4480 utraque,
1102 4421 1158 4464 ut
1191 4411 1441 4464 Christus
1469 4412 1542 4464 ait
1578 4427 1592 4474 ;
1636 4428 1653 4460 t
1687 4409 1838 4476 Quia
1871 4409 2029 4463 Patre
2058 4408 2317 4478 procedit,
2353 4425 2372 4458 ι

819 4515 896 4569 el,
940 4523 957 4555 t
997 4502 1096 4558 llic
1123 4519 1188 4557 cx
1217 4519 1336 4557 meo
1369 4506 1598 4577 accipiet
1629 4502 1672 4558 ⁸.
1716 4520 1736 4553 ι

848 4707 1098 4777 Ejusdem
1127 4723 1191 4761 ex
1218 4708 1388 4775 ptimo
1416 4717 1600 4760 contra
1627 4704 1946 4758 Eunomium
1973 4701 2348 4757 Antirrltett'co.

889 4871 1024 4926 CXI.
1063 4888 1082 4922 ι
1108 4871 1258 4926 Patri
1285 4873 1580 4927 secundum
1621 4869 1766 4941 quod
1820 4869 2090 4924 increatus
2122 4874 2205 4921 est
2246 4878 2379 4919 con-

823 4983 842 5014 ι
870 4963 1136 5033 jungitur.
1168 4979 1465 5033 rursusque
1489 4965 1556 5018 ab
1578 4979 1666 5030 eo,
1698 4964 1839 5032 quod
1871 4965 1948 5018 uti
1970 4962 2058 5016 ille
2087 4960 2248 5015 Pater
2271 4971 2379 5011 non

826 5070 846 5104 ι
884 5065 988 5116 est,
1041 5066 1366 5124 separatur:
1399 5055 1746 5124 coujungilur
1796 5063 1853 5108 et
1894 5051 2030 5107 Filio
2080 5049 2378 5106 secundum

827 5165 845 5198 ι
889 5146 1033 5214 quod
1067 5149 1344 5200 increatus
1383 5157 1489 5212 est,
1519 5158 1572 5201 et
1596 5147 1742 5216 quod
1786 5161 2009 5202 causam
2051 5144 2382 5199 exsistentia:

825 5256 844 5290 ι
881 5252 951 5291 cx
981 5241 1222 5292 omnium
1246 5237 1357 5292 Deo
1389 5238 1586 5294 habeat
1626 5257 1640 5293 :
1678 5239 1976 5309 sejungitur
2018 5250 2212 5292 rursus
2257 5248 2382 5303 pro-

826 5348 845 5380 ι
882 5330 1130 5399 prietate,
1154 5330 1298 5400 quod
1333 5346 1442 5385 non
1490 5340 1743 5401 tanquam
1779 5329 2094 5400 unigenitus
2120 5342 2186 5382 ex
2225 5325 2384 5380 Patre

825 5441 847 5474 ι
885 5425 1147 5489 substitit,
1176 5434 1231 5479 et
1267 5426 1412 5493 quod
1459 5441 1554 5496 per
1597 5426 1772 5496 ipsum
1825 5422 2023 5478 Filium
2083 5419 2381 5491 apparuit:

825 5533 851 5566 .t
901 5529 1094 5569 rursus
1155 5531 1279 5569 cum
1331 5527 1578 5571 creatura
1635 5531 1727 5586 per
1777 5514 1974 5568 Filium
2031 5511 2385 5574 substitisset,

821 5629 846 5661 ι
884 5623 954 5664 ne
983 5623 1105 5664 eum
1134 5624 1196 5665 ea
1224 5611 1657 5666 communionem
1702 5607 1939 5680 Spiritus
1969 5607 2168 5664 habere
2195 5603 2384 5660 existi-

891 5795 1097 5853 ‘Joan.
1135 5812 1222 5864 xv,
1265 5796 1366 5863 26;
1403 5813 1515 5866 xrt,
1541 5797 1626 5853 l-i.

2485 619 2504 652 ι
2543 604 2723 654 αἰτίαν
2747 603 2804 655 δὲ
2829 605 2926 658 τοῦ
2955 607 3144 676 τρίτου
3187 612 3362 676 φωτὸς
3398 613 3732 683 ὐποθώμεθα
3776 611 3916 667 εἶναι
3944 619 4050 684 τὴν

2483 709 2501 742 ι
2542 691 2766 761 πρώτην
2798 695 2994 761 φλόγα,
3042 699 3107 749 ἐκ
3145 699 3436 763 διαδόσεως
3464 702 3553 754 διὰ
3614 704 3707 755 τοῦ
3759 706 3930 774 μέσου
3979 710 4047 759 τὸ

2483 797 2500 830 ι
2541 781 2709 850 ἄκρον
2739 783 3038 852 ὲξὰψασαν,
3062 786 3257 840 ἔπειτα
3295 791 3697 855 κατασκευᾶζει
3722 794 4050 857 πλεονάζειν

2482 885 2501 918 ι
2545 870 2603 922 ὲν
2655 873 2718 940 τῇ
2749 874 2940 946 πρώτῃ
2972 875 3133 942 φλογὶ
3161 877 3257 946 τὴν
3290 878 3618 948 Θερμασίαν,
3645 882 3793 951 τῇδὲ
3839 885 4048 954 ἑφεξῆς

2483 977 2502 1010 ι
2550 961 2971 1034 ὐποδεϐηκέναι,
2990 969 3109 1036 ⁸καὶ
3139 970 3274 1040 πρὸς
3301 972 3363 1023 τὸ
3387 972 3610 1026 ἔλαττον
3636 972 3782 1043 ἔχειν
3807 975 3906 1044 τὴν
3939 955 4074 1028 πει-Δ

2482 1069 2500 1101 ι
2547 1053 2823 1123 ραλλαγὴν
2862 1058 2958 1126 τὴν
2981 1061 3168 1130 τρίτην
3197 1063 3328 1131 μηδὲ
3359 1063 3471 1132 πῦρ
3509 1065 3588 1117 ἔτι
3617 1064 3895 1130 λέγεσθαι,
3930 1066 4050 1118 κᾶν

2484 1158 2501 1192 ι
2540 1145 2937 1213 παραπλησίως
2975 1150 3104 1220 καίῃ
3132 1154 3226 1205 καὶ
3251 1153 3417 1222 φαίνῃ
3462 1156 3553 1206 καὶ
3593 1155 3770 1208 πάντα
3826 1155 3894 1206 τὰ
3946 1155 4050 1208 τοῦ

2483 1252 2500 1283 ⁴
2543 1235 2714 1305 πυρὸς
2746 1237 3074 1310 ἐργάζηται.
3120 1260 3137 1292 ι

3057 1427 3434 1484 Ἐπιστασία.

2552 1541 2570 1571 ι
2612 1520 2842 1584 Λκούεις
2875 1520 3054 1574 αἰτίαν
3094 1523 3265 1589 μόνην
3313 1523 3412 1591 τὴν
3459 1521 3686 1591 πρώτην
3742 1521 4043 1592 λαμπάδας

2484 1630 2503 1662 ι
2542 1611 2713 1663 Τοῦτο
2767 1613 2873 1682 γὰρ
2904 1617 2929 1664 ό
2957 1614 3109 1679 ἆγιος
3151 1614 3504 1682 ὑπεσήμανεν
3563 1614 3627 1665 ἐκ
3691 1611 3783 1665 τοῦ
3841 1615 4045 1674 εἰπεῖν,

2486 1719 2503 1752 ι
2541 1701 2627 1753 διὰ
2678 1700 2771 1751 τοῦ
2844 1702 3032 1769 μέσου.
3084 1700 3407 1768 Συλλογίζου
3468 1701 3600 1768 γοῦν
3663 1700 3930 1771 νουνεχῶς
3984 1701 4052 1754 τὸ

2488 1809 2506 1840 ι
2547 1789 2799 1842 ἐντεῦθεν
2824 1790 3285 1859 ἀναφαινόμενον.
3337 1808 3356 1841 ι

3048 1881 3102 1933 Ἀ
3113 1882 3449 1948 ντκρῤησις.

2555 1970 2681 2021 Ἐὰν
2711 1969 2974 2037 νουνεχῶς
3042 1971 3104 2019 τὸ
3175 1973 3239 2021 ἐκ
3263 1972 3359 2040 τῆς
3418 1971 3689 2041 ρηοείσης
3725 1970 4046 2040 περικοπῆς

2475 2059 2907 2127 ἀναφαινόμενον
2956 2059 3367 2127 συλλογίζεσθαι
3417 2061 3748 2130 ἡθελες,οὑιι
3803 2062 3867 2113 ἂν
3892 2062 4053 2129 εἰρή-

2479 2167 2592 2212 κεις
2630 2151 2798 2219 μόνην
2838 2152 2938 2218 τὴν
2997 2150 3218 2220 πρώτην
3283 2152 3547 2220 λαμπάδα
3621 2153 3802 2205 αἰτίαν
3840 2153 4052 2221 ὑποση-

2479 2238 2764 2307 μαίνεσθαι
2789 2239 2853 2289 ὲκ
2892 2238 2984 2289 τοῦ
3020 2228 3197 2291 εἰπεῖν
3219 2239 3310 2292 τὸν
3340 2240 3521 2307 ἅγιον,
3562 2242 3652 2295 διὰ
3713 2241 3804 2295 τοῦ
3842 2243 4046 2308 μέσου,

2475 2329 2588 2382 ἀλλ’
2615 2329 2968 2398 ὡμολόγησας
3011 2329 3076 2382 ἂν
3104 2331 3166 2382 τδ
3209 2331 3431 2399 Πνεῦμα
3461 2332 3550 2384 διὰ
3607 2333 3703 2386 τοῦ
3753 2333 3908 2395 Υἱοῦ,
3977 2333 4048 2384 ὲκ

2472 2420 2568 2473 τοῦ
2609 2421 2821 2490 Πατρδς
2851 2415 3011 2485 εἶναι,
3039 2421 3115 2482 ὡς
3155 2421 3214 2472 τὸ
3247 2422 3430 2492 τρίτον
3463 2422 3577 2492 φῶς
3608 2423 3696 2476 διὰ
3747 2422 3841 2474 τοῦ
3876 2423 4050 2492 μέσου

2476 2513 2539 2564 ὲκ
2571 2511 2670 2582 τῆς
2712 2512 2956 2582 πρώτης,
2989 2511 3205 2580 φλογός.

2862 2601 2972 2655 Τοῦ
3007 2601 3194 2655 αὐτοῦ
3244 2603 3312 2654 ἐκ
3345 2603 3454 2656 τοῦ
3478 2602 3688 2657 αὑτοῦ.

2547 2695 2699 2748 Ρ1’.ι
2740 2693 2813 2745 Τὸ
2870 2690 3093 2761 Πνεῦμα
3161 2693 3222 2745 τὸ
3292 2693 3447 2760 ἅγιον
3512 2694 3693 2748 πάντα
3752 2695 3810 2746 ἐν
3873 2695 4050 2746 πᾶσιν

2483 2804 2501 2837 ι
2546 2786 2777 2854 ἐνεργεῖ,
2832 2781 3023 2845 καθὼς
3081 2782 3352 2852 βούλεται,
3422 2786 3614 2846 αἴτιον,
3693 2785 4053 2855 ἡγεμονικὸν,

2482 2895 2500 2928 ι
2543 2874 2719 2939 εὑθὲς,
2779 2873 3004 2938 δίκαιον,
3060 2874 3330 2943 ἀληθινὸν,
3371 2876 3436 2927 τὰ
3478 2875 3615 2947 βάθη
3671 2877 3912 2947 ἐρευνῶν
3951 2877 4052 2928 τοῦ

2486 2985 2504 3018 ι
2548 2964 2716 3030 Θεοῦ,
2777 2967 2841 3017 ὲκ
2894 2964 3107 3035 Πατρὸς
3148 2966 3601 3034 ἐκπορευόμενον,
3655 2968 3716 3018 ἐκ
3754 2967 3849 3019 τοῦ
3915 2966 4054 3018 Tim}

2490 3074 2509 3108 t
2550 3055 2615 3110 λα
2623 3055 2844 3126 μδάνον,
2887 3073 2906 3106 ι

3056 3149 3434 3204 Ἐπιστασία.

2563 3258 2582 3292 ι
2624 3240 2899 3311 Πρόσσχες
2925 3240 2990 3294 ἐκ
3011 3241 3200 3311 τίνοςή
3222 3241 3318 3293 τοῦ
3340 3243 3675 3310 Πνεῦματος,
3702 3245 4050 3313 ἐκκόρευσις,

2491 3348 2508 3382 ι
2552 3330 2645 3384 καὶ
2685 3333 2748 3384 ἐκ
2812 3333 2955 3394 τίνος
3005 3333 3037 3401 ἡ
3078 3333 3259 3401 λῆψις,
3307 3335 3402 3384 καὶ
3448 3333 3564 3395 πῶς
3625 3333 3891 3403 σύμφωνα
3929 3341 4050 3394 τοῖς

2490 3438 2509 3471 ι
2556 3423 2927 3491 προγραφεῖσι
2956 3421 3122 3486 θείοις
3182 3424 3455 3492 Πατρὰσι,
3504 3426 3597 3476 καὶ
3625 3428 3653 3477 ό
3688 3427 3858 3494 μέγας
3891 3420 4053 3489 οὗτος

2487 3530 2508 3564 ι
2549 3511 2812 3565 διδάσκει.
2853 3513 3061 3580 Δοτῆρα
3081 3513 3191 3582 γὰρ
3225 3515 3444 3566 ἐκείνων
3466 3515 3727 3567 εἰπόντων
3756 3515 3849 3567 τοῦ
3882 3517 4056 3570 Πνεῦ-

2488 3624 2508 3658 r
2550 3623 2713 3676 ματος
2731 3607 2822 3658 τδν
2839 3604 3088 3672 Σωτῆρα,
3135 3604 3438 3672 συμφώνως
3481 3607 3576 3656 καὶ
3604 3600 3760 3667 οὗτος
3781 3606 3841 3668 ἐξ
3874 3608 4055 3660 αὑτοῦ

2487 3716 2507 3750 ι
2546 3697 2608 3750 τὺ
2637 3695 2862 3765 Πνεῦμα
2892 3695 3136 3748 διδάσκει
3167 3695 3568 3764 λαμϐάνεσθαι.
3619 3697 3698 3766 Τῇ
3728 3699 3838 3765 γὰρ
3871 3699 4050 3760 δόσει,

2487 3809 2504 3841 ι
2551 3790 2647 3842 καὶ
2674 3787 2775 3858 τὴν
2804 3787 2967 3856 λῆψιν
3007 3787 3224 3849 πάντως
3269 3788 3542 3857 ἑπομένην
3567 3789 3866 3859 ἐμάθομεν.
3921 3809 3939 3842 ι

3073 3879 3457 3947 Ἀντίρῤησις.

2563 3972 2724 4025 ’Δλλα
2753 3970 3024 4040 πρόσσχες
3067 3970 3161 4020 καὶ
3197 3971 3343 4032 ὅπως
3369 3972 3400 4040 ή
3427 3972 3492 4022 ὲκ
3518 3970 3612 4024 τοῦ
3647 3955 3856 4043 Πατρδς
3888 3974 4058 4027 ἐκπό-

2481 4077 2668 4133 ρευσις
2705 4061 2800 4112 καὶ
2835 4062 2896 4111 ὲκ
2935 4059 3028 4111 τοῦ
3052 4058 3180 4111 Υἱοῦ
3213 4059 3373 4127 λῆψις
3419 4061 3748 4129 σημαίνουσι
3787 4063 3845 4114 τὸ
3887 4064 4052 4128 αὐτὸ,

2479 4152 2539 4205 τὸ
2575 4153 2635 4204 es
2668 4149 2888 4218 Πνεῦμα
2914 4143 3055 4201 εἶναι
3086 4148 3290 4218 δηλαδὴ
3323 4148 3382 4214 EF,
3419 4150 3646 4217 ἀμφοῖν,
3683 4150 3757 4211 ὡς
3811 4152 3838 4202 ὁ
3871 4151 4058 4218 μέγας

2491 4245 2805 4313 Ἐπιφάνιος
2838 4243 3104 4313 μαρτυρεῖ
3134 4243 3191 4293 ὲν
3219 4239 3298 4303 οἷς
3331 4242 3512 4307 λέγει’
3538 4241 3598 4292 Εἰ
3639 4241 3696 4293 δὲ
3727 4242 3964 4311 Χριστὸς
3992 4247 4060 4296 ὲκ

2479 4337 2573 4390 τοῦ
2640 4337 2854 4405 Πατρὸς
2921 4336 3263 4397 πιστεύεται,
3320 4334 3456 4396 Θεὸς
3512 4336 3577 4385 ὲκ
3637 4333 3798 4396 Θεοῦ,
3857 4336 4056 4387 καὶτὸ

2483 4426 2705 4495 Πνεῦμα
2737 4427 2799 4478 ὲκ
2819 4425 2913 4478 τοῦ
2949 4423 3206 4493 Χριστοῦ,
3235 4423 3267 4493 ἢ
3300 4423 3429 4493 παρ’
3465 4424 3810 4493 ἀμφοτέρων,
3847 4424 3924 4486 ὥς
3952 4441 4062 4494 φη-

2484 4535 2570 4572 σιν
2601 4520 2630 4570 ό
2668 4516 2926 4586 Χριστὸς,
2975 4517 3039 4568 ’0
3070 4516 3221 4587 παρὰ
3279 4515 3373 4566 τοῦ
3429 4515 3640 4583 Πατρὸς
3666 4515 4056 4584 ἐκπορεύεται,

2407 4589 2460 4650 D
2485 4609 2600 4668 καὶ,
2649 4624 2667 4657 ι
2697 4601 2865 4669 Οὗτος
2893 4608 2956 4658 ὲκ
2983 4605 3078 4658 τοῦ
3106 4605 3238 4673 ἐμοῦ
3277 4605 3526 4675 λήψεται.
3558 4621 3581 4655 ο

2488 4716 2598 4772 Τοῦ
2625 4715 2744 4770 ἀπὸ
2771 4714 2878 4770 τοῦ
2913 4713 3168 4850 πρῶτοιὲ5
3176 4711 3296 4765 τῶν
3323 4709 3480 4790 πρὸς
3497 4711 3797 4780 Εὐνόμιον
3836 4712 4059 4780 Ἀντιῤ-

3171 4798 3412 4850 ητικων.

3171 4798 3412 4850 ητικων.

2553 4877 2698 4934 PlA’.
2734 4895 2752 4930 ι
2789 4875 2879 4945 Τῷ
2909 4877 3018 4947 γὰρ
3049 4875 3224 4944 Πατρὶ
3251 4872 3388 4926 κατὰ
3415 4872 3473 4925 τὸ
3496 4871 3752 4926 ἄκτιστον
3781 4875 4058 4927 συναπτόο

2487 4988 2507 5026 r
2545 4986 2726 5041 μενον,
2756 4969 2918 5022 πάλιν
2951 4965 3138 5030 αὑτοῦ,
3173 4965 3250 5036 τῷ
3285 4966 3358 5035 μὴ
3409 4965 3599 5034 Πατὴρ
3630 4959 3769 5017 εἶναι
3800 4964 4058 5034 καῦαπερ

2492 5082 2510 5115 ι
2550 5066 2777 5127 ἐκεῖνος,
2808 5060 3211 5130 διαχωρίζεται,
3264 5061 3330 5128 τῇ
3352 5057 3408 5109 δὲ
3439 5057 3570 5127 πρὸς
3637 5057 3727 5108 τὸν
3753 5057 3878 5108 Υιὸν
3913 5060 4058 5109 κατὰ

2490 5177 2508 5210 ι
2545 5158 2604 5210 τὸ
2635 5158 2888 5211 ἄκτιστον
2933 5150 3216 5220 συναφεία,
3271 5153 3367 5202 καὶ
3401 5151 3456 5201 ὲν
3501 5147 3577 5217 τῷ
3604 5150 3703 5216 τὴν
3733 5150 3915 5198 αἰτίαν
3942 5149 4048 5216 τῆς

2497 5266 2517 5300 ι
2562 5246 2844 5317 ὑπάρξεως
2872 5246 2935 5296 ὲκ
2961 5243 3055 5295 τοῦ
3085 5241 3219 5294 Θεοῦ
3253 5241 3355 5294 τῶν
3376 5241 3513 5293 ὅλων
3544 5241 3704 5308 ἔχειν,
3756 5240 4060 5306 ἀφίσταται

2498 5357 2516 5391 ι
2557 5336 2720 5389 πάλιν
2747 5337 2827 5405 τῷ
2859 5332 3133 5397 ἰδιάζοντι,
3167 5333 3225 5383 ὲν
3245 5330 3323 5400 τῷ
3347 5330 3482 5398 μήτε
3509 5328 3812 5398 μονογενὼς
3866 5332 3929 5378 ἐκ
3961 5328 4062 5378 τοῦ

2498 5448 2516 5482 t
2555 5428 2764 5498 Πατρὸς
2797 5427 3122 5493 ὑποστῆναι,
3150 5424 3245 5476 καὶ
3277 5425 3336 5475 ὲν
3367 5421 3444 5490 τῷ
3466 5421 3534 5472 δι’
3566 5417 3732 5473 αὑτοῦ
3772 5417 3863 5470 τοῦ
3923 5418 4057 5470 Υίοῦ

2497 5540 2518 5575 ι
2561 5519 2880 5589 πεφηνέναι.
2915 5517 3082 5569 Πάλιν
3108 5516 3164 5568 δὲ
3190 5516 3290 5585 τῆς
3317 5514 3547 5576 κτίσεως
3578 5512 3663 5565 διὰ
3687 5511 3781 5564 τοῦ
3812 5513 4064 5576 Movera-

2502 5633 2520 5666 ι
2571 5614 2695 5676 νοῦς
2739 5610 3080 5678 ὑποστάσης,
3133 5607 3207 5671 ὠς
3251 5605 3318 5660 ἂν
3385 5608 3458 5676 μὴ
3512 5605 3801 5672 κοινότητα
3846 5621 3966 5656 τινα
4002 5604 4066 5656 τὸ
