4202 6454
156 409 253 471 55⁸1
1103 402 1181 463 ΙΝ
1225 400 1611 461 CAMATEIU
1658 400 1731 457 A.‘

1830 397 2402 459 HDVERSIONES.

3294 402 3396 462 558

169 544 187 575 1
233 521 459 592 Πνεῦμα
491 520 721 591 νομισθῇ
748 518 882 589 πρὸς
914 517 1117 586 ταύτην
1152 517 1320 585 ιχειν,
1370 518 1434 568 ιχ
1489 515 1582 568 τοῦ
1639 513 1727 567 διὰ

1836 533 1854 564 1
1896 523 2152 574 tuarctur.
2180 518 2324 582 quod
2366 530 2459 583 per
2508 512 2700 569 F.1ium
2734 526 3009 584 appareat,
3048 516 3399 570 immutabili—

154 631 175 665 1
222 614 320 666 τοῦ
361 614 491 667 Υῐοῦ
536 613 856 682 πεφηνέναι,
902 612 959 663 ιν
1006 608 1083 679 τῷ
1134 609 1411 678 ἀτρέπτῳ,
1440 608 1532 659 καὶ
1559 606 1719 660 ἀναλ-

157 724 177 755 1
220 704 455 774 λοιὼτῳ,
483 704 579 757 καὶ
596 702 888 772 ἁπροσδεεῖ
934 700 1035 769 τῆς
1074 698 1341 768 ἑτέρωθεν
1368 695 1721 765 ἁγαθότητος.

154 813 174 846 1
211 786 620 865 διακρῖνεταιτὸ
648 792 871 861 Πνεῦμα
900 791 1005 845 ἀπὸ
1026 790 1121 860 τῆς
1146 790 1393 850 κτίσεως.
1418 806 1439 840 1

667 928 682 944 -
716 904 1093 957 ‘Exta'taat'a.

227 1018 247 1051 1
300 999 633 1068 Ἐπίστησον
657 996 923 1067 ἀκριϐῶς,
962 996 1107 1048 κατὰ
1136 994 1188 1048 τε
1219 995 1276 1047 τὺ
1308 994 1532 1064 Πνεῦμα
1561 992 1727 1046 συνά-

155 1108 176 1141 1
214 1107 413 1143 πτεται
442 1090 521 1158 τῷ
547 1088 681 1157 Υἱῷ,
747 1087 1006 1141 καὶκατὰ
1059 1086 1114 1138 τί
1166 1086 1357 1139 τοῦτον
1394 1085 1723 1153 ἀφίσταταιο

155 1199 173 1232 1
214 1183 310 1233 καὶ
335 1183 415 1234 ὅτι
443 1179 847 1248 συναπτόμενον
879 1177 1053 1249 τούτῳ
1080 1178 1222 1231 κατά
1250 1195 1308 1230 τε
1337 1178 1399 1230 τὸ
1443 1178 1719 1242 ἁκτιστον,

154 1290 173 1321 1
214 1274 315 1325 καὶ
366 1274 428 1325 τὺ
472 1273 565 1324 τὸν
610 1272 772 1325 αὐτὸν
800 1272 977 1340 τούτῳ
1004 1269 1098 1322 καὶ
1120 1270 1216 1323 ἕνα
1240 1270 1385 1340 ἔχειν
1416 1270 1516 1339 τῆς
1548 1270 1726 1340 ὑπάρ-

154 1380 173 1414 1
215 1362 353 1426 ξεως
402 1363 577 1416 αῖτιον
625 1362 920 1434 ἀφίσταται
945 1363 1090 1417 κατά
1117 1379 1177 1415 τε
1197 1361 1259 1415 τδ
1285 1362 1359 1432 μὴ
1396 1360 1725 1431 γεννηθῆναι

156 1470 176 1503 1
208 1453 286 1515 ὡς
322 1450 507 1518 οὗτος,
541 1457 635 1507 καὶ
662 1454 723 1507 τὸ
759 1457 835 1526 μὴ
865 1455 924 1521 ἐξ
966 1453 1134 1507 αὐτοῦ
1168 1452 1235 1506 δι’
1266 1451 1436 1507 αὑτοῦ
1466 1452 1523 1505 δὲ
1548 1467 1725 1522 πεφη-

1833 622 1852 656 1
1899 614 2028 668 tate,
2061 607 2335 670 firmitate,
2371 623 2436 662 ac
2489 607 2771 669 bonitatis,
2828 623 2949 676 qua:
3001 618 3258 663 extranea
3305 609 3399 671 sit.

1838 713 1855 744 1
1894 694 2037 750 nulla
2106 695 2400 764 indigentia
2472 714 2500 749 a
2575 706 2822 752 creatura
2863 697 3100 767 Spiritus
3164 702 3401 752 secerni-

1835 802 1853 834 1
1900 793 2008 839 tur.
2051 805 2067 837 1

2404 923 2443 974 Α
2454 942 2480 973 u
2491 923 2825 976 t'ntadt'ersio.

1904 1025 1922 1058 1
1954 1008 2221 1065 Accurate
2271 1010 2716 1076 animadvertito,
2758 1014 3060 1069 secundum
3103 1016 3232 1084 quid
3281 1014 3405 1087 Spi-

1836 1115 1855 1148 1
1896 1097 2032 1152 ritus
2070 1100 2431 1171 coniungatur
2459 1100 2593 1166 Deo,
2623 1110 2678 1154 et
2719 1101 3018 1156 secundum
3053 1102 3180 1173 quid
3216 1118 3401 1159 secer--

1836 1206 1855 1241 1
1899 1196 2059 1243 natur
2092 1207 2107 1245 :
2143 1200 2197 1245 et
2227 1191 2581 1261 coniungitur
2608 1191 2829 1261 quidem
2874 1192 2955 1245 illi
2985 1195 3281 1250 secundum
3317 1194 3401 1249 ln-

1832 1296 1853 1331 1
1888 1286 2153 1345 creatum,
2186 1289 2241 1335 et
2265 1282 2515 1337 eumdem
2551 1297 2716 1337 unam
2752 1296 2877 1338 cunt
2907 1282 3015 1337 alio
3042 1283 3242 1339 habere
3289 1299 3401 1340 sua:

1834 1386 1854 1420 1
1889 1368 2227 1424 exsistentie
2272 1385 2520 1425 causam.
2555 1370 2873 1427 Secernitur
2905 1388 3088 1442 porro,
3112 1372 3259 1444 quod
3292 1390 3401 1430 non

1832 1477 1852 1511 1
1890 1460 1963 1515 sit
1993 1459 2208 1528 genitus
2229 1467 2290 1514 ut
2316 1460 2427 1527 ille,
2463 1468 2518 1517 et
2546 1461 2692 1532 quod
2717 1477 2823 1516 non
2872 1478 2937 1517 ex
2988 1465 3106 1533 ipso
3162 1464 3255 1520 sed
3308 1478 3405 1534 per

153 1561 173 1596 1
216 1546 394 1599 νέναι.
435 1546 667 1615 Μεγάλη
689 1545 747 1598 δι
777 1548 995 1610 πάντως
1018 1546 1052 1617 ἠ
1077 1544 1173 1599 τοῦ
1220 1545 1279 1610 ἐξ
1301 1544 1468 1598 αὐτοῦ
1503 1544 1638 1614 πρὸς
1663 1544 1724 1595 τὸ

1829 1571 1848 1603 1
1888 1552 2066 1620 ipsum
2123 1553 2454 1623 apparuerit.
2506 1554 2754 1625 Magnum
2791 1568 2919 1608 veto
2972 1555 3266 1611 discrimen
3319 1564 3406 1613 est

152 1654 172 1688 1
215 1638 287 1691 δι’
333 1637 499 1691 αὐτοῦ
522 1638 772 1709 διαφορά.
806 1656 827 1692 1

725 1828 1122 1897 Ἅντίρῤησις.

216 1919 394 1990 Χάρις
430 1938 534 1986 σοι,
565 1920 647 1974 ὅτι
672 1921 1080 1992 διωμολόγησας
1138 1920 1375 1991 ἰδιότητα
1407 1918 1500 1975 τοῦ
1554 1917 1725 1973 Πνεῦ-

152 2026 327 2077 ματος
349 2006 489 2066 εἶναι
518 2012 674 2083 τὸμὴ
701 2011 1049 2083 γεννηθῆναι,
1075 2012 1147 2077 ὡς
1184 2014 1211 2065 ὀ
1234 2013 1379 2076 Υἱὸς,
1404 2015 1497 2065 καὶ
1526 2011 1613 2063 διὰ
1632 2008 1728 2063 τοῦ

148 2101 285 2155 Υῖοῦ
320 2105 618 2174 πεφηνέναι
656 2105 806 2159 αὐτό.
844 2104 993 2175 Αὕτη
1040 2105 1148 2173 γὰρ
1181 2106 1214 2174 ἡ
1240 2102 1519 2173 ὁμολογία,
1567 2102 1731 2171 παρί-

147 2209 343 2264 στησιν
376 2197 619 2264 ἐναργῶς
649 2197 725 2267 μὴ
758 2191 986 2250 εἶναιτὸ
1028 2195 1255 2264 Πνεῦμα
1296 2198 1360 2249 bc
1395 2194 1490 2247 τοῦ
1520 2194 1730 2265 Πατρδς

1835 1662 1854 1695 1
1892 1646 2029 1699 inter
2060 1645 2174 1700 huic
2199 1646 2307 1701 duo
2338 1662 2399 1701 ex
2430 1648 2569 1717 ipso,
2603 1660 2656 1702 et
2689 1663 2783 1717 per
2814 1648 3044 1717 ipsum.1

2459 1824 2754 1897 Refutatt'o.

1900 1911 2102 1969 Gratiae
2130 1915 2349 1985 quidem
2386 1918 2485 1973 tibi
2536 1919 2800 1975 habendae
2843 1933 2993 1981 sunt.
3033 1927 3179 1994 quod
3221 1926 3407 1986 fassus

1842 2017 1926 2069 es,
1982 2003 2219 2075 Spiritus
2260 2008 2643 2077 prOprietatent
2684 2026 2827 2075 esse,
2858 2028 2965 2067 non
2998 2030 3121 2071 esse
3162 2020 3403 2088 genitum

1830 2092 1910 2146 uti
1942 2100 2025 2147 est
2061 2091 2259 2163 Filius,
2301 2104 2355 2152 et
2402 2112 2500 2167 per
2522 2097 2722 2154 Filium
2766 2116 3054 2173 apparere.
3084 2105 3210 2165 Haec
3251 2113 3401 2167 enim

1829 2184 2062 2255 assertio
2085 2196 2266 2255 aperte
2296 2190 2555 2254 ostendit,
2588 2189 2849 2261 Spiritum
2875 2211 2981 2251 non
3009 2212 3130 2254 esse
3151 2215 3219 2255 ex
3246 2200 3406 2259 Patre

151 2285 323 2352 μόνου
351 2301 366 2314 ·
396 2280 465 2356 ἦν
529 2287 638 2357 γὰρ
668 2287 736 2342 ἂν
757 2286 1014 2357 γεννητὸς
1060 2286 1186 2350 Υἱὸς
1225 2286 1322 2340 καὶ
1368 2286 1519 2340 αὐτό.
1548 2286 1623 2338 Τὸ
1672 2284 1729 2337 δὲ

1829 2274 1967 2339 solo,
1993 2285 2135 2331 esset
2154 2282 2298 2331 enim
2327 2289 2380 2333 et
2406 2278 2523 2349 ipse
2543 2290 2835 2352 generatus
2865 2284 3057 2344 Filius.
3090 2288 3245 2355 Quod
3274 2308 3401 2351 vero

149 2376 212 2427 ίκ
240 2376 460 2447 Πατρὸς
491 2377 583 2431 διὰ
610 2376 740 2431 Υῑοῦ
765 2377 1011 2448 πεφηνὸς
1044 2376 1105 2441 ἐξ
1136 2378 1363 2448 ἀμφοῖν,
1400 2377 1477 2441 ὡς
1510 2377 1571 2442 ἐξ
1602 2376 1723 2438 ἑνός

1829 2380 1896 2421 ex
1918 2364 2080 2423 Patre
2100 2384 2195 2439 per
2230 2368 2426 2426 Filtum
2457 2383 2703 2444 apparet,
2745 2391 2809 2431 ex
2859 2388 3091 2449 utroque
3134 2382 3301 2438 veluti
3333 2401 3401 2441 ex

147 2464 270 2519 ἔστι
297 2468 517 2533 πάντως
543 2468 703 2523 Θεοῦ.
757 2488 777 2524 1

678 2585 783 2639 Ἕκ
817 2584 925 2640 τοῦ
956 2585 1165 2640 αὐτοῦ.

227 2672 376 2729 PIB'.
422 2693 441 2726 1
485 2675 547 2730 ΕΞ
607 2672 703 2731 οὖν
748 2680 807 2730 ιν
835 2681 901 2748 τῇ
958 2678 1198 2746 ἁκτίστῳ
1249 2678 1407 2746 φύσει
1437 2678 1729 2731 νοεῖταιτά

156 2782 177 2817 1
219 2765 514 2834 θαυμαστὰ
577 2769 880 2839 πράγματά
931 2786 989 2822 τε
1044 2769 1139 2823 καὶ
1177 2769 1440 2839 ὀνόματα,
1473 2773 1500 2823 ὁ
1536 2770 1727 2841 Πατὴρ

158 2875 179 2909 1
218 2861 249 2912 ὁ
291 2860 412 2922 Υἱὸς
435 2863 531 2914 καὶ
558 2862 619 2913 τδ
645 2861 868 2931 Πνεῦμα
896 2862 955 2915 τὸ
977 2862 1155 2931 ἅγιον,
1186 2864 1301 2924 πῶς
1328 2863 1483 2914 ἔσται
1502 2861 1725 2914 δυνατὸν

158 2968 178 3001 1
219 2952 363 3020 ὅπερ
386 2954 600 3007 ἐπὶτῶν
625 2954 773 3007 κάτω
793 2955 1262 3025 περιεργαζομὲνη
1289 2955 1381 3006 καὶ
1413 2953 1728 3024 πολυπραγ-

157 3046 199 3088 1'
222 3041 462 3109 μονοῦσα
481 3042 887 3111 καταλαμϐάνει
910 3044 943 3113 ή
965 3042 1159 3107 ἔννοια,
1185 3042 1370 3111 ἕτερον
1390 3041 1576 3111 ἐτέρου
1596 3058 1727 3109 συγ-

158 3147 178 3180 1
217 3134 487 3200 κριτικὼς
534 3132 910 3201 ὁπερτιθεῖσα,
958 3132 1048 3185 διὰ
1099 3149 1245 3195 τινος
1296 3132 1552 3203 χρονικοῦ
1603 3131 1720 3185 δια-

1832 2474 1942 2514 uno
1975 2469 2061 2515 est
2088 2462 2313 2518 omnino
2352 2463 2481 2521 Deo.

2450 2578 2536 2631 Ex
2561 2580 2762 2635 cadent.

1902 2666 2069 2721 CXII.
2107 2686 2126 2721 1
2160 2670 2215 2724 Si
2247 2671 2431 2740 itaque
2466 2670 2519 2725 in
2552 2671 2787 2727 increata
2816 2680 3005 2730 natura
3026 2677 3403 2750 intelliguntur

1836 2774 1855 2808 1
1898 2771 1985 2813 res
2016 2758 2362 2816 admirabiles
2388 2771 2443 2815 et
2472 2764 2697 2816 nomina
2723 2764 2903 2828 Pater,
2944 2763 3113 2823 Filius
3142 2777 3197 2823 et
3225 2768 3405 2839 Spiri-

1837 2867 1855 2901 1
1892 2857 1983 2905 tus
2014 2861 2260 2918 sanctus,
2296 2855 2569 2922 quomodo
2598 2856 2713 2909 ﬁeri
2751 2866 2949 2925 potest.
2984 2869 3042 2914 ut
3075 2876 3193 2931 qua:
3216 2861 3284 2918 de
3316 2864 3404 2920 his

1838 2958 1857 2991 1
1892 2939 2244 3000 inferioribus
2294 2946 2513 3001 curiose
2560 2958 2944 3017 perscrutans,
3001 2960 3055 3007 et
3108 2954 3404 3026 exquirens

1836 3047 1855 3081 1
1892 3045 2048 3088 meus
2071 3034 2343 3105 intelligit,
2372 3038 2517 3092 aliud
2551 3053 2673 3092 cum
2707 3040 2815 3095 alio
2860 3042 3173 3111 conferens,
3214 3046 3402 3118 illique

1838 3140 1857 3172 1
1890 3138 2211 3195 praponens
2244 3139 2461 3199 pr0pter
2484 3131 2702 3201 aliquod
2732 3144 2995 3204 temporis
3030 3138 3398 3205 intervallum,

160 3238 177 3271 1
226 3222 530 3290 στήματος,
559 3222 717 3275 τοῦτο
744 3222 839 3276 καὶ
866 3224 957 3275 ἐπὶ
981 3224 1081 3293 τῆς
1129 3223 1383 3276 ἀκτίστου
1437 3222 1531 3275 καὶ
1568 3238 1703 3292 προ-

1834 3233 1855 3266 1
1887 3216 1954 3270 de
1986 3218 2247 3285 increata,
2282 3231 2336 3275 et
2359 3237 2481 3292 qua:
2513 3234 2638 3279 ante
2668 3226 2865 3281 smcula
2917 3226 3017 3281 fuit
3047 3241 3240 3284 natura
3275 3246 3405 3285 con-

162 3329 181 3363 1
230 3313 456 3367 αιωνίου
489 3314 734 3385 νομίζειν
762 3315 948 3378 οὐσίας
1008 3312 1171 3379 εἶναι,
1211 3310 1327 3386 ἐ.νῇ
1385 3313 1572 3384 Πατὴρ
1629 3312 1727 3382 μὲν

160 3419 179 3452 1
294 3405 486 3475 Πατὴρ
524 3406 758 3475 ἄναρχος
788 3406 886 3457 καὶ
928 3405 1223 3475 ἀγέννητος
1274 3406 1370 3456 καὶ
1391 3404 1480 3458 ἀεὶ
1536 3404 1728 3471 Πατὴρ

160 3510 180 3543 1
220 3498 449 3561 νοεῖται,
501 3496 559 3563 ἐξ
590 3496 757 3550 αὑτοῦ
787 3496 842 3549 δὲ
866 3496 1005 3551 κατὰ
1034 3497 1095 3550 τὸ
1156 3496 1421 3565 προσεχὲς
1472 3494 1724 3547 ἀδιαστά-

161 3600 179 3632 1
224 3602 333 3647 τως
362 3588 392 3637 ὁ
415 3586 705 3656 μονογενὴς
731 3587 856 3647 Υἱὸς
885 3585 960 3656 τῷ
988 3587 1162 3656 Πατρὶ
1190 3588 1604 3639 συνεπινοεῖται.
1646 3582 1729 3635 Δι’

159 3693 177 3723 1
228 3675 399 3727 αὑτοῦ
427 3676 481 3728 δὲ
516 3678 612 3729 καὶ
644 3678 763 3746 μετ’
791 3675 955 3729 αὑτοῦ
984 3676 1115 3747 πρίν
1146 3693 1196 3728 τι
1222 3677 1375 3729 κενόν
1394 3692 1452 3729 τε
1480 3675 1574 3728 καὶ
1597 3676 1727 3728 ἀνυ-

158 3784 178 3815 1
215 3767 492 3819 πόστατον
534 3768 622 3820 διὰ
684 3768 853 3837 μέσον
890 3770 1262 3837 παρεμπεσεῖν
1314 3767 1513 3836 νόημα,
1564 3765 1727 3827 εὐθὺς

166 3877 185 3907 ι
224 3860 288 3910 τι
369 3857 593 3928 Πνεῦμα
658 3861 721 3913 τὸ
795 3862 949 3928 ἆγιον
1020 3860 1381 3930 συνημμένως
1445 3858 1725 3927 καταλαμ-

161 3968 180 3999 1
218 3948 464 4013 δάνεται,
519 3951 614 4019 οὐχ
665 3951 942 4021 ὑστερίζον
996 3951 1135 4005 κατὰ
1169 3951 1264 4020 τὴν
1317 3948 1550 4018 ὓπαρξιν
1591 3947 1727 4018 μετὰ

161 4058 179 4090 1
222 4041 313 4092 τὸν
360 4042 523 4093 Πάν’
580 4041 718 4094 ὥστε
780 4043 911 4094 ποτὲ
965 4042 1057 4094 τὸν
1130 4042 1390 4111 μονογενῆ
1451 4042 1575 4111 δίχα
1632 4039 1724 4091 τοῦ

163 4149 181 4181 1
223 4132 545 4199 Πνεῦματος
596 4132 874 4203 νοηθῆναι,
947 4134 1074 4186 ἀλλ’
1136 4136 1200 4185 ὲκ
1274 4134 1375 4201 μὲν
1442 4132 1536 4183 τοῦ
1586 4129 1723 4183 Θεοῦ

162 4240 179 4270 ι
224 4222 333 4273 τῶν
390 4222 526 4273 ὅλων
574 4223 668 4274 καὶ
722 4224 853 4275 αὐτὸ
892 4224 992 4292 τὴν
1046 4223 1227 4275 αἰτίαν
1257 4223 1376 4291 ἔχον
1430 4220 1523 4273 τοῦ
1560 4216 1722 4281 εἶναι,

159 4329 177 4361 1
227 4311 353 4365 ὅθεν
390 4314 484 4365 καὶ
511 4313 571 4364 τ’)
606 4313 896 4384 μονογενές
920 4316 1033 4366 ἐστι
1070 4313 1207 4383 φῶς,
1243 4314 1331 4365 διὰ
1364 4312 1420 4364 δὲ
1454 4311 1549 4366 τοῦ
1596 4313 1725 4381 ἁλη-

160 4422 176 4453 ι
225 4404 380 4455 θινοῦ
424 4405 598 4471 φωτὸς
646 4404 954 4474 ὲκλὰμψαν.
1010 4424 1029 4455 1

736 4520 1116 4574 Ἐπιστασεά.

227 4632 247 4663 1
293 4613 411 4682 Τὴν
441 4612 611 4681 αὐτὴν
649 4610 930 4664 κάνταῦθα
952 4611 1106 4680 δέχου
1145 4609 1519 4674 διδασκαλίαν,
1548 4611 1725 4663 αἴτιον

159 4723 179 4757 1
219 4706 317 4771 μὲν
365 4705 460 4756 καὶ
499 4703 825 4773 ἀμφοτέρων
864 4702 958 4754 τοῦ
997 4717 1057 4754 τε
1088 4700 1216 4754 Υἰοῦ
1271 4704 1365 4754 καὶ
1412 4703 1727 4771 Πνεύματος

162 4815 180 4847 1
218 4801 310 4848 τὸν
366 4796 584 4862 lla-.591
626 4794 1026 4861 κηρύττουσαν,
1089 4797 1182 4845 καὶ
1215 4794 1279 4845 ὲκ
1305 4793 1395 4846 τοῦ
1418 4792 1553 4845 Θεοῦ
1604 4795 1724 4863 μὲν,

160 4904 178 4936 1
215 4888 280 4939 οὐ
319 4885 509 4954 illis}:
538 4885 632 4936 τοῦ
665 4884 817 4948 Tia-3,
862 4884 949 4938 διὰ
970 4884 1030 4936 δὲ
1057 4884 1153 4937 τοῦ
1185 4882 1313 4936 Υιοῦ
1342 4883 1630 4952 ἐκλάμψαν
1669 4888 1729 4939 τδ

163 4996 180 5026 1
233 4974 463 5044 Πνεῦμα
493 4972 845 5037 δοξάζουσιν.
889 4993 909 5026 1

733 5086 1118 5153 Ἄντίῤῥησις.

226 5180 411 5231 Αἴτιον
458 5175 558 5245 μὲν
585 5175 907 5244 ἀμφοτέρων
930 5173 1211 5227 κάνταῦθα
1234 5174 1327 5227 τοῦ
1352 5174 1480 5227 Υῖοῦ
1508 5176 1603 5228 καὶ
1632 5174 1728 5228 τοῦ

159 5272 478 5337 Hirsutum;
527 5269 615 5319 τὸν
662 5264 884 5333 Πατέρα
920 5267 953 5332 ἡ
1008 5267 1233 5336 ῥηθεῖσι
1285 5266 1549 5337 κηρύττει
1572 5283 1732 5336 περι-

158 5364 325 5430 κοτιὴ.
366 5361 504 5429 πλὴν
534 5360 668 5411 aliud
697 5359 951 5428 διάφορον
969 5360 1159 5423 αἴτιον,
1188 5359 1281 5413 τοῦ
1315 5362 1414 5429 μὲν
1437 5359 1567 5412 Υἱοῦ
1592 5358 1734 5413 κατὰ

156 5457 215 5504 τὸ
254 5451 546 5520 προσεχὲς,
580 5448 673 5500 τοῦ
697 5449 754 5501 δὲ
787 5449 1100 5518 Haeduum;
1147 5449 1235 5501 διὰ
1280 5452 1375 5502 τοῦ
1422 5450 1573 5505 Υῖοῦ.
1626 5452 1734 5504 Καὶ

160 5544 453 5612 ἡτοιαύτη
503 5540 737 5607 διαφορὰ
761 5541 819 5592 τὸ
846 5542 943 5610 μὲν
966 5540 1075 5597 τῶν
1128 5540 1389 5593 αἱτιατῶν
1446 5543 1509 5591 ἐκ
1568 5542 1731 5609 μόνου

157 5636 398 5687 δείκνυσι
432 5631 523 5684 τοῦ
557 5632 786 5699 Πατρδς,
847 5635 905 5684 τὸ
931 5635 986 5685 δὲ
1016 5633 1076 5698 ἐξ
1121 5634 1343 5701 ἀμφοῖν.
1405 5633 1466 5685 Εἰ
1516 5634 1621 5704 γὰρ
1661 5637 1725 5684 ὲκ

165 5729 325 5795 μόνον
381 5721 529 5794 ἦσαν
579 5726 747 5791 ἄμφω
794 5726 861 5776 τὰ
909 5728 1150 5788 αἱτιατὰ,
1206 5724 1322 5777 οὐδὲ
1383 5724 1622 5795 διαφόρῳ
1654 5726 1719 5778 ἂν

160 5821 353 5889 τρόπῳ
398 5815 468 5889 ἦν
494 5820 667 5871 αῑτιον
688 5818 748 5873 τὸ
785 5818 980 5873 αἴτιον.

1753 4540 1805 4599 D

1837 3325 1856 3357 1
1893 3306 2081 3377 cipiet,
2108 3308 2161 3364 in
2191 3326 2300 3380 qua
2327 3323 2412 3368 est
2442 3314 2603 3370 Pater
2643 3316 2852 3386 absque
2892 3320 3191 3391 principio,
3229 3333 3281 3379 et
3311 3322 3401 3378 in-

1838 3416 1858 3450 1
1888 3401 2129 3467 genitus,
2175 3412 2228 3456 et
2281 3419 2498 3474 semper
2550 3407 2877 3477 intelligitur
2927 3425 3049 3465 esse
3091 3410 3276 3478 Pater,
3331 3429 3399 3469 ex

1835 3508 1854 3542 1
1892 3491 2081 3546 eodem
2136 3509 2268 3549 vero
2313 3498 2575 3553 continue
2618 3500 2827 3570 absque
2866 3501 2973 3556 ulla
3020 3508 3401 3575 segregatione

1833 3597 1856 3632 1
1892 3582 2209 3652 unigenitus
2255 3585 2427 3641 Filius
2488 3604 2595 3642 una
2646 3606 2771 3643 cum
2830 3592 2992 3647 Patre
3045 3595 3397 3666 intelligitur.

1836 3690 1855 3722 1
1891 3689 1987 3742 per
2019 3675 2193 3744 ipsum
2219 3687 2274 3731 ct
2303 3694 2425 3732 cum
2464 3680 2583 3748 ipso
2608 3692 2899 3751 antequam
2930 3686 3090 3740 inane
3113 3689 3403 3762 etabsque

1835 3783 1853 3815 1
1890 3766 1994 3819 ulla
2043 3769 2400 3824 subsistentia
2451 3774 2745 3827 intellectio
2799 3779 3164 3841 llilClllC'JiCl,
3212 3782 3396 3834 statim

1836 3872 1853 3905 1
1894 3855 2131 3925 Spit-itis
2160 3869 2383 3913 sattvrtu-
2433 3862 2723 3931 conjuncta
2752 3865 3079 3934 concipitur,
3130 3885 3236 3923 non
3278 3881 3401 3939 post

1838 3965 1856 3996 1
1898 3946 2093 4002 Filium
2145 3952 2444 4005 secundum
2498 3956 2872 4009 exsisteutiatn
2936 3960 3205 4025 posterior
3260 3972 3397 4017 tem-

1837 4055 1856 4086 1
1892 4051 2041 4105 pore.
2088 4039 2157 4091 l't
2191 4041 2376 4109 aliquo
2412 4054 2654 4112 temp0re
2699 4043 3019 4113 Unigenitus
3052 4059 3173 4103 ante
3217 4049 3395 4119 Spiri-

1836 4149 1854 4181 1
1893 4140 2004 4183 tum
2068 4132 2534 4202 pneintelligatur.
2604 4136 2707 4188 Sed
2774 4153 2835 4189 ex
2904 4154 3085 4192 rerum
3151 4142 3396 4196 omnium

1836 4238 1855 4271 1
1895 4236 2061 4275 causa
2094 4224 2205 4277 Deo
2233 4234 2287 4278 et
2323 4224 2438 4293 ipse
2484 4228 2815 4296 pitticipitttn
2858 4232 2941 4282 sui
2976 4231 3202 4295 habens,
3251 4248 3323 4287 un
3348 4236 3397 4288 le

1836 4329 1854 4362 1
1893 4321 1946 4365 et
1989 4314 2327 4382 unigenitum
2376 4316 2557 4370 lumen
2597 4325 2698 4383 est,
2744 4322 2835 4388 qui
2868 4336 2961 4390 per
2994 4337 3177 4374 verum
3213 4323 3396 4378 Iutneu

1833 4419 1851 4452 1
1890 4402 2079 4455 eluxit.
2116 4422 2133 4451 ι

2411 4514 2833 4570 Ant’utudversio.

1907 4621 1924 4651 1
1961 4600 2218 4655 Eaindcm
2264 4603 2355 4657 ltic
2385 4620 2602 4674 quoque
2642 4610 2877 4675 accipito
2906 4611 3232 4680 doctrinam,
3266 4630 3397 4669 cau-

1833 4709 1852 4743 1
1891 4708 2006 4748 sant
2039 4696 2322 4763 utriusque
2348 4693 2469 4749 Filii
2502 4712 2696 4766 nempe
2721 4709 2773 4752 et
2794 4697 3033 4767 Spiritus
3064 4701 3274 4758 Patrem
3308 4707 3398 4763 liic

1833 4802 1852 4836 1
1890 4786 2107 4855 evulgat
2138 4804 2151 4839 :
2180 4795 2235 4840 et
2259 4800 2324 4840 ex
2360 4787 2489 4852 Deo.
2522 4804 2628 4842 non
2656 4805 2719 4843 ex
2754 4790 2915 4857 Filio,
2948 4794 3042 4849 sed
3077 4812 3171 4864 per
3198 4795 3395 4854 Filium

1832 4896 1850 4928 1
1891 4877 2153 4948 Spiritum
2187 4878 2427 4935 eluxisse
2456 4879 2716 4934 insinuat.
2752 4899 2770 4932 1

2468 5080 2755 5150 Refutatt'a.

1902 5174 2137 5228 Causam
2174 5173 2361 5244 utique
2410 5174 2699 5244 utriusque
2730 5173 2848 5228 Filii
2898 5190 3095 5245 nempe
3122 5189 3177 5232 et
3222 5179 3398 5250 Spiri-

1832 5272 1923 5319 tus
1965 5265 2211 5335 apposita
2260 5266 2513 5335 perieope
2560 5265 2774 5320 Patrem
2822 5268 3104 5337 prtedirat,
3152 5273 3245 5325 sed
3292 5275 3403 5327 alio

1833 5368 1995 5425 atque
2037 5358 2144 5410 alio
2177 5358 2356 5417 modo,
2390 5356 2509 5410 Filii
2562 5358 2633 5412 ob
2672 5360 3106 5422 coutinuitatem,
3160 5363 3400 5432 Spiritus

1833 5463 1930 5517 per
1962 5448 2183 5502 Filium.
2215 5449 2278 5503 Et
2309 5453 2407 5503 ltoc
2441 5449 2645 5503 diseriu
2673 5468 2734 5501 eu
2778 5462 3126 5505 causatorum
3169 5455 3403 5510 alterum

1835 5555 1898 5593 ex
1928 5541 2045 5599 solo
2070 5539 2225 5593 Patre
2252 5541 2515 5601 insinuat,
2546 5542 2776 5595 alierum
2809 5558 2872 5595 ex
2899 5551 3154 5612 utroque.
3189 5544 3400 5599 Etenim

1836 5634 1879 5687 si
1915 5634 2078 5685 ambo
2126 5643 2351 5684 causata
2393 5648 2455 5684 ex
2504 5634 2625 5685 solo
2648 5634 2806 5688 Patre
2848 5645 3051 5700 essent,
3086 5650 3251 5693 causa
3292 5652 3401 5696 non

1836 5736 1980 5781 esset
2016 5728 2226 5779 diverso
2260 5730 2416 5779 modo
2440 5740 2627 5779 causa.
