4202 6454
749 414 852 477 559

1373 513 1458 566 Ea:
1491 513 1688 567 eodem.

820 606 1008 663 CXIII.
1059 625 1077 658 ι
1111 604 1227 660 Νοη
1257 611 1469 673 oportet
1503 602 1720 672 imagini
1746 601 2044 656 servientes
2069 604 2312 670 praebere

757 719 775 751 ι
813 697 1299 754 calumniatoribus
1339 709 1526 749 ansam
1563 695 1616 746 in
1647 693 1881 760 exempli
1919 693 2309 747 imbecillitate.

1770 405 1979 466 JOAN.
2025 405 2230 464 VECCI
2280 405 2387 463 (ΣΡ.
2434 403 2933 465 PATRlARClLE

2344 515 2395 574 Α

3873 408 3981 468 5Βο

2920 513 3021 564 Ἐκ
3056 510 3162 562 τοῦ
3202 509 3413 564 αὐτοῦ.

2483 602 2627 657 PII".
2668 620 2684 652 ι
2729 602 2803 655 Οὐ
2826 602 2930 671 γὰρ
2973 603 3186 671 ἀνάγκη
3243 603 3390 671 πάσῃ
3435 604 3500 671 τῇ
3557 601 3726 655 είκό-λι
3761 602 3981 655 δουλεύ-

2425 715 2442 748 ι
2478 712 2634 756 οντας
2665 694 2846 746 δοῦναι
2876 695 2988 755 τοῖς
3017 694 3380 761 συκοφάνταις
3436 693 3606 763 λαὸὴν
3660 696 3718 746 ὲν
3772 696 3838 763 τῇ
3887 694 3983 746 τοῦ

758 811 776 842 ι
818 791 930 844 Non
964 789 1174 842 radium
1203 798 1266 841 ex
1295 787 1408 842 sole
1437 783 1821 852 intelligemus,
1849 786 1944 839 sed
1981 799 2046 838 ex
2073 785 2314 866 ingenito

2421 805 2439 837 ι
2488 786 2882 856 ὑπώείγματος
2909 785 3117 854 ἀτονία.
3146 785 3279 856 Οὐχὶ
3320 787 3517 838 ἀκτῖνα
3546 786 3602 850 ἐξ
3634 785 3792 855 ἡλίου
3852 787 3983 854 νοή-

761 899 778 933 ι
817 881 929 936 sole
975 878 1143 932 alium
1194 877 1386 940 solem,
1433 873 1630 929 Filium
1679 876 1885 930 scilicet
1937 877 2100 931 simul
2140 877 2315 946 prima

765 990 784 1023 σ
823 969 1192 1024 intellectione
1217 982 1310 1037 per
1341 966 1744 1036 generationem
1777 983 1882 1020 una
1929 982 2052 1021 cum
2085 968 2201 1036 ipso
2236 967 2317 1022 ef-

760 1081 779 1115 ι
817 1062 1140 1133 fulgentem,
1188 1061 1470 1130 eidemque
1511 1075 1607 1129 per
1656 1061 1836 1114 omnia
1888 1060 2149 1128 aequalem
2193 1061 2316 1128 pul-

772 1175 790 1207 ι
826 1156 1152 1234 eliritudiiie,
1193 1154 1391 1207 virtute
1419 1191 1434 1216 ,
1500 1153 1787 1221 splendore
1815 1194 1830 1218 ,
1900 1152 2270 1221 magnitudine
2298 1192 2314 1218 ,

761 1266 780 1298 ι
817 1250 1084 1310 claritate,
1117 1257 1170 1300 et
1201 1261 1310 1299 uno
1342 1245 1506 1299 verbo
1548 1245 1803 1299 omnibus
1857 1261 1978 1314 quae
2004 1245 2107 1299 soli
2138 1245 2317 1301 inesse

760 1360 778 1392 ι
817 1348 1119 1396 cernuntur
1151 1355 1164 1392 :
1195 1347 1250 1392 et
1293 1353 1484 1392 rursus
1527 1337 1674 1392 aliud
1708 1337 1886 1392 simile
1917 1339 2095 1393 lumen
2140 1339 2318 1408 Spiri-

761 1452 778 1484 ι
819 1443 932 1486 tum
965 1431 1154 1486 eodem
1189 1431 1372 1495 modo,
1401 1445 1508 1484 non
1531 1431 1787 1500 temporis
1812 1431 1997 1500 aliquo
2028 1431 2317 1485 intervallo

761 1542 778 1574 ι
813 1539 843 1577 a
870 1525 1052 1592 genito
1098 1522 1304 1575 lumine
1334 1523 1670 1587 dissectum;
1708 1523 1800 1577 sed
1833 1538 1926 1590 pcr
1960 1522 2089 1576 illud
2139 1523 2318 1592 splen-

759 1633 778 1665 ι
817 1617 967 1678 dens,
1004 1628 1067 1668 ac
1115 1614 1471 1684 hypostaseos
1518 1629 1741 1668 causam
1793 1615 1996 1668 habens
2030 1628 2096 1667 ex
2142 1614 2317 1683 primo

760 1725 778 1757 ι
810 1707 901 1760 illo
930 1721 992 1761 ac
1020 1705 1312 1774 exemplari
1349 1705 1570 1758 lumine.
1607 1722 1624 1754 ι

1324 1796 1741 1848 Animadversio.

836 1909 854 1941 ι
886 1891 1152 1959 Agnoscis
1195 1903 1262 1943 ne
1307 1889 1446 1941 hanc
1488 1887 1733 1942 eamdem
1782 1887 2090 1956 pericOpem
2129 1898 2316 1940 eadem

758 2002 776 2034 ι
818 1982 932 2052 ipsa
965 1981 1182 2044 docere,
1219 1996 1347 2049 qua:
1388 1989 1440 2033 ct
1486 1989 1643 2034 antea
1673 1981 1846 2048 pOsita
1875 1979 2077 2043 docuit,
2110 1993 2205 2047 per
2231 1976 2321 2031 Fi-

758 2090 776 2124 ι
818 2073 950 2126 lium
979 2071 1195 2139 quidem
1230 2070 1447 2123 elucere
1492 2068 1778 2135 Spiritum,
1811 2081 1877 2121 ex
1910 2066 2088 2135 primo
2116 2063 2322 2117 lumine

757 2185 778 2219 ι
814 2165 971 2220 Patre
1001 2164 1210 2219 scilicet
1233 2177 1453 2217 causam
1482 2161 1680 2217 habere
1704 2159 2046 2216 decernens?
2080 2176 2098 2210 ι

1389 2346 1686 2416 Refutatio.

825 2445 962 2500 Vere
999 2442 1112 2513 jam
1163 2440 1396 2494 adducta
1446 2437 1723 2506 pericope,
1770 2451 1835 2490 ex
1871 2436 2049 2507 primo
2095 2437 2319 2501 lumine,

755 2536 1165 2602 I’atrescilicct,
1210 2529 1478 2600 Spiritum
1511 2543 1734 2583 causam
1774 2529 1856 2584 sui
1900 2529 2102 2585 habere
2131 2529 2323 2585 decer-

2425 899 2443 932 ι
2479 896 2668 947 σομεν,
2696 877 2824 930 ἀλλ’
2866 878 2923 942 ἐξ
2954 878 3250 947 ἀγεννήτου
3288 877 3439 944 ἡλίου
3463 875 3624 929 ἄλλον
3645 875 3815 942 ἥλιον,
3842 873 3984 941 ὁμοῦ

2380 1014 2391 1027 ,
2425 987 2442 1020 ι
2482 971 2546 1037 τῇ
2582 967 2773 1036 πρώτῃ
2817 965 3032 1032 ἐπινοίᾳ
3063 963 3337 1033 γεννητῶς
3379 961 3852 1028 συνικλάμποντα,
3887 960 3987 1011 καὶ

2424 1080 2441 1113 ι
2482 1059 2621 1114 κατὰ
2659 1059 2835 1112 πάντα
2889 1057 3153 1119 ὡσαύτως
3213 1057 3412 1125 ἔχοντα
3460 1053 3669 1118 κάλλει,
3723 1053 3983 1120 δυνάμει,

2425 1170 2442 1204 ι
2486 1150 2810 1222 λαμπηδόνι,
2836 1148 3077 1219 μεγέθει,
3108 1147 3451 1218 φαιδρότητι,
3475 1146 3568 1198 καὶ
3598 1145 3765 1196 πᾶσιν
3795 1140 3986 1201 ἁπλῶς

2424 1263 2441 1297 ι
2482 1247 2592 1305 τοῖς
2609 1244 2739 1312 περὶ
2766 1242 2856 1296 τὸν
2880 1240 3033 1310 ἥλιον
3059 1238 3474 1308 θεωρουμένοις,
3498 1235 3595 1288 καὶ
3613 1232 3773 1286 πάλιν
3796 1233 3990 1301 ἕτερον

2425 1355 2442 1387 ι
2487 1335 2724 1389 τοιοῦτον
2754 1335 2890 1404 φῶς,
2916 1332 3058 1386 κατὰ
3087 1332 3178 1384 τὸν
3202 1331 3363 1384 αὐτὸν
3394 1329 3616 1400 τρόπον,
3648 1327 3709 1378 οὑ
3749 1322 3990 1396 χρονικῷ

2425 1448 2442 1480 ι
2483 1445 2590 1482 τινι
2614 1426 2940 1498 διαστήματι
2963 1423 3056 1479 τοῦ
3095 1421 3359 1492 γεννητοῦ
3396 1420 3572 1489 φωτὸς
3601 1417 3988 1485 ἀποτεμνόμε-

2426 1539 2445 1572 ‹
2486 1537 2600 1584 νον,
2631 1518 2767 1572 ἀλλὰ
2789 1519 2867 1571 δι’
2915 1515 3081 1570 αὑτοῦ
3122 1517 3219 1585 μὲν
3272 1513 3575 1582 ἐκλάμπον,
3630 1510 3731 1577 τὴν
3781 1509 3837 1561 δὲ
3885 1508 3991 1576 τῆς

2425 1632 2443 1664 ι
2491 1609 2837 1673 ὑποστάσεως
2866 1608 3045 1662 αἰτίαν
3070 1607 3193 1676 ἔχον
3237 1605 3304 1658 ὲκ
3358 1602 3450 1656 τοῦ
3476 1599 3834 1669 πρωτοτύπου
3868 1616 3995 1667 φω-

2426 1724 2444 1756 r
2489 1704 2599 1766 τός.
2635 1719 2653 1752 ι

3030 1789 3355 1844 Ἐπιστασί
3359 1805 3419 1842 α.

2497 1906 2516 1939 ι
2560 1887 2756 1954 Συνίης
2789 1885 2906 1947 πῶς
2936 1885 3029 1937 καὶ
3055 1886 3086 1951 ὴ
3122 1880 3369 1952 παροῦσα
3397 1877 3695 1950 περικοπὴ,
3739 1875 3806 1928 τὰ
3833 1873 3979 1926 αὐτὰ

2426 1997 2444 2030 ι
2492 1982 2557 2049 τῇ
2592 1975 2937 2048 προλαὸούση
2963 1975 3202 2027 διδάσκει
3235 1989 3317 2037 σε,
3342 1972 3432 2024 διὰ
3485 1971 3578 2023 τοῦ
3619 1967 3745 2022 Υίοῦ
3778 1969 3871 2034 μὲν
3897 1967 3994 2017 ὲκ-

2426 2091 2444 2122 ι
2485 2072 2720 2137 λάμπειν
2745 2069 2803 2119 τὸ
2844 2064 3086 2134 Πνεῦμα,
3125 2067 3190 2117 ὲκ
3227 2063 3282 2115 δὲ
3313 2062 3405 2115 τοῦ
3439 2063 3658 2130 πρώτου
3691 2058 3863 2128 φωτὸς
3891 2055 3989 2108 τοῦ

2428 2182 2446 2214 ι
2493 2160 2703 2230 Πατρδς
2762 2157 3025 2228 δηλονότι,
3104 2156 3203 2226 τὴν
3258 2155 3440 2207 αἰτίαν
3503 2152 3651 2221 ἔχειν
3715 2149 3846 2202 αὐτὸ
3901 2148 3992 2199 λι-

2429 2274 2447 2307 ι
2494 2269 2698 2322 γουσα;
2737 2271 2756 2303 ι

3030 2339 3413 2406 Αντιβρησις.

2504 2436 2744 2509 ’Δληθῶς
2777 2435 2923 2502 καὶὴ
2956 2433 3179 2504 ρηοεϊσα
3208 2429 3483 2498 περικοπὴ
3535 2428 3599 2478 ὲκ
3654 2423 3748 2476 τοῦ
3773 2423 3992 2491 πρώτου

2425 2533 2634 2603 φωτὸς,
2669 2527 2764 2581 τοῦ
2802 2529 3013 2596 Πατρος
3045 2524 3284 2592 δηλονότι
3341 2522 3401 2572 τὸ
3426 2519 3650 2588 Πνεῦμα
3677 2517 3773 2586 τὴν
3810 2515 3994 2567 αἰτῖαν

757 2635 859 2696 nit,
905 2636 1283 2683 verumtamen
1335 2639 1426 2694 per
1456 2621 1679 2689 Filium,
1747 2638 1853 2677 non
1898 2639 1964 2679 ex
2007 2624 2123 2680 solo
2169 2625 2325 2680 Patre

2422 2601 2653 2692 λέγουσα
2685 2620 2848 2689 ἔχειν,
2873 2617 2958 2670 διὰ
2996 2617 3086 2668 τοῦ
3120 2613 3247 2667 Υίοῦ
3277 2614 3354 2678 δὲ,
3375 2613 3474 2666 οὐκ
3529 2613 3590 2664 ἐκ
3645 2611 3804 2678 μόνου
3845 2601 3993 2659 εἶναι

759 2727 933 2793 ἱρεικιι
967 2733 1085 2773 esse
1111 2714 1444 2769 manifestat.

1147 2806 1229 2859 Ex
1255 2805 1491 2859 oratione
1523 2805 1590 2856 ad
1627 2805 1927 2858 Ablabium.

827 2901 1013 2958 CXIV.
1062 2921 1080 2951 ι
1117 2899 1249 2952 Nam
1302 2898 1405 2951 hoc
1450 2897 1667 2964 quidem
1715 2898 2055 2950 continenter
2110 2907 2162 2951 et
2202 2898 2325 2952 sine

759 3019 780 3049 4
820 2997 996 3051 medio
1031 3010 1094 3049 ex
1132 2994 1307 3062 primo
1350 2999 1433 3043 est
1466 3008 1477 3044 :
1516 2991 1618 3044 hoc
1657 3004 1786 3043 vero
1817 3004 1910 3058 per
1943 2989 2017 3054 id,
2049 2990 2192 3059 quod
2224 2990 2325 3044 im-

767 3109 784 3139 ι
825 3089 1078 3149 mediate,
1106 3096 1159 3138 et
1189 3083 1530 3137 continenter
1556 3090 1638 3133 est
1670 3095 1735 3132 ex
1768 3080 1965 3148 primo.
2004 3098 2023 3131 ι

1327 3170 1746 3222 Animadversio.

840 3286 857 3316 ι
897 3266 1192 3335 Diligenter
1236 3262 1375 3316 hanc
1427 3259 1730 3330 pericopem
1779 3274 2100 3329 percurrens
2143 3275 2327 3317 conet-

766 3377 784 3407 ι
823 3357 975 3419 dera,
1029 3371 1090 3408 ex
1140 3353 1476 3408 dictionibus
1527 3352 1580 3405 in
1628 3368 1689 3407 ea
1755 3355 1945 3424 positis
1979 3357 2114 3411 nihil
2158 3358 2327 3422 aliud,

767 3465 786 3497 ι
821 3461 982 3515 quam
1030 3462 1135 3498 non
1176 3460 1240 3498 ex
1277 3442 1416 3495 Filio
1463 3456 1583 3496 esse
1634 3443 1896 3512 Spiritum
1947 3457 2196 3501 sanctum
2236 3446 2332 3500 do-

773 3554 792 3586 ι
833 3551 977 3600 cere,
1030 3536 1370 3589 continenter
1419 3552 1480 3589 cx
1538 3535 1695 3589 Patre
1741 3534 1937 3591 Filium
1981 3538 2186 3604 dicens,
2238 3552 2332 3606 per

775 3646 792 3678 ι
836 3629 1008 3695 ipsum
1043 3637 1222 3682 autem
1250 3625 1510 3696 Spiritum
1541 3645 1606 3684 ex
1638 3629 1813 3683 Patre.
1845 3627 1988 3682 Nihil
2014 3629 2156 3683 enim
2184 3628 2332 3684 aliud

773 3742 791 3774 ι
832 3721 1138 3790 signiﬁcare
1180 3721 1309 3773 mihi
1361 3722 1592 3785 videtur,
1627 3723 1731 3777 hoc
1776 3721 1999 3788 quidem
2051 3722 2334 3776 continen-

772 3835 789 3868 ‹
828 3826 907 3871 ter
938 3829 1002 3868 ex
1036 3813 1211 3882 primo
1235 3855 1249 3879 ,
1279 3828 1441 3882 quam
1477 3829 1583 3868 non
1617 3828 1683 3868 ex
1718 3815 2031 3868 continente
2057 3827 2198 3870 esse.
2235 3830 2254 3863 ι

1397 3998 1691 4067 Refuiatio.

841 4087 1122 4158 Signiﬁcat
1146 4088 1364 4155 quidem
1393 4104 1635 4158 priesens
1669 4089 1940 4159 pericope,
1972 4104 2080 4144 non
2106 4103 2226 4144 esse
2269 4103 2335 4144 ex

769 4178 1077 4230 continente
1128 4174 1438 4245 Spiritum;
1484 4177 1578 4231 sed
1633 4177 1756 4245 quia
1807 4177 1922 4246 ipse
1980 4192 2087 4230 non
2133 4185 2214 4230 est
2267 4191 2332 4230 ex

770 4266 1105 4330 continente,
1133 4266 1293 4320 veluti
1331 4283 1396 4318 ex
1429 4269 1600 4335 prima
1642 4281 1808 4321 causa
1835 4276 1888 4321 et
1911 4267 2197 4336 principio.
2227 4265 2334 4321 Ve-

775 4366 1078 4410 rumtamen
1125 4372 1216 4425 per
1257 4360 1624 4412 continentem
1667 4374 1730 4412 ex
1776 4359 1952 4427 primo
2001 4360 2174 4426 ipsum
2217 4371 2337 4410 esse

773 4449 1074 4513 declarans,
1120 4449 1406 4504 manifeste
1453 4449 1711 4513 ostendit,
1756 4466 1860 4503 non
1908 4465 1971 4504 ex
2008 4450 2126 4502 solo
2165 4450 2338 4520 primo

775 4553 950 4607 ipsum
996 4552 1139 4593 esse.

914 4650 1165 4718 Eiusdem
1211 4666 1275 4705 ex
1319 4651 1628 4704 laudatione
1675 4651 1726 4703 in
1757 4658 2201 4719 prctomartyrem

1384 4719 1731 4788 Stephanum.

844 4811 1006 4868 CXV.
1078 4830 1096 4862 ι
1133 4811 1438 4879 Stephanus
1494 4819 1673 4861 autem
1704 4846 1718 4870 ,
1771 4823 1892 4861 cum
1955 4813 2102 4859 esset
2152 4803 2343 4872 plenus

782 4927 800 4958 ι
838 4905 1043 4975 Spiritu
1080 4911 1292 4963 sancto,
1329 4900 1462 4953 vidit
1490 4900 1716 4969 gloriam
1752 4899 1868 4960 Dei,
1904 4909 1958 4950 et
2005 4895 2339 4966 unigenitum

779 5017 798 5050 ι
835 4998 924 5050 Dei
952 4996 1167 5050 Filium.
1199 4993 1315 5046 Non
1347 4993 1490 5050 enim
1541 4991 1655 5044 ﬁeri
1682 5000 1879 5060 potest,
1910 4999 1968 5042 ut
2002 4988 2176 5057 inquit
2204 4986 2336 5040 Pro-

780 5110 796 5140 ι
837 5090 1015 5158 pheta,
1073 5095 1129 5139 nt
1164 5086 1344 5138 lumen
1384 5082 1651 5146 rideatur,
1706 5082 1809 5135 nisi
1868 5081 1921 5133 in
1958 5080 2164 5133 lumine
2205 5092 2337 5129 con-

779 5199 796 5230 ι
836 5178 1139 5246 spiciatur:
1181 5192 1199 5225 ι
1233 5173 1286 5227 In
1325 5173 1526 5225 lumine
1555 5172 1721 5236 enim,
1772 5170 1969 5238 inquit,
2008 5179 2101 5222 tuo
2128 5165 2337 5220 videbi-

782 5290 800 5322 ι
836 5285 956 5323 IIIlIS
980 5269 1161 5321 lumen
1186 5268 1228 5318 ’.
1267 5283 1284 5315 ι
1327 5264 1384 5317 Si
1419 5263 1583 5332 igitur
1613 5277 1719 5314 non
1753 5261 1856 5314 nisi
1885 5275 1978 5329 per
2006 5259 2187 5312 lumen
2220 5255 2336 5308 Iieri

781 5377 802 5412 ι
837 5360 1056 5414 luminis
1108 5354 1499 5423 contemplatio
1554 5359 1748 5422 potest,
1794 5350 2068 5421 quomodo
2124 5348 2167 5403 si
2215 5347 2340 5416 quis

779 5470 799 5503 ι
839 5462 991 5507 extra
1043 5449 1226 5503 radios
1274 5458 1542 5512 versetur,
1602 5446 1772 5499 solem
1822 5442 2067 5498 contueri
2120 5438 2342 5510 potest?

779 5563 797 5595 ι
836 5543 1101 5608 Quoniam
1127 5542 1294 5608 igitur
1326 5540 1379 5592 in
1407 5538 1613 5592 lumine
1648 5536 1846 5602 Patris,
1882 5539 1985 5589 hoc
2009 5543 2093 5590 est
2129 5536 2181 5588 in
2223 5532 2345 5602 Spi-

781 5652 797 5684 ι
839 5635 942 5687 ritu
971 5641 1162 5687 sancto
1196 5633 1343 5685 illinc
1375 5629 1699 5700 procedente
1735 5628 2079 5697 unigenitum
2112 5628 2332 5696 conspi-

845 5792 866 5824 ¹
900 5791 1040 5844 l‘sal.
1074 5805 1235 5851 xxxv,
1271 5792 1338 5843 10

2348 3175 2396 3238 C

2424 2713 2556 2766 αὐτὸ
2602 2709 2754 2779 δηλοῖ
2803 2705 2896 2760 τοῦ
2930 2704 3169 2773 Πατρός.

2822 2800 2923 2851 Ἐκ
2949 2796 3054 2849 τοῦ
3084 2793 3236 2862 πρὸς
3277 2791 3601 2847 Ἀελάϐιον.

2495 2895 2636 2946 ΡιΔο.
2677 2910 2695 2943 ι
2735 2891 2808 2942 Τὸ
2845 2889 2942 2957 μὲν
2982 2887 3088 2956 γὰρ
3130 2884 3412 2955 προσεχῶς
3448 2885 3511 2935 ὲκ
3534 2879 3627 2934 τοῦ
3659 2876 3901 2951 πρώτου,
3928 2874 3992 2928 τὲ

2432 3006 2450 3038 ι
2490 2985 2548 3038 δὲ
2581 2983 2670 3036 διὰ
2708 2981 2802 3033 τοῦ
2836 2974 3121 3049 προσεχῶς
3152 2977 3217 3026 ὲκ
3239 2975 3332 3027 τοῦ
3365 2971 3609 3042 πρώτου.
3656 2987 3674 3021 ι

3027 3155 3409 3214 Ἐπιστασιά.

2509 3272 2528 3307 ι
2581 3246 2886 3320 Ἐπιμελῶς
2915 3245 3013 3317 τὴν
3046 3244 3330 3315 παροῦσαν
3365 3240 3672 3313 περικοπὴν
3703 3239 3998 3311 ἂναγνοὺς,

2439 3366 2457 3399 ι
2501 3345 2844 3412 ἀναλόγισαι,
2875 3339 2990 3401 πῶς
3018 3337 3104 3390 διὰ
3164 3335 3272 3389 τῶν
3309 3335 3366 3387 ἐν
3405 3334 3579 3405 ταύτῃ
3609 3331 3804 3394 λέξεων
3843 3329 4004 3381 οὐδὲν

2438 3456 2456 3490 ι
2498 3437 2684 3507 ἕτερον
2710 3435 2743 3502 ἢ
2773 3432 2832 3484 τὸ
2862 3433 2926 3483 ὲκ
2957 3426 3207 3482 τοῦ-Υίοῦ
3244 3422 3381 3479 εἶναι
3412 3425 3471 3477 τὸ
3506 3422 3731 3492 Πνεῦμα
3753 3420 4004 3473 διδάσκει

2439 3547 2458 3582 ι
2511 3530 2540 3581 ὁ
2571 3527 2744 3596 ἅγιος,
2782 3521 3063 3594 προσεχῶς
3093 3518 3264 3573 είπὼν
3285 3520 3346 3571 ὲκ
3368 3516 3463 3569 τοῦ
3489 3515 3698 3583 Πατρὸς
3725 3514 3811 3566 τὸν
3851 3512 4003 3574 Υἱδν,

2439 3640 2457 3674 ι
2500 3601 2568 3673 δὶ’
2596 3617 2760 3671 αὐτοῦ
2781 3616 2838 3668 δὲ
2867 3614 2961 3667 καὶ
2993 3613 3054 3665 τὸ
3090 3610 3315 3679 Πνεῦμα
3348 3611 3411 3662 ὲκ
3437 3608 3531 3661 τοῦ
3568 3606 3800 3674 Πατρός.
3829 3601 4007 3654 Οὐδὲν

2440 3733 2459 3767 ι
2505 3711 2614 3784 γὰρ
2647 3710 2775 3764 ἄλλο
2807 3706 3093 3778 σημαίνειν
3143 3704 3289 3756 δοκεῖ
3325 3718 3413 3772 μοι
3445 3700 3528 3764 τὸ,
3578 3698 3636 3751 τὸ
3691 3697 3748 3749 δὲ
3785 3695 3871 3747 διὰ
3909 3691 4006 3784 τοῦ

2440 3823 2461 3858 ι
2508 3801 2790 3876 προσεχῶς
2816 3801 2881 3853 ὲκ
2914 3798 3008 3852 τοῦ
3062 3795 3306 3867 πρώτου,
3339 3790 3516 3860 ἀλλ’ἢ
3565 3790 3625 3842 τὸ
3673 3786 3749 3858 μὴ
3803 3787 3865 3838 ὲκ
3908 3803 3938 3838 τ
3976 3783 4009 3834 ῦ

2442 3913 2462 3946 ι
2507 3889 2791 3964 προσεχῶς
2815 3884 2972 3944 εἶναι.
3017 3905 3037 3940 ι

3031 3976 3423 4044 Ἀντιζόρησις.

2507 4077 2770 4146 Σημαινει
2803 4073 2952 4144 μὲνὴ
2973 4068 3221 4140 παροῦσα
3245 4065 3519 4137 περικοπή
3554 4063 3629 4134 μὴ
3654 4055 3791 4114 εἶναι
3822 4062 3885 4113 ἐκ
3913 4058 4010 4111 τοῦ

2437 4167 2718 4239 προσεχῶς
2743 4165 2803 4218 τὸ
2837 4160 3085 4232 Πνεῦμα,
3114 4158 3250 4213 ἀλλὰ
3278 4159 3366 4212 διὰ
3404 4156 3463 4209 τὸ
3498 4154 3572 4226 μὴ
3595 4151 3736 4206 εῖναι
3776 4151 3911 4203 αὐτὸ
3944 4152 4011 4203 ὲκ

2438 4259 2532 4311 τοῦ
2569 4255 2876 4327 προσεχῶς,
2917 4253 2992 4317 ὡς
3029 4255 3092 4304 ὲκ
3150 4251 3372 4322 πρώτης
3423 4246 3601 4307 αἰτίας
3646 4244 3740 4296 καὶ
3783 4241 3960 4311 ἀρχῆς
3992 4258 4008 4272 -

2438 4350 2527 4403 διὰ
2547 4349 2602 4402 δὲ
2632 4347 2724 4400 τοῦ
2757 4343 3037 4415 προσεχῶς
3067 4342 3131 4394 ὲκ
3161 4340 3253 4392 τοῦ
3308 4339 3530 4407 πρῶτον
3555 4335 3686 4387 αὐτὸ
3733 4329 3874 4384 εἶναι
3908 4348 4013 4398 ση-

2444 4441 2727 4510 μαίνουσα,
2750 4437 2900 4507 δηλοῖ
2932 4436 3007 4504 μὴ
3040 4436 3104 4485 ὲκ
3136 4431 3298 4501 μόνου
3321 4427 3659 4504 τοῦιπρὼτου
3685 4420 3826 4478 εἶναι
3851 4424 4012 4476 αὐτό.

2454 4643 2554 4694 Ἐκ
2586 4639 2690 4693 τοῦ
2717 4639 2806 4704 είς
2848 4637 2956 4692 τὸν
2984 4633 3450 4758 πριὲτομάρτυρα
3497 4630 3664 4699 ἅγιον
3693 4628 4017 4695 Στέφανον

3101 4722 3255 4758 νκωίι
3287 4721 3374 4755 ου.

3101 4721 3374 4773 γοκωμιου.

2513 4799 2659 4854 Ρ1Ε’.
2703 4819 2720 4850 ι
2767 4798 3037 4866 Στέφανος
3089 4797 3169 4857 δὲ,
3201 4795 3415 4863 πλήρης
3463 4791 3780 4859 Πνεῦματος
3829 4788 4016 4855 ἁγίου,

2449 4911 2467 4943 ι
2517 4889 2625 4943 εἶδε
2659 4890 2816 4956 δόξαν
2841 4887 2996 4951 Θεοῦ,
3032 4890 3124 4940 καὶ¹
3155 4889 3246 4940 τὸν
3296 4886 3575 4953 Μονογενῆ
3613 4883 3707 4934 τοῦ
3739 4879 3900 4933 Θεοῦ.
3935 4882 4016 4932 Οὐ

2450 5001 2469 5034 ι
2512 4984 2619 5050 γάρ
2651 4983 2792 5044 ἐστι,
2820 4979 3005 5040 καθώς
3028 4995 3190 5046 φησιν
3214 4979 3242 5028 ὁ
3277 4976 3590 5045 Προφήτης,
3617 4973 3729 5040 φῶ,
3754 4971 4018 5039 ὀνρθῆναι,

2451 5095 2470 5130 ς
2521 5076 2594 5144 μὴ
2627 5076 2683 5126 ὲν
2707 5075 2784 5143 τῷ
2819 5074 2959 5141 φωτὶ
2987 5068 3395 5140 καθορώμενον.
3437 5085 3455 5119 ι
3504 5065 3593 5119 Ἐν
3632 5065 3743 5133 γὰρ
3765 5064 3843 5133 τῷ
3877 5064 4021 5130 φωτί

2455 5188 2471 5219 ι
2516 5183 2632 5231 σου,
2672 5183 2690 5215 ι
2755 5163 2941 5231 φησὶν,
3019 5181 3036 5214 ι
3075 5161 3318 5230 ὀψόμεθα
3367 5158 3501 5226 φῶς.
3556 5175 3574 5206 ι
3622 5157 3734 5208 Οὐκ
3796 5155 4024 5222 ἐνδέχε-

2453 5278 2470 5308 ι
2532 5272 2646 5321 ται,
2681 5256 2729 5306 εί
2759 5256 2834 5324 μὴ
2868 5255 2924 5304 ὲν
2946 5252 3022 5322 τῷ
3065 5259 3204 5320 φωτί
3245 5250 3499 5317 γενέσθαι
3549 5249 3648 5316 τὴν
3706 5245 3802 5298 τοῦ
3837 5246 4024 5314 eunt;

2458 5369 2476 5401 ι
2525 5348 2786 5418 θεωρίαν.
2847 5346 2969 5407 Πῶς
3006 5347 3156 5396 ἐστιν
3189 5344 3398 5396 ἀπιδεῖν
3441 5343 3520 5404 είς
3567 5341 3658 5393 τὸν
3686 5339 3857 5409 ἧλιον,
3915 5337 4027 5400 ἔξω

2457 5459 2474 5492 ι
2518 5440 2626 5492 τῶν
2653 5439 2890 5491 ἀκτίνων
2924 5435 3258 5504 γενόμενονς
3320 5433 3472 5486 Ἐπεὶ
3503 5428 3596 5485 οὖν
3644 5432 3702 5483 ὲν
3751 5430 3830 5498 τῷ
3878 5430 4028 5497 φωτὶ

2457 5551 2475 5584 ι
2523 5529 2616 5583 τοῦ
2648 5529 2884 5599 Πατρδς,
2920 5526 3200 5578 τουτέστιν
3226 5529 3282 5578 ὲν
3313 5525 3389 5593 τῷ
3417 5522 3696 5590 Πνεῦματι
3725 5521 3804 5590 τῷ
3852 5522 4023 5585 ἁγιῳ,

2459 5642 2478 5676 ι
2522 5624 2599 5694 τῷ
2632 5621 2841 5677 ἐκεῖθεν
2871 5620 3323 5690 ἐκπορευομένῳ,
3357 5616 3418 5671 τὸ
3453 5617 3739 5686 μονογενὲς
3779 5613 4026 5681 καὺορᾰ-
