4202 6454
165 397 264 463 561
1115 409 1196 470 ΙΝ
1235 409 1622 470 CAMATERI
1668 411 1765 468 AN
1781 411 1857 468 l.\l
1871 414 1912 468 Α
1924 413 2066 472 DVE
2079 413 2300 474 RSION
2312 414 2419 475 ES.
3289 415 3396 478 562

170 532 187 563 ι
235 530 325 566 ται
356 527 368 541 ·
422 512 510 565 ea
567 513 721 565 τοῦτο
764 516 1276 582 προκαταυγασθεὶς
1329 518 1395 584 τῇ
1463 515 1588 585 δόξῃ
1634 516 1727 568 106
1762 522 1800 577 Α

1762 522 1800 577 Α
1839 537 1854 568 ι
1892 519 2033 572 citur
2069 521 2272 585 lumen,
2308 523 2516 577 idcirco
2553 522 2724 591 gloria
2759 520 2997 592 Spiritus
3024 523 3174 592 prius
3205 524 3404 580 illumi-

171 624 186 656 ι
236 603 558 669 Πνεῦματος
590 607 647 658 ἐν
681 605 928 676 περινοίᾳ
962 607 1063 676 τῆς
1091 607 1185 660 τοῦ
1224 609 1434 677 Πατρδς
1466 609 1562 662 καὶ
1593 609 1722 662 Υἱ-ιῦ

1843 629 1860 662 s
1904 621 2065 667 natus
2093 613 2248 682 plena
2278 616 2472 670 mentis
2502 615 3011 684 comprehensione,
3057 625 3110 671 et
3141 615 3320 672 Patris
3351 627 3400 672 et

170 711 186 744 I
232 693 392 762 δϐξης
415 696 656 762 ἐγένετο.
701 697 851 749 Ἐπεὶ
874 696 992 760 πῶς
1018 693 1113 768 τὴν
1144 699 1520 767 Εὑαγγελικὴν
1543 701 1727 769 φωνὴν

1839 721 1857 753 ε
1897 703 2018 758 Filii
2065 707 2290 774 gloriam
2343 709 2587 777 percipit.
2644 706 2779 762 Nam
2830 709 3106 777 quomodo
3155 709 3395 777 alioquin

169 801 188 835 ι
230 784 524 854 ἀληθεύειν
572 788 841 856 φήσομεν,
906 789 990 842 ὅτι
1037 806 1056 840 ε
1110 789 1243 842 Θεὸν
1286 790 1461 853 οὐδεὶς
1513 790 1726 860 ἑώρακε

1837 812 1855 844 ι
1892 793 2094 849 dictum
2113 798 2482 866 evangelicum
2508 815 2520 850 :
2546 817 2562 848 ι
2587 797 2752 853 Deum
2772 815 2931 855 nemo
2949 802 3082 856 vidit
3099 817 3360 872 unquam,
3375 819 3392 852 s

169 894 188 927 ι
233 876 456 930 πώποτε
480 897 494 942 ,
530 895 548 929 ι

768 972 1144 1028 Ἐπιστασία.

238 1079 259 1113 ε
300 1063 618 1132 Σημεεωσαι
681 1064 960 1118 κάνταῦθα
986 1067 1080 1120 τοῦ
1135 1067 1347 1136 Πατρὸς
1397 1068 1457 1120 τὸ
1501 1064 1730 1134 Πνεῦμα

167 1171 188 1203 ε
234 1155 691 1225 ἐκπορευόμενον.
732 1176 752 1208 s

768 1250 1150 1320 Ἆντίῤῥησις.

245 1337 344 1391 Ἐκ
374 1339 467 1391 τοῦ
487 1341 699 1405 Πατρδς
731 1344 829 1410 μὲν
851 1343 910 1394 τὸ
939 1342 1164 1412 Πνεῦμα
1191 1343 1336 1410 λέγει
1361 1342 1732 1411 ἐκπορευόμε-

165 1444 255 1478 νον
287 1429 384 1482 καὶ
419 1430 451 1497 ή
491 1430 716 1498 ῥηθείσα
747 1435 1042 1502 περικοπή.
1090 1434 1242 1486 Ἐπεὶ
1275 1435 1330 1485 δὲ
1367 1436 1426 1485 ὲν
1456 1435 1533 1503 τῷ
1565 1434 1734 1488 Πνεύ-

169 1534 302 1585 ματι
331 1518 409 1586 τῷ
447 1521 657 1573 ἐκεῖθεν
695 1523 1119 1591 ἐκπορευομένῳ
1153 1523 1302 1592 δηλοῖ
1351 1523 1410 1575 τὸ
1449 1522 1735 1592 μονογενὲς

166 1611 284 1679 φῶς
310 1611 670 1680 καθορᾶσθαι,
709 1615 824 1677 πῶς
861 1615 927 1668 ἂν
956 1617 1041 1684 εἴη
1072 1618 1128 1667 ὲν
1161 1617 1239 1684 τῷ
1269 1616 1548 1684 Πνεύματι
1573 1613 1737 1668 καθο-

167 1698 414 1769 ρώμενον
440 1703 466 1753 ό
493 1703 830 1774 Μονοτενὴς,
891 1706 1050 1774 εῐπερ
1105 1707 1165 1758 ὲκ
1194 1706 1353 1773 μόνον
1401 1722 1492 1756 του
1528 1702 1734 1772 Πατρὸς

1838 905 1856 938 ι
1893 904 2077 943 verum
2110 905 2230 945 esse
2257 890 2546 946 dicemus?
2578 911 2595 943 ν

2398 982 2818 1037 Animadversio.

1911 1088 1930 1121 ε
1967 1069 2099 1126 Nota
2151 1072 2240 1128 hic
2288 1088 2504 1144 quoque
2562 1091 2626 1129 ex
2677 1075 2837 1131 Patre
2897 1076 3163 1147 Spiritum
3208 1091 3398 1149 proce-

1841 1181 1858 1214 ι
1895 1163 2132 1218 dentem.
2172 1183 2190 1216 ι

2459 1257 2751 1327 Refutatio.

1907 1345 1983 1399 Ex
2013 1345 2172 1400 Patre
2211 1345 2343 1402 dicit
2381 1346 2644 1417 Spiritum
2680 1355 2968 1420 procedere
3014 1354 3179 1408 etiam
3225 1353 3399 1407 addu-

1835 1445 1920 1492 cta
1944 1438 2213 1507 pcricope.
2256 1439 2391 1494 Cum
2437 1457 2566 1494 vero
2603 1441 2654 1495 in
2679 1442 2882 1512 Spiritu
2920 1444 3044 1499 inde
3069 1446 3398 1515 procedente

1836 1529 2148 1584 manifestet
2202 1533 2384 1586 lumen
2433 1534 2770 1601 unigenitum
2827 1539 3097 1607 conspici,
3156 1552 3396 1606 quanam

1837 1620 2047 1674 ratione
2095 1622 2147 1674 in
2185 1621 2394 1690 Spll‘llu
2446 1622 2769 1694 UnigCnitus
2800 1628 3040 1696 conspici
3075 1629 3292 1697 poterit,
3344 1628 3394 1682 si

1835 1727 1896 1766 es
1931 1713 2047 1767 solo
2080 1713 2237 1768 Patre
2278 1715 2458 1770 lumen
2500 1734 2562 1771 ex
2594 1718 2821 1779 lumine.
2851 1730 2902 1774 et
2935 1735 3044 1774 non
3077 1736 3171 1790 per
3197 1719 3393 1776 Filium

165 1790 278 1855 φῶς
311 1789 377 1842 ἐκ
408 1792 604 1857 φωτὸς,
663 1794 759 1845 καὶ
805 1793 927 1862 οὐχὶ
969 1793 1059 1846 διὰ
1094 1793 1188 1846 τοῦ
1240 1791 1368 1844 Υἱοῦ
1400 1793 1460 1844 τὸ
1507 1790 1732 1860 Πνεῦμα
1767 1848 1806 1873 ἢ

917 1809 927 1845 ι
969 1793 1059 1846 διὰ
1094 1793 1188 1846 τοῦ
1240 1791 1368 1844 Υἱοῦ
1400 1793 1460 1844 τὸ
1507 1790 1732 1860 Πνεῦμά
1767 1848 1806 1873 η
1839 1802 2074 1873 Spiritus
2110 1817 2252 1860 esset
2284 1823 2346 1860 ex
2382 1807 2576 1862 Patre?

163 1881 314 1932 ἐστιν
338 1882 400 1932 ὲκ
435 1882 644 1950 Πατρός
666 1900 678 1946 ;

395 1995 665 2049 ΡΙΙΣΕΙΣ
715 1997 842 2049 ΤΟΥ
861 1997 1083 2052 ΑΓΙΟΥ
1113 1995 1502 2051 ΔΙΟΝΥΣΙΟΥ.

169 2107 284 2159 τοῦ
317 2109 492 2174 ἁγίου
525 2108 840 2160 Διονυσίου
871 2107 977 2161 τοῦ
1019 2109 1431 2176 Ἀρεοπαγίτου
1461 2109 1580 2162 ἀπὸ
1626 2106 1738 2172 τῆς

236 2181 373 2247 περὶ
412 2177 585 2230 θείων
611 2178 916 2246 ὀνομάτων
937 2179 1085 2245 πρὸς
1107 2181 1384 2247 Τιμόθεον
1407 2176 1738 2246 ἐπιστολῆς

238 2246 284 2316 β’
323 2247 682 2316 κεφαλαίου.

235 2384 405 2450 PLT.
450 2402 469 2435 ι
513 2385 669 2437 Ἐστι
698 2383 753 2436 δὲ
800 2385 891 2436 καὶ
920 2382 1192 2453 διάκρισις
1224 2386 1281 2436 ἐν
1325 2385 1444 2446 ταῖς
1496 2385 1736 2455 ὑπερου-

171 2495 190 2526 s
239 2477 376 2537 σῐοις
410 2475 729 2541 θεολογίαις.
761 2475 857 2543 οὐχ
889 2476 954 2546 ἢν
982 2475 1118 2544 ἔφην
1151 2476 1332 2543 μόνον,
1377 2476 1460 2529 ὅτι
1496 2475 1616 2527 κατ’
1643 2475 1740 2527 αὑ·

173 2588 193 2620 ε
233 2568 335 2637 τὴν
363 2567 463 2636 τὴν
492 2567 683 2619 ἕνωσιν
724 2565 936 2637 ἀμιγῶς
993 2567 1226 2636 ἵδρυται,
1276 2567 1371 2619 καὶ
1412 2565 1738 2635 ἁσυγχῦτως

173 2682 192 2714 ε
242 2661 452 2729 ἑκάστη
483 2659 592 2712 τῶν
633 2659 939 2729 θεαρχικῶν
980 2657 1358 2721 ὑποστάσεων,
1389 2658 1505 2711 ἀλλ’
1538 2659 1619 2711 ὃτι
1644 2660 1738 2712 καὶ

173 2774 191 2805 ι
242 2755 314 2806 τὰ
377 2753 475 2820 τῆς
517 2753 845 2822 ὑπερουσίου
892 2751 1174 2820 θεογονίας
1236 2752 1335 2804 οὐκ
1389 2751 1738 2818 ἀντιστρέφει

173 2865 191 2897 ι
241 2846 380 2915 πρὸς
413 2846 637 2911 ἄλληλα.
677 2845 828 2911 Μόνη
860 2843 915 2895 δὲ
951 2843 1099 2913 πηγὴ
1130 2843 1229 2911 τῆς
1270 2842 1597 2910 ὑπερουσίου
1624 2841 1740 2893 θεός

175 2959 191 2990 ι
241 2957 405 3007 τητος
432 2941 458 2990 ό
491 2938 705 3007 Πατὴρ,
737 2938 837 2989 οὐκ
871 2937 1022 2999 ὄντος
1053 2936 1185 2989 Υιοῦ
1207 2937 1300 2989 τοῦ
1331 2938 1568 3006 Πατρὶς,
1615 2933 1737 2988 οὐδὲ

176 3053 192 3084 ι
239 3033 455 3102 Πατρός
489 3031 583 3084 τοῦ
627 3032 775 3093 Υῐοῦ,
814 3031 1190 3100 φυλαττόντων
1228 3033 1284 3085 δὲ
1340 3033 1406 3085 τὰ
1427 3035 1600 3085 οικεῖα
1633 3031 1739 3084 τῶν

174 3144 192 3176 ι
241 3125 373 3194 ὑμῖν
420 3125 633 3190 εὐαγῶς
689 3125 897 3196 ἑκάστῃ
955 3125 1066 3176 τῶν
1121 3123 1432 3193 θεαρχικῶν
1498 3123 1738 3176 ὑποστά-

176 3235 192 3268 I
241 3235 403 3270 σεων.
441 3236 460 3270 ι

779 3403 1161 3458 Ἐπιστασία.

245 3512 266 3545 ε
313 3495 581 3546 Ἄκουσον
607 3493 702 3547 καὶ
755 3491 848 3545 τοῦ
909 3493 1105 3546 πολλοῦ
1154 3493 1223 3545 τὰ
1273 3493 1393 3546 θεῖα
1432 3493 1736 3558 Διονυσίου,

177 3607 192 3635 s
245 3586 407 3652 μόνον
434 3585 526 3636 τὸν
563 3583 785 3654 Πατέρα
823 3583 998 3651 ῥητῶς
1048 3585 1228 3652 πηγὴν
1262 3584 1362 3652 τῆς
1412 3585 1738 3653 ὑπερουσὶου

175 3698 194 3730 ε
241 3678 520 3746 θεότητος,
541 3676 635 3729 τοῦ
659 3676 788 3729 Υἱοῦ
810 3675 1012 3728 καὶτοῦ
1031 3675 1348 3745 Πνεῦματος
1369 3675 1589 3746 δηλαδὴ.
1615 3675 1739 3742 δογ-

176 3786 193 3817 ι
241 3768 583 3837 ματίζοντος.
629 3785 646 3817 ι

757 3879 1146 3948 Ἀντίρῤησις.

243 3976 307 4028 El
338 3974 415 4045 μὴ
446 3973 584 4044 πρὸς
635 3971 935 4042 πεισμονὴν
979 3969 1328 4041 ιδιόῤῥυθμον
1374 3969 1742 4040 ἐκλαμϐάνειν

171 4068 240 4121 τὰ
274 4065 526 4137 γραφικᾶ
559 4065 791 4133 ὴσούλου
827 4064 991 4132 ῥητὰ,
1041 4059 1185 4132 εἶχες
1223 4063 1287 4116 ἃν
1323 4065 1387 4115 ὲκ
1435 4064 1605 4133 μόνης
1641 4063 1741 4133 τῆς

171 4162 270 4231 ἧδη
307 4159 568 4231 ῥηθείσης
598 4155 905 4228 περικοπῆς
925 4156 1219 4223 διαγνῶναι
1277 4157 1351 4219 ὡς
1386 4156 1538 4208 οὐδέν
1563 4173 1614 4208 τι
1643 4155 1744 4226 τὴν

170 4255 412 4323 ἄναρχον
449 4251 634 4304 αἰτίαν
665 4250 986 4320 λυμαίνεται
1030 4251 1123 4304 τοῦ
1153 4251 1370 4319 Πατρδς
1411 4252 1437 4302 ὁ
1478 4249 1653 4316 λέγων
1683 4250 1743 4302 τὸ

170 4343 399 4412 Πνεῦμα
431 4343 526 4396 καὶ
551 4345 616 4395 ὲκ
655 4342 748 4394 τοῦ
788 4341 918 4394 Υἱοῦ
1008 4341 1100 4403 Ὠς
1161 4342 1270 4410 γὰρ
1317 4339 1551 4392 ἐνταῦθα
1606 4341 1742 4410 μόνη

168 4435 322 4504 πηγὴ
352 4433 455 4500 τῆς
497 4432 822 4503 ὑπερουτεου
852 4432 1104 4502 θεότητος
1132 4431 1228 4484 τοῦ
1268 4429 1395 4484 Υἱοῦ
1429 4433 1488 4482 τὸ
1519 4431 1741 4499 Πνεῦμα

2147 2007 2362 2063 DICTA
2417 2011 2497 2066 SA
2515 2013 2685 2069 NCT!
2725 2013 3090 2072 DIONYSII.

1839 2118 1898 2176 S.
1933 2119 2174 2193 Dionysii
2213 2126 2545 2203 Artapagitg
2587 2130 2891 2203 de_divinis
2938 2134 3237 2189 nominibus
3292 2136 3403 2203 epi—

2187 2197 2339 2248 stolae
2370 2199 2435 2249 ad
2479 2197 2804 2254 Timotheum
2845 2219 2962 2271 cap.
2996 2204 3050 2256 2.

1908 2399 2098 2456 CXVI.
2145 2422 2162 2455 ι
2197 2403 2340 2470 Quin
2397 2406 2562 2460 etiam
2616 2416 2702 2462 est
2749 2411 2802 2463 In
2857 2413 3404 2480 superessentialibus

1847 2509 1864 2541 ι
1903 2489 1993 2544 Dei
2046 2493 2358 2549 nominibus
2405 2493 2705 2562 distinctio,
2748 2511 2854 2566 qua
2906 2515 3012 2552 non
3067 2507 3298 2564 tantum,
3347 2508 3407 2554 ut

1846 2601 1863 2632 ε
1901 2582 2035 2647 dixi,
2066 2583 2365 2640 secundum
2401 2586 2572 2656 ipsam
2615 2588 2876 2644 unionem
2913 2593 3168 2660 quaelibet
3210 2593 3404 2661 ιπεεεὶ-

1844 2693 1861 2725 ι
1899 2689 2128 2743 puarum
2172 2691 2529 2744 personarum
2597 2679 2954 2749 impermista.
3006 2691 3170 2751 atque
3218 2684 3405 2736 incon-

1847 2780 1864 2812 ι
1901 2759 2019 2817 fusa
2073 2764 2315 2833 ponitur,
2366 2781 2551 2820 verum
2597 2769 2759 2822 etiam
2799 2785 2887 2834 ea,
2929 2786 3048 2840 qum
3101 2772 3400 2840 supersub-

1847 2871 1865 2903 ι
1900 2855 2170 2910 stantialis
2202 2857 2347 2911 illius
2371 2857 2569 2912 divina:
2591 2860 2960 2928 generationis
2982 2871 3131 2923 sunt,
3175 2862 3314 2916 inter
3345 2877 3404 2916 se

1847 2963 1865 2995 ε
1902 2947 2126 3001 minime
2158 2948 2592 3017 reciprocantur.
2624 2951 2772 3006 Adeo
2805 2961 2863 3006 ut
2905 2955 3057 3007 solus
3095 2953 3256 3007 Pater
3283 2953 3402 3007 fons

1845 3056 1864 3090 ι
1901 3038 1967 3094 sit
2002 3039 2054 3092 in
2101 3042 2612 3109 supersubstantiali
2664 3044 2886 3108 dcitate,
2929 3055 3093 3114 atque
3127 3045 3196 3098 ita
3242 3044 3404 3098 Pater

1847 3145 1866 3178 ε
1905 3143 2012 3182 non
2062 3129 2133 3182 sit
2159 3128 2350 3195 Filius,
2385 3146 2560 3200 neque
2603 3131 2772 3185 Filius
2819 3133 2889 3187 sit
2918 3131 3099 3197 Pater,
3150 3135 3240 3188 sed
3289 3135 3406 3186 cui-

1846 3241 1863 3274 ι
1901 3237 2116 3292 cunque
2165 3224 2469 3278 divinarum
2502 3241 2858 3294 personarum
2885 3243 3117 3298 proprtre
3149 3243 3261 3283 sua:
3289 3229 3412 3281 lau-

1846 3333 1864 3364 ε
1903 3315 1996 3370 des
2026 3314 2301 3369 inviolata:
2334 3327 2750 3372 conserventur.
2785 3337 2801 3368 ι

2412 3409 2835 3464 Animadversio.

1919 3515 1937 3548 s
1979 3499 2151 3554 Audis
2198 3499 2252 3553 in
2299 3502 2464 3555 rebus
2519 3502 2720 3555 divinis
2766 3501 3102 3570 exponendis
3148 3501 3405 3556 acutissi-

1846 3606 1865 3638 ε
1908 3605 2055 3641 mum
2087 3589 2406 3660 Dionysium
2442 3591 2735 3658 ipsissimis
2766 3591 2946 3644 verbis
2983 3591 3159 3645 solum
3189 3588 3404 3644 Patrem

1849 3698 1865 3730 ε
1905 3682 2384 3746 superesscntialis
2411 3681 2652 3744 deitatis,
2693 3681 2814 3736 Filii
2841 3697 3038 3751 nempe
3063 3690 3117 3737 et
3147 3681 3405 3751 Spiritus,

1849 3790 1866 3822 ι
1903 3770 2107 3825 fontem
2141 3773 2473 3828 deCernere?
2501 3793 2520 3824 »

2477 3885 2766 3954 Rcfutatio.

1911 3977 2025 4034 Nisi
2053 3978 2327 4032 voluntate
2375 3978 2758 4043 obstinatiore,
2805 3987 2860 4032 et
2907 3977 3140 4032 consilio
3169 3977 3409 4032 afﬁrma‘

1842 4073 1980 4125 tiore
2031 4071 2232 4138 scripto
2264 4071 2461 4124 tradita
2489 4071 2711 4124 Patrum
2743 4070 2888 4124 dicta
2933 4070 3234 4139 intelligere
3272 4085 3408 4123 con-

1844 4161 2116 4225 tenderes,
2174 4161 2253 4214 vel
2306 4176 2368 4213 ex
2423 4161 2537 4214 sola
2601 4160 2703 4213 hac
2750 4159 3017 4227 producta
3082 4159 3407 4214 auctoritate

1843 4251 2127 4319 percipere
2179 4258 2420 4318 poteras,
2467 4247 2603 4300 nihil
2649 4245 2831 4300 Patris
2886 4245 3093 4314 absque
3140 4245 3407 4312 principio

1843 4357 2063 4396 causam
2113 4340 2327 4404 laedere,
2359 4340 2450 4409 qui
2484 4338 2625 4392 dicit.
2658 4337 2924 4407 Spiritum
2955 4339 3117 4391 etiam
3151 4352 3213 4389 ex
3249 4335 3406 4389 Filio.

1845 4426 2317 4497 Quemadmodum
2351 4432 2493 4484 enim
2529 4431 2614 4484 hic
2643 4429 2790 4485 solus
2817 4429 2939 4483 fons
2972 4429 3408 4499 superessentia-

167 4528 226 4579 τὸ
260 4526 420 4593 ᾶγιον
449 4525 690 4592 λέγεται,
719 4525 880 4577 τοῦτο
909 4525 955 4577 δ’
976 4526 1074 4576 οὐκ
1102 4523 1324 4576 ἄλλοθεν
1347 4524 1737 4585 πάντως,ἀλλὰ
1767 4530 1817 4589 Ι)

1767 4527 1916 4589 Dlis
1950 4524 2168 4577 deitatis
2226 4523 2344 4577 Filii
2394 4522 2554 4576 Pater
2606 4524 2891 4586 asscritur,
2941 4522 3133 4575 ethoc
3184 4535 3408 4589 prorsus

167 4615 255 4668 διὰ
281 4613 381 4667 τοῦ
411 4615 654 4682 ἀμέσως,
687 4615 750 4667 ἐκ
773 4613 868 4666 τοῦ
890 4613 1022 4666 Υἱοῦ
1056 4614 1113 4666 δὲ
1143 4613 1202 4666 τὸ
1239 4614 1460 4682 Πνεῦμα
1499 4614 1740 4683 πηγάζε-

169 4707 294 4761 σθαι
330 4709 396 4758 ὲκ
427 4707 641 4777 Πατρός
663 4725 678 4739 ο
702 4707 847 4761 οὕτω
875 4710 968 4760 καὶ
1005 4707 1132 4761 ἔνθα
1165 4709 1228 4759 ἂν
1261 4707 1363 4774 τῆς
1391 4708 1614 4775 Γραφῆς
1649 4707 1739 4759 ,ὐ-

169 4797 434 4865 ρεσκηται
466 4795 755 4864 λεγόμενος
781 4799 809 4850 ό
843 4797 1033 4867 Πατὴρ
1063 4797 1233 4858 αῐτιος
1259 4813 1350 4848 του
1394 4796 1527 4849 Υἱοῦ
1559 4813 1618 4848 τε
1647 4799 1742 4848 καὶ

167 4885 514 4955 Πνευματος,
551 4886 644 4937 καὶ
689 4885 835 4954 ἁρχὴ
890 4887 983 4938 καὶ
1027 4886 1150 4956 ῥίζα
1189 4885 1319 4942 Υἰοῦ
1343 4903 1400 4937 τε
1437 4903 1532 4937 και
1575 4885 1742 4937 Πνεύ-

171 4992 364 5044 ματος,
406 4973 564 5027 οὐδέν
616 4992 670 5028 τι
707 4991 892 5028 εκεισε
958 4975 1324 5046 προσίσταται
1365 4975 1646 5043 λέγεσθαι,
1681 4975 1741 5026 τὸ

167 5065 397 5135 Πνεῦμα
426 5066 522 5117 καὶ⁵
545 5066 610 5118 ἐκ
636 5065 732 5119 τοῦ
757 5065 909 5132 Υἱοῦ,
940 5067 1036 5137 τῆς
1066 5068 1164 5136 μὲν
1195 5068 1433 5137 ἀνάρχου
1455 5069 1636 5131 αἰτίας
1665 5067 1743 5138 τῷ

166 5157 348 5229 Πατρὶ
370 5158 738 5228 τηρουμένης,
767 5157 860 5212 τοῦ
885 5158 1016 5211 Υῐοῦ
1046 5159 1100 5213 δὲ
1127 5159 1360 5213 καθόσον
1382 5160 1509 5230 ἥκει
1541 5162 1622 5224 εἰς
1643 5164 1743 5232 τὴν

168 5251 287 5312 διὰ,
331 5248 904 5321 παραλαμϐανομένου
928 5251 1021 5304 ἐπὶ
1078 5253 1142 5322 τῇ
1186 5251 1396 5323 προόδῳ
1436 5250 1532 5305 τοῦ
1573 5252 1742 5306 Ilvati-

175 5358 365 5412 ματος.

699 5432 806 5486 Ἐκ
836 5433 947 5500 τῆς
984 5431 1196 5501 αὐτῆς.

237 5543 387 5599 ΡΙΖ⁹.
431 5563 452 5597 ι
493 5546 665 5600 Πάλιν
695 5546 779 5600 ὅτι
823 5548 923 5616 μέν
955 5549 1069 5600 ἐστι
1109 5551 1322 5618 πηγαια
1364 5547 1600 5619 θεότηςό
1624 5550 1742 5604 Πα-

181 5651 198 5686 ι
241 5634 372 5704 τηρ,
396 5636 425 5687 ό
448 5635 506 5688 δὲ
530 5635 655 5698 Υἱὸς
684 5636 780 5690 καὶ
815 5637 876 5689 τὸ
911 5637 1133 5708 Πνεῦμα
1156 5637 1256 5708 τῆς
1281 5639 1532 5706 θεογόνου
1559 5639 1741 5708 θεότη-

181 5741 200 5775 ι
241 5740 361 5788 τος,
384 5726 436 5778 ει
465 5724 612 5780 οὕτω
663 5726 770 5797 χρὴ
815 5729 1006 5797 φάναι,
1047 5729 1267 5798 βλαστοὶ
1314 5730 1592 5799 θεόφυτοι,
1645 5733 1742 5784 καὶ

183 5831 200 5864 ι
243 5810 356 5868 οἷον
400 5813 536 5886 ἄνθη
568 5817 662 5871 καὶ
705 5818 1007 5888 ὑπερούσια
1036 5819 1212 5888 φῶτα,
1262 5821 1399 5892 πρὸς
1428 5821 1539 5876 τῶν
1581 5821 1740 5894 ιερῶν

1843 4631 1948 4669 non
1980 4615 2218 4675 aliunde,
2257 4615 2348 4668 sed
2400 4631 2462 4668 ex
2504 4629 2570 4668 eo
2615 4617 2757 4681 quod
2802 4631 2907 4667 non
2943 4613 3273 4674 immediate,
3315 4613 3409 4666 sed

1842 4722 1937 4776 per
1980 4706 2176 4760 Filium
2233 4705 2471 4775 Spiritus
2532 4706 2736 4758 dicitur
2780 4718 2842 4756 ex
2901 4705 3058 4758 Patre
3105 4716 3404 4756 emanare:

1841 4794 1962 4869 pari
2010 4800 2172 4852 modo
2227 4799 2316 4852 ubi
2363 4798 2624 4864 scriptum
2677 4796 2982 4858 invenitur,
3025 4795 3236 4848 Patrem
3286 4806 3407 4845 esse

1842 4905 2062 4945 causam
2093 4888 2212 4942 Filii
2257 4899 2309 4942 et
2350 4887 2610 4957 Spiritus,
2639 4895 2692 4939 et
2717 4885 3042 4954 principium
3075 4895 3127 4938 et
3157 4883 3403 4937 radicem

1842 4980 1965 5034 Filit
2007 4991 2062 5034 et
2108 4979 2366 5048 Spiritus.
2421 4980 2557 5032 nihil
2597 4978 2742 5032 aliud
2791 4979 2954 5030 datur
2995 4975 3244 5044 intelligi,
3289 4974 3394 5028 nisi

1845 5073 2106 5144 Spiritum
2137 5086 2256 5126 esse
2290 5072 2455 5124 etiam
2505 5087 2569 5125 ex
2613 5069 2787 5133 Filio;
2839 5084 3001 5123 causa
3028 5070 3231 5137 absque
3253 5066 3406 5135 prin-

1842 5165 1986 5233 cipio
2030 5160 2175 5214 Patri
2218 5170 2514 5225 reservata,
2557 5159 2806 5229 Filioque
2854 5169 3118 5230 quantum
3154 5158 3220 5212 ad
3269 5173 3408 5226 prat-

1843 5253 2163 5323 positionem
2201 5266 2294 5319 per
2324 5251 2557 5319 pertinet
2601 5260 2904 5318 assumpto,
2958 5249 3010 5302 in
3058 5249 3407 5316 processione

1845 5343 2100 5413 Spiritus.

2458 5432 2540 5486 Ea:
2574 5433 2778 5487 eadem.

1912 5544 2122 5600 CXVII.
2169 5565 2187 5597 ε
2222 5544 2460 5599 Rursum
2492 5560 2520 5598 a
2553 5545 2855 5614 Scripturis
2886 5545 3060 5599 sacris
3089 5543 3400 5612 accepimus

1850 5655 1868 5689 ι
1901 5635 2113 5690 Patrem
2157 5638 2371 5706 quidem
2399 5651 2518 5691 esse
2554 5638 2813 5705 originem
2847 5637 2900 5690 in
2934 5637 3153 5700 divinis,
3203 5634 3400 5688 Filium

1851 5747 1869 5780 ε
1909 5743 2037 5782 vero
2067 5737 2119 5782 et
2147 5725 2405 5797 Spiritum
2437 5735 2712 5793 sanctum,
2739 5727 2897 5797 quasi
2933 5725 3025 5781 Dei
3054 5726 3285 5796 prolem,
3320 5722 3402 5776 vel

1851 5838 1868 5870 ε
1909 5819 1952 5874 si
1983 5819 2129 5876 dietu
2165 5818 2246 5875 fas
2288 5830 2377 5885 su,
2408 5819 2567 5890 quasi
2608 5836 2852 5890 germina
2882 5820 3063 5876 divina
3095 5835 3157 5874 ac
3201 5818 3402 5874 lumina
