4202 6454
739 429 841 494 567
1757 427 1968 492 JOAN.
2013 431 2225 494 VECCI
2264 434 2373 496 CP.
2414 433 2930 496 PATRIARCHA!
3861 430 3967 495 568

748 567 770 599 ε
806 547 1021 601 trinitas
1051 547 1312 616 indivisa;
1355 562 1509 605 mcns
1544 549 1750 621 absque
1779 550 2076 622 principio,
2128 553 2301 609 solius
2329 555 2377 615 Δ

2413 570 2432 606 t
2479 569 2660 623 χυτος,
2696 552 2794 606 καὶ
2822 549 2983 621 τριὰς
3001 546 3328 619 ἀδιαίρετος,
3354 544 3481 608 νοῦς
3510 543 3766 615 ἄναρχος,
3804 546 3969 613 μόνον

750 658 769 690 ι
807 639 920 693 sola
963 639 1330 695 essentialiter
1369 642 1573 711 absque
1608 643 1902 713 principio,
1946 641 2101 699 Verbi
2148 643 2297 714 geni-

2413 662 2426 696 l
2469 642 2629 714 μόνος
2682 640 2960 704 οὐσιωδῶς
3016 640 3255 711 ἀνάρχου
3308 636 3487 707 Λόγου
3536 638 3831 707 γεννήτωρ,
3870 636 3969 688 καὶ

750 748 770 781 ι
808 729 937 792 trix,
966 737 1021 783 et
1061 729 1233 786 solius
1263 738 1541 801 perpetuat
1566 731 1712 797 vitae,
1739 740 1794 789 et
1832 730 2074 804 Spiritus
2119 737 2298 792 sancti

2413 751 2427 787 t
2472 733 2641 805 μόνης
2664 732 2835 787 ἀῖδτου
2888 729 3036 803 ζωῆς
3062 731 3158 785 καὶ
3188 730 3505 801 Πνεῦματος
3534 728 3688 799 ἁγίου
3722 727 3898 799 πηγή.
3940 743 3960 778 ι

745 841 765 873 ι
800 820 944 877 fons.
984 840 1004 873 ι

1316 915 1736 973 Animaduertit).
3000 916 3377 973 ’Ezwtaala.

821 1021 840 1054 ι
880 1002 1084 1059 Discito
1118 1006 1186 1059 ab
1216 1004 1317 1059 hoc
1341 1021 1560 1077 quoque
1592 1008 1776 1064 divino
1801 1008 1983 1075 Patre,
2015 1007 2299 1064 amborum

2475 1030 2497 1065 ι
2545 1010 2747 1066 Ἄκουε
2777 1008 2875 1065 καὶ
2896 1009 3060 1080 παρὰ
3081 1007 3269 1063 τούτου
3298 1007 3391 1064 τοῦ
3443 1006 3590 1061 θείου
3622 1005 3835 1074 Πατρδς
3870 1004 3964 1057 ατ-

750 1111 770 1145 ε
805 1107 1021 1150 causam
1052 1107 1103 1151 et
1134 1094 1255 1154 Filii
1281 1106 1339 1155 et
1368 1099 1604 1168 Spiritus
1634 1100 1875 1167 Patrem,
1922 1100 2068 1156 illius
2097 1108 2158 1155 ut
2204 1115 2303 1172 ge-

2413 1120 2428 1154 t
2465 1117 2580 1155 τιον
2609 1099 2706 1154 καὶ
2727 1099 2952 1170 ἀμεροτν,
2981 1097 3077 1153 τοῦ
3118 1116 3178 1152 τε
3204 1096 3337 1152 Υῐοῦ
3377 1097 3473 1152 καὶ
3505 1095 3600 1150 τοῦ
3627 1095 3969 1161 Πνεύματος,

751 1200 771 1235 t
807 1184 1066 1252 nitorem,
1089 1187 1251 1258 hujus
1274 1189 1352 1243 uti
1386 1188 1591 1244 fontem
1622 1198 1891 1246 assertum
1924 1190 2114 1247 fuisse.
2151 1210 2170 1245 ι

2413 1211 2426 1245 t
2469 1191 2561 1246 τδν
2595 1191 2837 1262 Πατέρα,
2874 1188 2970 1245 τοῦ
3005 1190 3106 1261 μὲν
3133 1189 3210 1252 ὡς
3257 1189 3581 1259 γεννήτορα,
3625 1184 3723 1240 τοῦ
3771 1186 3828 1239 δὲ
3887 1185 3966 1249 ὡς

2385 1296 2427 1336 't
2472 1282 2655 1355 πηγὴν
2678 1283 3100 1355 κηρυττόμενον.
3142 1299 3160 1332 ι

2975 1371 3371 1441 Ἀντίρῤησις.

2473 1468 2743 1536 Διάφορον
2790 1462 2927 1527 τέως
2980 1462 3151 1516 αἴτιον
3208 1460 3342 1514 Υῐοῦ
3390 1456 3619 1512 καὶτοῦ
3650 1456 3970 1526 Πνεύματος

1368 1370 1664 1439 Refutatio.

820 1457 1093 1517 Diversam
1132 1461 1347 1516 tandem
1400 1478 1622 1517 causam
1669 1463 1788 1518 Filii
1839 1473 1890 1519 ct
1924 1464 2155 1535 Spiritus
2204 1465 2306 1520 Pa-
2390 1470 2395 1473 '

745 1548 882 1606 trem
915 1552 1122 1614 fateris,
1155 1552 1303 1606 illius
1339 1565 1398 1606 ut
1436 1554 1758 1622 genitorem,
1793 1555 1953 1625 hujus
1983 1564 2039 1609 nt
2068 1555 2301 1613 fontem.

2413 1562 2493 1614 τὸν
2521 1559 2743 1627 Πατέρα
2772 1556 3077 1628 ὁμολογεῖς,
3110 1552 3206 1607 τοῦ
3238 1553 3359 1622 μὲν,
3390 1551 3465 1613 ὡς
3507 1553 3826 1619 γεννήτορα.
3859 1548 3960 1601 τοῦ

745 1638 801 1693 Si
842 1640 1021 1706 itaque
1069 1649 1123 1693 et
1153 1638 1274 1693 Filii
1316 1650 1370 1694 et
1417 1642 1652 1709 Spiritus
1700 1642 1955 1712 contigua
1984 1657 2149 1700 causa
2198 1652 2302 1708 est,

2413 1652 2476 1715 ει,
2500 1650 2575 1713 ὡς
2607 1650 2813 1718 πηγήν.
2869 1647 2935 1700 Ei
2968 1642 3102 1712 γοῦν
3135 1644 3232 1697 καὶ
3262 1643 3359 1694 τοῦ
3386 1641 3518 1696 Υιοῦ
3548 1641 3645 1694 καὶ
3667 1640 3762 1693 τοῦ
3794 1638 3975 1692 Πνεύ-

746 1732 969 1786 ubinam
1017 1741 1097 1786 est
1156 1733 1209 1786 in
1269 1730 1428 1785 Patre
1484 1746 1663 1786 causa:
1715 1732 2054 1789 discrimen?
2123 1736 2305 1800 Quare

2413 1759 2581 1811 ματος
2608 1740 2753 1793 κατὰ
2782 1738 2841 1792 τὸ
2869 1736 3140 1808 προσεχές
3172 1736 3319 1787 ἐστιν
3346 1734 3541 1799 αἴτιος,
3572 1731 3675 1785 ποῦ
3706 1731 3766 1783 τὸ
3792 1734 3848 1782 ἐν
3889 1728 3973 1797 τῷ

746 1818 1119 1874 adnotandum
1152 1820 1248 1874 tibi
1278 1828 1361 1876 est
1390 1836 1498 1891 qua
1542 1823 1753 1877 ratione
1787 1834 2017 1879 sanctus
2047 1840 2111 1879 ex
2141 1825 2305 1880 Patre
2340 1888 2380 1901 _

2413 1830 2583 1901 Πατρὶ
2634 1829 2891 1899 διάφορον
2944 1828 3042 1896 τῆς
3078 1828 3287 1892 uitiae;
3320 1826 3409 1878 Δεῖ
3456 1825 3514 1878 δὲ
3562 1820 3980 1890 σημειώσασθαῑ

748 1909 985 1981 Spiritus
1022 1912 1427 1978 exsistentiam,
1474 1929 1599 1969 cum
1643 1913 1854 1969 Patrem
1896 1913 2099 1969 fontem
2140 1931 2303 1971 voca-
2340 1888 2380 1945 θ

2413 1938 2492 1987 σε,
2523 1888 2908 1991 ὐπωςόᾶγιος
3088 1920 3154 1971 ἐκ
3207 1888 3302 1969 τοῦ
3360 1914 3571 1985 Πατρδς
3612 1888 3847 1980 ὐήπαρξιν
3878 1909 3978 1964 τοῦ

747 2004 888 2058 verit
919 2004 1163 2073 aperuit;
1199 2013 1256 2059 ut
1298 2020 1423 2059 cum
1476 2006 1747 2060 inveneris
1782 2016 1835 2060 et
1870 2005 2065 2060 Filium
2105 2005 2306 2061 fontem

2413 2013 2723 2083 Πνεύματος
2753 2013 2811 2065 ὲν
2838 2011 2915 2081 τῷ
2949 2010 3041 2063 τὸν
3075 2008 3303 2078 Πατέρα
3317 2009 3499 2076 πηγὴν
3530 2006 3756 2060 καλέσαι
3816 2004 3977 2071 δεδή-

748 2092 991 2164 Spiritus
1040 2096 1215 2150 sancti
1264 2096 1490 2159 dictum,
1541 2111 1608 2150 ne
1648 2096 1701 2151 in
1744 2096 1890 2151 aliud
1942 2107 2153 2167 tempus
2184 2114 2310 2169 pro-

746 2188 934 2240 trahas
999 2186 1176 2252 fateri,
1229 2186 1488 2256 Spiritum
1538 2203 1660 2243 esse
1707 2189 1868 2243 etiam
1918 2204 1984 2243 ex
2054 2198 2304 2260 utroque.

743 2275 956 2332 Etenim
1003 2277 1072 2348 si,
1108 2279 1186 2332 uti
1219 2288 1444 2333 sanctus
1465 2278 1701 2348 Cyt-illus
1738 2280 1943 2336 refert:
1991 2298 2009 2333 t
2050 2278 2309 2336 Omnium

746 2369 1078 2423 naturalium
1128 2369 1393 2423 benornm
1441 2370 1620 2425 Patris
1656 2371 1931 2441 particeps
1980 2378 2064 2426 est
2107 2369 2305 2435 Filius,

743 2474 913 2513 unam
975 2462 1021 2516 si
1079 2462 1326 2531 excipias
1367 2462 1788 2530 paternitatem.
1827 2482 1848 2516 ι
1912 2462 2075 2517 Pater
2123 2472 2305 2518 autem

748 2550 989 2615 Spiritus
1038 2567 1145 2607 non
1197 2564 1299 2609 est.
1334 2552 1622 2620 Quomodo
1667 2569 1795 2609 vero
1839 2571 1963 2611 cum
1992 2555 2156 2611 Patre
2197 2570 2308 2610 non

748 2643 1178 2697 communicabit
1202 2644 1254 2697 in
1290 2644 1636 2698 etnanatione
1663 2644 1922 2714 Spiritus,
1965 2645 2010 2701 si
2039 2646 2148 2700 duo
2186 2646 2309 2701 fon-

749 2743 833 2787 tes
884 2748 993 2787 non
1049 2741 1196 2798 sunt,
1250 2734 1346 2789 sed
1394 2750 1541 2790 unus
1595 2733 1724 2789 fons
1756 2733 1994 2805 Spiritus
2050 2736 2210 2791 Pater
2255 2745 2310 2792 et

742 2820 954 2877 Filius?

924 2935 1008 2993 Ex
1040 2900 1627 3009 colloquidOrtltodoxi
1653 2949 1703 2996 ει
1733 2940 2128 2999 Macedoniani.

817 3104 1005 3162 CXXI.
1052 3125 1071 3159 ι
1108 3106 1175 3161 Δ.
1214 3105 1448 3163 Potesne
1484 3107 1618 3163 mihi
1662 3108 1952 3166 ostendere
1982 3126 2220 3180 quonam
2251 3111 2307 3166 in

2408 2103 2605 2169 ).ωκεν,
2648 2104 2717 2157 ἶν’
2747 2104 2877 2157 ὅταν
2911 2100 3175 2171 εὖρίσκῃς
3229 2099 3325 2153 καὶ
3358 2096 3449 2151 τδν
3500 2097 3631 2150 Υῑὸν
3667 2097 3849 2165 πηγὴν
3878 2094 3977 2147 τοῦ

2410 2195 2565 2263 ἁγίου
2591 2193 2882 2263 λεγόμενον
2912 2190 3052 2245 Πνεύ
3062 2207 3252 2259 ματος,
3283 2188 3357 2258 μὴ
3384 2187 3661 2258 ἀναϐάλλῃ
3689 2186 3979 2254 ὁμολογεῖν

2410 2281 2548 2339 εἶναι
2586 2284 2645 2337 τὸ
2680 2282 2907 2352 Πνεῦμα
2962 2279 3056 2334 καὶ
3107 2277 3168 2343 ἐξ
3206 2278 3435 2346 ἀμφοῖν.
3466 2275 3527 2329 Ei
3571 2275 3678 2343 γὰρ
3715 2274 3853 2326 κατὰ
3883 2273 3985 2323 τὸν

2411 2376 2565 2444 ἅγιον
2631 2373 2901 2445 Κύριλλον
2940 2389 2958 2424 t
2995 2370 3225 2425 Πάντων
3282 2367 3391 2420 τῶν
3447 2366 3695 2435 φυσικῶν
3752 2362 3985 2430 ἀγαθῶν

2409 2468 2505 2522 τοῦ
2536 2467 2747 2538 Πατρδς
2777 2464 3041 2527 κοινωνός
3075 2464 3224 2515 ἐστιν
3252 2464 3279 2515 6
3310 2460 3437 2522 Υἱὸς
3484 2460 3612 2514 ἄνευ
3645 2454 3736 2511 τοῦ
3790 2455 3985 2523 Πατὴρ

2412 2556 2574 2623 εἶναι,
2607 2558 2797 2629 Πατὴρ
2836 2556 2936 2625 μὲν
2988 2555 3093 2609 οὐκ
3123 2553 3243 2607 ἔστι
3276 2547 3371 2605 tu:
3412 2549 3750 2619 Πνεύματος·
3798 2546 3874 2616 τῷ
3922 2544 3983 2598 δι

2412 2648 2591 2717 llas-pi.
2625 2647 2742 2711 πῶς
2787 2646 2854 2700 ἂν
2880 2645 2960 2707 εἰς
3000 2644 3091 2698 τὸν
3118 2641 3213 2696 τοῦ
3246 2638 3565 2709 Πνεύματος
3597 2638 3658 2690 οὐ
3712 2635 3985 2701 κοινωνή-

2417 2756 2527 2793 σειε
2559 2736 2871 2809 πηγασμὸν,
2902 2736 2954 2789 εῐ
2980 2751 3043 2803 γε
3077 2733 3153 2802 μὴ
3174 2732 3267 2786 δύο
3296 2731 3490 2801 πηγαὶ,
3525 2727 3661 2782 ἀλλὰ
3691 2726 3787 2796 μία
3825 2723 3983 2793 πηγὴ

2414 2830 2506 2885 τοῦ
2532 2831 2848 2899 Πνεύματος
2884 2830 2911 2881 6
2943 2828 3133 2896 Πατήρ
3163 2824 3271 2878 εισι
3299 2824 3390 2877 καὶ
3434 2821 3463 2873 6
3499 2820 3658 2885 Υἱός;

2425 2946 2561 3002 Ἀπὸ
2609 2943 2716 3010 τῆς
2748 2944 2817 2997 ἐκ
2851 2941 3178 3010 προσώπου
3224 2931 3735 3010 ὀρθοδᾴεορ-,μαὶ
3785 2934 3989 2985 Μακε-

2662 3003 2949 3067 δονίανόὗ
2983 3003 3387 3071 συντεθείσης
3426 3003 3768 3068 διαλέξεως.

2486 3105 2664 3161 PKA’.
2712 3123 2731 3156 t
2777 3106 2842 3160 Α.
2906 3103 3089 3171 Ἔχεις
3141 3117 3233 3170 μοι
3266 3097 3462 3162 δεῖξαι,
3510 3094 3614 3148 ποῦ
3669 3095 3987 3165 γέγραπται

752 3220 770 3253 ι
810 3200 930 3255 loco
961 3200 1226 3270 scriptum
1251 3207 1355 3263 est,
1389 3199 1553 3255 Deum
1579 3214 1701 3256 esse
1728 3200 1991 3271 Spiritum
2014 3199 2037 3256 ?
2059 3202 2199 3269 Quid
2224 3219 2308 3258 me
2336 3221 2378 3279 ε

2421 3214 2440 3249 t
2481 3196 2613 3259 Θεὸς
2640 3195 2702 3248 τὸ
2734 3193 2993 3263 Πνεῦμας
3025 3191 3091 3244 Τί
3133 3207 3199 3258 με
3242 3186 3527 3258 περιάγεις
3559 3184 3765 3248 mihi;
3820 3184 3878 3236 Β.
3923 3184 3989 3235 Ei

751 3310 773 3344 ι
810 3291 995 3347 multis
1023 3292 1125 3346 hac
1167 3294 1331 3360 atque
1374 3292 1464 3347 illa
1496 3291 1859 3349 circumfers?
1886 3294 1945 3348 B.
1980 3294 2034 3349 Si
2070 3296 2306 3364 primum

754 3405 772 3437 ι
809 3382 1028 3454 quidem
1062 3385 1238 3439 sancti
1266 3383 1494 3453 apostoli
1527 3395 1867 3455 agnoverunt
1900 3385 2165 3455 Spiritum
2198 3397 2308 3441 tum

754 3491 772 3522 ε
811 3480 995 3540 postea
1056 3472 1278 3536 Filium,
1336 3480 1483 3527 recte
1532 3481 1584 3527 ct
1645 3482 1703 3527 tu
1750 3489 1968 3543 quoque
2012 3476 2310 3543 cognitioni

758 3582 777 3613 ε
815 3562 938 3616 Filii
987 3563 1349 3633 cognitionem
1409 3560 1647 3637 Spiritus
1692 3565 1987 3633 preponis.
2049 3565 2206 3630 Quod
2264 3565 2310 3618 si

756 3673 775 3704 ε
819 3657 969 3723 prius
1022 3653 1156 3722 ipsis
1213 3653 1450 3708 innotuit
1499 3651 1692 3712 Filius.
1737 3655 1993 3723 deinceps
2049 3654 2309 3724 Spiritus,

755 3763 775 3797 ι
812 3745 966 3814 prius
1016 3752 1071 3797 tu
1106 3760 1325 3814 quoque
1378 3760 1614 3815 agnosce
1642 3744 1766 3799 Filii
1795 3746 2074 3806 deitatem.
2119 3758 2172 3800 et
2202 3758 2311 3802 tum

756 3852 775 3885 ι
816 3833 1126 3898 assequeris
1169 3844 1222 3887 et
1253 3832 1496 3903 Spiritus
1545 3836 1934 3904 cognitionem.
1969 3836 2031 3889 A.
2088 3835 2213 3890 Scio
2260 3846 2314 3889 et

755 3943 775 3975 ε
812 3924 977 3979 credo
1008 3921 1175 3978 Deum
1213 3938 1335 3979 esse
1362 3922 1584 3989 Filium,
1634 3940 1699 3979 ex
1726 3925 1833 3979 Deo
1878 3937 1926 3979 et
1962 3923 2121 3981 Patre
2160 3928 2316 3997 geni-

758 4033 778 4067 t
817 4022 952 4078 tum,
993 4023 1163 4069 totum
1192 4030 1256 4069 ex
1286 4023 1418 4068 toto.
1450 4013 1509 4069 Β.
1541 4013 1708 4083 Igitur
1739 4030 1805 4068 ex
1831 4015 2093 4071 essentia.
2114 4015 2176 4068 A.
2214 4014 2316 4068 hli-

755 4125 776 4158 ε
814 4109 956 4162 nime
984 4107 1243 4177 genitum.
1289 4108 1346 4160 Β.
1383 4107 1497 4173 Qua
1532 4121 1659 4177 ergo
1706 4107 1915 4162 ratione
1942 4108 2080 4161 dicis
2134 4108 2309 4177 ipsum

2419 3308 2437 3339 ι
2484 3288 2584 3358 μὲν
2605 3287 2820 3358 πρῶτον
2847 3286 3089 3354 ἔγνωσαν
3115 3283 3163 3335 οἱ
3193 3281 3336 3349 ἅγιοι
3366 3277 3657 3334 ἀπόστολοι
3679 3276 3739 3330 τὸ
3762 3275 3990 3345 Πνεῦμα

2418 3400 2436 3431 t
2487 3381 2581 3435 καὶ
2616 3379 2737 3432 τότε
2777 3377 2869 3431 τὸν
2912 3376 3062 3437 Υιδν,
3098 3373 3277 3434 καλῶς
3312 3373 3406 3425 καὶ
3464 3372 3529 3423 σὺ
3567 3368 3847 3437 ἐπιζητεῖς
3882 3370 3989 3435 τὴν

2419 3490 2439 3524 t
2486 3471 2581 3525 τοῦ
2613 3472 2931 3537 Πνεύματος
2953 3466 3158 3535 γνῶσιν
3213 3466 3319 3533 πρὸ
3378 3462 3476 3532 τῆς
3508 3462 3604 3515 τοῦ
3663 3460 3791 3512 Υιοῦ
3841 3458 3993 3526 γνὼ-

2419 3580 2438 3616 t
2487 3579 2626 3625 σεως
2652 3577 2666 3592 ο
2705 3563 2752 3614 ει
2776 3560 2833 3613 δὲ
2860 3559 3122 3627 πρότερον
3152 3555 3398 3624 ἐγνώσθη
3429 3554 3611 3615 αὐτοῖς
3651 3554 3677 3604 6
3713 3553 3858 3614 Υἱός,
3892 3555 3992 3605 καὶ

2422 3675 2439 3707 t
2484 3658 2605 3709 τότε
2645 3653 2704 3706 τὸ
2759 3650 3004 3719 Πνεῦμα,
3057 3648 3323 3718 πρότερον
3367 3646 3462 3698 καὶ
3493 3644 3659 3707 αὐτὸς
3720 3643 3991 3711 ὲττίγνωθι

2422 3763 2441 3796 t
2481 3746 2579 3815 τὴν
2610 3742 2703 3796 τοῦ
2739 3740 2869 3794 Υἱοῦ
2899 3739 3151 3809 θεότητα,
3188 3735 3281 3789 καὶ
3323 3733 3467 3788 οὕτω
3510 3734 3727 3804 μαθήσῃ
3761 3735 3852 3784 καὶ
3886 3736 3989 3799 τὴν

2421 3856 2439 3888 t
2482 3834 2575 3889 τοῦ
2607 3834 2924 3901 Πνεύματος
2956 3829 3180 3897 γνῶσιν.
3218 3829 3280 3879 Α.
3313 3822 3442 3878 υἷδα
3482 3827 3576 3877 καὶ
3630 3823 3876 3876 πιστεύω
3909 3824 3997 3875 ὅτι

2421 3947 2438 3980 t
2488 3928 2619 3989 Θεός
2655 3928 2800 3979 ἐστιν
2829 3927 2855 3977 6
2888 3922 3040 3986 Υἱὸς,
3071 3922 3141 3973 ὲκ
3178 3920 3272 3972 τοῦ
3302 3917 3437 3971 Θεοῦ
3494 3918 3591 3971 καὶ
3618 3917 3829 3986 Πατρὶς
3860 3933 3995 3983 γεν-

2425 4036 2444 4069 ‹
2483 4016 2666 4087 νηοεὶς
2693 4016 2814 4078 ὅλος
2849 4014 2906 4079 ἐξ
2933 4012 3077 4065 ὅλον.
3133 4012 3194 4063 Β.
3230 4009 3441 4061 Οὐκοῦν
3499 4009 3562 4059 ὲκ
3610 4007 3710 4075 τῆς
3769 4007 3989 4069 οὐσίας.

2424 4127 2442 4160 t
2486 4111 2549 4161 Α.
2592 4105 2687 4159 0'3.
2726 4104 2784 4159 Β.
2834 4104 3017 4167 οὕτως
3057 4099 3149 4156 οὖν
3189 4101 3351 4153 αὐτὸν
3381 4099 3560 4166 λέγεις
3586 4098 3707 4151 ὅλον
3752 4098 3809 4162 ἐξ
3836 4097 3991 4159 ὅλου,

757 4218 776 4251 ε
812 4207 984 4258 totum
1037 4212 1100 4252 ex
1139 4204 1274 4262 toto,
1307 4198 1469 4253 sicuti
1519 4199 1832 4268 angelorum
1885 4200 2205 4267 quemlibet,
2257 4207 2313 4253 et

2422 4221 2440 4251 ι
2483 4199 2556 4265 ὡς
2585 4200 2816 4253 ἕκαστον
2854 4197 2962 4249 τῶν
2995 4194 3245 4262 ἀγγέλων
3276 4194 3369 4245 καὶ
3392 4192 3502 4243 τῶν
3538 4190 3716 4245 ἄλλων
3748 4191 3993 4257 κτισμά-

757 4307 777 4338 ‹
817 4289 1047 4343 aliarum
1094 4288 1509 4344 creaturarum?
1550 4290 1613 4341 A.
1650 4287 1754 4342 Sed
1803 4287 1975 4343 Filius
2004 4289 2317 4358 unigenitus

2423 4313 2443 4347 t
2489 4310 2629 4357 τωνς
2698 4292 2760 4346 Α.
2803 4287 2946 4341 Ἀλλ’
2992 4288 3022 4340 6
3053 4286 3182 4348 Υἱὸς
3221 4284 3513 4354 μονογενής
3574 4283 3740 4334 ἐστιν.
3780 4278 3840 4335 Β.
3889 4281 3996 4334 Διὰ

762 4396 781 4429 t
820 4389 925 4434 est.
967 4378 1029 4434 Β.
1072 4377 1363 4447 Propterea
1404 4392 1528 4432 eum
1578 4377 1716 4433 dicis
1751 4379 2117 4450 unigenitum,
2170 4380 2315 4444 quod

2424 4402 2443 4436 t
2489 4382 2647 4436 τοῦτο
2672 4381 2839 4433 αὐτὸν
2884 4379 3063 4445 λέγεις
3092 4374 3394 4442 Μονογενῆ,
3423 4374 3544 4425 ἐπεὶ
3570 4372 3725 4434 ἄλλος
3754 4371 4002 4435 τοιοῦτος

759 4490 780 4524 ι
818 4472 1000 4527 nullus
1046 4472 1191 4533 alius
1219 4471 1343 4525 talis
1382 4480 1505 4537 est;
1537 4470 1620 4524 vel
1657 4472 1799 4541 quod
1834 4471 1982 4527 solus
2029 4486 2093 4527 ex
2130 4487 2320 4527 essen-

2427 4494 2446 4527 ι
2488 4475 2587 4527 οὐκ
2609 4473 2754 4525 ἔστιν
2775 4488 2789 4503 ο
2819 4471 2849 4541 ἦ
2879 4471 2998 4523 ἐπεὶ
3024 4468 3185 4538 μόνος
3212 4469 3273 4520 ὲκ
3296 4466 3395 4535 τῆς
3420 4463 3609 4526 οὐσίας
3639 4464 3994 4531 γεγέννηται·

759 4584 778 4615 ε
814 4566 886 4617 tia
933 4564 1146 4633 genitus
1185 4573 1289 4618 est.
1325 4565 1390 4618 A.
1434 4563 1587 4630 Quod
1643 4564 1822 4619 nnllns
1854 4566 1996 4618 alius
2042 4565 2165 4618 talis
2211 4572 2314 4617 est.
2350 4553 2393 4608 Β

2428 4586 2446 4618 t
2492 4569 2557 4620 A.
2605 4565 2759 4618 Ἐπεὶ
2789 4563 2945 4624 ἄλλος
2969 4559 3213 4620 τοιοῦτος
3235 4558 3336 4611 οὐκ
3371 4556 3538 4609 ἔστιν.
3590 4556 3653 4609 Β.
3711 4553 3845 4607 Εἰπὲ
3900 4554 3999 4607 οῦν

761 4677 780 4708 ι
823 4656 882 4709 η.
916 4655 1091 4710 Dicito
1143 4656 1309 4724 igitur
1358 4655 1622 4725 Spiritum
1678 4665 1927 4710 Sanctum
1976 4656 2317 4726 unigenitum

2429 4676 2447 4709 ι
2494 4654 2814 4723 τδΠνεῦμα
2843 4653 2904 4705 τὸ
2952 4651 3107 4717 ᾶγιον
3166 4645 3432 4716 μονογενῆ
3489 4643 3617 4697 Υἱόν
3646 4660 3659 4673 ⁶
3720 4642 3850 4696 ἄλλο
3881 4644 3995 4712 γᾶρ

761 4767 779 4798 ι
820 4744 1037 4807 Filium,
1075 4762 1249 4815 neque
1293 4747 1439 4801 cnim
1472 4757 1557 4801 est
1606 4746 1749 4800 aliud
1806 4748 2002 4801 sitnilc.
2044 4748 2110 4801 A.
2168 4749 2323 4802 Absit

763 4857 782 4889 ε
820 4838 941 4891 Ιιοε.
978 4838 1035 4889 Β.
1074 4836 1188 4889 Non
1238 4838 1402 4903 igitur
1426 4839 1572 4906 quod
1604 4840 1756 4892 solus
1789 4840 1911 4893 talis
1945 4847 2029 4893 est
2068 4840 2320 4910 unigeni-

764 4947 782 4979 ε
819 4939 903 4982 tus
942 4928 1166 4992 dicitur,
1216 4928 1309 4983 sed
1349 4928 1493 4997 quod
1548 4929 1698 4983 solus
1748 4944 1810 4982 ex
1870 4927 2105 4982 essentia
2159 4937 2321 4983 natus

763 5036 784 5070 ι
820 5027 924 5073 est.
956 5017 1072 5073 Non
1110 5030 1188 5073 est
1233 5035 1299 5073 ει
1348 5021 1584 5074 essentia
1639 5020 1729 5073 Dei
1782 5020 2059 5089 Spiritus?
2100 5021 2156 5071 Β.
2188 5018 2321 5085 Quis

762 5130 782 5162 ι
821 5112 1017 5181 negat?
1041 5114 1105 5165 Α.
1142 5110 1284 5181 E-go
1310 5121 1364 5166 ct
1397 5113 1507 5181 ipse
1538 5111 1708 5165 Filius
1756 5121 1861 5166 est.
1895 5112 1954 5165 Β.
1994 5111 2101 5165 Sed
2145 5109 2319 5165 Filius

766 5222 785 5253 ε
825 5218 888 5256 ex
919 5203 1162 5258 essentia
1195 5204 1409 5271 genitus
1440 5212 1547 5267 est,
1583 5210 1982 5272 proptereaque
2011 5201 2321 5271 unigenitus

766 5307 784 5338 ι
823 5287 993 5345 Filius
1042 5299 1145 5353 est,
1199 5289 1434 5359 Spiritus
1465 5305 1596 5343 vero
1638 5306 1703 5344 ex
1736 5291 1974 5344 essentia
2021 5288 2263 5354 procedit
2301 5305 2314 5341 :

761 5399 782 5431 ε
819 5381 1232 5450 Spiritus-enim
1267 5397 1332 5437 ex
1366 5398 1451 5436 me
1498 5382 1743 5451 procedit
1776 5383 2040 5450 scriptum
2073 5390 2180 5444 est,
2214 5394 2318 5433 non

762 5493 781 5525 ε
820 5490 948 5529 vero
978 5484 1138 5529 natus
1170 5485 1272 5530 est.
1302 5475 1365 5527 A.
1408 5474 1473 5528 Et
1497 5490 1744 5543 quamam
1784 5484 1866 5527 est
1891 5473 2192 5527 differentia
2229 5488 2322 5540 ge-

764 5582 788 5603 ι
822 5564 1124 5620 nerationis
1159 5576 1213 5620 et
1267 5564 1671 5635 processionis?
1714 5564 1772 5618 B.
1808 5564 1910 5630 Qui
1960 5563 2317 5619 dill‘ercntiam

767 5675 786 5707 ‹
822 5656 993 5719 novit,
1056 5666 1111 5710 et
1164 5658 1383 5712 modum
1439 5656 1803 5727 generationis
1854 5664 1907 5708 et
1956 5654 2319 5725 processionis

766 5769 785 5802 ι
822 5751 994 5806 novit.
1026 5750 1301 5806 Neminem
1344 5766 1471 5805 vero
1498 5749 1864 5821 generationis
1902 5747 2119 5803 modum
2150 5762 2319 5817 agno-

766 5858 785 5893 ι
825 5855 975 5896 scere
1000 5840 1269 5913 Pmpheta
1302 5842 1499 5898 clamat
1524 5860 1536 5909 ;
1568 5861 1585 5895 ι
1615 5841 2029 5897 Grncrationcm
2055 5840 2172 5906 ejus
2193 5840 2316 5911 quis

2427 4765 2445 4798 t
2495 4746 2735 4799 τοιοῦτον
2767 4744 2867 4796 οὐκ
2897 4740 3033 4793 ἐστι.
3084 4738 3150 4792 Α.
3195 4736 3286 4805 Μὴ
3320 4734 3551 4804 γένοιτο.
3594 4734 3654 4788 Β.
3710 4734 3825 4786 Οὐκ
3882 4736 3994 4803 ἄρα

2427 4858 2444 4889 t
2491 4838 2579 4890 διὰ
2610 4836 2669 4888 τὸ
2708 4835 2867 4904 μόνον
2890 4830 3134 4885 τοιοῦτον
3163 4828 3324 4881 αὐτὸν
3360 4821 3497 4879 εἶναι
3542 4824 3857 4894 Μονογενὴς
3902 4825 3998 4877 ὶέ-

2432 4946 2451 4979 t
2497 4944 2673 4994 γεται,
2701 4924 2815 4978 ἀλλ’
2843 4921 3028 4991 ἐπειδὴ
3055 4921 3212 4989 μόνος
3232 4918 3295 4971 ὲκ
3314 4916 3410 4985 τῆς
3436 4915 3619 4977 οὐσίας
3640 4914 3993 4984 γεγέννηται.

2429 5037 2447 5069 ε
2493 5018 2557 5071 Δ.
2594 5016 2709 5068 Οὐκ
2738 5014 2884 5066 ἐστιν
2919 5013 2983 5064 ἐκ
3012 5011 3111 5075 τῆς
3141 5008 3331 5069 οὐσίας
3359 5005 3453 5059 τοῦ
3485 5004 3622 5058 Θεοῦ
3655 5006 3715 5057 τὸ
3741 5004 3991 5070 Πνεῦμας

2428 5125 2447 5159 t
2498 5106 2557 5160 Β.
2588 5105 2700 5158 Καὶ⁸
2725 5103 2889 5154 πάνυ.
2924 5101 2988 5152 Α.
3024 5098 3134 5151 Καὶ
3172 5095 3303 5148 αὐτὸ
3338 5095 3446 5164 ἄρα
3478 5094 3625 5155 Υἱός.
3658 5095 3719 5146 Β.
3791 5093 3931 5145 Ἀλλ’
3958 5094 3993 5146 6

2427 5218 2445 5251 ι
2504 5198 2600 5269 μὲν
2633 5196 2757 5257 Υἱὸς
2813 5194 2877 5245 ὲκ
2908 5192 3006 5259 τῆς
3067 5187 3252 5250 οὐσίας
3302 5185 3644 5254 γεγέννηται,
3693 5183 3783 5237 διὰ
3828 5183 3996 5237 τοῦτο

2429 5309 2449 5342 t
2498 5287 2790 5359 μονογενὴς
2843 5282 2991 5345 Υἱὸς,
3046 5280 3107 5334 τὸ
3157 5279 3215 5331 δὲ
3280 5277 3505 5345 Πνεῦμα
3536 5277 3599 5329 ὲκ
3660 5275 3762 5345 τῆς
3799 5275 3995 5338 οὐσίας

2428 5401 2448 5434 t
2492 5379 2871 5449 ἐκπορεύεται.
2910 5393 2928 5427 t
2963 5370 3189 5443 Πνεῦμα
3217 5370 3326 5439 γὰρ
3356 5369 3486 5438 παρ’
3522 5367 3656 5437 ἐμοῦ
3692 5367 3997 5435 ἐκπορεύε-

2434 5492 2453 5525 t
2496 5491 2586 5525 ται
2617 5491 2635 5524 ι
2689 5472 3022 5538 γέγραπται,
3071 5467 3131 5517 οὐ
3182 5463 3524 5532 γεγέννηται.
3578 5461 3643 5514 Α.
3698 5460 3805 5513 Καὶ
3837 5461 3921 5522 τίς
3956 5460 3994 5528 ὴ

2430 5585 2448 5617 ι
2494 5564 2726 5633 διαφορὰ
2781 5561 2878 5630 τῆς
2933 5557 3242 5626 γεννήσεως
3302 5552 3528 5621 καὶτῆς
3562 5549 3994 5621 ἐκπορεύσεωςς

2431 5677 2448 5708 ι
2495 5657 2555 5707 Β.
2595 5656 2653 5707 '0
2683 5652 2780 5723 τὴν
2809 5649 3072 5719 διαφορὰν
3119 5646 3276 5709 εἰδὼς
3337 5648 3431 5699 καὶ
3483 5643 3576 5696 τὸν
3634 5642 3836 5711 τρόπον
3894 5641 3997 5708 τῆς

2431 5767 2448 5798 ι
2494 5745 2803 5814 γεννήσεως
2858 5741 2953 5794 καὶ
3012 5739 3107 5808 τῆς
3166 5734 3541 5806 ὲκπορεύσεως
3573 5727 3732 5785 οἶδεν.
3768 5731 3895 5785 Ὀτι
3934 5732 3995 5784 δὲ

2435 5859 2451 5890 ι
2499 5839 2668 5900 οὐδεὶς
2696 5831 2803 5888 οἶδε
2851 5832 2940 5886 τὸν
2985 5830 3188 5901 τρόπον
3246 5830 3340 5899 τῆς
3372 5827 3673 5897 γεννήσεως
3708 5826 3735 5878 ὁ
3772 5839 3991 5897 προψγ-
