4202 6454
740 391 845 454 581

802 596 1114 656 CXXXVII.
1183 616 1201 651 ι
1242 597 1504 654 Similiter
1567 599 1845 653 credimus
1902 608 1958 653 et
2018 599 2072 651 in
2130 612 2299 652 unum

740 711 757 745 ι
800 690 1063 761 Spiritum
1121 700 1370 745 sanctum
1442 690 1753 756 Dominum,
1804 698 1861 743 et
1912 688 2303 751 viviﬁcantem,

739 803 757 837 ι
796 783 886 853 qui
914 776 979 837 ei:
1011 781 1172 837 Patre
1192 783 1458 852 procedit,
1498 792 1552 839 et
1586 783 1639 835 in
1670 780 1811 835 Filio
1833 779 2215 849 conquiescit;
2249 787 2307 833 et

738 896 755 929 σ
794 876 1035 947 quicum
1064 873 1223 929 Patre
1265 884 1320 929 et
1358 872 1495 930 Filio
1542 872 1708 929 simul
1760 872 2042 935 adoratur,
2075 881 2130 927 et
2174 885 2305 925 con-

740 990 758 1022 ι
795 970 1147 1041 gloriﬁcatur.
1182 987 1200 1019 ο

1294 1060 1725 1115 Animadversio.

812 1170 831 1203 ι
867 1150 1112 1221 Accipito
1142 1165 1208 1205 ex
1241 1150 1341 1204 hac
1372 1164 1591 1219 quoque
1625 1149 1877 1220 pericope
1902 1149 2305 1218 probationem,

738 1261 757 1295 ι
797 1252 943 1299 recte
974 1258 1075 1297 nos
1120 1240 1595 1306 animadvertisse,
1626 1241 1943 1309 dixisseque
1985 1240 2053 1295 de
2089 1241 2205 1306 illo,
2239 1256 2307 1297 ex

739 1352 757 1385 ‹
797 1336 911 1403 ipsa
936 1342 989 1388 et
1011 1334 1064 1387 in
1099 1334 1238 1403 ipsa,
1275 1347 1617 1403 quaecunque
1648 1332 2093 1403 praenotavimus.
2128 1352 2147 1385 ι

1379 1516 1673 1585 Refutatio.

810 1605 956 1665 Satis
982 1623 1113 1681 ergo
1145 1616 1200 1665 et
1245 1608 1339 1663 tibi
1366 1606 1591 1673 fuerint,
1627 1622 1728 1679 pro
1757 1607 2165 1679 oppugnatione
2206 1608 2311 1663 hu-

740 1705 890 1767 iusce
922 1714 1028 1757 tua:
1063 1702 1556 1757 animadversionis
1586 1718 1751 1771 supra
1779 1718 1874 1772 per
1911 1717 2011 1757 nos
2042 1703 2225 1769 allata,
2260 1710 2315 1757 et

740 1810 858 1865 qua:
888 1794 955 1849 de
980 1794 1093 1860 illo,
1120 1812 1137 1844 ι
1173 1809 1237 1848 ει
1268 1792 1384 1862 ipsa
1408 1810 1427 1844 ι
1453 1800 1506 1847 et
1528 1811 1547 1844 ί
1576 1792 1629 1846 in
1666 1793 1833 1862 ipsa,»
1868 1795 2310 1863 prmnotavimus.

1368 1976 1452 2031 Ea:
1483 1978 1689 2032 eodem.

808 2090 1142 2149 CXXXVIII.
1190 2109 1207 2144 ι
1238 2088 1341 2145 Per
1366 2090 1551 2145 omnia
1581 2087 1729 2143 Patri
1750 2104 1815 2143 ac
1835 2086 1974 2143 Filio
2002 2088 2217 2153 similis,
2252 2105 2319 2144 ex

745 2205 766 2238 1
803 2187 960 2241 Patre
1008 2182 1324 2253 procedens,
1376 2195 1442 2235 ac
1474 2179 1577 2234 Per
1613 2178 1808 2233 Filium
1858 2180 2007 2233 omni
2055 2190 2322 2235 creatura:

746 2300 763 2331 ι
804 2277 1133 2346 impertitns,
1164 2282 1327 2343 atque
1362 2280 1674 2342 perceptus,
1708 2286 1804 2340 per
1842 2270 2108 2338 se’ipsum
2136 2271 2320 2326 omnia

748 2390 768 2423 1
806 2384 1023 2425 crcans.
1063 2385 1081 2417 ο

1318 2456 1744 2511 Animadversio.

820 2600 841 2633 ε
873 2577 1115 2632 Audisne
1156 2590 1220 2631 ex
1270 2574 1429 2629 Patre
1477 2573 1742 2643 Spiritum
1776 2574 2186 2645 procedentem,
2226 2590 2324 2645 per

755 2692 773 2725 ι
814 2671 1011 2726 Filium
1040 2683 1169 2723 vero
1214 2667 1576 2735 impertitum,
1607 2676 1661 2720 et
1689 2667 2180 2735 communicatum,
2215 2682 2323 2723 non

752 2783 771 2817 ι
813 2777 938 2818 vero
966 2777 1032 2817 ex
1056 2775 1123 2815 eo
1157 2758 1563 2830 procedentem.
1597 2776 1616 2811 ι

1385 2849 1692 2920 Refulatio.

819 2946 1022 3003 Verum
1062 2955 1116 2998 tu
1153 2958 1374 3013 quoque
1405 2942 1631 3007 audisti,
1668 2942 1813 3011 quod
1855 2956 1953 3012 per
1996 2940 2192 2996 Filium
2228 2940 2330 2995 im-

750 3041 1002 3113 pertitnr,
1058 3048 1117 3093 et
1162 3036 1621 3099 communicatur,
1671 3036 1746 3088 uti
1790 3050 1886 3104 per
1939 3033 2138 3088 Filium
2184 3033 2332 3088 exsi-

753 3147 924 3197 stens,
962 3128 1356 3186 communicari
1377 3136 1431 3181 et
1458 3127 1662 3196 percipi
1692 3142 1787 3196 per
1818 3128 2016 3197 ipsum.

1381 3239 1465 3293 Ea:
1495 3241 1696 3294 eodem.

824 3333 1113 3391 CXXXIX.
1159 3352 1177 3384 ι
1211 3332 1371 3387 Pater
1402 3333 1605 3402 quippe
1634 3345 1820 3385 causa;
1861 3344 2059 3400 expers
2100 3337 2207 3393 est,
2247 3336 2333 3383 at-

767 3449 783 3479 ‹
821 3445 927 3499 que
962 3426 1254 3495 ingenitus.
1297 3421 1411 3477 Nec
1456 3426 1602 3478 enim
1639 3438 1706 3477 ex
1742 3436 2015 3491 quoquam
2050 3430 2173 3475 est:
2209 3435 2240 3474 a
2278 3434 2338 3474 se

768 3541 787 3573 ‹
829 3524 948 3590 ipso
976 3521 1121 3574 enim
1147 3532 1270 3572 esse
1306 3517 1469 3571 habet
1495 3528 1511 3568 :
1541 3529 1643 3569 nec
1669 3514 1969 3583 quidquam
1999 3528 2187 3569 eorum
2216 3527 2339 3582 quae

771 3632 787 3663 ι
825 3611 1007 3674 habet,
1066 3612 1136 3662 ab
1194 3607 1300 3659 alio
1352 3606 1559 3661 habet:
1592 3605 1724 3675 quin
1767 3604 1950 3673 potius
1995 3605 2109 3671 ipse
2179 3602 2340 3657 rebus

769 3725 787 3757 ι
825 3703 1082 3758 omnibus
1127 3700 1459 3771 principium
1517 3710 1639 3763 est,
1691 3711 1967 3768 causaque
2025 3705 2139 3750 tum
2195 3695 2340 3766 quod

770 3816 787 3847 c
825 3797 955 3859 sint,
985 3805 1100 3848 tum
1125 3792 1273 3864 quod
1316 3791 1639 3845 naturaliter
1682 3797 1836 3844 certo
1873 3788 2034 3842 modo
2074 3785 2204 3840 sint.
2255 3783 2344 3837 Fi-

771 3910 787 3940 ι
827 3890 933 3943 lius
988 3896 1172 3941 autem
1226 3900 1295 3939 ex
1356 3884 1520 3939 Patre
1567 3892 1695 3944 est,
1740 3879 2106 3952 generationis
2157 3875 2340 3932 modo.

771 3999 789 4031 ι
827 3978 1067 4047 Spiritus.
1110 3990 1242 4029 vero
1281 3983 1527 4035 sanctus,
1576 3980 1630 4027 ct
1665 3974 1779 4040 ipse
1819 3984 2038 4040 quoque
2078 3982 2147 4023 ex
2186 3968 2345 4021 Patre

774 4089 791 4122 ι
831 4078 936 4135 est,
962 4084 1071 4121 non
1110 4074 1289 4120 tamen
1337 4063 1592 4134 gignendi
1631 4063 1813 4125 modo,
1865 4060 1959 4115 sed
1989 4056 2344 4129 procedendi.

775 4180 793 4209 ι
836 4160 901 4212 Iit
931 4157 1150 4225 quidem
1188 4153 1617 4223 generationem,
1667 4161 1721 4205 et
1748 4150 2154 4221 proccssionem
2202 4148 2347 4201 inter

778 4270 794 4300 ι
831 4265 887 4302 se
928 4247 1146 4302 dill‘erre
1197 4256 1536 4314 compertum
1584 4245 1888 4313 habemus:
1920 4250 2179 4297 casterum
2221 4243 2345 4310 quis

776 4360 793 4389 ι
836 4340 999 4409 hujus
1030 4338 1351 4393 diderentize
1391 4337 1585 4393 modus
1631 4338 1726 4399 sit,
1774 4351 1999 4405 prorsus
2047 4350 2153 4389 non
2188 4333 2346 4403 fugit.

779 4452 797 4483 ι
836 4430 1007 4484 Simul
1035 4445 1196 4499 porro
1225 4439 1279 4483 et
1312 4428 1434 4482 Filii
1466 4444 1531 4483 ex
1564 4428 1722 4481 Patre
1763 4427 2065 4498 generatio,
2097 4436 2151 4481 et
2179 4425 2351 4494 Spiri-

1758 390 1967 451 ΙΟΑΝ.
2010 389 2222 451 ΥΕΕΕΙ
2261 388 2370 448 CP.
2408 386 2914 447 PATRIARCHE

1364 507 1447 561 Ex
1478 506 1677 561 eodem.
2334 511 2379 565 Δ

2358 3209 2406 3270 C

3872 382 3988 448 588

2773 504 2875 556 Ἐκ
2912 500 3016 556 τοῦ
3046 500 3235 556 αὐτοῦ
3268 502 3623 571 κεφαλαίου.

2476 598 2641 652 PAZ'.
2709 616 2727 649 ε
2778 595 3010 666 Ὁμοίως
3084 594 3414 663 πιστεύομεν
3478 596 3561 657 είς
3643 592 3703 645 ἒν
3755 590 3995 661 Πνεῦμα

2411 709 2429 741 ι
2471 690 2647 756 ἅγιον,
2682 690 2744 740 τὸ
2775 688 3001 757 Κύριον,
3032 685 3093 740 τδ
3124 684 3410 752 ζωοποιὸν,
3441 686 3504 738 τὺ
3531 685 3597 738 ὲκ
3635 681 3732 736 τοῦ
3766 683 3989 749 Πατρδς

2411 801 2429 834 ι
2476 783 2940 851 ἐκπορευόμενον,
2970 781 3065 834 καὶ
3097 782 3155 832 ὲν
3187 778 3301 850 Υίῷ
3332 777 3784 846 ἀναπαυόμενον,
3816 774 3880 825 τὺ
3910 775 3996 843 τῷ

2413 894 2430 928 ι
2478 875 2653 943 Harp!
2680 874 2776 927 καὶ
2808 871 2924 944 Υίῷ
2955 870 3545 944 συμπροσκυνούμενόν
3571 885 3629 923 τε
3684 868 3781 921 καὶ
3808 864 3998 919 συνδο-

2415 982 2433 1014 ι
2470 960 2785 1032 ξαζόμενον.
2806 981 2825 1014 ι

2995 1051 3373 1107 Ἐπιστασία.

2485 1167 2505 1198 ι
2546 1148 2711 1216 Δέχου
2762 1148 2871 1201 κάκ
2898 1146 2997 1216 τῆς
3030 1146 3313 1214 παρούσης
3342 1140 3651 1211 περικοπῆς
3681 1138 3995 1207 μαρτυρίαν

2415 1258 2434 1290 ι
2482 1238 2611 1307 περὶ
2657 1234 2753 1289 τοῦ
2807 1233 2985 1299 καλῶς
3026 1234 3174 1304 ἡμᾶς
3199 1233 3491 1301 ἐπιστῆναι
3522 1230 3617 1283 καὶ
3645 1230 3826 1281 εἰπεῖν
3861 1228 3997 1296 περὶ

2417 1348 2436 1381 ι
2476 1328 2571 1381 τοῦ
2614 1328 2671 1394 ἐξ
2720 1326 2891 1397 αὐτῆς
2919 1325 3016 1379 καὶ
3040 1326 3100 1378 ἐν
3126 1324 3289 1395 αὐτῇ,
3321 1325 3422 1377 ὅσα
3453 1319 3989 1393 προεπεσημειωσά-

2418 1439 2437 1473 ι
2480 1419 2642 1490 μεθα.

3007 1506 3407 1574 ’Δγτίῤῥησις.

2497 1602 2750 1673 Ἀρκέσει
2781 1617 2863 1653 σοι
2890 1598 3075 1651 λοιπὸν
3114 1600 3194 1659 είς
3215 1598 3535 1668 ἀντίρρησιν
3574 1595 3675 1666 τῆς
3712 1593 4003 1668 παρούσης

2416 1694 2755 1764 περικοπῆς,
2800 1691 2891 1745 καὶ
2944 1690 3045 1743 ὅσα
3094 1689 3254 1759 ἡμεῖς
3306 1689 3728 1759 προειρήκειμεν
3760 1728 3775 1752 ,
3813 1689 3873 1739 ὲν
3919 1685 4003 1746 οἷς

2417 1780 2921 1852 προεπεσημειώσω
2980 1779 3050 1833 τὰ
3100 1778 3230 1847 περὶ
3299 1776 3395 1830 τοῦ
3453 1775 3522 1839 ἐξ
3561 1774 3756 1843 αὐτῆς
3806 1775 3903 1829 καὶ
3929 1774 4003 1826 ἐν

2352 1868 2393 1923 Β
2421 1873 2605 1943 αὐτῇ.

2975 1965 3071 2019 Ἐκ
3100 1963 3208 2019 τοῦ
3234 1965 3448 2020 αὑτοῦ.

2492 2075 2667 2133 PAH'.
2697 2095 2715 2129 ε
2742 2077 2899 2131 Κατὰ
2927 2077 3105 2129 πάντα
3129 2079 3317 2146 ὅμοιον
3339 2076 3418 2146 τῷ
3436 2075 3610 2145 Πατρὶ
3639 2072 3734 2127 καὶ
3763 2071 3841 2143 τῷ
3862 2070 4007 2142 Υίῷ,

2426 2189 2445 2223 ‹
2485 2171 2550 2222 ὲκ
2581 2168 2676 2222 τοῦ
2704 2168 2917 2239 Πατρός
2950 2168 3409 2240 ἐκπορευόμενον,
3440 2168 3534 2220 καὶ
3566 2168 3637 2220 δι’
3670 2165 3801 2218 Υίοῦ
3837 2180 4008 2233 μετα·

2426 2278 2446 2312 ι
2479 2259 2759 2326 διδόμενον
2803 2260 2901 2310 καὶ
2948 2260 3512 2329 μεταλαμϐανόμενον
3549 2258 3657 2312 ὑπὸ
3685 2257 3871 2323 πάσης
3905 2254 4009 2324 τῆς

2430 2369 2448 2403 ι
2487 2350 2753 2415 κτίσεως,
2786 2351 2878 2404 καὶ
2910 2352 2976 2403 δι’
3013 2350 3210 2403 ἑαυτοῦ
3244 2351 3427 2415 κτίςον
3454 2352 3521 2403 τὰ
3554 2349 3873 2419 σύμπαντα.

3027 2445 3409 2499 Ἐπιστασία.

2502 2578 2520 2611 ι
2565 2559 2806 2621 Ἀκούεις
2837 2561 2899 2611 ἐκ
2922 2559 3013 2611 τοῦ
3051 2559 3258 2627 Πατρός
3303 2559 3732 2628 ἐκπορευόμενον
3763 2555 3821 2607 τί)
3841 2551 4015 2606 Πνεῦ-

2434 2673 2453 2706 t
2494 2671 2592 2723 μα,
2623 2653 2689 2707 δι’
2716 2652 2845 2706 Υίοῦ
2892 2653 2949 2705 δὲ
2993 2651 3539 2721 μεταλαμὸλνόμενον
3583 2649 3676 2700 καὶ
3724 2644 4010 2717 μεταδιδό-

2436 2764 2456 2798 ‹
2497 2761 2677 2815 μενον,
2706 2743 2768 2797 οὐ
2809 2745 2915 2815 μὴν
2938 2744 3003 2796 ὲκ
3024 2744 3213 2796 τούτου
3242 2741 3690 2811 ἐκπορευόμενον.
3720 2757 3738 2789 ι

3020 2836 3425 2903 Ἀντίρῤησις.

2514 2931 2652 2985 Ἀλλ’
2683 2931 2924 3001 ἤκουσας
2954 2928 3050 2981 καὶ
3096 2928 3178 2980 ὅτι
3208 2927 3267 2979 τ’)
3297 2927 3364 2979 δι’
3415 2922 3544 2977 Υίοῦ
3587 2918 4020 2992 μεταλαμϐανό-

2436 3041 2598 3095 μενον
2671 3024 2766 3075 καὶ
2820 3020 3253 3092 μεταδιδόμενον,
3305 3018 3379 3080 ὡς
3459 3017 3525 3069 δι’
3577 3015 3705 3069 Υῐοῦ
3757 3014 4013 3082 ὑπάρχον

2438 3116 2915 3187 μεταλαμϐάνεται
2941 3114 3037 3167 καὶ
3062 3110 3401 3183 μεταδίδοται
3430 3109 3497 3162 δι’
3528 3107 3712 3162 αὑτοῦ.

2979 3229 3081 3281 Ἐκ
3126 3227 3234 3281 τοῦ
3264 3224 3474 3280 αὑτοῦ.

2508 3344 2525 3376 ε
2552 3324 2726 3377 ΡΛΘ“.
2756 3320 2816 3375 '0
2850 3320 2948 3391 μὲν
2972 3323 3080 3389 γὰρ
3111 3318 3302 3387 Πατὴρ
3325 3316 3560 3378 ἀναίτιος
3579 3315 3670 3367 καὶ
3691 3312 4020 3380 ἀγέννητος.

2443 3436 2461 3468 ι
2497 3416 2571 3469 Οὐ
2626 3416 2760 3485 γᾶρς
2789 3414 2853 3466 ἐκ
2903 3429 3069 3479 τινος,
3114 3411 3236 3464 οὐδὲ
3280 3410 3339 3473 ἐξ
3385 3407 3578 3461 ἑαυτοῦ
3606 3407 3665 3460 τὺ
3688 3402 3826 3459 εἶναι
3862 3404 4019 3472 ἔχει,

2443 3526 2462 3558 ι
2500 3507 2679 3559 ossea
2709 3504 2819 3559 τῶν
2873 3506 2973 3557 ὅσα
3003 3504 3138 3572 ἔχει.
3170 3503 3339 3565 Αὐτὸς
3359 3501 3416 3554 δὲ
3452 3499 3661 3570 μᾶλλόν
3693 3500 3840 3548 ἐστιν
3868 3496 4021 3562 ἁρχὴ

2447 3616 2465 3649 ι
2508 3601 2601 3650 καὶ
2648 3598 2798 3649 αἰτία
2828 3595 2924 3648 τοῦ
2960 3591 3125 3655 εῖναι,
3160 3594 3253 3646 καὶ
3298 3593 3392 3646 τοῦ
3431 3593 3546 3653 πῶς
3580 3586 3719 3643 εἶναι
3767 3588 4021 3654 φυσικῶς

2447 3708 2465 3739 ι
2500 3691 2612 3751 τοῖς
2671 3690 2870 3742 Πᾶσιν.
2908 3689 2967 3740 '0
3011 3687 3066 3739 δὲ
3096 3686 3223 3749 Υἱὸς
3252 3684 3525 3754 γεννητῶς
3556 3686 3619 3734 ὲκ
3650 3682 3743 3733 τοῦ
3776 3678 4017 3748 Πατρός.

2448 3803 2466 3834 ι
2504 3784 2578 3836 Τὸ
2628 3782 2687 3836 δὲ
2736 3774 2963 3850 Πνεῦμα
3001 3779 3062 3832 τὸ
3118 3778 3311 3846 ἅγιον,
3365 3780 3455 3830 καὶ
3504 3776 3637 3827 αὐτὸ
3675 3774 3775 3841 μὲν
3821 3773 3887 3823 ἑκ
3920 3767 4020 3820 τοῦ

2448 3892 2467 3925 ι
2504 3873 2745 3941 Πατρός,
2775 3868 2891 3923 ἀλλ’
2933 3869 2995 3920 ού
3027 3866 3323 3935 γεννητῶς,
3356 3862 3471 3917 ἀλλ’
3500 3855 3870 3928 ἐκπορεντῶς.
3906 3855 4025 3906 Καὶ

2452 3983 2470 4015 ι
2512 3964 2565 4015 τί
2600 3965 2700 4032 μὲν
2749 3964 2869 4013 ἔστι
2914 3960 3149 4027 διαφορὰ
3173 3959 3474 4024 γεννήσεως
3509 3954 3599 4004 καὶ
3629 3947 4017 4017 ἑκπορεύσεως

2452 4075 2470 4107 ι
2512 4055 2931 4124 μεμαθήκαμενο
2961 4053 3045 4113 τίς
3074 4052 3130 4103 δὲ
3159 4054 3185 4103 ό
3212 4052 3409 4115 τρόπος
3444 4048 3536 4115 τῆς
3570 4042 3827 4111 διαφορὶ.
3858 4039 4024 4089 οὖδα-

2453 4165 2471 4200 a
2509 4147 2803 4218 μῶς.”Αμα
2834 4146 2943 4215 γὰρ
2968 4145 3063 4196 καὶ
3088 4145 3121 4211 ἡ
3148 4140 3278 4194 Υἱοῦ
3303 4144 3365 4193 ὲκ
3391 4138 3481 4191 τοῦ
3514 4136 3722 4201 Πατρδς
3742 4132 4025 4199 γέννησις,

2454 4259 2471 4291 ι
2514 4244 2607 4292 καὶ
2654 4240 2688 4308 ἡ
2733 4237 2829 4289 τοῦ
2884 4235 3041 4303 ἁγίου
3101 4231 3415 4301 Πνεύματος
3448 4229 3791 4296 ἐκπόρενσις.
3827 4223 4023 4275 Πάντα

2456 4352 2473 4384 ι
2515 4330 2646 4399 γοῦν
2670 4331 2772 4382 ὅσα
2800 4329 2912 4397 ἔχει
2939 4329 2966 4379 ό
2993 4325 3119 4387 Tib;
3144 4324 3316 4378 καὶτὸ
3336 4320 3575 4388 Πνεῦμα,
3597 4320 3657 4369 ἐκ
3688 4315 3776 4368 τπιῦ
3804 4314 4028 4381 Πατρός

2458 4442 2475 4475 ι
2516 4422 2650 4491 ἔχει.
2679 4421 2774 4473 καὶ
2808 4418 2941 4470 αὐτὸ
2972 4402 3034 4469 τὸ
3066 4411 3229 4469 εἶναι.
3258 4414 3363 4465 Καὶ
3388 4414 3435 4463 εί
3469 4413 3538 4479 μὴ
3567 4413 3593 4462 ὁ
3622 4408 3804 4475 Πατήρ
3842 4406 4024 4460 ἐστιν,

780 4540 797 4571 ι
837 4531 925 4574 tus
963 4496 1135 4573 sancti
1168 4520 1446 4587 processio
1473 4528 1574 4573 est.
1611 4496 1807 4572 Omnia
1840 4519 2004 4589 igitur
2036 4533 2156 4588 qua:
2180 4516 2319 4572 Filiu

2426 4531 2478 4585 ,ι
2518 4512 2638 4567 οὐδὲ
2682 4514 2710 4564 ό
2764 4510 2889 4572 Υίός
2927 4511 3095 4569 ἐστιν,
3135 4506 3255 4558 οὐδὲ
3298 4506 3355 4556 τὸ
3409 4502 3648 4569 Πνεῦμα,
3684 4499 3774 4551 καὶ
3809 4496 3897 4548 διὰ
3934 4496 4030 4546 τὸν

780 4630 799 4663 ι
837 4621 890 4665 et
927 4611 1167 4680 Spiritus
1200 4610 1422 4674 habent,
1457 4618 1619 4677 atque
1660 4611 1794 4663 adeo
1835 4610 1937 4664 hoc
1973 4609 2174 4678 ipsum,
2203 4608 2347 4677 quod

784 4719 801 4750 ι
842 4709 987 4753 sunt.
1022 4698 1179 4761 Quod
1215 4699 1261 4755 si
1294 4699 1450 4754 Pater
1478 4715 1583 4753 non
1616 4709 1719 4762 est,
1745 4714 1877 4753 sane
1912 4713 2013 4753 nec
2040 4696 2213 4751 Filius
2244 4708 2347 4759 est,

788 4809 806 4842 ι
848 4805 948 4844 nec
991 4788 1251 4860 Spiritus.
1297 4788 1486 4844 Itidem
1538 4791 1583 4844 si
1631 4791 1787 4845 Pater
1828 4790 1964 4843 nihil
2018 4790 2201 4855 habet,
2254 4803 2354 4841 nec

788 4898 805 4920 ι
846 4878 1021 4934 Filius
1051 4880 1268 4948 quidem
1300 4881 1598 4949 quidquam
1634 4880 1819 4945 habet,
1852 4896 1949 4934 nec
1974 4879 2231 4949 Spiritus.
2275 4880 2353 4933 Ac

790 4990 807 5009 ι
848 4981 1069 5043 pr0pter
1123 4970 1364 5035 Patrem,
1421 4972 1473 5024 id
1525 4979 1610 5026 est
1649 4972 1778 5039 quia
1826 4971 1984 5024 Pater
2030 4980 2132 5035 est,
2184 4969 2354 5025 Filius

788 5081 807 5113 ι
842 5077 1061 5132 quoque
1102 5071 1154 5116 et
1195 5063 1432 5131 Spiritus
1474 5072 1625 5119 sunt.
1676 5063 1743 5116 Et
1783 5078 1976 5117 rursus
2001 5072 2220 5133 propter
2252 5062 2357 5117 Pa-

791 5172 807 5205 ι
844 5165 979 5208 trem
1010 5154 1213 5208 habent
1254 5154 1426 5210 Filius
1458 5168 1511 5209 et
1536 5155 1796 5224 Spiritus,
1844 5158 2028 5209 omnia
2073 5170 2195 5225 qua:
2244 5156 2359 5224 ipse

791 5266 808 5291 ι
851 5248 1043 5313 habet;
1110 5248 1215 5303 hoc
1260 5256 1344 5302 est
1397 5248 1526 5318 quia
1579 5247 1742 5302 Pater
1792 5249 1907 5303 htec
1958 5249 2143 5302 habet.
2201 5247 2360 5303 Exci-

792 5359 811 5393 ι
850 5339 1057 5406 piendae
1095 5341 1473 5395 tantummodo
1500 5350 1629 5395 sunt
1654 5341 1899 5411 ingeniti,
1932 5341 2121 5410 geniti,
2149 5350 2203 5395 et
2234 5356 2363 5411 pro-

2464 4631 2482 4657 ι
2530 4604 2782 4671 Πατέρα,
2813 4601 3061 4653 τουτέστι
3104 4599 3192 4650 διὰ
3222 4596 3282 4649 τὸ
3316 4592 3451 4647 εἶναι
3486 4592 3576 4643 τὸν
3626 4589 3841 4656 Πατέρα
3871 4584 4031 4637 ἒστ;ν

2464 4716 2482 4746 ι
2522 4700 2550 4749 ό
2581 4696 2693 4757 uio;
2728 4695 2821 4747 καὶ
2863 4692 2926 4744 τὸ
2950 4689 3194 4757 Πνεῦμα.
3235 4688 3344 4741 Καὶ
3370 4685 3457 4738 διὰ
3490 4684 3576 4733 τὸν
3605 4680 3819 4746 Πατέρα
3849 4675 3965 4744 ἔχει
4003 4676 4033 4725 ὁ

2466 4809 2483 4841 ι
2525 4790 2651 4848 Υἱὸς
2702 4789 2797 4839 καὶ
2829 4786 2889 4837 τὸ
2922 4782 3147 4851 Πνεῦμα
3193 4780 3370 4833 πάντα
3416 4776 3451 4829 ἃ
3486 4776 3615 4843 ἔχει,
3660 4770 3907 4823 τουτέστι
3936 4766 4028 4817 διὰ

2466 4902 2484 4935 ι
2524 4882 2584 4934 τὸ
2630 4880 2722 4933 τὸν
2754 4880 2973 4946 Πατέρα
3009 4875 3154 4944 ἔχειν
3195 4871 3356 4934 αὐτὰ,
3392 4869 3529 4937 πλὴν
3560 4866 3661 4933 τῆς
3692 4858 4029 4928 ἁγεννησίας

2469 4993 2486 5025 ι
2522 4973 2616 5027 καὶ
2676 4971 2774 5039 τῆς
2837 4968 3143 5037 γεννήσεως
3202 4964 3294 5017 καὶ
3344 4964 3442 5029 τῆς
3483 4956 3880 5025 ὲκπορεύσεως.
3932 4951 4032 5001 Ἐν

2468 5083 2487 5117 ι
2524 5062 2746 5123 ταύταις
2790 5061 2898 5131 γὰρ
2960 5058 3151 5129 μόναις
3194 5056 3313 5115 ταῖς
3364 5048 3746 5106 ὑποστατικαῖς
3793 5042 4031 5107 ἰδιότησι

2470 5176 2488 5209 ι
2525 5154 2877 5224 διαφέρουσιν
2923 5149 3167 5219 ἀλλήλων
3214 5148 3269 5200 αί
3299 5145 3449 5213 ἅγιαι
3489 5141 3636 5210 τρεῖς
3671 5134 4030 5195 ὑποστάσεις,

2472 5266 2492 5300 ι
2531 5248 2631 5300 οὐκ
2679 5244 2861 5314 οὐσίᾳ,
2886 5242 2963 5311 τῷ
2993 5242 3048 5293 δὲ
3080 5234 3558 5311 χαρακτηριστικῴ
3584 5231 3680 5301 τῆς
3716 5227 3850 5287 ἰδίας
3887 5225 4034 5277 ὕπο-

2475 5359 2493 5391 (
2534 5336 2776 5397 στάσεως
2811 5334 3126 5402 sampsa»;
3155 5330 3547 5397 διαιρούμεναι.
3580 5343 3599 5376 ι

794 5449 811 5482 ι
846 5433 1115 5488 cessionis
1140 5448 1326 5488 voces.
1363 5433 1419 5487 In
1455 5434 1541 5489 his
1579 5437 1724 5489 enim
1781 5436 2049 5489 duntaxat
2113 5434 2470 5506 hypostaticis
2548 5428 2971 5501 pr0prietatihus
3042 5435 3149 5480 tres
3207 5434 3407 5477 sancta:
3474 5414 3750 5473 Trinitatis
3780 5424 4036 5481 persona

798 5574 801 5575 ν
847 5526 989 5581 inter
1020 5540 1080 5580 se
1107 5524 1386 5591 differunt,
1419 5540 1529 5580 non
1552 5526 1811 5593 essentia,
1849 5526 1943 5581 sed
1979 5526 2238 5596 peculiari
2298 5526 2564 5596 cujusque
2617 5533 2863 5591 personae
2895 5527 3019 5570 nota
3053 5514 3403 5569 indistinctim
3433 5510 3712 5565 distincta}.
3749 5522 3766 5555 ι

1364 5643 1791 5699 Animadversio.

862 5757 879 5789 ι
915 5738 1191 5793 Attendito
1221 5737 1525 5807 diligenter,
1552 5739 1715 5793 simul
1743 5747 1797 5793 et
1827 5736 1947 5792 Filii
1983 5754 2047 5793 ex
2079 5739 2235 5792 Patre
2267 5753 2359 5807 ge-

792 5851 812 5884 ι
848 5831 1206 5897 nerationem,
1247 5841 1302 5890 et
1341 5828 1575 5899 Spiritus
1609 5834 2017 5902 processionem
2061 5848 2203 5889 esse.
2239 5831 2351 5886 Νο-

3072 5632 3449 5688 Ἐπιστασία.

2544 5752 2561 5784 ι
2606 5732 2848 5801 Προσχες
2904 5725 3170 5797 ἀκριϐῶς,
3207 5726 3321 5794 ἅμα
3366 5727 3428 5777 ἐκ
3480 5719 3573 5773 τοῦ
3617 5718 3827 5789 Πατρδς
3871 5718 3966 5769 καὶ
4001 5717 4037 5787 ἠ

2466 5846 2484 5880 ι
2526 5825 2617 5880 τοῦ
2649 5822 2770 5877 Υἱοῦ
2794 5821 3066 5890 γέννησις,
3084 5820 3174 5872 καὶ
3197 5818 3227 5887 ἡ
3251 5816 3341 5870 τοῦ
3364 5813 3667 5881 Πνεύματος
3686 5808 4035 5878 ὲκπόρευσις.
