4202 6454
776 366 869 433 531
1379 414 1386 419 -
1791 371 2003 436 JOAN.
2047 371 2263 435 VECCI
2302 372 2335 434 C

2453 372 2965 438 PATRIARCIIE

3926 383 4039 450 592

781 502 795 527 ι
838 480 1103 551 siquidem
1132 490 1211 537 est
1241 482 1568 552 proprietas.
1602 480 1721 549 Quo
1750 483 1895 538 enim
1915 485 2155 552 alioquin
2188 485 2335 539 modt

2462 502 2480 533 ι
2517 486 2705 557 Πατὴρ
2738 488 2765 539 ὁ
2795 488 2944 552 Υἱὸς,
2995 490 3057 542 ού
3114 490 3318 562 κυρίως
3367 493 3514 560 Υίδς,
3546 496 3643 549 καὶ
3705 495 3763 549 ἓν
3806 496 4037 566 Πνεῦμα

778 594 795 622 ι
835 573 1141 643 proprietas
1166 574 1267 628 sibi
1311 581 1611 636 constaret,
1646 574 1691 627 si
1736 584 2071 638 moveretur,
2104 585 2269 641 atque
2307 590 2338 629 a

779 684 794 712 ι
834 678 893 718 se
946 664 1316 719 descisceret?
1360 663 1496 719 Nam
1545 666 1591 718 si
1620 662 1791 720 Filius
1820 664 1979 721 Pater
2024 673 2129 728 est,
2178 664 2340 720 Pater

779 774 794 801 ι
831 768 964 807 sane
993 756 1216 823 pr0prie
1261 771 1370 808 non
1405 766 1510 810 est.
1557 752 1709 810 Unus
1753 754 1900 809 enim
1932 754 2149 824 pmprie
2177 752 2340 808 Pater

775 861 791 892 ι
828 852 933 896 est.
971 841 1174 898 Eodem
1216 843 1380 898 modo
1414 845 1459 899 si
1484 843 1655 898 Filius
1694 842 1853 896 Pater
1883 853 1989 907 est,
2020 841 2189 898 Filius
2208 858 2339 913 pro-

776 954 792 984 ι
831 935 950 1003 prie
988 950 1096 988 non
1140 944 1245 988 est.
1281 934 1436 990 Unus
1477 934 1621 989 enim
1656 936 1875 1003 proprie
1905 933 2075 990 Filius
2115 944 2224 997 est,
2256 943 2337 987 at-

774 1043 791 1075 ι
831 1041 939 1095 que
986 1042 1127 1081 unus
1183 1024 1419 1096 Spiritus
1480 1036 1723 1081 sanctus.
1810 1024 1924 1080 lloc
1979 1040 2145 1094 porro
2196 1026 2338 1080 scire

773 1136 791 1167 ι
830 1131 1008 1187 opera:
1052 1119 1287 1186 pretium
1340 1125 1445 1180 cst,
1482 1118 1627 1185 quod
1683 1115 1899 1172 Patrem
1940 1131 2007 1170 ex
2053 1115 2165 1169 ullo
2213 1129 2337 1169 esse

773 1230 791 1261 ι
830 1210 1057 1265 minime
1078 1210 1336 1272 dicimus,
1361 1209 1454 1265 scd
1479 1209 1599 1263 Filii
1625 1208 1838 1262 Patrem
1866 1222 1990 1262 esse
2011 1208 2333 1261 asserimus.

771 1324 788 1355 ι
828 1303 1021 1360 Filium
1056 1305 1184 1359 item
1221 1320 1317 1359 nec
1350 1319 1597 1369 causam,
1640 1318 1737 1357 nec
1766 1302 1981 1357 Patrem
2030 1317 2151 1357 esse
2193 1300 2333 1355 dici-

772 1414 789 1445 ι
830 1413 973 1462 mus,
1009 1412 1196 1451 verum
1227 1412 1352 1451 eum
1384 1406 1438 1451 et
1465 1413 1529 1451 ex
1565 1394 1726 1450 Patre
1766 1410 1910 1458 esse,
1945 1402 1999 1448 et
2030 1393 2207 1446 Patris
2238 1390 2331 1444 Fi-

771 1511 789 1537 ε
823 1489 953 1542 lium
1005 1499 1147 1544 esse.
1211 1488 1452 1558 Denique
1510 1488 1776 1558 Spiritum
1829 1494 2106 1548 sanctum,
2160 1494 2212 1539 et
2267 1498 2333 1537 ex

771 1598 789 1631 ι
826 1580 985 1636 Patre
1010 1597 1133 1638 esse
1177 1584 1490 1646 Statuimus,
1542 1590 1595 1635 et
1630 1580 1807 1635 Patris
1840 1578 2103 1650 Spiritum
2153 1578 2336 1648 appel-

769 1685 787 1713 ι
824 1665 1022 1721 lamus.
1061 1669 1129 1720 At
1155 1683 1285 1723 vero
1334 1685 1459 1723 cum
1507 1684 1573 1723 ex
1606 1667 1747 1722 Filio
1775 1682 1899 1724 esse
1941 1683 2049 1720 non
2078 1665 2332 1730 dicimus,

770 1777 786 1806 ι
824 1758 920 1811 sed
968 1756 1092 1812 Filii
1137 1760 1402 1829 Spiritum
1450 1761 1822 1814 nominamus.
1862 1776 1881 1809 ι
1921 1756 1978 1811 Si
2012 1756 2137 1826 quis
2184 1756 2331 1810 enim

2454 595 2471 627 ι
2513 576 2688 645 ἅγιον.
2713 580 2833 648 Χρὴ
2854 581 2910 633 δὲ
2930 583 3220 649 γινώσκειν
3247 587 3331 638 ὅτι
3361 587 3453 639 τὸν
3474 587 3694 657 Πατέρα
3713 588 3774 642 ού
3796 589 4036 658 λέγομεν

2449 684 2469 717 ι
2506 668 2569 721 ἐκ
2593 685 2761 733 τινος,
2792 670 3023 740 λέγομεν
3060 673 3119 726 δὲ
3150 676 3313 728 αὑτὸν
3354 677 3451 731 τοῦ
3482 677 3615 732 Υῐοῦ
3646 680 3890 752 Πατέρα.
3924 680 4034 734 Τὸν

2451 777 2469 810 ‹
2505 758 2563 811 δὲ
2611 760 2736 813 Υἱδν
2770 762 2831 814 ού
2883 763 3115 833 λέγομεν
3145 766 3320 819 αἴτιον
3359 769 3482 821 οὐδὲ
3523 771 3766 841 Πατέρα,
3796 772 4033 842 λέγομεν

2451 864 2469 897 ι
2508 846 2564 899 δὲ
2593 848 2757 902 αὐτὸν
2787 851 2850 902 ὲκ
2885 849 2979 903 τοῦ
3007 852 3219 923 Πατρδς
3252 858 3346 909 καὶ
3378 856 3505 909 rm
3534 859 3628 911 τοῦ
3654 859 3892 930 Πατρός.
3918 863 4035 915 Καὶ

2449 957 2467 990 ι
2511 940 2574 992 τὸ
2613 941 2840 1011 Πνεῦμα
2880 943 2943 995 τὸ
2987 944 3145 1011 ἅγιον
3174 950 3237 998 ὲκ
3269 947 3362 999 τοῦ
3394 949 3608 1018 Πατρδς
3644 950 3900 1020 λέγομεν,
3936 955 4035 1006 καὶ

2450 1046 2466 1079 ι
2505 1029 2735 1100 Πνεῦμα
2794 1032 3006 1102 Πατρδς
3055 1034 3416 1108 ὀνομάζομεν,
3451 1040 3514 1091 ὲκ
3557 1040 3652 1093 τοῦ
3695 1042 3823 1093 Υίοῦ
3867 1044 3924 1094 δὲ
3972 1045 4037 1096 τὸ

2447 1137 2468 1171 ‹
2508 1120 2734 1191 Πνεῦμα
2775 1123 2838 1174 οὐ
2879 1124 3131 1195 λέγομεν,
3163 1128 3386 1198 Πνεῦμα
3411 1129 3465 1183 δὲ
3502 1132 3630 1183 Υἱοῦ
3661 1133 4033 1203 ὀνομάζομεν.

2448 1230 2467 1264 ι
2507 1211 2575 1265 Εἴ
2599 1229 2684 1276 τις
2715 1213 2941 1283 Πνεῦμα
2988 1218 3227 1287 Χριστοῦ
3282 1221 3383 1274 οὐκ
3417 1222 3554 1291 ἔχει,
3589 1224 3757 1292 φησιν
3810 1225 3838 1276 ὁ
3885 1225 4036 1284 θεῖος

2448 1318 2467 1351 ι
2517 1301 2859 1365 Ἀπόστολος.
2885 1304 2996 1356 Καὶ
3026 1307 3095 1358 δι’
3122 1306 3252 1361 Υίοῦ
3281 1312 3703 1382 πεφανερῶσθαι
3732 1315 3825 1366 καὶ
3859 1332 4036 1383 μετα-

2449 1408 2468 1441 ι
2503 1390 2739 1446 δίδοσθαι
2761 1395 2891 1464 ἡμῖν
2918 1395 3304 1469 ὁμολογοῦμεν.
3339 1419 3357 1451 ι
3384 1400 3716 1475 Ἐνεφύσησε
3744 1405 3875 1474 γὰρ,
3933 1408 4035 1459 καὶ

2446 1498 2465 1532 ι
2507 1477 2626 1535 εἷπε
2651 1486 2765 1549 τοῖς
2792 1485 3059 1555 μαθηταῖς
3098 1491 3524 1557 αύτοῦ,²Λά6ετε
3551 1497 3773 1565 Πνεῦμα
3793 1496 4014 1564 ἅγιον.»

2446 1590 2465 1625 ι
2504 1572 2694 1644 ὥσπερ
2715 1577 2780 1627 ὲκ
2804 1578 2898 1630 τοῦ
2925 1579 3077 1648 ἡλίου
3105 1582 3203 1649 μὲν
3236 1584 3269 1651 ἡ
3307 1602 3366 1636 τε
3409 1586 3572 1648 ἀκτὶς
3603 1588 3698 1640 καὶ
3718 1588 3991 1657 ελλαμψις
4016 1608 4029 1622 ι

2446 1683 2465 1717 α
2499 1666 2661 1731 αὐτὸς
2696 1668 2806 1737 γάρ
2858 1673 3028 1739 ἐστιν,
3057 1675 3090 1744 ή
3117 1676 3267 1745 πηγὴ
3295 1677 3394 1745 τῆς
3438 1695 3498 1732 τε
3537 1682 3757 1744 ἀκτῖνος
3803 1682 3899 1735 καὶ
3928 1686 4033 1751 τῆς

2446 1775 2466 1809 ι
2503 1758 2844 1829 ἐλλάμψεως,
2873 1761 2963 1815 διὰ
3010 1764 3067 1817 δὲ
3114 1768 3213 1835 τῆς
3255 1766 3477 1831 ἀκτῖνος
3510 1770 3545 1840 ἡ
3586 1770 3857 1841 ἐλλαμψις
3888 1774 4031 1842 ἡμῖν

768 1867 786 1898 ι
824 1849 1076 1917 spiritum
1107 1849 1313 1905 Christi
1366 1866 1475 1905 non
1531 1851 1713 1915 habet,
1762 1850 1838 1902 ait
1876 1846 2194 1918 Apostolus,
2240 1845 2330 1899 hic

2447 1865 2462 1899 ι
2505 1850 2880 1918 μεταδίδοται,
2928 1854 3023 1907 καὶ
3072 1856 3212 1927 αὕτη
3252 1858 3462 1929 ἐστὶνὴ
3508 1862 3821 1929 φωτίζουσα
3873 1865 4029 1933 ἡμᾶς

767 1956 784 1985 ε
825 1951 934 1991 non
964 1946 1048 1994 est
1084 1940 1204 2009 ejus
1231 1941 1298 1993 ".
1339 1958 1357 1991 ι
1388 1941 1565 2010 Atque
1594 1940 1771 2009 ipsum
1806 1938 1964 1993 nobis
1992 1952 2087 2007 per
2131 1933 2331 1989 Filium

2447 1957 2467 1990 ι
2503 1940 2599 1994 καὶ
2651 1944 2989 2015 μετεχομένη
3039 1946 3130 2016 ὑφ’
3162 1949 3341 2018 ήμῶν.
3388 1952 3491 2006 Τὸν
3516 1952 3574 2006 δὲ
3611 1953 3740 2008 Υἱὸν
3762 1954 3889 2008 οὕτε
3926 1955 4026 2007 τοῦ

769 2047 785 2077 ι
823 2036 876 2083 et
903 2031 1234 2097 patefactum
1259 2047 1401 2100 esse,
1435 2041 1489 2086 et
1515 2031 1781 2102 impertiri
1810 2029 2154 2085 conﬁtemur.
2194 2047 2216 2082 ι
2241 2029 2333 2083 ln-

2447 2049 2466 2082 ι
2508 2031 2825 2100 Πνεύματος
2882 2036 3152 2108 λέγομεν,
3202 2039 3326 2094 οὔτε
3403 2043 3510 2115 μὴν
3576 2045 3644 2097 ὲκ
3706 2044 3799 2097 τοῦ
3849 2044 4028 2097 Πνεύ-

766 2138 783 2169 ι
823 2120 1056 2177 suﬂlavit
1105 2125 1272 2188 enim,
1316 2125 1393 2177 ait
1435 2125 1546 2190 ille,
1586 2132 1639 2177 et
1686 2124 1820 2177 dixit
1862 2122 2149 2190 discipulis
2191 2122 2330 2187 suis,
2446 2140 2465 2174 ι
2505 2142 2692 2193 ματος.
2744 2146 2765 2179 ι

768 2232 785 2261 ι
823 2213 1066 2283 Accipite
1111 2215 1370 2283 Spiritum
1424 2214 1759 2270 sanctum”.
1802 2213 1863 2280 »Ξ
1895 2212 2365 2278 Quemadmodum
2420 2215 2677 2271 videlicet
2759 2234 2827 2274 ex
2892 2223 3009 2279 sole
3057 2224 3304 2296 quidem,
3346 2234 3402 2282 et
3436 2227 3623 2284 radius
3675 2237 3729 2283 et
3763 2227 4027 2299 splendor

766 2326 783 2357 ι
819 2316 1000 2361 ortutn
1036 2308 1261 2375 habent,
1297 2310 1413 2377 ipse
1443 2310 1587 2363 enim
1637 2318 1690 2363 et
1728 2308 1888 2375 radii,
1922 2317 1977 2365 et
2014 2307 2319 2377 splendoris
2352 2306 2471 2362 fons
2500 2320 2605 2377 est,
2673 2327 2768 2382 per
2829 2317 3044 2372 radium
3081 2329 3266 2376 autem
3344 2322 3504 2378 nobis
3546 2324 3803 2393 splendor
3867 2340 4025 2381 com-

765 2418 783 2451 σ
823 2400 1153 2466 muniestur,
1210 2413 1374 2472 atque
1421 2401 1539 2471 ipse
1582 2408 1685 2465 est,
1733 2401 1826 2470 qui
1872 2414 1974 2456 nos
2023 2397 2328 2463 collustrat,
2359 2409 2523 2471 atque
2589 2419 2621 2458 a
2658 2405 2817 2462 nobis
2885 2411 3209 2482 percipitur.
3240 2414 3311 2469 At
3376 2412 3577 2471 Filium
3640 2430 3745 2473 nec
3776 2417 4025 2491 Spiritus

770 2510 786 2543 ι
830 2492 1025 2557 lilium,
1054 2507 1155 2547 nec
1176 2506 1245 2547 ex
1272 2491 1486 2562 Spiritu
1526 2506 1649 2546 esse
1682 2490 1941 2546 dicimus.
1970 2508 1989 2540 ι

1342 2584 1764 2638 Animadversio.
3041 2589 3419 2651 ’an'taala.

849 2693 866 2723 ι
905 2674 1183 2729 Attentius
1214 2675 1465 2728 recolens
1490 2674 1629 2728 hanc
1653 2673 1987 2744 pericopem,
2014 2682 2069 2729 et
2092 2688 2214 2745 quae
2240 2689 2335 2744 per

2522 2689 2541 2723 ι
2597 2673 3132 2758 Ἐπιστατικώτερον
3180 2672 3387 2757 ταύτης
3436 2690 3676 2755 ἀκούσας
3720 2694 3823 2764 τῆς
3862 2714 4025 2768 περι-

768 2786 785 2817 ι
822 2782 943 2819 eam
972 2768 1219 2820 doctrina
1256 2764 1515 2829 traditur,
1547 2765 1884 2821 concordato
1925 2782 2048 2820 cum
2083 2767 2175 2834 iis,
2214 2782 2335 2835 qua:

2447 2778 2467 2813 ι
2515 2764 2712 2859 ιιοτιῆς,
2757 2769 2852 2822 καὶ
2882 2773 2981 2841 τὴν
3026 2771 3115 2827 διὰ
3167 2776 3368 2846 ταύτης
3413 2779 3781 2851 διδασκαλίαν,
3818 2764 4022 2859 cup-6!-

771 2879 787 2909 ι
825 2874 990 2927 supra
1049 2873 1114 2912 ex
1173 2859 1401 2927 reliquis
1456 2857 1677 2911 deiferis
1733 2857 2011 2923 Patribus,
2067 2860 2331 2930 Gregorio

767 2971 784 3000 ι
828 2965 1023 3018 nempe
1053 2946 1354 3018 Theologo,
1381 2947 1649 3017 Nysseno,
1684 2959 1737 3003 et
1771 2950 2014 3004 cmlestia
2057 2952 2331 3008 revelaute

767 3062 783 3093 ι
825 3042 1085 3111 Dionysio
1134 3041 1416 3108 accepisti.
1474 3037 1721 3109 Namque
1764 3057 1889 3095 cum
1946 3042 2023 3095 illi
2088 3058 2156 3097 ex
2212 3045 2330 3099 solo

2447 2870 2465 2904 ο
2515 2855 2681 2909 6ασον
2731 2860 2868 2928 πρὸς
2930 2863 3077 2933 ἆπερ
3127 2866 3382 2939 ἀνωτέρω
3442 2874 3594 2941 παρὰ
3642 2877 3753 2929 τῶν
3807 2855 4023 2933 λοιπῶν

2447 2964 2467 2997 ‹
2515 2946 2790 3019 θεοφὸρων
2833 2954 3114 3024 Πατέρων,
3166 2960 3260 3012 τοῦ
3304 2960 3567 3033 Θεολόγου
3611 2967 3816 3041 δηλαδὴ
3876 2972 4024 3043 Γρη-

2440 3055 2460 3089 ι
2507 3039 2713 3109 γορίου,
2749 3044 2843 3095 τοῦ
2890 3044 3129 3118 Νύσσης,
3163 3052 3254 3103 καὶ
3305 3053 3400 3107 τοῦ
3428 3058 3801 3130 ίεροφάντορος
3833 3066 4023 3119 Διονυ-

768 3155 786 3186 ι
825 3134 987 3188 Patre
1044 3132 1451 3203 processionem
1504 3132 1742 3201 Spiritus
1792 3131 2190 3201 decrevissent,
2239 3134 2331 3190 hic

2447 3147 2462 3180 ι
2510 3131 2631 3182 σίου
2692 3134 3028 3203 παρέλαδες.
3090 3140 3345 3197 Ἐκείνων
3390 3147 3497 3217 γὰρ
3565 3150 3629 3201 ἐκ
3690 3154 3859 3220 μόνου
3921 3158 4020 3209 τοῦ

767 3246 784 3277 ι
820 3229 1037 3294 divinus
1081 3224 1210 3278 item
1243 3224 1401 3277 Pater
1433 3238 1541 3277 non
1574 3225 1752 3279 aliena
1783 3225 1851 3279 ab
1887 3239 2078 3280 eorum
2112 3234 2334 3280 senten-

752 3318 787 3370 ἰ
823 3320 895 3374 tia
919 3319 1170 3381 edocens,
1205 3315 1498 3385 explanat;
1538 3314 1803 3385 Spiritum
1846 3326 2099 3371 sanctum
2134 3333 2198 3373 ex
2230 3316 2335 3371 Pa-

767 3431 785 3464 ι
829 3422 910 3465 tre
941 3411 1196 3472 dicimus,
1246 3420 1298 3463 et
1335 3406 1595 3477 Spiritum
1625 3407 1805 3463 Patris
1833 3424 2239 3478 nuncupamus,
2268 3424 2335 3464 ex

767 3522 785 3555 ι
826 3502 962 3556 Filio
991 3517 1121 3555 vero
1151 3499 1412 3569 Spiritqu
1448 3515 1558 3553 non
1583 3501 1840 3556 dicimus.
1866 3501 1946 3554 Ad
1977 3503 2090 3555 haec
2125 3510 2333 3566 notato,

767 3611 785 3642 ι
825 3591 1120 3660 ipsissimls
1152 3587 1333 3643 verbis
1360 3602 1484 3641 eum
1530 3590 1791 3651 vetuisse,
1835 3590 2073 3657 Spiritus
2109 3605 2334 3645 causam

766 3704 787 3736 ε
822 3686 1001 3739 dicere
1029 3680 1251 3746 Filium,
1285 3695 1409 3736 cum
1435 3680 1627 3735 scribit
1665 3696 1678 3733 :
1724 3679 1920 3735 Filium
1950 3686 2081 3737 vero
2110 3697 2333 3738 causam

768 3796 787 3829 ι
830 3791 938 3830 non
973 3774 1231 3839 dicimus,
1281 3786 1459 3843 neque
1491 3771 1731 3826 Patrem.
1760 3771 1841 3826 lta
1882 3781 1940 3826 ut
1971 3788 2039 3826 ex
2086 3774 2153 3829 iis
2181 3774 2336 3830 colli-

768 3888 787 3919 ι
823 3881 949 3937 gere
982 3866 1161 3931 liceat,
1196 3878 1264 3919 ex
1293 3863 1411 3920 solo
1443 3861 1605 3918 Patre
1642 3860 1879 3931 Spiritus
1914 3863 2086 3917 sancti
2114 3878 2336 3932 proces—

768 3981 787 4013 ι
826 3962 1035 4018 sionem
1073 3972 1222 4013 esse.
1259 3974 1279 4008 ι

1394 4139 1684 4211 Refulatio.

838 4238 1135 4307 Propterea
1175 4236 1323 4305 quod
1380 4244 1603 4289 sanctus
1654 4235 1756 4289 iste
1794 4232 1929 4289 dixit
1963 4249 1980 4289 :
2015 4253 2033 4286 ι
2073 4234 2333 4306 Spiritum

2443 3239 2462 3272 ι
2509 3224 2723 3294 Πατρὸς
2753 3228 2852 3298 τὴν
2885 3230 2978 3283 τοῦ
3008 3233 3325 3305 Πνεύματος
3352 3238 3792 3309 δοτματισάντων
3835 3250 4014 3302 ἐκπό-

2444 3331 2461 3363 ι
2512 3331 2719 3409 ρεᾲυσιν,
2746 3314 2902 3383 οὗτος
2935 3322 2963 3374 ὀ
2989 3324 3249 3409 θεοφόρος
3296 3331 3483 3400 Πατὴρ
3516 3334 3745 3399 ἐκείνοις
3796 3342 4017 3409 συνῳδὰ

2442 3422 2460 3456 ι
2507 3404 2793 3473 διδάσκων,
2842 3408 3106 3474 διέξεισι·
3152 3408 3248 3468 καὶ
3277 3417 3336 3468 τὸ
3372 3419 3597 3490 Πνεῦμα
3629 3424 3690 3475 τὸ
3740 3404 4019 3494 ἅγιον-εκ

2444 3513 2462 3546 ι
2508 3496 2604 3549 τοῦ
2643 3498 2855 3566 Πατρὸς
2888 3499 3143 3572 λέγομεν,
3182 3508 3274 3559 καὶ
3307 3510 3530 3581 Πνεῦμα
3557 3514 3766 3585 [ἰατρὸς
3808 3519 4019 3588 ὀνομά-

2444 3604 2462 3639 ι
2509 3586 2698 3658 ζομεν,
2730 3590 2795 3642 ὲκ
2821 3590 2913 3643 τοῦ
2938 3593 3065 3647 Υἱοῦ
3091 3596 3147 3648 δὲ
3178 3596 3238 3649 τὸ
3264 3598 3487 3669 Πνεῦμα
3505 3604 3564 3654 ού
3597 3602 3845 3675 λέγομεν.
3871 3586 4020 3679 Πρὸς

2446 3696 2463 3728 ι
2508 3678 2723 3743 τούτοις
2801 3684 3114 3753 σημείωσαι
3168 3692 3264 3743 καὶ
3309 3693 3391 3745 ὅτι
3440 3694 3619 3764 ῥητῶς
3663 3678 4015 3768 ἀπηγόρευσε

2450 3787 2467 3820 ι
2511 3770 2603 3822 τὸν
2653 3771 2782 3824 Υίδν
2812 3776 2987 3829 αῐτιον
3021 3777 3298 3847 λέγεσθαι,
3340 3785 3398 3835 ὲν
3427 3779 3509 3846 οἷς
3541 3788 3740 3856 γράφει
3763 3805 3778 3821 ο
3813 3790 3918 3842 Τὸν
3956 3792 4015 3844 δὲ

2444 3878 2464 3912 ι
2514 3862 2641 3915 Υἱὸν
2676 3865 2738 3917 οὐ
2782 3867 3018 3938 λέγομεν
3058 3872 3252 3937 αἴτιον,
3304 3874 3426 3927 οὐδὲ
3471 3878 3710 3947 Πατέρα.
3780 3880 3869 3943 Ὠς
3922 3881 4014 3934 διὰ

2443 3973 2461 4007 ι
2506 3954 2711 4010 τούτων
2757 3960 3085 4028 συνάγεσθαι
3117 3965 3178 4018 τὸ
3207 3969 3271 4019 ὲκ
3313 3969 3474 4037 μόνου
3507 3968 3600 4022 τοῦ
3631 3971 3847 4042 Πατρδς
3908 3976 4009 4027 τοῦ

2443 4065 2462 4098 ι
2509 4049 2777 4118 παναγίου
2804 4052 3122 4123 Πνεύματος
3142 4057 3240 4126 τὴν
3266 4060 3607 4131 ὲκπόρευσιν.
3638 4080 3660 4116 ι

3038 4147 3429 4218 Ἀντίρῤησιςο

2505 4232 2650 4287 Διότι
2684 4236 2713 4287 ὀ
2748 4236 2906 4305 ἅγιος
2943 4233 3096 4301 οὗτος
3130 4240 3234 4309 ἔφη
3288 4242 3368 4306 τὸ,
3416 4260 3439 4294 ‹
3480 4242 3703 4314 Πνεῦμα
3745 4244 3805 4299 τδ
3852 4247 4012 4312 ἅγιον

765 4340 1014 4386 sanctum
1050 4343 1116 4382 ex
1171 4325 1333 4382 Patre
1356 4326 1612 4390 dicimus,
1658 4336 1713 4380 et
1745 4326 1995 4395 spiritum
2024 4327 2201 4383 Patris
2243 4344 2335 4398 ap-

2447 4323 2500 4374 ὲκ
2529 4324 2624 4377 τοῦ
2662 4326 2875 4397 Πατρὸς
2908 4327 3163 4398 λέγομεν,
3192 4332 3284 4383 καὶ
3314 4332 3539 4402 Πνεῦμα
3569 4335 3779 4406 Πατρὸς
3803 4339 4012 4407 ὀνομά-

766 4416 1056 4486 pellamus,
1086 4422 1141 4466 at
1166 4428 1298 4466 vero
1326 4426 1449 4465 eum
1476 4428 1541 4465 ex
1572 4410 1710 4465 Filio
1734 4428 1854 4467 esse
1875 4429 1983 4468 non
2014 4416 2268 4482 dicimus,
2305 4434 2324 4466 ι

2438 4411 2625 4483 ζομεν,
2667 4418 2731 4468 ὲκ
2767 4416 2862 4471 τοῦ
2918 4418 3042 4471 Υίοῦ
3070 4419 3127 4473 δὲ
3154 4420 3216 4473 τὸ
3252 4421 3477 4493 Πνεῦμα
3518 4426 3580 4478 ού
3625 4425 3881 4496 λέγομεν,
3918 4431 4009 4483 δια

768 4519 823 4561 ιιι
885 4520 950 4559 cx
1013 4505 1131 4558 solo
1187 4500 1348 4556 Patre
1415 4500 1680 4571 Spiritum
1736 4517 1856 4557 esse
1906 4504 2160 4573 colligis?
2220 4506 2326 4559 Sed

2447 4508 2595 4558 τοῦτο
2618 4508 2683 4559 ὲκ
2706 4507 2868 4577 μόνου
2885 4509 2980 4562 τοῦ
3002 4511 3214 4581 Πατρὸς
3233 4507 3374 4567 εἶναι
3392 4515 3644 4583 συνάγεις
3664 4517 3723 4569 τδ
3746 4518 3972 4590 Πνεῦμα
3993 4539 4007 4585 ;

764 4600 1017 4667 quisnam
1041 4612 1105 4649 ex
1133 4595 1201 4649 iis
1228 4594 1508 4658 omnibus,
1547 4594 1639 4663 qui
1669 4593 1772 4648 hoc
1801 4594 2031 4664 hujusce
2066 4595 2328 4666 Theologi

2451 4597 2609 4650 Ἀλλὰ
2637 4598 2720 4661 τίς
2747 4598 2860 4652 τῶν
2886 4601 2994 4671 πρὸ
3023 4602 3183 4671 ἡμῶν
3215 4602 3312 4673 τὴν
3338 4605 3596 4674 τοιαύτην
3617 4605 3708 4660 τοῦ
3741 4608 4007 4679 eadem.

763 4692 967 4745 dictum
996 4698 1127 4741 ante
1170 4700 1271 4739 nos
1315 4693 1712 4754 exposuerunt,
1748 4686 1915 4740 verba
1967 4681 2167 4741 sifnilia
2209 4704 2334 4756 pro-

2447 4688 2617 4741 τούτου
2642 4691 2856 4761 [ἰατρὸς
2879 4693 3247 4764 ἐξηγούμενος
3278 4698 3435 4767 ῥῆσιν
3460 4698 3601 4751 οὕτω
3625 4699 3772 4768 λέγει
3798 4704 4005 4772 ῥητῶς,

762 4779 929 4835 tulit?
969 4781 1339 4833 Damascenus
1388 4775 1921 4846 siquidemJoannes
1970 4791 2225 4832 asserens
2265 4794 2328 4834 ex

764 4871 924 4924 Patre
968 4870 1131 4923 veluti
1176 4882 1244 4920 ex
1289 4867 1464 4936 primo
1511 4868 1777 4935 principio
1825 4876 1876 4921 et
1921 4868 2093 4936 prima
2141 4882 2331 4932 causa,

777 4970 935 5032 negat
990 4976 1055 5013 ex
1106 4957 1245 5011 Filio
1279 4968 1532 5027 tanquam
1590 4973 1658 5012 ex
1686 4959 1861 5027 primo
1891 4960 2159 5028 principio
2202 4962 2330 5027 dici,

760 5066 1130 5121 r:ec.unquam
1162 5050 1333 5104 vetuit
1359 5065 1425 5103 ex
1449 5047 1586 5102 Filio
1611 5060 1870 5119 tanquam
1900 5066 1966 5105 ex
1993 5054 2326 5117 continente,

763 5159 865 5198 nec
894 5158 990 5212 per
1033 5140 1425 5195 continentem.
1460 5137 1604 5191 ldetn
1637 5140 1784 5192 enim
1821 5138 2000 5192 valent
2047 5155 2131 5203 ex,
2161 5148 2213 5192 et
2239 5155 2330 5207 per

762 5233 1197 5305 prtcpositiones.
1249 5230 1364 5282 Hoc
1396 5228 1451 5282 in
1492 5244 1593 5305 usu
1637 5238 1722 5283 est
1770 5237 1825 5282 et
1876 5230 1974 5298 ipsi
2012 5227 2328 5297 Scriptura,

765 5339 864 5378 nec
886 5322 1106 5378 sanctis
1138 5318 1392 5372 Patribus
1419 5319 1687 5386 ignotum.
1717 5317 1931 5373 Etenim
1965 5319 2031 5379 si,
2062 5334 2127 5374 ex
2169 5318 2326 5387 Filio,

764 5416 930 5469 veluti
982 5410 1238 5468 exPatt-e
1265 5425 1359 5479 per
1400 5407 1618 5475 Filium,
1647 5422 1698 5465 ct
1734 5412 1850 5477 pari
1903 5413 2063 5466 modo
2083 5428 2148 5466 ex
2180 5423 2327 5467 utro-

766 5521 872 5576 que
901 5524 915 5561 :
947 5515 1000 5560 et
1034 5505 1079 5559 si
1114 5500 1279 5555 veluti
1318 5514 1393 5553 rex
1424 5501 1598 5569 prima
1649 5517 1813 5557 causa
1842 5500 2024 5565 Patre,
2053 5517 2119 5559 ex
2148 5505 2325 5557 conti-

2448 4778 2507 4830 ’0
2572 4780 2754 4849 μέντοι
2799 4786 3165 4854 Δαμασκηνὸς
3236 4785 3513 4858 Ἰωάννης,
3568 4789 3629 4842 τὸ
3678 4792 3742 4843 ὲκ
3793 4794 4009 4861 Πατρὸς

2438 4870 2612 4938 λέγων
2644 4872 2717 4935 Lb;
2749 4873 2813 4926 ὲκ
2836 4874 3062 4945 πρώτης
3094 4878 3269 4947 ἀρχῆς
3302 4880 3394 4931 καὶ
3424 4880 3646 4950 πρώτης
3673 4881 3873 4945 αἰτίας,
3904 4884 4007 4936 οὐκ

2438 4964 2503 5014 ὲκ
2547 4962 2641 5015 τοῦ
2668 4963 2795 5017 Υίοῦ
2828 4982 2990 5035 φησιν
3030 4968 3106 5030 ὡς
3151 4972 3215 5021 ὲκ
3256 4970 3477 5041 πρώτης
3528 4973 3720 5041 ἀρχῆς,
3754 4975 3849 5025 καὶ
3900 4975 4003 5027 οὐκ

2438 5054 2789 5123 ἀπηγορευσε
2821 5058 2882 5109 τὸ
2928 5059 2992 5111 ὲκ
3029 5059 3122 5111 τοῦ
3163 5060 3310 5127 Υιοῦ,
3341 5061 3415 5125 ώς
3462 5065 3525 5115 ἐκ
3556 5063 3647 5116 τοῦ
3676 5067 4001 5134 προσεχοῦς,

2434 5146 2555 5215 ἦτοι
2580 5148 2667 5199 διὰ
2702 5148 2797 5202 τοῦ
2829 5151 3151 5219 προσεχοῦς.
3200 5154 3407 5207 Ταυτδν
3430 5154 3540 5224 γὰρ
3575 5155 3795 5209 δύναται
3826 5158 3859 5226 ἡ
3907 5157 4006 5211 διὰ

2435 5235 2696 5303 πρόθεσις
2748 5240 2897 5310 καὶὴ
2935 5240 3024 5304 ἐξ.
3063 5242 3171 5293 Καὶ
3198 5242 3610 5314 τοῦτο.σύνηθες
3636 5249 3729 5298 καὶ
3766 5247 3905 5316 αὐτῇ
3934 5252 4002 5318 τῇ

2432 5327 2624 5399 Γραφῇ
2672 5330 2768 5382 καὶ
2810 5334 2921 5394 τοῖς
2964 5334 3137 5401 ἁγίοις
3164 5335 3439 5406 Πατράσιν
3467 5337 3566 5389 οὐκ
3613 5337 4000 5406 ἀγνοούμενον.

2432 5418 2493 5471 Εἰ
2522 5420 2622 5488 μὲν
2652 5421 2715 5495 ὲκ
2746 5419 2838 5473 τοῦ
2874 5422 3026 5489 Υἱοῦ,
3060 5425 3134 5487 ώς
3168 5428 3232 5479 ἐκ
3257 5425 3350 5478 τοῦ
3378 5426 3584 5495 Πατρὸς
3617 5426 3703 5479 διὰ
3726 5426 3816 5478 τοῦ
3849 5427 4002 5487 Υίοῦ,

2432 5512 2531 5562 καὶ
2559 5510 2616 5575 ἐξ
2657 5512 2862 5580 ἀμφοῖν
2885 5528 2898 5542 ·
2929 5514 3128 5583 ὁμοίως
3167 5518 3267 5584 μὲν
3293 5517 3387 5570 καὶ
3429 5519 3476 5569 εί
3538 5518 3601 5570 ἐκ
3635 5516 3856 5587 πρώτης
3903 5519 4005 5586 μὲν

766 5609 929 5653 ncute
957 5610 1082 5652 vero
1105 5591 1263 5657 Filio,
1292 5604 1413 5659 qua:
1444 5604 1675 5661 magnus
1705 5592 2063 5661 Athanasius,
2093 5608 2323 5666 magnus

2447 5600 2610 5666 ιίτίας
2638 5600 2733 5656 τοῦ
2767 5604 3003 5675 Πατρδς,
3035 5606 3099 5661 ὲκ
3134 5606 3230 5663 τοῦ
3272 5607 3568 5681 προσεχοῦς
3613 5608 3671 5664 δὲ
3717 5607 3811 5663 τοῦ
3845 5608 4000 5684 Υἱοῦ,

836 5755 881 5789 ⁸⁸
914 5756 1069 5811 llom.
1128 5770 1243 5819 VIII,
1269 5755 1323 5811 9.
1418 5753 1465 5790 ²⁶
1493 5752 1651 5811 Joan.
1688 5769 1780 5822 xx,
1821 5752 1912 5811 22.
