4202 6454
219 433 320 496 597

1183 436 1262 496 IN
1303 435 1694 495 CAMATERI
1739 435 2492 498 ANIMADVERSIONES.

3363 423 3472 488 598

220 544 376 610 ῥῆμα
404 537 500 593 τοῦ
533 539 755 609 πρῶτον
778 540 984 608 ἀγαθὸν
1014 535 1152 594 εἷναι
1186 542 1279 594 τδν
1309 542 1552 611 Πατέρα.
1577 543 1671 594 καὶ
1701 541 1786 606 τὸ,

1913 555 2095 607 1trans,
2127 559 2235 600 non
2259 543 2323 596 ad
2348 539 2770 596 discernendum
2796 539 3059 608 Spiritum
3083 536 3291 592 dictum
3315 551 3459 599 esse,

223 651 240 682 ι
278 621 473 694 Οὐδεὶς
517 623 624 685 οἵδε
673 633 764 684 τὸν
792 633 918 686 Υιὸν
945 633 996 685 ει
1039 633 1117 703 μὴ
1149 635 1176 686 6
1211 632 1422 700 Πατὴρ,
1457 651 1474 683 ι
1523 633 1616 684 καὶ
1646 648 1791 703 παρ-

220 724 383 776 ιστῶν
419 726 478 775 ὲν
532 723 720 796 ἐκείνῃ
746 726 814 796 τῇ
850 725 1114 794 ἑρμηνείᾳ
1141 725 1241 777 οὐκ
1274 725 1353 790 ei;
1379 723 1660 793 διαστολὴν
1693 723 1791 776 τοῦ

221 815 542 884 Πνεῦματος
597 815 756 869 τοῦτο
813 816 1074 886 ῥηθῆναι,
1134 814 1251 868 ἀλλ’
1300 817 1378 878 εἰς
1426 814 1664 886 δήλωσιν
1697 813 1792 868 τοῦ

220 907 423 977 πρώτῳ
452 907 531 976 τῷ
563 908 739 977 Πατρὶ
772 909 871 978 τὴν
901 908 1105 976 γνῶσιν
1147 907 1247 976 τῆς
1276 907 1371 962 τοῦ
1413 908 1544 962 Υιοῦ
1577 907 1794 975 φύσεως

217 998 579 1066 ἐνυπάρχειν·
609 998 704 1052 καὶ
748 999 913 1053 πάλιν
946 999 1321 1070 διερμηνεὺων
1344 999 1426 1064 1:6,
1473 1019 1491 1052 ι
1523 1000 1646 1054 Οὐδ’
1673 1000 1739 1054 ἂν
1767 1001 1796 1053 6

220 1088 344 1149 Υἱὸς
374 1088 520 1156 ἔγνω
546 1089 645 1156 τὴν
674 1090 888 1160 ἡμέραν
920 1090 1016 1144 τοῦ
1055 1090 1266 1155 τέλους,
1295 1093 1344 1144 εἰ
1372 1091 1448 1162 μὴ
1479 1091 1508 1144 6
1544 1093 1790 1161 Harrth

225 1181 320 1244 καὶ
347 1183 407 1232 ἐν
432 1181 611 1251 τούτῳ
633 1180 942 1251 διατρανῶν
994 1183 1072 1253 μὴ
1106 1183 1198 1237 τὸν
1229 1184 1357 1237 Υιὸν
1383 1183 1795 1237 διαστέλλεσθαι

219 1271 324 1321 ἀπὸ
367 1269 464 1323 τοῦ
501 1272 742 1341 Πατρὸς,
780 1273 918 1326 ἀλλὰ
959 1273 1037 1346 τῷ
1073 1276 1248 1345 Πατρὶ
1279 1275 1378 1346 τὴν
1407 1275 1633 1348 πρώτην
1657 1275 1798 1343 γνῶ-

220 1377 301 1411 σιν
335 1362 891 1432 προσμαρτυρείσθαι
933 1364 1023 1418 διὰ
1067 1365 1130 1419 τὸ
1173 1368 1238 1420 ἐκ
1282 1367 1493 1437 Πατρὸς
1530 1369 1676 1437 ἔχειν
1704 1368 1799 1420 καὶ

218 1451 308 1501 τὸν
340 1452 469 1504 Υιὸν
495 1453 552 1505 τὸ
578 1454 780 1508 ειδέναι
801 1470 815 1485 ·
845 1456 1022 1512 ταῦτα
1044 1458 1226 1513 πάντα
1256 1461 1284 1512 6
1314 1458 1488 1528 μέγας
1518 1459 1800 1522 Βασίλειος

219 1542 566 1612 ἑξηγητικῶς
609 1545 986 1618 διερμηνεύων
1011 1547 1069 1602 έν
1106 1566 1166 1602 τε
1208 1551 1309 1620 μιᾷ
1345 1550 1454 1604 τῶν
1481 1550 1619 1620 πρὸς
1663 1552 1798 1620 ’Δμ-

221 1633 468 1701 φιλόχιον
500 1635 823 1703 ἐπιστολῶν,
850 1632 918 1709 ἧς
946 1641 980 1709 ἡ
1017 1641 1184 1710 ἀρχὴ,
1226 1660 1244 1693 ι
1294 1641 1666 1711 Ἐζητημένον
1697 1641 1798 1712 ἤδη

228 1725 382 1789 παρὰ
404 1726 622 1790 πολλοῖς
651 1727 712 1781 τὸ
745 1729 1103 1798 εὐαγγελικδν
1136 1733 1322 1803 ῥητὸν,
1360 1751 1380 1786 ι
1415 1733 1472 1786 ἐν
1495 1750 1552 1786 τε
1575 1737 1642 1804 τῇ
1673 1734 1802 1805 περὶ

220 1815 316 1884 τῆς
349 1817 756 1886 ὑποχωρήσεως
790 1821 957 1876 αὐτοῦ
1008 1825 1144 1895 πρὸς
1172 1825 1300 1888 τοὺς
1324 1827 1627 1896 Καισαρεῖς
1666 1827 1803 1880 ἀπο-

1897 635 1992 689 sed
2029 635 2092 688 ad
2135 632 2617 693 manifestandum,
2671 628 2851 700 primo
2899 628 3044 682 Patri
3106 626 3228 682 Filii
3257 638 3466 682 natura:

1897 725 2262 795 cognitionem
2317 725 2495 779 inesse
2544 733 2895 790 :rursusque
2949 734 3226 790 exponens
3287 717 3416 771 illud
3448 759 3463 781 ,

1904 836 1921 870 ι
1949 818 2138 887 Neque
2157 814 2328 870 Filius
2358 816 2510 870 novit
2560 812 2704 867 diem
2735 813 2861 866 tlnis
2892 811 2995 866 nisi
3047 809 3203 863 Pater
3246 810 3315 871 “,
3355 828 3374 860 ι
3412 818 3468 863 ct

1899 909 1952 963 in
1976 923 2042 964 eo
2060 917 2242 977 aperte
2259 908 2573 973 enuntians,
2594 919 2702 958 non
2727 903 2923 959 Filium
2947 901 3210 971 distingui
3233 900 3466 963 a-Patre,

1899 1002 1995 1058 sed
2045 999 2197 1056 Patri
2241 1002 2472 1070 primam
2509 997 2878 1070 cognitionem
2926 996 3173 1059 attribui,
3206 993 3352 1062 quod
3399 1008 3464 1045 ex

1901 1095 2062 1152 Patre
2110 1093 2283 1150 Filius
2329 1092 2696 1163 cognoscendi
2729 1088 3043 1144 facultatem
3087 1086 3325 1142 habeat:
3354 1084 3470 1138 luce

1901 1187 2086 1252 omnia
2133 1200 2364 1258 magnus
2415 1182 2648 1237 Basilius
2681 1195 2780 1237 sua
2816 1177 3269 1246 interpretatione
3303 1174 3468 1229 ador-

1903 1295 2039 1334 nans
2074 1289 2187 1332 tum
2223 1278 2276 1333 in
2307 1291 2428 1338 sua,
2457 1289 2623 1345 quam
2653 1274 2720 1328 ad
2773 1271 3218 1342 Amphilochium
3254 1266 3472 1336 scripsit

1901 1369 2152 1441 epistola,
2187 1368 2345 1437 cujus
2377 1367 2506 1422 illud
2555 1362 2883 1436 principium
2915 1369 3035 1428 est,
3064 1361 3105 1414 Λ
3144 1360 3333 1414 multis
3357 1358 3470 1426 jam

1901 1463 2165 1535 quaeritur
2220 1461 2288 1516 de
2344 1459 2659 1530 evangelica
2712 1457 2878 1521 dicto,
2920 1474 2940 1508 ι
2977 1463 3092 1508 tum
3140 1453 3196 1506 in
3249 1451 3355 1504 alia
3405 1450 3472 1503 ad

1903 1555 2268 1611 Caesarienses
2296 1551 2524 1622 epistola
2548 1549 2883 1620 apologetica
2913 1547 2979 1602 de
3007 1561 3104 1622 sua
3139 1543 3468 1606 secessione,

1905 1648 2063 1718 cujus
2105 1645 2459 1717 prinupium,
2508 1661 2526 1694 ι
2567 1641 2776 1711 Saepius
2823 1638 3126 1694 admiratus
3156 1651 3301 1700 sum,
3345 1632 3476 1703 quid

1905 1753 2032 1806 erga
2064 1752 2164 1792 nos
2196 1737 2342 1806 passi
2387 1735 2543 1796 estis,
2579 1751 2596 1785 ι
2630 1734 2721 1787 dat
2747 1730 3056 1799 intelligere
3086 1742 3235 1792 eum,
3265 1726 3358 1796 qui
3394 1724 3478 1778 di-

1906 1827 1979 1881 cit
2011 1866 2026 1892 ,
2053 1825 2216 1880 Solus
2255 1838 2418 1878 causa
2467 1821 2649 1886 Pater,
2706 1820 2840 1874 nihil
2878 1819 3025 1873 aliud
3083 1817 3336 1878 innuere,
3369 1813 3476 1867 nisi

220 1903 494 1976 λογητικῇ
530 1910 813 1982 ἐπιστολῇ,
861 1908 931 1984 ἧς
979 1915 1013 1984 ἡ
1062 1915 1233 1985 ἁρχὴ,
1276 1934 1295 1968 ι
1339 1917 1607 1981 Πολλάκις
1640 1919 1804 1972 ἐθαύ-

1913 1918 2139 1988 primam
2183 1931 2401 1972 causam
2460 1913 2676 1968 Patrem
2707 1928 2852 1976 esse,
2899 1911 3067 1965 veluti
3121 1906 3476 1978 principium,

225 2011 376 2060 μασα
412 1997 468 2048 τί
501 2015 631 2050 ποτε
661 2001 798 2070 πρὸς
830 2003 982 2072 ἡμᾶς
1004 2006 1337 2072 πεπόνθατε,
1376 2026 1396 2060 ι
1428 2009 1629 2062 δίδωσι
1662 2011 1803 2064 νοεῖν

221 2085 345 2147 ὠςό
381 2085 581 2156 λέγων,
637 2093 814 2156 Μόνος
845 2094 1019 2160 αἴτιος
1067 2099 1096 2151 6
1156 2099 1371 2170 Πατὴρ,
1420 2100 1575 2153 οὐδὲν
1617 2101 1805 2173 ἕτερον

223 2179 392 2250 δηλοιζ
425 2184 545 2235 ἀλλ’
589 2184 623 2255 ἢ
652 2185 733 2240 ὅτι
759 2187 977 2258 πρῶτον
1029 2191 1203 2247 αῐτιον
1234 2196 1262 2248 ό
1295 2195 1488 2266 Πατήρ
1517 2195 1689 2264 ἑστιν,
1728 2197 1806 2261 ὡς

224 2271 391 2341 ἀρχὴν
423 2275 518 2328 καὶ
542 2277 693 2346 ῥίζα.
725 2281 817 2332 καὶ
841 2281 995 2350 πηγὴ
1015 2283 1114 2352 τῆς
1134 2287 1314 2350 αιτιας
1336 2287 1555 2342 πάντων
1581 2288 1692 2341 τῶν
1719 2288 1808 2344 διὰ

227 2363 316 2415 τοῦ
343 2364 480 2421 Υῑοῦ
521 2369 617 2422 καὶ
645 2373 798 2442 παρὰ
830 2373 924 2428 τοῦ
955 2376 1088 2430 Υἰοῦ
1115 2379 1209 2432 καὶ
1247 2379 1313 2433 ἐκ
1356 2380 1453 2434 τοῦ
1487 2381 1618 2434 Υιοῦ
1649 2381 1804 2450 λεγο-

227 2455 428 2523 μένων,
497 2459 578 2523 εἰς
626 2464 792 2517 αὑτὸν
859 2468 1310 2541 ἀναφερομένων.
1388 2472 1612 2545 Ἐπειδὴ
1696 2473 1805 2544 γὰρ

225 2547 568 2616 ὁπουδήποτε
616 2554 675 2605 τὸ
719 2559 880 2623 μόνος
930 2558 1270 2627 λαμϐάνεται
1311 2563 1404 2616 ἐπὶ
1446 2561 1542 2616 τοῦ
1593 2563 1806 2633 Πατρὸς

224 2639 299 2699 si;
330 2637 571 2708 δήλωσιν
593 2642 689 2696 τοῦ
730 2648 950 2716 πρῶτος
969 2649 999 2703 6
1038 2651 1230 2722 Πατὴρ
1260 2653 1624 2724 λαμϐάνεται,
1650 2654 1806 2709 οὐδὲν

223 2728 474 2801 διαφέρει
526 2734 728 2802 λέγειν,
775 2741 938 2809 μόνος
993 2744 1168 2808 αἴτιος
1210 2744 1239 2815 ἢ
1298 2746 1520 2816 πρῶτον
1551 2747 1729 2800 αῐτιον
1778 2748 1807 2799 6

226 2818 443 2892 Πατήρ.
485 2841 504 2874 ι
538 2825 718 2888 Μόνος
757 2829 866 2900 γὰρ
906 2832 1158 2900 ἀγαθὸςό
1196 2833 1402 2906 Πατὴρ,
1461 2836 1545 2889 ὅτι
1590 2837 1808 2907 πρῶτον

224 2911 433 2976 ἀγαθὸν
474 2917 502 2969 6
549 2917 761 2990 Πατήρ.
820 2939 840 2973 ι
894 2923 1052 2978 Κατά
1109 2928 1219 2997 γὰρ
1260 2929 1354 2981 τὸν
1403 2930 1579 2998 μέγαν
1628 2930 1810 2984 εἰπεῖν

225 2999 532 3091 Πασίλειον,
588 3025 606 3059 ι
647 3008 873 3077 λέγωνό
908 3014 1056 3080 Υἱὸς,
1100 3035 1118 3068 ι
1157 3017 1350 3082 Οὐδεὶς
1393 3019 1605 3087 ἀγαθὸς
1651 3022 1699 3073 εἰ
1732 3021 1808 3091 μὴ

223 3089 303 3155 εἷς
334 3095 363 3145 6
403 3096 562 3163 θεὸς,
619 3119 637 3150 ι
674 3102 796 3172 οὐχὶ
828 3105 1022 3160 ἑαυτὸν
1059 3105 1165 3173 ἕξιν
1199 3109 1377 3173 τιθεὶς
1402 3113 1504 3181 τῆς
1540 3111 1635 3164 τοῦ
1671 3089 1809 3179 ἀέρι-λ

225 3182 320 3235 θοῦ
369 3186 594 3251 φύσεως
646 3190 822 3246 ταῦτα
878 3193 1052 3265 λέγει,
1103 3197 1218 3252 ἀλλ’
1251 3198 1441 3267 ἐπειδὴ
1480 3199 1542 3252 τὸ
1588 3198 1808 3266 πρῶτον

1905 2010 2194 2079 originem,
2247 2018 2301 2062 et
2350 2006 2555 2060 fontem
2614 2019 2793 2059 causa:
2825 2017 3018 2058 eorum
3057 1999 3302 2055 omnium
3356 2009 3480 2066 qua:

1906 2116 2001 2170 per
2031 2099 2252 2162 Filium.
2279 2108 2333 2154 et
2363 2116 2428 2153 ex
2456 2097 2596 2152 Filio
2622 2111 2745 2151 esse
2775 2095 3050 2154 dicuntur,
3076 2107 3202 2146 cum
3236 2089 3303 2144 ad
3348 2103 3478 2142 eum

1905 2192 2237 2247 relerantur.
2269 2192 2406 2245 Cum
2452 2191 2596 2245 enim
2653 2189 2966 2257 ubicunque
3018 2184 3173 2240 solus
3219 2182 3287 2238 de
3323 2181 3482 2236 Patre

1907 2285 2134 2348 dicitur,
2169 2283 2234 2337 ad
2276 2281 2575 2336 notandum
2622 2281 2859 2350 primum
2913 2277 3126 2332 Patrem
3187 2274 3480 2344 accipitur,

1907 2378 2046 2432 nihil
2071 2375 2274 2441 diﬂ‘ert,
2307 2373 2421 2429 sola
2462 2387 2653 2437 causa,
2704 2381 2797 2424 aut
2851 2369 3023 2441 prima
3067 2381 3234 2420 causa
3272 2364 3478 2418 Pater:

1914 2490 1932 2522 ι
1975 2467 2138 2524 Solus
2171 2467 2315 2520 enim
2358 2467 2534 2520 bonus
2586 2462 2768 2527 Pater,
2810 2461 2958 2532 quod
3000 2460 3238 2529 primum
3281 2459 3483 2512 bonum

1910 2563 2067 2616 Pater
2100 2560 2190 2615 sit.
2224 2578 2242 2610 ι
2278 2557 2440 2624 Nam,
2476 2565 2534 2609 ut
2561 2571 2685 2611 cum
2714 2567 2913 2621 magno
2938 2551 3137 2605 Basilio
3169 2552 3482 2619 loquamur,

1915 2675 1934 2708 ι
1972 2655 2157 2708 dicens
2193 2651 2383 2714 Filius,
2423 2667 2442 2700 ι
2489 2649 2664 2702 Nemo
2714 2646 2889 2701 bonus
2929 2645 3032 2698 nisi
3067 2657 3210 2697 unus
3255 2641 3419 2702 Deus,
3461 2657 3481 2688 ι

1912 2759 2019 2799 non
2067 2743 2422 2811 semetipsum
2481 2746 2636 2792 extra
2711 2744 2963 2815 naturam
3011 2731 3141 2785 boni
3179 2729 3482 2786 collocans.

1911 2838 2002 2891 illa
2038 2833 2266 2905 profert,
2325 2832 2421 2887 scd
2476 2829 2734 2905 quoniam
2784 2827 3021 2896 primum
3059 2825 3260 2878 bonum
3326 2820 3489 2874 Pater

1911 2938 2012 2994 est,
2046 2943 2170 2982 cuin
2224 2926 2299 2980 illi
2339 2923 2542 2978 nemini
2577 2921 2813 2990 primum
2859 2917 3239 2976 subaudiatur.
3291 2928 3492 2969 secun-

1910 3018 2037 3072 dum
2071 3016 2176 3069 dici
2230 3014 2528 3069 credimus.
2564 3011 2934 3077 Rursumque,
2986 3005 3152 3060 Solus
3203 3005 3353 3058 novit
3400 3001 3490 3054 Fi-

1911 3111 2043 3164 lium
2067 3087 2249 3170 Pater,
2286 3106 2430 3175 quod
2460 3105 2673 3174 primus
2707 3103 2862 3156 novit
2899 3099 3096 3154 Filium
3135 3097 3312 3151 Pater.
3350 3093 3488 3147 Nam

1915 3199 2151 3268 Spiritus
2195 3197 2319 3251 licet
2353 3195 2566 3250 noverit
2619 3208 2724 3250 una
2753 3208 2876 3248 cum
2913 3191 3072 3246 Patre
3104 3188 3325 3250 Filium,
3356 3196 3489 3241 alia.

224 3274 432 3341 ἀγαθὸν
487 3278 515 3330 6
573 3281 786 3352 Πατὴρ,
827 3283 906 3354 τῷ
938 3287 1116 3350 οὐδεὶς
1151 3288 1671 3358 συνυπακουομένου
1709 3289 1805 3343 τοῦ

1915 3307 2039 3346 men
2073 3290 2202 3358 quia
2228 3287 2393 3342 Pater
2421 3289 2628 3356 primus
2660 3285 2833 3345 novit,
2869 3285 2987 3359 ipse
3015 3296 3234 3352 quoque
3285 3278 3484 3333 Filium

227 3367 475 3435 πρώτου,
546 3373 608 3424 τὸ
668 3374 923 3445 δεύτερον
983 3378 1239 3448 εἰρῆσθαι
1286 3379 1642 3450 πιστεύομεν.
1696 3381 1808 3435 Καὶ

226 3458 413 3526 πάλιν,
452 3479 472 3512 ι
524 3464 702 3529 Μόνος
730 3462 840 3522 οἶδε
869 3469 962 3523 τὸν
994 3471 1120 3524 Υῑὺν
1157 3473 1187 3526 6
1217 3472 1430 3544 Πατὴρ,
1461 3475 1547 3528 ὅτι
1582 3474 1805 3541 πρῶτος

226 3546 335 3603 οἶδε
365 3551 459 3605 τὸν
490 3554 618 3608 Υῑδν
645 3559 673 3610 6
706 3558 919 3631 Πατήρ.
959 3562 1034 3615 Τὸ
1069 3563 1178 3633 γὰρ
1212 3565 1460 3634 Πνεῦμα,
1494 3569 1543 3619 ει
1571 3567 1670 3620 καὶ
1693 3562 1803 3619 οἶδε

231 3642 328 3695 σὺν
371 3643 450 3713 τῷ
497 3646 670 3715 Πατρὶ
702 3649 794 3701 τὸν
848 3651 998 3716 Υιὸν,
1050 3655 1188 3709 ἀλλὰ
1233 3655 1322 3709 διὰ
1369 3657 1429 3710 1:6
1453 3657 1545 3711 τὸν
1584 3661 1807 3727 Πατέρα

231 3733 448 3803 πρῶτον
474 3737 697 3806 ειδέναι,
744 3737 852 3795 οἶδε
884 3745 981 3797 καὶ
1009 3746 1142 3800 αὐτὸ
1165 3747 1259 3800 τὸν
1297 3748 1448 3803 Υἱόν.
1480 3749 1660 3812 Μόνος
1698 3743 1809 3802 οἶδε

230 3824 328 3896 τὴν
369 3827 584 3898 ἡμέραν
609 3833 702 3884 τοῦ
732 3833 922 3898 τέλους
959 3838 989 3889 6
1040 3839 1254 3909 Πατὴρ,
1287 3840 1372 3892 ὅτι
1419 3840 1636 3907 πρῶτος
1667 3834 1809 3893 οἶδεν

231 3918 404 3987 αὐτὴν
435 3921 465 3973 ό
497 3925 707 3994 Πατήρ.
757 3927 819 3980 Et
850 3928 961 3999 γὰρ
993 3932 1090 3986 καὶ
1115 3932 1144 3983 6
1183 3932 1310 3994 Υἱὸς
1339 3929 1445 3986 οἶδε
1480 3933 1686 4003 ταύτην
1710 3934 1808 3986 σὺν

229 4008 306 4098 τῷ
345 4015 542 4084 Πατρὶ,
566 4018 701 4071 ἀλλὰ
731 4020 818 4074 διὰ
849 4023 908 4075 ’δ
937 4024 1031 4077 τὸν
1065 4025 1286 4098 Πατέρα
1337 4026 1555 4097 πρῶτον
1576 4025 1754 4080 ειδένα
1767 4043 1804 4094 ι,

1917 3384 2090 3438 novit.
2124 3383 2287 3437 Solus
2319 3381 2475 3435 novit
2503 3381 2645 3436 diem
2700 3379 2824 3434 linis
2867 3377 3050 3442 Pater,
3095 3375 3240 3445 quod
3278 3374 3493 3444 primus

1915 3493 2042 3533 eum
2072 3475 2235 3531 Pater
2261 3475 2441 3540 novit;
2473 3473 2597 3529 licet
2625 3473 2768 3528 enim
2797 3482 2849 3526 et
2879 3469 3051 3526 Filius
3111 3484 3237 3524 eum
3272 3466 3490 3522 noverit

1916 3585 2040 3626 cum
2074 3568 2255 3631 Patre,
2283 3577 2522 3622 attamen
2549 3568 2675 3634 quia
2711 3565 2922 3635 primus
2945 3563 3104 3617 Pater
3131 3561 3303 3626 novit,
3335 3558 3491 3615 novit

1914 3673 1967 3716 et
2005 3664 2121 3732 ipse
2172 3660 2318 3714 diem
2370 3658 2564 3732 illum?
2600 3657 2968 3726 cognitionem
3017 3655 3162 3710 enim
3221 3653 3394 3708 Filius
3423 3667 3490 3705 ex

1916 3725 2076 3808 Patre
2110 3751 2376 3822 possidet.
2409 3725 2594 3804 {Haec
2623 3725 2787 3803 verba
2835 3747 3020 3802 omnia
3051 3762 3158 3799 non
3192 3759 3308 3799 mea
3337 3751 3492 3808 sunt,

1915 3845 2009 3899 sed
2041 3852 2308 3899 terrarum
2336 3841 2486 3898 orbis
2513 3840 2736 3896 luminis
2771 3839 2950 3909 magni
2981 3837 3185 3901 Basilii,
3218 3845 3274 3892 et
3303 3846 3495 3892 aucto-

1917 3937 2050 3990 ritas
2079 3935 2218 3991 tanti
2266 3934 2442 3990 Patris
2483 3932 2784 3988 lectoribus
2833 3930 3064 4006 suadeat
3113 3930 3274 3985 (idem
3329 3927 3492 3984 dictis

1915 4037 2105 4097 praesta
2114 4043 2190 4082 re.

229 4097 340 4156 οἶδε
367 4108 463 4160 καὶ
485 4109 645 4174 αὐτὸς
675 4112 774 4182 τὴν
802 4115 1016 4185 ἡμέραν
1041 4097 1264 4187 ταύτην.
1300 4119 1373 4172 Τὸ
1401 4119 1511 4191 γὰρ
1538 4119 1737 4174 εἰδέναι
1765 4121 1794 4173 6
1832 4121 1961 4186 Υῑὸς
1997 4123 2061 4175 ὲκ
2124 4122 2216 4174 τοῦ
2249 4120 2463 4190 Πατρὺς
2493 4119 2625 4190 ἔχει.
2672 4138 2688 4169 ι
2722 4116 2907 4171 Ταῦτα
2937 4120 3114 4169 πάντα
3147 4113 3215 4166 τὰ
3247 4115 3488 4183 ῥήματα,

229 4198 329 4250 οὐκ
372 4200 504 4288 ἐμὰν
545 4202 681 4258 ἀλλά
713 4206 809 4259 τοῦ
843 4210 944 4280 τῆς
1009 4211 1334 4284 οἰκουμένης
1369 4215 1657 4288 φωστῆρος
1687 4213 1967 4272 Βασιλείου
2019 4215 2114 4268 τοῦ
2150 4215 2322 4269 πάνυ·
2396 4215 2490 4264 καὶ
2549 4210 2782 4264 πειθέτω
2830 4208 2955 4271 τοὺς
2979 4207 3408 4276 ιντυγχάνοντας
3431 4203 3491 4256 τό

237 4294 325 4347 τοῦ
362 4282 576 4367 Πατρὸς
601 4302 936 4367 ἀξιόπιστον.

646 4422 739 4474 ΡΗ
745 4423 786 4473 Σ
788 4422 914 4476 ΕΙΣ
958 4425 1435 4481 ΘΕΟΔΩΡΗΤΟΥ.

235 4550 361 4633 Τοῦ.
375 4554 709 4633 μακαρίτου
746 4556 1130 4633 Θεοδωρήτου-
1155 4559 1272 4612 ἀπὸ
1306 4559 1413 4612 τοῦ
1446 4558 1488 4633 ε’
1521 4558 1632 4613 τῶν
1675 4560 1809 4628 περὶ

302 4625 609 4692 αἱρετικῆς
655 4629 1025 4694 κακυμυθίας
1062 4630 1262 4698 τόμων
1304 4632 1638 4698 κεφάλαιον
1667 4637 1735 4698 γ’.

303 4749 507 4806 ΡΜΓ.⁸
531 4773 550 4806 ι
602 4757 675 4809 Τὸ
709 4757 936 4829 Πνεῦμα
961 4761 1141 4814 τοίνυν
1175 4764 1237 4815 τὸ
1269 4763 1426 4830 ἅγιον
1457 4763 1520 4816 ἐκ
1546 4762 1642 4818 τοῦ
1672 4763 1809 4834 Θςοῦ

238 4864 256 4894 ι
303 4845 402 4897 καὶ
447 4847 661 4915 Πατρὺς
691 4848 836 4917 ἔχειν
865 4850 962 4920 τὴν
999 4851 1237 4925 ὕπαρξιν
1264 4855 1688 4928 μεμαθήκαμεν.
1753 4855 1810 4909 Ὀ

239 4953 256 4985 ι
302 4936 362 4988 δι
408 4937 510 5006 τῆς
554 4940 840 5009 ὑπάρξεως
889 4945 1091 5012 τρόπος
1139 4945 1263 4999 οὔτε
1315 4950 1382 5018 τῇ
1434 4950 1613 5000 κτίσει
1642 4965 1814 5016 προσ-

239 5045 256 5077 ι
304 5029 506 5095 έοικεν,
541 5031 796 5086 ἄκτιστον
853 5035 962 5105 γὰρ
991 5037 1054 5090 τὸ
1114 5040 1380 5103 πανάγιον
1413 5039 1656 5110 Πνεῦμα,
1684 5038 1809 5092 οὔτε

242 5137 258 5167 ι
304 5119 384 5191 τῷ
414 5125 700 5189 μονογενεῖ
730 5125 862 5196 Υξῷ.
896 5127 1084 5190 Οὐδεὶς
1109 5130 1217 5199 γὰρ
1235 5129 1346 5182 τῶν
1379 5130 1654 5200 θεοφόρων
1687 5131 1812 5197 γέν-

244 5231 261 5262 ι
305 5230 466 5283 νησιν
512 5218 926 5286 προσηγόρευσε
1004 5220 1104 5291 τὴν
1153 5221 1248 5274 τοῦ
1300 5221 1443 5278 θείου
1497 5222 1810 5291 Πνεύματος

243 5323 258 5353 ι
311 5304 574 5376 ὕπαρξιν.
616 5309 712 5363 Ἐκ
773 5312 956 5378 μέντοι
1007 5311 1103 5365 τοῦ
1154 5313 1290 5370 Θεοῦ
1343 5311 1483 5368 εἶναι
1534 5316 1664 5370 αὐτὸ
1716 5319 1810 5369 καὶ

244 5419 260 5445 ε
303 5397 454 5450 θετον
484 5394 626 5452 εἶναι
657 5402 707 5452 οι
741 5402 878 5473 ἱεροὶ
909 5403 1224 5458 διδάσκουσι
1257 5407 1427 5468 λόγοι.
1475 5407 1533 5460 '0
1570 5408 1670 5473 μὲν
1703 5409 1813 5478 γὰρ

243 5510 259 5537 ι
310 5490 591 5560 Δεσπότης
612 5493 848 5563 Χριστὸς
872 5495 1044 5548 ταῦτα
1073 5498 1201 5566 περὶ
1227 5499 1392 5552 αὐτοῦ
1419 5517 1553 5568 φησι
1574 5518 1587 5531 ·
1625 5521 1640 5552 ι
1675 5504 1817 5571 Συμ-

248 5603 262 5632 ι
310 5583 470 5651 φέρει
527 5585 654 5651 ὑμῖν
681 5586 768 5638 ἵνα
804 5585 918 5654 ἐγὼ
968 5588 1224 5642 ἀπέλθω·
1277 5592 1372 5643 ἐὰν
1420 5593 1530 5661 γὰρ
1574 5593 1686 5660 ἐγὼ
1740 5595 1814 5662 μὴ

246 5694 261 5726 ι
312 5675 562 5741 ἀπέλθω,
617 5677 646 5728 6
711 5679 1066 5752 Παράκλητος
1141 5684 1242 5735 οὐκ
1309 5683 1595 5739 ἐλεύσεται
1679 5688 1814 5756 πρὸς

346 5837 392 5866 "
424 5838 591 5898 Marc.
653 5854 776 5905 xm,
811 5836 899 5893 5'2.
1007 5842 1048 5870 “
1073 5837 1228 5893 Joan.
1267 5856 1376 5896 .u't.
1405 5841 1458 5904 7,

1842 4515 1889 4569 D

2326 4419 2543 4476 DICTA
2581 4417 3078 4475 THEODORETI.

1956 4561 2107 4616 Beati
2162 4559 2476 4612 Theodoreti
2521 4576 2586 4611 ex
2654 4568 2796 4613 tomo
2847 4557 3030 4624 quinto
3081 4555 3455 4609 hwreticarum

2423 4630 2754 4697 fabularum,
2786 4645 2902 4697 cap.
2939 4628 2992 4680 ὅ.

1989 4767 2216 4846 CXLIII.
2260 4787 2278 4819 ι
2340 4767 2611 4837 Spiritum
2657 4781 2788 4834 ergo
2839 4773 3093 4841 sanctum
3148 4779 3214 4821 ex
3267 4762 3380 4818 Deo
3441 4772 3494 4817 et

1921 4881 1938 4914 ι
1974 4862 2132 4933 Patre
2162 4862 2540 4915 exsistentiam
2581 4860 2780 4913 habere
2800 4849 3114 4918 didicimus.
3147 4857 3497 4913 Exsistentia:

1923 4975 1940 5007 ι
1977 4967 2158 5010 autem
2216 4955 2411 5008 modus
2469 4968 2646 5022 neque
2677 4962 2945 5006 creaturae
2991 4963 3077 5006 est
3132 4951 3372 5005 similis:
3409 4951 3491 5004 in-

1922 5065 1938 5107 ι
1977 5056 2196 5102 creatus
2223 5057 2308 5100 est
2340 5044 2489 5100 enim
2521 5045 2766 5113 Spiritus
2790 5055 3013 5099 sanctus
3035 5085 3052 5109 ,
3075 5059 3177 5097 nec
3207 5043 3498 5113 unigenito

1922 5157 1938 5189 ι
1981 5136 2118 5196 Filio
2173 5154 2186 5189 :
2245 5136 2431 5192 nullus
2478 5137 2624 5190 enim
2694 5145 3010 5190 sanctorum
3079 5135 3488 5203 generationem

1921 5251 1939 5283 ι
1979 5229 2267 5299 appellavit
2315 5229 2692 5285 exsistentiatn
2755 5228 2996 5299 Spiritus
3027 5228 3218 5283 divini.
3250 5227 3329 5282 Ex
3383 5225 3492 5278 Deo

1928 5344 1945 5375 ι
1981 5322 2201 5395 quidem
2230 5323 2409 5391 ipsum
2456 5337 2598 5385 esse,
2635 5332 2689 5375 et
2725 5321 2892 5375 Deum
2938 5335 3060 5376 esse
3089 5320 3290 5374 docent
3322 5334 3494 5376 sacrae

1926 5433 1943 5466 ι
1983 5412 2299 5482 Scriptura).
2331 5412 2587 5467 Christus
2617 5421 2796 5465 autem
2851 5411 3115 5466 Dominus
3150 5415 3264 5466 haec
3296 5413 3364 5465 de
3397 5411 3491 5464 illo

1927 5523 1944 5555 ι
1979 5503 2156 5558 dicit:
2203 5520 2223 5554 ι
2262 5501 2492 5570 Expedit
2523 5504 2764 5567 vobisut
2815 5503 3005 5557 vadam
3044 5523 3054 5556 :
3109 5503 3152 5555 si
3218 5516 3320 5571 ego
3381 5517 3500 5555 non

1926 5615 1942 5646 ι
1984 5596 2190 5658 abiero,
2224 5593 2539 5649 Paracletus
2574 5609 2679 5648 non
2705 5596 2881 5649 veniet
2913 5593 2979 5647 ad
3005 5595 3177 5650 vos".
3224 5614 3241 5646 ι
3275 5595 3342 5648 Ει
3368 5610 3486 5646 rur-

1929 5709 1944 5739 ι
1985 5703 2113 5744 sus:
2153 5707 2170 5741 ι
2211 5687 2348 5743 Cum
2382 5697 2565 5742 autem
2603 5688 2808 5744 venerit
2862 5685 3200 5753 Paracletus,
3254 5687 3495 5760 Spiritus
