4202 6454
752 370 854 437 599

1774 387 1982 450 JOAN.
2024 390 2236 453 VECCI
2277 393 2384 456 CP.
2430 396 2941 463 ΡΑΤΗΙΑΒΩΗᾹΞ

3887 398 3995 466 600

754 510 771 542 ι
807 492 1069 562 veritatis,
1105 496 1195 564 qui
1244 515 1273 552 a
1310 499 1467 555 Patre
1522 503 1787 569 procedit,
1842 505 2072 563 deducet
2110 525 2207 565 vos
2246 510 2296 564 in
2322 513 2373 574 Α
2408 534 2413 559 4

2330 513 2373 574 Α
2408 530 2428 563 ι
2465 512 2629 583 ὑμᾶς.
2657 534 2675 568 ι
2711 519 2821 573 Καὶ
2845 519 3007 573 πάλιν
3029 535 3042 549 ·
3085 539 3104 571 ι
3134 519 3303 573 Ὅταν
3327 518 3381 574 δὲ
3405 520 3533 593 ἔλθῃ
3557 523 3583 575 ό
3608 521 3989 593 Παρᾶκλητος,

752 600 770 631 ι
811 598 1026 638 omnem
1062 588 1343 644 veritatem
1375 594 1438 642 ’⁸.
1480 611 1499 642 ι
1533 592 1591 647 1η
1636 609 1703 649 eo
1732 604 1933 663 autem,
1977 602 2120 667 quod
2148 602 2310 670 dixit,

2424 623 2443 656 ι
2486 605 2546 659 τὸ
2579 607 2805 679 Πνεῦμα
2844 610 2947 680 τῆς
2997 611 3280 682 ἀληθείας,
3330 613 3359 665 ὃ
3405 613 3557 684 παρὰ
3619 614 3712 667 τοῦ
3774 616 3991 683 Πατρὶς

756 692 773 722 ι
810 672 885 727 Ex
919 674 1079 731 Patre
1130 680 1393 745 procedit,
1440 682 1677 737 ostendit
1709 682 1926 740 Patrem
1953 704 2077 744 esse
2109 690 2309 750 fontem

2420 714 2439 747 ι
2487 672 2868 769 ἐκπορεύεται,
2895 672 3154 773 δδηγήσει
3184 672 3330 773 ὑμὲς
3360 672 3499 774 πρὸς
3520 707 3701 759 πᾶσαν
3723 706 3821 776 τὴν
3849 672 3986 775 aii):

752 785 769 812 σ
806 763 1067 835 Spiritus.
1121 768 1184 823 Et
1238 784 1344 824 non
1398 771 1557 839 dixit,
1591 776 1856 841 procedet,
1909 779 2004 833 sed
2053 786 2309 853 procedit,

2421 807 2439 838 ι
2476 788 2643 844 θείαν.
2686 809 2705 841 ι
2738 790 2828 860 Τῷ
2850 792 2903 845 δὲ
2930 795 3125 857 εἰπεῖν,
3151 794 3214 847 ὲκ
3236 794 3329 848 τοῦ
3356 796 3570 865 Πατρὸς
3594 797 3987 865 ἐκπορεύεται,

751 875 768 904 ι
802 858 1095 912 ostendens
1137 868 1190 913 et
1242 870 1448 916 natura:
1501 864 1852 930 identitatem,
1888 876 1941 923 et
1989 872 2311 931 substantiae

2419 897 2437 928 ι
2484 878 2657 947 ἔδειξε
2729 858 2912 952 πήγὴν
2956 882 3085 937 ὄντα
3114 883 3211 937 τοῦ
3250 858 3571 954 Πνεῦματος
3602 886 3695 938 τὸν
3740 858 3983 952 Πατέρα.

755 967 770 996 ι
808 948 1318 1018 indivisibilitatem,
1371 963 1424 1008 et
1482 955 1921 1026 indifferentiam,
1959 970 2014 1016 et
2047 967 2305 1021 unionem

2418 989 2436 1020 ι
2481 971 2589 1024 Καὶ
2621 971 2723 1024 οὐκ
2760 966 2914 1025 εἶπεν
2942 974 3395 1044 ἐκπορεύσεται,
3430 975 3544 1029 ἀλλ’
3574 978 3984 1043 ἐκπορεύεται,

754 1059 769 1086 ε
813 1053 1196 1104 personarum.
1226 1043 1379 1108 Quod
1415 1046 1560 1100 enim
1593 1050 1855 1117 procedit,
1880 1067 1988 1106 non
2032 1063 2210 1123 potest
2240 1058 2307 1113 ab

2416 1080 2434 1111 ι
2481 1060 2697 1127 δεικνὺς
2740 1063 2835 1116 καὶ
2870 1065 2971 1132 τῆς
3000 1065 3219 1132 φὺσεως
3252 1067 3351 1135 τὴν
3381 1067 3711 1136 ταυτότητα,
3752 1066 3847 1119 καὶ
3881 1069 3984 1137 τῆς

750 1148 765 1175 ι
803 1143 868 1182 eo
898 1132 1167 1199 separari,
1201 1149 1229 1187 a
1268 1150 1378 1203 quo
1420 1139 1684 1205 procedit.
1727 1140 1947 1197 Divinus
1976 1158 2104 1199 vero
2158 1146 2309 1216 Apo-

746 1237 763 1268 ‹
801 1219 977 1275 stolns
1005 1222 1073 1277 de
1104 1221 1309 1292 Spiritu
1342 1226 1456 1281 haec
1482 1228 1647 1283 dicit:
1680 1248 1698 1282 ι
1732 1231 1970 1301 Spiritus
2013 1237 2158 1291 enim
2188 1256 2307 1294 om-

2417 1170 2436 1202 ι
2481 1154 2671 1218 οὐσίας
2700 1157 2761 1208 τδ
2780 1156 3041 1225 ἄτμητον,
3076 1154 3173 1211 καὶ
3204 1157 3266 1209 τὸ
3296 1157 3554 1228 διάφορον
3579 1160 3673 1211 καὶ
3700 1158 3985 1228 ἡνωμένον

2413 1264 2431 1296 ι
2478 1245 2588 1299 τῶν
2622 1247 2998 1302 ὑποστάσεων.
3045 1248 3119 1300 Τὸ
3147 1248 3255 1319 γὰρ
3296 1249 3735 1319 ἐκπορευόμενον
3776 1248 3984 1319 ἀχώρι-

743 1329 760 1358 σ
801 1309 890 1364 nia
940 1322 1235 1379 scrutatur,
1270 1316 1430 1372 etiam
1468 1320 1737 1389 profunda
1792 1324 1884 1380 Dei
1942 1328 2006 1382 ".
2043 1348 2063 1380 ι
2118 1330 2195 1386 Ac
2236 1348 2303 1389 ne

2411 1358 2428 1389 ι
2478 1355 2602 1392 στον
2631 1339 2689 1403 ἐξ
2731 1340 2966 1402 ἐκείνου,
3004 1340 3063 1403 ἑξ
3090 1309 3585 1410 οῦ-ὲκπορεύεται..
3625 1340 3687 1393 '0
3735 1340 3791 1392 δὲ
3816 1309 3974 1403 Baio;

742 1419 761 1450 ι
802 1401 924 1470 quis
982 1404 1325 1473 ignoratione
1386 1424 1507 1465 esse
1606 1415 1994 1471 scrutationem
2047 1430 2297 1488 putaret,

2411 1444 2431 1477 ι
2491 1428 2817 1491 Ἀπόστολος
2874 1428 3050 1482 ταῦτα
3102 1430 3353 1500 περὶτοῦ
3405 1430 3726 1495 Πνεύματος
3760 1426 3934 1496 ἔφησε
3968 1442 3982 1454 ·

740 1511 759 1538 ι
793 1492 1080 1562 subiunxit
1123 1516 1137 1551 :
1173 1517 1193 1550 ι
1234 1499 1427 1555 Nullus
1473 1503 1757 1559 hominum
1804 1509 1977 1573 novit,
2008 1526 2130 1580 qua:
2174 1525 2300 1569 sunt

2408 1536 2427 1569 ι
2468 1519 2541 1571 Τὸ
2565 1519 2621 1572 δὲ
2646 1519 2869 1588 Πνεῦμα
2906 1521 3085 1573 πάντα
3115 1492 3312 1591 ἐρευνᾷ
3342 1520 3410 1574 τὰ
3457 1492 3596 1589 βάθῆ
3635 1518 3726 1572 τοῦ
3757 1492 3916 1573 Θεοῦ.
3954 1537 3974 1571 ο

747 1600 765 1629 ‹
803 1581 1062 1646 hominis,
1101 1588 1205 1642 nisi
1236 1591 1464 1659 spiritus
1496 1596 1753 1661 hominis,
1788 1599 1880 1667 qui
1933 1601 1987 1654 in
2025 1602 2143 1672 ipso
2170 1613 2253 1661 est
2282 1623 2295 1659 :

742 1687 761 1717 ι
797 1669 869 1723 ita
909 1680 963 1726 et
1001 1689 1122 1743 quae
1148 1676 1238 1732 Dei
1264 1690 1391 1735 sunt
1414 1698 1575 1739 nemo
1605 1689 1881 1757 cognovit,
1916 1691 2021 1747 nisi
2045 1669 2295 1763 Spiritus

741 1779 759 1809 ι
802 1759 895 1816 Dei
929 1764 993 1817 ".
1041 1786 1059 1817 ι

1299 1955 1722 2016 Animadversio.

812 2057 831 2090 ι
866 2042 1065 2098 Audito
1095 2043 1239 2099 hunc
1284 2062 1501 2118 quoque
1530 2052 1997 2121 sapientissimum
2029 2075 2093 2116 ac
2115 2064 2301 2119 erudi-

2406 1627 2426 1660 ι
2479 1610 2564 1673 Ὠς
2587 1611 2653 1663 ἂν
2673 1610 2730 1664 δὲ
2762 1611 2836 1681 μή
2861 1627 2944 1673 τις
2959 1612 3152 1680 ἀγνοίᾳ
3178 1611 3426 1683 ὑπολάϐῃ
3454 1611 3551 1681 τὴν
3570 1609 3816 1679 ἔρευνα-ν,
3846 1610 3984 1678 ἐπή-

2406 1717 2424 1750 ι
2469 1715 2672 1768 γαγεν·
2707 1719 2727 1752 ι
2765 1702 2953 1766 Οὐδεὶς
2977 1702 3280 1771 ἀνθρώπων
3309 1698 3418 1755 οἶδε
3441 1703 3509 1756 τά
3534 1701 3630 1755 τοῦ
3682 1700 3976 1771 ἀνθρώπου

2403 1807 2425 1842 ι
2470 1788 2518 1843 εί
2553 1791 2628 1860 μὴ
2663 1792 2726 1845 τὸ
2758 1791 2975 1863 πνεῦμα
3010 1793 3106 1847 τοῦ
3152 1793 3480 1863 ἀνθρώπου·
3522 1810 3539 1842 ι
3594 1792 3738 1844 οὕτω
3782 1793 3877 1843 καὶ
3909 1792 3979 1844 τὲ

2330 1873 2373 1927 Β
2407 1901 2426 1933 ι
2465 1881 2559 1937 τοῦ
2584 1884 2715 1937 Θεοῦ
2767 1885 2942 1946 οὐδεὶς
2967 1884 3108 1938 οίδεν
3131 1887 3180 1938 εί
3213 1884 3288 1955 μὴ
3309 1885 3370 1937 τὸ
3396 1883 3620 1954 Πνεῦμα
3642 1883 3736 1935 τοῦ
3758 1881 3914 1936 Θεοῦ.
3952 1899 3973 1933 ι

2998 1976 3381 2031 Ἐπιστασία.

2478 2086 2497 2119 ι
2547 2066 2747 2121 Ἄκουε
2776 2066 2871 2120 καὶ
2893 2067 2987 2121 τοῦ
3011 2067 3496 2138 πολυμαθεστάτου
3524 2068 3619 2122 καὶ
3652 2064 3975 2135 σοφωτάτου

739 2150 756 2178 ι
793 2131 1065 2189 tissimum
1101 2135 1338 2202 Patrem,
1376 2155 1481 2194 non
1519 2141 1738 2200 diversa
1800 2150 1869 2202 ab
1920 2150 2045 2206 aliis
2097 2153 2298 2211 divinis

2407 2177 2425 2211 ι
2468 2160 2680 2230 [ἰατρὸς
2724 2160 2794 2214 τὰ
2828 2161 2967 2215 αὐτὸ.
2991 2165 3101 2225 τοῖς
3132 2131 3336 2226 λοιποῖς
3368 2160 3531 2221 Θείοις
3560 2131 3806 2231 Πατράσι
3843 2159 3974 2227 περὶ

737 2243 753 2271 ι
794 2220 1046 2281 Patribus
1076 2227 1142 2280 de
1179 2233 1535 2298 processione
1589 2234 1829 2304 Spiritus
1876 2243 2050 2296 sancti
2100 2244 2295 2300 decer-

736 2324 1029 2379 utentem,
1065 2318 1463 2394 docentemque
1510 2342 1633 2383 eum
1676 2344 1743 2384 ex
1792 2330 1905 2387 Deo
1952 2333 2112 2392 Patre
2158 2340 2300 2395 exsi-

735 2426 753 2456 ι
787 2409 1042 2465 stentiam
1073 2412 1292 2471 habere.
1338 2436 1358 2470 ι

904 2557 912 2563 ,
1362 2510 1659 2582 Refutatio.

800 2592 1222 2655 Eruditissimus
1284 2617 1348 2657 ac
1403 2607 1841 2676 sapientissimus
1893 2613 1985 2669 hic
2038 2617 2140 2682 vir,
2202 2616 2292 2677 hic

2403 2267 2423 2300 ι
2471 2250 2569 2318 τῆς
2597 2249 2693 2303 τοῦ
2729 2250 2887 2320 ἁγίου
2922 2250 3241 2316 Πνεῦματος
3299 2250 3679 2320 ὲκπορεῦσεως
3710 2249 3975 2317 δογματίιν

2406 2357 2424 2390 ι
2472 2339 2677 2403 ζοντος,
2707 2342 2799 2391 καὶ
2827 2340 2891 2394 ἐκ
2949 2341 3087 2395 Θεοῦ
3126 2343 3339 2409 Πατρδς
3390 2342 3536 2413 ἔχειν
3583 2339 3683 2409 τὴν
3734 2338 3973 2408 ὓπαρξιν

2403 2450 2421 2482 ι
2467 2428 2630 2485 τοῦτο
2657 2430 3023 2495 διδάσκοντος.
3065 2450 3084 2483 ›

2994 2525 3383 2593 Ἀντίῤῥησις.

2478 2615 2539 2669 '0
2574 2615 3052 2688 πολυμαθέστατος
3080 2616 3178 2668 καὶ
3204 2615 3517 2684 σοφώτατος
3542 2607 3697 2677 οὗτος
3729 2610 3970 2667 ἐνταῦθα

732 2684 871 2739 nihil
900 2685 1085 2753 liabet,
1111 2692 1253 2759 quod
1294 2709 1324 2748 a
1367 2699 1593 2753 veritate
1630 2701 1896 2759 absonum
1929 2707 2020 2771 sit,
2052 2722 2176 2764 cum
2206 2726 2295 2766 as-

2398 2707 2500 2779 μὲν
2531 2684 2765 2764 οὑδένςτι
2788 2708 2935 2775 λέγει
2964 2708 3168 2778 ἀπᾷδον
3192 2710 3258 2776 τῇ
3291 2707 3545 2781 ἀληθείᾳ,
3578 2707 3641 2763 ἐκ
3688 2704 3781 2760 τοῦ
3826 2703 3966 2761 Θεοῦ

731 2776 887 2840 serit.
920 2792 987 2832 ex
1040 2779 1149 2835 Deo
1177 2792 1232 2836 et
1276 2782 1436 2841 Patre
1479 2785 1740 2857 Spiritum
1788 2797 2161 2853 exsistentiam
2198 2801 2293 2857 Ita-

726 2866 880 2931 bece,
907 2883 973 2922 ex
1012 2885 1253 2940 quonam
1290 2875 1436 2931 enim
1478 2877 1567 2933 ille
1598 2882 1862 2950 originem
1891 2902 2044 2940 suam
2074 2904 2138 2944 ac
2166 2888 2290 2946 fon-

726 2967 834 3012 tem
870 2972 1218 3028 agnosceret,
1257 2966 1360 3021 nisi
1391 2983 1537 3025 esset
1564 2986 1629 3025 ex
1661 2971 1861 3029 Patre?
1900 2975 2288 3036 Verumtamen

727 3049 783 3104 in
841 3052 960 3107 suis
1005 3054 1270 3113 adversus
1320 3059 1580 3130 Cyrillum
1633 3070 2049 3135 certaminibus,
2101 3082 2290 3128 contra

722 3143 975 3198 eumdem
1009 3148 1161 3203 orbis
1194 3159 1461 3207 terrarum
1502 3155 1682 3211 lumen
1717 3158 2001 3228 disputans
2034 3163 2288 3234 blasphe-

725 3234 867 3298 mire,
894 3251 959 3292 ac
991 3237 1283 3310 impietatis
1313 3253 1496 3300 notam
1526 3247 1744 3313 inussit,
1775 3253 1822 3307 si
1870 3254 1960 3309 ille
2003 3258 2284 3326 proprium

723 3324 845 3381 Filii
874 3324 1137 3398 Spiritum
1166 3332 1324 3393 dixit.
1357 3337 1521 3392 veluti
1548 3353 1613 3393 ex
1636 3338 1791 3406 Filio,
1826 3351 1922 3396 aut
1943 3324 2037 3413 per
2062 3324 2284 3412 Filium,

722 3416 983 3486 Spiritum
1034 3437 1157 3477 esse
1209 3424 1496 3484 detiniens.
1563 3431 1815 3486 Attamen
1873 3436 2285 3493 eruditissimus

726 3510 815 3563 hic
860 3525 925 3565 ac
955 3512 1395 3581 sapientissimus
1438 3518 1820 3578 Theodoretus
1853 3530 2186 3581 tantumdem
2218 3543 2287 3584 ex

723 3599 815 3655 illa
842 3617 941 3656 sua
975 3603 1031 3656 in
1064 3613 1311 3661 sanctum
1340 3608 1603 3680 Cyrillum
1634 3615 1985 3673 contentione
2012 3618 2064 3671 in
2103 3617 2287 3675 Eccle-

722 3692 803 3746 sia
856 3694 952 3749 Dei
993 3698 1284 3767 demeruit,
1339 3705 1409 3758 ob
1460 3719 1622 3772 quam
1677 3708 1977 3778 impietatis
2032 3720 2284 3767 sanctum

720 3784 1021 3848 accusavit,
1051 3786 1097 3841 si
1139 3789 1421 3858 pro'prium
1465 3790 1587 3847 Filii
1642 3792 1905 3864 Spiritum
1937 3800 2092 3867 dicit,
2121 3803 2284 3860 veluti

718 3886 783 3929 ex
811 3872 951 3930 Filio
988 3885 1083 3934 aut
1108 3892 1205 3947 per
1234 3879 1431 3937 Filium
1459 3883 1834 3943 exsistentiam
1865 3890 2114 3960 haberet,
2139 3904 2197 3948 ut
2225 3903 2279 3951 et

720 3960 1061 4035 depositioni,
1094 3978 1148 4025 et
1180 3974 1564 4044 proscriptioni
1600 3979 1860 4036 subactus
1913 3982 2103 4050 fuerit,
2152 3986 2283 4043 licet

721 4064 902 4122 postea
952 4063 1328 4132 semetipsum,
1396 4076 1451 4121 et
1505 4083 1787 4125 sermones
1821 4076 2093 4145 praprios,
2137 4093 2276 4148 quos

717 4153 1065 4206 exsecranda:
1096 4156 1468 4213 contentionis
1494 4159 1677 4214 studio
1702 4161 1996 4232 eﬂ'utierat,
2022 4168 2280 4223 condem-

719 4252 877 4305 nans,
915 4254 977 4295 ac
1007 4242 1284 4313 ablegans,
1314 4257 1369 4302 et
1412 4252 1782 4310 anathematis
1835 4257 1973 4314 diris
2003 4259 2276 4318 devovens

719 4330 803 4382 vix
836 4332 1049 4388 tandem
1081 4349 1330 4409 receptus
1369 4353 1472 4398 est.

719 4442 801 4496 Ex
829 4460 998 4513 opere,
1027 4450 1176 4513 cuius
1217 4453 1313 4532 illi;
1343 4465 1418 4532 est
1469 4459 1764 4532 inscriptio,
1810 4480 1828 4512 ι
1866 4460 2142 4532 Eram‘sta,
2174 4468 2281 4521 sive

1266 4522 1362 4577 Pol
1368 4522 1670 4594 gmorplms.
1707 4550 1725 4581 ι

782 4602 1013 4664 CXLIV.
1057 4630 1076 4662 ι
1113 4615 1176 4667 Α.
1215 4613 1383 4671 Deum
1416 4617 1654 4674 Verbum
1709 4638 1773 4676 ex
1835 4622 1996 4678 Patre
2050 4634 2104 4680 ct
2166 4627 2278 4682 Deo

723 4714 741 4745 ι
774 4710 895 4753 esse
925 4716 1080 4757 sacra
1107 4704 1240 4762 dicit
1265 4707 1562 4779 Scriptura.
1616 4712 1674 4767 ll.
1723 4711 1860 4768 Vera
1914 4715 2075 4772 dicis.
2107 4717 2171 4774 Α.
2210 4720 2278 4774 Ει

721 4806 739 4837 ‹
774 4786 1036 4857 Spiritum
1096 4808 1345 4854 sanctum
1387 4802 1638 4858 similiter
1685 4821 1750 4859 ex
1802 4807 1915 4861 Deo
1946 4825 2066 4865 esse
2096 4810 2277 4866 docet.

722 4902 740 4933 ι
775 4881 833 4938 Β.
866 4884 924 4939 In
955 4886 1211 4943 confesso
1233 4900 1336 4945 est.
1367 4893 1435 4945 A.
1478 4893 1542 4947 At
1578 4893 1742 4947 Deum
1774 4898 1994 4964 quidem
2039 4898 2272 4954 Verbum

724 4995 741 5026 ι
776 4977 972 5032 Filium
1009 4981 1256 5036 nominat
1292 4983 1655 5053 unigenitum.
1688 4985 1747 5039 Β.
1787 4986 1878 5042 Sic
1903 4992 2171 5045 nominat.
2209 4993 2278 5044 A.

723 5092 740 5124 ι
781 5071 1044 5141 Spiritum
1086 5084 1267 5128 autem
1304 5085 1551 5130 sanctum
1612 5094 1892 5148 nunquam
1933 5081 2012 5135 sic
2043 5081 2279 5151 appella-

784 5163 879 5217 vit.
908 5162 947 5215 Β
994 5160 1294 5232 Nusquam.
1323 5165 1386 5218 A.
1426 5164 1491 5219 Et
1521 5179 1699 5221 tamen
1724 5169 1769 5224 is
1791 5184 2007 5239 quoque
2029 5186 2093 5225 ex
2121 5172 2281 5227 Patre

725 5274 742 5301 ε
781 5264 834 5309 et
870 5253 979 5309 Deo
1014 5270 1169 5310 suam
1203 5257 1364 5311 liabet
1409 5258 1808 5313 exsistentiam.
1844 5262 1903 5314 Β.
1943 5261 2142 5318 Verum
2178 5273 2283 5319 est.

730 5363 745 5392 ι
782 5343 846 5400 Δ.
871 5342 1139 5409 Quoniam
1159 5347 1322 5414 igitur
1346 5348 1744 5409 conﬁtemurfex
1771 5350 1879 5405 Deo
1896 5361 1947 5406 et
1976 5351 2135 5407 Patre
2161 5369 2283 5409 esse

728 5454 743 5483 ι
782 5444 834 5488 et
864 5434 1057 5489 Filium
1090 5436 1420 5507 etSpiritum
1453 5450 1727 5503 sanctum,
1774 5442 2015 5497 audesne
2044 5460 2281 5512 unquam

728 5543 746 5574 ι
787 5523 1048 5593 Spiritum
1080 5538 1326 5582 sanctum
1377 5531 1646 5598 appellare
1686 5530 1926 5585 Filium?
1960 5532 2022 5586 Β.
2063 5532 2280 5602 Nequa-

726 5640 739 5662 ι
782 5630 969 5685 quam.
1005 5617 1069 5668 Α.
1100 5617 1274 5684 Quam
1300 5622 1370 5674 ob
1392 5635 1505 5675 rem
1530 5622 1551 5674 ?
1575 5622 1636 5677 Β,
1662 5621 1798 5688 Quia
1836 5623 1889 5677 in
1930 5639 2085 5679 sacra
2133 5626 2278 5681 Scri-

822 5795 862 5826 ³⁷
887 5792 1043 5852 ίοειιι,
1081 5811 1150 5863 x1,
1194 5796 1273 5851 l3.

1388 5801 1478 5856 πει
1512 5799 1628 5857 Cor.
1670 5819 1727 5868 ll,
1768 5804 1850 5859 l0.
1965 5805 2162 5860 "ibi-l.
2208 5805 2285 5858 ll.

2396 2804 2491 2855 καὶ
2515 2802 2725 2872 [ἰατρὸς
2757 2801 2903 2872 ἔχειν
2936 2798 3312 2873 τὴνἛπαρξῂ
3366 2800 3543 2868 λέγων
3600 2800 3658 2853 τὸ
3712 2798 3965 2868 Πνεῦμα.

2393 2894 2564 2947 Πόθεν
2591 2894 2701 2963 γὰρ
2732 2894 2800 2947 ἃν
2827 2894 2919 2947 καὶ
2951 2894 3037 2964 εἴη
3062 2894 3183 2964 ἔχον
3215 2894 3315 2956 τὰς
3358 2892 3452 2945 τοῦ
3501 2887 3641 2945 εἶναι
3666 2892 3841 2961 ἀρχὰς
3870 2890 3966 2945 καὶ

2393 2983 2577 3055 πηγὰς
2607 2987 2653 3037 ε’
2684 2986 2760 3056 μὴ
2795 2986 2859 3038 ὲκ
2884 2986 3134 3055 Πατρός;
3181 2986 3240 3038 ὲν
3299 2984 3355 3037 δὲ
3399 2987 3511 3047 τοῖς
3554 2985 3696 3037 κατᾶ
3737 2982 3829 3035 τοῦ
3871 3000 3967 3050 με.

2392 3076 2559 3145 γάλου
2592 3076 2861 3145 Κυρίλλου
2886 3076 3095 3144 ἀγῶσιν
3127 3075 3294 3129 αὑτοῦ
3334 3075 3456 3129 κατ’
3488 3076 3699 3128 ἐκείνου
3732 3074 3826 3125 τοῦ
3863 3073 3967 3141 τῆς

2391 3165 2713 3235 οἰκουμένης
2735 3166 3023 3235 φωστῆρως
3039 3164 3441 3235 ἀγωνιζόμενος
3466 3163 3814 3235 βλασφημίας
3835 3164 3895 3216 δυ
3908 3179 3968 3215 σ-

2397 3254 2615 3317 σεδείας
2640 3253 2859 3323 γραφὴν
2892 3255 2969 3322 τῷ
2999 3255 3141 3324 ἁγίῳ
3168 3254 3472 3324 προσῆψεν,
3532 3254 3627 3307 ἐὰν
3673 3255 3801 3307 ἴδιον
3833 3251 3964 3305 Υίιιῦ

2395 3345 2602 3408 ἐκεῖνος
2631 3343 2735 3415 ἔφη
2766 3344 2826 3397 τὸ
2855 3344 3101 3415 Πνεῦμα,
3157 3345 3232 3408 ὡς
3274 3344 3334 3410 ἐξ
3380 3346 3535 3410 Υίοῦ,
3568 3345 3602 3414 ἢ
3634 3344 3701 3397 δι’
3745 3344 3874 3396 Υίοῦ
3901 3345 3965 3397 τὸ

2394 3436 2618 3507 Πνεῦμα
2645 3437 2931 3505 θεολογῶν.
2969 3436 3029 3491 '0
3058 3437 3114 3490 δὲ
3147 3435 3458 3506 σοφώτατος
3487 3432 3644 3500 οὗτος
3673 3437 3766 3489 καὶ
3797 3436 3968 3488 πολυ-

2398 3528 2735 3597 μαθέστατος
2757 3528 3101 3600 Θεοδὼρητος
3124 3528 3378 3583 τοσοῦτον
3401 3529 3499 3599 τῆς
3516 3528 3657 3582 κατὰ
3684 3527 3777 3580 τοῦ
3806 3528 3965 3594 ἁγίου

2393 3617 2665 3689 Κυρίλλου
2690 3619 2947 3673 ἀπώνατο
2974 3620 3165 3690 ἔριδος,
3198 3620 3266 3673 δι’
3295 3623 3361 3691 ἣν
3393 3622 3487 3673 καὶ
3520 3618 3839 3679 δυσσεϐείας
3872 3618 3966 3670 τὶν

2394 3709 2549 3775 ἅγιον
2577 3708 2838 3781 ἔγραφεν,
2868 3711 2962 3764 ἐὰν
2993 3711 3123 3764 ἴδιον
3149 3710 3282 3765 Υίοῦ
3333 3711 3478 3779 λέγει
3518 3709 3580 3763 τὸ
3610 3709 3849 3778 Πνεῦμα,
3887 3708 3966 3771 ὡς

2393 3800 2453 3866 ἐξ
2487 3800 2640 3865 Υίοῦ,
2667 3800 2700 3871 ἢ
2727 3800 2794 3855 δι’
2821 3800 2950 3855 Υίοῦ
2977 3802 3071 3871 τὴν
3090 3801 3323 3874 ὓπαρξιν
3353 3802 3497 3873 ἔχον,
3529 3802 3607 3865 ὡς
3636 3802 3731 3857 καὶ
3765 3801 3964 3857 καθαι-

2394 3891 2617 3963 ρεθῆναι
2643 3892 2738 3945 καὶ
2768 3891 3244 3963 ἀποκηρυχθῆναι,
3293 3892 3395 3947 κᾶν
3429 3892 3657 3965 ὕστερον
3680 3909 3964 3960 κατεγνω-

2395 3980 2506 4046 κὼς
2532 3983 2625 4036 καὶ
2653 3982 2817 4046 αὐτὸς
2843 3982 3060 4046 ἑαυτοῦ,
3086 3985 3181 4039 καὶ
3203 3984 3330 4048 τοὺς
3360 3985 3595 4049 οίκιίους
3625 3984 3819 4052 λόγους
3849 3986 3965 4037 East

2392 4072 2489 4142 τῆς
2515 4072 2839 4141 θεοστυγοῦς
2864 4074 3041 4143 ἔριδος
3061 4076 3669 4145 ἀποσκευασάμενος,οὒ
3699 4075 3806 4146 μὴν
3826 4074 3964 4129 ἀλλὰ

2390 4166 2486 4220 καὶ
2514 4168 2634 4230 ταῖς
2660 4165 2751 4219 τοῦ
2778 4166 3121 4239 ἀναθέματος
3149 4169 3311 4239 ἀραῖς
3340 4167 3758 4234 καθυποὸαλὼν,
3805 4167 3963 4237 μόλις

2389 4257 2530 4312 οὕτω
2560 4257 2936 4329 προσδέδεκτο.

2394 4462 2507 4515 Τοῦ
2542 4461 2729 4534 αὐτοῦ
2788 4463 2907 4518 ἀπὸ
2953 4461 3065 4529 τῆς
3120 4465 3547 4534 πραγματείας,
3608 4461 3682 4534 ἧς
3736 4468 3773 4534 ἡ
3829 4468 3961 4520 ἐπι.

2493 4533 2714 4599 γραφὴ,
2767 4551 2785 4584 ι
2836 4533 3213 4599 Ἐρανιστὴς,
3269 4533 3306 4600 ἢ
3344 4533 3767 4602 Πολύμορρος.
3811 4555 3829 4586 ι

2457 4618 2631 4674 ΡΜΔ’.
2671 4637 2689 4671 t
2733 4621 2797 4673 A.
2826 4620 2928 4673 Τὸν
2958 4621 3128 4689 Λόγον
3160 4623 3222 4673 ὲκ
3245 4621 3338 4675 τοῦ
3363 4623 3573 4693 Πατρὸς
3612 4618 3751 4676 εἶναι
3778 4625 3810 4691 ἡ
3837 4624 3958 4677 Οεὲα

2394 4728 2413 4764 ι
2474 4711 2666 4782 Γραφὴ
2697 4712 2868 4779 λέγει.
2906 4712 2967 4765 Β.
3038 4713 3243 4783 Ἀληθῆ
3278 4714 3479 4783 λέγεις.
3524 4719 3588 4769 Α.
3625 4717 3734 4770 Καὶ
3771 4720 3957 4786 μέντοι

2393 4820 2412 4853 ι
2469 4804 2560 4855 καὶ
2586 4806 2645 4856 τὸ
2674 4803 2896 4873 Πνεῦμα
2925 4806 2986 4858 τὸ
3008 4804 3162 4873 ἅγιον
3188 4805 3452 4869 ὡσαύτως
3478 4809 3543 4860 ὲκ
3568 4807 3658 4860 τοῦ
3698 4808 3837 4861 θεοῦ
3874 4808 3959 4861 εἷ-

2391 4911 2410 4945 t
2465 4911 2553 4948 ναι
2580 4894 2844 4947 διδάσκει.
2877 4896 2939 4949 Β.
2977 4896 3360 4965 Ὠμολόγηται.
3394 4899 3460 4950 Α.
3526 4899 3684 4951 ’Δλλα
3717 4899 3809 4951 τὶν
3857 4903 3959 4969 μὲν

2391 5002 2409 5035 ι
2470 4986 2601 5038 Θεὸν
2629 4986 2801 5054 Λόγον
2832 4988 3088 5056 ὀνομάζει
3140 4988 3265 5041 Υξὸν
3298 4990 3589 5058 μονογενῆ.
3648 4990 3701 5043 Β.
3767 4992 3960 5054 Οὕτως

2396 5094 2414 5128 ι
2470 5077 2745 5147 ὀνομάζει.
2794 5078 2859 5130 Α.
2916 5079 2988 5130 Τὸ
3021 5079 3079 5132 δὲ
3138 5079 3364 5148 Πνεῦμα
3413 5084 3473 5132 τὸ
3524 5080 3681 5147 ἅγιον
3716 5083 3957 5149 οὐδαμοῦ

2396 5186 2414 5218 ι
2473 5170 2932 5238 προσηγόρευσεν.
2973 5172 3032 5225 Β.
3086 5170 3163 5225 Οὐ
3198 5173 3353 5242 δῆτα.
3381 5175 3459 5225 Ἀ.
3497 5174 3688 5226 Καίτοι
3732 5175 3791 5226 ὲκ
3817 5174 3956 5226 θεοῦ

2396 5278 2413 5311 ι
2481 5261 2572 5312 καὶ
2603 5260 2811 5329 Πατρὸς
2842 5262 2935 5313 καὶ
2963 5260 3120 5315 τοῦτο
3141 5263 3251 5331 ἔχει
3278 5264 3375 5333 τὴν
3406 5262 3660 5332 ὕπαρξιν.
3703 5263 3761 5317 Β.
3802 5265 3960 5331 Ἀλη-

2396 5369 2415 5402 ι
2460 5352 2573 5414 Θές.
2603 5355 2665 5406 Α.
2709 5354 2866 5406 Ἐπεὶ
2906 5354 3084 5407 τοίνυν
3114 5355 3585 5422 συνομολογοῦμεν
3614 5357 3679 5407 ἐκ
3710 5355 3803 5407 τοῦ
3841 5356 3956 5405 Πα-

2395 5462 2413 5495 t
2474 5445 2600 5513 τρδς
2636 5439 2777 5497 εῖναι
2827 5446 2922 5497 καὶ
2953 5444 3012 5520 sb
3034 5445 3259 5514 Πνεῦμα
3291 5447 3385 5498 καὶ
3428 5445 3519 5497 τὸν
3567 5444 3712 5509 Υίὶν,
3745 5445 3951 5512 τολμή-

2396 5553 2413 5584 ι
2474 5552 2572 5603 an;
2588 5536 2654 5589 άν
2696 5552 2825 5587 ποτε
2856 5536 2981 5588 Υἱὺν
3002 5536 3270 5604 ὀνομάσαι
3293 5538 3353 5589 τὸ
3382 5536 3650 5604 πανάγιον
3688 5537 3909 5606 Πνεῦμα
3936 5556 3953 5603 ;

2395 5646 2411 5679 ι
2471 5629 2527 5681 Β.
2564 5628 2847 5698 Οὐδαμῶς.
2889 5628 2953 5683 Α.
2977 5629 3161 5697 Διατί;
3190 5632 3250 5685 Β.
3290 5628 3551 5701 Ἐπείπερ
3585 5630 3682 5703 οὐχ
3709 5631 3956 5701 εὑρίσκω
