4202 6454
224 434 318 498 601
1176 437 1258 498 ΙΝ
1299 437 1687 500 ΕΑΜᾹἸΕΠΙ
1734 434 1883 494 ANI}

1176 437 1258 498 IN
1299 437 1687 500 CAM.\'IERI
1734 434 2477 503 ANIMADVERSIONES.

3339 438 3447 505 609

229 566 248 597 ι
302 547 363 601 τὺ
390 547 563 616 ὄνομα
588 546 709 601 τόδε
742 545 892 617 παρὰ
921 547 987 617 τῇ
1016 542 1138 615 θεία
1164 545 1376 616 Γραφῇ.
1403 548 1467 600 Α.
1504 544 1663 599 Ἀλλὰ
1697 560 1785 611 γε·
1812 543 1858 601 Α

1812 543 1858 601 Α
1893 564 1911 596 ‹
1954 556 2111 617 ptura
2139 550 2241 603 hoc
2277 564 2474 604 nomen
2514 564 2617 605 non
2650 548 2885 604 invenio.
2921 551 2988 605 Ᾱ.
3026 548 3105 603 An
3171 564 3300 603 vero
3358 568 3451 621 ge-

227 656 243 687 ι
285 638 618 707 ῃννημένον
647 654 663 702 ;
700 638 762 690 Β.
794 634 928 688 Οὑδδ
957 634 1138 689 τοῦτο.
1168 635 1233 687 Α.
1264 634 1371 687 Τοῦ
1399 634 1463 703 δὴ
1491 635 1649 703 χάριν
1674 650 1690 700 ;
1720 634 1780 686 B.

226 748 265 778 ι
296 729 410 781 οὐκ
438 729 724 800 ἐδιδάχθην
755 728 1056 782 οὐδὲτοῦτο
1086 728 1240 798 παρὰ
1289 727 1390 795 τῆς
1437 726 1682 796 Γραφῆς.
1717 727 1781 780 Α.

228 841 244 871 ι
292 821 365 873 Τὸ
412 821 469 874 δὲ
514 823 588 891 μὴ
624 821 1028 891 γεγεννημένον
1077 820 1207 890 μηδὲ
1269 819 1588 888 ὲκτισμένον
1625 818 1785 880 ποίας

223 933 241 962 ι
294 913 362 966 ἂν
389 914 617 976 ιεκοτως
638 930 791 983 τυχοι
823 913 1227 983 προτηγοράςς
1258 912 1296 965 Β
1340 912 1629 964 Ἀκτιστον
1652 908 1785 962 αὐτὸ

219 1020 241 1057 ι
294 1005 391 1057 καὶ
445 1006 747 1076 ἀγέννητον
798 1004 1160 1076 ὀνομάζομεν.
1200 1005 1267 1058 Δ.
1299 1003 1372 1057 Τὸ
1404 1003 1460 1057 δὲ
1519 1002 1785 1068 πανάγιον

220 1114 236 1145 ι
283 1096 512 1165 Πνεῦμα
545 1096 668 1150 οὔτε
706 1099 811 1169 μὴν
836 1096 1083 1151 ὲκτεσθαι
1117 1094 1240 1150 οὔτε
1275 1096 1382 1166 μὴν
1417 1091 1783 1164 γεγεννῆσθαί

222 1205 239 1238 ⁸
295 1204 506 1257 φαμεν.
535 1188 595 1241 Β.
628 1188 913 1258 Οὐδαμῶς.
950 1190 1013 1246 Α.
1044 1188 1289 1242 Καλέσαι
1320 1185 1453 1255 γοῦν
1487 1185 1784 1252 ἀγέννητον

223 1298 239 1329 ι
298 1280 593 1351 θαρρήσῃς
619 1280 688 1333 ἂν
742 1281 802 1333 τὸ
838 1280 1060 1351 Πνεῦμα
1110 1281 1171 1333 τὸ
1199 1280 1354 1347 ᾶγιον
1381 1296 1395 1345 ;
1432 1278 1492 1334 Β.
1523 1278 1598 1331 Οὐ
1624 1278 1781 1347 δῆτα.

219 1388 236 1419 ι
295 1373 361 1421 Α.
394 1369 509 1422 Καὶ
534 1371 586 1423 τι
615 1370 679 1439 δή
713 1388 844 1424 ποτε
876 1373 955 1440 μὴ
1000 1370 1186 1432 καλεῖς
1217 1371 1511 1439 ἀγέννητον
1540 1368 1600 1421 τὸ
1625 1368 1782 1421 ἄκτι-

220 1480 237 1511 ι
297 1477 443 1524 στον,
484 1461 710 1531 μηδαμῆ
763 1461 821 1515 δὲ
849 1462 1283 1531 γεγεννημένονι
1313 1462 1372 1514 Β.
1397 1460 1517 1513 Ὀτι
1548 1458 1706 1512 τοῦτο
1720 1460 1781 1511 οὐ

220 1571 236 1603 ι
297 1552 596 1621 μεμάθηκα
622 1554 772 1621 παρὰ
806 1554 906 1622 τῆς
941 1553 1090 1617 θείας
1144 1553 1388 1622 Γραφῆς,
1428 1551 1524 1604 καὶ
1576 1550 1782 1619 σφόδρα

219 1659 238 1693 ι
286 1642 558 1712 δειμαίνω
591 1643 774 1711 λέγειν
794 1645 861 1697 τὰ
891 1644 1024 1715 παρ’
1048 1642 1260 1715 ἐκείνης
1289 1641 1646 1713 σεσιγημένα.
1687 1660 1706 1693 ο

816 1732 1197 1787 Ἔπιστασία.

283 1845 303 1878 ι
352 1826 428 1880 Th
458 1826 592 1880 αὐτὸ
620 1825 725 1880 κᾶν
752 1826 818 1895 τῇ
855 1823 1106 1893 παρούσῃ
1138 1819 1495 1891 πραγματείᾳ
1523 1817 1618 1872 τοῦ
1673 1818 1775 1872 a6-

1892 656 1913 690 ι
1953 638 2255 693 ηἰιιιιιιῖΒ.
2289 640 2398 695 Νεε
2431 640 2531 695 hoc
2561 640 2805 710 quidem.
2844 642 2905 695 Α.
2929 642 3067 707 Quid
3107 642 3216 696 ita?
3258 643 3320 695 Β.
3348 643 3453 698 Νε-

1892 749 1912 783 ι
1948 746 2053 797 que
2079 730 2179 785 hoc
2208 747 2237 785 a
2267 747 2423 787 sacra
2451 731 2728 798 Scriptura
2765 732 2948 788 didici.
2983 733 3048 786 Α.
3070 731 3224 798 Quod
3261 744 3445 788 autem

1891 841 1909 873 ι
1947 837 2045 877 nec
2072 822 2310 891 genitum
2335 834 2438 888 est,
2469 839 2569 878 nec
2597 833 2865 886 creatum,
2888 838 3050 893 quam
3076 833 3448 892 congruenter

1892 933 1910 966 ι
1946 914 2364 984 appellationem
2418 915 2690 983 accipiet?
2734 914 2793 969 Β.
2848 915 3151 969 lncreatum
3212 914 3343 969 illud
3399 924 3454 969 et

1893 1025 1911 1057 ι
1950 1008 2248 1076 ingenitum
2282 1008 2640 1075 appellamus.
2674 1007 2739 1061 A.
2787 1007 3047 1076 Spiritum
3089 1021 3256 1076 porro
3327 1021 3455 1059 sano

1892 1115 1911 1149 ι
1950 1109 2097 1152 ctum
2128 1113 2227 1153 nec
2249 1110 2517 1163 creatum,
2550 1114 2648 1152 nec
2671 1100 2909 1169 genitum
2941 1114 3059 1153 esse
3095 1099 3347 1152 dicimus.
3389 1096 3451 1152 B.

1894 1205 1914 1239 ι
1948 1185 2107 1242 Nullo
2135 1190 2317 1243 modo.
2351 1188 2415 1241 Α.
2446 1188 2683 1243 Audebis
2709 1188 2875 1255 igitur
2906 1187 3171 1253 Spiritum
3201 1197 3450 1240 sanctum

1892 1298 1911 1331 ι
1951 1279 2247 1350 ingenitum
2287 1280 2600 1351 appellare?
2630 1281 2690 1333 Β.
2739 1277 3113 1348 Nequaquam.
3152 1279 3216 1330 Α.
3251 1274 3316 1329 Ει
3358 1291 3452 1328 cur

1893 1390 1911 1424 ι
1950 1371 2251 1441 ingenitum
2286 1388 2393 1427 non
2457 1387 2622 1427 vocas
2672 1388 2793 1427 eum
2827 1382 3013 1425 natum
3050 1370 3371 1432 increatum,
3398 1375 3453 1422 ει

1892 1484 1910 1515 ι
1948 1465 2100 1518 ηυΙΙο
2132 1465 2291 1520 modo
2320 1464 2601 1535 genitum?
2634 1464 2711 1517 Β.
2753 1464 2889 1531 Quia
2926 1463 3028 1518 hoc
3062 1477 3090 1516 a
3118 1476 3270 1516 sacra
3307 1458 3452 1513 Scri-

1892 1573 1912 1607 ι
1945 1564 2102 1625 plura
2131 1570 2240 1610 non
2267 1557 2449 1621 didici,
2483 1566 2537 1611 et
2569 1557 2723 1610 valde
2769 1554 3074 1609 reformido
3123 1568 3186 1607 ea
3246 1552 3449 1615 dicere,

1891 1666 1911 1699 ι
1943 1661 2064 1717 quae
2088 1647 2156 1702 ab
2189 1646 2281 1701 illa
2304 1646 2522 1702 silentio
2553 1656 2679 1701 sunt
2711 1646 3002 1716 praeterita.
3038 1667 3055 1697 ι

2447 1737 2863 1793 Animadversio.

1961 1847 1982 1883 ι
2023 1828 2222 1885 Eadem
2265 1828 2319 1883 in
2352 1828 2454 1883 hoc
2498 1844 2717 1898 quoque
2740 1837 2973 1883 tractatu
3024 1826 3267 1896 ejusdem
3301 1823 3455 1879 addi—

220 1939 235 1967 ι
280 1916 378 1970 τοῦ
434 1917 699 1986 μάνθανε,
751 1916 817 1968 ιιι
867 1912 963 1967 τοῦ
1014 1911 1228 1984 Πατρδς
1272 1912 1417 1981 ἔχειν
1460 1909 1661 1979 δηλαδὴ
1717 1907 1777 1962 τὸ
1807 1907 1849 1923 ⁶’

1807 1907 1849 1923 ”
1886 1940 1905 1973 ι
1949 1922 2109 1985 scito,
2153 1935 2219 1976 ει
2254 1920 2417 1976 Patre
2475 1934 2670 1988 nempe
2729 1934 2883 1973 suam
2936 1918 3137 1972 habere
3186 1914 3453 1971 exsisten-

218 2028 235 2061 ι
276 2008 505 2078 Πνεῦμα
536 2010 637 2079 τὴν
670 2006 924 2078 ὕπαρξιν.
971 2024 990 2058 ι

801 2097 1185 2165 Ἄντιῤῥησις.

289 2189 457 2245 Ἀλλὰ
488 2190 586 2244 καὶ
630 2192 694 2242 σὺ
726 2187 827 2259 τὴν
874 2188 1049 2258 αὐτὴν
1077 2189 1169 2241 καὶ
1220 2186 1311 2240 επὶ
1348 2190 1462 2250 τοῖς
1510 2188 1779 2257 παροῦσιν

211 2283 532 2354 ἀντίρρησιν
560 2279 739 2349 δέχου,
762 2280 831 2352 ἢν
866 2279 960 2332 ἐπὶ
993 2282 1059 2349 τῇ
1092 2280 1523 2351 προηγησαμένῃ
1552 2281 1777 2333 ἐπιστα-

212 2376 299 2444 σίᾳ
329 2374 560 2443 ὲποιήσα
568 2389 690 2442 μεν.

210 2488 331 2557 Tot},
353 2488 544 2543 αὐτοῦ
572 2488 689 2543 ἀπὸ
721 2486 828 2543 τοῦ
854 2487 1138 2555 δευτέρου
1164 2486 1352 2557 ἒλόγου
1377 2486 1484 2541 τοῦ
1508 2486 1772 2551 βιϐλίου,

272 2556 345 2613 οὗ
382 2561 419 2626 ἠ
469 2557 795 2628 ἐπιγραφὴ,
852 2556 1259 2625 Ἑλληνικῶν
1287 2556 1655 2626 παθημάτων
1686 2558 1772 2610 θε-

270 2628 629 2697 ραπευτική.

274 2741 458 2796 PME’.
511 2758 531 2792 ι
595 2737 760 2792 Ἀλλὰ
797 2737 871 2808 μὴ
907 2734 1246 2806 θορυϐεῖσθε,
1293 2733 1358 2788 ἐκ
1405 2732 1499 2788 τοῦ
1560 2732 1775 2803 Πατρος

214 2850 229 2880 ι
276 2831 372 2883 καὶ
395 2832 495 2885 σὺν
513 2830 589 2901 τῷ
608 2830 784 2898 Πατρὶ
811 2829 903 2882 τὸν
930 2828 1104 2897 Λόγον
1130 2826 1485 2890 ἀκούσαντες.
1520 2824 1642 2880 Τῶν
1665 2824 1775 2893 γὰρ

1882 2030 1901 2062 ι
1940 2011 2094 2065 tiam.
2129 2029 2148 2063 ι

2507 2097 2801 2167 ΒεῙιιιαιίο.

1948 2194 2012 2247 Et
2042 2202 2099 2247 tu
2129 2207 2345 2263 quoque
2386 2192 2633 2246 eamdem
2684 2190 2948 2243 adversus
2997 2185 3195 2240 similia
3243 2182 3451 2237 refuta-

1877 2284 2077 2338 tionem
2130 2283 2364 2353 excipito
2392 2297 2558 2352 quam
2619 2281 2676 2335 in
2710 2278 3036 2350 praecedenti
3066 2285 3157 2330 tua
3208 2272 3451 2328 animad-

1874 2377 2124 2431 versione
2146 2377 2519 2447 apposuimus.

1877 2490 2130 2561 Ejusdem
2179 2509 2245 2548 ea:
2285 2493 2513 2545 secunda
2547 2491 2785 2544 oratione
2823 2488 3018 2561 operis,
3047 2483 3186 2561 quod
3226 2482 3314 2538 ille
3346 2482 3449 2535 ad-

1943 2579 2131 2645 versus.
2172 2563 2445 2633 gentilium
2495 2561 2797 2630 a/fectionea
2854 2557 3265 2623 therapeuticam
3312 2569 3451 2623 prte-

1943 2645 2172 2701 scripsit.

1944 2746 2065 2800 145.
2111 2763 2130 2795 ι
2166 2743 2325 2798 Nulla
2375 2758 2472 2798 vos
2521 2751 2956 2810 autem,qu:eso,
2990 2738 3076 2793 bic
3116 2735 3452 2807 perturbatio

1882 2856 1900 2890 ι
1940 2839 2154 2901 subeat,
2184 2835 2326 2904 quod
2378 2835 2486 2889 diei
2532 2833 2757 2897 auditis,
2791 2830 3029 2885 Verbum
3085 2836 3137 2883 et
3182 2843 3247 2881 ex
3294 2824 3453 2879 Patre

213 2942 229 2974 ι
275 2923 644 2975 ἀτοπωτάτων
677 2920 963 2982 Πλάτωνος
996 2920 1095 2989 μὲν
1121 2919 1402 2988 ἀνέχεσθε,
1456 2919 1553 2972 καὶ
1595 2918 1773 2970 αἴτιον

1885 2945 1904 2979 ι
1947 2927 2113 2995 gigni,
2147 2933 2201 2979 et
2233 2941 2356 2980 cum
2400 2924 2560 2979 Patre
2591 2939 2732 2979 esse.
2769 2922 2899 2987 Quae
2928 2929 3056 2976 sunt
3101 2920 3247 2972 enim
3306 2916 3448 2985 apud

214 3035 230 3063 ι
282 3018 380 3085 τῆς
415 3013 548 3082 ῦλης
580 3016 675 3067 τὸν
725 3014 857 3067 Θεὸν
906 3013 1183 3080 λέγοντος,
1234 3013 1332 3065 καὶ
1375 3011 1649 3064 συναῖδιον
1676 3009 1771 3063 τοῦ

1879 3037 1898 3070 ι
1941 3018 2216 3073 Platonem
2264 3017 2672 3080 insnlsissima,
2724 3015 2894 3083 aequis
2944 3010 3143 3067 animis
3191 3009 3449 3063 auribus-

215 3124 231 3155 ι
268 3104 404 3158 Θεοῦ
438 3106 538 3175 τὴν
562 3104 693 3174 ῦλην
722 3103 1144 3166 ἀποκαλοῦντος.
1171 3102 1379 3166 καὶτὰς
1412 3102 1552 3165 ἰδέας
1583 3103 1646 3155 ἐκ
1676 3102 1769 3154 τοῦ

1878 3127 1899 3162 ι
1936 3125 2041 3178 que
2076 3108 2348 3178 accipitis.
2386 3108 2475 3161 llle
2511 3109 2655 3161 enim
2689 3114 2743 3159 et
2776 3105 2942 3158 Deum
2976 3101 3218 3156 materize
3262 3108 3450 3153 aucto-

214 3216 230 3248 ι
281 3198 420 3250 Θεοῦ
451 3198 545 3250 καὶ.
571 3196 668 3249 σὺν
688 3197 762 3265 τῷ
789 3195 908 3264 Θεῷ
945 3196 1242 3263 φάσκοντος
1273 3188 1440 3247 εῐναιο
1477 3193 1569 3246 τόν
1598 3192 1653 3244 δὲ
1682 3191 1776 3246 τοῦ
1805 3196 1848 3254 C

1805 3196 1848 3254 C
1885 3219 1903 3251 ι
1943 3215 2079 3262 rem,
2114 3209 2168 3254 ει
2196 3210 2374 3254 tamen
2438 3197 2510 3251 De
2598 3205 2923 3253 coaeternam
2982 3194 3262 3250 materiam
3330 3206 3450 3250 esse

214 3307 231 3339 ι
290 3288 427 3341 Θεοῦ
459 3289 631 3354 Λόγον
652 3289 745 3340 καὶ
776 3286 836 3338 τὸ
867 3287 1133 3353 πανάγιον
1161 3285 1386 3352 Πνεῦμα
1417 3287 1493 3355 μὴ
1524 3284 1773 3338 πείθεσθε

214 3399 230 3430 ι
270 3382 334 3433 ὲκ
369 3378 464 3431 τοῦ
499 3377 634 3431 Θεοῦ
660 3379 843 3448 φῦναι,
878 3377 967 3431 καὶ
996 3379 1091 3431 σὺν
1123 3376 1199 3446 τῷ
1227 3376 1344 3445 Θεῷ
1373 3373 1535 3431 εἶναι.
1568 3378 1628 3430 Ei
1664 3376 1774 3449 γὰρ

214 3493 228 3523 ι
282 3471 382 3541 τὴν
412 3470 685 3539 ἑτεροφυᾶ
709 3472 807 3523 καὶ
830 3468 1143 3539 ἑτερογενῆ,
1171 3469 1263 3538 καὶ
1314 3468 1612 3536 ἀλλόφυλον
1639 3467 1774 3539 ὓλην

212 3584 227 3614 ι
280 3566 373 3617 καὶ
408 3566 473 3615 ἐκ
502 3561 595 3616 τοῦ
642 3561 801 3625 Οεοῦ,
854 3563 947 3614 καὶ
989 3563 1048 3614 ἐν
1096 3560 1173 3629 τῷ
1208 3560 1325 3629 Θεῷ
1359 3556 1522 3625 εἶναι,
1553 3562 1580 3613 ό
1622 3562 1774 3630 cptu-

214 3674 231 3707 ι
288 3672 451 3725 σοφος
475 3654 602 3723 ἔφη,
638 3652 816 3721 πολλῷ
868 3653 1042 3724 δήπου
1077 3651 1447 3721 εὐλογώτερον
1496 3653 1588 3704 καὶ
1642 3652 1773 3724 άλη-

215 3768 231 3798 ι
275 3747 535 3817 θέστερον
566 3746 908 3819 ὑποληπτέον
962 3745 1055 3798 τὸν
1090 3745 1360 3816 ἡμέτερον
1406 3743 1584 3811 λόγον.
1636 3746 1773 3801 Οῦδὶ

213 3858 229 3889 ι
283 3841 392 3911 γὰρ
422 3840 692 3909 ἐτεροφυᾶ
710 3838 801 3891 τδν
819 3838 967 3903 Υιδν,
1007 3836 1129 3891 οὐδὲ
1161 3835 1223 3890 τὺ
1250 3836 1517 3907 πανάγιον
1550 3836 1774 3908 Πνεῦμά

212 3951 229 3983 ι
288 3945 474 4000 φαμεν
501 3923 663 3995 εἶναι,
717 3927 851 3983 ἀλλὰ
904 3926 1036 3998 μίαν
1096 3922 1239 3981 εἶναι
1289 3927 1390 3998 τὴν
1434 3928 1626 3982 οῦσεαν
1674 3927 1773 3997 τῆς

211 4041 227 4074 ι
282 4020 517 4092 Τριάδος
543 4017 915 4090 κηρύττομεν.
944 4018 1008 4071 El
1040 4017 1095 4071 δέ
1129 4033 1213 4080 τις
1244 4016 1345 4086 τῆς
1369 4016 1656 4088 ὑπάρξεως
1678 4016 1770 4071 τοῦ

210 4133 227 4164 ι
284 4115 419 4167 Υῑου
453 4111 668 4166 καὶτοῦ
698 4112 856 4177 ἁγίου
885 4109 1203 4175 Πνεύματος
1237 4111 1485 4179 ἐπιζητει
1519 4110 1613 4163 τὸν
1642 4112 1771 4180 τρό-

212 4225 227 4256 ι
289 4222 391 4259 πον
422 4205 640 4275 μαθειν,
674 4205 883 4256 εἰπάτω
911 4202 973 4254 δὴ
1006 4203 1269 4273 πρότερος
1303 4203 1396 4256 τὸν
1439 4205 1641 4277 τρόπον
1672 4207 1771 4277 τῆς

212 4319 227 4347 ι
282 4298 584 4364 ἀγεννήτου
618 4294 925 4366 ὑπάρξεως,
979 4295 1096 4358 πῶς
1124 4296 1270 4348 ἐστιν
1315 4295 1455 4366 ἔχων
1485 4296 1545 4349 τὸ
1573 4298 1767 4353 αἴτιον.

211 4412 227 4439 ι
280 4389 457 4443 Τοῦτο
490 4388 599 4459 γὰρ
624 4389 689 4454 δὴ
720 4386 1001 4449 παντελῶς
1032 4388 1257 4456 ἄπορον,
1293 4390 1384 4441 καὶ
1413 4389 1551 4462 μόνῃ
1585 4408 1647 4457 γε
1700 4394 1766 4461 τῇ

212 4500 229 4529 ι
287 4480 450 4548 φύσει
481 4483 547 4549 τῇ
580 4479 797 4548 καθαρᾷ
827 4479 916 4529 καὶ
947 4478 1243 4548 ἀκραιφνεῖ
1270 4481 1536 4549 χωρητόν.
1564 4483 1637 4534 Τὸ
1669 4482 1770 4552 μὲν

208 4591 223 4618 ι
279 4571 393 4638 γὰρ
420 4571 481 4635 ἐξ
507 4569 677 4621 αἰτίου
710 4568 967 4636 γενέσθαι
997 4586 1071 4630 τι,
1102 4568 1134 4639 ἢ
1168 4571 1423 4639 γεννητὸν
1453 4572 1486 4642 ἢ
1526 4576 1769 4639 κτιστὸν,

207 4682 221 4708 ι
278 4661 484 4724 δέξαιτ’
525 4660 592 4712 ἂν
631 4661 829 4729 ῥᾳδίως
876 4662 904 4713 ό
945 4660 1223 4729 λογισμός·
1274 4662 1335 4713 τὸ
1386 4662 1441 4714 δὲ
1466 4656 1610 4717 εἶναί
1647 4682 1768 4719 τινα

209 4771 225 4802 ι
270 4754 406 4821 ἄτερ
434 4751 610 4803 αἰτίου
642 4750 762 4803 οὐδὲ
793 4750 1080 4819 προσίεται
1120 4750 1401 4819 λογισμὸς,
1433 4755 1483 4804 εὶ
1535 4753 1611 4824 μὴ
1661 4756 1769 4825 ἄρα

210 4860 229 4893 ‹
270 4844 415 4909 φανῇ
445 4840 542 4909 τῆς
572 4840 807 4901 πίστεως
840 4839 901 4890 τὸ
930 4838 1215 4908 ἐχέγγυον.
1250 4840 1310 4892 El
1349 4840 1404 4893 δὲ
1439 4842 1769 4911 πιστεύομεν

209 4952 225 4983 ι
281 4929 425 4985 εἶναι
453 4949 503 4985 τι
536 4934 629 4984 καὶ
649 4933 944 5001 ἀγέννητον
971 4932 1066 4983 καὶ
1096 4933 1352 5002 ἄναρχον,
1384 4936 1477 4987 καὶ
1504 4936 1768 5003 ἀναίτιον,

209 5043 224 5072 ι
280 5024 601 5076 πιστευτέον
628 5022 735 5093 ἄρα
761 5022 833 5084 ὡς
868 5024 933 5075 ἐκ
956 5022 1170 5088 τούτου,
1200 5024 1288 5075 νοῦ
1324 5024 1471 5088 ὄντος
1500 5026 1766 5099 ἐγεννήθη

207 5135 223 5165 ι
286 5115 487 5183 Λόγος,
521 5116 615 5167 καὶ
649 5114 890 5183 προῆλθε
927 5113 986 5164 τὸ
1021 5113 1247 5181 Πνεῦμα
1277 5115 1338 5167 τὸ
1365 5116 1540 5183 ἅγιον.
1573 5138 1592 5171 ι

205 5232 220 5261 ι
252 5226 373 5266 esse
427 5224 560 5265 vero
598 5208 801 5277 aliquid
859 5210 1002 5275 quod
1059 5224 1163 5263 non
1221 5220 1439 5265 emanat
1490 5226 1521 5266 a
1574 5229 1764 5283 causa,
1836 5218 1984 5271 nulla
2046 5215 2186 5269 ratio
2243 5212 2539 5269 assentitur
2584 5229 2596 5264 :

1886 3314 1905 3347 ι
1943 3294 2197 3349 afﬁrmat.
2249 3292 2484 3362 demque
2554 3290 2703 3345 ideas
2758 3304 2823 3343 ex
2882 3286 2993 3342 Deo
3051 3296 3104 3341 et
3165 3302 3289 3341 cum
3341 3284 3451 3338 Deo

1885 3406 1905 3439 ι
1938 3383 2244 3440 constituit.
2279 3383 2387 3439 Vos
2413 3391 2595 3437 autem
2641 3381 2875 3436 Verbum
2919 3379 3037 3444 Dei,
3091 3390 3450 3446 sanctumque

1884 3497 1903 3531 ι
1943 3478 2206 3547 Spiritum
2263 3490 2439 3544 neque
2469 3488 2534 3530 ex
2568 3473 2680 3529 Deo
2703 3473 2943 3543 prodire,
2977 3486 3152 3540 neque
3178 3486 3300 3524 esse
3325 3485 3448 3524 cum

1884 3590 1903 3624 ι
1947 3571 2056 3625 Deo
2084 3568 2328 3624 creditis.
2364 3566 2421 3621 Si
2445 3567 2588 3621 enim
2619 3565 2927 3630 materiam,
2962 3580 3083 3633 quae
3112 3563 3333 3618 alterius
3368 3574 3452 3618 est

1885 3684 1903 3717 ι
1945 3674 2154 3718 παίω-ιε
2192 3676 2354 3731 quam
2390 3660 2552 3725 Deus,
2583 3658 2910 3728 generisque
2940 3656 3189 3717 alterius,
3221 3672 3309 3717 ac,
3373 3656 3449 3709 uti

1884 3777 1903 3810 ι
1943 3756 2015 3812 ita
2044 3754 2298 3819 dixerim,
2331 3752 2632 3822 alienigena
2671 3759 2725 3804 et
2759 3748 3022 3813 extraria,
3056 3756 3110 3802 ct
3145 3762 3210 3801 ex
3252 3746 3363 3800 Deo
3393 3754 3448 3800 et

1883 3868 1902 3902 ι
1942 3863 2063 3905 cum
2118 3847 2228 3902 Deo
2267 3860 2389 3902 esse
2416 3844 2530 3899 vult
2582 3842 2753 3910 Plato,
2809 3841 2979 3895 multo
3026 3839 3197 3910 magis
3252 3839 3449 3893 rationi

1884 3960 1902 3996 ι
1944 3947 2383 4003 consentaneus,
2442 3934 2721 4005 multoque
2782 3934 2962 3987 verior
3020 3944 3201 3986 sermo
3264 3937 3451 3984 noster

1887 4030 2219 4102 «putandus
2289 4037 2393 4085 est.
2464 4026 2657 4097 Neque
2733 4025 2880 4081 enim
2959 4020 3159 4077 Filium
3225 4019 3450 4073 alterius

1884 4142 1903 4176 ι
1946 4131 2174 4186 naturm,
2221 4136 2398 4188 neque
2454 4127 2704 4174 sanctum
2747 4113 3011 4183 Spiritum
3041 4125 3168 4164 esse
3191 4108 3446 4167 dicimus,

1883 4229 1902 4263 ι
1939 4211 2035 4266 sed
2071 4225 2233 4263 unam
2272 4208 2560 4263 Trinitatis
2583 4205 2946 4261 substantiam
2973 4200 3352 4274 praedicamus.
3389 4194 3446 4250 Si

1882 4321 1901 4354 ι
1943 4303 2065 4371 quis
2117 4308 2299 4356 autem
2352 4307 2594 4354 vestrum
2648 4299 2789 4351 seire
2845 4294 3152 4355 desiderat,
3206 4303 3445 4359 quonam

1884 4413 1902 4446 ι
1937 4393 2255 4448 substantia:
2304 4392 2466 4445 modo
2501 4390 2571 4444 sit
2618 4386 2786 4440 Filius
2829 4394 2878 4437 et
2917 4382 3151 4453 Spiritus
3203 4386 3445 4440 sanctus,

1885 4505 1901 4536 ι
1937 4501 2149 4553 aequum
2178 4498 2307 4537 sane
2343 4491 2444 4545 est,
2479 4490 2539 4534 ut
2567 4481 2613 4534 is
2677 4480 2827 4547 prior
2870 4470 3131 4545 qud-renti
3178 4471 3309 4524 mibi
3360 4483 3446 4521 re-

1884 4594 1901 4627 ι
1947 4576 2232 4644 spondeat,
2260 4588 2421 4643 quem
2475 4570 2690 4626 essendi
2744 4569 2959 4621 modum
3017 4565 3214 4616 habere
3276 4559 3449 4630 possit

1884 4686 1901 4718 ι
1944 4665 2087 4736 quod
2121 4680 2225 4717 non
2272 4672 2353 4717 est
2382 4662 2641 4732 genitum.
2681 4658 2797 4725 Quo
2842 4666 3016 4727 parto,
3053 4655 3296 4722 inquam,
3339 4659 3444 4713 est,

1884 4781 1902 4813 ι
1940 4757 2085 4829 quod
2121 4758 2321 4812 nullam
2343 4754 2524 4816 habet,
2556 4753 2697 4805 unde
2739 4751 2830 4811 sit,
2863 4761 3101 4802 causam.
3144 4744 3265 4797 llmc
3303 4742 3444 4793 enim

1884 4871 1902 4903 ι
1936 4850 2167 4921 qumstio
2198 4862 2419 4917 prorsus
2445 4854 2528 4899 est
2556 4843 2743 4907 dubia,
2788 4841 3010 4909 solaque
3056 4837 3178 4891 ﬁdei
3215 4836 3448 4905 puritate

1885 4960 1903 4993 ι
1943 4955 2006 4996 ac
2070 4938 2380 4994 sinceritate
2448 4935 2731 5003 capienda.
2793 4931 2933 4985 Fieri
2970 4930 3115 4985 enim
3182 4944 3245 4983 ac
3301 4926 3446 4996 gigni

1886 5051 1904 5083 ι
1948 5031 2280 5102 prmcedente
2311 5040 2473 5081 causa
2504 5024 2781 5094 quippiam
2813 5038 3029 5082 eorum,
3069 5035 3188 5088 qua:
3223 5018 3365 5089 gigni
3392 5028 3447 5071 et

1886 5141 1904 5174 ι
1946 5122 2116 5178 creari
2165 5126 2413 5189 possunt,
2470 5118 2707 5170 humana
2765 5115 2902 5168 ratio
2956 5112 3114 5166 facile
3160 5110 3444 5163 admittit:

2681 5210 2785 5263 nisi
2872 5206 3011 5263 forte
3105 5207 3445 5260 interventus

207 5328 221 5357 ι
261 5307 387 5361 ﬁdei
441 5320 506 5358 ac
549 5304 768 5370 sponsio
816 5303 1132 5358 intercedat.
1165 5304 1369 5370 Quodsi
1428 5320 1550 5361 esse
1589 5310 1795 5380 aliquid
1869 5311 2201 5367 credendum
2259 5316 2364 5373 est,
2414 5320 2509 5361 nec
2556 5304 2667 5358 ullo
2737 5301 2900 5356 modo
2965 5300 3228 5372 genitum,
3268 5314 3367 5354 nec
3417 5314 3445 5353 a

206 5417 220 5446 ι
260 5411 429 5451 causa
464 5394 790 5463 profectum,
832 5409 931 5447 nec
975 5394 1043 5445 ab
1074 5393 1185 5447 ullo
1249 5395 1495 5462 pendens
1557 5402 1839 5469 superiore
1881 5401 2189 5471 principio;
2264 5397 2596 5454 credendum
2638 5396 2829 5466 utique
2916 5394 3022 5449 erit
3066 5393 3133 5447 ab
3170 5393 3273 5448 boc
3302 5394 3445 5463 ipso,

207 5510 222 5540 ι
259 5488 406 5561 quod
434 5487 741 5543 intellectus
784 5486 878 5547 sit,
911 5486 1153 5550 genitum
1193 5501 1313 5541 esse
1346 5485 1606 5557 Verbum,
1641 5504 2003 5567 sanctumque
2023 5492 2364 5565 processisse
2393 5490 2677 5560 Spiritum.
2724 5506 2742 5539 ι

820 5579 1203 5633 Ἐπιστασία.

272 5695 290 5727 ι
365 5673 649 5742 Πρόσσχες
676 5672 791 5733 πῶς
821 5685 914 5725 και
935 5661 1089 5734 οῦτος
1116 5673 1144 5724 ό
1191 5672 1461 5742 μακάριος
1488 5673 1549 5725 τὸ
1576 5677 1640 5727 ἐκ
1668 5675 1765 5729 τοῦ

207 5790 221 5817 α
276 5766 415 5821 Θεοῦ
452 5766 575 5819 ἀντὶ
603 5764 698 5816 τοῦ
727 5764 939 5832 Πατρδς
969 5762 1373 5835 ὲκλαμὸάνεται
1401 5765 1459 5816 ἐν
1486 5759 1570 5827 οἷς
1616 5765 1764 5834 λέγει

208 5878 221 5907 ι
284 5858 382 5911 καὶ
411 5856 501 5910 τὸν
531 5855 623 5911 τοῦ
650 5854 787 5912 Θεοῦ
819 5856 994 5928 Λόγον
1027 5858 1121 5913 καὶ
1153 5859 1212 5914 τὸ
1251 5859 1516 5928 πονάγιον
1542 5859 1763 5930 Πνεῦμα

2465 5580 2883 5635 Αιιὶηιαάυρνεὶο.

1950 5697 1971 5729 ι
2015 5677 2296 5733 Atteudito
2324 5674 2602 5745 quomodo
2633 5681 2687 5727 et
2726 5673 2814 5727 hic
2844 5672 3033 5726 beatus
3070 5671 3198 5724 illud
3232 5685 3294 5724 ex
3340 5670 3451 5726 Deo

1884 5788 1905 5822 ι
1943 5785 2039 5839 pio
2094 5770 2249 5824 Patre
2302 5769 2554 5837 aecipiat,
2602 5781 2725 5821 cum
2778 5765 2932 5830 dicit,
2972 5764 3063 5817 Dei
3116 5761 3351 5818 Verbum
3398 5772 3452 5816 et

1884 5880 1901 5915 ι
1942 5864 2346 5920 sanctissimum
2378 5859 2664 5931 Spiritum,
2707 5872 2769 5914 ex
2814 5857 2922 5913 Deo
2962 5856 3200 5927 prodire,
3237 5866 3285 5911 et
3321 5870 3445 5910 cum
