4202 6454
723 380 831 444 603

1746 381 1960 445 JOAN.
2006 384 2217 445 VECCI
2256 385 2367 446 CP.
2407 384 2915 445 PATRIARCHAZ

3862 390 3972 455 604

731 516 746 547 ι
789 498 897 554 Deo
921 511 1043 552 esse
1080 509 1248 551 :cum
1292 509 1422 552 vero
1467 496 1814 554 subobscure
1869 501 2090 568 prodire
2112 502 2382 569 posue—A

2415 518 2433 550 ι
2491 501 2555 552 ἐκ
2579 499 2671 552 τοῦ
2697 500 2833 553 Θεοῦ
2861 498 3057 568 φῦναι,
3093 501 3188 553 καὶ
3218 500 3314 553 σίιν
3347 501 3426 571 τῷ
3454 503 3574 573 Θεῷ
3599 499 3762 559 εἶναι.
3809 509 3974 562 ’Δαι-

729 609 748 639 ο
789 590 882 653 rit,
913 589 967 642 in
1001 589 1110 656 his,
1139 603 1261 658 quae
1298 601 1628 659 sequuntur,
1663 591 1955 646 manifesto
1980 591 2300 656 declaravit,

733 699 751 731 ι
788 695 911 734 cum
952 679 1118 743 dicit,
1177 679 1264 734 Ab
1315 681 1416 735 hoc
1470 679 1610 750 ipso,
1661 681 1804 750 quod
1858 681 2165 738 intellectus
2198 692 2300 749 est,

734 798 750 824 ε
793 772 1038 842 genitum
1097 786 1225 828 esse
1286 773 1565 839 Verbum,
1617 784 1672 832 et
1730 774 1994 845 Spiritum
2054 785 2304 830 sanctum

694 875 700 882 '
733 884 752 916 ε
790 865 1145 936 processisse.
1191 884 1210 916 ι

1367 959 1658 1031 Refutatio.

780 1044 910 1112 'Qui
935 1062 1000 1101 ex
1042 1045 1207 1102 Patre
1249 1047 1383 1104 dicit
1404 1051 1623 1119 prodire
1655 1050 1945 1119 Spiritum,
1975 1051 2211 1122 indeque
2242 1065 2308 1106 ex

729 1137 888 1192 Patre
925 1138 1071 1194 illius
1105 1139 1481 1194 exsistentiam
1510 1153 1793 1207 connotat,
1823 1144 1986 1200 narsis
2016 1145 2172 1213 plane
2201 1159 2308 1198 non

729 1229 1082 1294 contradicit,
1142 1233 1415 1286 asserenti
1486 1232 1750 1302 Spiritum
1782 1251 1850 1288 ex
1906 1235 2042 1290 Filio
2094 1249 2311 1305 quoque

731 1320 987 1394 prodireh
1041 1321 1274 1391 indeque
1338 1323 1675 1389 decernenti,
1728 1325 1891 1379 etiam
1951 1341 2023 1379 ex
2077 1335 2310 1394 utroque

733 1409 886 1464 illum
935 1426 1076 1466 esse.
1120 1413 1320 1466 Verum
1381 1413 1468 1468 bic
1509 1416 1818 1470 adnotanda
1880 1425 2030 1480 sunt,
2077 1431 2198 1486 qum
2253 1426 2309 1470 tu

734 1503 850 1570 ipse
871 1502 1129 1566 allirmas,
1169 1503 1410 1559 Verbum
1443 1521 1567 1561 esse
1603 1507 1768 1578 simul
1804 1523 1927 1562 curn
1967 1509 2123 1565 Patre
2161 1521 2216 1564 et
2243 1523 2308 1564 ex

734 1591 895 1646 Patre
929 1604 1338 1664 tanquam-quae
1366 1596 1662 1665 plurimum
1700 1599 2016 1658 conducunt
2047 1599 2309 1654 adversus

733 1699 848 1749 eos,
872 1685 970 1754 qui
998 1688 1339 1765 contendunt
1384 1704 1492 1743 non
1531 1705 1694 1760 posse
1731 1690 1897 1746 simul
1929 1706 2052 1746 eum
2090 1690 2227 1746 Filio
2255 1698 2309 1745 et

734 1789 830 1844 per
859 1775 1055 1831 Filium
1090 1793 1215 1833 esse
1241 1777 1506 1848 Spiritum
1531 1790 1807 1836 sanctum.

1358 1869 1445 1923 Ea:
1473 1871 1678 1927 eodem.

807 1955 933 2012 “6.
963 1975 982 2008 ι
1022 1956 1078 2012 Si
1107 1959 1293 2029 itaque
1326 1976 1449 2015 esse
1479 1963 1685 2033 aliquid
1719 1963 2056 2022 aﬂ‘rrmamus
2088 1967 2304 2036 ingeni-

743 2065 761 2097 ε
809 2057 944 2111 tum,
981 2050 1239 2118 nullaque
1263 2050 1568 2120 profectum
1610 2069 1638 2107 a
1663 2070 1853 2118 causa,
1899 2058 2062 2127 idque
2093 2058 2314 2111 Parme-

743 2158 762 2190 ι
803 2139 941 2194 nidze
988 2140 1209 2210 quidem
1255 2146 1523 2199 sententia
1578 2147 1842 2200 mundum
1879 2165 2035 2214 esse;
2069 2148 2312 2204 Platonis

740 2247 759 2279 ε
796 2238 1003 2296 autem,
1027 2229 1329 2302 Timasique
1360 2232 1754 2300 Locrensis,ac
1773 2237 2072 2305 Plutarchi,
2103 2253 2316 2294 nosm-

745 2339 762 2370 ε
802 2335 908 2389 que
927 2321 1065 2376 adeo
1093 2322 1336 2392 ipsorum
1362 2325 1633 2381 sententia
1681 2327 1950 2392 dicimus,
1989 2328 2157 2384 Deum
2193 2345 2315 2386 esse

742 2431 760 2464 ι
801 2414 1052 2482 opiﬁcem
1106 2431 1290 2471 rerum
1337 2419 1584 2473 omnium
1630 2420 1744 2490 jam
1797 2421 1967 2476 multo
2000 2421 2314 2477 credibilius

743 2525 761 2556 ε
801 2507 1052 2574 loquetur
1102 2508 1349 2577 quisquis
1385 2520 1638 2577 asserat,
1687 2528 1751 2566 ex
1782 2528 1870 2577 eo,
1920 2515 2012 2583 qui
2061 2514 2131 2566 sit
2165 2515 2314 2586 inge-

745 2616 762 2646 ι
804 2598 973 2664 nitus,
1029 2614 1254 2654 manare
1305 2600 1542 2655 Verbum
1577 2619 1640 2658 ac
1685 2615 1937 2658 sanctum
1999 2603 2310 2673 Spiritum:

744 2707 764 2742 ι
804 2689 1042 2746 Verbum
1069 2690 1289 2762 quidem
1329 2700 1387 2746 ut
1413 2694 1656 2763 genitum
1702 2695 1771 2748 ab
1799 2696 2091 2758 intellectu,
2138 2697 2317 2766 Spiri-

743 2799 762 2832 ε
805 2793 917 2835 tum
982 2798 1109 2837 vero
1167 2792 1228 2838 ut
1281 2786 1659 2854 procedentem
1717 2804 1731 2840 :
1780 2787 1882 2856 ipsi
1932 2788 2077 2842 enim
2137 2786 2317 2843 Verbo

748 2892 766 2924 ε
805 2873 1042 2943 Spiritus
1090 2880 1582 2947 comprogreditur,
1641 2896 1747 2934 non
1799 2890 1977 2936 tamen
2027 2891 2086 2936 ut
2145 2881 2319 2936 Verbo

745 2983 764 3016 ι
801 2968 1138 3036 congenitos,
1167 2970 1261 3024 sed
1286 2971 1376 3039 qui
1412 2972 1574 3025 simul
1603 2967 1749 3026 'cum
1785 2972 1960 3027 Verbo
1999 2973 2088 3036 sit,
2120 2988 2320 3028 conse-

2411 610 2430 644 ι
2483 592 2598 660 φῶς
2623 593 2678 646 δι
2709 593 2770 644 τὸ
2795 591 2957 662 φῦναι
2988 592 3271 659 τεθεικὼς,
3306 597 3671 664 παρακατιὼν
3699 600 3975 668 ἐσαφήνι-

2412 698 2431 731 ε
2483 696 2594 744 σιν,
2619 679 2811 743 είπὼν,
2849 698 2871 732 ε
2915 680 3008 733 Ἐκ
3039 681 3235 735 τούτου
3261 700 3324 750 γε
3355 683 3450 736 τοῦ
3484 685 3639 748 ὄντος
3697 688 3971 758 ἐγεννήθη

2413 790 2432 824 ι
2485 771 2677 838 Λόγος,
2705 772 2800 827 καὶ
2823 770 3098 841 προσῆλθε
3127 773 3188 826 τδ
3218 773 3443 845 Πνεῦμα
3466 777 3526 830 τὸ
3550 776 3730 845 ἅγιον.
3768 797 3787 830 ι

3009 956 3396 1026 Ἀντίρῤησις.

2492 1049 2552 1101 '0
2583 1047 2864 1120 προελθεῖν
2910 1049 2974 1102 ὲκ
3018 1049 3113 1102 τοῦ
3164 1051 3376 1120 Πατρὸς
3403 1050 3583 1118 λέγων
3637 1056 3698 1108 τδ
3728 1056 3978 1126 Πνεῦμα,

2410 1137 2504 1193 καὶ
2530 1139 2785 1192 ἐντεῦθεν
2812 1139 2910 1210 τὴν
2946 1139 3010 1192 ὲκ
3036 1140 3252 1210 Πατρδς
3296 1141 3674 1212 αὐτοῦοδηλῶν
3716 1144 3979 1215 ὕπαρξιν,

2411 1232 2711 1300 ἀντιλέγειν
2758 1231 2858 1284 οὐκ
2912 1231 3025 1302 εχει
3083 1229 3160 1297 τῷ
3217 1233 3594 1304 προέρχεσθαι
3639 1235 3852 1302 λέγοντι
3901 1237 3985 1304 τῷ

2411 1323 2638 1392 Πνεῦμα
2665 1322 2760 1376 καὶ
2791 1323 2855 1374 ὲκ
2889 1320 2983 1374 τοῦ
3035 1321 3190 1386 Υίοῦ,
3258 1323 3354 1376 καὶ
3410 1324 3670 1378 ἐντεῦθεν
3717 1325 3986 1394 δογματί·

2413 1417 2582 1482 ζοντι,
2619 1417 2714 1470 καὶ
2742 1415 2802 1479 ἐξ
2837 1416 3040 1484 ἀμφοῖν
3063 1410 3202 1468 εἶναι
3229 1415 3384 1470 αὐτό.
3414 1419 3507 1470 Δεῖ
3533 1417 3590 1470 δὲ
3614 1417 3984 1487 σημειοῦσθαι

2410 1508 2504 1563 καὶ
2526 1508 2626 1560 ὅσα
2662 1503 2898 1559 ἐνταῦθα
2927 1505 3065 1573 ἔφης
3089 1505 3218 1574 περὶ
3241 1505 3336 1560 τοῦ
3359 1502 3500 1559 εἶναι
3527 1506 3618 1559 τὸν
3649 1509 3820 1575 Λόγον
3865 1507 3986 1576 ἅμα

2409 1602 2489 1670 τῷ
2518 1600 2712 1670 Πατρῖ,
2750 1598 2930 1651 καὶὲκ
2959 1597 3053 1651 τοῦ
3094 1598 3330 1665 Πατρὸς,
3375 1599 3448 1657 ὼς
3489 1599 3801 1670 ἁρμόζοντα
3841 1601 3986 1652 κατὰ

2409 1692 2520 1744 τῶν
2548 1690 2987 1760 διενισταμὲνων,
3029 1688 3106 1759 μὴ
3165 1689 3427 1743 δύνασθαι
3453 1691 3569 1759 ἅμα
3597 1690 3712 1760 Υἱῷ
3746 1690 3840 1743 καὶ
3892 1691 3986 1743 διὰ

2411 1782 2505 1837 τοῦ
2533 1780 2660 1834 Υίοῦ
2696 1777 2836 1834 εἶναι
2870 1779 2932 1833 τὸ
2958 1778 3207 1849 Πνεῦμα.

2970 1874 3072 1926 Ἐκ
3103 1872 3211 1926 τοῦ
3243 1871 3453 1927 αὐτοῦ.

2485 1962 2681 2031 ΡΜςσ.
2719 1983 2736 2015 ι
2780 1963 2841 2017 El
2871 1963 3048 2016 τοίνυν
3086 1964 3270 2032 φαμὲν
3299 1961 3438 2017 εἶναί
3465 1980 3518 2016 τι
3552 1964 3854 2034 ἀγέννητον
3890 1966 3987 2019 καὶ

2422 2077 2441 2110 ι
2465 2058 2731 2129 ,ἀναίτιον
2761 2054 2905 2108 κατὰ
2944 2054 3044 2124 μὲν
3073 2055 3420 2125 Παρμενίδην
3453 2055 3548 2107 τὸν
3584 2057 3813 2124 κόσμον,
3840 2056 3985 2109 κατὰ

2423 2169 2441 2201 ι
2492 2149 2548 2201 δὲ
2586 2147 2872 2212 Πλάτωνα,
2910 2147 3004 2200 καὶ
3027 2145 3258 2215 Τίμαιον
3280 2145 3372 2198 τὸν
3413 2146 3647 2217 Λοκρὸν,
3685 2147 3783 2200 καὶ
3814 2145 3988 2199 Πλού-

2421 2259 2440 2293 ι
2489 2257 2690 2308 ταρχον
2740 2241 2834 2291 καὶ
2889 2238 3038 2306 ἡμᾶς
3090 2235 3291 2300 αὐτοὺς
3333 2236 3426 2290 τὸν
3454 2236 3566 2290 τῶν
3599 2237 3860 2291 ἁπάντων
3890 2235 3988 2304 6r,-

2423 2353 2442 2385 ι
2494 2331 2778 2402 μιουργὺν,
2805 2327 2986 2398 πολλῷ
3013 2328 3208 2380 τούτου
3240 2325 3611 2398 πιθανώτερον
3641 2327 3704 2379 τὸ
3731 2329 3898 2396 φάναι
3925 2326 3986 2392 ἐξ

2423 2445 2441 2478 ι
2491 2424 2699 2478 ἐκείνου
2745 2439 2808 2490 γε
2834 2420 2931 2474 τοῦ
2949 2421 3243 2488 ἀγεννήτου
3269 2420 3362 2474 καὶ
3385 2421 3474 2473 τὸν
3503 2420 3674 2487 Λόγον
3701 2418 3862 2490 φῦναι
3889 2421 3987 2474 καὶ

2422 2537 2440 2568 ι
2490 2517 2552 2570 τὸ
2585 2516 2854 2583 πανάγιον
2902 2513 3145 2584 Πνεῦμα,
3183 2513 3243 2567 τὸ
3295 2513 3391 2582 μὲν
3434 2511 3509 2576 ὡς
3552 2513 3746 2580 Λόγον,
3787 2513 3852 2566 ὲκ
3890 2512 3988 2566 τοῦ

2423 2624 2448 2656 «ι
2499 2604 2591 2657 νοῦ
2621 2602 2986 2673 γεννώμενον,
3019 2601 3080 2654 τὸ
3101 2602 3156 2654 δὲ
3185 2602 3260 2665 ὡς
3285 2601 3507 2671 Πνεῦμα
3529 2601 3985 2671 ἐκπορευόμενον.

2425 2714 2443 2746 ι
2486 2693 2826 2763 Συμπρόεισι
2859 2691 2966 2762 γὰρ
3013 2692 3090 2762 τῷ
3123 2693 3277 2760 Λόγῳ
3310 2691 3369 2744 τὸ
3394 2684 3638 2762 Πνεῦμα,
3668 2692 3726 2744 οὺ
3757 2691 3990 2758 ξυγγεν-

2423 2804 2446 2840 s
2507 2784 2772 2854 νώμενον,
2797 2783 2933 2838 ἀλλὰ
2967 2784 3124 2849 ξυνὸν
3155 2783 3247 2836 καὶ
3278 2781 3668 2852 παρομαρτοῦν
3695 2782 3790 2835 καὶ
3815 2786 3988 2834 ὲκπο-

2425 2896 2444 2929 ι
2501 2875 2813 2947 ρευόμενον.
2861 2873 3001 2927 Ἀλλ’
3033 2870 3156 2926 οὔτε
3181 2872 3241 2924 τὸ
3275 2871 3498 2942 Πνεῦμα
3529 2873 3698 2942 πνοήν
3722 2890 3845 2926 τινα
3870 2870 3994 2924 στό-

2429 2981 2450 3016 ε
2508 2981 2679 3033 ματος
2709 2960 2850 3016 εἷναί
2870 2979 3083 3033 φαμεν·
3124 2961 3418 3028 ἀξύνθετον
3454 2961 3563 3030 γὰρ
3615 2961 3676 3014 τὸ
3723 2961 3865 3014 θεῖον
3893 2964 3993 3014 καὶ

747 3075 764 3106 ε
803 3058 994 3126 claque
1029 3061 1100 3113 sit
1150 3058 1334 3126 Verbi,
1384 3071 1547 3132 atque
1605 3065 1880 3132 procedat,
1949 3061 2135 3131 Neque
2193 3078 2322 3117 vero

2429 3072 2447 3106 t
2505 3053 2946 3123 ἀσχημάτιστον
2975 3053 3097 3108 οὔτε
3119 3055 3210 3106 τὸν
3231 3053 3389 3120 λόγον
3410 3052 3598 3104 τοῦτον
3628 3052 3722 3104 τὸν
3747 3053 3824 3113 εἰς
3854 3051 3994 3119 ἀέρα

749 3165 767 3195 σ
810 3148 1073 3215 Spiritum
1124 3161 1377 3205 sanctum
1425 3155 1700 3223 spiramen
1756 3169 1877 3208 esse
1935 3154 2157 3220 aliquod
2209 3154 2393 3238 orisc

2429 3164 2448 3198 ι
2499 3146 2779 3216 χεόμενον,
2812 3144 2926 3197 ἀλλ’
2971 3144 3215 3199 ὲψνούσιον
3258 3145 3433 3211 λόγον,
3471 3144 3566 3196 καὶ
3625 3143 3994 3195 ὲνυπόστατον

749 3253 768 3286 ι
809 3237 1037 3293 dicimus
1069 3258 1083 3293 :
1113 3243 1254 3298 Deus
1282 3243 1426 3296 enim
1479 3260 1579 3297 nec
1615 3244 2066 3314 compositionem
2114 3245 2318 3312 patitur
2358 3232 2393 3238 ”

2430 3255 2448 3287 ι
2509 3234 2755 3305 Πνεῦμα,
2780 3237 2872 3288 καὶ
2901 3237 2958 3288 ὲν
2981 3236 3058 3306 τῷ
3094 3235 3268 3303 Ila.th
3304 3235 3699 3304 θεωρούμενον,
3739 3233 3834 3285 καὶ
3867 3232 3994 3285 καθ’

750 3345 769 3377 ι
813 3342 912 3382 nec
965 3329 1194 3400 figurant
1225 3350 1238 3386 :
1274 3332 1471 3403 neque:
1491 3332 1716 3387 verbum
1766 3333 2118 3403 intelligimus
2157 3333 2318 3402 quale

2431 3345 2450 3378 ι
2493 3327 2684 3380 ἑαυτὸν
2705 3325 3112 3396 πιστευόμενον*
3139 3325 3456 3395 ξυνημμένα
3478 3342 3536 3377 τε
3556 3326 3647 3377 καὶ
3665 3324 3994 3394 διῃρημένα,

751 3439 768 3470 ι
805 3429 1050 3474 nostrum
1085 3434 1190 3488 est,
1231 3424 1375 3492 quod
1417 3424 1768 3494 loquentibus
1816 3425 1973 3479 nobis
2021 3440 2117 3494 per
2142 3439 2326 3478 aerem

2435 3436 2454 3469 ι
2500 3417 2576 3485 τῷ
2609 3418 2708 3487 μὲν
2735 3415 2920 3486 ταυτῷ
2953 3417 3052 3486 τῆς
3106 3417 3323 3485 φύσεως
3381 3419 3656 3502 ἡνωμένα,
3711 3421 3776 3487 τῇ
3802 3416 3858 3468 δὲ
3886 3415 3997 3467 τῶν

751 3528 771 3561 ε
806 3510 1161 3577 diﬂ‘unditur;
1193 3515 1290 3568 sed
1319 3515 1556 3570 Verbum
1584 3516 1731 3585 quod
1768 3517 1907 3570 inest
1947 3515 2328 3569 substantiali-

2439 3529 2455 3560 ι
2505 3509 2790 3578 ίδιοτήτων
2819 3509 3053 3578 διαφορᾷ
3085 3508 3178 3560 καὶ
3209 3509 3331 3560 καθ’
3362 3509 3536 3562 ἑαυτὰ
3565 3509 3855 3578 νοούμενα.
3885 3508 3997 3559 Καὶ

753 3618 770 3649 ι
809 3608 912 3663 ter,
943 3617 1007 3656 ac
1043 3603 1280 3668 Spiritus
1309 3605 1404 3674 qui
1442 3605 1510 3660 ad
1538 3605 1876 3677 hypostasim
1909 3605 2161 3674 pertinet.
2195 3605 2328 3670 Qua

2438 3621 2456 3653 ι
2511 3600 2610 3652 οὐκ
2641 3601 2761 3652 ἔστι
2797 3600 2993 3668 μαθεῖν
3018 3598 3263 3668 ἁκριόὦς
3297 3600 3388 3651 τὸν
3438 3600 3513 3667 μὴ
3564 3602 3677 3661 τοῖς
3711 3599 3875 3659 θείοις
3908 3599 3998 3648 Ev-

751 3707 770 3739 ι
813 3690 922 3744 duo
975 3691 1027 3745 in
1058 3691 1218 3749 Patre
1249 3695 1687 3760 considerantur,
1721 3705 1776 3750 et
1819 3711 2068 3751 seorsum
2125 3710 2219 3765 per
2267 3709 2330 3750 se

2436 3714 2454 3746 ι
2502 3693 2844 3763 τετυχηκόσα
2900 3692 3148 3759 βιϐλίοις,
3187 3691 3374 3744 καὶτὸ
3425 3693 3525 3760 τῆς
3584 3691 3818 3752 πίστεως
3877 3687 3995 3758 φῶς

751 3800 770 3834 ι
809 3784 923 3852 ipsa
953 3787 1381 3857 singillatimque
1409 3789 1711 3842 creduntur
1747 3805 1761 3839 :
1792 3787 2092 3858 eademque
2115 3797 2169 3843 et
2190 3801 2326 3842 con-

2437 3804 2455 3836 ‹
2513 3785 2665 3853 παρὰ
2701 3782 2802 3851 τῆς
2833 3782 2982 3846 θείας
3015 3781 3403 3850 ὲπιδεξάμενον
3435 3780 3678 3850 χάριτος.
3721 3799 3740 3832 ι

752 3902 770 3934 ε
805 3882 989 3952 juncta
1019 3894 1171 3950 sunt,
1203 3892 1256 3939 et
1275 3885 1530 3940 discreta.
1565 3884 1726 3939 Uuita
1783 3885 2024 3954 quidem,
2071 3899 2138 3939 eo
2203 3882 2348 3954 quod
2384 3883 2630 3952 ejusdem
2693 3889 2903 3934 natura
2931 3882 3040 3934 siut
3069 3898 3084 3934 :
3145 3878 3474 3948 proprietate
3533 3891 3657 3930 vero
3672 3873 3996 3937 differentia,

751 4001 770 4032 ε
813 3979 1130 4050 singillatim
1192 3995 1558 4049 seorsumque
1615 3979 1912 4034 intellecta.
1996 3978 2121 4033 lleec
2186 3987 2366 4032 autem
2431 3976 2549 4045 ipsa
2620 3988 2964 4044 nequaquam
3006 3982 3194 4027 exacte
3258 3971 3544 4040 quisquam
3593 3967 3998 4038 percipiet,nisi

753 4074 770 4106 ⁶
810 4073 866 4125 in
921 4087 1200 4126 sacrarum
1233 4070 1560 4126 Litterarum
1602 4071 1799 4125 studiis
1864 4081 2114 4127 versatus
2161 4069 2352 4136 fuerit,
2397 4085 2461 4125 ac
2522 4068 2626 4123 nisi
2721 4067 2962 4122 scientiae
3012 4063 3177 4132 bujus
3249 4073 3430 4118 lumen
3482 4063 3660 4117 divina
3741 4061 3998 4117 collatum

752 4181 770 4211 ε
811 4163 980 4232 gratia
1018 4162 1311 4231 acceperit.
1358 4179 1378 4213 ι

1327 4246 1754 4301 Animadversio.

825 4359 844 4393 ε
889 4340 991 4394 Hic
1022 4341 1154 4394 item
1197 4339 1388 4394 eadem
1438 4340 1687 4394 doctrina
1740 4340 2194 4409 deprehenditur,
2255 4355 2322 4394 ex

2510 4354 2529 4387 ι
2595 4334 2948 4403 Κάνταῦθαή
3007 4333 3327 4388 διδασκαλία
3358 4336 3390 4404 ἡ
3421 4333 3559 4404 αὑτὴ
3610 4335 3736 4404 περὶ
3779 4335 3873 4389 τοῦ
3941 4335 4006 4401 ἐξ

756 4447 776 4477 ι
819 4445 930 4484 uno
978 4431 1186 4484 scilicet
1223 4431 1382 4485 Patre
1410 4431 1606 4485 Filium
1663 4441 1717 4486 et
1790 4432 2055 4500 Spiritum
2101 4445 2323 4500 progre-
2365 4495 2392 4500 _

2436 4447 2453 4478 ι
2505 4427 2626 4489 ἑνὸς
2656 4426 2749 4479 τοῦ
2777 4425 2986 4495 Πατρὺς
3015 4423 3259 4494 δηλονότι
3304 4425 3393 4476 τὸν
3422 4425 3549 4476 Υἱδν
3577 4427 3669 4478 καὶ
3690 4427 3751 4478 τὸ
3775 4427 4004 4497 Πνεῦμα

757 4545 774 4573 ι
812 4524 890 4589 di,
963 4533 1020 4578 et
1101 4525 1294 4580 eadem
1361 4507 1617 4582 dictionis
1675 4495 1927 4596 progredi
1987 4495 2324 4596 explicatio.
2363 4495 2393 4549 Ε

2437 4536 2456 4568 ι
2501 4517 2686 4586 φῦναι,
2726 4517 2820 4570 καὶ
2848 4518 2881 4586 ἠ
2914 4515 3056 4586 αὐτὴ
3085 4515 3182 4568 τοῦ
3220 4515 3383 4584 φῦναι
3438 4518 3726 4584 σαφήνεια.
3764 4518 3919 4570 Ἐστι
3955 4520 4004 4571 δ’

756 4636 773 4666 ι
812 4616 1006 4670 Verum
1041 4617 1093 4668 in
1129 4617 1232 4671 hac
1276 4618 1530 4687 pericope
1569 4631 1652 4674 est
1717 4633 1936 4688 quoque
1983 4619 2209 4688 aliquid,
2268 4627 2328 4672 ut

2441 4630 2459 4660 ι
2520 4611 2579 4662 ὲν
2605 4611 2672 4678 τῇ
2701 4608 2951 4679 παρούσῃ
2995 4611 3270 4677 περικοπῇ
3307 4608 3397 4660 καί
3444 4625 3494 4660 τι
3545 4608 4003 4678 γλαφυρώτερον,

756 4726 775 4758 ε
821 4724 922 4778 ego
952 4723 1097 4771 reor,
1127 4708 1444 4764 dilucidius.
1479 4709 1580 4766 Hic
1601 4712 1746 4766 enim
1780 4725 1963 4765 rerum
2011 4711 2316 4765 divinarum

2442 4717 2460 4750 ι
2508 4698 2582 4761 ὡς
2611 4698 2802 4766 ἔμοιγε
2831 4697 2972 4758 τέως
3005 4695 3310 4765 νομίζεται.
3333 4697 3676 4765 Δογματίσας
3713 4698 3816 4766 γὰρ
3849 4692 4008 4762 οἶτος

760 4820 777 4851 ι
815 4801 1039 4854 scientia
1095 4801 1439 4868 praecelebris
1475 4803 1558 4856 vir
1581 4802 1710 4855 dum
1743 4803 1981 4871 praelinit
2033 4816 2156 4858 cum
2191 4799 2329 4854 Filio

2443 4806 2461 4838 ι
2509 4791 2537 4841 ὁ
2558 4789 2624 4840 τὰ
2659 4787 2779 4839 θεῖα
2810 4786 2972 4854 σοφὸς
3005 4788 3084 4839 ὅτι
3111 4786 3169 4838 τὸ
3210 4787 3475 4853 πανάγιον
3516 4784 3740 4852 Πνεῦμα
3772 4787 3848 4855 τῷ
3888 4787 4004 4857 Υἱῷ

2443 4900 2461 4930 ι
2520 4882 2614 4932 καὶ
2643 4879 2803 4949 Λόγῳ
2833 4877 3183 4947 συμπρόεισι,
3217 4877 3465 4946 φανερῶς
3502 4878 3839 4945 ἐπιστομίζει
3869 4879 4002 4942 τοὺς

2522 4971 2617 5023 καὶ
2669 4971 2736 5022 ὲκ
2781 4968 2876 5022 τοῦ
2912 4967 3043 5040 Υίοῦ
3087 4968 3344 5034 λέγοντας
3383 4968 3517 5020 αὐτὸ
3565 4969 3964 5036 εκπορευεσθαι
3991 4986 4004 5000 ·

2522 5061 2636 5123 πῶς
2670 5059 2779 5129 γὰρ
2811 5061 2906 5112 καὶ
2951 5061 3084 5111 πότε
3123 5058 3240 5124 τοῦ,
3275 5053 3320 5127 ᾧ
3348 5059 3707 5130 συμπρόεισιν
3735 5060 4007 5129 ἐκπορεύο

2532 5171 2680 5218 εται;
2716 5148 3121 5223 Καταμάνθανε
3155 5152 3210 5205 δὲ
3243 5151 3333 5204 τὸν
3379 5153 3646 5221 μακάριον
3679 5151 3867 5204 τοῦτον
3915 5152 4006 5204 δι-

2529 5245 2795 5298 δάσκαλον
2826 5243 2894 5296 τὰ
2938 5243 3077 5302 αὐτὰ
3104 5241 3181 5312 τῷ
3213 5241 3342 5313 θείῳ
3368 5242 3712 5312 Δαμασκηνῷ
3741 5243 4008 5312 δογματί-

2525 5338 2708 5402 ζοντα,
2744 5337 2778 5404 ἢ
2817 5333 3016 5404 μᾶλλον
3040 5336 3247 5388 ἐκεῖνον
3274 5335 3468 5404 τούτῳ,
3496 5335 3568 5396 ὼς
3596 5334 4015 5404 προγενεστέρῳ

2522 5427 2877 5498 μετάχρονον.
2911 5425 3118 5478 Τούτου
3155 5425 3264 5490 γὰρ
3295 5423 3355 5476 τὸ
3400 5423 3729 5495 συμπρόεισι
3761 5421 4013 5490 γράψαν-

2491 5551 2500 5559 ο
2528 5537 2642 5582 τος,
2675 5520 2882 5578 ἐκεῖνος
2913 5518 2971 5567 ἐν
3002 5517 3066 5586 τῇ
3101 5516 3277 5584 οἰκείᾳ
3306 5517 3489 5582 γραφῇ
3520 5513 3728 5566 τέθεικε
3752 5513 3828 5576 τὸ,
3857 5513 4014 5579 ’Δμα

2530 5613 2562 5678 ὴ
2601 5609 2695 5661 τοῦ
2731 5605 2858 5661 Υἱοῦ
2906 5608 3159 5674 γέννησις
3192 5605 3284 5657 καὶ
3310 5608 3341 5672 ἡ
3372 5602 3465 5658 τοῦ
3497 5601 3807 5669 Πνεύματος
3837 5602 4014 5652 ἐκπό-

2529 5720 2736 5774 ρευσις.
2769 5703 2856 5752 Διὸ
2889 5703 2980 5755 καί
3023 5701 3182 5768 ἡμεῖς
3230 5700 3292 5751 τὸ
3321 5697 3452 5750 αὐτὸ
3485 5697 3575 5748 καὶ
3624 5697 3684 5747 ἐν
3714 5693 3899 5762 ἐκείνῃ
3944 5697 4015 5763 τῇ

2454 5817 2472 5848 ι
2537 5798 2814 5866 περικοπῇ
2845 5794 2935 5849 καὶ
2972 5797 3031 5847 ὲν
3073 5790 3240 5860 ταύτῃ
3274 5786 3822 5860 ὲπεοημειωσάμιθα.
3875 5803 3892 5836 ι

3035 4241 3417 4294 Ἔπιστασία.

760 4909 779 4941 ε
811 4897 866 4944 et
923 4887 1102 4944 Verbo
1140 4891 1423 4960 provenire
1474 4893 1880 4951 sanctissimum
1913 4893 2200 4962 Spiritum,
2232 4907 2331 4960 pa-

759 5001 777 5031 ε
815 4981 921 5034 lam
960 4995 1023 5034 os
1048 4981 1284 5035 obstruit
1312 4997 1502 5036 eorum
1551 4984 1646 5054 qui
1668 4993 1987 5039 asseverant
2035 4984 2210 5053 ipsum
2263 4998 2329 5038 ex
2446 4990 2464 5022 ί

762 5090 782 5122 ι
821 5071 961 5125 Filio
1016 5085 1234 5141 quoque
1307 5073 1622 5141 procedere.
1709 5073 1996 5137 Quomodo
2063 5073 2208 5128 enim
2279 5080 2332 5124 et
2447 5081 2463 5112 ι

764 5181 783 5214 ι
819 5164 1036 5232 quando
1077 5179 1296 5228 cum-eo
1321 5166 1598 5234 procedet,
1628 5180 1755 5219 cum
1787 5181 1898 5234 quo
1939 5165 2334 5235 progreditur?
2447 5174 2464 5205 ι

760 5274 779 5306 ι
817 5255 1096 5310 Addiscito
1135 5265 1394 5323 praterea
1415 5256 1631 5312 beatum
1679 5257 1830 5312 hunc
1882 5257 2185 5320 doctorem,
2225 5271 2333 5323 non
2450 5266 2466 5296 ε

765 5365 782 5396 ε
825 5345 998 5399 aliena
1039 5361 1069 5399 a
1098 5346 1225 5400 divo
1256 5344 1594 5403 Damasceno
1619 5346 1994 5415 prmscribere,
2041 5345 2124 5399 vel
2154 5345 2334 5414 potius
2449 5359 2466 5390 ι

766 5455 783 5486 ι
819 5436 964 5489 hunc
1003 5436 1070 5489 ab
1099 5435 1191 5489 illo
1221 5449 1346 5489 cum
1370 5435 1458 5487 hic
1486 5442 1647 5488 aetate
1692 5433 1786 5487 illo
1814 5434 2082 5502 posterior
2105 5434 2197 5487 sit.
2236 5433 2335 5486 Hic
2450 5449 2467 5480 ι

768 5547 784 5577 ε
834 5529 978 5580 enim
1001 5541 1125 5580 cum
1174 5527 1634 5596 comprogrcditur
1693 5525 2035 5593 scripsisset,
2080 5524 2169 5577 ille
2209 5540 2336 5592 pro-
2450 5539 2468 5571 ε

769 5639 786 5668 ι
825 5618 955 5687 priis
994 5619 1212 5687 scriptis
1259 5619 1523 5674 inseruit:
1566 5616 1737 5670 Simul
1780 5616 1898 5668 Filii
1925 5617 2225 5685 generatio,
2281 5627 2337 5672 et
2452 5632 2468 5662 ι

772 5729 788 5760 ι
831 5708 1063 5777 Spiritus
1096 5711 1393 5780 processio.
1433 5711 1613 5776 Quare
1673 5723 1772 5762 nos
1801 5715 1854 5761 et
1911 5707 1965 5761 in
1998 5708 2087 5764 illa
2137 5716 2188 5762 et
2233 5709 2334 5762 hac
2454 5726 2470 5755 ε

774 5820 791 5856 ι
825 5801 1074 5871 pericOpe
1107 5803 1247 5858 idem
1279 5801 1677 5857 adnotavimus.
1733 5820 1749 5850 ι
