4202 6454
176 388 283 452 505

768 507 820 562 Ἀ
828 510 1162 580 ντωρησις.

246 592 323 644 Τὸ
351 588 546 645 δολοῦν
595 610 676 647 σοι
698 597 894 651 ὲνεὶναι
936 603 999 670 τῇ
1031 603 1261 674 ῥηθείσῃ
1306 608 1581 680 περιισπῇ
1616 610 1752 677 γλα-

173 685 348 752 φυρὰν
386 686 618 738 ὑπαίτιον
672 687 782 755 ἔχει
839 690 931 742 τὴν
962 693 1206 764 ἔλεγχον.
1255 699 1447 767 Δέγεις
1508 701 1638 770 γὰρ,
1693 703 1755 755 El

174 775 513 843 συίλιπρέεισε
574 778 640 843 δῷ
675 778 786 848 Υιῴ
811 782 871 834 τὸ
913 784 1158 856 Πνεῦμα,
1214 790 1331 851 πῶς
1366 794 1457 845 καὶ
1491 794 1619 846 πότε
1659 793 1753 846 τοῦ

167 862 210 933 ᾧ
237 868 609 937 συμπρόεισιν
639 872 999 941 ἐκπορεύεται
1033 895 1047 943 ;
1085 881 1177 932 καὶ
1200 884 1349 934 δοκεῖ
1381 900 1463 936 σοι
1490 886 1754 939 ἀδύνατον

167 960 309 1030 τάχα
343 962 445 1013 σὺν
472 963 550 1031 τῷ
590 966 704 1035 Υἱῷ
732 963 872 1021 εἶναι
905 971 966 1023 τὸ
1003 973 1229 1042 Πνεῦμα
1258 977 1351 1028 καὶ
1382 980 1445 1030 ἐκ
1474 977 1569 1031 τοῦ
1598 978 1753 1032 Υῑοῦ.

177 1051 326 1102 Ἀλλ’
355 1054 702 1121 ἐπιστομισει
735 1073 791 1109 σε
820 1060 847 1110 ὁ
869 1060 1179 1129 ἐρωτήσων,
1216 1066 1327 1118 Καὶ
1350 1067 1467 1131 πῶς
1498 1071 1591 1121 καὶ
1620 1070 1749 1123 πότε

164 1142 249 1193 διὰ
282 1141 381 1195 τοῦ
415 1136 461 1209 ᾧ
490 1146 852 1215 συμπρόεισιν
882 1152 1281 1221 ὲκπορεύεταις
1321 1158 1394 1209 Οὐ
1434 1158 1543 1229 γὰρ
1572 1162 1751 1233 ἀπαρ-

164 1236 305 1306 νήσῃ
342 1236 439 1287 καὶ
472 1236 532 1289 τὸ
557 1237 645 1291 διὰ
674 1241 767 1292 τοῦ
800 1241 931 1296 Υἰοῦ
962 1244 1383 1316 ἐκπορεύεσθαι,
1410 1252 1505 1303 καὶ
1534 1255 1645 1316 τοῖς
1668 1256 1749 1317 ei;

164 1324 258 1377 τὸν
298 1331 393 1379 σδν
428 1327 659 1398 ἔλεγχον
692 1330 894 1400 λόγοις,
932 1336 1032 1388 οὐκ
1067 1337 1292 1392 ἄλλοθεν
1315 1342 1600 1411 χρήσεται,
1631 1343 1748 1397 ἀλλ’

161 1418 219 1481 ἐξ
246 1411 328 1471 ὧν
360 1423 388 1472 ὁ
417 1423 567 1490 παρὰ
606 1425 689 1475 σοὶ
723 1426 999 1496 μακάριος
1024 1428 1372 1503 Θεοδὼρητος
1401 1436 1459 1489 ἑν
1486 1439 1603 1500 τοῖς
1643 1438 1742 1508 ἤδη

162 1511 564 1580 προρρηθεῖσιν
595 1518 829 1585 εἰρήκει,
863 1519 940 1589 μὴ
968 1518 1319 1590 θορυϐεῖσθαι
1351 1526 1744 1597 ὑποτιθέμενος

156 1602 285 1663 τοὺς
322 1606 390 1656 ἐκ
416 1605 511 1658 τοῦ
542 1607 757 1676 Πατρὸς
789 1612 882 1661 καὶ
942 1611 1040 1663 σὺν
1083 1611 1162 1681 τῷ
1212 1614 1387 1684 Πατρὶ
1437 1616 1531 1671 τὸν
1570 1619 1743 1687 Λόγον

156 1691 487 1758 ἀκούοντας.
537 1696 627 1759 Ὠς
658 1698 767 1767 γὰρ
810 1701 930 1753 ἐκεῖ
969 1704 1238 1766 conlato;
1290 1707 1682 1763 ἀποδείκνυται
1712 1714 1742 1765 ὁ

157 1782 285 1846 Υἱὸς
317 1784 400 1853 τῷ
436 1787 611 1858 Πατρὶ
646 1790 875 1859 μηδενὸς
913 1794 1106 1863 χρόνου
1139 1799 1527 1868 ὲπινοουμένου
1574 1804 1740 1870 μέσον

155 1872 250 1925 τοῦ
281 1876 465 1927 αἰτίου
496 1880 710 1948 Πατρός
738 1883 952 1936 καὶτοῦ
976 1887 1227 1941 αἰτιατοῦ
1280 1890 1433 1955 Υιοῦ,
1464 1891 1611 1944 οὕτω
1641 1894 1736 1946 καὶ

154 1965 213 2016 τὸ
237 1966 472 2038 Πνεῦμα
492 1971 765 2025 συναῒδιον
786 1968 927 2029 εῖναι
954 1978 1268 2032 πιστεύεται
1289 1980 1403 2051 Υἱῷ
1425 1983 1519 2033 καὶ
1538 1983 1735 2051 Πατρὶ,

156 2056 391 2124 μηδενὸς
414 2060 609 2129 χρόνου
635 2065 1022 2133 ὲπινοουμένου
1078 2068 1245 2138 μέσον
1268 2072 1435 2125 αὐτοῦ
1460 2076 1553 2127 καὶ
1580 2074 1731 2139 Υῖοῦ,

152 2146 242 2199 διὰ
271 2148 339 2201 τὸ
368 2146 514 2205 εἶναι
538 2154 673 2206 αὐτὸ
722 2157 793 2208 δι’
841 2157 972 2211 Υιοῦ
1009 2160 1342 2233 ὲκπορευτδν
1375 2165 1439 2217 ὲκ
1499 2166 1732 2239 Πατρός.

279 2451 563 2507 ΡΗΣΕΙΣ
588 2456 1029 2511 ΓΡΗΓΟΡῙΟΥ
1054 2462 1178 2513 ΤῸΥ
1210 2463 1585 2522 ΔΙΑΛΟΙὌΥ.

154 2563 269 2654 TC?!)
314 2565 868 2654 d.rfov-1"pnro‘plou
933 2574 1037 2654 τοῦ
1094 2577 1406 2645 Διαλόγου,
1458 2581 1579 2654 ἀπὸ
1621 2585 1730 2654 τῆς

212 2636 555 2723 ςὺκῆςίῖῆς
595 2641 745 2694 κατὰ
799 2641 914 2709 τήν
969 2636 1409 2717 "cnumcri";
1437 2636 1730 2723 ἀνατρέ-ξιξ

213 2706 549 2771 σκομένης.

217 2832 391 2885 PMZ'.
438 2855 456 2886 ι
497 2837 578 2889 Τὰ
612 2840 860 2908 νοήματα
911 2844 1094 2912 ἡμῶν,
1129 2848 1383 2916 δεόμεθα,
1436 2853 1634 2921 Κύριε,
1666 2857 1727 2910 τὸ

153 2941 178 2985 ι,
220 2923 453 2990 Πνεῦμα
483 2927 546 2978 τὸ
568 2926 748 2995 ἅγιον,
798 2931 858 2982 τὸ
914 2936 1069 3002 παρὰ
1102 2937 1196 2989 σοῦ
1260 2941 1723 3013 ἐκπορευόμενον,

153 3032 169 3061 ι
214 3014 455 3081 φωτίσαι
490 3018 585 3069 καὶ
635 3019 897 3090 ὀδηγῆσαι
931 3026 1011 3087 εις
1064 3030 1268 3094 πᾶσαν,
1331 3033 1517 3097 καθὼς
1574 3039 1603 3090 ὁ
1634 3039 1724 3101 σὸς

149 3122 165 3154 ι
210 3105 484 3176 ὑπέσχετο
518 3108 671 3173 Υἱὸς,
701 3113 804 3184 τὴν
838 3116 1123 3186 ἀλήθειαν.
1168 3139 1186 3170 ι

733 3207 1116 3265 Ἐπιστασία.

1134 403 1217 464 ΙΝ
1259 404 1647 466 CAMATERI
1688 410 1932 469 ΑΝιΜΑ
1946 411 2441 477 DVERSIONES.

1788 529 1837 580 A

1743 3218 1790 3275 (ἶ

2504 531 2793 599 erumlic.

1924 618 2078 683 Quod
2132 621 2227 675 tibi
2280 622 2579 678 dilucidum
2619 627 2832 682 videtur
2875 628 2928 683 in
2981 632 3084 687 bac
3146 649 3426 705 pencope,

1860 724 2126 777 prasente
2158 712 2489 769 refutatione
2551 718 2838 772 refellitur.
2879 719 3123 791 Namque
3180 728 3422 785 asseris:

1862 802 1917 855 Si
1984 806 2449 874 comprogreditur
2508 805 2643 861 Filio
2698 808 2968 877 Spiritus,
3028 818 3301 882 quomodo
3376 830 3429 873 ct

1854 892 2074 957 quando
2111 950 2116 954 ,
2146 908 2211 947 οι
2244 910 2329 959 eo,
2372 913 2493 949 cum
2524 912 2630 961 quo
2690 901 2847 953 simul
2882 907 3222 974 progreditur
3246 949 3259 969 ,
3302 924 3429 977 pro-

1853 983 2037 1036 cedit?
2066 983 2302 1052 ideoque
2333 986 2475 1041 forte
2508 990 2602 1043 tibi
2667 991 2881 1045 videtur
2912 994 3054 1047 haud
3097 998 3208 1050 lieri
3244 1014 3423 1066 posse,

1852 1082 1908 1126 ut
1940 1089 2062 1127 cum
2092 1075 2229 1129 Filio
2260 1076 2330 1130 sit
2357 1077 2613 1148 Spiritus,
2661 1092 2715 1134 et
2752 1096 2814 1134 ex
2868 1083 3006 1139 Filio
3037 1102 3052 1152 ;
3094 1089 3186 1141 sed
3222 1105 3283 1142 os
3329 1092 3425 1145 tibi

1850 1168 2112 1232 obstruat,
2166 1172 2258 1241 qui
2311 1171 3057 1242 interrogaverit,Quomodo
3105 1188 3159 1233 et
3211 1184 3427 1249 quando

1849 1272 1945 1325 per
1980 1258 2196 1325 Filium,
2256 1278 2376 1317 cum
2416 1280 2523 1331 quo
2574 1268 2941 1337 progreditur,
2990 1272 3278 1337 procedit?
3322 1272 3424 1325 Ne-

1847 1364 1953 1417 que
1980 1351 2122 1404 enim
2148 1353 2355 1411 inﬁcias
2388 1356 2571 1419 iveris,
2604 1373 2726 1410 cum
2759 1376 2852 1427 per
2883 1358 3079 1413 Filium
3104 1364 3421 1430 procedere,

1848 1440 2064 1494 t:mdem
2094 1457 2159 1496 ex
2209 1455 2297 1498 tua
2359 1448 2717 1517 responsione
2752 1451 3014 1515 rationes,
3066 1468 3165 1505 nec
3202 1453 3421 1507 aliunde

1846 1532 2041 1600 petitas
2070 1536 2378 1603 usurpabit,
2434 1548 2486 1591 et
2514 1554 2651 1607 quas
2703 1540 2895 1595 beatus
2925 1539 3331 1608 Tbcodoretus,
3366 1544 3419 1596 in

1840 1623 1951 1691 jam
2020 1626 2197 1681 allatis
2259 1629 2437 1682 verbis
2472 1633 2653 1685 attulit
2700 1648 2854 1687 :non
2914 1633 3217 1688 turbandus
3276 1651 3416 1701 esse,

1844 1719 1933 1785 qui
1965 1719 2194 1773 audiunt
2224 1734 2288 1773 ex
2330 1718 2510 1785 Patre,
2534 1731 2589 1777 et
2619 1739 2742 1778 cum
2780 1722 2939 1777 Patre
2992 1725 3227 1779 Verbum
3274 1741 3416 1779 esse.

1842 1806 2311 1872 Quemadmodum
2341 1813 2483 1866 enim
2520 1814 2573 1868 in
2621 1815 2729 1869 illis
2756 1824 3063 1870 coaeternus
3113 1817 3419 1870 ostenditur

1771 1871 1810 1923 Β
1840 1871 2011 1954 Filius
2065 1900 2233 1967 Patri,
2270 1911 2323 1956 et
2371 1905 2579 1958 nullum
2642 1906 2957 1975 intelligitur
2994 1917 3232 1973 tempus,
3267 1908 3414 1974 quod

1838 1991 2037 2044 mediet
2069 1992 2209 2047 inter
2238 2009 2460 2048 causam
2498 1994 2737 2059 Patrem,
2794 2007 2848 2051 et
2884 1997 3078 2051 Filium
3104 2010 3412 2060 causatum,

1836 2083 1952 2152 pari
2008 2083 2193 2148 modo,
2247 2093 2301 2139 et
2363 2085 2596 2155 Spiritus
2651 2098 2959 2143 coaeternus
3008 2105 3129 2145 esse
3180 2091 3418 2143 creditur

1835 2171 1995 2239 Fili'o,
2024 2182 2079 2227 et
2125 2173 2294 2241 Patri,
2353 2177 2675 2247 nullumque.
2719 2188 2933 2249 tempus
3005 2180 3244 2233 medium
3293 2195 3416 2233 esse

1835 2265 1973 2319 inter
2028 2264 2207 2331 ipsum
2266 2275 2321 2321 ct
2372 2267 2591 2332 Filium,
2643 2284 2766 2324 cum
2800 2256 2923 2339 ipse
2969 2287 3063 2340 per
3113 2271 3310 2325 Filium
3346 2288 3415 2326 ex

1837 2353 2001 2411 Patre
2042 2357 2323 2426 procedat.

2130 2462 2353 2520 DICTA
2392 2464 2746 2521 GREGORII
2788 2466 3125 2523 DIALOCI.

1830 2578 1891 2633 S.
1927 2578 2165 2650 Gregorii
2220 2580 2428 2654 Dia/egi
2466 2596 2530 2635 ex
2564 2582 2841 2645 Oratione,
2889 2600 3005 2652 qua:
3056 2586 3113 2636 in
3164 2583 3249 2638 die
3277 2586 3410 2654 [esto

2325 2650 2662 2706 Pentecoste:
2695 2650 2908 2723 tegitur;

1899 2847 2020 2900 H7.
2056 2865 2073 2897 ι
2108 2846 2479 2913 Cogitationes
2514 2860 2753 2915 nostras,
2784 2866 3122 2921 quaesumus,
3158 2852 3407 2919 Domine,

1829 2955 1849 2987 ι
1895 2938 2133 3000 Spiritus
2162 2946 2405 3002 sanctus,
2433 2938 2524 3007 qui
2574 2953 2604 2992 a
2634 2950 2685 2993 te
2734 2941 3014 3009 procedit,
3042 2942 3327 3003 illuminet,
3356 2952 3411 2995 et

1831 3046 1849 3078 ε
1886 3029 2150 3096 producat
2201 3028 2257 3082 in
2323 3042 2566 3094 omnem,
2624 3039 2686 3085 ut
2744 3042 2871 3087 tuus
2902 3034 3152 3103 promisit
3203 3034 3397 3098 Filius,

1831 3136 1851 3171 ι
1888 3120 2195 3174 veritatem.
2230 3140 2249 3174 ι

2409 3218 2829 3273 Animadversio.

215 3308 234 3340 ι
279 3290 342 3342 El
381 3294 458 3362 μὴ
487 3296 601 3358 τοῖς
651 3258 836 3360 ἄλλοις
1036 3258 1225 3372 τούτῳ
1280 3302 1359 3373 τῷ
1388 3304 1518 3375 θείῳ
1546 3306 1722 3376 Πατρὶ

1903 3326 1923 3358 ‹
1964 3308 2028 3361 Ει
2085 3309 2130 3363 si
2184 3310 2371 3365 nullus
2420 3311 2582 3376 alius,
2626 3311 2713 3364 hic
2746 3311 2936 3366 saltem
2981 3312 3199 3367 divinus
3250 3313 3407 3369 Pater

150 3399 165 3427 ι
215 3382 498 3454 πείσθητι,
537 3384 611 3455 μὴ
638 3387 703 3440 ἐκ
735 3386 829 3440 τοῦ
863 3388 997 3441 Υῑοῦ
1028 3390 1090 3443 τὸ
1117 3392 1342 3462 Πνεῦμα
1364 3394 1578 3461 λέγοντι
1631 3400 1721 3449 ἐκ-

152 3490 169 3523 ι
212 3476 573 3543 πορεύεσθαι,
597 3479 854 3549 ὑμετέρῳ
884 3481 1107 3542 πάντως
1134 3484 1248 3537 ὄντι
1280 3485 1494 3557 βλαστῷ
1518 3490 1607 3541 καὶ
1630 3491 1722 3556 ἐγ-

148 3583 164 3614 ι
213 3565 426 3635 χωρίῳ,
460 3569 553 3621 καὶ
586 3570 685 3638 τῆς
713 3571 772 3622 ὲν
800 3574 866 3642 τῇ
898 3573 1108 3645 παλαιᾷ
1172 3576 1358 3647 Ῥώμῃ
1390 3579 1551 3646 ἁγίας
1596 3581 1719 3633 Ἐκ-

148 3674 165 3703 ι
211 3657 447 3727 κλησίας
476 3661 854 3732 ἀρχιποίμενι.
885 3665 1057 3718 Τοῦτο
1080 3667 1135 3720 δὲ
1160 3669 1410 3737 φανερῶς
1444 3672 1715 3741 παρίστα-

150 3767 165 3791 ο
204 3766 291 3803 ται
339 3753 403 3804 ἐκ
453 3753 546 3805 τοῦ
576 3755 668 3807 τὸν
689 3755 842 3823 ἅγιον
872 3758 954 3821 τὸ,
999 3759 1197 3823 Καθὼς
1221 3761 1249 3812 ὁ
1285 3763 1378 3823 σὸς
1410 3764 1542 3827 Υἱὸς
1588 3766 1721 3820 ὑπέ-

148 3861 163 3890 ι
212 3859 394 3911 σχετο.
446 3846 771 3914 ἐπαγαγεῖν.
803 3848 923 3903 Ἷνα
972 3851 1080 3919 γὰρ
1108 3851 1181 3921 μὴ
1213 3850 1387 3920 λόγων
1435 3854 1608 3919 λαϐὰς
1657 3858 1719 3910 τὸ

147 3952 161 3982 ι
208 3935 408 4004 Κύριε,
446 3935 618 4005 ψιλῶς
650 3938 792 3992 οὓτω
850 3942 1124 4009 κείμενον,
1155 3942 1319 3997 δώσει
1365 3962 1469 4012 σοι,
1502 3947 1591 4001 διὰ
1617 3949 1719 4020 τῆς

148 4044 163 4073 ι
216 4029 480 4096 τοιαύτης
509 4030 829 4100 ἐπαγωγῆς,
858 4032 1133 4102 ἀριδήλως
1154 4033 1249 4086 καὶ
1280 4036 1469 4105 σαφῶς
1493 4038 1554 4090 τὸ
1580 4042 1718 4110 πρὸς

146 4136 162 4166 ι
216 4119 311 4172 τὸν
341 4121 566 4191 Πατέρα
591 4123 693 4189 τὴν
722 4123 891 4193 εὐχὴν
922 4126 1197 4178 ποιεῖσθαι
1221 4127 1464 4183 διδάσκει
1497 4147 1579 4186 σε.
1621 4152 1639 4184 ι

727 4237 1120 4308 ’ΔντΙρῤησις.

210 4324 370 4395 Παρὰ
428 4323 528 4378 τοῦ
578 4328 792 4399 Πατρὸς
858 4332 1258 4401 ἐκπορεύεσθαι
1294 4335 1358 4389 τὸ
1417 4337 1644 4409 Πνεῦμα
1686 4340 1715 4392 ὁ

1830 3421 1847 3452 ι
1897 3403 2243 3471 persuadeat,
2289 3420 2413 3459 cum
2466 3404 2661 3459 asserit
2702 3403 2965 3472 Spiritum
2998 3421 3063 3459 ex
3120 3406 3261 3460 Filio
3295 3398 3402 3461 non

1830 3514 1848 3546 ι
1888 3498 2199 3566 procedere.
2237 3498 2330 3566 qui
2362 3506 2606 3551 vestrum
2659 3512 2885 3564 prorsus
2938 3514 3160 3567 germen
3213 3513 3318 3563 εει,
3351 3511 3405 3554 et

1830 3609 1847 3640 ι
1889 3590 2235 3657 indigena,et
2268 3589 2489 3651 veteris,
2520 3603 2643 3657 qua:
2685 3588 2879 3643 Romae
2910 3598 3015 3653 est,
3057 3590 3404 3644 sanctarl‘ic-

1828 3698 1846 3730 ι
1881 3679 2060 3733 etesiae
2090 3678 2464 3748 arcltipraesul.
2498 3676 2611 3732 Hoc
2645 3692 2772 3730 vero
2802 3679 2978 3745 palam
3021 3680 3144 3731 inde
3164 3680 3398 3741 elicitur,

1827 3788 1846 3823 ι
1884 3771 2011 3826 dum
2037 3780 2260 3826 sanctus
2293 3770 2446 3835 illud,
2475 3769 2564 3825 Uti
2607 3779 2732 3824 tuus
2763 3768 2933 3824 Filius
2974 3771 3242 3840 promisit.
3276 3773 3403 3825 sub-

1827 3879 1846 3911 ‹
1880 3862 2081 3916 intulit.
2104 3859 2179 3915 Ne
2208 3861 2352 3915 enim
2387 3861 2482 3914 tibi
2514 3861 2879 3915 contentionis
2910 3876 3098 3915 ansam
3135 3862 3400 3930 praeberet

1826 3969 1845 4002 ι
1883 3952 2038 4019 illud,
2071 3951 2321 4016 Domine,
2355 3949 2499 4005 nude
2546 3952 2811 4021 ptolatum
2869 3967 2931 4005 ac
2980 3952 3242 4021 positum,
3300 3953 3400 4007 bac

1828 4063 1845 4094 ι
1889 4044 2195 4111 adiectione
2222 4042 2514 4098 manifesto
2554 4043 2809 4112 clareque
2843 4044 2909 4098 ad
2942 4042 3158 4098 Patrem
3208 4058 3398 4113 preca-

1826 4152 1846 4185 ι
1884 4133 2084 4189 tionem
2110 4134 2365 4205 dirigere,
2402 4133 2580 4187 docet.
2630 4151 2649 4185 ι

2454 4246 2747 4316 Refutatio.

1888 4341 1933 4395 A
1964 4339 2123 4395 Patre
2155 4339 2415 4411 Spiritum
2440 4340 2734 4409 procedere
2774 4347 2998 4392 sanctus
3049 4339 3303 4404 asseruit,
3340 4349 3395 4393 tu

140 4413 288 4482 ἅγιος
306 4416 439 4486 ἔφη,
460 4418 555 4469 καὶ
586 4418 651 4470 σὺ
677 4419 989 4489 προστίθεις
1018 4422 1104 4488 τὸ,
1141 4444 1159 4475 ι
1194 4428 1269 4495 μὴ
1294 4429 1358 4481 ἐκ
1384 4430 1477 4481 τοῦ
1510 4431 1665 4485 Υἰοῦ.
1688 4451 1707 4484 ι

1832 4446 1947 4485 ιρι-ο
1977 4432 2131 4485 addis
2182 4432 2390 4494 detuo,
2444 4448 2462 4480 ι
2504 4446 2605 4483 non
2652 4445 2715 4482 ex
2746 4427 2910 4482 Filio.
2957 4449 2975 4481 ι
3013 4430 3396 4483 Verumtamen

152 4507 288 4560 Ἀλλ’
322 4508 435 4561 τσθι
484 4509 561 4571 ὡς
587 4511 614 4560 ὁ
661 4511 838 4579 λέγων
876 4515 942 4565 ἐκ
990 4516 1083 4567 τοῦ
1120 4516 1333 4587 Πατρὸς
1369 4521 1501 4574 αὐτὸ
1550 4525 1715 4576 ἐκπο-

1832 4522 1956 4575 ιοιιο
1988 4533 2323 4577 asserentem
2348 4538 2413 4575 ex
2454 4520 2611 4574 Patre
2644 4520 2907 4591 Spiritum
2943 4523 3257 4589 procedere,
3289 4537 3393 4574 non

141 4599 417 4667 ρεύεσθαι,
472 4600 574 4653 οὐκ
626 4600 857 4671 ἀναιρεῖ
892 4604 973 4670 τὸ,
1032 4607 1113 4659 Δι’
1181 4609 1301 4662 Υῖοῦ
1353 4613 1487 4666 αὐτὸ
1547 4616 1715 4668 ἐκπό-

1832 4612 2032 4666 ηιιηοὶιιε
2064 4612 2161 4677 ire,
2189 4628 2282 4680 per
2318 4610 2514 4665 Filium
2544 4611 2719 4679 ipsum
2756 4611 3071 4680 procedere,
3097 4611 3240 4678 quod
3274 4610 3392 4663 lim-i

139 4689 415 4757 ρεύεσθαι,
452 4689 541 4742 διὰ
576 4690 637 4743 τὸ
680 4693 756 4763 μὴ
814 4692 1078 4749 δύνασθαι
1132 4698 1307 4764 ἄλλως
1360 4702 1601 4757 νοεῖσθαι
1656 4705 1716 4757 τὸ

1832 4703 2027 4772 nequit,
2060 4715 2119 4757 ut
2169 4704 2323 4757 aliter
2363 4703 2695 4772 intelligatur
2746 4703 2909 4755 trium
2948 4701 3302 4763 continuitas,
3343 4711 3396 4753 et.

138 4779 243 4831 τῶν
270 4780 448 4850 τριῶν
484 4782 714 4850 συνεχές
745 4800 804 4835 τε
848 4786 941 4837 καὶ
1000 4790 1273 4857 συμφυές.
1312 4791 1374 4843 El
1416 4792 1471 4844 δὲ
1515 4796 1623 4846 πᾶν
1654 4793 1716 4846 τὸ

1840 4812 1872 4849 ιι
1897 4806 2087 4849 natura
2122 4796 2489 4849 connnunitas
2526 4809 2587 4847 ac
2616 4795 2819 4848 unitas.
2851 4792 3002 4858 Quod
3040 4793 3086 4847 si
3122 4792 3389 4861 quidquid

138 4874 197 4924 ὲκ
226 4873 441 4943 Πατρὸς
467 4874 537 4925 δι’
579 4875 713 4928 Υἱοῦ
746 4876 805 4942 ἐξ
835 4878 1038 4945 ἀμφοῖν
1065 4882 1206 4944 ἐστι,
1240 4887 1574 4954 σκιαμαχεῖν
1605 4886 1714 4940 ῐσθι

1832 4900 1882 4939 :x
1925 4886 2081 4939 Patre
2112 4896 2193 4940 est
2221 4902 2315 4952 per
2342 4885 2562 4948 Filium,
2604 4902 2671 4939 ex
2703 4895 2932 4953 utroque
2966 4895 3072 4948 est,
3103 4884 3241 4938 scito
3266 4899 3389 4936 cum

137 4967 255 5027 τοὺς
275 4965 662 5035 ἀντιλέγοντας
681 4970 795 5031 τοῖς
812 4969 874 5020 ὲκ
892 4971 1103 5039 Πατρδς
1133 4974 1229 5026 καὶ
1248 4974 1376 5027 Υιοῦ
1404 4976 1465 5029 τὸ
1490 4978 1711 5046 Πνεῦμα

1832 4978 2007 5032 nnbra
2041 4977 2323 5047 digladiari
2370 4993 2434 5032 ac
2474 4980 2787 5046 depugnare
2838 4990 2955 5037 eos,
3002 4976 3094 5043 qui
3119 4974 3392 5027 contradi-

137 5051 386 5119 λέγουσιν
420 5056 843 5126 ἐκπορεύεσθαι,
885 5057 975 5111 διὰ
1020 5060 1084 5112 τὸ
1143 5062 1208 5115 ἑκ
1242 5064 1455 5134 Πατρὸς
1483 5064 1550 5117 δι’
1582 5065 1711 5119 Υἱοῦ

1832 5078 1946 5123 :unt
1976 5070 2286 5124 dicentibus
2317 5084 2379 5123 ex
2415 5066 2575 5121 Patre
2623 5078 2676 5122 et
2721 5066 2858 5121 Filio
2908 5065 3170 5134 Spiritum
3206 5080 3392 5133 proce-

138 5145 262 5197 αὐτὸ
290 5146 717 5215 ἐκπορεύεσθαι.

1832 5162 1961 5225 lere,
1994 5162 2121 5216 dum
2158 5161 2244 5215 ille
2276 5177 2339 5213 ex
2382 5161 2541 5214 Patre
2581 5176 2677 5230 per
2706 5160 2900 5213 Filium
2925 5159 3187 5227 procedit.

206 5260 315 5314 Τοῦ
345 5260 539 5315 αὑτοῦ
562 5263 630 5315 ἐκ
657 5263 762 5317 τοῦ
792 5262 1008 5331 τέλους
1039 5264 1147 5333 τῆς
1180 5268 1401 5331 βίϐλου
1431 5273 1635 5327 αὐτοῦ.

205 5351 391 5405 l’All'.
440 5370 460 5403 ι
497 5353 570 5405 Τὸ
602 5355 957 5427 Παράκλητον
993 5358 1217 5428 Πνεῦμα
1248 5361 1312 5413 ὲκ
1346 5362 1439 5414 τοῦ
1498 5366 1709 5435 Πατρὸς

145 5459 161 5491 ι
199 5444 554 5514 προέρχεται,
590 5447 685 5498 καὶ
719 5446 777 5498 ἐν
819 5448 898 5515 τῷ
938 5448 1053 5516 Υῐῷ
1080 5449 1347 5519 διαμένει.
1382 5471 1402 5503 ι

691 5536 1072 5593 Ἐπιστασία.

206 5649 222 5681 ι
268 5632 474 5682 Ἄκουε
509 5629 626 5692 πῶς
665 5630 947 5685 κάνταῦθα
974 5633 1002 5684 ὁ
1036 5633 1208 5702 μέγας
1252 5635 1350 5704 τῆς
1420 5636 1705 5705 Ῥωμαὶων

150 5742 164 5771 ι
205 5718 356 5785 οὗτος
392 5724 624 5792 φωστὴρ
663 5726 725 5776 ὲκ
760 5723 854 5776 τοῦ
914 5725 1128 5794 Πατρὸς
1187 5728 1585 5799 ἐκπορεύεσθαι
1622 5732 1703 5785 δι-

150 5835 164 5865 ι
207 5820 417 5885 biant,
455 5822 513 5873 iv
565 5820 619 5875 δὲ
678 5818 752 5889 τῷ
804 5819 914 5891 Υιῷ
971 5819 1245 5891 διαμένειν
1282 5823 1339 5875 τὸ
1393 5822 1615 5895 Πνεῦμα
1646 5826 1704 5878 τὸ

2292 5273 2375 5328 Ex
2411 5276 2514 5343 ﬁne
2548 5274 2780 5343 ejusdem
2805 5274 2949 5327 libri.

1882 5370 2005 5424 MS.
2045 5389 2063 5421 ι
2108 5369 2419 5423 Paraeletus
2454 5370 2689 5439 Spiritus
2721 5384 2785 5423 ex
2819 5370 2976 5421 Patre
3020 5368 3385 5438 progreditur,

1819 5481 1835 5513 ι
1871 5473 1924 5517 et
1955 5464 2008 5516 in
2042 5459 2177 5515 Filio
2217 5472 2519 5530 permanet.
2570 5480 2587 5513 ι

2395 5555 2816 5609 Λιιὶηιαιιυεηὶο.

1888 5663 1905 5695 ι
1938 5646 2075 5698 Audi
2117 5644 2203 5697 hic
2227 5659 2446 5714 quoque
2499 5658 2757 5713 magnum
2810 5646 2911 5699 ltoc
2965 5642 3220 5698 Ecclesiae
3272 5642 3379 5697 Ro-

1817 5756 1834 5787 ‹
1875 5752 2046 5790 mana:
2075 5736 2279 5802 lumen,
2312 5752 2378 5792 ex
2414 5736 2570 5790 Patre
2599 5736 2858 5805 Spiritum
2899 5747 3147 5791 sanctum
3185 5750 3377 5803 prore-

1817 5849 1833 5881 ‹
1871 5829 2021 5895 dere,
2054 5828 2107 5882 in
2133 5826 2271 5883 Filio
2326 5842 2449 5884 vero
2485 5842 2805 5899 permanere
2858 5828 3153 5883 insinuare.
3195 5827 3251 5880 Si
3280 5836 3381 5880 ιιιι-
