4202 6454
757 374 857 436 607

1779 377 1989 438 JOAN.
2029 377 2239 438 VECCl
2280 378 2387 439 (ΣΡ.
2434 377 2942 437 ΡΑΤΠΙΑΠΠΠΑΞ

3884 379 3993 439 6ῡὸ

765 509 782 536 ι
812 504 940 557 que,
986 498 1045 543 ut
1080 498 1135 545 tu
1171 488 1327 552 dicis,
1366 490 1530 545 etiam
1578 505 1645 544 ex
1684 489 1826 546 Filio
1861 492 2128 562 procedit,
2172 507 2332 571 quam

2444 509 2462 541 ‹
2509 492 2685 559 ἅγιον.
2721 492 2781 544 Ei
2815 494 2964 559 γοῦν,
2989 492 3062 553 ὡς
3093 491 3155 545 σὺ
3187 490 3313 561 φῂς,
3340 490 3432 544 καὶ
3465 494 3528 544 ἑκ
3559 491 3651 543 τοῦ
3684 492 3811 545 Υἰοῦ
3844 496 4009 547 samo-

764 599 780 629 ι
815 581 885 633 ob
912 596 1131 635 causam
1166 580 1219 634 id
1248 579 1464 635 divinus
1508 582 1594 636 hic
1623 582 1814 638 doctor
1856 584 2073 638 silentio
2112 595 2330 652 prazter-

763 689 781 721 ι
826 672 924 727 iit?
957 691 977 725 ι

1393 764 1692 833 Rclntatio.

826 850 904 907 Ne
935 852 988 906 id
1022 854 1354 914 consideres,
1396 856 1441 909 si
1487 859 1651 908 etiam
1683 868 1747 907 ex
1779 853 1915 908 Filio
1942 855 2180 923 Spiritus
2208 871 2332 925 pro-

755 943 916 1004 cedit,
951 959 1121 1013 quare
1143 944 1195 997 id
1244 944 1461 998 divinus
1517 946 1602 999 hic
1633 945 1825 1000 doctor
1868 946 2083 1000 silentio
2112 957 2331 1016 pnetcr-

756 1031 837 1087 iit.
896 1030 955 1085 In
1009 1033 1242 1089 diversis
1300 1035 1570 1102 siquidem
1638 1038 1842 1090 nostris
1899 1034 2329 1093 refutationibus

755 1121 985 1191 hujusce
1014 1136 1181 1177 causa
1205 1124 1476 1193 assignata
1505 1132 1608 1179 est.
1632 1124 1737 1179 Sed
1766 1125 1894 1179 illud
1926 1125 2112 1179 animo
2142 1137 2329 1195 aperto

753 1197 974 1275 volvite,
1028 1213 1171 1280 quod
1202 1253 1216 1276 ,
1272 1213 1415 1282 quod
1480 1214 1566 1269 llic
1622 1215 1821 1269 dicitur
1867 1217 2115 1285 prodire,
2151 1224 2201 1269 te
2235 1231 2329 1284 per

753 1303 979 1356 verbum
1004 1305 1283 1370 procedere
1321 1308 1679 1374 expressisse.
1726 1306 1906 1373 Quare
1930 1308 2025 1361 tibi
2061 1308 2111 1361 in
2143 1317 2325 1375 poste-

750 1407 871 1446 rum
924 1394 1007 1448 fas
1046 1410 1153 1449 non
1212 1394 1395 1462 fuerit,
1437 1398 1728 1453 discrimen
1766 1400 1983 1468 aliquod
2020 1400 2162 1455 inter
2204 1418 2329 1471 pro-

750 1486 899 1553 gredi
928 1493 982 1540 et
1012 1488 1292 1555 procedere
1319 1488 1374 1541 in
1408 1491 1795 1559 progressione
1852 1491 2091 1551 Spiritus
2120 1494 2328 1547 consti-

752 1588 928 1634 tuere.

1208 1669 1633 1727 AUCUSTINI
1663 1673 1907 1729 DICTA.

752 1779 939 1835 Sancti
980 1782 1266 1850 Augustini
1300 1797 1367 1836 ea:
1417 1783 1574 1846 libro,
1609 1785 1698 1852 qui
1744 1782 2088 1841 Enclnridion
2118 1803 2321 1842 nuncu-

1308 1862 1489 1919 patur.
1520 1853 1654 1923 Cap.
1692 1855 1745 1907 1.

824 1982 1057 2040 CXLIX.
1080 2003 1098 2037 ι
1133 1983 1277 2040 Satis
1299 1996 1383 2041 est
1408 1986 1722 2041 Christiano
1746 2003 1925 2042 rerum
1949 1999 2323 2045 creaturarum

759 2093 778 2125 ‹
816 2089 1062 2139 causam,
1097 2075 1214 2130 sive
1268 2077 1595 2144 cmlestium,
1640 2079 1755 2133 sive
1808 2082 2172 2145 terrestrium,
2211 2083 2327 2136 sive

757 2184 776 2217 ‹
818 2166 1140 2230 visibilium,
1190 2168 1306 2223 sive
1350 2168 1731 2236 invisibilium,
1773 2172 1993 2226 nonnisi
2026 2171 2325 2226 bonitatem

755 2274 775 2305 ι
822 2255 1049 2310 credere
1104 2256 1405 2322 Creatoris,
1444 2259 1536 2327 qui
1571 2275 1713 2314 unus
1745 2269 1798 2314 et
1821 2275 1983 2316 verus
2012 2271 2096 2316 est
2135 2262 2276 2317 Deus
2308 2279 2324 2317 :

760 2366 778 2397 ι
805 2348 1134 2418 nullamque
1192 2363 1315 2404 esse
1375 2359 1647 2416 naturam,
1675 2367 1796 2420 quae
1832 2369 1938 2407 non
1968 2362 2062 2407 aut
2100 2354 2215 2423 ipse
2236 2357 2327 2422 sit,

759 2456 779 2489 ι
814 2447 909 2494 aut
955 2441 1024 2494 ab
1077 2441 1236 2510 ipso:
1275 2456 1515 2511 eumque
1566 2458 1688 2499 esse
1719 2444 2064 2509 Trinitatem,
2112 2446 2327 2501 Patrem

758 2549 776 2581 ι
831 2532 1041 2586 scilicet
1085 2543 1138 2586 et
1171 2532 1369 2587 Filium
1412 2549 1441 2588 a
1478 2532 1639 2588 Patre
1670 2535 1937 2604 genitum,
1969 2546 2023 2590 et
2062 2537 2327 2607 Spiritum

758 2640 777 2672 ι
818 2632 1066 2677 sanctum
1094 2627 1162 2678 ab
1193 2626 1382 2681 eodem
1421 2629 1587 2682 Patre
1615 2632 2020 2698 procedentem.
2061 2650 2081 2683 ι

1316 2813 1747 2872 Animadversio.

831 2915 850 2949 ι
888 2895 1028 2962 Quid
1063 2900 1151 2954 ltie
1201 2904 1305 2967 ais,
1337 2906 1427 2973 qui
1463 2909 1662 2963 multas
1700 2911 2056 2971 sanctissimo
2099 2913 2330 2986 Spiritui

762 3005 780 3037 ι
816 2990 1190 3055 processiones
1215 2994 1504 3067 elargiris?
1533 2997 1737 3055 Vestrae
1761 3004 1941 3073 gregis
1971 3016 2025 3060 et
2053 3007 2139 3061 hic
2171 3023 2332 3076 pror-

761 3093 779 3126 ι
814 3092 909 3133 sus
939 3090 1124 3148 pastor
1159 3090 1266 3138 est.
1296 3085 1435 3140 Audi
1480 3090 1671 3143 saltem
1707 3092 1872 3157 hunc,
1901 3096 2085 3161 sodes,
2118 3112 2331 3167 precor,

2442 602 2460 634 ι
2514 586 2748 653 ρεύεται,
2784 585 2901 646 πῶς
2948 584 3106 638 τοῦτο
3165 582 3590 654 παρεσιώπησεν
3621 586 3648 636 ὁ
3673 586 3815 647 θεῖος
3848 579 4004 651 οὗτος

2441 694 2458 726 ι
2506 675 2862 741 διδάσκαλοςς
2912 696 2929 727 ι

3030 768 3422 835 Ἀντίρῤησις.

2503 858 2595 925 Μὴ
2626 855 2785 909 τοῦτο
2818 858 3033 920 σκόπει,
3067 858 3141 919 ὡς
3178 855 3338 924 εἴπερ
3365 855 3460 909 καὶ
3486 857 3551 909 ἐκ
3599 856 3693 909 τοῦ
3728 858 3859 910 Υξοῦ
3909 861 4007 911 tx—

2434 949 2725 1016 πορεύεται
2751 949 2811 1001 τὸ
2862 949 3109 1018 Πνεῦμα,
3163 950 3279 1011 πῶς
3307 947 3467 1001 τοῦτο
3520 950 3945 1019 παρεσιὼπησεν
3979 952 4009 1003 ὁ

2420 1030 2576 1100 ’θεῖος
2628 1032 2784 1098 οὗτος
2830 1037 3171 1101 διδάσκαλος.
3218 1038 3305 1090 Ἐν
3364 1037 3474 1107 γὰρ
3526 1038 3799 1107 διαφόροις
3845 1040 4009 1107 ἡμῶν

2431 1128 2816 1199 ἀντιρρήσεσιν
2851 1131 2879 1183 ὁ
2924 1132 3053 1199 περὶ
3100 1129 3291 1184 τούτου
3350 1128 3508 1197 λόγος
3540 1129 3695 1199 ἐδόθη
3730 1131 4008 1194 condidi

2430 1218 2664 1288 πρόσεχε
2692 1220 2938 1287 ἀκριϐῶς
2964 1221 3048 1273 ὅτι
3079 1220 3141 1272 τὸ
3169 1219 3525 1288 προέρχεται
3554 1220 3793 1295 ἐνταῦθα
3818 1222 4005 1274 eum.

2421 1313 2661 1380 ρεύεται
2706 1307 2866 1375 εἶπας
2914 1312 3100 1374 αὐτός.
3143 1311 3254 1365 Καὶ
3285 1312 3470 1364 οὐκέτι
3524 1329 3606 1364 σοι
3638 1310 3854 1376 ἐξέσται
3889 1314 4008 1366 δια-

2431 1404 2605 1473 φορὰν
2638 1403 2818 1473 λέγειν
2848 1405 2941 1456 τοῦ
2974 1405 3414 1472 ἐκπορεύεσθαι
3474 1404 3570 1457 καὶ
3600 1403 4003 1472 προέρχεσθαι

2430 1495 2526 1547 ἐπὶ
2553 1498 2620 1566 τῇ
2656 1496 2867 1567 προόδῳ
2900 1496 2993 1549 τοῦ
3024 1496 3366 1566 Πνεύματος.

2770 1681 3041 1735 ΡΗΣΕῙΣ
3088 1681 3540 1736 ΑΥΓΟΥΣΤῙΝΟ
3552 1682 3616 1735 Υ.

2432 1788 2546 1843 Τοῦ
2605 1791 2780 1858 ἁγίου
2817 1793 3251 1860 Αὐγουστίνου
3288 1793 3410 1847 ἀπὸ
3443 1788 3551 1847 τοῦ
3593 1793 3841 1857 βιϐλίου
3900 1792 4008 1847 τοῦ

2558 1860 2888 1931 λεγομένου
2922 1861 3333 1931 Ἐγχειριδιον.
3364 1863 3703 1929 Κεφάλαιον
3735 1870 3808 1914 α’.

2502 1994 2684 2049 PMB’.
2727 2012 2746 2046 ι
2809 1993 3066 2064 Ἀρκετόν
3115 1994 3232 2047 ἐστι
3266 1992 3342 2063 τῷ
3377 1992 3712 2062 Χριστιανῷ,
3747 1992 3857 2045 τῶν
3885 2009 4004 2044 xti-

2436 2105 2454 2138 ι
2502 2086 2643 2139 στῶν
2680 2088 3023 2155 πραγμάτων
3050 2087 3149 2155 τὴν
3173 2087 3374 2149 αἰτίαν,
3407 2086 3519 2137 εῐτε
3552 2086 3823 2154 οὐρανίων
3876 2083 3990 2136 εἴτε

2436 2195 2455 2229 t
2499 2177 2781 2244 ἐπιγείων,
2837 2177 2950 2230 εἴτε
2980 2177 3193 2247 ὁρατῶν
3236 2179 3347 2229 εἴτε
3397 2175 3669 2247 ἀοράτων,
3726 2175 3999 2244 μηδεμίαν

2436 2287 2455 2321 ι
2502 2263 2665 2331 εἶναι,
2700 2267 2816 2320 ἀλλ’
2842 2268 2875 2335 ἦ
2913 2268 3013 2337 τὴν
3046 2268 3356 2339 ἀγαθότητα
3396 2269 3677 2320 πιστεύειν
3705 2266 3801 2319 τοῦ
3847 2267 4003 2318 ἀκτί-

2437 2379 2455 2413 t
2503 2377 2650 2426 στου,
2686 2360 2744 2424 ὃς
2794 2361 2911 2412 ἐστι
2967 2359 3098 2423 Θεὸς
3151 2359 3407 2430 ἀληθινὸς
3460 2356 3562 2424 εἷς,
3614 2360 3707 2413 καὶ
3743 2358 4007 2426 οὐδεμίαν

2439 2471 2458 2505 t
2502 2449 2642 2507 εἶναι
2675 2454 2858 2522 φύσιν,
2888 2456 3010 2525 ἥτις
3033 2454 3065 2524 ἦ
3092 2455 3254 2517 αὐτὸς
3285 2454 3385 2506 οῦκ
3420 2454 3590 2515 ἔστιν,
3623 2454 3657 2522 ἣ
3690 2453 3785 2504 ἀπ’
3810 2450 4005 2513 αὑτοῦ,

2439 2564 2458 2598 ι
2502 2546 2664 2599 αὐτόν
2691 2562 2749 2599 τε
2781 2544 2921 2600 εἶναι
2954 2546 3184 2616 Τριὰδα,
3218 2547 3439 2617 Πατέρα
3466 2546 3706 2617 δηλονότι
3741 2545 3837 2597 καὶ
3879 2544 4009 2596 Υίὺν

2438 2654 2458 2689 ι
2504 2639 2569 2690 ὲκ
2596 2638 2809 2705 Πατρδς
2842 2638 3197 2708 γεννηθέντα,
3231 2643 3324 2693 καὶ
3355 2639 3582 2709 Πνεῦμα
3631 2637 3784 2706 ἅγιον
3816 2636 3877 2701 ἐξ
3910 2637 4009 2687 αὕ-

2439 2746 2459 2781 ‹
2496 2726 2589 2782 τοῦ
2621 2728 2716 2782 τοῦ
2750 2730 2962 2799 Πατρός
2992 2730 3444 2799 ἐκπορευόμενον.
3484 2750 3501 2781 ι

3032 2820 3404 2873 Ἐπιστασία.

2509 2926 2529 2960 ι
2578 2907 2907 2978 Τιλέγειςό
2943 2910 3043 2973 τὰς
3097 2910 3297 2972 πολλὰς
3356 2910 3715 2979 ὲκπορεύσεις
3767 2909 3841 2979 τῷ
3894 2926 4007 2964 πι-

2444 3017 2462 3051 t
2501 2998 2675 3068 ναγεῳ
2726 2999 3005 3069 Πνεύματι
3073 2999 3243 3052 θέλων
3303 3000 3663 3069 χαρίζεσθαι;
3723 3001 3833 3069 Τῆς
3880 3000 4008 3053 καθ’

2443 3107 2462 3141 ι
2504 3091 2651 3159 ἡμᾶς
2685 3090 2887 3159 ἀγέλης
2915 3090 3134 3153 πάντως
3160 3090 3365 3160 ποιμὴν
3396 3091 3493 3143 καὶ
3524 3084 3698 3153 οὗτος.
3730 3092 3903 3146 ’Δκου
3916 3108 4009 3144 σον

760 3186 779 3219 ι
824 3185 932 3223 non
965 3180 1174 3227 tantum
1202 3176 1524 3247 simpliciter
1549 3180 1813 3250 Spiritum
1846 3200 1912 3240 ex
1950 3185 2111 3240 Patre
2132 3204 2329 3258 proce-

2435 3198 2456 3232 r
2498 3181 2628 3249 γοῦν
2673 3181 2776 3235 κᾶν
2824 3182 3038 3247 τούτου,
3097 3182 3421 3251 παρακαλῶ,
3484 3186 3558 3252 μὴ
3615 3183 3775 3253 μόνον
3831 3183 4009 3245 οὕτως

762 3277 780 3310 ι
821 3258 948 3315 dere
1003 3262 1341 3331 edocentem,
1396 3271 1491 3324 sed
1551 3273 1902 3342 adjicientem
1960 3286 2016 3332 et
2078 3279 2208 3334 illud
2259 3282 2328 3335 ab

764 3367 783 3400 ι
820 3352 1009 3405 eodem
1045 3370 1059 3408 :
1093 3354 1219 3410 hinc
1261 3358 1330 3411 ab
1364 3359 1472 3417 alio
1515 3365 1922 3430 prohibentem,
1976 3371 2330 3437 quemadmo-

764 3459 782 3491 ι
818 3442 947 3497 dum
988 3455 1042 3501 et
1075 3448 1128 3501 in
1154 3448 1277 3503 aliis
1308 3466 1527 3522 quoque
1558 3454 1966 3512 adnotavimus.
2010 3479 2026 3511 ι

1398 3632 1698 3701 Refutatio.

828 3717 930 3774 llic
980 3729 1207 3777 sanctus
1235 3737 1510 3791 asserens,
1542 3724 1808 3794 Spiritum
1840 3729 1908 3785 ab
1936 3731 2125 3788 eodem
2165 3734 2323 3790 Patre

758 3812 1053 3879 procedere
1097 3823 1288 3882 aperte
1340 3816 1689 3881 eonstabilit,
1734 3819 1998 3890 Spiritum
2044 3840 2152 3879 non
2210 3842 2332 3881 esse

758 3917 825 3956 ex
857 3903 964 3977 alio
989 3903 1278 3974 principio,
1330 3907 1477 3975 quod
1510 3911 1702 3964 aliena:
1723 3914 1979 3968 essentia:
2013 3917 2084 3969 sit
2117 3934 2131 3970 :
2167 3918 2333 3987 idque

760 3993 1087 4048 confirmant
1139 3995 1304 4050 etiam
1365 3998 1433 4052 de
1476 3998 1616 4054 Filio
1668 4015 1976 4061 asserentes
2034 4005 2232 4062 Filium
2265 4025 2329 4064 ex

759 4086 875 4138 solo
907 4084 1087 4149 Patre,
1124 4102 1223 4141 nec
1260 4089 1328 4141 ab
1353 4091 1459 4144 alio
1487 4106 1628 4158 esse;
1663 4108 1839 4164 neque
1896 4111 1963 4150 ex
1994 4098 2101 4152 alia
2141 4114 2332 4159 essen-

759 4176 855 4237 tia.
882 4186 979 4229 aut
1028 4177 1307 4248 ltypostasi
1342 4183 1617 4251 propriam
1646 4185 1847 4242 habere
1897 4189 2330 4248 subsistentiam.

759 4266 1028 4321 (Steterunt
1082 4271 1136 4322 in
1196 4271 1322 4325 aliis
1374 4273 1514 4326 beati
1561 4274 1791 4346 hujusce
1843 4280 2139 4338 enuntiatis
2198 4285 2335 4340 scito

762 4362 1050 4427 contineri,
1100 4378 1165 4415 ex
1198 4362 1337 4418 Filio
1374 4363 1637 4435 Spiritum
1670 4371 1984 4438 procedere.

1188 4574 1477 4629 HIERON
1492 4575 1622 4630 ΥΜΙ
1668 4576 1904 4633 DICTA.

763 4688 951 4743 Sancti
1001 4686 1305 4741 Uieronnmi
1336 4702 1400 4740 ea:
1450 4689 1775 4755 expositione
1820 4689 2056 4759 Symboli
2106 4696 2176 4747 ad
2224 4694 2334 4748 Da-

1431 4775 1658 4814 mnsam.

830 4867 938 4921 CL.
979 4887 997 4918 Ι
1053 4866 1341 4921 Credimus
1406 4868 1463 4920 in
1493 4865 1758 4936 Spiritum
1835 4883 2112 4937 sanctum,
2147 4890 2336 4927 verum

765 4982 783 5014 ‹
831 4962 994 5014 Deum
1026 4977 1090 5014 ex
1123 4960 1284 5014 Patre
1315 4960 1723 5029 procedentem,
1755 4965 2022 5033 aequalem
2056 4969 2113 5021 in
2163 4968 2340 5022 omni-

762 5074 780 5106 ι
824 5056 925 5111 bus
952 5054 1101 5108 Patri
1132 5064 1186 5109 et
1211 5054 1375 5110 Filio.
1407 5076 1424 5109 ι

1338 5148 1761 5205 Anintadt'crsio.

837 5260 856 5293 ι
896 5241 1147 5295 Salvator
1197 5242 1250 5295 in
1290 5242 1577 5313 Evangelia
1636 5243 1841 5306 docuit,
1892 5244 1946 5297 in
1984 5259 2081 5299 ore
2104 5245 2335 5300 duorum

768 5353 786 5386 ι
826 5336 909 5389 vel
956 5337 1119 5390 trium
1170 5339 1388 5391 testium
1433 5353 1555 5392 esse
1599 5354 1763 5392 omne
1820 5340 2047 5394 verbum
2084 5358 2097 5403 ;
2132 5351 2185 5394 et
2237 5356 2337 5394 nos

770 5444 788 5477 ι
824 5428 891 5478 de
920 5426 1257 5481 sanctissimi
1292 5427 1527 5495 Spiritus
1556 5445 1620 5482 ex
1646 5430 1762 5482 solo
1788 5428 1950 5482 Patre
1970 5432 2337 5499 processione,

768 5537 785 5567 ι
824 5526 902 5571 tot
948 5518 1043 5571 tibi
1078 5527 1243 5574 testes
1280 5518 1632 5585 adduximus,
1677 5521 2003 5589 tandemque
2032 5537 2095 5574 ex
2144 5521 2337 5575 vestris

772 5629 788 5660 ε
826 5609 1138 5677 regionibus
1196 5621 1323 5671 tres,
1360 5611 1454 5679 qui
1500 5622 1625 5669 ante
1655 5620 1734 5665 tot
1785 5614 1978 5666 smcula
2013 5612 2338 5681 praesulatus

774 5720 789 5750 ι
842 5701 1104 5771 dignitate
1136 5702 1470 5767 prminlscre.
1522 5701 1601 5756 Tu
1639 5719 1801 5773 porro
1834 5704 1939 5758 illis
1976 5704 2133 5758 {idem
2182 5705 2336 5758 adhi-

773 5812 787 5843 ι
836 5794 989 5860 bens,
1019 5794 1098 5848 \el
1146 5795 1499 5857 additionem,
1536 5812 1656 5852 oua:
1704 5796 1975 5852 undenam
2031 5797 2332 5868 irt'cpserit,

2434 3290 2451 3323 ι
2498 3272 2683 3335 ἁπλῶς
2712 3274 2777 3326 ἐκ
2807 3272 2904 3326 τοῦ
2938 3274 3153 3345 Πατρδς
3203 3273 3604 3344 ἐκπορεύεσθαι
3654 3274 3715 3326 τὸ
3768 3273 3999 3340 Πνεῦμα

2434 3383 2453 3415 ‹
2496 3363 2861 3429 διδάσκοντος,
2896 3364 3032 3418 ἀλλὰ
3064 3365 3457 3435 προστιθέντος
3491 3367 3587 3418 καὶ
3612 3364 3672 3418 τὸ
3723 3366 3783 3429 ἐξ
3810 3364 4003 3418 αὑτοῦ·

2437 3472 2454 3506 ι
2502 3453 2793 3509 κάντεῦθεν
2846 3454 2903 3507 τὸ
2950 3455 3009 3521 ἐξ
3057 3455 3247 3522 ἑτέρου
3298 3457 3762 3525 ἀπαγορεύοντος,
3818 3454 4006 3517 καθὼς

2436 3564 2453 3597 ι
2501 3549 2596 3600 καὶ
2620 3548 2676 3601 ἐν
2707 3546 2917 3617 ἑτέροις
2948 3547 3513 3615 ὲπεσημειωσάμεθα.
3551 3565 3570 3599 ι

3030 3637 3428 3705 Ἀντιρῤησις.

2512 3727 2781 3781 Ἐνταῦθα
2811 3729 2908 3799 μὲν
2939 3729 3113 3796 λέγων
3138 3731 3166 3781 ό
3200 3728 3355 3797 ἅγιος
3386 3729 3448 3781 τὸ
3484 3727 3705 3798 Πνεῦμα
3741 3730 3799 3794 ἐξ
3834 3729 4003 3781 αὑτοῦ

2432 3819 2526 3871 τοῦ
2562 3820 2777 3889 Πατρὺς
2805 3820 3230 3892 ἐκπορεύεσθαι,
3267 3821 3603 3892 παρίστησιν
3638 3821 3884 3889 ἐναργῶς
3918 3820 3998 3890 μὴ

2434 3910 2497 3962 ἐκ
2521 3927 2665 3974 τινος
2702 3911 3045 3981 ὲτεροουσίου
3070 3912 3130 3964 τὸ
3162 3910 3387 3980 Πνεῦμα
3422 3907 3565 3964 εἶναι
3612 3912 3806 3981 ἀρχῆς,
3854 3912 3995 3980 ὅπερ

2436 4004 2532 4056 καὶ
2563 4004 2692 4073 περὶ
2719 4004 2813 4057 τοῦ
2846 4005 2975 4059 Υἱοῦ
3006 4006 3350 4076 παριστῶσιν
3377 4007 3428 4059 οἱ
3452 4006 3707 4074 λέγοντες
3739 4009 3801 4057 ὲκ
3835 4006 4005 4074 μόνον

2435 4094 2527 4146 τοῦ
2562 4095 2773 4166 Πατρδς
2835 4095 2925 4148 τὸν
2957 4096 3085 4148 Υἱδν
3116 4091 3278 4159 εἷναι,
3312 4097 3404 4149 καὶ
3460 4097 3562 4149 οὐκ
3597 4096 3841 4157 ἄλλοθεν,
3879 4096 4007 4147 οὐδὲ

2436 4184 2496 4249 ἐξ
2521 4185 2713 4253 ἐτέρας
2760 4186 2908 4248 τινὸς
2952 4186 3207 4255 οὐσίαςῆ
3246 4186 3602 4249 ὑποστάσεως
3657 4186 3755 4255 τὴν
3799 4186 4011 4238 οἰκείαν

2440 4278 2605 4331 αὐτὸν
2638 4277 2785 4348 ἔχειν
2820 4278 3141 4331 ὑπόστασιν.
3190 4278 3278 4330 Ἐν
3309 4278 3498 4339 ἄλλαις
3526 4278 3582 4330 δὲ
3616 4279 3723 4329 τῶν
3757 4276 3848 4328 τοῦ
3903 4280 4012 4347 μά-

2440 4387 2610 4439 καρος
2659 4372 2849 4422 τούτου
2912 4369 3203 4436 θεολογιῶν
3237 4369 3344 4423 ἴσθι
3401 4371 3497 4421 καὶ
3553 4371 3616 4422 ἐκ
3649 4368 3752 4437 ςτοῦ
3790 4369 3917 4421 Υἱοῦ
3954 4370 4017 4420 τὸ

2439 4461 2666 4532 Πνεῦμα
2696 4462 2927 4530 λέγοντα
2957 4463 3120 4514 αὺτὸν
3152 4462 3567 4531 ἐκπορεύεσθαι.

2852 4579 3121 4631 ΡΗΣΕΙΣ
3162 4576 3404 4630 ἸΕΡΩΝ
3418 4576 3631 4629 ΥΜΟΥ.

2445 4694 2556 4749 Τυῦ
2608 4696 2781 4763 ἁγίου
2847 4695 3204 4759 Ἱερωνύμου
3254 4693 3323 4763 ἐκ
3384 4709 3492 4759 της
3527 4691 3675 4755 πρὸς
3731 4691 4018 4759 Δάμασον

2683 4765 3031 4834 ἐξηγήσεως
3061 4764 3167 4818 τοῦ
3200 4762 3373 4832 ἁγίου
3401 4763 3733 4831 Συμϐόλου.

2514 4880 2645 4937 PN'.
2683 4898 2704 4931 ι
2736 4878 3075 4946 Πιστεύομεν
3108 4878 3187 4938 εἰς
3244 4877 3304 4928 τὸ
3332 4873 3555 4943 Πνεῦμα
3574 4874 3632 4925 τὸ
3675 4873 3849 4939 ἅγιον.
3880 4873 4020 4921 Θ;ῗἰ·)

2442 4989 2462 5022 ι
2508 4969 2782 5037 ἀληθινὸν,
2852 4971 2915 5020 ὲκ
2948 4966 3163 5033 Πατρός
3211 4965 3669 5032 ἐκπορευόμενον,
3724 4962 3836 5013 ἴσον
3873 4964 4019 5015 καῖὰ

2443 5080 2462 5115 ι
2509 5062 2688 5116 πάντα
2718 5060 2794 5131 τῷ
2833 5060 3013 5129 Πατρὶ
3044 5057 3142 5109 καὶ
3177 5056 3255 5124 τῷ
3282 5054 3422 5122 Υεῷ.
3466 5072 3485 5104 ι

3050 5149 3427 5205 Ἐπιστασιά.

2516 5265 2534 5299 ι
2580 5245 2686 5299 Τοῦ
2716 5245 2970 5314 Σωτῆρος
3002 5244 3059 5295 ὲν
3094 5243 3450 5310 Εὖαγγελέοις
3496 5244 3809 5309 διδάξαντος
3865 5243 3974 5295 Evt}:
3996 5277 4013 5282 ι

2446 5360 2464 5391 σ
2507 5358 2627 5394 πιον
2658 5340 2751 5391 δύο
2784 5340 2816 5408 ἢ
2847 5336 3012 5407 τριῶν
3055 5336 3349 5407 μαρτύρων
3392 5338 3544 5406 ῥῆμα
3586 5340 3694 5391 πᾶν
3723 5338 3979 5390 ἵστασθαι
4003 5354 4014 5366 ’

2446 5455 2463 5484 ι
2510 5435 2666 5503 ἡμῶν
2690 5434 2746 5487 δὲ
2775 5433 3061 5495 τοσούτους
3087 5432 3535 5500 παρεισαγὸντων
3569 5447 3653 5482 σοι
3703 5430 4016 5497 μάρτυρας,

2445 5545 2461 5575 ι
2510 5525 2759 5594 περὶτῆς
2786 5524 2881 5576 τοῦ
2934 5522 3202 5590 παναγξου
3234 5520 3550 5590 Πνεύματος
3602 5524 3664 5572 ἐκ
3698 5521 3861 5589 μόνον
3916 5522 4018 5572 τοῦ

2446 5637 2461 5663 ο
2510 5616 2715 5684 Πατρὸς
2739 5612 3142 5681 ἐκπορεύσεως,
3168 5612 3303 5674 τέως
3337 5612 3393 5663 δὲ
3428 5613 3519 5663 καὶ
3553 5614 3697 5679 τρεῖς
3724 5612 4019 5679 ὑμετέρων

2446 5728 2463 5759 ι
2512 5709 2703 5775 χωρῶν
2730 5705 2836 5774 πρὸ
2859 5706 3027 5758 τόσων
3063 5703 3495 5774 ἁμνημονεύτων
3550 5704 3685 5755 ἐτῶν
3751 5705 4019 5772 ἀρχιερα-

2449 5820 2461 5851 ι
2508 5798 2885 5866 τεύσανισς,ἦ
2939 5796 3151 5861 miror;
3197 5796 3461 5863 π;ισθε¹ις,
3526 5798 3617 5850 τοῦ
3662 5796 3807 5867 iege-3
3854 5797 4007 5865 Σημ-
