4202 6454
186 403 303 466 609

1165 400 1246 461 IN
1282 400 1673 461 CAMATERI
1715 402 2467 466 ANIMADVEBSIONES.

3356 421 3460 477 διο

196 531 216 562 ι
269 509 429 563 δόλου
460 511 558 580 τὴν
591 508 694 562 οὐκ
721 506 839 563 οἶδα
862 508 1025 562 πόθεν
1055 508 1086 580 ἢ
1117 509 1269 578 παρὰ
1304 508 1453 573 τίνος
1500 527 1761 581 παρεντε·

1883 529 1900 561 ι
1948 524 2042 566 aut
2080 527 2109 566 a
2147 528 2257 581 quo
2299 515 2508 568 intrusa
2564 511 2730 569 fuerit
2759 514 2920 585 plane
2974 516 3187 587 ignoro,
3237 530 3269 571 e
3298 532 3457 574 sacro

196 623 216 653 ι
280 604 467 655 Οεῖααν
501 600 826 671 προσθήκην
856 598 1081 665 ὑπέξελε
1109 614 1124 629 ·
1160 601 1257 652 καὶ
1286 599 1447 669 δεῦρο
1481 602 1613 664 στὰς
1648 598 1767 670 μίθ⁹

202 712 223 745 ι
272 693 432 762 ἡμῶν
466 691 780 761 σύμψαλλε,
812 690 995 754 καθὼς
1030 690 1141 745 ἀπὸ
1171 690 1280 745 τῶν
1308 690 1471 745 θείων
1501 693 1769 762 Πατέρων

195 804 216 837 ι
265 784 401 837 αὐτὸ
461 783 881 853 παρελάϐομεν
941 784 974 854 ἢ
1032 782 1205 849 δεῖξον
1235 784 1398 847 αὐτὸς
1458 784 1590 855 ἡμῖν
1620 786 1774 849 τινὰς

197 892 214 925 ι
264 874 374 927 τῶν
399 873 501 942 τῆς
529 873 807 938 εὐσεϐείας
829 873 1107 944 κηρύκων,
1138 876 1234 927 καὶ
1255 873 1450 926 κοινῶν
1480 875 1579 942 τῆς
1596 875 1779 929 οίκου-

193 984 213 1015 ι
265 965 436 1034 μένης
470 965 795 1035 φωστήρων,
823 966 914 1017 καὶ
937 965 1273 1018 διδασκάλων
1328 964 1457 1035 περὶ
1483 966 1581 1031 τῆς
1612 983 1780 1037 προσ-

191 1074 211 1105 (
256 1056 431 1125 θήκης
445 1056 648 1126 ταύτης
665 1057 914 1125 φανερῶς
932 1063 1023 1109 καὶ
1043 1056 1223 1124 σαφῶς
1240 1056 1671 1124 δογματισαντας
1685 1058 1778 1110 καὶ

196 1162 215 1189 ι
263 1143 609 1207 διδάξαντας,
645 1144 741 1195 καὶ⁵
791 1144 1092 1212 τηνικαῦτα
1120 1144 1219 1212 τὴν
1244 1139 1413 1213 ἧτταν
1436 1144 1771 1217 ὁμολογήσο-

190 1253 210 1283 ι
262 1251 391 1302 μεν,
430 1236 522 1287 καὶ
549 1234 890 1303 φιλαδέλφους
923 1253 1005 1288 σοι
1034 1238 1513 1307 συμφρονήσομεν.
1552 1255 1571 1288 ι

805 1433 1207 1502 Ἀντίρῤησις.

272 1528 509 1590 ’Δδικεῖς
532 1526 631 1596 τὴν
668 1525 951 1595 ἀλήθειαν,
983 1526 1262 1595 ἄνθρωπε.
1300 1524 1537 1589 πολλοὺς
1592 1525 1769 1594 λέγων

188 1620 560 1688 παρεισάγειν
594 1619 721 1680 τοὺς
754 1616 1041 1689 μάρτυρας
1120 1618 1250 1688 περὶ
1299 1619 1398 1686 τῆς
1450 1616 1541 1669 τοῦ
1597 1634 1773 1671 πανα-

186 1711 309 1777 γίου
342 1710 664 1779 Πνεύματος
696 1711 758 1761 ὲκ
794 1709 958 1777 μόνου
988 1706 1081 1761 τοῦ
1109 1707 1322 1778 Πατρὸς
1354 1708 1767 1779 ἐκπορεύσεως.

186 1802 381 1864 Οὖδείς
411 1803 523 1871 γὰρ
549 1801 657 1854 τῶν
712 1801 883 1869 ἁγίων
945 1801 1136 1870 εἴρηκε
1184 1802 1267 1864 τὸ,
1305 1802 1368 1852 ἐκ
1400 1802 1585 1869 μόνου.
1627 1800 1769 1853 Ἀλλ’

188 1893 238 1942 εἰ
273 1894 372 1944 καὶ
398 1891 593 1960 μηδεὶς
620 1890 730 1944 τῶν
761 1890 933 1958 ἁγίων
964 1891 1027 1942 ὲκ
1061 1889 1224 1960 μόνου
1278 1887 1374 1941 τοῦ
1422 1890 1635 1959 Πατρὸς
1667 1892 1764 1943 ὲκ-

186 1981 532 2052 πορεύεσθαι
560 1982 774 2052 εἴρηκε,
798 1984 861 2033 ὲκ
904 1980 1071 2049 μόνου
1095 1980 1192 2032 τοῦ
1228 1978 1442 2050 Πατρδς
1470 1980 1765 2050 ὑπάρχειν,

186 2074 221 2142 ἢ
262 2072 564 2140 πηγάζειν,
616 2073 650 2141 ἢ
710 2071 1038 2134 ἀναδλύξειν
1088 2072 1149 2123 τὸ
1195 2070 1458 2139 Πνεῦμα·
1510 2073 1669 2143 εἴπερ
1716 2074 1768 2125 οι

186 2162 582 2231 προστιθέντες
614 2163 775 2232 ὑμεῖς
828 2162 974 2215 κατὰ
1004 2160 1231 2231 γνώμην
1288 2162 1423 2232 εὑθῆ
1453 2166 1552 2217 καὶ
1600 2164 1763 2218 ἀδιά-

189 2269 432 2323 στροφον
480 2254 557 2314 είς
591 2254 691 2323 τὴν
726 2252 937 2305 ἔννοιαν
971 2252 1132 2304 τοῦτο
1194 2251 1626 2322 ὲξελαμσάνεσθε
1666 2254 1767 2323 τῆς

189 2345 459 2413 ῥηθεῐσης
494 2346 645 2414 παρὰ
698 2342 793 2395 τοῦ
826 2343 1066 2413 μεγάλου
1123 2344 1406 2397 Βασιλείου
1453 2344 1765 2415 ἐξηγήσεως

187 2434 319 2501 περὶ
353 2432 477 2501 τῆς,
516 2451 535 2483 ι
573 2433 732 2502 μόνος
786 2433 815 2486 ὀ
865 2432 1071 2503 Πατὴρ,
1117 2452 1136 2484 ι
1174 2434 1381 2503 φωνῆς.
1413 2434 1535 2503 ἧτις
1566 2433 1765 2504 ἐξήγη·

186 2540 273 2582 σις
306 2524 586 2592 ὲντράνως
621 2523 877 2593 διασαφεῖ
903 2524 1160 2592 λέγεσθαι
1191 2524 1285 2577 ἐπὶ
1318 2524 1414 2578 τοῦ
1444 2527 1675 2595 ιΠαιιτρὸς
1706 2527 1764 2580 τὸ

181 2619 376 2685 μόνος
399 2616 490 2669 διὰ
514 2616 577 2668 τδ
601 2616 779 2671 πάντα
802 2618 897 2668 ἐπὶ
923 2614 1015 2667 τὸν
1042 2616 1263 2686 Πατέρα
1296 2616 1619 2684 ἀνάγεσθαι,
1668 2618 1765 2671 καὶ

180 2708 354 2760 αὑτὸν
381 2708 473 2761 διὰ
502 2709 720 2762 πάντων
751 2708 851 2775 τὴν
880 2708 1106 2777 πρώτην
1159 2708 1343 2762 αἰτίαν
1388 2708 1761 2777 γινώσκεσθαι

184 2793 332 2869 ᾗτινι
370 2798 555 2867 ἐννοίᾳ
579 2798 868 2851 ἀκολουθεῖ
926 2799 1093 2869 μηδὲν
1157 2799 1445 2869 διαφέρειν
1497 2800 1563 2853 ὲκ
1597 2802 1760 2868 μόνου

178 2890 277 2942 τοῦ
316 2890 534 2961 Πατρὺς
567 2892 661 2943 καὶ
696 2892 761 2943 ὲκ
790 2888 1015 2960 πρώτης
1046 2892 1235 2953 αἰτίας
1282 2890 1378 2944 τοῦ
1433 2892 1643 2964 Πατρὸς
1677 2892 1762 2945 λέ-

180 2963 321 3049 γειν,
364 2982 468 3034 οὐκ
500 2983 568 3035 ἂν
613 2983 779 3051 ἡμεῖς
813 2983 863 3034 oi
896 2981 986 3033 διὰ
1035 2980 1126 3033 τὸν
1168 2982 1306 3051 ὑπὲρ
1337 2982 1434 3052 τῆς
1474 2963 1761 3049 ἐκκλησιασ

180 3072 379 3142 οτικῆς
403 3073 630 3144 εἰρήνης
660 3074 823 3143 ζῆλον
855 3075 979 3135 ταῖς
1030 3073 1363 3142 παραλόγοις
1421 3073 1759 3144 προσθήκαις

1886 621 1904 653 ι
1942 602 2202 673 Symbolo
2235 606 2392 675 abige
2425 621 2440 659 :
2483 613 2537 659 et
2572 606 2734 661 simul
2771 607 3056 661 nobiscum
3083 618 3237 662 stans
3270 611 3456 663 conci-

1885 713 1905 747 ι
1946 697 2082 759 nito,
2133 697 2595 765 quemadmodum
2635 698 2764 754 illud
2794 715 2824 754 a
2857 700 3057 756 divinis
3084 700 3340 758 Patribus
3362 717 3459 757 ac-

1885 805 1903 839 ι
1941 790 2190 858 cepimus
2224 789 2347 843 :vel
2374 791 2650 847 ostendito
2699 793 2856 849 nobis
2888 801 2946 849 tu
2980 796 3097 865 ipse
3132 810 3197 850 ex
3240 796 3457 862 pietatis

1885 896 1904 930 ι
1943 878 2307 948 praeconibus,
2347 890 2401 936 et
2450 884 2839 940 communibus
2858 886 3009 940 orbis
3073 895 3343 941 terrarum
3374 887 3459 941 lu-

1886 988 1903 1021 ι
1943 974 2180 1027 minibus
2205 986 2268 1027 ac
2295 974 2613 1029 doctoribus
2652 976 2865 1045 aliquos
2891 978 2958 1032 de
2984 978 3148 1033 simili
3183 978 3459 1033 additione

1884 1081 1901 1114 ι
1940 1064 2117 1133 palam
2149 1065 2355 1135 aliquid
2402 1075 2455 1121 et
2484 1068 2775 1123 manifesto
2798 1070 3182 1143 decernentes,
3203 1082 3300 1125 aut
3321 1070 3457 1125 edo-

1882 1173 1900 1205 ι
1940 1166 2149 1220 centes,
2178 1167 2405 1225 tumque
2433 1171 2461 1212 a
2490 1169 2541 1214 te
2566 1161 2708 1215 vinci
2760 1176 2917 1230 aequo
2941 1162 3126 1216 animo
3145 1160 3455 1223 fatebimur,

1883 1264 1901 1297 ι
1940 1256 1996 1300 et
2058 1248 2135 1301 uti
2207 1248 2406 1304 fratres
2467 1252 2907 1322 conjunctissimi
2973 1253 3164 1307 eadem
3224 1253 3454 1308 confite-

1883 1356 1900 1389 ι
1940 1337 2142 1395 bimur.
2194 1357 2212 1390 ι

2514 1432 2806 1500 Reftttatr'o.

1949 1514 2244 1574 Veritatem
2279 1521 2476 1591 injuria
2518 1522 2712 1587 atlicis,
2746 1529 2817 1577 mi
2853 1525 3037 1588 homo,
3071 1540 3199 1579 cum
3234 1538 3457 1581 asseve-

1878 1622 1988 1672 ras,
2021 1610 2088 1665 de
2118 1614 2452 1668 sanctissimi
2502 1614 2741 1685 Spiritus
2775 1632 2841 1670 ex
2889 1618 3008 1672 solo
3034 1617 3193 1673 Patre
3235 1618 3454 1688 proces-

1872 1698 2027 1755 sione
2087 1703 2289 1759 multos
2364 1714 2529 1761 testes
2593 1707 2907 1762 adduxisse.
2964 1707 3137 1782 Nemo
3196 1709 3342 1764 enim
3385 1724 3454 1766 ex

1871 1787 2126 1845 Patribus
2156 1792 2309 1857 illud,
2367 1809 2431 1847 ex
2465 1795 2600 1859 solo,
2646 1796 2966 1865 prolocutus
3009 1807 3112 1852 est.
3159 1796 3453 1853 Verumta-

1876 1894 2001 1935 men
2034 1881 2081 1935 si
2107 1882 2296 1937 nullus
2328 1899 2392 1938 ex
2424 1882 2676 1940 Patribus
2720 1886 3027 1953 allirmavit,
3061 1903 3125 1941 ex
3155 1888 3274 1943 solo
3295 1873 3452 1944 Patre

1876 1971 2188 2040 procedere,
2252 1983 2307 2028 et
2335 1991 2401 2029 ex
2455 1977 2576 2031 solo
2612 1975 2774 2032 Patre
2840 1993 2985 2043 esse,
3037 1992 3131 2034 aut
3169 1995 3448 2042 emanare,

1873 2074 1962 2118 aut
1990 2064 2231 2131 exsilire,
2264 2064 2524 2135 Spiritum
2562 2085 2577 2121 :
2623 2070 2671 2124 si
2702 2069 2965 2127 addentes
2996 2087 3093 2127 vos
3146 2072 3279 2126 illud
3301 2074 3451 2129 exci—

1873 2154 2075 2222 peretis
2106 2156 2404 2213 secundum
2428 2160 2757 2213 sententiam
2795 2168 3025 2228 rectam,
3059 2170 3115 2216 et
3150 2162 3450 2220 inconcus,

1873 2258 1991 2297 sam
2027 2245 2436 2316 intelligentiam
2490 2249 2962 2320 interpretationis
2986 2268 3018 2308 a
3065 2269 3265 2325 magno
3296 2254 3450 2311 Basi-

1872 2336 1947 2390 lio
1974 2338 2276 2407 propinata:
2331 2341 2398 2395 de
2429 2356 2561 2397 voce
2607 2344 2697 2398 illa
2736 2363 2754 2395 ι
2816 2344 2966 2399 solus
3039 2345 3240 2412 Pater;
3275 2365 3295 2398 ι
3328 2363 3450 2417 qua:

1869 2428 2138 2496 expositio
2160 2429 2336 2497 palam
2370 2432 2611 2486 ostendit
2639 2434 2788 2488 solus
2828 2434 2894 2489 dc
2926 2436 3089 2490 Patre
3137 2437 3269 2501 dici,
3305 2439 3448 2508 quod

1870 2516 2055 2571 omnia
2086 2516 2154 2571 ad
2183 2516 2396 2573 Patrem
2425 2520 2757 2586 referantur,
2790 2532 2843 2577 et
2901 2524 2988 2579 ille
3020 2540 3116 2595 per
3152 2530 3337 2581 omnia
3369 2530 3447 2581 uti

1870 2606 2127 2675 primaria
2156 2623 2320 2666 causa
2359 2624 2714 2681 agnoscatur,
2749 2629 2812 2669 ex
2869 2630 2976 2685 qua
3032 2620 3303 2673 sententia
3358 2635 3447 2674 se-

1868 2697 2056 2768 quitur
2088 2700 2516 2766 nibil'dill‘erre,
2558 2721 2624 2757 ex
2666 2706 2784 2760 solo
2847 2703 3002 2763 Patre
3065 2721 3122 2765 et
3158 2725 3225 2764 ex
3269 2712 3446 2781 prima

1866 2804 2035 2846 causa
2066 2790 2229 2847 Patre
2263 2793 2473 2858 dicere,
2535 2810 2635 2850 nos
2665 2797 2930 2865 profecto,
2974 2801 3064 2871 qui
3096 2813 3319 2871 prepter
3349 2819 3445 2876 ee-

1865 2882 2187 2937 clesiasticze
2231 2885 2451 2941 unionis
2499 2888 2698 2951 zelum,
2732 2891 2986 2945 absurdis
3042 2895 3439 2961 additionibus,

1866 2980 1921 3028 ct
1960 2972 2113 3029 falsis
2142 2974 2687 3046 interpretationibus
2718 2983 3166 3049 contradicimus.
3191 3001 3312 3039 cum
3348 3002 3445 3041 vo-

1864 3064 1950 3120 bis
1978 3066 2196 3136 quidem
2215 3068 2457 3123 altercati
2482 3086 2589 3124 non
2619 3070 2940 3128 fuissemus.
2964 3074 3100 3129 Cum
3126 3091 3256 3132 vero
3284 3077 3437 3143 illud,

180 3162 278 3213 καὶ
346 3162 798 3231 παρεξηγήσεσιν
853 3161 1250 3244 ἀντιλέγοντες,
1308 3162 1438 3231 ὑμῖν
1488 3164 1756 3233 ὲζυγομα-

1872 3173 1891 3205 ι
1930 3170 1998 3209 ex
2051 3157 2171 3211 solo
2207 3175 2226 3208 ι
2284 3158 2337 3212 in
2407 3161 2601 3215 vestris
2664 3162 2821 3218 falsis
2892 3165 3443 3234 interpretationibus

178 3255 454 3322 χήααμεν.
484 3256 604 3306 Ὅτι
622 3254 679 3306 δὲ
704 3254 764 3306 τὸ
786 3270 805 3303 t
829 3254 1072 3324 ἐκμόνου
1101 3254 1407 3323 »πανταχοῦ
1431 3254 1541 3306 τῶν
1561 3255 1757 3324 ὑμετὲ-

180 3361 293 3412 ρων
341 3344 776 3414 παρεξηγήσεων
829 3345 911 3407 είς
967 3343 1255 3414 διαστολὴν
1299 3345 1608 3414 λαμὸἁνετε
1662 3345 1757 3400 τοῦ

186 3433 342 3498 Υἰοῦ,
380 3434 677 3503 προθύμως
710 3434 840 3503 ὑμῖι
888 3436 983 3487 καὶ
1030 3434 1450 3507 ζυγομαχοῦμεν
1483 3438 1578 3493 καὶ
1610 3440 1759 3493 ἀντι-

175 3526 436 3595 λέγομεν.
487 3526 577 3588 Ὠς
611 3527 720 3598 γὰρ
746 3525 1011 3592 πολλάκις
1047 3530 1379 3600 εἰρήκαμεν,
1436 3532 1469 3600 ἡ
1510 3532 1619 3584 ἀπὸ
1660 3531 1756 3585 τοῦ

177 3618 397 3688 Πατρὸς
435 3617 692 3689 διαστολὴ
741 3618 837 3673 τοῦ
878 3620 1007 3673 Υίοῦ
1062 3624 1162 3673 οὐκ
1222 3622 1289 3674 ἂν
1327 3637 1458 3674 ποτε
1503 3626 1561 3675 ὲν
1591 3626 1657 3693 τῇ
1692 3624 1757 3677 ὲκ

175 3714 288 3764 lla:
302 3713 395 3781 ρὺς
428 3711 672 3786 ὑπάρξει
696 3711 793 3766 τοῦ
825 3712 1142 3784 Πνεὺματος
1195 3713 1570 3783 παραδέξαιτο
1595 3717 1656 3767 τὸ
1687 3715 1756 3768 δι’

176 3804 331 3856 ἏῚοῦ.

427 3895 957 3951 ΘΕΟΦΓΛΑΚΤΟΥ
1010 3898 1507 3964 ΒΟΥΛΓΑΡΙΑΣ,

167 4010 266 4075 Εἰς
297 4010 365 4063 τὸ
392 4010 500 4083 τοῦ
532 4011 685 4083 κατὰ
726 4009 1017 4083 Ἰωάνὴην
1035 4014 1609 4083 Εἰναγγελίουῤηύν
1637 4018 1707 4072 τό
1734 4033 1748 4047 ⁸

242 4099 261 4129 ι
310 4082 413 4132 Ὃν
448 4080 563 4147 ἐγὼ
596 4080 814 4150 πέμψω
844 4081 988 4151 ὑμῖν
1016 4080 1179 4150 παρὰ
1213 4083 1318 4138 τοῦ
1362 4080 1617 4154 Πατρός,
1656 4104 1675 4137 ι

246 4236 265 4269 ι
314 4217 493 4271 PNA'.
530 4219 602 4272 Τὸ
626 4219 704 4283 δὲ,
744 4237 763 4271 ι
805 4220 903 4273 Ὃν
936 4220 1048 4289 ἐγὼ
1077 4220 1304 4291 πέμψω,
1346 4241 1365 4275 ι
1396 4222 1495 4294 τὴν
1530 4225 1753 4296 ίσότητα

170 4330 188 4362 ι
232 4310 390 4381 δηλοί
418 4311 519 4381 τὴν
567 4312 707 4379 πρὸς
765 4311 857 4363 τὸν
912 4312 1155 4383 Πατέρα.
1205 4314 1465 4387 Ἀλλαχοῦ
1505 4318 1613 4387 γὰρ
1662 4319 1754 4373 τὸν

169 4422 186 4453 ι
238 4406 466 4472 Πατέρα
518 4399 642 4456 εἷπε
699 4404 942 4474 πέμπειν
986 4406 1047 4457 τὸ
1078 4406 1344 4477 Πνεῦμαο
1388 4409 1624 4462 ἐνταῦθα
1670 4410 1750 4476 δὲ,

171 4511 188 4542 ι
231 4492 433 4546 ἑαυτὸν
490 4493 733 4563 πέμψειν
764 4491 924 4546 τοῦτο
978 4492 1149 4546 εἰπὼν
1204 4496 1359 4550 οὐδὲν
1396 4496 1527 4549 ἄλλο
1571 4497 1604 4568 ἢ
1652 4499 1751 4565 τὴν

1862 3254 2127 3313 perpetuo
2179 3250 2477 3303 assumatis
2529 3250 2596 3304 ad
2640 3253 3042 3309 excludendum
3095 3254 3296 3312 Filium
3328 3260 3447 3313 ala-

1860 3332 2027 3387 criter
2082 3336 2466 3391 contendimus
2494 3347 2550 3392 ct
2581 3341 3033 3398 contradicimus.
3064 3342 3413 3410 Quemadmo
3440 3384 3446 3390 ι

1856 3422 1988 3478 dum
2010 3425 2157 3481 enim
2200 3428 2403 3497 saepius
2464 3428 2735 3497 diximus,
2772 3434 3073 3490 exclusioa
3110 3434 3272 3494 Patre
3320 3438 3443 3495 Filii

1858 3516 1913 3570 in
1941 3518 2258 3573 cxsistentia
2296 3520 2531 3591 Spiritus
2554 3537 2617 3575 ex
2650 3521 2829 3587 Patre,
2871 3541 3153 3598 nunquam
3206 3529 3445 3588 admittit

1858 3606 2015 3673 illud,
2050 3622 2145 3678 per
2167 3606 2389 3666 Filium.

1857 3888 2385 3947 TllEOPllYLACTl
2464 3891 2840 3952 BULGARUE
2912 3896 3438 3958 ARCHIEPISCOPI

1924 4004 1980 4057 in
2002 4000 2262 4127 Plautii:
2311 4004 2517 4059 dictum
2548 4022 2567 4060 :
2616 4026 2634 4059 ι
2670 4005 2837 4073 Quem
2891 4026 2984 4080 ego
3030 4014 3240 4068 mittam
3289 4015 3437 4071 vobis

1933 4091 1966 4127 a
2052 4091 2166 4127 are
2250 4114 2264 4127 .
2304 4092 2322 4124 ι

1933 4091 1966 4127 a
2002 4091 2166 4127 ratre
2200 4091 2264 4127 ".
2304 4092 2322 4124 ι

1924 4205 2057 4261 Cll.
2093 4224 2111 4257 ι
2133 4206 2306 4272 Quem
2342 4221 2441 4277 ego
2474 4207 2707 4275 mittam,
2732 4230 2751 4263 ι
2786 4214 3148 4282 aequalitatem
3176 4232 3304 4287 erga
3330 4219 3436 4274 Pa-

1860 4317 1880 4351 ι
1921 4307 2057 4354 trem
2115 4299 2408 4368 significat.
2466 4298 2603 4354 Nam
2649 4302 2758 4357 alio
2798 4303 2921 4359 loco
2965 4306 3035 4360 de
3070 4306 3233 4364 Patre
3275 4311 3436 4381 dixit,

1861 4408 1880 4441 ι
1924 4390 2071 4460 quod
2135 4390 2312 4445 mittet
2347 4390 2659 4460 Spiritum;
2722 4395 2825 4449 hoc
2874 4406 3055 4453 autem
3113 4401 3256 4467 loco,
3287 4407 3435 4473 quod

1866 4500 1885 4533 ι
1929 4481 2045 4550 ipse
2073 4481 2268 4544 mittet,
2314 4482 2502 4551 utique
2542 4498 2674 4539 sane
2704 4488 3070 4554 aequalitatem
3097 4493 3438 4562 significans.

169 4605 186 4635 ι
236 4584 463 4655 ἰσότητα
492 4554 660 4654 δηλοί.
697 4585 816 4639 ἰνα
850 4584 906 4637 δὲ
932 4587 1008 4656 μὴ
1045 4586 1171 4659 δόξῃ
1201 4587 1536 4641 ἀντανιστῶν
1562 4554 1753 4642 ἑαυτδν

1871 4592 1890 4627 ι
1927 4572 2007 4627 Ne
2037 4580 2214 4627 autem
2263 4572 2514 4628 videatur
2545 4575 2813 4632 obluctari
2840 4576 3010 4646 Patri,
3047 4554 3207 4652 quasi
3235 4586 3305 4639 ab
3331 4588 3439 4641 alia

172 4697 189 4727 ι
236 4679 317 4747 τῷ
384 4678 582 4746 Πατρὶ,
622 4676 698 4740 ὡς
760 4677 870 4730 ἀπὸ
928 4677 1093 4746 ἄλλης
1136 4678 1390 4743 ἐξουσίας
1427 4682 1663 4751 πέμπων
1692 4683 1750 4735 τὸ

170 4787 187 4819 ι
237 4768 487 4837 Πνεῦμα,
525 4767 834 4837 προσέθηκε
896 4768 1048 4837 παρὰ
1100 4768 1199 4821 τοῦ
1250 4771 1483 4840 Πατρός.
1539 4772 1748 4842 Πέμψω

170 4879 187 4911 ι
234 4861 337 4930 μὲν
364 4858 480 4929 γὰρ
514 4857 693 4921 αὐτὸς,
730 4859 865 4911 ἀλλὰ
902 4862 1051 4930 παρὰ
1079 4860 1174 4912 τοῦ
1203 4861 1435 4931 Πατρδς,
1467 4865 1746 4916 τουτέστιν

169 4972 187 5003 ι
235 4950 597 5012 εὐδοκοῦντος
651 4949 745 5002 τοῦ
788 4952 1002 5021 Πατρὸς
1056 4956 1152 5004 καὶ
1187 4954 1740 5019 συναποστέλλοντος.

168 5062 185 5094 ι
231 5044 307 5095 Οὐ
339 5044 454 5111 γὰρ
484 5041 545 5106 ὲξ
602 5042 824 5094 οἰκείων
879 5042 1093 5095 κόλπων
1150 5044 1311 5106 αὐτὸς
1362 5046 1626 5114 προῖεμαι
1681 5046 1741 5099 τὸ

169 5155 187 5186 ι
236 5133 489 5203 Πνεῦμα,
547 5134 682 5186 ἀλλὰ
714 5134 865 5204 παρὰ
898 5134 992 5187 τοῦ
1046 5135 1256 5206 Πατρὸς
1287 5136 1353 5189 δι’
1410 5138 1543 5206 ἐμοῦ
1576 5155 1743 5209 χορη-

168 5245 185 5278 ι
232 5226 627 5295 γεῖται.ι”οταν
654 5226 917 5299 ἀκούσῃς,
948 5228 1333 5297 ἐκπορεύεται,
1365 5228 1440 5298 μὴ
1474 5230 1582 5283 νόει
1607 5231 1743 5283 ἀπο-

170 5338 187 5370 ι
235 5318 435 5387 στολὴν
484 5318 582 5389 τὴν
636 5318 982 5389 ἔκπόρευσιν,
1015 5319 1133 5372 οἵαν
1194 5320 1620 5374 ἀποστέλλονται
1670 5322 1738 5375 τὰ

167 5430 185 5463 ι
228 5412 587 5480 λειτουργικά
621 5413 932 5481 πνεύματα,
966 5412 1104 5465 ἀλλᾶ
1135 5417 1341 5483 φυσικὴ
1380 5412 1614 5482 ὓπαρξις
1645 5414 1740 5468 τοῦ

165 5524 184 5557 ι
232 5503 550 5575 Πνεῦματός
580 5506 728 5560 ὲοτιν
764 5508 798 5576 ἠ
822 5505 1168 5577 ὲκπὸρευσις.
1215 5526 1234 5558 ι

765 5598 1140 5654 Ἐπιστασία.

231 5707 251 5741 ι
290 5689 543 5753 Ἀκούεις
568 5690 666 5744 καὶ
708 5690 800 5744 τοῦ
828 5692 978 5763 παρὰ
999 5693 1097 5764 τῆς
1124 5692 1275 5759 Θείας
1299 5695 1733 5768 ὲμπνευοοέντος

229 5851 273 5882 ⁸³
304 5850 466 5906 Joan.
498 5868 590 5910 xv.
623 5853 714 5908 26.

1866 4680 1885 4714 ι
1931 4662 2236 4718 substantia
2287 4663 2469 4716 mittat
2524 4662 2829 4732 Spiritum,
2896 4670 3103 4725 addidit
3168 4689 3198 4726 a
3249 4672 3433 4730 Patre.

1861 4772 1879 4805 ι
1924 4751 2059 4808 Nam
2086 4762 2141 4809 et
2167 4754 2283 4823 ipse
2327 4753 2547 4823 quidem
2581 4757 2784 4821 mittet,
2821 4758 2917 4813 sed
2942 4774 2972 4813 a
2998 4760 3179 4826 Patre,
3216 4764 3317 4819 hoc
3357 4778 3441 4820 est

1906 4844 2246 4915 approbante
2322 4844 2517 4911 Patre,
2550 4855 2605 4901 et
2638 4849 2801 4902 simul
2834 4851 3103 4907 mittente.
3139 4852 3257 4909 Non
3291 4860 3436 4909 enim

1855 4957 1873 4990 ι
1912 4954 1978 4993 ex
2004 4940 2224 5007 proprio
2248 4939 2373 4994 sinu
2401 4942 2519 5011 ipse
2554 4941 2709 5011 prius
2738 4945 2915 5006 mitto,
2946 4947 3040 5000 sed
3071 4963 3100 4999 a
3133 4946 3295 5002 Patre
3333 4964 3430 5017 per

1856 5047 1875 5081 ι
1916 5045 2003 5085 me
2035 5031 2432 5099 suppeditatur.
2466 5033 2602 5088 Cum
2633 5043 2812 5087 autem
2864 5036 3102 5091 audieris
3136 5039 3279 5107 quod
3308 5053 3435 5108 pro-

1854 5138 1874 5172 ι
1913 5122 2072 5187 cedit,
2106 5137 2172 5175 ne
2196 5123 2469 5192 intelligas
2509 5140 2605 5193 per
2635 5127 3049 5193 processionem
3084 5132 3433 5191 missionem,

1856 5229 1874 5263 ι
1916 5211 2062 5281 quali
2095 5212 2389 5265 mittuntur
2416 5215 2801 5271 ministratorii
2833 5220 3093 5287 Spiritus,
3127 5221 3223 5274 sed
3270 5232 3433 5275 natu-

1853 5323 1871 5356 ι
1912 5304 2041 5361 ralis
2070 5304 2426 5362 subsistentia
2458 5308 2695 5378 Spiritus
2736 5320 2819 5367 est
2860 5315 3159 5382 processio.
3197 5332 3217 5366 ι

2437 5612 2859 5667 Animadversio.

1922 5721 1939 5754 ι
1970 5702 2214 5761 Audisne
2264 5712 2316 5761 ct
2340 5704 2408 5761 ab
2465 5720 2552 5770 eo,
2610 5707 2704 5776 qui
2751 5706 2931 5763 divina
2986 5704 3161 5776 gratia
3214 5718 3424 5773 metus,
