4202 6454
760 387 858 453 ὃῖί

1786 388 1996 449 ΙΟᾹΝ.
2042 386 2249 446 VECCI
2289 377 2400 444 Cl’.
2442 383 2941 447 PATRIARCHE

3904 384 4009 449 612

766 526 783 553 ι
828 521 933 557 non
968 509 1171 559 tantum
1197 509 1343 562 varia
1374 521 1526 563 sacra
1570 503 1869 567 volumina,
1926 500 2021 556 sed
2050 502 2165 566 ipsa
2188 512 2328 567 quo—
2360 544 2367 557 ι

2446 515 2459 547 ι
2507 498 2727 567 χάριτος
2760 499 2820 550 οὗ
2854 498 3014 568 μόνον
3048 498 3335 568 διαφόρους
3384 499 3534 568 ἱερὰς
3593 501 3830 570 βίϐλους,
3865 503 4007 554 ἀλλὰ

765 616 781 644 ι
831 611 934 664 que
969 595 1251 666 Evangelia
1287 601 1666 666 interpretatus
1686 604 1787 658 est,
1820 608 1924 646 non
1965 606 2029 645 ex
2064 589 2200 642 Filio
2232 585 2327 645 sed

767 705 784 736 ι
814 700 880 740 ex
932 687 1090 741 Patre
1132 689 1468 742 Paraeletum
1507 688 1800 755 procedere
1864 682 2077 736 tradere
2132 678 2332 732 edoce-

763 793 781 825 ι
818 790 979 844 reque
1009 795 1023 830 :
1060 793 1210 844 {P.un
1241 787 1403 846 atque
1452 778 1587 831 alios
1634 775 1848 829 divinos
1875 773 2061 826 Patres
2106 782 2327 839 proces-

764 884 783 917 ι
820 872 1026 919 sionem
1056 882 1162 919 non
1192 869 1527 931 missionem,
1556 866 1650 920 sed
1680 864 1982 928 naturalem
2018 860 2329 916 subsisten-

764 978 782 1009 ι
820 959 948 1010 tiam
981 957 1237 1027 Spiritus,
1267 960 1665 1028 decernereque
1712 958 1932 1025 insuper
1990 955 2160 1022 ipsam
2198 951 2329 1006 mis-

765 1067 782 1097 σ
820 1050 1030 1103 sionem
1074 1066 1178 1103 non
1225 1050 1593 1119 simplicitera
1652 1047 1792 1101 Filio
1851 1045 2140 1113 Verboquc
2182 1042 2324 1107 ﬁeri,

766 1155 784 1188 ι
827 1140 921 1193 sed
954 1141 1287 1210 approbante
1318 1140 1476 1195 Patre
1504 1151 1560 1197 et
1592 1140 1756 1194 simul
1782 1138 2055 1192 mittente.
2098 1154 2115 1185 ι

1399 1413 1693 1482 Refutatio.

829 1504 968 1557 Cum
1000 1512 1244 1573 tempore
1270 1504 1584 1558 sehismatis
1613 1503 1695 1556 vir
1720 1503 1825 1556 iste
1848 1499 2187 1565 inclaruerit,
2216 1514 2323 1555 non

2438 608 2454 638 ι
2504 591 2599 642 καὶ
2631 589 2770 643 αὐτὰ
2803 590 2871 640 τὰ
2907 589 3038 654 ἆγια
3073 590 3450 659 ἐξηγήσασθαι
3487 593 3815 659 Εὑαγγὲλιτ,
3848 594 3908 645 νιό
3942 612 4003 645 τε

2437 695 2455 728 ι
2500 680 2574 748 μὴ
2602 680 2664 731 ἐκ
2700 679 2791 731 τοῦ
2824 678 2975 743 Υίοῦ,
3004 679 3120 730 ἀλλ’
3160 682 3224 731 ὲκ
3252 678 3345 731 τοῦ
3380 680 3592 749 Πατρδς
3622 682 3679 732 τὸ
3707 682 4006 746 Παράκλη-

2436 786 2452 817 ι
2504 786 2595 822 τον
2631 769 3038 838 ἐκπορεύεσθαι
3069 768 3297 838 Πνεῦμα
3328 772 3718 838 παραδιδόντος
3762 788 3864 833 σοι,
3899 789 3995 823 καί

2435 879 2452 910 ι
2501 860 2599 929 τὴν
2642 860 2746 927 μὲν
2775 861 3107 929 ἐκπόρευσιν
3160 862 3267 913 οὐκ
3295 862 3624 929 ἀποστολὴν,
3652 861 3787 913 ἀλλὰ
3837 880 4003 928 φυσι-

2434 970 2451 1001 ι
2500 949 2605 1019 κὴν
2638 948 2873 1019 ὕπαρξιν
2906 952 3211 1019 συμφώνως
3260 954 3373 1014 τοῖς
3425 951 3633 1015 λοιποῖς
3667 951 3841 1012 θείοις
3884 953 3999 1003 Πα-

2434 1060 2449 1091 ι
2498 1041 2659 1110 τράσι
2693 1042 3061 1107 διδάσκοντος,
3108 1042 3243 1095 ἀλλὰ
3296 1046 3389 1095 καὶ
3416 1043 3514 1112 τὴν
3537 1040 3844 1109 ἀποστολὴν
3898 1041 4001 1091 αύ-

2433 1153 2450 1184 ι
2494 1133 2613 1202 τὴν,
2641 1134 2738 1202 οὐχ
2764 1132 2952 1195 ἁπλῶς
2991 1135 3083 1184 τὸν
3121 1133 3247 1185 Υίὸν
3300 1134 3398 1186 καὶ
3448 1134 3618 1202 Λόγον
3670 1135 3999 1202 ποιούμενον

2434 1244 2451 1275 ι
2496 1224 2941 1293 δογματίζοντος,
2970 1224 3112 1277 ἀλλὰ
3145 1225 3600 1288 συνευδοκοῦντος
3632 1225 3727 1278 τοῦ
3757 1226 4000 1296 Πατρὸς,

2433 1334 2449 1366 ι
2498 1316 2593 1368 καὶ
2628 1315 3169 1380 συναποστέςλοντος.
3206 1336 3251 1367 ιθ

3084 1409 3479 1477 Ἀντιζρῤησις.

2496 1496 2560 1548 Εἰ
2613 1496 2708 1549 καὶ
2745 1494 2835 1548 διὰ
2863 1496 2924 1550 τὸ
2968 1497 3110 1550 κατὰ
3159 1502 3250 1551 τὸν
3310 1501 3505 1570 καιρὸν
3586 1500 3649 1552 οῦ
3701 1501 4003 1570 σχίσματος

760 1595 931 1650 multa
964 1595 1400 1649 consideratione
1427 1593 1590 1662 digna
1616 1593 1757 1647 dicta
1784 1593 1928 1645 illius
1962 1591 2327 1645 existimanda

2446 1584 2515 1637 ςδν
2558 1584 2727 1653 ἄνδρα
2760 1582 2951 1637 τοῦτον
3010 1587 3304 1656 ἀκμάζειν,
3351 1590 3413 1643 οὐ
3448 1591 3647 1657 πολλῆς
3680 1586 3822 1659 ἦσαν
3879 1592 4000 1641 ὲπι-

756 1688 1031 1750 videntur,
1069 1687 1427 1740 nihilominus
1456 1700 1521 1739 ex
1555 1685 1641 1739 his
1669 1684 1883 1747 iisdem,
1905 1698 2024 1752 quae
2054 1686 2171 1751 ipse
2202 1699 2315 1752 pro,

757 1778 995 1842 nuntiat,
1031 1778 1259 1830 multum
1290 1777 1520 1830 addetur
1547 1774 1745 1827 virium
1781 1772 2225 1827 existimantibus
2258 1787 2323 1825 ex

2427 1677 2674 1745 σκέψεως
2701 1676 2825 1742 ἀξια
2862 1676 2931 1729 τὰ
2966 1681 3096 1747 παρ’
3128 1679 3300 1732 αὐτοῦ
3347 1684 3483 1743 τέως
3563 1681 3700 1735 ἀλλὰ
3754 1698 3845 1733 κα·
3907 1684 3997 1749 ἀς

2425 1760 2499 1819 ὧν
2547 1762 2701 1831 οὗτος
2771 1769 2801 1820 λ
2834 1785 2919 1834 γει

3049 1771 3377 1841 υγκρότησις
3506 1806 3522 1825 ι
3589 1773 3743 1843 ὀλίγη
3811 1777 4005 1840 ἐπιγε-

758 1867 939 1931 Patre,
970 1877 1023 1921 ct
1061 1866 1197 1920 Filio
1230 1868 1490 1935 Spiritum
1529 1881 1669 1920 esse.
1703 1864 1840 1917 Tum
1875 1862 2022 1933 quod
2055 1864 2170 1933 ipse
2198 1878 2325 1931 pro-
2362 1864 2367 1917 i

2446 1858 2655 1926 μήσεται
2685 1875 2798 1918 τοις
2828 1862 2892 1912 ἐκ
2927 1862 3079 1931 Πειρ
3114 1880 3139 1911 r
3165 1864 3262 1915 καὶ
3294 1864 3421 1916 Υἱοῖ
3509 1880 3536 1915 ο
3587 1866 3809 1935 Πνεῦμα
3844 1864 4003 1926 δοξὰ-

759 1958 1063 2013 cessionem
1124 1957 1548 2026 interpretatus,
1601 1956 1906 2010 naturalem
1950 1952 2327 2007 exsist‘entiam

763 2068 884 2105 eam
920 2067 1041 2106 esse
1091 2050 1327 2120 Spiritus
1376 2050 1769 2120 pronuntiavit.
1812 2048 2020 2101 Etenim
2056 2046 2097 2099 si
2135 2059 2326 2115 proce-

759 2139 887 2193 dere
938 2140 1261 2193 naturaliter
1289 2141 1553 2193 exsistere
1581 2148 1686 2199 est,
1723 2137 1817 2206 qui
1880 2134 2206 2189 naturaliter
2234 2149 2330 2187 ex-

758 2232 953 2285 sistere
986 2230 1244 2300 Spiritum
1273 2245 1337 2284 ex
1378 2230 1532 2283 Patre
1556 2239 1611 2283 et
1660 2228 1799 2282 Filio
1834 2226 1983 2289 dicit,
2011 2226 2143 2278 nihil
2172 2225 2238 2278 ab
2264 2240 2329 2279 eo

757 2315 956 2391 differt,
993 2319 1085 2384 qui
1112 2332 1178 2369 ex
1213 2327 1442 2386 utroque
1463 2316 1613 2370 illum
1647 2317 1937 2385 procedere
1970 2314 2166 2383 inquit.
2190 2313 2327 2366 Tum

759 2405 925 2457 etiam
979 2407 1121 2473 quod
1156 2407 1272 2474 ipse
1328 2414 1562 2468 asserat,
1601 2404 1914 2459 missionem
1983 2402 2155 2471 ipsam
2200 2415 2328 2471 erga

760 2492 974 2548 Patrem
1040 2494 1161 2549 Filii
1215 2496 1585 2563 aequalitatem
1641 2506 1869 2553 notare.
1904 2493 2114 2548 Etenim
2167 2491 2213 2548 si
2262 2508 2326 2546 ex

762 2574 929 2640 Patre
966 2596 1020 2640 et
1054 2584 1195 2639 Filio
1255 2587 1490 2641 mittitur
1534 2594 1753 2656 propter
1791 2586 2154 2655 aequalitatem
2206 2585 2326 2639 Filii

761 2691 889 2745 erga
936 2677 1170 2739 Patrem,
1229 2692 1336 2730 non
1392 2678 1471 2731 uti
1514 2693 1581 2731 ex
1632 2677 1845 2732 duobus
1915 2677 2174 2731 Mittitur.
2204 2677 2324 2743 Qua

761 2769 907 2821 enim
956 2769 1169 2822 ratione
1222 2767 1458 2837 Spiritus
1505 2778 1651 2824 esset
1684 2784 1826 2823 unus
1864 2778 1918 2823 et
1956 2770 2239 2835 indivisus,
2284 2771 2330 2824 si

762 2875 872 2912 non
914 2859 1078 2914 veiuti
1134 2874 1199 2913 ex
1234 2874 1341 2911 una
1394 2875 1556 2915 causa
1590 2861 1894 2923 missionis,
1919 2863 2013 2915 sed
2053 2861 2221 2914 veluti
2267 2876 2331 2915 ex

762 2950 975 3005 duabus
1034 2952 1217 3005 cattsis
1259 2950 1554 3015 missionis,
1607 2950 1787 3006 Patris
1834 2953 2064 3016 scilicet,
2124 2962 2176 3006 et
2206 2951 2330 3006 Filii

737 3043 1090 3096 ‘mitteuetur.
1140 3042 1260 3095 Pari
1330 3056 1548 3112 quoque
1607 3045 1813 3097 ratione
1879 3044 2233 3109 naturaliter,
2280 3055 2333 3099 et

760 3132 1122 3186 essentiaiiter
1175 3134 1445 3186 exsistens
1504 3147 1569 3185 ex
1610 3131 1768 3186 Patre
1792 3142 1844 3187 et
1891 3133 2053 3196 Filio,
2110 3148 2216 3187 non
2251 3134 2329 3186 uti

761 3239 826 3275 ex
859 3222 1092 3288 duobus,
1124 3225 1220 3277 sed
1257 3224 1333 3276 uti
1381 3238 1448 3278 ex
1488 3238 1598 3278 uno
1642 3223 1752 3278 Deo
1788 3224 2111 3278 naturaliter
2156 3232 2209 3279 et
2242 3240 2330 3279 es-
2359 3211 2401 3267 Ο

762 3316 1064 3371 sentialiter
1093 3315 1329 3370 ersistit.

1383 3496 1701 3551 ZIGABENI

768 3609 833 3664 In
883 3611 1078 3664 dictum
1131 3609 1358 3663 Joannis
1417 3628 1435 3660 ι
1494 3608 1596 3661 Hic
1638 3609 1993 3662 testimonium
2050 3608 2333 3677 perhibebit

1419 3680 1483 3732 de
1513 3695 1610 3731 me.
1655 3696 1673 3728 ι

836 3791 991 3845 CLII.
1030 3811 1049 3843 ι
1084 3791 1214 3845 Nam
1247 3806 1373 3845 cum
1432 3788 1591 3843 Pater
1623 3789 1993 3843 testimonium
2027 3789 2174 3843 varie
2212 3804 2334 3859 per-

773 3903 790 3933 ι
832 3884 1068 3936 hibuerit
1096 3884 1162 3937 de
1209 3900 1293 3937 me
1323 3900 1335 3935 :
1375 3882 1613 3952 Spiritus
1641 3890 1862 3935 sanctus
1903 3896 2122 3950 quoque
2147 3882 2334 3934 multi.

773 3994 791 4027 ι
840 3975 1033 4029 [ariam
1068 3976 1442 4029 testimonium
1479 3972 1707 4026 omnino
1751 3972 2077 4042 perhibebit.
2114 3971 2330 4025 Testili-

775 4089 792 4117 ι
841 4068 1059 4121 cabitur
1087 4076 1267 4120 autem
1303 4066 1489 4119 lucens
1516 4065 1571 4117 in
1597 4062 1855 4116 cordibus
1892 4063 2091 4116 vestris
2124 4060 2190 4114 ad
2220 4078 2335 4115 ma-

779 4180 796 4209 ι
845 4160 1022 4227 jorem
1056 4157 1462 4221 eertitudinem,
1491 4164 1545 4209 et
1575 4154 1839 4209 miracula
1870 4166 2103 4221 operaus
2149 4154 2204 4205 in
2235 4168 2336 4206 no-

777 4270 793 4301 ι
842 4251 986 4303 mine
1010 4263 1151 4304 meo.
1189 4247 1319 4301 Vide
1337 4258 1515 4301 autem
1558 4248 1700 4313 quod
1737 4246 1901 4299 mittit
1961 4260 2086 4298 eum
2116 4244 2335 4313 quidem

779 4362 796 4393 ι
837 4352 889 4395 et
947 4341 1141 4403 Filius,
1200 4351 1457 4409 tanquam
1490 4340 1732 4409 ejusdem
1759 4354 1882 4393 eum
1904 4336 2064 4391 Patre
2095 4336 2337 4402 honoris,

778 4452 796 4482 ι
846 4441 1218 4486 verumtamen
1254 4447 1281 4484 a
1307 4429 1467 4483 Patre
1496 4439 1753 4498 tanquam
1777 4428 1870 4498 qui
1903 4443 1933 4482 a
1953 4426 2113 4481 Patre
2152 4443 2339 4494 proce-

2436 1950 2611 2014 ζουσι.
2649 1948 2822 2004 Τοῦτο
2852 1969 2975 2021 μεν,
3012 1954 3038 2005 ὃ
3118 1952 3206 2023 rip
3252 1955 3579 2023 ὲκπόρευσιν
3635 1954 4002 2024 ἐξηγούμενος

2435 2038 2609 2105 οὗτος,
2648 2060 2755 2112 φυσ
2784 2042 2882 2113 χὴν
2914 2043 3145 2111 ὓπαρξιν
3191 2044 3284 2097 τοῦ
3313 2047 3629 2114 Πνεύματος
3679 2043 3822 2099 εἶναι
3868 2046 4003 2098 ταύ-

2433 2150 2532 2202 την
2561 2135 2829 2204 ἐδήλωσεν
2856 2151 2869 2164 °
2901 2136 2949 2186 εί
2981 2136 3089 2204 γὰρ
3116 2135 3175 2187 τὸ
3200 2136 3599 2204 ἐκπορεύεσθαι
3630 2137 3690 2190 τὸ
3751 2136 4001 2202 φυσικῶς

2434 2219 2702 2289 ὑπάρχειν
2738 2223 2907 2286 ἐστὶν,
2941 2224 2970 2274 ὁ
3001 2224 3244 2289 φυσικῶς
3273 2225 3544 2295 ὑπάρχειν
3574 2225 3636 2278 τὸ
3674 2223 3903 2295 Πνεῦμα
3937 2227 4003 2276 ὲκ

2435 2311 2651 2382 Πατρὸς
2686 2314 2778 2366 καὶ
2808 2314 2933 2366 Υίοῦ
2967 2316 3161 2381 λέγων,
3193 2317 3346 2369 οὐδὲν
3373 2317 3619 2387 διαφέρει
3655 2318 3749 2370 τοῦ
3800 2318 3863 2383 ἐξ
3894 2320 4003 2384 ἀμ·

2436 2406 2555 2471 φοῑν
2581 2402 2715 2457 αὐτὸ
2743 2404 2997 2472 λέγοντος
3021 2407 3423 2477 ἐκπορεύεσθαι
3450 2423 3466 2439 ο
3492 2410 3649 2462 τοῦτο
3681 2408 3739 2462 δὲ
3770 2413 3863 2463 καὶ
3893 2408 4006 2463 ἀπὸ

2435 2494 2531 2564 τὴν
2554 2494 2875 2565 ἀποστολὴν
2908 2498 3077 2567 αὐτὴν
3109 2499 3286 2563 λέγειν
3314 2500 3475 2553 αὑτὸν
3509 2500 3700 2572 δηλοῦν
3726 2500 3825 2571 τὴν
3870 2502 4005 2569 πρὶς

2434 2577 2527 2639 τὸν
2553 2585 2771 2655 Πατέρα
2819 2588 3038 2657 ἰσότητα
3066 2588 3160 2641 τοῦ
3200 2590 3352 2644 Υίοῦ.
3412 2592 3474 2643 Ei
3523 2592 3628 2663 γὰρ
3671 2594 3737 2646 ἐκ
3788 2592 4005 2659 nugs;

2438 2677 2531 2731 καὶ
2561 2676 2687 2729 Tia-3
2723 2679 2782 2730 τὸ
2816 2680 3039 2748 Πνεῦμα
3074 2682 3428 2751 πεμπόμενον
3477 2683 3565 2737 διὰ
3597 2682 3694 2753 τὴν
3724 2684 3859 2753 πρὸς
3914 2684 4006 2735 τὸν

2439 2768 2655 2837 Πατέρα
2689 2769 2911 2838 ίσότητα
2958 2768 3053 2821 τοῦ
3082 2769 3235 2833 Υίοῦ,
3259 2772 3356 2841 οὐχ
3377 2772 3452 2835 ὡς
3477 2774 3540 2825 ὲκ
3587 2772 3682 2825 δύο
3707 2774 3824 2825 ἐστὶ
3860 2790 4008 2841 πεμ-

2439 2858 2696 2927 πόμενον,
2753 2859 2871 2922 πῶς
2920 2860 3028 2928 γὰρ
3074 2859 3140 2914 ἂν
3172 2863 3265 2913 καὶ
3314 2862 3400 2931 εἴη
3456 2863 3515 2916 τὸ
3576 2862 3801 2931 Πνεῦμα
3831 2864 3887 2915 ’ἐν
3914 2868 4009 2915 καὶ

2437 2950 2763 3020 ἀδιαίρετον,
2794 2951 2951 3021 εἴπερ
2979 2955 3077 3021 οὐχ
3111 2953 3185 3011 ὡς
3223 2953 3283 3017 ἐξ
3317 2955 3433 3016 ἑνὸς
3487 2955 3664 3007 αἰτίου
3710 2954 3811 3022 τῆς
3867 2956 4012 3022 πέμ-

2437 3042 2604 3107 ψεως,
2632 3042 2746 3095 ἀλλ’
2776 3044 2848 3104 ὼς
2874 3044 2935 3094 ἐκ
2960 3042 3053 3095 δύο
3076 3045 3263 3097 αἰτίων
3294 3044 3391 3111 τῆς
3438 3045 3699 3114 πέμψεως
3748 3046 3841 3098 τοῦ
3892 3048 4007 3099 Πα-

2438 3134 2567 3203 τρὸς
2595 3136 2691 3187 x1i.
2718 3135 2811 3187 τοῦ
2847 3136 2975 3188 Υίοῦ
3010 3138 3304 3206 πέμποιτο,
3331 3138 3474 3192 οὕτω
3503 3140 3598 3193 καὶ
3623 3138 3867 3207 φυσικῶς
3912 3139 4010 3189 καὶ

2434 3221 2709 3284 οὗσιωδῶς
2742 3222 2987 3293 ὑπάρχον
3014 3227 3079 3278 ὲκ
3108 3227 3321 3296 Harpe;
3361 3232 3453 3282 καὶ
3507 3229 3662 3291 Υίοῦ,
3686 3230 3783 3299 οὐχ
3807 3228 3883 3290 ὼς
3942 3229 4008 3279 ἐκ

2434 3315 2550 3377 δύο,
2607 3314 2724 3367 ἀλλ’
2757 3316 2831 3378 ὡς
2872 3319 2929 3382 ἐξ
2958 3318 3077 3380 ἑνός
3126 3321 3241 3372 ἐστι
3291 3320 3428 3373 Θεοῦ
3476 3321 3715 3390 φυσικῶς
3761 3320 4008 3389 ὑπάρχον

2435 3406 2528 3458 καὶ
2552 3403 2842 3465 ούσιωδὼς.

2909 3502 2991 3551 ΤΟ
3007 3502 3049 3551 Υ
3087 3502 3271 3554 ΖΥΓΑ
3283 3503 3534 3554 ΒΗΝΟΥ

2440 3609 2544 3673 Εις
2572 3611 2635 3664 τὸ
2667 3612 2859 3678 ῥητὸν
2882 3611 2988 3664 τοῦ
3040 3611 3191 3663 κατὰ
3227 3609 3537 3677 Ἰωάννην,
3573 3610 3663 3675 τὸ,
3696 3628 3713 3660 ι
3740 3609 4008 3675 Ἐκεῖνος

2814 3679 3187 3750 μαρτυίήσει
3231 3682 3363 3746 περὶ
3389 3681 3556 3748 ἐμοῦ.
3599 3700 3617 3733 ι

2506 3787 2679 3843 PNB’.
2719 3807 2738 3842 ι
2784 3789 2887 3841 Τοῦ
2924 3790 3032 3858 γὰρ
3066 3790 3274 3858 ﬂat-:96;
3303 3791 3579 3860 δαφὸρως
3620 3793 4015 3861 μαρτυρήσαν-

2442 3896 2459 3927 ι
2502 3894 2591 3940 τος
2620 3879 2746 3945 περὶ
2781 3878 2940 3948 ἐμοῦ,
2965 3879 3144 3932 καὶτὸ
3174 3880 3399 3947 Πνεῦμα
3448 3882 3511 3932 τὸ
3543 3880 3700 3947 ἅγιον
3730 3881 4013 3952 διαφόρως

2441 3985 2458 4016 ι
2509 3970 2848 4039 μαρτυρήσει
2903 3972 3143 4031 πάντως.
3205 3972 3564 4041 Μαρτυρήσει
3622 3971 3678 4023 δὲ
3734 3973 4016 4042 ἐλλάμπον

2444 4079 2461 4109 ι
2504 4062 2621 4121 ταῖς
2658 4062 2909 4130 καρδίαις
2943 4062 3097 4129 ὑμῶν
3127 4063 3205 4123 είς
3246 4062 3621 4133 πληροφορίαν
3650 4062 4014 4133 τελεωτέραν,

2444 4168 2461 4200 ι
2507 4152 2601 4203 καὶ
2629 4152 3032 4221 τερατουργοῦν
3073 4153 3165 4204 ἐπὶ
3205 4152 3280 4222 τῷ
3328 4155 3554 4223 ονοματ’
3622 4172 3740 4219 μου.
3779 4156 3923 4225 Ὅρα
3960 4158 4016 4207 δὲ

2443 4258 2461 4289 ι
2507 4240 2589 4292 ὅτι
2619 4241 2827 4310 πέμπει
2865 4243 2963 4310 μὲν
2992 4243 3123 4294 αὐτὸ
3156 4244 3300 4296 καὶὸ
3344 4244 3491 4308 Υἱὸς,
3532 4244 3605 4306 ὡς
3638 4246 3901 4313 ὁμότιμος
3936 4248 4019 4316 τῷ

2445 4355 2461 4386 ι
2511 4337 2706 4406 Πατρὶ,
2736 4337 2887 4407 παρὰ
2909 4339 3000 4392 τοῦ
3036 4338 3249 4409 [ἰατρὸς
3275 4339 3353 4404 δὲ,
3384 4339 3458 4401 ὡς
3490 4342 3641 4409 παρὰ
3680 4340 3773 4392 τοῦ
3799 4341 4020 4409 Πατρος

2448 4447 2465 4479 ι
2513 4431 2969 4498 ἐκπορευόμενον,
3007 4430 3157 4498 παρᾶ
3188 4428 3281 4481 τοῦ
3312 4428 3524 4499 Harpe;
3560 4431 3617 4483 δὲ
3647 4430 4020 4500 ἐκπορεύεται

783 4542 797 4572 ι
827 4524 930 4575 dit.
968 4521 1219 4576 Procedit
1277 4535 1404 4574 vero
1433 4536 1464 4573 a
1499 4519 1656 4573 Patre
1676 4529 1934 4589 tanquam
1977 4520 2045 4572 ab
2094 4518 2211 4586 ejus
2246 4533 2335 4571 es-

2450 4540 2466 4572 ι
2514 4522 2587 4584 ὠς
2627 4523 2690 4574 ὲκ
2722 4522 2819 4590 τῆς
2850 4522 3033 4585 οὐσίας
3066 4521 3253 4575 αὐτοῦ.
3297 4541 3315 4572 ι

780 4634 797 4666 ι
830 4614 1025 4669 scutia.
1058 4631 1076 4662 ι

1355 4698 1769 4753 Animadversio.

848 4832 866 4863 ‹
900 4812 1157 4864 Animum
1203 4810 1366 4865 etiam
1421 4810 1640 4863 adverte
1700 4810 1968 4879 piissimo,
2026 4824 2091 4864 ac
2131 4808 2339 4863 deifero

782 4923 799 4954 ι
847 4906 975 4956 huic
1006 4902 1296 4965 monacho,
1330 4915 1566 4953 consona
1590 4915 1713 4953 cum
1751 4900 1874 4954 aliis
1912 4901 2115 4955 sani-tis
2168 4901 2345 4954 Patri-

779 5010 801 5045 ‹
851 4994 951 5046 bus
975 4994 1041 5044 de
1109 4990 1314 5059 Spiritu
1372 5000 1582 5053 sancto,
1664 4989 1918 5057 illiusque
1992 4989 2344 5058 processione

780 5102 801 5136 ι
843 5084 1117 5147 referenti,
1153 5082 1528 5150 docentique.»

1423 5173 1714 5243 Refutatio.

850 5264 955 5318 Sed
1012 5263 1471 5333 quemadmodum
1525 5280 1555 5319 a
1610 5267 1775 5320 Patre
1838 5266 2103 5335 procedit,
2148 5267 2224 5320 uti
2278 5282 2344 5321 ex

783 5358 1011 5412 essentia
1041 5358 1184 5413 illius
1212 5361 1501 5422 exsisteus,
1533 5358 1603 5411 ita
1640 5368 1745 5412 eta
1781 5356 1921 5412 Filio
1958 5360 2211 5423 mittitur,
2262 5359 2337 5412 uti

783 5465 841 5502 ex
895 5450 1128 5503 essentia
1163 5450 1330 5517 ipsius
1380 5454 1671 5514 exsisteus,
1714 5468 1781 5505 ne
1843 5453 2001 5505 modo
2039 5451 2241 5514 servili,
2294 5458 2349 5504 et

784 5542 1178 5593 :uinistratorio
1215 5542 1330 5608 ipse
1375 5559 1404 5595 a
1456 5541 1596 5596 Filio
1653 5544 1921 5596 mittatur.
1995 5540 2143 5595 Licet
2198 5543 2345 5595 enim

786 5644 889 5681 non
915 5633 1101 5684 eadem
1139 5632 1309 5699 ipsam
1343 5636 1670 5698 naturalem,
1712 5635 2136 5688 etessentialem
2171 5633 2348 5703 Spiri-

786 5730 868 5774 tus
895 5723 1269 5775 exsistentiatn
1334 5726 1520 5779 missio
1571 5738 1713 5780 notet
1752 5744 1766 5791 ;
1805 5738 2174 5779 verumtamen
2224 5742 2348 5779 cum

786 5812 922 5863 hanc
970 5812 1343 5868 exsistentiam
1404 5816 1788 5885 subsequatur,
1856 5815 2113 5886 Spiritum
2150 5833 2175 5869 τι
2215 5815 2349 5869 Filio

3027 4707 3407 4760 Ἐπιστασία.

2517 4834 2536 4868 ι
2586 4818 2884 4888 Πρόσσχες,
2919 4819 2969 4869 εί
3000 4816 3202 4887 βούλει,
3253 4817 3454 4888 καὶτῷ
3502 4818 3783 4887 ὁσιωτάτῳ
3835 4820 4021 4888 τούτῳ

2451 4927 2467 4958 ι
2510 4910 2603 4962 καὶ
2632 4910 2876 4979 θεοφὸρῳ
2909 4909 3129 4979 μοναχῴ
3157 4909 3421 4978 σύμφωνα
3442 4911 3554 4972 τοῖς
3578 4909 3742 4972 θείοις
3769 4910 4025 4980 Harpax:

2451 5019 2468 5050 ι
2518 4999 2761 5071 περὶτοῦ
2794 5000 2949 5067 ἁγίου
3003 4999 3325 5070 Πνεύματος
3375 5000 3470 5054 καὶ
3511 5001 3609 5068 τῆς
3641 5000 3805 5053 αὐτοῦ
3848 5003 4023 5054 ixm—

2452 5112 2469 5145 ι
2516 5092 2751 5163 ρεύσεως
2779 5092 3133 5163 ὲξηγουμένῳ
3160 5110 3217 5145 τε
3256 5093 3351 5145 καὶ
3378 5093 3706 5147 διδάσκοντ;.
3750 5113 3767 5143 ι

3033 5185 3428 5253 ’ᾼντίερῤησις⁸

2527 5273 2665 5325 Ἀλλ’
2696 5273 2888 5344 ὥσπερ
2922 5276 3075 5343 παρὰ
3105 5275 3199 5327 τοῦ
3249 5276 3461 5345 Πατρὸς
3513 5274 3899 5346 ἐκπορεύεται,
3946 5279 4026 5339 ὡς

2447 5363 2511 5415 ἐκ
2538 5363 2636 5431 τῆς
2665 5365 2853 5427 οὐσίας
2884 5365 3048 5416 αὑτοῦ
3105 5364 3188 5429 ὃν,
3233 5362 3374 5417 οὕτω
3408 5368 3503 5418 καί
3529 5368 3679 5435 παρὰ
3737 5366 3831 5418 τοῦ
3888 5364 4026 5420 Υἱιῦ

2450 5456 2746 5524 πέμπεται,
2773 5456 2847 5519 ὡς
2878 5459 2941 5508 ἐκ
2984 5457 3082 5524 τῆς
3131 5457 3319 5519 οὐςίας
3350 5455 3518 5510 αὑτοῦ
3551 5458 3633 5523 ὃν,
3670 5458 3754 5511 ἴια
3794 5458 3870 5529 μὴ
3901 5459 4033 5513 διοι-

2450 5546 2681 5609 κονικῶς
2714 5549 2806 5599 καὶ
2837 5548 3182 5617 ὑπηρετικῶς
3207 5550 3294 5618 εἴη
3319 5553 3673 5620 πεμπόμενον
3709 5552 3839 5603 αὐτὸ
3868 5553 4030 5617 παρὰ

2449 5638 2541 5689 τοῦ
2578 5636 2731 5690 Υίοῦ.
2773 5640 2832 5690 El
2862 5640 2969 5707 γὰρ
2996 5644 3089 5691 καὶ
3119 5641 3193 5709 μὴ
3226 5641 3401 5710 αὐτὴν
3431 5641 3636 5712 ταύτην
3668 5642 3766 5710 τὴν
3790 5642 4033 5709 ρυεικὴν

2452 5730 2544 5781 καὶ
2573 5728 2809 5799 οὺσιώδη
2842 5730 2939 5780 του
2979 5728 3291 5795 ιΙνεύματος
3344 5732 3580 5801 ῦπαρξ;ν
3637 5734 3669 5803 ἡ
3698 5733 3903 5801 πέμψῃ
3932 5732 4032 5796 διι-

2454 5821 2555 5883 λοῑ,
2588 5821 2699 5871 ἀλλ’
2728 5820 2914 5889 ἐπειδὴ
2946 5821 3011 5889 τῇ
3067 5820 3297 5891 ὑπάρξει
3345 5822 3486 5892 αῦτη
3522 5840 3582 5890 γε
3618 5822 3921 5885 ἀκολουθεῖ,
3963 5837 4033 5872 ex
