4202 6454
796 345 902 408 619

1825 341 2036 404 JOAN.
2073 339 2281 403 V'ECCI
2317 343 2423 403 CP.
2470 341 2986 403 PATRIARCHE

3941 351 4048 410 ϐλ)

799 462 898 514 hac.
931 475 1140 513 ratione
1188 461 1424 514 servabit
1455 474 1551 514 nos
1603 459 1857 528 Spiritus,
1893 461 1984 526 qui
2045 474 2105 511 ex
2156 457 2370 514 Christo

2478 461 2639 529 φησίν
2663 475 2674 487 ⁸
2705 477 2722 509 ι
2765 458 2872 510 Καὶ
2898 455 3068 516 οὓτως
3105 458 3249 525 ἡμᾶς
3276 458 3501 525 φυλὰἓοι
3535 461 3593 510 τὸ
3629 461 3779 530 παρᾶ
3810 463 4051 530 Χριστοῦ

795 563 895 615 εει,
929 556 980 606 in
1015 553 1157 607 diem
1195 553 1389 607 futura:
1424 551 1839 621 redemptionis.
1887 570 1904 601 ι

867 739 1094 810 Magnus
1117 747 1170 792 et
1197 736 1636 805 Tbaumaturgus
1657 733 1948 805 Gregorius
1972 735 2369 789 Ncorarsarleu-

795 833 873 886 sis
895 832 1190 901 episcopus
1227 829 1495 892 oratione,
1518 841 1641 897 qua:
1676 827 1866 896 incipit
1902 843 1914 878 :
1953 845 1970 877 ι
2009 825 2369 879 InimiciSsimi

793 933 845 974 et
881 921 1042 974 alieni
1077 934 1105 972 a
1133 918 1478 974 confessione
1503 917 1803 988 apostolica
1858 927 1986 970 sunt
2045 918 2136 983 qui
2185 917 2372 970 dicunt

792 1028 910 1064 esse
969 1009 1165 1085 Filium
1227 1009 1388 1063 exiis
1438 1024 1558 1077 qua:
1610 1023 1717 1061 non
1769 1017 2006 1069 exstant,
2067 1027 2083 1057 ι
2136 1008 2367 1060 scribit:

797 1122 815 1151 ε
857 1101 1069 1154 Domini
1096 1100 1256 1154 Pater
1279 1099 1606 1168 principium
1639 1108 1721 1151 est
1747 1105 1814 1151 ab
1836 1111 2038 1152 aeterno
2062 1112 2184 1151 eum
2206 1112 2371 1166 gene-

795 1209 937 1256 rans,
971 1203 1023 1247 et
1054 1193 1316 1246 Dominus
1335 1199 1412 1246 est
1433 1198 1751 1261 prototypus
1785 1187 2036 1257 Spiritus.
2097 1206 2115 1239 ι
2145 1188 2369 1257 Magnus

794 1285 1045 1349 Basilius,
1091 1303 1109 1335 ι
1139 1282 1447 1339 Genitorem
1485 1291 1539 1336 et
1566 1290 1911 1350 prototypum
1943 1278 2062 1333 Filii
2096 1279 2308 1333 Patrem
2347 1299 2362 1330 ι

793 1385 1077 1444 nuncupat
1106 1375 1350 1429 oratione
1373 1381 1564 1442 quarta
1590 1373 1859 1426 adversus
1890 1372 2238 1426 Eunoniium.
2283 1390 2300 1421 ο

863 1559 1099 1612 Sanctus
1130 1557 1368 1628 (lyr-illus
1403 1558 1454 1609 in
1490 1572 1598 1611 uno
1634 1555 1808 1625 capite
1838 1556 1955 1609 libri
1981 1555 2201 1609 secundi
2227 1552 2368 1608 Tbe-

793 1664 1116 1715 saurorum;
1160 1668 1177 1699 ι
1214 1647 1506 1719 Proprium
1535 1660 1710 1702 autem
1745 1658 1830 1702 est
1853 1647 2084 1716 Spiritus
2124 1650 2369 1701 essentia:

2476 551 2698 618 Πνεῦμα
2732 553 2808 611 είς
2836 550 2932 618 τὴν
2965 546 3179 617 ἡμέραν
3230 550 3328 618 τῆς
3366 552 3676 619 μελλούσης
3725 556 4050 624 ἀπολυτρώ-

2475 659 2630 703 σεως.
2677 662 2693 692 ι

2555 731 2612 781 'U
2649 729 2820 798 μέγας
2853 729 2948 781 καὶ
2997 724 3433 799 Θαύματουργὸς
3478 732 3776 802 Γρηγέριος
3814 735 4050 789 Νξοκαι-

2477 821 2700 889 σαρείας
2733 819 3035 882 ἐπίσκοπος
3057 822 3118 872 tv
3150 819 3230 888 τῷ
3254 821 3396 889 λόγῳ
3439 817 3501 876 οὗ
3539 826 3570 892 ή
3611 825 3776 896 ἀρχὴ,
3813 845 3829 876 ι
3860 827 4048 897 Ἐχοι-

2476 929 2587 963 στοι
2623 912 2718 962 καὶ
2768 911 3044 980 ἀλλότριοι
3100 913 3199 978 τῆς
3263 912 3631 983 ἀποστολικῆς
3674 917 3967 986 ὁμολογίας
3999 923 4046 972 cl

2473 1007 2558 1056 τὸν
2592 1006 2823 1073 Χριστὸν
2851 1005 2908 1070 ἐξ
2932 1006 3030 1056 οὐκ
3053 1005 3222 1056 ὄντων
3255 1005 3536 1071 λέγοντες,
3578 1027 3596 1059 ι
3633 1010 3802 1079 φησίν
3827 1029 3842 1043 ·
3881 1031 3900 1062 ι
3939 1013 4045 1064 Τοῦ

2474 1098 2681 1166 Κυρίου
2716 1101 2741 1148 ὁ
2779 1099 2968 1168 Πατὴρ
3001 1099 3168 1170 ἀρχὴ,
3215 1103 3400 1165 ἁῐδίως
3431 1104 3594 1157 αὐτὸν
3626 1107 3915 1174 γεννήσας,
3956 1108 4050 1157 καὶ

2473 1189 2832 1255 πρωτὸτυπος
2863 1189 2957 1242 τοῦ
2989 1191 3313 1260 Πνεῦματος
3343 1195 3371 1247 ὁ
3407 1193 3634 1259 Κύριος.
3691 1215 3709 1247 ι
3763 1197 3822 1248 '0
3873 1199 4048 1263 μέγας

2474 1279 2771 1341 Βασίλειος,
2822 1298 2840 1330 ι
2905 1281 3218 1352 Γεννήτορα
3254 1285 3346 1338 καὶ
3396 1287 3759 1355 πρωτότυπον
3796 1289 3888 1341 τὶν
3935 1289 4044 1340 Πα-

2471 1372 2607 1441 τέρα
2648 1391 2664 1422 ›
2704 1373 2840 1442 φησὶ
2873 1390 2891 1423 ι
2935 1376 3029 1426 τοῦ
3064 1375 3194 1428 Υίοῦ
3233 1394 3250 1427 ι
3290 1379 3348 1429 tv
3374 1378 3455 1448 τῷ
3484 1381 3606 1431 κατ’
3645 1379 3914 1452 Εὐνομίου
3955 1399 4036 1433 u-

2470 1463 2673 1532 τάρτῳ.
2715 1482 2731 1514 ι

2555 1555 2615 1605 ‘0
2645 1554 2796 1622 ἅγιος
2819 1557 3080 1627 Κύριλλος
3116 1559 3171 1612 tv
3205 1559 3288 1612 ἑνὶ
3316 1561 3424 1614 τῶν
3473 1563 3782 1631 κεφαλαίων
3805 1564 3895 1617 τοῦ
3920 1565 4042 1616 δευ·

2471 1644 2625 1715 τέρου
2649 1646 2757 1701 τῶν
2785 1647 3089 1717 Θησαυρῶν
3120 1663 3133 1678 °
3163 1669 3182 1701 ι
3219 1652 3378 1704 Ἰδιον
3407 1653 3464 1706 δὲ
3493 1654 3710 1717 πάντως
3736 1655 3796 1708 τὸ
3818 1655 4043 1721 Πνεῦμα

794 1740 938 1808 Filii,
985 1756 1085 1795 nec
1124 1743 1192 1795 ab
1213 1749 1476 1794 extraneo
1506 1740 1843 1808 hypostasim
1881 1733 2061 1792 habet.
2098 1755 2116 1788 ι
2174 1735 2232 1790 In
2262 1737 2368 1790 alio

2478 1737 2571 1804 τῆς
2606 1739 2796 1803 οὐσίας
2845 1738 2939 1793 τοῦ
2978 1739 3131 1806 Υίοῦ,
3184 1743 3280 1796 καὶ
3327 1744 3429 1796 οὐκ
3463 1745 3664 1809 ἔξωθεν
3710 1746 4042 1800 ὑποστατόν.

794 1848 985 1887 rursus
1022 1850 1034 1886 :
1073 1851 1090 1884 ι
1126 1832 1262 1886 Cum
1303 1831 1484 1899 itaque
1504 1807 1644 1900 leges
1678 1829 1769 1882 dat
1799 1829 2070 1893 Christus,
2107 1838 2364 1898 tanquam

2489 1829 2575 1883 Ἐν
2606 1829 2751 1901 ἄλλῳ
2783 1832 2982 1884 πάλιν
3026 1852 3046 1885 ε
3106 1807 3549 1905 Νομοθετοῦντος
3601 1838 3897 1910 τοιγαροῦν
3949 1841 4046 1892 τοῦ

795 1925 846 1975 in
886 1925 1004 1991 ipso
1035 1924 1303 1976 exsistens
1356 1921 1591 1990 Spiritus
1626 1920 1772 1973 illius
1803 1921 1945 1988 leges
1979 1922 2090 1974 dat.
2137 1939 2154 1970 ι
2201 1919 2265 1973 Ει
2320 1920 2370 1972 in

793 2015 900 2067 aiio
939 2034 950 2066 :
980 2033 997 2064 ι
1036 2011 1268 2067 Necesse
1300 2025 1381 2067 est
1409 2026 1537 2082 ergo
1571 2009 1748 2073 fateri,
1780 2009 1928 2062 illum
1949 2023 2066 2063 esse
2089 2025 2152 2063 ex
2185 2025 2374 2064 essen-

793 2109 864 2158 tia
897 2103 1015 2160 Filii
1047 2115 1100 2159 et
1131 2104 1245 2167 Dei,
1273 2088 1396 2164 enim
1426 2117 1643 2156 omnem
1693 2102 1836 2154 illius
1904 2110 1958 2155 et
2002 2101 2372 2169 operationem

788 2208 841 2252 et
866 2200 1114 2252 virtutem
1144 2196 1436 2265 possideat.
1464 2214 1481 2244 ι
1546 2193 1679 2247 Item
1719 2194 1770 2245 in
1799 2192 1904 2245 alio
1936 2209 1948 2244 :
1988 2210 2004 2241 ι
2041 2191 2128 2246 Uti
2169 2208 2230 2245 ex
2283 2207 2342 2246 es

792 2291 964 2345 sentia
994 2291 1268 2344 exsistens
1321 2285 1720 2356 suppeditautis
1761 2285 1912 2338 illum
1956 2287 2180 2348 sanctis,
2213 2284 2372 2338 Chri-

769 2383 858 2435 -sti
891 2381 1160 2437 videlicet.
1197 2400 1215 2434 ι
1259 2381 1390 2436 Item
1423 2382 1476 2434 in
1506 2381 1612 2433 alio
1651 2398 1662 2432 :
1713 2398 1729 2428 ι
1764 2379 1984 2434 Nullum
2026 2381 2186 2450 igitur
2212 2389 2370 2433 natu-

793 2487 864 2524 ra:
918 2472 1213 2525 discrimen
1279 2471 1523 2540 agnoscit
1577 2468 1780 2522 Paulus
1831 2468 1972 2534 Filii,
2029 2479 2083 2523 et
2137 2468 2371 2538 Spiritus

793 2563 988 2622 sancti.
1018 2563 1108 2616 sed
1145 2560 1311 2614 veluti
1337 2576 1399 2615 ex
1438 2561 1576 2631 ipso.
1610 2570 1663 2615 et
1726 2562 1778 2615 in
1804 2562 1918 2627 ipso
1990 2560 2370 2624 exsistenteun,

792 2655 944 2708 illum
984 2654 1372 2708 dominationis
1407 2657 1629 2709 nomine
1662 2656 1910 2725 insignit.
1943 2673 1959 2704 ι
1995 2653 2121 2707 Item
2149 2655 2200 2706 in
2235 2653 2370 2706 alio:

799 2765 817 2798 ι
871 2746 1100 2802 Necesse
1154 2755 1235 2800 cst
1289 2746 1447 2800 fateri
1510 2746 1768 2812 Spiritutn
1853 2762 1919 2797 ex
1970 2745 2201 2799 essentia
2253 2742 2371 2796 Filii

791 2853 930 2890 esse.
978 2853 996 2886 ι
1029 2836 1156 2890 Item
1213 2837 1267 2888 in
1296 2836 1400 2891 alio
1429 2852 1442 2888 :
1483 2853 1498 2886 ι
1545 2837 1709 2905 Igitur
1744 2849 1806 2889 ex
1827 2835 2070 2889 essentia
2107 2834 2225 2888 Filii
2259 2834 2373 2903 Spi-

793 2929 952 2982 ritus.
998 2946 1015 2977 ι

865 3206 1013 3259 Idem
1047 3203 1398 3274 expositione
1441 3203 1494 3258 in
1535 3203 1883 3272 Evangelium
1925 3201 2169 3265 Joannis,
2218 3204 2268 3258 in
2303 3205 2369 3257 il-

792 3297 932 3352 lud:
974 3315 992 3348 ι
1027 3296 1095 3351 Ει
1138 3295 1279 3350 Deus
1316 3305 1434 3350 erat
1478 3295 1712 3349 Verbum
1743 3296 1785 3360 ³,
1851 3315 1870 3346 ι
1930 3297 2141 3363 inquit:
2193 3315 2209 3345 ι
2253 3295 2370 3350 Νοη

793 3391 978 3458 itaque
1019 3387 1199 3441 minor
1237 3396 1340 3451 est,
1371 3386 1463 3456 qui
1491 3387 1737 3441 eamdem
1780 3388 2048 3442 actionem
2097 3403 2220 3441 cum
2253 3403 2373 3455 per-

796 3483 936 3538 fecto
967 3481 1124 3536 Patre
1157 3481 1415 3550 possidet,
1471 3491 1523 3534 et
1553 3481 1816 3550 genitoris
1846 3480 2108 3550 Spiritum
2159 3490 2216 3534 ut
2247 3498 2371 3550 pru-

797 3578 972 3642 prium
1007 3574 1210 3629 bonum
1243 3587 1352 3625 non
1389 3573 1543 3627 aliter
1577 3583 1743 3638 certe,
1804 3588 1966 3641 quam
2008 3573 2123 3642 ipse
2161 3575 2374 3642 genitor

800 3666 982 3718 habet.
1028 3684 1047 3716 ι

865 3755 1006 3809 Idem
1045 3759 1096 3808 in
1143 3756 1478 3824 expositione
1534 3756 1807 3824 Evangelii
1862 3755 2158 3812 secundum
2212 3754 2377 3809 Joan-

798 3863 941 3912 nem,
981 3849 1032 3901 in
1064 3848 1268 3901 dictum
1302 3864 1314 3900 :
1348 3866 1365 3898 ι
1410 3846 1473 3899 Ει
1498 3863 1594 3917 ego
1625 3848 1826 3917 rogabo
1857 3847 2097 3913 Patrem,
2119 3856 2174 3902 et
2210 3847 2376 3901 alium

798 3945 1134 3998 l’araeletum
1163 3943 1312 3996 dabit
1337 3943 1489 3998 vobis
1517 3943 1582 4006 “,
1627 3962 1645 3994 ι
1701 3943 1924 4011 inquit:
1967 3960 1984 3992 ι
2048 3939 2184 3994 Nam
2250 3953 2374 3994 cum

800 4055 902 4091 una
946 4055 1069 4092 cum
1101 4038 1262 4090 Patre
1294 4038 1635 4091 naturalibus
1676 4037 1896 4091 deitatis
1921 4037 2076 4090 bonis
2125 4033 2378 4088 substan-

799 4131 998 4184 tialiter
1031 4129 1202 4183 Filius
1237 4129 1627 4192 communicet,
1689 4129 1878 4182 eodem
1909 4126 2069 4179 modo
2115 4124 2377 4192 Spiritum

799 4223 981 4287 habet,
1014 4237 1120 4288 quo
1139 4219 1292 4272 Pater
1311 4219 1508 4272 habere
1536 4218 1866 4288 intelligitur,
1891 4233 2000 4270 non
2027 4214 2377 4270 adventitium

803 4330 977 4382 neque
1010 4312 1236 4369 deforis.
1269 4315 1504 4369 Stultum
1535 4311 1680 4365 enim
1719 4320 1880 4377 atque
1908 4308 2172 4361 furiosum
2199 4312 2280 4359 est
2307 4304 2378 4357 ita

799 4407 1036 4457 sentire:
1073 4404 1165 4458 sed
1197 4402 1656 4473 quemadmodum
1711 4399 2086 4468 unusquisque
2134 4405 2378 4450 nostrum

2476 1921 2734 1992 Χριστοῦ,
2761 1922 2835 1984 ῶς
2862 1926 2919 1976 tv
2945 1919 3098 1993 αὐτῷ
3125 1926 3220 1979 καὶ
3247 1925 3306 1990 ἐξ
3334 1925 3501 1978 αὐτοῦ
3535 1929 3781 1996 φυσικῶς
3803 1930 4049 2000 ὑπάρχον

2472 2014 2533 2065 τὸ
2557 2013 2778 2084 Πνεῦμα
2809 2016 2978 2068 αὐτοῦ
3011 2018 3314 2086 νομεθετεῖ.
3364 2039 3382 2070 ι
3423 2020 3532 2073 Καὶ
3562 2022 3725 2074 πάλιν
3751 2023 3811 2074 tv
3861 2023 4008 2091 ἄλλῳ
4029 2039 4043 2053 ·

2480 2125 2496 2155 ι
2547 2105 2791 2176 Ἀνάγκη
2830 2105 3018 2159 λοιπὸν
3051 2108 3116 2159 ὲκ
3163 2110 3261 2178 τῆς
3293 2109 3481 2171 οὐσίας
3539 2111 3811 2180 ὑπάρχειν
3851 2113 4047 2180 ὁμολο-

2474 2198 2592 2262 γεῖν
2628 2197 2757 2249 αὐτὸ
2789 2198 2888 2266 τῆς
2913 2196 3007 2250 τοῦ
3041 2198 3169 2251 Υίοῦ
3207 2202 3300 2252 καὶ
3333 2201 3492 2263 Θεοῦ,
3527 2203 3710 2253 πᾶσαν
3745 2203 3912 2255 αὐτοῦ
3943 2208 4048 2271 τήν

2472 2306 2528 2340 τε
2560 2289 2792 2359 δύναμιν
2820 2291 2914 2343 καὶ
2937 2292 3035 2361 τὴν
3070 2293 3353 2362 ἐνέργειαν
3377 2293 3520 2363 ἕχον.
3564 2313 3584 2346 ι
3633 2295 3742 2349 Καὶ
3793 2297 3960 2348 πάλιν
3989 2298 4047 2348 ἐν

2473 2384 2616 2453 ἄλλῳ
2643 2397 2655 2410 ⁸
2698 2404 2716 2436 ι
2761 2383 2843 2447 Ὠς
2877 2383 2984 2454 γὰρ
3035 2386 3099 2437 ὲκ
3128 2387 3227 2454 τῆς
3260 2387 3450 2450 οὐσίας
3505 2387 3754 2456 ὑπάρχον
3798 2389 3899 2456 τῆς
3949 2388 4045 2440 τοῦ

2472 2476 2838 2546 χορηγοῦντος
2888 2477 3021 2529 αὐτὸ
3077 2480 3190 2539 τοῖς
3235 2479 3432 2544 ἁγίοις,
3466 2479 3705 2547 Χριστοῦ
3758 2479 3983 2550 δηλαδή.
4025 2497 4046 2533 ι

2475 2570 2583 2620 Καὶ
2614 2569 2773 2620 πάλιν
2807 2572 2863 2622 tv
2889 2569 3034 2638 ἄλλῳ
3055 2585 3067 2598 ·
3102 2587 3121 2619 ι
3154 2570 3428 2640 Οὐδεμίαν
3460 2573 3570 2640 ἄρα
3601 2572 3815 2641 φύσεως
3860 2573 4052 2640 διαφοο

2477 2663 2573 2729 ρὰν
2607 2655 2748 2713 οἶδεν
2779 2663 2806 2712 ὁ
2845 2661 3057 2721 Παῦλος
3087 2661 3185 2730 τῆς
3219 2661 3311 2714 τοῦ
3353 2661 3481 2714 Υίοῦ
3521 2664 3626 2722 ,καὶ
3661 2663 3821 2730 ἁγίου
3871 2665 4048 2716 Πνεῦ-

2477 2768 2664 2818 ματος,
2694 2751 2810 2803 ἀλλ’
2834 2751 2909 2815 ῶς
2935 2751 2993 2815 ἐξ
3028 2750 3190 2803 αὐτοῦ
3226 2753 3317 2803 καὶ
3349 2755 3406 2804 tv
3428 2753 3576 2822 αὐτῷ
3596 2753 3840 2821 φυσικῶς
3867 2753 4052 2820 ὑπάρ-

2474 2862 2588 2913 χον,
2619 2845 2694 2912 τῷ
2725 2844 2822 2912 τῆς
2856 2845 3182 2912 κυριότητος
3217 2845 3443 2912 ὀνόματι
3475 2845 3654 2901 καλεῖ.
3687 2863 3704 2896 ι
3747 2845 3856 2898 Καὶ
3888 2845 4054 2897 πάλιν

2501 2957 2529 2990 ν
2589 2939 2766 3008 ἄλλῳ·
2808 2958 2824 2990 t
2902 2940 3145 3006 ’Δνάγκη
3191 2941 3251 2990 τὸ
3307 2939 3532 3008 Πνεῦμα
3571 2943 3635 2993 ὲκ
3689 2943 3790 3010 τῆς
3855 2941 4053 3004 οὐσίας

2476 3031 2744 3098 ὑπάρχειν
2787 3029 3071 3098 ὁμολογεῖν
3103 3028 3195 3082 τοῦ
3218 3030 3368 3083 Υἰοῦ.
3409 3047 3429 3080 ι
3466 3031 3578 3083 Καὶ
3608 3031 3770 3084 πάλιν
3797 3034 3852 3084 tv
3880 3033 4048 3099 ἄλλῳο

2399 3146 2440 3202 c
2482 3138 2497 3168 ι
2541 3121 2750 3173 Οὐκοῦν
2790 3122 2854 3173 ὲκ
2880 3125 2978 3190 τῆς
3011 3121 3199 3184 οὐσίας
3231 3121 3324 3173 τοῦ
3355 3122 3487 3174 Υίοῦ
3520 3123 3579 3175 τὸ
3615 3122 3860 3193 Πνεῦμα.
3917 3145 3937 3174 ο

2559 3217 2617 3268 Ὀ
2657 3211 2818 3274 αὐτὸς
2850 3213 2906 3265 ὲν
2937 3215 3002 3283 τῇ
3035 3213 3300 3282 ἑρμηνείᾳ
3345 3213 3440 3265 τοῦ
3489 3213 3628 3266 κατὰ
3665 3214 3942 3284 Ἰωάννην,
3973 3219 4053 3278 είς

2474 3307 2532 3357 τὸ
2565 3304 2746 3375 ῥητὸν,
2779 3303 2861 3365 τὸ,
2896 3319 2912 3351 ι
2946 3302 3051 3354 Καὶ
3084 3301 3212 3362 Θεὸς
3234 3297 3298 3370 ἦν
3321 3302 3349 3351 ὁ
3384 3303 3610 3369 Λόγος,›
3649 3305 3844 3372 φησίν·
3884 3323 3902 3355 ι
3939 3307 4056 3358 Οὐκ

2475 3399 2584 3466 ἄρα
2622 3395 2858 3448 ἐλάττων
2895 3396 3040 3446 εστὶν
3065 3394 3092 3445 ὁ
3139 3396 3236 3463 τὴν
3283 3394 3455 3463 αὐτὴν
3492 3394 3778 3462 ἐνέργειαν
3795 3397 3936 3464 ἔχων
3978 3399 4056 3465 τίς)

2475 3489 2664 3557 τελείῳ
2703 3488 2894 3554 Πατρὶ,
2941 3487 3118 3537 καὶτὸ
3159 3483 3251 3536 τοῦ
3292 3487 3652 3555 γεννήσαντος
3687 3486 3910 3555 Πνεῦμα
3951 3488 4054 3554 φῦ-

2479 3597 2616 3642 σεως
2666 3581 2802 3641 ἰδίας
2863 3580 3003 3647 ἔχων
3060 3578 3283 3645 ἀγαθόν.
3349 3579 3470 3631 Τῶν
3524 3582 3908 3634 ὲνυποστάτων
3960 3579 4055 3634 οῦν

2478 3669 2666 3739 ῶσπερ
2697 3669 2888 3738 ἀμέλει
2926 3669 3017 3721 καὶ
3052 3671 3078 3720 ὁ
3106 3669 3318 3736 Πατήρ.
3360 3688 3378 3719 ι

2561 3763 2619 3813 Ὀ
2678 3761 2837 3822 αὐτὸς
2890 3765 2946 3813 ὲν
2988 3763 3054 3830 τῇ
3087 3762 3352 3830 ἑρμηνείᾳ
3385 3761 3478 3814 τοῦ
3508 3765 3649 3816 κατὰ
3691 3764 3944 3834 Ἰωάννην
3977 3767 4058 3822 sl;

2479 3855 2537 3905 το
2574 3853 2756 3923 ῥητὸν,
2803 3854 2885 3914 τὸ,
2939 3869 2958 3902 ε
3008 3853 3178 3918 Κάγὼ
3224 3854 3486 3922 ἐρωτήσω
3540 3856 3631 3906 τὸν
3673 3855 3914 3924 Πατέρα,
3965 3858 4058 3909 καὶ

2481 3946 2638 3998 ἄλλον
2681 3945 3034 4014 Παρακλητον
3075 3945 3237 3996 δώσει
3283 3945 3442 4012 ὑμῖν,
3500 3963 3517 3995 ι
3557 3945 3759 4013 φησιν’
3790 3946 3911 3998 Τῶν
3947 3949 4057 4016 γὰρ

2480 4037 2572 4090 τοῦ
2620 4036 2756 4089 Θεοῦ
2813 4039 2908 4086 καὶ
2961 4036 3172 4105 Πατρος
3227 4037 3470 4104 φυσικῶν
3521 4036 3742 4102 ἀγαθῶν
3775 4037 4057 4099 οὐσιωδῶς

2483 4130 2745 4199 ὑπάρχων
2764 4132 2791 4180 ό
2814 4129 2937 4189 Υἱὸς
2963 4129 3216 4189 κοινωνὸς
3243 4130 3354 4195 ἕχει
3377 4129 3437 4179 τὺ
3464 4129 3684 4197 Πνεῦμα
3704 4130 3846 4181 κατὰ
3869 4131 4059 4182 τοῦτον

2481 4223 2571 4274 τὸν
2598 4223 2818 4290 τρόπον,
2853 4221 2975 4273 καθ’
3007 4222 3174 4288 ὅνπερ
3209 4221 3272 4272 ἓν
3324 4223 3498 4272 vostro
3525 4223 3614 4273 καὶ
3655 4224 3684 4272 ὀ
3720 4221 3930 4291 Πατὴρ,
3955 4224 4060 4274 οὐκ

2485 4311 2742 4375 ἐπακτὸν,
2773 4310 2892 4362 οὐδὲ
2915 4309 3134 4376 ἔξωθεν.
3169 4308 3375 4377 Εὐηθες
3414 4310 3545 4377 γὰρ,
3577 4309 3777 4377 μᾶλλον
3807 4311 3864 4362 δὲ
3902 4329 4061 4376 μανι-

2486 4404 2579 4456 κδν
2629 4405 2690 4454 τὸ
2745 4403 2887 4454 οῦτω
2945 4403 3198 4470 φρονεῖν’
3265 4401 3379 4453 ἀλλ’
3435 4419 3451 4450 ι
3512 4400 3702 4469 ῶσπερ
3743 4402 3836 4452 καὶ
3899 4402 4059 4469 ἡμῶν

800 4496 1078 4564 preprium
1118 4495 1171 4548 in
1204 4469 1384 4563 seipso
1407 4493 1668 4562 Spiritum
1715 4491 1980 4553 continet,
2009 4500 2059 4544 et
2081 4489 2148 4542 ab
2171 4485 2373 4542 intimis

2483 4496 2711 4556 ἓκαστος
2738 4495 2797 4545 τὸ
2827 4494 2961 4546 [διον
2990 4469 3048 4544 tv
3084 4491 3263 4559 ἑαυτῴ
3303 4490 3524 4559 Πνεῦμα
3575 4491 3811 4561 συνέχει,
3853 4493 3949 4543 καὶ
3996 4495 4060 4544 ὲκ

801 4588 1102 4640 viseeribus
1161 4586 1224 4639 ad
1254 4585 1526 4639 exteriora
1585 4581 1862 4653 profundit
1900 4598 1914 4634 :
1948 4590 2227 4650 propterea
2252 4590 2377 4633 cor-

800 4694 961 4746 poree
1008 4677 1267 4731 Christus
1318 4674 1636 4737 insufflavit,
1699 4671 1993 4728 ostendens
2048 4672 2150 4725 hoc
2199 4670 2377 4740 signo,

802 4773 930 4840 quia
958 4769 1418 4840 quemadmodum
1454 4770 1522 4822 ab
1555 4781 1649 4822 ore
1688 4766 1925 4819 humano
1973 4777 2232 4833 corporee
2275 4762 2377 4815 bu—

805 4875 997 4914 manus
1031 4862 1254 4928 spiritus
1278 4859 1538 4929 procedit,
1594 4859 1673 4912 sic
1714 4873 1777 4910 ex
1827 4857 2008 4910 divina
2071 4853 2377 4909 substantia

802 4953 990 5008 deitati
1026 4960 1388 5020 congruenter
1423 4949 1679 5019 Spiritus,
1707 4950 1798 5018 qui
1831 4949 1899 5002 ab
1939 4962 2001 5000 ea
2029 4956 2112 5002 est
2157 4945 2382 5014 profun-

805 5048 970 5099 tlilttr.
1009 5065 1025 5095 ι

875 5140 1018 5193 Idem
1056 5141 1108 5191 in
1161 5145 1311 5191 sexto
1366 5137 1431 5189 ad
1477 5135 1748 5189 Hermiam
1787 5133 1925 5187 libro
1964 5135 2040 5188 ait
2079 5152 2093 5188 :
2127 5153 2145 5185 ε
2221 5135 2378 5190 Post-

806 5236 1028 5284 modum
1061 5229 1336 5299 quomodo
1369 5229 1422 5281 in
1476 5229 1631 5284 nobis
1669 5227 1837 5282 Filius
1871 5240 1966 5296 per
1999 5226 2259 5296 Spiritum
2304 5231 2382 5282 in-

805 5322 1048 5376 habitat?
1081 5320 1366 5384 Quomodo
1434 5321 1578 5388 quod
1621 5331 1812 5372 natura
1871 5318 2225 5373 excellentius
2275 5328 2379 5382 est,

2485 4585 2593 4638 τῶν
2622 4584 2915 4636 ὲνδοτάτων
2953 4583 3275 4651 σπλάγχνων
3319 4583 3399 4644 είς
3446 4585 3505 4634 τὸ
3535 4583 3639 4646 ἔξω
3674 4584 3895 4652 προχέει
3923 4597 3938 4614 ⁸
3971 4582 4062 4636 διὰ

2487 4677 2594 4745 γάρ
2636 4692 2719 4728 τοι
2749 4674 2909 4728 τοῦτο
2963 4675 3055 4727 καὶ
3114 4673 3445 4740 σωματικῶς
3490 4673 3624 4725 αὐτὸ
3675 4674 4063 4742 ἐνεφύσησενὸ

2488 4768 2740 4837 Χριστὸς.
2775 4767 2990 4829 δεικνὺς
3038 4767 3141 4830 ὅτι,
3179 4766 3478 4835 καθώσπερ
3531 4768 3595 4818 ἐκ
3642 4768 3908 4834 στόματος
3967 4765 4061 4817 τοῦ

2486 4857 2828 4927 ἀνθρωπείου
2881 4858 3097 4924 πρόεισι
3148 4857 3207 4908 τὸ
3259 4857 3482 4924 Πνεῦμα
3532 4856 4062 4925 σωματικῶς.οῦτω

2489 4949 2584 5000 καὶ
2621 4948 2688 4999 ὲκ
2718 4945 2818 5015 τῆς
2843 4945 2994 5008 θείας
3026 4947 3215 5007 οὐσίας
3246 4945 3566 5015 θεοπρεπῶς
3599 4946 3885 5015 προχεῖται
3918 4945 3980 4996 τὸ
4002 4943 4060 5009 ἐξ

2487 5039 2678 5106 αὐτῆς.
2718 5057 2736 5089 ι

2570 5131 2626 5182 ‘0
2656 5129 2837 5192 αὐτὸς,
2867 5129 2924 5181 έν
2960 5135 3015 5192 ς’
3041 5130 3150 5181 τῶν
3183 5129 3594 5198 προςἙρμεΞαν
3625 5128 3789 5197 φησίν
3813 5142 3825 5153 ·
3861 5147 3877 5177 ι
3918 5124 4051 5178 Εἶτα

2491 5220 2602 5283 πῶς
2631 5222 2763 5292 ἡμῖν
2793 5223 2819 5273 ὁ
2850 5220 2976 5282 Υἱὸς
3003 5221 3090 5273 διὰ
3114 5219 3208 5274 τοῦ
3241 5222 3556 5288 Πνεύματος
3589 5217 3902 5282 αὐλίζεταις
3939 5218 4061 5280 Πῶς

2488 5313 2543 5365 δὲ
2571 5313 2631 5364 τὸ
2655 5312 2876 5381 ἄμεινον
2909 5313 3049 5364 κατὰ
3070 5311 3230 5380 φύσιν
3251 5315 3350 5382 τὴν
3369 5313 3463 5364 τοῦ
3486 5312 3726 5381 χείρονος
3771 5311 4061 5378 ὲμποιήσει

809 5417 987 5469 minus
1013 5412 1328 5467 excellentis
1381 5413 1852 5483 participationem
1918 5409 2373 5464 commnnieabiti

2495 5404 2709 5474 μέθεξιν
2743 5405 2808 5457 δι’
2837 5403 3043 5468 αὐτοῦς
3075 5406 3183 5458 Καὶ
3234 5408 3279 5457 εί
3329 5404 3476 5466 θείας
3512 5405 3724 5472 φύσεως
3768 5403 4068 5455 ἀποτελού-

810 5509 922 5562 Etsi
952 5507 1152 5560 dit-ina:
1200 5515 1405 5558 natura;
1455 5503 1718 5557 cllieimur
1766 5502 2077 5570 participes,
2121 5503 2379 5569 Spiritum

811 5600 1158 5663 accipientes.
1208 5594 1482 5662 quomodo
1518 5590 1756 5645 secundo
1799 5591 1914 5642 loco
1959 5599 2080 5657 post
2119 5589 2378 5657 Spiritum

883 5757 900 5784 '
927 5752 948 5806 ,ι
979 5768 1082 5804 uin.
1117 5765 1147 5800 I.
1197 5750 1241 5800 l.
1322 5748 1339 5775 ⁸
1365 5747 1494 5801 ibid.
1534 5762 1638 5807 xu,
1679 5745 1757 5801 it}.

2495 5497 2632 5564 μεθα
2664 5496 2913 5549 κοινωνοὶ
2942 5497 3002 5548 τὸ
3052 5495 3276 5565 Πνεῦμα
3306 5496 3608 5566 δεχόμενοι,
3640 5496 3753 5557 πῶς
3799 5496 3856 5547 tv
3882 5494 4067 5547 δευτέ-

2492 5607 2606 5658 ροις
2654 5587 2746 5640 τοῦ
2801 5587 3116 5658 Πνεῦματος
3152 5590 3179 5642 ὁ
3210 5588 3372 5652 Υἱὸςς
3403 5589 3434 5658 ἥ
3478 5589 3591 5649 πῶς
3625 5589 3848 5658 ἄμεινον
3878 5585 4063 5650 αὐτοῦ,
