4202 6454
723 366 832 431 635

721 485 980 538 adversus
1014 480 1364 548 Eunomium,
1398 495 1519 552 qua:
1559 481 1754 551 incipit
1799 502 1811 536 :

720 575 897 640 detur,
923 590 1030 630 non
1058 584 1258 644 potest,
1281 584 1337 628 ut
1363 574 1456 645 qui
1489 574 1555 631 de
1582 577 1837 632 omnibus
1864 577 2002 632 bene
2024 577 2245 641 mereri,
2272 595 2290 628 ι

719 667 906 721 scribit
941 685 953 719 :
997 687 1016 719 c
1050 666 1212 722 Pater
1246 667 1469 734 quidem
1521 671 1641 722 sine
1671 668 1963 738 principio,
2009 679 2061 725 et
2089 669 2297 739 ingeni—

719 768 826 822 tus,
864 768 918 812 et
957 773 1173 829 semper
1217 760 1377 816 Pater
1420 761 1780 828 intelligitur;
1814 777 1880 815 ex
1920 776 1986 816 eo
2038 775 2167 815 vero
2196 761 2300 814 im-

718 851 953 906 mediate
1003 860 1056 906 et
1098 853 1330 908 indivise
1381 853 1697 921 unigenitus
1739 853 1914 908 Filius
1961 869 2087 908 cum
2136 853 2297 907 Patre

717 943 879 998 simul
918 944 1275 1014 intelligitur;
1332 961 1428 1015 per
1485 945 1628 999 hunc
1667 955 1848 1000 autem
1899 956 1951 1001 et
1992 962 2116 1002 eum
2157 949 2297 1015 ipso,

625 1068 631 1072 -
716 1044 1004 1105 antequam
1040 1037 1219 1092 inanis
1261 1047 1315 1092 et
1361 1053 1468 1092 non
1512 1039 1819 1094 subsistens
1870 1040 1923 1092 in
1972 1039 2152 1094 medio
2181 1054 2298 1110 per-

715 1128 892 1196 ceptio
923 1128 1170 1194 ‘incidat,
1225 1130 1406 1186 statim
1486 1129 1724 1198 Spiritus
1772 1129 2290 1199 sanctusfjunctim

715 1220 1038 1288 concipitur,
1077 1227 1199 1288 ;non
1231 1230 1354 1292 post
1379 1221 1575 1276 Filium
1618 1222 1938 1278 exsistentia
1975 1222 2290 1277 subsistens

715 1323 773 1366 ut
807 1313 1101 1382 aliquando
1138 1315 1466 1386 Unigenitus
1513 1316 1720 1386 absque
1765 1316 1976 1386 Spiritu
2008 1315 2289 1385 concipia-

613 1405 618 1407 ’
714 1412 824 1468 tur,
862 1405 955 1459 sed
989 1421 1056 1460 ex
1083 1421 1262 1461 rerum
1285 1407 1527 1461 omnium
1549 1409 1660 1464 Deo
1684 1419 1738 1464 et
1769 1410 1884 1477 ipse
1909 1423 2020 1462 sua:
2045 1409 2297 1463 essentia:

713 1511 930 1550 causam
966 1498 1189 1563 habens,
1218 1497 1362 1554 unde
1380 1507 1433 1554 et
1469 1499 1814 1569 Unigeuitum
1847 1500 2028 1554 lumen
2094 1488 2293 1565 oritur,

714 1603 808 1655 per
828 1604 1014 1642 verum
1055 1600 1237 1645 autem
1280 1593 1462 1645 lumen
1501 1593 1813 1648 elucesccns
1838 1593 2098 1663 Spiritus,
2123 1609 2295 1662 neque

711 1679 1000 1743 instantiae,
1047 1695 1222 1752 neque
1263 1695 1468 1737 naturae
1513 1684 1827 1740 diversitate
1874 1699 1905 1739 a
1951 1683 2132 1749 Patre,
2182 1686 2297 1740 sive

710 1771 779 1823 ab
811 1769 1094 1839 Unigenito
1119 1771 1257 1827 Filio
1280 1773 1560 1838 dividitur,
1585 1777 1669 1831 vel
1703 1776 2028 1846 sejungitur.
2080 1795 2098 1828 ι

783 1860 931 1915 Idem
979 1863 1116 1918 libro
1168 1875 1366 1934 quarto
1400 1867 1666 1922 adversus
1713 1867 2047 1923 Eunomium
2076 1910 2090 1933 ,
2139 1871 2298 1941 cujus
2333 1849 2376 1903 Β

713 1951 1040 2021 principium
1070 1971 1083 2007 :
1123 1972 1140 2005 ι
1177 1952 1297 2008 Jam
1347 1965 1561 2025 tempus
1594 1967 1678 2012 est
1703 1968 1756 2014 et
1782 1961 2294 2028 generatinaturam

709 2047 1048 2110 examinare,
1083 2067 1100 2098 ι
1149 2048 1369 2117 inquit:
1414 2069 1432 2103 ι
1474 2051 1609 2106 Cum
1642 2054 1782 2120 apud
1832 2069 1934 2109 nos
1972 2054 2292 2108 inconfesso

708 2139 778 2191 sit
831 2138 950 2192 Filii
1002 2154 1125 2210 erga
1190 2139 1408 2196 Patrem
1457 2141 1808 2210 coniunctum
1851 2154 1905 2198 et
1960 2146 2284 2210 indivisum,

710 2229 782 2281 ita
821 2238 880 2283 ut
903 2229 1042 2284 inter
1064 2244 1159 2287 eos
1192 2231 1401 2285 nullum
1440 2233 1676 2288 medium
1707 2234 2090 2289 interseratur.
2135 2256 2151 2286 ι

776 2417 924 2472 Idem
957 2417 990 2472 8
1019 2417 1281 2474 adversus
1309 2419 1662 2484 Eunomium,
1710 2422 1870 2492 cujus
1900 2423 2227 2493 principium
2275 2439 2290 2478 :

711 2527 732 2560 ο
775 2509 963 2566 Valida
1045 2510 1214 2582 igitur
1266 2509 1522 2568 Eunomii
1579 2514 1692 2569 haec
1741 2524 1910 2582 sunt,
1973 2536 1991 2568 ι
2062 2518 2290 2588 inquit:

717 2621 738 2653 α
775 2600 966 2673 Neque
1019 2603 1166 2658 enim
1214 2605 1526 2660 immediata
1572 2606 1673 2661 ista
1718 2608 2052 2680 contiguilas
2111 2610 2290 2680 rejicit

707 2697 1039 2750 voluntatem
1110 2695 1315 2760 Patris,
1343 2698 1501 2766 quasi
1543 2699 1646 2754 iste
1680 2708 1888 2754 natura:
1921 2702 2155 2769 quadam
2193 2717 2292 2756 ne-

705 2787 965 2842 cessitate
995 2788 1205 2859 absque
1239 2789 1409 2842 libcra
1434 2789 1700 2844 electione
1732 2791 1927 2844 Filium
1956 2792 2225 2846 habuerit.
2263 2812 2280 2843 ι

706 2878 776 2932 Et
815 2878 1094 2934 nonnullis
1139 2880 1368 2936 annexis
1407 2897 1422 2934 :
1469 2900 1486 2932 ι
1533 2881 1853 2936 lmmediata
1886 2892 1966 2936 est
2014 2883 2135 2937 Filii
2160 2899 2286 2954 erga

706 2968 924 3024 Patrem
981 2971 1330 3040 coniunctio,
1378 2987 1478 3028 nec
1520 2974 1800 3042 repellitur
1843 2974 1909 3028 ab
1963 2975 2284 3030 indivisibili

705 3061 1096 3131 conjunctione
1118 3063 1434 3127 consilium,
1459 3078 1583 3118 cum
1619 3064 1750 3119 illud
1777 3065 2059 3129 inhaereat,
2090 3081 2190 3121 nec
2214 3068 2285 3123 sit

704 3163 859 3210 extra
889 3155 1086 3209 bonam
1113 3164 1386 3209 naturam.
1427 3173 1446 3205 ι

774 3247 1008 3303 Sanctus
1035 3235 1274 3319 Cyriilus
1311 3250 1362 3302 in
1403 3264 1512 3304 uno
1542 3265 1606 3304 ex
1635 3253 1910 3321 capitibus
1963 3254 2085 3310 libri
2122 3256 2282 3324 primi

707 3335 1145 3402 Tliesaurorum,
1199 3339 1316 3391 ait:
1362 3358 1379 3390 ι
1417 3338 1654 3396 General
1695 3341 1856 3398 Pater
1899 3343 2100 3398 Filium
2135 3346 2284 3400 nullo

705 3429 1026 3498 interposito
1054 3431 1252 3485 medio.
1292 3449 1312 3482 ι

779 3519 924 3575 Idem
974 3521 1028 3575 in
1078 3519 1286 3576 dictum
1325 3537 1337 3574 :
1378 3538 1395 3571 ι
1432 3519 1532 3576 Hie
1579 3531 1698 3576 erat
1726 3524 1778 3577 in
1827 3526 2096 3595 principio
2140 3529 2278 3598 apud

709 3610 879 3665 Deum
924 3610 990 3674 ¹³,
1056 3629 1076 3663 ι
1150 3610 1204 3664 in
1254 3611 1599 3678 expositione
1641 3611 1917 3683 Evangelii
1979 3619 2279 3671 secundum

703 3697 965 3755 Joannem
987 3741 1000 3763 ,
1039 3701 1115 3754 ait
1149 3716 1164 3753 :
1201 3718 1220 3752 ι
1254 3699 1568 3756 lmmediate
1616 3710 1671 3758 et
1705 3705 1961 3774 contigue
1985 3717 2069 3761 est
2107 3707 2278 3764 Filius

705 3792 760 3844 in
798 3791 909 3844 Deo
941 3799 996 3846 et
1025 3789 1210 3845 Patre.
1250 3811 1285 3859 ι,

775 3884 918 3938 idem
957 3884 1010 3936 in
1063 3885 1193 3938 illud
1225 3884 1430 3940 dictum
1461 3903 1474 3938 :
1532 3907 1549 3938 ε
1580 3886 1770 3944 Omnia
1798 3907 1894 3961 per
1929 3895 2104 3963 ipsum
2138 3894 2280 3950 facta

706 3986 835 4031 sunt
868 3977 932 4040 ¹⁶,
972 3996 989 4028 ι
1040 3975 1173 4030 dicit
1209 3995 1221 4031 :
1280 3998 1296 4029 ι
1341 3977 1460 4033 Una
1497 3975 1621 4034 cu'm
1659 3981 1818 4038 Patre
1847 3985 2043 4040 Filium
2077 3988 2280 4042 intelli-

708 4069 888 4135 gimus
918 4079 1136 4138 propter
1167 4071 1419 4125 essentia:
1467 4073 1990 4140 immutabilitatcm,
2020 4089 2073 4132 et
2101 4082 2282 4134 excel-

706 4162 1010 4215 lentissimo
1038 4162 1196 4216 modo
1233 4163 1671 4241 cnntinuitatem,
1731 4177 1786 4222 et
1817 4170 2278 4226 immediationem

707 4253 879 4320 ipsius
910 4267 1032 4306 cum
1080 4254 1192 4320 illo,
1239 4270 1301 4308 ex
1339 4271 1449 4324 quo
1491 4258 1809 4312 naturaliter
1844 4263 2210 4330 progreditur.
2257 4283 2274 4315 ι

707 4344 774 4396 Et
820 4345 1008 4412 paucis
1055 4347 1282 4401 annexis
1325 4365 1336 4398 :
1399 4366 1417 4398 ι
1465 4348 1702 4403 Verbum
1746 4353 1971 4407 enimet
2017 4355 2281 4424 sapientia

709 4437 878 4492 Filius
905 4449 1008 4503 cst,
1039 4440 1182 4507 quod
1217 4455 1281 4493 ex
1315 4449 1494 4495 mente
1521 4451 1573 4495 et
1608 4445 1660 4495 in
1701 4453 1879 4498 mente
1905 4449 2190 4512 continue,
2227 4459 2282 4503 et

1764 365 1973 428 ΙΟΛΝ.
2018 368 2233 427 VECCl
2273 367 2380 426 (ΣΡ.
2424 369 2938 431 PATRIARCH/E

3880 377 3996 440 636

1871 503 1888 534 ι
1926 483 2090 548 Fieri,
2123 495 2181 538 ut
2214 485 2289 536 τί·
2327 493 2368 544 Α
2402 485 2670 554 Εὐνόμιον
2719 488 3174 559 Ἀντιῤῥητικῶν,
3229 490 3288 542 οῦ
3318 491 3350 559 ἡ
3385 489 3546 559 ἀρχὴ.
3581 509 3598 541 t
3637 492 3751 544 Οὐκ
3787 487 3879 562 ἦν,
3912 494 3994 554 ὡς

2407 575 2571 640 ἔοικε,
2595 577 2652 630 τὸ
2676 578 2882 644 πάντας
2915 578 3120 633 ἐθέλειν
3146 582 3477 651 εὐεργετεῖν,
3511 599 3529 632 ι
3560 584 3724 654 φησίν
3751 599 3761 611 ·
3799 603 3816 635 ι
3860 586 3991 637 Πα-

2406 669 2513 738 τὴρ
2553 670 2652 738 μὲν
2681 671 2918 740 ἄναρχος
2950 671 3044 724 καὶ
3073 673 3373 742 ἀγέννητος
3398 675 3600 728 νοεῖται
3639 690 3654 706 ο
3690 674 3750 739 ὲξ
3811 676 3992 727 αὑτοῦ

2405 759 2460 811 δὲ
2491 761 2632 812 κατὰ
2652 762 2712 814 τὸ
2748 765 3013 833 προσεχὲς
3050 764 3393 827 ἀδιαστάτως
3434 768 3462 818 ό
3507 768 3803 836 μονογενὴς
3856 767 3995 830 Υἱὸς

2375 855 2378 857 ’
2407 851 2482 920 τῷ
2521 853 2696 924 Πατρὶ
2729 857 3149 920 συνεπινοετται,
3183 856 3252 910 δι’
3283 857 3448 910 αὑτοῦ
3495 857 3551 910 δὲ
3588 859 3685 910 καὶ
3722 859 3845 925 μετ’
3877 861 3985 916 αὑ-

2406 944 2503 998 τοῦ
2536 947 2667 1015 πρίν
2729 964 2781 999 τι
2831 948 2986 1001 κενόν
3037 965 3096 1001 τε
3155 949 3249 1001 καὶ
3303 949 3676 1003 ἀνυπόστατον
3720 949 3992 1018 διαμέαου

2408 1041 2785 1107 παρεμπεσεῖν
2828 1039 3007 1108 νόημα
3048 1039 3212 1104 εὐθὺς
3243 1040 3338 1094 καὶ
3369 1043 3429 1093 τὸ
3463 1041 3691 1110 Πνεῦμα
3721 1041 3782 1094 τὸ
3813 1042 3982 1108 ἆγιον

2409 1129 2772 1198 συνημμένως
2814 1131 3350 1201 καταλλαμὸἀνεται,
3383 1133 3483 1202 οὐχ
3511 1131 3799 1201 ὑστερίζον
3829 1131 3980 1185 κατά

2407 1222 2505 1290 τὴν
2531 1221 2764 1290 ὕπαρξιν
2816 1225 2956 1294 μετά
2996 1225 3084 1277 τὸν
3133 1225 3284 1291 Υἱὸν,
3344 1224 3486 1278 ὥστε
3519 1225 3766 1299 ποτὲλτδν
3798 1226 3987 1279 Μονο-

2405 1313 2537 1383 γενῆ
2582 1315 2706 1384 δίχα
2748 1314 2840 1368 τοῦ
2898 1316 3216 1386 Πνεύματος
3268 1316 3560 1387 νοηθῆναι,
3631 1317 3748 1370 ἀλλ’
3777 1320 3840 1369 ὲκ
3879 1319 3987 1386 μὲν

2404 1405 2497 1459 τοῦ
2531 1406 2666 1460 Θεοῦ
2711 1408 2822 1460 τῶν
2849 1408 2988 1462 ὅλων
3021 1409 3116 1462 καὶ
3149 1410 3282 1464 αὐτὸ
3338 1409 3438 1479 τὴν
3477 1409 3659 1463 αἰτίαν
3707 1410 3830 1478 ἔχον
3879 1409 3985 1462 τοῦ

2404 1495 2561 1563 εἶναι,
2598 1500 2720 1553 ὅθεν
2749 1502 2844 1556 καὶ
2886 1503 2945 1553 τὸ
2992 1504 3290 1569 μονογενὲς
3324 1502 3445 1555 ἐστι
3496 1501 3632 1570 φῶς,
3667 1502 3756 1554 διὰ
3781 1501 3839 1554 δὲ
3881 1500 3985 1555 τοῦ

2403 1591 2657 1660 ἀληθινοῦ
2710 1594 2889 1661 φωτὸς
2925 1594 3242 1664 ἑκλάμψαν,
3283 1593 3411 1647 οὔτε
3445 1595 3808 1663 διαστήματι,
3848 1595 3982 1648 οὔτε

2404 1683 2616 1752 φύσεως
2668 1685 2948 1755 ἑτερότητι
2997 1683 3092 1737 τοῦ
3135 1684 3370 1755 Πατρδς,
3423 1685 3456 1752 ἢ
3491 1683 3584 1738 τοῦ
3632 1685 3986 1753 Μονογενοῦς

2402 1775 2795 1844 ἀποτέμνεται.
2833 1794 2851 1826 ι

2475 1867 2534 1919 '0
2574 1868 2738 1930 αὐτὸς
2769 1869 2827 1919 tv
2855 1868 2932 1938 τῷ
2959 1868 3005 1920 δ’
3028 1868 3134 1922 τῶν
3159 1867 3281 1921 κατ’
3322 1868 3616 1938 Εὑνομῖου,
3649 1862 3711 1922 οῦ
3745 1870 3776 1938 ἡ
3811 1868 3986 1938 ἀρχὴ,

2406 1976 2425 2010 t
2468 1959 2674 2029 Καιρὸς
2707 1959 2766 2012 δ’
2810 1960 2880 2012 ἂν
2910 1959 2994 2028 εἴη
3025 1962 3123 2013 καὶ
3175 1960 3276 2030 τὴν
3315 1961 3448 2031 περὶ
3482 1959 3577 2013 τοῦ
3638 1962 3985 2030 γεννήματος

2400 2048 2654 2114 ἐξετάσαι
2685 2048 3114 2116 φύσιολογῐαν,λι
3149 2049 3316 2120 φησιν
3339 2066 3352 2080 ·
3390 2068 3408 2100 ι
3462 2051 3684 2118 Ἐπειδὴ
3717 2051 3814 2102 καὶ
3849 2051 3987 2121 παρ’

2401 2139 2555 2210 ἡμῶν
2584 2140 2926 2210 ὁμολογεῖται
2951 2140 3043 2194 τοῦ
3075 2141 3201 2194 Υἱοῦ
3229 2141 3289 2194 τὸ
3319 2142 3452 2212 προς
3473 2143 3564 2195 τὸν
3588 2141 3808 2211 Πατέρα
3843 2159 3979 2193 συν-

2399 2234 2533 2301 αφές
2574 2251 2632 2286 τε
2678 2235 2772 2287 καὶ
2799 2234 3121 2303 ἀμέριστον,
3151 2233 3224 2298 ὡς
3289 2234 3455 2304 μηδὲν
3483 2229 3711 2288 εἶναιτὸ
3755 2234 3845 2286 διὰ
3878 2235 3978 2303 μέ-

2401 2342 2493 2376 σου
2523 2324 2730 2378 τούτων
2768 2326 3260 2396 παρενειρόμενον.
3303 2345 3322 2377 ι

2483 2417 2543 2488 Ὁ
2566 2415 2726 2480 αὐτὸς
2756 2419 2814 2469 tv
2862 2417 2942 2486 τῷ
2966 2423 3017 2488 η’
3047 2418 3157 2471 τῶν
3205 2418 3342 2488 πρὸς
3374 2418 3644 2488 Εὐνόμιον
3663 2419 3826 2488 λόγῳ,
3855 2411 3916 2472 οὗ
3947 2420 3978 2487 ἡ

2396 2487 2566 2578 ἀρχῆ,
2596 2526 2613 2559 ‹
2649 2509 2730 2561 Τὰ
2760 2509 2859 2578 μὲν
2891 2487 3212 2579 οῦνίσχυρὰ
3235 2487 3331 2562 τοῦ
3363 2509 3632 2579 Εὐνομίου
3675 2487 3928 2576 τοιαῦτα,
3957 2529 3974 2561 ι

2401 2603 2597 2671 φησίν·
2633 2621 2650 2652 ι
2692 2602 2826 2655 υὺδὲ
2858 2603 2966 2670 γὰρ
2999 2604 3033 2673 ἠ
3061 2603 3265 2672 ἀμεσος
3297 2601 3437 2670 αῦτη
3471 2603 3743 2672 συνάφεια
3777 2603 3983 2656 ὲκδάλ-

2395 2692 2475 2744 λει
2503 2695 2602 2762 τὴν
2625 2694 2881 2763 βούλησιν
2907 2694 3003 2747 τοῦ
3041 2693 3275 2763 Πατρὸς,
3307 2695 3382 2758 ὡς
3431 2696 3573 2749 κατὰ
3599 2713 3725 2748 τινα
3758 2696 3981 2764 φύσεως

2403 2784 2650 2853 ἀνάγκην
2705 2786 3086 2854 ἀπροαιρέτως
3132 2786 3222 2838 τὸν
3257 2785 3384 2837 Υἰὸν
3415 2788 3738 2856 ἐσχηκότος.
3802 2807 3821 2839 ι
3864 2790 3979 2842 Καὶ

2395 2879 2530 2945 μετά
2563 2895 2682 2930 τινα
2715 2894 2729 2908 ·
2824 2879 3094 2946 «Ἀμεσός
3128 2879 3276 2931 ἐστιν
3308 2879 3452 2949 ήτοῦ
3515 2879 3648 2932 riui
3713 2880 3854 2949 πρὸς
3879 2883 3976 2932 τὶν

2393 2970 2614 3038 Πατέρα
2661 2971 2950 3038 συνάφεια,
2977 2971 3191 3022 καὶούκ
3237 2970 3524 3037 ἐξωθεῖται
3553 2972 3661 3024 ἀπὸ
3705 2971 3804 3040 τῆς
3823 2971 3986 3025 ἀδιαο

2393 3061 2590 3114 στάτου
2614 3059 2910 3129 συναφείας
2949 3058 3199 3131 βούλημα
3232 3061 3296 3114 τὸ
3320 3063 3384 3131 τῇ
3414 3059 3592 3132 ἀγαθῇ
3634 3060 3798 3130 φύσει
3827 3063 3984 3125 ἐντὸς

2313 3189 2356 3247 c
2389 3153 2718 3221 ἐνυπάρχον.
2747 3173 2764 3203 ι

2482 3245 2538 3297 Ὀ
2568 3246 2721 3312 ἅγιος
2780 3244 3047 3314 Κύριλλος
3101 3246 3158 3297 tv
3217 3246 3298 3300 ἐνὶ
3342 3245 3456 3298 τῶν
3507 3246 3824 3314 κεφαλαίων
3881 3247 3982 3299 τοῦ

2399 3336 2617 3407 πρώτου
2641 3336 2748 3390 τῶν
2773 3336 3076 3406 Θησαυρῶν
3107 3352 3271 3406 φησιν
3295 3351 3308 3363 ·
3352 3354 3369 3384 ι
3417 3334 3585 3406 Γεννᾷ
3608 3339 3636 3388 ὁ
3668 3336 3857 3408 Πατὴρ
3883 3339 3984 3390 τὴν

2396 3429 2524 3481 Υἱὸν
2544 3427 2911 3494 ἁμεστεύτως.
2956 3449 2972 3478 ο

2474 3522 2533 3575 Ὀ
2551 3522 2712 3584 αὐτὸς
2727 3523 2878 3586 εξςτὸ
2896 3521 3059 3593 ῥητὸν
3070 3522 3147 3588 τὸ,
3178 3515 3376 3587 «Οὗτος
3393 3518 3460 3591 ἦν
3479 3523 3539 3576 tv
3558 3522 3702 3593 ἀρχῇ
3726 3521 3862 3592 πρὸς
3885 3522 3980 3574 τὶν

2391 3617 2544 3680 Θεὸν,
2587 3636 2605 3668 ι
2637 3619 2696 3670 tv
2725 3619 2792 3686 τῇ
2822 3618 3090 3686 ἑρμηνείᾳ
3151 3615 3244 3670 τοῦ
3277 3616 3418 3668 κατά
3464 3617 3726 3686 Ἰωάννην
3758 3633 3930 3686 φησιν
3958 3633 3970 3645 ο

2397 3727 2415 3758 ι
2477 3708 2721 3777 Ἀμὲσως
2755 3710 2847 3762 καὶ
2885 3707 3172 3778 προσεχῶς
3199 3709 3347 3761 ἔστιν
3384 3711 3411 3761 ὸ
3452 3709 3580 3772 Υἱὸς
3607 3711 3664 3761 tv
3724 3709 3804 3779 τῷ
3850 3709 3977 3778 Θεῷ

2393 3801 2486 3853 καὶ
2521 3800 2717 3871 Πατρξ.
2756 3818 2774 3850 ι

2477 3893 2534 3945 '0
2565 3894 2727 3956 αὐτὸς
2775 3896 2852 3956 εἰς
2895 3894 2954 3946 τὸ
3016 3893 3179 3964 ῥητὸν
3242 3894 3324 3956 τὸ,
3399 3913 3416 3945 ι
3459 3894 3642 3948 Πάντα
3672 3895 3749 3947 δι’
3797 3895 3972 3948 αὑτοῦ

2390 3987 2629 4052 ἐγένετο,
2661 4005 2679 4037 ι
2718 3987 2886 4055 φησιν
2920 4003 2933 4017 ·
2965 4005 2980 4037 ι
3016 3987 3262 4039 Συνεῖναι
3291 3987 3348 4038 δὲ
3384 3987 3459 4055 τῷ
3483 3987 3598 4055 Υἱῷ
3620 3988 3712 4040 τὸν
3747 3988 3975 4057 Πατέρα

2390 4078 2620 4148 νοοῦμεν
2649 4077 2740 4130 διὰ
2780 4077 2840 4130 τὸ
2897 4078 3328 4148 ἀπαράλλακτον
3396 4077 3498 4147 τῆς
3529 4079 3718 4141 οὐσίας
3755 4080 3852 4131 καὶ
3913 4081 3978 4132 τὸ

2388 4172 2573 4240 ἄκρως
2607 4171 2872 4239 προσεχές
2893 4187 2952 4223 τε
2976 4172 3068 4223 καὶ
3097 4171 3304 4240 ἇμεσον
3333 4171 3502 4225 αὐτοῦ
3544 4171 3681 4239 πρὸς
3706 4172 3767 4223 τὸ
3787 4171 3848 4234 ὲξ
3871 4172 3974 4224 αὐ-

2389 4261 2480 4314 τοῦ
2522 4262 2764 4330 φυσικῶς
2830 4262 3124 4334 προελθόνο
3169 4280 3187 4313 ι
3223 4263 3319 4314 καὶ
3349 4262 3481 4330 μετ’
3519 4261 3715 4329 ὀλίγα·
3787 4284 3806 4312 ι
3867 4263 3977 4314 A6-

2390 4372 2483 4423 γος
2519 4356 2616 4425 μὲν
2667 4354 2776 4426 γὰρ
2839 4357 2932 4407 καὶ
2992 4355 3157 4422 σοφία
3220 4356 3249 4407 ὁ
3312 4355 3460 4416 Υἱὸς,
3512 4354 3598 4406 διὰ
3669 4355 3730 4406 τὸ
3770 4355 3835 4405 ὲκ
3877 4355 3973 4407 νοῦ

2391 4452 2484 4501 καὶ
2533 4451 2593 4498 tv
2636 4446 2709 4516 νῷ
2745 4447 3027 4518 προσεχῶς
3060 4447 3152 4500 καὶ
3197 4446 3562 4508 ἀδιαστάτως,
3613 4446 3709 4497 καὶ
3758 4445 3858 4514 τὴν
3890 4447 3975 4508 εἰς

707 4529 1158 4596 inseparabiliter,
1208 4539 1261 4584 et
1305 4531 1444 4585 inter
1489 4547 1547 4586 se
1590 4534 1705 4601 ipsa
1767 4551 1955 4590 eorum
1997 4554 2117 4608 qua:
2175 4555 2272 4593 no-

2395 4540 2585 4610 ἱλληλα
2630 4539 2738 4592 τῶν
2791 4537 3320 4609 σημαινομένων,ὡς
3342 4536 3406 4591 ἂν
3432 4537 3574 4590 εἴποι
3645 4551 3729 4598 τις
3764 4538 3971 4604 ἀντεμο

704 4630 914 4682 tantur,
983 4631 1040 4673 nt
1096 4621 1318 4689 quidam
1381 4622 1604 4688 diceret,
1659 4627 1995 4697 reciprocam
2067 4629 2277 4684 immis-

704 4713 934 4767 sioncm.
976 4733 993 4765 ι

779 4803 1013 4859 Sanctus
1042 4806 1379 4875 Epiphanius
1409 4809 1652 4864 oratione
1687 4811 1738 4864 in
1773 4827 2028 4882 magnum
2075 4814 2280 4869 Saliba-

706 4909 842 4964 tum,
891 4899 1048 4969 cujus
1106 4901 1473 4969 principium:
1531 4921 1548 4953 ι
1590 4903 1728 4968 Quid
1781 4906 1878 4959 lioc
1928 4908 2053 4960 est?
2091 4926 2108 4959 ι
2156 4910 2276 4962 uit:

712 5008 730 5038 ε
773 4989 826 5041 lu
854 4991 1029 5044 medio
1074 4991 1303 5045 duorum
1345 4993 1640 5047 viventium
1672 4995 1890 5065 agnitus
1925 4993 2088 5052 Jesus
2120 4998 2278 5052 Chri-

704 5092 822 5135 stus
858 5083 909 5135 in
938 5084 1114 5138 medio
1137 5087 1312 5140 Patris
1342 5097 1394 5140 et
1417 5087 1538 5140 Filii
1568 5087 1798 5141 duorum
1828 5089 2146 5152 viventium,
2172 5092 2279 5144 vita

703 5188 766 5226 ex
809 5174 934 5238 vita,
971 5188 1158 5228 natura
1190 5178 1295 5231 vita
1331 5179 1603 5247 cognitus.
1643 5198 1661 5229 ι

781 5359 1014 5413 Sanctus
1063 5360 1300 5430 Cyrillus
1358 5361 1496 5414 libro
1556 5378 1605 5414 vr
1661 5380 1725 5415 an
1775 5363 2046 5418 llcriuiaxn
2103 5366 2276 5419 dicit:

708 5468 728 5498 σ
769 5451 1066 5516 Sequenlcs
1106 5453 1269 5519 igitur
1309 5469 1590 5507 sacrarum
1642 5455 2046 5524 Seripturaruin
2097 5457 2277 5518 Iidem,

702 5554 755 5592 et
786 5559 812 5593 τι
843 5543 1180 5608 sapientzbus
1236 5547 1525 5602 admodum
1575 5552 1760 5602 tritam
1805 5561 1857 5601 et
1905 5551 2065 5609 viam,
2103 5556 2157 5600 υι
2205 5550 2279 5602 ita

703 5636 900 5695 dicam,
943 5635 1302 5690 vehicularem
1346 5641 1637 5706 calcantes,
1679 5643 1838 5697 robur
1878 5641 1968 5697 Ι)ςί
2010 5651 2059 5694 el
2103 5641 2277 5694 Patris

775 5789 987 5846 "Joan.
1031 5808 1067 5857 ι,
1097 5794 1151 5846 ‘2.
1232 5795 1423 5850 “ibid.
1465 5797 1515 5849 5.

2383 4631 2565 4701 ϐολήν.
2604 4651 2621 4682 ι

2465 4821 2525 4873 Ὀ
2553 4822 2705 4889 ἅγιος
2753 4820 3091 4887 Ἐπιφάνιος,
3124 4818 3184 4869 tv
3238 4815 3313 4886 τῷ
3346 4818 3425 4878 εις
3455 4817 3515 4868 τὸ
3541 4816 3688 4884 μέγα
3744 4815 3968 4868 Σάϐϐαν

2383 4932 2473 4969 τον
2507 4917 2664 4983 Λόγῳ
2692 4914 2878 4976 αὐτοῦ,
2909 4906 2973 4965 οῦ
3001 4914 3033 4981 ἡ
3064 4911 3228 4980 ἀρχὴ,
3268 4929 3286 4962 ‹
3327 4911 3393 4962 Tt
3421 4909 3577 4962 τοῦτο
3627 4911 3896 4980 σήμερον,
3949 4929 3966 4960 ι

2387 5008 2552 5076 φησιν
2582 5021 2596 5036 ο
2629 5025 2648 5056 ι
2696 5005 2782 5058 Ἐν
2817 5003 2966 5074 μέσῳ
3015 5003 3109 5057 δύο
3149 5001 3305 5065 ζωῶν
3351 5000 3611 5068 γνωσθεὶς
3679 5000 3888 5068 Ἰησοῦς
3945 5003 3974 5052 ὁ

2386 5098 2622 5158 θεόπαις
2671 5099 2730 5148 tv
2783 5097 2937 5166 μέσῳ
2991 5094 3203 5163 Πατρὸς
3249 5095 3343 5147 καὶ
3375 5092 3698 5161 Πνεῦματος
3734 5092 3845 5142 τῶν
3872 5092 3996 5143 δύο

2389 5189 2563 5254 ζωῶν,
2641 5188 2756 5259 ζωὴ
2842 5189 2904 5239 ἐκ
2973 5187 3142 5255 ζωῆς,
3196 5185 3359 5252 φύσει
3411 5183 3524 5252 ζωὴ
3591 5182 3965 5251 γινωριζὸμε-

2389 5297 2499 5342 νος.
2541 5299 2559 5332 ι

2471 5370 2528 5422 ⁸0
2552 5370 2703 5438 ἅγιος
2741 5368 3007 5438 Κύριλλος
3044 5370 3101 5420 tv
3130 5367 3209 5435 τῷ
3254 5372 3306 5431 ς’
3334 5365 3444 5418 τῶν
3487 5365 3622 5433 πρὶς
3671 5363 3969 5434 οἝρμείαν

2389 5463 2549 5527 φησίν
2575 5477 2587 5489 ·
2617 5479 2635 5510 ι
2658 5459 2944 5527 Ἐπόμενοι
2972 5461 3148 5510 τοίνυν
3172 5459 3236 5527 τῇ
3263 5457 3369 5508 τῶν
3396 5456 3556 5525 ἱερῶν
3583 5457 3967 5522 πίστειγραμ-

2391 5553 2597 5618 μάτων,
2629 5552 2722 5602 καὶ
2762 5551 2928 5602 οἱονεὶ
2967 5551 3064 5620 τὴν
3105 5549 3306 5616 ἀτριϐῆ
3336 5537 3449 5608 τοῖς
3482 5549 3663 5612 σοφοῖς
3691 5546 3966 5613 ἁμαξιτὸν

2388 5643 2812 5712 ὃιαστείχοντες,
2843 5642 3076 5710 δύναμιν
3107 5640 3200 5693 τοῦ
3235 5637 3372 5692 Θεοῦ
3410 5640 3499 5692 καὶ
3554 5637 3763 5704 Πατρὸς
3795 5635 3964 5688 αὑτὸν
