4202 6454
711 357 829 425 639

1758 368 1970 431 JOAN.
2018 365 2235 428 VECCl
2273 365 2385 428 CP.
2422 365 2938 426 PATRIARCIHE

3889 367 3995 436 διο

713 483 847 530 csse
880 474 1094 541 dicunt,
1133 474 1226 545 qui
1268 486 1352 533 est
1382 491 1572 531 rursus
1607 475 1913 542 character,
1954 477 2141 534 lumen
2182 490 2315 532 vero

2431 473 2511 525 τοῦ
2543 472 2680 526 Θεοῦ
2732 475 2825 528 καὶ
2877 473 3093 543 [lat-p6;
3120 474 3212 526 τὸν
3264 473 3391 527 Tibi
3448 469 3586 527 εἷναί
3621 491 3807 542 φασιν,
3856 475 3997 543 ὅπερ

718 580 788 619 ex
835 566 953 635 ipso
996 565 1266 636 gratiam,
1318 582 1438 636 qua:
1474 582 1571 636 per
1624 567 1889 639 Spiritum
1938 570 1994 623 in
2029 576 2311 624 creaturas

727 666 1032 727 permanat.
1076 676 1094 708 ι
1144 656 1210 711 Et
1256 669 1375 729 post
1412 675 1629 730 pauca:
1684 680 1705 714 ι
1737 660 1873 716 Cum
1925 678 2055 717 vero
2095 662 2314 717 nemine

726 747 1084 803 addubitante
1134 749 1304 806 facies
1348 760 1432 807 est
1476 752 1569 838 Dei
1628 763 1683 807 et
1734 752 1913 809 Patris
1964 755 2158 815 Filius,
2209 753 2315 807 erit

725 839 895 893 etiam
950 839 1128 896 modis
1179 843 1436 897 omnibus
1488 844 1606 914 ipse
1658 855 1711 899 et
1761 846 2045 899 character
2092 846 2145 899 in
2200 859 2314 914 quo

729 928 876 985 Deus
908 929 1135 1001 sigillat.
1180 951 1199 985 ›

800 1107 949 1162 idem
994 1108 1049 1164 in
1086 1109 1336 1166 dictum:
1379 1132 1396 1165 ι
1441 1115 1702 1187 Alioquin
1737 1126 1957 1187 propter
1999 1133 2164 1188 opera
2200 1120 2314 1189 ipsa

729 1199 1022 1267 credite",
1055 1218 1075 1254 ι
1106 1203 1277 1259 dicit:
1308 1224 1327 1257 ι
1362 1204 1573 1261 Etenim
1598 1208 1642 1263 si
1671 1210 1899 1279 replevit
1926 1212 2096 1266 eteius
2145 1210 2317 1267 Filius

726 1301 782 1346 et
825 1300 1067 1375 extrema
1109 1302 1287 1363 terra,
1332 1300 1397 1353 ad
1448 1299 1716 1354 infernum
1752 1318 1949 1372 nempe
1981 1305 2314 1375 pertingens,

727 1374 1005 1451 quomodo
1047 1401 1157 1441 non
1210 1389 1315 1442 erit
1361 1404 1390 1443 a
1442 1392 1655 1446 ratione
1695 1393 2095 1449 alienissimum
2145 1374 2318 1450 conti-

728 1473 930 1529 nentiae
962 1491 1162 1533 nomen
1200 1480 1301 1549 ipsi
1344 1482 1691 1539 attribuere:
1727 1499 1905 1555 neque
1950 1485 2083 1539 illud
2133 1487 2319 1540 consi-

2414 564 2531 617 ἐστὶ
2580 566 2743 618 πάλιν
2784 568 2812 619 6
2859 564 3171 635 χαρακτὴρ,
3224 565 3339 633 φῶς
3383 565 3439 619 δὲ
3482 566 3542 619 τὸ
3588 566 3645 631 ἐξ
3679 567 3848 620 αὐτοῦ
3899 569 3999 638 τὴν

2413 659 2502 711 διὰ
2529 658 2625 713 τοῦ
2653 659 2971 731 Πνεύματος
3002 662 3091 714 ἐπὶ
3114 661 3213 727 τὴν
3237 661 3415 715 κτίσιν
3436 660 3733 731 διήκουσαν
3758 662 3942 730 χάριν.
3978 678 3996 711 ι

2418 752 2522 803 Καὶ
2550 750 2669 819 μετ’
2699 751 2855 819 ὀλίγα
2881 769 2896 786 ο
2932 770 2950 803 ι
3003 751 3222 820 Ἐπειδὴ
3251 751 3305 803 δὲ
3336 750 3787 820 ὀμολογουμένωτ
3829 751 4002 803 1:063-

2416 843 2567 895 ωπόν
2623 844 2740 896 ἐστι
2776 842 2871 897 τοῦ
2903 842 3038 895 Θεοῦ
3076 845 3170 894 καὶ
3206 843 3421 914 Πατρδς
3464 843 3492 895 6
3525 842 3671 905 Υἱὸς,
3702 842 3789 910 εἴη
3831 841 4005 909 δήπου

2420 934 2638 997 πάντως
2708 934 2870 997 αὐτὸς
2922 935 3019 989 καὶ
3067 934 3096 985 6
3146 933 3452 1005 χαρακτὴρ,
3500 935 3558 986 ἐν
3612 924 3657 1000 ᾧ
3714 933 4008 1000 σφραγίζει

2417 1027 2570 1091 Θεός.
2610 1047 2630 1080 ι

2499 1118 2558 1171 ‘0
2588 1118 2751 1183 αὐτὸς
2784 1121 2862 1183 είς
2888 1119 2949 1174 τὸ
2984 1120 3149 1192 ῥητὸν
3178 1120 3261 1185 τὸ,
3307 1139 3327 1171 ι
3363 1121 3424 1173 Εἰ
3454 1121 3510 1173 δὲ
3547 1120 3624 1191 μὴ
3652 1119 3741 1174 διὰ
3778 1120 3847 1174 τά
3868 1120 4009 1189 ἔργα

2418 1209 2557 1263 αὑτά
2588 1210 2899 1273 πιστεύετε,
2939 1231 2957 1263 ι
2999 1213 3167 1282 φησίν
3194 1228 3207 1242 ’
3242 1231 3259 1264 ι
3297 1211 3360 1266 Ei
3394 1214 3501 1282 γὰρ
3536 1212 3874 1283 πεπλήρωκε
3910 1212 4011 1281 μὲν

2417 1301 2682 1371 οὐρανοὺς
2720 1304 2747 1353 ό
2794 1302 2924 1366 Υἱὸς
2977 1305 3069 1357 καὶ
3096 1306 3164 1357 τὰ
3198 1303 3402 1374 ἔσχατα
3467 1304 3567 1374 τῆς
3596 1305 3718 1373 γῆς,
3757 1305 4011 1357 τουτέστι

2425 1391 2493 1444 τὰ
2524 1394 2605 1455 είς
2636 1394 2729 1445 τὸν
2754 1393 2909 1464 ᾅδην,
2941 1392 3059 1457 πῶς
3105 1394 3165 1446 οὐ
3195 1396 3401 1463 σφόδρα
3449 1393 3916 1463 παραλογώτατον
3954 1393 4014 1448 τὸ

2420 1482 2686 1551 περιοχῆς
2730 1483 2902 1552 ὄνομα
2933 1484 3277 1554 προσάπτειν
3314 1484 3484 1553 αὐτῷ,
3521 1483 3654 1553 μηδὲ
3696 1485 3878 1536 ἐκεῖνο
3916 1483 4010 1534 λο-

729 1564 949 1631 derant,
978 1567 1023 1622 si
1054 1567 1224 1625 facies
1250 1572 1416 1636 illius,
1442 1572 1930 1643 Spiritus‘nempe,
1967 1573 2136 1630 facies
2171 1577 2317 1631 enim

2431 1574 2751 1643 γισαμένους
2792 1575 2895 1640 ὅτι,
2927 1576 2977 1628 εί
3009 1575 3070 1627 τὸ
3109 1576 3405 1645 πρόσωπον
3438 1575 3630 1636 αὐτοῦ,
3654 1575 3909 1627 τουτέστι
3954 1575 4015 1628 τὸ

726 1653 853 1710 Filii
890 1656 1129 1727 Spiritus
1173 1663 1515 1731 appellatur,
1562 1665 1747 1718 omnia
1800 1666 2007 1735 replet,
2044 1667 2322 1736 quomodo

2431 1663 2671 1734 Πνεῦμα,
2694 1665 2989 1735 πρόσωπον
3010 1666 3119 1736 γὰρ
3142 1667 3237 1719 τοῦ
3262 1666 3396 1719 Υἱοῦ
3416 1666 3663 1732 καλεῖται
3684 1665 3744 1718 τὸ
3764 1664 4016 1734 Πνεῦμα,

734 1748 1090 1807 continentiae
1123 1754 1373 1809 terminis
1408 1754 1741 1825 alligabitur.
1788 1775 1804 1808 ι

2431 1754 2490 1807 ιὰ
2524 1756 2704 1808 πάντα
2735 1756 2954 1826 πληροῖ,
2988 1758 3105 1821 πῶς
3132 1761 3198 1814 ἂν
3234 1759 3397 1823 αὐτὸς
3424 1760 3555 1812 εἵσω
3578 1760 3791 1826 γένοιτο
3818 1774 4015 1828 περιο-

1265 1942 1657 1997 ΕΡΙΟΒΛΡΠΕ
1699 1942 1791 1998 lV.

805 2031 944 2087 Cum
978 2034 1201 2103 quidam
1236 2038 1288 2090 iu
1318 2036 1591 2092 Trinitate
1631 2038 2017 2094 mediattonem
2052 2038 2177 2093 Filii
2214 2054 2319 2093 non

733 2122 1048 2191 admittant,
1077 2141 1200 2195 quae
1226 2128 1405 2197 palam
1430 2138 1726 2198 aperteque
1751 2144 1779 2183 a
1831 2133 2037 2185 sanctis
2070 2132 2324 2185 Patrihus

732 2214 1079 2282 decernitur,
1124 2221 1416 2288 praesentia
1460 2222 1775 2276 testimonia
1824 2223 2081 2291 dictaque
2120 2224 2323 2293 scripto

742 2307 940 2362 tradita
991 2310 1220 2367 collecta
1276 2323 1439 2380 sunt,
1496 2313 1562 2367 ad
1610 2316 2002 2369 ostendendum
2060 2314 2323 2384 Spiritum

733 2416 829 2466 per
876 2400 1077 2456 Filium
1117 2402 1265 2459 Patri
1314 2406 1604 2474 conjungi,
1654 2416 1711 2462 et
1760 2407 1827 2462 ad
1876 2406 2325 2463 manifestissime

730 2495 1126 2551 declarandum
1165 2498 1372 2553 nemini
1396 2498 1635 2554 dubium
1675 2514 1799 2556 esse
1849 2502 1900 2555 in
1940 2499 2205 2557 Trinitate
2239 2518 2327 2557 or-

737 2587 958 2642 dinem.

809 2678 1044 2749 Magnus
1066 2680 1404 2738 Athanasius
1437 2684 1688 2738 oratione
1720 2695 1915 2754 quarta
1949 2696 2139 2741 contra
2169 2687 2325 2741 Aria-

737 2787 859 2835 nos,
888 2786 1013 2843 qua:
1041 2772 1275 2843 incipit:
1313 2792 1331 2825 ι
1371 2776 1551 2830 Semel
1588 2776 1778 2831 Ariani
1816 2788 2137 2844 statuentes,
2171 2790 2231 2833 ut
2259 2794 2328 2834 ex

739 2879 799 2917 re
826 2872 1078 2935 apparet,
1106 2865 1417 2921 defectores
1449 2882 1569 2922 sese
1599 2871 2159 2939 praavarieatoresque
2191 2873 2330 2926 veri-

739 2957 870 3012 tatis
894 2956 1176 3021 exhibere,
1211 2958 1265 3011 in
1299 2973 1359 3013 se
1393 2960 1680 3014 traducere
1711 2961 1940 3015 omnino
1974 2963 2108 3015 velle
2141 2963 2331 3015 viden-

738 3061 864 3114 tur,
902 3050 1046 3120 quod
1085 3053 1353 3119 scriptum
1402 3062 1522 3113 est,
1561 3071 1580 3104 ι
1618 3050 1836 3121 inquit:
1880 3070 1899 3103 ι
1944 3054 2185 3121 Spiritus
2221 3069 2328 3107 non

2423 1850 2614 1919 χῆςςι

2979 1946 3323 1999 ΕΠΙΓΡΛΦΗ
3377 1946 3451 1999 Δ’.

2509 2037 2728 2107 Ἐπειδὴ
2761 2055 2905 2101 τινες
2939 2038 3017 2109 μὴ
3050 2039 3477 2107 καταδεχόμενοι
3506 2042 3607 2108 τὴν
3635 2039 3697 2091 ὲν
3723 2040 3791 2109 τῇ
3819 2037 4020 2107 Τμάδι

2430 2130 2715 2194 μεσιτείαν
2766 2129 2859 2182 τοῦ
2912 2130 3071 2193 Υίοῦ,
3128 2130 3413 2200 προδήλως
3453 2131 3609 2200 παρὰ
3667 2130 3779 2181 τῶν
3836 2130 4018 2197 ἁγίων

2426 2220 2875 2290 θεολογουμένην,
2934 2220 3312 2291 ἀπαρνοῦνται
3370 2222 3463 2275 καὶ
3516 2222 3578 2273 τὸ
3631 2221 3769 2283 ὅλως
3827 2222 4019 2289 λέγειν

2426 2312 2598 2380 ὄνομα
2628 2310 2835 2375 τάξεως
2868 2315 2925 2364 ὲν
2965 2315 3031 2383 τῇ
3067 2313 3283 2382 Τριάδι,
3321 2313 3697 2383 συνελέγησαν
3728 2315 3784 2367 αί
3815 2313 4029 2383 παροῦ-

2429 2419 2518 2455 σαι
2547 2407 2823 2471 γραφικαὶ
2855 2407 3079 2476 χρήσεις
3108 2408 3187 2468 είς
3217 2405 3456 2474 δήλωσίν
3483 2423 3541 2459 τε
3576 2405 3670 2460 τοῦ
3702 2407 3763 2459 τὺ
3794 2406 4026 2474 Πνεῦμα

2426 2496 2516 2548 διὰ
2538 2496 2632 2548 τοῦ
2660 2497 2791 2550 Υίοῦ
2823 2497 3194 2553 συνάπτεσθαι
3225 2498 3303 2567 τῷ
3336 2486 3535 2568 Harp),
3584 2500 3680 2552 καὶ
3726 2500 3807 2563 είς
3837 2500 4029 2568 παρά-

2431 2603 2625 2641 στασιν
2688 2589 2780 2641 τοῦ
2816 2589 3073 2658 λέγεσθαι
3105 2591 3383 2661 άριδήλως
3418 2590 3573 2655 τάξιν
3604 2596 3663 2645 ιν
3692 2595 3759 2662 τῇ
3800 2592 4025 2661 Τριάδι.

2512 2679 2573 2732 Ὀ
2611 2681 2784 2748 μέγας
2843 2680 3169 2743 Ἀθανάσιος
3209 2682 3268 2733 ἒν
3310 2681 3389 2750 τῷ
3433 2682 3576 2734 κατὰ
3624 2680 3926 2752 Ἀρειανῶν
3978 2688 4029 2749 γ’

2429 2771 2594 2840 λόγῳ,
2640 2767 2701 2825 οῦ
2736 2774 2769 2842 ἡ
2801 2771 2967 2842 ἁρχὴ,
3022 2790 3040 2823 ι
3102 2773 3167 2825 Oi.
3226 2773 3661 2842 ’Λρειομανῖται,
3718 2771 3796 2835 ὡς
3849 2773 4027 2835 ἔοικε.

2430 2863 2719 2933 κρίναντες
2755 2864 2905 2929 ἅπαξ
2934 2865 3243 2919 ἀποστάται
3276 2864 3536 2933 γενέσθαι
3570 2865 3666 2918 καὶ
3696 2865 4030 2934 παραϐάται

2429 2955 2530 3023 τῆς
2569 2956 2851 3025 ἀληθείας,
2890 2956 3287 3023 φιλονεικοῦσιν
3328 2957 3408 3017 είς
3446 2956 3674 3018 ἑαυτοὺς
3715 2955 4029 3023 ὲφελκύσαι

2432 3048 2492 3099 τὸ
2516 3049 2924 3118 γεγραμμένον,
2964 3067 2982 3100 ι
3013 3048 3179 3118 φησίν
3203 3064 3216 3079 ο
3254 3066 3273 3100 ι
3310 3048 3386 3102 Οὐ
3417 3048 3477 3100 τὸ
3509 3046 3735 3117 Πνεῦμα
3758 3048 4032 3102 συνάπτει

735 3140 1024 3210 coniungit
1047 3140 1195 3195 Patri
1220 3140 1480 3206 Verbum,
1507 3142 1600 3197 sed
1625 3143 1809 3208 potius
1834 3138 2071 3211 Spiritus
2095 3158 2123 3195 a
2153 3143 2327 3197 Verbo

2432 3137 2523 3189 τὸν
2557 3138 2733 3205 Λόγον
2765 3138 2843 3207 τῷ
2875 3141 3073 3210 Πατρὶ,
3119 3138 3256 3192 ἀλλὰ
3294 3140 3498 3208 μᾶλλον
3529 3140 3591 3191 τὸ
3620 3137 3846 3207 Πνεῦμα
3875 3142 4032 3209 παρὰ

741 3236 792 3285 id
830 3234 1051 3304 accipit.
1092 3253 1111 3287 ι
1151 3233 1216 3288 Et
1236 3244 1359 3305 post
1381 3250 1554 3305 pauca
1584 3253 1596 3289 :
1630 3255 1648 3288 ι
1675 3236 1811 3291 Cum
1852 3237 2054 3290 etenim
2090 3235 2325 3291 Verbum

2433 3229 2526 3281 τοῦ
2586 3230 2761 3297 Λόγου
2816 3230 2975 3283 τοῦτο
3028 3230 3322 3300 λαμϐάνει.
3392 3249 3411 3281 ι
3476 3231 3585 3283 Καὶ
3647 3229 3768 3299 μετ’
3824 3230 4024 3298 ὀλίγα·

743 3330 797 3375 in
830 3323 989 3380 Patre
1020 3334 1136 3391 est,
1179 3324 1420 3394 Spiritus
1453 3342 1582 3381 vero
1610 3343 1673 3381 ex
1720 3326 1899 3381 Verbo
1927 3328 2118 3392 datur,
2154 3328 2266 3381 vult
2299 3345 2327 3381 a

2438 3340 2456 3372 ι
2513 3324 2730 3393 Ἐπειδὴ
2771 3324 2878 3393 γὰρ
2922 3327 2949 3375 6
2994 3324 3167 3390 Λόγος
3217 3324 3366 3377 ἐστὶν
3388 3326 3448 3375 ὲν
3498 3323 3593 3393 τῷ
3624 3323 3820 3394 Πατρὶ,
3879 3324 3940 3375 1:6
3972 3323 4030 3376 δὲ

743 3418 904 3472 nobis
941 3416 1205 3485 Spiritum
1244 3420 1438 3487 accipi,
1475 3426 1533 3472 ut
1568 3434 1692 3473 eum
1736 3420 1888 3472 illum
1928 3420 2327 3489 acceperimus,

744 3519 858 3563 tum
906 3509 1172 3564 habentes
1212 3508 1478 3580 Spiritum
1527 3509 1691 3565 Verbi
1744 3512 1889 3579 quod
1934 3512 1988 3565 in
2031 3512 2193 3567 Patre
2222 3522 2327 3577 est,

741 3600 1029 3654 videamur
1075 3610 1131 3655 et
1191 3616 1291 3655 nos
1342 3612 1565 3670 propter
1621 3600 1926 3670 Spiritum,
1979 3619 2150 3657 unum
2204 3619 2328 3656 eum

750 3690 926 3745 Verbo
960 3690 1111 3755 ﬁeri,
1151 3701 1206 3746 et
1242 3708 1336 3761 per
1382 3693 1558 3761 ipsum
1602 3707 1723 3746 cum
1760 3691 1943 3749 Patre.
1982 3714 2000 3744 ι
2038 3694 2104 3747 Ει
2142 3695 2332 3763 paucis

745 3781 974 3849 adjectis
1004 3796 1019 3840 :
1058 3800 1076 3833 ι
1110 3781 1221 3836 llac
1250 3783 1462 3838 ratione
1487 3783 1540 3838 in
1576 3782 1714 3837 Filio
1748 3794 1801 3838 et
1838 3786 1888 3837 in
1916 3784 2075 3839 Patre
2100 3788 2330 3852 erimus,

745 3887 799 3927 et
824 3876 1204 3945 reputabimur
1237 3891 1406 3930 unum
1442 3878 1557 3929 licri
1581 3915 1595 3938 ,
1630 3877 1777 3946 quod
1817 3878 1868 3930 iu
1904 3882 2011 3929 nol)
2034 3895 2059 3931 s
2096 3878 2332 3945 Spiritus

747 3978 852 4034 est,
890 3968 1087 4038 quiest
1115 3969 1168 4022 in
1194 3966 1373 4023 Verbo
1415 3970 1597 4033 illius,
1649 3969 1793 4038 quod
1847 3978 1929 4023 est
1982 3972 2033 4023 in
2087 3967 2266 4023 Patre.
2308 3989 2324 4020 ι

843 4159 965 4214 dem
999 4160 1228 4227 epistola
1269 4160 1337 4216 ad
1377 4161 1734 4231 Serapionem
1769 4162 1835 4215 de
1873 4161 2079 4231 Spiritu
2116 4173 2331 4224 sancto,

746 4267 868 4319 ηιιτε
918 4252 1153 4323 incipit:
1209 4273 1227 4307 ι
1290 4253 1512 4310 Litterae
1560 4264 1667 4309 tua:
1716 4254 2055 4308 sanctissimi
2106 4255 2334 4311 aﬂ‘eetus

744 4344 886 4398 data:
929 4352 1055 4398 sunt
1106 4343 1238 4397 mihi
1292 4346 1347 4398 in
1419 4361 1627 4400 eremo.
1682 4344 1766 4401 Ob
1810 4343 1972 4400 Verbi
2014 4346 2159 4399 enim
2207 4361 2330 4399 eum

749 4434 912 4488 l‘atre
941 4434 1242 4502 unitatem,
1288 4435 1482 4490 nolunt
1520 4434 1715 4489 Filium
1753 4436 1806 4489 in
1852 4450 2144 4489 numerum
2176 4450 2330 4489 crea-

744 4537 994 4579 turarum
1047 4526 1349 4583 recenseri.
1390 4527 1502 4581 Cur
1547 4527 1712 4597 igitur
1759 4526 2022 4595 Spiritum
2059 4537 2333 4593 sanctum,

743 4620 842 4686 qui
876 4619 1036 4674 habet
1058 4619 1309 4674 eamdem
1340 4617 1605 4675 unitatem
1634 4631 1759 4671 cum
1785 4615 1947 4683 Filio,
1969 4631 2135 4687 quam
2163 4617 2336 4673 Filius

748 4710 916 4766 habet
949 4726 1074 4766 eum
1110 4710 1308 4776 Patre,
1346 4720 1656 4766 creaturam
1693 4710 1928 4765 dicunt?
1956 4707 2144 4778 Neque
2179 4709 2336 4763 intel-

745 4802 926 4869 tigunt
956 4795 1101 4872 quod
1138 4802 1629 4871 quemadmodum,
1666 4803 1759 4872 qui
1790 4801 1991 4856 Filium
2026 4801 2279 4855 dividunt
2305 4816 2335 4854 a

761 4898 942 4958 ltatre,
975 4905 1255 4966 nequeunt
1281 4896 1420 4952 tueri
1450 4906 1509 4951 ut
1540 4911 1683 4951 unus
1712 4896 1783 4950 sit
1813 4894 1977 4956 Deus,
2017 4894 2089 4948 ita
2115 4908 2338 4963 quoque

748 4986 1060 5042 dividentes
1091 4987 1359 5058 Spiritum
1388 4996 1636 5043 sanetum
1670 5002 1699 5039 a
1734 4984 1934 5050 Verbo,
1969 4999 2074 5038 non
2107 4991 2337 5053 possunt

756 5095 975 5136 servare
1008 5096 1171 5135 unam
1204 5080 1259 5135 in
1293 5079 1567 5134 Trinitate
1596 5078 1955 5132 divinitatem.
1999 5094 2018 5127 ι
2056 5074 2119 5129 Et
2150 5075 2335 5129 multis

749 5173 952 5229 additis
992 5174 1046 5227 in
1078 5174 1266 5229 eadem
1293 5190 1306 5227 :
1348 5191 1366 5224 ι
1403 5171 1459 5225 In
1485 5170 1706 5225 Christo
1734 5180 1851 5225 erat
1883 5167 2118 5237 Spiritus
2140 5181 2333 5234 quem-

754 5269 1047 5323 admodum
1094 5268 1260 5322 Filius
1289 5268 1341 5321 in
1379 5266 1558 5320 Patre.
1600 5284 1618 5315 ι
1661 5264 1727 5319 Et
1756 5277 1976 5317 rursum
2016 5277 2030 5314 :
2080 5277 2097 5308 ι
2137 5257 2334 5312 Sancta

753 5372 807 5415 et
840 5362 998 5416 beata
1031 5361 1275 5415 Trinitas
1308 5359 1657 5415 indivisihilis
1691 5368 1743 5411 et
1774 5356 1924 5411 unita
1974 5368 2095 5407 cum
2129 5366 2188 5405 se
2220 5351 2338 5420 ipsa

755 5461 880 5517 est,
926 5464 980 5507 et
1017 5468 1145 5507 cum
1183 5453 1501 5507 enuntiatur
1543 5452 1723 5512 Pater,
1763 5451 1909 5502 adest
1950 5462 2055 5501 una
2092 5446 2338 5500 simulet

760 5546 911 5600 illius
946 5544 1205 5611 Verbum,
1234 5555 1289 5602 et
1324 5544 1560 5615 Spiritus
1585 5545 1679 5612 qui
1719 5546 1768 5595 in
1806 5539 1944 5594 Filio
1971 5548 2086 5601 est;
2116 5537 2259 5605 quod
2289 5536 2337 5589 si

757 5638 925 5693 Filius
958 5638 1279 5703 appellatur,
1315 5639 1367 5691 in
1400 5638 1534 5694 Filio
1569 5636 1721 5691 Pater
1752 5645 1851 5698 esi,
1879 5646 1927 5689 et
1962 5631 2199 5689 Spiritus
2228 5644 2333 5683 non

839 5804 1044 5862 νέοιο
1104 5818 1210 5861 inv,
1256 5800 1337 5856 l2.

2436 3414 2662 3482 Πνεῦμα
2690 3418 2752 3467 ἐκ
2782 3414 2877 3467 τοῦ
2919 3416 3095 3480 Λόγου
3132 3414 3361 3476 δίδοται,
3389 3413 3536 3468 θέλει
3568 3415 3753 3467 λαϐεῖν
3786 3416 3943 3484 ἡμᾶς
3967 3417 4027 3467 τὸ

2436 3506 2682 3576 Πνεῦμα,
2720 3507 2833 3574 ἵνα,
2868 3508 2999 3560 ὅταν
3035 3508 3214 3560 ἐκεῖνο
3241 3507 3520 3575 λάϐωμεν,
3562 3509 3683 3560 τότε
3717 3507 3938 3575 ἔχοντες
3971 3508 4030 3559 τξι

2435 3596 2684 3665 Πνεῦμα,
2713 3598 2806 3651 τοῦ
2835 3600 3011 3666 Λόγου
3034 3599 3185 3662 ὄντος
3221 3602 3278 3651 ἐν
3307 3598 3384 3668 τῷ
3416 3600 3623 3668 Πατρὶ,
3651 3598 3900 3665 δόξωμεν
3934 3601 4031 3653 καὶ

2435 3692 2595 3757 ἡμεῖς
2628 3691 2714 3743 διὰ
2746 3691 2806 3743 τὸ
2839 3692 3086 3761 Πνεῦμα,
3127 3691 3189 3743 ’ἐν
3213 3692 3468 3758 γενέσθαι
3499 3696 3557 3745 ὲν
3590 3692 3671 3761 τῷ
3712 3692 3895 3759 Λόγῳ,
3936 3693 4034 3746 καὶ

2435 3781 2500 3832 δι’
2537 3780 2700 3834 αὑτοῦ
2748 3783 2826 3851 τῷ
2858 3784 3055 3852 Πατρί.
3094 3802 3112 3833 ο
3153 3784 3259 3836 Καὶ
3289 3783 3407 3852 μετ’
3439 3785 3595 3851 ὀλίγα
3625 3782 3836 3845 οὕτως·
3871 3801 3892 3835 ι
3943 3785 4034 3837 Ἑν

2436 3872 2512 3941 τῷ
2545 3873 2654 3942 Υίῴ
2687 3875 2780 3925 καὶ
2804 3876 2859 3925 ὲν
2879 3874 2956 3943 τῷ
2980 3874 3157 3944 Πατρὶ
3179 3873 3417 3942 ἐσόμεθα
3442 3876 3537 3927 καὶ
3570 3873 4031 3944 νομισθησόμεθα

2385 3969 2393 3979 ‘
2435 3964 2493 4016 ἓν
2526 3964 2877 4032 γεγενῆσθαι,
2911 3965 2998 4019 διὰ
3024 3966 3084 4017 1:6
3115 3968 3171 4017 ἐν
3194 3966 3326 4035 ημῖν
3355 3961 3581 4018 εἶναιτὸ
3613 3965 3860 4035 Πνεῦμα,
3890 3968 4032 4035 ὅπερ

2436 4060 2584 4113 ἐστὶν
2604 4060 2675 4129 -ὲν
2705 4058 2781 4127 τῷ
2808 4059 2962 4127 Λόγῳ
2995 4059 3161 4112 αὑτοῦ
3191 4059 3267 4129 τῷ
3300 4059 3414 4111 ὄντι
3444 4060 3501 4109 ἐν
3540 4059 3617 4128 τῷ
3655 4061 3854 4130 Πατρί.
3898 4080 3917 4109 ι

2520 4148 2579 4201 Ὀ
2620 4150 2781 4211 αὖτίς
2813 4150 2871 4201 ὲν
2912 4152 2977 4218 τῇ
3020 4150 3156 4219 πρὸς
3200 4148 3527 4219 Σεραπίωνα
3562 4149 3820 4219 περὶτοῦ
3866 4152 4031 4218 ἁγίου

2438 4241 2753 4309 Πνεῦματος
2803 4242 3085 4309 ἐπιστολῇ,
3120 4234 3186 4311 ἦς
3232 4240 3266 4309 ἡ
3313 4239 3482 4310 ἀρχὴ,
3525 4257 3543 4290 ι
3581 4240 3662 4292 Τὰ
3716 4242 4029 4312 γράμματα

2434 4333 2532 4401 τῆς
2567 4333 2663 4399 σῆς
2688 4334 2841 4399 ίερᾶς
2868 4332 3165 4391 διαθέσεως
3188 4329 3424 4400 ἀπεδόθη
3456 4346 3545 4399 μοι
3566 4332 3625 4382 ὲν
3646 4332 3712 4399 τῇ
3744 4332 3963 4400 ἐρήμῳ,
4008 4352 4025 4381 ρ

2440 4425 2606 4493 φησίν
2633 4442 2645 4455 ο
2696 4442 2713 4474 ι
2765 4424 2875 4476 Καὶ
2906 4426 3012 4491 γὰρ
3047 4425 3097 4475 εί
3121 4422 3208 4475 διὰ
3241 4421 3339 4493 τὴν
3369 4423 3505 4492 πρὸς
3545 4421 3639 4473 τὸν
3676 4423 3899 4493 Πατέρα
3937 4425 4033 4477 τοῦ

2439 4522 2615 4588 Λόγου
2673 4520 2902 4587 ἑνότητα
2957 4519 3037 4571 οῦ
3074 4519 3325 4571 θέλουσιν
3376 4514 3516 4571 εἶναι
3573 4516 3687 4571 τῶν
3746 4520 4032 4588 γεννητῶν

2436 4614 2596 4668 αὐτὸν
2625 4613 2718 4665 τὸν
2762 4613 2915 4673 Υἱὸν,
2978 4611 3121 4664 διατί
3158 4610 3219 4664 τὸ
3253 4610 3476 4680 Πνεῦμα
3519 4611 3582 4662 τὸ
3627 4610 3805 4677 ἆγιον,
3834 4612 3897 4664 τὸ
3927 4613 4034 4679 τὴν

2437 4701 2608 4769 αὐτὴν
2654 4700 2777 4769 ἔχον
2820 4701 3052 4770 ἑνότητα
3089 4700 3227 4770 πρὸς
3269 4701 3362 4753 τὸν
3397 4700 3546 4763 Υίὸν,
3587 4700 3656 4769 ἡν
3697 4701 3863 4764 αὐτὸς
3905 4703 4030 4770 ἔχει

2437 4800 2573 4864 πρὸς
2602 4792 2691 4844 τὸν
2740 4792 2978 4862 Πατέρα,
3026 4792 3235 4859 κτίσμα
3282 4791 3537 4857 λέγουσις
3592 4791 3705 4843 Καὶ
3739 4792 4032 4862 ἠγνόησαν

2436 4887 2540 4948 ὅτι,
2575 4884 2770 4953 ὥσπερ
2800 4884 2876 4954 μὴ
2908 4883 3247 4953 διαιροῦντες
3277 4882 3369 4936 τὸν
3395 4883 3524 4935 Υἱὺν
3556 4884 3663 4934 ἀπὸ
3684 4884 3782 4935 τοῦ
3812 4883 4034 4952 Πατρδς

2451 4974 2686 5038 σώζουσι
2722 4976 2813 5027 τὸν
2846 4976 2942 5026 ἕνα
2994 4973 3131 5026 Θεὸν
3172 4969 3333 5036 εἶναι,
3369 4971 3513 5025 οῦτω
3544 4972 3885 5041 διαιροῦντες
3920 4974 4035 5024 ἀπὸ

2443 5069 2538 5123 τοῦ
2574 5072 2752 5137 Λόγου
2778 5068 2838 5120 τὸ
2872 5067 3120 5135 Πνεῦμα.
3162 5066 3351 5118 οὐκέτι
3397 5067 3528 5133 μίαν
3578 5068 3679 5135 τὴν
3723 5068 3781 5117 ὲν
3831 5066 4033 5134 Τριαᾶ

2446 5161 2679 5229 θεότητα
2724 5158 3013 5221 σώζουσιν.
3063 5174 3081 5207 ι
3120 5156 3229 5209 Καὶ
3262 5157 3401 5225 μετὰ
3444 5156 3618 5207 πολλὰ
3649 5156 3706 5207 ὲν
3736 5158 3804 5223 τῇ
3841 5156 3983 5222 αὐτῇ
4016 5171 4028 5183 ·

2453 5273 2471 5304 ι
2521 5254 2610 5305 Ἐν
2642 5251 2862 5321 Χριστῷ
2895 5247 2963 5321 ἦν
3009 5250 3070 5300 τὸ
3107 5248 3357 5316 Πνεῦμα,
3405 5246 3597 5316 ὥσπερ
3623 5250 3651 5300 ό
3700 5248 3827 5308 Υἱὸς
3859 5248 3919 5298 ἐν
3949 5248 4033 5316 τῷ

2445 5345 2640 5415 Πατρί.
2681 5363 2699 5394 ι
2741 5342 2849 5395 Καὶ
2884 5342 3075 5395 πάλινο
3118 5361 3135 5392 ι
3182 5342 3247 5393 Ἠ
3277 5340 3409 5409 ἁγία
3444 5342 3537 5394 καὶ
3570 5340 3819 5409 μακαρία
3848 5339 4029 5407 Τριὰς

2446 5438 2751 5503 ἀδιαίρετος
2788 5434 2883 5485 καὶ
2914 5434 3176 5502 ἡνωμένη
3208 5432 3345 5501 πρὸς
3380 5432 3585 5499 ἑαυτήν
3620 5432 3760 5491 ἐστι,
3805 5432 3899 5483 καὶ
3934 5430 4028 5482 λε.-

2445 5527 2678 5597 γομένου
2715 5526 2950 5596 Πατρὸς,
2987 5524 3249 5592 πρόσεστι
3284 5525 3378 5575 καὶ
3408 5523 3436 5573 6
3477 5525 3669 5575 τούτου
3706 5523 3901 5589 Λρλγος,
3933 5523 4029 5575 καὶ

2449 5625 2507 5675 τὸ
2532 5624 2589 5675 ὲν
2612 5618 2689 5684 τῷ
2725 5619 2834 5686 Υίῴ
2866 5616 3097 5687 Πνεῦμα
3160 5618 3284 5670 Ἐὰν
3321 5617 3381 5672 δὲ
3413 5620 3556 5688 uie
3588 5616 3711 5677 Υἱὸς
3748 5613 4024 5683 ὀνομάςη-
