4202 6454
741 382 846 450 643

1761 379 1971 442 ΙΟΑΝ.
2013 378 2228 440 VECCI
2269 379 2382 443 ΕΡ.
2423 380 2937 442 ΡΑΤΠΙΑΠΟΗίΕ

3892 378 4003 443 ειι

740 502 904 564 atque
931 506 1099 549 causa
1133 492 1348 548 essendi
1383 491 1541 546 Pater
1572 490 1674 560 ipsi
1710 500 1814 555 est,
1846 501 1900 543 et
1936 492 2192 559 quaniam
2226 504 2316 559 per

2421 488 2496 558 τῷ
2537 486 2679 544 εἶναι
2722 490 2889 544 αὐτοῦ
2924 490 3159 561 Πατέρα,
3193 489 3281 544 καὶ
3313 490 3394 542 ὅτι
3439 489 3508 543 δι’
3541 488 3705 542 αὐτοῦ
3750 492 3781 560 ή
3832 491 4008 557 πρόσει

738 587 916 656 ipsum
965 599 1221 641 accessus
1276 593 1330 638 ct
1374 583 1630 637 adductiu
1680 582 1746 635 ad
1808 578 2069 635 Patrem:
2122 590 2312 633 natura

737 692 867 732 vero
899 677 1046 730 nullo
1069 675 1230 729 modo
1252 675 1545 734 secundus.
1577 674 1839 743 quoniam
1868 675 1918 725 in
1946 681 2177 742 utroque
2207 688 2313 726 una

738 779 823 824 est
858 768 1035 823 deitas
1063 785 1077 821 :
1118 767 1190 820 ita
1238 767 1488 821 videlicet
1524 777 1576 820 et
1618 764 1857 834 Spiritus
1890 774 2149 829 sanctus,
2178 775 2235 818 et
2269 766 2314 820 si

734 860 1001 931 dignitate
1030 868 1087 915 et
1108 859 1302 914 ordine
1333 858 1609 913 secundus
1631 872 1661 911 a
1691 856 1829 911 Filio
1858 866 1966 921 est,
1996 874 2100 911 non
2135 864 2315 910 tamen

744 951 1122 1008 vcrisimiliter
1181 951 1372 1005 aliena:
1430 952 1607 1016 ipsum
1667 964 1791 1005 esse
1855 960 2063 1003 natura:
2118 963 2313 1002 conse-

733 1050 954 1111 quetur.
998 1059 1017 1091 ι

806 1135 950 1189 Idem
986 1133 1248 1189 adversus
1278 1134 1529 1188 eumdem
1576 1134 1906 1188 Eunominm
1943 1134 2315 1187 Antirrln-tico

734 1216 913 1295 primo
938 1265 953 1290 ,
1008 1224 1168 1294 cujus
1197 1225 1529 1294 principium
1562 1242 1576 1278 :
1614 1242 1632 1276 ι
1671 1224 1728 1279 Si
1762 1240 1953 1280 omnes
1985 1239 2151 1294 super
2177 1240 2315 1292 quos

736 1317 827 1370 Dei
857 1331 921 1371 ac
956 1315 1256 1370 Salvaturis
1284 1316 1458 1371 nostri
1502 1331 1699 1371 nomen
1734 1317 2043 1370 invocatum
2069 1327 2178 1381 est;
2209 1314 2313 1369 Sed

728 1406 869 1465 ordo
896 1408 1033 1461 alter
1061 1407 1333 1462 naturalis
1355 1417 1458 1469 est.
1488 1410 1627 1462 alter
1660 1409 2013 1471 artiﬁciosus,
2047 1406 2313 1461 naturalis

733 1501 825 1570 qui
856 1509 1234 1553 creatt.rarum
1261 1499 1416 1567 juxta
1448 1501 1668 1555 creandi
1733 1502 1972 1555 rationes
2016 1502 2313 1568 dispositus

732 1602 838 1653 est,
872 1600 925 1644 et
958 1592 1161 1659 positio
1192 1594 1428 1654 numeri,
1464 1602 1516 1646 et
1547 1606 1836 1647 causarum
1866 1591 1931 1644 ad
1964 1590 2190 1646 effectus
2223 1607 2312 1645 re-

735 1683 891 1743 latio.
922 1692 1049 1736 ante
1078 1684 1263 1737 omnia
1292 1697 1418 1736 eum
1453 1683 1587 1737 illud
1625 1684 1679 1736 in
1712 1682 1984 1737 confessis
2016 1684 2107 1743 sit,
2140 1683 2312 1749 ipsius

734 1782 945 1826 natura:
975 1771 1145 1826 Deum
1176 1782 1231 1827 et
1262 1782 1565 1827 creatorem
1603 1783 1657 1827 et
1689 1773 1936 1841 opiﬁcem
1977 1789 2103 1830 esse
2129 1793 2141 1826 :
2173 1774 2309 1827 arti-

735 1868 956 1922 tiriosus
1004 1881 1133 1921 vero
1180 1876 1234 1921 et
1280 1866 1553 1921 industria
1611 1867 1896 1921 hominum
1947 1866 2311 1937 excogitatus,

731 1959 822 2027 qui
867 1959 921 2012 in
967 1960 1264 2012 structuris
1290 1968 1346 2012 et
1388 1957 1712 2026 disciplinis,
1755 1967 1808 2011 et
1836 1958 2216 2025 dignitatibus.
2259 1966 2313 2009 et

735 2063 999 2110 numero,
1051 2058 1106 2101 ct
1156 2047 1449 2100 similibus.
1496 2046 1698 2099 llorunt
1748 2051 1983 2112 priurum
2032 2048 2314 2101 occultans

736 2140 1037 2192 l'lunomius
1065 2139 1319 2192 secundae
1345 2139 1545 2206 speciei
1572 2139 1782 2192 ordinis
1809 2139 2135 2192 mentionem
2166 2136 2313 2199 fecit,

734 2230 921 2299 aitque
948 2243 1053 2282 non
1085 2244 1206 2283 esse
1235 2244 1372 2298 opus
1403 2242 1647 2282 asserere
1672 2230 1916 2283 ordinem
1951 2230 2003 2280 in
2034 2226 2162 2287 Deo.
2190 2242 2311 2279 cum

732 2323 871 2378 ordo
910 2323 1198 2377 ordinante
1244 2324 1516 2390 posterior
1554 2325 1643 2376 sit.
1691 2322 1825 2376 Illud
1868 2334 2048 2375 autem
2084 2322 2173 2374 vel
2206 2334 2313 2374 non

732 2414 1162 2477 animadvertit,
1219 2412 1301 2466 vel
1357 2415 1547 2467 volens
1606 2418 1951 2483 prudensth
2001 2412 2312 2477 occultant,

734 2519 861 2560 esse
910 2519 1084 2573 genus
1128 2503 1348 2573 aliquod
1399 2503 1631 2569 ordinis,
1678 2520 1785 2557 non
1835 2515 2017 2558 nostra
2050 2501 2314 2557 industria

736 2596 1099 2650 constitutum
1127 2633 1143 2657 ,
1186 2596 1278 2649 sed
1330 2597 1630 2650 secundum
1684 2607 1892 2651 natura:
1933 2597 2129 2649 seriem
2176 2608 2314 2649 ceu-

736 2687 989 2757 tingens,
1024 2687 1187 2739 veluti
1224 2685 1362 2755 ignis
1386 2687 1450 2739 ιι]
1491 2687 1673 2739 lumen
1696 2728 1710 2749 ,
1749 2688 1893 2755 quod
1928 2702 1990 2739 cx
2023 2700 2087 2738 eo
2122 2696 2224 2741 est.
2257 2689 2314 2743 In

737 2781 822 2833 his
853 2779 1054 2832 etenim
1101 2784 1252 2848 prius
1294 2793 1520 2836 causam
1557 2779 1821 2840 dicimus.
1864 2779 2133 2846 posterius
2170 2782 2317 2849 quod

732 2874 809 2926 ab
834 2886 900 2926 eo
930 2882 1034 2936 est,
1066 2887 1173 2926 non
1208 2874 1496 2928 intervallo
1521 2888 1586 2926 ea
1616 2874 1684 2925 ab
1714 2872 1945 2925 invict-in
1979 2872 2316 2939 dirimentes;

733 2964 827 3016 sed
873 2973 1000 3017 ante
1037 2963 1289 3019 ell'ectum
1331 2978 1553 3018 causam
1598 2963 1983 3031 intelligentes.
2037 2960 2320 3026 Quomodo

735 3056 921 3123 itaque
954 3055 1149 3110 rationi
1188 3069 1610 3110 consentaneum
1658 3054 1823 3109 fuerit
1864 3054 2111 3107 ordinem
2156 3054 2321 3107 dene-

737 3160 890 3213 gare,
929 3145 982 3200 in
1019 3147 1218 3215 quibus
1250 3157 1335 3199 est
1367 3148 1517 3215 prius
1559 3154 1615 3200 et
1669 3134 1954 3215 posterius,
1992 3160 2098 3198 non
2132 3153 2316 3199 nostra
2348 3176 2391 3234 ο

738 3233 1046 3297 industria,
1083 3239 1177 3288 sed
1217 3251 1281 3289 ex
1318 3235 1553 3289 naturali
1590 3238 1642 3289 in
1684 3237 1815 3304 ipsis
1849 3237 2145 3289 exsistente
2178 3249 2314 3290 con-

736 3322 1068 3377 secutione?
1103 3323 1219 3389 Qua
1269 3341 1398 3393 ergo
1442 3342 1509 3380 ue
1551 3342 1716 3380 causa
1758 3326 2001 3379 ordinent
2039 3340 2320 3381 assumere

739 3415 795 3468 in
828 3414 938 3469 Deo
964 3415 1215 3485 respuit?
1247 3416 1535 3486 Opinatur.
1564 3418 1608 3471 si
1640 3418 1943 3471 ostenderit
1972 3431 2316 3486 nequaquam

736 3508 897 3561 aliter
921 3509 1074 3577 prius
1099 3510 1153 3561 in
1179 3507 1291 3563 Deo
1319 3510 1568 3580 intelligi,
1599 3509 1866 3577 reliquum
1893 3524 1952 3562 se
1980 3508 2317 3573 habiturum,

742 3598 797 3650 in
827 3599 948 3668 ipsa
974 3599 1183 3653 scilicet
1216 3600 1518 3655 substantia
1551 3599 1903 3654 eminentiam
1932 3602 2317 3655 demonstrari.

739 3684 853 3743 Nos
882 3704 1014 3743 vero
1048 3691 1351 3745 secundum
1384 3705 1679 3744 causarum
1711 3693 1778 3744 ad
1815 3704 1900 3756 ea,
1930 3706 2052 3759 qua:
2086 3706 2150 3744 ex
2190 3693 2321 3759 ipsis

740 3782 910 3845 siint,
964 3781 1283 3838 relationem
1341 3784 1581 3851 pt'a'poni
1611 3780 1823 3857 Filium
1873 3781 2020 3836 Patri
2068 3780 2321 3849 fatemur,

740 3880 953 3926 natura:
986 3887 1116 3927 vero
1154 3873 1473 3929 diversitate
1504 3874 1651 3928 nullo
1684 3874 1876 3937 modo,
1920 3890 2093 3943 neque
2127 3891 2326 3930 secun-

740 3961 873 4017 dum
896 3964 1359 4033 exsuperantiam.
1385 3964 1477 4018 Sic
1506 3966 1650 4018 enim
1683 3976 1735 4018 et
1763 3965 1976 4018 Patrem
2001 3979 2125 4019 esse
2154 3963 2323 4018 Deum

743 4054 1134 4124 rejiceremus,
1167 4070 1290 4109 cum
1333 4055 1642 4110 essentialis
1685 4054 1973 4111 diversitas
2019 4058 2323 4112 naturalem

741 4149 1194 4215 conjunctionem
1234 4155 1475 4217 reSpuat.
1519 4165 1538 4196 ι

2419 582 2535 643 οδος
2587 583 2681 634 καὶ
2735 584 3070 650 προσαγωγὴ
3118 581 3252 651 πρὸς
3283 581 3376 633 τὸν
3411 581 3544 633 Θεὸν
3592 580 3686 634 καὶ
3733 581 3994 648 Πατέρα·

2419 673 2577 741 φύσει
2608 674 2663 726 δὲ
2706 674 2891 726 οὐκέτι.
2933 673 3208 743 δεύτερος,
3244 672 3379 725 διότι
3426 671 3621 742 θεότης
3653 673 3710 725 ὲν
3746 673 4000 742 ἑκατέρῳ

2420 767 2520 832 μία
2549 782 2558 791 ·
2595 764 2739 817 οὕτω
2759 766 3001 835 δηλονότι
3034 764 3126 817 καὶ
3160 765 3220 816 τὸ
3259 764 3486 834 Πνεῦμα
3516 764 3578 816 τὸ
3622 763 3800 831 ἅγιον,
3825 765 3876 816 εί
3905 765 4003 815 καὶ

2419 856 2880 926 ὐποὸέδηκε-τὸν
2916 858 3041 912 Υίὸν
3089 859 3154 927 τῇ
3207 857 3360 922 τάξει
3411 858 3507 909 καὶ
3562 855 3643 924 τῷ
3700 855 4002 922 ἀξιώματι,

2417 949 2600 999 οὐκέτι
2629 949 2696 1000 ἂν
2724 949 2948 1011 είκότως
2974 949 3047 1010 ὼς
3071 947 3368 1018 ἀλλοτρίας
3404 947 3649 1017 ὑπάρχον
3686 949 3924 1014 φύσεως.
3977 963 3996 995 ι

2505 1133 2561 1183 'O
2594 1130 2759 1193 αὐτὸς
2794 1133 2858 1187 ιν
2885 1133 2964 1201 τῷ
2992 1130 3043 1185 α’
3069 1132 3176 1185 τῶν
3206 1131 3349 1202 πρὸς
3401 1131 3669 1201 Εὐνόμιον
3710 1132 4003 1203 ’Δντιρῤη-

2416 1228 2587 1282 τικῶν
2614 1228 2785 1295 λόγῳ,
2813 1220 2875 1281 οῦ
2901 1228 2934 1296 ὴ
2966 1227 3110 1296 ἀρχή
3133 1241 3145 1253 ’
3183 1243 3201 1276 ι
3235 1225 3298 1278 Ei
3330 1224 3429 1295 μὲν
3456 1223 3745 1285 ἐδούλοντο
3775 1223 3999 1282 πάντες,

2415 1322 2500 1387 ἐφ’
2520 1319 2618 1382 οὓς
2645 1321 2704 1373 τὸ
2731 1320 2901 1388 ὄνομα
2928 1317 3023 1370 τοῦ
3056 1316 3193 1370 Θεοῦ
3216 1318 3313 1371 καὶ
3344 1317 3598 1386 Σωτῆρος
3620 1315 3779 1385 ἡμῶν
3817 1314 3999 1383 Ἰησοῦ
4035 1352 4045 1361 .

2415 1410 2655 1478 Χριστοῦ
2703 1406 3090 1477 ἐπικέκληται,
3148 1425 3166 1457 ι
3210 1407 3413 1476 φησίνο
3465 1424 3485 1457 ι
3557 1404 3721 1457 Ἀλλὰ
3769 1404 3929 1467 τάξις
3968 1404 4021 1473 ή

2416 1502 2516 1571 μὲν
2544 1502 2750 1569 φυσική
2776 1499 2860 1562 τίς
2881 1500 3050 1562 ἐστιν,
3078 1500 3112 1566 ή
3138 1497 3194 1549 δὲ
3224 1500 3346 1549 κατ’
3370 1495 3726 1566 ἐπιτήδευσιν
3748 1510 3762 1525 ·
3795 1495 4004 1561 φυσική

2416 1590 2539 1661 μὲν,
2571 1590 2644 1654 ὼς
2679 1592 2710 1658 ή
2740 1590 2846 1641 τῶν
2871 1588 3199 1658 κτισμάτων
3231 1587 3375 1640 κατὰ
3402 1587 3529 1651 τοὺς
3565 1585 4002 1656 δημιουργικοὺς

2414 1681 2601 1747 λόγους
2622 1679 2908 1748 ταχθεῖσα,
2938 1682 3031 1731 καὶ
3053 1680 3087 1747 ή
3116 1678 3209 1730 τοῦ
3242 1676 3478 1747 ἀριθμοῦ
3504 1675 3679 1742 θέσις,
3706 1677 3797 1728 καὶ
3826 1676 3862 1745 η
3894 1675 4006 1727 τιὶν

2416 1772 2605 1829 αἰτίων
2648 1769 2784 1837 πρὸς
2828 1769 2895 1821 τά
2930 1768 3150 1820 αἰτιατὰ
3202 1768 3406 1838 σχέσις,
3441 1767 3652 1820 ἐκείνου
3693 1766 4006 1833 προδιωμο-

2417 1861 2740 1929 λογημένου,
2773 1858 2866 1911 τοῦ
2901 1863 2993 1911 καὶ
3026 1860 3123 1928 τῆς
3156 1859 3371 1926 φύσεως
3408 1860 3577 1928 αὐτῆς
3600 1859 3833 1928 ποιητήν
3855 1852 4003 1911 εἶναι

2420 1954 2513 2005 καὶ
2554 1950 2888 2021 δημιουργὸν
2933 1951 3024 2003 τὸν
3074 1950 3206 2002 Θεόν
3232 1964 3247 1980 °
3288 1950 3755 2019 ὲπιτετηδευμένη
3794 1947 3854 2019 δὲ
3902 1948 4001 2000 καὶ

2419 2045 2667 2110 τεχνικὴ,
2699 2044 2773 2104 ὼς
2811 2042 2839 2109 ἠ
2883 2042 2941 2091 ὲν
2972 2044 3082 2102 τοῖς
3116 2042 3635 2110 κατασκευάσμασι,
3679 2043 3776 2093 καὶ
3821 2040 4003 2111 μαθή-

2421 2150 2581 2202 μασι,
2605 2135 2700 2185 καὶ
2725 2131 3019 2200 ἀξιώμασι,
3054 2132 3148 2183 καὶ
3176 2132 3419 2201 ἀριθμῷ,
3450 2132 3684 2193 καὶτοῖς
3711 2130 4001 2192 τοιούτοις.

2421 2223 2640 2274 Τούτων
2666 2226 2847 2276 τοίνυν
2907 2227 2965 2276 τὸ
2990 2224 3257 2294 πρότερον
3283 2224 3742 2294 ἀποκρυψάμενος
3768 2225 3796 2275 ὁ
3834 2223 4005 2275 Εὐνο-

2422 2332 2566 2384 μιος,
2616 2314 2709 2367 τοῦ
2748 2316 3009 2386 δευτέρου
3050 2317 3225 2378 εἴδους
3270 2314 3367 2386 τῆς
3401 2316 3608 2379 τάξεως
3645 2314 3996 2385 ἐπεμνήσθη,

2419 2407 2513 2461 καί
2550 2424 2681 2476 φησι
2747 2407 2825 2477 μὴ
2859 2409 3055 2476 χρῆναι
3093 2407 3275 2475 λέγειν
3317 2407 3411 2459 ἐπὶ
3458 2407 3594 2460 Θεοῦ
3623 2408 3801 2473 τάξιν,
3848 2407 4007 2459 ἐπεί-

2422 2513 2528 2567 περ
2567 2500 2599 2565 ή
2647 2498 2797 2563 τάξις
2828 2497 3053 2565 δευτέρα
3099 2498 3195 2550 τοῦ
3234 2500 3548 2561 τάττοντος.
3613 2499 3823 2551 Ἐκεῖνο
3867 2497 3921 2550 δὲ
3967 2497 4002 2567 ἢ

2418 2591 2478 2642 οὐ
2517 2587 2776 2652 σύνοιδεν,
2808 2591 2840 2656 ἢ
2875 2590 3015 2641 ἑκὼν
3049 2591 3424 2660 ἀπεκρύψατο;
3455 2592 3535 2643 ὅτι
3569 2592 3685 2643 ἔστι
3710 2607 3763 2643 τι
3799 2592 4007 2656 τάξεως

2420 2680 2559 2744 είδος
2598 2683 2791 2735 οὐκέκ
2831 2684 2929 2752 τῆς
2964 2684 3094 2752 παρ’
3140 2683 3298 2753 ήμῶν
3344 2684 3543 2748 θέσεως
3580 2685 4003 2751 συνιστάμενον,

2419 2772 2536 2828 ἀλλ’
2597 2774 2732 2842 αὐτῇ
2790 2776 2857 2844 τῇ
2914 2778 3058 2827 κατὰ
3116 2774 3280 2841 φύσιν
3313 2776 3609 2845 ἀκολουθίᾳ
3679 2778 4004 2846 συμϐαῖνον,

2421 2864 2496 2925 ὡς
2542 2861 2620 2931 τῷ
2676 2864 2808 2931 πυρὶ
2864 2862 3001 2932 πρὸς
3056 2865 3116 2916 τὸ
3164 2863 3281 2929 φῶς
3331 2866 3445 2916 ἐστι
3478 2866 3537 2917 τὸ
3569 2867 3628 2930 ἐξ
3662 2866 3852 2920 αὑτοῦ.
3914 2868 4005 2920 Ἐν

2421 2954 2634 3016 τούτοις
2678 2953 2788 3023 γάρ
2839 2954 3105 3024 πρότερον
3138 2955 3197 3008 τὸ
3230 2955 3405 3007 αἴτιον
3448 2955 3701 3025 λέγομεν,
3749 2958 4008 3028 δεύτερον

2424 3044 2480 3096 δὲ
2554 3047 2616 3096 τὸ
2709 3044 2806 3097 ἀπ’
2890 3045 3084 3110 αὑτοῦ,
3168 3047 3230 3099 οὐ
3305 3046 3635 3117 διαστήματι
3737 3049 4005 3117 χωρίζον-

2423 3153 2513 3201 τες
2576 3136 2671 3189 ἀπ’
2730 3136 2977 3207 ἀλλήλων
3043 3136 3237 3200 ταῦτα,
3280 3138 3416 3190 ἀλλὰ
3469 3138 3548 3208 τῷ
3608 3137 3860 3207 λογισμῷ
3908 3137 4005 3190 τοῦ

2423 3228 2668 3283 αἰτιατοῦ
2700 3230 3148 3299 προεπινοοῦντες
3185 3232 3247 3283 τὸ
3277 3232 3472 3285 αἴτιον.
3532 3233 3657 3295 Πῶς
3708 3231 3803 3285 οῦν
3848 3234 4006 3284 ἐστιν

2421 3320 2649 3387 εὔλογον
2696 3321 2980 3391 ἀρνεῖσθαι
3010 3322 3109 3392 τὴν
3136 3322 3311 3387 τάξιν,
3343 3324 3431 3392 ἐφ’
3482 3316 3556 3376 ὧν
3610 3325 3731 3376 ἐστι
3783 3324 4007 3393 πρῶτον

2424 3417 2517 3466 καὶ
2550 3414 2822 3483 δεύτερον,
2852 3415 2912 3466 οὑ
2942 3414 3086 3467 κατὰ
3133 3415 3231 3484 τὴν
3276 3417 3554 3486 ήμετέραν
3586 3415 3760 3481 θέσιν,
3791 3415 3907 3468 ἀλλ’
3938 3418 4008 3468 ὲκ

2430 3504 2531 3573 τῆς
2585 3506 2728 3556 κατὰ
2764 3503 2927 3571 φύσιν
2958 3504 3144 3565 αὐτοῖς
3194 3504 3606 3575 ἐνυπαρχούσης
3641 3505 4006 3569 ἀκολουθίας,

2426 3595 2584 3657 Τίνος
2616 3594 2706 3648 οὖν
2736 3595 2921 3647 ’ἐνεκεν
2950 3596 3134 3649 ἀθετεῖ
3164 3595 3263 3666 τὴν
3292 3597 3448 3660 τάξιν
3500 3598 3878 3666 λαμϐάνεσθαι
3913 3600 4009 3651 ἐπὶ

2428 3686 2604 3754 Θεοῦς
2661 3686 2926 3755 Ἧγεῐται,
2982 3690 3031 3741 εί
3075 3688 3366 3753 ἐπιδείξειε
3425 3689 3694 3759 μηδαμῶς
3732 3690 3909 3751 ἄλλως
3945 3684 4005 3742 τὸ

2432 3782 2699 3851 πρότερον
2729 3780 2824 3832 ἐπὶ
2852 3777 2991 3832 Θεοῦ
3030 3784 3295 3847 νοεῖσθαι,
3350 3781 3679 3851 λειπόμενον
3711 3782 3859 3846 ἕξειν
3883 3788 4005 3836 κατ’

2425 3870 2596 3940 αὐτὴν
2655 3871 2756 3941 τὴν
2814 3872 3007 3925 οὐσίαν
3071 3873 3172 3941 τήν
3233 3873 3507 3943 ὑπεροχὴν
3570 3874 4006 3929 ἐπιδείκνυσθαι.

2439 3961 2631 4033 Ἡμεῖς
2664 3963 2721 4016 δὲ
2746 3964 2889 4017 κατὰ
2916 3964 3017 4034 μὲν
3046 3964 3146 4033 τὴν
3176 3964 3285 4018 τῶν
3312 3966 3501 4017 αίτίων
3533 3966 3669 4036 πρὸς
3718 3967 3785 4019 τὰ
3820 3967 3881 4030 ἐξ
3911 3977 4011 4019 ao-

2427 4054 2535 4106 τῶν
2568 4053 2753 4124 σχέσιν
2787 4054 3158 4124 προτετάχθαι
3185 4057 3280 4108 τοῦ
3333 4055 3466 4107 Υίοῦ
3497 4053 3591 4107 τὸν
3627 4055 3849 4125 Πατέρα
3901 4075 4008 4126 φα-

2431 4151 2552 4219 μὲν,
2585 4152 2729 4203 κατὰ
2761 4150 2818 4203 δὲ
2856 4153 2955 4221 τὴν
2985 4152 3081 4221 τῆς
3102 4152 3321 4220 φύσεως
3350 4152 3618 4223 διαφορὰν
3646 4156 3854 4220 οὐκέτι,
3886 4155 4010 4207 οὐδὲ

718 4239 887 4293 ,κατὰ
920 4238 1019 4309 τὴν
1041 4238 1135 4292 τοῦ
1165 4240 1360 4309 χρόνου
1394 4239 1690 4308 ὑπεροχήν.
1725 4240 1791 4291 Ἢ
1818 4240 1963 4294 οὕτω
1985 4256 2047 4306 γε
2076 4244 2170 4295 καὶ
2226 4242 2357 4293 αὐτὸ
2396 4244 2455 4294 τὸ
2512 4244 2727 4314 Πατέρα
2774 4240 2915 4296 εἶναι
2947 4245 3038 4295 τὸν
3106 4245 3239 4299 Θεὸν
3284 4245 3655 4316 ἁθετήσομεν,
3708 4248 3809 4315 τῆς
3864 4252 4009 4303 κατὰ

741 4332 843 4403 τὴν
870 4333 1059 4385 οὐσίαν
1098 4331 1513 4401 ἀλλοτριότητος
1564 4333 1663 4399 τήν
1722 4332 1962 4402 φυσικήν
2015 4334 2314 4402 συνάφειαν
2347 4335 2669 4403 ἀθετούσης.
2711 4354 2730 4387 ι

816 4422 961 4477 Idem
1002 4423 1161 4491 epist.
1204 4420 1269 4474 ad
1305 4423 1624 4486 canbnicas,
1657 4438 1777 4492 qua:
1808 4424 2034 4492 incipit:
2077 4443 2094 4474 ι
2136 4422 2322 4488 Quan-
2347 4426 2401 4486 D

744 4526 877 4590 tum
898 4530 999 4568 uos
1035 4515 1209 4567 tristis
1247 4528 1437 4566 rumor
1469 4528 1629 4567 aures
1661 4524 1877 4567 nostras
1907 4515 2324 4568 circumsonans

745 4608 982 4680 primum
1030 4605 1315 4659 alﬂixerat.
1368 4604 1501 4657 Cum
1550 4619 1679 4659 vero
1724 4620 1754 4659 e
1800 4605 2101 4659 substantia
2151 4606 2327 4659 Patris

748 4698 943 4753 Filium
978 4697 1278 4753 subsistere
1308 4695 1455 4749 docti
1491 4696 1689 4760 simus,
1721 4707 1773 4749 et
1806 4696 2022 4765 quidem
2060 4696 2323 4765 genitum,

720 4806 854 4849 non
898 4786 1077 4842 autem
1117 4786 1344 4849 factum,
1378 4801 1444 4841 ne
1478 4787 1878 4840 descendamus
1913 4792 1977 4838 ad
2011 4786 2325 4853 corporales

745 4883 1065 4952 passionum
1119 4877 1525 4945 intelligentias.
1584 4876 1717 4937 Non
1754 4888 1837 4931 est
1886 4880 2032 4930 enim
2084 4893 2111 4931 a
2168 4877 2330 4931 Patre

742 4977 917 5030 divisa
957 4973 1009 5025 iu
1050 4970 1248 5024 Filium
1286 4971 1550 5028 essentia.
1595 4985 1771 5039 neque
1812 4985 1906 5039 per
1940 4970 2197 5029 cilluxum
2235 4982 2328 5039 ge-

747 5070 907 5129 nuit;
945 5065 1038 5119 sed
1071 5062 1267 5116 modus
1293 5061 1493 5116 divina;
1525 5063 1895 5131 generationis
1931 5057 2331 5132 inexplicabilis

748 5158 994 5213 omnino.
1031 5154 1269 5223 Spiritus
1306 5163 1489 5206 autem
1520 5163 1747 5208 sanctus
1777 5169 1903 5208 cum
1935 5153 2079 5209 Patri
2108 5163 2160 5209 et
2191 5152 2332 5209 Filio

748 5256 1161 5307 annunicretur,
1199 5260 1362 5312 supra
1388 5260 1626 5299 omnem
1676 5247 1932 5299 consistit
1979 5255 2325 5300 creaturam:

752 5344 929 5397 locqu
977 5356 1105 5395 vero
1139 5340 1352 5393 obtinet
1399 5340 1653 5406 illumpse
1692 5354 1850 5406 quem
1883 5336 2031 5399 dixi,
2069 5340 2331 5406 quemad-

754 5434 972 5485 modum
1009 5447 1108 5485 nos
1153 5430 1313 5485 docet
1356 5430 1411 5483 in
1460 5428 1756 5497 Evangelto
1803 5429 2066 5482 Dominus
2100 5429 2327 5484 dicens:

756 5541 774 5572 ι
814 5520 1019 5575 Euntes
1073 5521 1346 5589 ba‘ptizate
1401 5522 1456 5573 in
1508 5522 1730 5573 nomine
1782 5519 1959 5572 Patris
2005 5532 2056 5573 et
2109 5520 2229 5573 Filii
2281 5532 2334 5575 et

751 5614 988 5686 Spiritus
1036 5614 1210 5668 sancti
1244 5614 1311 5664 ".
1356 5631 1374 5664 ι
1415 5611 1518 5679 Qui
1557 5628 1651 5684 pra
1671 5614 1823 5682 ponit
1870 5610 2027 5679 Filio,
2064 5613 2144 5667 vel
2176 5609 2334 5667 Patre

825 5774 868 5805 ³³
895 5773 1082 5828 Matth.
1120 5790 1311 5843 xxrtu,
1346 5774 1431 5830 l9.

2511 4424 2568 4477 Ὀ
2595 4424 2759 4487 αὐτὸς
2783 4426 2841 4477 ἐν
2879 4427 2946 4495 τῇ
2987 4425 3127 4496 πρὸς
3172 4442 3272 4489 τας
3306 4428 3599 4491 κανονικὰς
3628 4430 3913 4501 ἐπιστολῇ,
3940 4427 4013 4503 ἦς

2382 4570 2383 4573 η
2430 4516 2463 4583 ἡ
2497 4512 2659 4584 ἀρχὴ,
2706 4533 2725 4565 ι
2766 4516 2929 4569 Ὅσον
2956 4517 3181 4602 ήνίασεν
3235 4519 3380 4586 ἡμᾶς
3425 4519 3693 4587 πρότερον
3723 4523 3884 4593 φήμη
3912 4523 4009 4576 λυ-

2433 4607 2607 4675 πηρὰ,
2672 4608 2778 4670 τὰς
2824 4608 2992 4670 ἀκοὰς
3053 4609 3213 4677 ἡμῶν
3268 4615 3677 4680 περιηχήσασα,
3718 4631 3736 4661 ›
3797 4614 4006 4681 φησίνσ

2434 4697 2604 4750 Ὅταν
2638 4698 2695 4751 δὲ
2727 4703 2791 4752 ὲκ
2826 4699 2921 4760 τῆς
2958 4701 3147 4762 οὐσίας
3174 4698 3270 4756 τοῦ
3304 4702 3516 4771 [ἰατρὸς
3566 4705 3659 4756 τὸν
3712 4704 3839 4758 Υίὸν
3865 4704 4011 4760 εἶναι

2432 4789 2834 4859 διδασκώμεθα,
2870 4794 2946 4860 μὴ
2973 4794 3179 4845 κατανηί
3207 4804 3408 4862 αωμεν
3435 4796 3528 4847 ἐπὶ
3556 4813 3655 4858 τας
3685 4801 4010 4867 σωματικὰς

2426 4881 2533 4931 τῶν
2559 4880 2747 4935 παθῶν
2772 4882 3002 4945 ἑννοίας.
3033 4884 3106 4936 Οὐ
3152 4883 3262 4953 γὰρ
3313 4885 3584 4957 ἐμερίσθη
3633 4889 3668 4959 ή
3711 4889 3871 4943 ούσία
3899 4892 4012 4946 ἀπὸ

2436 4968 2520 5021 ..οῦ
2554 4970 2767 5040 Πατρδς
2806 4974 2885 5033 είς
2937 4972 3087 5041 Υίὸν,
3122 4969 3244 5029 οὐσὲ
3289 4977 3483 5034 ῥυεῖσα
3511 4979 3809 5052 ἐγέννησεν
3835 4998 3849 5011 ο
3887 4983 4009 5035 ἀλλ’

2427 5062 2664 5131 ᾶρῤητος
2714 5061 2817 5131 τῆς
2883 5063 3035 5127 θείας
3089 5067 3401 5137 γεννήσεως
3466 5071 3495 5122 ὁ
3538 5073 3763 5142 τρόπος.
3821 5075 3896 5128 Τὸ
3948 5077 4009 5129 δὲ

2430 5152 2654 5223 Πνεῦμα
2686 5155 2745 5207 τὸ
2774 5154 2930 5224 ἅγιον
2964 5159 3138 5228 Πατρὶ
3172 5160 3273 5229 μὲν
3294 5162 3388 5213 καὶ
3418 5161 3532 5231 1⁸ίῷ
3560 5166 4007 5235 συναριθμεῖται,

2429 5244 2564 5297 διότι
2604 5246 2696 5299 καὶ
2732 5247 2873 5316 ὑπὲρ
2901 5248 2999 5316 τήν
3031 5250 3209 5304 κτίσιν
3251 5253 3389 5305 ἐστί’
3426 5255 3686 5309 τέτακται
3706 5257 3763 5308 δὲ
3798 5259 4008 5328 τρίτον,

2428 5337 2501 5398 ὼς
2529 5338 2586 5388 ὲν
2618 5338 2933 5408 Εὑαγγελίῳ
2962 5340 3325 5409 δεδιδάγμεθα
3357 5346 3506 5410 παρά
3538 5347 3631 5399 τοῦ
3671 5350 3880 5419 Κυρίου
3922 5357 4009 5403 ει-

2433 5431 2647 5490 πάντος·
2683 5447 2700 5479 ι
2733 5429 3100 5497 Πορευθέντες
3135 5434 3215 5494 εἰς
3252 5434 3342 5486 τὸν
3377 5438 3583 5507 κόσμον
3637 5439 3855 5492 ἅπαντα
3904 5442 4006 5511 βα-

2432 5521 2649 5583 πτίζετε
2711 5522 2791 5583 εἰς
2843 5520 2904 5573 τὸ
2931 5522 3101 5592 ὄνομα
3151 5524 3245 5579 τοῦ
3281 5529 3517 5599 Πατρὸς,
3573 5532 3668 5584 καὶ
3710 5534 3803 5587 τοῦ
3851 5536 4008 5597 Υίοῦ.

2434 5613 2654 5667 καὶτοῦ
2707 5613 2863 5682 ἁγίου
2904 5615 3245 5686 Πνεύματος.
3321 5640 3338 5672 ι
3394 5625 3451 5676 ὐ
3507 5624 3563 5678 δὲ
3610 5626 3883 5696 προτιθεις
3913 5633 4009 5683 τοῦ
