4202 6454
760 406 864 467 647

1788 400 1996 462 JOAN.
2041 400 2256 463 \‘ECCI
2294 402 2407 463 ει).
2450 401 2954 465 ΡΑΤΒΙΑΗΕΠΙΕ

3926 407 4036 477 6er

764 521 958 590 paucis
1011 517 1241 573 annexis
1279 534 1293 572 :
1343 535 1359 568 ι
1404 515 1576 587 Igitur
1622 515 1932 570 divinarum
1982 528 2344 583 personarum

2472 516 2878 586 nquaivouoa.
2936 536 2951 567 ι
2994 517 3102 570 Καὶ
3151 518 3270 587 μετ’
3308 518 3466 586 ὀλίγα
3492 534 3505 547 ⁸
3550 535 3567 568 ι
3618 516 3829 575 Οὐκοῦν
3866 521 3899 588 ἠ
3933 535 4039 599 μιν

766 616 903 665 ut'do
939 610 1212 666 discretus
1241 623 1271 663 a
1304 612 1514 664 sanctis
1548 608 1887 678 agnoscitur,
1925 606 2017 661 sed
2049 605 2142 674 qui
2184 615 2346 659 natu-

768 718 858 757 ras
891 703 1165 758 discernat
1196 701 1253 756 in
1283 708 1474 758 saneta
1511 698 1709 755 Triade
1751 712 1980 769 prorsus
2011 698 2278 766 rejieitur.
2325 716 2343 748 ι

1294 887 1690 945 EPICRAPHE
1735 886 1796 943 ν.

834 984 971 1039 Cum
1008 983 1255 1038 nonnulli
1287 983 1671 1039 contradicant
1702 979 2078 1036 asserentibus
2106 987 2351 1044 sanctos,

765 1080 859 1148 qui
901 1078 1263 1133 decreverunt
1310 1076 1579 1148 Spiritum
1624 1085 1875 1132 sanctum
1915 1091 2043 1131 esse
2078 1090 2145 1131 ex
2193 1075 2355 1131 Patre

766 1186 866 1240 per
897 1170 1120 1233 Filium,
1155 1181 1209 1225 et
1238 1186 1300 1225 ex
1331 1171 1491 1225 Patre
1520 1181 1573 1225 et
1607 1168 1763 1233 Filio,
1800 1183 1865 1222 ex
1894 1167 2068 1237 ipsius
2100 1166 2357 1222 Servato-

766 1267 846 1319 ris
878 1263 1047 1318 nostri
1083 1263 1313 1317 vocibus
1343 1263 1692 1317 occasionem
1731 1262 2032 1331 arripuisse
2056 1301 2070 1323 ,
2120 1274 2357 1329 eumque

766 1365 881 1407 tum
914 1369 976 1407 ex
1010 1353 1170 1407 Patre
1201 1367 1322 1407 esse
1354 1351 1757 1421 praescripsisse
1785 1390 1799 1414 ,
1834 1351 1978 1420 quod
2013 1347 2272 1403 Servator
2301 1347 2354 1401 in

768 1442 1079 1513 Evangeliis
1102 1444 1302 1496 dixerit
1328 1459 1341 1495 :
1377 1460 1394 1492 ι
1429 1441 1533 1508 Qui
1558 1456 1620 1495 ex
1648 1426 1807 1495 Patre
1833 1441 2157 1510 procedit",
2192 1458 2211 1490 ι
2242 1448 2355 1493 tum

772 1550 867 1604 per
896 1535 1093 1589 Filium
1125 1543 1179 1587 ct
1208 1550 1271 1587 ex
1303 1532 1462 1599 Filio,
1488 1532 1633 1603 quod
1666 1532 1943 1593 Servator,
1972 1541 2113 1585 nunc
2138 1530 2355 1601 quidem

775 1628 1038 1697 Spiritum
1085 1628 1331 1680 veritatis
1368 1642 1494 1680 eum
1533 1626 1866 1694 compellat:
1916 1640 2061 1679 nunc
2100 1636 2361 1693 corporee

768 1721 923 1775 illum
961 1718 1246 1787 discipulis
1278 1718 1520 1772 insumat
1552 1734 1563 1769 :
1602 1732 1749 1769 nunc
1782 1717 1847 1768 ad
1883 1718 2031 1784 ipsos
2058 1714 2359 1783 discipulos

769 1809 938 1864 dicit:
973 1827 992 1859 ι
1032 1809 1105 1863 De
1130 1824 1252 1863 meo
1276 1809 1525 1877 accipiet,
1554 1821 1609 1861 et
1632 1808 1980 1861 annuntiabit
2015 1808 2167 1861 vobis
2207 1809 2287 1861 ":
2332 1826 2351 1859 ι

770 1915 919 1957 nunc
964 1901 1030 1955 ad
1069 1901 1323 1955 Patrem:
1360 1921 1378 1953 ι
1413 1900 1611 1956 Omnia
1656 1915 1775 1954 mea
1826 1908 1917 1953 tua
1966 1911 2124 1965 sunt,
2165 1909 2219 1953 et
2260 1909 2351 1953 tua

774 2007 896 2047 mea
922 1993 989 2047 ".
1027 2010 1045 2043 ι
1080 1993 1349 2048 Ριιιῐιιετρσ
1395 1993 1539 2062 quod
1583 1992 1873 2063 separatim
1914 1990 2074 2044 Pater
2100 1993 2193 2045 dat
2225 1990 2350 2059 Spi-

776 2089 964 2149 ritum,
997 2088 1289 2156 separatim
1320 2100 1449 2140 vero
1484 2084 1674 2149 Filius,
1704 2095 1757 2138 et
1794 2084 1940 2153 quod
1971 2084 2352 2152 suppeditatur

774 2179 865 2232 ille
897 2191 927 2231 a
954 2178 1113 2231 Patre
1136 2192 1231 2246 per
1256 2176 1451 2231 Filium
1482 2191 1588 2230 una
1618 2177 1914 2229 donatione
1940 2187 1991 2228 et
2021 2192 2124 2228 una
2155 2189 2353 2243 suppe-

777 2270 1088 2324 tiitatione:
1126 2284 1225 2324 nec
1258 2283 1363 2322 non
1399 2269 1543 2338 quod
1582 2267 1748 2321 Filius
1783 2269 1964 2320 omnia
2000 2268 2139 2319 bona
2179 2268 2356 2321 Patris

773 2362 1087 2415 communia
1136 2361 1234 2415 sibi
1288 2361 1482 2424 habet,
1534 2370 1586 2414 et
1630 2360 1775 2430 quod
1826 2376 1931 2414 nun
1990 2361 2226 2413 ministri
2269 2370 2361 2413 aut

775 2453 920 2508 servi
953 2452 1139 2516 modo,
1174 2452 1266 2506 sed
1302 2452 1483 2521 potius
1516 2452 1840 2505 naturaliter
1869 2460 1923 2505 et
1954 2452 2137 2506 divina
2171 2464 2359 2509 aut-to-

774 2550 936 2603 ritate
970 2546 1351 2616 suppeditatur
1401 2534 1559 2600 nobis
1608 2561 1635 2598 a
1687 2545 1848 2609 Filio,
1899 2557 2193 2615 praesentes
2245 2548 2357 2606 lure

776 2638 1046 2708 pericopm
1069 2637 1312 2691 colli-cia:
1334 2645 1483 2700 sunt,
1504 2651 1566 2688 ex
1594 2640 1765 2691 sancti
1788 2638 1976 2707 Cyrilii
2006 2638 2058 2689 in
2089 2642 2353 2693 Joannem

773 2731 1169 2802 evangelistam
1200 2728 1563 2798 expositione,
1598 2738 1657 2782 ut
1686 2746 1779 2782 eas
1811 2745 2138 2798 percurrens
2164 2731 2356 2800 digno-

777 2835 927 2884 seat.
971 2840 1037 2878 ex
1083 2821 1237 2876 hisce
1268 2822 1430 2876 dictis
1468 2821 1801 2888 evangelicis
1836 2823 2182 2876 occasionem
2217 2826 2359 2876 arri-

776 2914 969 2982 puisse
996 2930 1113 2980 cos,
1145 2916 1239 2982 qui
1270 2932 1331 2968 ex
1366 2914 1525 2968 Patre
1560 2930 1655 2983 per
1687 2913 1908 2977 Filium,
1934 2925 1987 2968 et
2012 2931 2075 2968 ex
2112 2918 2270 2969 Patre
2306 2925 2359 2969 et

782 3006 917 3060 Filio
954 3022 1077 3061 esse
1113 3007 1376 3076 Spiritum
1414 3015 1660 3059 sanctum
1695 3007 2077 3061 decreverunt.

2455 608 2565 662 τῶν
2599 607 2761 663 θείων
2794 610 3150 663 ύποστάσεων
3176 609 3490 681 διακριτικὴ
3521 610 3676 676 τάξις
3705 612 3821 675 τοῖς
3852 612 4041 681 άγίοις

2456 701 2769 772 καθέστηκε
2804 701 3109 773 γνώριμος,
3157 705 3193 774 η
3248 703 3304 757 δὲ
3338 703 3556 772 φύσεων
3591 704 3910 776 διακριτικὴ
3942 706 4042 758 ἐπὶ

2454 795 2557 865 τῆς
2589 796 2753 864 ἁγίας
2788 796 3021 867 Τριάδος
3046 796 3379 867 ἀπόϐλητος.
3434 816 3452 850 ι

3006 889 3093 942 ΕΠ
3100 888 3346 943 ΠῬΑΦΗ
3390 891 3466 945 Ε’.

2541 976 2759 1048 Ἐπειδὴ
2793 977 2899 1030 είσί
2930 994 3075 1041 τινες
3112 979 3487 1046 ἀντιλέγοντες
3532 982 3646 1045 τοῖς
3674 980 3932 1049 λέγουσιν
3961 980 4043 1045 ὡς

2457 1072 2506 1123 οἱ
2537 1068 2967 1140 θεολογήσαντες
2992 1070 3140 1138 ἆγιοι
3170 1068 3310 1126 εἶναι
3344 1072 3406 1127 τὸ
3429 1071 3659 1143 Πνεῦμα
3690 1078 3751 1129 τδ
3782 1073 3943 1144 ἅγιον
3977 1077 4045 1129 ὲκ

2461 1160 2673 1226 Πατρδς
2701 1160 2790 1213 διὰ
2831 1159 2986 1226 Υίοῦ,
3017 1163 3111 1214 καὶ
3132 1160 3198 1214 ἐκ
3231 1162 3449 1234 Πατρδς
3475 1164 3573 1218 καὶ
3595 1162 3729 1217 Υίσῦ
3768 1163 3833 1229 ἐξ
3859 1164 4050 1218 αὐτῶν

2460 1251 2569 1307 τῶν
2591 1250 2687 1304 τοῦ
2717 1251 2973 1321 Σωτῆρος
3007 1252 3202 1322 φωνῶν
3232 1252 3394 1324 ἔσχον
3417 1257 3516 1320 τὰς
3546 1255 3825 1327 ἀφορμὰς,
3851 1257 3916 1311 τὸ
3946 1257 4051 1328 μὲν

2460 1346 2523 1396 ὲκ
2558 1344 2774 1413 Πατρὸς
2792 1344 3086 1418 ὑπάρχειν·
3102 1346 3236 1399 αύτδ
3271 1331 3728 1418 θεολογήσαντες,
3752 1349 3840 1403 διὰ
3866 1350 3931 1402 τὸ
3953 1350 4053 1401 τὸν

2462 1436 2689 1506 Σωτῆρα
2714 1436 2771 1489 ὲν
2802 1437 3152 1505 Εύαγγελίοις
3187 1441 3383 1506 εἰπεῖν,
3417 1459 3435 1492 ι
3452 1442 3517 1494 '0
3543 1440 3693 1512 παρὰ
3716 1444 3810 1495 τοῦ
3829 1442 4061 1511 Πατρὶς

2462 1531 2844 1599 ἐκπορεύεται,
2887 1549 2905 1581 ι
2943 1532 3075 1584 τὸδὲ
3105 1532 3193 1585 διὰ
3220 1532 3352 1585 Υίοῦ
3380 1537 3476 1586 καὶ
3505 1535 3715 1599 ἐξΥίοῦ
3748 1536 4049 1604 ὑπάρχειν,

2461 1620 2549 1674 διὰ
2583 1621 2645 1673 τὸ
2677 1623 2766 1675 τὸν
2792 1622 2954 1675 αὐτὸν
2982 1624 3211 1694 Σωτῆρα
3251 1626 3511 1695 Χριστὸν,
3559 1627 3655 1681 νῦν
3692 1629 3793 1696 μὲν
3818 1628 4052 1697 Πνεῦμα

2462 1712 2722 1779 ἀληθείας
2746 1712 2928 1779 λέγειν
2958 1714 3113 1779 αὐτὸ,
3141 1714 3235 1767 νῦν
3276 1716 3332 1768 δὲ
3358 1717 3694 1787 σωματικῶς
3723 1721 3836 1780 τοῖς
3861 1718 4046 1788 μαθη-

2463 1808 2582 1867 ταῖς
2605 1806 2773 1857 αὑτοῦ
2803 1808 3055 1877 ἐμφυσᾷν
3075 1825 3089 1839 ·
3118 1810 3211 1862 καὶ
3245 1810 3340 1862 νῦν
3374 1812 3473 1879 μὲν
3525 1811 3660 1881 πρὸς
3692 1812 3822 1874 τοὺς
3846 1812 4055 1873 αὐτοὺς

2466 1896 2712 1966 μαθητὰς
2734 1896 2914 1964 λέγειν
2939 1899 3021 1951 ὅτι
3045 1917 3062 1948 ι
3114 1899 3191 1950 Ex
3211 1900 3305 1952 τοῦ
3332 1900 3467 1970 ἐμοῦ
3495 1902 3747 1971 λήψεται,
3764 1905 3860 1955 καὶ
3877 1903 4055 1968 ἀνατ-

2464 1990 2612 2055 γελεῖ
2643 1989 2795 2056 ύμῖν,
2829 2007 2847 2039 ι
2877 1989 2973 2041 νῦν
3000 1991 3057 2043 δὲ
3078 1992 3214 2060 πρὸς
3241 1990 3332 2044 τὸν
3358 1992 3599 2062 Πατέρα,
3620 1994 3703 2047 ὅτι
3734 1995 3952 2046 «Πάντα
3981 1994 4055 2046 τὰ

2464 2080 2573 2150 ὲμὰ
2597 2083 2665 2136 σά
2694 2084 2833 2144 ἐστι.
2870 2084 2965 2136 καὶ
2996 2084 3064 2135 τὰ
3089 2086 3154 2136 σὰ
3178 2085 3306 2155 ἐμά.
3345 2101 3364 2137 ι
3391 2086 3584 2139 Ἐτιδὲ
3612 2088 3706 2140 καὶ
3728 2089 3790 2140 ἐκ
3822 2087 3916 2140 τοῦ
3949 2090 4054 2140 οὐκ

2469 2177 2576 2244 ἰδία
2613 2177 2712 2245 μὲν
2748 2177 2950 2230 διδόναι
2980 2178 3071 2229 τὸν
3100 2179 3320 2243 Πατέρα
3350 2180 3411 2230 τδ
3451 2179 3695 2248 Πνεῦμα,
3732 2180 3837 2251 ίδίᾳ
3858 2181 3916 2234 δὲ
3955 2183 4055 2233 τὸν

2468 2270 2619 2333 Υἱὸν,
2654 2268 2771 2320 ἀλλ’
2805 2271 2867 2321 ἐκ
2899 2269 2997 2321 τοῦ
3051 2269 3413 2338 χορηγεῖσθαι
3450 2272 3585 2324 αὐτὸ
3634 2273 3788 2343 παρὰ
3834 2274 4056 2343 Πατρδς

2468 2362 2535 2415 δι’
2565 2361 2695 2414 Υίοῦ
2732 2362 2832 2432 μιᾷ
2860 2362 3005 2415 δόσει
3047 2364 3141 2414 καὶ
3170 2363 3405 2434 χορηγίᾳ
3442 2366 3563 2435 μιᾷ,
3596 2367 3691 2417 καὶ
3740 2367 3803 2417 ὲκ
3834 2363 3930 2417 τοῦ
3959 2370 4057 2416 τὸν

2470 2456 2600 2508 Υίὸν
2633 2455 2893 2507 κοινωνὸν
2939 2456 3158 2507 πάντων
3202 2456 3311 2506 τῶν
3363 2456 3614 2524 φυσικῶν
3663 2457 3888 2525 ἀγαθῶν
3952 2455 4057 2511 τοῦ

2469 2545 2682 2614 Πατρὸς
2724 2543 2887 2610 εἶναι,
2926 2547 3022 2599 καὶ
3062 2550 3125 2599 ὲκ
3158 2548 3255 2600 τοῦ
3288 2547 3363 2619 μὴ
3408 2548 3741 2612 διακονικῶς
3774 2553 3872 2602 καὶ
3910 2550 4060 2615 ὁπη-

2468 2638 2721 2706 ρετικῶς,
2754 2639 3003 2705 φυσικῶς
3025 2640 3081 2692 δὲ
3109 2640 3316 2708 μᾶλλον
3347 2642 3441 2693 καὶ
3467 2641 3594 2696 κατ’
3646 2641 3904 2706 ἐξουσίαν
3942 2641 4062 2697 θεῖ-

2467 2731 2571 2799 κην
2596 2730 2957 2800 χορηγεῖσθαι
2996 2732 3127 2800 ὑμῖν
3161 2733 3297 2784 αὐτὸ
3323 2734 3478 2803 παρὰ
3508 2734 3605 2795 τοῦ
3637 2731 3794 2796 Υιοῦ,
3831 2734 4060 2787 συνελέ-

2466 2841 2645 2890 γησαν
2679 2826 2735 2876 αῖ
2782 2823 3056 2893 παροῦσαι
3116 2828 3416 2895 περικοπαὶ
3465 2826 3561 2895 τῆς
3593 2826 3930 2896 πονηθείσης
3976 2828 4061 2896 τῷ

2467 2914 2611 2984 ἁγίῳ
2646 2913 2905 2984 Κυρίλλῳ
2951 2915 3341 2985 πραγματείας
3390 2917 3469 2978 είς
3516 2918 3607 2969 τὸν
3656 2915 4062 2984 εύαγγελιστὴν

2484 3005 2765 3076 Ἰωάννην,
2796 3006 2871 3069 ὼς
2912 3006 2981 3061 ἂν
3012 3009 3040 3059 ὁ
3076 3007 3424 3077 ἐντυγχάνων
3471 3007 3666 3070 αὑταῖς
3700 3005 4061 3074 διαγινώσκοι

775 3105 842 3158 lx
879 3099 990 3154 τῶν
1034 3100 1296 3153 τοιούτων
1341 3099 1720 3165 εύαγγελικῶν
1773 3101 1989 3170 ῥήσεων
2043 3100 2188 3169 ἔχειν
2247 3100 2346 3162 τὰς
2418 3099 2674 3171 ἀφορμὰς
2725 3099 2853 3163 τοὺς
2924 3098 3360 3171 θεολογήσαντας
3396 3102 3459 3153 ἐκ
3505 3100 3717 3165 Πατρδς
3755 3098 3847 3151 διὰ
3896 3098 4059 3151 Υίοῦν

784 3194 881 3249 καὶ
914 3192 976 3243 ὲκ
1007 3190 1223 3263 Πατρὸς
1256 3194 1350 3242 καὶ
1394 3190 1524 3241 Υίοῦ
1551 3185 1693 3244 εἶναι
1724 3192 1783 3243 τὸ
1815 3190 2041 3260 Πνεῦμα
2074 3192 2133 3244 τὸ
2170 3192 2347 3259 ἅγιον.

854 3286 1096 3341 Sanctus
1123 3285 1363 3355 (lyr-illus
1396 3284 1737 3352 expositione
1773 3284 1826 3338 in
1859 3284 2089 3341 Joannis
2125 3286 2368 3355 Evai-ge-
2400 3288 2446 3348 (ζ

779 3378 942 3443 lium,
974 3378 1025 3433 in
1065 3378 1269 3432 dictum
1299 3395 1313 3431 :
1345 3396 1362 3428 ι
1401 3376 1465 3430 Ει
1499 3393 1599 3446 ego
1626 3379 1832 3448 rogabo
1864 3378 2079 3433 Patrem
2115 3388 2168 3433 et
2197 3380 2362 3433 alium

785 3471 1130 3527 Paracletum
1168 3470 1319 3524 dabit
1353 3470 1509 3523 vobis
1538 3470 1605 3533 ",
1649 3489 1668 3522 ι
1712 3471 1925 3540 inquit:
1965 3490 1983 3521 ι
2026 3470 2205 3525 Alium
2236 3486 2369 3534 ergo

782 3563 1126 3618 l’aracletum
1176 3573 1337 3616 vocat
1381 3562 1597 3623 Filius.
1648 3565 1699 3617 in
1749 3565 1968 3633 propria
2013 3563 2367 3620 subsistentia

784 3656 972 3709 volens
998 3653 1150 3708 illum
1177 3652 1430 3723 intelligi,
1456 3663 1775 3723 tantamque
1802 3656 2213 3709 similitudinem
2243 3673 2367 3714 cum

788 3761 854 3801 co
889 3745 1084 3807 habet,
1122 3754 1181 3799 ut
1214 3760 1323 3799 non
1358 3736 1516 3798 aliter
1557 3758 1814 3816 operetur
1854 3765 2015 3818 quam
2053 3752 2166 3818 ipse
2202 3749 2371 3802 Filius

789 3847 1139 3907 operaretur;
1191 3838 1328 3891 adeo
1378 3847 1437 3892 ut
1468 3838 1584 3907 ipse
1632 3836 1805 3893 Filius
1846 3853 1970 3893 esse
2013 3851 2291 3909 appareat,
2319 3851 2373 3894 et

794 3928 926 3982 nihil
952 3928 1098 3983 aliud
1130 3946 1141 3980 :
1182 3926 1421 3999 Spiritus
1453 3930 1596 3982 enim
1638 3930 1785 3985 illius
1810 3944 1915 3984 est.
1953 3930 2089 3985 liine
2128 3934 2371 3985 veritatis

790 4022 943 4075 illum
975 4022 1236 4091 Spiritum
1285 4024 1639 4091 nuncupavit,
1684 4032 1740 4077 et
1780 4040 1871 4093 per
1900 4024 2011 4092 jam
2043 4034 2167 4078 ante
2206 4039 2375 4092 expo-

792 4112 897 4166 sita
939 4111 1291 4181 semetipsum
1341 4112 1619 4166 veritatem
1669 4127 1788 4167 esse
1836 4112 2217 4167 aﬂirmaverat.
2268 4115 2372 4168 Sed

793 4219 900 4257 non
949 4203 1151 4257 absone
1197 4203 1468 4273 quispiam
1519 4206 1720 4259 dixerit
1749 4202 1897 4270 'illis,
1946 4208 2038 4277 qui
2096 4205 2294 4260 Filium
2346 4222 2375 4259 a

793 4294 886 4349 Dei
919 4304 973 4349 et
1015 4296 1194 4350 Patris
1236 4298 1471 4351 essentia
1518 4299 1754 4351 alienum
1800 4303 2111 4366 Opinantur.
2147 4300 2209 4352 Et
2241 4315 2377 4368 quo-

798 4391 980 4451 motlo,
1017 4403 1224 4457 quaeso,
1259 4389 1505 4442 veritatis
1532 4391 1789 4458 Spiritus,
1824 4392 1925 4449 hoc
1953 4401 2033 4447 est
2070 4392 2185 4444 Filii
2218 4392 2377 4445 Pater

797 4476 1110 4544 impellitur
1136 4492 1244 4529 non
1276 4478 1350 4530 uti
1384 4493 1759 4547 peregrinum,
1789 4492 1841 4533 (nt
1879 4482 2134 4546 alienum,
2174 4482 2268 4540 sed
2299 4484 2375 4535 uti

800 4570 1077 4637 proprium
1112 4567 1413 4636 Spiritum?
1440 4567 1505 4622 Et
1530 4580 1709 4622 tamen
1743 4573 2042 4625 secundum
2079 4587 2176 4629 nos
2200 4571 2377 4626 delct-

2559 3283 2619 3334 Ὀ
2661 3281 2819 3349 ἆγιος
2846 3280 3120 3352 Κύριλλος
3150 3283 3209 3335 ὲν
3238 3285 3304 3355 τῇ
3334 3284 3604 3356 ἑρμηνείᾳ
3639 3285 3731 3338 τοῦ
3758 3285 3903 3341 κατὰ
3946 3288 4063 3340 Ἰω-

2476 3377 2641 3444 άννην
2683 3374 3015 3442 Εὐαγγελίου
3064 3378 3146 3438 είς
3183 3377 3246 3430 τὸ
3304 3378 3471 3449 ῥητὸν
3514 3379 3595 3442 τὸ,
3644 3399 3662 3431 ι
3705 3380 3880 3447 Κάγὼ
3917 3382 4062 3452 ἔρως-

2471 3470 2628 3535 τήσω
2672 3466 2763 3519 τὸν
2802 3469 3049 3541 Πατέρα,
3106 3470 3201 3522 καὶ
3265 3470 3427 3524 ἄλλον
3485 3472 3853 3541 Παράκλητον
3891 3472 4061 3526 δώσει

2473 3562 2625 3627 ύμῖν,
2673 3579 2692 3612 ι
2746 3561 2948 3631 φησιν·
3003 3580 3022 3613 ι
3098 3562 3292 3615 Ἀλλον
3340 3564 3523 3617 τοίνυν
3573 3564 3937 3635 Παράκλητον
3998 3567 4066 3617 τὸ

2474 3651 2697 3719 Πνεῦμα
2732 3653 2891 3703 καλεί
2927 3652 2955 3704 ὁ
2988 3653 3137 3716 Υίδς,
3190 3655 3248 3705 ὲν
3299 3655 3406 3725 ἰδίᾳ
3439 3656 3541 3725 μὲν
3572 3656 3871 3709 ὑποστάσει
3921 3663 4065 3710 voci-

2475 3742 2599 3795 σθαι
2628 3744 2799 3795 θέλων
2826 3744 2984 3807 αὐτὸ,
3011 3745 3286 3815 τοσαύτην
3332 3762 3396 3813 γε
3430 3750 3538 3817 μὴν
3574 3748 3699 3817 ἕχον
3744 3747 3845 3818 τὴν
3878 3748 4023 3817 ὲμφε

2478 3850 2630 3901 ρειαν
2684 3833 2758 3896 ὡς
2816 3834 2955 3903 πρὸς
3010 3836 3197 3899 αὐτὸν,
3241 3837 3337 3889 καὶ
3378 3838 3826 3908 ἀπαραλλάκτως
3879 3837 4030 3891 οῦτω

2484 3925 2727 3995 ἐνεργεῖν
2761 3925 2971 3994 ἰσχύον,
2999 3927 3144 3997 ἅπερ
3168 3928 3234 3981 ἂν
3262 3928 3355 3981 καί
3373 3927 3538 3990 αὐτὸς
3580 3929 3832 3999 ὲνεργοίη
3863 3931 4061 3999 τυχὸν,

2473 4017 2548 4080 ὡς
2578 4019 2746 4071 αὑτὸν
2772 4016 2910 4072 εἶναι
2954 4021 3133 4073 δοκεῖν
3180 4020 3275 4076 τὸν
3319 4020 3469 4086 Υίδν,
3510 4023 3607 4075 καὶ
3649 4022 3839 4092 ἕτερον
3874 4022 4061 4076 οὐδέν.

2479 4110 2703 4180 Πνεῦμα
2734 4112 2843 4181 γάρ
2867 4113 3016 4165 ἐστιν
3071 4111 3263 4169 αὐτοῦ.
3321 4113 3431 4166 Καὶ
3467 4113 3598 4181 γοῦν
3639 4115 3739 4184 τῆς
3794 4113 4064 4185 ἀληθείας

2477 4204 2610 4255 αὐτὸ
2643 4204 3002 4272 κατωνόμασε
3033 4204 3280 4275 Πνεῦμα,
3338 4207 3435 4259 καὶ
3480 4206 3568 4260 διὰ
3604 4206 3713 4258 τῶν
3755 4207 4066 4277 προκειμέ-

2477 4313 2582 4347 νων
2628 4295 2821 4347 ὲαυτὸν
2872 4292 3015 4349 εἶναι
3072 4297 3175 4366 τὴν
3204 4297 3469 4367 ἀλήθειαν
3517 4298 3712 4367 λέγων.
3759 4299 3902 4351 Ἀλλ’
3946 4301 4067 4369 ὲρεί

2478 4402 2559 4447 τις
2592 4385 2820 4448 εἰκότως
2850 4387 2965 4447 τοῖς
2988 4384 3273 4454 ἀλλότριον
3300 4380 3442 4438 εἶναι
3466 4385 3756 4455 νομίζουσι
3793 4386 3887 4438 τὸν
3933 4387 4066 4439 Υίὸν

2478 4477 2576 4544 τῆς
2603 4474 2695 4528 τοῦ
2719 4476 2857 4527 Θεοῦ
2891 4477 2986 4528 καὶ
3019 4478 3232 4545 Πατρὸς
3255 4478 3466 4539 ούσίας.
3492 4479 3602 4531 Καὶ
3629 4479 3768 4543 πῶς,
3792 4479 3915 4531 είπέ
3945 4498 4062 4550 μοι,

2478 4568 2538 4618 τὸ
2571 4568 2669 4635 τῆς
2695 4567 2958 4636 ἀληθείας
2997 4565 3249 4635 Πνεῦμα,
3291 4567 3543 4619 τουτέστι
3576 4568 3637 4621 τὺ
3669 4568 3765 4620 τοῦ
3817 4568 3950 4621 Υίοῦ
3986 4570 4067 4621 δί-

804 4662 1059 4713 minatain
1087 4660 1251 4714 habet
1276 4663 1526 4715 essentia:
1555 4664 1821 4719 rationem
1850 4680 1973 4729 erga
2002 4665 2196 4717 Filium
2222 4684 2233 4718 :
2266 4681 2365 4721 non

2480 4661 2645 4713 δωσιν
2679 4663 2705 4713 ὀ
2738 4660 2925 4728 Πατὴρ
2958 4661 3057 4728 ούχ
3096 4659 3171 4721 ὡς
3204 4658 3356 4723 ξένον
3472 4660 3777 4730 ἀλλότριον,
3818 4661 3938 4714 ἀλλ’
3983 4663 4067 4724 ὡς

800 4752 946 4805 enim
976 4752 1029 4805 in
1062 4751 1232 4805 dubio
1269 4753 1497 4805 vertitur
1526 4751 1648 4806 Filii
1682 4766 1902 4822 quoque
1938 4756 2197 4823 Spiritum
2228 4770 2371 4812 esse.

798 4842 1087 4907 Quomodo
1144 4858 1334 4897 rursus
1376 4844 1423 4897 si
1481 4844 1690 4898 alienus
1747 4862 1775 4898 a
1832 4846 2138 4901 substantia
2201 4850 2375 4902 Patris

803 4934 971 4988 Filius
1014 4943 1119 4999 est,
1154 4935 1332 4990 Patris
1365 4935 1627 5006 Spiritum
1663 4946 1714 4991 ul
1748 4940 1830 4993 sui
1863 4942 2142 5008 preprium
2175 4944 2345 5008 εἰειπεί

801 5029 933 5080 tur?
984 5028 1260 5098 Scriptum
1303 5040 1387 5083 est
1436 5030 1622 5085 enim:
1674 5051 1691 5081 ι
1742 5031 2038 5087 lnsuiﬂavit
2089 5036 2374 5103 discipulis

800 5120 1025 5173 diCl'llSZ
1079 5121 1321 5190 Accipite
1368 5120 1631 5189 Spiritum
1686 5136 1937 5177 sanetum
1981 5125 2047 5177 ".
2110 5144 2129 5177 ι
2183 5125 2374 5180 Nonne

803 5212 967 5279 igitur
998 5213 1268 5281 quispiam
1298 5213 1724 5277 existimaverit,
1763 5226 1815 5269 et
1844 5219 1966 5284 jure
2001 5218 2196 5271 merito
2217 5260 2230 5281 ,
2265 5218 2375 5271 imo

804 5319 834 5353 n
863 5306 978 5370 agis
1010 5303 1236 5357 ﬁrmiter
1268 5303 1591 5373 disponetur
1622 5307 1689 5360 ad
1720 5308 2088 5379 credendum,
2124 5324 2248 5363 eum
2289 5323 2384 5363 na-

804 5394 1003 5445 tnraliu
1016 5408 1063 5445 ιιι
1090 5392 1210 5456 Dei,
1236 5404 1289 5447 et
1310 5394 1488 5449 Patris
1509 5397 1780 5451 donorum
1804 5399 2073 5468 particeps
2092 5399 2163 5453 sit
2189 5399 2381 5463 Filius,

808 5488 1007 5536 habere
1035 5482 1300 5552 Spiritum
1336 5484 1427 5539 illo
1456 5488 1645 5539 eodem
1676 5488 1862 5553 modo,
1893 5503 2003 5557 quo
2025 5503 2154 5541 eum
2184 5490 2383 5542 habere

806 5575 962 5628 Pater
1009 5574 1360 5645 intelligitur,
1411 5591 1515 5631 non
1562 5578 1920 5632 adventitium
1976 5594 2155 5649 neque
2201 5590 2382 5634 extra-

808 5680 991 5732 neum,
1024 5665 1249 5721 stultum
1295 5667 1442 5723 enim
1470 5676 1589 5734 est,
1635 5679 1798 5739 atque
1846 5670 2115 5725 furiosum
2163 5672 2233 5725 ita
2262 5685 2384 5725 sen-

880 5832 921 5858 “
947 5826 1107 5884 Joan.
1142 5848 1229 5897 xv,
1260 5832 1350 5887 ΞΘ.
1416 5835 1459 5867 ’⁸
1484 5833 1614 5892 ibid.
1646 5850 1757 5903 xvi,
1788 5836 1876 5892 Η.
1958 5834 2004 5866 ⁸⁸
2035 5833 2164 5891 ibid.
2199 5847 2327 5901 nn,
2367 5834 2450 5890 lO.

2484 4752 2614 4803 ἴδιον
2647 4751 2894 4820 Πνεῦμα,
2933 4750 3110 4802 καίτοι
3144 4752 3268 4804 καθ’
3326 4753 3470 4821 ὑμᾶς
3518 4752 3880 4822 διωρισμένον
3922 4752 4070 4821 ἔχων

2482 4845 2578 4913 τῆς
2614 4845 2803 4904 οὐσίας
2832 4844 2923 4895 τὸν
2954 4844 3115 4910 λόγον
3152 4845 3292 4914 πρὸς
3322 4846 3415 4896 τὸν
3456 4844 3627 4908 Υίόν;
3678 4844 3755 4896 Οὐ
3791 4844 3904 4911 γὰρ
3956 4847 4069 4913 ἁμ-

2483 4936 2707 5004 φίλογρν
2737 4937 2819 4988 ὅτι
2851 4935 3063 4988 καὶτοῦ
3102 4936 3232 4988 Υίοῦ
3275 4936 3336 4989 τὸ
3382 4935 3611 5005 Πνεῦμᾲ
3650 4939 3790 4991 ἐστι.
3842 4936 3968 4998 Πῶς
4007 4936 4066 4988 δὲ

2481 5027 2551 5081 αὖ
2582 5027 2767 5089 πάλιν,
2803 5028 2962 5096 εἴπερ
3010 5028 3160 5080 ἐστὶν
3204 5029 3548 5097 ἑτεροούσιος
3575 5031 3605 5082 ὁ
3648 5028 3799 5091 Υἱὸς,
3855 5029 3917 5081 τὸ
3968 5029 4069 5080 τοῦ

2486 5118 2696 5187 lla-cpe;
2735 5117 2959 5186 Πνεῦμα
2979 5117 3195 5171 δίδωσιν
3222 5118 3299 5183 ῶς
3326 5120 3557 5186 ἐαυτοῦς
3597 5121 3922 5190 Γέγραπται
3955 5120 4071 5187 γὰρ

2483 5211 2565 5262 ὅτι
2599 5210 2902 5279 ἐνεφύσησε
2942 5211 3054 5272 τοῖς
3101 5210 3379 5280 μαθηταῖς
3422 5212 3590 5266 αὑτοῦ
3622 5214 3835 5279 λέγων’
3882 5231 3899 5261 ι
3952 5212 4071 5263 Λα-

2484 5305 2608 5357 6ετε
2643 5304 2868 5374 Πνεῦμα
2901 5305 3080 5372 ἆγιον.
3118 5324 3137 5357 ι
3179 5307 3303 5375 'Ap'
3334 5302 3429 5359 ὀῦν
3455 5306 3553 5359 οὐκ
3586 5305 3833 5375 οίήσεταί
3857 5322 3943 5366 τις
3968 5308 4071 5356 ναὶ

2487 5397 2631 5467 μάλα
2660 5398 2911 5462 δικαίως,
2948 5398 3151 5466 μᾶλλον
3174 5399 3231 5451 δὲ
3260 5401 3357 5452 καὶ
3387 5400 3678 5471 ἀραρότως
3698 5398 4071 5460 διακείσεται,

2482 5493 2587 5555 ὅτι,
2620 5491 2729 5542 τῶν
2760 5489 2855 5543 τοῦ
2895 5490 3034 5541 Θεοῦ
3067 5489 3161 5541 καὶ
3197 5490 3411 5560 Πατρὸς
3442 5490 3691 5558 φυσικῶν
3723 5488 3949 5556 ἀγαθῶν
3974 5489 4073 5539 ού-

2484 5578 2694 5642 σιωδῶς
2724 5580 2988 5649 ὑπάρχων
3038 5579 3291 5641 κοινωνδε
3323 5581 3352 5631 ὁ
3384 5579 3531 5644 Υίὸς,
3573 5580 3687 5649 ἔχει
3738 5579 3800 5632 τὸ
3835 5577 4075 5644 Πνεῦμα

2485 5672 2630 5725 κατὰ
2654 5671 2844 5724 τοῦτον
2898 5673 2989 5725 τὴν
3018 5675 3243 5742 τρόπον,
3286 5675 3410 5725 καθ’
3460 5674 3628 5743 ὅνπερ
3681 5673 3852 5725 νοοῖτο
3905 5672 4003 5723 καὶ
4044 5671 4075 5721 ὁ

2582 5835 2623 5863 ’⁷
2650 5834 2807 5891 Joan.
2844 5852 2950 5905 ειν,
2991 5835 3077 5890 16.
3162 5838 3205 5867 ”
3230 5834 3385 5892 Joan.
3422 5855 3511 5903 λι,
3540 5836 3633 5897 22.
