4202 6454
830 430 929 495 651

828 635 1109 690 character
1133 647 1368 706 paternae
1404 642 1728 708 liypostasis,
1760 642 2195 711 inseparabiliter;
2222 642 2385 696 si'nul

826 734 879 779 et
914 727 1254 783 adlimrenter
1287 730 1521 799 intellige
1549 731 1897 795 coexsisterc,
1922 742 1975 785 et
2000 734 2158 785 veluti
2194 732 2383 799 ipsius,

828 819 921 886 qui
957 834 1078 869 eum
1118 822 1396 888 generavit
1428 822 1658 888 speciem
1712 839 1727 875 :
1786 838 1906 877 cum
1956 839 2081 876 \eio
2134 822 2387 890 splendor

825 911 983 978 quasi
1042 910 1268 964 humilis
1334 914 1618 966 emicantis
1680 913 2150 981 pra-fulgentisque
2209 922 2387 968 tuente

826 1002 1048 1065 volvite,
1096 1003 1251 1070 quasi
1293 1019 1355 1057 ex
1393 1003 1552 1058 Patre
1579 1005 1631 1057 in
1666 1007 1905 1057 exterius
1936 1004 2380 1072 cmigratiouem,

823 1104 1000 1170 neque
1046 1106 1271 1160 prorsus
1321 1094 1657 1149 abalienatus
1701 1096 1768 1148 ab
1829 1096 2134 1164 hypostasi,
2167 1112 2232 1149 ex
2273 1111 2379 1165 qua

823 1191 926 1247 est,
963 1198 1135 1251 neque
1180 1184 1234 1238 in
1285 1193 1456 1237 totqu
1493 1196 1833 1251 contractus,
1884 1186 2047 1240 veluti
2092 1203 2220 1241 vero
2262 1203 2385 1257 pro-

824 1272 1039 1327 minens
1091 1283 1149 1327 ut
1193 1276 1494 1328 secundum
1542 1291 1601 1331 se
1635 1277 1808 1347 ipsam
1852 1279 2135 1345 subsistat,
2166 1289 2221 1333 et
2253 1294 2383 1349 pro-

821 1365 995 1433 priam
1028 1366 1421 1421 exsisteutiam.
1456 1386 1475 1417 ι

882 1552 1044 1607 Ἰιιοιιι
1099 1553 1151 1607 in
1207 1555 1406 1608 dictum
1458 1571 1472 1607 :
1533 1574 1551 1606 ι
1600 1554 1754 1610 Sicut
1808 1565 1864 1609 tu
1920 1572 2019 1611 me
2070 1557 2271 1611 misisti
2331 1557 2383 1611 in

823 1644 1108 1707 mundum,
1165 1651 1219 1696 et
1250 1659 1348 1711 ego
1402 1645 1556 1697 mitto
1606 1659 1703 1700 eos
1754 1645 1807 1698 in
1838 1646 2179 1711 mundum“,
2214 1664 2233 1697 ι
2268 1647 2381 1700 ait:

827 1756 845 1787 ι
885 1736 1142 1805 Proprius
1165 1735 1257 1791 Dei
1292 1748 1344 1789 et
1379 1736 1552 1791 Patris
1583 1737 1815 1807 Spiritus
1843 1748 1927 1792 est
1964 1755 1978 1791 :
2011 1739 2103 1793 sed
2136 1753 2243 1792 non
2280 1739 2384 1792 mi-

822 1845 927 1884 nus
964 1830 1123 1883 etiam
1178 1831 1427 1898 proprius
1465 1829 1580 1882 Filii
1627 1839 1729 1891 est,
1788 1845 1894 1883 non
1945 1838 2003 1883 ut
2036 1831 2171 1885 alius
2223 1840 2385 1900 atque

819 1919 983 1984 alius,
1020 1930 1113 1973 aut
1141 1921 1353 1973 dirisim
1379 1920 1430 1972 in
1469 1930 1698 1990 utroque
1724 1922 2049 1989 intellectus,
2080 1932 2129 1977 et
2167 1924 2381 1977 inexsi-

818 2020 1005 2075 stcns;
1035 2011 1125 2065 sed
1149 2011 1403 2079 quoniam
1439 2013 1493 2065 in
1525 2012 1684 2066 Patre
1715 2022 1768 2066 et
1799 2029 1861 2066 ex
1896 2013 2052 2067 Patre
2081 2015 2378 2068 secundum

819 2106 1070 2151 naturam
1109 2098 1278 2153 Filius
1310 2108 1411 2163 est,
1436 2114 1557 2152 cum
1580 2099 1651 2153 sit
1686 2100 1895 2155 fructus
1930 2118 2091 2155 verus
2123 2105 2379 2156 substan-

817 2189 905 2243 tia:
933 2189 1073 2258 ejus,
1101 2190 1376 2258 proprium
1406 2188 1577 2244 Patris
1613 2192 1869 2260 Spiritum
1902 2195 2197 2247 secundum
2225 2205 2379 2247 natu-

818 2294 935 2333 ram
965 2281 1227 2348 possidet,
1296 2280 1388 2348 qui
1432 2280 1776 2349 profunditur
1807 2282 2025 2352 quidem
2080 2300 2142 2338 ex
2196 2284 2377 2351 Patre,

817 2387 913 2441 per
939 2369 1134 2425 Filium
1174 2381 1350 2424 autem
1386 2372 1651 2425 creaturis
1676 2372 1924 2437 donatur,
1955 2389 2061 2427 non
2093 2375 2377 2428 ministerii

819 2464 1000 2528 modo,
1024 2464 1120 2533 qui
1150 2463 1328 2519 senili
1360 2465 1553 2518 rationi
1584 2465 1887 2532 suincitur,
1920 2467 2034 2530 sed,
2070 2467 2211 2521 sicut
2257 2484 2378 2522 mox

817 2557 952 2620 dixi,
986 2572 1049 2610 ex
1087 2556 1201 2626 ipsa
1235 2557 1454 2626 quidem
1481 2559 1782 2610 substantia
1818 2556 1908 2611 Dei
1943 2568 1990 2611 et
2026 2556 2201 2611 Patris
2251 2574 2379 2627 pro-

818 2650 994 2715 diens,
1027 2650 1285 2720 profusus
1318 2659 1497 2704 autem
1541 2651 1606 2704 ad
1649 2666 1767 2716 eos,
1807 2652 1897 2717 qui
1926 2651 2073 2719 digni
2102 2662 2249 2716 sunt,
2287 2668 2379 2721 per

816 2743 1275 2797 consubstantiale
1311 2742 1564 2805 Verbum,
1598 2758 1627 2795 a
1654 2758 1761 2813 quo
1780 2756 1862 2797 est
1892 2747 2186 2798 secundum
2212 2746 2379 2799 emis-

817 2835 1025 2887 sionem
1074 2833 1264 2887 adesse
1303 2840 1467 2898 atque
1496 2835 1811 2898 subsistere,
1847 2846 2135 2904 manetque
2162 2837 2215 2888 in
2238 2838 2376 2905 ipso,

817 2934 872 2976 et
926 2933 1010 2977 est
1060 2938 1275 2991 semper
1328 2925 1656 2991 coniunctim
1720 2925 1881 2977 simul
1927 2934 2085 2994 atque
2139 2926 2376 2980 divisim.

819 3013 1129 3068 Subsistere
1160 3014 1303 3066 enim
1353 3010 1547 3065 Filium
1579 3013 1829 3076 dicimus,
1862 3022 1916 3066 et
1952 3016 2003 3067 in
2037 3014 2243 3083 Spiritu
2277 3031 2378 3071 suo

816 3122 940 3160 eum
987 3120 1129 3167 esse,
1178 3114 1230 3158 et
1264 3104 1522 3173 Spiritum
1576 3122 1765 3159 rursus
1821 3106 1978 3159 ineo
2034 3108 2375 3162 confitemur.

818 3196 1081 3265 Spiritum
1114 3211 1238 3250 vero
1274 3195 1470 3261 Patris,
1508 3196 1626 3249 Filii
1670 3212 1886 3265 quoque
1918 3196 2179 3265 Spiritum
2231 3215 2375 3264 esse,

817 3287 1064 3342 etPatre
1114 3290 1394 3351 mittente,
1454 3292 1566 3343 sive
1616 3291 1941 3343 distribuere
1995 3297 2382 3362 promittente,

823 3379 973 3431 illum
1037 3380 1242 3431 sanctis
1306 3379 1584 3431 distribuit
1637 3394 1858 3448 quoque
1931 3380 2101 3436 Filius
2164 3395 2383 3452 propter

823 3471 1159 3526 identitatem
1183 3472 1454 3536 essentite,
1484 3488 1650 3541 quam
1697 3474 1856 3527 habet
1883 3490 2005 3528 cum
2032 3475 2210 3529 Patre.
2250 3496 2269 3527 ι

818 3564 1094 3633 διανέμειν
1123 3564 1597 3631 ἐπαγγελλομένου
1650 3566 1761 3627 τοῖς
1796 3566 1973 3633 ἁγίοις
2004 3568 2155 3641 αὐτὸ..
2177 3568 2450 3623 διαδίδωσι

821 3658 1032 3721 οὐσίας,
1060 3652 1126 3725 ἧς
1150 3657 1271 3725 ἔχει
1303 3658 1442 3725 πρὸς
1474 3657 1568 3708 τὸν
1597 3659 1834 3727 ΙΙατέρα.
1872 3678 1890 3708 ι

896 3750 1041 3803 ldem
1099 3750 1153 3801 in
1206 3748 1462 3801 dictum:
1514 3767 1532 3799 ι
1574 3750 1639 3802 Et
1692 3750 2063 3802 testimonium
2114 3751 2387 3819 perhibuit

822 3840 1083 3903 Joannes,
1139 3839 1286 3905 quia,
1327 3836 1442 3890 Vidi
1481 3837 1741 3906 Spiritum
1768 3839 2186 3894 descendentem
2228 3844 2383 3909 quasi

822 3931 1126 3984 columbam
1159 3931 1227 3984 tle
1260 3931 1481 3984 caelo“.
1510 3950 1632 3981 ι--ι
1662 3929 1943 3985 lnsultabit
1972 3942 2151 3985 autem
2190 3935 2381 3987 iterum

804 4032 984 4089 .atque
1019 4022 1211 4074 iterum
1234 4022 1596 4075 contentionis
1618 4023 1849 4091 cupidus
1884 4024 2193 4087 haereticus,
2220 4036 2384 4093 atqu:

810 4112 998 4164 ~cll'uso
1024 4111 1139 4163 risu
1208 4110 1437 4162 illudens
1484 4110 1660 4163 dicet:
1698 4113 1835 4175 Quid
1883 4126 2071 4165 rursus
2125 4110 2285 4165 nobis
2318 4113 2380 4163 ad

824 4204 959 4266 haec,
991 4216 1024 4255 ο
1053 4204 1231 4255 amica
1284 4204 1481 4271 capita,
1542 4203 1900 4271 respoudetis,
1953 4213 2043 4257 aut
2070 4219 2230 4271 quem
2268 4219 2384 4256 ser-

824 4310 1039 4347 monem
1092 4294 1601 4358 comminiScemini,
1632 4296 1773 4363 quod
1818 4294 2079 4362 Scriptum
2117 4305 2200 4347 est
2232 4294 2386 4347 noris

824 4388 1035 4441 cavillis
1101 4388 1469 4441 invertentes?
1525 4387 1659 4440 Ecce
1730 4388 1994 4454 Spiritqu
2057 4386 2385 4439 descendere

823 4481 991 4534 refert
1017 4480 1082 4531 ad
1104 4477 1323 4531 Filium.
1369 4477 1445 4530 En
1479 4479 1699 4547 ungitur
1725 4493 1768 4531 αα
1807 4480 1914 4531 beo
1942 4487 1996 4532 et
2025 4477 2215 4543 Patre;
2237 4476 2383 4545 quod

1850 437 2061 501 JUAN.
2106 436 2317 497 VECCI
2359 438 2461 497 ΟΡ.
2511 435 3016 496 ΡΑΤΚΙΛΠΟΙΙΕ

902 545 1048 597 Idem
1084 545 1223 598 libro
1277 561 1304 598 ι·
1353 547 1417 599 ad
1470 548 1740 602 llermiam
1774 567 1785 602 :
1824 571 1841 599 ι
1879 548 1933 603 Si
1968 551 2149 618 itaque
2188 552 2387 603 dicitur
2416 557 2458 610 Λ

2575 550 2633 599 '0
2660 549 2821 609 αὐτὸς
2849 550 2903 598 ἐν
2937 546 3013 614 τῷ
3045 547 3278 615 πέμπτῳ
3304 544 3411 597 τῶν
3436 545 3567 615 πρὸς
3604 544 3857 615 Ἑρμείαν
3883 558 3897 573 ⁸
3935 564 3954 595 ι
3993 545 4058 596 ΕΞ

2486 642 2665 693 τοίνυν
2691 640 2904 708 λέγοιτο
2935 639 3218 709 χαρακτὴρ
3259 639 3356 707 τῆς
3414 636 3897 701 ὑποστάσεως-τοῦ
3942 638 4056 688 Πα-

2485 733 2631 801 τρὸς,
2665 730 2981 801 ἀχωρίστως
3019 744 3076 780 τε
3105 728 3222 796 ἅμα
3270 730 3361 781 καὶ
3421 731 3886 796 προσπεφυκότως
3922 746 4056 781 συν-

2486 824 2797 890 υπάρχοντα
2824 822 2955 884 νόει,
2986 818 3079 871 καὶ
3100 821 3260 871 οἱονεὶ
3279 819 3339 871 τὸ
3364 814 3501 882 εἶδος
3531 819 3695 871 αὐτοῦ
3741 819 3835 872 τοῦ
3863 836 4060 888 γεγει-

2497 914 2749 982 νηκότος·
2784 913 2945 983 ἡνίκα
2975 911 3017 964 δ’
3040 911 3106 965 ἂν
3132 912 3224 963 καὶ
3256 912 3595 981 ἀπαύγασμα
3626 913 3909 981 μονονουχὶ
3942 930 4058 980 (ξω-

2480 1010 2575 1072 εεὸς
2601 1008 2865 1077 προέντος
2894 1025 2952 1060 τε
2996 1007 3091 1061 καὶ
3140 1006 3622 1074 ἀπαστράψαντος,
3658 1008 3739 1068 είς
3785 1006 3910 1058 νοῦν
3958 1007 4054 1075 ἔχε

2484 1100 2582 1168 τὴν
2613 1101 2674 1150 ἐκ
2704 1100 2917 1168 Πατρδς
2949 1098 3113 1151 οἱονεί
3164 1115 3281 1159 πως
3322 1102 3403 1160 εἰς
3456 1099 3515 1150 τὸ
3566 1098 3672 1163 ἔξω
3702 1098 4053 1168 διεκδρομὴν,

2484 1191 2606 1244 οὕτε
2638 1191 2717 1252 εἰς
2748 1190 2893 1243 ἅπαν
2945 1190 3381 1259 ἀπηλλαγμένως
3432 1188 3530 1257 τῆς
3568 1190 3689 1243 ὅθεν
3733 1190 3879 1242 ἐστὶν
3908 1190 4052 1241 ὑποο

2487 1284 2748 1347 στάσεως,
2783 1282 2908 1337 οὔτε
2944 1283 3050 1354 μὴν
3074 1286 3306 1337 εἰσάπαν
3342 1285 3814 1351 συνεσταλμένως,
3846 1299 4055 1351 προεκ-

2484 1374 2798 1458 κύτειουσαν
2830 1375 2885 1427 δὲ
2908 1373 3098 1443 ὥσπερ
3123 1377 3203 1437 εἰς
3234 1375 3293 1427 τὸ
3341 1374 3641 1443 ὑφεστάναι
3666 1374 3789 1428 καθ’
3823 1374 4055 1439 ἑαυτὴν,

2485 1469 2581 1521 καὶ
2613 1469 2693 1530 εἰς
2727 1468 2962 1536 ὓπαρξιν
2991 1466 3184 1535 ίδικήν.
3230 1485 3248 1517 ι

2566 1558 2623 1611 Ὀ
2658 1559 2817 1617 αὐτος
2848 1560 2926 1619 εἰς
2951 1558 3011 1608 τὸ
3038 1555 3220 1625 ῥητὸν,
3252 1556 3332 1619 τὸ,
3369 1574 3386 1606 ι
3424 1553 3620 1616 Καθὼς
3655 1554 3755 1623 ἐμὲ
3789 1555 4052 1606 ἀπέστει-

2484 1652 2581 1713 λας
2613 1653 2691 1713 είς
2714 1651 2807 1700 τὸν
2834 1646 3067 1714 κόσμον,
3095 1646 3250 1714 κάγὼ
3279 1647 3576 1700 ἀπέστειλα
3623 1647 3817 1709 αὐτοὺς
3850 1649 3933 1707 εἰς
3952 1650 4053 1697 τὸν

2485 1744 2710 1812 κόσμον,
2752 1759 2770 1790 ι
2808 1740 2971 1809 φησίν
3009 1754 3025 1770 ο
3066 1759 3084 1792 ι
3121 1740 3280 1793 Ἰδιον
3310 1738 3404 1791 τοῦ
3436 1739 3572 1790 Θεοῦ
3602 1740 3695 1790 καὶ
3748 1739 4055 1807 Πατρδςητὸ

2486 1834 2713 1901 Πνεῦμὰ
2745 1835 2890 1884 ἐστιν
2910 1848 2924 1862 ·
2987 1832 3105 1883 ἀλλ’
3134 1832 3286 1884 οὐδὲν
3312 1827 3474 1902 ἦττον
3507 1832 3637 1883 ἴδιόν
3669 1834 3785 1882 ἐστι
3823 1833 3917 1883 καὶ
3952 1831 4055 1881 αὐ-

2485 1924 2699 1977 τοῦτοῦ
2750 1924 2900 1989 Υίοῦ,
2942 1924 3040 1993 οὐχ
3093 1924 3168 1986 ὡς
3227 1925 3415 1993 ἓτερον
3450 1924 3544 1976 καὶ
3596 1924 3787 1992 ἕτερον
3819 1924 4050 1991 ἢ.μερι-

2488 2016 2626 2078 στῶς
2655 2018 2711 2069 ὲν
2741 2018 2987 2084 ἑκατέρῳ
3016 2015 3309 2084 νοούμενον
3341 2034 3399 2067 τε
3435 2018 3528 2069 καὶ
3556 2016 3864 2084 ἐνυπάρχον
3885 2031 3897 2043 ·
3932 2013 4052 2066 ἀλλ’

2488 2109 2716 2177 ἐπείπερ
2744 2111 2805 2160 ὲκ
2844 2109 3054 2178 Πατρὺς
3093 2108 3187 2159 καὶ
3231 2108 3287 2159 ἑν
3327 2108 3497 2174 lla-.92
3532 2106 3671 2159 κατά
3706 2108 3870 2174 φύσιν
3901 2109 4054 2157 ἐστὶν

2485 2201 2514 2252 ὁ
2543 2200 2687 2262 Υἱὸς,
2724 2200 2935 2267 καρπὸς
2967 2200 3225 2266 ὐπάριων
3274 2196 3528 2265 ἀληθινὸς
3558 2198 3654 2264 τῆς
3711 2196 3899 2257 οὐσίας
3948 2197 4053 2246 αὐ-

2486 2292 2601 2353 τοῦ,
2636 2293 2697 2342 τὸ
2727 2291 2820 2342 τοῦ
2853 2291 3065 2359 [ἰατρὸς
3096 2290 3225 2341 ἴδιον
3281 2286 3502 2356 Πνεῦμα
3526 2288 3670 2339 κατὰ
3720 2285 3885 2355 φύσιν
3914 2288 4056 2337 ἑπα-

2486 2399 2666 2449 γεται,
2702 2385 2959 2450 χεόμενον
2990 2381 3087 2449 μὲν
3120 2381 3182 2430 ὲκ
3230 2378 3460 2447 Πατρδς,
3496 2377 3563 2429 δι’
3619 2377 3786 2431 αὐτοῦ
3844 2378 3901 2429 δὲ
3953 2376 4053 2429 τοῦ

2486 2473 2619 2526 Υἱοῦ
2656 2478 2719 2542 τῇ
2748 2475 2921 2525 κτίσει
2954 2491 2995 2541 χι
3021 2471 3381 2541 ρηγούμενον,
3411 2473 3469 2522 οὐ
3504 2470 3646 2523 κατά
3688 2487 3811 2522 τινα
3844 2471 4055 2539 τρόπον

2485 2565 2812 2626 διακονικὸν,
2843 2566 3012 2633 ἤγουν
3042 2564 3131 2615 τὸν
3159 2566 3214 2614 ὲν
3247 2564 3521 2632 ὐπουργίᾳ
3567 2560 3879 2631 νοούμενον,
3912 2562 4016 2614 ἀλλ
4037 2561 4050 2577 ⁹

2486 2657 2673 2724 ὥσπερ
2706 2658 2842 2724 ἕςην
2874 2657 3097 2724 ἀρτίως,
3128 2656 3184 2720 ἐξ
3231 2653 3403 2722 αὐτῆς
3451 2659 3551 2721 μὲν
3602 2652 3922 2723 προκῦπτον
3952 2657 4055 2719 τῆς

2483 2746 2670 2809 οὐσίας
2700 2746 2790 2797 τοῦ
2826 2745 2961 2797 Θεοῦ
2992 2747 3088 2796 καὶ
3123 2746 3354 2815 Πατρδς,
3388 2744 3650 2813 χεόμενον
3679 2748 3734 2797 δὲ
3764 2747 3871 2807 τοῖς
3904 2746 4053 2795 ἑλςῖν

2486 2840 2654 2903 ἀξίοις
2687 2840 2770 2890 διὰ
2798 2839 2971 2905 Λόγου
2999 2838 3092 2888 τοῦ
3123 2840 3433 2905 ὁμοουσίου,
3465 2839 3559 2889 καὶ
3619 2840 3677 2900 ἐξ
3732 2837 3894 2889 αὐτοῦ
3953 2854 4055 2887 πε-

2485 2931 2736 3000 φηνότος,
2767 2932 2885 2981 κατ’
2922 2929 3186 2995 ἕκφανσιν
3232 2929 3475 2996 δηλονότι.
3520 2929 3617 2997 τὴν
3663 2932 3738 2990 είς
3793 2928 3856 2980 τὸ
3907 2924 4053 2980 εἶναι

2484 3022 2607 3074 καθ’
2642 3021 2822 3084 ἑαυτὸ,
2860 3022 2952 3073 καὶ
2987 3022 3043 3071 ὲν
3070 3018 3219 3087 αὐτῷ
3250 3018 3506 3088 μένοντὸς
3537 3036 3594 3071 τε
3627 3020 3719 3071 καὶ
3762 3019 3917 3080 ὄντος
3967 3023 4057 3071 ἀεὶ

2485 3113 2767 3184 προσεχῶς
2799 3129 2856 3164 τε
2876 3112 2998 3181 ἅμα
3028 3114 3122 3164 καὶ
3154 3113 3599 3181 μεμερισμένοις.
3642 3112 4055 3173 Ἰὀιοσυστὰτως

2409 3243 2451 3297 C
2489 3209 2586 3276 μὲν
2616 3208 2723 3275 γὰρ
2746 3202 2885 3257 εἶναι
2915 3222 3095 3274 φαμεν
3125 3206 3215 3256 τὸν
3247 3204 3392 3261 Υἱὸν,
3428 3196 3761 3272 ἐνυπάρχειῦ
3808 3205 3865 3255 δὲ
3898 3205 4057 3271 αὐτῷ

2491 3299 2633 3360 ἰδίως
2682 3298 2992 3366 γεννήτορι,
3033 3297 3130 3348 κα)⁵
3161 3296 3305 3365 ἔχειν
3355 3297 3412 3347 ἐν
3466 3296 3645 3366 ἑαυτῷ
3704 3296 3797 3346 τὸν
3854 3300 4055 3361 γεννή-

2487 3406 2679 3443 σαντα.
2719 3390 2841 3440 Ὅτι
2870 3385 2926 3440 δὲ
2953 3388 3014 3439 τὺ
3045 3387 3138 3439 τοῦ
3171 3388 3382 3456 Harpe;
3414 3388 3631 3456 Πνεῦμα
3665 3387 3888 3456 Πνεῦμα
3921 3389 4055 3454 φαί-

2488 3498 2636 3532 νεται
2674 3480 2766 3532 τοῦ
2795 3480 2945 3544 Υἱοῦ,
2993 3479 3210 3531 καὶτοῦ
3265 3479 3477 3547 Harpe;
3527 3482 3861 3547 πέμποντος,
3928 3480 4056 3547 ἤτοι

2515 3572 2680 3624 πάλιν
2706 3571 2779 3634 ὼς
2850 3573 3001 3636 ἴδιον,
3075 3572 3103 3623 ὁ
3136 3571 3260 3633 Υἱὸς
3315 3569 3404 3622 διὰ
3469 3570 3568 3639 τὴν
3600 3572 3907 3637 ταυτότητα
3950 3571 4054 3637 τῆς

2566 3750 2627 3800 'O
2653 3750 2816 3810 αὐτὸς
2848 3753 2925 3811 εἰς
2956 3750 3015 3801 τὸ
3047 3749 3209 3817 ῥητὸν
3261 3751 3345 3813 τὸ,
3376 3769 3394 3800 t
3438 3752 3545 3803 Καὶ
3598 3752 3993 3823 ἐμαρτύρησεν
4025 3757 4059 3807 ὁ

2498 3841 2753 3907 Ἰωάννης
2777 3841 2974 3908 λέγων,
3012 3842 3117 3902 ὅτι,
3151 3841 3431 3908 Τεθέαμαι
3458 3842 3517 3893 τὸ
3549 3842 3770 3910 Πνεῦμα
3793 3845 4058 3896 καταϐαῖ-

2487 3948 2576 3981 νον
2607 3930 2739 3982 ὠσεὶ
2770 3932 3100 3999 περιστερὰν
3130 3930 3189 3995 ἐξ
3223 3931 3479 3999 οὐρανοῦ,
3525 3949 3543 3981 ι
3578 3933 3742 3999 φησίν
3768 3948 3779 3960 '
3826 3951 3845 3982 ι
3896 3935 4055 3985 Ἀνι-

2487 4024 2789 4088 σκιρτήσες
2818 4022 2874 4072 δὲ
2918 4023 3050 4083 ἴσως
3097 4024 3125 4073 ὁ
3176 4021 3563 4090 ςιλεγκλήμιιιν
3611 4024 3905 4090 αἱρετικὸξ,
3960 4041 4059 4076 και

2484 4113 2663 4164 πλατὺ
2692 4114 2931 4179 γελάσας
2966 4115 3122 4181 ὲρεῖο
3155 4095 3231 4162 Τί
3252 4111 3416 4164 πάλιν
3472 4114 3625 4182 ἡμῖν,
3663 4107 3707 4164 ὦ
3754 4108 3922 4178 οῦτοι,
3960 4119 4059 4166 καὶ

2485 4204 2621 4273 πρὸς
2649 4202 2808 4255 τοῦτό
2836 4218 3010 4269 φατε;
3045 4203 3078 4272 ἢ
3127 4205 3281 4254 ποῖον
3307 4204 3624 4269 ἐξυφανεῖτε
3666 4203 3845 4268 λόγον,
3880 4221 4061 4257 κατα-

2485 4295 2829 4362 σοφιζόμενοι
2864 4296 2923 4347 τὸ
2952 4296 3380 4363 γεγραμμένον;
3431 4294 3561 4346 Ἰδοὺ
3594 4295 3655 4345 τὸ
3695 4294 3921 4363 Πνεῦμα
3953 4313 4058 4347 κα-

2482 4388 2763 4440 ταὸαίνειν
2807 4388 2968 4455 φησὶν
3004 4387 3096 4437 ἐπὶ
3148 4388 3239 4438 τὸν
3301 4387 3443 4439 Υἱόν.
3515 4387 3647 4439 Ἰδοὺ
3694 4389 4059 4456 καταχρξεται

2483 4480 2636 4548 παρὰ
2667 4479 2761 4530 τοῦ
2787 4478 2928 4529 Θεοῦ
2960 4477 3054 4529 καὶ
3086 4478 3317 4547 Πατρός·
3349 4480 3489 4545 ὅπερ
3514 4478 3573 4529 δὲ
3605 4478 3709 4529 οὐκ
3737 4478 3852 4545 ἔχει
3912 4480 4063 4545 λαμ-

826 4586 934 4624 ιιοιι
957 4571 1117 4624 habet
1154 4570 1404 4624 videlicet
1448 4570 1686 4637 accipit:
1721 4570 1881 4637 idque
1912 4569 2229 4623 testimonio
2277 4582 2417 4644 suo]

2484 4569 2639 4623 δάνει
2668 4569 2893 4640 δηλαδὴ,
2918 4568 3525 4638 συνεπιμαρτυροῦντος
3550 4567 3643 4619 τοῦ
3680 4568 3922 4636 μεὶῳδοῦ
3960 4572 4061 4620 καὶ

825 4663 1111 4717 continuat
1138 4662 1450 4725 Psalnusta,
1481 4676 1607 4715 cum
1642 4661 1772 4715 dicit
1809 4662 1876 4715 ad
1914 4660 1964 4713 -Ιῖ
1972 4661 2145 4724 ilium,
2191 4677 2211 4710 ι
2248 4658 2380 4712 Pro-

825 4762 1006 4824 pterea
1040 4754 1192 4807 unxit
1220 4765 1270 4807 te
1328 4753 1467 4807 Deus
1518 4752 1661 4807 Deus
1692 4762 1818 4805 tuus
1853 4752 1986 4805 "oleo
2042 4751 2240 4804 latitia:
2272 4765 2382 4819 prie

828 4846 1182 4915 participibus
1227 4850 1333 4898 tuis
1357 4846 1425 4896 ".
1466 4862 1483 4894 ι
1522 4843 1811 4908 Quomodo
1834 4857 1964 4912 ergo
1991 4844 2093 4897 erit
2124 4841 2294 4895 Filius
2324 4844 2379 4894 in

826 4938 1048 5007 perfecti
1092 4935 1265 4991 Patris
1312 4938 1900 5013 consubstantialitate,
1942 4936 2035 5005 qui
2096 4935 2219 4988 talis
2271 4948 2378 4988 non

822 5039 931 5096 est,
966 5026 1196 5097 ideoque
1246 5029 1584 5098 perunctus?
1628 5027 1707 5080 Ad
1758 5028 2066 5096 hujusmodi
2107 5026 2377 5087 homines,

826 5122 921 5192 qui
951 5122 1296 5175 reverendam
1328 5121 1605 5174 veritatem
1627 5120 1981 5173 ecclesiastici
2015 5117 2286 5187 dogmatis
2329 5125 2383 5170 et

829 5215 1232 5282 Scripturarum
1271 5219 1447 5266 rectos
1496 5226 1690 5266 sensus
1731 5218 2063 5280 pervertunt,
2087 5218 2385 5279 opportune

829 5305 960 5359 illud
992 5305 1170 5358 dicere
1196 5318 1520 5374 possumus;
1550 5301 2239 5371 Expergiscimini,ebrii,e
2260 5301 2388 5354 vino

826 5408 1029 5460 vestro,
1066 5404 1124 5449 ut
1152 5395 1598 5464 fulgentissimam
1634 5393 1875 5446 veritatis
1915 5392 2085 5445 lucem
2120 5391 2386 5454 videntes,

830 5488 1110 5542 nobiscum
1134 5487 1200 5542 ad
1226 5485 1423 5539 Filium
1440 5488 1676 5541 clamare
1706 5485 1963 5552 possitis:
2001 5502 2019 5533 ι
2061 5482 2197 5538 Vere
2212 5480 2387 5535 Filius

832 5578 928 5633 Dei
961 5589 1013 5632 tu
1046 5595 1105 5633 es
1122 5580 1191 5634 ⁸³.
1227 5598 1246 5631 ι
1292 5580 1348 5633 Si
1372 5578 1513 5631 enim
1550 5579 1726 5631 credis
1757 5576 1921 5630 Deum
1968 5577 2143 5645 ipsum
2175 5584 2386 5637 natura,

830 5672 1101 5738 quomodo
1130 5670 1514 5739 perfectionem
1573 5682 1682 5722 non
1735 5669 2015 5738 possidet?
2072 5665 2189 5720 Jam
2222 5667 2385 5720 etiam

914 5831 959 5861 “
980 5826 1137 5886 Joan.
1173 5844 1262 5893 xx,
1298 5828 1385 5883 9|.

1306 6017 1337 6039 ,Δ

1458 5825 1689 5884 “Marc.
1724 5842 1762 5891 ι,
1799 5826 1881 5881 10.
1958 5827 2002 5856 ’ί
2030 5824 2170 5879 l’sal.
2210 5839 2349 5889 ιιιν,
2388 5824 2438 5879 8.

2486 4662 2735 4728 λέγοντος
2768 4660 2842 4721 ὡς
2869 4660 3004 4729 πρὸς
3030 4660 3209 4724 αὐτὸν,
3247 4678 3264 4709 ι
3291 4657 3559 4727 Διὰςτοῦτο
3589 4658 3772 4727 ἔχρισὲ
3793 4660 3894 4710 σεο
3920 4662 4059 4722 Θεὸς

2480 4753 2618 4815 Θεός
2646 4769 2739 4804 σου
2792 4752 2973 4804 ἔλαιον
3000 4750 3381 4818 ἀγαλλιάσεως.
3430 4750 3582 4818 παρὰ
3612 4752 3737 4809 τοὺς
3786 4750 4057 4816 μετόχους

2486 4860 2603 4896 σου.
2649 4861 2667 4893 ι
2700 4842 2823 4904 Πῶς
2869 4840 2936 4894 ἂν
2963 4842 3048 4910 εἴη
3091 4840 3279 4893 λοιπὸν
3302 4843 3361 4892 ὲν
3389 4843 3776 4909 ὁμοουσιότητι
3827 4842 3923 4892 τοῦ
3961 4857 4059 4892 τε-

2485 4935 2630 4987 λείου
2656 4934 2867 5002 Πατρὸς
2894 4935 2921 4986 ὁ
2954 4935 3029 5003 μὴ
3057 4933 3295 4995 τοιοῦτος
3326 4933 3450 4994 Υἱὸς
3483 4935 3580 4985 καὶ
3598 4932 3686 4983 διὰ
3714 4932 3875 4986 τοῦτο
3901 4936 4058 5001 χριό-

2486 5043 2687 5099 μενοςς
2719 5026 2859 5095 Πρὸς
2885 5024 2949 5096 δὴ
2989 5025 3148 5077 τοῦτο
3179 5026 3347 5092 φάναι
3378 5022 3459 5075 δεῖ
3516 5021 3886 5091 ὑπολαμϐάνω
3935 5027 4056 5084 τοῖς

2487 5124 2554 5173 τὰ
2603 5120 2775 5187 σεμνὰ
2829 5116 2932 5186 τῆς
2973 5117 3301 5185 Ἐκκλησίας
3356 5115 3728 5184 ἀνατρέπουσι
3781 5115 4058 5183 δόγματα,

2492 5211 2589 5263 καὶ
2608 5208 2706 5279 τὴν
2738 5208 2847 5261 τῶν
2875 5208 3277 5276 γεγραμμένων
3306 5206 3579 5275 ὀρθότητα
3603 5206 4051 5273 διαστρέφουσιν·

2501 5300 2803 5371 Ἐκνήψατε
2836 5300 2886 5350 οἱ
2922 5298 3213 5367 μεθύο.τες
3252 5297 3311 5359 ἐξ
3362 5298 3511 5348 οἴνου
3573 5296 3774 5356 αὐτῶν..
3826 5297 3914 5347 ἶνα
3966 5296 4061 5347 δύ-

2489 5392 2650 5461 νησθε
2688 5392 2749 5443 τὸ
2800 5389 3052 5458 λαμπρὸν
3112 5389 3208 5456 τῆς
3262 5388 3521 5455 ἀληθείας
3578 5388 4057 5456 περιαθρήσαντες

2491 5484 2705 5546 κάλλος,
2744 5483 2842 5534 σὺν
2888 5482 3019 5549 ἡμῖν
3052 5478 3357 5546 ἀναϐοῆσαι
3385 5478 3519 5547 πρὸς
3551 5479 3641 5529 τὸν
3668 5479 3811 5541 Υἱὺν,
3850 5496 3869 5529 ι
3892 5480 4055 5546 Ἀλη-

2490 5576 2595 5636 Οὼς
2634 5573 2768 5627 Θεοῦ
2800 5574 2921 5635 Υἱὸς
2953 5566 3025 5625 εἷ.
3064 5590 3082 5623 ι
3118 5573 3178 5625 Εἰ
3206 5571 3313 5641 γὰρ
3348 5571 3479 5632 ὅλως
3507 5569 3783 5632 πιστεύεις
3815 5570 3953 5623 Θεὸν
3975 5568 4061 5623 εἷ-

2492 5686 2579 5720 ναι
2609 5670 2750 5718 κατὰ
2781 5666 2942 5732 φύσιν
2976 5664 3159 5727 αὐτὸν,
3195 5664 3310 5723 πῶς
3341 5664 3440 5714 οὐκ
3476 5662 3540 5714 ἂν
3582 5661 3695 5728 ἔχοι
3720 5664 3780 5717 τὸ
3807 5660 4014 5714 τέλειον
4040 5678 4056 5693 ·

2533 5824 2579 5854 ’³
2606 5821 2792 5876 Matth.
2829 5836 2939 5888 xw,
2979 5818 3065 5873 55.
