4202 6454
180 416 284 478 653

1599 405 2079 471 ΕΙῚΟΠᾹΡΗΕ.

3337 381 3443 448 654

182 525 300 595 ὦρα
332 523 439 593 γὰρ
473 524 616 592 ὑμᾶς
648 524 850 585 καὶέὶς
887 523 1048 574 αὐτὸν
1077 522 1176 591 ἠδη
1210 520 1489 574 δυσσεσιῖν
1530 519 1621 571 τὸν
1653 519 1761 569 lla-

1881 527 1961 565 tos
2019 513 2070 564 in
2139 509 2312 577 ipsum
2376 505 2594 558 Patrem
2643 500 2808 572 impie
2843 495 3224 567 obloquimini.
3282 492 3436 552 Unde

179 614 344 680 τέρα.
388 613 558 665 Πόθεν
585 614 690 682 γὰρ
731 613 913 674 αὐτὸς,
963 610 1036 673 ὼς
1087 611 1211 679 φῂς,
1247 609 1304 673 ἐξ
1351 608 1593 675 ἀνάγκης
1649 604 1760 668 ἕξει

181 705 284 774 τὴν
314 705 630 776 τελειότητα
659 724 670 769 ;
704 705 824 765 Πῶς
858 704 912 756 δὲ
971 703 1092 772 οὐχ).
1144 701 1279 771 πρὸς
1319 698 1416 768 τὴν
1447 697 1539 750 τοῦ
1566 697 1759 764 γεννή-

189 811 360 863 ματος
400 794 591 861 ὕφεσιν
619 797 717 865 τὴν
757 795 833 859 ὡς
863 794 984 848 καθ’
1019 794 1164 862 ὑμᾶς
1195 791 1359 858 ἀτελῆ
1415 787 1761 855 κατοικισθῆ-

186 909 338 944 σεται
366 888 825 959 παραδεξαμένην
847 886 997 950 ἅπαξ
1026 888 1085 938 ὲν
1111 885 1227 954 Υίῷ
1249 885 1346 952 τῆς
1391 882 1540 942 θείας
1573 880 1762 940 οὐσίας

182 986 240 1036 τὸ
302 985 376 1054 μὴ
413 980 674 1034 δύνασθαι
712 980 786 1051 μὴ
846 980 991 1048 ἔχειν
1047 978 1110 1031 τὸ
1136 977 1343 1030 τέλειον
1377 975 1516 1027 κατά
1570 990 1633 1041 γε
1670 972 1762 1025 τὸν

184 1077 314 1146 παρ’
345 1078 476 1144 ὑμῖν
507 1073 694 1142 ἀμαθῆ
728 1073 822 1124 καὶ
849 1071 1174 1124 ἀπαίδευτον
1202 1068 1398 1136 λόγον;
1431 1069 1508 1118 Οὐ
1539 1066 1647 1133 γὰρ
1671 1063 1762 1132 δή·

185 1185 288 1219 που
319 1168 420 1233 τὴν
458 1164 702 1234 μεγάλην
754 1161 975 1230 εκείνην
1035 1160 1130 1212 καὶ
1161 1159 1441 1229 ἀκήρατον
1477 1156 1640 1226 φύσιν
1679 1156 1763 1215 είς

183 1259 478 1327 διαφόρους
533 1253 984 1324 καταμεριοῦμεν
1018 1252 1232 1319 λόγους,
1291 1251 1366 1312 ὡς
1393 1245 1533 1301 εἶναι
1573 1248 1670 1316 μὲν
1704 1248 1764 1300 ὲν

187 1351 326 1416 τῷδε
368 1348 534 1418 τυχὸν
569 1344 760 1416 ἀτελῆ,
802 1345 1019 1398 τελείαν
1048 1343 1094 1396 δ’
1120 1339 1186 1397 αὖ
1235 1343 1401 1394 πάλιν
1439 1342 1498 1394 tv
1546 1339 1762 1408 ἐκείνῳ.

197 1442 354 1493 Ἐπεὶ
383 1441 478 1492 καὶ
512 1442 538 1492 ὁ
566 1441 666 1509 τῆς
691 1435 1110 1506 ἀνθρωπότητος
1140 1436 1262 1505 ὄρος
1296 1429 1379 1495 εἷς
1441 1432 1584 1484 κατὰ
1627 1431 1766 1484 πάν-

185 1550 294 1585 των
334 1534 454 1584 ἐστὶ
501 1532 594 1583 καὶ
659 1529 772 1590 (so;
820 1531 877 1579 ὲν
908 1529 1074 1580 πᾶσιν
1129 1529 1284 1597 ἡμῖν.
1318 1525 1578 1577 Ἐλαττον
1599 1523 1654 1574 δέ.
1682 1538 1767 1584 τις

188 1625 477 1691 ἄνθρωπος
504 1620 637 1674 καθὸ
668 1620 913 1688 πέφυκεν
947 1619 1270 1688 ἄνθρωποςς
1305 1615 1421 1668 ἀλλ’
1453 1616 1572 1668 οὐδὲ
1606 1614 1767 1666 πλέον

188 1717 378 1782 ἑτέρου
429 1712 932 1782 κιταληφθήσεται.
1002 1709 1262 1777 Ἀγγέλου
1315 1708 1392 1772 δὲ,
1424 1701 1601 1776 οἶμαι,
1637 1705 1768 1757 διοί-

190 1823 274 1858 σει
305 1807 428 1858 κατ’
454 1805 608 1857 οὐδὲν
635 1805 724 1857 ἒτε
737 1821 826 1874 ρος
849 1802 1100 1870 ἄγγελος,
1124 1800 1267 1854 κατά
1283 1816 1344 1868 γε
1371 1799 1433 1851 τὸ
1461 1797 1604 1852 εἶναι
1621 1796 1768 1849 τοῦθ’

1870 616 2107 672 namque
2165 601 2325 653 Pater
2376 595 2762 666 perfectionem
2800 590 3022 646 habebit
3075 584 3438 642 necessario?

1869 692 2276 764 Antquomodo
2308 690 2376 744 ad
2416 688 2857 744 imminutionem
2906 682 3052 745 Filii,
3094 682 3187 751 qui
3243 695 3440 736 secun-

1869 788 1996 842 dum
2033 802 2130 841 vos
2188 784 2538 854 imperfectus
2595 791 2699 844 est,
2764 779 2922 834 Pater
2960 777 3124 832 etiam
3185 774 3303 843 ipse
3331 788 3441 826 non

1869 879 2192 949 depelletur,
2218 877 2263 932 si
2297 875 2464 932 semel
2501 873 2688 928 divina
2728 869 3034 925 substantia
3067 863 3440 935 imper-rectio-

1873 987 1994 1028 nem
2050 972 2103 1026 in
2151 967 2290 1024 Filio
2325 964 2672 1035 susceperit?
2722 961 2840 1017 Non
2873 961 3041 1023 enim,
3076 970 3135 1014 ut
3176 956 3441 1018 arbitror,

1871 1063 2139 1120 audebitis
2167 1059 2470 1118 secundum
2503 1057 2850 1126 insipientem
2881 1068 2945 1106 ac
2972 1051 3113 1105 male
3147 1049 3447 1117 morigera-

1871 1169 1988 1214 tum
2027 1165 2268 1211 vestrum
2297 1165 2606 1207 sermonem
2652 1149 2708 1202 in
2756 1145 3005 1201 diversas
3053 1144 3286 1196 rationes
3320 1139 3446 1193 sub-

1873 1248 2088 1304 stantiae
2120 1245 2361 1300 divinam
2407 1237 2883 1306 immortalemque
2911 1241 3166 1287 naturam
3203 1231 3276 1283 ita
3312 1227 3451 1282 inci-

1871 1341 2022 1402 dere,
2057 1349 2116 1392 nt
2162 1337 2216 1390 in
2268 1334 2439 1388 altero
2490 1329 2764 1401 perfecta,
2813 1328 2868 1381 in
2908 1325 3084 1380 altero
3117 1319 3441 1390 imperfecta

1874 1445 1996 1486 esse
2019 1430 2289 1490 videatur,
2321 1424 2621 1496 prasertim
2658 1437 2783 1476 cum
2816 1419 3046 1472 videatis
3082 1418 3332 1470 humana:
3355 1426 3453 1464 na-

1877 1533 2012 1576 tura
2040 1522 2307 1576 rationem
2336 1531 2501 1570 unam
2544 1530 2606 1569 ac
2634 1513 2880 1567 eamdem
2917 1510 2970 1562 in
3001 1506 3260 1561 omnibus
3306 1516 3449 1562 esse.

1882 1629 1983 1668 nec
2004 1612 2184 1665 minus
2212 1608 2416 1678 aliquid
2453 1616 2548 1660 aut
2586 1604 2764 1671 majus
2793 1600 3069 1655 hominem
3123 1594 3365 1654 homine,
3394 1592 3448 1643 in

1877 1712 2143 1773 quantum
2188 1701 2353 1754 homo
2403 1705 2511 1761 est,
2570 1693 2868 1764 possidere.
2931 1688 3042 1742 Nec
3094 1685 3320 1754 angelus
3379 1680 3450 1734 ab

1883 1795 2100 1859 angelo,
2153 1805 2216 1844 ca
2255 1791 2487 1854 ratione,
2515 1803 2622 1854 qua
2653 1796 2886 1852 uterque
2915 1779 3141 1850 angelus
3188 1787 3306 1842 est,
3340 1791 3449 1845 qua

193 1898 332 1966 ὅπερ
365 1899 524 1958 είσὶν,
555 1897 776 1964 ἄγγελοι
806 1895 1034 1965 δηλαδὴ,
1066 1894 1153 1947 διὰ
1180 1895 1276 1963 τῆς
1331 1893 1470 1961 πρὸς
1502 1889 1768 1958 ἀλλήλους

1882 1887 2136 1942 videlicet
2163 1886 2230 1939 ad
2278 1897 2440 1938 unam
2487 1879 2722 1950 speciem
2766 1886 2929 1946 atque
2975 1883 3224 1928 naturam
3259 1885 3450 1924 omnes

191 1983 489 2056 ὁμοεὶδίας,
525 1991 604 2052 είς
633 1989 764 2058 μίαν
796 1989 1037 2050 ἅπαντες
1087 1984 1554 2056 ἀναδεσμούμενοι
1587 1982 1774 2050 φύσιν.

193 2079 320 2140 Πῶς
358 2077 424 2130 ἂν
455 2079 547 2132 οὖν
601 2081 634 2148 ἠ
690 2079 811 2132 θεία
864 2083 958 2131 καὶ
1013 2078 1276 2130 ἁπάντων
1335 2075 1775 2144 ὑπερανίσχουσα

193 2173 359 2240 φύσις
395 2173 452 2223 ὲν
482 2172 729 2224 ἐλάττοσι
761 2171 870 2222 τῶν
897 2169 1176 2238 γεννητῶν
1203 2169 1261 2219 ὲν
1286 2169 1401 2229 τοῖς
1426 2165 1546 2218 καθ’
1575 2165 1777 2235 ἑαυτὴν

190 2263 418 2327 ἀγαθοῖς
449 2263 765 2332 ὀφθήσεται,
796 2263 1062 2331 ὑπομενεῖ
1087 2261 1143 2314 δὲ
1169 2261 1362 2323 πάθος,
1400 2258 1428 2311 ὃ
1461 2258 1654 2310 παθεῖν
1675 2258 1776 2308 οὐκ

194 2350 336 2406 εἶδεν
364 2357 398 2424 ἡ
434 2354 646 2420 κτίσις;
708 2355 828 2418 Πῶς
885 2353 944 2404 δὲ
998 2354 1138 2415 ὅλως
1197 2353 1352 2405 ἔσται
1385 2352 1477 2404 καὶ
1503 2351 1651 2418 ἁπλη
1681 2353 1776 2402 καὶ

195 2446 515 2509 ἀσύνθετος,
543 2447 702 2517 εῐπερ
734 2448 792 2500 ἐν
828 2447 966 2516 αὐτῇ
999 2449 1251 2514 φανεῖται
1274 2445 1334 2498 τὺ
1366 2445 1570 2498 τέλειον
1594 2448 1688 2498 καὶ
1716 2445 1776 2496 τὸ

200 2539 432 2602 άτελές;
489 2538 846 2606 Συγκείσεται
900 2539 1011 2609 γὰρ
1062 2537 1130 2590 δι’
1186 2540 1413 2608 ἀμφοῖν,
1469 2539 1632 2608 εῐπερ
1679 2537 1776 2605 οὺχ

198 2631 390 2696 ὅμοιον
421 2627 501 2696 τῷ
550 2627 742 2697 τελείῳ
801 2626 861 2680 τὸ
913 2626 1126 2689 ἀτελές.
1177 2627 1238 2678 El
1296 2625 1396 2694 μὲν
1431 2626 1540 2694 γάρ
1590 2625 1778 2693 ὅμοιόν

198 2723 339 2784 ἐστι,
369 2721 466 2772 καὶ
499 2720 560 2772 τὸ
609 2719 924 2774 διαλλάττον
953 2719 1107 2772 οὐδὲν
1156 2721 1213 2772 ἐν
1244 2720 1447 2780 αὐτοῖς,
1482 2718 1591 2770 πᾶν
1643 2717 1780 2783 ὅπερ

199 2812 266 2864 ἂν
299 2814 385 2880 εῐη
414 2812 641 2873 τέλειον.
679 2810 993 2882 ἀδιαφόρως
1021 2812 1176 2864 ἔσται
1207 2813 1302 2864 καὶ
1332 2809 1548 2873 ἀτελὲς,
1604 2809 1698 2862 καὶ
1729 2807 1784 2859 εί

195 2919 255 2952 τι
291 2901 454 2954 πάλιν
513 2899 728 2967 ἀτελὲς,
759 2901 920 2954 τοῦτο
977 2901 1073 2953 καὶ
1122 2901 1354 2963 τέλειον,
1389 2900 1483 2952 καὶ
1533 2899 1686 2952 οὐδὲν
1719 2901 1776 2951 ὲν

202 2993 321 3061 Υίῷ
343 2994 735 3063 κατηγόρημα,
777 2993 882 3046 κᾶν
918 2995 1044 3054 ταῖς
1089 2992 1391 3061 ἡμετέραις
1419 2990 1687 3051 διανοίαις
1717 2990 1778 3041 τδ

196 3085 414 3137 τέλειον
439 3086 579 3154 ἔχων
610 3086 670 3137 ού
698 3086 980 3154 φαίνηται.
1021 3084 1160 3137 Ἀλλ’
1188 3083 1310 3136 οὐδὲ
1336 3083 1499 3144 αὐτὸς
1529 3083 1556 3133 ὁ
1587 3080 1778 3150 Πατὴρ

205 3176 606 3274 ὑπερδαλείται
637 3177 730 3228 τὸν
756 3176 883 3228 Υἱὸν
919 3176 1013 3228 ἐπὶ
1038 3173 1343 3242 τελειότητι
1393 3169 1778 3242 μαρτυρούμεο
1806 3215 1852 3274 C

204 3283 296 3326 νος
321 3281 337 3295 ·
375 3267 468 3317 καὶ
499 3263 716 3317 λέλυται
751 3265 912 3318 πάλιν
948 3266 1079 3333 ἡμῖν
1109 3263 1174 3315 τὸ
1209 3261 1564 3331 ζητούμενον.
1600 3262 1664 3313 Et
1724 3260 1780 3312 δὲ

203 3357 372 3418 πολὺς
408 3357 745 3424 ἀποτειχίζει
777 3355 933 3422 λόγος
964 3354 1059 3406 τοῦ
1089 3355 1300 3406 τελείου
1356 3353 1418 3405 τδ
1451 3353 1660 3416 ἀτελὲς,
1690 3351 1780 3404 δέ·

203 3466 362 3519 χεται
389 3449 444 3500 δὲ
473 3448 568 3501 καὶ
593 3451 626 3517 ἡ
664 3448 788 3500 θεία
822 3448 985 3516 φύσις
1021 3448 1160 3500 κατὰ
1211 3446 1412 3499 ταυτὸν
1466 3447 1781 3516 ἀμφότερα,

205 3540 463 3600 σύνθετος
494 3541 602 3610 ἄρα
631 3541 726 3590 καὶ
759 3540 856 3608 οὐχ
886 3540 1052 3606 ἁπλῆ.
1123 3539 1261 3590 Ἀλλ’
1319 3539 1438 3607 ὲρεῖ
1493 3555 1578 3600 τις
1621 3539 1782 3607 τυχὸν

210 3627 287 3689 ὡς
320 3628 594 3696 ἁσυμφυῆ
626 3627 687 3678 τέ
715 3628 830 3680 ἐστι
854 3629 958 3682 καὶ
983 3627 1378 3698 ὰσυνύπαρκτα
1412 3628 1554 3679 κατὰ
1585 3628 1782 3679 ταυτὸν

209 3721 269 3770 tv
308 3720 393 3772 ἑνὶ
427 3736 506 3788 τῳ
538 3720 888 3787 ὑποκειμένῳ
922 3718 990 3770 τὰ
1041 3721 1284 3782 ἐναντία,
1350 3719 1425 3779 ὡς
1477 3721 1536 3769 ἐν
1568 3718 1782 3787 σώματι

209 3807 374 3876 τυχὸν
405 3807 541 3876 όμοῦ
576 3810 778 3878 χρῶμα.
804 3808 996 3860 λευκὸν
1033 3809 1126 3861 καὶ
1155 3807 1341 3877 μέλαν.
1373 3807 1568 3869 Καλῶς
1600 3824 1685 3874 γε,
1737 3801 1782 3859 ὢ

208 3897 387 3964 φίλος,
420 3898 515 3950 καὶ
547 3898 692 3967 μάλα
717 3898 933 3967 γοργῶς
968 3901 1080 3960 τοῖς
1106 3899 1398 3968 ἡμετέροις
1455 3900 1783 3967 ὲπηγωνίσω

205 3990 408 4058 λόγοις.
440 3991 503 4041 Εἰ
527 3991 634 4060 γὰρ
663 3990 762 4060 μία
791 3991 873 4053 τίς
908 3992 1055 4043 ἐστιν
1085 3992 1118 4060 ἡ
1153 3990 1272 4042 θεία
1307 3991 1489 4059 φύσις,
1516 3991 1612 4043 καὶ
1655 3990 1783 4060 παρ’

205 4081 378 4150 αὐτὴν
409 4083 508 4150 οὐχ
537 4081 719 4152 ἑτέρα,
757 4082 873 4144 πῶς
929 4081 1017 4144 ἂν,
1047 4081 1166 4134 είπέ
1199 4099 1312 4150 μοι,
1350 4081 1459 4132 τῶν
1515 4083 1780 4134 ἐναντίων

206 4173 421 4239 γένοιτο
447 4173 710 4244 δεκτική;
747 4174 866 4237 πῶς
887 4175 946 4227 δὲ
978 4175 1098 4227 καθ’
1128 4174 1187 4226 ἓν
1219 4192 1275 4227 τι
1302 4175 1364 4228 τὸ
1394 4175 1780 4243 ὑποκείμενον,

205 4265 278 4316 τὰ
325 4263 582 4335 ἀλλήλοις
635 4266 868 4336 ἀνόμοια
908 4267 1292 4337 συμϐήσεται;
1347 4266 1482 4318 Θεοῦ
1540 4265 1598 4318 δὲ
1630 4265 1782 4328 ὄντος

208 4355 353 4407 κατὰ
382 4353 548 4422 φύσιν
580 4355 678 4408 τοῦ
711 4355 949 4425 Πατρός,
984 4357 1115 4419 Θεός
1142 4359 1262 4409 ἐστι
1291 4357 1435 4409 κατὰ
1465 4355 1631 4423 φύσιν
1681 4356 1779 4406 καὶ

204 4452 233 4500 ὁ
262 4448 414 4514 Υίὺς,
457 4451 552 4502 καὶ
579 4451 732 4505 οὐδὲν
761 4451 868 4521 ἄρα
898 4451 1090 4504 διοίσει
1133 4453 1274 4506 κατά
1321 4469 1388 4520 γε
1434 4453 1495 4504 τὸ
1524 4447 1666 4505 εἶναι
1698 4453 1784 4504 τέο

1877 1979 2280 2035 concluduntur
2331 1972 2550 2028 differre
2599 1984 2841 2040 unquam
2893 1966 3111 2037 poterit.
3172 1962 3456 2029 Quomodo

1879 2072 2044 2142 igitur
2099 2079 2289 2123 natura
2333 2065 2573 2129 deitatis,
2629 2077 2747 2133 qua:
2793 2075 2956 2129 super
2989 2059 3103 2112 hinc
3135 2057 3324 2110 omnia
3376 2055 3459 2109 in-

1880 2160 2326 2231 comparabiliter
2358 2165 2463 2219 est,
2502 2155 2713 2208 minora
2743 2149 3060 2226 possidebit,
3097 2162 3257 2216 quam
3299 2159 3455 2199 creao

1881 2257 2043 2309 tura?
2073 2245 2800 2317 Quomodoinaaqualilatent
2827 2258 2944 2296 eam
2983 2241 3240 2310 suscipiet
3261 2250 3455 2292 natura

1884 2343 2342 2414 incorruptibilis,
2392 2341 2549 2410 cujus
2595 2334 2974 2406 corruptibilia
3006 2331 3314 2401 susceptiva
3349 2345 3455 2382 non

1882 2440 2054 2498 sunt?
2091 2435 2377 2505 Quomodo
2408 2431 2639 2500 simplex
2673 2439 2837 2498 atque
2864 2425 3226 2494 incomposita
3251 2423 3374 2487 erit,
3411 2422 3458 2475 si

1880 2535 2180 2606 perfectum
2215 2539 2380 2598 atque
2414 2523 2790 2596 imperfectum
2819 2521 2872 2574 in
2899 2535 2961 2574 ea
2999 2520 3181 2573 inest?
3207 2516 3460 2571 Dissimi-

1884 2630 1952 2702 lia
1979 2627 2126 2681 enim
2158 2625 2276 2702 haec
2327 2629 2478 2684 sunt,
2526 2634 2590 2672 ex
2624 2615 2825 2686 quibus
2853 2628 2974 2668 eam
3023 2619 3277 2666 constare
3319 2607 3459 2662 falso

1883 2698 2250 2775 arbitramini.
2310 2713 2366 2768 Si
2403 2713 2547 2768 enim
2599 2709 2803 2765 similia
2849 2713 3054 2770 essent,
3095 2718 3199 2758 nec
3231 2702 3372 2756 inter
3398 2715 3460 2754 se

1886 2812 2172 2866 differrent
2229 2805 2528 2876 perfectum
2609 2810 2770 2869 atque
2825 2795 3241 2866 imperfectum,
3297 2805 3461 2846 omne

1885 2902 2186 2974 perfectum
2211 2907 2378 2960 esset,
2409 2905 2464 2950 et
2495 2903 2708 2948 contra.
2744 2891 2926 2957 Quare
2978 2902 3078 2941 nec
3134 2885 3306 2938 Filius
3352 2883 3458 2936 im-

1885 2995 2180 3067 perfectior
2220 2991 2399 3054 Patre,
2428 3003 2527 3042 nec
2557 2985 2718 3040 Pater
2744 2981 3041 3051 perfectior
3078 2978 3237 3040 Filio,
3267 2991 3460 3046 quam-

1885 3089 1968 3142 vis
2000 3088 2072 3140 ita
2105 3083 2286 3137 verbis
2315 3097 2343 3135 a
2390 3079 2546 3133 vobis
2592 3077 2828 3132 dicatur.
2888 3071 2944 3125 Si
2977 3086 3104 3126 vero
3131 3069 3458 3138 permultum

1887 3181 2113 3234 interest
2143 3179 2281 3230 inter
2316 3172 2618 3244 perfectum
2646 3178 2699 3223 et
2725 3166 3126 3237 imperfectum,
3164 3173 3218 3216 et
3253 3162 3463 3214 utrius-

1885 3289 1990 3342 que
2037 3271 2258 3325 deitatis
2305 3277 2500 3321 natura
2552 3262 2858 3331 susceptiva
2890 3268 2996 3319 est,
3050 3271 3159 3310 non
3207 3253 3462 3322 simplex,

1887 3365 1981 3417 sed
2027 3361 2329 3429 composita
2387 3356 2512 3410 erit.
2549 3353 2654 3407 Sed
2682 3352 2826 3405 dicet
2868 3347 3122 3401 fortassis
3165 3344 3461 3414 quispiam,

1887 3472 1996 3508 non
2050 3453 2212 3507 simul
2266 3452 2318 3502 in
2369 3447 2558 3503 eodem
2615 3458 2736 3498 esse
2799 3453 2958 3511 posse
3016 3436 3285 3506 subjecto,
3339 3437 3462 3502 qua:

1887 3546 2165 3600 contraria
2193 3553 2358 3607 sunt;
2391 3542 2485 3594 se.|
2530 3539 2758 3593 seorsim
2802 3547 2865 3588 ac
2890 3548 2984 3601 per
3019 3528 3459 3588 successionem,

1888 3652 1947 3694 ιιι
1997 3640 2051 3692 in
2104 3650 2334 3704 corpore
2395 3633 2570 3693 color,
2626 3628 2788 3682 modo
2848 3626 3024 3686 albus,
3093 3621 3254 3674 modo
3289 3619 3460 3688 niger.

1888 3732 2061 3786 Probe
2095 3738 2153 3782 tu
2193 3727 2432 3798 quidem,
2486 3739 2520 3776 υ
2554 3723 2746 3781 annce,
2782 3733 2847 3772 ac
2880 3717 2989 3771 cito
3037 3727 3337 3768 conversus
3365 3724 3464 3778 pro

1889 3822 2046 3876 nobis
2078 3819 2355 3890 pugnasti.
2395 3813 2530 3866 Nam
2555 3813 2600 3864 si
2628 3825 2736 3864 una
2761 3807 2980 3862 deitatis
3004 3814 3200 3859 natura
3231 3811 3336 3864 est,
3361 3815 3463 3854 nec

1888 3915 2053 3968 altera
2084 3925 2277 3980 pmtcr
2302 3923 2421 3961 eam
2459 3902 2755 3972 excogitari
2795 3909 2990 3969 potest,
3034 3895 3310 3965 quomodo
3333 3907 3463 3946 con-

1888 4006 2180 4060 trariorum
2208 4009 2292 4055 est
2330 3995 2673 4065 susceptiva?
2701 3995 2784 4047 vel
2812 3991 3090 4060 quomodo
3135 3989 3224 4040 uni
3252 3986 3462 4040 eidem-

1887 4114 1995 4168 que
2040 4095 2310 4164 subjecto,
2343 4107 2463 4160 qua:
2515 4093 2658 4142 inter
2697 4103 2755 4142 se
2791 4084 3065 4139 contraria
3105 4090 3256 4141 sunt,
3299 4079 3464 4135 simul

1888 4185 2176 4241 accident?
2220 4185 2380 4238 Pater
2415 4182 2558 4234 enim
2614 4189 2812 4232 natura
2866 4175 3010 4230 Deus
3059 4181 3161 4236 est,
3195 4182 3248 4227 et
3293 4171 3462 4224 Filius

1889 4280 2053 4334 simul
2090 4285 2280 4330 natura
2312 4276 2473 4329 Deus.
2509 4271 2663 4326 Nulla
2713 4285 2844 4339 ergo
2876 4267 3188 4322 differentia
3232 4263 3460 4334 perfecti

1887 4381 1942 4425 et
1978 4369 2281 4439 imperfecti
2333 4369 2473 4421 inter
2521 4365 2735 4417 Patrem
2766 4372 2821 4415 et
2872 4359 3066 4414 Filium
3103 4367 3211 4419 est,
3269 4358 3361 4425 qui
3393 4371 3458 4408 ex

1888 4459 2288 4530 perfectissima
2337 4455 2642 4510 substantia
2693 4451 2870 4505 l‘atris
2924 4450 3221 4504 emanavit.
3266 4448 3459 4500 Annon

208 4540 354 4603 λειος
414 4542 494 4603 ὼς
534 4543 669 4612 πρὸς
699 4543 791 4597 τὸν
843 4544 1086 4613 Πατέρα,
1143 4543 1243 4613 τῆς
1283 4543 1432 4606 θείας
1468 4543 1636 4596 αὐτοῦ
1694 4543 1777 4596 καλ

1893 4561 1978 4607 est
2023 4564 2246 4604 necesse
2296 4546 2591 4617 perfeCtum
2622 4559 2741 4598 esse
2772 4541 3021 4611 genimen
3072 4537 3460 4608 perfectissimi

206 4632 560 4701 τελειοτάτης
591 4633 784 4694 οὐσίας
812 4632 1164 4701 ὲκπεφυκώς.
1196 4636 1258 4686 Ei
1291 4635 1400 4702 γὰρ
1432 4637 1532 4687 οὐκ
1562 4636 1778 4704 ἀνάγκη

219 4722 433 4776 τέλειον
456 4720 596 4776 εἶναι
632 4724 850 4786 πάντως
879 4725 972 4777 τὸν
1004 4728 1072 4778 ἐκ
1101 4725 1307 4778 τελείου
1340 4728 1686 4797 γεννήτορος,
1731 4729 1786 4778 εἴ

208 4829 318 4881 περ
344 4814 497 4865 ἐστὶν
522 4813 693 4866 αὑτοῦ
727 4816 824 4867 καὶ
867 4815 1289 4884 ἀπαράλλακτος
1341 4817 1528 4881 εἰκὼν,
1561 4819 1658 4870 καὶ
1685 4837 1782 4888 χαο

210 4904 422 4973 ρακτὴρ
457 4906 557 4988 τῆς
587 4905 970 4970 ὑποστάσεως,
1002 4907 1261 4978 καθάπερ
1289 4908 1630 4979 γέγραπται,
1658 4911 1779 4964 ἀλλ’

206 4993 362 5064 οἶμαι
395 4998 508 5058 πᾶς
542 5014 623 5060 τις
647 5000 786 5068 ἡμῖν
821 5001 1040 5069 συνερεῖ
1071 5002 1166 5054 καὶ
1198 5003 1547 5073 συνθήσεται.
1589 5005 1661 5058 ἸΙ
1697 5005 1783 5056 λε-

206 5091 353 5155 γέτω
381 5089 548 5142 πάλιν
581 5091 662 5153 είς
697 5091 866 5160 μέσον
899 5093 1094 5157 ἐλθὼν,
1130 5097 1273 5148 κατὰ
1301 5096 1428 5148 τίνα
1459 5097 1661 5164 τρόπον
1688 5095 1782 5149 τοῦ

213 5181 429 5232 τελείου
485 5182 702 5252 Πατρδς
750 5183 1179 5254 ἀπαράλλακτος
1241 5187 1392 5238 ἔσται
1441 5187 1784 5257 χαρακτὴρό

208 5273 365 5338 Υἱὸς,
391 5274 495 5326 οὐκ
521 5275 660 5343 ἔχων
686 5276 881 5346 ἐνίδίᾳ
913 5279 1073 5343 φύσει
1107 5279 1168 5329 τὸ
1203 5274 1345 5330 εἶναι
1373 5281 1605 5344 τέλειος,
1641 5281 1784 5334 κατὰ

205 5367 306 5437 τὴν
333 5365 503 5420 τινῶν
543 5367 908 5432 δυσϐουλίανς
957 5368 1174 5436 Ἐπειδὴ
1228 5369 1285 5420 δέ
1334 5372 1451 5422 ἐστι
1485 5372 1577 5423 καὶ
1612 5389 1784 5440 χαρα-

208 5459 352 5530 κτὴρ
383 5462 480 5512 καὶ
510 5459 697 5523 είκὼν,
732 5459 938 5521 τέλειος
973 5460 1080 5530 ἄρα
1114 5463 1210 5513 καὶ
1259 5463 1443 5526 αὐτὸς,
1472 5463 1546 5524 ὡς
1578 5465 1784 5526 ἐκεῖνος

207 5545 270 5602 οἱ
301 5554 396 5604 καὶ
425 5551 574 5602 ἐστιν
629 5552 816 5604 εἰκών.
864 5550 1001 5602 Ἀλλ’
1057 5547 1184 5618 εἶδε,
1219 5555 1403 5622 φησὶν,
1456 5557 1484 5606 ὁ
1534 5555 1784 5623 Ἰωάννης

210 5641 272 5703 ἐξ
302 5640 536 5709 οὐρανοῦ
570 5641 631 5693 τὸ
661 5641 890 5710 Πνεῦμα
927 5641 1252 5696 καταὸαῐνον
1280 5641 1374 5694 ἐπὶ
1401 5643 1491 5694 τὸν
1519 5644 1664 5705 Υίδν,
1693 5649 1784 5696 καὶ

213 5740 452 5791 ἐπακτὸν
484 5738 596 5807 ἔχει
643 5738 736 5791 τὸν
791 5738 1088 5808 ἁγιασμόν.
1139 5740 1362 5809 Δέχεται
1410 5741 1519 5810 γὰρ
1563 5742 1637 5804 ὡς
1687 5743 1787 5794 οὐκ

213 5832 352 5900 ῑχων
410 5831 636 5904 δηλαδή.
671 5832 809 5903 Ὥρα
857 5833 920 5903 δὴ
950 5829 1042 5888 οὖν
1087 5835 1407 5904 ἀναφανδὸν,
1446 5837 1651 5904 ποίημα
1687 5837 1788 5904 μὶν

1891 4641 2194 4712 genitoris?
2218 4640 2364 4709 quod
2416 4650 2469 4690 et
2514 4632 2979 4690 incommutabilis
3012 4631 3212 4700 imago,
3249 4639 3303 4683 et
3330 4630 3460 4682 chao

1889 4745 2068 4788 racter
2117 4747 2228 4785 suae
2288 4733 2645 4799 hypostaseos
2680 4725 2806 4778 est?
2861 4725 2930 4776 ita
2990 4737 3218 4791 prorsus
3269 4735 3461 4774 omnes

1889 4840 2214 4881 assensuros
2243 4825 2502 4885 arbitror,
2535 4829 2630 4873 aut
2665 4819 2720 4871 in
2760 4816 2998 4891 medium
3033 4813 3256 4866 veniens
3292 4811 3463 4875 dicat,

1889 4916 2174 4984 Quomodo
2210 4913 2436 4984 perfecti
2497 4913 2676 4965 Patris
2711 4908 3020 4970 character,
3072 4915 3236 4974 atque
3282 4903 3464 4970 imago

1890 5019 1971 5064 est
1999 5011 2376 5080 hypostaseos,
2409 5020 2515 5058 non
2545 5004 2753 5056 habens
2791 5015 2892 5052 sna
2926 5007 3143 5062 natura,
3169 4996 3313 5065 quod
3343 5010 3464 5064 per-

1892 5101 2068 5154 fectus
2115 5101 2219 5160 sit,
2254 5109 2312 5151 ut
2367 5098 2588 5165 quidam
2648 5106 2853 5147 temere
2895 5089 3132 5145 dicunt?
3193 5087 3463 5154 Quoniam

1890 5207 2019 5247 vero
2058 5193 2363 5251 character,
2409 5199 2574 5257 atque
2610 5188 2788 5254 imago
2819 5192 2926 5249 est,
2957 5198 3065 5236 non
3113 5181 3273 5236 aliter
3312 5191 3462 5234 certe

1890 5295 2052 5352 atque
2085 5282 2171 5334 ille
2191 5280 2460 5349 perfectus
2480 5289 2582 5341 est,
2617 5278 2774 5345 cujus
2808 5276 2984 5344 imago
3009 5284 3113 5328 est.
3152 5271 3262 5326 Sed
3290 5270 3460 5326 Joan-

1892 5390 2010 5436 nes,
2044 5373 2136 5436 ait,
2164 5371 2295 5425 vidit
2333 5372 2414 5424 de'
2439 5371 2579 5423 coelo
2605 5369 2668 5422 ad
2697 5366 2890 5420 Filium
2932 5365 3195 5434 Spiritum
3231 5364 3460 5418 descen-

1891 5466 2042 5529 dere,
2065 5480 2234 5532 quare
2260 5473 2313 5517 et
2341 5462 2544 5516 deforis
2569 5462 2727 5534 habet
2749 5457 3237 5513 sanctificationem
3271 5453 3459 5518 Filius,

1894 5558 1944 5608 in
1974 5571 2135 5623 quem
2165 5554 2323 5620 quasi
2381 5568 2488 5604 non
2532 5551 2819 5603 habentem
2862 5549 3238 5602 sanctilicator
3284 5544 3461 5614 Spiri-

1894 5664 1979 5702 tus
2006 5646 2309 5700 descendit.
2345 5644 2596 5697 Advertis
2620 5657 2782 5710 quam
2820 5639 3107 5694 manifeste
3140 5638 3334 5692 Filium
3363 5637 3455 5693 Dei

1892 5751 2200 5795 creaturam
2261 5753 2382 5793 esse
2437 5736 2742 5806 praedicas,
2791 5735 2881 5786 vix
2931 5732 3112 5802 magni
3161 5731 3365 5800 aliquid
3408 5731 3458 5784 ei

1895 5835 2217 5895 attribuens,
2252 5845 2376 5886 eum
2430 5831 2682 5884 similiter
2733 5835 2894 5895 atque
2955 5839 3160 5879 canere:
3195 5833 3459 5879 creaturae
