4202 6454
190 400 287 463 εό1
872 445 876 449 ‹
1612 402 1756 461 EPll

1861 402 2091 465 APH/E.

3332 409 3439 472 €62

191 522 391 570 κόπτει
443 534 502 568 τε
563 519 654 569 καὶ
698 517 945 583 πρόεισιν
975 515 1034 579 ἐξ
1058 514 1227 583 αὐτῆς
1263 514 1442 567 πάντα
1470 515 1537 567 τά
1592 515 1756 579 αὐτῆς

1866 516 2183 568 naturaliter
2224 516 2442 570 habens.
2492 515 2607 571 Non
2668 531 2814 571 enim
2864 517 3294 587 participatione,
3341 534 3435 576 aut

186 608 309 677 ἔχον
340 608 399 658 ὲν
428 607 605 672 ἑαυτῷ
637 607 903 673 φυσικῶς.
953 607 1028 659 Ut’)
1060 610 1167 674 γὰρ
1207 606 1349 659 κατά
1382 606 1619 674 μέθεξιν,
1650 607 1764 659 ἀλλ’

182 700 305 752 οὐδὲ
340 698 483 750 κατά
528 699 727 768 τρόπον
764 699 1031 767 σχετικὸν,
1070 698 1184 751 ἀλλ’
1228 701 1326 766 οὐχ
1372 699 1447 760 ὡς
1489 700 1674 769 ἕτερον
1707 703 1766 753 ὃν

186 790 321 856 παρ’
352 789 547 856 αὐτὴν,
582 790 814 857 ἐπείπερ
846 790 994 841 ἐστὶν
1026 789 1156 843 ἴδιον
1200 791 1391 859 αὐτῆς.
1425 791 1627 858 Ὀνπερ
1655 782 1764 858 γὸίρ

183 883 389 949 τρόπον
451 883 482 949 ἡ
558 883 623 934 ὲκ
691 882 801 933 τῶν
865 882 1247 950 εὐοσμοτάτων
1300 884 1509 938 ἀνθέων
1567 885 1765 938 εὐωδία

182 971 430 1023 λαϐοῦσα
474 972 676 1040 τρόπον
704 973 822 1024 τινά
852 973 959 1025 τῶν
990 974 1301 1042 προσόντων
1334 975 1514 1038 αὐτοῖς
1552 976 1653 1043 τὴν
1676 978 1759 1029 οὐ⁹

186 1062 355 1129 σιώδη
389 1063 480 1113 καὶ
510 1063 745 1131 φυσικὴν
773 1064 1082 1130 ἐνέργειαν,
1114 1066 1232 1134 ἦτοι
1264 1068 1547 1135 ποιότητα,
1576 1068 1761 1119 διαχορ

185 1151 333 1219 μίξει
366 1157 480 1216 τοῖς
508 1153 611 1216 ἔξω
655 1154 753 1221 τὴν
798 1156 1019 1221 γνῶσιν,
1070 1159 1183 1220 τοῖς
1235 1159 1622 1229 όσφραντικοῖς
1669 1159 1763 1213 τοῦ

182 1245 440 1308 σώματος
480 1245 692 1313 μορίοις
730 1247 1099 1312 ἐμπίπτουσα,
1127 1250 1223 1301 καὶ
1280 1251 1430 1303 δοκεῖ
1462 1251 1564 1316 μέν
1606 1268 1758 1313 πως,

178 1336 308 1386 ὅσον
331 1330 469 1406 ἧκεν
498 1337 582 1399 είς
612 1339 861 1400 ὲπινοίας
914 1340 1094 1406 λόγον,
1134 1342 1296 1411 ἑτέρα
1324 1360 1406 1404 τις
1438 1340 1577 1396 εἶναι
1614 1347 1763 1413 παρά

176 1426 283 1495 τὴν
312 1428 645 1492 πέμπουσαν
688 1429 856 1498 αὐτὴν
889 1431 1086 1496 φύσιν,
1119 1433 1381 1500 νοουμένη
1437 1449 1502 1500 γε
1542 1435 1647 1503 μὴν
1670 1436 1757 1485 οὐ·

180 1520 301 1571 κέτι
348 1520 474 1572 καθ’
504 1520 701 1591 ἑαυτὴν
745 1522 941 1589 ἑτέραν
988 1522 1098 1592 ἔχει
1138 1523 1323 1590 φύσιν,
1358 1525 1390 1594 ἢ
1439 1526 1547 1577 τῶν
1590 1526 1648 1588 ἐξ
1684 1519 1763 1578 ὧν

179 1612 280 1662 καὶ
312 1612 372 1663 ἐν
398 1606 480 1674 οἷς
510 1613 688 1664 ἐστιν’
712 1612 855 1668 οὕτω
880 1618 1093 1686 νοήσεις
1114 1618 1203 1669 ἐπί
1231 1634 1287 1669 τε
1319 1617 1453 1669 Θεοῦ
1486 1617 1575 1670 καὶ
1607 1618 1761 1683 ἀγίου

180 1702 528 1767 Πνεῦματος,
551 1706 641 1756 τὸν
663 1705 756 1757 τοῦ
783 1708 1224 1775 παραδείγματος
1245 1709 1551 1762 ἀναϐαίνων
1582 1710 1758 1776 λόγον.

188 1794 637 1863 Ἀκατηγόρητον
695 1798 786 1849 οὖν
825 1799 936 1866 ἄρα
982 1800 1294 1864 παντελῶς,
1346 1804 1440 1853 καὶ
1494 1802 1759 1872 λοιῶρῖας

176 1886 404 1949 ἀπάσης
436 1887 542 1949 ἔξω
598 1889 880 1951 κείσεται,
910 1890 970 1942 τὸ
1002 1890 1183 1944 λασεῖν
1227 1892 1480 1960 λέγεσθαί
1523 1913 1576 1948 τι
1611 1895 1761 1961 παρά

178 1974 275 2027 τοῦ
321 1974 659 2042 Μονογενοῦς
703 1980 763 2031 τὸ
800 1980 1022 2049 Πνεῦμα
1067 1983 1253 2037 αὑτοῦ.
1308 1985 1505 2054 Προῖὸν
1551 1986 1660 2055 γὰρ
1694 1986 1761 2038 δι’

176 2066 348 2120 αὐτοῦ
401 2070 646 2134 φυσικῶς
694 2072 770 2133 ὡς
826 2074 958 2125 ἴδιον
1013 2075 1179 2128 αὐτοῦ
1234 2078 1372 2145 μετά
1427 2078 1647 2131 πάντων
1687 2072 1762 2132 ὧν

152 2158 292 2226 ,ἔχει
325 2159 569 2223 τελείως,
604 2162 906 2230 λαμϐάνειν
937 2164 1157 2232 λέγεται
1189 2168 1259 2221 τά
1293 2168 1480 2224 αὐτοῦ.
1524 2190 1542 2221 ι

265 2251 325 2304 Ὀ
356 2253 519 2317 αὐτὸς
547 2256 625 2316 είς
656 2257 738 2317 τὸ,
798 2276 815 2307 ι
863 2258 1048 2313 Πάντα
1072 2260 1172 2314 ὅσα
1202 2260 1315 2331 ἔχει
1373 2265 1400 2316 ὁ
1437 2264 1625 2333 Πατὴρ
1654 2264 1762 2333 ἐμά

176 2343 335 2404 ἐστὶ,
368 2344 467 2397 καὶ
506 2346 594 2399 διὰ
648 2347 804 2401 τοῦτο
855 2346 1011 2404 εἶπον
1064 2351 1194 2421 ὑμῖν
1237 2354 1319 2406 ὅτι
1360 2356 1424 2407 ὲκ
1481 2353 1578 2408 τοῦ
1626 2356 1760 2425 ἐμοῦ

178 2436 475 2503 λαμὸἀνει,
500 2439 594 2491 xei.
610 2439 900 2509 ἀναγγελεῖ
928 2442 1079 2511 ὑμῖν,
1110 2463 1127 2495 ι
1157 2445 1292 2514 φησί
1308 2486 1321 2499 .
1368 2465 1386 2497 ι
1422 2447 1760 2517 Χαρακτῆρα

179 2528 349 2581 πάλιν
403 2530 669 2601 εἱλικρινῆ
716 2549 777 2584 τε
848 2536 949 2586 sui;
995 2536 1761 2608 ἀκριϐέστατοντῆςῦποστά-

179 2636 323 2681 σεως
354 2620 453 2673 τοῦ
496 2623 709 2690 Πατρὸς
744 2624 938 2677 ἑαυτὸν
985 2625 1114 2693 ὑμῖν
1145 2627 1246 2679 κάν
1278 2629 1491 2691 τούτοις
1521 2625 1580 2683 εὗ
1617 2630 1761 2699 μάλα

177 2713 418 2782 ὃέδειχεν
440 2715 469 2767 ό
512 2716 659 2779 Υἱὸς,
690 2718 878 2771 διδωσί
913 2737 970 2771 τε
995 2719 1064 2772 δι’
1095 2716 1171 2775 ὧν
1214 2721 1319 2791 ἔφη
1346 2724 1488 2775 νοεῖν
1512 2724 1593 2776 ὅτι
1625 2742 1759 2793 καρ-

180 2804 283 2866 πός
320 2807 568 2875 ὑπάρχον
612 2809 713 2876 τῆς
759 2811 949 2873 οὐσίας
999 2812 1196 2874 αὐτοῦ,
1233 2815 1411 2867 πάντα
1462 2815 1530 2867 τὰ
1589 2816 1761 2883 αὐτῆς

179 2896 325 2947 κατὰ
354 2896 517 2963 φύσιν
552 2899 841 2967 ἐπάγεται,
876 2903 984 2956 ῖδιά
1028 2921 1089 2955 τε
1135 2900 1276 2957 εἷναί
1306 2923 1461 2975 φησι,
1494 2907 1590 2959 καὶ
1614 2907 1759 2974 μάλα

180 2986 435 3048 εἰκότως.
467 2991 862 3059 Διατέμνοντος
894 2993 1039 3063 γὰρ,
1071 2996 1190 3063 ἦτοι
1220 2997 1524 3058 διιστάντος
1545 2997 1759 3060 οὐδενὸς

178 3078 258 3137 είς
287 3077 684 3149 ἀλλοτριότητα
714 3083 807 3135 τοῦ
839 3085 1052 3154 Πατρδς
1082 3089 1174 3140 τὸν
1208 3088 1336 3141 Υιὸν
1366 3090 1489 3141 ὅσον
1516 3085 1651 3160 ἧκεν
1680 3090 1760 3152 εἰς

1871 608 2205 669 habitudine,
2258 623 2356 660 nec
2386 616 2445 660 nt
2466 608 2605 662 alius
2627 608 2696 662 ab
2739 608 2870 670 illa,’
2922 610 3014 662 sed
3048 609 3124 663 uti
3179 614 3435 678 proprius

1868 697 2034 749 illius.
2064 698 2531 762 Quemadmodum
2578 700 2723 753 enim
2769 699 2960 753 ﬂorum
3017 700 3436 755 odoratissimo-

1868 804 1986 841 rum
2019 789 2199 842 suavis
2222 789 2376 852 odor,
2414 788 2574 842 modo
2595 791 2828 859 quodam
2860 791 3160 853 essentiali,
3188 807 3251 846 ac
3274 803 3436 847 natu-

1867 878 1988 938 rali.
2023 894 2145 947 quae
2180 879 2284 935 illis
2309 880 2567 940 adhaeret.
2598 883 2987 950 Operationem,
3041 894 3147 937 aut-
3172 884 3431 951 qualitate

1864 980 2107 1037 accepta.
2158 972 2436 1027 extraneis
2480 971 2639 1028 oﬂ'ert
2686 974 3049 1042 cognitionem
3102 975 3157 1029 in
3188 976 3433 1043 corporis

1866 1059 2133 1122 membra,
2163 1075 2284 1129 quae
2314 1062 2536 1117 olfactui
2555 1063 2892 1126 deserviunt,
2921 1064 3190 1129 incidens,
3213 1064 3433 1120 etvide-

1868 1158 1955 1203 tur
1983 1151 2224 1219 quidem,
2253 1161 2518 1221 quantum
2557 1154 2829 1209 humanus
2874 1154 3178 1210 intellectus
3237 1170 3433 1224 capere

1864 1249 2063 1309 potest,
2091 1241 2231 1295 alius
2256 1258 2374 1297 esse
2404 1243 2473 1295 ab
2496 1259 2578 1305 ea,
2620 1260 2740 1312 quae
2780 1247 2953 1314 ipsum
2988 1246 3185 1300 emittit
3232 1255 3431 1301 natura

1866 1332 2186 1396 introspecta
2228 1350 2241 1386 :
2278 1348 2407 1387 vero
2465 1337 2681 1397 mentis,
2735 1338 2852 1391 acie
2904 1337 3109 1389 nullam
3152 1337 3313 1390 aliam
3376 1337 3430 1389 in

1865 1422 2149 1489 semetipsa
2200 1432 2450 1476 naturam
2496 1426 2755 1489 continet,
2782 1440 2944 1494 quam
2992 1441 3181 1480 eorum
3216 1442 3278 1479 ex
3314 1427 3434 1495 qni-

1865 1512 1967 1565 bus
1997 1522 2079 1565 est
2106 1531 2121 1567 ;
2150 1512 2263 1579 pari
2296 1513 2454 1567 modo
2482 1513 2549 1567 de
2576 1513 2685 1567 Deo
2716 1524 3016 1585 sanctoque
3044 1515 3247 1584 Spiritu
3271 1517 3433 1567 ratio-

1863 1605 2065 1667 cinare,
2100 1620 2264 1672 supra
2319 1608 2549 1675 exempli
2611 1606 2872 1660 rationem
2942 1618 3121 1662 mente
3159 1602 3429 1662 sublatus.

1864 1693 2008 1749 Nihil
2044 1696 2208 1764 igitur
2261 1712 2482 1765 prorsus
2518 1698 2822 1752 detrahitur
2880 1699 3138 1767 Spiritus,
3178 1707 3232 1753 et
3265 1714 3432 1752 accu-

1864 1788 2130 1842 sationem
2177 1803 2339 1858 supra
2384 1804 2599 1843 omnem
2632 1799 2734 1854 est,
2769 1790 2811 1843 si
2841 1790 3178 1858 concipiatur
3197 1789 3432 1857 Spiritus

1868 1880 2067 1949 aliquid
2105 1882 2173 1935 ab
2194 1876 2760 1952 Unigenito'accipere
2797 1900 2810 1936 :
2844 1898 2968 1935 nam
3000 1895 3123 1935 cum
3156 1895 3252 1949 per
3279 1880 3427 1932 illum

1866 1973 2183 2027 naturaliter
2214 1973 2610 2042 progrediatur,
2646 1989 2766 2028 cum
2794 1974 3070 2031 omnibus.
3118 1986 3240 2038 quae
3268 1970 3429 2025 abso-

1865 2063 1975 2118 Iule
2007 2064 2188 2127 habet,
2217 2065 2455 2135 perfecte
2493 2066 2559 2119 ab
2582 2080 2648 2119 co
2671 2080 2769 2119 sua
2791 2064 2988 2118 habere
3020 2062 3241 2117 dicitur.
3286 2080 3304 2111 ι

1934 2254 2077 2309 Idem
2115 2253 2167 2308 in
2198 2253 2329 2308 illud
2362 2270 2375 2306 :
2415 2272 2434 2304 ι
2480 2252 2673 2308 Omnia
2705 2267 3041 2323 quascunque
3085 2251 3247 2307 habet
3276 2234 3435 2307 Pater

1868 2360 1979 2401 mea
2010 2356 2136 2401 sunt
2170 2364 2183 2401 :
2222 2352 2504 2415 pronterea
2544 2344 2654 2398 dixi
2692 2344 2866 2409 vobis,
2918 2345 3048 2413 quia
3090 2344 3157 2398 de
3184 2358 3305 2397 meo
3338 2358 3433 2397 ac-

1866 2438 2026 2507 cipiet
2076 2446 2131 2493 et
2188 2436 2533 2492 annuntiabit
2566 2434 3049 2505 vobis”,»inquit:
3091 2453 3109 2485 ι
3144 2434 3435 2489 Characte-

1864 2546 1974 2585 rem
2006 2546 2200 2584 rursus
2234 2538 2483 2585 exactum
2515 2537 2679 2595 atque
2737 2529 3014 2584 sincerum
3077 2528 3434 2597 hypostaseos

1864 2636 2101 2693 paterna:
2155 2624 2239 2677 his
2273 2638 2330 2677 se
2360 2621 2540 2677 verbis
2574 2620 2745 2675 Filius
2782 2620 3023 2675 ostendit
3054 2637 3067 2673 :
3106 2620 3438 2690 intelligere-

1862 2731 1969 2784 que
1996 2714 2122 2769 facit
2151 2730 2245 2784 per
2264 2729 2384 2783 qua:
2416 2712 2573 2775 dixit,
2615 2726 2739 2765 eum
2773 2711 2846 2766 sit
2880 2710 3089 2765 fructus
3115 2710 3437 2765 substantia:

1861 2805 2061 2869 Patris.
2094 2806 2277 2859 omnia
2334 2820 2456 2874 quin
2492 2804 2613 2868 eius
2660 2811 2789 2858 sunt
2830 2803 3134 2858 secundum
3180 2810 3432 2855 naturam

1861 2898 2154 2959 attrahere,
2187 2899 2261 2952 ita
2285 2906 2345 2951 ut
2385 2896 2600 2965 proprie
2641 2910 2739 2949 sua
2788 2894 2979 2949 merito
3008 2896 3138 2952 sint.
3168 2902 3222 2947 et
3248 2892 3436 2963 appel-

1862 2989 2065 3045 lentur.
2096 2988 2233 3043 Cum
2265 2989 2411 3044 enim
2447 2988 2579 3042 nihil
2602 3004 2630 3042 a
2665 2989 2821 3043 Patre
2840 2986 3008 3042 Filius
3044 2986 3263 3056 penitus
3282 2984 3437 3037 dime-

1862 3092 1966 3146 rat,
1996 3097 2173 3151 neque
2196 3080 2264 3135 ab
2290 3096 2353 3135 ea
2381 3088 2572 3134 natura
2626 3080 2679 3133 in
2734 3079 2895 3133 aliam
2955 3078 3294 3141 traducatur,
3352 3085 3436 3129 est

180 3168 239 3218 τὺ
292 3172 441 3222 κατὰ
477 3174 585 3223 πᾶν
617 3174 797 3226 ὁτιοῦν
841 3176 1025 3241 ὅμοιόν
1058 3196 1118 3231 τε
1159 3179 1254 3232 καὶ
1282 3179 1397 3232 ἴσον
1430 3180 1552 3250 δίχα
1594 3181 1754 3249 μόνου

1861 3172 1932 3226 illi
1970 3187 2063 3240 per
2091 3171 2273 3226 omnia
2300 3169 2493 3223 similis
2554 3179 2610 3223 et
2657 3168 2906 3237 aequalis,
2965 3168 3171 3236 absque
3208 3182 3275 3219 eo
3321 3165 3438 3220 solo

180 3260 272 3314 τοῦ
333 3257 477 3314 εῖναι
521 3264 767 3335 Πατέρα,
798 3267 1215 3337 διαλαμπούσης
1259 3289 1317 3323 τε
1346 3273 1444 3342 τῆς
1486 3273 1676 3336 οὐσίας
1698 3276 1754 3326 ὲν

176 3355 387 3420 ἀμφοῖν
411 3355 510 3425 οὐχ
538 3358 925 3426 ἐτεροτρόπως,
946 3361 1062 3425 πῶς
1086 3364 1185 3415 οὐκ
1216 3362 1283 3416 ἂν
1305 3360 1415 3417 εἷεν
1441 3365 1540 3435 ἤδη
1578 3368 1753 3432 κοινὰ,

180 3446 387 3513 μᾶλλον
419 3447 477 3500 δὲ
516 3452 685 3502 ταυτά
717 3452 775 3504 ὲν
804 3454 1026 3521 ἀμφ’ῖν,
1058 3453 1132 3516 ὡς
1164 3451 1302 3509 εἶναι
1328 3457 1427 3524 μὲν
1456 3458 1512 3509 ἐν
1542 3458 1657 3528 Υἱῷ
1686 3460 1754 3513 τὰ

178 3537 273 3589 τοῦ
316 3539 565 3609 Πατρός,
593 3541 653 3594 ἐν
680 3542 735 3595 δὲ
762 3544 842 3614 τῷ
869 3546 1081 3598 τεκόντι
1124 3546 1192 3599 τά
1243 3548 1336 3600 τοῦ
1380 3551 1751 3619 γεννήματοςς

178 3631 276 3682 Διά
294 3634 410 3700 γὰρ
429 3630 612 3694 τοῦτο,
642 3634 892 3706 καθάπερ
916 3637 1155 3707 ἐγῷμαι,
1177 3640 1313 3706 μετά
1341 3640 1590 3711 δριμείας
1610 3642 1754 3705 τινὸς

173 3723 273 3784 τῆς
311 3723 550 3792 ὲπιτηρή
562 3741 717 3789 σεως,
748 3727 873 3788 τοὺς
898 3729 1026 3796 περὶ
1051 3730 1255 3783 τούτων
1282 3733 1414 3800 ἡμῖν
1464 3736 1755 3804 ἐποιήσατο

172 3811 554 3883 λόγους,Ἐφη
588 3816 716 3885 γὰρ,
754 3818 849 3885 οὐχ
887 3820 969 3872 ὅτι
1006 3821 1182 3874 πάντα
1214 3824 1315 3876 ὅσα
1343 3823 1457 3893 ἔχει
1485 3827 1512 3876 ό
1542 3825 1750 3894 Πατὴρ,

172 3906 281 3974 ἔχω
308 3905 472 3973 κάγώ
516 3921 529 3934 '
569 3906 657 3959 ἴνα
707 3907 783 3977 μὴ
816 3907 962 3981 ψιλῄ
992 3925 1076 3974 τις
1127 3909 1291 3965 εἷκὼν
1320 3915 1353 3983 ἡ
1378 3915 1519 3968 κατά
1586 3915 1753 3986 μόνην

172 3998 447 4065 νοουμένη
476 3997 576 4066 τὴν
601 4001 909 4064 ἰσοτυπίαν,
944 4004 1039 4055 καὶ
1068 4005 1181 4067 τοῖς
1215 4004 1414 4069 ἔξωθεν
1447 4005 1751 4077 ὡραῖσμοῖς

175 4090 595 4159 μεμορφωμένη
658 4092 847 4161 νοῆται
882 4094 1020 4164 πρὸς
1040 4094 1102 4148 τὸ
1135 4096 1466 4165 ἀρχέτυπον,
1498 4097 1752 4168 καθάπερ

171 4177 265 4233 οὖν
318 4184 417 4234 καὶ
471 4184 634 4251 ἡμεῖς
679 4186 859 4246 αὐτοὶ,
919 4187 1222 4256 γενόναμεν
1271 4190 1381 4257 γὰρ
1412 4190 1538 4242 κατ’
1569 4190 1753 4243 εἰκόνα

172 4272 311 4325 Θεοῦ
343 4291 355 4301 ·
390 4273 508 4326 ἀλλ’
550 4274 682 4343 tua,
717 4276 900 4345 φησὶν,
929 4278 1070 4341 ἐστὶ,
1103 4280 1206 4346 τὴν
1232 4281 1310 4342 είς
1339 4280 1510 4348 ἄκρον
1556 4280 1751 4334 ἕνωσιν

170 4366 236 4435 ἢν
268 4366 388 4435 ἔχει
414 4366 546 4435 πρὸς
571 4367 660 4420 τὸν
699 4369 1061 4439 γεννήσαντα,
1094 4372 1190 4423 καὶ
1216 4372 1315 4440 τὴν
1337 4372 1432 4440 τῆς
1461 4373 1749 4441 ὁμοουσιό-

170 4472 338 4525 τητος
378 4457 632 4526 δύναμιν,
663 4462 719 4511 ἐν
768 4461 1211 4528 ἀπαραλλάκτως
1250 4459 1416 4516 οὖσαν
1468 4467 1579 4522 τοῖς
1612 4464 1753 4517 ἰδιώ-

1866 3263 2011 3333 quod
2049 3262 2207 3317 Pater
2231 3263 2324 3318 sit.
2351 3262 2598 3331 Cumque
2623 3260 2677 3315 in
2706 3269 2941 3331 utroque
2967 3261 3155 3315 eadem
3180 3259 3437 3313 substan-

1865 3357 1935 3410 tia
1970 3357 2160 3410 eodem
2219 3355 2381 3409 modo
2405 3353 2742 3424 pmfulgeat,
2795 3353 3069 3422 quomodo
3111 3366 3217 3405 non
3275 3359 3440 3405 erunt

1863 3447 2325 3512 communia,imo
2363 3460 2492 3499 vero
2518 3444 2705 3499 eadem
2752 3458 2875 3514 quae
2913 3444 2966 3498 in
3002 3451 3232 3512 utroque
3266 3452 3393 3495 sunt
3422 3458 3437 3501 ;

1864 3546 1923 3590 ut
1948 3549 2285 3605 quaecunque
2326 3535 2380 3588 in
2413 3532 2570 3588 Patre
2603 3541 2753 3596 sunt,
2800 3531 2989 3588 eadem
3023 3532 3185 3586 etiam
3218 3532 3271 3585 in
3302 3530 3438 3588 Filio

1863 3630 2012 3684 sint?
2048 3628 2112 3683 Et
2139 3642 2476 3698 quaecunque
2501 3627 2556 3681 in
2581 3624 2719 3682 Filio
2754 3627 2940 3681 eadem
2990 3624 3240 3680 similiter
3268 3624 3323 3677 in
3352 3640 3437 3692 gr—

1864 3733 2109 3779 nerante.
2154 3721 2300 3786 Ideo,
2330 3732 2392 3777 ut
2426 3738 2527 3790 ego
2560 3732 2709 3791 puto,
2736 3721 3163 3790 exquisitissima
3186 3730 3282 3775 ,ρει
3307 3735 3441 3782 usus

1862 3818 2131 3883 oratione,
2179 3817 2246 3870 de
2284 3816 2371 3869 his
2396 3830 2704 3870 sermonem
2729 3814 2965 3879 habens;
3000 3827 3235 3881 namque
3280 3812 3435 3867 dixit.

1861 3907 1981 3962 Non
2015 3920 2352 3975 quaecunque
2383 3904 2540 3957 habet
2580 3902 2737 3957 Pater
2761 3918 2862 3969 ego
2897 3902 3069 3957 habeo
3109 3919 3121 3953 :
3163 3917 3230 3954 ne
3259 3902 3438 3967 imago

1862 3999 2108 4069 quaedam
2144 3998 2286 4052 nuda
2317 4004 2479 4067 atque
2520 3996 2725 4065 ahjccta
2762 3995 3034 4050 intellectu
3087 3992 3343 4051 formata,
3385 4001 3438 4043 (ιι

1862 4089 2225 4145 exterioribus
2250 4088 2584 4143 ornamentis
2614 4086 2864 4151 figurata,
2896 4084 2963 4137 ad
3001 4083 3331 4151 primitivum
3356 4092 3439 4152 ty:

1864 4197 1989 4251 pum
2022 4180 2419 4250 Econcipiatnr,
2458 4178 2911 4247 quemadmodum
2950 4192 3048 4229 nos
3090 4175 3211 4243 ipsi,
3247 4174 3336 4241 qui
3369 4176 3435 4229 ad

1863 4273 2149 4342 imaginem
2201 4270 2292 4324 Dei
2326 4270 2545 4323 formati
2588 4284 2801 4332 sumus,
2841 4270 2965 4323 esse
3012 4266 3279 4320 videatur.
3333 4264 3436 4320 Sed

1865 4380 1978 4418 mea
2009 4372 2156 4427 sunt,
2189 4362 2298 4426 ait,
2334 4362 2667 4416 identitatem
2716 4359 3037 4415 substantia-
3092 4358 3441 4413 absolutissi-

1864 4470 2029 4516 mam,
2063 4468 2221 4520 quam
2257 4452 2415 4506 habet
2437 4468 2561 4519 erga
2592 4451 2831 4513 Patrem,
2857 4460 2907 4505 et
2958 4448 3441 4504 consubstantiaiis

174 4522 368 4615 μασιν,
426 4548 491 4598 ἐν
512 4522 714 4619 ἀμφοῖν
735 4549 822 4604 διὰ
853 4522 1047 4605 τούτου
1080 4554 1411 4620 παραδεικνύ
1424 4574 1468 4617 ς.
1516 4556 1686 4608 Τοῦτο
1707 4557 1751 4608 δ’

1861 4546 2137 4607 virtutem,
2160 4544 2211 4596 in
2236 4542 2655 4613 proprietatibus
2679 4541 3223 4595 incommutabilibns
3254 4549 3438 4593 osten-

170 4641 237 4692 ἓν
266 4640 401 4700 ἴδοις
434 4641 528 4692 καὶ
568 4642 714 4709 μάλα
749 4643 935 4710 σαφῶς
966 4646 1025 4696 ὲν
1050 4644 1259 4713 ἑτέροις
1320 4647 1547 4713 λέγοντα
1608 4649 1746 4713 πρὸς

168 4733 259 4783 τὸν
295 4733 540 4792 Πατέρα·
579 4751 597 4784 ι
634 4735 819 4787 Πάντα
844 4738 948 4805 γὰρ
984 4738 1049 4789 τὰ
1077 4738 1183 4804 ἐμὲ
1218 4739 1284 4790 σά
1314 4740 1429 4789 ἐστι
1462 4740 1556 4791 καὶ
1581 4740 1648 4790 τὰ
1676 4740 1745 4791 σὰ

170 4822 301 4890 ἐμά.
330 4814 429 4883 Οἷς
464 4824 572 4890 γὰρ
596 4822 731 4885 ὅλως
758 4823 936 4876 ἔνεστι
959 4825 1019 4877 τὸ
1041 4824 1357 4878 διαλλάττον
1390 4827 1562 4889 οὐδὲν,
1587 4829 1679 4879 καὶ
1713 4829 1746 4896 ὴ

170 4914 314 4964 κατὰ
346 4914 458 4964 πᾶν
498 4912 676 4965 ὁτιοῦν
704 4913 969 4984 οὐσιώδης
1006 4917 1187 4983 ἰσότης
1218 4934 1275 4967 τε
1307 4917 1404 4969 καὶ
1454 4919 1750 4988 ἐμφέρεια,

171 5002 289 5064 πῶς
348 5002 450 5053 οὐκ
495 5003 560 5054 ἂν
601 4999 908 5057 εἶενταυτὰ
942 5007 1009 5073 τῇ
1052 5008 1251 5072 φύσεις
1294 5008 1450 5076 Ἔχει
1485 5010 1667 5061 τοίνυν
1720 5010 1749 5061 ό

168 5093 300 5153 θεὸς
328 5092 425 5144 καὶ
457 5093 648 5163 Πατὴρ
680 5094 738 5160 ἐξ
768 5096 961 5149 ἑαυτοῦ
993 5114 1049 5150 τε
1086 5100 1181 5150 καὶ
1218 5102 1274 5150 ἐν
1306 5100 1484 5169 ἐαυτῷ
1506 5101 1565 5152 τὸ
1607 5101 1740 5156 ἴδιον

169 5186 421 5254 Πνεῦμα,
443 5188 693 5240 τουτέστι
716 5189 777 5239 τὸ
803 5189 980 5255 ἅγιον,
1007 5190 1088 5242 δι’
1124 5185 1185 5244 οὗ
1220 5195 1331 5254 τοῖς
1365 5194 1543 5260 ἁγίοις
1582 5196 1747 5246 ἐναυ-

168 5275 378 5337 λίζεταί
403 5293 465 5327 τε
486 5276 582 5328 καὶ
605 5279 979 5333 ἀποκαλύπτει
1004 5282 1282 5351 μυστήρια
1303 5320 1317 5344 ,
1356 5284 1457 5336 οὐκ
1522 5286 1579 5335 ἐν
1599 5285 1751 5349 τάξει

168 5370 233 5437 τῇ
258 5370 573 5438 ὑπουργικῇ
602 5371 1037 5441 παραλαμϐανορ
1049 5372 1169 5424 ένου
1186 5374 1319 5441 πρὸς
1336 5374 1513 5439 τοῦτο,
1537 5375 1611 5445 μὴ
1642 5376 1746 5445 γὰρ

172 5459 364 5529 οἰηθῇς
387 5476 441 5511 τι
475 5461 736 5522 τοιοῦτον,
765 5462 881 5516 ἀλλ’
914 5466 971 5513 ἐν
1002 5464 1149 5533 αὐτῷ
1178 5481 1235 5515 τε
1261 5464 1410 5520 ὄντος
1442 5466 1742 5529 οῦσιωδῶς,

168 5554 259 5602 καὶ
277 5552 337 5615 ἐξ
355 5551 521 5604 αὐτοῦ
540 5557 819 5620 προῖὶντος
838 5556 1147 5623 ἁμερίστως
1164 5574 1221 5608 τε
1241 5559 1332 5607 καὶ
1348 5557 1741 5623 ἀδιαστάστωε,

167 5643 238 5704 ὡς
260 5644 368 5695 {aut
400 5661 460 5695 τε
481 5642 928 5717 διερμηνεύοντος
949 5647 1015 5699 τὰ
1036 5651 1095 5699 ἑν
1111 5641 1156 5715 ᾧ
1185 5664 1274 5699 και
1294 5648 1355 5711 ἐξ
1377 5642 1436 5700 οὗ
1451 5665 1546 5718 ηερ
1577 5651 1741 5703 ἐστιν.

316 5806 476 5862 Junn.
514 5827 622 5862 ιιιί.
666 5811 744 5864 15.
827 5811 865 5841 ⁵⁸
901 5811 1034 5865 Joun
1092 5828 1219 5875 xm.
1266 5816 1341 5869 W7

1861 4640 2017 4699 deus,
2046 4636 2189 4705 quod
2209 4637 2335 4689 alibi
2367 4635 2527 4688 ctiam
2548 4637 2613 4688 ad
2640 4633 2856 4692 Patrem
2872 4648 3177 4689 sermonem
3198 4632 3439 4699 dirigens

1860 4732 1966 4789 ait;
2004 4748 2021 4779 ι
2055 4729 2246 4781 Omnia
2283 4742 2398 4779 mea
2433 4738 2520 4780 tua
2556 4736 2701 4791 sunt,
2727 4736 2780 4779 et
2802 4735 2891 4779 tua
2927 4741 3043 4777 mea
3077 4726 3141 4777 ⁸¹.
3183 4744 3199 4773 ι
3234 4725 3288 4777 In
3321 4726 3411 4789 qui

1863 4820 1965 4874 bns
2000 4821 2142 4872 cnim
2183 4819 2324 4871 nulli
2361 4818 2669 4873 dilTereutia
2691 4826 2795 4881 est,
2826 4819 2917 4872 scd
2942 4820 3260 4873 substantia:
3285 4819 3437 4869 iden-

1865 4911 1992 4963 titas
2030 4911 2287 4971 maxima,
2330 4919 2382 4962 ct
2436 4910 2720 4977 a:.,ualitas
2754 4911 3027 4977 quomodo
3086 4910 3192 4962 illis
3250 4908 3439 4961 eadem

1861 5002 2044 5055 omnia
2076 5011 2267 5055 natura
2303 5017 2411 5055 non
2430 5004 2623 5054 erunt?
2664 5001 2831 5056 Ilabct
2858 5002 3000 5055 enim
3027 5001 3168 5055 Deus
3202 5012 3254 5053 et
3280 5001 3440 5053 Pater

1861 5112 1924 5148 ex
1983 5111 2103 5149 sesc
2154 5106 2207 5147 ct
2261 5095 2313 5147 in
2349 5110 2471 5149 sese
2512 5094 2771 5164 Spiritum
2816 5095 3115 5163 proprium,
3174 5094 3434 5161 Spiritum

1864 5203 2055 5257 nempe
2082 5196 2354 5252 sanctum,
2402 5202 2497 5256 per
2524 5203 2685 5257 quem
2715 5189 2769 5241 in
2816 5187 3022 5241 sanctis
3074 5186 3357 5245 inhabitat.
3387 5196 3443 5239 et

1865 5284 2121 5350 mysteria
2147 5280 2372 5343 revelat,
2444 5295 2547 5333 non
2582 5295 2645 5335 eo
2676 5288 2933 5348 tanquam
2969 5278 3219 5331 ministro
3285 5278 3351 5330 ad
3385 5277 3438 5329 id

1865 5384 2046 5432 utens,
2080 5372 2215 5425 nihil
2240 5373 2387 5425 enim
2420 5371 2524 5425 tale
2554 5386 2892 5438 conceperis,
2945 5370 3037 5425 sed
3074 5379 3131 5422 ut
3163 5384 3257 5437 per
3311 5382 3436 5421 cum

1856 5466 1947 5534 qui
1980 5466 2030 5517 in
2058 5464 2175 5531 ipso
2205 5470 2307 5524 est,
2332 5462 2782 5524 substant‘alitcr,
2805 5472 2858 5515 et
2887 5478 2946 5514 ex
2977 5477 3042 5517 eo
3071 5460 3443 5530 iliSt‘Pal'ailiii-

1858 5573 1937 5613 ιιϊ
1962 5570 2013 5612 et
2043 5557 2444 5611 indivisihiliter
2475 5568 2707 5608 entanat.
2735 5566 2790 5608 et
2826 5566 2897 5607 tlll
2928 5556 3140 5622 proltriu
3166 5555 3430 5621 interpre-

1857 5662 1999 5705 tatur
2048 5665 2131 5715 ca,
2171 5666 2288 5719 «Itiro
2319 5659 2444 5703 sunt
2470 5648 2585 5718 ejus
2626 5650 2677 5701 in
2710 5662 2817 5711 quo
2850 5659 2924 5699 est
2967 5665 2979 5700 :
3017 5664 3118 5699 non
3166 5651 3309 5702 enim
3339 5646 3437 5699 ali-
