4202 6454
740 387 843 449 667

1770 391 1981 451 JOAN.
2026 389 2237 448 VECCI
2282 386 2392 445 CP.
2439 386 2953 447 I'A'l'lilARClLE'

3892 380 4001 442 668

738 518 1012 571 verosque
1044 505 1241 561 divinae
1271 521 1406 560 mete
1447 508 1755 572 potestatis,
1793 519 1847 562 et
1876 510 1930 560 in
1969 507 2166 559 virtute
2201 520 2314 557 ma—

2424 502 2621 564 ὲκείνος
2654 504 2999 572 μαρτυρήσει
3022 500 3145 569 περί
3178 498 3335 567 ὲμοῦο
3369 498 3732 567 Μαρτυρήοει
3758 494 3813 547 δὲ.
3844 496 3954 556 πῶς
3984 515 3997 557 ;

738 595 1044 659 gnitudinis
1070 599 1246 653 testis.
1280 596 1516 667 Spiritus
1542 600 1691 653 enim
1730 615 1882 653 meus
1914 610 2019 660 est.
2061 599 2155 666 qui
2182 612 2313 666 ope-

741 694 897 768 ratur
952 687 1009 741 in
1064 689 1242 755 vobis,
1284 691 1380 745 sed
1428 690 1573 745 sicut
1624 705 1781 745 meus
1827 699 1934 755 est,
1982 689 2055 743 ita
2111 699 2165 743 et
2222 688 2315 744 Dei

742 771 945 831 Patris.
978 793 999 827 ι

814 1051 959 1108 Idem
1001 1057 1342 1126 expositione
1392 1059 1445 1114 in
1487 1057 1754 1115 Joannem
1808 1063 1861 1115 in
1912 1062 2090 1117 illud:
2126 1084 2143 1115 ι
2177 1065 2316 1118 Cum

740 1144 927 1215 itaque
945 1147 1271 1204 Paracletus
1302 1153 1535 1219 venerit,
1571 1172 1590 1203 ι
1624 1155 1700 1207 ait
1732 1172 1745 1207 :
1783 1172 1802 1205 ι
1834 1154 1976 1208 Ecce
2007 1154 2154 1209 enim
2189 1171 2319 1211 erce

739 1240 1007 1309 Spiritum
1036 1245 1307 1309 veritatis,
1359 1248 1463 1302 hoc
1514 1258 1601 1303 est
1651 1250 2025 1319 suimetipsius
2064 1248 2317 1305 Paraclc-

738 1343 855 1385 tum
906 1333 1219 1405 insinuans,
1272 1354 1340 1392 ex
1393 1338 1554 1394 Patre
1605 1356 1731 1393 eum
1770 1341 2070 1410 procedere
2130 1342 2317 1395 tradit.

738 1424 1205 1499 Quemadmodum
1233 1430 1379 1483 enim
1407 1438 1491 1485 est
1510 1430 1750 1499 Spiritus
1776 1432 2030 1499 proprius
2059 1431 2183 1485 Filii
2213 1448 2314 1486 na—

741 1516 987 1569 turaliter
1015 1518 1067 1571 in
1106 1519 1200 1574 illo
1231 1523 1521 1587 exsisteus,
1554 1531 1609 1575 et
1639 1538 1734 1591 per
1758 1523 1912 1576 illum
1942 1526 2318 1593 progrediens,

738 1606 813 1659 ita
837 1615 892 1661 et
920 1602 1122 1664 Patris.
1170 1610 1383 1677 Quibus
1414 1628 1544 1667 vero
1578 1613 1819 1681 Spiritus
1869 1617 2183 1670 communis
2212 1625 2320 1678 est,

738 1699 851 1755 illis
882 1711 1046 1756 erunt
1078 1719 1326 1774 quoque,
1351 1714 1408 1761 et
1435 1720 1559 1774 quae
1584 1707 1862 1772 essentiae,
1891 1724 1999 1762 non
2040 1719 2311 1778 separata,

738 1801 835 1844 aut
876 1794 1143 1861 sejuncta.
1185 1816 1203 1847 ι

815 1881 1053 1939 Sanctus
1086 1887 1419 1955 Epiphanius
1456 1888 1511 1943 in
1559 1892 1837 1962 Ancyroto
1874 1892 2050 1945 dicit:
2085 1910 2105 1943 ι
2138 1891 2317 1959 Spiri-

739 1984 832 2027 tus
856 1976 1243 2042 comprehendi
1278 1993 1385 2031 non
1417 1989 1618 2047 potest,
1660 1996 1769 2034 non
1811 1982 2022 2036 alienus
2053 1981 2233 2036 Patris
2261 1990 2317 2035 et

739 2064 884 2119 Filii.
944 2065 1194 2135 Namque
1254 2070 1369 2136 ipse
1420 2071 1746 2140 Unigenitus
1791 2082 1951 2126 vocat
1997 2090 2015 2122 ι
2051 2072 2317 2141 Spiritum

742 2157 947 2223 Patris,
990 2178 1007 2211 ι
1054 2170 1110 2212 et
1149 2180 1166 2212 ι
1196 2160 1301 2226 Qui
1342 2178 1409 2216 ex
1456 2162 1614 2215 Patre
1664 2165 1929 2233 procedit,
1981 2174 2059 2228 et,
2096 2180 2162 2217 ex
2198 2179 2320 2217 meo

739 2249 994 2317 accipiet,
1056 2270 1074 2301 ι
1112 2267 1179 2305 ne
1211 2252 1426 2306 alienus
1455 2269 1483 2306 a
1528 2254 1688 2308 Patre
1716 2265 1771 2308 et
1809 2254 1947 2309 Filio
1975 2256 2320 2309 existimare—

658 2384 661 2386 .
739 2337 849 2395 Itir.
887 2362 906 2394 ι
951 2341 1016 2395 Et
1046 2354 1169 2412 post
1198 2345 1434 2413 plurima
1462 2331 1676 2401 annexa
1709 2365 1776 2411 ιλ
1814 2346 2059 2417 Utraque
2103 2347 2320 2401 inhabi-

739 2439 861 2486 tant
892 2435 944 2487 in
974 2436 1364 2504 hominejusto
1389 2437 1644 2493 Christus
1673 2450 1727 2492 et
1759 2439 1999 2510 Spiritus
2027 2440 2217 2508 ipsius.
2259 2440 2316 2494 Si

739 2536 875 2578 vero
910 2523 1178 2579 'Christus
1213 2543 1279 2580 ex
1325 2525 1488 2582 Patre
1534 2529 1780 2583 creditur
1828 2530 1971 2583 Deus
2004 2545 2069 2583 ex
2105 2528 2238 2590 Deo.
2267 2538 2321 2584 et

740 2611 983 2681 Spiritus
1031 2631 1097 2668 ex
1146 2617 1386 2678 Christo,
1421 2627 1514 2671 aut
1555 2634 1621 2672 ex
1655 2620 1927 2688 utrisque,
1973 2630 2031 2672 ut
2070 2618 2322 2674 Christus

741 2706 1010 2773 insinuat,
1052 2710 1147 2778 qui
1204 2726 1270 2764 cx
1319 2711 1477 2766 Patre
1520 2713 1784 2781 procedit,
1834 2712 1919 2767 hic
1959 2713 2026 2766 de
2073 2728 2195 2767 meo
2229 2729 2321 2768 ac-

740 2798 929 2868 eipiet.
965 2819 984 2851 ι

814 2984 1139 3041 Theodorus
1166 2988 1487 3059 Raythenus
1513 2991 1759 3046 oratione
1780 2992 2119 3060 dogmatica,
2153 2995 2318 3064 cujus

738 3076 872 3130 illud
902 3078 1232 3146 principium
1261 3090 1346 3133 est
1379 3099 1391 3133 :
1428 3100 1446 3133 ι
1484 3082 1799 3136 Absurdum
1834 3084 2114 3149 existimo,
2147 3095 2322 3141 recte-

2418 592 2747 662 Ἐνεργῆσαν
2800 596 2906 660 γὰρ
2962 593 3017 643 ἐν
3051 591 3179 659 ὑμῖν
3220 607 3278 640 τε
3341 588 3436 641 καὶ
3474 587 3554 639 δι’
3580 586 3736 654 ὑμῶν
3794 586 3860 636 τὰ
3886 602 4001 635 που

2419 680 2638 749 ράδοξα,
2686 682 2896 751 μάρτυς
2934 680 3118 733 ἔσεται
3174 678 3384 740 δίκαιός
3438 695 3497 729 τε
3549 677 3644 729 καὶ
3671 675 3871 743 ἀληθὴς⁵
3900 677 3998 739 τῆς

2418 773 2559 841 ἐμῆς
2617 772 2952 842 θεοπρεποῦς
3011 771 3285 835 ἐξουσίας,
3316 772 3412 821 καὶ
3442 769 3540 836 τῆς
3571 770 3628 818 ἓν
3648 767 3869 833 δυνάμει
3904 784 3968 829 με

2416 863 2787 932 γαλειότητος.
2824 863 2990 933 Ἐμὸν
3013 864 3120 931 γὰρ
3144 862 3369 932 Πνεῦμα
3394 860 3456 912 τὸ
3477 859 3813 929 ἐνεργοῦν-ὲν
3838 859 3866 908 ύ
3879 860 4000 925 μῑν,

2422 946 2609 1025 ὥσπερ
2633 957 2692 1009 δὲ
2738 956 2896 1023 ἐμὸν,
2955 954 3099 1007 οῦτω
3149 952 3361 1007 καὶτοῦ
3395 954 3627 1022 Πατρός.
3671 970 3689 1002 ι

2500 1052 2559 1101 '0
2610 1049 2774 1111 αὐτὸς
2834 1050 2892 1100 ὲν
2941 1050 3007 1118 τῇ
3043 1048 3314 1118 ἑρμηνείᾳ
3365 1045 3459 1098 τοῦ
3518 1043 3663 1096 κατά
3741 1042 4005 1107 Ἰωάννην

2419 1143 2499 1195 εἰς
2531 1141 2592 1192 τὸ
2627 1141 2790 1211 ῥητὸν
2831 1140 2893 1193 τὸ
2942 1157 2962 1190 ι
2997 1140 3168 1192 ὐταν
3197 1135 3293 1192 οὖν
3332 1139 3464 1207 ἔλθῃ
3499 1138 3529 1188 ὁ
3554 1133 3935 1202 Παράκλητος,
3975 1152 3995 1182 ι

2421 1234 2618 1302 φησίν·
2685 1253 2704 1284 ι
2772 1232 2903 1286 Ἰδοὺ
2947 1231 3057 1301 γὰρ
3110 1232 3222 1283 ἰδοὺ
3276 1230 3505 1298 Πνεῦμα
3557 1229 3657 1297 τῆς
3716 1225 4004 1293 ἀληθείας,

2421 1327 2697 1378 τουτέστιν
2726 1322 2944 1388 ἑαυτοῦ,
2971 1325 3064 1375 τὸν
3095 1321 3455 1392 Παράκλητον
3489 1320 3682 1382 εἰπὼν,
3718 1318 3872 1387 παρα
3901 1316 3999 1368 τοῦ

2424 1418 2637 1488 Πατρδς
2666 1418 2830 1471 αὑτὸν
2856 1416 3253 1486 ἐκπορεύεσθαί
3280 1432 3467 1484 φησιν.
3498 1413 3714 1481 Ὠσπερ
3747 1410 3859 1478 γαρ
3882 1411 4003 1462 ἐστι

2422 1509 2650 1576 Πνεῦμα
2680 1510 2812 1560 ῖδιον
2836 1510 2931 1561 τοῦ
2964 1508 3096 1560 Υἱοῦ
3115 1506 3361 1574 φυσικῶς
3394 1507 3451 1556 ὲν
3472 1504 3621 1572 αὐτῷ
3637 1521 3696 1555 τε
3731 1503 4001 1570 ὑπάρχον,

2423 1604 2513 1655 καὶ
2535 1602 2602 1656 δι’
2626 1602 2791 1655 αὐτοῦ
2849 1602 3060 1672 προϊὸν,
3090 1601 3235 1654 οὕτω
3256 1602 3350 1653 καὶ
3381 1598 3476 1651 τοῦ
3511 1598 3751 1668 Πατρός.
3784 1592 3880 1659 Οἷς
3951 1595 4005 1646 δὲ

2421 1696 2483 1747 τὸ
2517 1693 2744 1764 Πνεῦμα
2776 1696 2974 1757 κοινὸν,
3005 1693 3218 1755 τούτοις
3265 1692 3355 1761 εἴη
3407 1692 3586 1760 δήπου
3651 1689 3870 1752 πάντως
3941 1687 4006 1739 ἂν

2420 1788 2517 1841 καὶ
2545 1786 2614 1839 τὰ
2641 1791 2741 1857 τῆς
2761 1786 2947 1849 οὐσίας
2969 1785 3031 1838 οὐ
3063 1786 3429 1855 διωρισμένα.
3468 1803 3487 1835 ι

2505 1880 2564 1931 ’0
2606 1881 2759 1946 ἅγιος
2801 1877 3142 1944 Ἐπιφάνιος,
3198 1878 3255 1928 ὲν
3295 1875 3372 1945 τῷ
3406 1871 3742 1944 Ἀγκυρωτῷ
3799 1887 3967 1938 φησιν
3992 1884 4006 1900 ·

2427 1990 2447 2022 ι
2482 1972 2557 2024 Τὸ
2605 1945 2828 2038 Πνεῦμα
2894 1967 3306 2036 ἀκατάληπτον,
3335 1965 3436 2019 οὐκ
3465 1964 3741 2035 ἀλλότριον
3800 1962 4007 2029 Πατρὶς

2420 2066 2515 2117 καὶ
2552 2064 2705 2115 Υἱοῦ.
2734 2064 2844 2115 Καὶ
2867 2062 3031 2124 αὐτὸς
3058 2062 3167 2129 γὰρ
3200 2061 3229 2111 ὁ
3283 2058 3595 2127 Μονογενής
3648 2056 3821 2121 λέγει,
3887 2070 3908 2103 ι
3948 2051 4007 2103 τὸ

2422 2155 2651 2222 Πνεῦμα
2703 2152 2800 2205 τοῦ
2834 2152 3072 2221 Πατρός,
3113 2170 3131 2202 ι
3173 2152 3271 2203 καὶ⁵
3315 2148 3378 2201 τὸ
3412 2150 3477 2199 ὲκ
3515 2145 3608 2199 τοῦ
3643 2144 3858 2214 Πατρδς
3918 2142 4006 2193 ὲκ-

2421 2245 2811 2315 πορευόμενον.
2842 2264 2861 2297 ι
2898 2245 3007 2298 Καὶ
3041 2263 3059 2295 ι
3097 2245 3162 2297 ἐκ
3187 2242 3281 2295 τοῦ
3305 2242 3439 2311 ἐμοῦ
3458 2240 3689 2310 λήψεται
3710 2254 3726 2269 ο
3759 2257 3777 2289 ι
3809 2237 3901 2289 ἵνα
3932 2235 4007 2306 μὴ

2423 2338 2706 2407 ἀλλότριον
2732 2335 3015 2407 νομισθείη
3054 2334 3268 2404 Πατρὸς
3303 2332 3441 2401 μηδὲ
3476 2329 3630 2383 Υιοῦ.
3668 2347 3688 2380 ι
3721 2328 3833 2382 Καὶ
3870 2325 4007 2395 μετὰ

2434 2428 2604 2481 πολλά
2640 2429 2781 2482 πάνυ
2815 2446 2829 2461 ο
2880 2447 2897 2480 ι
2923 2430 2976 2481 Ἀ
2988 2428 3232 2497 μφὸτερα
3269 2426 3516 2478 κατοικεῖ
3540 2426 3600 2476 ἐν
3626 2422 3707 2492 τῷ
3733 2419 4007 2489 ἀνθρώπῳ

2421 2520 2501 2591 τῷ
2533 2520 2729 2592 δικαίῳ
2756 2522 2785 2573 ὁ
2814 2521 3050 2591 Χριστὸς
3083 2519 3179 2572 καὶ
3212 2518 3276 2570 τὸ
3314 2516 3542 2585 Πνεῦμα
3587 2514 3774 2569 αὐτοῦ.
3826 2513 3889 2565 Εἰ
3949 2512 4007 2564 δὲ

2423 2613 2655 2682 Χρίστδς
2689 2614 2755 2666 ἐκ
2785 2613 3000 2679 Πατρδς
3031 2612 3355 2665 πιστεύεται
3405 2611 3539 2672 θεὸς
3571 2613 3635 2661 ἐκ
3695 2606 3856 2669 Θεοῦ,
3908 2608 4007 2659 καὶ

2423 2705 2484 2757 τὸ
2532 2703 2760 2772 Πνεῦμα
2785 2706 2851 2757 έκ
2886 2704 2978 2755 τοῦ
3017 2702 3253 2774 Χριστοῦ
3278 2718 3295 2735 ο
3326 2702 3359 2771 ἦ
3386 2700 3520 2770 παρ’
3574 2699 3902 2768 ἀμφοτέρων
3930 2696 4007 2758 ὥς

2424 2796 2637 2863 φησινὸ
2660 2795 2896 2865 Χριστὸς
2933 2795 2963 2847 ὃ
3016 2793 3170 2862 παρὰ
3202 2793 3297 2847 τοῦ
3331 2792 3546 2862 [lat-rgo;
3601 2789 3999 2861 ἐκπορεύεται.

2423 2885 2521 2938 καὶ
2543 2878 2698 2949 οὗτος
2735 2887 2801 2939 ἐκ
2855 2887 2950 2939 τοῦ
2974 2886 3108 2955 ἐμοῦ
3156 2886 3410 2955 λήψεται.
3466 2904 3483 2934 ι

2492 2976 2769 3047 Θεόδωρος
2826 2980 2855 3030 ὁ
2906 2979 3006 3047 τῆς
3076 2975 3291 3031 Ῥαῗθοῦ
3358 2975 3738 3046 πρεσϐύτερος
3802 2975 3864 3026 ὲν
3919 2972 4001 3042 τῷ

2422 3068 2739 3138 δογματικῷ
2777 3068 2925 3138 λόγῳ
2979 3069 3169 3134 αὐτοῦ,
3229 3062 3290 3123 οῦ
3349 3071 3381 3137 ἡ
3437 3067 3621 3138 ἀρχὴ·
3689 3087 3707 3117 ς
3761 3068 4003 3119 ’Ἄτοπον

738 3179 846 3233 que
879 3165 1010 3218 illud
1060 3178 1275 3235 reputo,
1313 3187 1331 3219 ι
1380 3184 1547 3236 quam
1590 3171 1911 3239 longissime
1969 3188 1999 3226 a
2046 3175 2319 3243 principio

2424 3157 2601 3230 οἶμαι,
2635 3161 2728 3214 καὶ
2759 3161 2941 3224 καλῶς
2974 3179 3039 3227 γε
3069 3160 3228 3215 τοῦτο
3255 3163 3542 3229 νενόμικα,
3587 3179 3606 3224 ι⁶
3655 3160 3794 3227 μετὰ
3828 3158 4003 3211 πολλά

743 3256 879 3310 dicit
911 3275 924 3311 :
962 3278 979 3308 ι
1025 3258 1263 3328 Spiritus
1294 3272 1518 3315 sanctus
1542 3262 1790 3317 veritatis
1821 3262 2061 3332 Spiritus
2089 3273 2194 3331 est,
2225 3266 2317 3335 qui

739 3348 963 3415 quidem
998 3364 1029 3403 a
1068 3351 1227 3405 Patre
1268 3352 1533 3420 procedit,
1568 3368 1595 3404 ει
1626 3351 1764 3405 Filio
1797 3367 1929 3406 vero
1969 3355 2189 3424 accipit,
2225 3354 2319 3425 qui

737 3441 924 3493 omnia
976 3441 1158 3497 Patris
1199 3443 1480 3512 possidet,
1532 3445 1599 3497 ad
1676 3445 2161 3499 demonstrandum
2228 3446 2322 3501 de-

738 3532 1173 3603 elarmidumque
1228 3551 1392 3588 unam
1434 3551 1561 3590 esse
1597 3540 1893 3590 essentiam
1945 3547 2002 3591 et
2037 3539 2182 3593 illius
2225 3541 2319 3607 qui

738 3626 956 3693 accipit,
1004 3636 1057 3678 et
1094 3627 1243 3680 illius
1280 3641 1310 3680 a
1354 3642 1467 3696 quo
1520 3630 1746 3698 accipit,
1782 3645 1995 3684 necnon
2052 3631 2203 3686 illius
2250 3648 2319 3686 ex

739 3731 852 3782 quo
899 3718 1225 3771 naturaliter
1250 3720 1500 3787 procedit
1532 3761 1547 3772 .
1579 3736 1759 3789 neque
1802 3722 1949 3775 enim
1988 3738 2319 3792 progressus

741 3808 939 3863 fuisset
969 3824 1036 3863 ex
1075 3810 1166 3863 illo
1198 3811 1291 3879 qui
1323 3810 1554 3866 alterius
1587 3821 1734 3866 esset
1768 3813 2042 3877 essentia,
2090 3823 2187 3867 aut
2225 3830 2320 3868 ac—

738 3901 975 3969 cepisset
1004 3902 1071 3955 ab
1102 3918 1192 3965 eo,
1224 3903 1318 3971 qui
1354 3919 1463 3957 non
1490 3904 1736 3974 ejusdem
1768 3920 1893 3958 cum
1917 3905 2323 3961 eosubstantite

738 4003 907 4048 esset.
939 3992 1146 4059 Quodsi
1189 3994 1435 4063 ejusdem
1469 4005 1680 4049 natura
1707 4006 1834 4052 sunt
1881 4012 2007 4053 cum
2052 4012 2142 4062 eo,
2176 3998 2321 4052 unde

736 4084 946 4146 exiere,
974 4092 1033 4139 et
1060 4100 1127 4139 ex
1160 4101 1270 4153 quo
1311 4088 1532 4156 accipit,
1569 4088 1661 4141 illa
1693 4087 1859 4142 etiam
1911 4088 2159 4157 ejusdem
2192 4098 2320 4143 sunt

737 4184 971 4228 naturae.
1022 4173 1157 4238 Qua:
1211 4176 1358 4229 enim
1406 4177 1657 4244 ejusdem
1712 4188 1945 4258 natura,
2000 4178 2055 4231 in
2120 4178 2315 4233 eodem

739 4282 933 4334 nempe
966 4276 1093 4321 sunt
1130 4282 1278 4331 vere,
1311 4277 1578 4338 eruntque
1620 4270 1765 4325 inter
1803 4285 1865 4325 se
1911 4285 2042 4325 vero
2070 4270 2317 4341 ejusdem

739 4369 970 4414 tiaturze.
1009 4378 1027 4411 ι

1243 4451 1649 4507 EPlGRAPIIE
1687 4454 1805 4520 γη,

806 4540 946 4596 Cum
976 4543 1201 4612 quidam
1235 4546 1573 4599 contendant
1602 4547 1745 4601 inter
1769 4561 1891 4602 sese
1915 4549 2155 4611 diﬂ'erre.
2190 4565 2320 4619 pro-
2353 4546 2389 4582 ι

738 4636 911 4706 gredi,
946 4645 1001 4689 et
1032 4634 1259 4700 eﬂ‘undi,
1299 4646 1353 4690 et
1382 4639 1676 4706 procedere
1726 4639 1928 4695 seleeta
1964 4652 2094 4697 sunt
2123 4644 2191 4697 ad
2241 4644 2319 4696 ir-

739 4725 1125 4796 rel'ragahilem
1182 4740 1375 4779 eorum
1429 4728 1870 4795 azquivalentiam
1924 4732 2319 4787 demonstran-

739 4816 869 4869 dum
908 4816 1309 4884 subsequentes
1342 4818 1517 4872 sancti
1543 4817 1733 4887 Cyrilli
1768 4821 2077 4887 sententiae,
2116 4823 2320 4888 quibus

738 4908 948 4960 adnexa
983 4916 1112 4960 sunt
1159 4906 1264 4958 alia
1302 4907 1536 4961 aliorum
1584 4909 1807 4963 Patrum
1843 4911 2179 4976 testimonia,
2226 4913 2319 4981 qui

739 4998 1044 5051 decernunt
1073 5011 1138 5049 ex
1170 4995 1331 5049 Patre
1368 4998 1646 5065 progredi,
1684 4998 1963 5068 profundi,
1993 5002 2167 5056 emitti
2202 5002 2324 5072 Spi-

740 5089 906 5141 ritum
955 5098 1209 5142 Sanclum
1265 5088 1317 5141 in
1357 5087 1465 5141 illis
1500 5090 1796 5157 pericopis,
1831 5093 1883 5143 in
1932 5093 2132 5161 quibus
2167 5094 2318 5150 illum

739 5195 803 5236 ex
839 5182 1003 5234 Patre
1034 5180 1337 5251 procedere
1361 5182 1720 5235 asserendum
1750 5192 1892 5237 erat.

814 5366 1051 5419 Sanctus
1076 5364 1317 5434 Cyrillus
1345 5364 1489 5418 libro
1511 5377 1669 5420 sexto
1699 5367 1765 5420 ad
1801 5367 2076 5423 llermimn
2114 5371 2276 5426 habet
2306 5392 2318 5427 :

751 5477 772 5511 ι
810 5458 981 5527 Igitur
1013 5457 1286 5525 siquidem
1317 5466 1401 5511 est
1430 5458 1653 5526 spiritus
1684 5460 1861 5513 Patris
1887 5464 2144 5531 proprius
2168 5464 2318 5527 Filii,

745 5550 1021 5618 quomodo
1078 5549 1358 5617 ignorabit
1406 5549 1613 5618 aliquid
1654 5552 1708 5604 in
1764 5552 1873 5605 Deo
1935 5557 2318 5624 reconditum,

747 5644 1031 5715 proprium
1080 5643 1287 5695 habens
1336 5641 1454 5710 ipse
1493 5644 1779 5711 Spiritum,
1830 5648 2092 5701 scientem
2140 5656 2321 5704 omnia

746 5752 868 5807 quae
921 5736 973 5789 in
1009 5736 1203 5797 Patre;
1255 5744 1308 5788 et
1345 5735 1616 5789 dicentem
1659 5739 1822 5793 audio
1860 5742 2147 5798 manifeste
2193 5759 2318 5797 san—

748 5832 852 5885 rtis
883 5827 1143 5899 apostolis
1196 5845 1208 5880 :
1262 5827 1450 5883 Adhuc
1489 5829 1654 5883 multa
1722 5832 1896 5889 habeo
1934 5834 2087 5890 \obis
2120 5836 2321 5901 ditme,

2428 3255 2569 3307 πάνυ
2594 3254 2786 3321 φησίν·
2821 3273 2839 3305 ι
2876 3254 2950 3306 Τὸ
2978 3255 3203 3324 Πνεῦμα
3223 3253 3283 3306 τὸ
3315 3255 3471 3320 ἆγιον
3498 3251 3752 3322 ἀληθείας
3781 3250 4011 3318 Πνεῦμα

2426 3350 2541 3401 ἐστι
2564 3364 2578 3378 ⁸
2622 3347 2782 3400 τοῦτο
2806 3348 2863 3400 δὲ
2890 3346 3040 3417 παρά
3071 3348 3169 3417 μὲν
3194 3345 3289 3400 τοῦ
3344 3347 3559 3416 Πατρδς
3615 3344 4009 3415 ἐκπορεύεται,

2424 3434 2764 3503 λαμϐανειδὲ
2792 3436 2944 3504 παρὰ
2970 3434 3063 3490 τοῦ
3096 3434 3252 3500 Υἱοῦ,
3306 3436 3483 3487 πάντα
3525 3433 3595 3487 τά
3633 3433 3728 3487 τοῦ
3788 3434 4010 3503 Πατρῆς

2424 3527 2660 3595 ἔχοντος,
2689 3525 2825 3595 πρὸς
2856 3526 3129 3592 ἀπόδειξιν
3176 3526 3270 3580 καὶ
3293 3527 3602 3595 φανέρωσιν
3635 3526 3759 3589 τοῦ,
3789 3527 3874 3579 ὅτι
3912 3528 4013 3595 μία

2422 3616 2585 3670 οὐσία
2644 3620 2765 3670 ἐστὶ
2813 3618 2908 3669 τοῦ
2966 3635 3025 3670 τε
3093 3617 3470 3687 λαμϐάνοντος
3492 3617 3589 3670 καὶ
3612 3614 3709 3669 τοῦ
3772 3617 3904 3685 παρ’
3944 3608 4007 3668 οὗ

2424 3710 2713 3779 λαμϐάνει,
2749 3711 2962 3763 καὶτοῦ
2997 3711 3056 3776 ἐξ
3086 3705 3147 3763 οὗ
3179 3710 3428 3778 φυσικῶς
3456 3709 3840 3779 ἐκπορεύεται.
3866 3709 4007 3762 Οὐδὲ

2436 3804 2545 3875 γὰρ
2566 3805 2632 3858 ἂν
2650 3804 2916 3875 προῆλθον
2941 3807 2997 3870 ἐξ
3019 3805 3381 3874 ὲτεροουσίου,
3404 3805 3436 3875 ἢ
3463 3804 3625 3857 ἔλαϐέ
3653 3822 3708 3857 τι
3738 3804 3889 3874 παρὰ
3912 3805 4008 3856 τοῦ

2428 3900 2503 3969 μὴ
2532 3901 2849 3970 ὁμοουσὶου.
2889 3902 2951 3953 Εἰ
2981 3902 3039 3954 δὲ
3059 3900 3326 3970 ὁμοούσιά
3352 3902 3503 3954 ἐστιν
3531 3901 3686 3970 αὐτῷ
3728 3901 3814 3964 τὸ,
3874 3902 4003 3954 ὅθεν

2425 3993 2699 4064 προῆλθες
2733 3993 2829 4047 καὶ
2860 3993 2921 4045 τὸ
2952 3991 3013 4056 ἐξ
3038 3985 3100 4044 οὗ
3145 3992 3439 4062 λαμϐάνει,
3482 3993 3714 4045 κάκεῖνα
3776 3993 4002 4058 παντως

2426 4087 2639 4147 ἑαυτοῖς
2656 4086 2803 4138 ἐστιν
2833 4086 3097 4154 ὁμοούσια
3125 4098 3140 4113 ⁸
3175 4085 3245 4137 τά
3281 4087 3392 4154 γὰρ
3421 4083 3676 4153 τῷαύτῶ
3706 4084 4010 4153 ὁμοούσια,

2421 4177 2661 4248 δηλονότι
2677 4176 2774 4230 καὶ
2790 4176 3040 4244 ἀλλήλοις
3056 4174 3304 4228 ἔσταεκαὶ
3319 4176 3466 4229 ἐστιν
3497 4175 3708 4245 ἀληθῶς
3724 4175 4013 4246 ὁμοούσιε..

3007 4450 3345 4505 ΕΠΙΓΡΑΦΗ
3376 4448 3453 4505 Z'.

2509 4538 2727 4608 Ἐπειδὴ
2769 4540 2877 4592 εἶσί
2929 4557 3074 4601 τινες
3116 4541 3369 4608 λέγοντες
3418 4540 3701 4612 διαφέρειν
3756 4541 4013 4611 ἀλλήλων

2426 4631 2488 4682 τὸ
2513 4631 2727 4700 πρόεισι
2751 4630 2844 4682 καὶ
2872 4633 3180 4698 προχεῖται,
3213 4633 3309 4683 καὶ
3366 4632 3757 4700 ἐκπορεύεται,
3821 4635 4005 4699 ἐξελέ-

2427 4740 2605 4793 γησαν
2629 4724 2708 4783 εἰς
2737 4723 3133 4792 ἀναντίρρητον
3187 4722 3466 4786 ἀπόδειξιν
3521 4723 3616 4775 τοῦ
3679 4724 4015 4794 ἰσοδυνάμον

2428 4811 2609 4865 αὐτῶν
2639 4813 2695 4863 αἱ
2725 4812 3085 4881 προκείμεναι
3138 4813 3364 4882 χρήσεις
3389 4813 3481 4865 τοῦ
3505 4814 3664 4881 ἁγίου
3704 4815 4011 4885 Κνρῑλλου,

2428 4907 2521 4957 καὶ
2548 4909 2667 4973 μετ’
2724 4907 2892 4967 αὐτας
2946 4907 3007 4959 αἱ
3065 4906 3508 4975 ὑποτεταγμέναι
3561 4909 3757 4972 αὑταῖς
3822 4911 4017 4976 ἕτεραι

2428 4998 2653 5068 χρήσεις
2687 4997 2798 5051 τῶν
2826 4997 3005 5051 ἄλλων
3032 4998 3320 5067 Πατέρων,
3352 5000 3459 5050 τῶν
3503 5000 3902 5068 θεολογούντων
3950 5005 4018 5055 ὲκ

2430 5089 2645 5159 Πατρὸς
2677 5090 2932 5158 προϊέναι
2962 5107 3021 5141 τε
3059 5091 3155 5141 καὶ
3187 5092 3599 5158 ἐκπέμπεσθαι,
3636 5092 3731 5144 καὶ
3780 5096 4011 5162 προχεῖ-

2431 5181 2555 5233 σθαι
2589 5181 2650 5233 τὸ
2710 5180 2938 5251 Πνεῦμα
2970 5183 3024 5234 ὲν
3058 5184 3298 5245 ἐκείναις
3348 5186 3471 5246 ταῖς
3536 5187 3899 5253 περικοπαίς,
3954 5189 4016 5237 ὲν

2428 5268 2517 5337 αἷς
2557 5273 2785 5343 ἔμελλον
2832 5274 3017 5341 λέγειν
3044 5276 3110 5326 ἐκ
3141 5276 3353 5345 [ἰατρὸς
3390 5275 3523 5327 αὐτὸ
3574 5277 4011 5346 ἐκπορεύεσθαι.

2508 5368 2569 5418 σο
2601 5368 2754 5433 ἅγιος
2783 5366 3049 5437 Κύριλλος
3100 5370 3160 5419 ὲν
3197 5367 3275 5437 τῷ
3310 5368 3456 5437 ἕκτῳ
3508 5371 3617 5420 τῶν
3683 5372 3821 5439 πρδς
3884 5370 4019 5440 ,Ερ-

2433 5462 2589 5530 μεὶαν
2616 5463 2781 5531 φησίν
2806 5479 2819 5491 ⁶
2862 5481 2881 5513 ι
2917 5462 3093 5532 Εἴπερ
3117 5456 3211 5513 οὗν
3236 5464 3350 5513 ἐστι
3380 5464 3441 5514 τὸ
3471 5463 3695 5533 Πνεῦμα
3748 5462 3845 5515 τοῦ
3896 5466 4015 5518 Πα-

2428 5557 2555 5624 τρὸς
2590 5555 2723 5607 ἴδιον
2753 5554 2848 5607 τοῦ
2873 5553 3025 5617 Υἱοῦ,
3055 5554 3172 5616 πῶς
3209 5556 3473 5623 ἁγνοῆσαὶ
3517 5572 3570 5607 τι
3610 5558 3719 5606 τῶν
3788 5558 3847 5607 ἐν
3887 5558 4013 5627 Θεῷ

2429 5647 2851 5717 κεκρυμμένων,
2877 5646 3007 5697 ἴδιον
3042 5645 3180 5714 ἔχων
3200 5647 3363 5708 αὐτὸς
3400 5648 3460 5698 τὸ
3491 5648 3717 5717 Πνεῦμα
3739 5648 3798 5699 τὸ
3829 5648 4013 5701 πάντα

2431 5743 2569 5803 eiei);
2623 5740 2691 5792 τὰ
2735 5742 2793 5791 ἐν
2870 5738 2948 5807 τῷ
2994 5740 3166 5809 Πατρί
3198 5756 3212 5768 ·
3253 5739 3428 5793 καίτοι
3508 5742 3762 5807 λέγοντος
3826 5744 4016 5795 ἀκούω

2436 5835 2619 5897 nam};
2655 5836 2764 5896 τοῖς
2799 5832 2975 5902 ἁγίοις
3010 5832 3329 5891 ἀποστόλοις
3370 5849 3376 5855 ·
3431 5836 3549 5888 "litt
3581 5834 3750 5887 mihi
3780 5840 3890 5903 ἔχω
3918 5838 4011 5887 ii—
