4202 6454
182 375 285 436 669

182 494 304 559 γεῑν
333 491 485 558 ὑμῖν,
536 492 651 545 ἀλλ’
706 492 769 547 οὐ
792 493 1027 548 δύνασθε
1060 494 1351 565 βαστάζειν
1381 497 1509 566 ἄρτι
1548 515 1561 528 ·

182 582 241 635 δὲ
274 580 406 651 ἔλθῃ
456 583 684 647 ἐκεῖνος,
718 584 780 637 τδ
816 586 1037 654 Πνεῦμα
1059 585 1160 651 τῆς
1191 585 1471 655 ἀληθείας,
1499 586 1760 652 ὁδηγήσει

186 674 332 743 ὑμᾶς
362 675 446 735 είς
478 676 664 729 πᾶσαν
692 676 972 745 ἀλήθειαν.
1004 678 1081 730 Οὐ
1109 676 1219 744 γὰρ
1249 676 1472 746 λαλήσει
1504 678 1600 742 ἀφ’
1632 678 1760 728 ἑαυ-

184 763 281 816 τοῦ
311 764 440 817 ἀλλ’
468 766 568 817 ὅσα
597 765 848 827 ἀκούσει,
914 784 1009 819 και
1065 767 1130 820 τὰ
1162 767 1432 836 ἐρχόμενα
1473 766 1763 832 ἀναγγελεῖ

187 856 342 925 ὑμῖν.
387 853 538 924 Ἀρά
587 876 669 911 σοι
730 858 898 927 σαφὲς
936 860 996 911 τὺ
1057 859 1354 929 παροισθέν
1413 860 1532 913 ἑστι
1560 858 1759 924 λόγιον,

188 952 286 1002 καὶ
315 951 714 1020 προσδεδορκας
738 953 820 1003 ὅτι
849 950 1073 1019 Πνεῦμα
1116 952 1215 1019 μὲν
1233 952 1490 1018 ἀληθείας
1511 950 1761 1019 ὠνόμασε

186 1040 279 1090 τδν
304 1038 696 1108 Παρακλητονς
727 1038 869 1107 Ἔφη
922 1056 984 1105 γε
1016 1041 1122 1107 μὴν
1145 1038 1224 1100 ὡς
1272 1040 1519 1107 πρόεισιν
1558 1039 1620 1088 ὲκ
1650 1037 1761 1087 Πα-

186 1124 339 1191 τρδς,
406 1125 511 1176 tota
546 1127 722 1178 πάντα
751 1126 967 1187 δεικνὺς
1017 1124 1212 1179 ἑαυτοῦ
1248 1126 1314 1177 τὰ
1336 1127 1429 1177 τοῦ
1463 1126 1695 1192 Πατρός.
1737 1143 1755 1175 ι

248 1213 309 1266 Ὀ
342 1215 506 1275 αὐτὸς
538 1217 593 1268 ἐν
623 1216 700 1284 τῷ
731 1213 783 1281 ς’
819 1217 927 1269 τῶν
962 1218 1098 1287 πρὸς
1139 1217 1401 1286 Ἑρμείαν
1423 1234 1436 1247 ·
1478 1237 1495 1266 ι
1526 1216 1649 1269 Ὀτι
1705 1216 1759 1267 δὲ

190 1307 249 1357 τὸ
279 1306 372 1358 τοῦ
403 1308 610 1375 Πατρὸς
659 1308 886 1378 Πνεῦμα
935 1310 1158 1379 Πνεῦμα
1205 1312 1321 1361 ἔστι
1356 1308 1451 1362 τοῦ
1483 1306 1638 1365 Υίοῦ,
1666 1306 1763 1358 αὐ-

192 1398 282 1457 τὸς
325 1414 387 1449 σε
435 1398 507 1450 δι’
553 1400 753 1453 ἑαυτοῦ
812 1402 1238 1469 μυσταγωγήσει
1294 1400 1467 1467 λέγων
1527 1415 1540 1431 ’
1591 1397 1761 1450 Ὅταν

191 1487 319 1555 ἔλθῃ
368 1490 399 1539 δ
434 1490 806 1557 Παράκλητος,
828 1491 888 1543 ὃν
917 1490 1029 1558 ἐγὼ
1076 1491 1281 1560 πέμψω
1312 1491 1441 1557 ὑμῖν
1466 1489 1619 1558 παρὰ
1668 1487 1761 1539 τοῦ

192 1580 409 1648 Πατρὶς
453 1581 512 1631 τὸ
541 1581 766 1650 Πνεῦμα
797 1584 895 1651 τῆς
926 1584 1203 1652 ἀληθείας,
1255 1584 1284 1636 δ
1328 1584 1479 1653 παρᾶ
1520 1582 1615 1634 τοῦ
1652 1583 1764 1633 Πα-

192 1671 320 1737 τρδς
401 1674 796 1739 ἐκπορεύεται,
876 1678 1105 1738 ἐκεῖνος,
1159 1676 1344 1744 φησὶν,
1416 1676 1761 1743 μαρτυρήσει

1600 379 1772 439 EPIG
1788 380 2084 439 ΠΑΡΠΕ.

1620 498 1749 549 ὅταν
1783 501 1825 555 Α
1856 499 1947 552 sed
2004 512 2111 549 non
2159 493 2388 564 potestis
2435 500 2654 560 portare
2710 489 2873 544 modo
2923 486 3191 558 :quando
3246 496 3424 540 autem

3321 376 3427 439 670

1864 590 2042 642 veniet
2068 589 2156 641 ille
2186 587 2423 655 Spiritus
2448 584 2717 647 veritatis,
2743 584 2964 636 inducet
2998 594 3095 634 vos
3130 580 3184 633 in
3207 593 3424 632 omnem

1861 681 2169 734 veritatem.
2229 677 2346 731 Non
2395 677 2539 730 enim
2597 677 2851 741 loquetur
2897 687 2927 725 a
2987 671 3327 738 semetipso,
3374 678 3426 720 rt

1862 782 2088 825 ventura
2123 768 2464 822 annuntiabit
2489 766 2644 821 vobis
2671 766 2737 819 ³⁸.
2792 764 2929 817 Num
2988 761 3087 816 tibi
3136 770 3279 830 patet
3330 760 3426 812 ad-

1863 866 2084 916 ductum
2148 860 2449 927 eloquium,
2501 867 2555 913 et
2612 856 2893 925 aspexisti,
2954 852 3100 923 quod
3158 850 3420 919 Spiritum

1861 955 2082 1022 quidem
2151 953 2398 1007 veritatis
2464 949 2764 1004 nominavit
2836 942 3217 998 Paracletum?
3280 939 3428 992 Dixit

1860 1048 2022 1096 etiam
2047 1058 2169 1096 eum
2202 1040 2495 1112 procedere
2532 1055 2599 1092 ex
2628 1038 2810 1100 Patre,
2841 1034 3056 1104 propria
3099 1048 3197 1087 sua
3240 1030 3426 1086 omnia

1863 1138 2181 1195 ostendens,
2216 1148 2339 1203 qua:
2366 1132 2546 1186 Patris
2581 1138 2729 1184 sunt.
2767 1147 2786 1179 ι

1936 1222 2079 1277 Idem
2123 1223 2267 1276 libro
2318 1237 2371 1275 νι
2404 1222 2467 1275 ad
2506 1220 2807 1283 IIermiam,
2841 1216 3018 1286 inquit
3050 1230 3064 1265 :
3106 1232 3125 1264 ι
3162 1212 3424 1281 Spiritum

1862 1326 2040 1370 autem
2104 1314 2282 1369 Patris
2343 1313 2607 1381 Spiritum
2662 1324 2878 1379 quoque
2934 1307 3054 1361 Filii
3117 1319 3261 1367 esse,
3315 1305 3429 1371 ipse

1862 1420 1916 1464 te
1973 1426 2067 1479 per
2118 1408 2467 1477 semetipsum
2519 1404 2772 1460 docebit:
2830 1402 2965 1457 Cum
3021 1400 3204 1465 itaque
3271 1410 3430 1447 vene-

1863 1504 1935 1558 rit
1989 1502 2300 1555 Paracletus
2368 1513 2529 1569 quem
2601 1511 2702 1565 ego
2760 1496 2972 1548 mittam
3033 1490 3189 1543 vobis
3246 1502 3277 1541 a
3332 1484 3432 1538 Pa-

1866 1605 1980 1659 tre,
2036 1593 2302 1663 Spiritum
2368 1590 2653 1650 veritatis,
2711 1588 2801 1656 qui
2856 1601 2883 1637 a
2940 1585 3103 1637 Patre
3141 1576 3434 1658 procedit.

1866 1686 1974 1748 ille,
2032 1686 2128 1744 ait.
2192 1682 2566 1737 testimonium
2614 1677 2920 1748 perliibebit
2966 1675 3032 1727 de
3088 1687 3196 1726 me.
3262 1668 3435 1721 Audis

193 1764 323 1830 περὶ
352 1765 511 1828 ἐμοῦ.
540 1766 735 1835 Συνὶης
773 1766 868 1819 οὖν
888 1768 1036 1830 ὅπως
1066 1767 1140 1830 ὡς
1168 1769 1301 1820 ῐδιον
1359 1767 1757 1833 ἐπαγγέλλεται

1812 1828 1828 1845 _
1866 1777 2045 1845 itaque
2088 1790 2323 1843 quanam
2372 1774 2583 1826 ratione
2635 1770 2711 1822 uti
2753 1766 3034 1836 pr0prium
3080 1763 3291 1816 mittere
3333 1772 3434 1811 no-

192 1852 590 1919 καταπέμψειν
618 1856 751 1922 ἡμῖν
779 1856 841 1907 τὸ
894 1857 959 1907 ἐκ
992 1855 1086 1908 τοῦ
1138 1856 1375 1927 Πατρὸς,
1405 1856 1498 1908 καὶ
1534 1855 1759 1925 Πνεῦμα

196 1941 294 2008 μὲν
324 1942 585 2009 ἀληθείας
613 1945 899 2007 ἀποκαλεῖ,
930 1945 1249 2015 προχεῖσθαί
1280 1963 1342 2013 γε
1376 1947 1482 2016 μὴν
1509 1945 1569 2010 ἐξ
1594 1945 1762 1998 αὐτοῦ

194 2031 488 2100 διωρίσατο
508 2034 601 2085 τοῦ
626 2036 869 2104 Πατρδς,
905 2036 1002 2089 καὶ
1041 2037 1148 2108 μὴν
1179 2038 1261 2090 ὅτι
1297 2038 1391 2089 καὶ
1421 2039 1763 2106 μαρτυρήσει

194 2125 325 2193 περὶ
358 2123 527 2176 αὐτοῦ
558 2142 663 2196 προ
671 2144 735 2195 με
744 2129 984 2199 μήνυκεν
1006 2146 1021 2195 ;

280 2318 344 2368 '0
374 2318 539 2381 αὐτὸς
565 2320 624 2371 ὲν
656 2320 729 2390 τῷ
755 2320 888 2390 πρὸς
942 2322 1213 2391 μοναστὰς
1243 2323 1386 2393 λόγῳ
1418 2323 1604 2386 αὐτοῦ,
1635 2317 1696 2377 οὐ
1732 2326 1765 2393 ἡ

197 2408 364 2477 ἀρχὴ,
434 2428 453 2460 ι
490 2409 563 2462 Τὸ
589 2410 888 2481 φιλομαθὲς
916 2413 1011 2465 καὶ
1043 2412 1326 2479 φιλόπονον
1368 2413 1465 2482 τῆς
1495 2415 1766 2481 ὑμετέρας

199 2502 420 2568 ἀγάπης
445 2502 593 2566 ἄξιον
625 2498 767 2556 εἷναί
805 2522 948 2573 φημι
991 2504 1086 2557 τοῦ
1114 2506 1313 2569 παντὸς
1346 2505 1527 2573 λόγου,
1566 2525 1583 2557 ι
1634 2506 1770 2574 μετὰ

200 2593 374 2645 πολλὰ
411 2594 577 2664 ἕτερά
602 2611 768 2663 φησιν
793 2609 808 2624 ⁸
845 2614 863 2645 ι
916 2596 990 2648 Τὸ
1042 2596 1267 2666 Πνεῦμα
1302 2599 1586 2665 προχεῖται
1642 2597 1764 2665 μὲν,

200 2686 369 2755 ἤγουν
398 2688 755 2756 ἐκπορεύεται
772 2687 1023 2757 καθάπερ
1048 2687 1155 2740 ἀπὸ
1186 2688 1367 2756 πηγῆς
1387 2687 1479 2739 τοῦ
1510 2682 1646 2739 Θεοῦ
1668 2689 1761 2739 καὶ

203 2777 440 2846 Πατρδς,
484 2781 801 2847 χορηγεῖται
823 2779 880 2831 δὲ
907 2782 973 2851 τῇ
1002 2779 1184 2833 κτίσει
1218 2779 1308 2831 διὰ
1332 2779 1428 2831 τοῦ
1455 2780 1609 2833 Υἰοῦ.
1658 2799 1676 2830 ι

286 2869 348 2921 ’0
385 2869 556 2937 μέγας
600 2870 940 2937 Ἀθανάσιος,
967 2873 1026 2925 ὲν
1058 2866 1342 2943 ᾖποιεῖται
1374 2873 1609 2936 διαλέξει
1649 2874 1773 2942 ’ορ⁶

1865 1844 1992 1927 bis,
2051 1864 2141 1931 qui
2188 1878 2251 1916 ex
2298 1864 2456 1915 Patre
2509 1868 2631 1922 est,
2690 1856 2953 1925 Spiritum
3005 1848 3306 1921 promittit?
3370 1844 3436 1898 Iit

1867 1955 2131 2024 Spiritum
2165 1951 2382 2019 quidem
2436 1947 2681 2002 veritatis
2733 1945 3000 2002 nominat.
3056 1936 3260 1993 eII'undi
3306 1950 3437 1986 Vero

1863 2062 1989 2103 eum
2037 2062 2100 2098 ex
2144 2044 2264 2111 ipso
2311 2043 2465 2095 Patre
2510 2039 2861 2096 determinat,
2909 2043 2961 2085 et
3013 2039 3269 2100 praeterea
3312 2038 3434 2075 eum

1866 2143 1934 2197 de
1980 2138 2272 2206 semetipso
2318 2131 2695 2188 testimonium
2738 2125 3137 2196 pcrltibiturum
3174 2131 3434 2187 praenun-

1870 2234 2041 2289 tiavit.
2086 2251 2105 2281 ι

1938 2325 2082 2379 Idem
2114 2322 2361 2377 oratione
2390 2319 2456 2371 ad
2495 2314 2815 2375 monachos,
2847 2323 2967 2377 quae
2999 2305 3189 2372 incipit
3216 2319 3230 2354 :
3270 2320 3288 2352 ι
3326 2298 3431 2351 Ve-

1869 2426 1997 2473 stra:
2027 2413 2337 2467 dilectionis
2363 2407 2608 2463 discendi
2645 2403 2939 2471 cupiditas,
2979 2406 3034 2453 et
3085 2393 3289 2447 laboris
3324 2399 3439 2443 stu-

1868 2507 2016 2560 dium
2057 2505 2280 2573 dignum
2323 2516 2447 2557 esse
2485 2498 2633 2551 onmi
2669 2492 3109 2549 consideratione
3153 2492 3374 2552 reputo,
3415 2497 3433 2528 ι

1870 2607 1997 2669 post
2056 2596 2224 2650 multa
2281 2594 2387 2647 alia
2441 2588 2679 2644 adnectit
2728 2604 2741 2640 :
2797 2602 2815 2632 I
2854 2580 3092 2649 Spiritus
3144 2573 3442 2629 ciiunditur

1869 2666 2114 2758 quidem,
2155 2684 2401 2756 procedit
2455 2681 2685 2739 scilicet,
2742 2676 2817 2729 uti
2886 2689 2951 2728 ex
3016 2669 3163 2723 fonte
3226 2666 3335 2718 Deo
3388 2669 3442 2715 et

1872 2783 2057 2841 Patre.
2107 2778 2485 2847 suppeditatur
2524 2786 2654 2825 vero
2702 2766 2969 2823 creaturis
3017 2777 3110 2831 per
3159 2758 3379 2812 Filium.
3418 2773 3436 2803 ι

1946 2874 2167 2942 Magnus
2202 2868 2536 2923 Athanasius
2587 2864 2642 2915 in
2673 2859 2949 2928 colloquio
2984 2850 3286 2909 Ortltodoxi
3318 2861 3442 2901 cum

204 2959 421 3024 θοδόξου
451 2965 545 3013 καὶ
571 2962 1004 3027 Μακεδονιανοῦ,
1031 2941 1163 3034 «pqu
1207 2981 1223 2996 ·
1266 2982 1286 3015 ι
1321 2966 1414 3026 Μὴ
1444 2965 1655 3032 γένοιτό
1682 2941 1761 3034 μοι

1874 2941 2287 3024 Macedoniam,
2324 2958 2457 3012 dicit
2490 2974 2504 3009 :
2544 2973 2562 3006 ι
2600 2953 2756 3007 Absit
2797 2960 2858 3003 ut
2888 2948 3067 3001 dicam
3090 2941 3293 3012 aliquid
3325 2952 3447 2993 csse

206 3053 386 3103 εἰπεῖν
415 3052 706 3120 ἑπίκτητὸν
734 3071 784 3105 τι
814 3053 907 3105 ἐπὶ
924 3054 1017 3106 τοῦ
1049 3054 1387 3123 Πνεῦματος.
1413 3052 1553 3109 Οῦτε
1577 3056 1686 3125 γὰρ
1710 3057 1761 3108 τί

1876 3058 2209 3113 ιιιιενὶιὶιίιιιη
2264 3058 2317 3107 in
2366 3052 2573 3121 Spiritu
2621 3058 2833 3103 sancto.
2884 3041 3072 3111 Neque
3120 3039 3264 3094 enim
3321 3052 3446 3091 san-

209 3142 385 3209 Ξιγιον,
412 3142 534 3195 οὔτε
566 3142 627 3195 τὸ
658 3144 954 3215 ἄφθαρτον,
980 3146 1108 3199 οὐτε
1132 3148 1193 3199 τὸ
1232 3147 1523 3211 ἀθάνατον,
1561 3146 1686 3201 οὐτε
1714 3148 1761 3202 τί

1812 3160 2053 3223 cetum,
2120 3160 2297 3214 neque
2360 3138 2797 3208 incorruptibile,
2875 3148 3051 3198 neque
3114 3127 3444 3188 immortale,

210 3238 438 3304 ἀγαθὸν,
471 3240 594 3292 οῦτε
620 3238 748 3292 ἄλλο
787 3258 839 3292 τι
862 3237 970 3293 τῶν
998 3239 1127 3309 περὶ
1152 3240 1245 3292 τὸν
1265 3240 1417 3309 ⁵Θεὸν
1463 3240 1776 3310 θεωρουμέ-

208 3350 314 3384 νων
372 3333 518 3399 λέγω
553 3328 693 3386 εἶναι
734 3334 1034 3402 ἐπίκτητον
1088 3331 1183 3385 τοῦ
1223 3333 1379 3398 ἁγίου
1433 3330 1772 3400 Πνεύματος,

210 3424 344 3475 ἀλλὰ
370 3425 532 3490 φύσει
558 3424 736 3491 ἅγιον,
774 3423 936 3491 φύσει
956 3423 1254 3492 ἄφθαρτον,
1287 3423 1362 3486 ὡς
1391 3421 1617 3492 Πνεῦμα
1643 3420 1778 3475 Θεοῦ

212 3518 302 3569 καὶ
344 3516 407 3581 ὲξ
440 3515 606 3568 αὐτοῦ
647 3516 917 3587 πηγάζον,
956 3516 1131 3569 είτουν
1155 3515 1609 3586 ἐκπορευόμενον.
1646 3532 1667 3567 :

287 3608 351 3660 '0
378 3609 532 3671 ἅγιος
556 3608 823 3675 Κῦριλλος
840 3610 897 3660 ὲν
925 3608 1007 3662 ἐνὶ
1024 3609 1132 3660 τῶν
1164 3607 1474 3675 κεφαλαίων
1495 3606 1586 3659 τοῦ
1610 3606 1653 3675 β’
1674 3606 1780 3659 τῶν

214 3700 521 3769 Θησαυρῶν
568 3715 771 3768 φησιν·
812 3717 830 3749 ι
887 3701 1000 3768 Οὐχ
1029 3698 1221 3761 οὕτως,
1276 3694 1321 3752 ὧ
1367 3699 1658 3768 βέλτιστοι,
1713 3699 1783 3751 τὰ

216 3793 396 3845 πάντα
428 3793 608 3860 φαμὲν
636 3794 700 3844 ἐκ
730 3791 823 3844 τοῦ
848 3791 1007 3855 Θεοῦ,
1037 3791 1290 3861 καθάπερ
1316 3792 1411 3845 καὶ
1440 3792 1502 3843 τὸ
1536 3790 1779 3858 Πνεῦμα.

213 3883 284 3935 To
315 3882 419 3952 μὲν
442 3883 551 3951 γάρ
580 3886 696 3933 ἐστι
724 3882 965 3948 φυσικῶς
1010 3881 1316 3953 ἐνυπάρχον
1371 3883 1466 3935 καὶ
1510 3881 1782 3943 οὐσιωδῶς

216 3974 567 4043 ἐμπεπηγὸς,
600 3972 668 4026 ἶν’
703 3972 875 4036 οὕτως
926 3974 1190 4042 εἴπωμεν,
1242 3972 1336 4026 καὶ
1386 3973 1696 4042 ἀμερίστως
1725 3971 1783 4036 ἐξ

215 4066 385 4118 αὐτοῦ
439 4066 647 4131 προϊὸν,
692 4065 762 4119 τὰ
809 4064 867 4117 δὲ
912 4065 1013 4133 τῆς
1057 4063 1337 4133 ἐνεργείας
1382 4065 1520 4133 ἔργα
1542 4063 1639 4117 καὶ
1668 4081 1787 4115 ποι-

220 4159 439 4225 quau.

288 4250 403 4303 Καὶ
455 4249 615 4301 πάλιν
648 4250 705 4301 ὲν
738 4248 881 4317 ἄλλῳ
906 4261 922 4276 ⁸
959 4266 979 4301 ι
1037 4248 1114 4301 Οὐ
1155 4247 1435 4317 διώρισται
1473 4247 1571 4315 τῆς
1601 4247 1788 4309 οὐσίας

219 4344 319 4408 τῆς
350 4339 527 4403 θείας,
566 4338 679 4391 ἀλλ’
730 4336 789 4401 ὲξ
821 4338 991 4407 αὐτῆς
1043 4337 1289 4407 φυσικῶς
1322 4336 1786 4404 νὲκπεμπόμενον,

220 4432 347 4501 ὅλην
393 4430 507 4499 ἔχει
556 4428 648 4482 τοῦ
685 4430 897 4499 Πατρὸς
936 4431 1031 4482 καὶ
1076 4427 1206 4480 Υἱοῦ
1233 4427 1331 4497 τὴν
1362 4428 1659 4491 ἐνέργειαν.

291 4525 400 4576 Kal.
418 4523 579 4574 πάλιν
607 4525 663 4574 ὲν
684 4522 826 4590 ἄλλῳ
844 4536 859 4549 '
882 4539 900 4571 ι
924 4519 1083 4572 Ἀλλὰ
1107 4521 1253 4589 μενεῖ
1281 4519 1377 4587 μὲν
1406 4517 1557 4585 αὐτῷ
1577 4515 1784 4585 κυρίως

223 4618 282 4667 τὸ
319 4614 380 4677 ἐξ
410 4607 494 4673 οὗ,
519 4613 608 4665 διὰ
641 4614 702 4663 τὸ
736 4614 797 4663 ὲκ
826 4612 922 4680 τῆς
958 4610 1147 4673 οὐσίας
1181 4605 1323 4661 sitat
1351 4608 1445 4661 ⁶τοῦ
1478 4606 1711 4674 Πατρός.
1749 4624 1769 4655 ι

300 4706 411 4758 Καὶ
438 4704 600 4756 πάλιν
617 4698 675 4756 εν
691 4702 834 4771 ἄλλῳ
859 4718 873 4732 ·
904 4701 1205 4771 (Πρόδηλον
1227 4702 1311 4753 ὅτι
1334 4700 1431 4768 τῆς
1453 4697 1603 4759 θείας
1631 4695 1777 4747 ἐστὶν

225 4798 434 4863 οὐσίας,
475 4794 749 4858 οὐσιωδῶς
779 4796 838 4848 ιν
877 4795 1036 4863 αὐτῆ,
1079 4794 1173 4846 καὶ
1220 4793 1279 4858 ἐξ
1310 4791 1480 4862 αὐτῆς
1508 4790 1719 4860 προῖόν.
1767 4806 1786 4837 ι

298 4986 410 5040 Καὶ
437 4984 601 5039 πάλιν
625 4986 684 5038 ὲν
712 4983 855 5053 ἄλλῳ
877 4999 891 5013 ο
926 5000 945 5034 ι
997 4980 1128 5033 Ὀτε
1151 4978 1331 5032 τοίνυν
1369 4977 1431 5031 τδ
1459 4976 1683 5041 Πνεῦμα
1727 4976 1789 5026 τὸ

229 5076 405 5145 ἅγιον,
430 5078 491 5129 ὲν
512 5076 647 5144 ἡμῖν
674 5073 987 5142 γενόμενον,
1008 5070 1368 5141 συμμόρφους
1392 5068 1540 5137 ἡμᾶς
1568 5065 1792 5119 ἀποδει-

232 5168 383 5221 κνύει
417 5167 578 5229 Θεοῦ,
604 5166 821 5235 πρόεισι
849 5164 905 5216 δὲ
925 5163 1021 5215 κα)⁵
1046 5164 1108 5214 ἐκ
1129 5160 1340 5231 Πατρὸς
1359 5160 1452 5212 καὶ
1477 5156 1633 5221 Υίοῦ,
1660 5156 1797 5224 πρό-

231 5261 389 5327 δηλον
418 5260 502 5311 ὅτι
538 5257 641 5327 τῆς
673 5257 822 5318 θείας
856 5255 1006 5308 ἐστὶν
1035 5254 1225 5316 οὐσίας
1251 5250 1529 5312 οὐσιωδῶς
1563 5250 1623 5302 ὲν
1656 5248 1791 5317 αὐτῇ

233 5352 327 5406 καὶ
353 5351 414 5414 ἐξ
444 5349 612 5418 αὐτῆς
642 5348 851 5417 προῖόν.
892 5365 912 5398 ι

309 5443 372 5495 '0
399 5441 565 5502 αὐτὸς
595 5441 654 5492 ὲν
680 5439 759 5508 τῷ
787 5436 923 5506 πρὸς
951 5436 1245 5503 Νεστόριον
1265 5434 1411 5504 λόγῳ
1433 5435 1606 5502 φησιν
1631 5448 1643 5462 ·
1680 5448 1698 5481 ι
1737 5429 1796 5481 Εἰ

239 5535 349 5603 γὰρ
376 5534 473 5587 καὶ
496 5533 645 5586 ἐστιν
669 5536 729 5585 ὲν
755 5530 1052 5585 ὑποστάσει
1081 5528 1144 5581 τὸ
1179 5526 1402 5595 Πνεῦμα
1445 5525 1611 5594 ίδικῇ,
1663 5521 1796 5575 καθὸ

238 5624 464 5693 Πνεῦμά
488 5624 628 5691 ἐστι,
653 5622 749 5676 καὶ
769 5623 869 5693 οὐχ
898 5622 1024 5685 Υίὸς
1046 5637 1062 5653 ·
1103 5619 1217 5674 ἀλλ’
1248 5617 1340 5672 οῦν
1394 5617 1542 5671 ἔστιν
1579 5617 1677 5670 οὐκ
1707 5614 1799 5667 ἁλ-

309 5781 352 5815 ³⁸
377 5782 535 5838 Joan.
571 5798 682 5848 xvi,
715 5778 803 5847 I2,
836 5779 921 5832 15.

1882 3252 2058 3306 neque
2094 3236 2319 3296 bonum,
2359 3244 2535 3298 neque
2576 3225 2776 3295 aliquid
2828 3222 2971 3277 aliud
3005 3236 3073 3275 ex
3104 3220 3246 3273 circa
3283 3217 3448 3269 Deum

1878 3302 2205 3382 examinatis
2250 3321 2371 3374 dico
2420 3330 2544 3370 esse
2588 3311 2923 3368 adscititium
2984 3306 3154 3362 sancti
3192 3302 3451 3372 Spiritus,

1884 3420 1976 3472 sed
2026 3425 2219 3470 natura
2251 3420 2527 3471 sanctum,
2566 3415 2760 3461 natura
2811 3397 3228 3468 iucorruptibile
3262 3404 3345 3449 est
3374 3392 3449 3446 uti

1882 3509 2111 3578 spiritus
2143 3502 2359 3558 Domini
2388 3516 2451 3555 ex
2484 3501 2599 3569 ipso
2616 3497 2895 3555 exsilicns.
2934 3493 3047 3547 sive
3078 3488 3397 3558 procedens.
3426 3504 3444 3534 ι

1958 3600 2192 3653 Sanctus
2233 3593 2470 3665 Cyrillus
2518 3592 2573 3644 in
2626 3603 2737 3641 uno
2776 3601 2841 3641 ex
2885 3581 3157 3652 capitibus
3194 3578 3318 3632 libri
3369 3591 3456 3629 se-

1884 3689 2046 3745 cundi
2103 3686 2552 3743 Thesaurorum,
2618 3677 2695 3731 ait
2746 3692 2821 3730 ει
2862 3672 2978 3726 Νοη
3040 3670 3141 3723 hac
3200 3666 3452 3725 ratione,

1884 3795 1917 3835 ο
1949 3777 2164 3846 optimi,
2198 3773 2382 3829 omnia
2423 3770 2654 3825 dicimus
2706 3782 2769 3820 ex
2827 3764 2960 3829 Deo,
2996 3756 3452 3827 quemadmodum

1886 3882 1941 3927 et
1991 3869 2279 3938 Spiritum.
2334 3862 2577 3932 Spiritus
2625 3872 2771 3913 entm
2819 3852 3143 3909 naturaliter
3191 3849 3354 3909 inest,
3404 3855 3453 3899 et

1887 3936 2256 4015 essentialiter
2291 3954 2494 4008 inﬁxus
2525 3958 2630 4010 est,
2663 3958 2722 4001 ut
2756 3946 2830 4000 ita
2864 3943 3131 4004 dicamus,
3163 3948 3218 3992 et
3259 3936 3447 3990 indivi-

1889 4052 2119 4106 sibiliter
2149 4061 2215 4101 ex
2245 4045 2336 4098 illo
2368 4048 2697 4113 promanat;
2733 4036 2850 4090 haec
2886 4043 3067 4087 autem
3118 4038 3246 4084 sunt
3287 4025 3452 4081 actio-

1890 4146 1979 4198 nis
2004 4153 2171 4208 opera
2202 4145 2255 4190 et
2284 4145 2573 4189 creaturae.
2614 4148 2632 4180 ι

1962 4234 2030 4289 Et
2063 4242 2257 4285 rursus
2288 4226 2343 4280 in
2372 4224 2480 4279 alio
2507 4239 2520 4277 :
2557 4241 2575 4273 ι
2612 4218 2729 4273 Non
2776 4223 3064 4285 separatur
3103 4228 3133 4267 ι
3161 4209 3339 4266 divina
3372 4223 3455 4262 es-

1892 4324 2088 4385 sentia,
2124 4330 2178 4375 et
2222 4334 2288 4372 ex
2325 4316 2413 4370 illa
2464 4310 2786 4367 naturaliter
2820 4305 3105 4375 egrediens
3148 4302 3457 4354 universam

1896 4419 1950 4471 iu
1988 4432 2047 4469 se
2080 4411 2260 4466 Patris
2292 4419 2346 4462 et
2375 4407 2537 4459 etiam
2569 4401 2689 4455 Filii
2720 4400 2989 4453 actionem
3029 4394 3291 4449 continet.
3329 4409 3347 4441 ι

1812 4494 1867 4555 Ῑ)
1962 4509 2106 4563 Idem
2160 4506 2216 4556 in
2252 4501 2359 4555 alio
2396 4516 2411 4551 :
2449 4516 2467 4547 ι
2502 4494 2609 4549 Sed
2667 4490 2906 4546 manebit
2960 4489 3015 4540 in
3051 4488 3169 4551 ipso
3206 4482 3340 4536 illud
3388 4497 3452 4535 ex

1896 4615 2025 4671 quo.
2054 4594 2201 4666 quod
2232 4608 2297 4646 ex
2324 4589 2503 4643 Patris
2532 4584 2767 4640 essentia
2797 4591 2901 4635 est.
2946 4597 2965 4631 ι

1969 4691 2208 4756 Itemque
2254 4684 2306 4736 in
2341 4682 2491 4733 alio:
2531 4697 2550 4728 ι
2578 4674 2931 4730 manifestum
2984 4677 3068 4723 est
3094 4667 3291 4720 divinae
3342 4679 3457 4717 esse

1895 4781 2147 4838 essentia:
2197 4771 2567 4830 essentialiter
2602 4769 2655 4821 in
2709 4767 2850 4836 ipsa,
2887 4773 2943 4817 et
2989 4778 3055 4815 ex
3087 4762 3207 4830 ipsa
3243 4770 3456 4827 progre-

1897 4874 2075 4927 diens.
2116 4888 2135 4920 ι

1969 4964 2297 5027 Rursusque
2330 4955 2383 5009 in
2419 4951 2527 5006 alio
2560 4969 2575 5005 :
2611 4968 2628 5000 ‹
2668 4947 2804 5001 Cum
2840 4945 3023 5012 itaque
3050 4941 3287 5010 Spiritus
3331 4952 3461 4991 san-

1901 5068 2021 5112 ctus
2057 5053 2126 5105 ad
2160 5064 2260 5103 nos
2290 5044 2557 5101 accedens
2592 5040 2903 5095 coniormes
2928 5050 3029 5088 nos
3062 5034 3172 5087 Deo
3206 5030 3462 5084 ostende-

1902 5150 1993 5210 rit,
2024 5140 2365 5213 progreditur
2396 5149 2523 5189 vero
2555 5147 2618 5185 ex
2654 5130 2811 5183 Patre
2844 5138 2898 5181 et
2926 5124 3081 5185 Filio,
3115 5120 3461 5176 manifestum

1901 5251 1985 5292 est
2028 5212 2182 5289 illum
2235 5229 2433 5283 divina:
2479 5223 2735 5279 essentia:
2784 5234 2928 5281 esse,
2983 5214 3347 5271 essentialiter
3409 5212 3463 5265 in

1905 5332 2019 5397 ipsa
2047 5334 2099 5379 et
2127 5339 2191 5377 ex
2223 5322 2338 5388 ipsa
2371 5320 2807 5388 promanantem.
2848 5330 2866 5360 ι

1976 5421 2122 5472 Idem
2168 5414 2416 5469 oratione
2468 5408 2535 5462 ad
2570 5405 2881 5459 Nestorium
2915 5402 2991 5454 ait
3023 5416 3035 5452 :
3076 5417 3095 5450 ι
3127 5397 3279 5452 Licet
3319 5396 3463 5451 enim

1909 5511 2143 5581 Spiritus
2195 5507 2247 5559 iu
2301 5502 2514 5573 propria
2566 5495 2841 5568 Ityposlasi
2880 5495 2949 5547 sit
2993 5507 3053 5545 ea
3089 5492 3322 5553 ratione,
3357 5505 3464 5558 qua

1907 5610 2140 5679 Spiritus
2166 5614 2269 5669 est,
2305 5612 2358 5658 ct
2386 5617 2489 5655 non
2526 5597 2715 5660 Filius,
2746 5609 2850 5648 nou
2884 5592 3005 5647 ideo
3040 5600 3220 5646 tamen
3256 5588 3467 5642 alienus
