4202 6454
704 358 806 426 671

1737 360 1947 421 JOAN.
1989 359 2199 419 \‘ECCI
2243 359 2350 420 CP.
2392 358 2901 419 PATRIARCH£

3841 361 3966 426 672

708 492 787 539 est
822 481 892 537 ab
921 495 1010 537 eo.
1053 477 1361 535 Ell‘unditur
1387 476 1533 533 enim
1564 476 1633 532 ab
1666 477 1810 548 ipso,
1842 476 1920 531 uti
1952 474 2200 546 profecto
2230 484 2282 530 et

2402 474 2595 545 ιότριον
2634 474 2825 528 αὐτοῦ.
2868 474 3157 543 Προχεῖται
3188 473 3242 526 δέ
3293 491 3406 541 παρ
3471 475 3662 542 αὐτοῦ,
3711 476 3975 547 καθάπερ

708 590 775 629 ex
807 572 918 627 Deo
940 581 995 626 et
1021 572 1199 626 Patre.
1236 588 1254 622 ι

785 664 1014 733 Magnus
1046 661 1291 717 Basilius
1326 663 1379 715 in
1413 676 1523 716 uno
1567 660 1746 731 capite
1793 660 1916 714 libri
1945 661 2123 729 quarti
2160 674 2287 713 con-

711 768 800 812 tra
835 755 1161 809 Eunomium
1200 770 1216 808 :
1251 772 1271 806 ι
1309 752 1496 822 Neque
1524 751 1671 807 enim
1706 752 1888 806 minus
1918 751 2122 820 aliquid
2155 765 2287 804 con-

712 862 1030 918 sequemur,
1058 860 1184 897 eum
1209 845 1593 914 cognoscimus
1618 843 1883 910 Spiritum
1914 858 1979 897 ex
2006 843 2116 896 Deo
2139 857 2283 906 esse,

715 937 981 1007 Spiritum
1018 936 1133 989 oris
1182 935 1331 989 illius
1382 934 1535 988 illttm
1572 933 1882 988 audientes.
1935 932 2003 987 Et
2037 932 2141 988 hoc
2186 948 2289 986 no-

713 1041 839 1080 tuen
885 1025 1020 1079 satis
1057 1025 1270 1080 abunde
1309 1024 1553 1078 ostendit
1600 1024 1976 1079 exsistentiam
2010 1024 2181 1092 ipsius
2220 1040 2287 1079 ex

713 1116 847 1172 Deo.
909 1114 1096 1187 Neque
1150 1114 1361 1181 Filius,
1429 1129 1607 1185 neque
1662 1113 1946 1181 generatio
2008 1115 2288 1184 proprium

715 1209 939 1264 dsitatis
985 1216 1090 1271 est,
1133 1206 1227 1263 sed
1261 1222 1327 1261 ex
1382 1207 1621 1261 humana
1662 1207 2019 1262 similitudine
2065 1208 2290 1261 desum-

712 1311 866 1371 ptum
906 1306 994 1379 est
1026 1315 1038 1353 :
1074 1298 1241 1353 simili
1288 1299 1499 1353 ratione
1532 1308 1588 1354 et
1629 1298 1874 1370 Spiritus
1920 1298 2230 1366 appellatio.
2264 1317 2285 1351 ι

783 1481 933 1561 Idem
984 1483 1039 1536 in
1086 1481 1277 1537 eodem
1302 1481 1444 1537 libro
1479 1501 1494 1537 :
1534 1499 1553 1535 ι
1588 1482 1692 1549 Qui
1726 1482 1990 1553 Spiritum
2028 1498 2057 1537 a
2093 1484 2292 1539 divini-

712 1585 827 1631 tate
875 1583 1112 1644 scpacat,
1144 1591 1329 1630 rerum
1375 1576 1642 1631 factarum
1680 1576 2073 1647 perfectionem
2105 1587 2293 1634 sustu-.

715 1668 801 1723 lit.
850 1666 1158 1721 Emissione
1216 1667 1363 1721 enim
1411 1676 1469 1723 et
1515 1668 1954 1749 suppeditatione
2014 1668 2290 1735 Spiritus.

2384 566 2578 635 ἀμέλει
2609 567 2699 618 καὶ
2725 567 2789 619 ἐκ
2818 565 2909 618 τοῦ
2931 565 3068 617 Θεοῦ
3098 567 3192 619 καὶ
3229 567 3458 636 Πατρός.
3504 586 3522 618 ι

2470 658 2528 711 '0
2562 660 2734 727 μέγας
2765 658 3047 721 Βασίλειος
3100 660 3159 710 ἐν
3189 659 3265 728 τῷ
3298 662 3419 711 κατ’
3453 661 3719 729 Εὐνομίου
3748 660 3787 714 δ’
3818 662 3973 732 λόγῳ

2385 749 2444 802 ἐν
2479 750 2558 801 ἐνὶ
2587 748 2697 800 τῶν
2729 746 3044 819 κεφαλαίων
3072 747 3237 817 φησίν
3258 765 3270 777 ο
3307 768 3325 797 ι
3362 747 3495 800 υὺδέ
3526 750 3634 818 γάρ
3663 749 3884 803 ἔλαττόν
3910 768 3973 804 τι

2385 842 2530 910 ἕξειν
2560 842 2827 912 μέλλομεν
2857 842 2940 904 είς
2988 842 3048 893 τὸ
3093 842 3384 910 γινώσκειν
3418 842 3479 895 τὸ
3517 842 3740 911 Πνεῦμα
3779 844 3970 912 Cratip-

2386 954 2504 1007 χειν
2542 939 2607 988 ἐκ
2627 933 2786 997 Θεοῦ,
2822 934 3047 1003 Πνεῦμα
3073 934 3165 987 τοῦ
3195 934 3460 1003 στόματος
3487 934 3650 987 αὑτοῦ
3677 936 3977 996 ἀκούοντες

2388 1025 2521 1079 αὑτό
2542 1042 2555 1057 ⁶
2590 1026 2706 1081 ἀλλ’
2730 1026 2915 1079 ἱκανὸν
2947 1025 3040 1077 καὶ
3092 1026 3251 1078 τοῦτο
3305 1028 3365 1078 τὸ
3392 1027 3564 1095 ὄνομα
3593 1027 3690 1096 τὴν
3723 1027 3974 1097 ὓπαρξιν

2388 1116 2555 1171 αὑτοῦ
2581 1116 2821 1188 δηλῶσαι
2859 1116 2965 1187 τὴν
2993 1117 3057 1169 ἐκ
3086 1115 3249 1171 Θεοῦ.
3285 1116 3411 1170 Οῦδῗ
3456 1118 3567 1180 υἱὸς
3622 1118 3733 1171 οὐδ’
3765 1122 3796 1188 ἡ
3842 1121 3963 1187 γέν-

2389 1228 2549 1281 νησις
2586 1211 2715 1263 ίδιον
2741 1211 2840 1278 τῆς
2871 1210 3147 1277 θεότητος,
3179 1208 3297 1263 ἀλλ’
3327 1211 3388 1274 ἐξ
3432 1211 3781 1281 ἀνθρωπίνης
3811 1212 3941 1280 όμοι
3961 1241 3979 1254 ο

2388 1304 2584 1371 ότητος
2614 1303 2852 1372 ἀνῆκται
2877 1318 2892 1333 ⁸
2927 1302 3128 1371 ὁμοίως
3185 1302 3242 1355 δὲ
3278 1304 3389 1356 καὶ-
3421 1304 3454 1372 ἡ
3500 1301 3593 1354 τοῦ
3650 1301 3978 1370 Πνεῦματος

2389 1396 2718 1467 πρόσρησις.
2763 1413 2782 1445 ι

2472 1487 2531 1539 '0
2560 1487 2722 1550 αὐτὸς
2765 1488 2823 1539 ἐν
2849 1485 3093 1557 τῷαύτῷ
3111 1486 3255 1558 λόγῳ
3283 1487 3447 1556 φησίν
3475 1504 3490 1519 ·
3520 1506 3539 1539 ι
3581 1488 3637 1540 Ὀ
3658 1486 3717 1538 τὸ
3742 1485 3976 1555 Πνεῦμα

2390 1579 2618 1650 διαιρῶν
2651 1579 2751 1648 τῆς
2779 1579 3036 1647 θεότητος
3069 1578 3167 1647 τὴν
3199 1578 3617 1649 τελεσιουργίαν
3641 1578 3752 1631 τῶν
3786 1594 3980 1631 ποιου-

2399 1671 2578 1741 μένων
2596 1671 2895 1739 ἀπέκοψεν.
2934 1670 3226 1742 Ἐκπομπῇ
3250 1671 3356 1741 γὰρ
3376 1672 3470 1725 καὶ
3488 1672 3769 1739 μεταδῦσει
3798 1671 3976 1723 Πνεῦ-

716 1774 841 1829 qttae
888 1759 1030 1814 liunt
1077 1759 1429 1823 eﬂiciuntur,
1482 1775 1591 1815 non
1648 1769 1891 1830 tempore
1949 1762 2294 1830 progreditur

2402 1779 2569 1832 ματος
2612 1761 2683 1815 τά
2706 1760 2969 1829 γινόμενα
3004 1762 3236 1830 γίνεται,
3264 1763 3363 1815 οὐκ
3418 1764 3475 1815 ἐν
3516 1762 3695 1835 χρόνῳ
3749 1764 3975 1832 πρόεισι

717 1852 865 1919 quod
923 1868 987 1906 ex
1048 1851 1159 1908 Deo
1225 1852 1607 1924 progreditur,
1662 1853 1793 1908 licet
1847 1863 2090 1924 tempore
2150 1852 2292 1908 facta

2402 1856 2454 1909 rb
2478 1856 2668 1924 προϊὸν
2707 1857 2770 1909 ἐκ
2800 1854 2962 1921 Θεοῦ,
2998 1856 3104 1908 κᾶν
3129 1857 3188 1908 ἐν
3218 1858 3396 1926 χρόνῳ
3420 1856 3519 1921 τὰς
3554 1858 3805 1928 ποιήσεις
3829 1856 3973 1909 hoc

716 1942 935 1997 eduraL
977 1961 997 1995 ι

794 2022 1026 2104 Magnus
1075 2034 1345 2090 Maximus
1400 2035 1453 2088 in
1503 2034 1779 2105 colloquio
1820 2032 2123 2089 Ortbodoxi
2168 2051 2292 2090 cum

722 2128 990 2183 Anomteo
1024 2128 1139 2182 sive
1172 2127 1475 2190 Arianista,
1510 2129 1587 2181 uti
1622 2142 1686 2181 ex
1722 2128 1991 2182 Auommo
2021 2128 2297 2182 contradi-

722 2228 879 2275 cente
929 2235 1025 2288 per
1071 2220 1558 2288 interrogationem
1608 2219 1771 2273 infert
1827 2238 1840 2273 :
1882 2219 2085 2272 Anom.
2126 2238 2144 2269 ι
2176 2215 2293 2272 Νοιι

723 2321 810 2368 est
857 2312 1024 2380 igitur
1075 2310 1369 2366 discrimen
1413 2311 1554 2366 inter
1592 2310 1830 2375 Patrem,
1875 2317 1931 2364 et
1975 2309 2194 2375 Filium,
2242 2317 2296 2363 et

726 2403 988 2473 Spiritum
1020 2400 1319 2457 sanctum?
1353 2421 1371 2455 ι
1405 2403 1637 2458 ()rthod.
1675 2422 1693 2454 ι
1724 2401 1780 2456 In
1809 2411 2028 2464 natura.
2062 2416 2170 2456 non
2196 2417 2211 2455 :
2240 2402 2294 2454 in

724 2497 1024 2561 voluntate,
1081 2509 1249 2549 non:
1293 2510 1417 2551 cum
1472 2504 1719 2566 generat,
1767 2504 1822 2549 et
1876 2502 2186 2561 generatur,
2245 2500 2299 2545 et

725 2588 951 2651 emittit,
982 2596 1038 2642 et
1073 2586 1342 2655 procedit,
1388 2595 1495 2641 est.
1531 2605 1549 2638 ι
1584 2585 1786 2640 Anom.
1826 2602 1844 2636 ι
1878 2581 2019 2648 Quid
2052 2596 2184 2635 vero
2210 2588 2298 2635 est

724 2690 1007 2748 generare,
1044 2684 1098 2729 et
1128 2676 1396 2745 generari,
1432 2686 1485 2730 et
1521 2676 1790 2737 emittere,
1826 2685 1878 2728 et
1914 2672 2238 2739 procedere?
2271 2689 2291 2724 ι

727 2768 964 2823 Ottbod.
1001 2785 1019 2819 ι
1054 2767 1207 2834 Quod
1255 2765 1419 2821 Pater
1466 2774 1713 2836 generat,
1748 2766 2024 2834 generavit
2063 2763 2295 2817 scilicet.

726 2858 900 2915 Filius
952 2859 1237 2929 gignitur:
1270 2867 1561 2928 generatus
1617 2866 1703 2912 est
1756 2857 1986 2910 scilicet.
2036 2853 2103 2907 Et
2154 2853 2297 2924 quod

727 2952 848 3020 ipse
898 2950 1060 3006 Pater
1101 2951 1304 3005 emittit
1355 2949 1618 3018 Spiritum
1646 2988 1661 3010 ,
1709 2949 1814 3002 hoc
1865 2957 1949 3001 est
1993 2945 2207 3010 emisit,
2247 2952 2301 2998 et

729 3042 970 3113 Spiritus
1002 3041 1269 3112 procedit,
1305 3041 1410 3096 hoc
1442 3054 1639 3109 nempe
1667 3036 1959 3107 processit.
1996 3053 2014 3086 ι

801 3230 1030 3301 Magnus
1056 3226 1295 3285 Basilius
1318 3226 1375 3282 in
1406 3226 1620 3283 decimo
1647 3233 1843 3282 octavo
1874 3225 2060 3297 capite
2078 3223 2146 3280 ad
2174 3222 2305 3280 Am~

731 3322 1065 3395 pliilochium
1099 3336 1226 3377 cum
1257 3320 1556 3389 prolixiore
1599 3333 1857 3375 sermone
1903 3318 2143 3389 Spiritus
2174 3332 2304 3387 erga

736 3415 953 3471 Patrem
998 3422 1054 3469 et
1102 3411 1305 3468 Filium
1361 3412 1807 3467 communionem
1855 3412 2305 3472 demonstrasset,

740 3510 857 3563 ltrec
885 3506 1034 3561 addit
1065 3522 1079 3558 :
1116 3525 1135 3558 ι
1178 3504 1284 3558 Sed
1320 3520 1421 3559 nec
1449 3504 1578 3558 hinc
1603 3504 1779 3558 solum
1809 3503 2073 3572 probatur
2100 3509 2310 3554 naturae

738 3598 1079 3662 communio,
1112 3612 1302 3651 verum
1338 3596 1485 3650 illinc
1513 3610 1731 3665 quoque
1757 3593 1903 3663 quod
1937 3608 2006 3647 ex
2036 3591 2149 3645 Deo
2191 3604 2310 3645 esse

735 3693 961 3754 dicitur,
989 3706 1101 3744 non
1133 3691 1215 3744 sic
1238 3705 1305 3744 ex
1336 3688 1447 3743 Deo
1476 3690 1722 3750 veniens,
1753 3683 2212 3755 quemadmodum
2244 3696 2311 3734 ex

740 3781 853 3837 Deo
883 3791 1012 3837 sunt
1042 3782 1251 3845 omnia,
1284 3795 1461 3849 neque
1488 3794 1584 3849 per
1607 3777 2014 3848 generationem
2044 3772 2311 3844 quemad-

741 3876 967 3929 modum
1018 3873 1216 3940 Filius,
1274 3873 1369 3928 sed
1421 3881 1680 3943 tanquam
1724 3870 1962 3940 Spiritus
2011 3868 2124 3923 oris
2173 3867 2311 3936 ejus.

744 3968 899 4024 Unde
930 3966 1011 4023 sic
1038 3966 1352 4022 declaratur
1392 3965 1542 4020 illius
1577 3964 1940 4029 consortium,
1979 3970 2040 4016 ut
2069 3958 2319 4016 ineffabi-

744 4062 812 4119 lis
844 4059 1093 4115 essentia:
1125 4058 1321 4113 modus
1348 4065 1617 4113 servetur.
1658 4076 1676 4110 ι

814 4242 1115 4313 Gregorius
1171 4239 1481 4310 Tbeologus
1550 4240 1801 4295 oratione
1861 4241 1928 4295 ad
1995 4237 2315 4294 lleronem:

746 4355 773 4389 α
812 4335 1181 4388 Uetcrtninato
1208 4347 1358 4397 vero,
1401 4341 1456 4385 et
1488 4341 1731 4386 nostram
1765 4333 2022 4402 pietatem
2060 4333 2318 4392 edocens,

749 4445 920 4485 unum
977 4428 1199 4497 quidem
1264 4426 1431 4479 Deum
1483 4424 1787 4493 ingenitum
1851 4438 2151 4492 agnoscere
2216 4420 2322 4475 Pa-

2392 1948 2540 2001 διδῶ.
2586 1968 2605 2000 ι

2527 1986 2540 2001 .
2586 1968 2605 2000 ι

2447 1950 2537 2092 δξιί)
2575 2040 2747 2109 μέγας
2783 2042 3057 2111 Μάξιμος,
3118 2044 3403 2115 Ἀνομοίου
3438 2043 3557 2113 ἦτοι
3601 2041 3977 2111 Ἀρειανιστοῦ

2398 2131 2714 2199 ἀντιλογίαν
2745 2134 2887 2202 μετὰ
2922 2136 3239 2204 Ὀρθοδὸξου
3263 2133 3731 2202 συγγραφόμενος.
3762 2131 3837 2193 ὡς
3864 2130 3980 2182 ἀπ’)

2348 2280 2351 2283 ,
2409 2224 2681 2294 Ἀνομοίου
2743 2228 2894 2294 φησί.
2946 2228 3065 2279 κατ’
3095 2228 3361 2298 ἐρώτησιν
3385 2239 3401 2256 ⁹
3449 2225 3724 2294 Ἀνόμοιος
3750 2239 3772 2273 .’
3802 2241 3819 2273 ι
3854 2224 3977 2275 Οὐκ

2397 2315 2544 2369 εστιν
2578 2314 2674 2370 οὖν
2700 2318 2933 2388 διαφορά
2962 2320 3177 2389 Πατρὺς
3208 2319 3302 2372 καὶ
3334 2317 3464 2372 Υἱοῦ
3487 2319 3581 2371 καὶ
3609 2317 3765 2383 ἁγίου
3801 2313 3979 2370 [Iuti-

2402 2426 2602 2479 ματος;
2642 2410 2952 2480 ὐρθόδοξος
2990 2427 3003 2441 ·
3056 2409 3145 2463 Ἐν
3179 2415 3246 2482 τῇ
3280 2412 3441 2479 φύσει
3469 2410 3532 2462 οῦ
3554 2427 3568 2441 ο
3623 2394 3680 2461 ἐν
3714 2408 3789 2469 τῷ
3813 2407 3979 2474 θελή-

2402 2518 2553 2570 ματι,
2588 2501 2649 2555 οῦ
2677 2518 2690 2533 ’
2727 2506 2783 2555 ἐν
2817 2504 2894 2573 τῷ
2922 2506 3136 2574 γεννᾷν,
3178 2506 3271 2557 καὶ
3304 2502 3618 2573 γεννᾶσθαι,
3650 2506 3742 2556 καὶ
3759 2500 3979 2569 ἐκπίμ-

2400 2610 2545 2657 πειν,
2590 2595 2684 2647 καὶ
2741 2595 3159 2662 ἐκπορεύεσθαι,
3198 2597 3304 2651 ναί.
3373 2597 3653 2663 Ἀνόμοιος
3695 2595 3799 2647 ’Τί
3856 2594 3980 2644 ἐστι

2399 2687 2597 2756 γεννᾷν
2620 2686 2713 2738 καὶ
2744 2687 3061 2752 γεννᾶσθαι,
3100 2688 3192 2741 καὶ
3221 2689 3531 2757 ἐκπέμπειν
3559 2689 3651 2741 καὶ
3675 2687 3985 2756 ὲκπορεύεο

2403 2776 2546 2831 σθαι.
2607 2777 2911 2847 Ὀρθόδοξος
2941 2793 2955 2808 °
2983 2780 3105 2831 "O:t
3136 2780 3165 2831 ό
3211 2780 3308 2849 μὲν
3343 2781 3529 2849 Πατὴρ
3562 2779 3747 2846 γεννᾷ,
3801 2793 3975 2829 τουτο

2402 2866 2549 2920 ἐστιν
2569 2869 2880 2938 ἐγέννησενο
2908 2869 2935 2920 ό
2959 2869 3017 2922 δὲ
3040 2870 3169 2931 Υἱὸς
3199 2871 3479 2937 γεννᾶται,
3509 2869 3756 2920 τουτέστι
3781 2866 3980 2932 γεγέν-

2402 2976 2580 3029 νηται.
2614 2960 2722 3011 Καὶ
2752 2962 2835 3013 ὅτι
2867 2961 3030 3024 αὐτὸς
3055 2962 3083 3013 ό
3108 2960 3297 3029 Πατὴρ
3326 2962 3600 3028 ἐκπέμπει
3633 2958 3696 3011 τὸ
3728 2956 3978 3024 Πνεῦμα,

2402 3051 2680 3104 τουτέστιν
2711 3050 3010 3121 ἐξέπεμψε,
3074 3052 3171 3105 καὶ
3220 3051 3281 3105 τὸ
3319 3048 3546 3120 Πνεῦμα
3588 3048 3981 3119 ἐκπορεύεται,

2407 3142 2683 3196 τουτέστιν
2712 3142 3136 3211 ἐκπεπόρευται.
3188 3162 3207 3195 ι

2489 3234 2549 3289 Ὀ
2587 3236 2757 3305 μέγας
2789 3235 3074 3299 Βασίλειος
3098 3236 3161 3287 ἐν
3191 3235 3267 3306 τῷ
3294 3233 3362 3299 ιη’
3392 3235 3501 3286 τῶν
3532 3233 3665 3303 πρὸς
3726 3231 3987 3301 Ἀμφιλό-

2408 3345 2523 3399 χιον
2556 3326 2890 3396 κεφαλαίων,
2932 3329 3073 3398 μετά
3128 3328 3190 3381 τὸ
3246 3329 3305 3380 ἐν
3333 3326 3522 3386 ἄλλαις
3554 3325 3781 3386 πολλαῖς
3807 3321 3986 3385 λέξεσι

2413 3420 2760 3487 παραστῆσαι
2790 3417 2889 3487 τὴν
2917 3416 3012 3469 τοῦ
3050 3416 3365 3487 Πνεῦματος
3393 3414 3683 3469 κοινωνίαν
3717 3413 3853 3483 πρὸς
3892 3412 3991 3465 τὸν

2411 3508 2633 3574 Πατέρα
2666 3509 2761 3561 καὶ
2793 3508 2886 3560 τὸν
2921 3506 3070 3569 Υίὸν,
3114 3508 3211 3559 καὶ
3256 3505 3433 3560 ταῦτά
3490 3521 3653 3577 φηςι·
3693 3523 3712 3555 ι
3754 3504 3861 3554 Καὶ
3886 3502 3993 3554 οὐκ

2412 3598 2665 3651 ἐντεῦθεν
2715 3598 2878 3668 μόνον
2935 3601 3033 3670 τῆς
3084 3598 3225 3651 κατά
3280 3599 3378 3668 τὴν
3413 3596 3574 3666 φύσιν
3630 3594 3917 3657 κοινωνίας
3957 3596 3992 3663 ἡ

2412 3690 2711 3755 ἀπόδειξις,
2737 3691 2851 3744 ἀλλ’
2882 3692 2965 3743 ὅτι
3012 3691 3109 3743 καὶ
3142 3691 3205 3742 ἐκ
3256 3691 3350 3742 τοῦ
3383 3688 3524 3743 Θεοῦ
3556 3683 3700 3742 εἶναι
3743 3688 3991 3755 λέγεται,

2413 3783 2512 3850 οὐχ
2543 3783 2617 3844 ὼς
2647 3782 2716 3834 τὰ
2750 3783 2929 3835 πάντα
2965 3783 3028 3834 ἐκ
3058 3781 3152 3834 τοῦ
3187 3778 3345 3843 Θεοῦ,
3382 3780 3497 3833 ἀλλ’
3525 3780 3602 3841 ὡς
3641 3782 3706 3832 ἐκ
3736 3777 3828 3831 τοῦ
3854 3778 3994 3829 Θεοῦ

2417 3874 2696 3944 προελθὸν,
2729 3875 2790 3925 οὐ
2824 3873 3099 3943 γεννητῶς
3130 3874 3206 3935 ὡς
3252 3876 3279 3927 ό
3314 3872 3463 3937 Υἱὸς,
3516 3871 3635 3925 ἀλλ’
3664 3869 3740 3933 ὡς
3766 3870 3996 3938 Πνεῦμα

2420 3965 2689 4035 στόματος
2735 3966 2920 4029 αὐτοῦ,
2955 3966 3056 4035 τῆς
3102 3966 3202 4035 μὲν
3262 3966 3593 4034 οἰκειότητος
3653 3962 3997 4031 δηλουμένης

2419 4054 2692 4119 ἐντεῦθεν,
2733 4058 2826 4110 τοῦ
2879 4058 2935 4111 δὲ
2992 4059 3196 4127 τρόπυυ
3247 4058 3343 4125 τῆς
3401 4056 3691 4127 ὑπάρξεως
3749 4056 3997 4126 ἀρρήτου

2422 4148 2852 4217 φυλασσομένου.
2897 4169 2915 4199 ο

2503 4240 2562 4292 Ὀ
2595 4240 2855 4304 Θεολόγος
2916 4239 3218 4309 Γρηγόριος
3263 4240 3320 4291 ἐν
3346 4237 3420 4304 τῷ
3466 4237 3601 4307 πρὸς
3632 4237 3859 4307 Ἥρωνα
3906 4236 4000 4288 τὸν

2423 4330 2712 4399 φιλόσοφόν
2744 4348 2909 4399 φησιν
2937 4346 2951 4360 ·
2987 4348 3004 4380 ι
3077 4328 3297 4395 Ὀρέζου
3352 4328 3407 4380 δὲ
3438 4327 3535 4380 καὶ
3592 4325 3691 4396 τὴν
3717 4326 4001 4396 ἡμετέραν

2425 4423 2704 4477 εὐσέϐειαν
2724 4412 2991 4475 διδάσκων
3021 4423 3118 4475 ἕνα
3154 4423 3251 4491 μὲν
3295 4421 3493 4472 εἰδέναι
3522 4418 3656 4471 Θεὸν
3704 4419 4002 4485 ἀγέννητον

749 4529 888 4572 trem
925 4535 937 4570 :
974 4531 1140 4570 unum
1173 4514 1414 4584 genitum
1460 4513 1657 4568 Filium
1695 4530 1709 4567 :
1743 4529 1911 4567 unum
1963 4527 2092 4566 vero
2138 4511 2300 4581 Spiri-

2422 4517 2512 4569 τὸν
2549 4515 2787 4583 Πατέρα,
2817 4515 2913 4566 ἐνα
2935 4514 2990 4565 δὲ
3018 4512 3279 4580 γεννητὸν
3308 4511 3399 4563 τὸν
3423 4508 3571 4575 Υἱδν,
3608 4508 3666 4560 ἐν
3686 4508 3742 4560 δὲ
3772 4506 4002 4576 Πνεῦμα

749 4618 868 4662 tum
900 4615 1149 4662 sanctum
1183 4614 1600 4673 promanautem
1653 4619 1719 4658 ex
1753 4602 1937 4668 Patre,
1977 4613 2072 4656 aut
2099 4617 2319 4672 pregre-

753 4700 1013 4754 dieutem.
1049 4716 1069 4749 ›

827 4788 1146 4843 Theodorus
1181 4787 1499 4859 Raytltenus
1526 4787 1807 4857 presbyter
1831 4787 2078 4842 oratione
2103 4786 2328 4855 dogma-

758 4882 885 4943 tica.
915 4897 1036 4951 qua:
1068 4879 1257 4950 incipit
1292 4897 1306 4935 :
1341 4898 1360 4932 ι
1398 4879 1715 4934 Altsurdum
1750 4878 2028 4943 existimo,
2071 4887 2330 4945 recteque

757 4973 890 5027 illud
928 4982 1154 5041 reputo;
1194 4989 1213 5023 ι
1248 4971 1408 5041 longe
1441 4986 1471 5025 a
1503 4970 1792 5041 principio,
1836 4969 1954 5022 ait:
1993 4986 2012 5019 ι
2047 4967 2126 5021 Ne
2157 4967 2329 5021 mire-

758 5082 904 5130 mur,
938 5065 1065 5118 dum
1102 5062 1367 5117 Dominus
1409 5072 1571 5116 vecat
1617 5061 1825 5116 exitum
1856 5074 1887 5112 a
1916 5058 2077 5114 Patre
2121 5060 2327 5113 utrius-

757 5173 864 5227 que
914 5158 1371 5226 progressionem.
1437 5172 1456 5205 ι
1490 5153 1602 5223 lego
1646 5154 1791 5208 enim
1854 5151 2032 5221 inquit
2080 5166 2111 5205 a
2172 5150 2330 5205 Patre

757 5247 899 5299 exivi
932 5247 1265 5311 etvenio";
1303 5264 1320 5296 ι
1363 5259 1680 5312 rursusque,
1716 5243 1985 5313 «Spiritus
2004 5243 2096 5311 qui
2131 5245 2334 5297 aPatre

769 5341 1033 5409 procedit.
1071 5358 1089 5390 ι
1145 5341 1295 5394 Licet
1341 5339 1485 5392 enim
1540 5339 1627 5391 hic
1678 5350 1732 5390 ct
1780 5337 1929 5391 exire
1960 5347 2013 5391 et
2045 5335 2334 5406 procedere

773 5431 910 5484 idem
980 5441 1168 5495 notat,
1236 5432 1459 5499 Spiritui
1531 5430 1901 5484 nihilominus
1965 5430 2137 5499 magis
2205 5443 2335 5497 pro-

772 5524 887 5589 prie
913 5514 1206 5588 adaptavit,
1240 5521 1696 5589 quemadmodum
1747 5520 2073 5589 sibimetipsi
2106 5534 2336 5589 genera-

771 5624 990 5668 tionem.
1028 5634 1044 5662 ι

869 5799 1079 5853 ³⁷⁸1ίιιιιι.
1122 5814 1228 5864 Mt,
1259 5800 1347 5852 20.

2429 4609 2584 4673 ἅγιον
2612 4605 2873 4674 προελθὸν
2900 4607 2965 4656 ἐκ
2990 4603 3085 4657 τοῦ
3118 4602 3351 4672 Πατρὶς,
3388 4601 3421 4672 ἢ
3455 4601 3551 4653 καὶ
3578 4599 3792 4668 προῖὸν.
3838 4616 3857 4649 ι

2498 4794 2795 4863 Θεόδωρος,
2821 4794 2849 4844 ό
2876 4789 2977 4861 τῆς
3004 4788 3222 4844 Ῥαῐθοῦ
3258 4788 3649 4858 πρεσϐύτερος.
3683 4790 3741 4839 ἐν
3808 4784 3887 4853 τῷ
3918 4784 4008 4838 50-

2429 4885 2687 4955 γματικῷ
2710 4884 2854 4953 λόγῳ
2893 4882 3077 4946 αὑτοῦ,
3131 4882 3189 4935 οὐ
3243 4881 3277 4948 ἡ
3306 4880 3472 4949 ἀρχὴ,
3506 4898 3525 4930 ι
3564 4879 3800 4931 Ἄτοπον
3828 4871 4006 4945 οἶμαι,

2432 4978 2527 5031 καὶ
2555 4977 2735 5037 καλῶς
2774 4992 2838 5044 γε
2883 4973 3043 5027 τοῦτο
3103 4974 3361 5041 νενόμικα
3396 4990 3413 5021 ι
3492 4971 3629 5041 μετά
3662 4970 3836 5023 πολλὰ
3861 4971 4006 5022 πάνυ

2432 5070 2628 5139 φησίν
2667 5085 2686 5119 t
2726 5069 2817 5137 Μὴ
2874 5065 3246 5135 θαυμάζωμεν
3276 5063 3335 5117 δὲ
3380 5064 3630 5131 λέγοντος
3676 5061 3771 5113 τοῦ
3800 5060 4006 5128 Κυρίου

2434 5160 2610 5225 ἔξοδον
2642 5159 2747 5213 ἀπὸ
2772 5158 2865 5211 τοῦ
2889 5158 3100 5226 Πατρὺς
3129 5157 3225 5225 τὴν
3252 5156 3514 5225 ἐκατέρου
3542 5154 3786 5223 πρόοδον.
3813 5171 3831 5203 ι
3866 5151 4008 5219 Ἐγὼ

2434 5254 2566 5322 γάρ,
2596 5251 2783 5321 φησιν,
2815 5253 2877 5302 ἐκ
2909 5250 3004 5302 τοῦ
3038 5250 3251 5319 Πατρός
3283 5246 3526 5314 ἐξῆλθον,
3558 5245 3651 5299 καὶ
3672 5246 3813 5315 ἥκω.
3852 5262 3871 5295 ι
3900 5244 4009 5296 Καὶ

2436 5345 2621 5407 πάλιν,
2664 5362 2683 5394 ι
2723 5343 2795 5395 Τὸ
2826 5342 3049 5410 Πνεῦμα
3080 5342 3108 5394 ὃ
3141 5341 3292 5412 παρά
3347 5338 3439 5391 τεῦ
3472 5338 3686 5409 Πατρὸς
3714 5336 4010 5404 ἐκπορεύε-

2436 5453 2545 5488 ται.
2584 5454 2602 5485 ι
2639 5435 2701 5486 Εἰ
2734 5435 2843 5501 γὰρ
2878 5434 2971 5485 καὶ
3002 5433 3063 5484 τὸ
3092 5432 3329 5496 ἐξελθεῖν
3352 5430 3445 5482 καὶ
3499 5430 3561 5481 τὸ
3606 5429 4010 5497 ἐκπορευθῆναι

2438 5526 2632 5581 ταυτὸν
2658 5524 2891 5578 ἐνταῦθα
2923 5525 3198 5592 σημαίνει,
3232 5523 3309 5592 τῷ
3342 5519 3617 5589 Πνεῦματι
3664 5514 3760 5571 οὖν
3789 5519 3889 5585 τὴν
3916 5519 4008 5570 ἐκ·

2442 5621 2699 5688 πόρευσιν
2751 5618 2948 5685 μᾶλλον
2999 5619 3121 5668 κατ’
3144 5616 3428 5693 ἐξαίρετον
3485 5611 3751 5682 ἥρμοσεν,
3820 5608 4009 5681 ὥσπερ

2444 5709 2619 5778 ἐαυτῷ
2649 5707 2746 5778 τὴν
2798 5708 3069 5775 γέννησιν.
3110 5724 3126 5754 ι
