4202 6454
737 407 843 468 675

1774 407 1984 466 JOAN.
2030 407 2242 468 VECCI
2285 407 2392 467 (ΣΡ.
2439 407 2950 468 PATRIARCHE

3891 405 4002 470 616

740 525 796 568 et
841 515 1190 569 attnutttiabit
1244 515 1400 570 vobis
1442 517 1509 571 ”.
1545 536 1560 566 I
1625 516 1687 568 Et
1739 515 1944 569 idcirco
2001 515 2318 584 participem

2435 514 2449 566 5
2476 515 2630 580 λόγος
2661 533 2674 580 ;
2722 519 2780 567 '0
2823 518 3083 590 Ἐρμεὲας
3108 529 3119 542 ·
3159 536 3175 565 ι
3209 516 3409 568 Ἕοικε.
3431 515 3587 586 Πλὴν·
3611 518 3785 572 ἐκεῖνό
3809 536 3999 586 φασιν,

741 609 931 664 dicunt
990 607 1255 677 Spiritum
1297 607 1434 660 Filii.
1471 627 1488 658 ι
1537 609 1810 660 Sanetus:
1857 627 1874 658 ι
1908 605 2125 659 Minime
2154 605 2315 658 absit.

743 701 876 755 Nam
939 700 1082 770 quod
1133 715 1195 752 ex
1259 700 1376 763 illo,
1428 711 1479 753 et
1519 701 1571 752 in
1619 699 1735 759 illo,
1779 709 1832 751 et
1867 697 2147 768 proprium
2177 697 2316 764 ejus.

743 795 1016 860 quomodo
1055 789 1328 859 particeps
1355 800 1500 843 esset
1525 803 1789 856 unquam.
1826 797 1880 841 et
1922 785 2121 856 aequali
2165 783 2320 836 habi-

741 885 932 938 tudine
980 895 1105 936 cum
1147 883 1423 935 extraneis
1473 879 1930 942 sanctiﬁcaretur,
1981 887 2036 932 et
2079 878 2317 932 alienum

740 983 884 1029 esset
910 972 1209 1026 secundum
1252 981 1524 1035 naturam,
1573 971 1728 1039 cujus
1773 979 1827 1024 et
1881 970 2156 1039 proprium
2198 983 2320 1023 esse

742 1065 940 1120 dicitur
965 1063 988 1117 2
1011 1081 1029 1114 ι

814 1340 962 1396 Idem
1011 1340 1151 1394 libro
1187 1353 1244 1392 ιιι
1295 1336 1358 1390 ad
1401 1335 1703 1401 iiermiam,
1739 1336 1872 1391 dicit
1912 1353 1926 1390 :
1984 1355 2002 1388 ι
2033 1336 2318 1402 Quomooo

745 1447 852 1487 non
901 1448 1131 1502 prorsus
1175 1433 1314 1486 citra
1348 1433 1594 1486 laborem
1651 1439 1735 1485 est
1761 1445 2118 1500 cognoscere,
2149 1429 2316 1483 Deum

746 1539 894 1589 vere,
925 1533 978 1578 et
1004 1539 1068 1577 ex
1119 1523 1209 1578 Dei
1245 1533 1298 1577 et
1350 1522 1528 1576 Patris
1559 1523 1795 1577 essentia
1838 1531 2019 1576 ortum
2049 1523 2135 1575 sui
2167 1537 2319 1575 reco-

746 1631 1010 1684 gnoscere
1040 1613 1264 1679 Filium,
1305 1613 1573 1683 siquidem
1604 1623 1687 1668 est
1717 1624 1774 1667 ut
1817 1613 1983 1678 Deus,
2022 1623 2075 1667 ct
2107 1629 2214 1666 non
2241 1613 2318 1667 uti

744 1716 1066 1760 extraneum
1119 1707 1393 1776 qttidptam
1427 1706 1730 1760 inhabitare
1763 1707 1815 1759 in
1859 1708 2014 1760 nobis
2059 1706 2318 1774 Spiritum

745 1796 913 1850 illius.
956 1814 973 1846 ι

814 1890 960 1944 Idem
1005 1889 1060 1942 in
1115 1888 1303 1943 eodem
1354 1889 1430 1942 ait
1482 1905 1496 1942 :
1550 1905 1568 1938 ι
1607 1886 1711 1952 Qui
1756 1886 1926 1957 igitur
1959 1901 2078 1950 nos,
2128 1885 2222 1955 qui
2269 1887 2321 1939 itt

749 1991 893 2034 terra
922 1981 1172 2052 degimus
1214 1979 1495 2033 liliationis
1531 1978 1700 2048 gloria
1744 1977 2030 2042 inauratis,
2073 1970 2322 2045 'Spirittts

747 2071 958 2126 scilicet
998 2080 1246 2137 sanctus,
1293 2070 1740 2140 quandoquidem
1777 2066 1897 2121 Filii
1929 2077 2033 2132 est,
2066 2067 2324 2137 operabi-

750 2177 838 2220 tur
873 2165 928 2219 in
972 2164 1109 2218 alios
1145 2164 1486 2226 liliationem,
1519 2161 1652 2214 nihil
1698 2175 1826 2212 vero
1857 2160 2001 2213 circa
2046 2174 2168 2214 eum
2199 2175 2325 2228 pro-

749 2259 914 2322 tieiet,
957 2257 1116 2324 cujus
1155 2265 1260 2319 est,
1299 2270 1408 2308 non
1461 2252 1696 2315 infusus,
1760 2267 1938 2320 neque
1977 2251 2183 2305 deforis
2222 2252 2316 2305 ad-
2366 2319 2368 2321 _

747 2347 992 2408 veniens,
1027 2345 1121 2399 sed
1169 2345 1533 2398 essetttialiter
1585 2343 1761 2412 ipsius
1811 2343 2102 2405 exsistcns,
2137 2351 2190 2396 et
2232 2358 2326 2410 per

751 2439 910 2493 illum
943 2435 1200 2508 profusus
1251 2436 1381 2500 illis,
1427 2435 1520 2504 qui
1546 2434 1693 2505 digni
1736 2443 1866 2488 sunt
1899 2433 2048 2486 illuttt
2080 2433 2327 2502 accipete

749 2533 806 2585 in
848 2530 1191 2600 betteplacito
1217 2529 1416 2584 Patris.
1469 2548 1488 2580 ι

824 2623 968 2678 Idem
994 2622 1192 2676 ibidem
1220 2623 1296 2674 ait
1323 2639 1335 2673 :
1372 2640 1390 2672 ι
1421 2621 1723 2675 Confessus
1753 2630 1835 2675 est
1860 2630 2038 2674 autem
2068 2634 2324 2687 perquam

752 2714 1044 2770 manifeste
1100 2713 1318 2766 divinus
1372 2710 1610 2766 Joannes
1667 2711 1829 2765 nobis
1892 2710 2136 2763 dicens:
2196 2728 2214 2759 ι
2257 2709 2330 2763 De

754 2806 1093 2876 plenitudine
1124 2804 1240 2873 ejus
1274 2818 1466 2858 omnes
1502 2819 1598 2857 nos
1627 2804 1937 2871 accepimus
1966 2802 2032 2853 ".
2062 2822 2080 2852 ι
2119 2800 2326 2854 Dotttttn

754 2907 934 2952 autem
960 2907 1014 2951 et
1038 2897 1258 2952 donatio
1287 2895 1548 2966 perfecta.
1569 2894 1734 2949 Estne
1766 2894 1912 2947 aliud
1939 2896 2142 2949 bonum
2174 2895 2330 2962 quid-

754 2991 881 3044 dam
917 2990 1215 3045 secundum
1249 2989 1391 3058 quod
1425 2988 1520 3041 tibi
1552 2988 1784 3049 videtur,
1819 3002 1983 3055 quam
2013 2988 2326 3054 participem

753 3084 871 3138 lteri
895 3084 1130 3154 Spiritus
1184 3081 1398 3136 sancti?
1458 3099 1474 3130 ι
1513 3079 1808 3134 llermias:
1853 3099 1871 3130 ι
1931 3078 2090 3132 Nullo
2144 3079 2326 3131 modo.

761 3196 780 3228 ι
819 3176 1093 3229 Sanetus:
1135 3192 1153 3224 ι
1194 3171 1423 3227 Proinde
1472 3172 1613 3234 vide,
1664 3165 1914 3234 obsecro,
1944 3179 2105 3223 et.am
2145 3185 2209 3222 ex
2245 3169 2326 3221 his
2357 3202 2403 3263 ε

756 3269 954 3323 Filium
987 3267 1271 3337 proprium
1304 3281 1463 3319 suum
1500 3265 1723 3318 insitunt
1757 3265 1829 3316 ita
1867 3273 1924 3316 ut
1955 3279 2063 3316 non
2101 3262 2328 3330 abjicia-

762 3373 874 3426 tur,
937 3360 1200 3430 Spiritum
1241 3367 1516 3422 sanctum,
1565 3373 1660 3426 per
1709 3371 1870 3426 quem
1915 3370 2077 3408 omne
2125 3353 2330 3408 donum

758 3451 987 3514 bonum,
1029 3451 1096 3506 de
1125 3466 1222 3504 sua
1259 3449 1597 3520 plenitudine
1635 3448 1942 3501 demisisse.
1985 3465 2004 3497 ι

831 3543 978 3598 Idem
1030 3543 1171 3595 libro
1209 3558 1280 3596 vtt
1335 3542 1402 3596 aJ
1457 3539 1755 3605 liermiam,
1791 3540 1907 3604 ait;
1947 3558 1964 3589 ι
2007 3539 2082 3592 De
2126 3538 2332 3607 Spiritu

758 3644 938 3688 autem
985 3635 1190 3688 sanctis
1211 3632 1497 3701 disclpulis
1540 3631 1670 3684 dicit
1722 3645 1736 3683 :
1793 3649 1810 3680 ι
1873 3630 2103 3695 Quando
2154 3640 2334 3683 autem

759 3726 971 3780 venerit
1030 3723 1366 3787 Paracletus,
1427 3723 1666 3793 Spiritus
1715 3725 1983 3787 veritatis,
2028 3738 2190 3793 quem
2238 3738 2336 3791 ego

675 3808 677 3810 ’
763 3821 974 3872 mittam
1004 3820 1176 3881 vobis,
1211 3826 1265 3871 et
1293 3819 1384 3887 qui
1419 3833 1449 3871 a
1485 3817 1642 3870 Patre
1675 3819 1939 3886 procedit,
1969 3817 2058 3871 ille
2087 3818 2335 3871 testimo-

762 3913 913 3966 nium
966 3911 1270 3980 perltibcbit
1320 3910 1387 3964 de
1449 3924 1536 3962 me
1578 3911 1645 3963 υ.
1713 3926 1732 3959 ι
1794 3909 1986 3962 Annon
2047 3908 2339 3962 manifeste

762 4005 928 4069 licus,
957 4004 1047 4072 qui
1097 4012 1154 4053 ttt
1183 3999 1324 4054 Deus
1352 4001 1602 4069 cognitus
1647 4009 1700 4053 et
1747 3998 2000 4052 habitans
2052 4000 2107 4051 in
2159 3998 2335 4061 nobis,

763 4110 872 4147 non
917 4102 975 4146 ut
1020 4106 1270 4146 creatura
1330 4101 1384 4145 et
1429 4091 1637 4143 factura
1669 4129 1684 4155 ,
1745 4099 1799 4145 et
1844 4090 2095 4143 servituti
2139 4099 2338 4142 nostra:

764 4183 1043 4246 astrictus,
1076 4182 1168 4236 sed
1195 4181 1405 4234 utliber
1434 4179 1734 4233 secundum
1767 4188 2044 4242 naturam,
2078 4188 2130 4230 et
2168 4179 2338 4246 ipsius

763 4276 1010 4330 veritatis
1061 4273 1332 4327 exsistens
1393 4270 1654 4339 Spiritus,
1709 4271 1817 4322 into
1869 4269 1985 4337 ipsa
2039 4271 2337 4322 secundum

771 4367 1030 4420 unionem
1065 4380 1187 4418 cum
1223 4360 1359 4415 Filio
1407 4361 1631 4416 veritas.
1664 4359 1898 4428 Spiritus
1931 4366 2109 4412 autem
2142 4360 2340 4414 veritas

767 4457 1073 4513 secundum
1152 4454 1483 4523 Scripturas.
1553 4450 1728 4506 Porro
1787 4452 1984 4506 veritas
2041 4461 2124 4505 est
2170 4450 2342 4505 Chri—

765 4562 905 4606 stus.
942 4568 960 4602 ι

842 4645 984 4698 litem
1019 4642 1157 4695 libro
1193 4657 1250 4695 ιιι
1285 4641 1352 4696 ad
1399 4641 1676 4694 llermiam
1715 4639 1858 4704 ;dicit
1907 4655 1922 4690 :
1981 4657 1998 4689 ι
2033 4638 2136 4692 Sed
2176 4639 2219 4692 si
2256 4649 2339 4692 est

768 4736 1006 4803 desuper
1040 4745 1092 4786 et
1129 4748 1158 4785 a
1193 4733 1349 4785 Patre
1411 4747 1575 4785 omne
1609 4731 1812 4784 donum
1856 4727 2179 4797 perfectum,
2212 4745 2339 4796 ope-

767 4837 922 4881 ratur
956 4817 1084 4880 νει-ο
1118 4841 1305 4879 eorum
1330 4823 1655 4877 divisionem
1685 4819 1854 4874 Filius
1890 4837 1994 4872 tton
2029 4821 2187 4873 modo
2227 4835 2341 4873 scr-

765 4921 883 4984 vili,
935 4919 1030 4973 sed
1081 4919 1262 4987 potius
1309 4915 1662 4974 auctoritate,
1704 4928 1826 4981 qua:
1871 4910 2041 4962 Deum
2094 4911 2340 4974 addeutt,

764 5023 876 5080 quo
913 5010 1074 5078 igitur
1122 5006 1283 5059 modo
1316 5007 1470 5077 longe
1495 5003 1619 5068 erit,
1658 5018 1725 5055 tte
1771 5001 1843 5055 sit
1895 5001 2196 5054 secundum
2245 5015 2344 5051 Ila-

770 5111 946 5155 turam
998 5099 1048 5152 td
1091 5099 1291 5168 ipsum,
1350 5096 1494 5165 quod
1543 5106 1620 5148 es!
1676 5094 1828 5147 illum
1884 5108 2147 5163 generatis
2179 5091 2342 5159 ._Deus

769 5207 931 5246 verus
954 5194 976 5243 τ
1013 5209 1031 5240 ι

840 5282 986 5335 Idem
1017 5281 1267 5334 oratione
1297 5279 1362 5334 ad
1394 5277 1767 5332 Theodosium
1800 5276 2181 5344 imperatorem
2217 5277 2290 5329 ait
2327 5298 2338 5330 :

773 5392 792 5424 ι
836 5374 1230 5442 Baptilantem,
1261 5373 1457 5441 inquit,
1486 5369 1674 5425 Jesum
1713 5371 1766 5424 in
1795 5369 1940 5438 igne,
1969 5385 2073 5421 non
2102 5369 2337 5422 alienum

769 5469 875 5521 illis
918 5467 1010 5535 qui
1056 5467 1421 5534 baptizantur,
1459 5464 1722 5533 Spiritum
1768 5464 2180 5526 immittetttem,
2220 5477 2336 5516 ser-

771 5556 860 5608 vili
886 5564 940 5610 et
972 5555 1434 5610 adtttittistratorto
1457 5553 1641 5618 modo,
1675 5553 1767 5607 sed
1805 5553 1970 5608 veluti
2013 5554 2182 5607 Deum
2213 5569 2337 5608 cum

767 5662 1023 5716 suprema
1050 5647 1390 5710 auctoritate,
1426 5647 1568 5714 quod
1602 5661 1665 5699 ex
1701 5647 1815 5714 ipso
1847 5654 1952 5712 est,
1976 5655 2028 5700 et
2062 5648 2336 5713 proprium

771 5743 965 5809 ipsius.
1004 5761 1022 5792 ι

840 5837 882 5866 ⁵¹
906 5835 1066 5889 Joan.
1101 5851 1209 5901 xvt,
1245 5836 1331 5890 15.

1410 5838 1453 5867 δ’
1477 5837 1608 5890 ibid.
1642 5835 1789 5900 1,16.
1869 5836 1913 5866 ⁸³
1938 5837 2070 5891 ibid.
2107 5853 2215 5903 ιιν,
2250 5837 2340 5889 26.

2421 607 2502 657 ὅτι
2537 607 2769 676 Χριστὸς
2797 606 2898 676 ἐφη
2930 608 3057 675 περὶ
3090 606 3279 671 αὑτοῦ,
3333 628 3350 658 ι
3405 609 3500 660 Ἐκ
3531 608 3628 661 τοῦ
3663 610 3796 677 ἐμοῦ
3833 610 4003 680 λήψε-

2421 711 2533 760 ται,
2571 698 2665 747 καὶ
2700 696 2996 762 ἀναγγελεῖ
3023 696 3175 765 ὑμῖν.
3220 716 3238 748 ι
3292 697 3539 766 Μέτοχον
3587 693 3683 751 οὖν
3713 698 3823 768 ἄρα
3862 699 4001 767 φασὶ

2421 788 2481 838 τὸ
2511 786 2740 854 Πνεῦμα
2771 787 2866 840 τοῦ
2899 785 3051 842 Υίοῧ.
3098 806 3116 838 ι
3198 790 3258 840 '0
3302 788 3512 857 Ἄγιος.
3571 807 3592 840 ι
3633 789 3874 843 Ἤκιστά
3909 807 3998 858 γε.

2422 877 2620 932 Πολλοῦ
2659 896 2744 946 γε,
2781 873 2957 949 οἶμαι,
2999 878 3099 932 δεῖ.
3138 880 3211 932 Τὸ
3251 881 3360 950 γὰρ
3410 879 3466 944 ἐξ
3509 880 3674 932 αὐτοῦ
3706 898 3764 934 τε
3811 882 3906 933 καὶ
3941 883 4000 934 ὲν

2420 969 2570 1039 αὑτῷ
2597 972 2691 1024 καὶ
2723 971 2853 1024 ἴδιον
2883 970 3047 1023 αὐτοῦ
3077 970 3192 1034 πῶς
3231 972 3299 1025 ἂν
3342 973 3508 1025 αὐτοῦ
3543 972 3838 1042 μεταλάχοι
3883 974 4002 1025 πώο

2422 1079 2573 1125 ποτε,
2610 1063 2706 1114 καὶ
2735 1064 2793 1116 ὲν
2825 1065 2924 1133 [σῳ
2957 1067 3082 1126 τοῖς
3099 1063 3334 1132 θύραθεν
3365 1064 3631 1133 σχετικῶς
3692 1064 3997 1132 ἁγιάζοιτο,

2423 1155 2517 1205 καὶ
2545 1153 2826 1222 ἀλλότριον
2857 1155 3011 1207 ἔσται
3041 1155 3180 1208 κατὰ
3207 1153 3394 1221 φύσιν,
3431 1149 3492 1207 οὗ
3538 1155 3632 1207 καὶ
3687 1155 3820 1207 ἴδιον
3857 1151 4001 1207 εῖναι

2421 1246 2638 1313 λέγεται
2665 1263 2679 1313 ;
2719 1265 2738 1298 ι

2504 1335 2565 1392 '0
2613 1339 2778 1401 αὐτὸς
2807 1339 2864 1390 ὲν
2897 1337 2976 1408 τῷ
3023 1344 3074 1406 γ’
3140 1339 3249 1392 τῶν
3295 1342 3434 1410 πρὸς
3486 1340 3747 1409 Ἑρμείαν
3791 1342 3998 1412 φησίν·

2426 1443 2445 1476 ι
2492 1427 2618 1491 Πῶς
2661 1429 2726 1480 οὐ
2777 1427 3059 1491 παντελῶς
3097 1428 3487 1498 ἀταλαίπωρον
3530 1430 3684 1493 ἰδεῖν,
3741 1430 3824 1482 ὃτι
3869 1429 4003 1492 Θεὸς

2421 1518 2639 1586 ἀληθῶς
2680 1518 2775 1572 καὶ
2805 1519 2908 1587 τῆς
2939 1518 3036 1572 τοῦ
3065 1517 3201 1572 Θεοῦ
3235 1524 3329 1572 καὶ
3362 1521 3576 1590 Πατρός
3605 1522 3795 1583 οὐσίας
3840 1521 4004 1575 ἐκπέ-

2423 1626 2594 1678 φυκεν
2618 1612 2644 1660 ό
2669 1609 2819 1672 Υἱὸς,
2852 1611 3012 1680 ειπερ
3038 1609 3188 1663 ἐστὶν
3216 1610 3293 1672 ώς
3336 1609 3494 1678 Θεὸς,
3529 1612 3621 1662 καὶ
3651 1610 3750 1678 οὐχ
3779 1610 3854 1670 ὡς
3883 1605 3990 1661 ἓτε-

2426 1703 2518 1773 ρόν
2544 1719 2596 1754 τι
2627 1700 2924 1755 κατοικοῦν
2950 1706 3009 1756 ὲν
3040 1704 3169 1773 ὑμῖν
3195 1703 3258 1756 τὸ
3291 1701 3517 1772 Πνεῦμα
3547 1701 3738 1755 αὑτοῦ.
3792 1721 3811 1753 ι

2516 1895 2575 1946 '0
2612 1894 2775 1957 αὐτὸς
2799 1895 2855 1947 ὲν
2889 1893 2968 1964 τῷ
2999 1893 3151 1963 αὐτῷ
3180 1909 3383 1963 φησιν’
3438 1911 3458 1945 ι
3513 1891 3586 1945 Τδ
3622 1892 3804 1946 τοίνυν
3855 1893 4003 1961 ἡμᾶς

2431 1988 2560 2048 τοὺς
2594 1987 2688 2038 ἐπὶ
2728 1987 2834 2055 γῆς
2873 1989 2944 2056 τῇ
2970 1987 3067 2055 τῆς
3121 1986 3370 2055 υίότητος
3430 1984 3556 2056 δόξῃ
3603 1984 4005 2054 καταχρυσοῦν,

2434 2076 2578 2145 φημὶ
2610 2074 2676 2144 δὴ
2695 2073 2753 2126 τὸ
2781 2073 3006 2142 Πνεῦμα
3036 2073 3097 2126 τὸ
3118 2074 3297 2141 ἅγιον,
3325 2073 3558 2143 ἐπείπερ
3581 2073 3700 2126 ἐστὶ
3723 2073 3820 2126 τοῦ
3849 2072 4004 2134 Υίοῦ,

2435 2169 2720 2239 ἐνεργήσει
2756 2167 2855 2236 μὲν
2879 2169 2956 2230 είς
2980 2167 3206 2235 ἐτέρους
3232 2166 3331 2235 τὴν
3360 2166 3688 2235 υἱοποίησιν,
3719 2167 4007 2236 ἀπρακτή-

2434 2275 2517 2313 σει
2547 2259 2604 2311 δὲ
2630 2259 2757 2328 περὶ
2787 2257 2878 2310 τὸν
2908 2254 3081 2327 οὗπέρ
3112 2258 3259 2310 ἐστιν
3280 2258 3382 2309 οὐκ
3412 2257 3852 2328 είσκεκριμένον,
3883 2257 4009 2309 οὔτε

2436 2351 2543 2420 μὴν
2573 2349 2772 2414 ἔξωθεν
2807 2348 3187 2417 ὲκπεφοιτηκδ
3207 2366 3254 2411 ς,
3284 2348 3400 2401 ἀλλ’
3438 2349 3718 2411 οὐσιωδῶς
3767 2349 4011 2418 ὑπάρχον

2433 2440 2600 2495 αὐτοῦ
2640 2442 2733 2495 καὶ
2766 2443 2834 2495 δι’
2883 2440 3048 2493 αὑτοῦ
3087 2442 3455 2511 προχεόμενον
3489 2443 3603 2504 τοῖς
3650 2440 3791 2495 ἑλεῖν
3837 2440 4012 2506 ἀξίοις

2435 2537 2493 2587 ὲν
2531 2534 2753 2603 εὐδοκία
2785 2534 3022 2602 Πατρό;.
3056 2552 3076 2584 ι

2515 2626 2578 2677 '0
2604 2625 2766 2687 αὐτὸς
2794 2625 2854 2676 ὲν
2871 2625 2950 2693 τῷ
2981 2624 3131 2695 αὐτῷ
3158 2642 3325 2693 φησιν
3347 2639 3363 2656 ⁸
3395 2643 3415 2677 ι
3475 2623 3535 2678 '0
3567 2625 3860 2688 θεσπέσιος
3901 2627 4014 2678 Ἰω-

2434 2719 2598 2787 άννης
2632 2717 2777 2785 λέγει
2863 2736 2879 2767 ι
2926 2717 3020 2768 Ἐκ
3069 2716 3162 2768 τοῦ
3227 2717 3595 2787 πληρώματος
3647 2716 3814 2771 αὑτοῦ
3853 2717 4012 2785 ἡμεῖς

2435 2811 2640 2871 πάντες
2676 2809 2964 2879 ἐλάϐομεν,
3039 2828 3056 2860 ι
3095 2809 3252 2871 Δόσις
3305 2809 3360 2861 δὲ
3410 2809 3611 2880 ἀγαθὴ,
3647 2812 3744 2862 καὶ
3779 2810 4013 2880 δώρημα

2435 2904 2661 2968 τέλειον,
2709 2905 2794 2971 εἴη
2837 2903 2903 2954 ἂν
2946 2902 3132 2970 ἕτερον
3161 2902 3301 2955 κατά
3337 2918 3400 2968 γε
3427 2901 3496 2953 τὸ(
3518 2902 3666 2970 αὺτῷ
3683 2918 3765 2954 σοι
3797 2900 4013 2963 δοκοῦν,

2435 2995 2575 3062 πλὴν
2598 2995 2791 3046 sum
2842 2995 2902 3045 τὸ
2962 2994 3291 3062 μεταλαχείν
3357 2993 3513 3060 ἁγίου
3566 2994 3932 3062 Πνεύματος;
3986 3013 4005 3045 ι

2448 3087 2507 3139 '0
2547 3085 2830 3155 Ἐρμείας’
2895 3103 2912 3134 ι
2966 3084 3254 3154 Οὐδαμῶς.
3313 3103 3331 3136 ι
3384 3085 3443 3137 '0
3487 3085 3698 3155 ’Δγιοςο
3738 3104 3758 3137 ι
3821 3085 4013 3155 ’Δθρει

2436 3181 2501 3248 δὴ
2531 3175 2624 3232 οὖν
2649 3180 2745 3232 καὶ
2781 3178 2867 3230 διὰ
2896 3177 3128 3242 τούτων,
3174 3177 3234 3242 ἐξ
3269 3178 3402 3230 ίδίου
3438 3179 3809 3248 πληρώματος
3861 3183 4018 3247 προῖι

2436 3273 2562 3325 ἐντα
2587 3271 2679 3323 τὸν
2714 3271 2842 3322 Υίδν
2887 3269 2949 3322 τὸ
2988 3271 3118 3323 ῐδιον
3143 3269 3306 3322 αὐτοῦ
3330 3272 3427 3322 καὶ
3470 3272 3869 3340 ἀναποόλήτως
3910 3273 4017 3342 ὲμρ

2435 3363 2679 3432 πεφυκὸς
2711 3363 2866 3431 ἅγιον
2899 3363 3145 3432 Πνεῦμα,
3181 3364 3247 3416 δι’
3285 3359 3346 3418 οῦ
3394 3366 3548 3418 πᾶσα
3572 3365 3718 3428 δόσις
3753 3366 3949 3436 mea.
3988 3385 4008 3418 ι

2522 3545 2581 3595 '0
2645 3545 2810 3606 αὐτὸς
2853 3545 2909 3595 ὲν
2939 3545 3016 3612 τῷ
3063 3542 3107 3606 ζ’
3160 3544 3267 3594 τῶν
3327 3543 3461 3612 πρὸς
3499 3543 3762 3614 Ἑρμείαν
3796 3546 4004 3614 φησιν’

2446 3657 2462 3686 ι
2505 3639 2639 3706 Περὶ
2669 3637 2725 3690 δέ
2760 3636 2938 3705 γετοῦ
2965 3636 3284 3702 Πνεὺματος
3341 3637 3454 3697 τοῖς
3494 3637 3670 3702 ἁγίοις
3717 3637 4016 3707 μαθηταῖς,

2439 3731 2602 3796 φησίν
2633 3744 2646 3757 ·
2709 3747 2727 3780 ι
2791 3730 2959 3779 Ὀταν
3001 3727 3056 3780 δὲ
3111 3727 3239 3796 ἔλθῃ
3285 3729 3313 3779 ό
3366 3727 3722 3799 Παρὰκλητος
3803 3730 3861 3781 δν
3903 3729 4019 3797 ἐγὼ

2439 3819 2642 3887 πεμψω
2667 3820 2794 3887 ὑμῖν
2829 3818 2978 3887 παρὰ
3006 3816 3101 3869 τοῦ
3134 3816 3366 3886 Πατρδς,
3404 3819 3465 3869 τὸ
3489 3819 3714 3886 Πνεῦμα
3744 3818 3845 3886 τῆς
3874 3820 4014 3887 ἁληο

2440 3914 2612 3975 Θείας,
2665 3912 2694 3962 ὃ
2740 3911 2890 3978 παρὰ
2949 3908 3043 3961 τοῦ
3080 3909 3294 3978 Πατρός
3361 3909 3746 3979 ἐκπορεύεται,
3805 3913 4020 3973 ἐκεῖνος

2443 4003 2786 4073 μαρτυρήσει
2822 4003 2951 4072 περὶ
3010 4000 3167 4068 ἐμοῦ.
3211 4021 3230 4052 ι
3271 3999 3400 4066 Ἀρ⁹
3437 4003 3558 4070 οὐχὶ
3603 4002 3736 4064 Θεὸς
3770 4004 4022 4071 ἐναργῶς

2439 4097 2498 4148 τὸ
2529 4095 2604 4158 ώς
2653 4096 2786 4158 Θεὸς
2814 4097 3181 4163 ἐγνωσμένον,
3211 4096 3302 4146 καὶ
3327 4095 3572 4147 ἐνοικοῦν
3616 4095 3768 4163 ἡμῖν,
3801 4096 3902 4164 οὐχ
3947 4097 4025 4158 ώς

2441 4187 2652 4255 κτίσμα
2712 4188 2807 4238 καὶ
2859 4188 3141 4256 γεννητὸν,
3190 4189 3287 4239 καὶ
3344 4186 3557 4255 δουλείᾳ
3608 4190 3671 4256 τῇ
3718 4186 3842 4238 καθ’
3879 4189 4025 4256 ὑμᾶς

2443 4281 2783 4347 ἐνεχόμενον,
2825 4279 2940 4330 ἀλλ’
2965 4278 3039 4341 ώς
3070 4277 3356 4348 ἐλεύθερον
3387 4279 3528 4328 κατὰ
3577 4277 3762 4344 φύσιν,
3795 4284 3888 4330 καὶ
3920 4280 4026 4350 αῦ-

2443 4371 2544 4440 τῆς
2575 4373 2820 4440 ὑπάρχον
2849 4374 2950 4440 τῆς
3006 4371 3264 4440 ἀληθείας
3302 4371 3548 4441 Πνεῦμα,
3583 4372 3782 4441 μᾶλλον
3837 4371 3896 4423 δὲ
3931 4373 4029 4424 καὶ

2444 4463 2582 4515 αὑτὴ
2615 4463 2739 4516 καθ’
2778 4463 2972 4514 ἕνωσιν
3004 4465 3103 4532 τὴν
3145 4464 3281 4530 πρὸς
3322 4463 3413 4514 τὸν
3451 4464 3578 4515 Υίὸν
3611 4463 3843 4531 ἀλήθεια
3881 4469 4028 4516 κατὰ

2377 4542 2417 4592 Ῑ)
2445 4558 2540 4617 τὰς
2568 4555 2812 4624 Γραφὰς,
2842 4555 3069 4624 ἀλήθεια
3102 4554 3158 4607 δὲ
3189 4557 3216 4606 ό
3249 4555 3501 4623 Χριστός.
3545 4573 3563 4605 ι

2529 4643 2589 4694 '0
2620 4642 2782 4703 αὐτὸς
2823 4644 2880 4694 ὲν
2925 4643 3001 4712 τῷ
3041 4650 3088 4710 γ’
3146 4645 3252 4696 τῶν
3302 4643 3440 4712 πρὸς
3498 4641 3764 4712 Ἑρμείαν
3817 4643 4025 4711 φησίν·

2455 4753 2472 4784 ι
2519 4733 2659 4786 Ἀλλ’
2685 4735 2843 4802 εἴπερ
2882 4735 3029 4786 ἐστὶν
3063 4733 3271 4786 ἄνωθέν
3301 4751 3358 4784 τε
3390 4734 3484 4784 καὶ
3515 4735 3664 4802 παρὰ
3694 4733 3786 4784 τοῦ
3812 4734 4030 4802 nempe;

2451 4827 2558 4876 πᾶν
2588 4823 2818 4893 δώρημα
2841 4825 3068 4887 τέλειον,
3101 4825 3314 4892 ὲνεργεί
3367 4822 3422 4873 δὲ
3452 4823 3551 4891 τὴν
3585 4821 3789 4874 τούτων
3837 4823 4028 4873 διανο-

2455 4918 2560 4985 μὴν
2594 4917 2653 4967 οὐ
2686 4916 3003 4977 διακονικῶς
3036 4917 3064 4970 ὁ
3100 4913 3246 4976 Υἱὸς,
3277 4916 3335 4967 ὲν
3377 4913 3597 4982 ἐξουσίᾳ
3630 4915 3684 4964 δὲ
3729 4913 3932 4982 μᾶλλον
3960 4919 4026 4983 τῇ

2447 5007 2762 5074 θεοπρεπεί,
2826 5005 2969 5056 κατὰ
3031 5005 3156 5056 τίνα
3221 5004 3288 5072 δὴ
3333 5002 3442 5071 ἄρα
3495 5002 3684 5054 λοιπὸν
3723 5003 4028 5072 ἁφεστιιξει

2443 5098 2645 5164 τρόπον
2675 5095 2767 5146 τοῦ
2803 5095 2879 5164 μὴ
2911 5092 3049 5148 εἶναι
3088 5098 3230 5147 κατὰ
3270 5095 3456 5162 φύσιν,
3504 5093 3650 5146 τοῦθ’
3688 5094 3823 5163 ὅπερ
3873 5097 4029 5145 ἐστὶν

2442 5188 2769 5255 όθγεννήσας
2797 5189 2982 5251 αὑτὸν,
3018 5187 3270 5255 ἀληθινὸς
3305 5185 3549 5255 δηλονότι
3571 5186 3723 5248 Θεός.
3765 5203 3783 5235 ι

2525 5281 2582 5334 '0
2619 5283 2780 5343 αὐτὸς
2826 5284 2882 5332 ὲν
2920 5281 3004 5349 τῷ
3049 5283 3184 5349 πρὸς
3245 5281 3468 5349 βασιλέα
3537 5276 3818 5332 Θεοδόσιον
3877 5278 4024 5347 λόγῳ

2448 5375 2615 5444 φησίν
2641 5391 2655 5404 ·
2692 5393 2708 5424 ι
2757 5375 3096 5438 Βαπτίζοντα
3150 5376 3253 5442 ἔφη
3312 5376 3402 5426 τὸν
3439 5373 3650 5443 Ἰησοῦν
3680 5374 3739 5424 ιν
3767 5372 3925 5440 πυρὶ,
3959 5373 4021 5423 οὐ

2449 5465 2510 5516 τὸ
2559 5466 2840 5535 ἀλλότριον
2893 5469 3003 5528 τοῖς
3043 5465 3467 5534 βαπτιζομένοις
3518 5465 3737 5518 ὲνιὲντα
3794 5465 4022 5536 Πνεῦμα

2448 5555 2854 5624 ὀουλοπρεπῶς,
2889 5557 2984 5606 καὶ
3042 5557 3414 5625 ὑπηρετικῶς,
3453 5555 3572 5607 ἀλλ’
3619 5555 3694 5620 ὡς
3733 5555 3864 5618 Θεὸς
3900 5555 4024 5624 μετ’

2447 5647 2696 5708 ιεουσίας
2731 5648 2831 5714 τῆς
2859 5647 3119 5701 ἀνωτάτω
3135 5649 3194 5700 τὸ
3225 5648 3284 5710 ἐξ
3307 5647 3469 5700 αὑτοῦ
3495 5649 3589 5702 καὶ
3611 5650 3742 5703 ῐόιον
3774 5648 3968 5703 αὐτοῦ.
3998 5665 4018 5698 ι
