4214 6448
160 409 265 484 ’745

947 401 1394 467 REFUTATIO
1434 397 1805 466 ΡΗΟΤΙΑΝΙ
1851 403 2070 466 LIBRI
2111 403 2208 464 DE
2250 399 2564 463 SPIRITU
2603 400 2666 463 S.

3328 396 3432 458 746

161 521 470 593 Γρηγόριος
520 519 640 582 νοῦς
668 517 784 589 ἐρεῖ
807 531 820 546 ·
867 516 1089 590 Kent-6r
1117 513 1229 584 τὰρ
1268 512 1451 581 Harp!
1475 513 1594 582 μὲν
1647 511 1748 564 καὶ
1776 534 1790 572 Α

1857 512 2008 576 Filio.
2052 527 2172 583 quae
2205 513 2445 581 Spiritus
2479 521 2702 580 quoque
2735 520 2842 562 non
2898 505 3096 571 habet,
3133 505 3430 576 Gregorius

170 614 284 682 Υιῷ
335 613 436 668 καί
485 613 632 681 ἁγίῳ
671 610 971 676 Πνεύματι
1025 607 1093 660 τὸ
1116 605 1204 675 μὴ
1239 604 1549 673 γεγονέναι
1581 603 1680 655 καὶ
1705 606 1742 672 ὴ

161 710 400 774 θεότης,
443 704 552 771 Υίῷ
579 705 648 758 δὲ
679 703 778 757 καὶ
807 703 953 770 ἁγίῳ
980 701 1277 766 Πνεύματι
1308 699 1372 750 τὸ
1393 698 1462 750 ἐκ
1492 696 1594 749 τοῦ
1630 699 1746 749 Πα-

161 804 307 869 τρός
334 817 347 830 ·
380 802 408 853 ὁ
453 799 508 851 δέ
547 799 768 865 Νύσσης
803 793 1104 865 Γρηγόριος
1159 793 1218 844 ἐν
1245 794 1308 861 τῇ
1353 792 1432 853 εἰς
1461 792 1521 844 τὸ
1555 789 1746 856 Πάτερ

165 893 340 961 ἡμῶν
371 892 556 962 ὁμιλίᾳ
588 888 749 941 αὑτοῦ
781 890 925 956 ἐρεῖ·
958 883 1178 939 Kent-017
1207 883 1276 936 δὲ
1313 881 1490 947 ὄντος
1532 881 1610 945 τῷ
1635 879 1749 945 Υίῷ

163 983 377 1048 atat-np
405 984 698 1048 Ηνεύματι
717 978 801 1050 μὴ
829 975 1172 1046 (ir-emittet;
1188 971 1347 1029 εἶναι
1371 974 1558 1027 πάλιν
1579 973 1750 1026 ἔστιν

165 1077 424 1144 ῠμικτυγ
453 1074 566 1140 τὴν·
607 1073 678 1126 ἐν
715 1071 834 1136 τοῖς
865 1069 1183 1138 ἰδιώμασιν
1229 1065 1429 1120 αὐτῶν
1459 1063 1754 1134 διαφορὰν

167 1168 481 1235 ἐξευρεῖν·
519 1165 612 1217 καὶ
652 1164 752 1235 ήδη
811 1162 860 1213 οἱ
917 1161 1010 1214 δύο
1052 1154 1198 1214 οὗτοι
1263 1159 1552 1228 Γρηγόριοι
1609 1157 1754 1224 μάρ-

167 1277 336 1328 τυρες
363 1259 574 1310 ἔσονται
607 1255 1032 1324 ἁπαρέιγραπτοι
1058 1251 1151 1303 τοῦ
1185 1245 1323 1303 εἶναι
1353 1249 1531 1302 κοινὸν
1555 1246 1668 1316 Υίῷ
1695 1263 1752 1298 τε

169 1352 265 1401 καὶ
318 1347 596 1417 Πνεύματι
638 1347 697 1397 τὸ
727 1345 968 1398 αἰτιατὸν
1008 1340 1186 1394 αὐτῶν
1215 1345 1278 1394 ἐκ
1315 1339 1554 1410 Πατρὸς,
1585 1333 1756 1408 οὗπερ

171 1440 542 1507 ἀπεστέρηται
568 1440 596 1491 ὁ
651 1437 837 1505 Πατὴρ
867 1433 960 1488 ἆτε
1011 1434 1249 1496 ἀναίτιος
1278 1432 1354 1485 ὢν
1382 1433 1476 1482 καὶ
1519 1430 1578 1494 ἐξ
1606 1431 1752 1484 οὐδε-

170 1531 295 1590 νόςο
331 1529 425 1582 τοῦ
457 1531 510 1582 δὲ
543 1525 682 1580 εἶναί
710 1545 760 1578 τι
796 1527 970 1580 κοινὸν
1003 1524 1116 1594 Υίῷ
1148 1524 1239 1576 καὶ
1274 1523 1470 1591 Πατρὶ,
1496 1522 1633 1588 ὅπερ
1660 1518 1757 1573 καὶ

169 1623 230 1674 τὸ
264 1624 492 1690 Πνεῦμα
529 1621 628 1673 οὐκ
672 1620 804 1690 ἔχει,
841 1620 988 1671 πᾶσα
1030 1616 1222 1685 Γραφὴ
1258 1616 1464 1684 μάρτυς
1503 1614 1537 1683 ἡ
1565 1614 1625 1664 τὸ
1665 1611 1758 1664 τοῦ

173 1715 391 1782 Πατρὶς
429 1711 652 1780 Πνεῦμα
681 1712 773 1762 καὶ
809 1709 940 1762 Υίοῦ
983 1709 1213 1776 λέγουσα
1246 1705 1472 1775 Πνεῦμα
1502 1706 1596 1758 καὶ
1645 1705 1762 1757 θεο-

1851 605 2137 672 theologia:
2195 619 2349 658 mens
2391 606 2504 657 lucc
2543 603 2834 670 eloquetur
2894 617 2905 652 :
2951 596 3238 652 Commune
3290 598 3430 652 citius

1850 693 2026 759 Patri,
2055 705 2104 748 et
2141 693 2305 758 Filio,
2336 703 2386 748 et
2437 705 2620 748 sancto
2656 691 2882 760 Spiritui
2927 705 3027 743 non
3072 689 3274 757 factum
3321 706 3433 743 esse

1849 799 2005 854 atque
2037 787 2313 848 divinitas,
2353 786 2486 839 Filio
2513 801 2631 839 vero
2659 793 2706 838 et
2741 783 2965 852 Spiritui
3000 791 3186 836 sancto
3223 797 3334 835 esse
3366 796 3431 834 ex

1851 877 2033 932 Patre.
2074 877 2368 947 Gregorius
2417 891 2548 932 vero
2599 875 2876 947 Nyssenus
2905 877 2958 929 in
2991 889 3089 930 sua
3123 873 3344 926 liomilia
3377 873 3431 926 in

1851 969 2016 1024 Pater
2072 979 2250 1024 noster
2305 987 2321 1022 :
2373 970 2504 1025 Cum
2563 982 2834 1021 commune
2883 967 2974 1030 sit,
3033 965 3232 1034 inquit,
3293 962 3436 1016 Filio

1852 1073 1916 1111 ac
1974 1056 2203 1126 Spiritui
2263 1075 2364 1110 non
2397 1072 2510 1111 esse
2538 1054 2929 1109 innascibititer
2970 1053 3265 1123 (ingenite),
3308 1066 3434 1104 rur-

1853 1164 1970 1202 sum
2004 1151 2228 1217 reperire
2257 1150 2380 1201 licet
2418 1163 2598 1200 eorum
2636 1147 2691 1199 in
2734 1145 3154 1214 proprietatibus
3182 1144 3438 1211 diﬂ'eren-

1857 1243 1989 1292 tiam
2026 1241 2400 1308 inconfusam;
2441 1251 2495 1294 et
2535 1239 2646 1308 jam
2693 1240 2801 1291 duo
2843 1237 2932 1291 isti
2976 1235 3224 1306 Gregorii
3272 1243 3439 1290 testes

1855 1340 2018 1383 erunt
2045 1331 2454 1398 irrefragabiles
2483 1346 2580 1400 pro
2609 1330 2709 1384 hac
2738 1329 2986 1394 veritate,
3006 1343 3298 1382 commune
3319 1343 3442 1381 csSe

1856 1421 1994 1477 Filio
2053 1438 2116 1477 ac
2150 1423 2378 1492 Spiritui
2433 1423 2576 1492 quod
2624 1437 2691 1476 ex
2733 1421 2893 1476 Patre
2937 1421 3049 1474 sint
3099 1419 3437 1488 principlati,

1860 1531 1965 1584 qua
1995 1518 2324 1584 preprietate
2351 1525 2505 1568 caret
2529 1513 2688 1567 Pater
2723 1523 2910 1582 utpote
2949 1511 3043 1581 qui
3073 1525 3295 1565 causam
3329 1526 3437 1565 nou

1863 1606 2058 1660 habeat
2081 1614 2134 1662 et
2165 1622 2232 1659 ex
2269 1605 2417 1660 nullo
2442 1606 2553 1670 sit;
2591 1619 2713 1659 esse
2744 1619 2873 1658 vero
2907 1611 2960 1657 et
2991 1617 3281 1656 commune
3308 1603 3440 1668 quid

1862 1694 2008 1749 Patri
2056 1706 2112 1750 et
2162 1695 2320 1761 Filio,
2383 1697 2530 1767 quod
2581 1696 2822 1766 Spiritus
2875 1712 2983 1749 non
3031 1693 3213 1758 habet,
3251 1695 3434 1748 omnis

171 1805 413 1872 λογοῦσα
442 1803 745 1872 ἐκπέμπειν
785 1801 876 1853 καὶ
905 1801 1174 1869 πηγάζειν
1211 1796 1306 1850 καὶ
1356 1794 1677 1859 ἁναόλῦζειν
1703 1793 1763 1846 τὸ

1867 1789 2151 1858 Scriptura
2205 1798 2454 1852 testatur,
2516 1804 2639 1858 qua:
2688 1787 2953 1856 Spiritum
2997 1783 3176 1839 Patris
3217 1795 3271 1839 et
3319 1785 3444 1839 Filii

173 1867 407 1966 Πνεῦμα
437 1898 526 1950 τὸν
554 1867 699 1956 Ϋίδν.
727 1894 916 1965 ὥσπερ
955 1867 1048 1948 καὶ
1074 1895 1102 1945 ὁ
1134 1891 1324 1961 Πατὴρ
1368 1890 1642 1959 ἐκπέμπει
1670 1895 1762 1941 καὶ

1865 1880 2131 1951 Spiritum
2159 1879 2312 1946 dicit,
2339 1890 2503 1949 atque
2524 1875 2722 1932 Filium
2753 1879 2992 1944 mittere,
3035 1876 3365 1948 profundere
3389 1889 3444 1930 et

172 1990 420 2059 πηγάζει
475 1989 567 2043 καὶ
615 1985 906 2050 ἀναϐλύζει
936 1986 1098 2039 αὑτό⁹
1129 1986 1249 2035 ἐπεὶ
1279 1983 1386 2052 γὰρ
1429 1981 1554 2034 οὔτε
1587 1977 1760 2032 Πνεῦ-

176 2099 349 2149 ματος
399 2081 615 2148 λέγεται
655 2079 876 2148 Πνεῦμα
930 2076 1054 2130 οὔτε
1102 2075 1162 2128 τὸ
1214 2074 1434 2142 Πνεῦμα
1462 2073 1497 2141 ἥ
1540 2072 1757 2142 ἐαυτὸῆ

172 2176 368 2243 ἓτερον
401 2173 706 2240 ἐκπέμπειν
746 2171 837 2223 καὶ
868 2168 1136 2238 τοπάζειν
1188 2167 1282 2219 καὶ
1325 2162 1645 2227 ἁναὸλύζειν
1679 2163 1762 2215 λέ-

176 2281 361 2329 γεται,
416 2261 704 2332 πρόδηλον,
760 2260 836 2324 ὡς
875 2261 988 2321 τοῖς
1036 2258 1155 2310 δυσὶ
1210 2257 1394 2326 μόνοις
1451 2253 1761 2324 προσώποις

177 2357 362 2407 πάντα
415 2353 714 2424 ἐφαρμόζει
743 2351 813 2404 τὰ
845 2349 1113 2420 εἰρημένα
1139 2365 1151 2378 ·
1188 2349 1282 2401 καὶ
1325 2346 1412 2400 διὰ
1460 2345 1631 2398 ταῦτα
1662 2346 1763 2414 οὐχ

174 2447 354 2508 οὓτως
387 2447 542 2498 ἔσται
573 2444 749 2497 κοινὸν
781 2443 991 2513 Πατρὸς
1034 2441 1127 2494 καὶ
1157 2439 1290 2492 Υίοῦ
1321 2439 1354 2508 ἡ
1385 2436 1473 2491 τοῦ
1510 2437 1763 2507 Πνεύμα-

173 2554 267 2598 τος
295 2538 648 2608 ἐκπόρευσις,
694 2533 767 2598 ὠς
796 2533 865 2587 τὰ
906 2534 1043 2587 ἄλλα
1071 2529 1181 2585 τῶν
1211 2529 1428 2595 κοινῶν,
1467 2523 1542 2584 ὧν
1583 2530 1674 2582 καὶ
1703 2527 1766 2582 τὸ

179 2629 408 2699 Πνεῦμα
439 2627 770 2698 συμμετέχει
796 2626 998 2689 αὐτοῖς.

780 2903 1159 2962 KEIMENUN.

255 3005 319 3070 ζ’.
369 3004 531 3058 Ἀλλὰ
554 3003 661 3074 γὰρ
709 3004 1069 3074 ἐκπορεύεται
1102 3003 1164 3056 τὸ
1215 3001 1440 3072 Πνεῦμα
1485 3001 1580 3056 τοῦ
1615 2998 1769 3059 Υίοῦ.

180 3096 244 3148 Τί
276 3095 481 3165 δήποτε
509 3094 946 3163 προσλαμϐάνον,
992 3093 1129 3162 ὅπερ
1158 3091 1258 3144 οὐκ
1287 3091 1445 3162 ἔσχεν
1474 3092 1770 3164 ἐκπορευό-

1865 1973 2131 2027 seaturire
2159 1971 2425 2040 Spiritum
2458 1969 3226 2042 praedicat,quemadmodum
3257 1979 3312 2024 et
3336 1966 3442 2022 Pa-

1866 2074 1951 2116 ter
2001 2064 2177 2132 ipsum
2211 2062 2399 2128 mittit,
2425 2061 2708 2130 profundit
2735 2061 3099 2131 scaluritque.
3121 2060 3258 2116 Cum
3294 2061 3442 2116 enim

1865 2171 2041 2226 neque
2079 2153 2316 2226 Spiritus
2357 2156 2575 2210 dicatur
2599 2154 2842 2224 Spiritus
2881 2168 3061 2222 neque
3094 2152 3330 2222 Spiritus
3361 2155 3442 2206 vel

1866 2264 1925 2303 se
1959 2249 2139 2319 ipsum
2168 2249 2252 2303 vel
2289 2249 2458 2302 alium
2501 2246 2738 2312 mittere,
2787 2245 3118 2316 profundere
3167 2255 3222 2300 et
3258 2259 3446 2301 scatu-

1865 2342 1979 2397 rire
2016 2341 2367 2410 praedicetur,
2397 2339 2749 2396 manifestum
2774 2349 2856 2395 est
2878 2341 3166 2410 pradictas
3196 2342 3445 2408 proprie-

1867 2444 2005 2489 tates
2037 2449 2230 2490 omnes
2266 2434 2486 2490 duabus
2520 2433 2790 2488 duntaxat
2823 2433 3118 2488 convenire
3147 2434 3396 2502 personis
3428 2449 3442 2495 ;

1869 2528 2077 2584 idcirco
2116 2544 2216 2584 nec
2255 2529 2334 2583 sic
2373 2542 2667 2584 commune
2698 2525 2830 2597 quid
2877 2527 2983 2582 erit
3015 2521 3197 2581 Patris
3236 2535 3292 2581 et
3324 2524 3447 2579 Filii

1867 2619 2149 2690 processio
2201 2619 2483 2689 Spiritus,
2541 2628 2602 2673 ut
2661 2618 2870 2689 reliqua
2922 2626 3052 2673 sunt
3107 2619 3447 2683 communia,

1868 2729 2103 2784 quorum
2153 2728 2260 2767 una
2300 2727 2425 2768 cum
2466 2713 2602 2784 ipsis
2640 2711 2883 2783 Spiritus
2914 2726 3134 2781 quoque
3174 2711 3450 2781 particeps

1869 2812 1972 2858 05L

2504 2894 2806 2953 TEXTUS.

1943 2988 1999 3046 7.
2042 2990 2148 3047 Sed
2175 2991 2318 3046 enim
2350 2991 2594 3060 procedit
2643 2991 2881 3082 Spiritus
2909 3006 2936 3046 a
2979 2989 3137 3047 Filio.
3171 2991 3344 3059 Quam
3377 2995 3449 3048 ob

1875 3086 2135 3141 causam?
2167 3082 2236 3140 Ut
2266 3085 2475 3140 scilicet
2504 3086 2713 3155 aliquid
2747 3086 3000 3155 accipiat,
3025 3088 3171 3156 quod
3203 3102 3312 3140 non
3349 3086 3449 3140 ha-

183 3205 347 3259 μενον
380 3188 474 3240 τοῦ
501 3187 742 3256 Πατρός;
779 3185 842 3239 ΕΞ
901 3185 1000 3256 μέν
1034 3185 1140 3255 γὰρ
1181 3183 1298 3238 ἐστι
1348 3202 1401 3238 τι
1456 3185 1640 3238 λασείν
1671 3185 1764 3240 καὶ

1877 3178 1996 3233 buit
2025 3178 2325 3248 procedens
2359 3193 2388 3232 a
2417 3179 2598 3233 Patre.
2635 3175 2754 3232 Jam
2793 3193 2920 3232 vero
2944 3178 2988 3233 si
3025 3186 3204 3249 potest
3231 3179 3444 3234 admitti

178 3283 380 3341 εἰπεῖν,
417 3277 445 3328 ὃ
481 3278 833 3347 προσείληφε,
868 3278 984 3341 πῶς
1028 3277 1147 3347 οὐχὶ
1176 3278 1343 3347 χωρὶς
1386 3278 1485 3347 τῆς
1522 3278 1764 3348 προσλή-

177 3373 329 3440 «iam;
363 3370 590 3434 ἀτελέςς
624 3370 655 3438 ἢ
707 3369 923 3431 πάντως
953 3385 1016 3437 γε
1061 3369 1198 3437 μετὰ
1226 3369 1285 3422 τὸ
1318 3369 1681 3439 προσλαὸεἷνς
1717 3371 1766 3422 εἰ

180 3463 236 3514 δὲ
273 3461 445 3530 μηδὲν
495 3459 857 3530 προσείληφεν
893 3460 1208 3530 (ἐπιφύεται
1250 3463 1358 3531 γὰρ
1393 3461 1672 3516 κάνταῦθα
1702 3461 1770 3516 τά

180 3569 238 3604 τε
274 3552 437 3615 ἄλλα,
484 3553 577 3605 καὶ
607 3555 665 3605 τὸ
695 3553 914 3606 διπλοῦν
963 3555 1056 3607 καὶ
1099 3552 1373 3621 σύνθετον,
1421 3555 1769 3624 καταθρασυ-

183 3644 416 3710 νὸμενον
448 3644 547 3713 τῆς
582 3645 756 3713 ἁπλῆς
789 3661 847 3696 τε
879 3645 976 3698 καὶ
999 3645 1292 3698 ἀσυνθέτου
1336 3645 1595 3716 φύσεως),
1623 3650 1705 3709 τίς
1732 3650 1760 3699 ὁ

181 3735 344 3802 λόγος
376 3736 474 3804 τῆς
500 3736 652 3789 οὐδὲν
681 3739 984 3808 παρασχεῖν
1009 3737 1315 3808 δυναμένης
1345 3738 1724 3807 ἐκπορεῦσεως
1752 3753 1766 3804 ;

180 3833 255 3894 η’.
293 3827 366 3879 Σὺ
400 3827 454 3878 δέ
487 3827 580 3880 καὶ
614 3827 769 3880 τοῦτο
797 3829 1078 3898 λογισμοῖς
1105 3828 1416 3885 ἐπισκόπει.

743 4109 842 4163 ΑΝ
848 4104 1140 4164 ΤΙΡΡΗΣΙ
1141 4111 1186 4162 Σ
1190 4147 1205 4162 .

256 4196 334 4254 Ζ’.
353 4197 494 4252 Ἀλλ’
516 4198 614 4252 οὐκ
642 4197 750 4269 ἰδία
774 4199 872 4268 μέν
897 4201 960 4252 ἐκ
980 4199 1217 4269 Πατρδς,
1241 4200 1347 4272 ἰδίᾳ
1369 4201 1424 4254 δέ
1444 4202 1508 4255 ἐκ
1528 4202 1622 4255 τοῦ
1648 4203 1776 4264 Υίοῧ

1871 3279 2037 3340 atque
2063 3268 2346 3332 aiiirmari,
2378 3270 2524 3339 quod
2566 3270 2810 3338 Spiritus
2855 3269 2982 3322 hinc
3025 3269 3230 3338 aliquid
3269 3270 3445 3338 pluris

1881 3364 2178 3432 acceperit,
2217 3363 2495 3432 quomodo
2534 3377 2638 3416 non
2671 3363 2878 3432 absque
2911 3362 3057 3417 illius
3077 3365 3451 3434 assumptione

1869 3464 1986 3510 erat
2019 3455 2369 3525 imperfectus
2395 3455 2417 3508 ?
2447 3453 2541 3510 Vel
2566 3456 2794 3510 omnino
2817 3465 2941 3526 post
2969 3456 3100 3510 illud
3126 3458 3451 3526 acceptum?

1871 3545 2006 3601 Nam
2049 3548 2179 3602 hinc
2219 3563 2437 3618 quoque
2484 3558 2829 3619 sequeretur,
2885 3565 3046 3619 posse
3093 3551 3160 3604 de
3208 3551 3443 3620 simﬂiei

1870 3650 2034 3709 atque
2062 3641 2482 3710 compositionis
2505 3651 2724 3710 experte
2758 3651 2952 3695 natura
2985 3642 3361 3710 duplicitatcm
3394 3655 3449 3698 et

1873 3733 2332 3801 compositionem
2368 3733 2674 3803 praedicari.
2703 3733 2798 3789 Sin
2834 3749 2962 3789 vero
2989 3735 3063 3788 nil
3096 3735 3267 3805 pluris
3293 3751 3452 3793 accc-

1875 3824 1973 3891 pit,
2002 3839 2254 3894 quanam
2293 3834 2378 3879 est
2411 3826 2552 3880 ratio
2587 3827 2937 3898 (necessitas)
2969 3830 3334 3896 processionis
3374 3833 3453 3882 ni-

1881 3916 1957 3970 bil
1997 3917 2229 3971 omnino
2265 3927 2524 3985 prastare
2559 3918 2832 3973 valentis?
2880 3920 2935 3974 8.
2974 3917 3055 3971 Tu
3087 3935 3214 3972 vero
3252 3931 3307 3974 et
3349 3923 3452 3974 hoc

1875 4022 2032 4077 aequa
2061 4009 2213 4064 lance
2239 4009 2441 4078 judicis
2471 4011 2738 4079 pondera.

2447 4101 2891 4158 REFUTATIO.

1952 4192 2063 4249 νη.
2107 4193 2214 4249 Sed
2247 4210 2356 4250 non
2387 4196 2626 4250 seorsim
2663 4211 2725 4250 ex
2765 4197 2944 4256 Patre,
2995 4210 3102 4250 non
3129 4197 3357 4251 seorsim
3386 4215 3454 4252 ex

183 4289 246 4342 τὸ
297 4287 525 4358 Πνεῦμα
553 4288 615 4341 τὸ
661 4288 817 4356 ἅγιον
870 4291 1252 4359 ἐκπορεύεται,
1289 4292 1390 4359 μία
1418 4292 1476 4346 δέ
1523 4295 1607 4358 τίς
1663 4296 1778 4348 ἐστι

1879 4283 2020 4339 Filio
2055 4284 2293 4354 Spiritus
2322 4296 2584 4353 sanctus;
2626 4301 2814 4343 verum
2852 4303 2959 4342 una
2993 4297 3077 4344 est
3113 4289 3285 4358 ipsius
3322 4305 3451 4360 pro-

183 4380 282 4432 καὶ
315 4379 466 4448 ἁπλῆ
496 4381 530 4450 ἠ
578 4381 764 4434 τούτου
796 4382 1121 4451 ἐκπόρευσις
1149 4383 1219 4437 δι’
1265 4383 1398 4437 Υίοῦ
1445 4388 1509 4437 ἐκ
1536 4386 1777 4456 Πατρός·

1879 4378 2062 4432 cessio
2085 4391 2183 4449 per
2208 4377 2406 4432 Filium
2439 4394 2503 4434 es
2525 4377 2708 4443 Patre,
2735 4395 2842 4434 una
2871 4388 2924 4434 et
2955 4381 3205 4448 simplex.
3234 4381 3297 4436 Et
3319 4397 3457 4452 quo—

183 4472 282 4524 καὶ
327 4471 450 4533 πῶς
501 4471 568 4525 ἂν
599 4471 782 4542 χώραν
813 4473 993 4543 σχοῖεν
1028 4490 1149 4528 τινα
1195 4476 1252 4527 ai
1300 4476 1665 4546 πλαττόμεναί
1696 4493 1777 4530 σοι

1885 4479 2046 4522 mouo
2081 4478 2211 4524 tunc
2237 4470 2416 4525 locum
2447 4472 2723 4527 habebunt
2766 4473 3114 4542 aceeptlones
3145 4476 3247 4528 illae
3276 4485 3329 4528 et
3361 4491 3455 4529 as-

184 4561 549 4630 προσλήψεις,
583 4563 678 4615 καὶ
705 4562 765 4614 τὸ
798 4562 923 4634 δίχα
955 4563 1054 4633 τῆς
1101 4565 1459 4636 προσλήψεως
1491 4543 1704 4633 ἀτελὲς,
1735 4569 1768 4639 ἢ

1881 4559 2225 4628 sumptiones
2279 4576 2308 4615 a
2347 4573 2398 4614 te
2433 4562 2700 4628 confictae,
2745 4573 2908 4632 atque
2952 4564 3292 4632 imperfectio
3337 4566 3451 4628 illa,

187 4650 309 4711 πῶς
362 4649 430 4704 ἂν
483 4652 544 4704 τὸ
602 4652 824 4706 διπλοῦν
875 4653 1345 4726 καταθρασυνθείη
1402 4657 1618 4725 φύσεως
1673 4659 1774 4728 τῆς

186 4740 372 4811 ἁπλῆς
398 4758 455 4794 τε
489 4743 581 4794 uel:
609 4743 905 4797 ἀσυνθέτου
931 4761 948 4810 ;

785 4927 1153 4982 KEIMENON
1161 4967 1174 4981 .

256 5017 320 5070 Εἰ
347 5017 605 5083 γεννᾶται
629 5018 730 5086 μέν
752 5019 781 5070 ὁ
803 5017 929 5080 Υἱὸς
951 5020 1015 5072 ἐκ
1036 5017 1130 5072 τοῦ
1160 5021 1392 5089 Πατρὸς,
1414 5022 1771 5092 ἐκπορεύεται

184 5107 240 5159 δὲ
269 5106 333 5159 τὸ
384 5105 609 5175 Πνεῦμα
655 5105 749 5158 τοῦ
791 5106 946 5173 Υίοῦ,
971 5109 1055 5172 τίς
1101 5109 1168 5164 ἂν
1219 5112 1530 5181 ἐπινοηθείη
1587 5116 1772 5184 σχέσις

183 5198 342 5263 ἄλλη,
375 5197 597 5269 καθ“”ῆν
626 5199 800 5252 καὶτὸ
830 5198 1056 5268 Πνεῦμα
1086 5203 1184 5271 τῆς
1220 5203 1406 5270 ἐτέρου
1441 5210 1770 5274 προαγωγῆς

183 5288 366 5355 ἐαυτῷ
395 5288 456 5340 τὸ
512 5293 802 5360 προνόμιον
833 5291 1188 5345 συνδιασώσει
1236 5293 1329 5345 καὶ
1358 5295 1455 5362 τῆς
1497 5296 1769 5364 ὀμοφυοῦς

186 5381 498 5444 οὖσιώσεως
531 5383 592 5434 οὐ
628 5383 874 5450 φαυλίσει
903 5384 1206 5454 τὺηὰξίωμα
1235 5402 1246 5449 ζ

737 5475 1197 5529 ΑΝΥΙΡΡΗΣῘΣ.

257 5564 341 5620 η’.
391 5563 521 5619 Ἐὰν
551 5565 854 5635 φαυλισμὸν
878 5567 972 5619 τοῦ
1003 5568 1313 5639 ἀξιώματος
1351 5573 1449 5643 τῆς
1494 5575 1765 5645 ὁμοφυοῦς

188 5654 496 5720 οὺσιὼσεως
529 5659 636 5729 ἡγῇ
669 5658 730 5710 τὸ
759 5662 833 5728 μὴ
879 5660 1217 5732 προάγεσθαι
1249 5664 1343 5717 καὶ
1379 5667 1441 5718 ἐκ
1468 5666 1562 5719 τοῦ
1592 5668 1762 5721 Πνεῦ-

1880 4666 2046 4722 quam
2079 4651 2198 4707 sine
2217 4652 2322 4706 illis
2355 4653 2683 4718 incurreret,
2736 4664 2831 4710 aut
2857 4657 3132 4724 quomodo
3161 4657 3454 4726 duplicitas

1880 4744 2200 4810 praevalebit
2232 4757 2425 4801 contra
2470 4756 2722 4802 naturam
2763 4749 3066 4818 simplicem
3099 4759 3151 4803 et
3177 4753 3454 4821 composi-

1877 4835 2040 4892 tionis
2068 4845 2342 4908 expertem
2380 4839 2499 4902 (πη

2518 4930 2816 4991 TEXTUS.

1954 5028 2010 5082 Si
2051 5028 2293 5083 nascitur
2334 5027 2548 5096 quidem
2593 5026 2767 5084 Filius
2799 5044 2828 5083 ι
2860 5028 3037 5092 Patre,
3084 5030 3324 5098 procedit
3353 5043 3452 5084 au-

1880 5132 1985 5174 tem
2017 5118 2255 5189 Spiritus
2282 5134 2310 5173 a
2345 5119 2503 5185 Filio,
2561 5136 2811 5191 quaenam
2845 5122 2948 5175 alia
2994 5121 3183 5177 relatio
3225 5125 3451 5194 excogi-

1878 5214 1977 5268 tari
1998 5221 2181 5281 queat,
2215 5228 2309 5283 per
2338 5229 2502 5283 quam
2531 5222 2586 5268 et
2615 5214 2850 5285 Spiritus
2878 5214 2978 5268 sibi
3001 5223 3285 5270 conservet
3309 5231 3450 5283 pra:-

1874 5303 2170 5371 rogativam
2201 5304 2714 5371 producendialiam
2745 5319 3054 5372 personam,
3083 5319 3182 5359 nec
3207 5320 3236 5358 a
3269 5306 3445 5376 digni-

1872 5403 1981 5447 tate
2028 5393 2358 5462 uequalitatis
2401 5403 2452 5445 et
2481 5395 3070 5450 consubstantialitatis
3118 5397 3447 5466 degeneret?

2438 5484 2880 5542 REFUTATIO.

1940 5577 2070 5631 Vill.
2097 5576 2301 5644 Quodsi
2333 5580 2610 5634 existimas
2647 5580 3115 5648 degenerationem
3135 5598 3164 5636 a
3182 5584 3443 5654 dignitate

1869 5671 2887 5740 aequalitatisetconsubstantialitatis,
2906 5687 3011 5726 non
3038 5675 3264 5740 produci
3280 5681 3442 5729 etiam

261 5812 340 5882 (α)
397 5810 532 5866 Vide
580 5813 1079 5871 animadversiones
1143 5816 1200 5871 in
1251 5817 1428 5876 Pliotii
1478 5821 1675 5877 librum
1711 5826 1778 5880 de
1811 5822 1958 5895 Spir.
1995 5825 2053 5880 S.
2097 5825 2448 5900 Mystagogia,
2487 5839 2588 5886 art.
2621 5829 2707 5899 IV,
2738 5830 2763 5901 §
2794 5832 2846 5886 4.

515 5908 788 5972 Panos.
839 5911 954 5975 Gn.
994 5911 1190 5974 CXLI.

2979 5927 3052 5986 Ἡ
