4214 6448
769 338 876 406 ’ΖΠ

1796 334 2018 397 ΙΟᾹΝ.
2060 334 2274 399 VECCI
2312 336 2419 396 ΕΡ.
2462 335 2975 399 ΡΑΤΠἸΑΙΙΕΗΑΞ

3943 344 4058 407 748

770 470 835 510 ex
867 449 1076 524 Spiritu
1118 447 1374 509 alterum,
1409 461 1468 499 ex
1506 454 1595 499 tua
1630 461 1845 516 quoque
1879 447 2147 500 sententia
2185 444 2354 499 Filius

2462 463 2628 517 ματος
2661 447 2868 517 ἕτερον,
2903 449 2987 518 εἴη
3026 448 3091 502 ἂν
3121 448 3258 503 κατὰ
3293 450 3351 503 σὲ
3385 450 3481 503 καὶ
3506 450 3535 502 6
3566 451 3690 516 Yib;
3727 450 3785 505 τὺ
3819 451 4057 524 ἀξίωμα

768 536 1123 612 degenerabit
1182 556 1211 593 a
1272 538 1535 609 dignitate
1583 538 2175 610 consubstantialitatis
2220 552 2343 591 cum

770 634 952 695 Patre.
986 631 1088 688 nisi
1118 637 1174 686 et.
1203 631 1339 700 ipse,
1370 628 1833 700 quemadmodum
1872 627 2051 696 Pater,
2088 630 2159 683 sit
2189 643 2347 698 gene-

767 743 920 783 rans.
968 722 1164 780 Verum
1201 722 1363 778 sicuti
1412 720 1533 775 Filii
1572 720 1797 791 quidem
1843 720 2083 776 essentia
2126 736 2232 773 non
2264 728 2349 775 est

768 817 1111 891 generativa,
1157 816 1520 871 nihilominus
1576 821 1759 869 autem
1809 812 1981 870 Filius
2012 830 2041 867 a
2089 810 2350 882 dignitate

766 909 1359 968 consubstantialitatis
1392 923 1518 963 cum
1561 908 1722 962 Patre
1760 922 1870 961 non
1906 908 2233 976 degenerat:
2273 907 2349 959 ita

766 1011 821 1059 et
865 1001 1105 1073 Spiritus
1139 1001 1306 1055 alium
1347 1001 1570 1071 quidem
1613 1015 1721 1055 non
1769 998 2052 1070 producit,
2096 1009 2155 1050 ιιι
2192 996 2352 1052 Pater

767 1105 823 1151 et
856 1094 1050 1159 Filius,
1079 1093 1399 1165 dignitatem
1431 1103 1611 1147 tamen
1636 1089 2224 1147 consubstantialitatis
2247 1091 2350 1143 mi-

769 1189 917 1243 nime
948 1187 1149 1241 amittit
1182 1188 1264 1240 vel
1304 1184 1579 1239 adulterat
1613 1184 1717 1253 (ο).

1404 1276 1707 1333 TEXTUS.

837 1393 893 1447 9.
934 1390 1049 1446 [loc
1086 1391 1214 1445 item
1250 1389 1577 1444 considera:
1610 1388 1667 1443 Si
1700 1387 1934 1458 Spiiitus
1969 1402 1997 1440 a
2028 1385 2187 1441 Patre
2222 1399 2349 1454 pro-

765 1483 969 1541 cedens
1010 1482 1171 1536 eliatn
1216 1497 1245 1534 a
1293 1479 1433 1535 Filio
1484 1481 1762 1550 procedit,
1812 1495 2064 1550 quaenam
2115 1476 2352 1533 obstabit

768 1574 909 1631 ratio
947 1590 1015 1628 ne
1059 1575 1372 1626 necessario
1400 1575 1454 1642 (ο
1486 1581 1720 1626 mentem
1754 1586 1897 1625 mera
1925 1570 2131 1625 ebriam
2164 1569 2355 1639 impie-

768 1666 936 1735 tate!)
972 1664 1225 1723 concidat
1257 1664 1701 1719 constantissima
1736 1663 2059 1718 idiomatum
2096 1662 2346 1729 firmitas,

2449 538 2725 605 φαυλίζων
2755 540 2854 607 τῆς
2884 538 3017 609 πρὸς
3048 539 3139 593 τδν
3168 540 3386 612 Πατέρα
3406 543 3681 612 ὁμοφυοῦς
3703 543 4055 610 οιῦσιώσεως,

2451 630 2548 683 ἐὰν
2600 631 2675 702 μὴ
2725 632 2865 684 κατὰ
2896 633 2988 684 τὸν
3038 633 3256 703 Πατέρα
3309 636 3477 707 γεννᾷ
3528 636 3623 689 καὶ
3674 638 3884 702 αὐτός’
3930 639 4061 691 ἀλλ’

2450 718 2639 789 ὥσπερ
2667 720 2765 773 οὐκ
2793 719 2908 773 ἐστι
2938 723 3038 790 μὲν
3062 724 3358 796 γεννητική
3380 728 3412 797 ἡ
3433 726 3525 779 τοῦ
3549 726 3680 780 Υίοῦ
3706 729 3887 794 οὐσία,
3923 729 4053 782 ἔστι

2443 810 2495 863 δ’
2526 810 2675 878 ὅμως
2703 812 2731 864 6
2770 810 2893 876 Υίδς
2922 811 2985 863 τὺ
3014 813 3233 883 ἀξίωμα
3251 816 3350 885 τῆς
3377 815 3515 887 πρὸς
3545 816 3637 870 τὸν
3666 817 3893 890 Πατέρα
3920 820 4061 889 ὀμο-

2452 904 2622 974 φυοῦς
2654 907 2965 971 οὑσιώσεως
2995 909 3058 961 οὐ
3091 909 3389 977 φαυλίζων,
3415 910 3560 966 οὕτω
3604 912 3701 967 καὶ
3727 914 3790 966 τὸ
3820 915 4061 984 Πνεῦμα

2452 998 2512 1050 ού
2545 998 2780 1068 προάγει
2816 1000 2914 1071 μὲν
2947 1002 3135 1071 ἕτερον
3160 1002 3233 1066 ὠς
3260 1004 3289 1056 6
3320 1004 3511 1074 Πατὴρ
3539 1005 3632 1060 καὶ
3665 1008 3693 1061 6
3724 1007 3878 1070 Υἱὸς,
3908 1009 3977 1061 τὸ
4002 994 4067 1061 δὲ’

2452 1089 2669 1162 ἀξίωμα
2695 1090 2846 1162 ὅμως
2882 1092 2982 1165 τῆς
3007 1093 3283 1166 ὀμοφυοῦς
3323 1094 3635 1161 ούσιώσεως
3670 1097 3732 1152 οὐ
3762 1100 4056 1169 φαυλίζει.

3054 1283 3444 1339 ΚΕΙΜΕΝΟΝ.

2528 1390 2593 1447 θ’.
2632 1392 2774 1463 Ὅρα
2809 1391 2864 1446 δὲ
2910 1393 3245 1449 κάντεῦθενο
3285 1396 3345 1449 ΕΙ
3376 1397 3469 1450 τοῦ
3506 1398 3717 1470 Πατρδς
3754 1398 4062 1471 ἐκπορευό-

2458 1502 2621 1554 μενον
2671 1487 2731 1538 τδ
2768 1484 2992 1555 Πνεῦμα
3043 1488 3140 1541 καὶ
3187 1487 3280 1541 τοῦ
3335 1488 3467 1543 Υίοῦ
3523 1490 3910 1562 ἐκπορεύεται,
3970 1493 4058 1553 τίς

2455 1579 2831 1631 ἀντιπεσεῖται
2885 1577 3040 1646 λόγος
3088 1579 3164 1649 μὴ
3214 1583 3545 1634 καταπεσεῖν
3587 1582 3648 1650 ἐξ
3695 1581 3950 1651 ἀνάγκης
3990 1580 4061 1653 [ῶ

2456 1668 2651 1738 φρενὸς
2699 1670 2936 1739 ἄκρατον
2971 1669 3279 1741 μεθυούσης
3327 1672 3427 1744 τὴν
3473 1672 3797 1746 ἀσέϐειανε]
3844 1674 3908 1726 τὸ
3941 1674 4060 1727 τῶν

769 1771 823 1817 et
867 1757 1364 1827 Pater(propitius
1418 1757 1489 1811 sit
1543 1756 1703 1811 nobis
1752 1764 1805 1810 et
1855 1755 2250 1824 blasphemiam
2294 1754 2349 1808 in

2462 1762 2765 1831 ἰδιωμάτων
2799 1762 3193 1831 ἀμετάπτωτον
3224 1764 3319 1816 καὶ
3345 1765 3373 1816 6
3406 1764 3595 1834 Πατὴρ
3620 1764 3807 1834 [ἵλεως
3836 1765 3883 1819 δ’
3918 1767 4059 1833 ἡμῖν

768 1868 959 1909 eorum
995 1850 1171 1921 capita
1219 1858 1504 1904 convertat
1534 1846 1638 1920 [αι.
1668 1848 1720 1903 in
1752 1848 2194 1904 adversariorum
2259 1861 2320 1901 ea

771 1940 904 2014 pita]
933 1956 1164 2012 quorum
1202 1955 1366 1995 causa
1404 1941 1520 1995 hate
1578 1940 1881 2009 loquimur)
1950 1939 2158 1993 nudum
2192 1938 2355 1993 relin-

776 2044 980 2107 quatnr
1006 2049 1207 2090 nomen
1225 2033 1247 2088 ?
1264 2032 1543 2088 communi
1563 2032 1771 2088 scilicet
1788 2031 1936 2085 facto
1962 2031 2218 2086 idiomate
2236 2032 2351 2095 illo,

769 2149 879 2202 quo
900 2134 1016 2203 ipse
1048 2129 1398 2196 discernitur,
1425 2138 1589 2198 atque
1619 2127 1674 2181 in
1704 2142 1868 2181 unam
1896 2141 2184 2196 personam
2218 2140 2355 2181 con-

770 2225 961 2280 tractis
1004 2232 1058 2277 et
1103 2221 1353 2277 confusis
1392 2218 1872 2289 (coalescentilms)
1905 2218 2121 2274 duabus
2153 2218 2355 2273 divinis

772 2315 1189 2388 ltypostasibus;
1221 2314 1410 2382 sicque
1442 2326 1659 2367 rursum
1692 2321 1935 2379 emerget
1970 2312 2129 2366 nobis
2162 2311 2352 2366 Sabel-

772 2412 918 2476 tius,
988 2409 1100 2463 imo
1160 2414 1465 2461 monstrum
1531 2404 1750 2475 aliquod
1820 2403 2350 2459 semisabellianum.

774 2503 860 2559 lt).
902 2500 1087 2571 Neque
1127 2515 1258 2554 vero
1305 2498 1617 2567 generatio,
1655 2512 1776 2567 qua:
1823 2511 1971 2552 nunc
2012 2498 2064 2551 in
2099 2494 2235 2551 Filio
2268 2496 2354 2550 in-

771 2594 1037 2665 telligitur
1066 2600 1121 2645 et
1150 2590 1205 2643 in
1239 2587 1642 2658 subterfugium
1679 2587 2037 2642 absurditatis
2069 2586 2353 2656 objieltur,

770 2686 1034 2741 leniorem
1066 2683 1337 2735 ullatenus
1367 2679 1899 2747 tolet'alailioremque
1920 2677 1995 2747 (ὑ)
2018 2678 2353 2745 impietatem

771 2779 933 2832 istam
962 2771 1178 2836 eﬂiciet,
1203 2786 1324 2839 qua:
1355 2771 1408 2824 in
1444 2779 1727 2840 paternam
1764 2770 2011 2836 exsurgit
2045 2768 2352 2836 proprieta-

771 2882 916 2931 tem,
964 2881 1086 2935 quae
1139 2864 1350 2918 scilicet
1394 2861 1619 2915 denotat
1665 2858 2037 2930 processionis
2090 2873 2353 2923 causam;

766 2975 899 3016 cum
933 2959 1049 3012 haec
1076 2957 1195 3026 ipsa
1230 2951 1536 3010 secundum
1570 2951 1867 3020 impiorum
1913 2947 2203 3013 fabulasin
2232 2944 2353 3000 Filii

772 3051 1099 3108 retundatur
1146 3055 1201 3102 et
1241 3044 1667 3101 commiseeatur
1709 3030 2123 3111 proprietatem.
2173 3036 2359 3093 Sectio

2462 1858 2545 1924 εἴη
2576 1854 2671 1907 καὶ⁵
2693 1854 2756 1939 τὸ
2784 1853 3103 1924 βλάσφημον
3129 1855 3207 1916 είς
3230 1854 3327 1918 τὰς
3355 1855 3461 1909 τῶν
3487 1855 3673 1909 αἰτίων
3699 1857 3776 1926 (Ι)
3794 1857 4062 1925 τρέποιτο

2465 1945 2707 2016 κεφαλάς
2736 1944 2776 2017 Ι]
2803 1943 2958 2014 ψιλὸν
2998 1946 3065 1999 ἂν
3097 1945 3182 2015 εἴη
3213 1947 3662 2017 περιλειπόμενον
3696 1949 3893 2017 ὄνομα,
3941 1965 4063 2002 κοι-

2464 2038 2846 2110 νοποιηθὲντος
2872 2039 2973 2111 ἤδη
3007 2039 3101 2093 τοῦ
3142 2039 3640 2111 χαρακτηρίξοντος
3687 2042 3851 2096 αὑτὸν
3908 2041 4061 2095 tam».

2466 2150 2655 2204 ματος,
2694 2134 2788 2186 καὶ
2839 2134 2918 2196 είς
2952 2131 3010 2185 ἓν
3060 2134 3353 2205 πρόσωπον
3378 2133 3490 2187 τῶν
3520 2134 3613 2188 δύο
3660 2134 4065 2204 συναλειφομέ-

2462 2245 2569 2281 νων
2589 2226 2896 2298 θεαρχικῶν
2919 2226 3273 2281 ὑποστάσεως)
3300 2246 3312 2259 ·
3343 2229 3437 2282 καὶ
3462 2230 3867 2302 ἀναϐλαστήσει
3894 2231 4064 2286 πάλιν

2464 2321 2594 2389 ἡμῖν
2610 2322 2636 2373 ὀ
2652 2320 3055 2392 Σαϐέλλιοςβ),
3079 2322 3280 2391 μᾶλλον
3305 2324 3363 2377 δέ
3386 2342 3437 2378 τι
3464 2323 3625 2396 τέρας
3643 2326 3829 2397 ἕτερον
3852 2329 4065 2397 ἡμισα-

2463 2410 2723 2464 6ἐλλειον.
2762 2417 2815 2466 ι’.
2848 2412 3007 2466 Ὀὐδὲ
3038 2414 3145 2484 γὰρ
3170 2415 3279 2468 οὐδ’
3314 2416 3348 2487 ὴ
3387 2417 3532 2470 κατά
3554 2417 3646 2470 τὸν
3682 2417 3809 2471 Υἰὸν
3840 2419 4061 2473 ἐννοου-

2468 2500 2606 2570 μένη
2623 2502 2739 2555 νυνὶ
2752 2503 2844 2555 καὶ
2867 2504 3259 2577 προτεινομένη
3278 2506 3413 2578 πρὸς
3433 2508 3723 2579 ἀποφυγὴν
3738 2508 3832 2562 τοῦ
3851 2512 4063 2579 ἀτοπή-

2467 2611 2634 2663 ματος
2656 2596 2907 2665 γέννησις
2930 2595 3195 2667 οΰμενουν
3217 2598 3369 2652 οὐδὲν
3392 2601 3750 2671 ἀνεκτότερον
3772 2602 3833 2655 τὸ
3855 2603 4063 2673 δύσφηο

2467 2701 2567 2754 μον
2623 2685 2996 2755 ἀπεργάσοιτο
3045 2688 3139 2741 τοῦ
3194 2691 3465 2760 πατρικοῦ
3521 2692 3847 2763 ἰδιώματος,
3916 2697 4064 2765 λέγω

2460 2774 2528 2845 δὴ
2555 2774 2648 2828 τοῦ
2680 2776 2966 2845 δηλοῦντος
2989 2776 3050 2829 τὸ
3073 2780 3172 2847 τῆς
3202 2780 3587 2849 ὲκπορεύσεως
3626 2785 3799 2837 αἴτιον
3820 2802 3835 2815 ·
3864 2786 4063 2840 τούτου

2462 2866 2527 2938 δὴ
2550 2870 2741 2920 τούτου
2774 2869 2916 2922 κατά
2947 2868 3077 2932 τοὺς
3100 2870 3210 2922 τῶν
3237 2870 3515 2924 δυσσεσῶν
3540 2874 3743 2943 μύθους
3773 2877 3853 2939 είς
3884 2878 3949 2928 τὸ
3972 2877 4065 2929 τοῦ

2465 2956 2597 3011 Υίοῦ
2628 2959 2998 3029 ἀναχεομένου
3027 2975 3085 3013 τε
3117 2960 3212 3014 καὶ
3244 2960 3665 3032 συνθλιῦομένου
3707 2963 3932 3035 [δίωμα-
3969 2983 4067 3018 κα-

2465 3050 2676 3120 τατομὴ
2710 3048 2821 3120 γὰρ
2858 3049 3022 3104 πάλιν
3067 3051 3162 3105 καὶ
3190 3051 3459 3123 διαίρεσις
3495 3054 3591 3107 καὶ
3633 3055 3728 3109 τοῦ
3760 3058 4066 3129 ἀμερίστου

772 3145 918 3201 enim
964 3156 1158 3196 rursus
1203 3145 1255 3193 et
1298 3136 1522 3207 partitio
1567 3144 1736 3204 atque
1776 3133 1997 3188 indivisi
2043 3132 2261 3187 divisio.
2298 3129 2355 3184 Si

2469 3143 2735 3212 μερισμός
2761 3158 2774 3171 ⁸
2801 3143 2848 3195 εἰ
2885 3142 2995 3215 γάρ
3022 3144 3083 3197 τὸ
3126 3143 3226 3213 μὲν
3274 3145 3441 3199 αὐτοῦ
3485 3147 3597 3200 τῶν
3642 3149 3955 3217 ἰδιωμάτων
3984 3150 4065 3203 δε-

772 3235 917 3289 enim
963 3246 1132 3287 unum
1186 3230 1510 3284 idiomatum
1575 3240 1803 3282 suorum
1847 3225 1942 3280 dat
1978 3225 2137 3280 Pater
2193 3232 2251 3279 et
2289 3222 2357 3278 de

777 3328 1131 3397 proprietate,
1194 3336 1301 3393 qua
1357 3321 1473 3391 ipse
1521 3334 1618 3389 per
1658 3318 1791 3373 illud
1847 3316 2224 3388 distinguitur,
2274 3330 2359 3369 re-

775 3421 915 3475 cedit
938 3457 955 3483 ,
998 3416 1145 3471 aliud
1178 3429 1309 3469 vero
1341 3412 1663 3467 inviolatum
1700 3419 1904 3475 servat,
1936 3409 2213 3480 quomodo
2248 3423 2356 3464 non

774 3510 1101 3571 concedent,
1140 3514 1351 3577 partem
1385 3504 1607 3573 quidem
1645 3504 1817 3573 ipsius
1852 3504 1906 3557 in
1932 3504 2195 3557 idiomate
2227 3514 2359 3555 con-

776 3600 1045 3665 siderari,
1091 3607 1299 3667 partem
1329 3610 1462 3651 vero
1497 3612 1605 3650 una
1649 3611 1775 3650 cum
1813 3595 2090 3649 idiomatis
2134 3594 2361 3647 innova-

777 3694 924 3749 tione
944 3691 1149 3746 dividi?
1171 3689 1368 3743 Verum
1397 3689 1593 3743 horror
1614 3688 1781 3752 subit,
1813 3688 1960 3758 quod
1998 3695 2053 3740 et
2073 3686 2361 3754 hucusque

777 3785 995 3841 illorum
1047 3782 1441 3852 blasphemiam
1495 3780 1552 3833 in
1604 3780 1843 3833 medium
1896 3776 2360 3849 proferre.susti-

778 3879 1023 3934 nuimus.

1345 3966 1790 4023 REFUTA’TIO.

850 4085 941 4140 ΙΧ.
983 4083 1091 4141 Sed
1124 4098 1232 4139 non
1255 4092 1339 4138 est
1361 4083 1559 4136 idioma
1584 4089 1871 4152 paternum
1900 4079 2138 4149 Spiritus
2160 4094 2223 4133 ex
2245 4078 2363 4144 ipso

779 4178 1113 4250 pegressio,
1148 4191 1273 4231 cum
1310 4175 1363 4229 in
1397 4189 1459 4229 ea
1479 4172 1853 4229 communicet
1880 4182 1925 4227 et
1963 4171 2132 4225 Filius
2162 4186 2361 4225 set-nn-

779 4274 909 4327 dum
936 4272 1011 4338 id,
1040 4269 1183 4341 quod
1213 4284 1310 4339 per
1339 4268 1518 4337 ipsum
1550 4265 1788 4335 Spiritus
1812 4280 1877 4317 ex
1906 4263 2068 4319 Patre
2096 4267 2360 4332 procedu;

779 4374 945 4433 atque
990 4371 1279 4434 propterea
1320 4359 1641 4427 neutiquam
1684 4359 1993 4412 necessario
2034 4372 2096 4409 ex
2144 4371 2364 4425 proces-

783 4459 937 4511 s‘one
971 4456 1041 4508 ab
1083 4464 1315 4522 utroque
1357 4451 1739 4521 consequitur,
1774 4449 2062 4504 concidere
2104 4461 2364 4502 constan-

2461 3232 2625 3287 δωσιν
2650 3236 2679 3287 6
2702 3234 2913 3305 Πατὴρ,
2951 3236 3045 3289 καὶ
3077 3239 3179 3306 τῆς
3214 3238 3336 3289 κατ’
3383 3238 3516 3291 αὐτὸ
3544 3240 4067 3310 χαρακτηριζούςης

2460 3322 2624 3379 αὐτὸν
2672 3325 2954 3393 ἐξίσταται
2989 3327 3272 3398 ἰδιότητος,
3319 3326 3412 3383 τοῦ
3440 3329 3495 3382 δὲ
3542 3331 3808 3400 συντηρεῖ
3834 3330 3897 3383 τὸ
3926 3332 4069 3399 ἀκή-

2465 3433 2652 3487 ρατον.
2686 3418 2801 3481 πῶς
2830 3418 2950 3487 οὐχὶ
2979 3418 3039 3470 τὸ
3065 3419 3164 3488 μὲν
3186 3418 3355 3471 αὐτοῦ
3380 3419 3646 3472 δώσουσιν
3672 3420 4063 3493 ὲνθεωρεῖσθαι

2461 3508 2540 3578 τῷ
2574 3506 2850 3578 ίδιώματι,
2884 3507 2945 3560 τὸ
2971 3508 3026 3561 δὲ
3057 3510 3485 3579 συνδιαιρεῖσοαι
3516 3513 3581 3581 τῇ
3615 3512 3943 3581 καινοτομίᾳ
3971 3511 4064 3563 τοῦ

2466 3599 2793 3668 ίόιώματοςς
2839 3598 3003 3652 Ἀλλά
3030 3602 3140 3670 γὰρ
3170 3603 3417 3671 φρίττειν
3451 3601 3623 3665 ἐστιν,
3653 3603 3734 3656 ὅτι
3770 3604 3863 3654 καὶ
3898 3606 4065 3671 μέχρι

2463 3690 2669 3745 τούτων
2693 3693 2795 3762 τὴν
2829 3691 3181 3764 βλασφημίαν
3210 3693 3392 3747 αὐτῶν
3440 3698 3781 3765 προαγαγεῖν
3826 3695 4066 3764 ὕπηνέγ⁹

2465 3800 2535 3837 κα
2541 3800 2659 3854 μεν.

3034 3974 3491 4031 ΛΝΤΙΡΡΗΣΙΣ.

2536 4084 2615 4138 Θ’.
2634 4084 2887 4139 ’Δλλόὐκ
2912 4085 3028 4139 ἐστι
3057 4088 3322 4157 πατρικὸν
3346 4090 3541 4159 ἰδίωμα
3565 4092 3595 4162 ἠ
3621 4090 3715 4144 τοῦ
3743 4092 4061 4163 Πνεύματος

2469 4174 2694 4243 πρόοδος
2728 4175 2784 4242 ἐξ
2817 4177 3005 4240 αὑτοῦ,
3035 4178 3418 4242 κοινωνοῦντος
3448 4180 3539 4232 τοῦ
3573 4182 3701 4234 Υίοῦ
3734 4186 3874 4237 κατὰ
3903 4186 3965 4237 τὸ
3992 4186 4061 4238 δι’

2468 4267 2633 4321 αὐτοῦ
2665 4268 2724 4321 τὸ
2756 4268 2979 4338 Πνεῦμα
3012 4271 3075 4322 ὲκ
3124 4269 3220 4323 τοῦ
3260 4273 3467 4341 Πατρὶς
3511 4274 3938 4343 ἐκπορεύεσθαι,
3969 4279 4062 4329 καὶ

2466 4359 2556 4413 διὰ
2582 4359 2737 4413 τοῦτο
2768 4361 2868 4413 οὐκ
2922 4360 2982 4422 ἐξ
3035 4361 3282 4433 ἀνάγκης
3333 4365 3620 4417 ἀκολουθεῖ
3650 4368 3715 4435 τῇ
3766 4365 3827 4429 ἐξ
3857 4368 4061 4436 ἀμφοῖν

2473 4451 2801 4522 ἐκπορεύσει
2830 4450 2925 4505 τοῦ
2958 4453 3276 4524 Πνεύματος
3305 4456 3364 4507 τὸ
3390 4456 3497 4510 τῶν
3546 4457 3854 4527 ἰδιωμάτων
3898 4477 4064 4511 κατα·

782 4558 890 4603 tetn
928 4548 1367 4616 invariatamque
1401 4545 1721 4599 idiomatutn
1756 4542 2091 4605 ﬁrmitatem,
2126 4541 2358 4595 Patrem-

2472 4546 2660 4598 πεσεῖν
2688 4546 3112 4615 ἀμετάπτωτον,
3150 4548 3245 4600 καὶ
3273 4549 3365 4601 τὸν
3398 4550 3617 4618 Πατέρα
3642 4550 3794 4617 ψιλὸν
3824 4554 4061 4622 περιλεί-

781 4658 891 4713 que
929 4642 1136 4694 nudum
1170 4639 1408 4708 relinqui
1446 4652 1670 4700 nomen,
1701 4646 1865 4707 atque
1902 4638 1956 4692 in
1989 4652 2152 4691 unam
2182 4650 2367 4704 perso-

787 4749 911 4788 nam
938 4732 1188 4787 conti-alti
1211 4741 1265 4785 et
1288 4732 1599 4786 coalescere
1625 4731 1760 4785 duas
1783 4728 1996 4783 divinas
2024 4729 2364 4798 ltypostases;

786 4841 963 4899 neque
1013 4825 1344 4893 reliquarum
1396 4824 1797 4879 absurditatum
1849 4822 1993 4883 ulla,
2054 4836 2190 4891 quas
2245 4820 2369 4874 inde

788 4920 944 4989 sequi
997 4917 1285 4972 asseruisti
1341 4916 1437 4987 (c).
1495 4917 1610 4970 Non
1670 4931 1793 4971 esse
1846 4925 2025 4970 autem
2087 4923 2367 4983 paternum

778 5013 1030 5075 idioma,
1080 5011 1225 5080 quod
1260 5026 1322 5064 ex
1375 5025 1432 5063 se
1479 5007 1641 5063 Pater
1681 5007 1943 5079 Spiritum
1982 5009 2281 5077 producat,
2318 5005 2369 5058 id

788 5105 1028 5175 theologi
1085 5103 1272 5159 Patres
1318 5101 1493 5158 nostri
1549 5099 1918 5171 persuadeant
1969 5108 2022 5154 et
2082 5098 2373 5153 ostendant

791 5198 924 5260 tibi,
963 5197 1053 5265 qni
1097 5197 1381 5265 perspicue
1411 5203 1462 5248 et
1502 5195 1620 5248 sine
1653 5192 1987 5247 obscuritate
2024 5193 2133 5245 ulla
2172 5191 2368 5259 prazdi-

791 5299 939 5352 cant,
976 5288 1223 5342 omnium
1262 5287 1593 5340 naturalium
1630 5285 1811 5339 Patris
1852 5288 2116 5338 bonorum
2152 5284 2373 5354 partici-

867 5468 941 5535 (a)
1002 5466 1134 5519 Vide
1189 5466 1688 5535 animadversiones
1741 5466 1791 5518 itt
1842 5462 2020 5518 Photii
2070 5463 2270 5517 librum
2308 5462 2375 5517 tle

792 5534 940 5604 εμπ.
969 5537 1052 5603 8.,
1072 5546 1174 5589 art.
1203 5534 1289 5593 ιν.
1324 5536 1409 5607 55
1438 5553 1555 5605 seq.

862 5609 935 5675 (ὑ)
960 5607 1126 5662 Catil.
1153 5608 1310 5660 aliter
1332 5604 1729 5677 "tttterpungens
1760 5609 1952 5661 vertit:
1976 5624 1993 5656 ι
2020 5604 2376 5659 Tolerabiliu-

792 5694 903 5730 retn
932 5678 1323 5735 blasphemiam
1341 5680 1525 5739 ellicit,
1553 5694 1718 5746 quum
1746 5693 1965 5745 paterna
1998 5678 2371 5746 proprietas...

792 5750 905 5803 inec
942 5751 1079 5817 ipsa,
1113 5750 1356 5817 inquatn,
1392 5761 1617 5819 paterna
1656 5755 2074 5819 prOprietas.....
2115 5746 2376 5802 refunda-

791 5827 895 5885 lur,
936 5838 952 5870 ι
991 5832 1093 5874 etc.

2472 4640 2670 4690 πεσθαι
2692 4637 2865 4706 ὄνομα
2895 4640 2991 4691 καὶ
3012 4642 3092 4702 είς
3122 4639 3180 4690 ἓν
3212 4641 3505 4708 πρόσωπον
3526 4642 3623 4705 τὰς
3645 4642 3739 4693 δύο
3761 4646 4063 4711 θεαρχικάς

2474 4729 2893 4797 συναλείφεσθαι
2923 4731 3273 4797 ὑποστάσεις,
3320 4733 3441 4785 οὔτε
3477 4733 3584 4785 τῶν
3623 4733 3798 4788 ἄλλων
3843 4735 4062 4788 ἀτόπων

2471 4820 2648 4886 οὐδὲν,
2701 4823 2801 4875 ὅσα
2852 4822 3086 4875 ἕπεσθαι
3121 4825 3353 4894 εἰρηκας
3400 4824 3497 4877 καὶ
3529 4825 3610 4876 ὅτι
3665 4826 3742 4894 μὴ
3795 4826 4055 4896 πατρικδι

2451 4914 2674 4983 ιίδίωμά
2719 4915 2835 4966 ἐστι
2879 4914 2941 4966 τὸ
2999 4916 3265 4985 προάγειν
3296 4918 3355 4981 ἐξ
3414 4915 3580 4971 αὐτοῦ
3613 4917 3703 4969 τὸν
3747 4918 3963 4986 Πατέρα
4004 4920 4050 4969 τί

2476 5004 2718 5073 Πνεῦμα,
2746 5006 2793 5058 οἱ
2824 5004 3064 5072 θεολόγοι
3110 5007 3459 5061 πεισάτωσάν
3492 5023 3551 5059 σε
3598 5008 3837 5078 Πατέρε;
3880 5006 4056 5077 ήμῶν,

2474 5101 2523 5151 el.
2552 5099 2761 5170 τρανῶς
2793 5098 2888 5151 καὶ
2928 5100 3378 5162 ἁνεπισκιάστως
3436 5099 3811 5167 θεολογοῦντες
3849 5102 4060 5154 πάντων

2474 5191 2582 5245 τῶν
2611 5191 2857 5261 φυσικῶν
2890 5191 3113 5259 ἀγαθῶν
3142 5191 3236 5244 τοῦ
3275 5192 3487 5262 Πατρὺς
3521 5192 3777 5245 κοινωνὸν
3812 5192 3904 5244 τὸν
3934 5192 4059 5245 Υἱὸν

2476 5280 2618 5337 εἶναι
2650 5283 2780 5337 ἄνευ
2816 5282 2909 5334 τοῦ
2947 5284 3165 5355 Πατέρα
3191 5279 3330 5337 εἶναι
3364 5284 3525 5337 αὐτόν
3548 5300 3563 5314 ⁸
3592 5287 3641 5337 εί
3686 5286 3786 5354 μὲν
3809 5284 3915 5354 γὰρ
3950 5285 4059 5337 Πα-

2552 5464 3358 5588 εθιὲἰιέοὖὸΑιιίιικιιΙνειείοηεε
3390 5470 3583 5521 citatas
3616 5468 3728 5520 Art.
3774 5466 3860 5529 Ill,
3894 5466 4055 5540 §5-7.

2478 5535 2594 5591 Art.
2624 5535 2714 5598 IV,
2737 5535 2763 5605 ᾗ
2784 5536 2876 5590 '58.

2517 5610 2630 5693 '(l)
2683 5609 2787 5660 Ιίυ
2828 5608 2936 5659 τῶν
2972 5607 3163 5659 αίτίων
3230 5606 3397 5662 Laur.
3456 5608 3617 5661 habet

2685 5746 2961 5801 Catiforus
2994 5764 3058 5800 ex
3086 5748 3205 5803 Vat.
3245 5747 3427 5815 legens
3461 5750 3594 5817 ἡμῖν
3638 5748 3869 5802 Σαῦἑλὶ..
3904 5752 4055 5808 vertit

2488 5837 2505 5869 ι
2552 5820 2852 5872 Monstrum
2880 5820 3096 5888 aliquod
3130 5822 3248 5889 ipso
3278 5820 3522 5875 Sabellto
3548 5821 3813 5877 deterius.
3852 5841 3869 5871 ι

3678 5626 3689 5659 :
3739 5608 3847 5661 τῶν
3904 5609 4055 5663 ἔναν-
