4214 6448
206 387 312 450 749

985 389 1420 451 REFUTATIO
1456 385 1826 451 ΡΗΟΤΙΑΝΙ
1871 392 2081 452 LIBRI
2128 394 2225 453 DE
2265 394 2576 458 SPlRITU
2621 399 2679 457 S.

3365 408 3469 470 750

205 507 315 575 τὴρ
363 502 462 557 τοῦ
510 502 830 572 Πνεύματος
864 503 891 554 6
924 503 1134 573 Πατὴρ,
1185 502 1650 572 προσδιοριζισθω
1694 505 1788 558 τοῦ

1894 521 2015 575 pem
2045 507 2366 576 sociumque
2399 523 2522 562 es-e
2553 507 2771 572 Filium,
2808 519 3036 580 excepto
3065 527 3154 576 co,
3186 516 3330 583 quod
3361 534 3467 573 non

204 592 337 645 Υἱοῦ
380 595 414 663 ἡ
451 596 512 646 ἐκ
559 593 769 661 Πατρδς
814 591 909 644 τοῦ
957 592 1272 659 Πνεύματος
1321 589 1628 659 ἐκπεμψις·
1661 593 1708 643 εί
1735 591 1791 643 δὲ

200 684 506 751 πῳὸολεύς
543 687 658 736 ἐστι
690 685 829 737 κατὰ
866 683 958 752 εερῦ
1019 682 1341 750 Πνεύματος
1390 684 1564 736 αῐτιον
1611 683 1638 734 6
1685 684 1793 734 Πα-

197 775 326 843 τὴρ,
379 778 461 837 τίς
507 777 534 827 6
563 775 717 838 λόγος
761 768 1236 845 προσδιορίζεσθαι
1285 773 1380 825 τοῦ
1438 773 1648 843 Πατρὸς
1704 773 1792 824 τὸν

199 869 354 927 Υἱδν,
385 868 456 920 δι’
475 861 537 919 οὗ
577 867 872 935 προϐολεὺς
919 867 1079 928 αὐτὸς
1122 866 1454 928 θεολογεῖται
1496 865 1590 917 τοῦ
1622 864 1792 917 Ilvati-

200 976 373 1025 ματος
399 977 413 1020 ;
441 958 553 1026 Τῆς
584 957 716 1022 γοῦν
741 957 968 1028 προόδου
1004 955 1098 1008 τοῦ
1124 956 1438 1023 [Ινεύματος
1478 955 1552 1025 μὴ
1575 956 1655 1017 είς
1686 972 1789 1006 πα-

196 1050 392 1118 τρικὸν
423 1049 621 1119 ἰδίωμα
666 1050 815 1119 παρά
843 1066 948 1100 τινι
980 1049 1086 1100 τῶν
1119 1047 1380 1116 Πατέρων
1424 1049 1582 1114 ἡμῶν
1609 1048 1790 1100 θεολο-

197 1141 488 1211 γηθεξσης,
540 1140 716 1210 μάτην
770 1142 854 1192 σοὶ
899 1142 956 1194 αἱ
1013 1140 1322 1208 κατατυμαὶ
1374 1141 1468 1192 καὶ
1497 1139 1788 1206 διαιρέσεις

197 1235 293 1284 καὶ
325 1235 372 1283 οἱ
401 1233 493 1284 τοῦ
531 1231 830 1302 ἀμερίστου
877 1230 1206 1284 πλάττονται
1254 1230 1533 1300 μερισμοὶ,
1563 1228 1653 1280 τοῦ
1692 1229 1788 1298 μὲν

197 1324 309 1375 τῶν
344 1326 652 1391 ἰδιωμάτων
698 1323 1014 1387 ἐξίστασθαι
1043 1324 1252 1391 λέγοντι
1299 1323 1389 1374 τὸν
1424 1323 1664 1388 Πατέρα,
1695 1321 1787 1372 τοῦ

193 1415 250 1466 δὲ
288 1420 579 1486 συντηρεῖν
608 1418 669 1469 τὸ
699 1420 972 1488 ἀκήρατον
993 1435 1005 1448 ·
1033 1418 1126 1469 καὶ
1153 1417 1395 1485 φρίττειν
1423 1416 1588 1476 ὅντως
1617 1414 1784 1477 ἔστιν,

193 1508 278 1560 ὅτι
313 1511 406 1561 ἐπὶ
437 1509 690 1563 τοσοῦτον
714 1509 811 1580 τὴν
845 1511 1112 1580 διαίρεσιν
1145 1509 1480 1570 ἔσπούδασας
1515 1508 1622 1559 τῶν
1668 1507 1789 1559 Ἐκ-

194 1601 464 1670 κλησιῶν,

792 1790 1181 1845 ΚΕΙΜΕΝΟΝ.

267 1926 323 1960 ια
344 1951 360 1966 .
392 1907 576 1980 Χωρὶς
611 1910 668 1962 δὲ
720 1909 829 1962 τῶν
857 1907 1188 1978 εἰρημένων,
1222 1908 1270 1959 εί
1316 1903 1410 1958 δύο
1439 1905 1595 1957 αἴτια
1630 1904 1687 1954 ὲν
1717 1905 1785 1973 τῇ

190 2001 466 2071 θεαρχικῇ
515 2004 609 2054 καὶ
641 2001 954 2072 ὑπερουσίῳ
988 1998 1182 2066 Τριάδι
1227 1995 1550 2065 καθορᾶται,
1585 1995 1687 2046 ποῦ
1726 1996 1787 2047 τὸ

188 2099 294 2162 τῆς
325 2097 630 2166 μοναρχίας
674 2094 1053 2164 πολυύμνητον
1081 2093 1174 2144 καὶ
1200 2091 1502 2161 θεοπρεπὲς
1552 2088 1787 2164 κράτοςς

190 2158 662 2257 [big-obliuisci];
688 2158 980 2248 uolubvsta;
1007 2185 1168 2238 ἄθεον
1193 2182 1290 2236 νῦν
1313 2158 1660 2250 ἐπικωμάσει
1681 2159 1782 2249 (Il);

189 2282 320 2345 Πῶς
357 2282 402 2334 δ’
438 2281 540 2334 οὐκ
576 2283 634 2332 ὲν
661 2280 1012 2349 προσχήματι
1068 2274 1504 2343 Χριστιανισμοῦ
1548 2275 1584 2344 ὴ
1617 2273 1784 2326 δεισιο

188 2373 449 2442 δαιμονὲα
492 2372 590 2441 τῆς
632 2369 954 2440 Ἑλληνικῆς
1006 2368 1216 2436 πλάνης
1246 2367 1357 2429 τοῖς
1385 2365 1559 2418 ταῦτα
1607 2363 1788 2432 λέγειν

189 2467 467 2536 τολμῶσιν
502 2466 563 2518 οὺ
592 2465 971 2532 συνεισελάσει
996 2461 1112 2533 (‘2);
1181 2519 1188 2524 _

755 2575 1221 2632 ΑΝΤΙΡΡΗΣΙΣ.

263 2695 324 2750 Ι’.
354 2696 472 2748 Οὐκ
503 2691 798 2757 σ’δα,ποῖοί
830 2711 888 2746 σε
919 2692 1251 2747 διαλεκτικοὶ
1277 2691 1498 2753 κανόνες
1519 2689 1785 2756 ἐδίδαξαν,

189 2789 497 2858 λαμϐάνειν
531 2789 668 2857 ὅπερ
692 2791 720 2841 6
749 2785 1277 2858 προσδιαλεγόμενος
1301 2784 1363 2837 οὐ
1412 2784 1664 2837 συνέθετο
1689 2784 1790 2835 καὶ

192 2900 374 2951 συμπε
388 2884 591 2952 ραένειν
620 2881 830 2935 ἐκεῖθεν
857 2879 925 2932 τὰ
961 2883 1044 2945 είς
1075 2880 1174 2950 τὴν
1222 2878 1434 2931 ἐκείνου
1469 2876 1628 2947 δῆθεν
1658 2877 1789 2931 ἅνα-

191 2977 431 3044 τροπήν.
470 2973 580 3026 Ποῦ
631 2974 740 3044 γὰρ
774 2975 868 3026 καὶ
913 2971 1143 3041 εὕρηταί
1179 2987 1264 3022 σοι
1313 2969 1485 3037 λέγων
1519 2970 1546 3020 6
1586 2968 1788 3028 Ἰταλὸς

190 3069 371 3138 ἀρχὰς
410 3067 503 3119 δύο
542 3067 631 3118 ἐπὶ
666 3069 766 3136 τῆς
800 3064 1075 3136 μακαρίας
1102 3062 1363 3132 Τριάδοςς
1394 3061 1466 3113 Ἦ
1489 3059 1660 3126 δεῖξον
1691 3060 1788 3113 αὑ-

186 3162 282 3213 τὸν
313 3161 491 3229 ἀρχὰς
529 3160 778 3226 λέγοντα,
803 3159 900 3210 καὶ
926 3158 989 3210 σὺ
1025 3155 1409 3225 διαγνωσθήσῃ
1431 3154 1612 3217 καλῶς
1639 3170 1786 3222 συμ-

192 3253 493 3318 περαίνων,
525 3249 871 3319 ἀναιρεῖσθαι
902 3248 962 3302 τὸ
991 3249 1092 3318 τῆς
1119 3247 1422 3319 μοναρχίας
1458 3245 1790 3315 πολυύμνη-

191 3362 307 3407 τον,
333 3347 387 3395 εἰ
413 3345 546 3414 πρὸς
568 3343 661 3396 δύο
684 3343 858 3412 ἀρχὰς
888 3343 950 3395 τὸ
979 3341 1202 3412 Πνεῦμα
1230 3342 1516 3406 ἀνάγεται,
1550 3339 1582 3409 ἢ
1628 3337 1788 3390 τοῦτο

197 3437 276 3506 μὴ
305 3437 524 3498 δεικνὺς
558 3420 743 3503 σαφῶς
793 3435 1136 3502 ἀποδέδειξαι
1169 3433 1304 3503 πρὸς
1350 3433 1570 3502 ἔχθραν,
1606 3432 1700 3484 καὶ
1728 3431 1786 3484 οὗ

194 3530 334 3599 «:96;
365 3528 629 3597 ἀλήθειαν
671 3525 1118 3596 συλλογιζόμενος
1164 3525 1200 3578 ἃ
1229 3524 1407 3595 βούλει
1444 3523 1538 3576 καὶ
1579 3538 1791 3592 συμπε-

196 3621 429 3690 ραίνων,
457 3619 531 3681 ὡς
562 3619 742 3690 βούλει
765 3619 930 3681 αὑτός
957 3617 1059 3688 (3).

799 3897 1190 3953 KEIMENON.

271 4016 363 4085 ιβ’.
402 4015 568 4068 Πάλιν
597 4016 644 4067 εί
697 4013 790 4066 δύο
833 4014 983 4068 αἴτια
1030 4013 1126 4082 τῆς
1173 4012 1512 4082 μοναρχικῆς
1556 4011 1788 4082 Τριάδος

197 4109 608 4178 ὲπαναὸἐΰηκε,
642 4108 759 4170 πῶς
782 4107 906 4177 οὐχὶ
933 4107 1026 4159 καὶ
1051 4106 1113 4159 τὸ
1138 4107 1321 4176 τρίτον
1343 4106 1439 4174 τῆς
1467 4106 1635 4177 αὐτῆς
1661 4123 1789 4158 συν·-

191 4201 465 4269 ανακύψει
518 4200 746 4270 γνώμης
789 4199 1221 4269 προερχόμενον;
1264 4200 1452 4262 ’Δπαξ
1505 4198 1612 4269 γὰρ
1679 4200 1782 4267 τῆς

195 4295 439 4362 ἁνάρχου
471 4294 566 4346 καὶ
615 4291 953 4362 ὐπεραρχίου
1005 4291 1182 4360 ἀρχῆς
1217 4292 1317 4360 τῆς
1362 4291 1572 4355 οἰκείας
1617 4293 1782 4362 ἕδρας

194 4389 309 4449 τοίς
341 4384 630 4438 δυσσεϐέσι
667 4382 1100 4453 περιτραπείσης
1137 4381 1230 4433 καὶ
1252 4382 1334 4442 εἰς
1362 4381 1530 4434 δυάδα
1559 4380 1787 4454 διατμη-

189 4479 405 4548 θείσης,
431 4473 819 4544 νεανικώτερον
855 4476 948 4527 καὶ
977 4473 1114 4541 πρὸς
1147 4474 1248 4541 τὴν
1289 4474 1498 4542 Τριάδα
1531 4476 1564 4544 η
1600 4493 1774 4529 κατα-

1894 600 1966 653 sit
1998 600 2111 669 ipse
2144 601 2299 654 Pater
2322 602 2430 670 (a):
2457 602 2501 655 si
2535 601 2678 655 enim
2708 599 2866 658 Pater
2898 613 2982 659 est
3016 604 3177 660 Pater
3209 606 3468 677 Spirjtus,

1894 699 2211 744 secernatur
2261 705 2289 744 a
2341 691 2481 745 Filio
2530 692 2769 761 Spiritus
2816 710 2879 748 ex
2922 697 3082 752 Patre
3132 699 3384 766 emissio;
3426 705 3472 757 si

1894 798 2022 837 vero
2063 785 2279 852 spirans
2307 785 2649 853 (productor)
2683 797 2767 840 est
2800 789 2959 841 Pater
3003 792 3183 858 quoad
3223 801 3305 847 est
3348 793 3473 863 Spi-

1893 875 2034 928 ritus
2080 874 2454 943 principium,
2504 892 2755 946 quamam
2810 878 2952 930 ratio
2987 879 3180 946 jubet,
3233 897 3260 934 a
3313 881 3473 936 Patre

1895 965 2088 1020 Filium
2123 968 2355 1027 secludi.
2392 984 2489 1037 per
2522 986 2682 1038 quem
2721 969 2838 1040 ipse
2878 971 3094 1038 spirans
3128 972 3470 1041 (productm)

1893 1060 2216 1127 [medicatur
2235 1059 2506 1130 Spiritus?
2537 1063 2670 1116 Cum
2705 1064 2890 1132 itaque
2920 1061 3159 1132 Spiritus
3189 1067 3469 1133 processio

1891 1167 1920 1205 a
1954 1153 2170 1205 nemine
2195 1153 2414 1207 Patrum
2443 1162 2755 1207 nostrorum
2776 1164 3032 1223 tanquam
3062 1155 3242 1212 Patris
3265 1157 3467 1213 idioma

1891 1244 2238 1313 praadicetur,
2267 1245 2471 1300 frustra
2511 1247 2723 1300 tibimet
2749 1246 3082 1316 ellinguntur
3112 1237 3386 1305 sectiones
3418 1262 3473 1307 et

1893 1337 2213 1401 partitiones
2265 1346 2428 1407 atque
2479 1337 2698 1393 iudivisi
2751 1340 3084 1404 divisiones,
3139 1342 3267 1396 dum
3301 1344 3462 1406 dicis.

1888 1426 1958 1480 ab
1993 1443 2102 1482 uno
2135 1430 2355 1496 quidem
2405 1430 2725 1485 idiomatum
2769 1432 3025 1487 recedere
3055 1431 3294 1498 Patrem,
3337 1437 3469 1490 alte.

1889 1519 2004 1574 rius
2030 1535 2154 1572 vero
2185 1521 2476 1590 puritatem
2505 1523 2985 1595 integritatemque
3019 1542 3260 1584 servare.
3294 1531 3470 1600 Atque

1890 1627 2081 1666 revera
2129 1615 2325 1667 horror
2374 1616 2544 1676 subit.
2600 1618 2749 1688 quod
2800 1634 3044 1690 cousque
3097 1621 3466 1676 Ecclesiarum

1888 1704 2211 1760 divisionem
2247 1707 2519 1763 adducere
2551 1710 2768 1763 molitus
2797 1728 2879 1766 es.

2525 1799 2830 1857 TEXTUS.

1973 1913 2061 1964 Η.
2107 1911 2307 1966 Praeter
2333 1913 2445 1982 jam
2485 1915 2652 1978 dicta,
2681 1918 2725 1970 si
2761 1918 2870 1971 duo
2903 1919 3170 1990 principia
3204 1921 3255 1975 in
3292 1924 3472 1978 divina

1898 2011 1952 2058 et
1973 2005 2482 2073 supersubstantiali
2502 2004 2768 2065 Trinitate
2789 2014 3226 2081 conspiciuntur,
3251 2018 3472 2071 ubinam

1898 2097 2003 2152 erit
2034 2098 2192 2152 toties
2219 2097 2570 2153 decantatum
2605 2116 2669 2156 ac
2699 2101 2808 2156 Deo
2837 2103 3221 2174 dignissimum
3260 2124 3477 2163 monar-

1901 2188 2042 2242 cliia:
2086 2188 2298 2242 robur?
2341 2191 2633 2256 Quomodo
2673 2209 2780 2247 non
2813 2195 3040 2266 impium
3082 2199 3279 2268 irrepet
3323 2203 3476 2273 poly-

1899 2278 2120 2334 theismi
2154 2281 2373 2351 dogma,
2413 2292 2575 2352 atque
2613 2286 2751 2341 adeo
2797 2289 3138 2346 atlteismus?
3179 2293 3469 2359 Quomodo

1899 2386 2008 2424 non
2048 2375 2154 2427 sub
2192 2375 2375 2442 specie
2410 2376 2816 2434 Christianismi
2856 2385 3174 2452 superstitio
3210 2391 3480 2456 gentilita-

1899 2463 1969 2519 tis
2009 2465 2078 2519 ab
2109 2465 2195 2521 his
2225 2467 2319 2536 qui
2364 2469 2479 2524 haec
2504 2469 2711 2526 audent
2739 2488 2988 2530 asserere
3010 2515 3026 2539 ,
3062 2477 3482 2537 iutroducetur?

2436 2651 2443 2658 _
2470 2583 2919 2646 agrorum.

1948 2694 2041 2751 Χ.
2083 2696 2278 2753 Nescio
2322 2701 2544 2769 quinam
2589 2703 2863 2758 dialectici
2904 2721 3144 2766 canones
3187 2720 3240 2767 te
3276 2713 3483 2769 docue-

1904 2788 2036 2856 rint,
2076 2791 2224 2860 quod
2260 2802 2439 2847 tecum
2477 2795 2763 2864 disputans
2803 2799 2948 2852 haud
2986 2805 3288 2872 concessit,
3325 2823 3482 2862 assu-

1903 2897 2053 2938 mere
2083 2891 2137 2938 ct
2170 2885 2299 2938 inde
2331 2887 2659 2943 concludere
2688 2905 2809 2959 quae
2839 2892 2906 2946 ad
2940 2893 3091 2948 illurn
3124 2898 3477 2955 refutandum

1900 2984 2146 3042 spectare
2177 2977 2485 3034 videantur.
2514 2978 2614 3035 Ubi
2646 2983 2791 3036 enim
2821 2987 3060 3054 gentium
3089 2989 3341 3047 invenisti
3374 2995 3478 3048 Ita-

1899 3067 2009 3121 lum
2042 3069 2152 3124 duo
2197 3071 2248 3124 in
2288 3071 2443 3126 beata
2485 3071 2751 3130 Trinitate
2800 3080 3066 3148 principia
3098 3091 3478 3141 asserentem?

1901 3160 2011 3214 Aut
2049 3162 2359 3218 demonstra
2391 3166 2570 3235 ipsum
2614 3171 2724 3224 duo
2770 3169 3042 3227 alIirmare
3085 3176 3388 3246 principia,
3425 3193 3480 3233 et

1897 3261 2029 3308 tunc
2063 3265 2213 3312 recte
2257 3258 2597 3316 concludens
2638 3264 2974 3331 agnosceris,
3017 3268 3134 3320 tolli
3180 3271 3342 3326 toties
3381 3273 3478 3326 de-

1895 3355 2172 3400 cantatnm
2223 3351 2555 3406 monarchia:
2599 3355 2787 3420 robur,
2841 3357 2887 3410 si
2938 3357 3005 3410 ad
3053 3360 3168 3430 duo
3213 3362 3477 3433 principia

1895 3435 2134 3508 Spiritus
2179 3441 2474 3507 referatur,
2530 3457 2640 3511 aut,
2689 3446 2736 3501 si
2787 3447 2891 3504 hoc
2938 3466 3046 3504 non
3100 3452 3477 3516 demonstras.

1893 3531 2040 3585 clare
2092 3533 2345 3602 probaris
2394 3536 2462 3590 ad
2520 3537 2865 3593 inimicitiam
2915 3545 3312 3610 exercendam.
3371 3565 3476 3603 nor:

1895 3635 2028 3676 vero
2067 3622 2133 3676 ad
2175 3623 2457 3680 veritatem
2494 3626 2930 3696 patefaciendam
2964 3633 3313 3703 syllogismos
3349 3654 3478 3692 cau-

1893 3723 2083 3768 texens
2129 3717 2402 3784 quoslibet
2446 3728 2502 3774 et
2548 3722 2931 3778 conclusiones
2983 3741 3082 3794 pro
3140 3727 3342 3797 placito
3382 3741 3475 3785 tuo

1891 3805 2214 3860 eﬂormans.

2525 3900 2829 3959 TEXTUS.

1969 4008 2056 4064 12.
2113 4011 2351 4067 Rursum
2405 4015 2452 4068 si
2515 4016 2621 4072 duo
2678 4020 2949 4090 principia
3013 4022 3066 4076 in
3128 4028 3476 4082 monarcliica

1890 4101 2157 4159 Trinitate
2193 4105 2584 4173 admittantur,
2616 4113 2895 4179 quomodo
2927 4129 3035 4168 non
3061 4115 3223 4171 etiam
3257 4122 3474 4174 tertium

1889 4208 1957 4248 ex
1987 4194 2179 4249 eadem
2213 4197 2488 4252 sententia
2511 4199 2773 4268 prodiens
2800 4203 3095 4260 emicabit?
3125 4205 3304 4264 Semel
3330 4214 3474 4266 enim

1889 4285 2160 4357 principio
2200 4303 2420 4345 summo
2463 4303 2522 4346 et
2570 4292 2971 4364 independente
3001 4299 3068 4353 de
3108 4315 3207 4355 sua
3241 4304 3370 4359 sede
3407 4304 3476 4362 ab

1889 4378 2073 4447 impiis
2116 4382 2406 4437 exturbato
2449 4393 2504 4440 et
2548 4384 2602 4438 in
2655 4385 2931 4442 binarium
2974 4389 3209 4460 dejecto,
3244 4393 3473 4452 faciliori

1889 4483 2027 4522 ausu
2055 4471 2218 4524 etiam
2253 4474 2322 4526 ad
2352 4474 2654 4528 ternarium
2690 4476 2863 4531 sectio
2895 4479 3148 4548 principii
3188 4471 3468 4551 procedet,

191 4566 333 4635 τομὴ
366 4569 466 4634 τῆς
495 4566 670 4634 ἀρχῆς
696 4563 1106 4630 προελεύσεται,
1141 4564 1262 4614 ἐπεὶ
1285 4565 1387 4614 κάν
1409 4566 1474 4633 τῇ
1504 4565 1779 4633 ὐπῖρφυεῖ

1900 4561 2342 4629 quandoquidem
2377 4572 2430 4616 et
2465 4564 2518 4616 in
2555 4570 2961 4633 supernaturali
2997 4579 3160 4641 atque
3194 4574 3472 4630 individua

194 4658 291 4710 καὶ
321 4657 524 4725 ἀμερεῖ
564 4658 658 4706 καὶ
693 4655 870 4723 ἑνιαίᾳ
901 4654 1001 4720 τῆς
1044 4652 1297 4724 θεότητος
1332 4655 1492 4722 φύσει
1532 4658 1592 4707 τὸ
1642 4673 1794 4724 τρια·

194 4750 344 4801 δικίιν
380 4747 580 4815 μᾶλλον
610 4747 642 4816 ἢ
679 4746 738 4797 τὸ
782 4745 1030 4797 δυαδικὸν
1064 4746 1418 4812 ἀναφαίνεται
1446 4747 1546 4817 (4),
1581 4743 1670 4800 οἷα
1723 4749 1787 4818 δὴ

201 4845 296 4892 καὶ
318 4843 432 4900 τοῖς
466 4839 754 4907 ἱδιώμασιν
789 4838 1186 4908 ἁρμοζόμενον.
1229 4837 1316 4907 ιγ’.
1345 4837 1493 4909 τΑρσ.
1524 4843 1791 4910 Χριστια-

197 4934 301 4985 νῶν
352 4933 542 4993 ἀκοαῖς
574 4930 743 4982 ταῦτα
792 4933 993 4984 ἀνεκτά
1026 4933 1134 5001 (5);
1185 4928 1440 5002 Ἀρόὑκ
1484 4932 1650 5002 ὀργὴν
1703 4935 1796 4985 καὶ

194 5024 425 5094 θρῆνον,
451 5024 522 5075 τὰ
569 5023 677 5075 τῶν
715 5022 906 5076 παθῶν
954 5024 1029 5085 ὡς
1089 5024 1293 5076 ἐπίπαν
1331 5024 1699 5087 ἁσυνδύαστα,
1743 5027 1792 5077 oi

195 5114 477 5170 δυσσεϐεἰν
503 5115 585 5184 (6)
617 5114 1014 5184 θρασυνθέντες
1060 5117 1137 5176 εἰς
1169 5115 1226 5166 ἓν
1258 5118 1345 5168 ἐπ’
1371 5114 1552 5168 αὐτῶν
1599 5115 1788 5168 συνελι

263 5293 341 5362 (Ι)
374 5294 566 5358 Laur.,
601 5294 1028 5360 ἐπεισκωμάσει.
1107 5336 1113 5341 .

261 5367 338 5432 (2)
373 5365 563 5429 Laur.,
605 5368 664 5416 οὑ
703 5364 984 5432 συνελασει
1029 5373 1086 5416 ut
1118 5362 1331 5418 Monac.

385 5434 548 5487 Laur.
587 5435 706 5488 cod.
743 5437 780 5485 l'.
817 5430 915 5486 ΠΒ
946 5450 973 5485 a
1019 5433 1225 5500 ταύτῷ.
1283 5502 1286 5503 ν
1606 5477 1610 5481 .

259 5502 338 5574 (4)
403 5508 497 5559 Sic
560 5505 753 5574 reliqui
818 5517 1008 5557 omnes
1034 5503 1218 5566 Laur.,
1272 5502 1310 5557 ί.
1355 5503 1488 5557 1786
1529 5524 1541 5558 :
1581 5505 1782 5575 ἀναφέ-

195 5593 369 5644 ρεται.

260 5646 335 5714 (5)
364 5645 456 5700 Sic
487 5642 651 5697 Laur.
690 5643 806 5698 Rel.
838 5645 1040 5697 ἀνεκτὰ
1073 5643 1264 5700 ταῦτα.

264 5720 342 5784 (6)
375 5716 542 5768 Marc.
575 5714 1075 5776 Mon.:6uccs€sic.

262 5790 341 5855 (a)
370 5785 640 5851 Hincjam
675 5787 1013 5856 intelligitur.
1049 5787 1345 5854 produt-ere
1372 5785 1632 5856 Spiritum
1669 5803 1779 5846 non

193 5874 307 5912 eSse
357 5862 636 5926 proprium
679 5855 854 5909 Patris
905 5858 1259 5910 discretivum
1316 5855 1461 5925 (ride
1504 5856 1774 5926 Pepannrn

1901 4652 2275 4724 singularique
2299 4654 2522 4709 deitatis
2554 4667 2749 4711 natura
2773 4663 3072 4715 ternarium
3099 4666 3283 4732 potius
3307 4683 3468 4737 quam

1901 4743 2173 4798 binarium
2205 4746 2423 4808 emicat,
2455 4757 2514 4800 ut
2546 4759 2670 4812 pote
2694 4751 2838 4818 quod
2870 4761 2922 4806 et
2954 4753 3304 4810 idiomatibus
3336 4773 3474 4812 con-

1899 4837 2044 4904 gruit
2092 4837 2479 4906 ctadaptatur.
2524 4841 2610 4894 15.
2635 4839 2770 4895 Num
2817 4859 2948 4912 ergo
2987 4846 3101 4900 lucc
3145 4846 3476 4904 Christianis

1898 4933 2026 4979 sunt
2075 4928 2302 4981 auribus
2368 4929 2913 4986 toleranda?Noune
2967 4938 3102 4989 iram
3155 4947 3208 4992 et
3263 4938 3474 5003 nemo,

1898 5017 2126 5073 allectus
2155 5031 2213 5074 ut
2244 5020 2540 5088 plurimum
2593 5024 2946 5080 insociabiles
2967 5067 2982 5092 ,
3014 5029 3306 5097 impiorum
3340 5033 3476 5090 isto-

1897 5125 2018 5163 rum
2055 5112 2334 5166 temeritas
2368 5115 2520 5168 coire
2565 5130 2732 5184 super
2775 5115 2923 5185 ipsos
2952 5120 3137 5189 cogit?
3169 5123 3306 5176 Iram
3349 5127 3475 5192 qui-

1895 5305 1985 5360 op.
2018 5291 2112 5344 cit.
2145 5292 2187 5356 1,
2217 5309 2268 5361 p.
2307 5293 2456 5364 578;.
2490 5295 2753 5352 Praeterea
2785 5313 2909 5352 cum
2941 5313 3200 5366 generare
3260 5302 3473 5355 Patrem

1898 5366 2234 5438 constituat,
2301 5367 2423 5419 dua:
2487 5383 2613 5421 vero
2692 5371 3062 5422 constitutum:
3114 5372 3476 5438 proprietates

1896 5431 2014 5499 ejus
2066 5447 2186 5486 esse
2247 5446 2541 5502 nequeant,
2603 5451 2793 5492 rursus
2836 5439 3065 5492 ellicitur
3107 5431 3319 5494 Patrem
3364 5459 3478 5497 tum

1896 5503 2173 5581 exclusive
2253 5508 2626 5581 spirationem»
2690 5508 2892 5581 habere
2981 5511 3258 5581 propriam
3338 5513 3482 5581 (vide

1894 5569 2296 5629 Bessarionem—
2324 5577 2463 5650 apud
2513 5577 2787 5645 Pepanum
2827 5580 2885 5650 J.
2922 5569 2998 5642 c.;
3033 5569 3247 5650 p.169)
3277 5569 3480 5636 et‘non

1894 5653 2165 5720 quatenus
2212 5656 2297 5699 est
2329 5646 2509 5711 Pater,
2563 5650 2796 5716 spirare.
2820 5646 3477 5720 Tenus—porro'Patrum

1893 5714 2209 5786 probantes,
2235 5727 2458 5786 excepta
2489 5714 2813 5786 patérnitale
2851 5722 3034 5772 omnia
3059 5714 3246 5775 'Patris
3281 5724 3480 5774 habere

1896 5780 2088 5907 Ηιὲῗὲ
2114 5828 2128 5851 ,
2160 5780 2611 5907 adqueit'Beécus
2648 5787 2834 5858 Epigr.
2870 5789 3093 5860 X..(Gr.
3137 5792 3284 5845 orth-.
3326 5805 3365 5845 t.
3414 5793 3479 5854 ll,

1896 5869 1945 5907 υ,
2053 5875 2081 5907 θ
2117 5873 2230 5907 sca.

1895 5869 1945 5920 ι),
1979 5855 2081 5908 615
2117 5860 2258 5926 seq.)
