4214 6448
752 390 858 451 755
1771 396 1979 457 JOAN.
2024 400 2239 461 VECC!
2282 404 2391 462 (ΖΡ.
2432 404 2945 468 PATRIARCH‘E
3896 414 4007 476 756

749 509 827 562 ris
858 507 1548 575 seminisadulterationcs,
1576 512 1686 566 hac
1714 516 1897 569 omnia
1917 516 2050 571 falsa
2086 535 2148 572 ac
2174 522 2321 574 owni

2433 525 2685 578 αἱτιατῶν
2723 526 3055 595 προσώπων,
3101 528 3201 599 δρα
3248 532 3455 601 μήποτε
3506 534 3597 584 τὸν
3643 532 3782 586 κατᾶ
3827 529 4012 603 ψυχὴν

754 598 1075 665 probatione
1104 600 1365 655 destituta
1415 614 1565 665 sunt,
1601 620 1724 657 cum
1781 606 1913 661 falsa
1953 611 2320 680 sitsupposita

2433 616 2800 685 ἐγρηγορότας
2849 618 3080 672 θάνατον
3132 598 3259 684 τοὺς
3314 598 3625 693 Ῥωμαίους
3667 598 4029 689 ἐξονειδίζων

747 704 779 744 a
817 698 866 743 te
898 693 1217 761 propositio,
1254 709 1420 763 quam
1472 696 1647 763 reipsa
1682 698 1770 752 illa
1824 699 2297 770 subsequebantur

2433 707 2596 779 λάθῃς
2626 710 2788 771 αὐτὸς
2816 710 2906 763 τὸν
2945 712 3087 765 κατὰ
3112 713 3291 784 ψυχὴν
3336 716 3515 786 ἑαυτῷ
3571 716 4012 785 μνηστευόμενος

745 779 881 834 Cum
912 782 1057 835 enim
1096 797 1258 838 nemo
1287 793 1600 841 sanctorum
1641 786 1695 841 in
1743 789 2011 844 rationem
2043 802 2251 847 natura:
2271 804 2324 848 et

2433 800 2659 852 θάνατον
2710 802 2818 854 ἀπὸ
2862 802 2959 857 τοῦ
2996 803 3096 875 τὴν
3158 804 3621 877 ἑκκλησιαστικὴν
3660 806 4014 860 ἐπισπεύδειν

751 871 1017 925 rationem
1050 888 1295 940 personae
1347 876 1556 931 dividat
1606 894 1828 934 causam
1879 879 1933 934 in
1998 884 2324 941 causalitate
2432 894 2768 962 κατατομήν.

750 976 1104 1061 Personarum
1142 982 1207 1019 ex
1253 968 1410 1023 Patre
1453 971 1858 1038 prodeuntium,
1918 975 2041 1029 vide
2080 992 2149 1032 ne
2217 977 2357 1036 forte
2396 982 2677 1039 Romanos
2732 997 2795 1044 ut
2884 991 3096 1045 mortis-
3135 991 3438 1047 secundum
3488 993 3726 1045 animam
3765 991 4015 1061 vigiliam

753 1058 1253 1157 v‘igilan-tesinjuria
1316 1063 1553 1119 alliciens
1626 1068 1858 1137 ipsemet
1890 1070 1987 1125 tibi
2024 1081 2254 1128 mortem
2306 1081 2606 1136 secundum
2677 1084 2916 1138 animam
2956 1085 3187 1141 menm-
3238 1085 3557 1142 εοηεεεερεε
3610 1101 3677 1140 ει
3742 1058 4017 1157 θολιυοιι

754 1146 1117 1203 licclesiarum
1157 1152 1479 1210 scissionem
1514 1157 1643 1210 totis
1675 1159 1883 1215 viribus
1911 1176 2221 1230 promoves.

1403 1247 1703 1304 TEXTUS.
3028 1246 3410 1322 KEIMENON.

823 1334 1032 1429 hltcnim
1074 1338 1339 1409 quidquid
1388 1344 1609 1413 proprie
1644 1346 1762 1415 (per
1785 1349 1865 1417 se)
1913 1351 2192 1419 proprium
2227 1354 2329 1407 ali-

2508 1358 2619 1412 Καὶ
2643 1358 2754 1428 γὰρ
2802 1360 2948 1414 ἅπαν
2975 1360 3181 1429 κυρίως
3234 1359 3363 1412 ῐδιόν
3393 1375 3537 1421 τινος
3583 1356 3675 1410 ἑπτ.
3708 1358 3803 1412 δύο
3847 1360 4016 1413 τινῶν

749 1427 908 1495 cujus
938 1438 1038 1494 est,
1073 1431 1117 1483 si
1152 1431 1221 1485 de
1273 1432 1495 1489 duobus
1552 1437 1851 1507 aliquibus,
1898 1455 1957 1495 re
1984 1442 2102 1512 ipsa
2128 1444 2196 1497 ab
2233 1445 2326 1498 illo

2435 1448 2531 1501 ἀπ’
2571 1427 2779 1502 ἑκείνου
2823 1427 3222 1516 πραγματικῶς
3267 1447 3699 1517 λαμϐανόμενον,
3742 1448 3837 1501 καὶ
3869 1449 4017 1499 κατὰ

752 1522 1099 1585 translatum,
1134 1523 1459 1593 accipiatur,
1494 1542 1555 1581 ac
1585 1530 1653 1583 de
1698 1546 1808 1584 uno
1836 1532 2062 1599 quidem
2094 1548 2222 1590 vere
2243 1536 2324 1588 al—

753 1611 1020 1677 llrmetur,
1055 1614 1121 1668 de
1146 1617 1318 1671 altero
1349 1634 1479 1672 vero
1527 1636 1635 1674 non
1670 1623 1819 1688 item,
1860 1625 1970 1679 duo
2005 1625 2092 1679 illa
2126 1642 2321 1696 propo-

751 1704 854 1757 sita
882 1705 1111 1759 diversae
1134 1719 1341 1761 natura:
1383 1725 1504 1764 esse
1546 1714 1823 1779 ostendit;
1857 1716 2004 1770 verbi
2037 1718 2207 1785 gratia
2248 1718 2324 1771 ri-

2430 1539 2660 1610 θατέρου
2698 1541 2797 1610 μὲν
2825 1540 3040 1610 ἀληθῶς
3088 1540 3397 1609 λεγόμενον,
3430 1539 3570 1593 κατὰ
3594 1539 3649 1591 δὲ
3697 1538 3789 1592 τοῦ
3814 1540 4013 1607 ἑτέρου

2430 1629 2635 1691 οὐκέτι,
2678 1630 2951 1701 ἑτεροφυῆ
2984 1629 3052 1683 τὰ
3083 1629 3414 1699 προτεθέντα
3450 1631 3758 1683 δείκνυσιν·
3808 1629 4013 1683 αὐτίκα

2431 1721 2492 1772 τὸ
2519 1721 2840 1789 γελαστικὸν
2871 1721 3158 1789 ἀνθρώπου
3190 1722 3395 1792 κυρίως
3430 1722 3561 1774 ἵδιον
3595 1722 3656 1775 ὂν
3700 1724 3794 1775 καὶ
3829 1722 4012 1793 Ἰησοῦ

750 1795 908 1849 sibile
945 1797 1246 1867 (risivum),
1279 1802 1422 1869 quod
1462 1820 1556 1870 pt'r
1585 1821 1643 1858 se
1677 1814 1760 1860 est
1790 1807 1995 1861 homini
2024 1811 2326 1878 proprium,

2435 1815 2535 1882 μὲν
2566 1814 2796 1883 εἰτύχοι
2839 1814 2917 1884 (1)
2962 1815 3040 1885 τῷ
3064 1814 3382 1885 δημαγωγῷ
3430 1815 3525 1869 τοῦ
3563 1814 3781 1885 Ἰσραὴλ
3831 1817 4011 1886 ἁρμο-

748 1897 806 1941 et
842 1888 1008 1944 Josue
1041 1893 1260 1959 quidem
1298 1894 1514 1950 lsraclis
1546 1899 1675 1952 duci
1731 1909 1855 1968 apte
1885 1901 2156 1969 congruit,
2190 1918 2325 1955 con-

748 1993 939 2051 specto
992 1996 1173 2039 autem
1233 1990 1429 2058 angelo
1488 1990 1722 2058 principi
1774 1992 2056 2059 copiarum
2113 1991 2327 2047 Domini

751 2077 901 2145 nullo
937 2079 1162 2132 omnino
1220 2091 1379 2149 pacto
1421 2082 1701 2145 convenit,
1738 2084 2027 2152 perspicue
2062 2087 2327 2152 ostendit,

750 2166 943 2221 ducem
978 2170 1128 2223 illum
1155 2173 1339 2240 populi
1374 2173 1683 2228 nullatenus
1717 2189 1839 2229 esse
1872 2175 2118 2241 ejusdem
2155 2190 2323 2244 atque

754 2260 1141 2330 archangelum
1184 2264 1504 2319 substantia:
1542 2266 1625 2320 vel
1651 2276 1860 2320 natura:
1880 2268 2327 2324 existimandum.

751 2350 952 2420 Sicque
991 2354 1044 2407 in
1072 2356 1285 2411 caeteris
1319 2356 1484 2410 rebus
1537 2357 1796 2411 omnibus
1822 2358 1916 2427 qui
1970 2360 2160 2413 eadem
2200 2376 2328 2428 pro-

755 2446 985 2500 cesserit
1018 2448 1292 2511 methodo,
1326 2448 1473 2504 clare
1494 2464 1558 2503 ac
1590 2449 1739 2503 nullo
1766 2450 1951 2504 labore
1969 2450 2214 2505 eamdem
2242 2465 2330 2505 ve-

753 2539 970 2593 ritatem
1003 2541 1381 2596 nanciscetur.
1422 2542 1579 2606 Quod
1617 2543 1663 2597 si
1698 2541 1844 2598 istud
1883 2542 2085 2611 ubique
2107 2544 2247 2613 viget
2278 2554 2334 2598 et

749 2630 953 2684 eodem.
974 2631 1139 2685 modo
1176 2633 1582 2697 consideratur,
1616 2637 1894 2703 processio
1941 2648 2124 2691 autem
2160 2639 2335 2707 Spiri-

756 2734 842 2776 tus
862 2739 929 2777 ex
972 2722 1131 2778 Patre
1160 2736 1439 2793 paternam
1465 2728 1725 2795 praedicat
1776 2730 2183 2797 proprietatem,
2219 2731 2333 2786 haec

754 2832 908 2876 vero.
952 2828 1014 2870 ut
1049 2818 1275 2873 heresis
1310 2820 1545 2887 iactitat,
1606 2822 1860 2891 congruit
1911 2823 2132 2890 quidem
2176 2823 2330 2889 Filio,

755 2908 979 2978 Spiritui
1005 2919 1188 2964 autem
1210 2926 1559 2981 nequaquam
1590 2913 1858 2981 (nondum
1881 2913 2024 2967 enim
2042 2915 2331 2983 quisquam

754 3002 915 3055 istam
949 3001 1345 3073 blasphemiam
1381 3004 1565 3059 animo
1623 3007 1899 3075 concepit)
1938 3024 1952 3059 :
1996 3007 2145 3075 quod
2203 3005 2335 3060 hinc

736 3094 1027 3163 sequitur,
1076 3095 1178 3164 ipsi
1214 3096 1403 3151 talium
1436 3097 1704 3152 malorum
1767 3098 2109 3152 institutores
2143 3108 2328 3152 contra

752 3197 969 3243 suamet
1008 3188 1187 3257 capita
1222 3190 1504 3260 colligant.
1571 3190 1725 3255 Quod
1753 3190 1802 3244 si
1828 3190 2065 3259 Spiritus
2102 3202 2328 3258 proces-

754 3279 966 3333 sionem
991 3293 1099 3333 non
1134 3294 1257 3334 esse
1287 3292 1568 3349 paternam
1617 3280 2007 3349 proprietatem
2066 3278 2327 3341 dixerint,

758 3370 1006 3439 profecto
1041 3388 1141 3427 nec
1174 3371 1297 3427 Filii
1338 3374 1644 3441 proprietas
1700 3373 1830 3436 erit,
1882 3373 2143 3442 quoniam
2201 3388 2332 3427 vero

759 3478 856 3517 nec
888 3461 1133 3533 Spiritus
1165 3473 1270 3524 εει.
1309 3464 1492 3519 dicant
1523 3465 1618 3532 qui
1676 3463 1860 3517 omnia
1892 3463 2075 3516 dicere
2109 3462 2328 3526 audent,

757 3555 1042 3623 quomodo
1072 3556 1217 3625 quod
1254 3556 1461 3611 nullius
1510 3557 1675 3611 trium
1714 3570 2069 3625 personarum
2102 3563 2185 3607 est
2208 3567 2334 3622 pro-

757 3649 957 3717 prium,
988 3648 1081 3701 sed
1107 3662 1206 3700 nec
1230 3662 1548 3709 commune,
1603 3648 1781 3702 locum
1836 3647 2059 3700 omnino
2115 3645 2330 3707 habeat,

764 3745 823 3795 ut
849 3738 905 3791 in
934 3738 1116 3806 aliqua
1143 3735 1455 3791 divinarum
1508 3737 1879 3806 liypostaseon
1912 3734 2263 3804 intelzigatur.

1321 3847 1767 3903 REFUTATIO.

830 3940 967 3995 Xlll.
1024 3942 1297 4013 Copiosus
1321 3959 1383 3997 es
1415 3942 1607 3997 eliictis
1644 3950 1808 3996 utens
1831 3941 2160 4010 dogmaticis
2186 3942 2335 4011 prin-

750 4037 957 4106 cipiis;
999 4037 1145 4091 haud
1178 4036 1293 4092 scio
1362 4037 1491 4103 quid
1545 4036 1670 4089 inde
1706 4035 1802 4089 tibi
1861 4035 1995 4089 lucri
2050 4035 2336 4104 proveniat

760 4128 853 4183 Dei
882 4128 1177 4184 Ecclesiatn
1216 4128 1268 4183 in
1305 4128 1680 4194 damnum(vae
1702 4128 1833 4179 inihi
1860 4128 1899 4195 ε)
1931 4127 2332 4182 Christianismi

756 4222 1107 4277 discindenti.
1136 4220 1273 4274 Ecce
1308 4220 1456 4274 enim
1488 4220 1686 4272 iterum
1719 4217 1914 4272 Filium
1978 4228 2033 4272 et
2072 4217 2333 4287 Spiritum

761 4330 982 4383 separas
1016 4314 1069 4367 in
1097 4314 1371 4367 binariutn
1400 4312 1632 4365 diversa:
1667 4311 2009 4377 substantia,
2049 4312 2177 4379 quia
2220 4310 2337 4364 exi-

762 4412 951 4460 stimas
995 4408 1275 4475 proprium
1308 4420 1431 4461 esse
1471 4402 1653 4457 Patris
1685 4418 1750 4456 ex
1780 4417 1839 4457 se
1885 4404 2185 4469 producere
2214 4402 2336 4470 Spi-

2432 1904 2683 1973 ζόμενον,
2714 1906 2793 1975 τῷ
2831 1907 2889 1959 δὲ
2931 1908 3211 1960 ἑπιστάντι
3256 1907 3407 1975 αὐτῷ
3448 1909 3875 1978 ἀρχιστρατήγῳ
3911 1910 4013 1978 τῆς

2429 1998 2523 2051 τοῦ
2561 2000 2767 2069 Κυρίου
2797 1982 3249 2070 δυνάμεωςκατὰ
3277 2002 3457 2054 πάντα
3477 2001 3848 2071 διιστάμενον,
3875 2004 4013 2073 όρᾷν

2430 2088 2669 2157 ἐνεργῶς
2713 2088 2929 2141 δίδωσιν
2972 2089 3072 2158 οὐχ
3097 2090 3312 2159 ὁμοφυῆ
3347 2090 3440 2142 τὸν
3485 2090 3815 2159 δημαγωγὸν
3839 2089 4012 2160 οὔμε-

2431 2198 2554 2232 νουν
2582 2180 2659 2249 τῷ
2682 2182 3007 2251 ἁρχαγγέλῳ
3027 2182 3269 2249 νομίζειν
3292 2183 3400 2235 οὐδ’
3430 2184 3736 2252 ὁμοούσιον.
3763 2184 3875 2236 Καὶ
3917 2182 4011 2234 ἐπὶ

2429 2272 2539 2325 τῶν
2566 2273 2741 2325 ἄλλων
2768 2274 3024 2326 ἁπάντων
3054 2276 3081 2325 ὁ
3099 2274 3187 2326 διὰ
3222 2274 3321 2343 τῆς
3352 2276 3521 2344 αὐτῆς
3548 2276 3771 2345 μεθόδου
3802 2275 4012 2345 προπυν

2433 2363 2619 2430 σαφῶς
2656 2379 2714 2415 τε
2747 2364 2840 2416 κα)⁸
2865 2363 3266 2434 ἀταλαιπώρως
3299 2364 3524 2435 εὑρήσει
3554 2366 3650 2434 τὴν
3678 2365 3848 2431 αὐτὴν
3876 2365 4016 2417 θεω-

2434 2452 2556 2519 ρίαν
2611 2452 3029 2521 προϐαίνουσαν.
3070 2453 3129 2504 El
3162 2453 3220 2505 δὲ
3274 2451 3433 2506 τοῦτο
3488 2453 3766 2523 πανταχοῦ
3815 2455 4015 2522 κρατεῖ

2432 2546 2528 2596 καὶ
2560 2544 2658 2614 τὴν
2680 2544 2851 2613 αὐτὴν
2883 2543 3159 2607 ἀποσώζει
3187 2543 3451 2608 διάνοιαν,
3475 2545 3592 2597 ἑστὶ
3630 2544 3685 2595 δὲ
3712 2543 3806 2595 τοῦ
3843 2545 4015 2596 [lusti-

2434 2651 2604 2704 ματος
2636 2636 2669 2702 ἡ
2698 2636 2761 2687 ἑκ
2792 2635 2885 2687 τοῦ
2912 2636 3121 2704 [ἰατρὸς
3144 2636 3465 2706 ἑκπόρευσις
3492 2636 3552 2688 τὸ
3580 2636 3847 2703 πατρικὸν
3877 2637 4017 2687 ἁνα-

2432 2728 2775 2797 κηρύττουσα
2833 2728 2986 2790 ἴδιον,
3025 2726 3185 2782 τοῦτο
3211 2729 3267 2781 δὲ
3309 2729 3452 2781 κατὰ
3502 2729 3562 2780 τὸ
3597 2728 3867 2798 φρύαγμα
3912 2728 4013 2795 τῆς

2430 2821 2693 2889 αἱρέσεως
2749 2820 3121 2891 ἑφαρμόζεται
3178 2819 3277 2889 μὲν
3324 2820 3403 2890 τῷ
3446 2821 3579 2888 Υίῷ,
3639 2822 3781 2871 κατᾶ
3812 2819 3872 2871 δὲ
3919 2816 4015 2871 τοῦ

2434 2914 2749 2984 Πνεύματος
2774 2915 3027 2985 οὐδαμῶς
3065 2914 3231 2984 [οὕτω
3261 2916 3371 2985 γάρ
3402 2931 3487 2979 τις
3513 2913 3673 2967 τοῦτο
3704 2914 3764 2965 τὸ
3801 2911 4016 2981 δύσφη-

2434 3024 2537 3075 μον
2580 3006 2879 3078 ἑννοήσειε]
2900 3024 2912 3036 ·
2942 3008 3005 3061 τὸ
3042 3004 3169 3076 ἑξῆς
3200 3008 3356 3059 αὐτοὶ
3382 3007 3523 3059 κατὰ
3554 3008 3651 3075 τῆς
3681 3004 3894 3058 ἑαυτῶν
3925 3022 4017 3059 κι-

2435 3099 2609 3168 φαλῆς
2638 3099 2688 3152 οἱ
2715 3099 2826 3152 τῶν
2852 3100 3189 3169 τηλικούτων
3218 3100 3405 3152 κακῶν
3444 3100 3736 3169 εἰσηγηταὶ
3776 3098 4016 3165 συναγά-

2433 3206 2614 3242 τωσαν
2634 3206 2648 3221 ·
2684 3190 2732 3241 εί
2762 3188 2819 3242 δὲ
2851 3190 2926 3258 μὴ
2959 3193 3223 3262 πατρικὸν
3263 3191 3394 3243 ῐδιον
3422 3190 3519 3258 τὴν
3560 3187 3653 3240 τοῦ
3694 3187 4018 3255 Ιινεύματος

2433 3283 2760 3351 ἑκπόρευσιν
2807 3284 3064 3353 φήσουσι,
3094 3283 3340 3351 δηλονότι
3385 3281 3505 3334 οὐδὲ
3553 3280 3648 3332 τοῦ
3688 3279 3855 3335 Υἰοῦ·
3891 3281 4017 3331 ἑπεὶ

2431 3375 2486 3428 δὲ
2520 3375 2641 3427 οὐδὲ
2672 3375 2766 3427 τοῦ
2811 3375 3150 3445 Πνεύματος,
3178 3375 3483 3442 λεγέτωσαν
3514 3376 3564 3426 οἱ
3612 3374 3790 3425 πάντα
3832 3372 4018 3439 λέγειν

2434 3468 2674 3537 θρασεῖς,
2708 3469 2825 3532 πῶς
2856 3468 2895 3525 δ.
2915 3469 3142 3538 μηδενός
3173 3470 3319 3520 ἑστιν
3353 3468 3481 3520 ἴδιον
3518 3466 3625 3518 τῶν
3655 3465 3845 3534 τριῶν,
3876 3466 4017 3518 ἀλλὰ

2436 3560 2571 3631 μηδὲ
2618 3563 2815 3625 κοινὸν,
2841 3562 3024 3631 χώραν
3061 3561 3195 3622 ὅλως
3241 3558 3353 3627 ἔχει
3402 3557 3726 3625 θεωρεῖσθαι
3758 3558 3842 3625 ἐφ’
3891 3557 4013 3619 ἑνός

2434 3670 2576 3717 τινος
2606 3654 2712 3707 τῶν
2742 3655 3093 3708 ὑποστάσεων
3120 3651 3231 3704 τῶν
3266 3649 3570 3720 θεαρχικῶν
3594 3666 3610 3715 ;

2984 3851 3452 3908 ΑΝΤΙΡΡΗΣΙΣ.

2504 3950 2607 4002 ll".
2639 3948 2813 4010 Πολὺς
2856 3944 2908 4001 εἷ
2957 3949 3074 4009 ταῖς
3117 3945 3527 4012 πεπλασμέναις
3571 3942 3851 4014 χρώμενος
3906 3943 4021 3995 τῶν

2433 4043 2718 4112 δογμάτῶν
2738 4043 2954 4110 ἀρχαῖς,
2981 4041 3073 4093 καὶ
3092 4041 3140 4091 τί
3171 4056 3252 4090 σοι
3282 4038 3491 4105 κέρδος,
3516 4031 3767 4099 οὐκοῐδα,
3795 4035 3892 4105 τὴν
3917 4036 4021 4088 τοῦ

2434 4130 2569 4181 Θεοῦ
2589 4131 2912 4200 Ἐκκλησίαν
2938 4130 3031 4180 ἐπὶ
3053 4128 3226 4197 κακῷ,
3253 4127 3398 4195 οἶμοι
3429 4128 3440 4179 !
3466 4126 3557 4178 τοῦ
3581 4126 4020 4194 Χριστιανισμοῦ

2434 4224 2803 4293 διασχίζοντι·
2850 4225 2960 4277 ίδοὺ
2997 4226 3108 4293 γὰρ
3153 4226 3246 4275 καὶ
3292 4224 3454 4275 πάλιν
3490 4224 3616 4274 Υἱδν
3658 4224 3753 4275 καὶ
3787 4221 4021 4288 Πνεῦμα

2436 4320 2514 4379 εἰς
2542 4317 2708 4371 δυάδα
2753 4316 3017 4387 ἑτεροφυῆ
3060 4317 3266 4378 διιστὰς
3315 4316 3465 4384 παρὰ
3496 4314 3557 4365 τὸ
3600 4312 3844 4378 δοξάζειν
3882 4313 4024 4363 tam»;

2434 4406 2531 4459 τοῦ
2565 4407 2777 4477 Πατρδς
2805 4404 2945 4460 εἶναι
2973 4408 3035 4459 τὸ
3061 4406 3121 4470 ἑξ
3154 4405 3349 4458 ἑαυτοῦ
3383 4406 3645 4474 προάγειν
3674 4404 3735 4453 τὸ
3766 4402 4020 4470 Πνεῦμα,

762 4502 945 4563 ritum,
988 4510 1150 4567 atque
1177 4499 1280 4552 hoc
1312 4512 1340 4550 a
1367 4496 1531 4550 Patre
1563 4496 1895 4548 translatum
1924 4504 1978 4548 et
2001 4495 2067 4548 de
2107 4493 2243 4547 Filio
2268 4509 2332 4547 ac

2440 4499 2531 4552 καὶ
2567 4499 2725 4551 τοῦτο
2762 4496 2875 4550 ἀπὸ
2920 4496 3012 4549 τοῦ
3062 4498 3273 4566 Πατρδς
3325 4494 3877 4565 μεταλαμὸανόμενον
3923 4498 4025 4547 καὶ

760 4592 826 4643 de
859 4589 1067 4658 Spiritu
1112 4589 1463 4657 praedicatum
1494 4586 1759 4643 verilicari
1797 4584 2015 4655 quidem
2065 4586 2133 4639 de
2166 4585 2328 4651 Filio,

762 4692 822 4737 ut
862 4680 1068 4735 Latinis
1130 4681 1367 4744 videtur,
1422 4694 1531 4732 non
1565 4693 1697 4732 vero
1728 4680 1793 4731 de
1847 4676 2076 4745 Spiritu.
2128 4675 2329 4731 Verum

763 4786 922 4825 nemo
960 4786 1026 4825 ex
1075 4768 1334 4825 Ecclesiae
1394 4768 1741 4837 prmconibus
1773 4782 1840 4821 ac
1879 4765 2158 4836 magistris
2205 4779 2333 4834 pro-

765 4865 1048 4931 prietatem
1108 4860 1284 4914 Patris
1338 4860 1478 4913 dixit
1537 4858 1777 4925 Spiritus
1822 4857 2170 4911 emissionem
2219 4856 2335 4909 sive

766 4955 1181 5023 productionem
1224 4953 1339 5006 sive
1363 4952 1719 5019 spirationem
1767 4951 1881 5005 sive
1924 4950 2331 5019 processionem

767 5050 884 5101 sive
930 5058 1259 5113 quocunque
1285 5042 1505 5096 demum
1540 5043 1665 5110 quis
1696 5042 1917 5095 nomine
1970 5041 2136 5109 hujus
2158 5042 2337 5096 subsi-

765 5140 1024 5195 stentiam
1084 5136 1357 5205 appellare
1401 5135 1670 5199 voluerit;
1725 5148 1959 5202 cumque
2002 5133 2231 5187 mendax
2266 5134 2338 5187 sit

767 5251 833 5289 ea
870 5232 1174 5305 propositio
1228 5228 1330 5299 (α),
1368 5229 1503 5282 nihil
1534 5228 1603 5283 ad
1656 5243 1882 5296 scopum
1933 5234 2089 5279 tuum
2128 5224 2341 5280 conl'ert

772 5327 1068 5381 diversitas
1127 5334 1335 5377 natura:
1381 5323 1523 5375 inter
1572 5320 1755 5389 populi
1792 5318 2077 5373 lsraelitici
2142 5318 2339 5371 ducem

772 5433 934 5490 atque
961 5396 1372 5487 archangelum.
1404 5426 1456 5470 et
1488 5416 1659 5470 solum
1686 5414 1952 5482 reliquum
1996 5422 2102 5473 est.
2165 5425 2342 5479 neque

773 5514 945 5566 Patris
964 5513 1255 5579 separatim
1283 5510 1562 5578 proprium
1594 5522 1693 5559 nos
1716 5506 1895 5559 dicere
1922 5506 2157 5572 Spiritus
2178 5504 2342 5556 emis-

770 5608 1005 5671 sionem,
1039 5618 1213 5673 neque
1250 5617 1467 5656 rursum
1513 5600 1635 5654 Filii
1684 5598 2064 5669 pr0prictatem
2114 5595 2343 5651 seorsim

846 5782 1497 5923 (aza’igesanimadvers.
1524 5780 1577 5833 in
1605 5777 1780 5833 Pholii
1809 5777 2004 5831 librum
2031 5775 2096 5827 de
2127 5772 2222 5841 Sp.
2257 5771 2342 5838 5.,

846 5867 873 5905 ι.
983 5894 995 5915 ,
1128 5897 1136 5906 .

778 5867 873 5907 ili.
911 5867 1050 5915 ιιι.ς
1089 5867 1136 5909 δ.

2436 4591 2577 4645 κατὰ
2613 4588 2709 4641 τοῦ
2736 4588 2865 4642 Υἱοῦ
2912 4589 3205 4658 λεγόμενον
3237 4591 3333 4641 καὶ
3362 4587 3455 4641 τοῦ
3490 4587 3827 4655 Πνεύματος,
3872 4586 4025 4638 κατὰ

2435 4682 2536 4753 μὲν
2560 4680 2658 4734 τοῦ
2689 4679 2823 4733 Υίοῦ
2866 4680 3251 4750 ἀληθεύεσθαι,
3298 4680 3375 4742 ὼς
3403 4682 3513 4740 τοῖς
3544 4679 3793 4739 Λατίνοις
3839 4678 4023 4740 δοκεῖ,

2433 4775 2574 4829 κατὰ
2599 4775 2657 4827 δὲ
2700 4778 2795 4827 τοῦ
2828 4773 3141 4843 Πνεύματος
3182 4773 3391 4825 οὐκέτι.
3422 4770 3584 4825 Ἀλλὰ
3616 4772 3724 4822 τῶν
3757 4773 3858 4838 τῆς
3896 4770 4027 4823 Ἐκο

2435 4868 2661 4937 κλησίας
2694 4865 2953 4935 κηρύκων
2984 4865 3079 4918 καὶ
3104 4865 3444 4918 διδασκάλων
3466 4863 3637 4925 οὐδεὶς
3669 4863 3801 4914 ἴδιον
3824 4864 4027 4931 εἴρηκε

2435 4960 2528 5011 τοῦ
2567 4960 2778 5029 Πατρὸς
2800 4959 2901 5027 τὴν
2926 4956 3022 5010 τοῦ
3053 4956 3367 5026 Πνεύματος
3390 4956 3664 5023 ἔκπεμψιν
3693 4954 3725 5023 ἢ
3761 4972 4029 5021 προαγω-

2436 5049 2539 5119 γὴν
2577 5049 2609 5119 ἢ
2662 5049 2931 5119 προϐολὴν
2962 5050 2994 5118 ἢ
3044 5050 3393 5118 ἑκπόρευσιν,
3423 5047 3456 5115 ἢ
3491 5048 3639 5107 ὅπως
3680 5046 3745 5097 ἄν
3802 5061 3891 5107 τις
3924 5047 4029 5113 τὴν

2437 5140 2626 5193 τούτου
2658 5139 2892 5209 ὓπαρξιν
2931 5138 3103 5192 ἑθέλοι
3138 5140 3357 5191 καλεῖν
3406 5138 3499 5189 καὶ
3544 5135 3772 5204 ψευδιῦς
3814 5137 4027 5205 ταύτης

2438 5230 2606 5301 οὔσης
2634 5233 2733 5300 τῆς
2782 5232 3103 5301 προτάσεως
3148 5216 3334 5283 τδτοῦ
3381 5227 3709 5297 δημαγωγοῦ
3762 5227 3903 5293 πρὸς
3937 5229 4026 5280 τὸν

2438 5323 2780 5393 ἀρχάγγελον
2831 5324 3125 5393 ὲτεροφυὲς
3172 5320 3251 5391 τῷ
3298 5319 3377 5390 σῷ
3419 5319 3604 5388 σκοπῷ
3650 5318 4023 5386 συμϐαλλέτω

2442 5416 2565 5467 κατ’
2594 5413 2745 5466 οὐδέν
2770 5429 2783 5441 ·
2826 5414 2919 5465 καὶ
2955 5412 3201 5463 λείπεται
3253 5409 3439 5461 λοιπὸν
3486 5408 3625 5476 μήτε
3656 5405 3752 5457 τοῦ
3804 5406 4031 5474 Harpe;

2444 5506 2577 5559 ῐδιον
2609 5505 2759 5573 παρὰ
2809 5506 2971 5574 μέρος
3024 5504 3160 5571 μήτε
3199 5503 3290 5554 τοῦ
3325 5499 3453 5552 Υἱοῦ
3493 5498 3654 5550 πάλιν
3704 5497 3834 5550 ἴδιον
3874 5500 4019 5565 παρὰ

2448 5601 2611 5671 μέρος
2638 5598 2816 5665 λέγειν
2847 5598 2991 5665 ἡμᾶς
3029 5595 3124 5665 τὴν
3152 5593 3246 5646 τοῦ
3292 5593 3601 5663 Πνεύματος
3634 5590 3847 5659 ἔκπεμέ
3864 5606 3915 5641 ιν
3951 5588 4025 5657 τιξ.

2520 5774 2595 5845 (Ι)
2626 5772 2725 5831 Pro
2752 5772 2968 5840 εἰτύχοι
3004 5769 3165 5825 Laur.
3204 5771 3291 5823 ξεί
3327 5767 3482 5838 τύχῃ.
