4214 6448
740 420 847 486 759

1763 423 1974 482 JOAN.
2023 420 2235 483 VECCI
2281 427 2390 485 (ΣΡ.
2437 427 2948 487 PATRIARCH/E

3898 418 4014 481 760

741 548 794 587 et
825 536 1233 605 excogitaudas.
1290 537 1346 590 Si
1373 536 1516 588 enim
1565 537 1655 589 hie
1691 536 1810 605 ipse
1834 539 2060 590 humani
2098 537 2314 605 generis

2427 534 2571 603 οὗτος
2604 544 2630 592 δ
2664 541 3006 612 Δημιουργδς
3048 539 3142 590 τοῦ
3189 540 3379 606 γένους
3437 545 3536 590 κατ
3574 537 3881 606 προωητῦις
3916 536 4014 589 νῦν

740 627 1003 680 Conditor
1056 637 1110 681 et
1140 636 1360 680 curator
1415 627 1578 681 modo
1613 628 1833 696 quidem
1867 627 2129 696 Spiritum
2163 630 2322 682 docet

740 733 771 771 a
801 717 958 774 Patre
987 719 1302 788 procedere,
1334 721 1644 773 nullatenus
1691 719 1973 788 adjiciens,
2018 721 2163 790 quod
2195 730 2246 775 et
2278 737 2306 776 a

739 825 801 863 se
859 812 1138 880 procedat,
1189 811 1281 865 sed
1339 810 1491 864 illum
1553 809 1815 882 (Patrem)
1859 813 2032 866 solum
2077 829 2320 877 causam,

740 901 1201 972 quemadmodum
1259 917 1372 957 sua
1427 903 1818 971 generationis,
1855 902 1930 956 ita
1977 912 2031 957 et
2090 901 2323 972 Spiritus

739 994 1110 1062 processionis
1170 994 1318 1048 credi
1381 1008 1410 1046 a
1455 992 1615 1047 nobis
1676 1002 1731 1046 et
1766 994 2050 1061 praedicari
2113 993 2318 1062 jubet;

739 1084 901 1139 modo
937 1093 1143 1151 autem,
1178 1094 1239 1139 ut
1266 1095 1320 1138 tu
1357 1085 1582 1145 asseris.
1617 1084 1746 1153 quia
1780 1083 1910 1138 dicit
1946 1099 1961 1135 :
1990 1084 2066 1136 De
2093 1101 2206 1137 meo
2232 1101 2322 1137 ac-

740 1178 919 1246 cipiet,
991 1176 1104 1230 alto
1156 1177 1376 1246 quidem
1428 1176 1648 1230 silentio
1693 1176 2018 1244 compressit
2081 1176 2318 1244 priorem

741 1269 1138 1324 institutionem
1200 1283 1264 1322 ac
1295 1269 1625 1330 doctrinam,
1686 1283 1999 1337 quanquam
2037 1267 2321 1337 oportebat

743 1370 804 1413 ut
837 1361 888 1413 in
919 1359 1216 1414 secundam
1249 1359 1529 1426 ingressus
1559 1358 1922 1412 initiationem
1958 1359 2156 1426 prioris
2184 1374 2321 1427 quo-

742 1463 852 1516 que
886 1447 1206 1501 memoriam
1240 1446 1549 1512 refricaret,
1587 1448 1983 1516 doctrinasque
2018 1450 2149 1502 adeo
2181 1449 2321 1502 inter

741 1552 802 1592 se
834 1537 1056 1594 dissitas
1092 1537 1456 1608 coniungeret
1503 1547 1557 1591 et
1586 1539 1651 1591 ad
1685 1538 1918 1592 invicem
1967 1539 2316 1604 conciliaret;

743 1629 833 1682 ille
869 1645 1004 1685 vero
1041 1629 1146 1684 hoc
1171 1630 1316 1698 quod
1341 1628 1650 1682 faciendum
1684 1639 1800 1682 erat
1818 1644 1924 1701 non
1947 1629 2092 1695 facit,
2122 1637 2176 1682 et
2197 1629 2320 1683 I‘oco
2375 1649 2386 1656 -

742 1720 984 1785 dicendi,
1032 1719 1296 1790 Spiritum
1343 1736 1372 1774 a
1405 1718 1565 1773 Patre
1615 1720 1928 1788 procedere,
1989 1722 2042 1772 in
2080 1721 2317 1790 seipsum

742 1813 1160 1882 processionem
1224 1810 1465 1883 Spiritus
1515 1809 1773 1867 transfert
1818 1811 2143 1881 :quomodo
2209 1828 2317 1866 non

2429 633 2528 702 μὲν
2561 632 2623 683 τὸ
2656 632 2880 700 Πνεῦμα
2921 630 3167 684 διδάσκει
3203 628 3603 700 ἐκπορεύεσθαι
3649 627 3740 679 τοῦ
3771 626 4013 695 Πατρδς,

2425 723 2674 792 οὐδαμῶς
2736 724 3085 794 προστιθεὶς,
3152 723 3236 774 ὅτι
3267 721 3360 774 καὶ
3410 718 3470 785 ἐξ
3525 718 3693 771 αὐτοῦ
3736 719 3838 786 (1),
3892 717 4012 769 ἀλλ’

2425 818 2629 870 ἐκεῖνον
2666 817 2836 868 αἴτιον
2872 816 3054 884 μόνον,
3094 814 3284 882 ὥσπερ
3313 814 3412 880 τῆς
3449 811 3643 864 ἑαυτοῦ
3677 810 4012 878 γεννήσεως,

2424 908 2566 961 οὕτω
2611 908 2706 961 καὶ⁵
2752 909 2849 975 τῆς
2880 907 2972 960 τοῦ
3015 905 3329 973 Πνεύματος
3375 905 3780 973 ὲκπορεύσεως,
3832 900 4016 952 θεολοο

2424 1001 2636 1067 γεϊσθαι
2688 999 3075 1068 μυσταγωγεῖ·
3125 997 3220 1050 νῦν
3269 998 3350 1060 δὲ,
3400 997 3474 1060 ὡς
3529 997 3593 1048 σὺ
3642 996 3841 1063 λέγεις,
3878 994 4014 1045 διότι

2426 1093 2590 1161 φησίν
2614 1108 2629 1122 ⁸
2674 1094 2776 1146 Ἐκ
2825 1091 2932 1144 τοῦ
2964 1090 3112 1158 ἐμοῦ
3146 1089 3432 1157 λήψεται,
3480 1086 3720 1156 περιεῖλε
3756 1085 3862 1155 μὲν,
3885 1087 4012 1153 σιγῇ

2426 1183 2616 1254 βαθείᾳ
2657 1185 2758 1254 τὴν
2787 1182 3060 1252 προτέραν
3084 1180 3478 1250 μυσταγωγίαν
3501 1193 3514 1206 ⁶
3548 1178 3725 1230 καίτοι
3773 1193 3838 1243 γε
3875 1176 4014 1242 πρὸς

2423 1275 2679 1345 δευτέραν
2737 1273 2961 1326 ἐλθόντα
3011 1271 3234 1342 τελετὴν
3281 1271 3388 1323 ἔδει
3437 1270 3532 1322 καὶ
3583 1270 3683 1338 τῆς
3725 1267 4012 1338 προτέρας

2423 1367 2734 1435 ἀναμνῆσαι
2785 1366 2881 1418 καὶ
2930 1363 3168 1430 συνάψαι
3225 1363 3295 1415 τὰ
3344 1359 3600 1413 τοσοῦτον
3636 1358 3888 1428 ἀλλήλων
3942 1359 4012 1426 τῇ

2425 1460 2628 1531 θεωρία
2662 1459 2990 1529 διεστηκότα
3016 1477 3030 1489 ·
3060 1460 3088 1510 δ
3117 1457 3197 1522 δὲ,
3238 1456 3400 1508 τοῦτο
3433 1453 3533 1524 μὲν
3561 1453 3679 1507 δέον
3723 1453 4011 1521 πράττειν,

2423 1553 2482 1605 οὐ
2518 1556 2691 1605 ποιεῖ’
2720 1553 2841 1606 ἀντὶ
2876 1553 2931 1604 δὲ
2977 1551 3070 1604 τοῦ
3103 1547 3501 1620 ἐκπορεύεσθαι
3534 1547 3595 1599 τὸ
3641 1544 3866 1612 Πνεῦμα
3913 1541 4012 1595 τοῦ

2424 1643 2638 1712 Πατρδς
2678 1643 2756 1706 είς
2801 1642 2989 1694 ἑαυτὸν
3031 1640 3132 1711 τὴν
3167 1639 3500 1709 ἑκπόρευσιν
3543 1636 3638 1690 τοῦ
3691 1634 4012 1704 Πνεύματος

2426 1736 2654 1804 μετάγει
2679 1749 2692 1763 ·
2727 1734 2843 1797 πῶς
2871 1734 2994 1802 οὐχὶ
3024 1732 3123 1802 τὴν
3165 1731 3264 1801 σὴν
3285 1730 3556 1797 ἔκθεσμον
3591 1726 3890 1795 διαφωνίαν
3910 1726 4011 1795 τῆς

2424 1822 2786 1875 ἑνυποστάτου
2815 1822 2910 1874 καὶ
2933 1820 3296 1874 ἀναλλοιὼτου
3334 1816 3758 1882 κατασκεδάξων
3781 1817 3859 1888 (2)
3885 1817 4014 1887 ἀλη-

745 1906 1029 1961 evidenter
1067 1907 1359 1973 evincitur,
1414 1904 1829 1960 substantialem
1868 1913 2030 1972 atque
2060 1904 2316 1958 inaltera-

2427 1913 2568 1978 θείας
2597 1915 2696 1986 οὐχ
2725 1915 2897 1979 ἑάλως
2920 1914 3081 1986 δίκην
3109 1913 3373 1984 bipalium

744 2000 906 2054 bilem
944 2001 1225 2055 veritatem
1255 2015 1283 2053 a
1312 1999 1578 2067 teiniqua:
1603 1994 2316 2051 dissonantizeinsimulari?

1298 2109 1586 2166 REFUTA
1604 2108 1752 2164 ΤΙΟ.

814 2247 930 2301 ΧΥ.
971 2247 1051 2302 Tu
1095 2249 1314 2316 quidem
1362 2264 1482 2303 cum
1530 2251 1697 2302 semel
1751 2256 1941 2302 contra
1978 2245 2153 2301 Patris
2192 2259 2316 2314 pro-

743 2339 1006 2408 prietates
1070 2338 1313 2393 furentes
1360 2338 1637 2392 Romanos
1675 2339 1901 2400 dixeris,
1946 2338 2164 2390 incusas
2197 2349 2312 2398 eos,

742 2432 889 2500 quod
919 2431 1259 2500 hypostasim
1289 2433 1339 2483 in
1381 2439 1629 2484 naturam
1689 2429 1962 2482 resolvant
1995 2436 2050 2479 et
2091 2437 2313 2480 causam

743 2524 1053 2578 divinarum
1114 2536 1470 2591 personarum
1507 2523 1816 2574 destruant.
1870 2516 2003 2571 Vide
2036 2531 2191 2579 vero,
2247 2529 2316 2570 ne

742 2618 884 2674 forte
971 2616 1301 2687 hypostasim
1349 2616 1399 2667 in
1456 2622 1702 2668 naturam
1767 2611 2042 2666 resolvens
2092 2625 2159 2663 ex
2227 2623 2317 2663 cs-

746 2710 921 2763 sentia
957 2709 1011 2761 et
1043 2716 1238 2760 natura
1275 2703 1456 2757 Patris
1485 2704 1676 2757 Filium
1709 2711 1764 2757 et
1804 2701 2066 2770 Spiritum
2104 2697 2319 2767 prodire

745 2816 968 2856 sensi-as
995 2810 1052 2853 ut
1076 2814 1140 2853 ex
1177 2796 1449 2868 hypostasi
1503 2798 1735 2850 essentia
1785 2794 2042 2848 destituta
2080 2791 2132 2843 in
2192 2804 2319 2859 pro-

746 2895 864 2963 pria
893 2893 1114 2947 notione
1148 2890 1427 2944 intellecta
1485 2898 1680 2957 praeter
1729 2886 1974 2955 ejusdem
2024 2883 2318 2937 essentiam

743 2995 797 3040 et
829 2995 1079 3041 naturam
1105 2985 1202 3056 (a).
1265 2984 1368 3037 Sed
1405 2983 1450 3038 si
1487 2983 1587 3036 hoc
1642 2989 1802 3049 pacto
1839 2979 1904 3032 de
1936 2991 2126 3039 causa,
2200 2988 2322 3043 quae

744 3079 926 3132 estin
981 3076 1268 3140 Trinitate,
1329 3075 1547 3136 statuis,
1609 3073 1820 3134 Patres,
1879 3070 1971 3139 qui
2018 3067 2320 3136 theologica

747 3173 958 3226 ratione
989 3168 1355 3231 tradiderunt,
1397 3182 1460 3221 ex
1492 3165 1667 3218 Patris
1725 3163 1965 3218 essentia
2021 3168 2077 3214 et
2130 3169 2320 3213 natura

2966 2129 3431 2185 ΑΝΤΙΡΡΗΣΙΣ.

2493 2267 2594 2321 IE'.
2615 2267 2688 2319 Σὺ
2711 2265 2808 2337 μὲν
2833 2263 3055 2335 ἐφάπαξ
3073 2266 3213 2317 κατὰ
3234 2263 3340 2314 τῶν
3360 2259 3666 2328 ἰδιωμάτων
3682 2255 3776 2309 τοῦ
3795 2255 4014 2324 [Ἰατρὸς

2419 2360 2799 2431 ὲκμεμηνότας
2855 2357 2983 2420 τοὺς
3048 2355 3355 2426 Ῥωμαίους
3403 2350 3862 2420 ἀποφαινόμενος,
3906 2364 4013 2400 κα-

2418 2453 2674 2522 τηγορεῖς
2696 2449 2876 2504 αὐτῶν
2908 2448 3174 2503 ἀνάλυσιν
3202 2449 3301 2517 τῆς
3331 2445 3685 2505 ὑποστάσεως
3715 2443 3795 2502 εις
3817 2440 4010 2509 φύσιν,

2419 2545 2516 2599 καὶ
2548 2542 2642 2596 τοῦ
2681 2540 2791 2595 τῶν
2822 2540 3128 2612 θεαρχικῶν
3163 2538 3516 2592 ὐποστάσεων
3564 2533 3742 2588 αἰτίου
3791 2532 4013 2601 περιαί-

2423 2652 2603 2708 ρεσιν·
2633 2636 2735 2705 δρα
2768 2634 2849 2698 δὲ,
2894 2635 3106 2705 μήποτε
3151 2633 3253 2703 τὴν
3306 2631 3604 2684 ὑπόστασιν
3646 2624 3900 2680 ἀναλύων
3931 2625 4016 2685 είς

2423 2729 2586 2796 φύσιν
2615 2727 2716 2780 οὐκ
2746 2729 2810 2779 ὲκ
2839 2728 2938 2794 τῆς
2969 2725 3157 2786 οὐσίας
3181 2723 3276 2776 καὶ
3301 2724 3514 2790 φύσεως
3549 2718 3644 2773 τοῦ
3676 2717 3892 2786 Πατρδς
3922 2715 4015 2768 δο-

2422 2821 2591 2892 idin:
2627 2820 2707 2891 (5)
2736 2819 2828 2871 τδν
2862 2818 2992 2870 Υίδν
3030 2818 3124 2871 καὶ
3152 2817 3214 2869 τδ
3246 2814 3467 2882 Πνεῦμα
3502 2809 3872 2883 προέρχεσθαι
3894 2823 3909 2837 ·
3937 2807 4016 2868 ὡς

2422 2914 2482 2977 te
2511 2911 2764 2966 ὰνουσίου
2793 2911 2851 2965 δὲ
2886 2910 3240 2969 ὑποστάσεως
3271 2911 3329 2959 ἐν
3375 2908 3516 2974 ἰδικῇ
3552 2903 3733 2971 ἐννοίᾳ
3780 2900 4018 2968 νοουμὲ-

2422 3021 2522 3075 νης
2549 3003 2699 3073 παρὰ
2733 3003 2832 3072 τὴν
2853 3000 3042 3054 οὐσίαν
3073 3000 3166 3052 καὶ
3200 2998 3364 3067 φύσιν
3393 2992 3757 3065 αὐτῆςςἉλλ*
3788 2992 3837 3043 εἰ
3867 2988 4017 3042 οὕτω

2425 3099 2557 3167 περὶ
2584 3097 2682 3164 τῆς
2708 3097 2766 3148 ὲν
2789 3097 2856 3163 τῇ
2881 3092 3071 3164 Τριάδι
3104 3090 3287 3151 αἰτίας
3313 3087 3578 3153 δοξάζεις,
3613 3085 3664 3137 οι
3691 3081 4019 3167 τεθεολογη-

2428 3157 2588 3251 κότες
2620 3157 2863 3256 ἀστέρες
2885 3157 2950 3236 ὲκ
2981 3184 3082 3252 τῆς
3104 3182 3196 3235 τοῦ
3221 3182 3333 3234 Πατ
3344 3181 3430 3248 ρὸς
3461 3175 3650 3238 οὐσίας
3677 3175 3772 3228 καὶ
3795 3157 4020 3240 φύσεως

749 3272 861 3314 tum
889 3258 1081 3312 Filium
1125 3268 1238 3311 tum
1293 3255 1555 3326 Spiritum
1615 3254 1831 3324 pro-.Iire
1866 3253 1966 3321 (ὁ),
1995 3250 2261 3306 conﬁctas
2293 3265 2323 3303 a

2428 3281 2520 3332 τὸν
2551 3250 2682 3332 Υἱὸν
2713 3250 2806 3328 καὶ
2830 3275 2890 3328 τὸ
2918 3250 3144 3342 Πνεῦμα
3174 3268 3540 3340 προέρχεσθαι
3573 3265 3672 3327 τὰς
3697 3260 4021 3328 πεπλασμέο

745 3364 799 3406 tc
836 3351 1194 3406 resolutiones
1223 3357 1276 3403 et
1307 3348 1560 3417 analyses
1597 3345 1757 3416 plane
1790 3344 2109 3399 dissolvent.

815 3445 870 3498 Si
916 3459 1044 3497 vero
1072 3443 1238 3497 etiam
1275 3442 1674 3510 oppositionem
1721 3439 1935 3508 I‘mgeus
1970 3446 2025 3490 et
2051 3437 2175 3490 loco
2228 3435 2324 3489 ad-

747 3537 977 3592 versarii
1027 3550 1264 3605 anguens
1295 3537 1366 3604 (s.
1399 3532 1503 3589 sub
1535 3531 1974 3599 l'ormaeprolata:
1998 3529 2066 3581 ab
2096 3533 2323 3582 adversa

749 3641 902 3697 parte
947 3628 1338 3698 exceptionis),
1375 3641 1523 3689 eum,
1586 3624 1676 3695 qui
1719 3623 1814 3678 tibi
1858 3621 2202 3684 contradicit,
2231 3635 2322 3673 ca-

749 3722 1059 3784 lmnniaris,
1082 3719 1238 3790 quasi
1286 3718 1661 3790 evangelicam
1699 3713 1999 3769 Salvatoris
2036 3727 2223 3766 vocem
2257 3711 2324 3764 il-

749 3820 856 3870 lam
882 3831 944 3870 ex
970 3832 1081 3868 meo
1103 3815 1325 3881 accipiet
1361 3813 1502 3867 male
1568 3812 1956 3877 interpretetur
2015 3815 2070 3861 et
2101 3807 2324 3859 minime

751 3921 898 3964 rec:a
947 3909 1160 3962 ratione
1211 3913 1506 3975 supponat,
1574 3903 1675 3956 hoc
1723 3901 1930 3954 dictum
1971 3898 2326 3968 'aequivalere

750 4017 875 4056 cum
912 4001 1149 4069 Spiritus
1175 3997 1356 4052 sancti
1390 4012 1456 4050 ex
1490 3996 1648 4049 Patre
1688 3990 1979 4063 (Filioque)
2021 3990 2329 4062 processio-

752 4110 841 4156 ne,
875 4093 930 4145 in
953 4093 1150 4146 divinis
1182 4088 1550 4159 peritissimus
1587 4083 2030 4155 Epiphaniusad
2071 4081 2328 4135 refellen-

754 4188 878 4239 dam
909 4193 1112 4237 tantam
1139 4183 1470 4236 calumniam
1505 4179 1780 4231 suiliciens
1815 4191 2042 4245 prorsus
2083 4173 2205 4236 erit,
2233 4171 2325 4240 qui

754 4280 809 4332 in
838 4287 984 4347 parte
1033 4277 1284 4328 Ancorati
1320 4275 1432 4326 hac
1475 4273 1678 4325 diserte
1715 4263 1878 4322 tradit
1914 4284 1926 4318 :
1970 4265 2193 4333 Uterque
2230 4263 2328 4314 lia-

756 4371 887 4421 bitat
917 4371 967 4420 in
1000 4367 1205 4420 homine
1228 4367 1402 4434 justo,
1462 4360 1707 4416 Christus
1740 4370 1788 4414 et
1824 4359 2060 4427 Spiritus
2096 4361 2235 4426 ejus.
2268 4354 2328 4408 Si

756 4480 874 4516 rcro
921 4460 1164 4516 Christus
1213 4474 1278 4512 ω·
1324 4457 1484 4510 Patre
1515 4456 1771 4517 creditur,
1807 4453 1945 4506 Deus
1995 4467 2058 4504 ea:
2103 4449 2230 4513 Deo,
2278 4457 2329 4501 et

759 4554 987 4622 Spiritus
1016 4569 1080 4606 ea:
1105 4551 1336 4613 Christo,
1371 4558 1465 4602 aut
1492 4564 1555 4602 ea:
1580 4558 1821 4616 utroque.
1883 4557 1939 4597 ut
1963 4544 2209 4598 Christus
2241 4543 2326 4593 in-

757 4649 934 4701 sinuat
959 4647 1039 4698 his
1067 4644 1230 4697 verbis
1257 4660 1270 4694 :
1312 4661 1329 4692 ‹
1362 4641 1518 4706 Quia
1553 4638 1714 4692 Patre
1747 4637 1944 4705 accepit
1971 4652 1988 4687 :
2025 4653 2040 4684 ι
2063 4643 2142 4699 et,
2171 4653 2188 4682 ι
2229 4631 2330 4685 Hic

758 4740 821 4791 de
873 4753 984 4789 meo
1019 4736 1238 4804 accipiet
1268 4734 1363 4800 (ε).
1402 4752 1420 4784 ι
1467 4732 1599 4784 Dum
1632 4730 1723 4783 tali
1766 4735 1926 4796 pacto
1979 4737 2203 4780 sanctus
2238 4723 2329 4776 hic

762 4829 1224 4898 mquipollentiam
1283 4827 1512 4880 istarum
1572 4821 1851 4890 Evangelii
1910 4820 2208 4873 dictionum
2237 4815 2333 4870 de-

762 4925 950 4986 t-larat,
977 4922 1166 4975 falsam
1222 4926 1615 4989 propugnatam
1648 4931 1678 4968 a
1713 4924 1765 4968 te
1811 4911 2175 4966 ditl‘erentiam
2202 4923 2332 4964 con-

765 5019 968 5070 vincet.

832 5186 909 5254 (a)
938 5183 1201 5237 Nimirum
1232 5196 1340 5254 non
1369 5179 1582 5254 exsistit
1605 5178 1839 5254 essentia
1872 5176 1991 5254 sine
2050 5176 2335 5254 liypostasi

763 5245 940 5323 neque
1005 5250 1485 5323 hypostasis_sine_
1501 5249 1761 5323 essentia,
1782 5262 1849 5323 ac
1883 5245 2096 5323 ratione
2123 5251 2332 5323 tantum

760 5313 1190 5392 disiinguuhtur.
1247 5320 1377 5374 Vide
1437 5318 1728 5387 ﬂaximum
1776 5316 1915 5384 Opp.
1948 5327 1988 5369 t.
2046 5313 2114 5378 Il,
2145 5326 2199 5380 p.
2232 5315 2338 5370 594

763 5397 850 5451 ed.
886 5392 1134 5448 Combel‘.

834 5463 1143 5586 (glCong‘vlrl
1187 5461 1416 5515 Beccum
1469 5460 1508 5513 l.
1545 5457 1659 5513 Iad
1691 5457 1975 5512 Constant.
2034 5466 2087 5507 c.
2132 5453 2166 5506 5
2217 5471 2334 5528 seq.

890 5551 1023 5586 DIEI‘.
1156 5573 1167 5585 .

763 5547 817 5594 et
847 5538 1023 5604 Epigr.
1051 5538 1167 5586 XII.

839 5602 909 5673 (ε)
939 5605 1081 5657 Idem
1111 5603 1284 5656 Latini
1312 5602 1498 5673 Patres
1526 5602 1789 5656 sentiunt.
1836 5602 2079 5673 Quorum
2112 5602 2333 5673 nomine

763 5669 1015 5732 audiatur
1048 5673 1280 5726 Hilarius
1303 5674 1398 5727 lib.
1419 5672 1531 5726 VIII
1567 5675 1636 5725 De
1660 5674 1812 5725 Trin.
1847 5691 1895 5735 ε,
1925 5672 1996 5724 20
2032 5689 2046 5724 :
2082 5691 2098 5721 ε
2130 5673 2172 5722 Δ
2197 5669 2333 5724 Filio

765 5751 930 5812 igitur
980 5744 1215 5813 Spiritus
1270 5744 1488 5811 accipit,
1542 5744 1633 5810 qui
1695 5745 1774 5813 ah,
1807 5757 1872 5796 eo
1924 5742 2155 5794 mittitur
2195 5751 2269 5813 Aet.
2301 5757 2330 5793 a

763 5811 925 5876 Patre
974 5811 1235 5882 procedit.
1279 5813 1436 5881 Atqui
1509 5814 1638 5865 nihil
1681 5811 1893 5865 differre
1927 5811 2332 5882 crediturinter

771 5881 1003 5959 accipere
1051 5904 1081 5938 a
1129 5881 1268 5937 Filio
1297 5892 1350 5943 et
1372 5901 1406 5936 α
1440 5884 1596 5937 Patre
1653 5882 1953 5952 procedere,
1983 5893 2034 5938 et
2068 5881 2119 5936 id
2146 5881 2327 5951 ipsum

2426 3387 2521 3432 νας
2552 3370 2633 3422 σοὶ
2662 3366 3009 3422 διαλύσουσιν
3035 3362 3342 3424 ἀναλύσεις.
3379 3360 3442 3412 Εἰ
3474 3358 3530 3411 δὲ
3556 3357 3651 3410 καὶ
3673 3353 3770 3424 τὴν
3795 3351 4016 3406 ἀντίθε-

2427 3478 2514 3513 σιν
2566 3460 2767 3521 ὐποδὺς
2796 3458 2887 3510 τὸν
2932 3451 3285 3522 ἀντιλέγοντά
3319 3467 3399 3502 σοι
3447 3446 3745 3508 διαϐαλεῖς,
3788 3444 3867 3505 ὡς
3911 3441 4018 3510 τὴν

2425 3554 2494 3608 ἐκ
2527 3553 2635 3606 τοῦ
2684 3551 2835 3619 ἐμοῦ
2872 3547 3137 3615 λήψεται
3189 3539 3566 3608 εὐαγγελικὴν
3609 3538 3702 3588 τοῦ
3755 3536 4018 3603 Σωτῆρος

2428 3644 2613 3715 φωνὴν
2645 3642 2832 3704 κακῶς
2866 3637 3253 3708 ἐξηγούμενον,
3288 3634 3384 3686 καὶ
3405 3633 3465 3683 οὐ
3501 3630 3682 3690 καλῶς
3709 3627 3771 3678 τὸ
3795 3625 3899 3693 τῆς
3923 3625 4018 3676 λέ-

2431 3737 2568 3804 ξεως
2595 3733 2800 3802 ταύτης
2860 3731 3180 3797 ίσοδύναμον
3226 3726 3363 3794 πρὸς
3397 3725 3495 3793 τὴν
3541 3725 3603 3774 ὲκ
3653 3720 3860 3788 Πατρὸς
3896 3715 4020 3788 [καὶ

2429 3824 2561 3879 Υίοῦ
2596 3822 2700 3894 (4)]
2725 3822 3056 3889 ὲκπόρευσιν
3088 3816 3527 3884 ἑκλαμϐἀνοντα,
3550 3813 3577 3863 ὁ
3607 3811 3775 3872 πολὺς
3802 3809 3870 3860 τὰ
3897 3808 4020 3859 θεῖα

2441 3916 2763 3983 Ἐπιφάνιος
2794 3914 2873 3974 εἰς
2909 3911 3130 3978 ἔλεγχον
3158 3909 3259 3978 τῆς
3301 3906 3466 3976 τόσης
3498 3902 3750 3967 διαδολῆς
3783 3900 4022 3968 ἐξαρκέ-

2432 4027 2515 4062 σει
2551 4009 2635 4059 σοὶ
2679 4007 2738 4058 ἐν
2792 4006 2946 4076 μέρει
2976 4003 3068 4054 τοῦ
3105 3996 3451 4068 ’Δγκυρωτοῦ
3494 3997 3668 4063 λέγων
3711 3991 3856 4044 οὕτω
3921 3995 4024 4060 ρη-

2428 4102 2534 4161 τῶς
2564 4117 2576 4130 ·
2619 4100 2943 4168 Ἀμερηότερα
3003 4092 3276 4147 κατοικεῖ
3326 4090 3397 4142 ἐν
3447 4087 3526 4151 τῷ
3580 4085 3875 4152 ἀνθρώπῳ
3941 4081 4026 4147 τῷ

2430 4192 2658 4255 δικαίῳ,
2693 4194 2725 4244 ό
2774 4189 3032 4256 Χριστὸς
3067 4187 3168 4238 καὶ
3191 4185 3273 4237 ιτὸ
3303 4182 3546 4248 Πνεῦμα
3578 4177 3790 4232 αὑτοῦ.
3838 4179 3908 4229 Ei
3953 4176 4027 4226 δὲ

2430 4284 2688 4352 Χριστὸς
2749 4283 2819 4335 ἐκ
2866 4281 2976 4334 τοῦ
3032 4279 3262 4345 Πατρὸς
3314 4273 3685 4335 πιστεύεται,
3749 4269 3899 4332 Θεὸς
3954 4267 4028 4318 ἐκ

2437 4376 2609 4438 Θεοῦ,
2643 4374 2741 4427 καὶ
2789 4373 2856 4425 τὸ
2891 4365 3140 4438 Πνεῦμα
3187 4369 3256 4420 ἐκ
3311 4365 3419 4418 τοῦ
3454 4361 3740 4431 Χριστοῦ,
3791 4360 3829 4425 ἢ
3882 4360 4027 4423 παρ’

2432 4462 2798 4530 ἀμφοτέρων,
2840 4461 2921 4526 ὣς
2942 4475 3134 4526 φησιν
3168 4461 3201 4511 ό
3247 4455 3526 4523 Χριστὸς,
3551 4455 3666 4504 ιό
3695 4450 3858 4514 παρὰ
3915 4449 4027 4500 τοῦ

2434 4553 2659 4620 Πατρός
2694 4551 3102 4619 ἐκπορεύεται,
3141 4566 3159 4598 ι
3195 4549 3288 4599 καὶ
3329 4563 3346 4596 ι
3382 4540 3572 4608 Οὗτος
3614 4543 3684 4595 ἐκ
3733 4539 3840 4592 τοῦ
3871 4539 4026 4602 ἐμοῦ

2435 4644 2695 4712 λήψεται
2730 4641 2833 4712 (5).
2867 4661 2887 4694 ι
2920 4639 3078 4694 Οὕτω
3105 4638 3204 4709 τὴν
3249 4636 3358 4688 τῶν
3393 4630 3767 4700 εὐαγγελικῶν
3806 4628 4025 4680 τούτων

2435 4736 2634 4803 λέξεων
2686 4732 3036 4803 ἰσοδυναμίαν
3087 4733 3117 4784 ὁ
3163 4729 3318 4797 ἅγιος
3365 4725 3648 4795 παριστῶν
3691 4721 3868 4791 ψευδῆ
3923 4719 4026 4787 τὴν

2439 4811 2877 4899 σπουδαζομένην
2907 4827 2992 4880 σοὶ
3014 4823 3280 4896 διαφοράν
3313 4820 3620 4888 eme-(au.

2439 5186 2601 5242 atque
2669 5189 2838 5228 unum
2896 5165 3484 5242 esseAexiinmabitur
3551 5160 3856 5229 accipere:
3887 5155 4030 5211 Filio

2440 5240 2583 5313 quod
2611 5247 2681 5296 sit
2712 5244 3008 5313 acciperes
3040 5240 3220 5313 Patre.
3249 5255 3269 5288 ι

2509 5316 2587 5381 (l)
2617 5313 2784 5378 Laur.
2819 5315 2902 5367 ὅτι
2923 5312 3020 5365 καὶ
3063 5309 3125 5381 ἐξ
3155 5304 3375 5362 ἑαυτοῦ.

2510 5372 2586 5446 i2}
2629 5372 2793 5446 Laur,
2825 5372 3255 5441 κατασκιδάζειν
3284 5384 3346 5430 ut.
3381 5372 3612 5430 Palatin.

2511 5453 2589 5522 (3)
2622 5453 2788 5506 Laur.
2828 5453 2873 5522 f.
2905 5452 3007 5506 180
3035 5450 3301 5514 δοξάζεις.

2513 5521 2594 5591 (4)
2617 5525 2727 5574 Καὶ
2758 5521 2891 5576 Υἱοῠ
2920 5523 3092 5574 deest.

2513 5577 2590 5663 i5}
2641 5591 2758 5644 Hoc
2839 5592 3046 5663 pariter
3094 5595 3240 5663 ιρξιξ·
3272 5593 3481 5663 -.ΒΗιυῖ
3525 5577 4027 5663 Βξοευεβρίετκι

2442 5648 2584 5733 (δῖ-ί
2611 5665 2756 5718 orth.
2792 5648 2858 5733 ,ιῖ
2914 5659 3076 5733 [1,9.
3126 5655 3395 5733 δείξῃ)
3455 5648 4032 5733 ἱιὶωςοηιιιιειὶῄέξηὶί

2440 5720 2622 5789 madv.
2679 5749 2730 5789 c.
2781 5732 2821 5788 ί.
2874 5720 3091 5801 satis.
3143 5743 3198 5798 ιι.
3256 5725 3380 5795 549)
3423 5738 3470 5778 c.
3521 5720 3590 5776 53
3625 5720 3721 5787 ub.
3752 5720 3937 5787 p.591
3977 5729 4030 5773 ει

2443 5804 2618 5874 alias).
