4214 6448
200 357 304 418 761

811 463 1198 520 ΚΕΙΜΕΝΟΝ.

280 564 389 612 ια’.
449 557 496 607 Ἐ
511 557 592 605 πεῖ
617 556 672 606 δέ
706 570 762 606 σε
793 556 908 606 οὐδὲ
943 562 1008 606 τά
1036 560 1141 608 τῶν
1173 559 1378 611 παίδων
1410 561 1605 611 είδὲναι
1638 558 1786 627 ἠτοῦ

195 655 316 712 τοῖς
372 647 660 707 ἀδυνάτοις
709 647 1006 714 ἐπιχειρεῖν
1062 649 1404 718 ἀπεστέρησε
1466 648 1784 718 θρασύτης,

196 743 342 794 ἀλλά
375 757 439 806 γε
475 738 590 800 νῦν,
624 740 671 789 εί
715 737 809 790 καὶ
851 738 926 807 μὴ
962 740 1248 806 πρότερον,
1293 743 1532 794 συνιέναι
1567 758 1624 792 σε
1659 741 1782 810 χρὴ,

198 835 275 885 ὼε
310 833 466 885 οὐδὲν
498 830 640 884 οὕτω
669 831 936 901 λαμπρῶς
968 831 1182 884 ῖσταται
1216 833 1356 885 κατά
1381 833 1477 900 τῆς
1511 835 1607 902 σῆς
1644 829 1810 885 άπο-’

199 924 372 985 νοίας,
417 922 491 984 ὡς
531 924 564 990 ἡ
603 924 904 992 Δεσποτικὴ
961 923 1056 976 καὶ
1109 926 1378 992 σωτήριος
1421 925 1558 993 αὓτη
1609 927 1779 993 φωνή.

201 1017 262 1067 Εἰ
305 1014 541 1084 μὲνγὰρ
571 1014 794 1081 ἔλεγεν·
844 1015 945 1079 Ἐξ
989 1015 1138 1082 ἐμοῦ
1194 1015 1482 1084 λήψεται,
1537 1017 1646 1068 οὐδ’
1692 1017 1783 1068 οὖ-

201 1126 279 1158 τω
342 1106 405 1159 τό
442 1123 526 1158 σοι
582 1105 1018 1176 σπουδαζόμενον
1057 1105 1328 1173 ἐλάμϐανε
1386 1108 1596 1174 πέρας·
1645 1106 1784 1175 πλὴν

205 1199 317 1249 ιλλ*
362 1194 478 1267 εἶχέ
525 1215 646 1250 τινα
690 1198 957 1268 πρόφασιν
1001 1200 1034 1268 ἡ
1088 1200 1286 1267 πλάνη.
1354 1197 1490 1251 Οὐδέ
1521 1199 1630 1267 γὰρ
1664 1199 1784 1252 οὐδὲ

194 1293 256 1341 τὸ
309 1292 608 1361 λαμϐάνειν
648 1291 759 1344 άπό
806 1308 947 1354 τινος
998 1292 1186 1361 χρείας
1233 1293 1397 1360 ἄλλης
1447 1291 1630 1361 χάριν,
1688 1293 1782 1343 καὶ

197 1387 337 1452 πρὸς
383 1386 641 1438 οὖσίωσιν
698 1385 1088 1453 ἐκπορεύεσθαι
1144 1388 1224 1448 εἰς
1267 1386 1434 1438 ταυτδ
1486 1388 1780 1452 συνάγεται

196 1479 259 1546 τῇ
329 1477 566 1544 διανοίᾳ·
627 1475 824 1528 πολλοῦ
871 1494 936 1544 γε
1000 1479 1094 1530 καὶ
1139 1477 1238 1530 δεῖ.
1299 1478 1451 1530 Ἐπεὶ
1488 1478 1543 1529 δὲ
1569 1478 1665 1544 τῆς
1698 1494 1783 1529 το-

197 1569 409 1637 σαύτης
453 1568 707 1630 ἀσεϐείας
751 1568 812 1620 τὸ
843 1567 1075 1638 μέγεθος
1105 1570 1134 1620 ό
1163 1569 1352 1639 Σωτὴρ
1383 1570 1632 1638 προορῶν
1662 1571 1780 1623 οὐδὲ

196 1663 462 1730 τοιαύτην
500 1661 680 1729 ἀφῆκε
729 1661 934 1731 φωνὴν,
970 1661 1054 1714 ῐνα
1111 1661 1185 1731 μὴ
1236 1661 1462 1725 πολλοὺς
1509 1662 1598 1715 διὰ
1626 1662 1720 1714 σοῦ
1748 1665 1780 1731 ἡ

195 1753 288 1805 τοῦ
321 1751 568 1820 Πονηροῦ
603 1753 908 1821 κακουργία
952 1752 1326 1821 κατανεμηθῇ,
1371 1753 1507 1816 πῶς,
1534 1754 1654 1817 ἀντὶ
1683 1754 1776 1806 τοῦ

197 1855 527 1924 κατηγορεῖν
556 1852 646 1906 τὶν
667 1854 965 1920 Δεσπότην,
1000 1853 1100 1905 οὐκ
1131 1855 1210 1914 είς
1249 1851 1348 1922 τὴν
1375 1852 1468 1905 τοῦ
1508 1854 1775 1905 Δεσπότου

195 1947 280 1998 διά
333 1946 663 2014 συγγνώμης
710 1946 770 1996 οὐ
828 1945 1193 2012 καταφεύγεις
1236 1945 1314 2011 (1)
1369 1943 1778 2012 φιλανθρωπίαν

196 2040 289 2090 καὶ
343 2039 414 2089 τά
455 2037 550 2105 τῆς
583 2037 811 2105 καρδίας
845 2037 1157 2104 ύπανοίγεις
1194 2030 1307 2088 ὦτα
1348 2038 1412 2104 τῇ
1460 2037 1665 2088 ἐκείνου
1698 2036 1777 2088 δι-

196 2131 502 2198 δασκαλίας
533 2127 636 2197 κβ’.
684 2124 849 2181 Εἶπεν
885 2131 912 2181 ὁ
945 2130 1156 2199 Σωτὴρ,
1202 2131 1298 2193 τί;
1344 2130 1463 2193 οὐκ,
1502 2129 1602 2191 Ἐξ
1631 2130 1777 2196 ἐμοῦ

197 2219 448 2287 λήψεται,
482 2218 614 2282 ἀλλ’,
642 2219 770 2285 ,Ἐκ
797 2217 904 2272 τοῦ
943 2219 1091 2287 ἐμοῦ
1120 2217 1406 2287 λήψεται.
1446 2220 1600 2289 ᾟδει
1622 2220 1730 2289 γάρ
1751 2220 1779 2270 ὁ

197 2311 412 2372 πάντας
438 2309 608 2362 ἐλθὼν
642 2313 707 2379 τῇ
741 2309 965 2380 ἀληθείᾳ
994 2310 1200 2375 διδάξαι
1261 2313 1568 2380 συμφωνεῖν
1596 2310 1778 2378 πολλῷ

202 2403 408 2471 μᾶλλον
429 2404 715 2472 συντηρεῖν
731 2401 1096 2471 ἀνεπίληπτον
1119 2402 1215 2470 τὴν
1238 2404 1554 2472 συμφωνίαν
1577 2405 1774 2474 ἐαυτῷ.

208 2501 302 2550 Ἐκ
343 2497 457 2551 τοῦ
499 2496 644 2564 ἐμοῦ
675 2495 940 2564 λήψεται
968 2511 982 2523 ·
1035 2496 1232 2564 πολλὴν
1282 2497 1375 2549 καί⁵
1423 2496 1683 2566 μεγάλην,
1732 2498 1777 2548 εί

198 2589 291 2642 καὶ
344 2589 539 2658 βραχεῖ
591 2586 956 2656 παραλλάττει
1015 2588 1242 2657 ῥήματι,
1285 2586 1344 2638 τδ
1376 2587 1443 2639 ἐκ
1492 2587 1599 2640 τοῦ
1628 2587 1777 2655 ἐμοῦ

199 2679 334 2741 πρὸς
366 2677 450 2738 τὸ,
491 2676 558 2739 ἐξ
583 2675 753 2744 ἐμοῦ,
787 2675 884 2745 τὴν
929 2675 1190 2744 διαφοράν
1221 2675 1333 2744 ἔχει
1361 2692 1372 2706 ·
1411 2676 1468 2727 τὸ
1519 2676 1615 2744 μὲν
1643 2675 1774 2744 γάρ,

197 2769 264 2830 ἐξ
289 2767 466 2835 ἐμοῦ,
510 2767 667 2820 αὑτὸν
693 2766 784 2817 τὸν
831 2765 1053 2818 εἰπόντα
1082 2766 1178 2835 τὴν
1211 2767 1393 2834 φωνὴν
1435 2768 1773 2834 συνεισάγει·

197 2862 256 2912 τὸ
283 2861 341 2912 δὲ
375 2859 446 2911 ἐκ
492 2858 598 2912 τοῦ
627 2859 776 2926 ἐμεῦ
825 2859 1040 2920 πάντως
1073 2859 1257 2929 ἕτερον
1302 2860 1592 2927 πρόσωπον
1628 2859 1778 2928 παρὰ

196 2953 286 3003 τὸν
308 2950 556 3004 ειπῦντα.
594 2949 766 3002 Τοῦτο
794 2950 848 3002 δὲ
893 2953 1044 3002 ποῖον
1076 2950 1142 3002 ἂν
1168 2951 1276 3018 ετη,
1318 2952 1377 3016 ἐξ
1414 2942 1476 3002 οὗ
1510 2951 1774 3018 λαμϐάνει

197 3044 255 3093 τὸ
304 3040 554 3109 Πνεῦμα,
606 3043 654 3094 εί
687 3040 761 3110 μὴ
790 3041 817 3092 ό
847 3042 1072 3110 Πατήρ;
1115 3041 1232 3093 οὐδὲ
1271 3043 1378 3110 γάρ
1421 3042 1529 3094 οὐδ’
1558 3044 1683 3096 ἄλλο
1723 3061 1776 3095 τι

958 357 1396 416 llEFUTATlO
1437 358 1804 418 PHOTIANI
1847 359 2057 418 LIBRI
2107 359 2201 416 DE
2240 359 2546 417 SPlRlTU
2592 363 2653 416 ς.

3363 369 3472 433 762

2510 469 2812 524 TEXTUS.

1960 559 2048 611 21.
2091 559 2360 625 Quoniam
2398 575 2524 613 vero
2555 561 2635 613 vel
2694 577 2756 614 ea
2803 576 2925 630 quae
2957 576 3140 632 pueris
3168 579 3296 621 sunt
3339 577 3468 623 nota

1892 653 2032 704 scire
2058 660 2111 704 te
2136 653 2304 705 vetuit
2331 669 2541 706 sumina
2579 653 2688 718 illa,
2711 670 2816 719 qua
2841 655 3000 709 etiam
3021 657 3086 710 ad
3114 659 3469 727 impossibilia

1891 744 2171 797 contendis
2193 746 2493 811 temeritas,
2515 761 2659 800 nunc
2677 747 2891 813 saltem,
2917 751 3017 804 eisi
3047 767 3157 804 non
3184 753 3354 820 prius,
3380 755 3465 808 in-

1889 836 2128 906 telligere
2153 837 2319 892 debes
2354 840 2488 892 nihil
2545 849 2656 894 tam
2679 840 2825 895 clare
2877 850 2982 895 tua!
3027 859 3241 897 vesana
3270 845 3467 899 adver-

1889 929 2021 993 sari,
2058 928 2520 996 quemadmodum
2570 933 2682 984 haec
2708 932 2923 985 Domini
2957 943 3121 1002 atque
3163 935 3464 991 Salvatoris

1889 1034 2020 1072 vox.
2049 1020 2106 1072 Si
2143 1020 2287 1072 enim
2319 1020 2522 1075 diceret
2565 1041 2576 1074 :
2613 1021 2686 1075 Ile
2709 1039 2788 1075 me
2813 1027 3056 1091 accipiet,
3111 1041 3214 1080 nec.
3242 1029 3322 1081 sic
3341 1029 3467 1097 qui-

1886 1110 2008 1164 dem
2059 1113 2204 1180 quod
2244 1113 2434 1167 studes
2475 1115 2852 1179 evinceretnr;
2907 1115 3130 1171 haberet
3161 1128 3340 1172 tamen
3365 1120 3466 1173 ali-

1886 1217 2050 1268 quem
2114 1212 2436 1270 praetextum
2490 1221 2664 1259 error.
2703 1204 2890 1275 Neque
2922 1208 3065 1261 cnim
3101 1212 3345 1278 accipere
3397 1211 3465 1264 ab

1884 1295 2067 1363 aliquo
2134 1297 2204 1350 ob
2256 1298 2422 1350 alium
2497 1299 2806 1366 quempiam
2885 1315 3043 1355 usum
3105 1311 3158 1354 et
3215 1303 3468 1357 substan-

1884 1387 1998 1439 tiali
2073 1391 2422 1455 processione
2467 1390 2758 1457 procedere
2814 1392 2866 1444 in
2916 1393 3171 1447 eumdem
3241 1411 3463 1448 sensum

1882 1481 2246 1539 conveniunt,
2285 1480 2512 1532 multum
2563 1479 2737 1543 abest,
2779 1488 2836 1532 ut
2883 1480 2983 1533 hoc
3018 1482 3090 1535 ita
3151 1497 3212 1537 se
3245 1483 3460 1536 haheat.

1883 1568 2151 1634 Quoniam
2194 1586 2324 1623 vero
2357 1582 2517 1623 tanta:
2548 1571 2845 1639 impietatis
2867 1573 3297 1638 magnitudinem
3337 1575 3462 1627 Sal-

1884 1662 2350 1729 vatorprzevidens
2376 1680 2480 1716 non
2508 1665 2664 1717 talem
2699 1666 2876 1719 emisit
2909 1681 3118 1728 vocem,
3160 1682 3227 1719 ne
3261 1667 3464 1720 multos

1882 1769 1982 1821 ope
2030 1765 2120 1808 tua
2176 1756 2439 1809 damonis
2475 1756 2712 1824 nequitia
2743 1756 3154 1825 ilepasceretur,
3183 1757 3461 1826 quomodo

1881 1846 1999 1899 loco
2020 1846 2386 1898 accusationis
2409 1861 2570 1913 quam
2597 1843 2825 1899 Domino
2857 1846 3092 1900 intendis
3112 1847 3216 1915 (a),
3247 1846 3312 1900 ad
3344 1847 3462 1914 ejus

1881 1935 2220 1986 clementiam
2259 1934 2606 2000 impetranda
2641 1936 2809 1987 venia:
2836 1948 3000 1988 causa
3033 1951 3139 1989 non
3189 1934 3461 2004 confugis,

1882 2039 1980 2077 nec
1999 2024 2179 2078 cordis
2204 2025 2392 2092 pandis
2419 2039 2578 2080 aures
2603 2025 2668 2078 ad
2693 2025 2811 2094 ejus
2833 2028 3173 2081 doctrinam?
3200 2026 3294 2084 22.
3323 2028 3464 2083 Dixit

1882 2114 2149 2180 Salvator,
2172 2131 2278 2169 non
2308 2134 2320 2168 :
2347 2116 2420 2169 De
2445 2133 2522 2169 me
2545 2119 2783 2184 accipiet,
2802 2119 2894 2172 sed
2927 2133 2938 2170 :
2968 2118 3041 2171 De
3080 2136 3191 2172 meo
3221 2122 3460 2186 accipiet.

1883 2205 2115 2260 Noverat
2144 2207 2289 2261 enim
2327 2209 2418 2276 qui
2455 2207 2599 2261 venit
2649 2209 2968 2264 liorlaturus
3001 2226 3211 2275 omnes,
3277 2222 3336 2264 ut
3367 2226 3461 2263 ve-

1881 2302 2027 2355 ritati
2062 2302 2467 2356 coneordentet
2524 2314 2845 2369 consonent,
2907 2306 3076 2359 multo
3129 2307 3304 2376 magis
3355 2307 3458 2359 sibi

1883 2395 2298 2448 consonantiam
2337 2395 2594 2450 illibatam
2663 2412 2992 2451 c0nservare
3040 2397 3112 2451 De
3151 2416 3260 2452 meo
3315 2399 3462 2450 acci-

1879 2491 1983 2556 piet
2005 2505 2019 2553 ;
2042 2489 2166 2542 licet
2197 2489 2471 2542 modicum
2501 2505 2636 2542 sono
2668 2490 2953 2543 verborum
2989 2491 3281 2558 discrepet,
3315 2492 3458 2543 inul-

1884 2593 1994 2634 llilll
2031 2590 2208 2635 tamen
2237 2592 2290 2636 et
2331 2599 2582 2652 magnum
2608 2582 2833 2637 interest
2875 2584 3170 2637 discrimen
3227 2585 3369 2636 inter
3396 2584 3461 2636 de

1881 2690 1992 2725 meo
2041 2673 2180 2728 etde
2219 2691 2336 2739 me;
2368 2692 2488 2729 nam
2522 2677 2754 2730 dicendo
2814 2678 2879 2729 de
2919 2694 3020 2739 me,
3057 2677 3144 2730 ille
3192 2676 3306 2743 ipse
3365 2674 3457 2743 qui

1881 2781 2067 2819 vocem
2135 2767 2462 2829 enuntiavit,
2517 2769 2828 2833 inducitur;
2887 2769 3118 2821 dicendo
3159 2779 3339 2820 autem
3397 2769 3462 2819 de

1880 2875 2013 2923 mea,
2043 2859 2264 2912 omnino
2299 2859 2406 2912 alia
2441 2876 2468 2911 a
2498 2859 2816 2928 proferente
2861 2875 3089 2927 persona
3123 2858 3458 2928 intelligitur.

1879 2951 2003 3005 llaec
2036 2967 2165 3005 vero
2217 2967 2464 3019 quaenam
2503 2952 2606 3005 alia
2650 2951 2830 3014 fuerit,
2881 2967 2944 3004 ex
2980 2967 3085 3019 qua
3123 2952 3318 3017 accipit
3346 2950 3464 3016 Spi-

1880 3045 2038 3107 ritus,
2074 3043 2178 3098 nisi
2201 3043 2357 3098 Pater
2381 3044 2604 3112 ?Neque
2625 3045 2768 3098 enim
2803 3043 2854 3096 hi
2882 3043 2982 3109 ipsi
3018 3041 3124 3096 Deo
3152 3058 3462 3110 repugnari-

198 3133 594 3203 θετμαχιῦντες
637 3131 1109 3186 ἀναπλάσσουσιν·
1162 3133 1284 3185 οὔτε
1331 3135 1439 3204 γὰρ
1486 3136 1542 3200 ἐξ
1585 3136 1817 3210 ἐτέρου(

1882 3145 1958 3188 tes
1997 3135 2141 3188 aliud
2174 3136 2301 3204 quid
2339 3135 2685 3204 coniugem;
2721 3151 2824 3186 non
2889 3135 3032 3187 enim
3062 3150 3124 3185 ex
3164 3135 3270 3186 alio
3302 3133 3458 3195 Filio,

201 3226 355 3290 Υίοῦ,
386 3226 447 3279 οὐ
505 3226 630 3294 μὴν,
677 3223 791 3276 ἀλλ’
821 3223 932 3276 οὔτ’
962 3224 1021 3289 ἐξ
1058 3225 1222 3277 αὑτοῦ
1274 3226 1367 3277 τοῦ
1417 3225 1782 3294 λαμϐάνοντος

200 3318 516 3388 Πνεύματος
546 3319 645 3387 (‘2).
684 3317 845 3388 Ὁρᾷς
876 3320 1024 3380 ὅπως
1066 3317 1186 3370 οὑδέ
1218 3317 1286 3370 τά
1327 3316 1436 3370 τῶν
1466 3317 1670 3370 παίδων
1701 3335 1782 3369 σοι

200 3410 457 3478 παρεῖναι
487 3407 668 3476 φιλεῖς
700 3409 789 3460 καὶ
819 3408 927 3478 γὰρ
959 3407 1050 3458 καὶ
1083 3408 1267 3470 παῖδες
1300 3408 1476 3460 ἴσασιν
1507 3408 1630 3478 ἄρτι
1659 3425 1780 3475 φοι-

198 3501 402 3562 τῶντες
449 3500 528 3563 είς
568 3500 1006 3569 γραμματιστοῦ,
1035 3499 1094 3552 τὸ
1137 3501 1256 3568 μὲν,
1307 3499 1376 3564 ἐξ
1405 3499 1572 3569 ἐμοῦ,
1621 3499 1783 3552 αὑτὸν

201 3592 516 3665 συνεισάγει
548 3592 625 3659 (3)
659 3592 748 3642 τὸν
779 3593 1086 3661 προάγοντα
1111 3593 1209 3661 τὴν
1238 3591 1332 3643 τοῦ
1362 3593 1519 3658 λόγου
1550 3608 1777 3661 περικο-

203 3681 332 3750 πὴν,
365 3679 426 3731 τὸ
455 3679 512 3731 δὲ
542 3679 610 3731 ἐκ
639 3678 743 3732 τοῦ
772 3678 920 3747 ἐμοῦ
957 3680 1141 3750 ἕτερον
1174 3681 1465 3748 πρόσωπον
1507 3682 1778 3750 ἐμφαίνει,

201 3771 485 3842 ἡνωμένον
523 3772 620 3840 μὲν
655 3772 728 3840 (ί)
766 3771 983 3842 δεσμοῖς
1036 3772 1362 3836 οίκειὼσεως
1420 3774 1495 3843 τῷ
1551 3774 1779 3837 εἰπόντι,

200 3866 458 3934 διάφορον
491 3863 544 3917 δὲ
581 3864 796 3927 πάντως
823 3868 889 3935 τῇ
939 3865 1264 3918 ὑποστάσει·
1300 3867 1434 3934 πρὸς
1477 3866 1505 3918 ὃ
1549 3867 1642 3919 καὶ
1671 3867 1780 3918 τῶν

201 3956 492 4025 ἀκροατῶν
524 3957 622 4025 τὴν
653 3957 892 4009 διάνοιαν
914 3957 1166 4019 ἀπλανῶς
1192 3957 1451 4026 φέρεσθαι
1479 3957 1779 4026 παραπέμ-

203 4045 376 4118 πει[ς]
419 4045 559 4098 ὥστε
584 4047 642 4098 τὸ
669 4047 757 4099 σὺν
780 4036 1136 4115 προσφύγιον,
1162 4048 1317 4116 εἰπερ
1339 4045 1474 4108 ὅλως
1498 4047 1638 4098 ἕλοιο
1661 4047 1780 4098 ἀντὶ

202 4141 292 4192 τοῦ
322 4139 602 4193 δυσσεϐεἷν
629 4139 892 4205 εὐσεϐεῖν,
923 4138 1205 4208 μετανοίας
1235 4140 1300 4192 ἄν
1332 4157 1412 4190 σοι
1444 4139 1779 4209 προσφύγιον

205 4231 438 4298 γένοιτο,
467 4230 685 4300 οὐδεμία
710 4230 763 4283 δὲ
795 4229 928 4300 πρὸς
955 4231 1014 4282 τὸ
1043 4231 1328 4300 θεομαχεῖν
1364 4231 1605 4300 ἀφορμή.

757 4415 1212 4471 ΑΝΤῙΡΡΠΣΙΣ.

1888 3226 1998 3278 imo
2038 3241 2214 3294 neque
2248 3242 2311 3280 ex
2374 3225 2605 3292 ipsemet
2660 3226 2964 3294 accipiente.
3002 3224 3226 3291 Spiritu.
3281 3223 3458 3287 Vides,

1885 3317 2159 3384 quomodo
2194 3332 2259 3370 ne
2293 3317 2380 3368 illa
2422 3316 2666 3385 quidem,
2717 3332 2835 3385 qnze
2892 3316 3074 3383 pueris
3129 3317 3252 3367 trita
3311 3326 3460 3377 sunt,

1885 3409 2050 3460 calles
2080 3425 2094 3474 ;
2129 3425 2252 3461 nam
2287 3411 2366 3461 vel
2402 3409 2550 3476 pueri
2587 3413 3068 3476 grammaticorum
3106 3407 3460 3476 frequentan-

1886 3507 1965 3553 tes
1999 3501 2240 3554 scholam
2289 3501 2490 3561 sciunt,
2540 3514 2668 3553 voce
2718 3499 2818 3552 hac
2870 3500 2932 3551 de
2973 3515 3050 3551 me
3083 3499 3232 3551 illitiii
3283 3500 3458 3566 ipsum

1884 3592 2108 3653 includi,
2150 3594 2240 3661 qni
2265 3595 2528 3646 orationis
2555 3595 2840 3661 pericopen
2873 3593 3125 3661 protulit;
3160 3592 3258 3645 hac
3277 3602 3456 3643 autem

1883 3683 1946 3734 de
1980 3697 2091 3733 meo
2115 3683 2275 3734 aliain
2318 3698 2600 3750 personam
2635 3683 2833 3735 diserte
2893 3681 3206 3749 signiﬁiari.
3253 3683 3458 3734 iinitam

1885 3773 2100 3839 quidem
2151 3772 2372 3838 jui'ibus
2412 3772 2817 3839 ionjuiietionis
2870 3788 2992 3826 cum
3026 3787 3091 3824 eo
3118 3771 3210 3841 qui
3273 3787 3458 3824 iocem

1883 3863 2273 3931 pronuntiavit,
2307 3865 2400 3916 sed
2433 3862 2767 3917 ditTerenteni
2802 3864 3026 3915 omnino
3064 3861 3241 3931 quoad
3287 3863 3458 3930 hypo-

1881 3954 2104 4012 stasim;
2143 3955 2207 4006 ad
2247 3955 2384 4006 hanc
2417 3955 2577 4006 etiam
2612 3954 2916 4008 auditorum
2945 3955 3299 4021 Cogitationes
3340 3955 3458 4005 sine

1880 4044 2082 4096 crroiis
2128 4046 2368 4111 periculo
2412 4046 2726 4098 tiansniittit
2767 4054 2819 4098 ct
2872 4059 3063 4098 secure
3108 4042 3324 4095 di-ilucit
3360 4041 3456 4109 (ιι).

1879 4135 2059 4197 Quare
2119 4144 2268 4188 tuum
2325 4136 2742 4204 subterlugiuni,
2798 4135 3092 4187 dummodo
3151 4133 3234 4199 pie
3302 4133 3456 4183 malis

1879 4243 2041 4296 quam
2102 4230 2263 4297 impie
2325 4231 2549 4290 sentire,
2615 4228 2946 4296 pmnitentia:
2995 4226 3092 4277 tibi
3150 4223 3451 4291 perfugium

1879 4321 2067 4384 fuerit,
2099 4337 2204 4373 non
2235 4337 2360 4375 vero
2388 4324 2494 4374 ulla
2523 4324 2585 4374 ad
2627 4322 3033 4389 repugnandum
3072 4323 3178 4376 Deo
3213 4320 3449 4374 occasio.

2441 4413 2892 4468 REFUTATIO.

273 4511 397 4577 ις’.
435 4508 495 4561 '0
529 4508 627 4577 τὴν
658 4508 764 4560 ἀπὸ
817 4507 909 4560 τοῦ
946 4507 1074 4559 Υίοῦ
1124 4508 1285 4576 λῆψιν
1327 4507 1420 4561 τοῦ
1469 4507 1782 4574 Πνεύματος

1957 4509 2095 4562 XVI.
2128 4510 2228 4575 Qui
2250 4510 2617 4577 aCCeptionein
2650 4505 2889 4575 Spiritus
2919 4523 2945 4558 a
2976 4506 3109 4558 Filio
3142 4522 3304 4558 imam
3337 4523 3455 4560 vss»:

208 4604 335 4668 μίαν
368 4596 668 4666 ἡγούμενος
695 4595 824 4657 τῶν,
867 4597 990 4648 ὅσαι
1021 4596 1128 4647 ἀπό
1152 4613 1293 4655 τινος
1318 4597 1556 4663 γίνονται
1586 4597 1776 4666 λήψεις

204 4690 413 4759 χρείας
450 4686 648 4752 ἄλλης
693 4687 869 4754 χάριν
894 4686 1079 4752 τινὸς,
1113 4688 1210 4738 οὐκ
1259 4687 1480 4755 ὀκνήσει
1511 4689 1650 4756 τάχα
1684 4689 1776 4739 καὶ

204 4784 298 4852 τὴν
330 4783 393 4831 ἐκ
427 4777 636 4846 Πατρὸς
660 4776 1096 4842 ἐκπόρευσιντοῦ
1127 4776 1282 4842 ἁγίου
1309 4777 1617 4846 Πνεύματο,
1647 4778 1776 4845 μίαν

204 4869 517 4940 ἡγήσασθαι
545 4868 652 4920 τῶν
681 4868 799 4919 ὅσαι
831 4868 937 4919 ἀπὸ
968 4885 1111 4929 τινος
1139 4869 1387 4935 λέγονται
1421 4868 1777 4939 ἐκπορεύσεις

203 4965 482 5032 διαφόροις
532 4959 754 5030 τρόποις
809 4959 1136 5028 σημασιῶν·
1191 4959 1304 5011 ἀλλ’
1357 4960 1545 5029 ῶσπερ
1597 4963 1778 5033 πάσης

205 5055 370 5122 ἀλλης
418 5049 798 5120 ἐκπορεύσεως
847 5051 881 5120 ἡ
931 5049 1024 5102 τοῦ
1081 5050 1392 5120 Πνεύματος
1453 5053 1776 5120 ἐκπόρευσις

205 5147 512 5213 διενήνοχεν
557 5141 824 5211 ούσιώδης
871 5141 1005 5194 οὖσα
1052 5142 1145 5194 καὶ
1194 5143 1419 5211 φυσικὴ,
1451 5142 1592 5195 οὕτω
1626 5145 1776 5208 καὶὴ

207 5241 266 5289 ἐκ
301 5235 396 5288 τοῦ
447 5233 577 5286 Υίοῦ
627 5232 787 5301 λῆψις
829 5231 923 5285 τοῦ
966 5233 1279 5302 Πνεύματος
1331 5234 1484 5286 οὐδέν
1530 5251 1580 5286 τι
1627 5235 1777 5287 δοτὸν

209 5327 463 5398 σημαίνει
498 5325 646 5393 παρὰ
677 5324 770 5376 τοῦ
805 5324 932 5376 Υἱοῦ
956 5324 1032 5391 τῷ
1058 5324 1363 5392 τίίνεύματι,
1409 5324 1541 5378 ἀλλά
1573 5328 1773 5394 φυσική

209 5436 289 5481 τις
318 5419 415 5470 καὶ
445 5416 707 5482 ούσιώδης
732 5417 1042 5482 ἀναγκαίως
1074 5417 1272 5467 νοεῖται
1309 5417 1403 5468 καὶ
1429 5431 1443 5444 ·
1468 5417 1646 5486 μάτην
1681 5419 1775 5467 αύ-

279 5575 354 5643 (l)
390 5575 448 5625 ln
485 5571 646 5626 Laur.
675 5573 737 5625 οὐ
768 5573 918 5626 deest
952 5583 1076 5627 ante
1109 5575 1495 5642 καταφεύγεις.

280 5647 358 5710 (ν)
385 5643 550 5695 Laur.
576 5643 940 5710 λαμϐάνοντος
978 5643 1214 5711 πνεῦμα.

281 5716 353 5780 i5)
389 5715 492 5765 l't'o
519 5714 824 5778 συνεισάγει
855 5711 999 5766 Laur
1027 5731 1039 5766 :
1072 5713 1430 5780 συνεισάγειν.

281 5779 350 5851 li:-
387 5783 549 5835 Laur.
601 5785 882 5850 πρόσωπον
909 5785 1166 5852 ἐμφανῶς
1198 5779 1476 5854 ἡνωμένον
1508 5787 1627 5855 μέν.

1885 4612 2033 4673 putat
2064 4618 2126 4654 ex
2172 4603 2238 4653 iis
2268 4616 2387 4669 quae
2419 4599 2781 4653 communiter
2825 4599 2959 4650 ﬁunt
3021 4599 3362 4665 receptiOnes
3394 4601 3454 4650 ob

1885 4695 2113 4762 aliquem
2148 4691 2311 4743 alium
2344 4707 2517 4752 usum,
2557 4691 2643 4742 vix
2694 4689 2794 4742 istc
2842 4688 3191 4750 dubitaverit,
3232 4704 3454 4755 proces-

1886 4783 2096 4837 sionen'i
2127 4797 2340 4850 quoque
2372 4778 2612 4848 Spiritus
2639 4778 2809 4832 sancti
2853 4793 2915 4831 ex
2952 4777 3110 4830 Patre
3143 4780 3454 4830 existimare

1886 4889 2047 4926 unam
2090 4888 2153 4926 ex
2186 4873 2294 4924 illis
2323 4870 2768 4940 processionibus
2800 4884 2918 4937 quae
2954 4869 3020 4920 ab
3053 4869 3231 4936 aliquo
3261 4869 3454 4920 dicun-

1887 4972 1974 5017 tur
2007 4965 2304 5018 secundiiin
2361 4963 2543 5015 varios
2590 4960 3047 5029 signiﬁcationum
3098 4960 3311 5011 modos.
3357 4957 3456 5009 Ve-

1884 5066 2005 5104 rum
2034 5049 2494 5119 quemadmodum
2531 5048 2598 5102 ab
2639 5049 2786 5102 omni
2833 5049 2935 5100 alia
2971 5049 3317 5116 processione
3343 5048 3454 5100 dil-

1887 5142 1988 5195 fert
2025 5141 2195 5194 sancti
2247 5141 2482 5208 Spiritus
2513 5142 2792 5209 processio
2823 5150 3008 5208 utpote
3057 5141 3364 5193 essentialis
3400 5149 3455 5193 et

1885 5235 2144 5287 naturalis
2171 5234 2463 5293 exsistens,
2496 5237 2574 5287 sic
2601 5242 2656 5287 et
2697 5235 2940 5303 acceptio
2976 5232 3207 5300 Spiritus
3253 5249 3282 5284 a
3319 5231 3456 5285 Filio

1886 5327 2016 5380 nihil
2042 5327 2275 5378 dandum
2318 5324 2542 5392 Spiritui
2578 5342 2604 5376 ο
2639 5323 2775 5378 Filio
2825 5323 3113 5391 signiﬁcat,
3165 5326 3256 5377 sed
3292 5334 3456 5375 natu-

1886 5419 2011 5472 ralis
2042 5429 2093 5470 et
2129 5419 2434 5471 essential}:
2483 5418 2726 5486 acceptio
2763 5417 3078 5471 necessario
3108 5414 3451 5481 intelligitur.

1954 5576 2028 5642 (α)
2069 5573 2246 5636 Catil".,
2297 5574 2414 5626 loco
2460 5571 2744 5642 accusanli
2814 5568 3132 5632 Salvatoris,
3198 5566 3447 5620 clarius:

1890 5665 1904 5694 i
1943 5639 2036 5712 pro
2070 5665 2152 5702 νη,
2182 5645 2322 5710 quod
2369 5657 2652 5694 atzruaares
2697 5639 3004 5693 Dominum.
3046 5659 3087 5712 i_
3365 5707 3374 5712 _
3419 5707 3424 5712 _

1956 5715 2030 5769 ibi
2089 5707 2209 5766 lloc'
2254 5716 2488 5765 ilicisuw
2548 5714 2667 5777 τρλς
2696 5712 2720 5759 ὃ
2759 5739 2819 5750 --
2870 5708 3230 5779 παραπέμπει
3269 5707 3456 5759 omisit

1882 5785 2037 5837 Catil.
