4214 6448
629 1391 633 1395 .
725 1342 827 1396 hoc
886 1348 1051 1395 cst-z

716 391 818 457 ’ΠΙ

1783 388 1990 452 ῙΟΑΝ.
2038 386 2251 449 V'ECCI
2288 387 2396 450 CP.
2436 387 2946 449 PATRIARCU/E

3896 389 4008 454 712

719 507 999 565 Gloriﬁrat
1022 480 1189 571 vero,
1228 512 1288 560 ut
1318 504 1479 563 modo
1512 505 1717 561 dictum
1749 516 1854 572 est,
1884 515 1940 561 et
1971 504 2145 562 Filius
2177 504 2303 575 Spi-

2423 505 2632 569 ioEaCst
2659 506 2737 569 δὲ,
2762 506 2953 576 ὥσπερ
2981 506 3220 578 εἴρηται,
3248 505 3343 559 νῦν
3379 505 3407 560 ὅ
3432 523 3491 561 τε
3524 506 3650 571 Υἱὸς
3674 507 3735 561 τὺ
3774 506 4009 575 Πνεῦμα

719 602 886 655 ritum
920 609 974 655 et
1006 599 1247 669 Spiritus
1270 598 1495 667 Filium,
1533 607 1728 667 estque
1760 599 1922 668 ipsis,
1951 598 2313 668 quemadmo-

719 694 849 748 dum
880 708 1171 750 commune
1194 708 1447 764 regnum.
1469 700 1524 747 et
1550 693 1743 757 virtus,
1774 700 1826 745 et
1856 690 2121 761 potentia,
2152 690 2224 744 ita
2257 698 2312 744 et

720 788 915 857 gloria,
964 800 1073 840 non
1110 800 1175 840 ea
1229 787 1432 849 solum,
1488 800 1623 854 qua:
1667 800 1696 838 a
1741 784 1900 839 nobis
1928 783 2179 847 oliertur,
2213 781 2308 837 sed

720 879 885 934 etiam
914 892 1079 947 quam
1115 876 1218 947 ipsi
1251 892 1279 929 a
1318 891 1377 931 se
1406 876 1541 946 ipsis
1576 874 1879 945 rccipiunt.

791 971 884 1026 28.
926 970 1155 1037 "(etme
1180 969 1524 1038 clariﬁcabit,
1564 969 1671 1024 hoc
1709 977 1836 1022 est:
1881 980 1984 1021 nec
2015 965 2144 1036 quia
2195 965 2313 1035 glo-

606 1053 608 1055 ’
721 1065 861 1119 riam
916 1063 1082 1119 tribui
1137 1061 1466 1129 Paracleto,
1532 1062 1659 1116 ideo
1710 1061 1975 1130 majorem
2021 1074 2109 1113 me
2155 1058 2308 1112 illum

720 1156 1018 1228 declaravi,
1048 1169 1228 1223 neque
1258 1170 1456 1209 rursus
1487 1156 1614 1223 quia
1641 1154 1756 1209 dixi
1805 1170 1821 1209 :
1874 1151 1976 1207 Ille
2004 1169 2086 1207 me
2108 1153 2310 1219 clari/i-

722 1248 987 1312 cabit,me
1012 1246 1189 1316 ipsum
1224 1245 1273 1298 ei
1308 1245 1515 1298 honore
1543 1242 1811 1299 antefero.
1848 1242 1933 1297 Me
1965 1242 2309 1311 clariﬁcabit,

1107 1345 1375 1407 quantum
1431 1336 1582 1391 illius
1627 1335 1971 1392 altitudinem
2026 1334 2310 1405 intelligis,

712 1447 901 1507 ,rncam
936 1447 1028 1503 per
1059 1431 1212 1484 illuni
1242 1428 1700 1499 gloriﬁcationem
1729 1437 1883 1498 potes
1919 1428 2309 1497 contemplari.

723 1512 860 1579 Nam
893 1525 1036 1579 sicut
1080 1537 1181 1592 ego
1228 1537 1351 1580 uuae
1386 1521 1570 1574 audivi
1606 1536 1635 1573 a
1687 1520 1848 1575 Patre
1876 1534 1975 1574 vos
2010 1520 2194 1583 docui,
2236 1518 2311 1572 ita

722 1626 779 1671 et
801 1616 889 1670 ille
922 1617 1156 1685 accipiet
1184 1598 1251 1669 de
1283 1630 1405 1669 meo
1440 1624 1495 1668 et
1522 1613 1818 1667 illustrabit
1851 1626 1972 1666 vos.
2005 1609 2313 1681 A‘Jqualiter

724 1710 981 1780 perennis
1028 1715 1340 1762 nostrorum
1366 1709 1637 1761 donorum
1680 1713 1900 1759 emanat
1932 1703 2093 1769 fons;
2128 1718 2313 1773 aequa-

724 1801 846 1875 liter
868 1798 1195 1867 sempiterna
1225 1811 1256 1852 e
1294 1795 1453 1850 Patre
1501 1795 1803 1864 processio,
1843 1794 2153 1863 ‘wqualiter,
2182 1807 2312 1847 con-

2414 600 2600 651 καὶτὸ
2650 599 2877 668 Πνεῦμα
2924 599 3016 651 τὸν
3047 599 3196 665 Υίὸν,
3242 600 3341 654 καὶ
3389 600 3540 654 ἔστιν
3583 601 3769 654 αὐτῶν
3808 602 4011 673 ὥσπερ

2413 691 2591 745 κοινὸν
2619 692 2652 762 ἡ
2680 690 2930 760 βασιλεία
2960 691 3053 745 καὶ
3076 694 3108 763 ἡ
3134 690 3367 763 δύναμις
3390 693 3487 747 καὶ
3512 692 3576 746 τὺ
3602 693 3823 762 κράτος,
3856 690 4013 746 οὕτω

2412 784 2508 837 καὶ
2540 787 2573 856 ἡ
2601 785 2748 849 δόξα,
2778 787 2874 841 καὶ
2900 786 2962 840 οὑ
2996 787 3158 856 μόνον
3186 787 3220 856 ή
3253 786 3388 858 παρ’
3409 786 3570 857 ἡμῶν
3594 787 4008 859 ἀναφερομένη.

2412 877 2551 931 ἀλλὰ
2578 879 2673 931 καὶ
2701 880 2768 949 ἢν
2794 878 2949 932 αὐτοὶ
2977 879 3226 949 δέχονται
3266 880 3397 951 παρ’
3422 879 3642 936 ἑαυτοῦ.

2485 977 2594 1041 κη’.
2635 971 2902 1039 Ἐκεῖνος
2933 973 3038 1040 ἐμὲ
3073 972 3323 1038 δοξάσει
3342 991 3357 1007 ο
3386 974 3686 1038 τουτέστιν,
3718 973 3843 1026 οὔτε
3872 973 4012 1026 διότι

2409 1064 2570 1131 δόξαν
2606 1065 2787 1135 ἀνῆψα
2815 1065 2893 1136 τῷ
2933 1066 3300 1136 Παρακλήτῳ,
3333 1067 3422 1120 διὰ
3448 1067 3612 1119 τοῦτο
3642 1066 3867 1135 μείζονα
3899 1066 4004 1118 αὖ·

2412 1156 2524 1223 τὸν,
2554 1157 2927 1226 ἀπεφηνάμην
2983 1157 3140 1227 ἐμοῦ,
3176 1157 3303 1211 οὔτε
3355 1157 3521 1211 πάλιν
3567 1157 3705 1211 διότι
3740 1157 4017 1223 Ἐκεῖνος

2412 1249 2568 1319 ἔφην,
2604 1249 2859 1313 Δοξὰσει
2890 1249 3019 1319 ἐμὲ,
3067 1252 3304 1320 ἐμαυτὸν
3346 1250 3559 1305 ἐκείνου
3602 1251 3909 1321 προτίθημι
3946 1253 4013 1319 τῇ

2410 1342 2567 1412 τιμῇ.
2607 1340 2862 1402 Δοεάσει
2892 1341 3017 1411 ἐμὲ,
3061 1343 3341 1395 τουτέστιν
3384 1343 3508 1395 ὅσον
3538 1342 3748 1395 ἑκείνου
3788 1342 3849 1394 τὸ
3877 1341 4018 1411 ὕψος

2414 1435 2720 1499 κατανοεῖς,
2753 1434 2853 1506 τὴν
2879 1435 3018 1505 ἐμὴν
3057 1434 3125 1486 δι’
3151 1435 3317 1488 αὐτοῦ
3347 1435 3507 1501 δόξαν
3538 1434 3716 1487 ἔνεστί
3756 1450 3841 1487 σοι
3870 1435 4014 1486 ἀνα-

2413 1524 2673 1596 θεωρεῖν·
2716 1527 2812 1580 καὶ
2859 1528 2969 1599 γὰρ
3015 1526 3206 1595 ὥσπερ
3243 1526 3356 1591 ἐγὼ
3398 1528 3435 1582 ἃ
3466 1529 3683 1598 ἥκουσα
3729 1527 3883 1596 παρὰ
3916 1526 4015 1579 τοῦ

2414 1615 2646 1685 Πατρὸς,
2672 1615 2886 1681 ἐδίδαξα
2908 1616 3073 1687 ὑμᾶς,
3102 1615 3245 1670 οὕτω
3279 1618 3533 1677 κάκεῖνος
3556 1614 3790 1686 λήψεται
3818 1615 3884 1666 ὲκ
3916 1611 4015 1666 τοῦ

2415 1709 2551 1780 ἐμοῦ
2598 1712 2691 1764 καὶ
2720 1711 3120 1780 φωταγωγήσει
3152 1711 3318 1781 ὑμᾶς.
3365 1710 3595 1781 Ἐπίσης
3642 1711 3677 1781 ἡ
3719 1709 3830 1763 τῶν
3851 1725 4017 1777 χαριο

2417 1804 2640 1872 σμάτων
2692 1802 2916 1865 ἀένναος
2961 1802 3120 1872 ἡμῶν
3179 1802 3335 1872 βρύει
3383 1802 3558 1872 πηγὴ,
3606 1801 3806 1868 ἐπίσης
3852 1802 3885 1869 ἡ
3958 1800 4019 1864 ἐξ

725 1873 1167 1947 substantialitas
1199 1897 1254 1944 et
1287 1897 1499 1942 natura:
1529 1887 1827 1954 identitas;
1864 1887 2053 1940 omnia
2082 1885 2307 1940 honoris

2423 1893 2591 1947 ἅῖδίου
2624 1894 2850 1964 πρόοδος
2894 1895 2959 1947 ἐκ
2983 1892 3077 1946 τοῦ
3118 1894 3356 1963 Πατρὺς,
3385 1895 3585 1965 ἐπίσης
3626 1892 3687 1945 τὸ
3717 1890 4018 1961 όμοούσιον

724 1994 779 2039 et
800 1984 1001 2054 gradus
1047 1982 1417 2051 aequalitatem
1461 1980 1750 2043 indicunt;
1793 1979 2159 2050 undequaque
2191 1994 2309 2032 ma-

723 2077 860 2147 joris
888 2084 944 2129 et
976 2074 1204 2128 minoris
1235 2074 1374 2127 ratio
1401 2072 1743 2126 eli-minatur.

794 2167 887 2222 29.
949 2166 1171 2229 Deinde,
1223 2179 1351 2218 cum
1390 2163 1625 2217 dixisset
1664 2162 1813 2231 quod
1875 2162 2117 2228 accipiet,
2162 2159 2309 2215 clare

726 2261 891 2313 etiam
927 2257 1184 2327 praedicat
1213 2269 1456 2311 causam.
1476 2269 1574 2309 cur
1595 2253 1859 2321 accipiet:
1887 2265 2062 2320 neque
2084 2250 2230 2303 enim
2253 2259 2312 2303 ut

727 2352 1003 2422 procedat,
1052 2350 1148 2415 ait,
1191 2364 1366 2419 neque
1398 2356 1457 2401 ut
1489 2346 1754 2400 subsistat
1805 2343 2068 2415 (attende,
2103 2352 2309 2413 quaeSo,

729 2444 1029 2499 Dominicis
1061 2441 1338 2512 vocibus),
1380 2441 1473 2495 sed
1502 2428 1885 2507 cur-accipiet,
1922 2433 2068 2491 cur?
2098 2434 2169 2489 Ut
2193 2449 2314 2503 quae

730 2540 957 2585 ventura
991 2540 1121 2586 sunt
1148 2530 1439 2582 annuntiet
1477 2528 1653 2582 vobis.
1708 2526 1767 2580 Id
1811 2526 1957 2579 enim
2001 2538 2126 2580 cum
2162 2524 2314 2595 prius

616 2624 620 2629 ’
734 2624 1082 2687 asseruisset,
1142 2622 1396 2691 obsignat
1443 2634 1636 2675 rursus
1689 2618 1946 2690 inquiens
2000 2635 2015 2671 :
2062 2614 2141 2671 De
2201 2633 2315 2670 meo

728 2720 950 2787 accipiet
1005 2729 1053 2773 et
1096 2717 1438 2770 annuntiabit
1496 2715 1663 2770 vobis.
1698 2714 1916 2770 Clarius
1973 2727 2102 2768 vero
2144 2712 2317 2777 expli-

737 2824 870 2865 cans
912 2806 1043 2878 quid
1086 2808 1187 2862 sibi
1234 2807 1364 2861 velit
1424 2806 1511 2861 bis
1554 2806 1777 2861 verbis:
1816 2804 1889 2859 De
1915 2820 2028 2858 meo
2071 2804 2314 2871 accipiet,

731 2902 1025 2958 confestim
1054 2901 1203 2954 addit
1248 2917 1261 2953 :
1315 2898 1507 2952 Omnia
1551 2912 1871 2967 quazcunque
1932 2896 2091 2950 habet
2134 2896 2316 2959 Pater,

734 3012 849 3048 mea
874 3003 1022 3046 sunt.
1078 2991 1261 3055 Quare
1289 2986 1530 3059 Spiritus
1553 3004 1671 3043 mea
1697 2987 1974 3058 accipiens
2007 2999 2062 3042 et
2088 2987 2155 3041 de
2186 3001 2309 3040 meo

735 3086 892 3140 Patre
918 3083 1137 3153 accipit.
1168 3080 1278 3136 Nec
1313 3095 1439 3133 vero
1471 3096 1539 3135 eo
1573 3094 1746 3149 usque
1785 3086 1998 3145 tantum
2035 3076 2321 3133 sententiae

735 3175 982 3245 ejusdem
1038 3172 1456 3241 explicationem
1529 3170 1763 3240 profert,
1828 3169 1922 3223 sed
1978 3169 2159 3224 adhuc
2221 3182 2316 3221 ex-

754 3269 933 3323 actius
960 3266 1107 3320 illam
1132 3266 1385 3320 revelans
1423 3273 1477 3319 et
1512 3262 1847 3318 conﬁrmans
1876 3263 1951 3317 ait
1986 3280 1999 3315 :
2030 3261 2322 3330 Propterea

735 3361 853 3414 dixi
881 3361 1004 3430 quia
1062 3360 1126 3412 de
1168 3373 1279 3411 meo
1314 3357 1561 3425 accipiet,
1610 3356 1869 3426 quoniam
1904 3355 1958 3409 in
2005 3354 2166 3410 Patre
2203 3357 2322 3425 qui-

742 3457 864 3509 dem
922 3463 1050 3507 sunt
1117 3465 1257 3513 mea,
1321 3449 1558 3519 Spiritus
1600 3458 1780 3503 autem
1827 3465 1891 3504 ex
1951 3448 2110 3503 Patre
2181 3447 2318 3502 acci-

739 3548 855 3616 pit;
886 3560 1007 3612 quat
1035 3543 1181 3597 enim
1216 3550 1346 3597 sunt
1373 3540 1551 3595 Patris
1584 3555 1704 3594 mea
1732 3549 1863 3594 sunt
1889 3556 1903 3605 ;
1934 3551 1994 3594 ut
2029 3540 2100 3594 ita
2129 3554 2326 3609 propr-

740 3638 961 3693 modum
987 3635 1227 3688 clamare
1256 3633 1503 3688 videatur
1537 3649 1553 3687 :
1583 3631 1813 3698 Quando
1838 3633 1961 3687 dico
2002 3630 2074 3684 De
2098 3647 2232 3696 meo,
2257 3630 2323 3685 ad

742 3744 922 3783 meum
960 3726 1197 3791 Patrem,
1239 3740 1350 3779 non
1392 3740 1524 3780 vero
1552 3725 1619 3779 ad
1657 3724 1821 3780 alium
1855 3733 2065 3778 vestras
2105 3724 2319 3793 cogita-

743 3818 921 3870 tiones
951 3825 1164 3870 vertere
1209 3826 1263 3869 et
1292 3823 1609 3869 convertere
1639 3814 1871 3869 debetis.
1922 3812 2141 3867 Nullum
2168 3814 2314 3866 enim

746 3911 1062 3972 praetextum
1105 3902 1299 3970 reliqui
1332 3902 1513 3965 vobis,
1545 3918 1706 3971 quem
1737 3918 1841 3957 non
1874 3903 2218 3964 resciderim.
2258 3916 2325 3957 ne

744 3994 811 4047 ad
867 3993 1012 4047 aliud
1083 3994 1364 4062 quidpiam
1412 3993 1901 4063 imaginationibus
1952 3993 2322 4063 abripiamiui,

748 4085 1050 4154 praesertim
1100 4100 1224 4139 cum
1264 4085 1377 4153 jam
1411 4095 1539 4139 ante
1579 4086 1912 4140 asseruerim
1948 4086 2124 4151 vobis,
2158 4085 2305 4155 quod

748 4176 930 4230 omnia
970 4192 1312 4247 quaecunque
1340 4176 1503 4230 habet
1542 4175 1725 4242 Pater,
1760 4190 1877 4230 mea
1907 4184 2057 4231 sunt.

817 4362 908 4416 30.
951 4361 1092 4427 Quill
1143 4362 1513 4417 sacrosanctis
1555 4361 1679 4416 istis
1720 4362 1904 4417 verbis
1957 4363 2331 4419 luculentius?

749 4456 891 4523 Quid
922 4454 1125 4508 clarius
1161 4455 1229 4509 ad
1278 4455 1701 4518 ostendendum,
1734 4456 1897 4508 verba
1930 4455 2040 4519 illa,
2100 4456 2177 4509 De
2217 4472 2330 4509 meo

753 4545 995 4612 accipiet,
1025 4544 1090 4597 ad
1125 4542 1303 4597 Patris
1334 4558 1620 4611 personam
1654 4558 1753 4597 nos
1782 4543 2148 4599 transmittere
2176 4552 2231 4598 et
2264 4545 2331 4596 ad

751 4653 870 4691 eam
896 4652 1017 4690 esse
1039 4634 1364 4699 revocanda,
1418 4645 1583 4703 atque
1626 4633 1890 4704 Spintutn
1929 4650 1960 4688 a
2015 4633 2176 4689 Patre
2202 4645 2324 4689 tan-

753 4743 917 4798 quam
950 4742 1190 4798 a.causa
1241 4728 1512 4781 donorum
1550 4728 1924 4795 operationem
1975 4726 2327 4795 accipientem

757 4821 1078 4890 praedicari?
1110 4818 1412 4884 Donorum,
1444 4820 1690 4887 inquam,
1721 4819 1961 4879 illorum.
1993 4818 2195 4888 quibus
2215 4818 2329 4872 dis-

754 4913 965 4981 cipulos
1017 4911 1416 4975 corroborabit,
1465 4923 1524 4965 ut
1585 4910 1896 4964 futurorum
1961 4910 2328 4979 cognitionem

754 5004 1027 5059 constanti
1063 5002 1328 5071 ﬂ'rntoquc
1362 5002 1537 5056 ferant
1572 5003 1783 5068 animo,
1828 5016 2126 5069 rerumque
2160 5015 2328 5053 arca-

756 5113 947 5151 narum
982 5106 1148 5166 atque
1181 5094 1591 5150 reconditarum
1634 5094 1773 5149 citra
1820 5092 1992 5147 ullam
2021 5090 2325 5145 difﬁculta-

756 5200 863 5244 tem
929 5190 1337 5243 constituantur
1391 5195 1727 5257 spectatores
1781 5200 1846 5241 ac
1907 5184 2283 5254 speculatores
2316 5223 2331 5247 ,

758 5285 869 5335 imo
902 5289 957 5335 et
984 5278 1486 5348 superuaturalium
1531 5277 1908 5347 prodigiorum
1938 5283 2241 5346 patratores
2280 5284 2333 5330 et

757 5372 1004 5445 opiﬁces.

1332 5462 1782 5520 REFUTATIO.

830 5558 1231 5615 XV’lllJterum
1260 5557 1327 5614 de
1360 5558 1585 5614 vocibus
1620 5556 1728 5611 illis
1752 5555 2067 5610 disserens:
2093 5551 2164 5605 De
2198 5565 2337 5618 meo,

760 5666 809 5706 ct
846 5652 917 5705 De
968 5669 1045 5706 me
1070 5652 1308 5721 accipiet,
1349 5651 1653 5708 secundum
1693 5648 1745 5704 id
1779 5648 1925 5719 quod
1968 5646 2063 5703 tibi
2101 5644 2340 5711 videtur,

835 5836 911 5907 υ)
944 5835 1032 5893 Sic
1060 5835 1182 5893 Col.
1209 5848 1262 5891 et
1294 5836 1457 5891 Laur.

2410 1984 2505 2039 καὶ
2547 1983 2789 2054 ὁμοφυις
2816 2002 2829 2016 ·
2872 1983 3050 2037 πάντα
3105 1986 3205 2054 τὴν
3263 1985 3537 2052 ἰσοτιμίαν
3608 1984 4017 2053 μυσταγωγεῖ.

2412 2076 2750 2146 πανταχόθεν
2783 2075 2843 2129 τὸ
2885 2075 3070 2146 μεῖζον
3111 2077 3205 2129 καὶ
3233 2075 3294 2129 τὸ
3339 2076 3565 2129 ἔλαττον
3608 2076 4018 2129 ἀπελαύνεται.

2482 2166 2586 2221 κθ’.
2620 2162 2755 2220 Εἶτα
2797 2166 2996 2230 εἰπὼν,
3039 2169 3122 2221 ὅτι
3158 2167 3446 2236 λήψεται,
3498 2166 3769 2237 λαμπρῶς
3804 2168 4021 2233 ἀνακη-

2415 2257 2621 2326 ρύττει,
2656 2258 2751 2310 καὶ
2790 2257 2876 2326 ἐφ’
2902 2250 2948 2325 ᾧ
2976 2257 3229 2327 λήψεται·
3262 2258 3397 2311 Οὐδὲ
3423 2259 3533 2327 γὰρ
3560 2258 3647 2311 ἵνα
3674 2257 4016 2325 ὲκπορευθῇ,

2417 2350 2604 2419 φησὶν,
2639 2348 2750 2402 οὐδ’
2783 2349 2869 2401 ῐνα
2914 2349 3125 2420 ὑποστῇ
3160 2349 3418 2420 (πρόσεχε
3449 2353 3573 2411 ταῖς
3624 2352 4013 2412 Δεσποτικαῖς,

2414 2441 2695 2513 ἄνθρωπε,
2748 2439 3011 2510 φωναῖς)·
3044 2440 3178 2494 ἀλλὰ
3225 2440 3314 2494 διὰ
3365 2440 3417 2493 τί
3461 2439 3732 2511 λήψεταις
3777 2440 3868 2493 διὰ
3922 2442 4017 2502 ti;

2417 2535 2601 2589 Ὥστε
2649 2536 2722 2588 τὰ
2770 2534 3069 2603 ἐρχόμενα
3125 2533 3478 2605 ἀναγγεῖλαι
3538 2533 3720 2604 ὑμῖν·
3761 2536 3859 2587 καὶ
3905 2534 4021 2602 γὰρ

2417 2626 2575 2680 τοῦτο
2618 2624 3208 2695 προαναφθεγξάμενος
3253 2626 3641 2695 ὲπισφραγίζει
3699 2625 3866 2677 πάλιν
3919 2625 4014 2676 λέ-

2418 2735 2531 2786 γων
2556 2733 2570 2749 ’
2611 2718 2713 2770 Ἐκ
2745 2716 2852 2770 τοῦ
2881 2716 3029 2786 ἐμοῦ
3057 2716 3319 2785 λήψεται
3350 2717 3449 2770 καὶ
3480 2715 3810 2786 ἀναγγελεῖ
3840 2716 4017 2784 ὑμῖν.

2420 2811 2767 2881 Σαφέστερον
2803 2810 2849 2862 δ’
2884 2810 3304 2875 ἀνακαλύπτων,
3333 2810 3387 2862 τί
3430 2811 3561 2873 ποτέ
3595 2812 3747 2863 ἐστιν
3770 2809 3799 2862 δ
3837 2810 4018 2877 λέγει,

2433 2900 2529 2952 Ἐκ
2581 2898 2668 2969 (ι)
2720 2899 2828 2953 τοῦ
2883 2899 3032 2968 ἐμοῦ
3084 2900 3380 2967 λήψεται,
3441 2899 3722 2969 συντόμως
3779 2902 4017 2965 ἐπάγει·

2422 2990 2628 3044 Πάντα
2678 2992 2795 3044 ὅσα
2830 2991 2957 3058 ἔχει
3000 2993 3033 3044 ό
3083 2990 3308 3059 Πατὴρ,
3358 2990 3475 3059 ἐμά
3516 2991 3708 3053 ἐστιν,
3767 2990 3908 3043 ὥστε
3950 2994 4021 3044 τὰ

2424 3083 2534 3152 ὲμά
2570 3081 2865 3151 λαμϐάνων
2910 3083 3006 3135 καὶ
3053 3083 3118 3136 ὲκ
3153 3082 3246 3136 τοῦ
3275 3082 3411 3151 ἐμοῦ
3467 3083 3679 3153 Πατρδς
3718 3082 4020 3152 λαμϐάνει.

2423 3176 2536 3230 Καὶ
2566 3174 2689 3228 οὐδὲ
2724 3174 2888 3246 μέχρι
2914 3175 3105 3228 τούτου
3146 3174 3224 3245 (‘2)
3263 3174 3361 3245 τὴν
3398 3175 3569 3245 αὐτὴν
3608 3174 3849 3228 διάνοιαν
3889 3177 4023 3227 ἀνα-
4102 3170 4107 3173 ’

2430 3264 2684 3318 πτύσσων
2720 3267 2972 3336 προάγει,
3016 3264 3131 3318 ἀλλ’
3178 3266 3259 3319 ἔτι
3291 3266 3627 3337 τελειότερον
3676 3266 3850 3335 αὐτὴν
3880 3267 4023 3319 ἀνα·

2432 3356 2722 3410 καλύπτων
2746 3359 2839 3409 καὶ
2864 3356 3251 3427 βεϐαιούμενος
3280 3357 3427 3424 λέγει
3445 3374 3459 3387 ·
3485 3356 3588 3410 Διὰ
3608 3358 3785 3411 τοῦτο
3810 3354 4018 3421 εἶπον,

2433 3448 2520 3502 ὅτι
2551 3448 2619 3502 ἐκ
2648 3447 2757 3502 τοῦ
2798 3446 3091 3516 λαμϐάνει
3114 3463 3131 3479 ο
3165 3446 3299 3501 διότι
3334 3450 3392 3500 ὲν
3421 3448 3498 3517 τῷ
3536 3450 3709 3519 Πατρὶ
3760 3450 3861 3518 μὲν
3898 3451 4022 3503 ἐστι

2431 3540 2499 3592 τὰ
2528 3540 2636 3611 ἐμά
2656 3555 2671 3571 ο
2701 3540 2761 3592 τὸ
2787 3540 2843 3592 δὲ
2872 3538 3095 3609 Πνεῦμα
3119 3541 3184 3593 ὲκ
3213 3538 3307 3593 τοῦ
3339 3541 3551 3610 Πατρὺς
3581 3539 3849 3611 λαμϐάνει
3876 3559 3890 3572 ·
3922 3546 4023 3594 καὶ

2431 3632 2540 3701 γὰρ
2591 3629 2663 3683 τὰ
2717 3629 2812 3683 τοῦ
2862 3629 3077 3700 Πατρὺς
3125 3630 3235 3699 ἐμά
3280 3632 3462 3683 ἐστιν·
3498 3631 3641 3684 ὥστε
3697 3632 3859 3701 μόνον
3897 3634 4025 3702 οὐχὶ

2434 3723 2561 3792 βοᾷο
2597 3721 2765 3774 Ὀταν
2798 3720 2940 3787 λέγω
2972 3720 3078 3775 τοῦ
3124 3720 3295 3789 ἐμοῦ,
3326 3722 3458 3791 πρὸς
3502 3723 3594 3775 τὸν
3629 3723 3763 3791 ὲμδν
3795 3724 4023 3792 Πατέρα

2432 3814 2538 3883 Χρὴ
2588 3813 2718 3875 τοὺς
2749 3813 3042 3883 λογισμοὺς
3086 3813 3241 3882 ὐμῶν
3289 3814 3584 3883 ἀναφέρειν
3626 3816 3721 3867 καὶ
3765 3817 3841 3885 μὴ
3880 3820 4023 3886 πρὸς

2431 3906 2620 3975 ¹«ἕτερον
2659 3903 3108 3974 ἐπιστρέφεσθαι.
3140 3904 3275 3958 Οὐδὲ
3306 3905 3413 3974 γὰρ
3447 3902 3705 3975 οὐδεμίαν
3744 3908 4026 3977 πρότρασιν

2434 3993 2564 4064 ὑμῖν
2598 3994 2993 4066 ὑπελειπόμην,
3029 3996 3096 4067 ἣν
3128 3996 3187 4050 οὐ
3230 3998 3520 4066 περιεῖλον,
3574 3997 3710 4066 πρὸς
3743 3997 3935 4068 ἕτερόν
3966 4016 4023 4050 τι

2433 4089 2555 4150 ταῖς
2604 4087 2928 4155 φαντασίαις
2983 4088 3377 4158 ὑποσύρεσθαι,
3438 4087 3678 4158 μάλιστα
3725 4089 3865 4142 διότι
3921 4090 4027 4143 καὶ

2434 4179 2823 4249 προδιελέχθην
2871 4180 3024 4247 ὑμῖν,
3055 4180 3136 4233 ὅτι
3187 4179 3384 4233 πάντα
3416 4181 3534 4237 ὅσα
3563 4181 3689 4250 ἔχει
3721 4183 3754 4234 ό
3788 4183 4025 4249 Πατὴρ,

2433 4272 2546 4340 ἐμά
2572 4273 2761 4327 ἐστιν.

2505 4362 2572 4419 λ’.
2599 4363 2665 4416 Τί
2705 4364 2812 4416 τῶν
2839 4364 3124 4434 ἀχράντων
3146 4364 3353 4419 τούτων
3376 4365 3573 4433 λογίων
3599 4367 3986 4437 λαμπρότερον
4008 4384 4025 4431 ;

2436 4456 2502 4511 Τί
2526 4456 2581 4509 δὲ
2604 4457 2955 4526 παραστῆσαι
2988 4456 3321 4528 σαφέστερον
3347 4475 3363 4524 ;
3390 4461 3470 4512 ὅτι
3501 4460 3580 4525 τὸ,
3612 4461 3712 4514 Ἐκ
3741 4460 3851 4514 τοῦ
3876 4460 4029 4529 ἐμοῦ

2367 4589 2406 4643 D
2436 4549 2719 4618 λήψεται,
2755 4548 2889 4617 πρὸς
2921 4548 2981 4601 τὸ
3014 4548 3297 4619 ’Πατρικὺν
3338 4553 3702 4621 παραπέμπει
3728 4555 4030 4621 πρόσωπον

2437 4641 2531 4689 καὶ
2583 4638 2659 4700 ὡς
2704 4638 2802 4709 τὴν
2849 4640 2959 4692 τῶν
2995 4641 3352 4710 χαρισμάτων
3394 4642 3677 4712 ἐνέργειαν
3726 4642 3802 4704 ὡς
3848 4644 4029 4696 αίτίου

2438 4730 2589 4800 παρὰ
2621 4730 2714 4783 τοῦ
2750 4730 2960 4802 Πατρὺς
2990 4730 3343 4801 ίερολογεῖται
3368 4732 3428 4785 τὸ
3451 4732 3674 4803 Πνεῦμα
3695 4735 4025 4802 λαμϐάνειν,

2436 4823 2546 4875 τῶν
2572 4825 2931 4894 χαρισμάτων
2980 4823 3227 4888 ἐκείνων,
3263 4820 3344 4887 οἷς
3374 4826 3650 4894 ὲνισχὺσει
3680 4826 3807 4888 τοὺς
3850 4826 4032 4895 μαθη-

2437 4916 2536 4977 τὰς
2565 4914 2675 4967 τῶν
2714 4917 3025 4985 ἐρχομένων
3058 4917 3158 4985 μὲν
3190 4915 3289 4987 τὴν
3317 4916 3614 4984 ἐπίγνωσιν
3646 4920 3743 4969 σὺν
3772 4918 4033 4971 εὐσταθεί

2440 5007 2535 5059 καὶ
2567 5005 2957 5077 ἀπεριτρέπτῳ
2986 5009 3295 5077 φρονήματι
3328 5008 3538 5075 φέρειν,
3576 5006 3943 5059 καθίστασθαι
3974 5007 4032 5059 δὲ

2430 5097 2525 5151 καὶ
2571 5098 2678 5150 τῶν
2740 5099 2987 5152 ἀθεάτων
3027 5100 3296 5171 μηδεμιᾶς
3343 5098 3855 5171 παρακολουθούσης
3905 5100 4032 5153 δυσ-

2446 5190 2665 5260 χερείας
2723 5191 2918 5255 θεατὰς
2962 5194 3058 5243 καὶ⁸
3092 5192 3157 5261 δὴ
3183 5193 3299 5260 ,καὶ
3329 5191 3436 5244 τῶν
3475 5192 3614 5260 ὑπὲρ
3660 5191 3819 5259 λόγον
3854 5191 4031 5260 ἔργων

2430 5284 2495 5353 δη
2504 5280 2829 5353 μιουργούς.

3004 5466 3465 5521 ΑΝΤΙΡΡΗΣΙΣ.

2520 5556 2628 5614 Iﬂ'.
2654 5558 2761 5612 Καὶ
2791 5558 2951 5611 πάλιν
2987 5558 3117 5629 περὶ
3142 5561 3233 5612 τοῦ
3258 5560 3325 5613 ἐκ
3357 5560 3465 5614 τοῦ
3486 5560 3630 5629 ἐμοῦ
3664 5562 3757 5615 καὶ
3789 5561 3859 5626 ἐξ
3886 5561 4037 5631 ἐμοῦ

2447 5648 2717 5718 λήψεται
2748 5649 2873 5711 τοὺς
2905 5649 3095 5716 λόγους
3124 5650 3264 5701 κατὰ
3289 5650 3347 5700 τὸ
3376 5649 3569 5702 δοκοῦν
3600 5666 3684 5703 σοι
3707 5649 4043 5719 ποιούμενος

2543 5830 2615 5902 (Ξ)
2645 5830 2823 5896 Μέχρι
2857 5829 3061 5885 τούτων
3085 5830 3245 5886 habet
3276 5827 3436 5885 Laur.
