4214 6448
763 403 868 472 175

1791 387 2005 452 JOAN.
2047 387 2264 450 VECCI
2304 387 2413 450 CP.
2455 388 2966 458 PATRIARCHtE

3934 393 4039 456 ’1Ὶὸ

765 507 1344 586 ῃιιννεειιεηιῑοηεηι,
1398 499 1536 562 alter
1583 518 1713 559 vero
1761 520 1859 575 per
1904 503 2336 576 processionem,

2447 503 2813 574 ἰκπορευτῶς,
2859 505 2974 558 ἀλλ’
3005 503 3098 557 οῦν
3143 502 3340 573 ἐπίσης
3379 504 3560 558 αὐτῶν
3596 503 3856 575 ἑκάτερον
3894 505 4036 572 ἁφο·

763 605 1047 676 zequaliter
1076 611 1257 657 tamen
1292 600 1488 652 horum
1531 607 1826 666 utrumque
1856 596 2146 666 distinguit
2187 611 2217 649 a
2251 612 2345 664 pa-

766 711 922 755 terna
973 693 1295 767 hypostasi;
1350 689 1706 760 distinguitur
1758 697 1942 744 autem
2004 687 2240 759 Spiritus
2293 695 2345 739 et

765 790 875 843 alia
931 782 1262 846 differentia,
1315 793 1479 848 quam
1524 779 1574 832 ei
1629 777 1924 847 duplicitas
1975 774 2344 847 processionis

764 889 935 936 creat.
966 875 1087 931 Jam
1115 889 1247 930 vero
1278 872 1324 927 si
1354 870 1607 942 pluribus
1634 868 1962 924 dill‘erentiis
1991 866 2346 937 distinguitur

765 992 796 1031 a
833 972 993 1032 Patre
1039 969 1281 1040 Spiritus
1326 979 1490 1035 quam
1521 963 1716 1029 Filius,
1759 963 1989 1033 propius
2025 960 2247 1016 accedet
2275 959 2341 1012 ad

765 1075 1049 1135 paternam
1102 1059 1468 1114 substantiam
1521 1054 1719 1118 Filius,
1787 1052 2134 1123 geminisque
2193 1051 2344 1106 exsi-

765 1158 1032 1214 stentibus
1057 1151 1509 1222 proprietatibus,
1539 1161 1659 1218 quae
1685 1146 1949 1216 Spiritum
1986 1144 2342 1211 distinguant,

764 1265 862 1318 per
908 1246 1137 1301 alteram
1175 1245 1372 1298 horum
1421 1243 1704 1296 evincetur
1735 1235 1998 1307 Spiritum
2048 1251 2171 1290 esse
2207 1234 2346 1288 Filio

765 1341 1084 1395 inferiorem
1121 1338 1176 1390 in
1220 1333 1534 1403 aequalitate
1562 1325 2045 1384 consubstantialis
2083 1340 2207 1378 cum
2238 1323 2344 1377 Pu-

766 1438 849 1482 tre
884 1405 1182 1488 amttitatis,
1239 1425 1428 1491 sicque
1482 1417 1784 1472 Macedonii
1831 1429 2026 1470 rursus
2076 1415 2347 1468 adversus

766 1521 1030 1590 Spiritum
1065 1523 1308 1584 emerget
1354 1511 1592 1575 insania,
1627 1511 1745 1579 ipsa
1792 1522 2011 1576 quoque
2041 1505 2187 1560 illius
2245 1505 2346 1558 im-

766 1613 973 1684 pietate
1009 1609 1276 1663 deterior.

835 1702 924 1755 35.
962 1699 1223 1765 Quinimo
1276 1697 1323 1753 si
1373 1696 1548 1752 solius
1587 1693 1828 1762 Spiritus
1872 1698 1981 1756 est,
2035 1689 2090 1744 in
2126 1688 2343 1744 diversa

768 1791 959 1845 referri
995 1791 1290 1860 principia,
1323 1786 1602 1858 quomodo
1644 1799 1752 1838 non
1783 1783 2101 1839 necessario
2147 1795 2349 1834 conse-

2451 595 2589 665 ρίξει
2622 597 2699 666 (1)
2726 596 2824 666 τῆς
2853 596 3129 666 πατρικῆς
3163 596 3521 659 ὑποστάσεως
3543 611 3557 624 ⁸
3605 594 4036 650 ἀποδιαστῦἇιεο

2445 703 2534 740 ται
2564 685 2622 738 δὲ
2650 687 2711 739 τὸ
2743 686 2967 757 Πνεῦμα
2999 692 3092 740 καὶ
3120 688 3351 762 δευτέρᾳ
3401 689 3656 760 διαφορᾷ,
3690 689 3757 761 ῆν
3791 687 3950 755 αὐτῷ
3980 688 4038 740 τὸ

2445 775 2668 830 διπλοῦν
2697 777 2795 846 τῆς
2847 778 3226 846 ὲκπορεύσεως
3273 778 3560 846 προξενετο
3605 779 3655 830 εἰ
3707 778 3763 831 δὲ
3817 776 4038 830 πλείοσι

2445 869 2726 938 διαφοραῖς
2757 869 3123 924 διαστέλλεται
3157 870 3250 924 τοῦ
3286 871 3499 940 Πατρδς
3535 871 3598 924 τὸ
3630 869 3856 938 Πνεῦμα
3887 870 4037 938 ἢπερ

2445 961 2474 1012 ὁ
2496 960 2643 1027 Υἰὸς,
2677 962 2956 1032 ἐγγυτέρω
2980 963 3046 1015 ἂν
3071 963 3156 1032 εῐη
3187 964 3282 1031 τῆς
3313 965 3588 1032 πατρικῆς
3613 963 3801 1022 οὐσίας
3823 964 3852 1014 ὁ
3878 962 4033 1023 Υἱὸς,

2447 1051 2542 1104 καὶ
2574 1052 2777 1106 διπλῶν
2829 1052 2999 1108 ὄντων
3053 1053 3364 1124 ἰδιωμάτων
3413 1054 3524 1107 τῶν
3572 1052 3950 1123 ἀφοριζόντων
3979 1050 4040 1102 τὸ

2449 1144 2672 1216 Πνεῦμα
2703 1144 2914 1216 θατέρῳ
2946 1145 3150 1199 τούτων
3185 1147 3588 1217 ὕποϐεδηκέναι
3633 1145 3727 1200 τοῦ
3766 1144 3903 1198 Υἰοῦ
3937 1145 4036 1214 τῆς

2446 1237 2723 1307 ὁμοφυοῦς
2767 1237 2903 1308 πρὸς
2937 1238 3030 1290 τὸν
3061 1237 3281 1310 Πατέρα
3327 1238 3752 1308 συγγενείαςλτδ
3786 1239 4038 1306 ἰσότιμον

2447 1328 2938 1399 δυσφημηθήσεται
2983 1329 3229 1400 Πνεῦμα,
3268 1331 3364 1383 καὶ
3407 1331 3580 1393 οὕτως
3609 1331 3642 1399 ἡ
3694 1329 4036 1384 Μακεδονίου

2449 1420 2616 1472 πάλιν
2657 1421 2803 1473 κατὰ
2859 1419 2953 1473 τοῦ
3004 1422 3321 1491 Πνεύματος
3351 1421 3673 1475 ἀναδύσεται
3707 1421 3783 1490 (2)
3838 1419 4036 1482 λύσσα,

2446 1512 2546 1582 τῆς
2567 1512 2780 1565 ἐκείνου
2824 1512 3144 1578 δυσσεϐείας
3175 1513 3244 1567 δι’
3293 1513 3492 1581 ἑαυτῆς
3527 1511 3950 1579 ἀνακαλουμένη
3983 1510 4038 1561 τδ

2447 1603 2691 1673 ἥττημα.
2721 1651 2723 1654 ,

2518 1693 2618 1762 λγ’.
2659 1691 2823 1746 Ἀλλὰ
2879 1693 2973 1748 καὶ
3021 1696 3070 1746 εἰ
3107 1696 3272 1764 μόνου
3331 1693 3650 1765 Πνεύματός
3694 1698 3811 1748 ἐστι
3863 1691 3928 1746 τδ
3961 1694 4038 1754 εἰς

2451 1785 2624 1853 ἀρχὰς
2654 1784 3024 1855 ἀναφέρεσθαι
3073 1784 3382 1858 διαφόρους,
3429 1785 3546 1849 πῶς
3578 1785 3697 1855 οὐχ).
3726 1784 3825 1839 καὶ
3871 1784 4038 1853 μόνου

765 1893 984 1951 quetur,
1013 1893 1067 1936 et
1099 1883 1272 1936 solius
1314 1895 1437 1936 esse
1469 1879 1730 1949 Spiritus,
1775 1877 1829 1930 in
1864 1871 2154 1941 multiplex
2192 1870 2343 1937 priu-

2451 1875 2768 1945 Πνεύματος
2799 1875 3092 1929 ἀκόλουθον
3128 1875 3311 1944 λέγειν
3349 1877 3412 1930 τὺ
3442 1879 3521 1941 εἰς
3549 1876 3861 1947 πολύαρχον
3905 1875 4040 1928 ἀνα-

768 1974 975 2044 cipium
1008 1972 1242 2026 referri?

856 2068 945 2122 54.
991 2067 1221 2134 Insuper
1245 2064 1288 2118 si
1318 2066 1372 2117 in
1400 2063 1598 2132 quibus
1620 2061 1771 2115 Patri
1801 2076 1865 2114 ac
1889 2060 2028 2114 Filio
2058 2055 2348 2114 temeraria

766 2156 1008 2210 novitate
1064 2153 1420 2207 andacissimi
1483 2152 1572 2205 isti
1629 2150 2074 2206 communionem
2125 2147 2348 2202 ellinxe-

768 2257 916 2310 runt,
962 2246 1028 2299 iis
1075 2245 1341 2314 Spiritum
1390 2245 1711 2310 secludunt;
1771 2242 1931 2297 Pater
1975 2251 2155 2296 autem
2209 2239 2349 2292 Filio

770 2335 1073 2393 secundum
1130 2336 1520 2399 substantiam.
1595 2351 1705 2388 non
1753 2334 2055 2389 secundum
2109 2334 2347 2403 aliquam

767 2429 1165 2499 prOprietatem
1198 2428 1251 2482 in
1275 2428 1714 2482 communionem
1742 2426 2090 2495 coniungitur
2115 2443 2131 2481 :
2159 2441 2289 2494 ergo
2318 2443 2347 2480 a

767 2531 993 2590 paterna
1027 2521 1327 2574 secundum
1364 2520 1727 2573 substantiam
1755 2518 2080 2588 cognatione
2111 2519 2349 2595 consuli-

768 2613 1079 2667 stantialem
1116 2613 1381 2681 Spiritum
1417 2612 1741 2665 excludunt.

839 2702 929 2756 55.
966 2702 1203 2770 Spiritus
1243 2717 1274 2754 a
1330 2699 1470 2754 Filio
1511 2701 1784 2770 procedit,
1816 2700 2078 2754 eademne
2116 2715 2344 2769 proces-

769 2797 926 2851 sione
950 2810 1019 2848 an
1071 2802 1309 2862 paterna:
1344 2792 1662 2846 contraria?
1701 2791 1756 2845 Si
1788 2793 1933 2846 enim
1967 2794 2181 2856 eadem,
2211 2807 2350 2862 quo-

771 2889 936 2943 modo
971 2903 1077 2940 non
1109 2902 1436 2941 communes
1470 2886 1773 2938 redduntur
1806 2885 2190 2953 protirietatcs,
2221 2885 2346 2952 qui-

773 2982 876 3035 bus
924 2991 979 3035 et
1037 2981 1172 3034 solis
1220 2978 1465 3032 Trinitas
1514 2977 1759 3032 Trinitas
1818 2994 1941 3032 esse
2006 2987 2060 3032 et
2128 2978 2345 3032 adorari

770 3070 1250 3143 dignoscitur(a)?
1278 3073 1331 3126 Si
1353 3083 1532 3125 autem
1562 3073 1914 3139 processione
1938 3081 2177 3140 paterna:
2211 3085 2347 3125 con-

772 3169 958 3227 traria,
989 3165 1261 3233 quomodo
1306 3179 1412 3216 non
1454 3164 1698 3217 Mauetes
1738 3161 1897 3216 nubi-5
1935 3175 1989 3216 et
2043 3162 2346 3217 Marcianes

773 3271 966 3309 rursus
997 3271 1108 3308 uno
1142 3271 1266 3308 cum
1320 3255 1425 3308 isto
1477 3255 1645 3308 verbo
1695 3255 1963 3323 sacrilego
2002 3255 2054 3306 in
2104 3255 2344 3308 medium

768 3346 1063 3415 prodeunt,
1100 3347 1332 3414 impiam
1383 3347 1579 3400 iterum
1617 3349 1882 3402 adversus
1923 3345 2138 3401 Patrem
2169 3357 2224 3401 et
2258 3346 2347 3399 Fi-

770 3439 901 3491 lium
934 3439 1223 3493 dilatantes
1254 3437 1665 3507 garrulitatem?

843 3529 931 3583 36.
975 3530 1244 3584 Praeterea
1283 3529 1330 3585 si
1377 3545 1538 3585 omne
1582 3530 1730 3599 quod
1780 3544 1889 3583 non
1925 3537 2009 3583 est
2058 3543 2349 3584 commune

769 3621 1140 3689 omnipotenti
1181 3630 1236 3673 et
1265 3622 1720 3677 consuusutttiali
1748 3631 1910 3690 atque
1944 3620 2348 3691 supernaturali

769 3714 1047 3778 Trinitati,
1077 3717 1242 3770 unius
1265 3725 1350 3771 est
1373 3716 1722 3770 solummodo
1756 3715 1919 3768 trium
1947 3729 2306 3784 personarum
2331 3755 2346 3777 ,

768 3808 1058 3876 productio
1140 3818 1321 3862 autem
1395 3807 1634 3876 Spiritus
1696 3823 1806 3860 nun
1881 3815 1965 3861 est
2037 3806 2347 3860 communis

771 3901 932 3951 trium
963 3915 977 3953 :
1011 3898 1142 3968 ergo
1175 3908 1258 3952 est
1303 3899 1681 3952 tantummodo
1717 3899 1878 3951 unius
1915 3912 1946 3950 e
1995 3897 2170 3950 tribus
2213 3895 2342 3948 illis.

771 3987 962 4042 Utrum
1001 3989 1170 4058 igitur
1208 4003 1273 4042 ex
1309 3988 1471 4043 Patre
1499 3990 1685 4042 dicent
1724 3989 2016 4057 procedere
2056 3985 2345 4057 Spiritum,

767 4089 824 4134 et
851 4078 1127 4146 quomodo
1174 4093 1280 4131 non
1311 4077 1605 4147 ejurabunt
1640 4093 1826 4132 raram
1867 4078 2001 4147 ipsis
2037 4093 2099 4132 ac
2146 4093 2345 4132 novam

768 4170 1124 4223 doctrinam?
1158 4167 1215 4223 Si
1254 4180 1436 4223 autem
1469 4186 1533 4222 ex
1569 4169 1730 4248 Filio,
1763 4186 1860 4225 cur
1888 4185 1996 4226 non
2043 4171 2230 4226 statim
2277 4170 2347 4224 ab

2453 1967 2714 2040 φέρεσθαι
2751 1968 2958 2040 ἀρχήνς

2523 2059 2616 2114 λδ⁹.
2650 2060 2769 2114 Ἔτι
2801 2059 2860 2112 δὲ
2890 2062 2939 2112 εἰ
2980 2063 3038 2114 ὲν
3072 2056 3152 2126 οἷς
3191 2063 3364 2132 Πατρὶ
3397 2063 3493 2116 καὶ
3523 2062 3634 2132 Υἰῷ
3665 2061 3956 2115 κοινωνίαν
3989 2059 4038 2111 οἰ

2453 2154 2629 2206 πάντα
2677 2153 2897 2218 θρασεῖς
2955 2154 3410 2226 ἐκαινούργησαν,
3439 2155 3500 2208 τὸ
3556 2156 3781 2225 Πνεῦμα
3823 2154 4040 2214 τούτοις

2451 2245 2886 2316 ἀποτειχίζουσι·
2936 2246 3127 2317 Πατὴρ
3169 2248 3226 2300 δὲ
3274 2249 3394 2300 κατ’
3421 2248 3611 2301 ούσίαν
3659 2247 3792 2317 Υἰῷ,
3823 2245 3943 2300 ἀλλ’
3978 2248 4038 2297 οὐ

2452 2337 2592 2389 κατά
2621 2354 2673 2388 τι
2705 2337 2812 2390 τῶν
2868 2338 3174 2408 ἰδιωμάτων
3223 2341 3304 2403 εἰς
3345 2339 3630 2393 κοινωνίαν
3679 2334 4036 2393 συνάπτεται⁶

2449 2430 2548 2498 τῆς
2576 2428 2696 2481 κατ’
2731 2429 2918 2482 οὐσίαν
2948 2431 3055 2500 ἄρα
3089 2432 3364 2502 πατρικῆς
3397 2433 3719 2500 συγγενείας
3751 2432 3811 2484 τὸ
3839 2434 4041 2502 ὀμοούο

2454 2537 2564 2573 σιον
2601 2520 2826 2591 Πνεῦμα
2855 2521 3264 2592 ὑπερορίζουσι.

2522 2707 2616 2790 λε’..
2651 2706 2723 2762 Τὸ
2773 2708 3000 2779 Πνεῦμα
3047 2709 3141 2765 τοῦ
3177 2713 3307 2767 Υἱοῦ
3362 2714 3754 2785 ἐκπορεύεται·
3801 2715 4041 2785 πότερον

2448 2797 2549 2866 τὴν
2599 2798 2770 2868 αὐτὴν
2816 2801 3209 2875 ἑκπόρευσινῆ
3259 2807 3358 2874 τῆς
3408 2806 3670 2875 πατρῴας
3714 2805 4042 2868 ἀντίθετονς

2451 2888 2513 2940 El
2543 2888 2642 2958 μὲν
2670 2890 2778 2958 γὰρ
2810 2890 2908 2960 τὴν
2951 2893 3142 2963 αὐτὴν,
3180 2896 3297 2958 πῶς
3335 2895 3396 2949 ού
3431 2896 3705 2951 κινοῦνται
3737 2898 3792 2949 αἰ
3845 2897 4048 2959 ἱδιότῃο

2447 2995 2561 3042 τες,
2594 2975 2683 3040 αἷς
2712 2981 2803 3032 καὶ
2829 2980 3019 3050 μόναις
3049 2983 3082 3050 ἡ
3119 2982 3288 3052 Τριὰς
3317 2984 3487 3055 Τριὰς
3517 2981 3655 3038 εἶναι
3678 2986 3774 3038 κα).
3803 3000 4048 3043 προσ-κυ-

2450 3070 2660 3124 νεῖσθαι
2720 3072 3215 3142 χαρακτηρίζεταις
3264 3077 3312 3127 εἰ
3362 3073 3408 3127 δ’
3455 3075 3671 3144 ἐκείνης
3719 3075 3863 3146 [CoL
3901 3076 3951 3127 εἰ
3987 3075 4046 3126 δὲ

2395 3221 2415 3233 _
2451 3158 2688 3229 ἐκείνης]
2722 3161 3022 3226 ἀντίθετον,
3049 3162 3165 3224 πῶς
3195 3165 3257 3216 οὐ
3281 3165 3558 3228 Μάνεντες
3592 3167 3721 3236 ἡμῖν
3749 3165 3845 3219 καὶ
3885 3166 4047 3233 Μαρ-

2455 3249 2648 3310 κίωνες
2680 3248 2840 3300 πάλιν
2867 3249 2945 3319 τῷ
2995 3250 3299 3322 βλασφήμῳ
3325 3253 3471 3306 οῦτω
3504 3255 4044 3324 συναναχορεύσουσι

2455 3338 2661 3406 ῥήματι
2692 3340 2790 3406 (5),
2844 3337 2942 3409 τὴν
2971 3341 3237 3410 θεομάχον
3284 3343 3446 3394 πάλιν
3496 3346 3636 3397 κατὰ
3674 3344 3771 3396 τοῦ
3805 3345 4046 3413 ,Πατρδς

2453 3428 2546 3479 καὶ
2578 3428 2671 3480 τοῦ
2700 3428 2830 3482 Υἰοῦ
2855 3430 3236 3499 γλωσσαλγίαν
3266 3433 3626 3498 πλατύνοντες
3650 3451 3662 3462 ·

2521 3517 2630 3582 λς’.
2677 3520 2832 3572 Ἐπεὶ
2885 3521 2941 3573 δὲ
2990 3525 3102 3585 τοῖς
3148 3525 3484 3596 εἰρημένοις,
3525 3528 3574 3578 εἰ
3609 3528 3717 3580 πᾶν
3760 3527 3787 3579 ὃ
3818 3529 3896 3597 μή
3923 3528 4042 3580 ἐστι

2451 3613 2627 3664 κοινὸν
2661 3615 2756 3682 τῆς
2782 3617 3294 3686 παντοκρατορικῆς
3321 3618 3417 3670 καὶ
3438 3621 3722 3689 ὁμοουσίου
3749 3622 3842 3673 καὶ
3869 3623 4045 3691 ὑπερ-

2452 3701 2618 3770 φυοῦς
2671 3703 2920 3772 Τριάδος,
2977 3706 3096 3768 ἑνός
3155 3708 3272 3758 ἐστι
3323 3708 3484 3776 μόνου
3531 3709 3638 3761 τῶν
3695 3710 3902 3780 τριῶν
3939 3713 4043 3764 οὐκ

2452 3795 2565 3848 ἔστι
2596 3795 2651 3848 δὲ
2687 3797 2720 3866 ἡ
2751 3796 2845 3849 τοῦ
2887 3797 3203 3868 Πνεύματος
3237 3799 3476 3871 προϐολὴ
3509 3801 3666 3872 κοινῆ
3692 3803 3801 3855 τῶν
3846 3804 4040 3872 τριῶν,

2451 3889 2565 3950 ἑνὸς
2599 3889 2707 3958 ἄρα
2742 3891 2835 3942 καὶ
2879 3891 3042 3958 tri-J00
3072 3892 3163 3944 ἐπὶ
3195 3892 3303 3943 τῶν
3349 3893 3538 3959 τριῶν.
3573 3895 3821 3962 Πότερονλ
3850 3894 3945 3947 οῦν
3977 3896 4046 3949 ἐκ

2448 3981 2542 4033 τοῦ
2567 3981 2780 4052 Πατρὸς
2815 3986 3081 4050 φήσουσιν
3115 3982 3511 4052 ἐκπορεύεσθαι
3542 3984 3602 4036 τὸ
3650 3986 3892 4054 Πνεῦμα,
3939 3989 4043 4038 καὶ

2452 4074 2567 4137 πῶς
2620 4075 2721 4127 οὐκ
2767 4074 3123 4143 ἔξομόσονται
3152 4076 3250 4144 τὴν
3291 4076 3453 4146 φίλην
3508 4077 3692 4141 αὐτοῖς
3734 4076 3878 4149 [καὶ]
3913 4096 4042 4132 και-

2451 4163 2546 4233 νὴν
2578 4164 2655 4232 (4)
2695 4167 3089 4234 μυσταγωγίαν
3113 4184 3129 4233 ;
3154 4167 3216 4218 Εἰ
3244 4165 3301 4217 δὲ
3325 4167 3390 4219 ὲκ
3418 4166 3511 4220 τοῦ
3548 4168 3702 4234 Υίοῦ,
3730 4171 3783 4222 τί
3809 4170 3885 4240 μῆ
3915 4175 4041 4223 κατ’

771 4259 926 4314 initio
975 4271 1100 4314 sunt
1148 4260 1266 4314 ausi
1319 4270 1492 4313 totum
1551 4275 1714 4314 suum
1755 4275 2026 4314 venenum
2067 4275 2342 4321 evomere,

2449 4257 2623 4328 ἀρχὰς
2667 4257 2828 4320 εὐθὺς
2872 4259 3190 4330 ἐθάρρησαν
3231 4258 3351 4310 ὅλον
3403 4260 3585 4313 αὐτῶν
3637 4261 3894 4332 ἐξεμέσαι
3943 4264 4042 4316 τὸν

771 4351 862 4405 sed
931 4353 1190 4420 paulatim
1259 4367 1322 4406 ac
1383 4353 1754 4422 particulatim
1819 4352 1954 4407 illud
2015 4352 2347 4408 eﬂundunt?

2452 4348 2550 4412 ἰὸν,
2584 4349 2722 4402 ἀλλὰ
2753 4350 2894 4404 κατὰ
2915 4351 3080 4421 μέρος
3110 4351 3505 4416 ἁναὸλύζουσιν
3528 4353 3765 4423 ;Ἒχρῆν
3797 4357 3930 4422 γὰρ,
3951 4359 4041 4407 εῖ-

771 4442 1068 4510 Oportebat
1100 4444 1267 4506 enim,
1303 4445 1348 4497 si
1375 4445 1593 4511 quidem
1626 4444 1791 4512 impio
1815 4458 1916 4498 suo
1950 4443 2188 4514 dogmati
2213 4459 2346 4498 con-

2450 4459 2557 4511 περ
2601 4437 2741 4514 ἦσαν
2795 4443 3112 4505 πεποιθότες
3168 4444 3349 4496 αὐτῶν
3405 4443 3485 4515 τῷ
3535 4445 3935 4517 δυσσεὸήματι,
3979 4449 4042 4512 ἐξ

773 4533 1034 4596 lidebant,
1071 4533 1139 4586 ab
1183 4535 1338 4587 initio
1375 4536 1521 4602 ipsus
1556 4535 1816 4604 proliteri,
1856 4552 1884 4588 a
1921 4551 1980 4589 se
2030 4552 2137 4590 non
2182 4535 2344 4589 modo

2454 4537 2626 4606 ἀρχῆς
2683 4536 3053 4605 ἀνομολογεῖν,
3085 4536 3160 4599 ὡς
3190 4537 3250 4590 ού
3285 4537 3447 4606 μόνον
3473 4539 3563 4590 τὸν
3605 4538 3733 4592 Υίὸν
3766 4539 4041 4610 προσολέα

774 4623 974 4678 Filium
1025 4625 1413 4694 productorem
1479 4626 1720 4695 Spiritus
1767 4626 2077 4696 praedicari,
2138 4626 2235 4681 sed
2289 4638 2344 4681 et

2450 4625 2544 4677 τοῦ
2574 4624 2892 4693 Πνεύματος
2918 4624 3354 4694 δογματίζουσιν,
3387 4627 3522 4681 ἀλλὰ
3551 4633 3645 4680 καὶ
3681 4629 3772 4680 τὸν
3814 4629 4042 4700 Πατέρα

780 4714 995 4768 Patrem
1051 4717 1120 4768 ab
1174 4732 1236 4769 ea
1290 4716 1651 4784 productione
1701 4719 1960 4782 excludi;
2008 4728 2172 4786 atque
2209 4719 2345 4772 adeo

2447 4718 2543 4784 τῆς
2588 4714 2861 4782 προϐολῆς
2920 4713 3350 4766 ἀπελαύνουσιν·
3386 4710 3467 4776 οἷς
3517 4716 3810 4768 ἀκόλουθον
3859 4718 4039 4786 δήπου

769 4808 1044 4861 debebant
1069 4809 1232 4861 etiam
1262 4810 1666 4877 generationem
1698 4825 1803 4863 una
1837 4825 1958 4864 cum
1987 4810 2343 4879 productione

2447 4808 2666 4876 καιτὴν
2717 4810 2974 4875 γέννησιν
3028 4811 3095 4875 τῇ
3134 4807 3369 4876 προδολῇ
3424 4808 3886 4878 συμμετατιθέναι
3945 4815 4043 4863 καὶ

771 4910 1164 4964 transrertere,
1205 4908 1516 4956 monstrosa
1564 4901 1863 4955 asserendo
1914 4901 2195 4963 ltitilitate,
2235 4916 2343 4954 non

2447 4903 2912 4968 συμμεταφέρειν,
2947 4901 3041 4950 καὶ
3099 4900 3234 4969 μηδὲ
3264 4900 3355 4950 τὸν
3402 4899 3530 4951 Υἱον
3564 4904 3626 4954 ὲκ
3651 4900 3746 4953 τοῦ
3799 4901 4038 4972 Πατρδς,

772 4990 969 5046 Filium
1000 5007 1064 5045 ει
1105 4992 1283 5054 Patre.
1323 4992 1416 5046 sed
1450 4992 1664 5045 Patrem
1701 5008 1766 5047 ex
1805 4991 1942 5046 Filio
1973 4993 2247 5062 generari,
2288 5001 2347 5045 ut

2448 4995 2512 5044 ὲκ
2535 4992 2591 5044 δὲ
2616 4991 2710 5042 τοῦ
2743 4989 2872 5044 Υἰοῦ
2919 4989 3300 5060 τερατολογεῖν
3334 4991 3423 5042 τὸν
3463 4991 3683 5062 Πατέρα
3713 4994 3812 5064 τὴν
3844 4994 4042 5062 γέν-ιη-

770 5099 878 5137 non
923 5086 1097 5138 solum
1147 5099 1341 5138 omnes
1388 5100 1416 5136 a
1470 5086 1670 5139 saeculo
1716 5086 1912 5154 impios
1959 5085 2342 5145 obscurarum,

767 5175 862 5230 sed
899 5189 952 5229 et
1006 5177 1219 5230 insanis
1270 5178 1405 5244 ipsis
1437 5176 1748 5230 insaniores
1779 5176 2343 5244 deprehenderentur.

2450 5102 2533 5137 σιν
2563 5086 2726 5155 ἔχειν,
2761 5085 2849 5137 ἶνα
2882 5083 2956 5154 μὴ
2989 5083 3150 5152 μόνον
3184 5083 3307 5146 τοὺς
3355 5083 3698 5155 ἠσεϐηκότας
3738 5085 3797 5149 ἐξ
3839 5088 4040 5150 αἰῶνος

2447 5177 2756 5246 κρύψωσιν,
2790 5176 2928 5230 ἀλλὰ
2959 5175 3052 5228 καὶ
3079 5174 3184 5226 τῶν
3213 5175 3533 5244 μεμηνότων
3565 5177 3900 5245 ἐλέγχωνται
3932 5197 4039 5247 μα-

2448 5273 2754 5343 νικώτεροι.

2524 5360 2624 5425 λζ’.
2664 5363 2784 5414 Ἐτι
2823 5362 2879 5414 δὲ
2905 5363 2951 5412 εἰ
2992 5363 3052 5414 ὲκ
3083 5362 3176 5415 τοῦ
3209 5365 3419 5430 Πατρὶς
3449 5365 3474 5415 ὁ
3516 5363 3638 5424 Υἱὸς
3687 5363 4040 5430 γεγέννηται,

2449 5453 2509 5506 τὸ
2533 5454 2589 5506 δὲ
2623 5453 2847 5524 Πνεῦμα
2873 5456 2935 5506 ὲκ
2962 5453 3054 5506 τοῦ
3083 5455 3293 5524 Πατρὸς
3322 5457 3415 5507 καὶ
3444 5454 3537 5507 τοῦ
3574 5453 3701 5506 Υἱοῦ
3739 5456 4039 5523 ἐκπορεύε-

834 5361 923 5417 37.
967 5360 1096 5415 ltem
1132 5363 1173 5415 si
1200 5377 1266 5414 ex
1298 5361 1456 5415 Patre
1503 5360 1670 5415 Filius
1701 5361 1915 5431 genitus
1946 5370 2054 5426 est,
2107 5359 2349 5428 Sp‘ritus

768 5468 897 5510 vero
930 5471 995 5510 ex
1032 5454 1192 5508 Putre
1217 5454 1464 5525 Filioque
1500 5457 1766 5525 procedit,
1796 5471 1893 5508 cur
1923 5453 2152 5523 Spiritui
2187 5471 2350 5522 uegzt-

836 5613 918 5685 (a)
949 5613 1111 5668 Catil.
1136 5636 1151 5667 ι
1173 5634 1190 5664 ι
1223 5614 1432 5680 Quibus
1460 5626 1512 5669 et
1536 5617 1668 5670 solis
1703 5613 1989 5670 Trinitatis
2020 5609 2262 5669 essentia
2292 5621 2346 5667 et

765 5683 1362 5754 adoratiodesignatur.
1405 5706 1423 5737 ι

835 5754 912 5824 (1)
942 5753 1103 5808 Laur.
1133 5757 1452 5823 ἀφορίζεται
1475 5757 1571 5818 τῆς
1595 5773 1656 5810 π.

836 5826 909 5884 li)
940 5825 1102 5880 Laur.
1137 5838 1192 5879 Ill
1227 5829 1342 5882 Col.
1373 5828 1651 5882 ἀναδύσει.

2524 5615 2600 5685 (5)
2664 5614 2825 5669 Laur.
2887 5631 2902 5669 :
2965 5614 3163 5684 βλασς).
3246 5612 3423 5682 τούτῳ
3504 5612 4040 5683 συναναχορεύσουσι

2493 5704 2680 5737 τματι.

2493 5704 2542 5735 τ’
2575 5704 2636 5737 .27.
2669 5725 2680 5737 .

2457 5689 2603 5825 ῤ’ῢ)
2636 5706 2795 5810 baur.
2823 5772 2944 5811 cum
2971 5757 3180 5812 Colum.
3212 5768 3291 5812 est
3315 5757 3367 5812 in
3402 5766 3571 5814 tortu.
