  <div class='ocr_page' id='page_1' title='image "/cluster/home/n/w/nwhite01/storage/ocr_20150623/141/nnc1.0046979964/416.png"; bbox 0 0 4214 6448; ppageno 0'>
   <div class='ocr_carea' id='block_1_1' title="bbox 262 402 363 467">
    <p class='ocr_par' dir='ltr' id='par_1_1' title="bbox 262 402 363 467">
     <span class='ocr_line' id='line_1_1' title="bbox 262 402 363 467; baseline 0 -1"><span class='ocrx_word' id='word_1_1' title='bbox 262 402 363 467; x_wconf 64' lang='grc' dir='ltr'><strong>τοι</strong></span> 
     </span>
    </p>
   </div>
   <div class='ocr_carea' id='block_1_2' title="bbox 1053 398 2758 465">
    <p class='ocr_par' dir='ltr' id='par_1_2' title="bbox 1053 398 2758 465">
     <span class='ocr_line' id='line_1_2' title="bbox 1053 398 2758 465; baseline -0.001 0"><span class='ocrx_word' id='word_1_2' title='bbox 1053 404 1494 465; x_wconf 79' lang='lat' dir='ltr'><strong>llEFUTA&#39;l&#39;lO</strong></span> <span class='ocrx_word' id='word_1_3' title='bbox 1536 398 1904 464; x_wconf 69' lang='lat' dir='ltr'><strong>l’llOTlANl</strong></span> <span class='ocrx_word' id='word_1_4' title='bbox 1951 403 2161 461; x_wconf 71' lang='lat' dir='ltr'><strong>Lllilll</strong></span> <span class='ocrx_word' id='word_1_5' title='bbox 2211 401 2302 462; x_wconf 81' lang='lat' dir='ltr'><strong>DE</strong></span> <span class='ocrx_word' id='word_1_6' title='bbox 2345 404 2656 465; x_wconf 69' lang='lat' dir='ltr'><strong>Sl‘lﬂl&#39;l&#39;U</strong></span> <span class='ocrx_word' id='word_1_7' title='bbox 2702 405 2758 464; x_wconf 86' lang='lat' dir='ltr'><strong>S.</strong></span> 
     </span>
    </p>
   </div>
   <div class='ocr_carea' id='block_1_3' title="bbox 3438 402 3542 468">
    <p class='ocr_par' dir='ltr' id='par_1_3' title="bbox 3438 402 3542 468">
     <span class='ocr_line' id='line_1_3' title="bbox 3438 402 3542 468; baseline 0.019 -4"><span class='ocrx_word' id='word_1_8' title='bbox 3438 402 3542 468; x_wconf 82' lang='lat'><strong>782</strong></span> 
     </span>
    </p>
   </div>
   <div class='ocr_carea' id='block_1_4' title="bbox 259 512 1892 589">
    <p class='ocr_par' dir='ltr' id='par_1_4' title="bbox 259 514 1860 589">
     <span class='ocr_line' id='line_1_4' title="bbox 259 514 1860 589; baseline -0.004 -17"><span class='ocrx_word' id='word_1_9' title='bbox 259 519 514 586; x_wconf 74' lang='grc' dir='ltr'>λογοῦντι</span> <span class='ocrx_word' id='word_1_10' title='bbox 576 516 847 589; x_wconf 75' lang='grc' dir='ltr'>προϐολὲα</span> <span class='ocrx_word' id='word_1_11' title='bbox 922 516 1010 569; x_wconf 71' lang='grc' dir='ltr'>διὰ</span> <span class='ocrx_word' id='word_1_12' title='bbox 1066 516 1240 584; x_wconf 79' lang='grc' dir='ltr'>Λόγου</span> <span class='ocrx_word' id='word_1_13' title='bbox 1296 517 1388 570; x_wconf 70' lang='grc' dir='ltr'><strong>τοῦ</strong></span> <span class='ocrx_word' id='word_1_14' title='bbox 1461 514 1860 587; x_wconf 76' lang='grc' dir='ltr'>ὲκφαντορικοῦ</span> 
     </span>
    </p>
   </div>
   <div class='ocr_carea' id='block_1_5' title="bbox 1979 512 3546 589">
    <p class='ocr_par' dir='ltr' id='par_1_5' title="bbox 1979 512 3546 570">
     <span class='ocr_line' id='line_1_5' title="bbox 1979 512 3546 570; baseline 0 -4"><span class='ocrx_word' id='word_1_15' title='bbox 1979 515 2172 568; x_wconf 60' lang='lat' dir='ltr'><strong>eximio</strong></span> <span class='ocrx_word' id='word_1_16' title='bbox 2199 516 2448 569; x_wconf 74' lang='lat' dir='ltr'><strong>Damasci</strong></span> <span class='ocrx_word' id='word_1_17' title='bbox 2482 527 2533 567; x_wconf 83' lang='lat' dir='ltr'><strong>et</strong></span> <span class='ocrx_word' id='word_1_18' title='bbox 2581 525 2851 567; x_wconf 69' lang='lat' dir='ltr'><strong>terrarum</strong></span> <span class='ocrx_word' id='word_1_19' title='bbox 2904 512 3053 568; x_wconf 85' lang='lat' dir='ltr'><strong>urbis</strong></span> <span class='ocrx_word' id='word_1_20' title='bbox 3095 512 3289 567; x_wconf 82' lang='lat' dir='ltr'><strong>lumini</strong></span> <span class='ocrx_word' id='word_1_21' title='bbox 3329 513 3546 570; x_wconf 81' lang='lat' dir='ltr'><strong>Patrem</strong></span> 
     </span>
    </p>
   </div>
   <div class='ocr_carea' id='block_1_6' title="bbox 267 608 1861 682">
    <p class='ocr_par' dir='ltr' id='par_1_6' title="bbox 267 608 1861 682">
     <span class='ocr_line' id='line_1_6' title="bbox 267 608 1861 682; baseline -0.003 -17"><span class='ocrx_word' id='word_1_22' title='bbox 267 613 626 682; x_wconf 79' lang='grc' dir='ltr'>Πνεύματος·</span> <span class='ocrx_word' id='word_1_23' title='bbox 667 613 759 665; x_wconf 69' lang='grc' dir='ltr'>καὶ</span> <span class='ocrx_word' id='word_1_24' title='bbox 789 612 869 664; x_wconf 82' lang='grc' dir='ltr'>ὅτι</span> <span class='ocrx_word' id='word_1_25' title='bbox 911 612 1010 680; x_wconf 80' lang='grc' dir='ltr'><strong>μὲν</strong></span> <span class='ocrx_word' id='word_1_26' title='bbox 1042 611 1256 679; x_wconf 77' lang='grc' dir='ltr'>πρόεισι</span> <span class='ocrx_word' id='word_1_27' title='bbox 1288 613 1346 663; x_wconf 71' lang='grc' dir='ltr'>τὸ</span> <span class='ocrx_word' id='word_1_28' title='bbox 1379 610 1602 680; x_wconf 82' lang='grc' dir='ltr'>Πνεῦμα</span> <span class='ocrx_word' id='word_1_29' title='bbox 1649 610 1735 662; x_wconf 78' lang='grc' dir='ltr'>διὰ</span> <span class='ocrx_word' id='word_1_30' title='bbox 1767 608 1861 662; x_wconf 87' lang='grc' dir='ltr'><strong>τοῦ</strong></span> 
     </span>
    </p>
   </div>
   <div class='ocr_carea' id='block_1_7' title="bbox 264 701 1866 771">
    <p class='ocr_par' dir='ltr' id='par_1_7' title="bbox 264 701 1866 771">
     <span class='ocr_line' id='line_1_7' title="bbox 264 701 1866 771; baseline -0.002 -14"><span class='ocrx_word' id='word_1_31' title='bbox 264 704 425 768; x_wconf 84' lang='grc' dir='ltr'>Υἱοῦ,</span> <span class='ocrx_word' id='word_1_32' title='bbox 460 705 554 757; x_wconf 69' lang='grc' dir='ltr'><strong>καὶ</strong></span> <span class='ocrx_word' id='word_1_33' title='bbox 577 704 641 757; x_wconf 83' lang='grc' dir='ltr'>ὲκ</span> <span class='ocrx_word' id='word_1_34' title='bbox 664 702 759 755; x_wconf 86' lang='grc' dir='ltr'><strong>τοῦ</strong></span> <span class='ocrx_word' id='word_1_35' title='bbox 793 703 923 756; x_wconf 81' lang='grc' dir='ltr'>Υίοῦ</span> <span class='ocrx_word' id='word_1_36' title='bbox 955 702 1173 770; x_wconf 79' lang='grc' dir='ltr'>λέγεται</span> <span class='ocrx_word' id='word_1_37' title='bbox 1210 703 1492 771; x_wconf 73' lang='grc' dir='ltr'>προϊέναι·</span> <span class='ocrx_word' id='word_1_38' title='bbox 1534 703 1615 755; x_wconf 85' lang='grc' dir='ltr'>ὅτι</span> <span class='ocrx_word' id='word_1_39' title='bbox 1644 702 1699 754; x_wconf 80' lang='grc' dir='ltr'>δὲ</span> <span class='ocrx_word' id='word_1_40' title='bbox 1730 701 1866 770; x_wconf 83' lang='grc' dir='ltr'>ἀμε-</span> 
     </span>
    </p>
   </div>
   <div class='ocr_carea' id='block_1_8' title="bbox 268 793 1867 867">
    <p class='ocr_par' dir='ltr' id='par_1_8' title="bbox 268 793 1867 867">
     <span class='ocr_line' id='line_1_8' title="bbox 268 793 1867 867; baseline -0.003 -17"><span class='ocrx_word' id='word_1_41' title='bbox 268 798 495 867; x_wconf 82' lang='grc' dir='ltr'>ρίστως,</span> <span class='ocrx_word' id='word_1_42' title='bbox 543 797 644 849; x_wconf 83' lang='grc' dir='ltr'><strong>οῦκ</strong></span> <span class='ocrx_word' id='word_1_43' title='bbox 687 798 768 860; x_wconf 85' lang='grc' dir='ltr'><strong>είς</strong></span> <span class='ocrx_word' id='word_1_44' title='bbox 802 795 989 858; x_wconf 76' lang='grc' dir='ltr'>ἀτελὲς</span> <span class='ocrx_word' id='word_1_45' title='bbox 1028 797 1121 847; x_wconf 73' lang='grc' dir='ltr'><strong>καὶ</strong></span> <span class='ocrx_word' id='word_1_46' title='bbox 1171 796 1375 849; x_wconf 86' lang='grc' dir='ltr'>τέλειον</span> <span class='ocrx_word' id='word_1_47' title='bbox 1421 794 1716 866; x_wconf 82' lang='grc' dir='ltr'>διῄρηται·</span> <span class='ocrx_word' id='word_1_48' title='bbox 1770 793 1867 846; x_wconf 72' lang='grc' dir='ltr'>καὶ</span> 
     </span>
    </p>
   </div>
   <div class='ocr_carea' id='block_1_9' title="bbox 266 878 1867 958">
    <p class='ocr_par' dir='ltr' id='par_1_9' title="bbox 266 878 1867 958">
     <span class='ocr_line' id='line_1_9' title="bbox 266 878 1867 958; baseline -0.002 -16"><span class='ocrx_word' id='word_1_49' title='bbox 266 891 430 942; x_wconf 80' lang='grc' dir='ltr'>τοῦτο</span> <span class='ocrx_word' id='word_1_50' title='bbox 475 890 613 944; x_wconf 78' lang='grc' dir='ltr'><strong>κάπὶ</strong></span> <span class='ocrx_word' id='word_1_51' title='bbox 666 888 760 941; x_wconf 84' lang='grc' dir='ltr'><strong>τοῦ</strong></span> <span class='ocrx_word' id='word_1_52' title='bbox 813 888 1264 958; x_wconf 79' lang='grc' dir='ltr'><strong>παραδείγματος</strong></span> <span class='ocrx_word' id='word_1_53' title='bbox 1317 887 1411 941; x_wconf 88' lang='grc' dir='ltr'><strong>τοῦ</strong></span> <span class='ocrx_word' id='word_1_54' title='bbox 1466 878 1618 956; x_wconf 76' lang='grc' dir='ltr'>ἡλίου</span> <span class='ocrx_word' id='word_1_55' title='bbox 1642 886 1720 957; x_wconf 77' lang='grc'><strong>(1)</strong></span> <span class='ocrx_word' id='word_1_56' title='bbox 1766 886 1867 954; x_wconf 83' lang='grc' dir='ltr'>τῆς</span> 
     </span>
    </p>
   </div>
   <div class='ocr_carea' id='block_1_10' title="bbox 268 978 1869 1049">
    <p class='ocr_par' dir='ltr' id='par_1_10' title="bbox 268 978 1869 1049">
     <span class='ocr_line' id='line_1_10' title="bbox 268 978 1869 1049; baseline -0.003 -14"><span class='ocrx_word' id='word_1_57' title='bbox 268 986 493 1044; x_wconf 56' lang='grc' dir='ltr'>ἐκτίνος</span> <span class='ocrx_word' id='word_1_58' title='bbox 521 982 613 1033; x_wconf 77' lang='grc' dir='ltr'>καὶ</span> <span class='ocrx_word' id='word_1_59' title='bbox 639 979 735 1032; x_wconf 85' lang='grc' dir='ltr'><strong>τοῦ</strong></span> <span class='ocrx_word' id='word_1_60' title='bbox 766 982 944 1048; x_wconf 76' lang='grc' dir='ltr'>φωτὸς</span> <span class='ocrx_word' id='word_1_61' title='bbox 972 980 1120 1033; x_wconf 77' lang='grc' dir='ltr'>ἔστιν</span> <span class='ocrx_word' id='word_1_62' title='bbox 1153 980 1282 1032; x_wconf 81' lang='grc' dir='ltr'>ἰδεῖν</span> <span class='ocrx_word' id='word_1_63' title='bbox 1308 996 1322 1009; x_wconf 75' lang='grc' dir='ltr'><strong>ο</strong></span> <span class='ocrx_word' id='word_1_64' title='bbox 1354 978 1468 1048; x_wconf 71' lang='grc' dir='ltr'>φῶς</span> <span class='ocrx_word' id='word_1_65' title='bbox 1493 981 1603 1049; x_wconf 78' lang='grc' dir='ltr'>γὰρ</span> <span class='ocrx_word' id='word_1_66' title='bbox 1644 979 1869 1049; x_wconf 79' lang='grc' dir='ltr'><strong>ἡλιακὸν</strong></span> 
     </span>
    </p>
   </div>
   <div class='ocr_carea' id='block_1_11' title="bbox 265 1069 1868 1142">
    <p class='ocr_par' dir='ltr' id='par_1_11' title="bbox 265 1069 1868 1142">
     <span class='ocr_line' id='line_1_11' title="bbox 265 1069 1868 1142; baseline -0.002 -15"><span class='ocrx_word' id='word_1_67' title='bbox 265 1075 353 1127; x_wconf 75' lang='grc' dir='ltr'>διὰ</span> <span class='ocrx_word' id='word_1_68' title='bbox 385 1075 489 1141; x_wconf 79' lang='grc' dir='ltr'><strong>τῆς</strong></span> <span class='ocrx_word' id='word_1_69' title='bbox 515 1075 733 1142; x_wconf 66' lang='grc' dir='ltr'>ἀκτῖνος</span> <span class='ocrx_word' id='word_1_70' title='bbox 777 1072 994 1135; x_wconf 78' lang='grc' dir='ltr'>πάντως</span> <span class='ocrx_word' id='word_1_71' title='bbox 1026 1071 1273 1142; x_wconf 79' lang='grc' dir='ltr'>πρόεισιν</span> <span class='ocrx_word' id='word_1_72' title='bbox 1309 1073 1372 1123; x_wconf 82' lang='grc' dir='ltr'>ἐκ</span> <span class='ocrx_word' id='word_1_73' title='bbox 1404 1069 1498 1124; x_wconf 85' lang='grc' dir='ltr'><strong>τοῦ</strong></span> <span class='ocrx_word' id='word_1_74' title='bbox 1536 1071 1743 1136; x_wconf 77' lang='grc' dir='ltr'><strong>δίσκου,</strong></span> <span class='ocrx_word' id='word_1_75' title='bbox 1773 1070 1868 1123; x_wconf 75' lang='grc' dir='ltr'><strong>καὶ</strong></span> 
     </span>
    </p>
   </div>
   <div class='ocr_carea' id='block_1_12' title="bbox 266 1164 1867 1234">
    <p class='ocr_par' dir='ltr' id='par_1_12' title="bbox 266 1164 1867 1234">
     <span class='ocr_line' id='line_1_12' title="bbox 266 1164 1867 1234; baseline -0.001 -17"><span class='ocrx_word' id='word_1_76' title='bbox 266 1168 369 1221; x_wconf 67' lang='grc' dir='ltr'><strong>οὐκ</strong></span> <span class='ocrx_word' id='word_1_77' title='bbox 401 1169 468 1219; x_wconf 81' lang='grc' dir='ltr'>ὲκ</span> <span class='ocrx_word' id='word_1_78' title='bbox 498 1168 663 1234; x_wconf 74' lang='grc' dir='ltr'>μόνου</span> <span class='ocrx_word' id='word_1_79' title='bbox 688 1164 785 1218; x_wconf 87' lang='grc' dir='ltr'><strong>τοῦ</strong></span> <span class='ocrx_word' id='word_1_80' title='bbox 822 1164 1008 1217; x_wconf 81' lang='grc' dir='ltr'>δίσκου</span> <span class='ocrx_word' id='word_1_81' title='bbox 1029 1182 1042 1194; x_wconf 93' lang='grc'><strong>·</strong></span> <span class='ocrx_word' id='word_1_82' title='bbox 1086 1164 1201 1218; x_wconf 85' lang='grc' dir='ltr'>ἀλλ’</span> <span class='ocrx_word' id='word_1_83' title='bbox 1230 1165 1383 1217; x_wconf 78' lang='grc' dir='ltr'>οὐδὲν</span> <span class='ocrx_word' id='word_1_84' title='bbox 1426 1165 1486 1217; x_wconf 74' lang='grc' dir='ltr'>τὸ</span> <span class='ocrx_word' id='word_1_85' title='bbox 1511 1164 1717 1217; x_wconf 79' lang='grc' dir='ltr'>τέλειον</span> <span class='ocrx_word' id='word_1_86' title='bbox 1769 1165 1867 1233; x_wconf 76' lang='grc' dir='ltr'>τῆς</span> 
     </span>
    </p>
   </div>
   <div class='ocr_carea' id='block_1_13' title="bbox 264 1256 1867 1328">
    <p class='ocr_par' dir='ltr' id='par_1_13' title="bbox 264 1256 1867 1328">
     <span class='ocr_line' id='line_1_13' title="bbox 264 1256 1867 1328; baseline -0.001 -16"><span class='ocrx_word' id='word_1_87' title='bbox 264 1262 331 1312; x_wconf 74' lang='grc' dir='ltr'>ἐκ</span> <span class='ocrx_word' id='word_1_88' title='bbox 353 1260 451 1314; x_wconf 84' lang='grc' dir='ltr'><strong>τοῦ</strong></span> <span class='ocrx_word' id='word_1_89' title='bbox 476 1260 665 1313; x_wconf 79' lang='grc' dir='ltr'>δίσκου</span> <span class='ocrx_word' id='word_1_90' title='bbox 690 1259 871 1319; x_wconf 80' lang='grc' dir='ltr'>αἰτίας</span> <span class='ocrx_word' id='word_1_91' title='bbox 900 1258 993 1311; x_wconf 89' lang='grc' dir='ltr'><strong>τοῦ</strong></span> <span class='ocrx_word' id='word_1_92' title='bbox 1030 1258 1209 1325; x_wconf 74' lang='grc' dir='ltr'>φωτὸς</span> <span class='ocrx_word' id='word_1_93' title='bbox 1233 1256 1541 1328; x_wconf 71' lang='grc' dir='ltr'>ἐλυμήνατο</span> <span class='ocrx_word' id='word_1_94' title='bbox 1574 1258 1607 1327; x_wconf 73' lang='grc' dir='ltr'>ἡ</span> <span class='ocrx_word' id='word_1_95' title='bbox 1639 1257 1729 1310; x_wconf 80' lang='grc' dir='ltr'>διὰ</span> <span class='ocrx_word' id='word_1_96' title='bbox 1765 1257 1867 1326; x_wconf 83' lang='grc' dir='ltr'>τῆς</span> 
     </span>
    </p>
   </div>
   <div class='ocr_carea' id='block_1_14' title="bbox 267 1350 1868 1422">
    <p class='ocr_par' dir='ltr' id='par_1_14' title="bbox 267 1350 1868 1422">
     <span class='ocr_line' id='line_1_14' title="bbox 267 1350 1868 1422; baseline -0.002 -16"><span class='ocrx_word' id='word_1_97' title='bbox 267 1356 492 1416; x_wconf 77' lang='grc' dir='ltr'>ἀκτῖνος</span> <span class='ocrx_word' id='word_1_98' title='bbox 528 1354 621 1406; x_wconf 88' lang='grc' dir='ltr'><strong>τοῦ</strong></span> <span class='ocrx_word' id='word_1_99' title='bbox 655 1355 831 1421; x_wconf 73' lang='grc' dir='ltr'>φωτὸς</span> <span class='ocrx_word' id='word_1_100' title='bbox 881 1351 1139 1422; x_wconf 85' lang='grc' dir='ltr'>πρόοδος’</span> <span class='ocrx_word' id='word_1_101' title='bbox 1174 1353 1297 1404; x_wconf 79' lang='grc' dir='ltr'>ἐπεὶ</span> <span class='ocrx_word' id='word_1_102' title='bbox 1329 1350 1553 1419; x_wconf 81' lang='grc' dir='ltr'>τοιαύτη</span> <span class='ocrx_word' id='word_1_103' title='bbox 1592 1353 1675 1414; x_wconf 88' lang='grc' dir='ltr'><strong>τίς</strong></span> <span class='ocrx_word' id='word_1_104' title='bbox 1720 1353 1868 1403; x_wconf 69' lang='grc' dir='ltr'>ἔστιν</span> 
     </span>
    </p>
   </div>
   <div class='ocr_carea' id='block_1_15' title="bbox 268 1442 1868 1515">
    <p class='ocr_par' dir='ltr' id='par_1_15' title="bbox 268 1442 1868 1515">
     <span class='ocr_line' id='line_1_15' title="bbox 268 1442 1868 1515; baseline -0.003 -18"><span class='ocrx_word' id='word_1_105' title='bbox 268 1448 302 1515; x_wconf 75' lang='grc' dir='ltr'>ἡ</span> <span class='ocrx_word' id='word_1_106' title='bbox 339 1445 440 1498; x_wconf 85' lang='grc' dir='ltr'><strong>τοῦ</strong></span> <span class='ocrx_word' id='word_1_107' title='bbox 480 1445 631 1515; x_wconf 79' lang='grc' dir='ltr'>ἡλίου</span> <span class='ocrx_word' id='word_1_108' title='bbox 677 1443 864 1511; x_wconf 80' lang='grc' dir='ltr'>φύσις,</span> <span class='ocrx_word' id='word_1_109' title='bbox 919 1443 1060 1495; x_wconf 79' lang='grc' dir='ltr'>ὥστε</span> <span class='ocrx_word' id='word_1_110' title='bbox 1110 1442 1304 1514; x_wconf 85' lang='grc' dir='ltr'>χρόνου</span> <span class='ocrx_word' id='word_1_111' title='bbox 1354 1444 1447 1495; x_wconf 81' lang='grc' dir='ltr'><strong>καὶ</strong></span> <span class='ocrx_word' id='word_1_112' title='bbox 1500 1444 1868 1511; x_wconf 67' lang='grc' dir='ltr'>διαστήματος</span> 
     </span>
    </p>
   </div>
   <div class='ocr_carea' id='block_1_16' title="bbox 269 1531 1868 1604">
    <p class='ocr_par' dir='ltr' id='par_1_16' title="bbox 269 1531 1868 1604">
     <span class='ocr_line' id='line_1_16' title="bbox 269 1531 1868 1604; baseline -0.003 -15"><span class='ocrx_word' id='word_1_113' title='bbox 269 1538 665 1604; x_wconf 83' lang='grc' dir='ltr'>μεσιτεύοντος</span> <span class='ocrx_word' id='word_1_114' title='bbox 716 1537 833 1603; x_wconf 73' lang='grc' dir='ltr'><strong>ἅμα</strong></span> <span class='ocrx_word' id='word_1_115' title='bbox 864 1534 974 1586; x_wconf 90' lang='grc' dir='ltr'><strong>τῶν</strong></span> <span class='ocrx_word' id='word_1_116' title='bbox 1027 1533 1357 1603; x_wconf 83' lang='grc' dir='ltr'><strong>ἀμφοτέρων</strong></span> <span class='ocrx_word' id='word_1_117' title='bbox 1386 1531 1647 1585; x_wconf 75' lang='grc' dir='ltr'>αἰτιατῶν</span> <span class='ocrx_word' id='word_1_118' title='bbox 1693 1533 1868 1584; x_wconf 84' lang='grc' dir='ltr'>αι’τιον</span> 
     </span>
    </p>
   </div>
   <div class='ocr_carea' id='block_1_17' title="bbox 266 1621 1869 1696">
    <p class='ocr_par' dir='ltr' id='par_1_17' title="bbox 266 1621 1869 1696">
     <span class='ocr_line' id='line_1_17' title="bbox 266 1621 1869 1696; baseline -0.004 -14"><span class='ocrx_word' id='word_1_119' title='bbox 266 1631 440 1682; x_wconf 72' lang='grc' dir='ltr'>αὑτὸν</span> <span class='ocrx_word' id='word_1_120' title='bbox 467 1624 629 1694; x_wconf 86' lang='grc' dir='ltr'>εἶναι,</span> <span class='ocrx_word' id='word_1_121' title='bbox 654 1621 729 1680; x_wconf 84' lang='grc' dir='ltr'><strong>ὧν</strong></span> <span class='ocrx_word' id='word_1_122' title='bbox 756 1628 842 1679; x_wconf 68' lang='grc' dir='ltr'><strong>διὰ</strong></span> <span class='ocrx_word' id='word_1_123' title='bbox 873 1626 968 1679; x_wconf 90' lang='grc' dir='ltr'><strong>τοῦ</strong></span> <span class='ocrx_word' id='word_1_124' title='bbox 993 1626 1181 1696; x_wconf 71' lang='grc' dir='ltr'>ἑτέρου</span> <span class='ocrx_word' id='word_1_125' title='bbox 1212 1624 1271 1678; x_wconf 80' lang='grc' dir='ltr'><strong>τὸ</strong></span> <span class='ocrx_word' id='word_1_126' title='bbox 1297 1625 1483 1695; x_wconf 71' lang='grc' dir='ltr'>ἕτερον</span> <span class='ocrx_word' id='word_1_127' title='bbox 1507 1625 1570 1676; x_wconf 82' lang='grc' dir='ltr'>ἐκ</span> <span class='ocrx_word' id='word_1_128' title='bbox 1598 1622 1689 1676; x_wconf 85' lang='grc' dir='ltr'><strong>τοῦ</strong></span> <span class='ocrx_word' id='word_1_129' title='bbox 1720 1623 1869 1693; x_wconf 84' lang='grc' dir='ltr'>πρώ-</span> 
     </span>
    </p>
   </div>
   <div class='ocr_carea' id='block_1_18' title="bbox 267 1721 1019 1790">
    <p class='ocr_par' dir='ltr' id='par_1_18' title="bbox 267 1721 1019 1790">
     <span class='ocr_line' id='line_1_18' title="bbox 267 1721 1019 1790; baseline 0 -17"><span class='ocrx_word' id='word_1_130' title='bbox 267 1738 365 1774; x_wconf 84' lang='grc' dir='ltr'><strong>του</strong></span> <span class='ocrx_word' id='word_1_131' title='bbox 400 1722 583 1783; x_wconf 68' lang='grc' dir='ltr'>αἰτίου</span> <span class='ocrx_word' id='word_1_132' title='bbox 627 1721 1019 1790; x_wconf 83' lang='grc' dir='ltr'>προσέρχεται.</span> 
     </span>
    </p>
   </div>
   <div class='ocr_carea' id='block_1_19' title="bbox 344 1808 1868 1879">
    <p class='ocr_par' dir='ltr' id='par_1_19' title="bbox 344 1808 1868 1879">
     <span class='ocr_line' id='line_1_19' title="bbox 344 1808 1868 1879; baseline -0.002 -13"><span class='ocrx_word' id='word_1_133' title='bbox 344 1815 520 1867; x_wconf 75' lang='grc' dir='ltr'>Πάλιν</span> <span class='ocrx_word' id='word_1_134' title='bbox 550 1812 605 1865; x_wconf 81' lang='grc' dir='ltr'>δὲ</span> <span class='ocrx_word' id='word_1_135' title='bbox 638 1814 687 1865; x_wconf 86' lang='grc' dir='ltr'><strong>εί</strong></span> <span class='ocrx_word' id='word_1_136' title='bbox 742 1813 832 1865; x_wconf 82' lang='grc' dir='ltr'>διὰ</span> <span class='ocrx_word' id='word_1_137' title='bbox 864 1812 923 1863; x_wconf 77' lang='grc' dir='ltr'>τὸ</span> <span class='ocrx_word' id='word_1_138' title='bbox 969 1811 1065 1879; x_wconf 77' lang='grc' dir='ltr'>τὴν</span> <span class='ocrx_word' id='word_1_139' title='bbox 1097 1809 1192 1864; x_wconf 91' lang='grc' dir='ltr'><strong>τοῦ</strong></span> <span class='ocrx_word' id='word_1_140' title='bbox 1240 1809 1560 1879; x_wconf 82' lang='grc' dir='ltr'>Πνιύματος</span> <span class='ocrx_word' id='word_1_141' title='bbox 1606 1808 1868 1878; x_wconf 74' lang='grc' dir='ltr'>ἑπιγινώο</span> 
     </span>
    </p>
   </div>
   <div class='ocr_carea' id='block_1_20' title="bbox 268 1898 1867 1974">
    <p class='ocr_par' dir='ltr' id='par_1_20' title="bbox 268 1898 1867 1974">
     <span class='ocr_line' id='line_1_20' title="bbox 268 1898 1867 1974; baseline -0.003 -14"><span class='ocrx_word' id='word_1_142' title='bbox 268 1906 507 1960; x_wconf 85' lang='grc' dir='ltr'>σκεσθαι</span> <span class='ocrx_word' id='word_1_143' title='bbox 575 1906 836 1974; x_wconf 70' lang='grc' dir='ltr'>ίδιότητα.</span> <span class='ocrx_word' id='word_1_144' title='bbox 895 1907 953 1958; x_wconf 81' lang='grc' dir='ltr'>ὲν</span> <span class='ocrx_word' id='word_1_145' title='bbox 997 1898 1165 1973; x_wconf 83' lang='grc' dir='ltr'>ᾦτοῦ</span> <span class='ocrx_word' id='word_1_146' title='bbox 1228 1904 1441 1972; x_wconf 80' lang='grc' dir='ltr'>Πατρὸς</span> <span class='ocrx_word' id='word_1_147' title='bbox 1490 1900 1867 1969; x_wconf 71' lang='grc' dir='ltr'>ἐκπορεύεται,</span> 
     </span>
    </p>
   </div>
   <div class='ocr_carea' id='block_1_21' title="bbox 269 1987 1866 2067">
    <p class='ocr_par' dir='ltr' id='par_1_21' title="bbox 269 1987 1866 2067">
     <span class='ocr_line' id='line_1_21' title="bbox 269 1987 1866 2067; baseline -0.003 -15"><span class='ocrx_word' id='word_1_148' title='bbox 269 1998 544 2062; x_wconf 74' lang='grc' dir='ltr'>ὡσαύτως</span> <span class='ocrx_word' id='word_1_149' title='bbox 575 1998 631 2052; x_wconf 73' lang='grc' dir='ltr'>δὲ</span> <span class='ocrx_word' id='word_1_150' title='bbox 665 2000 759 2052; x_wconf 67' lang='grc' dir='ltr'><strong>καὶ</strong></span> <span class='ocrx_word' id='word_1_151' title='bbox 788 1999 889 2067; x_wconf 75' lang='grc' dir='ltr'>τὴν</span> <span class='ocrx_word' id='word_1_152' title='bbox 917 1996 1011 2051; x_wconf 90' lang='grc' dir='ltr'><strong>τοῦ</strong></span> <span class='ocrx_word' id='word_1_153' title='bbox 1045 1995 1199 2060; x_wconf 83' lang='grc' dir='ltr'>Υίοῦ,</span> <span class='ocrx_word' id='word_1_154' title='bbox 1234 1998 1291 2050; x_wconf 79' lang='grc' dir='ltr'>ἐν</span> <span class='ocrx_word' id='word_1_155' title='bbox 1333 1994 1377 2065; x_wconf 79' lang='grc' dir='ltr'>ᾧ</span> <span class='ocrx_word' id='word_1_156' title='bbox 1403 1987 1559 2059; x_wconf 78' lang='grc' dir='ltr'>οὗτος</span> <span class='ocrx_word' id='word_1_157' title='bbox 1589 1997 1866 2063; x_wconf 79' lang='grc' dir='ltr'>γεννᾶται,</span> 
     </span>
    </p>
   </div>
   <div class='ocr_carea' id='block_1_22' title="bbox 268 2086 1872 2162">
    <p class='ocr_par' dir='ltr' id='par_1_22' title="bbox 268 2086 1872 2162">
     <span class='ocr_line' id='line_1_22' title="bbox 268 2086 1872 2162; baseline -0.001 -19"><span class='ocrx_word' id='word_1_158' title='bbox 268 2091 471 2162; x_wconf 72' lang='grc' dir='ltr'>λογίζῃ</span> <span class='ocrx_word' id='word_1_159' title='bbox 503 2093 631 2155; x_wconf 70' lang='grc' dir='ltr'>τοὺς</span> <span class='ocrx_word' id='word_1_160' title='bbox 680 2092 773 2143; x_wconf 77' lang='grc' dir='ltr'><strong>καὶ</strong></span> <span class='ocrx_word' id='word_1_161' title='bbox 805 2094 868 2143; x_wconf 78' lang='grc' dir='ltr'>ὲκ</span> <span class='ocrx_word' id='word_1_162' title='bbox 909 2088 1005 2142; x_wconf 89' lang='grc' dir='ltr'><strong>τοῦ</strong></span> <span class='ocrx_word' id='word_1_163' title='bbox 1042 2088 1173 2142; x_wconf 90' lang='grc' dir='ltr'>Υίοῦ</span> <span class='ocrx_word' id='word_1_164' title='bbox 1218 2087 1474 2155; x_wconf 76' lang='grc' dir='ltr'>λέγοντας</span> <span class='ocrx_word' id='word_1_165' title='bbox 1533 2086 1663 2140; x_wconf 83' lang='grc' dir='ltr'>αὐτὸ</span> <span class='ocrx_word' id='word_1_166' title='bbox 1710 2088 1872 2143; x_wconf 74' lang='grc' dir='ltr'>ἐκπο-</span> 
     </span>
    </p>
   </div>
   <div class='ocr_carea' id='block_1_23' title="bbox 269 2179 1869 2254">
    <p class='ocr_par' dir='ltr' id='par_1_23' title="bbox 269 2179 1869 2254">
     <span class='ocr_line' id='line_1_23' title="bbox 269 2179 1869 2254; baseline -0.003 -18"><span class='ocrx_word' id='word_1_167' title='bbox 269 2184 541 2254; x_wconf 78' lang='grc' dir='ltr'>ρεύεσθαι</span> <span class='ocrx_word' id='word_1_168' title='bbox 576 2185 821 2237; x_wconf 79' lang='grc' dir='ltr'>πλείοσιν</span> <span class='ocrx_word' id='word_1_169' title='bbox 866 2181 1125 2253; x_wconf 83' lang='grc' dir='ltr'>ίδιώμασι</span> <span class='ocrx_word' id='word_1_170' title='bbox 1174 2180 1510 2235; x_wconf 81' lang='grc' dir='ltr'>διαστέλλειν</span> <span class='ocrx_word' id='word_1_171' title='bbox 1549 2180 1611 2233; x_wconf 87' lang='grc' dir='ltr'>τὺ</span> <span class='ocrx_word' id='word_1_172' title='bbox 1644 2179 1869 2250; x_wconf 83' lang='grc' dir='ltr'><strong>Πνεῦμα</strong></span> 
     </span>
    </p>
   </div>
   <div class='ocr_carea' id='block_1_24' title="bbox 268 2271 1871 2349">
    <p class='ocr_par' dir='ltr' id='par_1_24' title="bbox 268 2271 1871 2349">
     <span class='ocr_line' id='line_1_24' title="bbox 268 2271 1871 2349; baseline -0.003 -19"><span class='ocrx_word' id='word_1_173' title='bbox 268 2277 368 2330; x_wconf 83' lang='grc' dir='ltr'><strong>τοῦ</strong></span> <span class='ocrx_word' id='word_1_174' title='bbox 404 2278 621 2346; x_wconf 78' lang='grc' dir='ltr'>[ἰατρὸς</span> <span class='ocrx_word' id='word_1_175' title='bbox 647 2279 791 2349; x_wconf 75' lang='grc' dir='ltr'>ἤπερ</span> <span class='ocrx_word' id='word_1_176' title='bbox 822 2277 912 2330; x_wconf 83' lang='grc' dir='ltr'><strong>τὸν</strong></span> <span class='ocrx_word' id='word_1_177' title='bbox 942 2276 1090 2339; x_wconf 64' lang='grc' dir='ltr'>Υίδν,</span> <span class='ocrx_word' id='word_1_178' title='bbox 1131 2276 1447 2342; x_wconf 54' lang='grc' dir='ltr'>ὶπισᾳαλῶς</span> <span class='ocrx_word' id='word_1_179' title='bbox 1481 2274 1571 2328; x_wconf 80' lang='grc' dir='ltr'>καὶ</span> <span class='ocrx_word' id='word_1_180' title='bbox 1600 2274 1661 2327; x_wconf 79' lang='grc' dir='ltr'>οὐ</span> <span class='ocrx_word' id='word_1_181' title='bbox 1688 2271 1871 2336; x_wconf 82' lang='grc' dir='ltr'>καλῶς</span> 
     </span>
    </p>
   </div>
   <div class='ocr_carea' id='block_1_25' title="bbox 273 2366 1873 2441">
    <p class='ocr_par' dir='ltr' id='par_1_25' title="bbox 273 2366 1873 2441">
     <span class='ocr_line' id='line_1_25' title="bbox 273 2366 1873 2441; baseline -0.005 -16"><span class='ocrx_word' id='word_1_182' title='bbox 273 2370 443 2427; x_wconf 89' lang='grc' dir='ltr'>τοῦτο</span> <span class='ocrx_word' id='word_1_183' title='bbox 482 2370 708 2439; x_wconf 76' lang='grc' dir='ltr'>λογίζῃ·</span> <span class='ocrx_word' id='word_1_184' title='bbox 746 2369 798 2421; x_wconf 81' lang='grc' dir='ltr'><strong>εί</strong></span> <span class='ocrx_word' id='word_1_185' title='bbox 838 2371 946 2440; x_wconf 71' lang='grc' dir='ltr'>γὰρ</span> <span class='ocrx_word' id='word_1_186' title='bbox 977 2369 1084 2441; x_wconf 76' lang='grc' dir='ltr'>ίὸίᾳ</span> <span class='ocrx_word' id='word_1_187' title='bbox 1122 2368 1221 2438; x_wconf 81' lang='grc' dir='ltr'>μὲν</span> <span class='ocrx_word' id='word_1_188' title='bbox 1259 2369 1323 2421; x_wconf 84' lang='grc' dir='ltr'>ὲκ</span> <span class='ocrx_word' id='word_1_189' title='bbox 1357 2368 1451 2421; x_wconf 87' lang='grc' dir='ltr'><strong>τοῦ</strong></span> <span class='ocrx_word' id='word_1_190' title='bbox 1499 2366 1731 2439; x_wconf 72' lang='grc' dir='ltr'>Πατρίις,</span> <span class='ocrx_word' id='word_1_191' title='bbox 1765 2368 1873 2436; x_wconf 79' lang='grc' dir='ltr'><strong>ίδὲᾳ</strong></span> 
     </span>
    </p>
   </div>
   <div class='ocr_carea' id='block_1_26' title="bbox 271 2456 1871 2531">
    <p class='ocr_par' dir='ltr' id='par_1_26' title="bbox 271 2456 1871 2531">
     <span class='ocr_line' id='line_1_26' title="bbox 271 2456 1871 2531; baseline -0.004 -16"><span class='ocrx_word' id='word_1_192' title='bbox 271 2463 427 2528; x_wconf 32' lang='grc' dir='ltr'>δῖε-ὲκ</span> <span class='ocrx_word' id='word_1_193' title='bbox 455 2460 552 2513; x_wconf 89' lang='grc' dir='ltr'><strong>τοῦ</strong></span> <span class='ocrx_word' id='word_1_194' title='bbox 582 2459 713 2513; x_wconf 81' lang='grc' dir='ltr'>Υίοῦ</span> <span class='ocrx_word' id='word_1_195' title='bbox 748 2456 817 2531; x_wconf 79' lang='grc' dir='ltr'>ἦν</span> <span class='ocrx_word' id='word_1_196' title='bbox 846 2465 906 2513; x_wconf 79' lang='grc' dir='ltr'><strong>τὸ</strong></span> <span class='ocrx_word' id='word_1_197' title='bbox 939 2460 1165 2529; x_wconf 83' lang='grc' dir='ltr'>Πνεῦμα</span> <span class='ocrx_word' id='word_1_198' title='bbox 1211 2458 1666 2530; x_wconf 76' lang='grc' dir='ltr'>ἐκπορευόμενον.</span> <span class='ocrx_word' id='word_1_199' title='bbox 1699 2457 1871 2520; x_wconf 71' lang='grc' dir='ltr'>οὕτως</span> 
     </span>
    </p>
   </div>
   <div class='ocr_carea' id='block_1_27' title="bbox 274 2548 1873 2623">
    <p class='ocr_par' dir='ltr' id='par_1_27' title="bbox 274 2548 1873 2623">
     <span class='ocr_line' id='line_1_27' title="bbox 274 2548 1873 2623; baseline -0.003 -16"><span class='ocrx_word' id='word_1_200' title='bbox 274 2554 343 2609; x_wconf 81' lang='grc' dir='ltr'><strong>ἂν</strong></span> <span class='ocrx_word' id='word_1_201' title='bbox 374 2549 493 2623; x_wconf 76' lang='grc' dir='ltr'>εἶχε</span> <span class='ocrx_word' id='word_1_202' title='bbox 520 2553 578 2606; x_wconf 76' lang='grc' dir='ltr'>τδ</span> <span class='ocrx_word' id='word_1_203' title='bbox 607 2552 831 2623; x_wconf 72' lang='grc' dir='ltr'>ἰσχυρὸν</span> <span class='ocrx_word' id='word_1_204' title='bbox 860 2553 889 2605; x_wconf 82' lang='grc' dir='ltr'><strong>ὁ</strong></span> <span class='ocrx_word' id='word_1_205' title='bbox 917 2550 1026 2604; x_wconf 87' lang='grc' dir='ltr'><strong>τῶν</strong></span> <span class='ocrx_word' id='word_1_206' title='bbox 1076 2550 1481 2620; x_wconf 77' lang='grc' dir='ltr'>πεπλασμένων</span> <span class='ocrx_word' id='word_1_207' title='bbox 1534 2551 1615 2602; x_wconf 74' lang='grc' dir='ltr'>σοὶ</span> <span class='ocrx_word' id='word_1_208' title='bbox 1651 2548 1873 2619; x_wconf 75' lang='grc' dir='ltr'>ἰδιωμά-</span> 
     </span>
    </p>
   </div>
   <div class='ocr_carea' id='block_1_28' title="bbox 276 2640 1871 2713">
    <p class='ocr_par' dir='ltr' id='par_1_28' title="bbox 276 2640 1871 2713">
     <span class='ocr_line' id='line_1_28' title="bbox 276 2640 1871 2713; baseline -0.002 -17"><span class='ocrx_word' id='word_1_209' title='bbox 276 2663 390 2697; x_wconf 84' lang='grc' dir='ltr'>των</span> <span class='ocrx_word' id='word_1_210' title='bbox 419 2644 757 2713; x_wconf 71' lang='grc' dir='ltr'>πλεονασμος</span> <span class='ocrx_word' id='word_1_211' title='bbox 785 2642 879 2695; x_wconf 78' lang='grc' dir='ltr'>καὶ</span> <span class='ocrx_word' id='word_1_212' title='bbox 907 2641 1265 2710; x_wconf 79' lang='grc' dir='ltr'>ἐπηκολούθει</span> <span class='ocrx_word' id='word_1_213' title='bbox 1296 2641 1361 2695; x_wconf 82' lang='grc' dir='ltr'>ἂν</span> <span class='ocrx_word' id='word_1_214' title='bbox 1389 2641 1466 2706; x_wconf 80' lang='grc' dir='ltr'>τῷ</span> <span class='ocrx_word' id='word_1_215' title='bbox 1498 2640 1608 2693; x_wconf 86' lang='grc' dir='ltr'><strong>τῶν</strong></span> <span class='ocrx_word' id='word_1_216' title='bbox 1642 2640 1871 2709; x_wconf 81' lang='grc' dir='ltr'>ίδιωμὰ-</span> 
     </span>
    </p>
   </div>
   <div class='ocr_carea' id='block_1_29' title="bbox 277 2733 1872 2804">
    <p class='ocr_par' dir='ltr' id='par_1_29' title="bbox 277 2733 1872 2804">
     <span class='ocr_line' id='line_1_29' title="bbox 277 2733 1872 2804; baseline -0.002 -16"><span class='ocrx_word' id='word_1_217' title='bbox 277 2754 391 2789; x_wconf 81' lang='grc' dir='ltr'>των</span> <span class='ocrx_word' id='word_1_218' title='bbox 440 2734 649 2788; x_wconf 86' lang='grc' dir='ltr'>τούτων</span> <span class='ocrx_word' id='word_1_219' title='bbox 702 2734 1030 2804; x_wconf 80' lang='grc' dir='ltr'>πλεονασμῷ</span> <span class='ocrx_word' id='word_1_220' title='bbox 1076 2735 1172 2787; x_wconf 73' lang='grc' dir='ltr'>καὶ</span> <span class='ocrx_word' id='word_1_221' title='bbox 1219 2734 1280 2786; x_wconf 82' lang='grc' dir='ltr'><strong>τὸ</strong></span> <span class='ocrx_word' id='word_1_222' title='bbox 1330 2733 1539 2786; x_wconf 81' lang='grc' dir='ltr'>πλείοσι</span> <span class='ocrx_word' id='word_1_223' title='bbox 1591 2734 1872 2802; x_wconf 72' lang='grc' dir='ltr'>διαφοραῖς</span> 
     </span>
    </p>
   </div>
   <div class='ocr_carea' id='block_1_30' title="bbox 275 2825 1869 2897">
    <p class='ocr_par' dir='ltr' id='par_1_30' title="bbox 275 2825 1869 2897">
     <span class='ocr_line' id='line_1_30' title="bbox 275 2825 1869 2897; baseline -0.003 -15"><span class='ocrx_word' id='word_1_224' title='bbox 275 2826 695 2882; x_wconf 79' lang='grc' dir='ltr'>διαστέλλεσθαι</span> <span class='ocrx_word' id='word_1_225' title='bbox 727 2828 785 2879; x_wconf 71' lang='grc' dir='ltr'>τὸ</span> <span class='ocrx_word' id='word_1_226' title='bbox 817 2827 1041 2896; x_wconf 79' lang='grc' dir='ltr'>Πνεῦμα</span> <span class='ocrx_word' id='word_1_227' title='bbox 1069 2825 1162 2879; x_wconf 89' lang='grc' dir='ltr'><strong>τοῦ</strong></span> <span class='ocrx_word' id='word_1_228' title='bbox 1197 2826 1407 2895; x_wconf 74' lang='grc' dir='ltr'>[ἰατρὸς</span> <span class='ocrx_word' id='word_1_229' title='bbox 1433 2827 1578 2897; x_wconf 77' lang='grc' dir='ltr'>ἤπερ</span> <span class='ocrx_word' id='word_1_230' title='bbox 1606 2827 1695 2879; x_wconf 74' lang='grc' dir='ltr'>τὸν</span> <span class='ocrx_word' id='word_1_231' title='bbox 1721 2828 1869 2892; x_wconf 79' lang='grc' dir='ltr'>Υίὸν,</span> 
     </span>
    </p>
   </div>
   <div class='ocr_carea' id='block_1_31' title="bbox 282 2919 1872 2989">
    <p class='ocr_par' dir='ltr' id='par_1_31' title="bbox 282 2919 1872 2989">
     <span class='ocr_line' id='line_1_31' title="bbox 282 2919 1872 2989; baseline -0.001 -15"><span class='ocrx_word' id='word_1_232' title='bbox 282 2922 381 2974; x_wconf 74' lang='grc' dir='ltr'><strong>καὶ</strong></span> <span class='ocrx_word' id='word_1_233' title='bbox 416 2920 484 2972; x_wconf 79' lang='grc' dir='ltr'>τὰ</span> <span class='ocrx_word' id='word_1_234' title='bbox 537 2919 669 2972; x_wconf 80' lang='grc' dir='ltr'>ἄλλα</span> <span class='ocrx_word' id='word_1_235' title='bbox 699 2920 797 2972; x_wconf 84' lang='grc' dir='ltr'>ὃσα</span> <span class='ocrx_word' id='word_1_236' title='bbox 832 2921 897 2972; x_wconf 75' lang='grc' dir='ltr'>ἐκ</span> <span class='ocrx_word' id='word_1_237' title='bbox 930 2919 1026 2989; x_wconf 83' lang='grc' dir='ltr'>τῆς</span> <span class='ocrx_word' id='word_1_238' title='bbox 1078 2919 1270 2988; x_wconf 74' lang='grc' dir='ltr'>διπλῆς</span> <span class='ocrx_word' id='word_1_239' title='bbox 1318 2919 1698 2988; x_wconf 78' lang='grc' dir='ltr'>ὲκπορεύσεως</span> <span class='ocrx_word' id='word_1_240' title='bbox 1743 2921 1872 2973; x_wconf 81' lang='grc' dir='ltr'>ἀνα-</span> 
     </span>
    </p>
   </div>
   <div class='ocr_carea' id='block_1_32' title="bbox 283 3010 1874 3084">
    <p class='ocr_par' dir='ltr' id='par_1_32' title="bbox 283 3010 1874 3084">
     <span class='ocr_line' id='line_1_32' title="bbox 283 3010 1874 3084; baseline -0.003 -17"><span class='ocrx_word' id='word_1_241' title='bbox 283 3014 579 3084; x_wconf 73' lang='grc' dir='ltr'>φαίνεσθαι</span> <span class='ocrx_word' id='word_1_242' title='bbox 635 3013 968 3084; x_wconf 73' lang='grc' dir='ltr'>ἀπαριθμεῖς</span> <span class='ocrx_word' id='word_1_243' title='bbox 1018 3014 1236 3066; x_wconf 63' lang='grc' dir='ltr'>ἄτοπον</span> <span class='ocrx_word' id='word_1_244' title='bbox 1288 3011 1382 3064; x_wconf 87' lang='grc' dir='ltr'><strong>νῦν</strong></span> <span class='ocrx_word' id='word_1_245' title='bbox 1433 3010 1479 3062; x_wconf 83' lang='grc' dir='ltr'>δ’</span> <span class='ocrx_word' id='word_1_246' title='bbox 1515 3012 1596 3064; x_wconf 77' lang='grc' dir='ltr'>ὅτι</span> <span class='ocrx_word' id='word_1_247' title='bbox 1637 3014 1736 3081; x_wconf 88' lang='grc' dir='ltr'><strong>μία</strong></span> <span class='ocrx_word' id='word_1_248' title='bbox 1791 3013 1874 3076; x_wconf 83' lang='grc' dir='ltr'><strong>τίς</strong></span> 
     </span>
    </p>
   </div>
   <div class='ocr_carea' id='block_1_33' title="bbox 281 3103 1873 3177">
    <p class='ocr_par' dir='ltr' id='par_1_33' title="bbox 281 3103 1873 3177">
     <span class='ocr_line' id='line_1_33' title="bbox 281 3103 1873 3177; baseline -0.003 -15"><span class='ocrx_word' id='word_1_249' title='bbox 281 3113 407 3162; x_wconf 70' lang='grc' dir='ltr'>ἐστι</span> <span class='ocrx_word' id='word_1_250' title='bbox 446 3110 539 3162; x_wconf 73' lang='grc' dir='ltr'><strong>καὶ</strong></span> <span class='ocrx_word' id='word_1_251' title='bbox 575 3107 721 3177; x_wconf 80' lang='grc' dir='ltr'>ἁπλὴ</span> <span class='ocrx_word' id='word_1_252' title='bbox 755 3108 788 3177; x_wconf 78' lang='grc' dir='ltr'>ἡ</span> <span class='ocrx_word' id='word_1_253' title='bbox 822 3107 886 3158; x_wconf 80' lang='grc' dir='ltr'>ἐκ</span> <span class='ocrx_word' id='word_1_254' title='bbox 919 3104 1133 3176; x_wconf 78' lang='grc' dir='ltr'>Πατρὸς</span> <span class='ocrx_word' id='word_1_255' title='bbox 1176 3104 1501 3172; x_wconf 76' lang='grc' dir='ltr'>ἐκπόρευσις</span> <span class='ocrx_word' id='word_1_256' title='bbox 1530 3104 1594 3156; x_wconf 83' lang='grc' dir='ltr'>δι’</span> <span class='ocrx_word' id='word_1_257' title='bbox 1620 3103 1749 3157; x_wconf 88' lang='grc' dir='ltr'>Υἱοῦ</span> <span class='ocrx_word' id='word_1_258' title='bbox 1780 3104 1873 3157; x_wconf 81' lang='grc' dir='ltr'><strong>τοῦ</strong></span> 
     </span>
    </p>
   </div>
   <div class='ocr_carea' id='block_1_34' title="bbox 284 3194 1948 3296">
    <p class='ocr_par' dir='ltr' id='par_1_34' title="bbox 284 3194 1948 3296">
     <span class='ocr_line' id='line_1_34' title="bbox 284 3194 1948 3296; baseline -0.002 -43"><span class='ocrx_word' id='word_1_259' title='bbox 284 3199 613 3268; x_wconf 78' lang='grc' dir='ltr'>Πνεύματος</span> <span class='ocrx_word' id='word_1_260' title='bbox 645 3198 741 3250; x_wconf 88' lang='grc' dir='ltr'><strong>τοῦ</strong></span> <span class='ocrx_word' id='word_1_261' title='bbox 778 3196 955 3264; x_wconf 85' lang='grc' dir='ltr'>ἁγίου,</span> <span class='ocrx_word' id='word_1_262' title='bbox 986 3195 1109 3247; x_wconf 72' lang='grc' dir='ltr'>οὔτε</span> <span class='ocrx_word' id='word_1_263' title='bbox 1135 3194 1298 3248; x_wconf 74' lang='grc' dir='ltr'>διπλᾶ</span> <span class='ocrx_word' id='word_1_264' title='bbox 1320 3197 1426 3248; x_wconf 90' lang='grc' dir='ltr'>είσι</span> <span class='ocrx_word' id='word_1_265' title='bbox 1453 3196 1519 3247; x_wconf 74' lang='grc' dir='ltr'>τὰ</span> <span class='ocrx_word' id='word_1_266' title='bbox 1546 3195 1875 3265; x_wconf 66' lang='grc' dir='ltr'>ἀφορίζοντα</span> <span class='ocrx_word' id='word_1_267' title='bbox 1904 3234 1948 3296; x_wconf 79' lang='lat' dir='ltr'>C</span> 
     </span>
    </p>
   </div>
   <div class='ocr_carea' id='block_1_35' title="bbox 279 3284 1879 3361">
    <p class='ocr_par' dir='ltr' id='par_1_35' title="bbox 279 3284 1879 3361">
     <span class='ocr_line' id='line_1_35' title="bbox 279 3284 1879 3361; baseline -0.004 -16"><span class='ocrx_word' id='word_1_268' title='bbox 279 3293 381 3345; x_wconf 82' lang='grc' dir='ltr'><strong>τοῦ</strong></span> <span class='ocrx_word' id='word_1_269' title='bbox 422 3292 635 3361; x_wconf 58' lang='lat' dir='ltr'><strong>Harpe;</strong></span> <span class='ocrx_word' id='word_1_270' title='bbox 665 3290 724 3342; x_wconf 74' lang='grc' dir='ltr'><strong>τὸ</strong></span> <span class='ocrx_word' id='word_1_271' title='bbox 760 3287 986 3357; x_wconf 79' lang='grc' dir='ltr'>Πνεῦμα</span> <span class='ocrx_word' id='word_1_272' title='bbox 1040 3288 1324 3356; x_wconf 72' lang='grc' dir='ltr'>ἰδιώματα,</span> <span class='ocrx_word' id='word_1_273' title='bbox 1359 3284 1482 3339; x_wconf 71' lang='grc' dir='ltr'>οὔτε</span> <span class='ocrx_word' id='word_1_274' title='bbox 1522 3288 1581 3338; x_wconf 68' lang='grc' dir='ltr'>τὸ</span> <span class='ocrx_word' id='word_1_275' title='bbox 1637 3287 1879 3355; x_wconf 80' lang='grc' dir='ltr'>ἰσότιμον</span> 
     </span>
    </p>
   </div>
   <div class='ocr_carea' id='block_1_36' title="bbox 278 3376 1879 3453">
    <p class='ocr_par' dir='ltr' id='par_1_36' title="bbox 278 3376 1879 3453">
     <span class='ocr_line' id='line_1_36' title="bbox 278 3376 1879 3453; baseline -0.004 -16"><span class='ocrx_word' id='word_1_276' title='bbox 278 3384 657 3453; x_wconf 76' lang='grc' dir='ltr'>δυσφημεῖται</span> <span class='ocrx_word' id='word_1_277' title='bbox 708 3380 935 3448; x_wconf 84' lang='grc' dir='ltr'>Πνεῦμα</span> <span class='ocrx_word' id='word_1_278' title='bbox 964 3377 1178 3447; x_wconf 77' lang='grc' dir='ltr'>θατέρῳ</span> <span class='ocrx_word' id='word_1_279' title='bbox 1232 3376 1437 3430; x_wconf 85' lang='grc' dir='ltr'>τούτων</span> <span class='ocrx_word' id='word_1_280' title='bbox 1479 3376 1879 3447; x_wconf 69' lang='grc' dir='ltr'>ὑποϐεϐηκέναι</span> 
     </span>
    </p>
   </div>
   <div class='ocr_carea' id='block_1_37' title="bbox 287 3469 1878 3559">
    <p class='ocr_par' dir='ltr' id='par_1_37' title="bbox 287 3469 1878 3559">
     <span class='ocr_line' id='line_1_37' title="bbox 287 3469 1878 3559; baseline -0.006 -28"><span class='ocrx_word' id='word_1_281' title='bbox 287 3478 388 3531; x_wconf 85' lang='grc' dir='ltr'><strong>τοῦ</strong></span> <span class='ocrx_word' id='word_1_282' title='bbox 420 3474 551 3559; x_wconf 76' lang='grc' dir='ltr'>Υίοῦ</span> <span class='ocrx_word' id='word_1_283' title='bbox 579 3475 679 3543; x_wconf 76' lang='grc' dir='ltr'>τῆς</span> <span class='ocrx_word' id='word_1_284' title='bbox 704 3471 979 3543; x_wconf 79' lang='grc' dir='ltr'>ὀμοφυοῦς</span> <span class='ocrx_word' id='word_1_285' title='bbox 1010 3472 1145 3539; x_wconf 71' lang='grc' dir='ltr'>πρὸς</span> <span class='ocrx_word' id='word_1_286' title='bbox 1167 3470 1259 3522; x_wconf 70' lang='grc' dir='ltr'>τὶν</span> <span class='ocrx_word' id='word_1_287' title='bbox 1291 3469 1510 3539; x_wconf 82' lang='grc' dir='ltr'>Πατέρα</span> <span class='ocrx_word' id='word_1_288' title='bbox 1536 3469 1878 3538; x_wconf 77' lang='grc' dir='ltr'>συγγενείας,</span> 
     </span>
    </p>
   </div>
   <div class='ocr_carea' id='block_1_38' title="bbox 281 3560 1879 3631">
    <p class='ocr_par' dir='ltr' id='par_1_38' title="bbox 281 3560 1879 3631">
     <span class='ocr_line' id='line_1_38' title="bbox 281 3560 1879 3631; baseline -0.004 -11"><span class='ocrx_word' id='word_1_289' title='bbox 281 3567 383 3621; x_wconf 64' lang='grc' dir='ltr'><strong>καὶ⁵</strong></span> <span class='ocrx_word' id='word_1_290' title='bbox 450 3566 540 3618; x_wconf 82' lang='grc' dir='ltr'>διὰ</span> <span class='ocrx_word' id='word_1_291' title='bbox 599 3564 771 3618; x_wconf 87' lang='grc' dir='ltr'>ταῦτα</span> <span class='ocrx_word' id='word_1_292' title='bbox 816 3563 928 3616; x_wconf 85' lang='grc' dir='ltr'>οὐδ’</span> <span class='ocrx_word' id='word_1_293' title='bbox 990 3563 1025 3631; x_wconf 77' lang='grc' dir='ltr'>ἡ</span> <span class='ocrx_word' id='word_1_294' title='bbox 1072 3560 1166 3613; x_wconf 84' lang='grc' dir='ltr'><strong>τοῦ</strong></span> <span class='ocrx_word' id='word_1_295' title='bbox 1233 3560 1566 3613; x_wconf 84' lang='grc' dir='ltr'>Μακεδονίου</span> <span class='ocrx_word' id='word_1_296' title='bbox 1612 3561 1751 3615; x_wconf 77' lang='grc' dir='ltr'>κατα</span> <span class='ocrx_word' id='word_1_297' title='bbox 1784 3560 1879 3613; x_wconf 90' lang='grc' dir='ltr'><strong>τοῦ</strong></span> 
     </span>
    </p>
   </div>
   <div class='ocr_carea' id='block_1_39' title="bbox 281 3650 1880 3726">
    <p class='ocr_par' dir='ltr' id='par_1_39' title="bbox 281 3650 1880 3726">
     <span class='ocr_line' id='line_1_39' title="bbox 281 3650 1880 3726; baseline -0.004 -16"><span class='ocrx_word' id='word_1_298' title='bbox 281 3656 611 3726; x_wconf 78' lang='grc' dir='ltr'>Πνεῦματος</span> <span class='ocrx_word' id='word_1_299' title='bbox 662 3652 916 3707; x_wconf 69' lang='grc' dir='ltr'>ἀναδύσει</span> <span class='ocrx_word' id='word_1_300' title='bbox 964 3650 1158 3706; x_wconf 83' lang='grc' dir='ltr'>λύσσα.</span> <span class='ocrx_word' id='word_1_301' title='bbox 1202 3652 1308 3702; x_wconf 76' lang='grc' dir='ltr'>Καὶ</span> <span class='ocrx_word' id='word_1_302' title='bbox 1359 3650 1562 3716; x_wconf 70' lang='grc' dir='ltr'>πάλιν,</span> <span class='ocrx_word' id='word_1_303' title='bbox 1615 3651 1710 3702; x_wconf 59' lang='grc' dir='ltr'><strong>καὶ⁹</strong></span> <span class='ocrx_word' id='word_1_304' title='bbox 1760 3651 1880 3703; x_wconf 71' lang='grc' dir='ltr'>οὐδὲ</span> 
     </span>
    </p>
   </div>
   <div class='ocr_carea' id='block_1_40' title="bbox 280 3740 1879 3817">
    <p class='ocr_par' dir='ltr' id='par_1_40' title="bbox 280 3740 1879 3817">
     <span class='ocr_line' id='line_1_40' title="bbox 280 3740 1879 3817; baseline -0.004 -16"><span class='ocrx_word' id='word_1_305' title='bbox 280 3750 383 3805; x_wconf 71' lang='grc' dir='ltr'><strong>τοῦ</strong></span> <span class='ocrx_word' id='word_1_306' title='bbox 422 3746 736 3817; x_wconf 71' lang='grc' dir='ltr'>Πνεύματός</span> <span class='ocrx_word' id='word_1_307' title='bbox 772 3748 887 3797; x_wconf 77' lang='grc' dir='ltr'>ἐστι</span> <span class='ocrx_word' id='word_1_308' title='bbox 912 3743 972 3796; x_wconf 84' lang='grc' dir='ltr'><strong>τὸ</strong></span> <span class='ocrx_word' id='word_1_309' title='bbox 1021 3744 1101 3806; x_wconf 89' lang='grc' dir='ltr'><strong>είς</strong></span> <span class='ocrx_word' id='word_1_310' title='bbox 1138 3741 1310 3812; x_wconf 78' lang='grc' dir='ltr'>ἀρχὰς</span> <span class='ocrx_word' id='word_1_311' title='bbox 1360 3740 1729 3809; x_wconf 46' lang='grc' dir='ltr'>ἁναρὲρεσθαι</span> <span class='ocrx_word' id='word_1_312' title='bbox 1760 3742 1879 3795; x_wconf 88' lang='grc' dir='ltr'>δ.α-</span> 
     </span>
    </p>
   </div>
   <div class='ocr_carea' id='block_1_41' title="bbox 284 3833 1879 3914">
    <p class='ocr_par' dir='ltr' id='par_1_41' title="bbox 284 3833 1879 3914">
     <span class='ocr_line' id='line_1_41' title="bbox 284 3833 1879 3914; baseline -0.006 -18"><span class='ocrx_word' id='word_1_313' title='bbox 284 3845 519 3914; x_wconf 75' lang='grc' dir='ltr'>φόρους,</span> <span class='ocrx_word' id='word_1_314' title='bbox 554 3839 752 3893; x_wconf 81' lang='grc' dir='ltr'>ὁπόθεν</span> <span class='ocrx_word' id='word_1_315' title='bbox 796 3834 1085 3890; x_wconf 86' lang='grc' dir='ltr'>ἀκολουθεί</span> <span class='ocrx_word' id='word_1_316' title='bbox 1130 3835 1191 3886; x_wconf 70' lang='grc' dir='ltr'>τὸ</span> <span class='ocrx_word' id='word_1_317' title='bbox 1221 3836 1299 3898; x_wconf 82' lang='grc' dir='ltr'>εἰς</span> <span class='ocrx_word' id='word_1_318' title='bbox 1358 3833 1660 3903; x_wconf 80' lang='grc' dir='ltr'>πολύαρχον</span> <span class='ocrx_word' id='word_1_319' title='bbox 1704 3834 1879 3905; x_wconf 84' lang='grc' dir='ltr'>ἀρχὴν</span> 
     </span>
    </p>
   </div>
   <div class='ocr_carea' id='block_1_42' title="bbox 284 3927 849 4001">
    <p class='ocr_par' dir='ltr' id='par_1_42' title="bbox 284 3927 849 4001">
     <span class='ocr_line' id='line_1_42' title="bbox 284 3927 849 4001; baseline -0.014 -11"><span class='ocrx_word' id='word_1_320' title='bbox 284 3934 425 3991; x_wconf 63' lang='grc' dir='ltr'>αὐτὸ</span> <span class='ocrx_word' id='word_1_321' title='bbox 456 3927 849 4001; x_wconf 74' lang='grc' dir='ltr'>ἀναφέρεσθαι.</span> 
     </span>
    </p>
   </div>
   <div class='ocr_carea' id='block_1_43' title="bbox 362 4019 1881 4090">
    <p class='ocr_par' dir='ltr' id='par_1_43' title="bbox 362 4019 1881 4090">
     <span class='ocr_line' id='line_1_43' title="bbox 362 4019 1881 4090; baseline -0.004 -10"><span class='ocrx_word' id='word_1_322' title='bbox 362 4025 569 4080; x_wconf 78' lang='grc' dir='ltr'>Ἐτιδὲ</span> <span class='ocrx_word' id='word_1_323' title='bbox 621 4026 668 4076; x_wconf 88' lang='grc' dir='ltr'><strong>εί</strong></span> <span class='ocrx_word' id='word_1_324' title='bbox 717 4023 807 4075; x_wconf 82' lang='grc' dir='ltr'>διὰ</span> <span class='ocrx_word' id='word_1_325' title='bbox 856 4021 917 4074; x_wconf 68' lang='grc' dir='ltr'>τὸ</span> <span class='ocrx_word' id='word_1_326' title='bbox 952 4023 1230 4074; x_wconf 78' lang='grc' dir='ltr'>κοινωνεῖν</span> <span class='ocrx_word' id='word_1_327' title='bbox 1257 4019 1348 4074; x_wconf 79' lang='grc' dir='ltr'><strong>τὸν</strong></span> <span class='ocrx_word' id='word_1_328' title='bbox 1396 4019 1523 4073; x_wconf 79' lang='grc' dir='ltr'>Υίδν</span> <span class='ocrx_word' id='word_1_329' title='bbox 1575 4019 1653 4090; x_wconf 85' lang='grc' dir='ltr'>τῷ</span> <span class='ocrx_word' id='word_1_330' title='bbox 1705 4020 1881 4090; x_wconf 71' lang='grc' dir='ltr'>Πατρὶ</span> 
     </span>
    </p>
   </div>
   <div class='ocr_carea' id='block_1_44' title="bbox 284 4112 1880 4183">
    <p class='ocr_par' dir='ltr' id='par_1_44' title="bbox 284 4112 1880 4183">
     <span class='ocr_line' id='line_1_44' title="bbox 284 4112 1880 4183; baseline -0.006 -9"><span class='ocrx_word' id='word_1_331' title='bbox 284 4122 433 4174; x_wconf 71' lang='grc' dir='ltr'>κατὰ</span> <span class='ocrx_word' id='word_1_332' title='bbox 463 4120 527 4171; x_wconf 78' lang='grc' dir='ltr'>τὸ</span> <span class='ocrx_word' id='word_1_333' title='bbox 558 4117 649 4170; x_wconf 78' lang='grc' dir='ltr'>διὰ</span> <span class='ocrx_word' id='word_1_334' title='bbox 672 4116 762 4169; x_wconf 89' lang='grc' dir='ltr'><strong>τοῦ</strong></span> <span class='ocrx_word' id='word_1_335' title='bbox 796 4112 927 4166; x_wconf 86' lang='grc' dir='ltr'>Υἱοῦ</span> <span class='ocrx_word' id='word_1_336' title='bbox 962 4116 1026 4167; x_wconf 82' lang='grc' dir='ltr'>ὲκ</span> <span class='ocrx_word' id='word_1_337' title='bbox 1056 4112 1150 4167; x_wconf 87' lang='grc' dir='ltr'><strong>τοῦ</strong></span> <span class='ocrx_word' id='word_1_338' title='bbox 1181 4114 1391 4182; x_wconf 68' lang='grc' dir='ltr'>Πατρὸς</span> <span class='ocrx_word' id='word_1_339' title='bbox 1425 4114 1556 4165; x_wconf 68' lang='grc' dir='ltr'>αὐτὸ</span> <span class='ocrx_word' id='word_1_340' title='bbox 1582 4112 1880 4183; x_wconf 75' lang='grc' dir='ltr'>ἐκπορεύε-</span> 
     </span>
    </p>
   </div>
   <div class='ocr_carea' id='block_1_45' title="bbox 285 4205 1879 4279">
    <p class='ocr_par' dir='ltr' id='par_1_45' title="bbox 285 4205 1879 4279">
     <span class='ocr_line' id='line_1_45' title="bbox 285 4205 1879 4279; baseline -0.007 -11"><span class='ocrx_word' id='word_1_341' title='bbox 285 4214 417 4267; x_wconf 74' lang='grc' dir='ltr'>σθαι</span> <span class='ocrx_word' id='word_1_342' title='bbox 454 4212 553 4279; x_wconf 74' lang='grc' dir='ltr'>τῆς</span> <span class='ocrx_word' id='word_1_343' title='bbox 599 4207 717 4261; x_wconf 85' lang='grc' dir='ltr'>κατ’</span> <span class='ocrx_word' id='word_1_344' title='bbox 748 4205 939 4259; x_wconf 75' lang='grc' dir='ltr'>οὐσίαν</span> <span class='ocrx_word' id='word_1_345' title='bbox 978 4206 1254 4275; x_wconf 78' lang='grc' dir='ltr'>πατρικῆς</span> <span class='ocrx_word' id='word_1_346' title='bbox 1305 4206 1625 4274; x_wconf 79' lang='grc' dir='ltr'>συγγενείας</span> <span class='ocrx_word' id='word_1_347' title='bbox 1663 4206 1724 4257; x_wconf 73' lang='grc' dir='ltr'>τὸ</span> <span class='ocrx_word' id='word_1_348' title='bbox 1747 4209 1879 4275; x_wconf 77' lang='grc' dir='ltr'>ὀμο-</span> 
     </span>
    </p>
   </div>
   <div class='ocr_carea' id='block_1_46' title="bbox 283 4297 1878 4371">
    <p class='ocr_par' dir='ltr' id='par_1_46' title="bbox 283 4297 1878 4371">
     <span class='ocr_line' id='line_1_46' title="bbox 283 4297 1878 4371; baseline -0.006 -12"><span class='ocrx_word' id='word_1_349' title='bbox 283 4309 471 4359; x_wconf 70' lang='grc' dir='ltr'>ούσιον</span> <span class='ocrx_word' id='word_1_350' title='bbox 498 4301 719 4371; x_wconf 82' lang='grc' dir='ltr'>Πνεῦμα</span> <span class='ocrx_word' id='word_1_351' title='bbox 750 4297 1171 4369; x_wconf 77' lang='grc' dir='ltr'>ύπερορίζεσθαι</span> <span class='ocrx_word' id='word_1_352' title='bbox 1200 4298 1322 4361; x_wconf 77' lang='grc' dir='ltr'>οἴει,</span> <span class='ocrx_word' id='word_1_353' title='bbox 1353 4297 1427 4361; x_wconf 89' lang='grc' dir='ltr'>ὼς</span> <span class='ocrx_word' id='word_1_354' title='bbox 1462 4300 1537 4366; x_wconf 81' lang='grc' dir='ltr'>μὴ</span> <span class='ocrx_word' id='word_1_355' title='bbox 1564 4297 1659 4368; x_wconf 74' lang='grc' dir='ltr'>τῆς</span> <span class='ocrx_word' id='word_1_356' title='bbox 1688 4314 1878 4350; x_wconf 86' lang='grc' dir='ltr'>κοινω-</span> 
     </span>
    </p>
   </div>
   <div class='ocr_carea' id='block_1_47' title="bbox 284 4390 1880 4464">
    <p class='ocr_par' dir='ltr' id='par_1_47' title="bbox 284 4390 1880 4464">
     <span class='ocr_line' id='line_1_47' title="bbox 284 4390 1880 4464; baseline -0.007 -13"><span class='ocrx_word' id='word_1_357' title='bbox 284 4401 412 4459; x_wconf 83' lang='grc' dir='ltr'>νίας</span> <span class='ocrx_word' id='word_1_358' title='bbox 448 4396 653 4464; x_wconf 82' lang='grc' dir='ltr'>ταύτης</span> <span class='ocrx_word' id='word_1_359' title='bbox 677 4395 789 4455; x_wconf 86' lang='grc' dir='ltr'>τοῖς</span> <span class='ocrx_word' id='word_1_360' title='bbox 826 4391 1136 4462; x_wconf 84' lang='grc' dir='ltr'>ὁμοουσίοις</span> <span class='ocrx_word' id='word_1_361' title='bbox 1160 4390 1328 4443; x_wconf 87' lang='grc' dir='ltr'>αὑτοῦ</span> <span class='ocrx_word' id='word_1_362' title='bbox 1378 4392 1626 4458; x_wconf 79' lang='grc' dir='ltr'>μετέχον,</span> <span class='ocrx_word' id='word_1_363' title='bbox 1658 4390 1779 4443; x_wconf 89' lang='grc' dir='ltr'>τότε</span> <span class='ocrx_word' id='word_1_364' title='bbox 1814 4392 1880 4442; x_wconf 79' lang='grc' dir='ltr'><strong>ἂν</strong></span> 
     </span>
    </p>
   </div>
   <div class='ocr_carea' id='block_1_48' title="bbox 286 4477 1881 4556">
    <p class='ocr_par' dir='ltr' id='par_1_48' title="bbox 286 4477 1881 4556">
     <span class='ocr_line' id='line_1_48' title="bbox 286 4477 1881 4556; baseline -0.005 -17"><span class='ocrx_word' id='word_1_365' title='bbox 286 4484 407 4556; x_wconf 79' lang='grc' dir='ltr'>εἶχε</span> <span class='ocrx_word' id='word_1_366' title='bbox 441 4486 502 4538; x_wconf 83' lang='grc' dir='ltr'><strong>τὸ</strong></span> <span class='ocrx_word' id='word_1_367' title='bbox 540 4485 779 4553; x_wconf 79' lang='grc' dir='ltr'>ίσχυρὸν,</span> <span class='ocrx_word' id='word_1_368' title='bbox 809 4482 900 4535; x_wconf 84' lang='grc' dir='ltr'><strong>ὅτε</strong></span> <span class='ocrx_word' id='word_1_369' title='bbox 950 4478 1119 4549; x_wconf 82' lang='grc' dir='ltr'>μηδέν</span> <span class='ocrx_word' id='word_1_370' title='bbox 1152 4496 1205 4532; x_wconf 86' lang='grc' dir='ltr'><strong>τι</strong></span> <span class='ocrx_word' id='word_1_371' title='bbox 1242 4481 1493 4549; x_wconf 81' lang='grc' dir='ltr'>μηδόλως</span> <span class='ocrx_word' id='word_1_372' title='bbox 1527 4477 1596 4550; x_wconf 80' lang='grc' dir='ltr'>ἦν</span> <span class='ocrx_word' id='word_1_373' title='bbox 1629 4480 1881 4551; x_wconf 81' lang='grc' dir='ltr'>εὑρίσκε-</span> 
     </span>
    </p>
   </div>
   <div class='ocr_carea' id='block_1_49' title="bbox 1967 604 3550 677">
    <p class='ocr_par' dir='ltr' id='par_1_49' title="bbox 1967 604 3550 677">
     <span class='ocr_line' id='line_1_49' title="bbox 1967 604 3550 677; baseline 0.001 -16"><span class='ocrx_word' id='word_1_374' title='bbox 1967 624 2058 675; x_wconf 79' lang='lat' dir='ltr'><strong>per</strong></span> <span class='ocrx_word' id='word_1_375' title='bbox 2083 606 2282 661; x_wconf 75' lang='lat' dir='ltr'><strong>Filium</strong></span> <span class='ocrx_word' id='word_1_376' title='bbox 2316 609 2687 675; x_wconf 78' lang='lat' dir='ltr'><strong>produrtorem</strong></span> <span class='ocrx_word' id='word_1_377' title='bbox 2724 607 3119 675; x_wconf 70' lang='lat' dir='ltr'><strong>manifestantis</strong></span> <span class='ocrx_word' id='word_1_378' title='bbox 3155 604 3388 675; x_wconf 75' lang='lat' dir='ltr'><strong>Spiritus</strong></span> <span class='ocrx_word' id='word_1_379' title='bbox 3413 625 3550 677; x_wconf 73' lang='lat' dir='ltr'><strong>pra--</strong></span> 
     </span>
    </p>
   </div>
   <div class='ocr_carea' id='block_1_50' title="bbox 1969 688 3551 772">
    <p class='ocr_par' dir='ltr' id='par_1_50' title="bbox 1969 688 3551 772">
     <span class='ocr_line' id='line_1_50' title="bbox 1969 688 3551 772; baseline -0.003 -15"><span class='ocrx_word' id='word_1_380' title='bbox 1969 702 2216 767; x_wconf 78' lang='lat' dir='ltr'><strong>dicanti;</strong></span> <span class='ocrx_word' id='word_1_381' title='bbox 2282 713 2335 756; x_wconf 91' lang='lat' dir='ltr'><strong>ct</strong></span> <span class='ocrx_word' id='word_1_382' title='bbox 2386 704 2512 772; x_wconf 83' lang='lat' dir='ltr'><strong>quia</strong></span> <span class='ocrx_word' id='word_1_383' title='bbox 2577 702 2817 772; x_wconf 78' lang='lat' dir='ltr'><strong>Spiritus</strong></span> <span class='ocrx_word' id='word_1_384' title='bbox 2870 688 3117 771; x_wconf 74' lang='lat' dir='ltr'><strong>procedit</strong></span> <span class='ocrx_word' id='word_1_385' title='bbox 3174 717 3268 772; x_wconf 88' lang='lat' dir='ltr'><strong>per</strong></span> <span class='ocrx_word' id='word_1_386' title='bbox 3328 698 3551 766; x_wconf 85' lang='lat' dir='ltr'><strong>Filium,</strong></span> 
     </span>
    </p>
   </div>
   <div class='ocr_carea' id='block_1_51' title="bbox 1967 795 3552 866">
    <p class='ocr_par' dir='ltr' id='par_1_51' title="bbox 1967 795 3552 866">
     <span class='ocr_line' id='line_1_51' title="bbox 1967 795 3552 866; baseline 0 -16"><span class='ocrx_word' id='word_1_387' title='bbox 1967 797 2131 850; x_wconf 86' lang='lat' dir='ltr'><strong>etiam</strong></span> <span class='ocrx_word' id='word_1_388' title='bbox 2176 814 2241 851; x_wconf 76' lang='lat' dir='ltr'><strong>ex</strong></span> <span class='ocrx_word' id='word_1_389' title='bbox 2292 795 2431 849; x_wconf 85' lang='lat' dir='ltr'><strong>Filio</strong></span> <span class='ocrx_word' id='word_1_390' title='bbox 2465 797 2762 866; x_wconf 80' lang='lat' dir='ltr'><strong>procedere</strong></span> <span class='ocrx_word' id='word_1_391' title='bbox 2794 797 3031 861; x_wconf 87' lang='lat' dir='ltr'><strong>dicitur;</strong></span> <span class='ocrx_word' id='word_1_392' title='bbox 3090 805 3144 851; x_wconf 89' lang='lat' dir='ltr'><strong>et</strong></span> <span class='ocrx_word' id='word_1_393' title='bbox 3180 798 3308 866; x_wconf 84' lang='lat' dir='ltr'><strong>quia</strong></span> <span class='ocrx_word' id='word_1_394' title='bbox 3346 796 3552 865; x_wconf 89' lang='lat' dir='ltr'><strong>absque</strong></span> 
     </span>
    </p>
   </div>
   <div class='ocr_carea' id='block_1_52' title="bbox 1968 887 3555 959">
    <p class='ocr_par' dir='ltr' id='par_1_52' title="bbox 1968 887 3555 959">
     <span class='ocr_line' id='line_1_52' title="bbox 1968 887 3555 959; baseline 0 -18"><span class='ocrx_word' id='word_1_395' title='bbox 1968 887 2240 943; x_wconf 60' lang='lat' dir='ltr'><strong>divisione</strong></span> <span class='ocrx_word' id='word_1_396' title='bbox 2292 888 2342 942; x_wconf 90' lang='lat' dir='ltr'><strong>id</strong></span> <span class='ocrx_word' id='word_1_397' title='bbox 2381 890 2460 952; x_wconf 83' lang='lat' dir='ltr'><strong>lit,</strong></span> <span class='ocrx_word' id='word_1_398' title='bbox 2496 889 2725 943; x_wconf 88' lang='lat' dir='ltr'><strong>minime</strong></span> <span class='ocrx_word' id='word_1_399' title='bbox 2753 888 2805 942; x_wconf 93' lang='lat' dir='ltr'><strong>in</strong></span> <span class='ocrx_word' id='word_1_400' title='bbox 2844 887 3145 959; x_wconf 81' lang='lat' dir='ltr'><strong>perfectum</strong></span> <span class='ocrx_word' id='word_1_401' title='bbox 3175 900 3229 941; x_wconf 81' lang='lat' dir='ltr'><strong>et</strong></span> <span class='ocrx_word' id='word_1_402' title='bbox 3262 888 3555 956; x_wconf 81' lang='lat' dir='ltr'><strong>imper(ec-</strong></span> 
     </span>
    </p>
   </div>
   <div class='ocr_carea' id='block_1_53' title="bbox 1972 981 3553 1053">
    <p class='ocr_par' dir='ltr' id='par_1_53' title="bbox 1972 981 3553 1053">
     <span class='ocr_line' id='line_1_53' title="bbox 1972 981 3553 1053; baseline 0.001 -19"><span class='ocrx_word' id='word_1_403' title='bbox 1972 992 2084 1035; x_wconf 90' lang='lat' dir='ltr'><strong>tum</strong></span> <span class='ocrx_word' id='word_1_404' title='bbox 2109 983 2321 1038; x_wconf 76' lang='lat' dir='ltr'><strong>divisus</strong></span> <span class='ocrx_word' id='word_1_405' title='bbox 2354 994 2459 1037; x_wconf 91' lang='lat' dir='ltr'><strong>est.</strong></span> <span class='ocrx_word' id='word_1_406' title='bbox 2493 981 2605 1037; x_wconf 86' lang='lat' dir='ltr'><strong>lloc</strong></span> <span class='ocrx_word' id='word_1_407' title='bbox 2637 998 2859 1053; x_wconf 87' lang='lat' dir='ltr'><strong>quoque</strong></span> <span class='ocrx_word' id='word_1_408' title='bbox 2888 996 2953 1037; x_wconf 80' lang='lat' dir='ltr'><strong>ex</strong></span> <span class='ocrx_word' id='word_1_409' title='bbox 2988 982 3239 1052; x_wconf 84' lang='lat' dir='ltr'><strong>exemplo</strong></span> <span class='ocrx_word' id='word_1_410' title='bbox 3267 982 3426 1044; x_wconf 82' lang='lat' dir='ltr'><strong>solis,</strong></span> <span class='ocrx_word' id='word_1_411' title='bbox 3460 996 3553 1036; x_wconf 55' lang='lat' dir='ltr'><strong>ra.</strong></span> 
     </span>
    </p>
   </div>
   <div class='ocr_carea' id='block_1_54' title="bbox 1969 1072 3557 1143">
    <p class='ocr_par' dir='ltr' id='par_1_54' title="bbox 1969 1072 3557 1143">
     <span class='ocr_line' id='line_1_54' title="bbox 1969 1072 3557 1143; baseline 0 -18"><span class='ocrx_word' id='word_1_412' title='bbox 1969 1072 2041 1126; x_wconf 91' lang='lat' dir='ltr'><strong>dii</strong></span> <span class='ocrx_word' id='word_1_413' title='bbox 2071 1084 2233 1143; x_wconf 87' lang='lat' dir='ltr'><strong>atque</strong></span> <span class='ocrx_word' id='word_1_414' title='bbox 2260 1074 2486 1129; x_wconf 83' lang='lat' dir='ltr'><strong>luminis</strong></span> <span class='ocrx_word' id='word_1_415' title='bbox 2517 1089 2742 1129; x_wconf 86' lang='lat' dir='ltr'><strong>cernere</strong></span> <span class='ocrx_word' id='word_1_416' title='bbox 2780 1073 2946 1129; x_wconf 90' lang='lat' dir='ltr'><strong>licet:</strong></span> <span class='ocrx_word' id='word_1_417' title='bbox 2980 1073 3165 1127; x_wconf 86' lang='lat' dir='ltr'><strong>lumen</strong></span> <span class='ocrx_word' id='word_1_418' title='bbox 3203 1074 3345 1125; x_wconf 87' lang='lat' dir='ltr'><strong>enim</strong></span> <span class='ocrx_word' id='word_1_419' title='bbox 3379 1074 3557 1126; x_wconf 86' lang='lat' dir='ltr'><strong>solare</strong></span> 
     </span>
    </p>
   </div>
   <div class='ocr_carea' id='block_1_55' title="bbox 1968 1164 3557 1236">
    <p class='ocr_par' dir='ltr' id='par_1_55' title="bbox 1968 1164 3557 1236">
     <span class='ocr_line' id='line_1_55' title="bbox 1968 1164 3557 1236; baseline 0.001 -21"><span class='ocrx_word' id='word_1_420' title='bbox 1968 1177 2066 1233; x_wconf 90' lang='lat' dir='ltr'><strong>per</strong></span> <span class='ocrx_word' id='word_1_421' title='bbox 2108 1164 2323 1220; x_wconf 86' lang='lat' dir='ltr'><strong>radium</strong></span> <span class='ocrx_word' id='word_1_422' title='bbox 2356 1166 2583 1221; x_wconf 91' lang='lat' dir='ltr'><strong>omnino</strong></span> <span class='ocrx_word' id='word_1_423' title='bbox 2624 1180 2689 1219; x_wconf 80' lang='lat' dir='ltr'><strong>ex</strong></span> <span class='ocrx_word' id='word_1_424' title='bbox 2740 1166 2894 1220; x_wconf 89' lang='lat' dir='ltr'><strong>disco</strong></span> <span class='ocrx_word' id='word_1_425' title='bbox 2938 1164 3306 1236; x_wconf 67' lang='lat' dir='ltr'><strong>progreditur,</strong></span> <span class='ocrx_word' id='word_1_426' title='bbox 3340 1180 3447 1217; x_wconf 90' lang='lat' dir='ltr'><strong>non</strong></span> <span class='ocrx_word' id='word_1_427' title='bbox 3490 1180 3557 1218; x_wconf 75' lang='lat' dir='ltr'><strong>ex</strong></span> 
     </span>
    </p>
   </div>
   <div class='ocr_carea' id='block_1_56' title="bbox 1970 1255 3559 1327">
    <p class='ocr_par' dir='ltr' id='par_1_56' title="bbox 1970 1255 3559 1327">
     <span class='ocr_line' id='line_1_56' title="bbox 1970 1255 3559 1327; baseline -0.001 -19"><span class='ocrx_word' id='word_1_428' title='bbox 1970 1255 2123 1310; x_wconf 87' lang='lat' dir='ltr'><strong>disco</strong></span> <span class='ocrx_word' id='word_1_429' title='bbox 2155 1257 2307 1324; x_wconf 86' lang='lat' dir='ltr'><strong>solo;</strong></span> <span class='ocrx_word' id='word_1_430' title='bbox 2344 1273 2519 1326; x_wconf 84' lang='lat' dir='ltr'><strong>neque</strong></span> <span class='ocrx_word' id='word_1_431' title='bbox 2555 1266 2741 1312; x_wconf 86' lang='lat' dir='ltr'><strong>tamen</strong></span> <span class='ocrx_word' id='word_1_432' title='bbox 2793 1257 3186 1327; x_wconf 77' lang='lat' dir='ltr'><strong>perfectionem</strong></span> <span class='ocrx_word' id='word_1_433' title='bbox 3215 1258 3559 1310; x_wconf 75' lang='lat' dir='ltr'><strong>causalitatis</strong></span> 
     </span>
    </p>
   </div>
   <div class='ocr_carea' id='block_1_57' title="bbox 1970 1349 3557 1418">
    <p class='ocr_par' dir='ltr' id='par_1_57' title="bbox 1970 1349 3557 1418">
     <span class='ocr_line' id='line_1_57' title="bbox 1970 1349 3557 1418; baseline -0.003 -15"><span class='ocrx_word' id='word_1_434' title='bbox 1970 1365 2037 1403; x_wconf 84' lang='lat' dir='ltr'><strong>ex</strong></span> <span class='ocrx_word' id='word_1_435' title='bbox 2081 1349 2236 1403; x_wconf 79' lang='lat' dir='ltr'><strong>disco</strong></span> <span class='ocrx_word' id='word_1_436' title='bbox 2289 1351 2342 1405; x_wconf 90' lang='lat' dir='ltr'><strong>in</strong></span> <span class='ocrx_word' id='word_1_437' title='bbox 2378 1350 2583 1404; x_wconf 88' lang='lat' dir='ltr'><strong>lumine</strong></span> <span class='ocrx_word' id='word_1_438' title='bbox 2633 1351 2867 1405; x_wconf 85' lang='lat' dir='ltr'><strong>destruit</strong></span> <span class='ocrx_word' id='word_1_439' title='bbox 2914 1353 3156 1416; x_wconf 86' lang='lat' dir='ltr'><strong>ejusdem</strong></span> <span class='ocrx_word' id='word_1_440' title='bbox 3203 1366 3297 1418; x_wconf 51' lang='lat' dir='ltr'><strong>per</strong></span> <span class='ocrx_word' id='word_1_441' title='bbox 3346 1349 3557 1402; x_wconf 77' lang='lat' dir='ltr'><strong>radium</strong></span> 
     </span>
    </p>
   </div>
   <div class='ocr_carea' id='block_1_58' title="bbox 1973 1442 3559 1514">
    <p class='ocr_par' dir='ltr' id='par_1_58' title="bbox 1973 1442 3559 1514">
     <span class='ocr_line' id='line_1_58' title="bbox 1973 1442 3559 1514; baseline 0.001 -21"><span class='ocrx_word' id='word_1_442' title='bbox 1973 1442 2311 1514; x_wconf 77' lang='lat' dir='ltr'><strong>prOgressio,</strong></span> <span class='ocrx_word' id='word_1_443' title='bbox 2375 1459 2498 1497; x_wconf 90' lang='lat' dir='ltr'><strong>eum</strong></span> <span class='ocrx_word' id='word_1_444' title='bbox 2550 1444 2674 1499; x_wconf 79' lang='lat' dir='ltr'><strong>talis</strong></span> <span class='ocrx_word' id='word_1_445' title='bbox 2726 1445 2795 1498; x_wconf 88' lang='lat' dir='ltr'><strong>sit</strong></span> <span class='ocrx_word' id='word_1_446' title='bbox 2860 1443 2995 1498; x_wconf 78' lang='lat' dir='ltr'><strong>Solis</strong></span> <span class='ocrx_word' id='word_1_447' title='bbox 3046 1454 3241 1495; x_wconf 86' lang='lat' dir='ltr'><strong>natura</strong></span> <span class='ocrx_word' id='word_1_448' title='bbox 3295 1452 3352 1493; x_wconf 92' lang='lat' dir='ltr'><strong>ut</strong></span> <span class='ocrx_word' id='word_1_449' title='bbox 3408 1442 3559 1494; x_wconf 87' lang='lat' dir='ltr'><strong>nullo</strong></span> 
     </span>
    </p>
   </div>
   <div class='ocr_carea' id='block_1_59' title="bbox 1974 1535 3562 1606">
    <p class='ocr_par' dir='ltr' id='par_1_59' title="bbox 1974 1535 3562 1606">
     <span class='ocr_line' id='line_1_59' title="bbox 1974 1535 3562 1606; baseline -0.003 -15"><span class='ocrx_word' id='word_1_450' title='bbox 1974 1547 2218 1606; x_wconf 87' lang='lat' dir='ltr'><strong>tempore</strong></span> <span class='ocrx_word' id='word_1_451' title='bbox 2260 1547 2427 1605; x_wconf 88' lang='lat' dir='ltr'><strong>atque</strong></span> <span class='ocrx_word' id='word_1_452' title='bbox 2465 1536 2646 1603; x_wconf 78' lang='lat' dir='ltr'><strong>spatio</strong></span> <span class='ocrx_word' id='word_1_453' title='bbox 2694 1538 2969 1591; x_wconf 71' lang='lat' dir='ltr'><strong>mediante</strong></span> <span class='ocrx_word' id='word_1_454' title='bbox 3023 1538 3187 1589; x_wconf 89' lang='lat' dir='ltr'><strong>simul</strong></span> <span class='ocrx_word' id='word_1_455' title='bbox 3235 1535 3449 1590; x_wconf 87' lang='lat' dir='ltr'><strong>causati</strong></span> <span class='ocrx_word' id='word_1_456' title='bbox 3490 1537 3562 1590; x_wconf 89' lang='lat' dir='ltr'><strong>sit</strong></span> 
     </span>
    </p>
   </div>
   <div class='ocr_carea' id='block_1_60' title="bbox 1972 1625 3563 1698">
    <p class='ocr_par' dir='ltr' id='par_1_60' title="bbox 1972 1625 3563 1698">
     <span class='ocr_line' id='line_1_60' title="bbox 1972 1625 3563 1698; baseline -0.001 -16"><span class='ocrx_word' id='word_1_457' title='bbox 1972 1642 2161 1691; x_wconf 83' lang='lat' dir='ltr'><strong>causa,</strong></span> <span class='ocrx_word' id='word_1_458' title='bbox 2197 1642 2431 1695; x_wconf 87' lang='lat' dir='ltr'><strong>quorum</strong></span> <span class='ocrx_word' id='word_1_459' title='bbox 2479 1625 2714 1681; x_wconf 86' lang='lat' dir='ltr'><strong>alterum</strong></span> <span class='ocrx_word' id='word_1_460' title='bbox 2751 1640 2845 1697; x_wconf 86' lang='lat' dir='ltr'><strong>per</strong></span> <span class='ocrx_word' id='word_1_461' title='bbox 2872 1628 3103 1681; x_wconf 89' lang='lat' dir='ltr'><strong>alterum</strong></span> <span class='ocrx_word' id='word_1_462' title='bbox 3134 1642 3198 1681; x_wconf 83' lang='lat' dir='ltr'><strong>ex</strong></span> <span class='ocrx_word' id='word_1_463' title='bbox 3228 1629 3404 1698; x_wconf 88' lang='lat' dir='ltr'><strong>prima</strong></span> <span class='ocrx_word' id='word_1_464' title='bbox 3438 1641 3563 1698; x_wconf 90' lang='lat' dir='ltr'><strong>pro-</strong></span> 
     </span>
    </p>
   </div>
   <div class='ocr_carea' id='block_1_61' title="bbox 1972 1718 2439 1789">
    <p class='ocr_par' dir='ltr' id='par_1_61' title="bbox 1972 1718 2439 1789">
     <span class='ocr_line' id='line_1_61' title="bbox 1972 1718 2439 1789; baseline 0.009 -20"><span class='ocrx_word' id='word_1_465' title='bbox 1972 1718 2216 1789; x_wconf 72' lang='lat' dir='ltr'><strong>greditur</strong></span> <span class='ocrx_word' id='word_1_466' title='bbox 2248 1733 2439 1773; x_wconf 88' lang='lat' dir='ltr'><strong>causa.</strong></span> 
     </span>
    </p>
   </div>
   <div class='ocr_carea' id='block_1_62' title="bbox 2050 1809 3562 1883">
    <p class='ocr_par' dir='ltr' id='par_1_62' title="bbox 2050 1809 3562 1883">
     <span class='ocr_line' id='line_1_62' title="bbox 2050 1809 3562 1883; baseline 0.001 -19"><span class='ocrx_word' id='word_1_467' title='bbox 2050 1810 2291 1865; x_wconf 81' lang='lat' dir='ltr'><strong>Rursum</strong></span> <span class='ocrx_word' id='word_1_468' title='bbox 2319 1812 2362 1866; x_wconf 86' lang='lat' dir='ltr'><strong>si</strong></span> <span class='ocrx_word' id='word_1_469' title='bbox 2390 1820 2705 1883; x_wconf 82' lang='lat' dir='ltr'><strong>propterea,</strong></span> <span class='ocrx_word' id='word_1_470' title='bbox 2740 1809 2868 1880; x_wconf 88' lang='lat' dir='ltr'><strong>quia</strong></span> <span class='ocrx_word' id='word_1_471' title='bbox 2896 1809 3133 1879; x_wconf 84' lang='lat' dir='ltr'><strong>Spiritus</strong></span> <span class='ocrx_word' id='word_1_472' title='bbox 3172 1810 3479 1881; x_wconf 82' lang='lat' dir='ltr'><strong>proprietas</strong></span> <span class='ocrx_word' id='word_1_473' title='bbox 3506 1811 3562 1865; x_wconf 87' lang='lat' dir='ltr'><strong>in</strong></span> 
     </span>
    </p>
   </div>
   <div class='ocr_carea' id='block_1_63' title="bbox 1979 1902 3563 1974">
    <p class='ocr_par' dir='ltr' id='par_1_63' title="bbox 1979 1902 3563 1974">
     <span class='ocr_line' id='line_1_63' title="bbox 1979 1902 3563 1974; baseline -0.003 -16"><span class='ocrx_word' id='word_1_474' title='bbox 1979 1918 2045 1958; x_wconf 84' lang='lat' dir='ltr'><strong>eo</strong></span> <span class='ocrx_word' id='word_1_475' title='bbox 2088 1902 2426 1974; x_wconf 77' lang='lat' dir='ltr'><strong>agnoscitur,</strong></span> <span class='ocrx_word' id='word_1_476' title='bbox 2484 1903 2631 1973; x_wconf 91' lang='lat' dir='ltr'><strong>quod</strong></span> <span class='ocrx_word' id='word_1_477' title='bbox 2683 1918 2713 1957; x_wconf 90' lang='lat' dir='ltr'><strong>a</strong></span> <span class='ocrx_word' id='word_1_478' title='bbox 2744 1902 2907 1959; x_wconf 85' lang='lat' dir='ltr'><strong>Patre</strong></span> <span class='ocrx_word' id='word_1_479' title='bbox 2958 1903 3252 1971; x_wconf 87' lang='lat' dir='ltr'><strong>procedat;</strong></span> <span class='ocrx_word' id='word_1_480' title='bbox 3305 1902 3563 1956; x_wconf 76' lang='lat' dir='ltr'><strong>similiter</strong></span> 
     </span>
    </p>
   </div>
   <div class='ocr_carea' id='block_1_64' title="bbox 1981 1991 3557 2064">
    <p class='ocr_par' dir='ltr' id='par_1_64' title="bbox 1981 1991 3557 2064">
     <span class='ocr_line' id='line_1_64' title="bbox 1981 1991 3557 2064; baseline -0.001 -18"><span class='ocrx_word' id='word_1_481' title='bbox 1981 2007 2108 2048; x_wconf 84' lang='lat' dir='ltr'><strong>vero</strong></span> <span class='ocrx_word' id='word_1_482' title='bbox 2148 1994 2453 2064; x_wconf 78' lang='lat' dir='ltr'><strong>proprietas</strong></span> <span class='ocrx_word' id='word_1_483' title='bbox 2490 1991 2611 2047; x_wconf 84' lang='lat' dir='ltr'><strong>Filii</strong></span> <span class='ocrx_word' id='word_1_484' title='bbox 2654 1993 2708 2047; x_wconf 90' lang='lat' dir='ltr'><strong>in</strong></span> <span class='ocrx_word' id='word_1_485' title='bbox 2762 2008 2849 2058; x_wconf 87' lang='lat' dir='ltr'><strong>eo,</strong></span> <span class='ocrx_word' id='word_1_486' title='bbox 2908 1993 3053 2062; x_wconf 86' lang='lat' dir='ltr'><strong>quod</strong></span> <span class='ocrx_word' id='word_1_487' title='bbox 3103 1995 3215 2063; x_wconf 90' lang='lat' dir='ltr'><strong>ipse</strong></span> <span class='ocrx_word' id='word_1_488' title='bbox 3246 2002 3557 2063; x_wconf 82' lang='lat' dir='ltr'><strong>generetur,</strong></span> 
     </span>
    </p>
   </div>
   <div class='ocr_carea' id='block_1_65' title="bbox 1979 2084 3565 2155">
    <p class='ocr_par' dir='ltr' id='par_1_65' title="bbox 1979 2084 3565 2155">
     <span class='ocr_line' id='line_1_65' title="bbox 1979 2084 3565 2155; baseline -0.002 -15"><span class='ocrx_word' id='word_1_489' title='bbox 1979 2099 2075 2140; x_wconf 88' lang='lat' dir='ltr'><strong>eos</strong></span> <span class='ocrx_word' id='word_1_490' title='bbox 2104 2086 2196 2153; x_wconf 92' lang='lat' dir='ltr'><strong>qui</strong></span> <span class='ocrx_word' id='word_1_491' title='bbox 2228 2086 2395 2139; x_wconf 89' lang='lat' dir='ltr'><strong>etiam</strong></span> <span class='ocrx_word' id='word_1_492' title='bbox 2434 2101 2501 2140; x_wconf 75' lang='lat' dir='ltr'><strong>ex</strong></span> <span class='ocrx_word' id='word_1_493' title='bbox 2559 2084 2697 2138; x_wconf 83' lang='lat' dir='ltr'><strong>Filio</strong></span> <span class='ocrx_word' id='word_1_494' title='bbox 2743 2084 3008 2155; x_wconf 85' lang='lat' dir='ltr'><strong>Spiritum</strong></span> <span class='ocrx_word' id='word_1_495' title='bbox 3048 2084 3342 2154; x_wconf 75' lang='lat' dir='ltr'><strong>procedere</strong></span> <span class='ocrx_word' id='word_1_496' title='bbox 3373 2085 3565 2139; x_wconf 82' lang='lat' dir='ltr'><strong>dicunt</strong></span> 
     </span>
    </p>
   </div>
   <div class='ocr_carea' id='block_1_66' title="bbox 1980 2176 3564 2249">
    <p class='ocr_par' dir='ltr' id='par_1_66' title="bbox 1980 2176 3564 2249">
     <span class='ocr_line' id='line_1_66' title="bbox 1980 2176 3564 2249; baseline -0.002 -18"><span class='ocrx_word' id='word_1_497' title='bbox 1980 2178 2226 2249; x_wconf 89' lang='lat' dir='ltr'><strong>pluribus</strong></span> <span class='ocrx_word' id='word_1_498' title='bbox 2263 2178 2696 2249; x_wconf 85' lang='lat' dir='ltr'><strong>proprietatibus</strong></span> <span class='ocrx_word' id='word_1_499' title='bbox 2734 2176 2999 2246; x_wconf 79' lang='lat' dir='ltr'><strong>distingui</strong></span> <span class='ocrx_word' id='word_1_500' title='bbox 3038 2178 3291 2231; x_wconf 89' lang='lat' dir='ltr'><strong>eumdem</strong></span> <span class='ocrx_word' id='word_1_501' title='bbox 3325 2193 3353 2231; x_wconf 92' lang='lat' dir='ltr'><strong>a</strong></span> <span class='ocrx_word' id='word_1_502' title='bbox 3402 2176 3564 2231; x_wconf 79' lang='lat' dir='ltr'><strong>Patre</strong></span> 
     </span>
    </p>
   </div>
   <div class='ocr_carea' id='block_1_67' title="bbox 1978 2269 3561 2342">
    <p class='ocr_par' dir='ltr' id='par_1_67' title="bbox 1978 2269 3561 2342">
     <span class='ocr_line' id='line_1_67' title="bbox 1978 2269 3561 2342; baseline -0.003 -17"><span class='ocrx_word' id='word_1_503' title='bbox 1978 2270 2265 2327; x_wconf 76' lang='lat' dir='ltr'><strong>existimas</strong></span> <span class='ocrx_word' id='word_1_504' title='bbox 2289 2286 2452 2342; x_wconf 84' lang='lat' dir='ltr'><strong>quam</strong></span> <span class='ocrx_word' id='word_1_505' title='bbox 2477 2269 2677 2325; x_wconf 91' lang='lat' dir='ltr'><strong>Filium</strong></span> <span class='ocrx_word' id='word_1_506' title='bbox 2723 2269 2869 2340; x_wconf 87' lang='lat' dir='ltr'><strong>(cap.</strong></span> <span class='ocrx_word' id='word_1_507' title='bbox 2892 2269 2983 2340; x_wconf 72' lang='grc'><strong>52)</strong></span> <span class='ocrx_word' id='word_1_508' title='bbox 3012 2287 3025 2323; x_wconf 88' lang='lat'>:</span> <span class='ocrx_word' id='word_1_509' title='bbox 3054 2270 3359 2339; x_wconf 82' lang='lat' dir='ltr'><strong>periculose</strong></span> <span class='ocrx_word' id='word_1_510' title='bbox 3384 2279 3435 2323; x_wconf 82' lang='lat' dir='ltr'><strong>rt</strong></span> <span class='ocrx_word' id='word_1_511' title='bbox 3455 2288 3561 2323; x_wconf 88' lang='lat' dir='ltr'><strong>non</strong></span> 
     </span>
    </p>
   </div>
   <div class='ocr_carea' id='block_1_68' title="bbox 1980 2362 3563 2431">
    <p class='ocr_par' dir='ltr' id='par_1_68' title="bbox 1980 2362 3563 2431">
     <span class='ocr_line' id='line_1_68' title="bbox 1980 2362 3563 2431; baseline -0.001 -13"><span class='ocrx_word' id='word_1_512' title='bbox 1980 2372 2129 2418; x_wconf 86' lang='lat' dir='ltr'><strong>recte</strong></span> <span class='ocrx_word' id='word_1_513' title='bbox 2187 2363 2241 2418; x_wconf 91' lang='lat' dir='ltr'><strong>id</strong></span> <span class='ocrx_word' id='word_1_514' title='bbox 2288 2363 2592 2419; x_wconf 83' lang='lat' dir='ltr'><strong>existimas.</strong></span> <span class='ocrx_word' id='word_1_515' title='bbox 2646 2362 2702 2418; x_wconf 88' lang='lat' dir='ltr'><strong>Si</strong></span> <span class='ocrx_word' id='word_1_516' title='bbox 2760 2363 2907 2417; x_wconf 86' lang='lat' dir='ltr'><strong>enim</strong></span> <span class='ocrx_word' id='word_1_517' title='bbox 2956 2362 3189 2418; x_wconf 75' lang='lat' dir='ltr'><strong>seorsim</strong></span> <span class='ocrx_word' id='word_1_518' title='bbox 3228 2362 3451 2431; x_wconf 77' lang='lat' dir='ltr'><strong>quidem</strong></span> <span class='ocrx_word' id='word_1_519' title='bbox 3496 2378 3563 2416; x_wconf 81' lang='lat' dir='ltr'><strong>ex</strong></span> 
     </span>
    </p>
   </div>
   <div class='ocr_carea' id='block_1_69' title="bbox 1980 2452 3568 2523">
    <p class='ocr_par' dir='ltr' id='par_1_69' title="bbox 1980 2452 3568 2523">
     <span class='ocr_line' id='line_1_69' title="bbox 1980 2452 3568 2523; baseline -0.002 -11"><span class='ocrx_word' id='word_1_520' title='bbox 1980 2455 2164 2522; x_wconf 86' lang='lat' dir='ltr'><strong>Patre,</strong></span> <span class='ocrx_word' id='word_1_521' title='bbox 2196 2457 2427 2512; x_wconf 80' lang='lat' dir='ltr'><strong>seorsim</strong></span> <span class='ocrx_word' id='word_1_522' title='bbox 2462 2470 2594 2510; x_wconf 79' lang='lat' dir='ltr'><strong>vero</strong></span> <span class='ocrx_word' id='word_1_523' title='bbox 2640 2472 2704 2510; x_wconf 77' lang='lat' dir='ltr'><strong>ex</strong></span> <span class='ocrx_word' id='word_1_524' title='bbox 2738 2453 2901 2520; x_wconf 80' lang='lat' dir='ltr'><strong>Filio,</strong></span> <span class='ocrx_word' id='word_1_525' title='bbox 2928 2452 3166 2523; x_wconf 86' lang='lat' dir='ltr'><strong>Spiritus</strong></span> <span class='ocrx_word' id='word_1_526' title='bbox 3209 2452 3348 2509; x_wconf 72' lang='lat' dir='ltr'><strong>foret</strong></span> <span class='ocrx_word' id='word_1_527' title='bbox 3377 2468 3568 2523; x_wconf 69' lang='lat' dir='ltr'><strong>procc-</strong></span> 
     </span>
    </p>
   </div>
   <div class='ocr_carea' id='block_1_70' title="bbox 1981 2547 3566 2605">
    <p class='ocr_par' dir='ltr' id='par_1_70' title="bbox 1981 2547 3566 2605">
     <span class='ocr_line' id='line_1_70' title="bbox 1981 2547 3566 2605; baseline -0.004 0"><span class='ocrx_word' id='word_1_528' title='bbox 1981 2550 2149 2605; x_wconf 83' lang='lat' dir='ltr'><strong>dcns:</strong></span> <span class='ocrx_word' id='word_1_529' title='bbox 2177 2550 2255 2604; x_wconf 86' lang='lat' dir='ltr'><strong>sic</strong></span> <span class='ocrx_word' id='word_1_530' title='bbox 2277 2564 2463 2605; x_wconf 85' lang='lat' dir='ltr'><strong>revera</strong></span> <span class='ocrx_word' id='word_1_531' title='bbox 2485 2549 2796 2603; x_wconf 85' lang='lat' dir='ltr'><strong>lirmitatetn</strong></span> <span class='ocrx_word' id='word_1_532' title='bbox 2830 2548 3052 2603; x_wconf 73' lang='lat' dir='ltr'><strong>haberet</strong></span> <span class='ocrx_word' id='word_1_533' title='bbox 3074 2548 3433 2603; x_wconf 53' lang='lat' dir='ltr'><strong>conditarum</strong></span> <span class='ocrx_word' id='word_1_534' title='bbox 3459 2565 3486 2600; x_wconf 78' lang='grc' dir='ltr'><strong>ιι</strong></span> <span class='ocrx_word' id='word_1_535' title='bbox 3517 2547 3566 2599; x_wconf 73' lang='lat' dir='ltr'><strong>le</strong></span> 
     </span>
    </p>
   </div>
   <div class='ocr_carea' id='block_1_71' title="bbox 1981 2641 3567 2711">
    <p class='ocr_par' dir='ltr' id='par_1_71' title="bbox 1981 2641 3567 2711">
     <span class='ocr_line' id='line_1_71' title="bbox 1981 2641 3567 2711; baseline -0.001 -16"><span class='ocrx_word' id='word_1_536' title='bbox 1981 2641 2379 2711; x_wconf 79' lang='lat' dir='ltr'><strong>proprietatum</strong></span> <span class='ocrx_word' id='word_1_537' title='bbox 2430 2652 2827 2709; x_wconf 81' lang='lat' dir='ltr'><strong>augmentum,</strong></span> <span class='ocrx_word' id='word_1_538' title='bbox 2872 2642 3111 2709; x_wconf 83' lang='lat' dir='ltr'><strong>huicque</strong></span> <span class='ocrx_word' id='word_1_539' title='bbox 3158 2650 3454 2711; x_wconf 78' lang='lat' dir='ltr'><strong>augmento</strong></span> <span class='ocrx_word' id='word_1_540' title='bbox 3501 2658 3567 2693; x_wconf 77' lang='lat' dir='ltr'><strong>nc</strong></span> 
     </span>
    </p>
   </div>
   <div class='ocr_carea' id='block_1_72' title="bbox 1983 2733 3569 2806">
    <p class='ocr_par' dir='ltr' id='par_1_72' title="bbox 1983 2733 3569 2806">
     <span class='ocr_line' id='line_1_72' title="bbox 1983 2733 3569 2806; baseline -0.002 -16"><span class='ocrx_word' id='word_1_541' title='bbox 1983 2738 2303 2806; x_wconf 88' lang='lat' dir='ltr'><strong>pleonasmo</strong></span> <span class='ocrx_word' id='word_1_542' title='bbox 2357 2733 2771 2803; x_wconf 63' lang='lat' dir='ltr'><strong>consequentia:</strong></span> <span class='ocrx_word' id='word_1_543' title='bbox 2835 2739 2977 2787; x_wconf 78' lang='lat' dir='ltr'><strong>nexu</strong></span> <span class='ocrx_word' id='word_1_544' title='bbox 3037 2742 3461 2788; x_wconf 87' lang='lat' dir='ltr'><strong>conuecteretnr</strong></span> <span class='ocrx_word' id='word_1_545' title='bbox 3513 2747 3569 2787; x_wconf 80' lang='lat' dir='ltr'><strong>t&#39;t</strong></span> 
     </span>
    </p>
   </div>
   <div class='ocr_carea' id='block_1_73' title="bbox 1984 2824 3566 2901">
    <p class='ocr_par' dir='ltr' id='par_1_73' title="bbox 1984 2824 3566 2901">
     <span class='ocr_line' id='line_1_73' title="bbox 1984 2824 3566 2901; baseline -0.001 -19"><span class='ocrx_word' id='word_1_546' title='bbox 1984 2828 2237 2901; x_wconf 84' lang='lat' dir='ltr'><strong>pluribus</strong></span> <span class='ocrx_word' id='word_1_547' title='bbox 2287 2824 2612 2881; x_wconf 81' lang='lat' dir='ltr'><strong>dillerentiis</strong></span> <span class='ocrx_word' id='word_1_548' title='bbox 2675 2826 2940 2894; x_wconf 71' lang='lat' dir='ltr'><strong>distingui</strong></span> <span class='ocrx_word' id='word_1_549' title='bbox 3001 2841 3029 2878; x_wconf 92' lang='lat' dir='ltr'><strong>a</strong></span> <span class='ocrx_word' id='word_1_550' title='bbox 3083 2824 3246 2881; x_wconf 84' lang='lat' dir='ltr'><strong>Patre</strong></span> <span class='ocrx_word' id='word_1_551' title='bbox 3303 2827 3566 2897; x_wconf 85' lang='lat' dir='ltr'><strong>Spiritum</strong></span> 
     </span>
    </p>
   </div>
   <div class='ocr_carea' id='block_1_74' title="bbox 1985 2918 3567 2989">
    <p class='ocr_par' dir='ltr' id='par_1_74' title="bbox 1985 2918 3567 2989">
     <span class='ocr_line' id='line_1_74' title="bbox 1985 2918 3567 2989; baseline 0.001 -15"><span class='ocrx_word' id='word_1_552' title='bbox 1985 2936 2146 2989; x_wconf 89' lang='lat' dir='ltr'><strong>quam</strong></span> <span class='ocrx_word' id='word_1_553' title='bbox 2184 2918 2404 2981; x_wconf 82' lang='lat' dir='ltr'><strong>Filium,</strong></span> <span class='ocrx_word' id='word_1_554' title='bbox 2455 2918 2706 2973; x_wconf 87' lang='lat' dir='ltr'><strong>similiter</strong></span> <span class='ocrx_word' id='word_1_555' title='bbox 2749 2927 2943 2973; x_wconf 67' lang='lat' dir='ltr'><strong>cwtera</strong></span> <span class='ocrx_word' id='word_1_556' title='bbox 2979 2934 3202 2988; x_wconf 86' lang='lat' dir='ltr'><strong>quoque</strong></span> <span class='ocrx_word' id='word_1_557' title='bbox 3254 2937 3377 2987; x_wconf 63' lang='lat' dir='ltr'><strong>qum</strong></span> <span class='ocrx_word' id='word_1_558' title='bbox 3406 2921 3567 2975; x_wconf 82' lang='lat' dir='ltr'><strong>veluti</strong></span> 
     </span>
    </p>
   </div>
   <div class='ocr_carea' id='block_1_75' title="bbox 1984 3011 3568 3082">
    <p class='ocr_par' dir='ltr' id='par_1_75' title="bbox 1984 3011 3568 3082">
     <span class='ocr_line' id='line_1_75' title="bbox 1984 3011 3568 3082; baseline 0.002 -17"><span class='ocrx_word' id='word_1_559' title='bbox 1984 3029 2049 3065; x_wconf 82' lang='lat' dir='ltr'><strong>ex</strong></span> <span class='ocrx_word' id='word_1_560' title='bbox 2114 3012 2314 3082; x_wconf 88' lang='lat' dir='ltr'><strong>duplici</strong></span> <span class='ocrx_word' id='word_1_561' title='bbox 2388 3011 2743 3080; x_wconf 85' lang='lat' dir='ltr'><strong>processione</strong></span> <span class='ocrx_word' id='word_1_562' title='bbox 2797 3012 3193 3079; x_wconf 83' lang='lat' dir='ltr'><strong>consequentia</strong></span> <span class='ocrx_word' id='word_1_563' title='bbox 3253 3027 3568 3069; x_wconf 74' lang='lat' dir='ltr'><strong>enumeres.</strong></span> 
     </span>
    </p>
   </div>
   <div class='ocr_carea' id='block_1_76' title="bbox 1985 3102 3568 3174">
    <p class='ocr_par' dir='ltr' id='par_1_76' title="bbox 1985 3102 3568 3174">
     <span class='ocr_line' id='line_1_76' title="bbox 1985 3102 3568 3174; baseline 0.002 -17"><span class='ocrx_word' id='word_1_564' title='bbox 1985 3102 2141 3159; x_wconf 89' lang='lat' dir='ltr'><strong>Nune</strong></span> <span class='ocrx_word' id='word_1_565' title='bbox 2172 3120 2298 3158; x_wconf 83' lang='lat' dir='ltr'><strong>vero</strong></span> <span class='ocrx_word' id='word_1_566' title='bbox 2328 3105 2455 3174; x_wconf 89' lang='lat' dir='ltr'><strong>quia</strong></span> <span class='ocrx_word' id='word_1_567' title='bbox 2500 3119 2608 3158; x_wconf 87' lang='lat' dir='ltr'><strong>una</strong></span> <span class='ocrx_word' id='word_1_568' title='bbox 2646 3113 2700 3158; x_wconf 91' lang='lat' dir='ltr'><strong>et</strong></span> <span class='ocrx_word' id='word_1_569' title='bbox 2738 3102 2969 3172; x_wconf 64' lang='lat' dir='ltr'><strong>simplex</strong></span> <span class='ocrx_word' id='word_1_570' title='bbox 3007 3113 3088 3159; x_wconf 88' lang='lat' dir='ltr'><strong>est</strong></span> <span class='ocrx_word' id='word_1_571' title='bbox 3120 3103 3359 3174; x_wconf 82' lang='lat' dir='ltr'><strong>Spiritus</strong></span> <span class='ocrx_word' id='word_1_572' title='bbox 3389 3109 3568 3163; x_wconf 84' lang='lat' dir='ltr'><strong>saneti</strong></span> 
     </span>
    </p>
   </div>
   <div class='ocr_carea' id='block_1_77' title="bbox 1985 3194 3568 3266">
    <p class='ocr_par' dir='ltr' id='par_1_77' title="bbox 1985 3194 3568 3266">
     <span class='ocr_line' id='line_1_77' title="bbox 1985 3194 3568 3266; baseline -0.001 -15"><span class='ocrx_word' id='word_1_573' title='bbox 1985 3213 2050 3251; x_wconf 79' lang='lat' dir='ltr'><strong>ex</strong></span> <span class='ocrx_word' id='word_1_574' title='bbox 2076 3196 2236 3250; x_wconf 83' lang='lat' dir='ltr'><strong>Patre</strong></span> <span class='ocrx_word' id='word_1_575' title='bbox 2257 3212 2350 3266; x_wconf 86' lang='lat' dir='ltr'><strong>per</strong></span> <span class='ocrx_word' id='word_1_576' title='bbox 2380 3194 2576 3250; x_wconf 81' lang='lat' dir='ltr'><strong>Filium</strong></span> <span class='ocrx_word' id='word_1_577' title='bbox 2608 3194 2909 3265; x_wconf 84' lang='lat' dir='ltr'><strong>processio,</strong></span> <span class='ocrx_word' id='word_1_578' title='bbox 2958 3209 3137 3264; x_wconf 89' lang='lat' dir='ltr'><strong>neque</strong></span> <span class='ocrx_word' id='word_1_579' title='bbox 3160 3195 3400 3266; x_wconf 73' lang='lat' dir='ltr'><strong>duplicia</strong></span> <span class='ocrx_word' id='word_1_580' title='bbox 3434 3210 3568 3251; x_wconf 87' lang='lat' dir='ltr'><strong>sunt</strong></span> 
     </span>
    </p>
   </div>
   <div class='ocr_carea' id='block_1_78' title="bbox 1987 3287 3568 3359">
    <p class='ocr_par' dir='ltr' id='par_1_78' title="bbox 1987 3287 3568 3359">
     <span class='ocr_line' id='line_1_78' title="bbox 1987 3287 3568 3359; baseline -0.002 -13"><span class='ocrx_word' id='word_1_581' title='bbox 1987 3293 2246 3346; x_wconf 84' lang='lat' dir='ltr'><strong>idiomata</strong></span> <span class='ocrx_word' id='word_1_582' title='bbox 2279 3304 2308 3344; x_wconf 88' lang='lat' dir='ltr'><strong>a</strong></span> <span class='ocrx_word' id='word_1_583' title='bbox 2347 3289 2506 3343; x_wconf 81' lang='lat' dir='ltr'><strong>Patre</strong></span> <span class='ocrx_word' id='word_1_584' title='bbox 2536 3287 2802 3358; x_wconf 90' lang='lat' dir='ltr'><strong>Spiritum</strong></span> <span class='ocrx_word' id='word_1_585' title='bbox 2834 3288 3200 3355; x_wconf 83' lang='lat' dir='ltr'><strong>secernentia,</strong></span> <span class='ocrx_word' id='word_1_586' title='bbox 3231 3304 3408 3359; x_wconf 90' lang='lat' dir='ltr'><strong>neque</strong></span> <span class='ocrx_word' id='word_1_587' title='bbox 3441 3289 3568 3359; x_wconf 80' lang='lat' dir='ltr'><strong>Spi-</strong></span> 
     </span>
    </p>
   </div>
   <div class='ocr_carea' id='block_1_79' title="bbox 1985 3380 3571 3453">
    <p class='ocr_par' dir='ltr' id='par_1_79' title="bbox 1985 3380 3571 3453">
     <span class='ocr_line' id='line_1_79' title="bbox 1985 3380 3571 3453; baseline -0.002 -15"><span class='ocrx_word' id='word_1_588' title='bbox 1985 3385 2127 3439; x_wconf 88' lang='lat' dir='ltr'><strong>ritus</strong></span> <span class='ocrx_word' id='word_1_589' title='bbox 2162 3383 2357 3436; x_wconf 88' lang='lat' dir='ltr'><strong>horum</strong></span> <span class='ocrx_word' id='word_1_590' title='bbox 2401 3382 2572 3436; x_wconf 86' lang='lat' dir='ltr'><strong>altero</strong></span> <span class='ocrx_word' id='word_1_591' title='bbox 2629 3380 2861 3435; x_wconf 77' lang='lat' dir='ltr'><strong>inferior</strong></span> <span class='ocrx_word' id='word_1_592' title='bbox 2905 3395 3029 3435; x_wconf 88' lang='lat' dir='ltr'><strong>esse</strong></span> <span class='ocrx_word' id='word_1_593' title='bbox 3062 3380 3199 3435; x_wconf 85' lang='lat' dir='ltr'><strong>Filio</strong></span> <span class='ocrx_word' id='word_1_594' title='bbox 3242 3381 3294 3435; x_wconf 90' lang='lat' dir='ltr'><strong>in</strong></span> <span class='ocrx_word' id='word_1_595' title='bbox 3340 3384 3571 3453; x_wconf 72' lang='lat' dir='ltr'><strong>arquali-</strong></span> 
     </span>
    </p>
   </div>
   <div class='ocr_carea' id='block_1_80' title="bbox 1983 3472 3571 3539">
    <p class='ocr_par' dir='ltr' id='par_1_80' title="bbox 1983 3472 3571 3539">
     <span class='ocr_line' id='line_1_80' title="bbox 1983 3472 3571 3539; baseline -0.001 -8"><span class='ocrx_word' id='word_1_596' title='bbox 1983 3484 2093 3531; x_wconf 91' lang='lat' dir='ltr'><strong>tate</strong></span> <span class='ocrx_word' id='word_1_597' title='bbox 2119 3473 2609 3531; x_wconf 88' lang='lat' dir='ltr'><strong>consubstantialis</strong></span> <span class='ocrx_word' id='word_1_598' title='bbox 2640 3489 2765 3528; x_wconf 89' lang='lat' dir='ltr'><strong>cum</strong></span> <span class='ocrx_word' id='word_1_599' title='bbox 2798 3473 2958 3528; x_wconf 84' lang='lat' dir='ltr'><strong>Patre</strong></span> <span class='ocrx_word' id='word_1_600' title='bbox 2985 3472 3297 3539; x_wconf 78' lang='lat' dir='ltr'><strong>afﬁnitatis,</strong></span> <span class='ocrx_word' id='word_1_601' title='bbox 3328 3490 3439 3529; x_wconf 89' lang='lat' dir='ltr'><strong>non</strong></span> <span class='ocrx_word' id='word_1_602' title='bbox 3472 3475 3571 3529; x_wconf 88' lang='lat' dir='ltr'><strong>ob-</strong></span> 
     </span>
    </p>
   </div>
   <div class='ocr_carea' id='block_1_81' title="bbox 1983 3567 3571 3639">
    <p class='ocr_par' dir='ltr' id='par_1_81' title="bbox 1983 3567 3571 3639">
     <span class='ocr_line' id='line_1_81' title="bbox 1983 3567 3571 3639; baseline -0.003 -14"><span class='ocrx_word' id='word_1_603' title='bbox 1983 3578 2163 3626; x_wconf 84' lang='lat' dir='ltr'><strong>stante</strong></span> <span class='ocrx_word' id='word_1_604' title='bbox 2203 3569 2427 3624; x_wconf 87' lang='lat' dir='ltr'><strong>honoris</strong></span> <span class='ocrx_word' id='word_1_605' title='bbox 2459 3570 2717 3639; x_wconf 88' lang='lat' dir='ltr'><strong>paritate,</strong></span> <span class='ocrx_word' id='word_1_606' title='bbox 2760 3567 3217 3637; x_wconf 85' lang='lat' dir='ltr'><strong>blasphematur;</strong></span> <span class='ocrx_word' id='word_1_607' title='bbox 3266 3576 3431 3637; x_wconf 87' lang='lat' dir='ltr'><strong>atque</strong></span> <span class='ocrx_word' id='word_1_608' title='bbox 3486 3569 3571 3622; x_wconf 45' lang='lat' dir='ltr'><strong>illo</strong></span> 
     </span>
    </p>
   </div>
   <div class='ocr_carea' id='block_1_82' title="bbox 1983 3659 3571 3731">
    <p class='ocr_par' dir='ltr' id='par_1_82' title="bbox 1983 3659 3571 3731">
     <span class='ocr_line' id='line_1_82' title="bbox 1983 3659 3571 3731; baseline -0.001 -16"><span class='ocrx_word' id='word_1_609' title='bbox 1983 3661 2133 3717; x_wconf 89' lang='lat' dir='ltr'><strong>circo</strong></span> <span class='ocrx_word' id='word_1_610' title='bbox 2182 3676 2359 3731; x_wconf 87' lang='lat' dir='ltr'><strong>neque</strong></span> <span class='ocrx_word' id='word_1_611' title='bbox 2412 3659 2714 3716; x_wconf 83' lang='lat' dir='ltr'><strong>Macedonii</strong></span> <span class='ocrx_word' id='word_1_612' title='bbox 2773 3669 2967 3715; x_wconf 85' lang='lat' dir='ltr'><strong>contra</strong></span> <span class='ocrx_word' id='word_1_613' title='bbox 3004 3659 3268 3730; x_wconf 84' lang='lat' dir='ltr'><strong>Spiritum</strong></span> <span class='ocrx_word' id='word_1_614' title='bbox 3325 3672 3571 3731; x_wconf 78' lang='lat' dir='ltr'><strong>emerget</strong></span> 
     </span>
    </p>
   </div>
   <div class='ocr_carea' id='block_1_83' title="bbox 1985 3752 3569 3824">
    <p class='ocr_par' dir='ltr' id='par_1_83' title="bbox 1985 3752 3569 3824">
     <span class='ocr_line' id='line_1_83' title="bbox 1985 3752 3569 3824; baseline 0 -16"><span class='ocrx_word' id='word_1_615' title='bbox 1985 3754 2235 3809; x_wconf 85' lang='lat' dir='ltr'><strong>insania:</strong></span> <span class='ocrx_word' id='word_1_616' title='bbox 2269 3755 2398 3810; x_wconf 86' lang='lat' dir='ltr'><strong>item</strong></span> <span class='ocrx_word' id='word_1_617' title='bbox 2435 3769 2611 3824; x_wconf 87' lang='lat' dir='ltr'><strong>neque</strong></span> <span class='ocrx_word' id='word_1_618' title='bbox 2650 3752 2893 3823; x_wconf 90' lang='lat' dir='ltr'><strong>Spiritus</strong></span> <span class='ocrx_word' id='word_1_619' title='bbox 2923 3766 3008 3809; x_wconf 88' lang='lat' dir='ltr'><strong>est</strong></span> <span class='ocrx_word' id='word_1_620' title='bbox 3041 3753 3096 3807; x_wconf 90' lang='lat' dir='ltr'><strong>in</strong></span> <span class='ocrx_word' id='word_1_621' title='bbox 3129 3753 3342 3808; x_wconf 67' lang='lat' dir='ltr'><strong>diversa</strong></span> <span class='ocrx_word' id='word_1_622' title='bbox 3379 3755 3569 3809; x_wconf 77' lang='lat' dir='ltr'><strong>referri</strong></span> 
     </span>
    </p>
   </div>
   <div class='ocr_carea' id='block_1_84' title="bbox 1983 3844 3569 3919">
    <p class='ocr_par' dir='ltr' id='par_1_84' title="bbox 1983 3844 3569 3919">
     <span class='ocr_line' id='line_1_84' title="bbox 1983 3844 3569 3919; baseline 0.001 -19"><span class='ocrx_word' id='word_1_623' title='bbox 1983 3846 2278 3916; x_wconf 84' lang='lat' dir='ltr'><strong>principia,</strong></span> <span class='ocrx_word' id='word_1_624' title='bbox 2339 3846 2476 3901; x_wconf 82' lang='lat' dir='ltr'><strong>adeo</strong></span> <span class='ocrx_word' id='word_1_625' title='bbox 2528 3857 2587 3900; x_wconf 92' lang='lat' dir='ltr'><strong>ut</strong></span> <span class='ocrx_word' id='word_1_626' title='bbox 2640 3855 2928 3915; x_wconf 84' lang='lat' dir='ltr'><strong>sequatur,</strong></span> <span class='ocrx_word' id='word_1_627' title='bbox 2975 3844 3131 3900; x_wconf 88' lang='lat' dir='ltr'><strong>illum</strong></span> <span class='ocrx_word' id='word_1_628' title='bbox 3183 3846 3236 3900; x_wconf 90' lang='lat' dir='ltr'><strong>in</strong></span> <span class='ocrx_word' id='word_1_629' title='bbox 3287 3848 3569 3919; x_wconf 74' lang='lat' dir='ltr'><strong>multiplex</strong></span> 
     </span>
    </p>
   </div>
   <div class='ocr_carea' id='block_1_85' title="bbox 1983 3935 2676 4007">
    <p class='ocr_par' dir='ltr' id='par_1_85' title="bbox 1983 3935 2676 4007">
     <span class='ocr_line' id='line_1_85' title="bbox 1983 3935 2676 4007; baseline 0.001 -20"><span class='ocrx_word' id='word_1_630' title='bbox 1983 3936 2311 4007; x_wconf 85' lang='lat' dir='ltr'><strong>principium</strong></span> <span class='ocrx_word' id='word_1_631' title='bbox 2350 3935 2542 3991; x_wconf 78' lang='lat' dir='ltr'><strong>referri</strong></span> <span class='ocrx_word' id='word_1_632' title='bbox 2573 3935 2676 4007; x_wconf 84' lang='grc' dir='ltr'>(ιι).</span> 
     </span>
    </p>
   </div>
   <div class='ocr_carea' id='block_1_86' title="bbox 2052 4026 3567 4097">
    <p class='ocr_par' dir='ltr' id='par_1_86' title="bbox 2052 4026 3567 4097">
     <span class='ocr_line' id='line_1_86' title="bbox 2052 4026 3567 4097; baseline 0.003 -15"><span class='ocrx_word' id='word_1_633' title='bbox 2052 4028 2249 4082; x_wconf 77' lang='lat' dir='ltr'><strong>Adhuc</strong></span> <span class='ocrx_word' id='word_1_634' title='bbox 2280 4028 2325 4082; x_wconf 91' lang='lat' dir='ltr'><strong>si</strong></span> <span class='ocrx_word' id='word_1_635' title='bbox 2361 4039 2580 4097; x_wconf 86' lang='lat' dir='ltr'><strong>propter</strong></span> <span class='ocrx_word' id='word_1_636' title='bbox 2609 4026 2735 4081; x_wconf 84' lang='lat' dir='ltr'><strong>Filii</strong></span> <span class='ocrx_word' id='word_1_637' title='bbox 2765 4042 2889 4082; x_wconf 89' lang='lat' dir='ltr'><strong>eum</strong></span> <span class='ocrx_word' id='word_1_638' title='bbox 2919 4027 3082 4084; x_wconf 81' lang='lat' dir='ltr'><strong>Patre</strong></span> <span class='ocrx_word' id='word_1_639' title='bbox 3122 4034 3567 4087; x_wconf 87' lang='lat' dir='ltr'><strong>communionem</strong></span> 
     </span>
    </p>
   </div>
   <div class='ocr_carea' id='block_1_87' title="bbox 1983 4116 3569 4193">
    <p class='ocr_par' dir='ltr' id='par_1_87' title="bbox 1983 4116 3569 4193">
     <span class='ocr_line' id='line_1_87' title="bbox 1983 4116 3569 4193; baseline 0.003 -19"><span class='ocrx_word' id='word_1_640' title='bbox 1983 4118 2289 4174; x_wconf 86' lang='lat' dir='ltr'><strong>secundum</strong></span> <span class='ocrx_word' id='word_1_641' title='bbox 2314 4118 2458 4188; x_wconf 89' lang='lat' dir='ltr'><strong>quod</strong></span> <span class='ocrx_word' id='word_1_642' title='bbox 2492 4133 2587 4189; x_wconf 90' lang='lat' dir='ltr'><strong>per</strong></span> <span class='ocrx_word' id='word_1_643' title='bbox 2623 4116 2826 4173; x_wconf 81' lang='lat' dir='ltr'><strong>Filium</strong></span> <span class='ocrx_word' id='word_1_644' title='bbox 2856 4133 2923 4173; x_wconf 81' lang='lat' dir='ltr'><strong>ex</strong></span> <span class='ocrx_word' id='word_1_645' title='bbox 2960 4117 3125 4175; x_wconf 82' lang='lat' dir='ltr'><strong>Patre</strong></span> <span class='ocrx_word' id='word_1_646' title='bbox 3169 4123 3416 4191; x_wconf 87' lang='lat' dir='ltr'><strong>procedit</strong></span> <span class='ocrx_word' id='word_1_647' title='bbox 3445 4123 3569 4193; x_wconf 83' lang='lat' dir='ltr'><strong>Spi-</strong></span> 
     </span>
    </p>
   </div>
   <div class='ocr_carea' id='block_1_88' title="bbox 1984 4210 3569 4285">
    <p class='ocr_par' dir='ltr' id='par_1_88' title="bbox 1984 4210 3569 4285">
     <span class='ocr_line' id='line_1_88' title="bbox 1984 4210 3569 4285; baseline 0.003 -18"><span class='ocrx_word' id='word_1_648' title='bbox 1984 4215 2145 4279; x_wconf 86' lang='lat' dir='ltr'><strong>ritus,</strong></span> <span class='ocrx_word' id='word_1_649' title='bbox 2184 4227 2214 4267; x_wconf 90' lang='lat' dir='ltr'><strong>a</strong></span> <span class='ocrx_word' id='word_1_650' title='bbox 2251 4221 2477 4283; x_wconf 86' lang='lat' dir='ltr'><strong>paterna</strong></span> <span class='ocrx_word' id='word_1_651' title='bbox 2512 4210 2817 4267; x_wconf 89' lang='lat' dir='ltr'><strong>secundum</strong></span> <span class='ocrx_word' id='word_1_652' title='bbox 2848 4212 3213 4268; x_wconf 81' lang='lat' dir='ltr'><strong>substantiam</strong></span> <span class='ocrx_word' id='word_1_653' title='bbox 3243 4217 3569 4285; x_wconf 79' lang='lat' dir='ltr'><strong>cognatione</strong></span> 
     </span>
    </p>
   </div>
   <div class='ocr_carea' id='block_1_89' title="bbox 1984 4299 3571 4371">
    <p class='ocr_par' dir='ltr' id='par_1_89' title="bbox 1984 4299 3571 4371">
     <span class='ocr_line' id='line_1_89' title="bbox 1984 4299 3571 4371; baseline 0.003 -16"><span class='ocrx_word' id='word_1_654' title='bbox 1984 4301 2515 4355; x_wconf 85' lang='lat' dir='ltr'><strong>consubstantialem</strong></span> <span class='ocrx_word' id='word_1_655' title='bbox 2548 4299 2815 4371; x_wconf 90' lang='lat' dir='ltr'><strong>Spiritum</strong></span> <span class='ocrx_word' id='word_1_656' title='bbox 2859 4303 3149 4360; x_wconf 89' lang='lat' dir='ltr'><strong>arbitraris</strong></span> <span class='ocrx_word' id='word_1_657' title='bbox 3188 4306 3404 4361; x_wconf 81' lang='lat' dir='ltr'><strong>excludi</strong></span> <span class='ocrx_word' id='word_1_658' title='bbox 3450 4318 3571 4361; x_wconf 85' lang='lat' dir='ltr'><strong>tan-</strong></span> 
     </span>
    </p>
   </div>
   <div class='ocr_carea' id='block_1_90' title="bbox 1982 4392 3569 4462">
    <p class='ocr_par' dir='ltr' id='par_1_90' title="bbox 1982 4392 3569 4462">
     <span class='ocr_line' id='line_1_90' title="bbox 1982 4392 3569 4462; baseline 0.005 -17"><span class='ocrx_word' id='word_1_659' title='bbox 1982 4407 2146 4462; x_wconf 83' lang='lat' dir='ltr'><strong>quam</strong></span> <span class='ocrx_word' id='word_1_660' title='bbox 2192 4392 2357 4460; x_wconf 86' lang='lat' dir='ltr'><strong>hujus</strong></span> <span class='ocrx_word' id='word_1_661' title='bbox 2389 4394 2799 4449; x_wconf 88' lang='lat' dir='ltr'><strong>communionis</strong></span> <span class='ocrx_word' id='word_1_662' title='bbox 2834 4410 2961 4449; x_wconf 86' lang='lat' dir='ltr'><strong>cum</strong></span> <span class='ocrx_word' id='word_1_663' title='bbox 3010 4396 3569 4453; x_wconf 63' lang='lat' dir='ltr'><strong>consubstantialibus</strong></span> 
     </span>
    </p>
   </div>
   <div class='ocr_carea' id='block_1_91' title="bbox 1984 4485 3565 4559">
    <p class='ocr_par' dir='ltr' id='par_1_91' title="bbox 1984 4485 3565 4559">
     <span class='ocr_line' id='line_1_91' title="bbox 1984 4485 3565 4559; baseline 0.001 -19"><span class='ocrx_word' id='word_1_664' title='bbox 1984 4485 2087 4540; x_wconf 87' lang='lat' dir='ltr'><strong>sibi</strong></span> <span class='ocrx_word' id='word_1_665' title='bbox 2140 4486 2282 4538; x_wconf 91' lang='lat' dir='ltr'><strong>haud</strong></span> <span class='ocrx_word' id='word_1_666' title='bbox 2326 4486 2649 4555; x_wconf 86' lang='lat' dir='ltr'><strong>participem</strong></span> <span class='ocrx_word' id='word_1_667' title='bbox 2681 4486 2826 4556; x_wconf 82' lang='lat' dir='ltr'><strong>(cap.</strong></span> <span class='ocrx_word' id='word_1_668' title='bbox 2874 4489 2965 4557; x_wconf 68' lang='lat'><strong>&#39;55)</strong></span> <span class='ocrx_word' id='word_1_669' title='bbox 3004 4506 3019 4541; x_wconf 89' lang='lat'><strong>:</strong></span> <span class='ocrx_word' id='word_1_670' title='bbox 3053 4489 3149 4543; x_wconf 87' lang='lat' dir='ltr'><strong>sed</strong></span> <span class='ocrx_word' id='word_1_671' title='bbox 3176 4498 3307 4543; x_wconf 89' lang='lat' dir='ltr'><strong>tunc</strong></span> <span class='ocrx_word' id='word_1_672' title='bbox 3346 4493 3565 4559; x_wconf 87' lang='lat' dir='ltr'><strong>quidem</strong></span> 
     </span>
    </p>
   </div>
   <div class='ocr_carea' id='block_1_92' title="bbox 289 4572 1892 4654">
    <p class='ocr_par' dir='ltr' id='par_1_92' title="bbox 289 4572 1879 4646">
     <span class='ocr_line' id='line_1_92' title="bbox 289 4572 1879 4646; baseline -0.007 -11"><span class='ocrx_word' id='word_1_673' title='bbox 289 4580 420 4635; x_wconf 91' lang='grc' dir='ltr'>σθαι</span> <span class='ocrx_word' id='word_1_674' title='bbox 466 4576 697 4646; x_wconf 73' lang='grc' dir='ltr'>φυσικὸν</span> <span class='ocrx_word' id='word_1_675' title='bbox 748 4572 954 4643; x_wconf 80' lang='grc' dir='ltr'>ἀγαθὸν</span> <span class='ocrx_word' id='word_1_676' title='bbox 1006 4575 1189 4641; x_wconf 80' lang='grc' dir='ltr'>μόνοις</span> <span class='ocrx_word' id='word_1_677' title='bbox 1236 4575 1349 4636; x_wconf 79' lang='grc' dir='ltr'>τοῖς</span> <span class='ocrx_word' id='word_1_678' title='bbox 1400 4574 1517 4627; x_wconf 75' lang='grc' dir='ltr'>δυσὶ</span> <span class='ocrx_word' id='word_1_679' title='bbox 1568 4573 1879 4644; x_wconf 78' lang='grc' dir='ltr'>προσώποις</span> 
     </span>
    </p>
   </div>
   <div class='ocr_carea' id='block_1_93' title="bbox 1979 4572 3569 4654">
    <p class='ocr_par' dir='ltr' id='par_1_93' title="bbox 1985 4577 3569 4654">
     <span class='ocr_line' id='line_1_93' title="bbox 1985 4577 3569 4654; baseline 0.004 -24"><span class='ocrx_word' id='word_1_680' title='bbox 1985 4580 2204 4632; x_wconf 90' lang='lat' dir='ltr'><strong>lirmum</strong></span> <span class='ocrx_word' id='word_1_681' title='bbox 2238 4577 2595 4644; x_wconf 86' lang='lat' dir='ltr'><strong>consisteret,</strong></span> <span class='ocrx_word' id='word_1_682' title='bbox 2631 4581 2851 4647; x_wconf 84' lang='lat' dir='ltr'><strong>quando</strong></span> <span class='ocrx_word' id='word_1_683' title='bbox 2884 4580 3091 4634; x_wconf 91' lang='lat' dir='ltr'><strong>nullum</strong></span> <span class='ocrx_word' id='word_1_684' title='bbox 3123 4583 3350 4637; x_wconf 90' lang='lat' dir='ltr'><strong>omnino</strong></span> <span class='ocrx_word' id='word_1_685' title='bbox 3384 4596 3569 4654; x_wconf 85' lang='lat' dir='ltr'><strong>posset</strong></span> 
     </span>
    </p>
   </div>
   <div class='ocr_carea' id='block_1_94' title="bbox 286 4666 1881 4739">
    <p class='ocr_par' dir='ltr' id='par_1_94' title="bbox 286 4666 1881 4739">
     <span class='ocr_line' id='line_1_94' title="bbox 286 4666 1881 4739; baseline -0.006 -14"><span class='ocrx_word' id='word_1_686' title='bbox 286 4670 600 4739; x_wconf 78' lang='grc' dir='ltr'>ἐνυπάρχον</span> <span class='ocrx_word' id='word_1_687' title='bbox 633 4669 827 4730; x_wconf 85' lang='grc' dir='ltr'>κοινῶς</span> <span class='ocrx_word' id='word_1_688' title='bbox 847 4686 860 4697; x_wconf 93' lang='grc'><strong>·</strong></span> <span class='ocrx_word' id='word_1_689' title='bbox 893 4669 991 4723; x_wconf 90' lang='grc' dir='ltr'><strong>νῦν</strong></span> <span class='ocrx_word' id='word_1_690' title='bbox 1019 4671 1065 4724; x_wconf 85' lang='grc' dir='ltr'>δ’</span> <span class='ocrx_word' id='word_1_691' title='bbox 1096 4670 1219 4723; x_wconf 72' lang='grc' dir='ltr'>ἐπεὶ</span> <span class='ocrx_word' id='word_1_692' title='bbox 1256 4669 1283 4719; x_wconf 76' lang='grc' dir='ltr'>ὁ</span> <span class='ocrx_word' id='word_1_693' title='bbox 1320 4666 1447 4729; x_wconf 87' lang='grc' dir='ltr'>Υἱὸς</span> <span class='ocrx_word' id='word_1_694' title='bbox 1480 4666 1715 4733; x_wconf 82' lang='grc' dir='ltr'>φυσικὸν</span> <span class='ocrx_word' id='word_1_695' title='bbox 1744 4666 1881 4732; x_wconf 82' lang='grc' dir='ltr'>ἀγα-</span> 
     </span>
    </p>
   </div>
   <div class='ocr_carea' id='block_1_95' title="bbox 286 4756 1881 4830">
    <p class='ocr_par' dir='ltr' id='par_1_95' title="bbox 286 4756 1881 4830">
     <span class='ocr_line' id='line_1_95' title="bbox 286 4756 1881 4830; baseline -0.002 -17"><span class='ocrx_word' id='word_1_696' title='bbox 286 4760 383 4813; x_wconf 77' lang='grc' dir='ltr'>θὸν</span> <span class='ocrx_word' id='word_1_697' title='bbox 420 4760 537 4827; x_wconf 75' lang='grc' dir='ltr'>ἔχει</span> <span class='ocrx_word' id='word_1_698' title='bbox 566 4758 750 4819; x_wconf 62' lang='grc' dir='ltr'>,κοινὸν</span> <span class='ocrx_word' id='word_1_699' title='bbox 773 4756 849 4827; x_wconf 82' lang='grc' dir='ltr'><strong>τῷ</strong></span> <span class='ocrx_word' id='word_1_700' title='bbox 877 4760 1073 4830; x_wconf 72' lang='grc' dir='ltr'>Πατρὶ,</span> <span class='ocrx_word' id='word_1_701' title='bbox 1101 4760 1186 4811; x_wconf 88' lang='grc' dir='ltr'><strong>ὃτι</strong></span> <span class='ocrx_word' id='word_1_702' title='bbox 1209 4757 1268 4810; x_wconf 76' lang='grc' dir='ltr'><strong>τὸ</strong></span> <span class='ocrx_word' id='word_1_703' title='bbox 1298 4757 1390 4810; x_wconf 84' lang='grc' dir='ltr'><strong>τοῦ</strong></span> <span class='ocrx_word' id='word_1_704' title='bbox 1415 4757 1629 4827; x_wconf 80' lang='grc' dir='ltr'>Πατρὸς</span> <span class='ocrx_word' id='word_1_705' title='bbox 1657 4756 1881 4826; x_wconf 83' lang='grc' dir='ltr'>Πνεῦμὰ</span> 
     </span>
    </p>
   </div>
   <div class='ocr_carea' id='block_1_96' title="bbox 286 4846 1881 4919">
    <p class='ocr_par' dir='ltr' id='par_1_96' title="bbox 286 4846 1881 4919">
     <span class='ocr_line' id='line_1_96' title="bbox 286 4846 1881 4919; baseline -0.004 -15"><span class='ocrx_word' id='word_1_706' title='bbox 286 4854 407 4905; x_wconf 72' lang='grc' dir='ltr'>ἐστι</span> <span class='ocrx_word' id='word_1_707' title='bbox 437 4852 531 4903; x_wconf 71' lang='grc' dir='ltr'>καὶ</span> <span class='ocrx_word' id='word_1_708' title='bbox 566 4850 789 4919; x_wconf 86' lang='grc' dir='ltr'>Πνεῦμα</span> <span class='ocrx_word' id='word_1_709' title='bbox 820 4850 985 4905; x_wconf 81' lang='grc' dir='ltr'>αὑτοῦ</span> <span class='ocrx_word' id='word_1_710' title='bbox 1018 4851 1111 4903; x_wconf 75' lang='grc' dir='ltr'><strong>καὶ</strong></span> <span class='ocrx_word' id='word_1_711' title='bbox 1146 4851 1228 4903; x_wconf 78' lang='grc' dir='ltr'><strong>ὅτι</strong></span> <span class='ocrx_word' id='word_1_712' title='bbox 1260 4850 1538 4918; x_wconf 77' lang='grc' dir='ltr'>ἐκπέμπει</span> <span class='ocrx_word' id='word_1_713' title='bbox 1576 4848 1669 4899; x_wconf 82' lang='grc' dir='ltr'><strong>καὶ</strong></span> <span class='ocrx_word' id='word_1_714' title='bbox 1716 4846 1881 4909; x_wconf 77' lang='grc' dir='ltr'>αὐτὸς</span> 
     </span>
    </p>
   </div>
   <div class='ocr_carea' id='block_1_97' title="bbox 284 4939 1880 5014">
    <p class='ocr_par' dir='ltr' id='par_1_97' title="bbox 284 4939 1880 5014">
     <span class='ocr_line' id='line_1_97' title="bbox 284 4939 1880 5014; baseline -0.004 -17"><span class='ocrx_word' id='word_1_715' title='bbox 284 4947 350 4997; x_wconf 78' lang='grc' dir='ltr'>τὸ</span> <span class='ocrx_word' id='word_1_716' title='bbox 391 4943 638 5012; x_wconf 83' lang='grc' dir='ltr'>Πνεῦμα,</span> <span class='ocrx_word' id='word_1_717' title='bbox 666 4943 857 5014; x_wconf 84' lang='grc' dir='ltr'>ῶσπερ</span> <span class='ocrx_word' id='word_1_718' title='bbox 885 4942 979 4995; x_wconf 72' lang='grc' dir='ltr'><strong>καὶ</strong></span> <span class='ocrx_word' id='word_1_719' title='bbox 1005 4944 1034 4996; x_wconf 82' lang='grc' dir='ltr'>ὁ</span> <span class='ocrx_word' id='word_1_720' title='bbox 1072 4942 1283 5012; x_wconf 74' lang='grc' dir='ltr'>Πατὴρ,</span> <span class='ocrx_word' id='word_1_721' title='bbox 1318 4942 1377 4994; x_wconf 79' lang='grc' dir='ltr'><strong>τὸ</strong></span> <span class='ocrx_word' id='word_1_722' title='bbox 1409 4940 1610 5010; x_wconf 76' lang='grc' dir='ltr'>σαθρὸν</span> <span class='ocrx_word' id='word_1_723' title='bbox 1649 4939 1741 4992; x_wconf 88' lang='grc' dir='ltr'><strong>τοῦ</strong></span> <span class='ocrx_word' id='word_1_724' title='bbox 1777 4942 1880 5010; x_wconf 80' lang='grc' dir='ltr'><strong>ῥη-</strong></span> 
     </span>
    </p>
   </div>
   <div class='ocr_carea' id='block_1_98' title="bbox 287 5031 1876 5106">
    <p class='ocr_par' dir='ltr' id='par_1_98' title="bbox 287 5031 1876 5106">
     <span class='ocr_line' id='line_1_98' title="bbox 287 5031 1876 5106; baseline -0.005 -15"><span class='ocrx_word' id='word_1_725' title='bbox 287 5038 477 5100; x_wconf 72' lang='grc' dir='ltr'>θέντος</span> <span class='ocrx_word' id='word_1_726' title='bbox 528 5034 891 5104; x_wconf 52' lang='grc' dir='ltr'>συλλογισμοῦ</span> <span class='ocrx_word' id='word_1_727' title='bbox 936 5034 1242 5106; x_wconf 82' lang='grc' dir='ltr'>πρόδηλον·</span> <span class='ocrx_word' id='word_1_728' title='bbox 1290 5032 1480 5102; x_wconf 78' lang='grc' dir='ltr'>ῶσπερ</span> <span class='ocrx_word' id='word_1_729' title='bbox 1528 5033 1636 5101; x_wconf 67' lang='grc' dir='ltr'>γὰρ</span> <span class='ocrx_word' id='word_1_730' title='bbox 1669 5033 1696 5083; x_wconf 84' lang='grc' dir='ltr'>ὁ</span> <span class='ocrx_word' id='word_1_731' title='bbox 1729 5031 1876 5095; x_wconf 69' lang='grc' dir='ltr'>Υἱὸς,</span> 
     </span>
    </p>
   </div>
   <div class='ocr_carea' id='block_1_99' title="bbox 285 5124 1875 5197">
    <p class='ocr_par' dir='ltr' id='par_1_99' title="bbox 285 5124 1875 5197">
     <span class='ocr_line' id='line_1_99' title="bbox 285 5124 1875 5197; baseline -0.005 -12"><span class='ocrx_word' id='word_1_732' title='bbox 285 5136 336 5184; x_wconf 82' lang='grc' dir='ltr'><strong>εί</strong></span> <span class='ocrx_word' id='word_1_733' title='bbox 392 5131 489 5185; x_wconf 75' lang='grc' dir='ltr'>καὶ</span> <span class='ocrx_word' id='word_1_734' title='bbox 534 5129 712 5183; x_wconf 79' lang='grc' dir='ltr'>πάντα</span> <span class='ocrx_word' id='word_1_735' title='bbox 752 5130 823 5181; x_wconf 78' lang='grc' dir='ltr'>τὰ</span> <span class='ocrx_word' id='word_1_736' title='bbox 858 5128 1067 5197; x_wconf 77' lang='grc' dir='ltr'>φυσικὰ</span> <span class='ocrx_word' id='word_1_737' title='bbox 1117 5126 1299 5196; x_wconf 83' lang='grc' dir='ltr'>ἀγαθὰ</span> <span class='ocrx_word' id='word_1_738' title='bbox 1342 5126 1433 5178; x_wconf 89' lang='grc' dir='ltr'><strong>τοῦ</strong></span> <span class='ocrx_word' id='word_1_739' title='bbox 1485 5124 1699 5194; x_wconf 80' lang='grc' dir='ltr'>Πατρδς</span> <span class='ocrx_word' id='word_1_740' title='bbox 1738 5124 1875 5194; x_wconf 76' lang='grc' dir='ltr'>ἔχει,</span> 
     </span>
    </p>
   </div>
   <div class='ocr_carea' id='block_1_100' title="bbox 283 5216 1879 5290">
    <p class='ocr_par' dir='ltr' id='par_1_100' title="bbox 283 5216 1879 5290">
     <span class='ocr_line' id='line_1_100' title="bbox 283 5216 1879 5290; baseline -0.004 -15"><span class='ocrx_word' id='word_1_741' title='bbox 283 5224 393 5275; x_wconf 76' lang='grc' dir='ltr'><strong>οὐκ</strong></span> <span class='ocrx_word' id='word_1_742' title='bbox 435 5221 553 5290; x_wconf 74' lang='grc' dir='ltr'>ἔχει</span> <span class='ocrx_word' id='word_1_743' title='bbox 587 5220 643 5272; x_wconf 76' lang='grc' dir='ltr'>δὲ</span> <span class='ocrx_word' id='word_1_744' title='bbox 671 5221 765 5271; x_wconf 75' lang='grc' dir='ltr'><strong>καὶ</strong></span> <span class='ocrx_word' id='word_1_745' title='bbox 799 5220 861 5272; x_wconf 86' lang='grc' dir='ltr'><strong>τὸ</strong></span> <span class='ocrx_word' id='word_1_746' title='bbox 882 5221 1102 5290; x_wconf 74' lang='grc' dir='ltr'>γεννᾷ-ι,</span> <span class='ocrx_word' id='word_1_747' title='bbox 1135 5220 1363 5286; x_wconf 68' lang='grc' dir='ltr'>φυσικὸν</span> <span class='ocrx_word' id='word_1_748' title='bbox 1409 5217 1612 5285; x_wconf 76' lang='grc' dir='ltr'>ἀγαθὸν</span> <span class='ocrx_word' id='word_1_749' title='bbox 1643 5216 1737 5269; x_wconf 87' lang='grc' dir='ltr'><strong>τοῦ</strong></span> <span class='ocrx_word' id='word_1_750' title='bbox 1770 5218 1879 5269; x_wconf 89' lang='grc' dir='ltr'>Πα-</span> 
     </span>
    </p>
   </div>
   <div class='ocr_carea' id='block_1_101' title="bbox 284 5305 1877 5384">
    <p class='ocr_par' dir='ltr' id='par_1_101' title="bbox 284 5305 1877 5384">
     <span class='ocr_line' id='line_1_101' title="bbox 284 5305 1877 5384; baseline -0.003 -21"><span class='ocrx_word' id='word_1_751' title='bbox 284 5311 417 5384; x_wconf 77' lang='grc' dir='ltr'>τρδς</span> <span class='ocrx_word' id='word_1_752' title='bbox 447 5310 529 5373; x_wconf 80' lang='grc' dir='ltr'>ὃν,</span> <span class='ocrx_word' id='word_1_753' title='bbox 564 5310 625 5362; x_wconf 79' lang='grc' dir='ltr'><strong>οὐ</strong></span> <span class='ocrx_word' id='word_1_754' title='bbox 654 5310 741 5361; x_wconf 74' lang='grc' dir='ltr'>διὰ</span> <span class='ocrx_word' id='word_1_755' title='bbox 781 5308 939 5361; x_wconf 86' lang='grc' dir='ltr'>τοῦτο</span> <span class='ocrx_word' id='word_1_756' title='bbox 983 5309 1083 5375; x_wconf 81' lang='grc' dir='ltr'><strong>τῆς</strong></span> <span class='ocrx_word' id='word_1_757' title='bbox 1115 5310 1209 5361; x_wconf 82' lang='grc' dir='ltr'><strong>τοῦ</strong></span> <span class='ocrx_word' id='word_1_758' title='bbox 1244 5307 1454 5376; x_wconf 84' lang='grc' dir='ltr'>Πατρὸς</span> <span class='ocrx_word' id='word_1_759' title='bbox 1488 5305 1703 5373; x_wconf 83' lang='grc' dir='ltr'>φύσεως</span> <span class='ocrx_word' id='word_1_760' title='bbox 1740 5308 1877 5359; x_wconf 78' lang='grc' dir='ltr'>ἁπο-</span> 
     </span>
    </p>
   </div>
   <div class='ocr_carea' id='block_1_102' title="bbox 283 5397 1878 5470">
    <p class='ocr_par' dir='ltr' id='par_1_102' title="bbox 283 5397 1878 5470">
     <span class='ocr_line' id='line_1_102' title="bbox 283 5397 1878 5470; baseline -0.006 -13"><span class='ocrx_word' id='word_1_761' title='bbox 283 5403 419 5466; x_wconf 84' lang='grc' dir='ltr'>δέει,</span> <span class='ocrx_word' id='word_1_762' title='bbox 460 5400 604 5454; x_wconf 75' lang='grc' dir='ltr'>οὕτω</span> <span class='ocrx_word' id='word_1_763' title='bbox 633 5402 727 5454; x_wconf 73' lang='grc' dir='ltr'><strong>καὶ</strong></span> <span class='ocrx_word' id='word_1_764' title='bbox 765 5400 824 5452; x_wconf 80' lang='grc' dir='ltr'><strong>τὸ</strong></span> <span class='ocrx_word' id='word_1_765' title='bbox 859 5400 1105 5470; x_wconf 79' lang='grc' dir='ltr'>Πνεῦμα,</span> <span class='ocrx_word' id='word_1_766' title='bbox 1138 5401 1187 5451; x_wconf 78' lang='grc' dir='ltr'><strong>εί</strong></span> <span class='ocrx_word' id='word_1_767' title='bbox 1225 5401 1316 5451; x_wconf 63' lang='grc' dir='ltr'><strong>καί⁸</strong></span> <span class='ocrx_word' id='word_1_768' title='bbox 1363 5398 1497 5450; x_wconf 78' lang='grc' dir='ltr'>αὐτὸ</span> <span class='ocrx_word' id='word_1_769' title='bbox 1528 5397 1745 5450; x_wconf 74' lang='grc' dir='ltr'>πάντων</span> <span class='ocrx_word' id='word_1_770' title='bbox 1770 5399 1878 5449; x_wconf 74' lang='grc' dir='ltr'><strong>τῶν</strong></span> 
     </span>
    </p>
   </div>
   <div class='ocr_carea' id='block_1_103' title="bbox 284 5490 1876 5564">
    <p class='ocr_par' dir='ltr' id='par_1_103' title="bbox 284 5490 1876 5564">
     <span class='ocr_line' id='line_1_103' title="bbox 284 5490 1876 5564; baseline -0.004 -16"><span class='ocrx_word' id='word_1_771' title='bbox 284 5494 384 5548; x_wconf 85' lang='grc' dir='ltr'><strong>τοῦ</strong></span> <span class='ocrx_word' id='word_1_772' title='bbox 415 5494 631 5564; x_wconf 77' lang='grc' dir='ltr'>Πατρὸς</span> <span class='ocrx_word' id='word_1_773' title='bbox 679 5494 895 5564; x_wconf 83' lang='grc' dir='ltr'>μετέχει</span> <span class='ocrx_word' id='word_1_774' title='bbox 932 5491 1177 5561; x_wconf 78' lang='grc' dir='ltr'>φυσικῶν</span> <span class='ocrx_word' id='word_1_775' title='bbox 1230 5491 1471 5557; x_wconf 72' lang='grc' dir='ltr'>ἀγαθῶν,</span> <span class='ocrx_word' id='word_1_776' title='bbox 1523 5492 1624 5542; x_wconf 68' lang='grc' dir='ltr'>οὐκ</span> <span class='ocrx_word' id='word_1_777' title='bbox 1666 5490 1778 5559; x_wconf 74' lang='grc' dir='ltr'>ἔχει</span> <span class='ocrx_word' id='word_1_778' title='bbox 1820 5492 1876 5543; x_wconf 66' lang='grc' dir='ltr'>δὲ</span> 
     </span>
    </p>
   </div>
   <div class='ocr_carea' id='block_1_104' title="bbox 358 5648 1879 5724">
    <p class='ocr_par' dir='ltr' id='par_1_104' title="bbox 358 5648 1879 5724">
     <span class='ocr_line' id='line_1_104' title="bbox 358 5648 1879 5724; baseline -0.001 -18"><span class='ocrx_word' id='word_1_779' title='bbox 358 5655 436 5724; x_wconf 84' lang='grc' dir='ltr'><strong>(Ι)</strong></span> <span class='ocrx_word' id='word_1_780' title='bbox 464 5653 723 5708; x_wconf 84' lang='lat' dir='ltr'><strong>Eamdern</strong></span> <span class='ocrx_word' id='word_1_781' title='bbox 754 5652 1046 5724; x_wconf 74' lang='lat' dir='ltr'><strong>imaginem</strong></span> <span class='ocrx_word' id='word_1_782' title='bbox 1113 5651 1314 5724; x_wconf 77' lang='lat' dir='ltr'><strong>evolvit</strong></span> <span class='ocrx_word' id='word_1_783' title='bbox 1354 5651 1557 5706; x_wconf 79' lang='lat' dir='ltr'><strong>Beccus</strong></span> <span class='ocrx_word' id='word_1_784' title='bbox 1592 5650 1684 5704; x_wconf 89' lang='lat' dir='ltr'><strong>0r.</strong></span> <span class='ocrx_word' id='word_1_785' title='bbox 1724 5648 1783 5717; x_wconf 82' lang='grc' dir='ltr'><strong>ΙΙ,</strong></span> <span class='ocrx_word' id='word_1_786' title='bbox 1812 5651 1879 5705; x_wconf 90' lang='lat' dir='ltr'><strong>de</strong></span> 
     </span>
    </p>
   </div>
   <div class='ocr_carea' id='block_1_105' title="bbox 283 5721 1302 5793">
    <p class='ocr_par' dir='ltr' id='par_1_105' title="bbox 283 5721 1302 5793">
     <span class='ocr_line' id='line_1_105' title="bbox 283 5721 1302 5793; baseline -0.002 -15"><span class='ocrx_word' id='word_1_787' title='bbox 283 5721 521 5793; x_wconf 78' lang='lat' dir='ltr'><strong>deposit.</strong></span> <span class='ocrx_word' id='word_1_788' title='bbox 556 5740 610 5776; x_wconf 90' lang='grc' dir='ltr'>ιι.</span> <span class='ocrx_word' id='word_1_789' title='bbox 645 5725 731 5787; x_wconf 73' lang='grc'><strong>15,</strong></span> <span class='ocrx_word' id='word_1_790' title='bbox 766 5722 832 5777; x_wconf 87' lang='lat' dir='ltr'><strong>G.</strong></span> <span class='ocrx_word' id='word_1_791' title='bbox 864 5725 929 5777; x_wconf 87' lang='grc' dir='ltr'>υ.</span> <span class='ocrx_word' id='word_1_792' title='bbox 956 5721 999 5776; x_wconf 87' lang='lat' dir='ltr'><strong>ll</strong></span> <span class='ocrx_word' id='word_1_793' title='bbox 1033 5740 1083 5791; x_wconf 89' lang='lat' dir='ltr'><strong>p.</strong></span> <span class='ocrx_word' id='word_1_794' title='bbox 1113 5721 1302 5793; x_wconf 72' lang='lat'><strong>57-59.</strong></span> 
     </span>
    </p>
   </div>
   <div class='ocr_carea' id='block_1_106' title="bbox 356 5791 1876 5865">
    <p class='ocr_par' dir='ltr' id='par_1_106' title="bbox 356 5791 1876 5865">
     <span class='ocr_line' id='line_1_106' title="bbox 356 5791 1876 5865; baseline 0 -19"><span class='ocrx_word' id='word_1_795' title='bbox 356 5791 435 5865; x_wconf 70' lang='grc' dir='ltr'><strong>(α)</strong></span> <span class='ocrx_word' id='word_1_796' title='bbox 490 5795 611 5848; x_wconf 68' lang='lat' dir='ltr'><strong>Ilaec</strong></span> <span class='ocrx_word' id='word_1_797' title='bbox 668 5796 735 5846; x_wconf 83' lang='lat' dir='ltr'><strong>ad</strong></span> <span class='ocrx_word' id='word_1_798' title='bbox 794 5793 966 5847; x_wconf 85' lang='lat' dir='ltr'><strong>Photii</strong></span> <span class='ocrx_word' id='word_1_799' title='bbox 1001 5809 1120 5861; x_wconf 88' lang='lat' dir='ltr'><strong>cap.</strong></span> <span class='ocrx_word' id='word_1_800' title='bbox 1152 5792 1221 5845; x_wconf 74' lang='lat'><strong>35</strong></span> <span class='ocrx_word' id='word_1_801' title='bbox 1284 5791 1585 5861; x_wconf 86' lang='lat' dir='ltr'><strong>responsio,</strong></span> <span class='ocrx_word' id='word_1_802' title='bbox 1631 5792 1674 5845; x_wconf 87' lang='lat' dir='ltr'><strong>si</strong></span> <span class='ocrx_word' id='word_1_803' title='bbox 1695 5793 1876 5846; x_wconf 87' lang='lat' dir='ltr'><strong>adhuc</strong></span> 
     </span>
    </p>
   </div>
   <div class='ocr_carea' id='block_1_107' title="bbox 286 5864 1875 5935">
    <p class='ocr_par' dir='ltr' id='par_1_107' title="bbox 286 5864 1875 5935">
     <span class='ocr_line' id='line_1_107' title="bbox 286 5864 1875 5935; baseline -0.003 -15"><span class='ocrx_word' id='word_1_804' title='bbox 286 5864 426 5935; x_wconf 61' lang='lat' dir='ltr'><strong>Opus</strong></span> <span class='ocrx_word' id='word_1_805' title='bbox 487 5875 630 5918; x_wconf 65' lang='lat' dir='ltr'><strong>esset</strong></span> <span class='ocrx_word' id='word_1_806' title='bbox 662 5866 1007 5933; x_wconf 83' lang='lat' dir='ltr'><strong>probatione,</strong></span> <span class='ocrx_word' id='word_1_807' title='bbox 1055 5867 1357 5919; x_wconf 78' lang='lat' dir='ltr'><strong>luculenter</strong></span> <span class='ocrx_word' id='word_1_808' title='bbox 1396 5864 1674 5932; x_wconf 74' lang='lat' dir='ltr'><strong>probaret,</strong></span> <span class='ocrx_word' id='word_1_809' title='bbox 1713 5881 1741 5916; x_wconf 79' lang='grc' dir='ltr'><strong>ιι</strong></span> <span class='ocrx_word' id='word_1_810' title='bbox 1781 5878 1875 5917; x_wconf 86' lang='grc' dir='ltr'>ιιο-</span> 
     </span>
    </p>
   </div>
   <div class='ocr_carea' id='block_1_108' title="bbox 1988 4669 3571 4738">
    <p class='ocr_par' dir='ltr' id='par_1_108' title="bbox 1988 4669 3571 4738">
     <span class='ocr_line' id='line_1_108' title="bbox 1988 4669 3571 4738; baseline 0.004 -17"><span class='ocrx_word' id='word_1_811' title='bbox 1988 4669 2213 4738; x_wconf 69' lang='lat' dir='ltr'><strong>reperiri</strong></span> <span class='ocrx_word' id='word_1_812' title='bbox 2269 4670 2527 4722; x_wconf 86' lang='lat' dir='ltr'><strong>naturale</strong></span> <span class='ocrx_word' id='word_1_813' title='bbox 2580 4669 2807 4733; x_wconf 89' lang='lat' dir='ltr'><strong>bonum,</strong></span> <span class='ocrx_word' id='word_1_814' title='bbox 2869 4670 3014 4738; x_wconf 87' lang='lat' dir='ltr'><strong>quod</strong></span> <span class='ocrx_word' id='word_1_815' title='bbox 3057 4670 3272 4727; x_wconf 87' lang='lat' dir='ltr'><strong>duabus</strong></span> <span class='ocrx_word' id='word_1_816' title='bbox 3303 4674 3571 4729; x_wconf 73' lang='lat' dir='ltr'><strong>duntaxat</strong></span> 
     </span>
    </p>
   </div>
   <div class='ocr_carea' id='block_1_109' title="bbox 1988 4761 3567 4832">
    <p class='ocr_par' dir='ltr' id='par_1_109' title="bbox 1988 4761 3567 4832">
     <span class='ocr_line' id='line_1_109' title="bbox 1988 4761 3567 4832; baseline 0.003 -17"><span class='ocrx_word' id='word_1_817' title='bbox 1988 4761 2237 4831; x_wconf 87' lang='lat' dir='ltr'><strong>personis</strong></span> <span class='ocrx_word' id='word_1_818' title='bbox 2281 4761 2410 4813; x_wconf 89' lang='lat' dir='ltr'><strong>insit</strong></span> <span class='ocrx_word' id='word_1_819' title='bbox 2459 4761 2873 4825; x_wconf 85' lang='lat' dir='ltr'><strong>communiter;</strong></span> <span class='ocrx_word' id='word_1_820' title='bbox 2930 4777 3078 4815; x_wconf 89' lang='lat' dir='ltr'><strong>nunc</strong></span> <span class='ocrx_word' id='word_1_821' title='bbox 3126 4777 3277 4827; x_wconf 77' lang='lat' dir='ltr'><strong>vero,</strong></span> <span class='ocrx_word' id='word_1_822' title='bbox 3305 4766 3567 4832; x_wconf 86' lang='lat' dir='ltr'><strong>quoniam</strong></span> 
     </span>
    </p>
   </div>
   <div class='ocr_carea' id='block_1_110' title="bbox 1985 4849 3569 4918">
    <p class='ocr_par' dir='ltr' id='par_1_110' title="bbox 1985 4849 3569 4918">
     <span class='ocr_line' id='line_1_110' title="bbox 1985 4849 3569 4918; baseline 0.003 -15"><span class='ocrx_word' id='word_1_823' title='bbox 1985 4850 2154 4904; x_wconf 83' lang='lat' dir='ltr'><strong>Filius</strong></span> <span class='ocrx_word' id='word_1_824' title='bbox 2199 4849 2450 4903; x_wconf 85' lang='lat' dir='ltr'><strong>naturale</strong></span> <span class='ocrx_word' id='word_1_825' title='bbox 2504 4850 2751 4918; x_wconf 90' lang='lat' dir='ltr'><strong>possidet</strong></span> <span class='ocrx_word' id='word_1_826' title='bbox 2803 4851 3005 4904; x_wconf 89' lang='lat' dir='ltr'><strong>bonum</strong></span> <span class='ocrx_word' id='word_1_827' title='bbox 3046 4868 3171 4905; x_wconf 92' lang='lat' dir='ltr'><strong>cum</strong></span> <span class='ocrx_word' id='word_1_828' title='bbox 3222 4852 3383 4909; x_wconf 84' lang='lat' dir='ltr'><strong>Patre</strong></span> <span class='ocrx_word' id='word_1_829' title='bbox 3414 4872 3569 4909; x_wconf 82' lang='lat' dir='ltr'><strong>com-</strong></span> 
     </span>
    </p>
   </div>
   <div class='ocr_carea' id='block_1_111' title="bbox 1986 4939 3571 5017">
    <p class='ocr_par' dir='ltr' id='par_1_111' title="bbox 1986 4939 3571 5017">
     <span class='ocr_line' id='line_1_111' title="bbox 1986 4939 3571 5017; baseline 0.004 -24"><span class='ocrx_word' id='word_1_830' title='bbox 1986 4957 2171 5007; x_wconf 85' lang='lat' dir='ltr'><strong>mune,</strong></span> <span class='ocrx_word' id='word_1_831' title='bbox 2224 4941 2352 5009; x_wconf 87' lang='lat' dir='ltr'><strong>quia</strong></span> <span class='ocrx_word' id='word_1_832' title='bbox 2409 4939 2649 5009; x_wconf 83' lang='lat' dir='ltr'><strong>Spiritus</strong></span> <span class='ocrx_word' id='word_1_833' title='bbox 2700 4940 2879 4996; x_wconf 84' lang='lat' dir='ltr'><strong>Patris</strong></span> <span class='ocrx_word' id='word_1_834' title='bbox 2925 4954 3006 4997; x_wconf 88' lang='lat' dir='ltr'><strong>est</strong></span> <span class='ocrx_word' id='word_1_835' title='bbox 3056 4960 3275 5014; x_wconf 85' lang='lat' dir='ltr'><strong>quoque</strong></span> <span class='ocrx_word' id='word_1_836' title='bbox 3333 4945 3571 5017; x_wconf 77' lang='lat' dir='ltr'><strong>Spiritus</strong></span> 
     </span>
    </p>
   </div>
   <div class='ocr_carea' id='block_1_112' title="bbox 1985 5034 3567 5108">
    <p class='ocr_par' dir='ltr' id='par_1_112' title="bbox 1985 5034 3567 5108">
     <span class='ocr_line' id='line_1_112' title="bbox 1985 5034 3567 5108; baseline 0.004 -21"><span class='ocrx_word' id='word_1_837' title='bbox 1985 5034 2154 5104; x_wconf 84' lang='lat' dir='ltr'><strong>ipsius</strong></span> <span class='ocrx_word' id='word_1_838' title='bbox 2196 5045 2249 5087; x_wconf 92' lang='lat' dir='ltr'><strong>et</strong></span> <span class='ocrx_word' id='word_1_839' title='bbox 2302 5034 2429 5101; x_wconf 90' lang='lat' dir='ltr'><strong>quia</strong></span> <span class='ocrx_word' id='word_1_840' title='bbox 2486 5035 2686 5087; x_wconf 86' lang='lat' dir='ltr'><strong>emittit</strong></span> <span class='ocrx_word' id='word_1_841' title='bbox 2729 5045 2783 5089; x_wconf 90' lang='lat' dir='ltr'><strong>et</strong></span> <span class='ocrx_word' id='word_1_842' title='bbox 2827 5037 2943 5102; x_wconf 90' lang='lat' dir='ltr'><strong>ipse</strong></span> <span class='ocrx_word' id='word_1_843' title='bbox 2991 5036 3567 5108; x_wconf 80' lang='lat' dir='ltr'><strong>Spiritntn,qnemad-</strong></span> 
     </span>
    </p>
   </div>
   <div class='ocr_carea' id='block_1_113' title="bbox 1985 5124 3566 5201">
    <p class='ocr_par' dir='ltr' id='par_1_113' title="bbox 1985 5124 3566 5201">
     <span class='ocr_line' id='line_1_113' title="bbox 1985 5124 3566 5201; baseline 0.003 -21"><span class='ocrx_word' id='word_1_844' title='bbox 1985 5128 2206 5180; x_wconf 89' lang='lat' dir='ltr'><strong>modum</strong></span> <span class='ocrx_word' id='word_1_845' title='bbox 2250 5136 2303 5180; x_wconf 89' lang='lat' dir='ltr'><strong>et</strong></span> <span class='ocrx_word' id='word_1_846' title='bbox 2332 5124 2515 5191; x_wconf 86' lang='lat' dir='ltr'><strong>Pater,</strong></span> <span class='ocrx_word' id='word_1_847' title='bbox 2567 5128 2794 5182; x_wconf 76' lang='lat' dir='ltr'><strong>evidens</strong></span> <span class='ocrx_word' id='word_1_848' title='bbox 2845 5135 2929 5183; x_wconf 86' lang='lat' dir='ltr'><strong>est</strong></span> <span class='ocrx_word' id='word_1_849' title='bbox 2971 5130 3213 5197; x_wconf 72' lang='lat' dir='ltr'><strong>praedicti</strong></span> <span class='ocrx_word' id='word_1_850' title='bbox 3262 5132 3566 5201; x_wconf 70' lang='lat' dir='ltr'><strong>syllogismi</strong></span> 
     </span>
    </p>
   </div>
   <div class='ocr_carea' id='block_1_114' title="bbox 1984 5218 3569 5282">
    <p class='ocr_par' dir='ltr' id='par_1_114' title="bbox 1984 5218 3569 5282">
     <span class='ocr_line' id='line_1_114' title="bbox 1984 5218 3569 5282; baseline 0.004 -9"><span class='ocrx_word' id='word_1_851' title='bbox 1984 5218 2295 5273; x_wconf 80' lang='lat' dir='ltr'><strong>inﬁrmitas.</strong></span> <span class='ocrx_word' id='word_1_852' title='bbox 2343 5218 2499 5272; x_wconf 90' lang='lat' dir='ltr'><strong>Sicut</strong></span> <span class='ocrx_word' id='word_1_853' title='bbox 2542 5220 2687 5273; x_wconf 90' lang='lat' dir='ltr'><strong>enim</strong></span> <span class='ocrx_word' id='word_1_854' title='bbox 2745 5218 2942 5282; x_wconf 80' lang='lat' dir='ltr'><strong>Filius,</strong></span> <span class='ocrx_word' id='word_1_855' title='bbox 2992 5224 3092 5274; x_wconf 88' lang='lat' dir='ltr'><strong>etsi</strong></span> <span class='ocrx_word' id='word_1_856' title='bbox 3157 5225 3341 5277; x_wconf 82' lang='lat' dir='ltr'><strong>Omnia</strong></span> <span class='ocrx_word' id='word_1_857' title='bbox 3406 5226 3569 5279; x_wconf 79' lang='lat' dir='ltr'><strong>habet</strong></span> 
     </span>
    </p>
   </div>
   <div class='ocr_carea' id='block_1_115' title="bbox 1984 5310 3568 5386">
    <p class='ocr_par' dir='ltr' id='par_1_115' title="bbox 1984 5310 3568 5386">
     <span class='ocr_line' id='line_1_115' title="bbox 1984 5310 3568 5386; baseline 0.003 -21"><span class='ocrx_word' id='word_1_858' title='bbox 1984 5311 2254 5367; x_wconf 88' lang='lat' dir='ltr'><strong>naturalia</strong></span> <span class='ocrx_word' id='word_1_859' title='bbox 2308 5310 2486 5365; x_wconf 84' lang='lat' dir='ltr'><strong>Patris</strong></span> <span class='ocrx_word' id='word_1_860' title='bbox 2537 5312 2703 5375; x_wconf 87' lang='lat' dir='ltr'><strong>bona,</strong></span> <span class='ocrx_word' id='word_1_861' title='bbox 2760 5328 2869 5366; x_wconf 92' lang='lat' dir='ltr'><strong>non</strong></span> <span class='ocrx_word' id='word_1_862' title='bbox 2918 5324 3099 5367; x_wconf 77' lang='lat' dir='ltr'><strong>tamen</strong></span> <span class='ocrx_word' id='word_1_863' title='bbox 3144 5316 3306 5370; x_wconf 82' lang='lat' dir='ltr'><strong>habet</strong></span> <span class='ocrx_word' id='word_1_864' title='bbox 3351 5331 3568 5386; x_wconf 82' lang='lat' dir='ltr'><strong>qunque</strong></span> 
     </span>
    </p>
   </div>
   <div class='ocr_carea' id='block_1_116' title="bbox 1982 5403 3565 5472">
    <p class='ocr_par' dir='ltr' id='par_1_116' title="bbox 1982 5403 3565 5472">
     <span class='ocr_line' id='line_1_116' title="bbox 1982 5403 3565 5472; baseline 0.003 -16"><span class='ocrx_word' id='word_1_865' title='bbox 1982 5404 2275 5472; x_wconf 85' lang='lat' dir='ltr'><strong>generandi</strong></span> <span class='ocrx_word' id='word_1_866' title='bbox 2310 5406 2439 5466; x_wconf 61' lang='lat' dir='ltr'><strong>vin»,</strong></span> <span class='ocrx_word' id='word_1_867' title='bbox 2466 5418 2588 5472; x_wconf 77' lang='lat' dir='ltr'><strong>qua:</strong></span> <span class='ocrx_word' id='word_1_868' title='bbox 2614 5405 2861 5457; x_wconf 79' lang='lat' dir='ltr'><strong>naturale</strong></span> <span class='ocrx_word' id='word_1_869' title='bbox 2890 5403 3066 5459; x_wconf 72' lang='lat' dir='ltr'><strong>Patris</strong></span> <span class='ocrx_word' id='word_1_870' title='bbox 3092 5407 3290 5460; x_wconf 79' lang='lat' dir='ltr'><strong>bonum</strong></span> <span class='ocrx_word' id='word_1_871' title='bbox 3325 5410 3565 5472; x_wconf 56' lang='lat' dir='ltr'><strong>exsistit,</strong></span> 
     </span>
    </p>
   </div>
   <div class='ocr_carea' id='block_1_117' title="bbox 1983 5496 3565 5569">
    <p class='ocr_par' dir='ltr' id='par_1_117' title="bbox 1983 5496 3565 5569">
     <span class='ocr_line' id='line_1_117' title="bbox 1983 5496 3565 5569; baseline 0.005 -19"><span class='ocrx_word' id='word_1_872' title='bbox 1983 5514 2088 5550; x_wconf 88' lang='lat' dir='ltr'><strong>non</strong></span> <span class='ocrx_word' id='word_1_873' title='bbox 2122 5497 2242 5550; x_wconf 82' lang='lat' dir='ltr'><strong>ideo</strong></span> <span class='ocrx_word' id='word_1_874' title='bbox 2276 5507 2489 5550; x_wconf 73' lang='lat' dir='ltr'><strong>natura:</strong></span> <span class='ocrx_word' id='word_1_875' title='bbox 2523 5496 2708 5552; x_wconf 81' lang='lat' dir='ltr'><strong>l‘..tris</strong></span> <span class='ocrx_word' id='word_1_876' title='bbox 2745 5514 2946 5567; x_wconf 72' lang='lat' dir='ltr'><strong>expers</strong></span> <span class='ocrx_word' id='word_1_877' title='bbox 2976 5510 3060 5554; x_wconf 87' lang='lat' dir='ltr'><strong>est</strong></span> <span class='ocrx_word' id='word_1_878' title='bbox 3091 5518 3103 5553; x_wconf 88' lang='lat'>:</span> <span class='ocrx_word' id='word_1_879' title='bbox 3133 5501 3205 5553; x_wconf 81' lang='lat' dir='ltr'><strong>ita</strong></span> <span class='ocrx_word' id='word_1_880' title='bbox 3238 5511 3291 5554; x_wconf 86' lang='lat' dir='ltr'><strong>et</strong></span> <span class='ocrx_word' id='word_1_881' title='bbox 3329 5504 3565 5569; x_wconf 70' lang='lat' dir='ltr'><strong>Spiritus</strong></span> 
     </span>
    </p>
   </div>
   <div class='ocr_carea' id='block_1_118' title="bbox 1982 5653 3569 5724">
    <p class='ocr_par' dir='ltr' id='par_1_118' title="bbox 1982 5653 3569 5724">
     <span class='ocr_line' id='line_1_118' title="bbox 1982 5653 3569 5724; baseline 0.004 -15"><span class='ocrx_word' id='word_1_882' title='bbox 1982 5656 2064 5709; x_wconf 85' lang='lat' dir='ltr'><strong>his</strong></span> <span class='ocrx_word' id='word_1_883' title='bbox 2122 5670 2264 5709; x_wconf 77' lang='lat' dir='ltr'><strong>ri-ete</strong></span> <span class='ocrx_word' id='word_1_884' title='bbox 2323 5655 2641 5724; x_wconf 78' lang='grc' dir='ltr'>Πνεύματος</span> <span class='ocrx_word' id='word_1_885' title='bbox 2696 5654 2929 5723; x_wconf 87' lang='lat' dir='ltr'><strong>positum</strong></span> <span class='ocrx_word' id='word_1_886' title='bbox 2984 5653 3172 5719; x_wconf 61' lang='lat' dir='ltr'><strong>fuisse,</strong></span> <span class='ocrx_word' id='word_1_887' title='bbox 3214 5658 3301 5711; x_wconf 81' lang='lat' dir='ltr'><strong>ubi</strong></span> <span class='ocrx_word' id='word_1_888' title='bbox 3351 5659 3569 5715; x_wconf 78' lang='lat' dir='ltr'><strong>Codices</strong></span> 
     </span>
    </p>
   </div>
   <div class='ocr_carea' id='block_1_119' title="bbox 1981 5727 3560 5795">
    <p class='ocr_par' dir='ltr' id='par_1_119' title="bbox 1981 5727 3560 5795">
     <span class='ocr_line' id='line_1_119' title="bbox 1981 5727 3560 5795; baseline 0.006 -18"><span class='ocrx_word' id='word_1_889' title='bbox 1981 5729 2151 5778; x_wconf 77' lang='lat' dir='ltr'><strong>nostri</strong></span> <span class='ocrx_word' id='word_1_890' title='bbox 2192 5728 2501 5780; x_wconf 72' lang='lat' dir='ltr'><strong>habuerunt</strong></span> <span class='ocrx_word' id='word_1_891' title='bbox 2537 5728 2767 5795; x_wconf 82' lang='grc' dir='ltr'>Πατρός.</span> <span class='ocrx_word' id='word_1_892' title='bbox 2807 5727 3027 5781; x_wconf 82' lang='lat' dir='ltr'><strong>Rectam</strong></span> <span class='ocrx_word' id='word_1_893' title='bbox 3082 5727 3367 5782; x_wconf 78' lang='lat' dir='ltr'><strong>lectionem</strong></span> <span class='ocrx_word' id='word_1_894' title='bbox 3399 5740 3560 5787; x_wconf 76' lang='lat' dir='ltr'><strong>etiam</strong></span> 
     </span>
    </p>
   </div>
   <div class='ocr_carea' id='block_1_120' title="bbox 1982 5795 3229 5853">
    <p class='ocr_par' dir='ltr' id='par_1_120' title="bbox 1982 5795 3229 5853">
     <span class='ocr_line' id='line_1_120' title="bbox 1982 5795 3229 5853; baseline 0.003 -4"><span class='ocrx_word' id='word_1_895' title='bbox 1982 5797 2034 5849; x_wconf 91' lang='lat' dir='ltr'><strong>in</strong></span> <span class='ocrx_word' id='word_1_896' title='bbox 2064 5796 2235 5850; x_wconf 77' lang='lat' dir='ltr'><strong>Phorii</strong></span> <span class='ocrx_word' id='word_1_897' title='bbox 2265 5808 2409 5851; x_wconf 74' lang='grc' dir='ltr'>ιολιιι</span> <span class='ocrx_word' id='word_1_898' title='bbox 2442 5808 2582 5850; x_wconf 63' lang='lat' dir='ltr'><strong>tenet</strong></span> <span class='ocrx_word' id='word_1_899' title='bbox 2612 5799 2779 5852; x_wconf 78' lang='lat' dir='ltr'><strong>codex</strong></span> <span class='ocrx_word' id='word_1_900' title='bbox 2810 5795 3229 5853; x_wconf 82' lang='lat' dir='ltr'><strong>Laurentianus.</strong></span> 
     </span>
    </p>
   </div>
  </div>
