4214 6448
210 352 311 420 785

956 358 1391 422 REFU'I‘ATIO
1434 364 1803 425 PHOTIANI
1870 367 2081 426 LIBRI
2130 367 2224 426 DE
2269 367 2576 428 SPIRITU
2617 368 2673 426 S.

3361 370 3463 432 786

205 466 323 528 πῶς
370 464 557 518 λαϐὼν
605 466 631 518 6
667 467 795 530 Υἰὸς
840 468 989 537 παρὰ
1040 468 1135 522 τοῦ
1183 472 1395 543 Πατρδς
1431 475 1492 526 τὸ
1530 478 1795 544 προάγειν

1902 477 2044 529 binm
2091 493 2298 540 moves,
2340 476 2613 545 quomodo
2656 475 2828 530 Filius
2875 491 2903 530 a
2948 476 3105 532 Patre
3138 488 3355 543 nactus,
3407 491 3466 534 ttt

204 555 447 623 ὀμοφυὲς
476 556 663 626 ἕτερον
694 557 754 608 οὗ
786 556 1088 626 μετέδωκεν
1118 559 1264 629 αὐτῷ
1298 562 1395 629 τῆς
1426 562 1595 632 αὐτῆς
1630 566 1786 619 6W5!-

207 662 351 711 μεως
383 646 476 697 καὶ
512 648 699 715 τιμῆς,
751 647 838 699 ἴνα
873 648 1002 700 αὐτὸ
1047 650 1206 701 πάλιν
1231 652 1501 718 ὁμοφυοῦς
1553 656 1786 709 ὑποστά-

206 751 340 797 σεως
365 737 582 806 προόδῳ
608 737 1013 807 ἐναγλαῖζηται,
1041 740 1192 791 οὐδὲν
1232 741 1418 811 ἓτερον
1448 747 1525 807 εἰς
1567 744 1789 814 ἔλεγχον

204 825 307 876 τῶν
336 828 665 896 παραλόγως
699 824 838 880 οὕτω
891 845 973 880 σοι
1030 828 1417 899 πλαττομένων
1467 836 1721 905 εὑρήσεις
1756 834 1788 903 ἢ

202 917 289 967 τὸν
321 917 808 985 δογματικώτατον
844 920 1111 988 Κύριλλον
1136 922 1199 973 ὲκ
1232 922 1325 975 τοῦ
1354 924 1484 977 Υίοῠ
1520 928 1709 994 προϊὸν
1731 927 1792 980 τὸ

204 1007 431 1075 Πνεῦμα
462 1009 818 1077 ϐεολογοῦντα
842 1029 854 1041 ·
887 1007 1039 1070 οὗτος
1079 1011 1172 1062 καὶ
1210 1015 1317 1084 γὰρ
1344 1016 1400 1067 ἰν
1423 1018 1489 1084 τῇ
1524 1017 1791 1087 ἑρμηνείᾳ

198 1098 291 1150 τοῦ
326 1100 474 1151 κατὰ
517 1100 769 1166 Ἰωάννην
818 1103 1151 1172 Εὑαγγελίου
1188 1108 1356 1168 οὕτως
1390 1109 1493 1175 ἔφη
1522 1120 1535 1134 ⁸
1568 1110 1649 1160 Οὺ
1679 1107 1790 1176 τὰρ

196 1188 529 1255 ἀλλότριον
555 1190 665 1257 τῆς
695 1192 800 1244 τοῦ
851 1197 1233 1262 Maro-rerch
1268 1198 1484 1261 οὐσίας
1517 1197 1583 1249 τὸ
1618 1195 1791 1264 ἅγιον

197 1279 428 1332 νοεῖται
452 1283 727 1350 Πνεῦμα·
761 1285 997 1350 πρόεισι
1016 1286 1084 1338 δὲ
1107 1286 1371 1355 φυσικῶς
1399 1287 1466 1350 ἐξ
1486 1285 1786 1358 αὐτοῦ(1)·

198 1371 294 1421 καὶ
336 1372 503 1423 πάλιν
534 1374 590 1422 ἐν
621 1374 697 1441 τῷ
727 1376 892 1444 τρίτῳ
922 1377 1027 1428 τῶν
1072 1380 1208 1448 πρὸς
1246 1380 1506 1449 Ἑρμείαν
1533 1397 1545 1409 ·
1584 1382 1785 1446 Ἀθρει

197 1462 273 1528 δὴ
334 1459 454 1517 οὖν
492 1465 588 1518 καί
635 1466 731 1519 διὰ
782 1470 1007 1521 τούτων
1064 1471 1134 1534 ἐξ
1187 1470 1339 1525 ἰδίου
1388 1472 1787 1540 πληρώματος

196 1556 487 1623 xpol‘érta
519 1559 627 1609 τεν
664 1560 799 1611 Υἱὸι·
824 1561 890 1612 τὸ
925 1560 1080 1614 (dior
1105 1562 1291 1616 αὐτοῦ
1323 1564 1419 1617 καί
1448 1564 1786 1630 ἐναποσλή-

1895 568 2039 621 aliud
2077 568 2548 622 consubstantiale
2602 566 2894 633 producat,
2939 584 3047 621 non
3080 566 3181 637 ipsi
3218 570 3466 623 eannlem

1898 661 2149 713 virtutem
2182 660 2548 730 eumdemqne
2579 659 2839 713 honorem
2872 660 3381 724 comtnunicaverit,
3409 670 3471 715 ιιι

1894 761 1947 804 et
1978 754 2091 820 ipse
2128 752 2313 806 itidem
2352 752 2580 821 gloriam
2628 752 2832 806 habeat
2886 752 3052 805 alium
3098 752 3467 807 consubstan-

1895 844 2075 897 tialem
2112 844 2444 912 producendi
2489 844 2631 913 (cap.
2685 842 2779 913 40)
2826 861 2840 897 :
2890 844 3027 898 nihil
3055 844 3202 899 aliud
3232 844 3298 899 ad
3324 844 3481 898 rerum

1894 935 2054 989 tanda
2109 935 2246 990 adeo
2301 944 2505 990 temere
2545 952 2575 990 a
2612 944 2665 990 te
2691 935 2926 990 conﬁcta
2974 936 3214 1003 reperies
3258 935 3362 990 nisi
3414 935 3468 989 in

1893 1026 2237 1096 dogmatibus
2260 1028 2639 1081 acutissimum
2655 1026 2940 1097 Cyrillum,
2965 1027 3058 1096 qui
3089 1042 3151 1080 ex
3177 1026 3315 1081 Filio
3341 1041 3470 1096 pro-

1891 1115 2148 1169 deuntem
2189 1116 2452 1186 Spiritum
2498 1116 2786 1185 praadicat.
2821 1116 2924 1170 llic
2966 1116 3111 1169 enim
3144 1115 3197 1169 in
3244 1116 3471 1182 Exposi-

1891 1208 2039 1261 tione
2073 1207 2347 1275 Evangelii
2392 1207 2690 1262 svcundum
2742 1206 3009 1261 Joannem
3058 1208 3129 1259 ita
3184 1208 3465 1271 loquitur:

1894 1296 2016 1350 Non
2068 1299 2204 1351 enim
2248 1299 2452 1352 alienus
2499 1315 2532 1351 a
2577 1297 2873 1351 substantia
2918 1296 3193 1367 Unigeniti
3236 1297 3472 1367 Spiritus

1889 1400 2105 1443 sanctus
2138 1389 2575 1459 intelligitur,sed
2610 1406 2673 1443 e1:
2704 1391 2816 1459 ipso
2846 1392 3167 1444 naturaliter
3193 1389 3471 1461 progredi-

1889 1486 1995 1531 tur.
2034 1476 2099 1531 Et
2138 1492 2355 1532 rursum
2393 1477 2532 1531 libro
2575 1480 2736 1531 tertio
2768 1478 2836 1531 ad
2873 1478 3151 1532 Hermian:
3184 1496 3198 1533 :
3242 1478 3472 1531 Proinde

1885 1570 2019 1635 ride,
2056 1568 2289 1631 obsecro,
2320 1570 2479 1622 etiant
2536 1586 2599 1622 e1:
2651 1570 2729 1623 Itis
2774 1568 2978 1623 Filium
3013 1572 3290 1638 proprium
3316 1585 3472 1622 suum

193 1664 311 1712 τως
335 1648 687 1716 ἐμπεφυκὸς
708 1651 877 1720 ἅγιον
898 1654 1160 1722 Πνεῦμα,
1194 1656 1269 1708 δι’
1300 1650 1373 1711 οὖ
1402 1654 1571 1711 πᾶσα
1611 1655 1783 1721 δόσις

1886 1670 1935 1714 et
1963 1662 2180 1713 insitum
2224 1663 2326 1723 ita,
2390 1672 2583 1713 utnon
2619 1663 2933 1731 abjiciatur,
2987 1662 3251 1731 Spiritum
3306 1678 3468 1715 sanc-

196 1740 397 1808 ἀταθή
427 1742 527 1809 ('2).
560 1741 715 1794 Οὕτω
759 1744 886 1810 χοῦν
926 1744 1021 1797 τοῦ
1073 1746 1311 1813 μεγάλου
1357 1746 1637 1818 εἰρηκότος
1670 1748 1783 1798 Ku-

1887 1762 2018 1816 tum,
2053 1767 2144 1820 per
2173 1768 2320 1820 quem
2350 1768 2498 1804 autne
2525 1752 2714 1804 bonum
2748 1752 2965 1813 donum,
3005 1754 3066 1805 de
3094 1770 3193 1805 sua
3219 1752 3464 1820 plenitu-

198 1832 384 1899 ρίλὶου
430 1833 492 1884 τὸ
540 1836 760 1901 Πνεῦμα
794 1838 857 1887 ἐκ
896 1836 989 1888 τοῦ
1028 1836 1155 1889 Υἰοῦ
1191 1838 1398 1906 προϊὸν,
1445 1841 1786 1908 κατήργηται

1891 1844 2010 1896 dine
2034 1844 2329 1895 demisisse.
2397 1841 2535 1896 Cum
2566 1842 2731 1909 igitur
2779 1842 2881 1895 hoc
2919 1852 3081 1911 pacto
3117 1858 3347 1911 magnus
3371 1842 3475 1911 Cy-

200 1923 301 1988 μὲν
338 1926 371 1988 ἡ
406 1926 487 1983 εἰς
519 1925 688 1977 αἴτιον
720 1927 807 1976 καὶ
840 1926 1008 1980 αἴτιον
1042 1927 1305 1997 διαίρεσις
1329 1926 1422 1981 τοῦ
1452 1928 1662 1997 Πατρδς
1695 1929 1790 1981 καὶ

193 2014 289 2069 τοῦ
326 2016 486 2078 Tia-3,
538 2019 719 2071 καὶτὸ
777 2019 975 2088 μᾶλλον
1022 2021 1116 2074 καὶ
1146 2016 1306 2091 ἦττον
1356 2021 1451 2075 καὶ⁵
1492 2022 1643 2075 νόθον
1692 2023 1789 2091 τῆς

194 2109 384 2171 αἰτίας
420 2111 517 2162 καὶ
544 2111 862 2164 ἐπείσακτον
896 2127 913 2144 ο
945 2114 1287 2183 κατήργηται
1318 2113 1374 2166 δὲ
1406 2113 1467 2167 τὸ
1494 2113 1788 2183 διαπορεῖν,

197 2202 315 2263 πῶς
345 2204 375 2253 6
400 2201 527 2264 Υἱὸς
552 2204 806 2273 προάγων
835 2204 894 2256 τὺ
924 2204 1148 2274 Πνεῦμα
1177 2206 1235 2255 οὐ
1266 2206 1617 2275 μεταδίδωσιν
1640 2205 1790 2275 αὐτῷ

197 2295 297 2359 τῆς
330 2294 509 2361 αὐτῆς
536 2294 816 2364 δυνάμεως
842 2296 930 2347 καὶ
958 2297 1122 2364 τιμῆς
1166 2296 1253 2349 διὰ
1282 2298 1341 2349 τὸ
1373 2298 1556 2365 κοινὴν
1581 2298 1789 2349 ἔννοιαν

198 2380 367 2446 εἶναι,
422 2385 589 2453 μηδὲν
616 2401 667 2437 τι
720 2385 827 2438 τῶν
877 2386 1132 2439 τοιούτων
1162 2387 1475 2457 φρονείσοαι
1526 2387 1602 2457 τῷ
1646 2388 1787 2458 ἁγίῳ

198 2477 483 2547 Κυρίλλῳ.

1896 1930 2054 1985 rillus
2091 1930 2354 2000 Spiritum
2385 1944 2451 1983 ex
2486 1930 2623 1984 Filio
2654 1929 2852 1984 dixerit
2885 1930 3265 2000 prodeuntem,
3291 1929 3471 1983 inanis

1896 2022 2057 2093 plane
2100 2020 2307 2075 reddita
2346 2028 2401 2075 et
2442 2022 2727 2090 proﬂigata
2784 2028 2871 2075 est
2921 2020 3011 2075 illa
3058 2020 3112 2074 in
3160 2035 3383 2074 causam
3416 2028 3473 2074 et

1896 2128 2120 2169 causam
2157 2113 2354 2167 divisio
2389 2112 2568 2167 Patris
2590 2124 2642 2167 et
2666 2111 2965 2176 Fdii,illud
2999 2112 3178 2179 magis
3200 2120 3255 2164 et
3288 2111 3471 2165 minus

1896 2205 1949 2259 in
1986 2207 2327 2268 causatione,
2360 2206 2608 2273 spnrium
2647 2204 2781 2257 illud
2817 2216 2872 2257 et
2907 2204 3266 2264 adscititium.
3292 2204 3474 2259 inanis

1894 2313 2110 2367 quoque
2142 2296 2333 2351 eﬂecta
2369 2306 2455 2349 est
2495 2296 2582 2350 illa
2628 2295 2901 2350 dubitatio
2926 2336 2941 2358 ,
2986 2299 3263 2367 quomodo
3300 2295 3472 2351 Filius

1895 2388 2157 2458 Spiritum
2190 2389 2495 2457 producens
2533 2402 2638 2439 non
2682 2387 3055 2459 communicet
3085 2388 3186 2458 ipsi
3222 2387 3469 2441 eamdem

1895 2480 2146 2535 virtutem
2195 2480 2562 2546 eamdemque
2607 2479 2914 2545 honorem,
2967 2482 3096 2549 quia
3155 2479 3469 2535 communis

197 2587 401 2628 sensus
433 2574 659 2646 flagitat,
708 2589 765 2635 ut
797 2581 1021 2636 minime
1095 2582 1484 2648 adtnittantus,
1516 2584 1812 2655 cogitatum
1852 2593 2043 2641 sancto
2084 2580 2291 2651 Cyr.llo
2336 2578 2502 2634 inisse
2598 2580 2803 2649 aliquid
2840 2594 2903 2635 es
2950 2579 3219 2650 ejusmodi
3273 2578 3469 2634 absur-

198 2663 308 2717 dis.

280 2756 564 2830 Ὡσαύτως
584 2770 677 2822 καὶ
699 2772 754 2823 ὲν
774 2766 852 2831 οἷς
874 2767 1229 2843 παρακατιὼν
1251 2773 1449 2842 λέγεις,
1475 2771 1611 2845 μήτε
1630 2770 1788 2828 Θείων

198 2853 439 2908 ἀκοῦσαι
487 2858 699 2926 λογίων,
750 2863 963 2931 μείζονα
1005 2866 1100 2916 τοῦ
1153 2866 1466 2935 Πνεύματος
1522 2868 1611 2920 τὸν
1639 2868 1787 2932 Υἰὸν,

202 2944 346 3012 μήτε
380 2945 504 2999 νοῦν
551 2950 750 3020 εὐσεὸἧ
798 2953 997 3006 ἁλῶναι
1034 2954 1189 3007 τοῦτο
1237 2957 1585 3026 διανοηθέντα
1608 3000 1621 3019 ,
1660 2959 1792 3011 ὁπο-

199 3034 295 3085 θεν
353 3037 451 3089 καὶ
505 3042 603 3108 τῆς
666 3046 936 3114 πατρικῆς
991 3047 1286 3115 ὲγγύτητος
1348 3050 1678 3119 πορρωτέρω
1730 3051 1792 3102 τὸ

201 3124 436 3193 Πνεῦμα
463 3131 633 3193 ποιεῖς
671 3134 762 3184 καὶ
789 3133 849 3184 τὸ
882 3133 1132 3203 δεύτερον
1178 3135 1450 3203 εὑρίσκεις
1480 3136 1787 3204 ὑποφυόμε-
1818 3117 1861 3175 c

198 3235 292 3269 νον
334 3219 542 3273 αἰτιονο
592 3225 685 3275 καὶ
735 3224 833 3295 τὴν
892 3228 1353 3295 μεμηχανημένην
1410 3228 1507 3295 τῆς
1550 3226 1788 3298 ίπρώτης

199 3308 387 3371 αἰτίας
422 3309 577 3379 ὓΰριν
606 3312 696 3365 καὶ
731 3316 819 3366 τὸν
855 3316 935 3375 εἰς
982 3315 1078 3367 δύο
1107 3316 1199 3369 τοῦ
1238 3316 1554 3386 Πνεύματος
1595 3317 1788 3385 διαμε-

201 3402 426 3469 ρισμὸν,
460 3403 549 3455 τὸν
576 3406 639 3457 ἐκ
665 3406 756 3457 τοῦ
789 3406 1026 3460 ἁναιτίου
1059 3410 1151 3459 καὶ
1185 3408 1398 3477 πρῶτον
1452 3408 1626 3461 αἰτίου
1653 3424 1665 3436 ·
1697 3409 1789 3460 καὶ

199 3492 293 3543 τὸν
327 3494 393 3544 ὲκ
442 3493 536 3546 τοῦ
587 3496 833 3549 αἰτιατοῦ
879 3499 974 3549 καὶ
1021 3498 1307 3568 δευτέρον,
1344 3500 1435 3551 καὶ
1490 3499 1549 3551 τὸ
1595 3500 1674 3561 εἰς
1706 3515 1791 3550 τε·

198 3584 379 3651 τράδα
404 3585 526 3637 ἀντὶ
570 3587 790 3656 Τριὰδος
834 3589 1123 3659 τολμηρῶς
1168 3591 1487 3668 προχωροῦν
1526 3590 1688 3654 σέϐας
1716 3606 1728 3620 ⁸
1762 3593 1790 3644 6

204 3676 383 3745 μέγας
413 3678 702 3745 ἁπελέγξει
746 3697 805 3733 σε
848 3680 1173 3745 Ἀθανάσιος
1199 3684 1256 3735 ὲν
1286 3682 1363 3752 τῷ
1397 3683 1537 3737 κατά
1586 3684 1790 3753 Ἀρεια-

201 3768 310 3819 νῶν
375 3767 575 3838 πρώτῳ
617 3771 780 3839 λόγῳ,
818 3766 943 3843 eiii]
1003 3774 1142 3843 ἀρχή
1172 3790 1184 3802 ·
1219 3777 1290 3828 Δί
1333 3774 1448 3843 μὲν
1502 3777 1787 3842 αἱρέσεις,

202 3859 345 3913 ὅσαι
379 3859 487 3927 τῆς
524 3861 809 3929 ἀληθείας
848 3864 1255 3929 ἐπινοήσασαι
1292 3867 1518 3933 μανίαν
1547 3866 1787 3932 ἑαυταῖς

202 3953 461 4020 φανεραί
513 3954 908 4022 τυγχάνουσι,
959 3958 1088 4026 περί
1133 3958 1226 4009 τοῦ
1258 3958 1387 4009 Υίοῦ
1426 3959 1599 4026 λέγων
1645 3958 1791 4011 οὕτω

203 4043 389 4111 ῥητῶς
414 4060 429 4073 ·
468 4044 597 4109 Τοῖς
632 4046 699 4098 δὲ
726 4048 1022 4115 μαθηταῖς
1058 4048 1170 4115 τὴν
1202 4050 1454 4116 ϐεότητα
1488 4050 1587 4104 καί
1607 4066 1789 4120 μεγα-

201 4136 489 4201 λειότητα
502 4135 741 4203 δεικνὺς
759 4139 1000 4205 ἑαυτοῦ,
1024 4141 1221 4194 οὐκέτι
1251 4140 1547 4194 ἐλάττονα
1573 4142 1790 4197 ἑαυτὸν

203 4227 314 4279 τοῦ
350 4230 713 4297 Πγεύματος,
761 4230 920 4284 ἀλλὰ
962 4229 1204 4300 μείζονα
1228 4232 1303 4301 (5)
1338 4233 1440 4285 καὶ
1470 4230 1609 4287 ἴσον
1641 4234 1787 4289 ὄντα

203 4319 525 4385 σημαίνων
552 4320 755 4375 ἐδίδου
806 4323 922 4390 μὲν
978 4322 1044 4375 τό
1096 4324 1337 4391 Πνεῦμα
1374 4324 1472 4377 καί
1528 4326 1739 4393 ἔλεγεν
1770 4342 1785 4357 ο

211 4428 230 4459 ι
279 4410 434 4477 Ἐγὼ
472 4412 619 4465 αὐτὸ
649 4412 1036 4465 ἀποστέλλω·
1081 4413 1360 4479 κακεῖνος
1392 4405 1507 4482 ¹ἑμὲ
1544 4414 1791 4479 δοξάσει

206 4502 307 4554 καὶ
346 4501 465 4555 ὅσα
494 4503 754 4572 ἀκούσῃ,
781 4505 1063 4574 λαλήσει.
1098 4526 1117 4557 ι

276 4682 467 4738 Ταῦτα
493 4687 666 4754 λέγων
707 4690 734 4741 6
765 4687 918 4758 ἅγιος
945 4689 1045 4761 τὴν
1086 4691 1267 4745 αἰτίαν
1313 4693 1549 4747 δείκνυσι
1577 4706 1788 4762 προφα-

205 4778 336 4839 νῶς,
373 4777 498 4830 καθ’
543 4779 610 4848 ἢν
643 4780 803 4850 δοτὴρ
848 4782 940 4834 τοῦ
997 4782 1313 4851 Πνεύματός
1362 4788 1508 4839 ἐστιν
1541 4788 1569 4838 6
1598 4786 1741 4848 ,Υἰός
1769 4801 1783 4816 ⁸

204 4866 378 4920 είπῶν
410 4866 518 4939 γὰρ
547 4868 622 4930 ὡς
649 4872 677 4921 6
708 4870 907 4939 Κύρίος
945 4872 1168 4941 μείζονα
1200 4874 1293 4925 τοῦ
1324 4875 1641 4944 Πνεύματος
1669 4876 1791 4929 ἐαυ-

204 4962 297 5010 τὸν
328 4958 461 5011 ὄντα
498 4961 777 5029 σημαίνων
823 4961 993 5014 ἐδίδου
1024 4964 1171 5029 αὐτὸ,
1206 4964 1471 5035 δεδήλωκε
1507 4967 1788 5036 καθαρῶς,

205 5050 279 5110 ὡς
310 5049 375 5101 δι’
403 5049 557 5101 οὐδὲν
587 5050 711 5103 ἄλλο
758 5051 919 5123 δοτὴρ
950 5052 1043 5105 τοῦ
1085 5055 1399 5125 Πνεύματὸς
1438 5056 1583 5109 ἐστιν
1625 5059 1652 5109 6
1681 5058 1792 5109 Σω-

205 5144 333 5210 τὴρ,
368 5144 485 5196 ἀλλ’
517 5144 548 5213 ἢ
582 5145 669 5196 διὰ
716 5145 777 5197 τὸ
804 5146 862 5211 ἐξ
895 5146 1056 5198 αὑτοῦ
1105 5148 1374 5218 ὑπάρχειν
1418 5150 1549 5203 αὑτό
1573 5165 1585 5179 ·
1623 5151 1715 5203 καὶ
1740 5152 1789 5202 εἰ

208 5234 389 5303 βούλει
430 5236 487 5301 ἐξ
544 5236 736 5306 ἑτέρας
784 5240 1060 5309 γραφικῆς
1110 5242 1415 5310 μαρτυρίας
1467 5243 1557 5295 τὸν
1609 5244 1786 5311 λόγον,

209 5330 467 5397 συστήσω
505 5345 586 5381 σοι
610 5345 624 5361 ο
659 5330 752 5381 καὶ
786 5331 894 5400 γὰρ
926 5332 954 5383 6
986 5333 1043 5383 ὲν
1092 5332 1269 5399 ἁγίοις
1312 5334 1787 5403 δογματικώτατος

208 5420 305 5471 καὶ
331 5419 402 5471 τὰ
430 5419 544 5471 θεῖα
566 5421 732 5481 πολὺς
767 5421 1119 5485 Ἀναστάσιος
1138 5423 1281 5476 οὕτω
1311 5424 1443 5494 φησὶ
1464 5441 1476 5453 ο
1509 5426 1615 5479 Καὶ
1641 5426 1789 5494 γοῦν

277 5580 353 5650 (l)
377 5579 567 5650 Cyrill.
591 5580 643 5633 in
680 5578 836 5635 Joan.
892 5580 1027 5641 XVI.
1065 5585 1261 5633 vitatur
1288 5597 1314 5634 a
1368 5581 1537 5636 Becco
1564 5584 1783 5647 saepiua,

214 5659 274 5704 ut
298 5648 483 5717 Epigr.
515 5648 555 5702 ν
595 5650 709 5718 (Gr.
739 5656 882 5707 orlh.
909 5664 1041 5707 tom.
1077 5653 1133 5711 Il,
1167 5670 1215 5718 ι».
1251 5652 1398 5718 570.)

286 5721 365 5779 l2)
430 5720 569 5771 Idem
623 5718 805 5789 Cyrillt
866 5732 1038 5778 textus
1074 5738 1158 5791 ap.
1210 5722 1366 5776 Becc.
1420 5723 1601 5796 l-Zpigr.
1654 5720 1782 5779 \'lll,

214 5788 275 5843 Ω.
312 5790 377 5843 Ο.
416 5789 477 5853 ΙΙ,
503 5792 624 5845 589.

1971 2766 2148 2821 Simili
2183 2766 2341 2822 modo
2366 2766 2527 2821 etiam
2576 2765 2730 2831 illud,
2779 2766 2925 2835 quod
2988 2764 3311 2833 procedente
3340 2778 3469 2819 ora-

1898 2859 2043 2914 tione
2073 2862 2300 2920 asseris.
2343 2875 2521 2929 neque
2551 2860 2603 2913 in
2628 2859 2830 2913 divinis
2858 2858 3037 2911 audiri
3074 2858 3336 2923 oraculis,
3370 2873 3466 2910 ne-

1895 2967 2001 3019 que
2032 2952 2181 3020 pium
2222 2966 2443 3005 sensum
2502 2950 2553 3002 itl
2597 2951 2925 3018 cogitantem
2954 2948 3306 3018 deprehendi,
3349 2964 3469 3003 nta-

1893 3043 2066 3111 jorem
2101 3042 2302 3111 Spiritu
2349 3056 2468 3095 esse
2506 3040 2726 3104 Filium,
2766 3041 2905 3094 unde
2953 3050 3007 3094 et
3052 3040 3400 3095 remotiorem
3436 3056 3467 3094 a

1894 3134 2215 3203 cognatione
2253 3149 2377 3187 enm
2407 3132 2567 3187 Patre
2593 3132 2857 3202 Spiritum
2880 3130 3171 3186 constituis
3206 3134 3350 3200 (cap.
3374 3133 3467 3198 Η)

1893 3235 2055 3292 atque
2092 3224 2385 3277 secundam
2421 3224 2627 3291 reperis
2664 3222 3014 3287 pullulantem
3044 3236 3291 3286 causam,
3328 3237 3466 3289 prte-

1894 3325 2038 3368 tet'ea
2071 3325 2122 3367 et
2167 3314 2528 3384 excogitatam
2568 3313 2726 3382 primi
2772 3313 3029 3380 principii
3075 3314 3464 3366 contumeliam

1895 3410 2037 3476 (cap.
2071 3406 2184 3474 ἃ),
2220 3407 2344 3459 item
2372 3404 2610 3473 Spiritus
2649 3404 2819 3457 sancti
2866 3404 2919 3457 in
2952 3405 3087 3455 duos
3118 3403 3473 3470 divisionem,

1894 3500 2124 3552 alterum
2174 3514 2239 3550 ex
2276 3514 2381 3549 non
2428 3508 2649 3551 causata
2688 3505 2742 3550 et
2782 3499 2956 3565 prima
2999 3509 3191 3559 causa,
3236 3496 3468 3549 alterum

1897 3606 1962 3644 ex
1999 3605 2161 3643 causa
2189 3601 2413 3643 causata
2441 3600 2604 3656 atque
2634 3590 2894 3647 secunda,
2926 3599 2977 3639 et
3008 3586 3217 3641 Nntncn
3251 3588 3304 3641 in
3332 3604 3469 3658 qua-

1894 3681 2203 3736 teruitatem
2238 3681 2355 3733 loco
2381 3680 2665 3734 Trinitatis
2699 3695 2893 3746 magna
2925 3694 3048 3733 cum
3078 3680 3303 3733 audacia
3341 3696 3467 3748 pro-

1896 3772 2109 3840 pulsum
2153 3773 2294 3841 (cap.
2342 3772 2607 3838 45),ista,
2636 3774 2881 3839 inquam,
2955 3786 3183 3839 ntagntts
3261 3772 3470 3827 refellet
3544 3820 3547 3821 ν

1892 3865 2226 3917 Athanasius
2271 3862 2445 3932 prima
2482 3874 2674 3916 contra
2710 3866 2944 3917 Arianos
2994 3863 3266 3927 oratiune,
3314 3863 3468 3930 cujus

1894 3955 2106 4009 initium
2162 3973 2175 4007 :
2225 3954 2461 4008 [hereses
2508 3971 2831 4024 quantaque
2862 3956 3136 4011 t-erilatem
3180 3956 3468 4021 apprehen-

1893 4049 2101 4109 deruut,
2138 4050 2405 4101 insaniant
2442 4048 2639 4111 sibi...,
2680 4050 2745 4101 de
2779 4047 2913 4101 Filio
2958 4049 3185 4116 loquens
3222 4049 3306 4101 his
3334 4047 3467 4115 ipsis

1892 4141 2073 4195 verbis
2116 4156 2129 4193 :
2164 4140 2453 4209 Discipulis
2504 4156 2621 4193 vero
2670 4141 2924 4192 deitatem
2963 4150 3013 4193 et
3047 4138 3466 4208 magnitudinem

1892 4247 2040 4297 suam
2085 4240 2355 4285 ostentans
2398 4247 2503 4283 non
2542 4232 2798 4284 minorem
2854 4231 3083 4300 amplius
3128 4230 3465 4298 semetipsum

1892 4323 2119 4392 Spiritu,
2173 4326 2262 4377 sed
2296 4324 2552 4393 majorem
2602 4332 2650 4377 et
2698 4322 2952 4391 (squalent
2990 4323 3297 4391 significans
3326 4326 3468 4373 elar-

1891 4412 2130 4477 giebatur
2156 4410 2413 4479 Spiritum
2450 4423 2498 4464 et
2526 4413 2697 4465 aiebat
2724 4427 2743 4464 :
2790 4430 2807 4462 ι
2852 4410 2961 4480 Ego
2987 4413 3139 4465 illum
3169 4414 3396 4464 mittam.
3440 4429 3460 4462 ι

1824 4492 1865 4546 D
1894 4503 1988 4555 lit:
2028 4521 2043 4553 ι
2072 4502 2171 4555 Ille
2188 4503 2522 4571 clariﬁcabit.
2560 4522 2576 4554 ι
2604 4503 2700 4557 Et:
2731 4522 2748 4555 ι
2777 4504 3127 4569 Quazcuntaue
3153 4504 3359 4567 audiet,
3382 4503 3466 4555 Δοι-

1891 4605 2100 4662 (luatur.
2142 4614 2159 4645 ι

1962 4684 2085 4739 11ωο
2112 4686 2296 4740 dicens
2322 4697 2547 4741 sanctus
2587 4700 2811 4741 causam
2854 4698 3040 4756 aperte
3086 4688 3346 4751 ostendit,
3378 4702 3468 4742 se-

1893 4778 2128 4833 cundum
2166 4795 2330 4849 quam
2366 4778 2603 4848 Spiritus
2628 4779 2803 4833 sancti
2836 4778 2994 4833 dator
3020 4788 3102 4833 est
3134 4779 3324 4833 Filius.
3377 4778 3467 4830 Di.

1892 4872 2064 4926 cendo
2109 4871 2277 4935 enim,
2332 4870 2622 4923 Dominum
2677 4867 2882 4937 Spiritu
2935 4867 3197 4936 tnajoietn
3245 4868 3468 4922 semeti-

1894 4980 2049 5033 psum
2084 4964 2477 5032 signiﬁcantem
2508 4977 2632 5017 eum
2663 4961 2902 5025 dedisse,
2960 4962 3103 5015 clare
3162 4962 3463 5029 denotavit,

1895 5057 2238 5112 Sez‘vatorent
2273 5056 2343 5109 ob
2383 5056 2516 5108 nihil
2549 5055 2697 5108 aliud
2751 5052 2990 5123 Spiritus
3031 5070 3151 5109 esse
3188 5054 3456 5118 datorem,

1893 5148 1997 5201 nisi
2040 5158 2346 5217 propterea,
2378 5148 2519 5215 quod
2557 5146 2644 5201 hic
2674 5161 2739 5199 ex
2767 5146 2885 5214 ipso
2923 5146 3159 5199 exsistit.
3204 5146 3379 5214 Atque
3413 5146 3461 5201 si

1894 5240 1999 5291 alio
2042 5240 2230 5290 litteris
2261 5240 2580 5305 consignato
2625 5238 2937 5291 testimonio
2984 5238 3119 5289 idem
3159 5252 3319 5289 nosse
3356 5238 3459 5301 vis,

1895 5330 1944 5382 id
1978 5332 2071 5382 tibi
2112 5330 2403 5383 exhibebo.
2434 5329 2641 5383 Etenim
2685 5329 2737 5381 in
2801 5328 3148 5401 dogmatibus
3186 5329 3462 5382 tradendis

1894 5422 2257 5489 peritissimus
2306 5432 2356 5473 et
2394 5422 2446 5473 in
2488 5421 2685 5481 divinis
2734 5413 2894 5473 rebus
2939 5420 3199 5487 copiosus
3231 5420 3461 5473 Anasta-

1970 5580 2043 5648 (5)
2099 5577 2277 5631 Multis
2312 5582 2361 5631 in
2396 5578 2546 5643 loris,
2607 5588 2663 5631 ut
2711 5576 2803 5631 Or.
2860 5576 2927 5629 de
2966 5592 3055 5628 un.
3103 5573 3243 5629 Eccl.
3278 5590 3329 5648 n.
3364 5575 3457 5641 27,

1893 5646 2119 5717 altisque
2180 5650 2380 5705 Bcccus
2436 5650 2534 5701 hoc
2585 5657 2731 5702 textu
2764 5650 2973 5717 utitur,_
3011 5648 3073 5699 de
3101 5662 3208 5712 quo
3239 5646 3460 5717 uberius

1894 5713 2287 5822 gtsptitavimns
2365 5720 2742 5775 Auimadvers.
2814 5719 2868 5770 in
2951 5715 3105 5770 Phot.
3175 5726 3278 5770 art.
3348 5713 3457 5785 ιν,

1960 5792 2026 5822 ,ΓΖ

1960 5806 2047 5846 Ζι).
