4214 6448
219 407 334 471 793

985 402 1420 463 llEFll'l‘ATIO
1465 394 1836 459 ΡΠΟΤΙΛΝΙ
1879 394 2091 452 LIBRI
2144 393 2236 452 DE
2279 390 2591 451 SPIRITU
2634 390 2697 448 S.

3371 378 3480 446 798

202 507 515 585 διῃρημένη
544 514 641 582 τῆς
687 514 855 582 αὐτῆς
884 514 1069 575 οὐσίας
1105 515 1199 565 καὶ
1235 513 1451 579 φύσεως
1484 511 1515 577 ὴ
1560 506 1797 560 ὑπόστα-

1901 501 2091 554 eadem
2146 501 2383 555 essentia
2443 507 2498 553 et
2556 507 2747 552 natura
2792 491 3101 566 hypostasis
3150 492 3217 545 sit
3274 490 3475 554 divisa,

207 624 292 669 σις
326 603 420 674 ἦν,
451 609 504 659 τί
535 602 681 661 ’ἄλλο
731 605 1057 674 ἀνακύψειεν
1098 604 1183 665 ἂν,
1220 603 1415 674 ἧΘεὸν
1455 602 1544 652 τὸν
1574 596 1792 667 Πατέρα

204 701 302 751 καὶ
341 699 477 751 Θεὸν
502 699 593 750 τὸν
648 698 774 750 Υἱὸν
804 697 883 768 τῷ
939 698 1081 767 λόγῳ
1132 696 1229 766 τῆς
1284 694 1653 754 ὑποστάσεως,
1698 690 1793 742 καὶ

200 791 324 857 οὐχὶ
383 789 639 858 τῷλόγῳ
673 789 769 857 τῆς
814 789 1030 856 φύσεως
1084 786 1465 855 δογματίζεινς
1535 782 1686 835 Ἐπεὶ
1736 781 1793 835 δὲ

203 880 413 944 λέγεις,
447 882 523 943 ὡς
578 881 711 934 καθὸ
745 882 929 949 Πατὴρ
961 881 988 929 ὸ
1039 880 1228 948 Πατὴρ
1278 878 1628 946 ίερολογείται
1659 890 1793 942 προ-

205 971 431 1023 ϐάλλειν
466 974 527 1025 τὸ
561 973 781 1041 Πνεῦμα
813 976 908 1027 καὶ
935 976 1050 1031 τοῖς
1082 972 1360 1024 εύσεδέσιν
1388 970 1486 1021 οὐκ
1516 964 1791 1021 ἐπιδιστά-

206 1060 403 1122 ζεσθαι
447 1063 606 1115 τοῦτο
649 1062 968 1125 διαϐεϐαιοῖ,
1011 1063 1121 1129 ἐγὼ
1158 1064 1266 1122 τοῖς
1312 1058 1559 1111 εύσεόἑσι
1607 1055 1790 1109 διασε-

206 1151 477 1222 ϐαιοῦμαι
535 1155 802 1223 μηδέποτε
865 1155 1107 1222 ἔντυχετν
1168 1151 1416 1219 θεολογίᾳ
1477 1149 1619 1210 τινὸς
1684 1147 1791 1199 τῶν

209 1240 357 1291 Πατέ
371 1256 480 1309 ρων
510 1244 570 1294 ἐκ
597 1243 690 1295 τοῦ
728 1244 936 1313 Πατρὸς
962 1242 1096 1296 καθὸ
1136 1241 1347 1310 Πατρός
1380 1234 1515 1292 εἶναι
1545 1238 1791 1305 λέγοντος

204 1331 266 1380 τὸ
296 1331 526 1399 Πνεῦμα
559 1333 615 1383 τὸ
641 1334 815 1397 ἅγιον,
850 1333 987 1386 ἀλλὰ
1020 1334 1151 1387 καθὸ
1180 1331 1409 1403 ἀρχικοῦ
1448 1332 1643 1395 αίτίου,
1671 1329 1793 1399 οὐχ).

206 1424 501 1490 προσεχῶς
526 1425 583 1489 ἐξ
614 1425 780 1477 αὐτοῦ
809 1426 1231 1496 προερχόμενον,
1260 1423 1395 1475 ἀλλὰ
1423 1423 1511 1475 διά
1541 1421 1635 1475 τοῦ
1660 1422 1788 1476 Υἰοῦ

206 1514 649 1583 ἐκπορευόμενον
704 1516 762 1578 ἐξ
810 1518 1009 1582 αὐτοῦ,
1057 1517 1222 1585 μηδὲν
1267 1515 1361 1568 τοῦ
1404 1518 1501 1586 τῆς
1547 1514 1790 1586 νεότητος

204 1609 710 1675 καινοτομουμένου
750 1610 1081 1678 ἀξιώματος.

808 1701 852 1753 κ
865 1700 983 1754 ΕΙΜ
992 1699 1197 1755 ΕΝΟΝ.

281 1795 400 1857 μη’.
432 1785 589 1841 Εἶεν·
620 1789 753 1843 diu
794 1791 902 1860 γάρ
928 1790 1060 1858 φασί
1084 1808 1226 1853 τινες
1261 1791 1335 1861 (ll
1367 1792 1492 1854 τοὺς
1534 1790 1790 1862 αίρεσιὼ-

1898 591 2025 658 quid
2056 591 2200 643 aliud
2233 598 2497 659 emerget,
2530 587 2636 641 nisi
2669 598 2722 642 ut
2757 586 2925 639 Deum
2969 582 3179 640 Patrem
3208 590 3263 635 et
3302 582 3472 635 Deum

1898 681 2096 736 Filium
2126 681 2334 735 ratione
2368 681 2749 750 hypostaseos,
2781 686 2835 732 et
2876 691 2981 729 non
3022 675 3232 728 ratione
3269 681 3477 727 natura:

1897 773 2229 827 doceamus?
2272 771 2543 837 Quoniam
2589 784 2715 823 vero
2746 768 2883 823 dicis
2943 766 3182 828 Patrem,
3209 775 3479 832 quatenus

1898 874 1982 919 est
2032 863 2213 923 Pater,
2265 860 2527 931 Spiritum
2577 859 2881 930 producere
2933 855 3214 927 praedicari
3262 864 3314 908 et
3352 868 3479 907 vere

1900 955 2193 1009 catholicis
2228 952 2333 1007 hoc
2374 952 2425 1005 iii
2464 952 2631 1005 dubio
2668 950 2905 1022 positum
2954 963 3059 1001 non
3094 962 3212 1000 esse
3259 958 3479 999 asseve-

1897 1064 2015 1110 ras,
2060 1063 2162 1117 ego
2205 1061 2329 1100 vere
2369 1046 2655 1100 catholicis
2711 1058 2966 1097 asserere
3023 1054 3297 1109 nunquam
3338 1036 3479 1099 iure,

1900 1149 1958 1194 ut
1996 1140 2276 1193 inveniant
2315 1137 2643 1207 theologiam
2680 1136 2917 1203 alicujus
2959 1146 3026 1186 ex
3071 1131 3349 1193 Patribus,
3380 1127 3479 1197 qui

1895 1230 2042 1285 dicat
2071 1228 2332 1300 Spiritum
2367 1238 2619 1283 sanctum
2645 1243 2707 1282 ex
2736 1226 2896 1281 Patre
2931 1238 3054 1278 esse
3078 1231 3349 1292 quatenus
3368 1217 3476 1271 Pa-

1896 1329 1978 1375 ter
2016 1330 2121 1386 est,
2153 1320 2247 1376 sed
2300 1320 2478 1377 solum
2515 1319 2764 1374 dicentes
2810 1326 3083 1384 quatenus
3117 1326 3286 1368 causa
3325 1310 3475 1379 prin-

1897 1412 2088 1482 cipalis
2108 1453 2121 1474 ,
2151 1427 2219 1467 ex
2250 1427 2316 1466 eo
2358 1410 2613 1481 progredi
2642 1408 2930 1480 Spiritum,
2968 1421 3078 1460 non
3109 1404 3353 1474 proxime
3380 1400 3473 1454 sed

1899 1520 1989 1570 per
2023 1501 2216 1556 Filium
2269 1517 2394 1557 eum
2438 1502 2753 1572 procedere,
2806 1499 2928 1554 Filii
2959 1498 3216 1569 dignitate
3269 1493 3473 1549 nullam

1897 1593 2122 1647 omnino
2157 1592 2562 1646 innovationem
2595 1591 2857 1661 patiente.

2528 1680 2813 1736 TEXTUS

1965 1775 2055 1831 48.
2103 1774 2246 1830 Esto.
2298 1775 2369 1830 At
2425 1774 2682 1844 inquiunt
2736 1771 2983 1827 nonnulli
3044 1770 3329 1825 haereticos
3394 1767 3479 1823 di-

205 1896 307 1941 τας
342 1880 564 1944 λέγειν’
602 1899 621 1931 i
664 1881 787 1942 Πῶς
814 1880 868 1933 δὲ
896 1880 987 1932 τὸν
1038 1882 1252 1950 κήρυκα
1300 1881 1402 1948 τῆς
1451 1881 1797 1950 Ἐκκλησίας,

1899 1884 2026 1924 cere
2062 1887 2074 1923 :
2114 1887 2131 1921 i
2168 1868 2456 1936 Quomodo
2486 1882 2595 1922 non
2628 1865 2915 1922 manifeste
2949 1863 3245 1933 repudiatis
3279 1873 3483 1931 pramo-

203 1970 301 2022 τὸν
333 1970 441 2039 τῆς
488 1971 814 2039 οἰκουμένης
857 1972 1177 2026 διδάσκαλον
1206 1973 1304 2025 ούκ
1357 1971 1423 2025 ἂν
1453 1972 1667 2040 ἁλοίητε
1695 1990 1800 2025 πα-

209 2066 628 2131 ραγραφόμενοι
660 2062 870 2115 Παῦλον
897 2102 912 2127 ,
948 2065 1153 2115 ικεῐνον
1182 2064 1274 2116 τὸν
1310 2064 1561 2133 οὐράνιον
1588 2063 1800 2134 ἄνθρωο

207 2169 338 2215 πον,
367 2153 426 2214 ὃς
463 2154 605 2222 μέγα
636 2171 693 2206 τε
721 2154 812 2207 καὶ
846 2153 922 2217 ὡς
955 2153 1169 2223 άληθῶς
1212 2154 1457 2223 οὐράνιον
1486 2154 1798 2225 ἁνακέκρα-

207 2260 343 2310 γεν·
398 2245 864 2308 Ἐξαπέστειλεν
895 2248 929 2300 ό
977 2233 1119 2311 869i;-
1145 2245 1211 2298 τὸ
1250 2245 1490 2313 Πνεῦμα
1519 2245 1626 2300 τοῦ
1663 2244 1801 2299 Υίοῦ

206 2335 404 2387 αυτοῦ
427 2340 513 2399 είς
542 2338 647 2401 τὰς
685 2337 930 2404 καρδίας
964 2336 1133 2404 ὑμῶν
1153 2337 1252 2407 (9.).
1287 2336 1498 2406 κρᾶζον
1521 2352 1539 2369 ⁹
1558 2334 1733 2393 Ἀὄσᾶ
1767 2338 1800 2391 ὀ

209 2424 422 2491 Πατήρ
445 2442 464 2489 ;
491 2445 506 2474 i
532 2426 590 2476 El
615 2424 707 2478 οὖν
726 2424 934 2485 Παῦλος
963 2425 1110 2477 ὁτῶν
1142 2424 1314 2493 ὀρθῶν
1342 2424 1626 2493 δογμάτων
1655 2422 1798 2491 γνὼ-

214 2534 337 2584 μων
367 2519 428 2567 τὸ
476 2516 700 2586 Πνεῦμα
753 2520 898 2587 λέγει
945 2520 1008 2570 ὲκ
1057 2517 1151 2570 τοῦ
1210 2515 1337 2569 Υίοῦ
1384 2515 1797 2587 ἐκπορεύεσθαι,

210 2604 335 2667 πῶς
376 2606 425 2655 οἱ
457 2606 529 2674 μὴ
556 2604 713 2658 τοῦτο
738 2607 1165 2676 παραδεχόμενοι
1195 2606 1358 2658 αὑτὸν
1385 2604 1481 2657 τὸν
1509 2622 1800 2676 μυσταγω·

211 2699 312 2764 γὸν
357 2698 469 2749 τῶν
513 2699 780 2767 οὐρανίων
822 2699 883 2752 οὐ
930 2700 1382 2769 παραγράφονται
1411 2698 1525 2765 (5);
1563 2698 1671 2750 Kal.
1718 2698 1800 2761 τίς

216 2791 338 2840 ἐστι
377 2788 588 2841 Παῦλον
614 2790 703 2842 τὸν
746 2789 949 2859 θεωρὸν
972 2788 1081 2845 τῶν
1118 2792 1443 2860 ἀπορρήτων
1477 2788 1535 2851 ὃς
1566 2788 1801 2851 ἁπάσαις

213 2879 421 2947 ψήφοις
455 2880 877 2948 παραγράφεται
912 2879 979 2947 ςὸ
1004 2880 1140 2949 πρὸς
1168 2880 1258 2931 τὸν
1287 2879 1605 2932 διδάσκαλον
1633 2878 1799 2931 αὐτοῦ

215 2972 314 3023 :ta‘t
339 2971 518 3023 κοινὸν
539 2973 814 3039 Δεσπότην
835 2972 1325 3040 άντιφθεγγόμενον
1349 2970 1607 3036 ἐπιδεῖξαι
1634 2987 1800 3023 σπου-

212 3059 483 3128 δάζων,ἢ
540 3060 569 3111 ὁ
619 3061 718 3129 τὴν
758 3059 892 3130 πρὸς
940 3058 1101 3112 αὑτὸν
1152 3062 1469 3129 συμφωνίαν
1504 3058 1670 3113 αὐτοῦ
1714 3060 1803 3113 διὰ

217 3151 570 3218 σεσάσματος
607 3152 755 3218 ἄγων
783 3152 879 3205 καὶ
912 3150 1199 3221 άνυμνῶν;
1225 3152 1286 3206 El
1324 3152 1431 3222 γάρ
1454 3152 1481 3203 ὸ
1523 3151 1799 3221 Δεσπότης

220 3243 324 3309 μὲν
361 3243 425 3294 ὲκ
452 3241 546 3294 τοῦ
592 3244 806 3313 Πατρὸς
833 3244 892 3296 τὸ
940 3245 1166 3316 Πνεῦμα
1208 3244 1596 3315 ἐκπορεύεσθαι
1630 3260 1799 3315 μυστ-

216 3336 456 3401 αγωγεῖ,
507 3335 716 3388 Παῦλον
744 3336 800 3389 δὲ
834 3337 868 3406 ἡ
928 3337 1141 3406 αἵρεσις
1189 3336 1539 3405 δογματίζειν
1588 3337 1797 3405 είσάγει

216 3426 283 3477 ἐκ
314 3424 413 3477 τοῦ
449 3424 600 3489 Υίοῦ,
630 3426 711 3489 τίς
744 3425 810 3479 ἂν
844 3426 927 3497 εἴη
964 3429 993 3479 ὁ
1042 3428 1565 3498 παραγραφόμενοςς
1600 3428 1801 3498 μᾶλλον

218 3515 278 3567 δὲ
312 3517 344 3567 ὸ
378 3515 722 3583 γραφόμενος
772 3515 933 3567 αὑτὸν
977 3516 1301 3585 δεσππικῆς
1352 3515 1658 3584 ἀντιλογίας
1704 3517 1799 3570 καὶ

220 3605 385 3671 εἱκην
430 3605 674 3672 ἄφυκτον
718 3604 813 3659 τοῦ
863 3605 1210 3677 τολμήματος
1254 3608 1568 3678 χρεωστείν.
1612 3608 1798 3679 Ὁρᾷς,

224 3697 379 3749 ὅπως
430 3696 600 3761 ἔγνως
655 3697 749 3749 τὸν
797 3697 897 3766 τῆς
946 3698 1270 3769 οἰκουμένης
1316 3698 1635 3752 διδάσκαλον
1692 3698 1801 3751 τῶν

219 3786 624 3839 διδασκαλικῶν
655 3786 832 3857 γερῶν
862 3788 939 3859 μὴ
981 3789 1324 3859 ἀποστερεῖν,
1352 3790 1500 3854 ὅπως
1526 3789 1616 3842 τὸν
1665 3788 1803 3859 πρὸς

218 3878 322 3945 τὴν
350 3877 635 3931 εὐσέϐειαν
669 3878 859 3947 ὁδηγὸν
902 3879 1024 3933 ἀντὶ
1049 3878 1144 3933 τοῦ
1175 3880 1245 3933 δι’
1288 3880 1471 3944 αἰδοῦς
1514 3880 1672 3950 ἄγειν
1708 3883 1802 3935 καὶ⁵

221 3969 574 4039 σεὸάσματος
619 3973 902 4043 ἑπιρρήτῳ
942 3970 1134 4043 γνώμῃ
1176 3972 1503 4044 δυσφημεῖς.
1546 3973 1686 4026 Ἀλλ’
1713 3974 1804 4028 ού-

218 4061 309 4114 δὲν
333 4064 367 4130 ἡ
398 4062 611 4133 αἵρεσις
636 4065 950 4134 καινότερον
976 4063 1069 4118 τοῦ
1100 4065 1365 4137 συνήθους
1392 4068 1556 4121 ποιεῖ.
1602 4067 1669 4121 Ἦ
1692 4068 1801 4139 γὰρ

224 4152 391 4206 αὑτὸν
421 4154 728 4224 σνκοφαντή
740 4171 876 4208 σασα
902 4156 993 4209 τὸν
1041 4155 1170 4209 Υίὸν
1212 4158 1304 4212 καὶ
1345 4158 1518 4227 Λόγον
1543 4158 1636 4213 τοῦ
1667 4160 1802 4213 Θεοῦ

220 4244 303 4303 είς
338 4244 638 4314 διαφωνίαν
680 4248 950 4314 ἐκπεσεῖν,
982 4248 1101 4313 πῶς
1128 4252 1227 4303 οὐκ
1275 4249 1541 4302 ἀκόλουθα
1576 4250 1803 4321 πράττει

223 4335 398 4403 ἑαυτῇ
444 4335 540 4387 καὶ
568 4336 671 4389 τὸν
706 4336 871 4391 αὑτοῦ
902 4339 1127 4409 γνήσιον
1156 4340 1463 4410 θεράποντα
1499 4341 1592 4394 καὶ
1622 4341 1801 4411 μαθη-

223 4426 327 4495 τὴν
380 4425 464 4487 εις
512 4427 822 4494 ἀντιλογίαν
863 4430 1238 4483 άντανιστῶσα
1290 4433 1383 4484 καὶ
1426 4433 1803 4501 φιλονεικοῦσα

1902 1975 2026 2014 nem
2076 1961 2228 2015 illum
2280 1959 2537 2017 Ecclesia:
2580 1958 2842 2028 orbisque
2895 1956 3176 2010 doctorem
3228 1950 3482 2012 Paulum,

1901 2053 2181 2107 caelestem
2213 2052 2364 2105 illum
2403 2052 2605 2115 virum,
2632 2050 2725 2121 qui
2760 2048 2963 2118 ingenti
2994 2062 3229 2113 vereque
3269 2042 3481 2097 caelesti

1901 2144 2175 2198 exclamat
2220 2157 2394 2201 voce:
2448 2141 2598 2196 Misit
2654 2141 2790 2194 Deus
2833 2139 3092 2205 Spiritum
3130 2134 3262 2189 Filii
3304 2133 3387 2186 sui
3426 2132 3482 2184 in

1901 2234 2066 2289 corda
2101 2244 2282 2288 nostra
2314 2234 2627 2287 clamantem
2655 2249 2673 2287 :
2707 2232 2852 2285 Abba
2885 2229 3048 2284 Pater
3079 2228 3207 2299 (a)?
3243 2245 3261 2278 ι
3292 2224 3349 2278 Si
3384 2223 3485 2292 igi-

1903 2338 1991 2385 tur
2033 2328 2237 2384 Paulus
2280 2329 2597 2399 dogmatuni
2647 2335 2921 2381 rectorum
2968 2337 3158 2378 norma
3213 2316 3477 2389 Spiritum

1902 2420 2037 2477 dicit
2083 2435 2115 2477 e
2162 2418 2305 2496 Filio
2354 2419 2686 2490 procedere,
2738 2415 3013 2486 quomodo
3064 2414 3159 2484 qui
3216 2411 3322 2465 hoc
3371 2422 3479 2462 non

1902 2514 2215 2577 admittunt,
2240 2514 2418 2583 ipsum
2450 2513 2832 2583 mysteriorum
2862 2507 3166 2563 caelestium
3198 2504 3477 2558 doctorem

1903 2619 2012 2659 non
2046 2604 2369 2675 repudiaiit?
2392 2633 2463 2643 -—-
2491 2605 2559 2658 At
2597 2603 2744 2672 quis,
2781 2616 3001 2673 quaeso,
3050 2598 3278 2652 Paulum
3327 2608 3483 2647 arcae

1904 2708 2100 2747 norum
2160 2695 2544 2763 mysteriorum
2600 2693 2883 2747 doctorem
2940 2687 3166 2743 calculis
3224 2683 3481 2739 omnibus

1904 2785 2159 2854 respuit?
2197 2801 2262 2840 au
2310 2786 2356 2840 is
2401 2786 2492 2854 qui
2542 2799 2667 2839 eum
2706 2783 2937 2837 .Christo
2986 2779 3246 2848 magistro
3284 2791 3385 2831 suo
3427 2785 3485 2828 et

1904 2876 2183 2932 communi
2238 2874 2469 2930 Domino
2508 2875 2978 2929 contradicentem
3026 2867 3317 2923 ostendere
3353 2862 3485 2917 niti-

1904 2975 2016 3027 tur,
2046 2981 2113 3019 an
2143 2980 2274 3021 vero
2302 2965 2395 3033 qui
2433 2964 2603 3032 ipsius
2629 2979 2753 3018 cum
2787 2963 2879 3016 illo
2904 2958 3322 3015 consensionem
3352 2969 3485 3007 con-

1904 3057 2254 3125 cordiamque
2283 3065 2557 3110 reveretur
2587 3071 2650 3110 ac
2670 3052 2942 3109 celebrat?
2969 3050 3025 3105 Si
3046 3049 3188 3103 enim
3219 3044 3481 3098 Dominus

1904 3148 2122 3217 quidem
2154 3146 2414 3217 Spiritum
2444 3162 2507 3201 es
2536 3147 2692 3201 Patre
2718 3146 3012 3215 procedere
3042 3142 3222 3202 docet,
3252 3135 3479 3190 I'aulult

1904 3254 2030 3294 vero
2083 3240 2294 3295 inducit
2341 3240 2565 3294 haeresis
2619 3246 2951 3293 assereiitem
3012 3249 3075 3287 ex
3121 3230 3292 3295 Filio,
3338 3240 3483 3294 uter,

1900 3345 2108 3401 quasso,
2157 3332 2309 3386 illum
2353 3329 2640 3400 repudiat?
2678 3328 2792 3383 lini)
2827 3328 3011 3399 potius
3043 3325 3089 3379 is
3124 3324 3274 3377 illum
3312 3334 3478 3389 repu-

1901 3423 2048 3488 diat,
2096 3424 2190 3493 qui
2228 3422 2683 3478 contradictiouis
2717 3420 2985 3475 adversus
3024 3417 3314 3471 Dominum
3352 3425 3478 3465 eum

1902 3523 2124 3569 accusat
2185 3514 2665 3583 inevitabilemque
2720 3510 3044 3566 temeritatis
3098 3523 3316 3578 pinnam
3373 3501 3478 3559 sibi

1902 3604 2183 3672 acquirere
2228 3618 2349 3657 eum
2400 3603 2701 3658 contendit.
2740 3603 2937 3667 Vides,
2998 3598 3272 3671 quomodo
3327 3594 3479 3652 orbis

1902 3694 2141 3747 universi
2195 3694 2474 3748 doctorem
2522 3694 2767 3748 doctoris
2819 3693 3028 3748 honore
3074 3690 3215 3743 haud
3273 3700 3476 3742 exuere

1904 3785 2083 3851 nosti,
2120 3785 2396 3854 quomodo
2443 3800 2602 3852 eum,
2634 3787 2728 3855 qui
2772 3799 2873 3837 nos
2919 3784 2983 3836 ad
3034 3783 3287 3851 pietatem
3328 3779 3482 3833 ducit

1905 3891 2014 3931 non
2058 3877 2408 3930 veneratione
2439 3877 2769 3946 obsequiove
2804 3874 3174 3946 prosequeris,
3205 3871 3299 3925 sed
3335 3869 3480 3923 iiil'a-

1906 3967 2014 4021 mia
2058 3976 2222 4036 atque
2274 3968 2572 4038 ignominia
2623 3967 2913 4036 iiispergis.
2968 3965 3071 4018 Sed
3120 3963 3255 4017 nihil
3286 3971 3480 4031 praeter

1906 4075 2112 4114 morem
2160 4075 2321 4113 suum
2368 4060 2456 4114 hic
2503 4060 2615 4131 agit
2651 4060 2895 4114 haeresis.
2950 4058 3081 4123 Quae
3126 4057 3270 4111 enim
3301 4056 3481 4123 ipsum

1904 4151 2097 4207 Filium
2123 4151 2473 4220 Verhunique
2496 4151 2591 4205 Dei
2620 4151 2954 4205 calumiiiaia
2975 4151 3095 4211 fuit,
3118 4148 3261 4217 quod
3292 4159 3478 4201 secum

1906 4243 2020 4313 ipse
2049 4243 2342 4312 aliquando
2370 4245 2645 4314 pugiiarit,
2677 4243 2955 4313 quomodo
2982 4257 3089 4295 nou
3114 4242 3216 4296 sibi
3244 4254 3481 4294 consen-

1905 4342 2063 4389 tanea
2093 4334 2242 4403 facit,
2272 4336 2401 4390 dum
2430 4345 2484 4390 et
2516 4337 2814 4406 genuinum
2841 4336 2963 4406 ejus
2992 4335 3253 4389 famulum
3285 4342 3343 4386 et
3364 4332 3481 4387 dis-

1906 4426 2147 4496 cipulum
2199 4428 2306 4497 ipsi
2360 4428 2634 4483 contraria
2684 4428 2955 4483 dicentem
3004 4425 3197 4494 objicit
3242 4436 3482 4492 eumque

222 4516 398 4581 δείξαι
418 4515 507 4568 τοῦ
539 4517 861 4571 διδασκάλου
892 4519 1407 4591 διωρθωτήν;-μθ’.
1435 4520 1543 4575 Ποῦ
1574 4522 1628 4575 δὲ
1662 4524 1807 4577 Παῦ-

1918 4516 2200 4571 ostendere
2225 4516 2416 4571 nititur
2439 4516 2677 4588 Magistri
2706 4517 2791 4572 sui
2819 4526 3187 4573 correctorem
3202 4513 3387 4567 3—49.
3410 4513 3481 4567 At

224 4608 319 4670 λος
344 4607 411 4660 ἂν
429 4609 607 4674 ἐλέγει
630 4608 706 4679 (4)
730 4609 791 4662 τὸ
813 4611 1036 4681 Πνεῦμα
1054 4612 1486 4679 ἐκπορεύεσθαι
1511 4614 1603 4666 τοῦ
1634 4616 1761 4669 Υίοῦ
1787 4636 1800 4680 ;

222 4701 381 4752 εἶναι
418 4700 519 4769 μὲν
554 4702 663 4772 γὰρ
703 4702 809 4756 τοῦ
852 4704 988 4757 Υιοῦ
1020 4704 1162 4774 (οὐδὲ
1212 4705 1319 4773 γὰρ
1361 4706 1672 4773 ἀλλότριον·
1727 4710 1802 4778 μὴ

223 4794 440 4860 γένοιτο
460 4792 499 4859 l)
541 4794 786 4857 κάκεῖνος
807 4790 953 4857 εἶπε,
986 4797 1078 4847 καὶ
1126 4798 1159 4865 η
1185 4795 1279 4850 τοῦ
1328 4795 1463 4849 Θεοῦ
1509 4797 1804 4867 Ἐκκλησία

225 4883 586 4952 συνομολογεῖ
610 4886 704 4938 καὶ
751 4886 1135 4939 συνεπίσταται
1162 4902 1175 4917 ο
1217 4886 1602 4955 ἐκπορεύεται
1640 4888 1696 4940 δὲ
1726 4889 1803 4959 (5)

222 4976 293 5027 ἐκ
338 4974 449 5027 τοῦ
491 4976 651 5038 Υιοῦ,
706 4975 828 5033 οὔτε
877 4976 969 5031 διὰ
1019 4980 1119 5047 τῆς
1175 4978 1384 5031 ἐκείνου
1436 4978 1802 5050 θεορρήμονος

223 5065 475 5134 γλώττης
518 5067 899 5135 προελήλυθεν,
931 5070 990 5119 οὐ
1037 5069 1164 5136 μὴν,
1199 5068 1315 5121 ἀλλ’
1357 5070 1475 5123 οὐδὲ
1504 5071 1612 5123 τῶν
1649 5072 1802 5124 εύσε-

223 5153 338 5208 ὗῶν
359 5154 535 5217 οὐδεὶς
567 5156 785 5223 (πολλοῦ
818 5174 878 5225 γε
902 5158 996 5211 καὶ
1018 5159 1096 5211 δεῖ
1127 5162 1488 5227 συκοφαντίας
1527 5163 1802 5231 τοιαύτης)

223 5246 530 5317 ιγράψατο,
562 5248 679 5301 ἀλλ’
733 5249 839 5303 οὐδ’
878 5250 1015 5319 ἀκοῇ
1071 5250 1131 5303 τὸ
1186 5250 1467 5322 δύσφημον
1519 5254 1803 5325 ἀνάσχοιτο

296 5406 377 5475 (I)
411 5405 576 5461 Laur.
607 5424 749 5460 τινα.

226 5476 388 5616 mg:
442 5476 587 5531 lion.
641 5486 698 5531 et
755 5478 828 5533 al.
880 5492 1007 5534 cum
1063 5495 1185 5535 nov.
1243 5479 1307 5535 Τ.
1358 5482 1605 5551 pluribus
1639 5487 1798 5540 codd.

291 5617 372 5739 $5)
424 5615 515 5669 Sic
565 5614 820 5701 Laurent.
864 5617 981 5675 Col.
1009 5629 1063 5676 et
1108 5623 1206 5688 aL,
1238 5622 1380 5676 Non.
1406 5625 1606 5680 omissa
1634 5628 1802 5696 parti-

326 5706 350 5735 ,i
380 5695 561 5739 ιιῡεαι.
584 5690 1001 5739 παοαόένονται.

226 5688 350 5740 ειιιηι
380 5695 561 5758 negat.
584 5688 1001 5758 παραδέχονται.

295 5757 373 5821 (ιι
407 5755 717 5822 ’Λνθρωπι,
748 5755 893 5824 λέγει
918 5761 1074 5815 Latii'.

306 5826 385 5897 ιδ)
418 5826 483 5878 Δὶ
514 5838 627 5896 post
667 5830 1019 5900 ἐκπορεύεται
1056 5830 1206 5888 deest
1232 5838 1283 5888 ll!
1309 5836 1468 5890 Laut.

1909 4608 2158 4674 ubinam,
2220 4622 2439 4678 quaeso,
2478 4609 2708 4664 ‘Paulus
2762 4608 3015 4671 amrmat,
3062 4606 3324 4677 Spiritum
3357 4621 3481 4676 pro-

1908 4699 2089 4753 πάθη
2130 4715 2161 4752 a
2192 4698 2371 4753 Filio?
2407 4698 2536 4754 Esse
2565 4702 2784 4769 quidem
2821 4700 3082 4770 Spiritum
3118 4697 3245 4751 Filii
3278 4705 3481 4767 (neque

1868 4782 1869 4785 “
1905 4790 2050 4845 enim
2084 4790 2295 4845 alienus
2325 4802 2431 4857 est,
2458 4794 2622 4862 absit)
2654 4802 2709 4845 et
2740 4794 2828 4846 ille
2853 4793 2992 4847 dixit
3024 4803 3075 4847 et
3107 4792 3199 4846 Dei
3234 4792 3478 4847 Ecclesia

1906 4881 2196 4937 conﬁtetur
2245 4898 2309 4936 ac
2353 4885 2642 4952 prwdicat;
2679 4885 2958 4953 procedere
2999 4893 3179 4937 autem
3225 4899 3289 4937 ex
3334 4880 3479 4935 Filio

1906 4988 2083 5041 neque
2115 4988 2177 5027 ex
2222 4974 2367 5028 illius
2402 4976 2585 5029 divina
2627 4977 2808 5044 lingua
2840 4977 3063 5045 prodiit,
3107 4991 3279 5043 neque
3331 4974 3478 5029 ullus

1911 5080 2147 5134 unquam
2185 5068 2577 5121 catholicorum
2613 5070 2772 5122 talem
2809 5070 2857 5123 ci
2901 5069 3231 5122 calumniam
3272 5068 3481 5123 aﬂinxit

1906 5157 2022 5210 suis
2073 5160 2324 5225 scriptis;
2365 5171 2573 5213 tantum
2623 5163 2812 5223 abest,
2870 5172 2927 5214 ut
2962 5160 3013 5214 id
3054 5162 3254 5215 factum
3290 5161 3477 5225 fuerit,

1906 5256 1965 5301 ut
2018 5263 2116 5301 iicc
2165 5249 2355 5302 audire
2396 5252 2666 5318 ejusmodi
2724 5252 3115 5320 blaSpIiciiiiaiii
3172 5253 3479 5307 catholicus

1972 5411 2050 5483 (α)
2102 5413 2180 5465 Ad
2241 5414 2383 5465 hunc
2452 5422 2654 5483 textum
2697 5427 2880 5483 revera
2918 5410 3093 5465 Latini
3142 5410 3255 5466 fere
3287 5428 3477 5467 omnes

1903 5480 2219 5553 provocant.
2286 5485 2421 5550 Aug.
2488 5484 2556 5536 de
2608 5480 2759 5553 Trin.
2810 5480 2897 5546 IV,
2928 5484 3020 5548 20,
3056 5483 3254 5549 aliique
3288 5483 3476 5537 Patres

1904 5550 2043 5621 apud
2074 5552 2254 5607 Pelav.
2295 5554 2357 5605 de
2385 5554 2533 5607 'l'i'iii.
2570 5553 2604 5606 I.
2644 5550 2752 5615 VII,
2777 5568 2825 5606 c.
2851 5554 2902 5607 4.
2936 5554 3264 5606 Ilairaiiiiius
3286 5563 3476 5608 contra

1904 5625 2218 5677 Utit‘t‘tn'illll
2267 5626 2512 5690 opposita
2558 5624 2618 5677 L.
2652 5621 2690 5684 ί,
2724 5638 2771 5675 c.
2808 5622 2858 5685 4,
2929 5622 2982 5684 6,
3015 5624 3067 5676 7.
3114 5622 3337 5691 (Patrol.
3378 5624 3469 5676 Iul.

1908 5707 1916 5742 I
1974 5694 2160 5750 (ΣΧΧΙ,
2198 5711 2245 5758 ν.
2280 5696 2403 5753 Ξὶίιξ,
2444 5696 2569 5748 ξέῗιϋ,
2606 5694 2752 5759 258.)
2778 5692 2832 5745 S.
2875 5693 3063 5747 Petrus
3091 5694 3239 5747 Dain.
3267 5691 3471 5762 Opusc.

1910 5768 1944 5816 l.
1981 5790 1997 5817 ιμ
2077 5765 2135 5809 ιι)
2193 5766 2388 5816 ιΡλιῖνιι
2439 5777 2446 5811 l
2498 5762 2701 5825 CXLV,
2743 5778 2793 5839 ιτ.
2832 5763 2920 5831 57,
2950 5764 3061 5834 58.)
