4214 6448
226 407 333 468 79⁵1

1002 399 1440 463 REFUTATIO
1481 398 1847 479 PIlQTlANl
1894 396 2108 458 LIBRI
2152 396 2247 456 DE
2288 395 2601 455 SPlRlTU
2644 396 2704 456 S.

3388 384 3492 454 798

227 526 422 594 Πατὴρ
454 518 608 576 εἶναι
662 522 762 576 τοῦ
808 520 977 584 Tim“);
1011 516 1136 591 Ἆρ’
1170 515 1263 573 οὖν
1314 521 1379 573 σὺ
1414 519 1490 590 (Ι)
1522 520 1608 574 διὰ
1654 517 1812 572 τοῦτο

1916 520 2057 572 citur
2085 524 2138 571 et
2174 515 2332 570 Pater
2359 529 2472 567 esse
2513 512 2688 566 Filii?
2730 508 2873 577 Ergo
2909 512 3195 575 propterea
3220 511 3273 558 et
3314 513 3368 557 tu
3401 520 3493 575 ge-

224 617 318 667 καὶ
352 615 609 683 γέννησιν
652 613 1013 681 ἀναστρέψεις
1062 612 1239 682 αὐτῷ;
1285 614 1346 665 Εἰ
1378 614 1424 665 δ’
1450 615 1478 666 ό
1504 613 1692 684 Πατὴρ
1721 611 1806 664 lio

222 723 386 771 γεται
420 706 518 774 μὲν
548 704 641 758 τοῦ
670 704 823 769 Υἱοῦ,
854 707 950 774 οὐχ
986 706 1067 759 ὅτι
1098 706 1442 777 γεγέννηται,
1477 705 1592 758 ἀλλ’
1617 703 1805 773 ἐπειδὴ

220 797 543 865 ὀμοούσιος·
588 798 636 849 εί
679 796 856 865 βούλει
900 796 959 850 δὲ
1012 799 1100 849 καὶ
1160 798 1241 850 ὅτι
1298 797 1649 865 γεγέννηται·
1688 797 1805 858 πῶς

221 887 461 940 ενταῦθά
489 903 570 938 σοι
609 888 676 939 τὸ
724 887 967 956 Πνεῦμα
1006 887 1171 957 ῥηθὲν
1213 886 1323 939 τοῦ
1372 886 1513 940 Υιοῦ
1551 886 1673 939 ἀντ)⁵
1710 884 1804 938 τοῦ

220 977 408 1043 λέγειν
437 976 571 1028 αὐτὸ
610 976 783 1029 αἴτιον
815 976 909 1029 καὶ
940 977 1263 1046 προαγωγὸν
1300 978 1380 1037 εἰς
1408 977 1508 1044 τὴν
1550 975 1642 1029 τοῦ
1672 991 1805 1045 προ-

221 1068 500 1136 αγομένου
530 1069 626 1120 καὶ
651 1068 898 1122 αἰτιατοῦ
931 1068 1084 1131 τάξιν
1117 1067 1434 1138 παρεσύρη;
1469 1069 1530 1121 El
1558 1066 1663 1136 γάρ
1700 1066 1803 1120 πού

223 1177 283 1212 σε
320 1160 417 1212 καὶ
447 1159 665 1211 ἀσεϐεῖν
687 1160 775 1213 διά
808 1160 903 1230 τῆς
942 1160 1052 1213 τῶν
1081 1158 1273 1228 φωνῶν
1316 1159 1630 1227 ὁμοιότητος
1664 1158 1804 1228 ἔρως

220 1253 498 1318 κατεῖχεν,
535 1250 730 1319 ἐπίσης
763 1250 862 1321 μὶν
888 1240 954 1305 ἂν
985 1246 1052 1321 ἧς
1083 1249 1294 1303 ἀσεϐῶν
1315 1248 1504 1318 ὥσπερ
1540 1248 1804 1317 προϐολέσ.

220 1344 281 1395 τὺ
321 1344 546 1412 Πνεῦμα
586 1344 758 1410 λέγων
791 1343 886 1396 τοῦ
922 1342 1075 1406 Υῖοῦ,
1109 1342 1279 1405 οὕτως
1322 1342 1418 1394 καὶ
1448 1342 1507 1394 τὸ
1534 1341 1804 1393 ἀνάπαλιν

217 1434 315 1487 τοῦ
350 1434 487 1486 Ilva-3
497 1452 665 1497 ματος
695 1437 785 1487 τὴν
830 1435 957 1487 Υἱόν
979 1450 994 1464 ’
1037 1433 1174 1503 πλὴν
1203 1433 1319 1486 ἀλλ’
1348 1433 1383 1503 ἡ
1414 1449 1474 1499 γε
1510 1433 1689 1501 πλάνη
1715 1432 1804 1485 διά

217 1543 367 1589 τινος
411 1527 478 1579 ἂν
510 1527 763 1597 ἀφορμῆς
794 1528 887 1579 καὶ
923 1525 1362 1597 παραδείγματος
1402 1524 1575 1577 ἐδόκει
1617 1524 1803 1594 προϊέ-

217 1631 343 1665 ναι·
375 1614 470 1667 νῦν
501 1615 555 1668 δέ
591 1633 670 1667 σοι
696 1616 785 1666 καὶ
831 1615 892 1668 τὸ
927 1615 1122 1682 ἄλογον
1154 1613 1417 1683 θεομαχεῖ
1448 1612 1542 1666 καὶ
1574 1612 1632 1664 τὸ
1686 1612 1805 1664 θεο-

222 1706 401 1777 μάχον
438 1707 571 1776 πρὸς
595 1707 655 1758 τὸ
692 1706 1005 1776 ἔμπληκτον
1036 1708 1162 1774 περὶ
1189 1706 1287 1774 τῆς
1313 1704 1616 1775 ὑπερϐολῆς
1652 1702 1800 1772 φιλο-

219 1803 398 1851 νεικεῖ
420 1801 512 1850 καὶ
541 1798 833 1867 ἀντερίζει.

1912 610 2091 663 nerari
2135 623 2162 661 a
2195 607 2332 662 Filio
2387 605 2603 660 Patrem
2653 599 2952 656 aliirmabis
2990 596 3013 650 τ
3052 594 3206 663 Quod
3241 595 3288 649 si
3332 592 3492 649 Pater

1907 700 2106 755 dicitur
2138 698 2281 763 Filii,
2312 712 2422 752 non
2471 694 2601 764 quia
2631 700 2943 762 generatus,
2972 688 3065 742 sed
3090 686 3219 756 quia
3245 683 3493 739 consob-

1906 794 2181 847 stamialis
2198 803 2298 857 est,
2314 792 2396 846 vel
2426 790 2473 846 si
2503 788 2610 854 vis,
2633 794 2687 841 et
2722 786 2849 855 quia
2868 782 3087 855 genitus
3112 779 3216 834 fuit
3238 778 3486 845 (Filius),

1905 886 2182 957 quomodo
2212 886 2301 940 hic
2342 894 2396 939 tu
2436 883 2666 938 audiens
2716 877 2975 945 Spiritum
3017 874 3173 940 Filii,
3207 887 3315 927 nou
3359 885 3491 925 cau-

1906 997 2025 1037 sam
2060 993 2183 1034 eum
2226 991 2289 1031 ac
2313 976 2699 1047 productorem
2738 969 2963 1031 asseris,
3012 968 3103 1023 sed
3152 969 3205 1021 in
3238 963 3488 1034 producti

1907 1083 1961 1127 et
1989 1070 2201 1126 causali
2268 1068 2515 1122 ordinem
2564 1061 2812 1118 traducis
2835 1069 2890 1115 et
2922 1060 3169 1113 detrudis
3196 1059 3219 1112 τ
3279 1056 3412 1110 Nam
3440 1054 3489 1108 si

1906 1164 2047 1218 forte
2084 1161 2311 1230 impium
2341 1166 2395 1212 te
2424 1157 2683 1211 exhibere
2716 1169 2815 1224 per
2845 1166 3038 1207 vocum
3072 1148 3489 1205 similitudinem

1906 1254 2191 1323 cupiebas,
2219 1265 2374 1319 aeque
2404 1248 2696 1302 exsisteres
2723 1244 2923 1313 impius
2950 1241 3187 1296 dicendo
3220 1238 3485 1308 Spiritum

1907 1346 2289 1417 productorem
2316 1340 2447 1394 Filii
2483 1356 2546 1393 ac
2578 1340 2691 1393 vice
2718 1351 2887 1391 versa
2938 1333 3139 1388 Filium
3186 1331 3486 1401 producto—

1909 1450 2024 1490 rem
2059 1435 2292 1501 Spiritus
2324 1449 2341 1499 ;
2376 1431 2482 1486 nisi
2530 1430 2671 1497 quod
2718 1428 2808 1482 hic
2842 1441 2999 1481 error
3056 1439 3151 1493 per
3184 1424 3473 1491 quamdam

1904 1528 2017 1581 veri
2057 1526 2289 1596 speciem
2349 1522 2637 1593 procedere
2664 1529 2718 1575 et
2760 1520 3011 1588 exemplo
3047 1515 3363 1572 conlirmari
3409 1512 3487 1565 vi-

1906 1618 2150 1672 deretur.
2220 1616 2373 1669 Nunc
2434 1628 2563 1667 vero
2645 1621 2699 1663 et
2739 1610 3047 1664 absurdilas
3117 1617 3209 1661 tua
3273 1604 3492 1659 exsist't

1905 1710 2069 1778 impia
2123 1718 2176 1762 et
2212 1708 2459 1774 impietas
2511 1720 2635 1759 cum
2689 1702 2924 1757 stultitia
2988 1703 3052 1755 de
3117 1697 3485 1769 praecellentia

1906 1801 2186 1856 centendit
2219 1813 2281 1853 ac
2315 1798 2504 1866 litigat.

292 1897 399 1957 νγ’.
449 1851 757 1959 ’ἱερολογεῖ-
781 1889 961 1941 τοίνυν
1010 1890 1043 1958 ὴ
1078 1851 1372 1955 Ἐκκλησία
1420 1887 1511 1938 καὶ
1542 1885 1634 1938 τὸν
1677 1885 1805 1937 Υῐὶον

1911 1851 2358 1945 Πὸδιηιέήηάίνοαῑ
2390 1851 2553 1957 igitur
2581 1887 2821 1942 Ecclesia
2844 1895 2898 1939 et
2921 1884 3118 1939 Filium
3154 1898 3277 1937 esse
3306 1881 3485 1935 Patris

218 1977 367 2035 εἶναι
402 1984 493 2035 τοῦ
523 1983 755 2051 Πατρὸς,
786 1983 881 2034 καὶ
903 1982 991 2033 τζν
1015 1982 1232 2050 Πατέρα
1258 1978 1350 2032 τοῦ
1380 1980 1510 2031 Υἱοῦ
1531 1996 1544 2009 ο
1576 1979 1667 2031 καὶ
1696 1978 1804 2047 γὰρ

217 2074 485 2143 ὁμοούσια
507 2091 519 2103 ·
571 2075 665 2127 καὶ
696 2076 757 2127 ού
789 2075 961 2143 δήπου
1004 2073 1139 2126 διότι
1182 2072 1513 2139 θεολογεῖται
1543 2070 1802 2139 γεγεννῆ-

222 2166 352 2218 σθαι
381 2168 407 2217 ό
439 2166 566 2229 Υἱὸς
595 2169 657 2217 ὲκ
696 2164 790 2217 τοῦ
825 2165 1058 2233 Πατρὶς,
1106 2164 1199 2217 καὶ
1241 2164 1375 2215 διότι
1409 2162 1625 2229 λέγεται
1656 2164 1751 2214 καὶ
1776 2162 1804 2213 ό

221 2258 421 2326 Πατὴρ
443 2259 536 2310 τοῦ
580 2256 732 2312 Υῐοῦ.
763 2257 850 2309 διὰ
894 2257 1052 2309 τοῦτο
1081 2256 1173 2309 καὶ
1206 2255 1475 2309 ἀνάπαλιν
1520 2255 1807 2323 δυσφημή-

224 2365 399 2416 σομεν
419 2358 432 2375 ⁵
462 2347 630 2411 οῦτως
659 2346 752 2401 οὖν
772 2347 987 2402 κᾶπειτ’
1003 2348 1069 2401 ἂν
1089 2346 1468 2417 ἱερολογοῦμεν
1490 2346 1547 2397 τὸ
1578 2345 1802 2413 Πνεῦμα

221 2436 368 2493 εἶναι
400 2438 497 2492 τοῦ
544 2440 753 2507 Πατρδς
802 2441 894 2493 καὶ
947 2438 1041 2492 τοῦ
1083 2439 1236 2502 Υζοῦ,
1272 2438 1332 2490 τὸ
1390 2438 1488 2505 μὲν
1520 2436 1805 2506 ὁμοούσιον

222 2530 447 2593 πάντως
479 2532 609 2600 πρὸς
656 2532 916 2599 ἑκάτερον
954 2532 1072 2590 ταῖς
1122 2531 1325 2598 φωναῖς
1376 2529 1801 2597 συνεισάγομεν·

220 2623 387 2690 ῖσμεν
433 2621 586 2673 δ’ὃτι
635 2620 919 2689 ὸμοούσιον
954 2621 1053 2689 μέν
1100 2621 1215 2673 εστι
1260 2619 1336 2690 τῷ
1388 2618 1519 2688 Υἱῷ,
1574 2620 1672 2688 οὐχ
1722 2619 1801 2671 ὅτι

219 2711 584 2782 ἔκπορεύεται
626 2714 859 2781 (ἄπαγε’
893 2713 1014 2765 ἐπεὶ
1067 2714 1201 2782 μηδὲ
1238 2712 1486 2773 κάκεῖνος
1538 2710 1686 2780 αύτῷ
1715 2710 1802 2763 διὰ

220 2804 325 2874 τὴν
361 2805 661 2873 γέννησιν),
691 2804 804 2858 ἀλλ’
831 2805 910 2856 ὅτι
941 2803 1001 2869 ἐξ
1027 2805 1142 2866 ἑνὸς
1168 2804 1263 2856 καὶ
1286 2803 1586 2873 ἀμερίστου
1624 2802 1801 2854 αιτίου

222 2897 333 2967 πρὸ
367 2897 577 2949 αἰώνων
604 2912 661 2948 τε
686 2898 779 2949 καὶ
812 2894 1096 2966 όμοταγῶς
1123 2895 1370 2966 ἐκατέρῳ
1397 2897 1429 2965 ἡ
1460 2893 1702 2964 πρόοδος.

294 3174 388 3227 νδκ
423 3174 491 3225 Τὸ
522 3174 763 3242 Πνεῦμα
786 3174 894 3229 τοῦ
940 3175 1075 3231 Υὶοῦ
1102 3176 1312 3231 αὑτοῦ.
1336 3176 1520 3241 Σύνες,
1545 3168 1592 3229 ὣ
1622 3168 1797 3238 οὗτος,

223 3271 323 3322 καὶ
360 3268 433 3334 μὴ
469 3266 565 3334 τὴν
597 3266 688 3318 τοῦ
737 3267 979 3337 κήρυκος
1013 3268 1115 3337 τῆς
1158 3269 1417 3338 άληθεία;
1462 3267 1716 3336 θεόσοφόν
1740 3283 1800 3319 τε

220 3362 317 3410 καὶ
343 3358 610 3424 σωτήριον
635 3355 815 3426 φωνὴν
835 3356 1076 3426 ὀλεθρίου
1099 3358 1307 3420 πάθους
1330 3356 1514 3425 σαυτῷ
1539 3356 1805 3409 συσκευά-

222 3449 326 3517 Cn;
360 3447 634 3504 ὑπόθεσιν.
663 3450 777 3501 Οῦκ
826 3448 971 3501 ἐστιν
1006 3448 1250 3518 ἐργώδης
1290 3452 1321 3516 ὴ
1378 3447 1669 3517 ἀνάληψις,
1700 3448 1801 3501 οῦκ

219 3540 488 3607 ὀξυτέρας
525 3539 695 3592 δεῖται
738 3541 935 3608 φρενὸς
986 3540 1097 3592 οὐδ’
1128 3540 1454 3608 ὲμΰαθύνειν
1481 3539 1802 3609 ἐρρωμένης

218 3646 335 3693 τοις
370 3634 794 3700 κρυφιωτέροιςο
829 3633 956 3685 ἀλλο
997 3632 1276 3702 σημαίνει,
1318 3633 1385 3685 τὸ
1422 3632 1666 3700 Πνεῦμα
1694 3630 1801 3684 τοῦ

228 3722 371 3774 Υἰοῦ
394 3722 603 3783 αὑτοῦ.
638 3725 732 3775 καὶ
754 3722 939 3792 ἕτερον
967 3726 1339 3792 μυσταγωγεῖ,
1369 3724 1436 3777 τὸ
1469 3723 1713 3792 Πνεῦμα
1736 3722 1800 3775 τὸ

216 3820 284 3871 ἐκ
306 3820 417 3871 τοῦ
450 3819 679 3885 Πατρός
700 3820 1197 3888 ἐκπορευόμενον.
1225 3820 1375 3889 Μηδέ
1406 3836 1464 3872 σε
1492 3821 1525 3889 ἡ
1550 3818 1802 3890 ὁμοιότης

216 3912 330 3964 τῶν
360 3911 618 3964 πτώσεων
644 3914 725 3974 εις
748 3914 961 3966 ἀνίατον
987 3912 1353 3965 συνελαυνέτω
1380 3912 1597 3980 πτῶμα.
1626 3913 1802 3966 Πολλά

218 4006 331 4073 τὰρ
366 4005 475 4055 τῶν
519 4004 780 4073 ῥημάτων
827 4004 906 4073 τῷ
930 4003 1097 4072 ὁμοίῳ
1120 4005 1470 4074 προαγόμενα
1496 4004 1593 4073 τῆς
1620 4006 1801 4072 φωνῆς

217 4098 381 4165 τύπῳ
412 4097 475 4150 ού
514 4097 606 4149 τὸν
632 4098 816 4165 ὅμοιον
853 4094 978 4147 νοῦν
1007 4094 1268 4163 οὐμενοῦν
1311 4095 1419 4147 οὐδ’
1452 4097 1617 4162 ἐγγὺς
1649 4097 1797 4165 διερ-

223 4190 488 4258 μηνεύει⁶
544 4190 638 4241 καὶ
694 4189 945 4240 πλεῖστον
975 4188 1041 4241 ἀν
1091 4204 1172 4240 σοι
1201 4187 1460 4239 τοιούτων
1503 4188 1801 4255 κατάλογον

219 4280 594 4350 ἡθροισάμην,
630 4280 680 4330 εἰ
719 4282 792 4347 μή
831 4296 925 4331 σου
978 4279 1039 4331 τὸ
1078 4278 1300 4341 ἀπειθὲς
1334 4280 1431 4348 τὴν
1464 4279 1603 4349 ἐμὴν
1632 4297 1801 4336 σπου-

220 4372 323 4443 δὴν
356 4372 683 4440 μετέϐαλλεν
713 4373 793 4433 εἰς
822 4372 998 4424 ὃκνον.

292 4469 391 4515 νε’.
421 4464 494 4515 Σὺ
523 4461 568 4516 δ’
608 4463 675 4516 ἂν
725 4462 854 4525 ἴσως
906 4464 1085 4514 εἰπεῖν
1134 4461 1457 4534 ύπαχθείης,
1516 4464 1718 4534 μᾶλλον
1744 4465 1801 4518 δὲ

1905 1995 1960 2039 et
1996 1983 2208 2037 Patrem
2245 1997 2367 2036 esse
2398 1980 2551 2045 Filii;
2584 1986 2714 2035 sunt
2745 1978 2890 2033 enim
2918 1972 3426 2031 consubstantian
3460 1984 3479 2035 ;

1905 2088 2077 2142 neque
2101 2086 2278 2127 tamen
2311 2072 2436 2141 quia
2470 2070 2667 2125 dicitur
2713 2078 3003 2138 generatus
3048 2064 3217 2118 Filius
3263 2081 3290 2115 ιι
3320 2063 3484 2117 Patre

1909 2174 1963 2217 et
1996 2162 2150 2216 Pater
2183 2178 2213 2216 a
2248 2161 2405 2227 Filio,
2444 2162 2649 2215 idcirco
2680 2159 2920 2213 vicissim
2956 2156 3227 2210 aliirmare
3280 2151 3486 2215 licebit,

1906 2257 2119 2310 Patrem
2151 2271 2181 2309 a
2222 2253 2358 2307 Filio
2381 2254 2652 2323 generari.
2689 2252 2767 2307 lta
2800 2266 2931 2322 ergo
2958 2248 3182 2319 quando
3242 2246 3481 2299 dicimus

1906 2348 2171 2417 Spiritum
2221 2363 2343 2401 esse
2400 2345 2578 2399 Patris
2610 2360 2673 2398 ac
2708 2342 2854 2408 Filii,
2914 2337 3480 2397 consubstantialitem

1907 2440 2125 2510 quidem
2150 2439 2270 2507 ejus
2307 2454 2431 2492 cum
2469 2446 2704 2506 utroque
2736 2452 2799 2490 ex
2831 2435 3057 2489 vocibus
3114 2431 3236 2485 istis
3271 2428 3485 2498 colligi-

1907 2548 2029 2585 mus
2062 2548 2076 2594 ;
2115 2531 2324 2584 scimus
2376 2540 2558 2582 autem
2610 2526 2875 2596 Spiritum
2954 2520 3482 2579 consubstantialem

1903 2637 2024 2676 esse
2064 2618 2228 2686 Patri,
2278 2621 2405 2688 quia
2446 2635 2512 2673 ex
2557 2619 2676 2689 ipso
2709 2617 2976 2687 procedit,
3025 2626 3189 2685 atque
3236 2619 3479 2667 consub-

1904 2713 2214 2770 stantialem
2252 2710 2415 2779 Filio,
2456 2727 2563 2765 non
2596 2709 2724 2779 quia
2750 2709 3009 2779 procedat
3084 2709 3102 2775 (
3132 2707 3317 2772 absit;
3353 2721 3477 2757 nam

1904 2821 2004 2862 nec
2060 2804 2230 2861 Filius
2290 2803 2776 2859 consubstantialis
2821 2812 2908 2857 est
2964 2802 3189 2868 Spiritui
3252 2806 3473 2867 propter

1905 2894 2349 2966 generationem)
2380 2894 2473 2949 sed
2507 2892 2636 2963 quia
2671 2908 2737 2947 ex
2792 2907 2895 2947 una
2937 2890 3284 2957 indivisaque
3313 2902 3480 2940 causa

1902 2989 1972 3041 ab
2037 2994 2241 3040 aeterno
2278 2983 2443 3039 simul
2494 2984 2797 3051 eodemque
2850 2980 3040 3035 ordine
3073 2988 3298 3047 uterque
3341 2990 3469 3046 pro-

1904 3080 2025 3133 diit.

1973 3175 2060 3229 54.
2101 3172 2356 3242 Spiritum
2394 3170 2524 3224 Filii
2558 3170 2667 3224 sui.
2702 3167 2968 3235 lntellige,
2994 3166 3175 3228 sodes,
3214 3180 3313 3218 nec
3344 3162 3478 3216 velis

1904 3265 2142 3319 divinam
2202 3265 2605 3332 salutaremque
2661 3276 2848 3315 vocem
2906 3258 3172 3329 praeconis
3240 3254 3484 3309 veritatis

1905 3359 1961 3411 in
2016 3356 2280 3427 perniciei
2337 3354 2622 3408 materiam
2692 3352 2787 3406 tibi
2824 3360 3167 3405 convertere.
3241 3344 3360 3399 Non
3396 3355 3483 3399 cst

1904 3462 2194 3514 operosum
2220 3445 2560 3516 resipiscere.
2596 3459 2702 3496 non
2731 3454 2814 3497 est
2840 3442 2907 3494 ad
2951 3442 3055 3493 hac
3090 3439 3316 3507 ingenio
3351 3451 3480 3490 acu-

1906 3538 2033 3593 tiori
2080 3553 2241 3607 opus.
2276 3537 2421 3607 quod
2463 3536 2647 3589 valeat
2681 3534 2732 3587 in
2753 3533 3026 3587 abditiora
3088 3528 3349 3600 mysteria
3382 3542 3475 3595 pe-

1904 3642 2141 3685 netrare.
2200 3630 2358 3683 Aliud
2418 3627 2687 3697 signiticat
2747 3624 2978 3693 Spiritus
3049 3619 3180 3674 Filii
3254 3620 3371 3681 sui,
3424 3625 3479 3670 et

1903 3722 2048 3776 aliud
2083 3723 2309 3775 denotat
2338 3720 2571 3789 Spiritus
2605 3733 2669 3772 ea:
2702 3717 2867 3771 Patre
2897 3714 3202 3784 procedens.
3251 3710 3363 3764 Nec
3423 3716 3476 3762 te

1903 3814 2203 3869 similitudo
2263 3828 2490 3867 casuum
2529 3814 2583 3865 in
2624 3826 2809 3865 casum
2865 3807 3274 3877 irreparabilem
3327 3800 3493 3857 com-'

1904 3908 2087 3975 pellut.
2120 3905 2285 3959 Multa
2318 3905 2464 3958 enim
2551 3903 2734 3967 verba,
2762 3916 2883 3971 quae
2959 3898 3128 3954 simili
3167 3894 3469 3949 eliciuntur

1903 3999 2055 4052 vocis
2087 3996 2284 4061 forma,
2312 3996 2547 4051 similem
2583 4009 2808 4049 sensum
2847 3992 3160 4045 nullatenus
3185 3986 3472 4043 exhibent.

1902 4089 2247 4157 plurimaque
2314 4088 2407 4141 tibi
2461 4088 2564 4141 hoc
2620 4086 2740 4139 loco
2774 4084 2937 4138 verba
2961 4078 3235 4151 ejusmodi
3286 4090 3478 4130 recen-

1902 4194 2100 4242 serem,
2134 4178 2237 4232 nisi
2272 4178 2615 4232 contumacia
2644 4185 2735 4231 tua
2762 4188 2939 4229 meum
2972 4172 3213 4226 studium
3244 4169 3297 4222 in
3330 4166 3477 4219 desi-

1901 4270 2047 4324 diam
2084 4278 2341 4325 verteret.

1972 4453 2063 4509 55.
2105 4451 2185 4506 Tu
2214 4467 2344 4508 vero
2374 4452 2609 4508 forsitan
2641 4452 3020 4516 allirmaveris,
3084 4453 3198 4506 imo
3230 4454 3337 4507 tuis
3369 4467 3483 4507 ser-

220 4558 339 4617 τοῖς
372 4557 484 4617 σοῖς
537 4553 804 4607 δουλεύων
858 4552 1044 4622 νόμοις
1094 4553 1341 4624 ἀνάγκην
1375 4554 1519 4624 ἔχεις
1552 4556 1627 4625 μὴ
1680 4556 1806 4623 ἀφί-

1907 4547 2059 4598 viens
2091 4544 2297 4613 legibus
2329 4544 2554 4597 omnino
2576 4544 2790 4611 cogeris
2821 4544 2889 4596 ab
2910 4544 3013 4597 hac
3044 4558 3153 4597 non
3223 4544 3479 4596 recedere

224 4645 460 4699 στασθαι
511 4649 609 4715 τῆς
645 4645 898 4707 ἀτοπίας.
958 4645 1174 4714 Ἐπειδὴ
1220 4645 1280 4697 τὸ
1328 4645 1666 4715 ἀπαύγασμα
1708 4645 1803 4698 τοῦ

225 4737 442 4807 Πάτρὸς
488 4739 580 4789 καὶ
611 4738 670 4789 15
701 4738 767 4789 ὲκ
811 4736 908 4790 τοῦ
964 4738 1143 4805 φωτὸς
1174 4738 1288 4805 φώς
1328 4739 1357 4790 δ
1385 4737 1508 4800 Υἱὸς
1554 4740 1616 4791 οὐ
1648 4738 1805 4791 τοῦτο

226 4830 391 4898 μόνον
453 4826 804 4894 θεολογεῖται,
851 4828 985 4881 ἀλλά
1042 4830 1132 4880 καὶ
1187 4828 1349 4891 αὑτός
1409 4846 1574 4899 φησιν
1602 4847 1615 4859 ·
1659 4829 1807 4898 Ἐγώ

221 4921 343 4988 ειμι
370 4917 440 4970 τὸ
470 4916 597 4986 φῶς
626 4917 733 4972 τοῦ
759 4918 1016 4987 κόσμου,
1048 4917 1164 4970 ἐστι
1189 4918 1244 4971 δὲ
1279 4921 1339 4970 τὸ
1365 4919 1480 4987 φῶς
1501 4919 1593 4972 τοῦ
1629 4919 1805 4988 φωτὸς

221 5010 512 5079 δμοούσιον
541 5010 570 5063 δ
602 5008 730 5072 Υἱὸς
757 5009 852 5063 τοῦ
891 5010 1123 5080 Πατρὸς,
1146 5010 1234 5061 τὸν
1268 5010 1330 5062 ὲκ
1358 5015 1458 5078 τῆς
1488 5013 1586 5081 σῆς
1615 5012 1805 5079 σοιρίας

222 5100 319 5153 καὶ
349 5098 578 5170 γνώμης
623 5101 718 5153 καὶ
762 5098 1009 5170 γλώττης
1050 5099 1435 5169 συμπλακέντα
1471 5119 1551 5154 σοι
1587 5101 1803 5171 βρόχον,

223 5192 328 5245 κᾶν
363 5190 466 5259 ὀψὲ
498 5190 650 5257 γοῦν,
693 5191 780 5243 ῖνα
812 5190 887 5260 μὴ
932 5191 1076 5256 λέγω
1108 5190 1289 5261 σαυτῷ
1331 5192 1653 5261 περιθεῖναι.
1690 5193 1806 5244 ἀλλ’

220 5282 318 5336 οὖν
352 5282 564 5345 δίκαιος
606 5277 749 5351 ἦσθα
775 5284 1160 5352 παραιτεῖσθαι
1199 5282 1339 5355 [καὶ]
1382 5286 1564 5353 ζητεῖν
1598 5286 1687 5336 τὸν
1716 5285 1804 5338 διὰ

219 5378 320 5447 τῆς
352 5376 589 5444 ἀγχόνης
619 5374 840 5445 ὄλεθρον
871 5374 1015 5438 ὅπως
1052 5376 1261 5443 γένοιτό
1288 5394 1366 5429 σοι
1389 5378 1691 5445 διαφυγεῖν.

285 5506 365 5572 (ll
402 5504 616 5559 Monac.
650 5506 826 5558 omitt.
866 5506 954 5561 σύ.

298 5578 376 5646 (a)
422 5594 444 5647 ι
498 5573 599 5647 Per
632 5575 975 5647 aposiopesin
1032 5585 1194 5647 atque
1252 5578 1690 5646 imprecationem
1724 5584 1803 5635 vi-

221 5645 387 5702 detur
422 5645 662 5699 hocloco
695 5645 913 5717 Pliotius
932 5645 1159 5701 innnei'e
1183 5666 1195 5701 :
1218 5664 1280 5701 ex
1307 5645 1371 5701 eo
1395 5653 1535 5717 quod
1557 5651 1802 5706 Christus

224 5719 444 5771 dicatur
475 5717 565 5787 lux
593 5714 803 5779 mundi,
837 5718 989 5787 sequi
1039 5718 1314 5771 Christum
1372 5714 1423 5771 a'
1451 5721 1655 5773 mundo
1682 5737 1801 5787 prn-

225 5789 443 5850 cedere,
473 5786 602 5858 tiex
633 5800 695 5837 eo
717 5786 860 5858 quod
891 5785 1125 5854 Spiritus
1147 5789 1359 5858 dicatur
1392 5789 1625 5858 Spiritus
1659 5785 1797 5851 Filii.

228 5872 424 5913 verum
485 5857 554 5911 sit
612 5858 769 5925 sequi
830 5856 1092 5927 Spiritum
1143 5875 1172 5912 ιι
1223 5855 1359 5916 Filio
1431 5855 1790 5930 procedere.»

1906 4636 2260 4692 absurditate.
2314 4634 2583 4701 Quoniam
2615 4633 2785 4691 Filius
2847 4650 2954 4689 non
3014 4636 3191 4688 solum
3219 4634 3479 4703 splendor

1905 4732 2084 4785 Patris
2111 4740 2167 4785 et
2194 4731 2376 4785 lumen
2403 4729 2694 4785 delumine
2719 4745 2748 4783 a
2782 4731 2985 4784 nostris
3022 4729 3298 4793 theologis
3328 4743 3477 4781 nun-

1906 4829 2159 4889 cupatur,
2199 4820 2294 4875 sed
2327 4828 2385 4873 et
2442 4819 2556 4888 ipse
2586 4820 2664 4873 ait
2694 4837 2707 4874 :
2747 4817 2857 4888 Ego
2902 4835 3018 4872 sum
3059 4818 3152 4871 lux
3182 4817 3386 4880 mundi,
3420 4827 3476 4871 et

1905 4913 2164 4983 quoniam
2196 4920 2281 4967 est
2335 4912 2515 4968 lumen
2543 4912 2737 4965 lumini
2767 4910 3256 4974 consubstantiale,
3298 4909 3471 4964 Filius

1908 5007 2164 5061 nimirum
2200 5004 2347 5059 Patri
2398 5007 2474 5073 ta)
2498 5043 2511 5057 .
2536 5044 2551 5058 .
2581 5039 2597 5058 .
2625 5042 2639 5057 .
2667 5041 2681 5057 .
2731 5012 3043 5057 contextum
3078 5017 3173 5072 per
3206 5013 3259 5055 te
3286 5017 3349 5055 ex
3382 5012 3473 5055 tua

1906 5099 2119 5155 val‘ritie
2146 5108 2199 5154 et
2221 5098 2475 5169 Opinione
2500 5107 2553 5152 et
2588 5097 2771 5167 lingua
2802 5098 3058 5165 laqueum
3113 5096 3331 5150 tandem
3371 5098 3476 5152 ali-

1906 5193 2126 5260 quando
2180 5208 2246 5246 ne
2273 5190 2449 5244 dicam
2522 5191 2813 5257 ipsummet
2882 5190 2980 5244 tibi
3061 5191 3364 5257 imponere,
3420 5199 3475 5242 at

1906 5285 2095 5338 saltem
2131 5294 2181 5337 te
2220 5284 2427 5352 justum
2480 5280 2644 5335 fuerit
2674 5292 2838 5351 atque
2897 5297 3167 5350 quaerere.
3199 5284 3480 5351 quomodo

1905 5373 2355 5445 strangulationis
2408 5382 2637 5427 mortem
2665 5387 2837 5444 queas
2881 5372 3113 5428 evadere
3136 5372 3242 5443 (ὁ).

1904 5514 2200 5582 Catllorua.

1973 5581 2049 5653 (ὁ)
2089 5581 2360 5637 Catiiorus
2432 5581 2603 5652 legit:
2646 5586 3031 5654 παραιτεῖσθαι
3076 5583 3260 5654 ζητεῖν
3311 5590 3365 5654 et
3397 5582 3471 5636 ita

1904 5656 2087 5708 minus
2116 5662 2379 5725 accurate
2429 5656 2624 5709 vertit:
2653 5652 3000 5725 —'laqueum
3031 5671 3098 5711 ne
3125 5652 3300 5725 dicam
3335 5652 3475 5720 ipse-

1903 5734 2015 5777 mrt
2069 5724 2161 5778 tibi
2198 5724 2493 5791 imponere,
2554 5734 2607 5778 at
2655 5723 2845 5780 saltem
2903 5728 2972 5780 ab
3010 5727 3133 5779 aliis
3163 5723 3471 5790 impositum

1904 5796 2131 5847 tolerare
2162 5810 2318 5861 eaque
2344 5802 2558 5846 mortem
2581 5807 2818 5861 (φρίκη-ε
2850 5798 3093 5854 mereris.
3132 5794 3396 5850 Gtc-terum
3424 5803 3479 5846 ct

1900 5864 2062 5920 Laur.
2085 5864 2245 5920 habet
2280 5873 2335 5917 ut
2359 5862 2651 5921 Catiforus.
