4214 6448
750 400 857 463 803

1788 396 2003 461 JOAN.
2039 398 2254 460 VECCl
2296 399 2406 459 (ΣΡ.
2450 399 2967 461 PATRIARCH/E

3910 400 4025 465 804

824 515 911 568 59.
945 512 1101 579 Quod
1138 513 1185 568 si
1227 515 1350 583 quis
1383 512 1436 567 in
1472 512 1555 568 his
1608 529 1705 583 per
1765 514 2028 583 Spiritum
2066 514 2334 567 existimet

2510 514 2609 570 νϐ’.
2646 515 2707 567 Εἰ
2741 516 2796 568 δέ
2840 532 2923 579 τις
2952 517 3010 568 ὲν
3052 514 3257 579 τούτοις
3304 514 3548 583 Πνεῦμα
3582 513 3792 574 νομίσοι
3842 528 4029 581 παρα-

753 605 929 674 accipi
958 621 1066 660 non
1105 608 1283 676 ipsum
1318 606 1730 662 sanctissimum
1758 616 1811 661 et
1843 606 2336 662 consubtantialem

748 697 896 752 Patri
936 714 1002 753 ac
1050 698 1185 752 Filio
1231 698 1522 768 Spiritum,
1560 700 1654 753 sed
1686 699 2000 753 emanantia
2033 698 2158 753 inde
2190 699 2333 751 dona

750 806 846 845 seu
872 792 1223 856 charismata,
1247 808 1367 861 quae
1393 808 1459 847 eo
1485 792 1631 862 quod
1664 792 1729 846 ad
1758 793 1910 847 illum
1940 792 2253 845 referuntur
2286 800 2341 844 et

748 884 818 937 ab
857 884 951 936 illo
1000 883 1434 951 distribuuntur,
1470 885 1707 955 Spiritus
1758 900 1962 939 nomen
1998 886 2195 938 sortita
2228 884 2340 938 sint

749 976 877 1044 (sibi
925 976 1274 1047 adsciverint}
1303 998 1314 1032 :
1348 994 1663 1048 quanquam
1720 980 1900 1033 multa
1921 994 2158 1049 possem
2185 985 2339 1049 (con-

749 1077 831 1120 tra
870 1068 1005 1138 hoc)
1042 1068 1273 1135 alierre,
1312 1085 1375 1124 ea
1424 1081 1603 1125 tamen
1656 1072 1711 1125 in
1759 1070 2049 1141 praesentia
2099 1085 2206 1124 non
2247 1086 2340 1124 re-

747 1158 947 1215 feram.
1004 1160 1171 1215 Cur?
1210 1162 1385 1228 Quia,
1420 1164 1546 1218 licet
1605 1164 1708 1218 hoc
1754 1164 2111 1226 concedatur,
2164 1162 2336 1216 nihilo

746 1252 932 1307 tamen
966 1254 1149 1307 minus
1205 1254 1431 1323 iniquus
1467 1256 1713 1325 ipsorum
1748 1265 1981 1311 conatus
2023 1253 2333 1320 refellitur;

746 1345 1011 1414 quoniam
1053 1347 1198 1398 enim
1235 1346 1381 1399 dona
1431 1348 1523 1400 illa
1564 1348 1827 1401 dicuntur
1867 1362 1986 1401 esse
2032 1345 2174 1399 dona
2209 1347 2335 1414 Spi-

748 1437 912 1497 ritus.
957 1450 1098 1490 nova
1128 1448 1310 1490 autem
1366 1439 1593 1492 istorum
1624 1440 1708 1493 lex
1761 1439 2050 1508 praecipit,
2100 1449 2160 1492 ut
2210 1438 2334 1492 inde

752 1524 1024 1595 Spiritum
1086 1526 1384 1593 procedere
1447 1529 1844 1597 praedicemus,
1902 1528 2062 1596 cujus
2107 1535 2162 1580 ct
2211 1542 2335 1583 esse

747 1616 987 1679 dicitur,
1035 1629 1143 1669 non
1199 1616 1446 1686 'amplius
1502 1616 1852 1672 aﬂirmabuut
1908 1634 1938 1671 a
1988 1617 2195 1688 Spiritu
2240 1618 2334 1673 illo

745 1707 976 1778 produci
1021 1706 1187 1773 dona,
1232 1724 1467 1777 quorum
1513 1711 1630 1780 ipse
1679 1710 1884 1765 dicitur
1921 1710 2196 1781 Spiritus,
2235 1711 2331 1767 sed

745 1800 867 1855 vice
921 1816 1078 1856 versa
1155 1810 1410 1855 asserent
1478 1802 1547 1856 ab
1612 1802 1972 1871 intelligentia
2038 1804 2333 1872 procedere

2443 605 2818 676 λαμϐάνεσθαι
2839 608 2939 661 οὐκ
2965 607 3095 660 αὐτὸ
3117 608 3178 660 τό
3204 608 3471 674 πανάγιον
3500 606 3595 659 καὶ
3619 605 3905 676 ὀμοούσιον
3928 603 4032 656 τοῦ

2442 701 2655 772 Πατρδς
2715 701 2807 754 καὶ
2857 699 2951 753 τοῦ
3008 700 3136 753 Υἰοῦ
3190 699 3434 770 Πνεῦμα,
3499 697 3637 751 ἀλλά
3688 697 3755 750 τὰ
3811 696 4034 749 ἐκεῖθεν

2443 792 2672 863 βρύοντα
2701 792 3040 862 χαρίσματα,
3072 792 3208 844 διότι
3243 792 3379 862 πρὸς
3407 793 3583 844 έκεῖνο
3610 790 3707 861 τὴν
3742 788 4033 855 ἀναφορὰν

2440 884 2679 953 ἔχεικαὶ
2726 884 2857 936 αὐτὸ
2886 883 3058 937 ταῦτα
3102 884 3373 953 διανέμει,
3412 883 3511 953 τὴν
3562 882 3655 934 τοῦ
3705 881 4026 946 Πνεύματος

2440 976 2760 1045 ἐπωνυμίαν
2799 973 3209 1039 οἰκειώσασθαι,
3244 976 3421 1028 καίτοι
3462 975 3635 1028 πολλὰ
3665 973 3843 1041 λέγειν
3884 972 4025 1040 ἕχον.

2439 1070 2587 1140 ὅμως
2618 1068 2711 1121 νῦν
2750 1070 2851 1121 οὐκ
2881 1069 3009 1138 ἐρῶ.
3059 1068 3157 1122 Διά
3182 1067 3269 1133 τίς
3307 1067 3450 1121 Διότι
3481 1069 3529 1119 εί
3562 1070 3656 1119 καὶ
3700 1064 3857 1118 τοῦτο
3893 1081 4027 1131 συγ-

2438 1162 2758 1233 χωρηθείη,
2807 1161 2961 1214 οὐδὲν
3010 1161 3228 1214 ἔλαττον
3276 1160 3457 1213 αὐτῶν
3510 1159 3873 1227 ἀπελέγχεται
3925 1157 4031 1227 τῆς

2439 1257 2787 1324 παρανομίας
2817 1253 2878 1306 τὸ
2908 1254 3246 1323 ἐπιχείρημα
3272 1266 3286 1283 ⁸
3339 1252 3461 1304 ἐπεὶ
3487 1252 3594 1323 γὰρ
3631 1252 3729 1309 τοῦ
3765 1250 4026 1320 (ivstitia-

2438 1366 2527 1409 τος
2558 1347 2782 1415 λέγεται
2827 1349 2894 1399 τὰ
2926 1346 3266 1415 χαρίσματα,
3292 1346 3320 1397 ὁ
3362 1344 3420 1397 δὲ
3453 1345 3635 1407 καινὸς
3667 1344 3851 1406 αὐτοῖς
3901 1344 4033 1394 ἐπι-
4089 1376 4097 1383 ο

2437 1439 2627 1491 τάσσει
2646 1436 2831 1507 νόμος,
2858 1436 3066 1489 ἐκεῖθεν
3091 1436 3342 1505 προϊέναι
3374 1433 3671 1504 κηρύσσειν
3688 1434 3747 1485 τὺ
3774 1434 4026 1502 Πνεῦμα,

2417 1520 2498 1579 οὗ
2529 1526 2620 1577 καὶ
2650 1520 2789 1578 εἶναι
2820 1524 3063 1592 λέγεται,
3109 1522 3293 1577 οὐκέτι
3318 1524 3377 1576 τὸ
3410 1522 3635 1594 Πνεῦμα
3663 1519 3738 1576 ὧν
3780 1524 4026 1590 λέγεται,

2435 1616 2609 1671 ταῦτα
2664 1616 2927 1687 προάγειν
2977 1615 3214 1686 ἐροῦσιν,
3246 1614 3359 1670 ἀλλ’
3412 1615 3867 1686 ἀντιστρέψαντες
3919 1620 4028 1687 φή-

2440 1727 2593 1764 σουσι
2636 1710 2732 1779 τῆς
2782 1708 3050 1771 συνέσεως
3095 1707 3491 1778 ἐκπορεύεσθαι
3543 1711 3637 1759 καὶ
3682 1709 3933 1775 προϊέναι
3964 1707 4029 1759 τὸ

2438 1804 2682 1874 χάρισμα
2739 1802 2835 1853 καὶ
2868 1800 2967 1869 τῆς
3019 1800 3214 1867 σοφίας
3266 1800 3359 1853 καλ⁵
3396 1800 3502 1853 τῶν
3541 1800 3714 1852 ἄλλων
3762 1800 4025 1852 ἁπάντων

737 1901 815 1946 'ac
844 1896 1068 1962 prodire
1097 1896 1326 1959 donum,
1362 1909 1462 1949 nec
1497 1910 1602 1948 non
1636 1910 1664 1947 a
1694 1895 1965 1961 sapientia
2004 1896 2332 1965 exterisque

2568 1870 2986 1963 προειρημένων
3010 1908 3019 1915 ·
3057 1890 3196 1943 ὥστε
3225 1891 3285 1943 ού
3312 1891 3370 1944 τὸ
3397 1893 3638 1961 χάρισμα
3664 1892 3783 1962 ἦτοι
3810 1891 3898 1943 διὰ
3924 1889 4019 1943 τοῦ

744 1985 1004 2041 omnibus
1070 2002 1234 2055 supra
1302 1985 1652 2053 memoratis;
1704 2001 1875 2055 quare
1929 2002 2039 2040 non
2096 1987 2321 2053 donum,

743 2072 861 2129 sive
924 2091 1019 2144 per
1086 2076 1287 2131 donum
1346 2077 1631 2146 spirituale
1694 2077 1809 2147 ipse
1870 2078 2105 2148 Spiritus
2174 2080 2334 2135 intel-

745 2166 1029 2235 ligentiam
1062 2168 1313 2238 largitur,
1351 2169 1433 2223 vel
1460 2169 1785 2238 sapientiam
1822 2170 1903 2223 vel
1938 2173 2215 2233 virtutem,
2251 2172 2332 2225 vel

746 2258 1089 2324 liliationem,
1125 2260 1208 2312 vel
1260 2259 1670 2323 rcvelationem,
1710 2262 1787 2312 Vri
1824 2260 2005 2324 tidem,
2054 2262 2133 2314 wl
2164 2262 2335 2329 pieta-

746 2359 856 2405 tem
884 2366 898 2415 ;
932 2349 1026 2404 sed
1057 2359 1242 2403 contra
1279 2350 1462 2420 potius
1494 2348 1849 2420 intelligentia
1885 2360 1938 2404 et
1975 2353 2236 2406 revelatio
2280 2362 2335 2407 et

745 2442 880 2496 ﬁdes
910 2450 966 2496 et
996 2442 1271 2497 sobrietas
1330 2444 1643 2511 producunt
1672 2445 1844 2507 dona,
1878 2451 1999 2511 qua:
2032 2443 2123 2496 tibi
2156 2444 2332 2512 placet

748 2532 1015 2602 Spiritum
1065 2533 1371 2601 appellare,
1427 2546 1478 2587 et
1537 2534 1765 2600 aliorum
1826 2534 2103 2601 quodlibet
2139 2533 2330 2589 eodem

749 2622 955 2677 modo.-
994 2622 1110 2677 Itno
1173 2638 1300 2676 vero
1339 2624 1383 2676 si
1418 2623 1695 2692 quodlibet
1747 2624 1951 2677 donum
2028 2626 2333 2695 nuncupari

748 2714 1015 2783 Spiritum
1056 2714 1366 2778 arbitraris,
1401 2716 1590 2785 utique
1617 2730 1739 2769 cum
1777 2715 2045 2768 donorum
2098 2732 2331 2771 numero

746 2805 959 2874 copiam
1002 2820 1221 2874 quoque
1277 2822 1442 2874 auges
1490 2806 1780 2875 spirituum
1819 2808 2063 2877 nihilque
2102 2809 2329 2875 proinde

747 2913 846 2966 per
902 2908 953 2952 te
1014 2898 1194 2951 dilIert
1246 2898 1513 2968 Spiritum
1548 2900 1729 2954 dicere
1772 2901 1851 2953 vel
1892 2902 2135 2966 donum;
2175 2902 2333 2970 cujus

747 3002 932 3044 autem
967 2989 1168 3043 dicitur
1219 3005 1347 3045 esse
1378 2990 1617 3059 Spiritus
1646 3030 1660 3056 ,
1714 2992 1838 3045 inde
1873 3007 1969 3060 per
2015 2991 2160 3059 leges
2211 3000 2333 3045 tuas

754 3082 1015 3137 statuitur
1069 3081 1202 3137 illud
1258 3084 1556 3151 procedere
1609 3090 1777 3151 atque
1821 3083 2067 3151 produci.
2105 3084 2328 3151 Singula

748 3174 921 3243 igitur
954 3176 1095 3227 dona
1124 3189 1220 3228 seu
1252 3173 1492 3243 singulos
1524 3172 1746 3243 spiritus
1800 3166 2045 3227 bifariam
2095 3190 2289 3230 secans
2313 3213 2327 3238 ,

750 3282 853 3336 pro
886 3281 995 3319 uno
1029 3265 1213 3336 plures
1237 3264 1439 3320 eﬂlcies
1477 3266 1702 3335 spiritus
1730 3306 1744 3329 ,
1792 3282 2025 3335 quorum
2076 3268 2213 3322 alter
2264 3268 2337 3321 sit

750 3360 891 3413 dans
921 3397 935 3422 ,
972 3359 1111 3414 alter
1144 3359 1214 3414 sit
1243 3360 1406 3413 datus
1430 3398 1445 3424 ,
1503 3365 1557 3413 et
1611 3359 1750 3413 alter
1802 3359 2107 3427 producens
2136 3402 2151 3425 ,
2197 3361 2334 3414 alter

746 3452 1091 3522 productus,
1151 3451 1287 3508 ﬁdes
1351 3452 1616 3507 nimirum
1678 3455 1990 3522 producens
2050 3455 2235 3519 tidem,
2282 3462 2338 3507 et

746 3547 1103 3618 intelligentia
1136 3544 1569 3615 intelligentiam,
1594 3546 1723 3615 quid
1753 3560 1890 3616 opus
1921 3555 2136 3615 tempus
2164 3556 2337 3602 terere

748 3648 873 3694 tuas
906 3639 1136 3707 ineptias
1169 3637 1504 3692 recensendo
1536 3637 1560 3689 ?

814 3888 906 3943 ϐο.
955 3887 1210 3943 Sedeuitn
1256 3896 1311 3941 ct
1363 3887 1467 3942 hoc
1514 3900 1723 3942 contra.
1759 3901 1818 3942 se
1883 3888 2057 3957 ipsam
2111 3888 2335 3941 haeresis

749 3978 987 4049 collegit.
1015 3978 1410 4033 Sanctissimus
1442 3976 1680 4047 Spiritus
1707 3978 1897 4032 tribuit
1943 3982 2083 4032 dona
2118 3980 2333 4048 dignis;

751 4070 977 4124 haeresis
1031 4079 1211 4122 autem
1275 4084 1382 4123 non
1437 4079 1693 4125 contenta
1729 4109 1743 4133 ,
1775 4080 1833 4123 ut
1882 4081 2099 4138 apparet
2126 4108 2140 4133 ,
2173 4070 2335 4137 hujus

750 4162 1137 4216 distributione
1188 4163 1388 4216 scindit
1442 4164 1558 4216 haec
1611 4171 1667 4216 et
1697 4164 2020 4215 comminuit
2053 4172 2106 4216 et
2142 4163 2335 4216 dividit

752 4253 805 4306 iu
841 4254 1023 4323 plures
1075 4262 1278 4321 partes,
1315 4261 1373 4306 ut
1425 4253 1639 4315 habeat,
1675 4256 1821 4306 unde
1866 4263 2170 4306 sectatores
2200 4268 2329 4308 suos

755 4340 1011 4410 pluribus
1038 4340 1217 4394 adhuc
1258 4352 1421 4410 atque
1474 4342 1821 4396 uberioribus
1874 4354 2194 4411 compenset
2235 4345 2337 4398 du-

756 4432 879 4497 nis;
914 4431 1104 4500 sicque
1157 4434 1356 4487 mentis
1412 4434 1633 4487 illorum
1673 4436 1916 4488 turbatio
1977 4444 2029 4489 et
2081 4435 2335 4489 confusio

754 4539 932 4578 rerum
972 4532 1223 4577 naturam
1258 4534 1312 4579 et
1344 4526 1591 4580 ordinem
1639 4528 1900 4595 pervertit
1942 4538 1995 4581 et
2025 4526 2330 4595 confundit,

752 4618 1043 4687 primaque
1079 4617 1375 4686 impietatis
1428 4619 1570 4673 satio
1626 4619 1945 4674 innumeras
1990 4621 2163 4690 gignit
2221 4620 2333 4675 hae-

763 4724 938 4763 reses.
977 4710 1174 4763 Verum
1243 4712 1456 4765 tametsi
1545 4713 1675 4766 satis
1730 4712 1844 4767 hmc
1876 4724 2002 4767 sunt
2053 4712 2334 4768 ﬂectendis

752 4800 1134 4868 iis,qui-non
1192 4803 1405 4869 penitus
1467 4818 1588 4856 sese
1658 4804 1922 4871 impietati
1989 4805 2330 4868 devoverint,

754 4892 931 4960 iisque
978 4890 1324 4946 confutandis
1347 4935 1362 4959 ,
1395 4894 1488 4963 qui
1541 4895 1875 4961 impudentia
1923 4898 2000 4950 uti
2036 4880 2245 4966 velint},
2279 4906 2334 4951 et

753 4985 822 5037 iis
868 4984 961 5054 qui
1019 4986 1468 5053 superstitionem
1531 4997 1760 5051 amant,
1799 4989 1868 5041 ab
1944 5004 2132 5043 errore
2178 5004 2329 5043 revo-

753 5080 944 5132 candis
970 5118 985 5143 ,
1026 5086 1264 5131 attamen
1304 5093 1402 5133 nec
1440 5080 1648 5149 reliqua
1677 5082 2107 5149 pretermittam.
2135 5080 2332 5149 Egre-

753 5172 985 5222 tantium
1057 5171 1200 5223 etiim
1291 5171 1432 5224 alius
1514 5173 1656 5235 hac,
1736 5175 1875 5228 alius
1935 5173 2024 5226 illa
2057 5188 2181 5226 cura
2253 5174 2334 5227 vel

753 5264 945 5316 morbo
1000 5262 1209 5317 levatur
1264 5265 1347 5318 vel
1383 5264 1657 5319 evincitur
1712 5274 1902 5333 sponte
1957 5274 2012 5319 et
2080 5282 2178 5319 sua
2236 5281 2333 5319 vo-

754 5353 979 5408 luntatis
1008 5355 1248 5424 nequitia
1296 5357 1636 5411 insanabilis.
1676 5356 2042 5423 Quamobrem
2109 5372 2173 5409 ne.
2232 5358 2333 5411 ista

753 5445 971 5515 quidem
1049 5450 1445 5516 pratcreunda.

822 5740 897 5809 (l)
928 5740 1185 5793 Laurent.
1253 5742 1667 5807 συναυξάνεται.

836 5817 910 5875 t2)
942 5811 1106 5865 Laur.
1143 5812 1293 5865 οὸδὲν
1318 5825 1373 5867 ιιι
1408 5815 1578 5869 Vatic.
1607 5816 1643 5868 ί.
1678 5814 1779 5867 903
1808 5835 1857 5866 .l.

2438 1984 2808 2055 πνευματικοῦ
2850 1984 3187 2053 χαρίσματος
3227 1984 3289 2035 τὸ
3316 1984 3537 2053 Πνεῦμα
3569 1984 3688 2035 οὐδὲ
3730 1983 3827 2053 τὴν
3863 1983 4026 2035 σύνε-

2438 2096 2522 2131 σιν
2567 2080 2793 2149 χορηγεῖ
2830 2076 2950 2129 οὐδὲ
2998 2076 3095 2143 τὴν
3147 2076 3340 2143 σοφίαν
3374 2076 3405 2146 ἢ
3442 2076 3539 2146 τὴν
3589 2075 3842 2141 δύναμιν.
3897 2076 4026 2129 οῦδὲ

2436 2168 2536 2239 τὴν
2562 2166 2838 2221 υἱοθεσίαν
2868 2166 2989 2220 οὐδὲ
3016 2167 3114 2236 τὴν
3140 2166 3502 2234 ἀποκάλυψιν,
3535 2167 3653 2219 οὐδὲ
3680 2168 3779 2235 τὴν
3812 2166 4024 2229 πίστιν,

2436 2262 2554 2315 οὐδὲ
2591 2261 2688 2331 τὴν
2717 2259 3029 2313 εὐσέϐειαν
3079 2258 3213 2315 ἀλλὰ
3248 2258 3448 2327 μᾶλλον
3482 2260 3794 2313 τούναντίον
3830 2262 3863 2330 ἡ
3898 2259 4030 2312 σύν-

2435 2373 2549 2419 εσις
2598 2356 2694 2408 καὶ
2719 2356 2752 2423 ἡ
2791 2353 3135 2422 ἀποκάλυψις
3176 2352 3327 2423 καὶὴ
3362 2353 3611 2406 εύσέϐεια
3644 2354 3737 2406 καὶ
3776 2356 3810 2423 ή
3841 2356 4027 2416 πίστις

2438 2449 2529 2500 καὶ
2561 2448 2589 2499 ὁ
2628 2448 3006 2517 σωφρονισμδς
3061 2446 3363 2516 προάγουσι
3398 2447 3466 2496 τά
3502 2448 3839 2516 χαρίσματα,
3879 2447 4028 2514 ἆπερ

2437 2557 2520 2593 σοι
2556 2540 2709 2609 φίλον
2734 2539 2920 2592 καλεῖν
2951 2538 3261 2608 πνεύματα,
3292 2537 3385 2592 καὶ
3413 2538 3522 2591 τῶν
3554 2539 3728 2602 ἄλλως
3755 2539 4027 2601 ὡσαύτως

2435 2632 2689 2692 ἓιαστον,
2743 2630 2943 2700 μᾶλλον
2973 2631 3029 2683 δὲ
3064 2633 3222 2701 εῐπερ
3250 2630 3481 2683 ἕκαστον
3509 2630 3617 2683 τῶν
3661 2632 4029 2700 χαρισμάτων

2438 2721 2655 2791 πνεῦμά
2689 2739 2771 2774 σοι
2802 2722 3085 2774 καλεῖσθαι
3122 2720 3405 2789 νομίζεται
3429 2721 3524 2773 καὶ
3550 2721 3628 2791 τῷ
3658 2722 3883 2792 ἀριθμῷ
3913 2722 4029 2774 τῶ)

2434 2814 2652 2883 δωρεῶν
2693 2815 2753 2866 τὸ
2792 2812 2988 2882 πλῆθος
3034 2812 3143 2866 τῶν
3182 2813 3509 2883 πνευμάτων
3559 2812 3887 2878 συναύξεται
3920 2814 4028 2883 (1),

2436 2910 2529 2961 καὶ
2571 2908 2723 2960 οὐδὲν
2773 2907 3009 2961 ἐνταῦθά
3063 2923 3145 2959 σοι
3192 2905 3418 2975 Πνεῦμα
3470 2908 3711 2977 εἰπεῖνῆ
3768 2909 4029 2977 χάρισμα

2434 3000 2683 3070 διαφέρει
2708 3017 2721 3030 '
2754 2993 2813 3054 οὗ
2836 3000 2892 3052 δὲ
2934 2999 3154 3067 λέγεται
3204 2994 3341 3052 εἷναι
3370 2998 3431 3052 τὸ
3469 2998 3714 3068 Πνεῦμα,
3746 2999 3963 3052 ἐκεῖθεν
3992 3002 4029 3069 ἠ

2439 3093 2505 3160 σὴ
2552 3091 2841 3160 νομοθεσία
2896 3089 3263 3162 προέρχεσθαί
3291 3106 3350 3142 τε
3400 3090 3495 3144 καὶ
3544 3090 3885 3161 προάγεσθαι
3935 3108 4032 3143 κε-

2360 3218 2403 3277 c
2435 3183 2581 3236 λεύει
2604 3200 2617 3215 ·
2656 3184 2883 3236 ἕκαστον
2910 3184 3021 3254 άρα
3048 3184 3111 3236 σὺ
3138 3182 3248 3235 τῶν
3281 3182 3636 3253 χαρισμάτων
3660 3183 3693 3253 ἢ
3725 3183 3836 3235 τῶν
3863 3199 4036 3235 πνευ-

2440 3276 2625 3344 μάτων
2657 3275 2734 3336 είς
2765 3274 2859 3326 δύο
2890 3272 3074 3344 τεμὼν
3101 3272 3216 3327 ἀνθ’
3246 3274 3364 3337 ἑνὸς
3412 3274 3582 3326 πλείω
3611 3273 3864 3342 ποιήσεις
3884 3313 3902 3337 ,
3958 3274 4031 3326 ἵν’

2434 3360 2468 3438 ᾖ
2504 3367 2564 3417 τὸ
2602 3366 2700 3434 μὲν
2730 3364 3023 3435 χορηγοῦν,
3056 3363 3115 3417 τὸ
3142 3363 3198 3417 δὲ
3229 3364 3657 3436 χορηγούμενον,
3695 3364 3789 3417 καὶ
3823 3365 3885 3418 το
3922 3367 4032 3435 μὲν

2436 3461 2699 3529 προάγον,
2733 3458 2794 3511 τὸ
2821 3458 2878 3511 δὲ
2908 3458 3304 3528 προαγόμενον,
3334 3460 3367 3529 ἠ
3398 3459 3580 3521 πίστις
3608 3459 3704 3512 καὶ
3733 3459 3766 3527 ἡ
3801 3457 4033 3520 σύνεσις

2437 3551 2650 3603 σύνεσιν
2718 3549 2815 3602 καὶ
2860 3549 3133 3616 αἴσθησιν,
3184 3549 3279 3602 καὶ
3329 3549 3494 3601 πόσον
3540 3550 3606 3603 ἄν
3652 3566 3733 3610 τις
3779 3565 4033 3601 κατανα-

2435 3640 2583 3711 λώσῃ
2613 3639 2803 3708 χρόνον
2830 3638 2923 3691 τὸν
2976 3638 3068 3691 σὺν
3101 3636 3449 3708 διερχόμενος
3495 3636 3696 3707 λῆρονί
3745 3635 3873 3709 [ξω.
3902 3639 4035 3690 Διό-

2436 3742 2540 3795 περ
2574 3725 2697 3778 οὐδὲ
2733 3726 2811 3795 (2)
2842 3725 3013 3779 ταῦτα
3042 3726 3288 3796 παριδεῖν
3317 3727 3525 3779 δίκαιον
3558 3725 3682 3797 (5)].

2506 3887 2567 3951 ξ’.
2610 3886 2772 3941 Ἀλλά
2820 3888 2929 3956 γὰρ
2976 3888 3071 3943 καὶ
3112 3887 3271 3943 τοῦτο
3319 3889 3444 3943 καθ’
3489 3891 3751 3963 ἑαυτῆςή
3807 3892 4033 3962 αἵρεσις

2437 3979 2695 4045 συνάγειο
2737 3978 2798 4032 τὸ
2850 3980 2952 4048 μὲν
3002 3980 3271 4045 πανάγιον
3306 3980 3531 4049 Πνεῦμα
3576 3982 3827 4051 διανεμεῖ
3861 3977 4031 4053 χαρίο

2436 4086 2615 4137 σματα
2688 4073 2800 4133 τοῖς
2866 4070 3036 4136 ἀξίοις
3067 4086 3083 4103 ο
3136 4071 3276 4142 αὕτη
3328 4072 3383 4126 δὲ
3433 4074 3646 4139 οὐδενὶ,
3700 4074 3776 4137 ὡς
3822 4074 4033 4141 ἔοικεν,

2437 4161 2803 4231 ἀρεσκομένη,
2839 4162 2961 4215 οὐδὲ
3010 4164 3075 4233 τῇ
3103 4162 3292 4215 τούτου
3326 4163 3575 4234 διανομῇ,
3611 4164 3801 4234 τέμνει
3848 4162 4031 4221 ταῦτα.

2436 4254 2530 4306 καὶ
2556 4254 2812 4306 λεπτύνει
2871 4255 2965 4307 καὶ
3000 4257 3079 4318 είς
3114 4256 3334 4319 πλείους
3386 4259 3580 4327 μοίρας
3630 4262 4031 4329 καταμερίῖει,

2438 4344 2504 4397 ἵν’
2549 4345 2663 4415 ἔχοι
2709 4347 2835 4409 τοὺς
2867 4348 3004 4417 αὐτῇ
3049 4348 3404 4418 πειθομένους
3456 4351 3857 4420 φιλοτιμεῖσθαι
3904 4356 4033 4417 ταῖς

2434 4437 2664 4507 δωρεαῖς
2693 4437 2783 4489 ἰπὶ
2813 4439 3014 4506 μᾶλλόν
3044 4456 3103 4491 τε
3139 4442 3233 4491 καὶ
3284 4440 3694 4510 δαψιλέστερον·
3730 4446 3824 4495 καὶ
3854 4444 4029 4512 γέγο-

2436 4545 2525 4580 νεν
2551 4529 2733 4591 αὐτοῖς
2763 4531 2795 4599 ή
2827 4530 2924 4599 τῆς
2964 4530 3202 4593 διανοίας
3242 4533 3455 4601 ταραχὴ
3486 4535 3580 4586 καὶ
3617 4537 3881 4603 σργχυσις
3926 4537 4032 4606 τὴν

2435 4620 2544 4673 τῶν
2578 4622 2920 4691 πραγμάτων
2954 4623 3116 4690 φύσιν
3150 4625 3243 4677 καὶ
3282 4625 3437 4689 τάξιν
3462 4629 3541 4687 εἰς
3580 4628 3897 4696 ἀνατροπὴν
3928 4630 4032 4682 καὶ

2436 4712 2652 4783 φυρμὸν
2702 4714 3136 4785 περιτρέπουσα,
3170 4716 3265 4768 καὶ
3301 4719 3334 4786 ἠ
3389 4718 3578 4788 πρώτη
3618 4720 3892 4789 καταϐολὴ
3927 4720 4027 4772 τοῦ

2434 4803 2845 4875 δυσσεϐήματος
2901 4806 3101 4876 μυρίας
3151 4809 3391 4877 αἱρέσεις
3419 4811 3809 4863 άποτίκτουσα.
3859 4812 4035 4865 an:

2436 4896 2544 4967 γὰρ
2578 4898 2626 4949 εί
2675 4896 2771 4949 καὶ
2813 4898 3185 4969 ἀποχρώντως
3215 4901 3327 4970 ἔχει
3360 4900 3533 4953 ταῦτα
3565 4903 3771 4953 πείθειν
3798 4920 3855 4953 τε
3893 4906 4029 4965 τοὺς

2439 4992 2514 5059 μὴ
2556 4990 2836 5053 παντελῶς
2871 4992 2949 5053 είς
2990 4991 3245 5046 ἀσέϐειαν
3294 4994 3708 5063 ἀποϐεϐηκότας
3762 4996 3857 5048 καὶ
3893 4997 4029 5059 τοὺς

2435 5079 2815 5149 ἀναισχυντεῖν
2862 5081 3154 5150 ἑλομένους
3204 5084 3501 5154 διελέγχειν
3556 5089 3648 5139 καὶ
3698 5089 3825 5151 τοὺς
3857 5088 4032 5142 δεισι-

2434 5170 2711 5240 δαιμονεῖν
2741 5174 3118 5236 ἐπικλιθέντας
3154 5177 3613 5242 ἐπανορθοῦσθαι,
3642 5180 3755 5231 ἀλλ’
3777 5179 3871 5231 οῦν
3897 5182 4029 5235 οὐδὲ

2434 5260 2505 5313 τά
2541 5262 2795 5315 λείποντα
2826 5263 3259 5332 παραλείψομεν.
3295 5264 3489 5328 Ἀλλος
3520 5268 3619 5334 μὲν
3654 5270 3758 5339 γάρ
3790 5269 3899 5319 τῶν
3936 5286 4029 5320 νο-

2438 5352 2676 5405 σούντων
2736 5354 2900 5422 ἑτέρα
2956 5353 3245 5424 θεραπείᾳ,
3280 5354 3465 5424 ἕτερος
3517 5356 3573 5408 δὲ
3625 5357 3691 5408 δι’
3744 5359 3939 5427 ἑτέρας
3988 5360 4023 5427 ἢ

2438 5446 2846 5499 ἀπαλλάσσεται
2898 5447 2993 5499 τοῦ
3048 5451 3439 5519 νοσήματο;,ῆ
3500 5450 3639 5502 ἑκὼν
3684 5450 4025 5520 διελέγχεται

2437 5539 2531 5590 καὶ
2565 5538 2651 5589 διὰ
2687 5538 2989 5608 μοχθηρίαν
3020 5541 3243 5609 γνώμης
3290 5539 3349 5593 τδ
3379 5540 3594 5595 ἀνίατον
3628 5542 4023 5611 ὑφιστάμενος.

2514 5740 2589 5807 (3)
2624 5738 2677 5792 In
2703 5738 2843 5794 Mon.
2887 5741 3008 5793 coal.
3047 5738 3196 5793 [461
3230 5741 3282 5796 b.
3318 5755 3437 5809 cap.
3478 5740 3578 5797 λε’.
3624 5740 3679 5793 In
3760 5741 4024 5795 Laurent.

2442 5812 2593 5863 uncis
2636 5811 2843 5865 inclusa
2876 5825 3075 5863 omissa
3120 5824 3267 5866 sunt.
