  <div class='ocr_page' id='page_1' title='image "/cluster/home/n/w/nwhite01/storage/ocr_20150623/141/nnc1.0046979964/430.png"; bbox 0 0 4214 6448; ppageno 0'>
   <div class='ocr_carea' id='block_1_1' title="bbox 170 449 282 512">
    <p class='ocr_par' dir='ltr' id='par_1_1' title="bbox 170 449 282 512">
     <span class='ocr_line' id='line_1_1' title="bbox 170 449 282 512; baseline -0.018 1"><span class='ocrx_word' id='word_1_1' title='bbox 170 449 282 512; x_wconf 71' lang='lat'><strong>805</strong></span> 
     </span>
    </p>
   </div>
   <div class='ocr_carea' id='block_1_2' title="bbox 175 657 331 711">
    <p class='ocr_par' dir='ltr' id='par_1_2' title="bbox 175 657 331 711">
     <span class='ocr_line' id='line_1_2' title="bbox 175 657 331 711; baseline -0.006 -1"><span class='ocrx_word' id='word_1_2' title='bbox 175 657 331 711; x_wconf 67' lang='grc' dir='ltr'><strong>σθαι.</strong></span> 
     </span>
    </p>
   </div>
   <div class='ocr_carea' id='block_1_3' title="bbox 249 735 1769 817">
    <p class='ocr_par' dir='ltr' id='par_1_3' title="bbox 249 735 1769 817">
     <span class='ocr_line' id='line_1_3' title="bbox 249 735 1769 817; baseline -0.012 -12"><span class='ocrx_word' id='word_1_3' title='bbox 249 750 349 817; x_wconf 77' lang='grc' dir='ltr'><strong>ξδ’.</strong></span> <span class='ocrx_word' id='word_1_4' title='bbox 390 751 513 804; x_wconf 70' lang='grc' dir='ltr'><strong>Ἐπὶ</strong></span> <span class='ocrx_word' id='word_1_5' title='bbox 554 750 610 803; x_wconf 75' lang='grc' dir='ltr'><strong>δέ</strong></span> <span class='ocrx_word' id='word_1_6' title='bbox 666 764 730 817; x_wconf 88' lang='grc' dir='ltr'><strong>γε</strong></span> <span class='ocrx_word' id='word_1_7' title='bbox 773 748 887 810; x_wconf 74' lang='grc' dir='ltr'><strong>τοῖς</strong></span> <span class='ocrx_word' id='word_1_8' title='bbox 933 744 1246 815; x_wconf 74' lang='grc' dir='ltr'><strong>εἰρημένοις</strong></span> <span class='ocrx_word' id='word_1_9' title='bbox 1298 740 1348 793; x_wconf 86' lang='grc' dir='ltr'><strong>εί</strong></span> <span class='ocrx_word' id='word_1_10' title='bbox 1382 742 1489 793; x_wconf 80' lang='grc' dir='ltr'><strong>πᾶν</strong></span> <span class='ocrx_word' id='word_1_11' title='bbox 1537 738 1675 807; x_wconf 76' lang='grc' dir='ltr'><strong>ὅπερ</strong></span> <span class='ocrx_word' id='word_1_12' title='bbox 1708 735 1769 789; x_wconf 72' lang='grc' dir='ltr'><strong>ιν</strong></span> 
     </span>
    </p>
   </div>
   <div class='ocr_carea' id='block_1_4' title="bbox 171 828 1767 911">
    <p class='ocr_par' dir='ltr' id='par_1_4' title="bbox 171 828 1767 911">
     <span class='ocr_line' id='line_1_4' title="bbox 171 828 1767 911; baseline -0.01 -15"><span class='ocrx_word' id='word_1_13' title='bbox 171 843 296 896; x_wconf 60' lang='grc' dir='ltr'><strong>ἐστι</strong></span> <span class='ocrx_word' id='word_1_14' title='bbox 332 842 430 911; x_wconf 74' lang='grc' dir='ltr'><strong>μὲν</strong></span> <span class='ocrx_word' id='word_1_15' title='bbox 460 841 538 910; x_wconf 85' lang='grc' dir='ltr'><strong>τῷ</strong></span> <span class='ocrx_word' id='word_1_16' title='bbox 571 839 714 910; x_wconf 82' lang='grc' dir='ltr'><strong>Θεῷ,</strong></span> <span class='ocrx_word' id='word_1_17' title='bbox 743 840 844 893; x_wconf 78' lang='grc' dir='ltr'><strong>οὐκ</strong></span> <span class='ocrx_word' id='word_1_18' title='bbox 874 839 931 891; x_wconf 77' lang='lat' dir='ltr'><strong>iv</strong></span> <span class='ocrx_word' id='word_1_19' title='bbox 972 838 1041 905; x_wconf 75' lang='grc' dir='ltr'><strong>τῇ</strong></span> <span class='ocrx_word' id='word_1_20' title='bbox 1073 834 1286 903; x_wconf 74' lang='grc' dir='ltr'><strong>ἑνότητι</strong></span> <span class='ocrx_word' id='word_1_21' title='bbox 1320 833 1378 884; x_wconf 76' lang='grc' dir='ltr'><strong>δὲ</strong></span> <span class='ocrx_word' id='word_1_22' title='bbox 1409 833 1502 884; x_wconf 74' lang='grc' dir='ltr'><strong>καὶ</strong></span> <span class='ocrx_word' id='word_1_23' title='bbox 1530 828 1767 898; x_wconf 77' lang='grc' dir='ltr'><strong>δμοφυῖᾳ</strong></span> 
     </span>
    </p>
   </div>
   <div class='ocr_carea' id='block_1_5' title="bbox 174 919 1770 1004">
    <p class='ocr_par' dir='ltr' id='par_1_5' title="bbox 174 919 1770 1004">
     <span class='ocr_line' id='line_1_5' title="bbox 174 919 1770 1004; baseline -0.01 -17"><span class='ocrx_word' id='word_1_24' title='bbox 174 936 280 1002; x_wconf 73' lang='grc' dir='ltr'><strong>τῆς</strong></span> <span class='ocrx_word' id='word_1_25' title='bbox 334 931 843 1004; x_wconf 79' lang='grc' dir='ltr'><strong>παντοκρατορικῆς</strong></span> <span class='ocrx_word' id='word_1_26' title='bbox 892 929 1090 998; x_wconf 74' lang='grc' dir='ltr'><strong>ὁρᾶται</strong></span> <span class='ocrx_word' id='word_1_27' title='bbox 1157 924 1426 995; x_wconf 84' lang='grc' dir='ltr'><strong>Τριάδος,</strong></span> <span class='ocrx_word' id='word_1_28' title='bbox 1472 922 1634 975; x_wconf 91' lang='grc' dir='ltr'><strong>τοῦτο</strong></span> <span class='ocrx_word' id='word_1_29' title='bbox 1682 919 1770 987; x_wconf 80' lang='grc' dir='ltr'><strong>δὴ,</strong></span> 
     </span>
    </p>
   </div>
   <div class='ocr_carea' id='block_1_6' title="bbox 174 1006 1769 1086">
    <p class='ocr_par' dir='ltr' id='par_1_6' title="bbox 174 1006 1769 1086">
     <span class='ocr_line' id='line_1_6' title="bbox 174 1006 1769 1086; baseline -0.013 -8"><span class='ocrx_word' id='word_1_30' title='bbox 174 1025 340 1078; x_wconf 75' lang='grc' dir='ltr'><strong>τοῦτο</strong></span> <span class='ocrx_word' id='word_1_31' title='bbox 370 1024 585 1086; x_wconf 76' lang='grc' dir='ltr'><strong>πάντως</strong></span> <span class='ocrx_word' id='word_1_32' title='bbox 618 1021 735 1083; x_wconf 74' lang='grc' dir='ltr'><strong>ἑνός</strong></span> <span class='ocrx_word' id='word_1_33' title='bbox 770 1022 883 1072; x_wconf 69' lang='grc' dir='ltr'><strong>ἐστι</strong></span> <span class='ocrx_word' id='word_1_34' title='bbox 923 1016 1032 1070; x_wconf 83' lang='grc' dir='ltr'><strong>τῶν</strong></span> <span class='ocrx_word' id='word_1_35' title='bbox 1067 1014 1237 1085; x_wconf 83' lang='grc' dir='ltr'>τριῶν</span> <span class='ocrx_word' id='word_1_36' title='bbox 1258 1030 1270 1045; x_wconf 72' lang='grc' dir='ltr'><strong><em>ο</em></strong></span> <span class='ocrx_word' id='word_1_37' title='bbox 1300 1016 1334 1077; x_wconf 78' lang='grc' dir='ltr'>ἡ</span> <span class='ocrx_word' id='word_1_38' title='bbox 1380 1011 1437 1063; x_wconf 79' lang='grc' dir='ltr'><strong>δὲ</strong></span> <span class='ocrx_word' id='word_1_39' title='bbox 1472 1008 1567 1061; x_wconf 88' lang='grc' dir='ltr'><strong>τοῦ</strong></span> <span class='ocrx_word' id='word_1_40' title='bbox 1602 1006 1769 1060; x_wconf 71' lang='lat' dir='ltr'><strong>Ilvati-</strong></span> 
     </span>
    </p>
   </div>
   <div class='ocr_carea' id='block_1_7' title="bbox 182 1098 1777 1185">
    <p class='ocr_par' dir='ltr' id='par_1_7' title="bbox 182 1098 1777 1185">
     <span class='ocr_line' id='line_1_7' title="bbox 182 1098 1777 1185; baseline -0.012 -16"><span class='ocrx_word' id='word_1_41' title='bbox 182 1133 359 1185; x_wconf 83' lang='grc' dir='ltr'><strong>ματος</strong></span> <span class='ocrx_word' id='word_1_42' title='bbox 406 1116 731 1180; x_wconf 74' lang='grc' dir='ltr'><strong>ἑκπόρευσις</strong></span> <span class='ocrx_word' id='word_1_43' title='bbox 762 1111 863 1163; x_wconf 82' lang='grc' dir='ltr'><strong>οὐκ</strong></span> <span class='ocrx_word' id='word_1_44' title='bbox 913 1107 1032 1161; x_wconf 72' lang='grc' dir='ltr'><strong>ἐστι</strong></span> <span class='ocrx_word' id='word_1_45' title='bbox 1077 1106 1176 1172; x_wconf 86' lang='grc' dir='ltr'><strong>τῆς</strong></span> <span class='ocrx_word' id='word_1_46' title='bbox 1211 1107 1270 1159; x_wconf 72' lang='grc' dir='ltr'><strong>εν</strong></span> <span class='ocrx_word' id='word_1_47' title='bbox 1314 1104 1383 1173; x_wconf 75' lang='grc' dir='ltr'><strong>τῇ</strong></span> <span class='ocrx_word' id='word_1_48' title='bbox 1418 1099 1608 1171; x_wconf 89' lang='grc' dir='ltr'><strong>Τριάδι</strong></span> <span class='ocrx_word' id='word_1_49' title='bbox 1642 1098 1777 1151; x_wconf 86' lang='grc' dir='ltr'><strong>θεω-</strong></span> 
     </span>
    </p>
   </div>
   <div class='ocr_carea' id='block_1_8' title="bbox 181 1193 1776 1282">
    <p class='ocr_par' dir='ltr' id='par_1_8' title="bbox 181 1193 1776 1282">
     <span class='ocr_line' id='line_1_8' title="bbox 181 1193 1776 1282; baseline -0.014 -19"><span class='ocrx_word' id='word_1_50' title='bbox 181 1210 460 1282; x_wconf 81' lang='grc' dir='ltr'><strong>ρουμένης</strong></span> <span class='ocrx_word' id='word_1_51' title='bbox 516 1204 835 1276; x_wconf 79' lang='grc' dir='ltr'><strong>ὑπερφυοῦς</strong></span> <span class='ocrx_word' id='word_1_52' title='bbox 889 1201 1092 1263; x_wconf 78' lang='grc' dir='ltr'><strong>ὲνάδος,</strong></span> <span class='ocrx_word' id='word_1_53' title='bbox 1135 1199 1255 1260; x_wconf 74' lang='grc' dir='ltr'><strong>ἐνὸς</strong></span> <span class='ocrx_word' id='word_1_54' title='bbox 1307 1196 1418 1264; x_wconf 76' lang='grc' dir='ltr'><strong>ἄρα</strong></span> <span class='ocrx_word' id='word_1_55' title='bbox 1467 1193 1563 1247; x_wconf 79' lang='grc' dir='ltr'><strong>καὶ</strong></span> <span class='ocrx_word' id='word_1_56' title='bbox 1613 1193 1776 1260; x_wconf 84' lang='grc' dir='ltr'><strong>μόνου</strong></span> 
     </span>
    </p>
   </div>
   <div class='ocr_carea' id='block_1_9' title="bbox 178 1284 1778 1370">
    <p class='ocr_par' dir='ltr' id='par_1_9' title="bbox 178 1284 1778 1370">
     <span class='ocr_line' id='line_1_9' title="bbox 178 1284 1778 1370; baseline -0.013 -13"><span class='ocrx_word' id='word_1_57' title='bbox 178 1307 302 1358; x_wconf 65' lang='grc' dir='ltr'><strong>ἐστὶ</strong></span> <span class='ocrx_word' id='word_1_58' title='bbox 334 1304 443 1356; x_wconf 85' lang='grc' dir='ltr'><strong>τῶν</strong></span> <span class='ocrx_word' id='word_1_59' title='bbox 466 1301 658 1370; x_wconf 83' lang='grc' dir='ltr'><strong>τριῶν.</strong></span> <span class='ocrx_word' id='word_1_60' title='bbox 690 1296 986 1368; x_wconf 79' lang='grc' dir='ltr'><strong>Προσέχειν</strong></span> <span class='ocrx_word' id='word_1_61' title='bbox 1018 1295 1076 1348; x_wconf 77' lang='grc' dir='ltr'><strong>δὲ</strong></span> <span class='ocrx_word' id='word_1_62' title='bbox 1102 1294 1183 1347; x_wconf 79' lang='grc' dir='ltr'><strong>δεῖ</strong></span> <span class='ocrx_word' id='word_1_63' title='bbox 1210 1292 1304 1345; x_wconf 74' lang='grc' dir='ltr'><strong>καὶ</strong></span> <span class='ocrx_word' id='word_1_64' title='bbox 1336 1292 1404 1361; x_wconf 80' lang='grc' dir='ltr'><strong>τῇ</strong></span> <span class='ocrx_word' id='word_1_65' title='bbox 1433 1284 1657 1357; x_wconf 79' lang='grc' dir='ltr'><strong>τοιαύτῃ</strong></span> <span class='ocrx_word' id='word_1_66' title='bbox 1683 1284 1778 1337; x_wconf 89' lang='grc' dir='ltr'><strong>τοῦ</strong></span> 
     </span>
    </p>
   </div>
   <div class='ocr_carea' id='block_1_10' title="bbox 176 1377 1781 1465">
    <p class='ocr_par' dir='ltr' id='par_1_10' title="bbox 176 1377 1781 1465">
     <span class='ocr_line' id='line_1_10' title="bbox 176 1377 1781 1465; baseline -0.012 -15"><span class='ocrx_word' id='word_1_67' title='bbox 176 1397 343 1465; x_wconf 62' lang='grc' dir='ltr'><strong>λόγου</strong></span> <span class='ocrx_word' id='word_1_68' title='bbox 373 1394 662 1461; x_wconf 72' lang='grc' dir='ltr'><strong>διασκέψει</strong></span> <span class='ocrx_word' id='word_1_69' title='bbox 683 1408 697 1423; x_wconf 73' lang='grc' dir='ltr'><strong>ο</strong></span> <span class='ocrx_word' id='word_1_70' title='bbox 719 1393 768 1443; x_wconf 88' lang='grc' dir='ltr'><strong>εί</strong></span> <span class='ocrx_word' id='word_1_71' title='bbox 805 1389 916 1458; x_wconf 85' lang='grc' dir='ltr'><strong>γάρ</strong></span> <span class='ocrx_word' id='word_1_72' title='bbox 946 1384 1311 1454; x_wconf 63' lang='grc' dir='ltr'><strong>ἐκπορεύεται</strong></span> <span class='ocrx_word' id='word_1_73' title='bbox 1342 1385 1441 1451; x_wconf 78' lang='grc' dir='ltr'><strong>μὲν</strong></span> <span class='ocrx_word' id='word_1_74' title='bbox 1466 1383 1525 1433; x_wconf 78' lang='grc' dir='ltr'><strong>τὺ</strong></span> <span class='ocrx_word' id='word_1_75' title='bbox 1554 1377 1781 1445; x_wconf 78' lang='grc' dir='ltr'><strong>Πνεῦμα</strong></span> 
     </span>
    </p>
   </div>
   <div class='ocr_carea' id='block_1_11' title="bbox 180 1469 1782 1556">
    <p class='ocr_par' dir='ltr' id='par_1_11' title="bbox 180 1469 1782 1556">
     <span class='ocr_line' id='line_1_11' title="bbox 180 1469 1782 1556; baseline -0.014 -12"><span class='ocrx_word' id='word_1_76' title='bbox 180 1490 282 1543; x_wconf 83' lang='grc' dir='ltr'><strong>τοῦ</strong></span> <span class='ocrx_word' id='word_1_77' title='bbox 323 1488 478 1552; x_wconf 63' lang='lat' dir='ltr'><strong>fio-3,</strong></span> <span class='ocrx_word' id='word_1_78' title='bbox 510 1489 609 1556; x_wconf 82' lang='grc' dir='ltr'><strong>οὐχ</strong></span> <span class='ocrx_word' id='word_1_79' title='bbox 643 1485 871 1553; x_wconf 80' lang='grc' dir='ltr'><strong>ὕστερον</strong></span> <span class='ocrx_word' id='word_1_80' title='bbox 902 1482 959 1535; x_wconf 79' lang='grc' dir='ltr'><strong>δὲ</strong></span> <span class='ocrx_word' id='word_1_81' title='bbox 997 1480 1120 1534; x_wconf 70' lang='grc' dir='ltr'><strong>οὐδὲ</strong></span> <span class='ocrx_word' id='word_1_82' title='bbox 1156 1478 1424 1548; x_wconf 87' lang='grc' dir='ltr'><strong>πρότερον</strong></span> <span class='ocrx_word' id='word_1_83' title='bbox 1449 1475 1597 1544; x_wconf 71' lang='grc' dir='ltr'><strong>ἢπερ</strong></span> <span class='ocrx_word' id='word_1_84' title='bbox 1621 1469 1782 1533; x_wconf 76' lang='grc' dir='ltr'><strong>ἆὺτὺς</strong></span> 
     </span>
    </p>
   </div>
   <div class='ocr_carea' id='block_1_12' title="bbox 180 1563 1786 1650">
    <p class='ocr_par' dir='ltr' id='par_1_12' title="bbox 180 1563 1786 1650">
     <span class='ocr_line' id='line_1_12' title="bbox 180 1563 1786 1650; baseline -0.011 -16"><span class='ocrx_word' id='word_1_85' title='bbox 180 1582 448 1650; x_wconf 78' lang='grc' dir='ltr'><strong>γεννᾶται</strong></span> <span class='ocrx_word' id='word_1_86' title='bbox 504 1581 569 1632; x_wconf 76' lang='grc' dir='ltr'><strong>ἐκ</strong></span> <span class='ocrx_word' id='word_1_87' title='bbox 615 1576 711 1630; x_wconf 90' lang='grc' dir='ltr'><strong>τοῦ</strong></span> <span class='ocrx_word' id='word_1_88' title='bbox 757 1574 973 1644; x_wconf 53' lang='lat' dir='ltr'><strong>nam;</strong></span> <span class='ocrx_word' id='word_1_89' title='bbox 1026 1571 1121 1642; x_wconf 81' lang='grc' dir='ltr'><strong>(ὡς</strong></span> <span class='ocrx_word' id='word_1_90' title='bbox 1172 1566 1512 1640; x_wconf 70' lang='grc' dir='ltr'><strong>πορρωτάτω</strong></span> <span class='ocrx_word' id='word_1_91' title='bbox 1562 1563 1672 1633; x_wconf 82' lang='grc' dir='ltr'><strong>γὰρ</strong></span> <span class='ocrx_word' id='word_1_92' title='bbox 1717 1563 1786 1617; x_wconf 80' lang='grc' dir='ltr'><strong>τὰ</strong></span> 
     </span>
    </p>
   </div>
   <div class='ocr_carea' id='block_1_13' title="bbox 182 1656 1789 1743">
    <p class='ocr_par' dir='ltr' id='par_1_13' title="bbox 182 1656 1789 1743">
     <span class='ocr_line' id='line_1_13' title="bbox 182 1656 1789 1743; baseline -0.013 -16"><span class='ocrx_word' id='word_1_93' title='bbox 182 1674 420 1743; x_wconf 78' lang='grc' dir='ltr'><strong>χρονικᾶ</strong></span> <span class='ocrx_word' id='word_1_94' title='bbox 460 1671 635 1723; x_wconf 88' lang='grc' dir='ltr'><strong>ταῦτα</strong></span> <span class='ocrx_word' id='word_1_95' title='bbox 666 1669 1037 1738; x_wconf 76' lang='grc' dir='ltr'><strong>προσρήματα</strong></span> <span class='ocrx_word' id='word_1_96' title='bbox 1078 1664 1178 1731; x_wconf 80' lang='grc' dir='ltr'><strong>τῆς</strong></span> <span class='ocrx_word' id='word_1_97' title='bbox 1231 1658 1553 1728; x_wconf 82' lang='grc' dir='ltr'><strong>ὑπεραῖδίου</strong></span> <span class='ocrx_word' id='word_1_98' title='bbox 1586 1656 1789 1723; x_wconf 85' lang='grc' dir='ltr'><strong>Θεότη-</strong></span> 
     </span>
    </p>
   </div>
   <div class='ocr_carea' id='block_1_14' title="bbox 181 1745 1789 1831">
    <p class='ocr_par' dir='ltr' id='par_1_14' title="bbox 181 1745 1789 1831">
     <span class='ocr_line' id='line_1_14' title="bbox 181 1745 1789 1831; baseline -0.013 -15"><span class='ocrx_word' id='word_1_99' title='bbox 181 1781 300 1825; x_wconf 66' lang='grc' dir='ltr'><strong>τος,</strong></span> <span class='ocrx_word' id='word_1_100' title='bbox 335 1765 395 1814; x_wconf 70' lang='grc' dir='ltr'><strong>ιν</strong></span> <span class='ocrx_word' id='word_1_101' title='bbox 429 1760 506 1831; x_wconf 82' lang='grc' dir='ltr'><strong>τῷ</strong></span> <span class='ocrx_word' id='word_1_102' title='bbox 546 1758 844 1827; x_wconf 79' lang='grc' dir='ltr'><strong>γεννᾶσθαι</strong></span> <span class='ocrx_word' id='word_1_103' title='bbox 872 1756 965 1808; x_wconf 84' lang='grc' dir='ltr'><strong>τὸν</strong></span> <span class='ocrx_word' id='word_1_104' title='bbox 1018 1753 1148 1806; x_wconf 71' lang='grc' dir='ltr'><strong>Υίὸν</strong></span> <span class='ocrx_word' id='word_1_105' title='bbox 1198 1752 1262 1804; x_wconf 73' lang='grc' dir='ltr'><strong>ἐκ</strong></span> <span class='ocrx_word' id='word_1_106' title='bbox 1310 1749 1405 1802; x_wconf 89' lang='grc' dir='ltr'><strong>τοῦ</strong></span> <span class='ocrx_word' id='word_1_107' title='bbox 1460 1745 1698 1816; x_wconf 78' lang='grc' dir='ltr'><strong>Πατρὸς,</strong></span> <span class='ocrx_word' id='word_1_108' title='bbox 1732 1746 1789 1796; x_wconf 71' lang='grc' dir='ltr'><strong>ιν</strong></span> 
     </span>
    </p>
   </div>
   <div class='ocr_carea' id='block_1_15' title="bbox 180 1836 1788 1922">
    <p class='ocr_par' dir='ltr' id='par_1_15' title="bbox 180 1836 1788 1922">
     <span class='ocr_line' id='line_1_15' title="bbox 180 1836 1788 1922; baseline -0.012 -16"><span class='ocrx_word' id='word_1_109' title='bbox 180 1854 366 1922; x_wconf 75' lang='grc' dir='ltr'><strong>τούτῳ</strong></span> <span class='ocrx_word' id='word_1_110' title='bbox 414 1852 520 1920; x_wconf 79' lang='grc' dir='ltr'><strong>ἄρα</strong></span> <span class='ocrx_word' id='word_1_111' title='bbox 550 1849 612 1903; x_wconf 82' lang='grc' dir='ltr'><strong>τὸ</strong></span> <span class='ocrx_word' id='word_1_112' title='bbox 652 1847 879 1918; x_wconf 78' lang='grc' dir='ltr'><strong>Πνεῦμα</strong></span> <span class='ocrx_word' id='word_1_113' title='bbox 929 1843 1292 1915; x_wconf 76' lang='grc' dir='ltr'><strong>ἐκπορεύεται</strong></span> <span class='ocrx_word' id='word_1_114' title='bbox 1345 1838 1439 1893; x_wconf 84' lang='grc' dir='ltr'><strong>τοῦ</strong></span> <span class='ocrx_word' id='word_1_115' title='bbox 1500 1836 1694 1905; x_wconf 81' lang='grc' dir='ltr'><strong>Υίοῦ)’</strong></span> <span class='ocrx_word' id='word_1_116' title='bbox 1739 1836 1788 1888; x_wconf 87' lang='grc' dir='ltr'><strong>εί</strong></span> 
     </span>
    </p>
   </div>
   <div class='ocr_carea' id='block_1_16' title="bbox 188 1928 1789 2011">
    <p class='ocr_par' dir='ltr' id='par_1_16' title="bbox 188 1928 1789 2011">
     <span class='ocr_line' id='line_1_16' title="bbox 188 1928 1789 2011; baseline -0.002 -12"><span class='ocrx_word' id='word_1_117' title='bbox 188 1945 286 1999; x_wconf 80' lang='grc' dir='ltr'><strong>οῦν</strong></span> <span class='ocrx_word' id='word_1_118' title='bbox 314 1946 371 1996; x_wconf 78' lang='grc' dir='ltr'><strong>ὲν</strong></span> <span class='ocrx_word' id='word_1_119' title='bbox 406 1937 452 2011; x_wconf 77' lang='grc' dir='ltr'><strong>ᾧ</strong></span> <span class='ocrx_word' id='word_1_120' title='bbox 476 1943 567 1996; x_wconf 75' lang='grc' dir='ltr'><strong>διὰ</strong></span> <span class='ocrx_word' id='word_1_121' title='bbox 610 1942 923 2010; x_wconf 83' lang='grc' dir='ltr'><strong>γεννήσεως</strong></span> <span class='ocrx_word' id='word_1_122' title='bbox 969 1937 1221 2008; x_wconf 79' lang='grc' dir='ltr'><strong>πρόεισιν</strong></span> <span class='ocrx_word' id='word_1_123' title='bbox 1254 1936 1282 1988; x_wconf 85' lang='grc' dir='ltr'>ὁ</span> <span class='ocrx_word' id='word_1_124' title='bbox 1318 1933 1467 1995; x_wconf 73' lang='grc' dir='ltr'><strong>Υίὺςι</strong></span> <span class='ocrx_word' id='word_1_125' title='bbox 1504 1931 1563 1982; x_wconf 67' lang='grc' dir='ltr'><strong>ἓν</strong></span> <span class='ocrx_word' id='word_1_126' title='bbox 1610 1928 1789 1997; x_wconf 72' lang='grc' dir='ltr'><strong>τούτῳ</strong></span> 
     </span>
    </p>
   </div>
   <div class='ocr_carea' id='block_1_17' title="bbox 184 2021 1790 2107">
    <p class='ocr_par' dir='ltr' id='par_1_17' title="bbox 184 2021 1790 2107">
     <span class='ocr_line' id='line_1_17' title="bbox 184 2021 1790 2107; baseline -0.011 -15"><span class='ocrx_word' id='word_1_127' title='bbox 184 2038 258 2092; x_wconf 85' lang='grc' dir='ltr'><strong>δι’</strong></span> <span class='ocrx_word' id='word_1_128' title='bbox 286 2035 673 2107; x_wconf 72' lang='grc' dir='ltr'><strong>ἐκπορεύσεως</strong></span> <span class='ocrx_word' id='word_1_129' title='bbox 708 2033 940 2103; x_wconf 79' lang='grc' dir='ltr'><strong>προάγει</strong></span> <span class='ocrx_word' id='word_1_130' title='bbox 972 2030 1033 2083; x_wconf 82' lang='grc' dir='ltr'><strong>τὸ</strong></span> <span class='ocrx_word' id='word_1_131' title='bbox 1081 2027 1333 2096; x_wconf 79' lang='grc' dir='ltr'><strong>Πνεῦμα,</strong></span> <span class='ocrx_word' id='word_1_132' title='bbox 1365 2024 1461 2078; x_wconf 75' lang='grc' dir='ltr'><strong>καὶ</strong></span> <span class='ocrx_word' id='word_1_133' title='bbox 1496 2021 1790 2092; x_wconf 76' lang='grc' dir='ltr'><strong>προάγοντι</strong></span> 
     </span>
    </p>
   </div>
   <div class='ocr_carea' id='block_1_18' title="bbox 183 2117 1790 2201">
    <p class='ocr_par' dir='ltr' id='par_1_18' title="bbox 183 2117 1790 2201">
     <span class='ocr_line' id='line_1_18' title="bbox 183 2117 1790 2201; baseline -0.012 -13"><span class='ocrx_word' id='word_1_134' title='bbox 183 2152 247 2188; x_wconf 80' lang='grc' dir='ltr'><strong>τε</strong></span> <span class='ocrx_word' id='word_1_135' title='bbox 283 2135 381 2187; x_wconf 77' lang='grc' dir='ltr'><strong>καὶ</strong></span> <span class='ocrx_word' id='word_1_136' title='bbox 442 2129 805 2201; x_wconf 73' lang='grc' dir='ltr'><strong>προαγομένῳ</strong></span> <span class='ocrx_word' id='word_1_137' title='bbox 854 2126 1250 2193; x_wconf 77' lang='grc' dir='ltr'><strong>συνυφίσταται</strong></span> <span class='ocrx_word' id='word_1_138' title='bbox 1299 2120 1480 2193; x_wconf 87' lang='grc' dir='ltr'><strong>(τοῦτο</strong></span> <span class='ocrx_word' id='word_1_139' title='bbox 1532 2121 1643 2187; x_wconf 81' lang='grc' dir='ltr'><strong>γάρ</strong></span> <span class='ocrx_word' id='word_1_140' title='bbox 1689 2117 1790 2185; x_wconf 79' lang='grc' dir='ltr'><strong>τῆς</strong></span> 
     </span>
    </p>
   </div>
   <div class='ocr_carea' id='block_1_19' title="bbox 191 2207 1792 2292">
    <p class='ocr_par' dir='ltr' id='par_1_19' title="bbox 191 2207 1792 2292">
     <span class='ocr_line' id='line_1_19' title="bbox 191 2207 1792 2292; baseline -0.011 -14"><span class='ocrx_word' id='word_1_141' title='bbox 191 2224 436 2286; x_wconf 69' lang='grc' dir='ltr'><strong>ἀσεϐοῦς</strong></span> <span class='ocrx_word' id='word_1_142' title='bbox 473 2223 751 2292; x_wconf 72' lang='grc' dir='ltr'><strong>ὲνσπορᾶς</strong></span> <span class='ocrx_word' id='word_1_143' title='bbox 786 2220 847 2273; x_wconf 82' lang='grc' dir='ltr'><strong>τὸ</strong></span> <span class='ocrx_word' id='word_1_144' title='bbox 880 2216 1174 2287; x_wconf 83' lang='grc' dir='ltr'><strong>γεώργιον)</strong></span> <span class='ocrx_word' id='word_1_145' title='bbox 1195 2232 1209 2245; x_wconf 77' lang='grc' dir='ltr'><strong>ο</strong></span> <span class='ocrx_word' id='word_1_146' title='bbox 1252 2207 1375 2282; x_wconf 73' lang='grc' dir='ltr'><strong>ὶνῷ</strong></span> <span class='ocrx_word' id='word_1_147' title='bbox 1404 2212 1514 2282; x_wconf 82' lang='grc' dir='ltr'><strong>άρα</strong></span> <span class='ocrx_word' id='word_1_148' title='bbox 1537 2210 1792 2279; x_wconf 78' lang='grc' dir='ltr'><strong>γεννᾶται</strong></span> 
     </span>
    </p>
   </div>
   <div class='ocr_carea' id='block_1_20' title="bbox 188 2302 1793 2382">
    <p class='ocr_par' dir='ltr' id='par_1_20' title="bbox 188 2302 1793 2382">
     <span class='ocr_line' id='line_1_20' title="bbox 188 2302 1793 2382; baseline -0.011 -11"><span class='ocrx_word' id='word_1_149' title='bbox 188 2320 217 2371; x_wconf 82' lang='grc' dir='ltr'>ὁ</span> <span class='ocrx_word' id='word_1_150' title='bbox 252 2318 405 2378; x_wconf 79' lang='grc' dir='ltr'><strong>Υίδς,</strong></span> <span class='ocrx_word' id='word_1_151' title='bbox 444 2315 640 2382; x_wconf 72' lang='grc' dir='ltr'><strong>ἐπίσης</strong></span> <span class='ocrx_word' id='word_1_152' title='bbox 673 2313 741 2366; x_wconf 80' lang='grc' dir='ltr'><strong>ἂν</strong></span> <span class='ocrx_word' id='word_1_153' title='bbox 788 2311 876 2379; x_wconf 79' lang='grc' dir='ltr'><strong>είη</strong></span> <span class='ocrx_word' id='word_1_154' title='bbox 916 2308 978 2363; x_wconf 77' lang='grc' dir='ltr'><strong>τὸ</strong></span> <span class='ocrx_word' id='word_1_155' title='bbox 1015 2307 1242 2375; x_wconf 84' lang='grc' dir='ltr'><strong>Πνεῦμα</strong></span> <span class='ocrx_word' id='word_1_156' title='bbox 1274 2305 1371 2359; x_wconf 72' lang='grc' dir='ltr'><strong>καὶ</strong></span> <span class='ocrx_word' id='word_1_157' title='bbox 1415 2302 1793 2372; x_wconf 76' lang='grc' dir='ltr'><strong>συγγεννώμεο</strong></span> 
     </span>
    </p>
   </div>
   <div class='ocr_carea' id='block_1_21' title="bbox 190 2390 1794 2475">
    <p class='ocr_par' dir='ltr' id='par_1_21' title="bbox 190 2390 1794 2475">
     <span class='ocr_line' id='line_1_21' title="bbox 190 2390 1794 2475; baseline -0.011 -15"><span class='ocrx_word' id='word_1_158' title='bbox 190 2424 285 2460; x_wconf 86' lang='grc' dir='ltr'><strong>νον</strong></span> <span class='ocrx_word' id='word_1_159' title='bbox 316 2395 395 2475; x_wconf 77' lang='grc' dir='ltr'><strong>τῷ</strong></span> <span class='ocrx_word' id='word_1_160' title='bbox 430 2404 544 2475; x_wconf 85' lang='grc' dir='ltr'><strong>Υἱῷ</strong></span> <span class='ocrx_word' id='word_1_161' title='bbox 579 2404 674 2456; x_wconf 81' lang='grc' dir='ltr'><strong>καὶ</strong></span> <span class='ocrx_word' id='word_1_162' title='bbox 727 2398 1168 2469; x_wconf 69' lang='grc' dir='ltr'><strong>ἐκπορευόμενον</strong></span> <span class='ocrx_word' id='word_1_163' title='bbox 1208 2395 1266 2462; x_wconf 66' lang='grc' dir='ltr'><strong>ἐξ</strong></span> <span class='ocrx_word' id='word_1_164' title='bbox 1309 2392 1504 2447; x_wconf 83' lang='grc' dir='ltr'><strong>αὐτοῦ’</strong></span> <span class='ocrx_word' id='word_1_165' title='bbox 1551 2391 1693 2446; x_wconf 85' lang='grc' dir='ltr'><strong>ὥστε</strong></span> <span class='ocrx_word' id='word_1_166' title='bbox 1733 2390 1794 2443; x_wconf 79' lang='grc' dir='ltr'><strong>τὸ</strong></span> 
     </span>
    </p>
   </div>
   <div class='ocr_carea' id='block_1_22' title="bbox 196 2484 1795 2568">
    <p class='ocr_par' dir='ltr' id='par_1_22' title="bbox 196 2484 1795 2568">
     <span class='ocr_line' id='line_1_22' title="bbox 196 2484 1795 2568; baseline -0.011 -15"><span class='ocrx_word' id='word_1_167' title='bbox 196 2498 433 2568; x_wconf 83' lang='grc' dir='ltr'><strong>Πνεῦμα</strong></span> <span class='ocrx_word' id='word_1_168' title='bbox 462 2495 719 2566; x_wconf 83' lang='grc' dir='ltr'><strong>γεννητόν</strong></span> <span class='ocrx_word' id='word_1_169' title='bbox 747 2510 812 2547; x_wconf 88' lang='grc' dir='ltr'><strong>τε</strong></span> <span class='ocrx_word' id='word_1_170' title='bbox 847 2493 965 2564; x_wconf 76' lang='grc' dir='ltr'><strong>ἅμα</strong></span> <span class='ocrx_word' id='word_1_171' title='bbox 991 2492 1087 2545; x_wconf 75' lang='grc' dir='ltr'><strong>καὶ</strong></span> <span class='ocrx_word' id='word_1_172' title='bbox 1128 2488 1461 2559; x_wconf 69' lang='grc' dir='ltr'><strong>ικπορευτόν</strong></span> <span class='ocrx_word' id='word_1_173' title='bbox 1487 2502 1501 2518; x_wconf 78' lang='grc'><strong><em>⁸</em></strong></span> <span class='ocrx_word' id='word_1_174' title='bbox 1534 2484 1795 2555; x_wconf 81' lang='grc' dir='ltr'><strong>γεννητὸν</strong></span> 
     </span>
    </p>
   </div>
   <div class='ocr_carea' id='block_1_23' title="bbox 203 2578 1796 2658">
    <p class='ocr_par' dir='ltr' id='par_1_23' title="bbox 203 2578 1796 2658">
     <span class='ocr_line' id='line_1_23' title="bbox 203 2578 1796 2658; baseline -0.009 -16"><span class='ocrx_word' id='word_1_175' title='bbox 203 2592 330 2658; x_wconf 75' lang='grc' dir='ltr'><strong>μὲν,</strong></span> <span class='ocrx_word' id='word_1_176' title='bbox 358 2591 443 2641; x_wconf 82' lang='grc' dir='ltr'><strong>ὅτι</strong></span> <span class='ocrx_word' id='word_1_177' title='bbox 474 2588 551 2657; x_wconf 84' lang='grc' dir='ltr'><strong>τῷ</strong></span> <span class='ocrx_word' id='word_1_178' title='bbox 583 2585 699 2654; x_wconf 84' lang='grc' dir='ltr'><strong>Υἱῷ</strong></span> <span class='ocrx_word' id='word_1_179' title='bbox 725 2583 1055 2653; x_wconf 71' lang='grc' dir='ltr'><strong>γεννωμένῳ</strong></span> <span class='ocrx_word' id='word_1_180' title='bbox 1099 2579 1485 2650; x_wconf 84' lang='grc' dir='ltr'><strong>συμπρόεισιν,</strong></span> <span class='ocrx_word' id='word_1_181' title='bbox 1527 2578 1796 2645; x_wconf 73' lang='grc' dir='ltr'><strong>ἐκπορευ-</strong></span> 
     </span>
    </p>
   </div>
   <div class='ocr_carea' id='block_1_24' title="bbox 196 2661 1798 2746">
    <p class='ocr_par' dir='ltr' id='par_1_24' title="bbox 196 2661 1798 2746">
     <span class='ocr_line' id='line_1_24' title="bbox 196 2661 1798 2746; baseline -0.011 -10"><span class='ocrx_word' id='word_1_182' title='bbox 196 2684 294 2735; x_wconf 67' lang='grc' dir='ltr'><strong>τὸν</strong></span> <span class='ocrx_word' id='word_1_183' title='bbox 340 2681 426 2742; x_wconf 79' lang='grc' dir='ltr'><strong>δὲ,</strong></span> <span class='ocrx_word' id='word_1_184' title='bbox 455 2680 536 2731; x_wconf 86' lang='grc' dir='ltr'><strong>ὅτι</strong></span> <span class='ocrx_word' id='word_1_185' title='bbox 578 2675 775 2746; x_wconf 81' lang='grc' dir='ltr'><strong>διπλῆν</strong></span> <span class='ocrx_word' id='word_1_186' title='bbox 805 2674 1070 2743; x_wconf 82' lang='grc' dir='ltr'><strong>ὑπομένει</strong></span> <span class='ocrx_word' id='word_1_187' title='bbox 1107 2671 1210 2742; x_wconf 72' lang='grc' dir='ltr'><strong>τὴν</strong></span> <span class='ocrx_word' id='word_1_188' title='bbox 1236 2670 1597 2739; x_wconf 78' lang='grc' dir='ltr'><strong>ὲκπόρευσινο</strong></span> <span class='ocrx_word' id='word_1_189' title='bbox 1639 2661 1713 2719; x_wconf 82' lang='grc' dir='ltr'><strong>ὦν</strong></span> <span class='ocrx_word' id='word_1_190' title='bbox 1745 2666 1798 2719; x_wconf 87' lang='grc' dir='ltr'><strong>τί</strong></span> 
     </span>
    </p>
   </div>
   <div class='ocr_carea' id='block_1_25' title="bbox 196 2757 1799 2839">
    <p class='ocr_par' dir='ltr' id='par_1_25' title="bbox 196 2757 1799 2839">
     <span class='ocr_line' id='line_1_25' title="bbox 196 2757 1799 2839; baseline -0.007 -15"><span class='ocrx_word' id='word_1_191' title='bbox 196 2772 265 2824; x_wconf 82' lang='grc' dir='ltr'><strong>ἂν</strong></span> <span class='ocrx_word' id='word_1_192' title='bbox 297 2767 587 2839; x_wconf 77' lang='grc' dir='ltr'><strong>φωραθείη</strong></span> <span class='ocrx_word' id='word_1_193' title='bbox 620 2767 755 2837; x_wconf 73' lang='grc' dir='ltr'><strong>πρὸς</strong></span> <span class='ocrx_word' id='word_1_194' title='bbox 788 2763 1047 2818; x_wconf 75' lang='grc' dir='ltr'><strong>ἀσέϐειαν</strong></span> <span class='ocrx_word' id='word_1_195' title='bbox 1076 2762 1108 2833; x_wconf 78' lang='grc' dir='ltr'>ἤ</span> <span class='ocrx_word' id='word_1_196' title='bbox 1149 2762 1284 2833; x_wconf 81' lang='grc' dir='ltr'><strong>πρὸς</strong></span> <span class='ocrx_word' id='word_1_197' title='bbox 1319 2762 1519 2832; x_wconf 88' lang='grc' dir='ltr'><strong>μανίαν</strong></span> <span class='ocrx_word' id='word_1_198' title='bbox 1550 2757 1799 2829; x_wconf 83' lang='grc' dir='ltr'><strong>χαλεπώ-</strong></span> 
     </span>
    </p>
   </div>
   <div class='ocr_carea' id='block_1_26' title="bbox 196 2879 394 2933">
    <p class='ocr_par' dir='ltr' id='par_1_26' title="bbox 196 2879 394 2933">
     <span class='ocr_line' id='line_1_26' title="bbox 196 2879 394 2933; baseline -0.01 -17"><span class='ocrx_word' id='word_1_199' title='bbox 196 2879 394 2933; x_wconf 85' lang='grc' dir='ltr'><strong>τερον;</strong></span> 
     </span>
    </p>
   </div>
   <div class='ocr_carea' id='block_1_27' title="bbox 276 3041 1799 3123">
    <p class='ocr_par' dir='ltr' id='par_1_27' title="bbox 276 3041 1799 3123">
     <span class='ocr_line' id='line_1_27' title="bbox 276 3041 1799 3123; baseline -0.007 -19"><span class='ocrx_word' id='word_1_200' title='bbox 276 3049 374 3117; x_wconf 84' lang='grc' dir='ltr'><strong>ξε⁹.</strong></span> <span class='ocrx_word' id='word_1_201' title='bbox 426 3052 592 3123; x_wconf 80' lang='grc' dir='ltr'><strong>Ὁρᾷς</strong></span> <span class='ocrx_word' id='word_1_202' title='bbox 617 3068 710 3105; x_wconf 91' lang='grc' dir='ltr'><strong>σου</strong></span> <span class='ocrx_word' id='word_1_203' title='bbox 757 3048 830 3104; x_wconf 81' lang='grc' dir='ltr'><strong>τά</strong></span> <span class='ocrx_word' id='word_1_204' title='bbox 888 3049 1201 3119; x_wconf 79' lang='grc' dir='ltr'><strong>σοφίσματα</strong></span> <span class='ocrx_word' id='word_1_205' title='bbox 1256 3045 1350 3098; x_wconf 69' lang='grc' dir='ltr'><strong>καὶ</strong></span> <span class='ocrx_word' id='word_1_206' title='bbox 1406 3041 1516 3097; x_wconf 82' lang='grc' dir='ltr'><strong>τῶν</strong></span> <span class='ocrx_word' id='word_1_207' title='bbox 1549 3042 1799 3112; x_wconf 79' lang='grc' dir='ltr'><strong>χρήσεων</strong></span> 
     </span>
    </p>
   </div>
   <div class='ocr_carea' id='block_1_28' title="bbox 200 3133 1801 3215">
    <p class='ocr_par' dir='ltr' id='par_1_28' title="bbox 200 3133 1801 3215">
     <span class='ocr_line' id='line_1_28' title="bbox 200 3133 1801 3215; baseline -0.009 -18"><span class='ocrx_word' id='word_1_208' title='bbox 200 3145 307 3214; x_wconf 83' lang='grc' dir='ltr'><strong>τὴν</strong></span> <span class='ocrx_word' id='word_1_209' title='bbox 334 3146 710 3215; x_wconf 72' lang='grc' dir='ltr'><strong>παράχρησιν,</strong></span> <span class='ocrx_word' id='word_1_210' title='bbox 733 3146 812 3205; x_wconf 87' lang='grc' dir='ltr'><strong>είς</strong></span> <span class='ocrx_word' id='word_1_211' title='bbox 840 3138 952 3195; x_wconf 76' lang='grc' dir='ltr'><strong>οἷόν</strong></span> <span class='ocrx_word' id='word_1_212' title='bbox 981 3158 1041 3194; x_wconf 91' lang='grc' dir='ltr'><strong>σε</strong></span> <span class='ocrx_word' id='word_1_213' title='bbox 1074 3138 1267 3208; x_wconf 83' lang='grc' dir='ltr'><strong>βόθρον</strong></span> <span class='ocrx_word' id='word_1_214' title='bbox 1293 3136 1500 3203; x_wconf 82' lang='grc' dir='ltr'><strong>πλάνης</strong></span> <span class='ocrx_word' id='word_1_215' title='bbox 1529 3133 1625 3185; x_wconf 81' lang='grc' dir='ltr'><strong>καὶ</strong></span> <span class='ocrx_word' id='word_1_216' title='bbox 1647 3133 1801 3185; x_wconf 88' lang='grc' dir='ltr'><strong>άπω-</strong></span> 
     </span>
    </p>
   </div>
   <div class='ocr_carea' id='block_1_29' title="bbox 951 413 2660 506">
    <p class='ocr_par' dir='ltr' id='par_1_29' title="bbox 951 413 2660 506">
     <span class='ocr_line' id='line_1_29' title="bbox 951 413 2660 506; baseline -0.019 0"><span class='ocrx_word' id='word_1_217' title='bbox 951 436 1392 506; x_wconf 81' lang='lat' dir='ltr'><strong>REFUTATIO</strong></span> <span class='ocrx_word' id='word_1_218' title='bbox 1433 424 1806 497; x_wconf 79' lang='lat' dir='ltr'><strong>PHOTIANI</strong></span> <span class='ocrx_word' id='word_1_219' title='bbox 1850 422 2065 487; x_wconf 78' lang='lat' dir='ltr'><strong>LIBRI</strong></span> <span class='ocrx_word' id='word_1_220' title='bbox 2107 420 2206 483; x_wconf 88' lang='lat' dir='ltr'><strong>DE</strong></span> <span class='ocrx_word' id='word_1_221' title='bbox 2248 413 2561 480; x_wconf 82' lang='lat' dir='ltr'><strong>SPIRITU</strong></span> <span class='ocrx_word' id='word_1_222' title='bbox 2598 414 2660 473; x_wconf 91' lang='lat' dir='ltr'><strong>S.</strong></span> 
     </span>
    </p>
   </div>
   <div class='ocr_carea' id='block_1_30' title="bbox 172 533 1821 633">
    <p class='ocr_par' dir='ltr' id='par_1_30' title="bbox 172 544 1821 633">
     <span class='ocr_line' id='line_1_30' title="bbox 172 544 1821 633; baseline -0.01 -15"><span class='ocrx_word' id='word_1_223' title='bbox 172 565 354 633; x_wconf 76' lang='grc' dir='ltr'><strong>αὐτὴν</strong></span> <span class='ocrx_word' id='word_1_224' title='bbox 421 563 496 631; x_wconf 81' lang='grc' dir='ltr'><strong>μὴ</strong></span> <span class='ocrx_word' id='word_1_225' title='bbox 557 558 936 629; x_wconf 69' lang='grc' dir='ltr'><strong>συνδιαφέρων</strong></span> <span class='ocrx_word' id='word_1_226' title='bbox 988 557 1161 627; x_wconf 80' lang='grc' dir='ltr'><strong>αὐτῆς</strong></span> <span class='ocrx_word' id='word_1_227' title='bbox 1223 555 1318 609; x_wconf 79' lang='grc' dir='ltr'><strong>καὶ</strong></span> <span class='ocrx_word' id='word_1_228' title='bbox 1386 544 1821 617; x_wconf 67' lang='grc' dir='ltr'><strong>συνδιατιμνεοέ</strong></span> 
     </span>
    </p>
   </div>
   <div class='ocr_carea' id='block_1_31' title="bbox 1907 533 2797 633">
    <p class='ocr_par' dir='ltr' id='par_1_31' title="bbox 1907 533 2797 603">
     <span class='ocr_line' id='line_1_31' title="bbox 1907 533 2797 603; baseline -0.02 -8"><span class='ocrx_word' id='word_1_229' title='bbox 1907 539 2052 595; x_wconf 86' lang='lat' dir='ltr'><strong>entia</strong></span> <span class='ocrx_word' id='word_1_230' title='bbox 2086 549 2382 593; x_wconf 87' lang='lat' dir='ltr'><strong>causarum</strong></span> <span class='ocrx_word' id='word_1_231' title='bbox 2421 533 2537 603; x_wconf 87' lang='lat' dir='ltr'><strong>ipsa</strong></span> <span class='ocrx_word' id='word_1_232' title='bbox 2575 536 2797 596; x_wconf 88' lang='lat' dir='ltr'><strong>quoque</strong></span> 
     </span>
    </p>
   </div>
   <div class='ocr_carea' id='block_1_32' title="bbox 1869 634 2173 688">
    <p class='ocr_par' dir='ltr' id='par_1_32' title="bbox 1869 634 2173 688">
     <span class='ocr_line' id='line_1_32' title="bbox 1869 634 2173 688; baseline -0.013 0"><span class='ocrx_word' id='word_1_233' title='bbox 1869 634 2173 688; x_wconf 85' lang='lat' dir='ltr'><strong>scindatur.</strong></span> 
     </span>
    </p>
   </div>
   <div class='ocr_carea' id='block_1_33' title="bbox 3354 384 3457 452">
    <p class='ocr_par' dir='ltr' id='par_1_33' title="bbox 3354 384 3457 452">
     <span class='ocr_line' id='line_1_33' title="bbox 3354 384 3457 452; baseline -0.049 -1"><span class='ocrx_word' id='word_1_234' title='bbox 3354 384 3457 452; x_wconf 80' lang='lat'><strong>810</strong></span> 
     </span>
    </p>
   </div>
   <div class='ocr_carea' id='block_1_34' title="bbox 2845 509 3460 573">
    <p class='ocr_par' dir='ltr' id='par_1_34' title="bbox 2845 509 3460 573">
     <span class='ocr_line' id='line_1_34' title="bbox 2845 509 3460 573; baseline -0.018 0"><span class='ocrx_word' id='word_1_235' title='bbox 2845 534 2874 573; x_wconf 91' lang='lat' dir='ltr'><strong>a</strong></span> <span class='ocrx_word' id='word_1_236' title='bbox 2926 530 2983 571; x_wconf 89' lang='lat' dir='ltr'><strong>se</strong></span> <span class='ocrx_word' id='word_1_237' title='bbox 3014 511 3229 567; x_wconf 67' lang='lat' dir='ltr'><strong>differat</strong></span> <span class='ocrx_word' id='word_1_238' title='bbox 3278 520 3345 564; x_wconf 81' lang='lat' dir='ltr'><strong>ac</strong></span> <span class='ocrx_word' id='word_1_239' title='bbox 3374 509 3460 557; x_wconf 81' lang='lat' dir='ltr'><strong>dt—</strong></span> 
     </span>
    </p>
   </div>
   <div class='ocr_carea' id='block_1_35' title="bbox 1950 693 3462 783">
    <p class='ocr_par' dir='ltr' id='par_1_35' title="bbox 1950 693 3462 783">
     <span class='ocr_line' id='line_1_35' title="bbox 1950 693 3462 783; baseline -0.023 -7"><span class='ocrx_word' id='word_1_240' title='bbox 1950 724 2042 779; x_wconf 73' lang='grc'><strong>64.</strong></span> <span class='ocrx_word' id='word_1_241' title='bbox 2093 720 2299 777; x_wconf 85' lang='lat' dir='ltr'><strong>Pra-ter</strong></span> <span class='ocrx_word' id='word_1_242' title='bbox 2345 725 2527 772; x_wconf 91' lang='lat' dir='ltr'><strong>autem</strong></span> <span class='ocrx_word' id='word_1_243' title='bbox 2571 712 2681 783; x_wconf 76' lang='lat' dir='ltr'><strong>jam</strong></span> <span class='ocrx_word' id='word_1_244' title='bbox 2734 708 2880 765; x_wconf 87' lang='lat' dir='ltr'><strong>dicta</strong></span> <span class='ocrx_word' id='word_1_245' title='bbox 2911 743 2927 769; x_wconf 93' lang='lat'><strong>,</strong></span> <span class='ocrx_word' id='word_1_246' title='bbox 2997 698 3042 756; x_wconf 89' lang='lat' dir='ltr'><strong>si</strong></span> <span class='ocrx_word' id='word_1_247' title='bbox 3095 693 3462 767; x_wconf 88' lang='lat' dir='ltr'><strong>quodcunque</strong></span> 
     </span>
    </p>
   </div>
   <div class='ocr_carea' id='block_1_36' title="bbox 1875 790 3461 880">
    <p class='ocr_par' dir='ltr' id='par_1_36' title="bbox 1875 790 3461 880">
     <span class='ocr_line' id='line_1_36' title="bbox 1875 790 3461 880; baseline -0.025 -9"><span class='ocrx_word' id='word_1_248' title='bbox 1875 817 2026 871; x_wconf 80' lang='lat' dir='ltr'><strong>inest</strong></span> <span class='ocrx_word' id='word_1_249' title='bbox 2057 811 2283 880; x_wconf 81' lang='lat' dir='ltr'><strong>quidem</strong></span> <span class='ocrx_word' id='word_1_250' title='bbox 2334 808 2445 863; x_wconf 84' lang='lat' dir='ltr'><strong>Deo</strong></span> <span class='ocrx_word' id='word_1_251' title='bbox 2471 848 2485 872; x_wconf 97' lang='lat'><strong>,</strong></span> <span class='ocrx_word' id='word_1_252' title='bbox 2539 819 2646 860; x_wconf 91' lang='lat' dir='ltr'><strong>non</strong></span> <span class='ocrx_word' id='word_1_253' title='bbox 2680 810 2863 857; x_wconf 85' lang='lat' dir='ltr'><strong>autem</strong></span> <span class='ocrx_word' id='word_1_254' title='bbox 2902 797 2956 851; x_wconf 93' lang='lat' dir='ltr'><strong>in</strong></span> <span class='ocrx_word' id='word_1_255' title='bbox 2990 790 3203 846; x_wconf 89' lang='lat' dir='ltr'><strong>unitate</strong></span> <span class='ocrx_word' id='word_1_256' title='bbox 3238 794 3291 838; x_wconf 88' lang='lat' dir='ltr'><strong>et</strong></span> <span class='ocrx_word' id='word_1_257' title='bbox 3327 796 3461 835; x_wconf 86' lang='lat' dir='ltr'><strong>con-</strong></span> 
     </span>
    </p>
   </div>
   <div class='ocr_carea' id='block_1_37' title="bbox 1875 874 3461 966">
    <p class='ocr_par' dir='ltr' id='par_1_37' title="bbox 1875 874 3461 966">
     <span class='ocr_line' id='line_1_37' title="bbox 1875 874 3461 966; baseline -0.026 -2"><span class='ocrx_word' id='word_1_258' title='bbox 1875 874 2353 964; x_wconf 80' lang='lat' dir='ltr'><strong>substantialitate</strong></span> <span class='ocrx_word' id='word_1_259' title='bbox 2403 893 2802 966; x_wconf 90' lang='lat' dir='ltr'><strong>omnipotentis</strong></span> <span class='ocrx_word' id='word_1_260' title='bbox 2856 886 3105 943; x_wconf 88' lang='lat' dir='ltr'><strong>cernitur</strong></span> <span class='ocrx_word' id='word_1_261' title='bbox 3149 874 3461 966; x_wconf 67' lang='lat' dir='ltr'><strong>Trinitatis,</strong></span> 
     </span>
    </p>
   </div>
   <div class='ocr_carea' id='block_1_38' title="bbox 1878 964 3468 1071">
    <p class='ocr_par' dir='ltr' id='par_1_38' title="bbox 1878 964 3468 1071">
     <span class='ocr_line' id='line_1_38' title="bbox 1878 964 3468 1071; baseline -0.026 -15"><span class='ocrx_word' id='word_1_262' title='bbox 1878 1001 2126 1071; x_wconf 70' lang='lat' dir='ltr'><strong>idplane</strong></span> <span class='ocrx_word' id='word_1_263' title='bbox 2162 998 2328 1052; x_wconf 85' lang='lat' dir='ltr'><strong>unius</strong></span> <span class='ocrx_word' id='word_1_264' title='bbox 2373 1004 2460 1049; x_wconf 88' lang='lat' dir='ltr'><strong>est</strong></span> <span class='ocrx_word' id='word_1_265' title='bbox 2510 990 2678 1043; x_wconf 90' lang='lat' dir='ltr'><strong>trium</strong></span> <span class='ocrx_word' id='word_1_266' title='bbox 2724 991 3126 1055; x_wconf 83' lang='lat' dir='ltr'><strong>personarum;</strong></span> <span class='ocrx_word' id='word_1_267' title='bbox 3182 964 3468 1041; x_wconf 82' lang='lat' dir='ltr'><strong>processio</strong></span> 
     </span>
    </p>
   </div>
   <div class='ocr_carea' id='block_1_39' title="bbox 1878 1064 3471 1162">
    <p class='ocr_par' dir='ltr' id='par_1_39' title="bbox 1878 1064 3471 1162">
     <span class='ocr_line' id='line_1_39' title="bbox 1878 1064 3471 1162; baseline -0.024 -13"><span class='ocrx_word' id='word_1_268' title='bbox 1878 1064 2011 1148; x_wconf 66' lang='lat' dir='ltr'><strong>vero</strong></span> <span class='ocrx_word' id='word_1_269' title='bbox 2054 1092 2299 1162; x_wconf 75' lang='lat' dir='ltr'><strong>Spiritus</strong></span> <span class='ocrx_word' id='word_1_270' title='bbox 2334 1100 2446 1140; x_wconf 90' lang='lat' dir='ltr'><strong>non</strong></span> <span class='ocrx_word' id='word_1_271' title='bbox 2482 1082 2605 1152; x_wconf 88' lang='lat' dir='ltr'><strong>ejus</strong></span> <span class='ocrx_word' id='word_1_272' title='bbox 2635 1088 2721 1134; x_wconf 92' lang='lat' dir='ltr'><strong>est</strong></span> <span class='ocrx_word' id='word_1_273' title='bbox 2754 1072 2998 1129; x_wconf 69' lang='lat' dir='ltr'><strong>miriﬁraa</strong></span> <span class='ocrx_word' id='word_1_274' title='bbox 3035 1064 3265 1122; x_wconf 76' lang='lat' dir='ltr'><strong>unitatis</strong></span> <span class='ocrx_word' id='word_1_275' title='bbox 3292 1073 3471 1162; x_wconf 22' lang='lat' dir='ltr'><strong>aqua;</strong></span> 
     </span>
    </p>
   </div>
   <div class='ocr_carea' id='block_1_40' title="bbox 1880 1151 3469 1243">
    <p class='ocr_par' dir='ltr' id='par_1_40' title="bbox 1880 1151 3469 1243">
     <span class='ocr_line' id='line_1_40' title="bbox 1880 1151 3469 1243; baseline -0.025 -2"><span class='ocrx_word' id='word_1_276' title='bbox 1880 1188 1936 1243; x_wconf 86' lang='lat' dir='ltr'><strong>in</strong></span> <span class='ocrx_word' id='word_1_277' title='bbox 1972 1151 2246 1238; x_wconf 48' lang='lat' dir='ltr'><strong>Trin&#39;ltate</strong></span> <span class='ocrx_word' id='word_1_278' title='bbox 2294 1151 2709 1236; x_wconf 75' lang='lat' dir='ltr'><strong>consideratur;</strong></span> <span class='ocrx_word' id='word_1_279' title='bbox 2745 1179 2878 1235; x_wconf 87' lang='lat' dir='ltr'><strong>ergo</strong></span> <span class='ocrx_word' id='word_1_280' title='bbox 2926 1161 3094 1215; x_wconf 92' lang='lat' dir='ltr'><strong>unius</strong></span> <span class='ocrx_word' id='word_1_281' title='bbox 3122 1166 3206 1211; x_wconf 89' lang='lat' dir='ltr'><strong>est</strong></span> <span class='ocrx_word' id='word_1_282' title='bbox 3257 1151 3469 1208; x_wconf 89' lang='lat' dir='ltr'><strong>solum-</strong></span> 
     </span>
    </p>
   </div>
   <div class='ocr_carea' id='block_1_41' title="bbox 1882 1249 3475 1342">
    <p class='ocr_par' dir='ltr' id='par_1_41' title="bbox 1882 1249 3475 1342">
     <span class='ocr_line' id='line_1_41' title="bbox 1882 1249 3475 1342; baseline -0.023 -8"><span class='ocrx_word' id='word_1_283' title='bbox 1882 1281 2048 1333; x_wconf 87' lang='lat' dir='ltr'><strong>modo</strong></span> <span class='ocrx_word' id='word_1_284' title='bbox 2102 1277 2269 1331; x_wconf 91' lang='lat' dir='ltr'><strong>trium</strong></span> <span class='ocrx_word' id='word_1_285' title='bbox 2344 1277 2731 1342; x_wconf 85' lang='lat' dir='ltr'><strong>personarum.</strong></span> <span class='ocrx_word' id='word_1_286' title='bbox 2792 1249 3196 1342; x_wconf 78' lang='lat' dir='ltr'><strong>Attendendum</strong></span> <span class='ocrx_word' id='word_1_287' title='bbox 3252 1258 3475 1316; x_wconf 78' lang='lat' dir='ltr'><strong>quoque</strong></span> 
     </span>
    </p>
   </div>
   <div class='ocr_carea' id='block_1_42' title="bbox 1883 1341 3475 1439">
    <p class='ocr_par' dir='ltr' id='par_1_42' title="bbox 1883 1341 3475 1439">
     <span class='ocr_line' id='line_1_42' title="bbox 1883 1341 3475 1439; baseline -0.024 -13"><span class='ocrx_word' id='word_1_288' title='bbox 1883 1367 2205 1439; x_wconf 75' lang='lat' dir='ltr'><strong>huiusmodi</strong></span> <span class='ocrx_word' id='word_1_289' title='bbox 2244 1341 2673 1419; x_wconf 81' lang='lat' dir='ltr'><strong>ratiocinationi.</strong></span> <span class='ocrx_word' id='word_1_290' title='bbox 2727 1355 2786 1408; x_wconf 89' lang='lat' dir='ltr'><strong>Si</strong></span> <span class='ocrx_word' id='word_1_291' title='bbox 2823 1350 3064 1420; x_wconf 75' lang='lat' dir='ltr'><strong>Spiritus</strong></span> <span class='ocrx_word' id='word_1_292' title='bbox 3102 1359 3137 1439; x_wconf 85' lang='lat' dir='ltr'><strong>a</strong></span> <span class='ocrx_word' id='word_1_293' title='bbox 3181 1341 3320 1395; x_wconf 85' lang='lat' dir='ltr'><strong>Filio</strong></span> <span class='ocrx_word' id='word_1_294' title='bbox 3348 1352 3475 1405; x_wconf 79' lang='lat' dir='ltr'><strong>pro-</strong></span> 
     </span>
    </p>
   </div>
   <div class='ocr_carea' id='block_1_43' title="bbox 1888 1438 3470 1527">
    <p class='ocr_par' dir='ltr' id='par_1_43' title="bbox 1888 1438 3470 1527">
     <span class='ocr_line' id='line_1_43' title="bbox 1888 1438 3470 1527; baseline -0.023 -8"><span class='ocrx_word' id='word_1_295' title='bbox 1888 1463 2068 1527; x_wconf 83' lang='lat' dir='ltr'><strong>cedit,</strong></span> <span class='ocrx_word' id='word_1_296' title='bbox 2101 1476 2209 1514; x_wconf 92' lang='lat' dir='ltr'><strong>uon</strong></span> <span class='ocrx_word' id='word_1_297' title='bbox 2262 1465 2442 1513; x_wconf 83' lang='lat' dir='ltr'><strong>autem</strong></span> <span class='ocrx_word' id='word_1_298' title='bbox 2492 1452 2651 1523; x_wconf 86' lang='lat' dir='ltr'><strong>prius</strong></span> <span class='ocrx_word' id='word_1_299' title='bbox 2702 1460 2881 1517; x_wconf 86' lang='lat' dir='ltr'><strong>neque</strong></span> <span class='ocrx_word' id='word_1_300' title='bbox 2936 1438 3214 1514; x_wconf 85' lang='lat' dir='ltr'><strong>posterius</strong></span> <span class='ocrx_word' id='word_1_301' title='bbox 3243 1478 3257 1496; x_wconf 90' lang='lat'><strong>.</strong></span> <span class='ocrx_word' id='word_1_302' title='bbox 3306 1446 3470 1502; x_wconf 82' lang='lat' dir='ltr'><strong>quam</strong></span> 
     </span>
    </p>
   </div>
   <div class='ocr_carea' id='block_1_44' title="bbox 1888 1528 3475 1621">
    <p class='ocr_par' dir='ltr' id='par_1_44' title="bbox 1888 1528 3475 1621">
     <span class='ocr_line' id='line_1_44' title="bbox 1888 1528 3475 1621; baseline -0.021 -11"><span class='ocrx_word' id='word_1_303' title='bbox 1888 1557 2007 1621; x_wconf 81' lang='lat' dir='ltr'><strong>ipse</strong></span> <span class='ocrx_word' id='word_1_304' title='bbox 2038 1569 2067 1607; x_wconf 87' lang='lat' dir='ltr'><strong>a</strong></span> <span class='ocrx_word' id='word_1_305' title='bbox 2104 1551 2270 1606; x_wconf 78' lang='lat' dir='ltr'><strong>Patre</strong></span> <span class='ocrx_word' id='word_1_306' title='bbox 2299 1557 2596 1619; x_wconf 77' lang='lat' dir='ltr'><strong>generetur</strong></span> <span class='ocrx_word' id='word_1_307' title='bbox 2626 1544 2776 1612; x_wconf 86' lang='lat' dir='ltr'><strong>(nam</strong></span> <span class='ocrx_word' id='word_1_308' title='bbox 2809 1552 2979 1607; x_wconf 90' lang='lat' dir='ltr'><strong>quam</strong></span> <span class='ocrx_word' id='word_1_309' title='bbox 3007 1532 3329 1600; x_wconf 78' lang='lat' dir='ltr'><strong>longissime</strong></span> <span class='ocrx_word' id='word_1_310' title='bbox 3362 1528 3475 1580; x_wconf 76' lang='lat' dir='ltr'><strong>lucc</strong></span> 
     </span>
    </p>
   </div>
   <div class='ocr_carea' id='block_1_45' title="bbox 1890 1627 3479 1716">
    <p class='ocr_par' dir='ltr' id='par_1_45' title="bbox 1890 1627 3479 1716">
     <span class='ocr_line' id='line_1_45' title="bbox 1890 1627 3479 1716; baseline -0.019 -14"><span class='ocrx_word' id='word_1_311' title='bbox 1890 1648 2155 1716; x_wconf 89' lang='lat' dir='ltr'><strong>temporis</strong></span> <span class='ocrx_word' id='word_1_312' title='bbox 2187 1642 2447 1699; x_wconf 84' lang='lat' dir='ltr'><strong>adverbia</strong></span> <span class='ocrx_word' id='word_1_313' title='bbox 2500 1639 2569 1692; x_wconf 85' lang='lat' dir='ltr'><strong>ab</strong></span> <span class='ocrx_word' id='word_1_314' title='bbox 2600 1646 2803 1691; x_wconf 61' lang='lat' dir='ltr'><strong>aeterna</strong></span> <span class='ocrx_word' id='word_1_315' title='bbox 2840 1631 3054 1686; x_wconf 87' lang='lat' dir='ltr'><strong>Deitate</strong></span> <span class='ocrx_word' id='word_1_316' title='bbox 3087 1627 3334 1691; x_wconf 84' lang='lat' dir='ltr'><strong>absunt),</strong></span> <span class='ocrx_word' id='word_1_317' title='bbox 3363 1636 3479 1716; x_wconf 65' lang='lat' dir='ltr'><strong>qua</strong></span> 
     </span>
    </p>
   </div>
   <div class='ocr_carea' id='block_1_46' title="bbox 1903 1712 3478 1807">
    <p class='ocr_par' dir='ltr' id='par_1_46' title="bbox 1903 1712 3478 1807">
     <span class='ocr_line' id='line_1_46' title="bbox 1903 1712 3478 1807; baseline -0.018 -13"><span class='ocrx_word' id='word_1_318' title='bbox 1903 1712 2188 1794; x_wconf 79' lang='lat' dir='ltr'><strong>momento</strong></span> <span class='ocrx_word' id='word_1_319' title='bbox 2239 1742 2531 1807; x_wconf 73' lang='lat' dir='ltr'><strong>generatur</strong></span> <span class='ocrx_word' id='word_1_320' title='bbox 2558 1728 2729 1784; x_wconf 78' lang='lat' dir='ltr'><strong>Filius</strong></span> <span class='ocrx_word' id='word_1_321' title='bbox 2772 1742 2805 1781; x_wconf 83' lang='lat' dir='ltr'><strong>a</strong></span> <span class='ocrx_word' id='word_1_322' title='bbox 2838 1724 3004 1779; x_wconf 81' lang='lat' dir='ltr'><strong>Patre</strong></span> <span class='ocrx_word' id='word_1_323' title='bbox 3032 1762 3047 1785; x_wconf 87' lang='lat'><strong>.</strong></span> <span class='ocrx_word' id='word_1_324' title='bbox 3095 1735 3161 1774; x_wconf 89' lang='lat' dir='ltr'><strong>eo</strong></span> <span class='ocrx_word' id='word_1_325' title='bbox 3193 1732 3326 1772; x_wconf 81' lang='lat' dir='ltr'><strong>sane</strong></span> <span class='ocrx_word' id='word_1_326' title='bbox 3356 1712 3478 1783; x_wconf 87' lang='lat' dir='ltr'><strong>Spi-</strong></span> 
     </span>
    </p>
   </div>
   <div class='ocr_carea' id='block_1_47' title="bbox 1891 1820 3480 1897">
    <p class='ocr_par' dir='ltr' id='par_1_47' title="bbox 1891 1820 3480 1897">
     <span class='ocr_line' id='line_1_47' title="bbox 1891 1820 3480 1897; baseline -0.014 -12"><span class='ocrx_word' id='word_1_327' title='bbox 1891 1833 2031 1886; x_wconf 80' lang='lat' dir='ltr'><strong>ritus</strong></span> <span class='ocrx_word' id='word_1_328' title='bbox 2086 1847 2115 1885; x_wconf 76' lang='grc' dir='ltr'><strong>α</strong></span> <span class='ocrx_word' id='word_1_329' title='bbox 2175 1830 2315 1884; x_wconf 87' lang='lat' dir='ltr'><strong>Filio</strong></span> <span class='ocrx_word' id='word_1_330' title='bbox 2370 1826 2650 1897; x_wconf 85' lang='lat' dir='ltr'><strong>procedet.</strong></span> <span class='ocrx_word' id='word_1_331' title='bbox 2704 1822 2762 1877; x_wconf 88' lang='lat' dir='ltr'><strong>Si</strong></span> <span class='ocrx_word' id='word_1_332' title='bbox 2812 1834 2943 1892; x_wconf 89' lang='lat' dir='ltr'><strong>ergo</strong></span> <span class='ocrx_word' id='word_1_333' title='bbox 2994 1820 3124 1872; x_wconf 89' lang='lat' dir='ltr'><strong>dum</strong></span> <span class='ocrx_word' id='word_1_334' title='bbox 3173 1830 3269 1884; x_wconf 86' lang='lat' dir='ltr'><strong>per</strong></span> <span class='ocrx_word' id='word_1_335' title='bbox 3316 1826 3480 1881; x_wconf 85' lang='lat' dir='ltr'><strong>gene-</strong></span> 
     </span>
    </p>
   </div>
   <div class='ocr_carea' id='block_1_48' title="bbox 1894 1909 3479 1992">
    <p class='ocr_par' dir='ltr' id='par_1_48' title="bbox 1894 1909 3479 1992">
     <span class='ocr_line' id='line_1_48' title="bbox 1894 1909 3479 1992; baseline -0.013 -13"><span class='ocrx_word' id='word_1_336' title='bbox 1894 1926 2164 1980; x_wconf 83' lang='lat' dir='ltr'><strong>rationem</strong></span> <span class='ocrx_word' id='word_1_337' title='bbox 2238 1922 2418 1992; x_wconf 89' lang='lat' dir='ltr'><strong>prodit</strong></span> <span class='ocrx_word' id='word_1_338' title='bbox 2476 1919 2688 1982; x_wconf 84' lang='lat' dir='ltr'><strong>Filius,</strong></span> <span class='ocrx_word' id='word_1_339' title='bbox 2742 1924 2857 1971; x_wconf 87' lang='lat' dir='ltr'><strong>tum</strong></span> <span class='ocrx_word' id='word_1_340' title='bbox 2916 1928 3011 1983; x_wconf 89' lang='lat' dir='ltr'><strong>per</strong></span> <span class='ocrx_word' id='word_1_341' title='bbox 3070 1909 3479 1981; x_wconf 86' lang='lat' dir='ltr'><strong>processionem</strong></span> 
     </span>
    </p>
   </div>
   <div class='ocr_carea' id='block_1_49' title="bbox 1892 2007 3478 2089">
    <p class='ocr_par' dir='ltr' id='par_1_49' title="bbox 1892 2007 3478 2089">
     <span class='ocr_line' id='line_1_49' title="bbox 1892 2007 3478 2089; baseline -0.016 -16"><span class='ocrx_word' id='word_1_342' title='bbox 1892 2020 2146 2089; x_wconf 86' lang='lat' dir='ltr'><strong>producit</strong></span> <span class='ocrx_word' id='word_1_343' title='bbox 2206 2015 2510 2085; x_wconf 82' lang='lat' dir='ltr'><strong>Spiritum,</strong></span> <span class='ocrx_word' id='word_1_344' title='bbox 2569 2020 2889 2082; x_wconf 84' lang='lat' dir='ltr'><strong>sequeretur</strong></span> <span class='ocrx_word' id='word_1_345' title='bbox 2962 2007 3110 2061; x_wconf 86' lang='lat' dir='ltr'><strong>hunc</strong></span> <span class='ocrx_word' id='word_1_346' title='bbox 3178 2018 3286 2057; x_wconf 90' lang='lat' dir='ltr'><strong>una</strong></span> <span class='ocrx_word' id='word_1_347' title='bbox 3355 2016 3478 2053; x_wconf 72' lang='lat' dir='ltr'><strong>cum</strong></span> 
     </span>
    </p>
   </div>
   <div class='ocr_carea' id='block_1_50' title="bbox 1899 2092 3481 2177">
    <p class='ocr_par' dir='ltr' id='par_1_50' title="bbox 1899 2092 3481 2177">
     <span class='ocr_line' id='line_1_50' title="bbox 1899 2092 3481 2177; baseline -0.011 -15"><span class='ocrx_word' id='word_1_348' title='bbox 1899 2108 2040 2164; x_wconf 84' lang='lat' dir='ltr'><strong>Filio</strong></span> <span class='ocrx_word' id='word_1_349' title='bbox 2090 2107 2427 2177; x_wconf 86' lang='lat' dir='ltr'><strong>producente</strong></span> <span class='ocrx_word' id='word_1_350' title='bbox 2476 2119 2542 2160; x_wconf 80' lang='lat' dir='ltr'><strong>ac</strong></span> <span class='ocrx_word' id='word_1_351' title='bbox 2592 2102 2861 2173; x_wconf 91' lang='lat' dir='ltr'><strong>producto</strong></span> <span class='ocrx_word' id='word_1_352' title='bbox 2919 2097 3179 2154; x_wconf 84' lang='lat' dir='ltr'><strong>constitui</strong></span> <span class='ocrx_word' id='word_1_353' title='bbox 3231 2104 3286 2151; x_wconf 89' lang='lat' dir='ltr'><strong>et</strong></span> <span class='ocrx_word' id='word_1_354' title='bbox 3333 2092 3481 2148; x_wconf 79' lang='lat' dir='ltr'><strong>exsi-</strong></span> 
     </span>
    </p>
   </div>
   <div class='ocr_carea' id='block_1_51' title="bbox 1895 2188 3479 2271">
    <p class='ocr_par' dir='ltr' id='par_1_51' title="bbox 1895 2188 3479 2271">
     <span class='ocr_line' id='line_1_51' title="bbox 1895 2188 3479 2271; baseline -0.01 -14"><span class='ocrx_word' id='word_1_355' title='bbox 1895 2210 2043 2257; x_wconf 85' lang='lat' dir='ltr'><strong>stere</strong></span> <span class='ocrx_word' id='word_1_356' title='bbox 2073 2200 2145 2271; x_wconf 87' lang='lat' dir='ltr'><strong>(is</strong></span> <span class='ocrx_word' id='word_1_357' title='bbox 2175 2200 2321 2255; x_wconf 89' lang='lat' dir='ltr'><strong>enim</strong></span> <span class='ocrx_word' id='word_1_358' title='bbox 2352 2198 2535 2268; x_wconf 73' lang='lat' dir='ltr'><strong>impia:</strong></span> <span class='ocrx_word' id='word_1_359' title='bbox 2564 2194 2793 2251; x_wconf 84' lang='lat' dir='ltr'><strong>sationis</strong></span> <span class='ocrx_word' id='word_1_360' title='bbox 2837 2192 3111 2256; x_wconf 80' lang='lat' dir='ltr'><strong>fructus);</strong></span> <span class='ocrx_word' id='word_1_361' title='bbox 3148 2191 3277 2243; x_wconf 90' lang='lat' dir='ltr'><strong>dum</strong></span> <span class='ocrx_word' id='word_1_362' title='bbox 3316 2188 3479 2255; x_wconf 80' lang='lat' dir='ltr'><strong>igitur</strong></span> 
     </span>
    </p>
   </div>
   <div class='ocr_carea' id='block_1_52' title="bbox 1894 2281 3481 2366">
    <p class='ocr_par' dir='ltr' id='par_1_52' title="bbox 1894 2281 3481 2366">
     <span class='ocr_line' id='line_1_52' title="bbox 1894 2281 3481 2366; baseline -0.011 -17"><span class='ocrx_word' id='word_1_363' title='bbox 1894 2302 2190 2366; x_wconf 73' lang='lat' dir='ltr'><strong>generatur</strong></span> <span class='ocrx_word' id='word_1_364' title='bbox 2222 2290 2433 2357; x_wconf 88' lang='lat' dir='ltr'><strong>Filius,</strong></span> <span class='ocrx_word' id='word_1_365' title='bbox 2485 2297 2812 2360; x_wconf 88' lang='lat' dir='ltr'><strong>sequeretur</strong></span> <span class='ocrx_word' id='word_1_366' title='bbox 2856 2285 3050 2340; x_wconf 90' lang='lat' dir='ltr'><strong>eodem</strong></span> <span class='ocrx_word' id='word_1_367' title='bbox 3088 2281 3313 2337; x_wconf 87' lang='lat' dir='ltr'><strong>instanti</strong></span> <span class='ocrx_word' id='word_1_368' title='bbox 3363 2282 3481 2349; x_wconf 47' lang='lat' dir='ltr'><strong>Spi.</strong></span> 
     </span>
    </p>
   </div>
   <div class='ocr_carea' id='block_1_53' title="bbox 1896 2374 3484 2456">
    <p class='ocr_par' dir='ltr' id='par_1_53' title="bbox 1896 2374 3484 2456">
     <span class='ocr_line' id='line_1_53' title="bbox 1896 2374 3484 2456; baseline -0.01 -14"><span class='ocrx_word' id='word_1_369' title='bbox 1896 2387 2063 2442; x_wconf 86' lang='lat' dir='ltr'><strong>ritum</strong></span> <span class='ocrx_word' id='word_1_370' title='bbox 2102 2400 2323 2456; x_wconf 86' lang='lat' dir='ltr'><strong>quoque</strong></span> <span class='ocrx_word' id='word_1_371' title='bbox 2360 2398 2465 2438; x_wconf 90' lang='lat' dir='ltr'><strong>una</strong></span> <span class='ocrx_word' id='word_1_372' title='bbox 2502 2397 2626 2437; x_wconf 90' lang='lat' dir='ltr'><strong>cum</strong></span> <span class='ocrx_word' id='word_1_373' title='bbox 2661 2380 2800 2434; x_wconf 84' lang='lat' dir='ltr'><strong>Filio</strong></span> <span class='ocrx_word' id='word_1_374' title='bbox 2833 2375 3085 2449; x_wconf 81' lang='lat' dir='ltr'><strong>generari</strong></span> <span class='ocrx_word' id='word_1_375' title='bbox 3117 2374 3263 2430; x_wconf 88' lang='lat' dir='ltr'><strong>etab</strong></span> <span class='ocrx_word' id='word_1_376' title='bbox 3294 2375 3484 2428; x_wconf 84' lang='lat' dir='ltr'><strong>eodem</strong></span> 
     </span>
    </p>
   </div>
   <div class='ocr_carea' id='block_1_54' title="bbox 1897 2466 3490 2550">
    <p class='ocr_par' dir='ltr' id='par_1_54' title="bbox 1897 2466 3490 2550">
     <span class='ocr_line' id='line_1_54' title="bbox 1897 2466 3490 2550; baseline -0.008 -17"><span class='ocrx_word' id='word_1_377' title='bbox 1897 2468 2236 2550; x_wconf 85' lang='lat' dir='ltr'><strong>procedere;</strong></span> <span class='ocrx_word' id='word_1_378' title='bbox 2280 2490 2453 2547; x_wconf 89' lang='lat' dir='ltr'><strong>quare</strong></span> <span class='ocrx_word' id='word_1_379' title='bbox 2504 2473 2746 2544; x_wconf 88' lang='lat' dir='ltr'><strong>Spiritus</strong></span> <span class='ocrx_word' id='word_1_380' title='bbox 2792 2479 3087 2544; x_wconf 83' lang='lat' dir='ltr'><strong>generatus</strong></span> <span class='ocrx_word' id='word_1_381' title='bbox 3137 2467 3303 2524; x_wconf 85' lang='lat' dir='ltr'><strong>simul</strong></span> <span class='ocrx_word' id='word_1_382' title='bbox 3340 2466 3490 2522; x_wconf 77' lang='lat' dir='ltr'><strong>exsi-</strong></span> 
     </span>
    </p>
   </div>
   <div class='ocr_carea' id='block_1_55' title="bbox 1900 2560 3485 2640">
    <p class='ocr_par' dir='ltr' id='par_1_55' title="bbox 1900 2560 3485 2640">
     <span class='ocr_line' id='line_1_55' title="bbox 1900 2560 3485 2640; baseline -0.009 -13"><span class='ocrx_word' id='word_1_383' title='bbox 1900 2580 2069 2628; x_wconf 88' lang='lat' dir='ltr'><strong>steret</strong></span> <span class='ocrx_word' id='word_1_384' title='bbox 2104 2580 2161 2626; x_wconf 92' lang='lat' dir='ltr'><strong>et</strong></span> <span class='ocrx_word' id='word_1_385' title='bbox 2193 2569 2503 2640; x_wconf 76' lang='lat' dir='ltr'><strong>procedens</strong></span> <span class='ocrx_word' id='word_1_386' title='bbox 2527 2605 2543 2630; x_wconf 92' lang='lat'><strong>,</strong></span> <span class='ocrx_word' id='word_1_387' title='bbox 2588 2575 2882 2637; x_wconf 86' lang='lat' dir='ltr'><strong>generatus</strong></span> <span class='ocrx_word' id='word_1_388' title='bbox 2908 2562 3129 2633; x_wconf 89' lang='lat' dir='ltr'><strong>quidem</strong></span> <span class='ocrx_word' id='word_1_389' title='bbox 3154 2600 3170 2624; x_wconf 92' lang='lat'><strong>,</strong></span> <span class='ocrx_word' id='word_1_390' title='bbox 3217 2560 3348 2629; x_wconf 88' lang='lat' dir='ltr'><strong>quia</strong></span> <span class='ocrx_word' id='word_1_391' title='bbox 3377 2574 3485 2613; x_wconf 85' lang='lat' dir='ltr'><strong>una</strong></span> 
     </span>
    </p>
   </div>
   <div class='ocr_carea' id='block_1_56' title="bbox 1898 2652 3488 2733">
    <p class='ocr_par' dir='ltr' id='par_1_56' title="bbox 1898 2652 3488 2733">
     <span class='ocr_line' id='line_1_56' title="bbox 1898 2652 3488 2733; baseline -0.012 -10"><span class='ocrx_word' id='word_1_392' title='bbox 1898 2682 2027 2723; x_wconf 92' lang='lat' dir='ltr'><strong>cum</strong></span> <span class='ocrx_word' id='word_1_393' title='bbox 2084 2663 2226 2719; x_wconf 83' lang='lat' dir='ltr'><strong>Filio</strong></span> <span class='ocrx_word' id='word_1_394' title='bbox 2296 2673 2558 2733; x_wconf 81' lang='lat' dir='ltr'><strong>generato</strong></span> <span class='ocrx_word' id='word_1_395' title='bbox 2630 2659 2916 2729; x_wconf 89' lang='lat' dir='ltr'><strong>prodiret,</strong></span> <span class='ocrx_word' id='word_1_396' title='bbox 2971 2652 3277 2725; x_wconf 84' lang='lat' dir='ltr'><strong>procedens</strong></span> <span class='ocrx_word' id='word_1_397' title='bbox 3333 2666 3488 2718; x_wconf 71' lang='lat' dir='ltr'><strong>vero,</strong></span> 
     </span>
    </p>
   </div>
   <div class='ocr_carea' id='block_1_57' title="bbox 1899 2745 3487 2832">
    <p class='ocr_par' dir='ltr' id='par_1_57' title="bbox 1899 2745 3487 2832">
     <span class='ocr_line' id='line_1_57' title="bbox 1899 2745 3487 2832; baseline -0.009 -18"><span class='ocrx_word' id='word_1_398' title='bbox 1899 2759 2029 2832; x_wconf 88' lang='lat' dir='ltr'><strong>quia</strong></span> <span class='ocrx_word' id='word_1_399' title='bbox 2077 2757 2355 2827; x_wconf 88' lang='lat' dir='ltr'><strong>duplicem</strong></span> <span class='ocrx_word' id='word_1_400' title='bbox 2410 2761 2694 2825; x_wconf 88' lang='lat' dir='ltr'><strong>pateretur</strong></span> <span class='ocrx_word' id='word_1_401' title='bbox 2763 2749 3197 2821; x_wconf 78' lang='lat' dir='ltr'><strong>proccssionem.</strong></span> <span class='ocrx_word' id='word_1_402' title='bbox 3273 2745 3487 2814; x_wconf 83' lang='lat' dir='ltr'><strong>Quibus</strong></span> 
     </span>
    </p>
   </div>
   <div class='ocr_carea' id='block_1_58' title="bbox 1900 2838 3493 2920">
    <p class='ocr_par' dir='ltr' id='par_1_58' title="bbox 1900 2838 3493 2920">
     <span class='ocr_line' id='line_1_58' title="bbox 1900 2838 3493 2920; baseline -0.009 -17"><span class='ocrx_word' id='word_1_403' title='bbox 1900 2850 2036 2920; x_wconf 90' lang='lat' dir='ltr'><strong>quid</strong></span> <span class='ocrx_word' id='word_1_404' title='bbox 2072 2848 2220 2901; x_wconf 86' lang='lat' dir='ltr'><strong>aliud</strong></span> <span class='ocrx_word' id='word_1_405' title='bbox 2272 2844 2500 2914; x_wconf 85' lang='lat' dir='ltr'><strong>reperiri</strong></span> <span class='ocrx_word' id='word_1_406' title='bbox 2556 2850 2720 2914; x_wconf 80' lang='lat' dir='ltr'><strong>queat</strong></span> <span class='ocrx_word' id='word_1_407' title='bbox 2771 2852 2864 2895; x_wconf 90' lang='lat' dir='ltr'><strong>aut</strong></span> <span class='ocrx_word' id='word_1_408' title='bbox 2910 2840 3087 2909; x_wconf 84' lang='lat' dir='ltr'><strong>magis</strong></span> <span class='ocrx_word' id='word_1_409' title='bbox 3136 2838 3364 2908; x_wconf 86' lang='lat' dir='ltr'><strong>impium</strong></span> <span class='ocrx_word' id='word_1_410' title='bbox 3397 2847 3493 2891; x_wconf 85' lang='lat' dir='ltr'><strong>aut</strong></span> 
     </span>
    </p>
   </div>
   <div class='ocr_carea' id='block_1_59' title="bbox 1900 2937 2437 3010">
    <p class='ocr_par' dir='ltr' id='par_1_59' title="bbox 1900 2937 2437 3010">
     <span class='ocr_line' id='line_1_59' title="bbox 1900 2937 2437 3010; baseline -0.015 -12"><span class='ocrx_word' id='word_1_411' title='bbox 1900 2942 2080 3010; x_wconf 79' lang='lat' dir='ltr'><strong>magis</strong></span> <span class='ocrx_word' id='word_1_412' title='bbox 2128 2937 2437 2994; x_wconf 75' lang='lat' dir='ltr'><strong>insanum?</strong></span> 
     </span>
    </p>
   </div>
   <div class='ocr_carea' id='block_1_60' title="bbox 1971 3023 3491 3100">
    <p class='ocr_par' dir='ltr' id='par_1_60' title="bbox 1971 3023 3491 3100">
     <span class='ocr_line' id='line_1_60' title="bbox 1971 3023 3491 3100; baseline -0.009 -12"><span class='ocrx_word' id='word_1_413' title='bbox 1971 3033 2063 3089; x_wconf 85' lang='lat'><strong>65.</strong></span> <span class='ocrx_word' id='word_1_414' title='bbox 2107 3030 2296 3097; x_wconf 83' lang='lat' dir='ltr'><strong>Vides,</strong></span> <span class='ocrx_word' id='word_1_415' title='bbox 2338 3031 2392 3085; x_wconf 91' lang='lat' dir='ltr'><strong>in</strong></span> <span class='ocrx_word' id='word_1_416' title='bbox 2420 3028 2637 3100; x_wconf 72' lang='lat' dir='ltr'><strong>qualem</strong></span> <span class='ocrx_word' id='word_1_417' title='bbox 2685 3026 2889 3083; x_wconf 87' lang='lat' dir='ltr'><strong>erroris</strong></span> <span class='ocrx_word' id='word_1_418' title='bbox 2933 3025 3372 3095; x_wconf 69' lang='lat' dir='ltr'><strong>perditionisque</strong></span> <span class='ocrx_word' id='word_1_419' title='bbox 3411 3023 3491 3078; x_wconf 79' lang='lat' dir='ltr'><strong>io-</strong></span> 
     </span>
    </p>
   </div>
   <div class='ocr_carea' id='block_1_61' title="bbox 1900 3122 3490 3195">
    <p class='ocr_par' dir='ltr' id='par_1_61' title="bbox 1900 3122 3490 3195">
     <span class='ocr_line' id='line_1_61' title="bbox 1900 3122 3490 3195; baseline -0.007 -12"><span class='ocrx_word' id='word_1_420' title='bbox 1900 3143 2059 3183; x_wconf 78' lang='lat' dir='ltr'><strong>veam</strong></span> <span class='ocrx_word' id='word_1_421' title='bbox 2106 3139 2198 3182; x_wconf 89' lang='lat' dir='ltr'><strong>tua</strong></span> <span class='ocrx_word' id='word_1_422' title='bbox 2232 3134 2286 3181; x_wconf 87' lang='lat' dir='ltr'><strong>te</strong></span> <span class='ocrx_word' id='word_1_423' title='bbox 2332 3125 2673 3195; x_wconf 86' lang='lat' dir='ltr'><strong>sophismata</strong></span> <span class='ocrx_word' id='word_1_424' title='bbox 2718 3135 3119 3189; x_wconf 86' lang='lat' dir='ltr'><strong>sacrorumque</strong></span> <span class='ocrx_word' id='word_1_425' title='bbox 3151 3122 3490 3175; x_wconf 83' lang='lat' dir='ltr'><strong>testimonio-</strong></span> 
     </span>
    </p>
   </div>
   <div class='ocr_carea' id='block_1_62' title="bbox 199 3213 1821 3303">
    <p class='ocr_par' dir='ltr' id='par_1_62' title="bbox 199 3213 1800 3303">
     <span class='ocr_line' id='line_1_62' title="bbox 199 3213 1800 3303; baseline -0.01 -11"><span class='ocrx_word' id='word_1_426' title='bbox 199 3213 358 3303; x_wconf 52' lang='grc' dir='ltr'><strong>λείας</strong></span> <span class='ocrx_word' id='word_1_427' title='bbox 398 3213 709 3302; x_wconf 60' lang='grc' dir='ltr'><strong>άυ-ιῶθήσε·</strong></span> <span class='ocrx_word' id='word_1_428' title='bbox 743 3238 837 3289; x_wconf 74' lang='grc' dir='ltr'><strong>καὶ</strong></span> <span class='ocrx_word' id='word_1_429' title='bbox 866 3237 949 3289; x_wconf 81' lang='grc' dir='ltr'><strong>ὅτι</strong></span> <span class='ocrx_word' id='word_1_430' title='bbox 986 3235 1066 3296; x_wconf 74' lang='grc' dir='ltr'><strong>τὸ,</strong></span> <span class='ocrx_word' id='word_1_431' title='bbox 1107 3234 1209 3286; x_wconf 75' lang='grc' dir='ltr'><strong>Ἐκ</strong></span> <span class='ocrx_word' id='word_1_432' title='bbox 1255 3229 1364 3283; x_wconf 82' lang='grc' dir='ltr'><strong>τοῦ</strong></span> <span class='ocrx_word' id='word_1_433' title='bbox 1406 3226 1557 3296; x_wconf 76' lang='grc' dir='ltr'><strong>ἐμοῦ</strong></span> <span class='ocrx_word' id='word_1_434' title='bbox 1604 3224 1800 3293; x_wconf 45' lang='lat' dir='ltr'><strong>11M?-</strong></span> 
     </span>
    </p>
   </div>
   <div class='ocr_carea' id='block_1_63' title="bbox 1907 3213 3494 3303">
    <p class='ocr_par' dir='ltr' id='par_1_63' title="bbox 1911 3213 3494 3287">
     <span class='ocr_line' id='line_1_63' title="bbox 1911 3213 3494 3287; baseline -0.009 -9"><span class='ocrx_word' id='word_1_435' title='bbox 1911 3238 2033 3278; x_wconf 92' lang='lat' dir='ltr'><strong>rum</strong></span> <span class='ocrx_word' id='word_1_436' title='bbox 2067 3223 2276 3276; x_wconf 82' lang='lat' dir='ltr'><strong>abusus</strong></span> <span class='ocrx_word' id='word_1_437' title='bbox 2310 3216 2722 3287; x_wconf 90' lang='lat' dir='ltr'><strong>protruderiut;</strong></span> <span class='ocrx_word' id='word_1_438' title='bbox 2767 3215 2941 3281; x_wconf 79' lang='lat' dir='ltr'><strong>vides,</strong></span> <span class='ocrx_word' id='word_1_439' title='bbox 2978 3214 3128 3286; x_wconf 89' lang='lat' dir='ltr'><strong>quod</strong></span> <span class='ocrx_word' id='word_1_440' title='bbox 3166 3214 3330 3268; x_wconf 68' lang='lat' dir='ltr'><strong>verba</strong></span> <span class='ocrx_word' id='word_1_441' title='bbox 3376 3213 3494 3273; x_wconf 79' lang='lat' dir='ltr'><strong>illa,</strong></span> 
     </span>
    </p>
   </div>
   <div class='ocr_carea' id='block_1_64' title="bbox 203 3317 1802 3400">
    <p class='ocr_par' dir='ltr' id='par_1_64' title="bbox 203 3317 1802 3400">
     <span class='ocr_line' id='line_1_64' title="bbox 203 3317 1802 3400; baseline -0.008 -18"><span class='ocrx_word' id='word_1_442' title='bbox 203 3348 329 3393; x_wconf 75' lang='grc' dir='ltr'><strong>ται,</strong></span> <span class='ocrx_word' id='word_1_443' title='bbox 355 3331 453 3384; x_wconf 79' lang='grc' dir='ltr'><strong>καὶ</strong></span> <span class='ocrx_word' id='word_1_444' title='bbox 473 3330 537 3400; x_wconf 79' lang='grc' dir='ltr'><strong>δὴ</strong></span> <span class='ocrx_word' id='word_1_445' title='bbox 560 3331 652 3383; x_wconf 70' lang='grc' dir='ltr'><strong>καὶ</strong></span> <span class='ocrx_word' id='word_1_446' title='bbox 672 3334 756 3395; x_wconf 83' lang='grc' dir='ltr'><strong>τὸ,</strong></span> <span class='ocrx_word' id='word_1_447' title='bbox 784 3326 1216 3392; x_wconf 75' lang='grc' dir='ltr'><strong>Ἐξαπέστειλε</strong></span> <span class='ocrx_word' id='word_1_448' title='bbox 1235 3326 1268 3378; x_wconf 85' lang='grc' dir='ltr'><strong>ό</strong></span> <span class='ocrx_word' id='word_1_449' title='bbox 1294 3322 1441 3387; x_wconf 74' lang='grc' dir='ltr'><strong>Θεὸς</strong></span> <span class='ocrx_word' id='word_1_450' title='bbox 1468 3320 1535 3373; x_wconf 89' lang='grc' dir='ltr'><strong>τὸ</strong></span> <span class='ocrx_word' id='word_1_451' title='bbox 1556 3317 1802 3387; x_wconf 80' lang='grc' dir='ltr'><strong>Πνεῦμα</strong></span> 
     </span>
    </p>
   </div>
   <div class='ocr_carea' id='block_1_65' title="bbox 203 3412 1802 3489">
    <p class='ocr_par' dir='ltr' id='par_1_65' title="bbox 203 3412 1802 3489">
     <span class='ocr_line' id='line_1_65' title="bbox 203 3412 1802 3489; baseline -0.009 -14"><span class='ocrx_word' id='word_1_452' title='bbox 203 3422 321 3475; x_wconf 74' lang='grc' dir='ltr'><strong>τοῦ</strong></span> <span class='ocrx_word' id='word_1_453' title='bbox 357 3422 494 3475; x_wconf 81' lang='grc' dir='ltr'><strong>Υἱοῦ</strong></span> <span class='ocrx_word' id='word_1_454' title='bbox 528 3421 738 3483; x_wconf 85' lang='grc' dir='ltr'><strong>αὑτοῦ,</strong></span> <span class='ocrx_word' id='word_1_455' title='bbox 782 3420 843 3472; x_wconf 83' lang='grc' dir='ltr'><strong>οὑ</strong></span> <span class='ocrx_word' id='word_1_456' title='bbox 873 3419 1033 3489; x_wconf 87' lang='grc' dir='ltr'><strong>μόνον</strong></span> <span class='ocrx_word' id='word_1_457' title='bbox 1062 3415 1320 3484; x_wconf 76' lang='grc' dir='ltr'><strong>οὐδεμίαν</strong></span> <span class='ocrx_word' id='word_1_458' title='bbox 1369 3412 1699 3482; x_wconf 81' lang='grc' dir='ltr'><strong>συνηγορίαν</strong></span> <span class='ocrx_word' id='word_1_459' title='bbox 1734 3412 1802 3479; x_wconf 78' lang='grc' dir='ltr'><strong>τῇ</strong></span> 
     </span>
    </p>
   </div>
   <div class='ocr_carea' id='block_1_66' title="bbox 209 3505 1806 3583">
    <p class='ocr_par' dir='ltr' id='par_1_66' title="bbox 209 3505 1806 3583">
     <span class='ocr_line' id='line_1_66' title="bbox 209 3505 1806 3583; baseline -0.007 -17"><span class='ocrx_word' id='word_1_460' title='bbox 209 3518 282 3581; x_wconf 77' lang='grc' dir='ltr'><strong>σῇ</strong></span> <span class='ocrx_word' id='word_1_461' title='bbox 324 3512 637 3583; x_wconf 66' lang='grc' dir='ltr'><strong>βλασφήμῳ</strong></span> <span class='ocrx_word' id='word_1_462' title='bbox 662 3512 996 3581; x_wconf 83' lang='grc' dir='ltr'><strong>παρέχονται</strong></span> <span class='ocrx_word' id='word_1_463' title='bbox 1024 3506 1266 3577; x_wconf 79' lang='grc' dir='ltr'><strong>γλώσσῃ,</strong></span> <span class='ocrx_word' id='word_1_464' title='bbox 1298 3505 1433 3559; x_wconf 77' lang='grc' dir='ltr'><strong>ἀλλὰ</strong></span> <span class='ocrx_word' id='word_1_465' title='bbox 1459 3506 1553 3557; x_wconf 77' lang='grc' dir='ltr'><strong>καὶ</strong></span> <span class='ocrx_word' id='word_1_466' title='bbox 1583 3505 1806 3556; x_wconf 88' lang='grc' dir='ltr'><strong>πάντων</strong></span> 
     </span>
    </p>
   </div>
   <div class='ocr_carea' id='block_1_67' title="bbox 211 3593 1805 3673">
    <p class='ocr_par' dir='ltr' id='par_1_67' title="bbox 211 3593 1805 3673">
     <span class='ocr_line' id='line_1_67' title="bbox 211 3593 1805 3673; baseline -0.007 -17"><span class='ocrx_word' id='word_1_467' title='bbox 211 3604 423 3673; x_wconf 79' lang='grc' dir='ltr'><strong>μᾶλλον</strong></span> <span class='ocrx_word' id='word_1_468' title='bbox 460 3601 559 3671; x_wconf 80' lang='grc' dir='ltr'><strong>τὴν</strong></span> <span class='ocrx_word' id='word_1_469' title='bbox 584 3600 792 3669; x_wconf 78' lang='grc' dir='ltr'><strong>τόλμαν</strong></span> <span class='ocrx_word' id='word_1_470' title='bbox 822 3601 991 3669; x_wconf 78' lang='grc' dir='ltr'><strong>αὐτῆς</strong></span> <span class='ocrx_word' id='word_1_471' title='bbox 1028 3597 1369 3666; x_wconf 74' lang='grc' dir='ltr'><strong>διελέγχουσι</strong></span> <span class='ocrx_word' id='word_1_472' title='bbox 1402 3596 1497 3648; x_wconf 73' lang='grc' dir='ltr'><strong>καὶ</strong></span> <span class='ocrx_word' id='word_1_473' title='bbox 1522 3594 1622 3664; x_wconf 78' lang='grc' dir='ltr'><strong>τὴν</strong></span> <span class='ocrx_word' id='word_1_474' title='bbox 1650 3593 1805 3663; x_wconf 84' lang='grc' dir='ltr'><strong>δίκην</strong></span> 
     </span>
    </p>
   </div>
   <div class='ocr_carea' id='block_1_68' title="bbox 208 3694 811 3763">
    <p class='ocr_par' dir='ltr' id='par_1_68' title="bbox 208 3694 811 3763">
     <span class='ocr_line' id='line_1_68' title="bbox 208 3694 811 3763; baseline -0.002 -15"><span class='ocrx_word' id='word_1_475' title='bbox 208 3696 522 3761; x_wconf 67' lang='grc' dir='ltr'><strong>ἐπάγουσιν</strong></span> <span class='ocrx_word' id='word_1_476' title='bbox 548 3694 811 3763; x_wconf 78' lang='grc' dir='ltr'><strong>ἄφυκτον.</strong></span> 
     </span>
    </p>
   </div>
   <div class='ocr_carea' id='block_1_69' title="bbox 745 3785 1212 3840">
    <p class='ocr_par' dir='ltr' id='par_1_69' title="bbox 745 3785 1212 3840">
     <span class='ocr_line' id='line_1_69' title="bbox 745 3785 1212 3840; baseline -0.006 1"><span class='ocrx_word' id='word_1_477' title='bbox 745 3785 1212 3840; x_wconf 77' lang='grc' dir='ltr'><strong>ΑΝΤΙΡΡΗΣΙΣ.</strong></span> 
     </span>
    </p>
   </div>
   <div class='ocr_carea' id='block_1_70' title="bbox 283 3870 1805 3946">
    <p class='ocr_par' dir='ltr' id='par_1_70' title="bbox 283 3870 1805 3946">
     <span class='ocr_line' id='line_1_70' title="bbox 283 3870 1805 3946; baseline -0.007 -13"><span class='ocrx_word' id='word_1_478' title='bbox 283 3881 439 3946; x_wconf 68' lang='lat' dir='ltr'><strong>KG’.</strong></span> <span class='ocrx_word' id='word_1_479' title='bbox 497 3876 642 3931; x_wconf 82' lang='grc' dir='ltr'><strong>Πολύ</strong></span> <span class='ocrx_word' id='word_1_480' title='bbox 678 3894 761 3930; x_wconf 91' lang='grc' dir='ltr'><strong>σοι</strong></span> <span class='ocrx_word' id='word_1_481' title='bbox 784 3878 849 3928; x_wconf 83' lang='grc' dir='ltr'><strong>τὸ</strong></span> <span class='ocrx_word' id='word_1_482' title='bbox 880 3875 1014 3945; x_wconf 75' lang='grc' dir='ltr'><strong>περὶ</strong></span> <span class='ocrx_word' id='word_1_483' title='bbox 1036 3875 1135 3937; x_wconf 77' lang='grc' dir='ltr'><strong>τὰς</strong></span> <span class='ocrx_word' id='word_1_484' title='bbox 1189 3872 1489 3944; x_wconf 81' lang='grc' dir='ltr'><strong>προτάσεις</strong></span> <span class='ocrx_word' id='word_1_485' title='bbox 1518 3872 1595 3943; x_wconf 87' lang='grc' dir='ltr'><strong>(Ι)</strong></span> <span class='ocrx_word' id='word_1_486' title='bbox 1650 3870 1805 3924; x_wconf 78' lang='grc' dir='ltr'><strong>ἔντε-</strong></span> 
     </span>
    </p>
   </div>
   <div class='ocr_carea' id='block_1_71' title="bbox 211 3964 1809 4042">
    <p class='ocr_par' dir='ltr' id='par_1_71' title="bbox 211 3964 1809 4042">
     <span class='ocr_line' id='line_1_71' title="bbox 211 3964 1809 4042; baseline -0.006 -19"><span class='ocrx_word' id='word_1_487' title='bbox 211 3990 345 4042; x_wconf 83' lang='grc' dir='ltr'><strong>χνον</strong></span> <span class='ocrx_word' id='word_1_488' title='bbox 366 3971 461 4025; x_wconf 71' lang='grc' dir='ltr'><strong>καὶ</strong></span> <span class='ocrx_word' id='word_1_489' title='bbox 494 3970 810 4040; x_wconf 84' lang='grc' dir='ltr'><strong>περίεργον.</strong></span> <span class='ocrx_word' id='word_1_490' title='bbox 843 3966 979 4021; x_wconf 80' lang='grc' dir='ltr'><strong>Ἰδοὺ</strong></span> <span class='ocrx_word' id='word_1_491' title='bbox 1001 3968 1111 4036; x_wconf 75' lang='grc' dir='ltr'><strong>γὰρ</strong></span> <span class='ocrx_word' id='word_1_492' title='bbox 1133 3966 1225 4019; x_wconf 85' lang='grc' dir='ltr'><strong>τὸν</strong></span> <span class='ocrx_word' id='word_1_493' title='bbox 1247 3965 1376 4018; x_wconf 81' lang='grc' dir='ltr'><strong>Υἰὸν</strong></span> <span class='ocrx_word' id='word_1_494' title='bbox 1396 3967 1460 4017; x_wconf 80' lang='grc' dir='ltr'><strong>ὲκ</strong></span> <span class='ocrx_word' id='word_1_495' title='bbox 1483 3965 1577 4017; x_wconf 88' lang='grc' dir='ltr'><strong>τοῦ</strong></span> <span class='ocrx_word' id='word_1_496' title='bbox 1598 3964 1809 4033; x_wconf 82' lang='grc' dir='ltr'><strong>Πατρδς</strong></span> 
     </span>
    </p>
   </div>
   <div class='ocr_carea' id='block_1_72' title="bbox 212 4055 1812 4132">
    <p class='ocr_par' dir='ltr' id='par_1_72' title="bbox 212 4055 1812 4132">
     <span class='ocr_line' id='line_1_72' title="bbox 212 4055 1812 4132; baseline -0.006 -16"><span class='ocrx_word' id='word_1_497' title='bbox 212 4064 399 4130; x_wconf 80' lang='grc' dir='ltr'><strong>λέγων</strong></span> <span class='ocrx_word' id='word_1_498' title='bbox 449 4063 550 4132; x_wconf 79' lang='grc' dir='ltr'><strong>οὐχ</strong></span> <span class='ocrx_word' id='word_1_499' title='bbox 601 4062 718 4130; x_wconf 76' lang='grc' dir='ltr'><strong>ἃμα</strong></span> <span class='ocrx_word' id='word_1_500' title='bbox 780 4058 898 4128; x_wconf 85' lang='grc' dir='ltr'>Υίῷ</span> <span class='ocrx_word' id='word_1_501' title='bbox 949 4058 1048 4112; x_wconf 81' lang='grc' dir='ltr'><strong>καὶ</strong></span> <span class='ocrx_word' id='word_1_502' title='bbox 1085 4060 1186 4128; x_wconf 81' lang='grc' dir='ltr'><strong>τὴν</strong></span> <span class='ocrx_word' id='word_1_503' title='bbox 1242 4056 1312 4109; x_wconf 81' lang='grc' dir='ltr'><strong>δι’</strong></span> <span class='ocrx_word' id='word_1_504' title='bbox 1370 4056 1537 4110; x_wconf 84' lang='grc' dir='ltr'><strong>αὐτοῦ</strong></span> <span class='ocrx_word' id='word_1_505' title='bbox 1578 4055 1812 4118; x_wconf 83' lang='grc' dir='ltr'><strong>πρόοδον</strong></span> 
     </span>
    </p>
   </div>
   <div class='ocr_carea' id='block_1_73' title="bbox 214 4145 1814 4221">
    <p class='ocr_par' dir='ltr' id='par_1_73' title="bbox 214 4145 1814 4221">
     <span class='ocr_line' id='line_1_73' title="bbox 214 4145 1814 4221; baseline -0.005 -15"><span class='ocrx_word' id='word_1_506' title='bbox 214 4156 286 4206; x_wconf 71' lang='grc' dir='ltr'><strong>ὲκ</strong></span> <span class='ocrx_word' id='word_1_507' title='bbox 334 4152 552 4221; x_wconf 82' lang='grc' dir='ltr'><strong>Πατρὸς</strong></span> <span class='ocrx_word' id='word_1_508' title='bbox 586 4150 768 4219; x_wconf 72' lang='grc' dir='ltr'><strong>λέγεις</strong></span> <span class='ocrx_word' id='word_1_509' title='bbox 817 4148 916 4202; x_wconf 90' lang='grc' dir='ltr'><strong>τοῦ</strong></span> <span class='ocrx_word' id='word_1_510' title='bbox 955 4147 1276 4218; x_wconf 82' lang='grc' dir='ltr'><strong>Πνεῦματος</strong></span> <span class='ocrx_word' id='word_1_511' title='bbox 1307 4187 1322 4211; x_wconf 87' lang='grc'><em>,</em></span> <span class='ocrx_word' id='word_1_512' title='bbox 1370 4146 1498 4199; x_wconf 81' lang='grc' dir='ltr'><strong>ἀλλ’</strong></span> <span class='ocrx_word' id='word_1_513' title='bbox 1545 4145 1621 4208; x_wconf 86' lang='grc' dir='ltr'><strong>ὦς</strong></span> <span class='ocrx_word' id='word_1_514' title='bbox 1668 4162 1814 4207; x_wconf 87' lang='grc' dir='ltr'><strong>τινος</strong></span> 
     </span>
    </p>
   </div>
   <div class='ocr_carea' id='block_1_74' title="bbox 218 4239 1821 4320">
    <p class='ocr_par' dir='ltr' id='par_1_74' title="bbox 218 4239 1821 4320">
     <span class='ocr_line' id='line_1_74' title="bbox 218 4239 1821 4320; baseline -0.007 -20"><span class='ocrx_word' id='word_1_515' title='bbox 218 4247 429 4320; x_wconf 75' lang='grc' dir='ltr'><strong>χρόνου</strong></span> <span class='ocrx_word' id='word_1_516' title='bbox 463 4240 550 4316; x_wconf 58' lang='grc' dir='ltr'><strong>’τῇ</strong></span> <span class='ocrx_word' id='word_1_517' title='bbox 589 4243 825 4313; x_wconf 78' lang='grc' dir='ltr'><strong>ὑπάρξει</strong></span> <span class='ocrx_word' id='word_1_518' title='bbox 852 4242 948 4297; x_wconf 88' lang='grc' dir='ltr'><strong>τοῦ</strong></span> <span class='ocrx_word' id='word_1_519' title='bbox 976 4240 1106 4294; x_wconf 86' lang='grc' dir='ltr'><strong>Υἰοῦ</strong></span> <span class='ocrx_word' id='word_1_520' title='bbox 1151 4241 1245 4293; x_wconf 76' lang='grc' dir='ltr'><strong>καὶ</strong></span> <span class='ocrx_word' id='word_1_521' title='bbox 1297 4239 1623 4309; x_wconf 84' lang='grc' dir='ltr'><strong>Πνεύματος</strong></span> <span class='ocrx_word' id='word_1_522' title='bbox 1660 4254 1821 4306; x_wconf 75' lang='grc' dir='ltr'><strong>μεσιιο</strong></span> 
     </span>
    </p>
   </div>
   <div class='ocr_carea' id='block_1_75' title="bbox 218 4329 1819 4406">
    <p class='ocr_par' dir='ltr' id='par_1_75' title="bbox 218 4329 1819 4406">
     <span class='ocr_line' id='line_1_75' title="bbox 218 4329 1819 4406; baseline -0.009 -13"><span class='ocrx_word' id='word_1_523' title='bbox 218 4340 482 4400; x_wconf 74' lang='grc' dir='ltr'><strong>τεὺοντος</strong></span> <span class='ocrx_word' id='word_1_524' title='bbox 514 4354 529 4368; x_wconf 88' lang='grc'><strong>·</strong></span> <span class='ocrx_word' id='word_1_525' title='bbox 585 4336 676 4389; x_wconf 76' lang='grc' dir='ltr'><strong>τὸν</strong></span> <span class='ocrx_word' id='word_1_526' title='bbox 706 4337 803 4406; x_wconf 83' lang='grc' dir='ltr'><strong>μὲν</strong></span> <span class='ocrx_word' id='word_1_527' title='bbox 834 4335 963 4387; x_wconf 72' lang='grc' dir='ltr'><strong>Υἰὸν</strong></span> <span class='ocrx_word' id='word_1_528' title='bbox 992 4335 1056 4386; x_wconf 79' lang='grc' dir='ltr'><strong>ὲκ</strong></span> <span class='ocrx_word' id='word_1_529' title='bbox 1080 4332 1176 4385; x_wconf 89' lang='grc' dir='ltr'><strong>τοῦ</strong></span> <span class='ocrx_word' id='word_1_530' title='bbox 1210 4332 1427 4399; x_wconf 72' lang='grc' dir='ltr'><strong>[ἰατρὸς</strong></span> <span class='ocrx_word' id='word_1_531' title='bbox 1480 4329 1662 4398; x_wconf 77' lang='grc' dir='ltr'><strong>λέγεις</strong></span> <span class='ocrx_word' id='word_1_532' title='bbox 1723 4331 1819 4381; x_wconf 75' lang='grc' dir='ltr'><strong>καὶ</strong></span> 
     </span>
    </p>
   </div>
   <div class='ocr_carea' id='block_1_76' title="bbox 222 4418 1816 4496">
    <p class='ocr_par' dir='ltr' id='par_1_76' title="bbox 222 4418 1816 4496">
     <span class='ocr_line' id='line_1_76' title="bbox 222 4418 1816 4496; baseline -0.009 -11"><span class='ocrx_word' id='word_1_533' title='bbox 222 4430 429 4495; x_wconf 74' lang='grc' dir='ltr'><strong>στὶζων</strong></span> <span class='ocrx_word' id='word_1_534' title='bbox 447 4426 681 4482; x_wconf 74' lang='grc' dir='ltr'><strong>ἐνταῦθα</strong></span> <span class='ocrx_word' id='word_1_535' title='bbox 704 4427 987 4496; x_wconf 69' lang='grc' dir='ltr'><strong>ὲπιφέρει;</strong></span> <span class='ocrx_word' id='word_1_536' title='bbox 1006 4441 1021 4455; x_wconf 77' lang='grc' dir='ltr'><strong><em>ο</em></strong></span> <span class='ocrx_word' id='word_1_537' title='bbox 1039 4423 1098 4477; x_wconf 81' lang='grc' dir='ltr'><strong>τὸ</strong></span> <span class='ocrx_word' id='word_1_538' title='bbox 1117 4424 1173 4476; x_wconf 85' lang='grc' dir='ltr'><strong>δὲ</strong></span> <span class='ocrx_word' id='word_1_539' title='bbox 1201 4422 1427 4491; x_wconf 87' lang='grc' dir='ltr'><strong>Πνεῦμα</strong></span> <span class='ocrx_word' id='word_1_540' title='bbox 1444 4424 1507 4473; x_wconf 75' lang='grc' dir='ltr'>ἐκ</span> <span class='ocrx_word' id='word_1_541' title='bbox 1537 4421 1628 4472; x_wconf 89' lang='grc' dir='ltr'><strong>τοῦ</strong></span> <span class='ocrx_word' id='word_1_542' title='bbox 1660 4418 1816 4481; x_wconf 83' lang='grc' dir='ltr'><strong>Υἱοῦ,</strong></span> 
     </span>
    </p>
   </div>
   <div class='ocr_carea' id='block_1_77' title="bbox 222 4513 1817 4591">
    <p class='ocr_par' dir='ltr' id='par_1_77' title="bbox 222 4513 1817 4591">
     <span class='ocr_line' id='line_1_77' title="bbox 222 4513 1817 4591; baseline -0.009 -14"><span class='ocrx_word' id='word_1_543' title='bbox 222 4525 303 4587; x_wconf 78' lang='grc' dir='ltr'><strong>ὡς</strong></span> <span class='ocrx_word' id='word_1_544' title='bbox 372 4523 433 4589; x_wconf 74' lang='grc' dir='ltr'><strong>ἐξ</strong></span> <span class='ocrx_word' id='word_1_545' title='bbox 466 4521 637 4591; x_wconf 75' lang='grc' dir='ltr'><strong>ἄλλης</strong></span> <span class='ocrx_word' id='word_1_546' title='bbox 684 4521 828 4589; x_wconf 82' lang='grc' dir='ltr'><strong>τάχα</strong></span> <span class='ocrx_word' id='word_1_547' title='bbox 882 4517 1085 4589; x_wconf 78' lang='grc' dir='ltr'><strong>ἀρχῆς,</strong></span> <span class='ocrx_word' id='word_1_548' title='bbox 1129 4518 1216 4569; x_wconf 82' lang='grc' dir='ltr'><strong>ἵνα</strong></span> <span class='ocrx_word' id='word_1_549' title='bbox 1264 4532 1347 4566; x_wconf 87' lang='grc' dir='ltr'><strong>σοι</strong></span> <span class='ocrx_word' id='word_1_550' title='bbox 1410 4515 1437 4566; x_wconf 82' lang='grc' dir='ltr'>ὁ</span> <span class='ocrx_word' id='word_1_551' title='bbox 1497 4513 1817 4582; x_wconf 80' lang='grc' dir='ltr'><strong>πεπλασμέ-</strong></span> 
     </span>
    </p>
   </div>
   <div class='ocr_carea' id='block_1_78' title="bbox 228 4612 984 4683">
    <p class='ocr_par' dir='ltr' id='par_1_78' title="bbox 228 4612 984 4683">
     <span class='ocr_line' id='line_1_78' title="bbox 228 4612 984 4683; baseline -0.008 -15"><span class='ocrx_word' id='word_1_552' title='bbox 228 4633 326 4679; x_wconf 84' lang='grc' dir='ltr'><strong>νος</strong></span> <span class='ocrx_word' id='word_1_553' title='bbox 383 4612 683 4683; x_wconf 82' lang='grc' dir='ltr'><strong>γεννηθείη</strong></span> <span class='ocrx_word' id='word_1_554' title='bbox 768 4612 984 4672; x_wconf 82' lang='grc' dir='ltr'><strong>υἱωνός.</strong></span> 
     </span>
    </p>
   </div>
   <div class='ocr_carea' id='block_1_79' title="bbox 225 4697 1821 4779">
    <p class='ocr_par' dir='ltr' id='par_1_79' title="bbox 225 4697 1821 4779">
     <span class='ocr_line' id='line_1_79' title="bbox 225 4697 1821 4779; baseline -0.011 -16"><span class='ocrx_word' id='word_1_555' title='bbox 225 4710 390 4779; x_wconf 73' lang='grc' dir='ltr'><strong>παρὰ</strong></span> <span class='ocrx_word' id='word_1_556' title='bbox 438 4706 501 4758; x_wconf 69' lang='grc' dir='ltr'><strong>τὸ</strong></span> <span class='ocrx_word' id='word_1_557' title='bbox 547 4702 777 4771; x_wconf 72' lang='grc' dir='ltr'><strong>Πνεῦμα</strong></span> <span class='ocrx_word' id='word_1_558' title='bbox 836 4704 901 4755; x_wconf 79' lang='grc' dir='ltr'><strong>ὲκ</strong></span> <span class='ocrx_word' id='word_1_559' title='bbox 941 4699 1037 4753; x_wconf 90' lang='grc' dir='ltr'><strong>τοῦ</strong></span> <span class='ocrx_word' id='word_1_560' title='bbox 1101 4699 1315 4770; x_wconf 83' lang='grc' dir='ltr'><strong>Πατρός</strong></span> <span class='ocrx_word' id='word_1_561' title='bbox 1372 4701 1544 4757; x_wconf 72' lang='grc' dir='ltr'><strong>ἐστίν,</strong></span> <span class='ocrx_word' id='word_1_562' title='bbox 1586 4697 1711 4749; x_wconf 85' lang='grc' dir='ltr'><strong>οῦτε</strong></span> <span class='ocrx_word' id='word_1_563' title='bbox 1762 4700 1821 4748; x_wconf 62' lang='grc' dir='ltr'><strong>τὸ</strong></span> 
     </span>
    </p>
   </div>
   <div class='ocr_carea' id='block_1_80' title="bbox 229 4789 1826 4868">
    <p class='ocr_par' dir='ltr' id='par_1_80' title="bbox 229 4789 1826 4868">
     <span class='ocr_line' id='line_1_80' title="bbox 229 4789 1826 4868; baseline -0.007 -14"><span class='ocrx_word' id='word_1_564' title='bbox 229 4800 464 4868; x_wconf 87' lang='grc' dir='ltr'><strong>Πνεῦμα</strong></span> <span class='ocrx_word' id='word_1_565' title='bbox 495 4802 559 4850; x_wconf 77' lang='grc' dir='ltr'><strong>ἐκ</strong></span> <span class='ocrx_word' id='word_1_566' title='bbox 597 4796 691 4849; x_wconf 92' lang='grc' dir='ltr'><strong>τοῦ</strong></span> <span class='ocrx_word' id='word_1_567' title='bbox 721 4795 851 4847; x_wconf 87' lang='grc' dir='ltr'><strong>Υἱοῦ</strong></span> <span class='ocrx_word' id='word_1_568' title='bbox 884 4794 959 4856; x_wconf 88' lang='grc' dir='ltr'><strong>ὠς</strong></span> <span class='ocrx_word' id='word_1_569' title='bbox 992 4794 1052 4857; x_wconf 72' lang='grc' dir='ltr'>ἐξ</span> <span class='ocrx_word' id='word_1_570' title='bbox 1073 4791 1260 4862; x_wconf 75' lang='grc' dir='ltr'><strong>ιάλλης</strong></span> <span class='ocrx_word' id='word_1_571' title='bbox 1296 4791 1451 4860; x_wconf 80' lang='grc' dir='ltr'><strong>παρὰ</strong></span> <span class='ocrx_word' id='word_1_572' title='bbox 1482 4791 1573 4842; x_wconf 82' lang='grc' dir='ltr'><strong>τὸν</strong></span> <span class='ocrx_word' id='word_1_573' title='bbox 1602 4789 1826 4860; x_wconf 83' lang='grc' dir='ltr'><strong>Πατέρα</strong></span> 
     </span>
    </p>
   </div>
   <div class='ocr_carea' id='block_1_81' title="bbox 230 4882 1825 4965">
    <p class='ocr_par' dir='ltr' id='par_1_81' title="bbox 230 4882 1825 4965">
     <span class='ocr_line' id='line_1_81' title="bbox 230 4882 1825 4965; baseline -0.01 -16"><span class='ocrx_word' id='word_1_574' title='bbox 230 4894 416 4965; x_wconf 78' lang='grc' dir='ltr'><strong>ἀρχῆς</strong></span> <span class='ocrx_word' id='word_1_575' title='bbox 445 4893 583 4955; x_wconf 71' lang='grc' dir='ltr'><strong>ἐστι,</strong></span> <span class='ocrx_word' id='word_1_576' title='bbox 626 4890 720 4941; x_wconf 78' lang='grc' dir='ltr'><strong>καὶ</strong></span> <span class='ocrx_word' id='word_1_577' title='bbox 751 4887 839 4940; x_wconf 70' lang='grc' dir='ltr'><strong>διὰ</strong></span> <span class='ocrx_word' id='word_1_578' title='bbox 868 4885 1030 4939; x_wconf 83' lang='grc' dir='ltr'><strong>τοῦτο</strong></span> <span class='ocrx_word' id='word_1_579' title='bbox 1061 4884 1183 4936; x_wconf 78' lang='grc' dir='ltr'><strong>οὐδὲ</strong></span> <span class='ocrx_word' id='word_1_580' title='bbox 1220 4884 1249 4935; x_wconf 83' lang='grc' dir='ltr'><strong>ὁ</strong></span> <span class='ocrx_word' id='word_1_581' title='bbox 1310 4882 1701 4951; x_wconf 78' lang='grc' dir='ltr'><strong>πεπλασμένος</strong></span> <span class='ocrx_word' id='word_1_582' title='bbox 1742 4899 1825 4934; x_wconf 91' lang='grc' dir='ltr'><strong>σοι</strong></span> 
     </span>
    </p>
   </div>
   <div class='ocr_carea' id='block_1_82' title="bbox 231 4975 1827 5055">
    <p class='ocr_par' dir='ltr' id='par_1_82' title="bbox 231 4975 1827 5055">
     <span class='ocr_line' id='line_1_82' title="bbox 231 4975 1827 5055; baseline -0.009 -17"><span class='ocrx_word' id='word_1_583' title='bbox 231 4987 570 5055; x_wconf 78' lang='grc' dir='ltr'><strong>γεγέννηται</strong></span> <span class='ocrx_word' id='word_1_584' title='bbox 601 4981 819 5044; x_wconf 73' lang='grc' dir='ltr'><strong>υἱωνὸς.</strong></span> <span class='ocrx_word' id='word_1_585' title='bbox 843 4978 1005 5041; x_wconf 85' lang='grc' dir='ltr'><strong>Ἰδοις</strong></span> <span class='ocrx_word' id='word_1_586' title='bbox 1034 4977 1077 5029; x_wconf 77' lang='grc' dir='ltr'><strong>δ’</strong></span> <span class='ocrx_word' id='word_1_587' title='bbox 1110 4976 1176 5029; x_wconf 86' lang='grc' dir='ltr'><strong>ἂν</strong></span> <span class='ocrx_word' id='word_1_588' title='bbox 1206 4975 1508 5028; x_wconf 80' lang='grc' dir='ltr'><strong>κάντεῦθεν</strong></span> <span class='ocrx_word' id='word_1_589' title='bbox 1536 4978 1637 5044; x_wconf 77' lang='grc' dir='ltr'><strong>τὴν</strong></span> <span class='ocrx_word' id='word_1_590' title='bbox 1662 4976 1827 5043; x_wconf 73' lang='grc' dir='ltr'><strong>ὑπερο</strong></span> 
     </span>
    </p>
   </div>
   <div class='ocr_carea' id='block_1_83' title="bbox 234 5066 1829 5147">
    <p class='ocr_par' dir='ltr' id='par_1_83' title="bbox 234 5066 1829 5147">
     <span class='ocr_line' id='line_1_83' title="bbox 234 5066 1829 5147; baseline -0.014 -16"><span class='ocrx_word' id='word_1_591' title='bbox 234 5078 406 5147; x_wconf 71' lang='grc' dir='ltr'><strong>ϐολήν</strong></span> <span class='ocrx_word' id='word_1_592' title='bbox 443 5092 542 5146; x_wconf 87' lang='grc' dir='ltr'><strong>της</strong></span> <span class='ocrx_word' id='word_1_593' title='bbox 578 5072 856 5141; x_wconf 73' lang='grc' dir='ltr'><strong>διαϐολῆς.</strong></span> <span class='ocrx_word' id='word_1_594' title='bbox 904 5070 978 5124; x_wconf 81' lang='grc' dir='ltr'>Σὺ</span> <span class='ocrx_word' id='word_1_595' title='bbox 1006 5068 1110 5139; x_wconf 78' lang='grc' dir='ltr'><strong>μὲν</strong></span> <span class='ocrx_word' id='word_1_596' title='bbox 1144 5066 1536 5138; x_wconf 82' lang='grc' dir='ltr'><strong>προσεχὲς’τοῦ</strong></span> <span class='ocrx_word' id='word_1_597' title='bbox 1570 5067 1829 5134; x_wconf 75' lang='grc' dir='ltr'><strong>Πνεῦμα-</strong></span> 
     </span>
    </p>
   </div>
   <div class='ocr_carea' id='block_1_84' title="bbox 234 5159 1829 5233">
    <p class='ocr_par' dir='ltr' id='par_1_84' title="bbox 234 5159 1829 5233">
     <span class='ocr_line' id='line_1_84' title="bbox 234 5159 1829 5233; baseline -0.008 -10"><span class='ocrx_word' id='word_1_598' title='bbox 234 5185 330 5232; x_wconf 86' lang='grc' dir='ltr'><strong>τος</strong></span> <span class='ocrx_word' id='word_1_599' title='bbox 367 5168 546 5221; x_wconf 79' lang='grc' dir='ltr'><strong>αἰτιον</strong></span> <span class='ocrx_word' id='word_1_600' title='bbox 572 5164 766 5233; x_wconf 83' lang='grc' dir='ltr'><strong>ὥσπερ</strong></span> <span class='ocrx_word' id='word_1_601' title='bbox 789 5163 886 5216; x_wconf 81' lang='grc' dir='ltr'><strong>καὶ</strong></span> <span class='ocrx_word' id='word_1_602' title='bbox 911 5161 1010 5214; x_wconf 89' lang='grc' dir='ltr'><strong>τοῦ</strong></span> <span class='ocrx_word' id='word_1_603' title='bbox 1065 5160 1197 5213; x_wconf 77' lang='grc' dir='ltr'><strong>ἰ’ίοῦ</strong></span> <span class='ocrx_word' id='word_1_604' title='bbox 1230 5161 1326 5211; x_wconf 79' lang='grc' dir='ltr'><strong>τὸν</strong></span> <span class='ocrx_word' id='word_1_605' title='bbox 1379 5159 1604 5227; x_wconf 69' lang='grc' dir='ltr'><strong>Πατέρα</strong></span> <span class='ocrx_word' id='word_1_606' title='bbox 1650 5160 1829 5227; x_wconf 73' lang='grc' dir='ltr'><strong>λέγων</strong></span> 
     </span>
    </p>
   </div>
   <div class='ocr_carea' id='block_1_85' title="bbox 236 5250 1831 5329">
    <p class='ocr_par' dir='ltr' id='par_1_85' title="bbox 236 5250 1831 5329">
     <span class='ocr_line' id='line_1_85' title="bbox 236 5250 1831 5329; baseline -0.007 -13"><span class='ocrx_word' id='word_1_607' title='bbox 236 5263 338 5315; x_wconf 72' lang='grc' dir='ltr'><strong>καὶ</strong></span> <span class='ocrx_word' id='word_1_608' title='bbox 366 5260 595 5329; x_wconf 78' lang='grc' dir='ltr'><strong>ἁμέσως</strong></span> <span class='ocrx_word' id='word_1_609' title='bbox 626 5258 693 5309; x_wconf 83' lang='grc' dir='ltr'><strong>ὲκ</strong></span> <span class='ocrx_word' id='word_1_610' title='bbox 722 5255 819 5308; x_wconf 88' lang='grc' dir='ltr'><strong>τοῦ</strong></span> <span class='ocrx_word' id='word_1_611' title='bbox 880 5253 1101 5321; x_wconf 85' lang='grc' dir='ltr'><strong>Πατρὸς</strong></span> <span class='ocrx_word' id='word_1_612' title='bbox 1123 5254 1225 5323; x_wconf 80' lang='grc' dir='ltr'><strong>τὴν</strong></span> <span class='ocrx_word' id='word_1_613' title='bbox 1250 5251 1346 5304; x_wconf 89' lang='grc' dir='ltr'><strong>τοῦ</strong></span> <span class='ocrx_word' id='word_1_614' title='bbox 1386 5250 1710 5319; x_wconf 85' lang='grc' dir='ltr'><strong>Ιινεύματος</strong></span> <span class='ocrx_word' id='word_1_615' title='bbox 1742 5252 1831 5305; x_wconf 87' lang='grc' dir='ltr'><strong>δο-</strong></span> 
     </span>
    </p>
   </div>
   <div class='ocr_carea' id='block_1_86' title="bbox 238 5343 1834 5420">
    <p class='ocr_par' dir='ltr' id='par_1_86' title="bbox 238 5343 1834 5420">
     <span class='ocr_line' id='line_1_86' title="bbox 238 5343 1834 5420; baseline -0.008 -12"><span class='ocrx_word' id='word_1_616' title='bbox 238 5354 426 5419; x_wconf 74' lang='grc' dir='ltr'><strong>ξάζων</strong></span> <span class='ocrx_word' id='word_1_617' title='bbox 458 5350 809 5420; x_wconf 77' lang='grc' dir='ltr'><strong>ἐκπόρευσιν,</strong></span> <span class='ocrx_word' id='word_1_618' title='bbox 836 5346 1098 5402; x_wconf 77' lang='grc' dir='ltr'><strong>ἀσέϐειαν</strong></span> <span class='ocrx_word' id='word_1_619' title='bbox 1131 5362 1192 5398; x_wconf 87' lang='grc' dir='ltr'><strong>τε</strong></span> <span class='ocrx_word' id='word_1_620' title='bbox 1219 5344 1328 5397; x_wconf 82' lang='grc' dir='ltr'><strong>τῶν</strong></span> <span class='ocrx_word' id='word_1_621' title='bbox 1372 5343 1670 5413; x_wconf 73' lang='grc' dir='ltr'><strong>Ῥωμαίων</strong></span> <span class='ocrx_word' id='word_1_622' title='bbox 1700 5361 1834 5398; x_wconf 85' lang='grc' dir='ltr'><strong>κατ-</strong></span> 
     </span>
    </p>
   </div>
   <div class='ocr_carea' id='block_1_87' title="bbox 238 5432 1833 5516">
    <p class='ocr_par' dir='ltr' id='par_1_87' title="bbox 238 5432 1833 5516">
     <span class='ocr_line' id='line_1_87' title="bbox 238 5432 1833 5516; baseline -0.007 -18"><span class='ocrx_word' id='word_1_623' title='bbox 238 5447 473 5516; x_wconf 77' lang='grc' dir='ltr'><strong>ηγορεῖς</strong></span> <span class='ocrx_word' id='word_1_624' title='bbox 521 5446 633 5495; x_wconf 72' lang='grc' dir='ltr'><strong>κὰκ</strong></span> <span class='ocrx_word' id='word_1_625' title='bbox 697 5440 794 5493; x_wconf 90' lang='grc' dir='ltr'><strong>τοῦ</strong></span> <span class='ocrx_word' id='word_1_626' title='bbox 833 5439 964 5493; x_wconf 78' lang='grc' dir='ltr'><strong>Υίοῦ</strong></span> <span class='ocrx_word' id='word_1_627' title='bbox 995 5432 1269 5505; x_wconf 80' lang='grc' dir='ltr'><strong>λεγὸντων</strong></span> <span class='ocrx_word' id='word_1_628' title='bbox 1327 5438 1387 5490; x_wconf 79' lang='grc' dir='ltr'><strong>τὸ</strong></span> <span class='ocrx_word' id='word_1_629' title='bbox 1425 5438 1672 5504; x_wconf 73' lang='grc' dir='ltr'><strong>Πνεῦμα,</strong></span> <span class='ocrx_word' id='word_1_630' title='bbox 1738 5439 1833 5489; x_wconf 81' lang='grc' dir='ltr'><strong>καὶ</strong></span> 
     </span>
    </p>
   </div>
   <div class='ocr_carea' id='block_1_88' title="bbox 242 5526 1835 5610">
    <p class='ocr_par' dir='ltr' id='par_1_88' title="bbox 242 5526 1835 5610">
     <span class='ocr_line' id='line_1_88' title="bbox 242 5526 1835 5610; baseline -0.006 -19"><span class='ocrx_word' id='word_1_631' title='bbox 242 5540 439 5610; x_wconf 68' lang='grc' dir='ltr'><strong>πόρρω</strong></span> <span class='ocrx_word' id='word_1_632' title='bbox 468 5538 563 5587; x_wconf 74' lang='grc' dir='ltr'><strong>καὶ</strong></span> <span class='ocrx_word' id='word_1_633' title='bbox 593 5533 858 5604; x_wconf 81' lang='grc' dir='ltr'><strong>προσεχὲς</strong></span> <span class='ocrx_word' id='word_1_634' title='bbox 889 5532 1063 5583; x_wconf 74' lang='grc' dir='ltr'><strong>αἴτιον</strong></span> <span class='ocrx_word' id='word_1_635' title='bbox 1099 5526 1242 5582; x_wconf 77' lang='grc' dir='ltr'><strong>εἶναι</strong></span> <span class='ocrx_word' id='word_1_636' title='bbox 1264 5530 1359 5581; x_wconf 83' lang='grc' dir='ltr'><strong>τοῦ</strong></span> <span class='ocrx_word' id='word_1_637' title='bbox 1388 5530 1557 5582; x_wconf 86' lang='grc' dir='ltr'><strong>αὑτοῦ</strong></span> <span class='ocrx_word' id='word_1_638' title='bbox 1594 5532 1687 5581; x_wconf 81' lang='grc' dir='ltr'><strong>τὸν</strong></span> <span class='ocrx_word' id='word_1_639' title='bbox 1720 5532 1835 5582; x_wconf 76' lang='grc' dir='ltr'><strong>[ια-</strong></span> 
     </span>
    </p>
   </div>
   <div class='ocr_carea' id='block_1_89' title="bbox 238 5622 1833 5699">
    <p class='ocr_par' dir='ltr' id='par_1_89' title="bbox 238 5622 1833 5699">
     <span class='ocr_line' id='line_1_89' title="bbox 238 5622 1833 5699; baseline -0.007 -14"><span class='ocrx_word' id='word_1_640' title='bbox 238 5633 381 5699; x_wconf 80' lang='grc' dir='ltr'><strong>τέρα</strong></span> <span class='ocrx_word' id='word_1_641' title='bbox 447 5631 590 5682; x_wconf 74' lang='grc' dir='ltr'><strong>κατὰ</strong></span> <span class='ocrx_word' id='word_1_642' title='bbox 646 5628 850 5694; x_wconf 69' lang='grc' dir='ltr'><strong>πολλὴν</strong></span> <span class='ocrx_word' id='word_1_643' title='bbox 913 5624 1237 5691; x_wconf 74' lang='grc' dir='ltr'><strong>συλλογίζου</strong></span> <span class='ocrx_word' id='word_1_644' title='bbox 1285 5627 1383 5695; x_wconf 76' lang='grc' dir='ltr'><strong>τὴν</strong></span> <span class='ocrx_word' id='word_1_645' title='bbox 1412 5624 1619 5676; x_wconf 76' lang='grc' dir='ltr'><strong>άδείεν.</strong></span> <span class='ocrx_word' id='word_1_646' title='bbox 1682 5622 1739 5675; x_wconf 84' lang='grc' dir='ltr'><strong>Ὀ</strong></span> <span class='ocrx_word' id='word_1_647' title='bbox 1778 5624 1833 5675; x_wconf 78' lang='grc' dir='ltr'><strong>δὲ</strong></span> 
     </span>
    </p>
   </div>
   <div class='ocr_carea' id='block_1_90' title="bbox 242 5716 1838 5792">
    <p class='ocr_par' dir='ltr' id='par_1_90' title="bbox 242 5716 1838 5792">
     <span class='ocr_line' id='line_1_90' title="bbox 242 5716 1838 5792; baseline -0.007 -14"><span class='ocrx_word' id='word_1_648' title='bbox 242 5724 474 5791; x_wconf 51' lang='lat' dir='ltr'><strong>Nudam;</strong></span> <span class='ocrx_word' id='word_1_649' title='bbox 501 5721 805 5792; x_wconf 81' lang='grc' dir='ltr'><strong>Γρηγόριος</strong></span> <span class='ocrx_word' id='word_1_650' title='bbox 851 5720 1023 5787; x_wconf 64' lang='grc' dir='ltr'><strong>ψευδῆ</strong></span> <span class='ocrx_word' id='word_1_651' title='bbox 1056 5719 1154 5787; x_wconf 80' lang='grc' dir='ltr'><strong>τὴν</strong></span> <span class='ocrx_word' id='word_1_652' title='bbox 1190 5717 1289 5789; x_wconf 79' lang='grc' dir='ltr'><strong>σὴν</strong></span> <span class='ocrx_word' id='word_1_653' title='bbox 1322 5718 1674 5773; x_wconf 58' lang='grc' dir='ltr'><strong>ἀποδεικννσι</strong></span> <span class='ocrx_word' id='word_1_654' title='bbox 1703 5716 1838 5785; x_wconf 63' lang='grc' dir='ltr'><strong>πρό-</strong></span> 
     </span>
    </p>
   </div>
   <div class='ocr_carea' id='block_1_91' title="bbox 314 5906 943 5981">
    <p class='ocr_par' dir='ltr' id='par_1_91' title="bbox 314 5906 943 5981">
     <span class='ocr_line' id='line_1_91' title="bbox 314 5906 943 5981; baseline -0.01 -17"><span class='ocrx_word' id='word_1_655' title='bbox 314 5908 394 5981; x_wconf 91' lang='lat' dir='ltr'><strong>(l)</strong></span> <span class='ocrx_word' id='word_1_656' title='bbox 431 5909 595 5963; x_wconf 80' lang='lat' dir='ltr'><strong>Laur.</strong></span> <span class='ocrx_word' id='word_1_657' title='bbox 634 5906 943 5974; x_wconf 82' lang='grc' dir='ltr'><strong>προτὲσεις.</strong></span> 
     </span>
    </p>
   </div>
   <div class='ocr_carea' id='block_1_92' title="bbox 507 5999 1158 6067">
    <p class='ocr_par' dir='ltr' id='par_1_92' title="bbox 507 5999 1158 6067">
     <span class='ocr_line' id='line_1_92' title="bbox 507 5999 1158 6067; baseline -0.008 -1"><span class='ocrx_word' id='word_1_658' title='bbox 507 6006 769 6067; x_wconf 71' lang='lat' dir='ltr'><strong>[‘n‘ttoc.</strong></span> <span class='ocrx_word' id='word_1_659' title='bbox 803 6004 920 6063; x_wconf 79' lang='lat' dir='ltr'><strong>GR.</strong></span> <span class='ocrx_word' id='word_1_660' title='bbox 960 5999 1158 6062; x_wconf 72' lang='lat' dir='ltr'><strong>CXLI.</strong></span> 
     </span>
    </p>
   </div>
   <div class='ocr_carea' id='block_1_93' title="bbox 1908 3306 3496 3383">
    <p class='ocr_par' dir='ltr' id='par_1_93' title="bbox 1908 3306 3496 3383">
     <span class='ocr_line' id='line_1_93' title="bbox 1908 3306 3496 3383; baseline -0.008 -12"><span class='ocrx_word' id='word_1_661' title='bbox 1908 3317 1985 3371; x_wconf 84' lang='lat' dir='ltr'><strong>De</strong></span> <span class='ocrx_word' id='word_1_662' title='bbox 2013 3332 2124 3370; x_wconf 83' lang='lat' dir='ltr'><strong>meo</strong></span> <span class='ocrx_word' id='word_1_663' title='bbox 2168 3314 2415 3383; x_wconf 77' lang='lat' dir='ltr'><strong>accipiet,</strong></span> <span class='ocrx_word' id='word_1_664' title='bbox 2439 3319 2493 3367; x_wconf 88' lang='lat' dir='ltr'><strong>et</strong></span> <span class='ocrx_word' id='word_1_665' title='bbox 2524 3328 2538 3364; x_wconf 86' lang='lat'><strong>:</strong></span> <span class='ocrx_word' id='word_1_666' title='bbox 2572 3309 2722 3363; x_wconf 73' lang='lat' dir='ltr'><strong>Misit</strong></span> <span class='ocrx_word' id='word_1_667' title='bbox 2753 3307 2891 3360; x_wconf 78' lang='lat' dir='ltr'><strong>Deus</strong></span> <span class='ocrx_word' id='word_1_668' title='bbox 2937 3306 3198 3376; x_wconf 76' lang='lat' dir='ltr'><strong>Spiritum</strong></span> <span class='ocrx_word' id='word_1_669' title='bbox 3218 3306 3352 3361; x_wconf 83' lang='lat' dir='ltr'><strong>Filii</strong></span> <span class='ocrx_word' id='word_1_670' title='bbox 3388 3310 3496 3371; x_wconf 71' lang='lat' dir='ltr'><strong>sui,</strong></span> 
     </span>
    </p>
   </div>
   <div class='ocr_carea' id='block_1_94' title="bbox 1908 3395 3473 3468">
    <p class='ocr_par' dir='ltr' id='par_1_94' title="bbox 1908 3395 3473 3468">
     <span class='ocr_line' id='line_1_94' title="bbox 1908 3395 3473 3468; baseline -0.008 -6"><span class='ocrx_word' id='word_1_671' title='bbox 1908 3422 2019 3463; x_wconf 87' lang='lat' dir='ltr'><strong>non</strong></span> <span class='ocrx_word' id='word_1_672' title='bbox 2084 3406 2263 3463; x_wconf 89' lang='lat' dir='ltr'><strong>solum</strong></span> <span class='ocrx_word' id='word_1_673' title='bbox 2330 3403 2541 3457; x_wconf 92' lang='lat' dir='ltr'><strong>nullum</strong></span> <span class='ocrx_word' id='word_1_674' title='bbox 2604 3402 2975 3468; x_wconf 85' lang='lat' dir='ltr'><strong>patrocinium</strong></span> <span class='ocrx_word' id='word_1_675' title='bbox 3050 3400 3315 3453; x_wconf 78' lang='lat' dir='ltr'><strong>exhibent</strong></span> <span class='ocrx_word' id='word_1_676' title='bbox 3354 3395 3473 3450; x_wconf 59' lang='lat' dir='ltr'><strong>blas</strong></span> 
     </span>
    </p>
   </div>
   <div class='ocr_carea' id='block_1_95' title="bbox 1906 3491 3499 3569">
    <p class='ocr_par' dir='ltr' id='par_1_95' title="bbox 1906 3491 3499 3569">
     <span class='ocr_line' id='line_1_95' title="bbox 1906 3491 3499 3569; baseline -0.004 -18"><span class='ocrx_word' id='word_1_677' title='bbox 1906 3501 2118 3569; x_wconf 58' lang='lat' dir='ltr'><strong>pltemge</strong></span> <span class='ocrx_word' id='word_1_678' title='bbox 2151 3506 2255 3552; x_wconf 71' lang='lat' dir='ltr'><strong>tuae</strong></span> <span class='ocrx_word' id='word_1_679' title='bbox 2284 3496 2507 3566; x_wconf 69' lang='lat' dir='ltr'><strong>linguae,</strong></span> <span class='ocrx_word' id='word_1_680' title='bbox 2552 3495 2644 3549; x_wconf 84' lang='lat' dir='ltr'><strong>sed</strong></span> <span class='ocrx_word' id='word_1_681' title='bbox 2713 3498 2899 3563; x_wconf 85' lang='lat' dir='ltr'><strong>potius</strong></span> <span class='ocrx_word' id='word_1_682' title='bbox 2935 3492 3299 3547; x_wconf 84' lang='lat' dir='ltr'><strong>temeritatem</strong></span> <span class='ocrx_word' id='word_1_683' title='bbox 3351 3491 3499 3545; x_wconf 82' lang='lat' dir='ltr'><strong>illius</strong></span> 
     </span>
    </p>
   </div>
   <div class='ocr_carea' id='block_1_96' title="bbox 1910 3583 3500 3658">
    <p class='ocr_par' dir='ltr' id='par_1_96' title="bbox 1910 3583 3500 3658">
     <span class='ocr_line' id='line_1_96' title="bbox 1910 3583 3500 3658; baseline -0.003 -15"><span class='ocrx_word' id='word_1_684' title='bbox 1910 3591 2251 3658; x_wconf 86' lang='lat' dir='ltr'><strong>redarguunt</strong></span> <span class='ocrx_word' id='word_1_685' title='bbox 2279 3588 2489 3657; x_wconf 78' lang='lat' dir='ltr'><strong>tibique</strong></span> <span class='ocrx_word' id='word_1_686' title='bbox 2533 3587 2811 3656; x_wconf 87' lang='lat' dir='ltr'><strong>judicium</strong></span> <span class='ocrx_word' id='word_1_687' title='bbox 2846 3601 2911 3641; x_wconf 90' lang='lat' dir='ltr'><strong>ac</strong></span> <span class='ocrx_word' id='word_1_688' title='bbox 2956 3584 3289 3655; x_wconf 81' lang='lat' dir='ltr'><strong>supplicium</strong></span> <span class='ocrx_word' id='word_1_689' title='bbox 3323 3583 3500 3638; x_wconf 76' lang='lat' dir='ltr'><strong>inevi-</strong></span> 
     </span>
    </p>
   </div>
   <div class='ocr_carea' id='block_1_97' title="bbox 1912 3684 2426 3739">
    <p class='ocr_par' dir='ltr' id='par_1_97' title="bbox 1912 3684 2426 3739">
     <span class='ocr_line' id='line_1_97' title="bbox 1912 3684 2426 3739; baseline 0 -2"><span class='ocrx_word' id='word_1_690' title='bbox 1912 3684 2077 3738; x_wconf 70' lang='lat' dir='ltr'><strong>tabile</strong></span> <span class='ocrx_word' id='word_1_691' title='bbox 2114 3694 2426 3739; x_wconf 86' lang='lat' dir='ltr'><strong>accersunt.</strong></span> 
     </span>
    </p>
   </div>
   <div class='ocr_carea' id='block_1_98' title="bbox 2475 3769 2928 3826">
    <p class='ocr_par' dir='ltr' id='par_1_98' title="bbox 2475 3769 2928 3826">
     <span class='ocr_line' id='line_1_98' title="bbox 2475 3769 2928 3826; baseline -0.002 0"><span class='ocrx_word' id='word_1_692' title='bbox 2475 3769 2928 3826; x_wconf 84' lang='lat' dir='ltr'><strong>REFUTATIO.</strong></span> 
     </span>
    </p>
   </div>
   <div class='ocr_carea' id='block_1_99' title="bbox 1986 3862 3505 3932">
    <p class='ocr_par' dir='ltr' id='par_1_99' title="bbox 1986 3862 3505 3932">
     <span class='ocr_line' id='line_1_99' title="bbox 1986 3862 3505 3932; baseline -0.005 -12"><span class='ocrx_word' id='word_1_693' title='bbox 1986 3865 2178 3922; x_wconf 73' lang='lat' dir='ltr'><strong>XXVI.</strong></span> <span class='ocrx_word' id='word_1_694' title='bbox 2221 3864 2391 3921; x_wconf 77' lang='lat' dir='ltr'><strong>Multa</strong></span> <span class='ocrx_word' id='word_1_695' title='bbox 2426 3866 2724 3920; x_wconf 80' lang='lat' dir='ltr'><strong>artiﬁciose</strong></span> <span class='ocrx_word' id='word_1_696' title='bbox 2766 3875 2821 3918; x_wconf 85' lang='lat' dir='ltr'><strong>et</strong></span> <span class='ocrx_word' id='word_1_697' title='bbox 2868 3864 3088 3919; x_wconf 85' lang='lat' dir='ltr'><strong>curiose</strong></span> <span class='ocrx_word' id='word_1_698' title='bbox 3121 3863 3270 3918; x_wconf 91' lang='lat' dir='ltr'><strong>circa</strong></span> <span class='ocrx_word' id='word_1_699' title='bbox 3302 3862 3505 3932; x_wconf 68' lang='lat' dir='ltr'><strong>princ;-</strong></span> 
     </span>
    </p>
   </div>
   <div class='ocr_carea' id='block_1_100' title="bbox 1915 3956 3503 4028">
    <p class='ocr_par' dir='ltr' id='par_1_100' title="bbox 1915 3956 3503 4028">
     <span class='ocr_line' id='line_1_100' title="bbox 1915 3956 3503 4028; baseline -0.003 -14"><span class='ocrx_word' id='word_1_700' title='bbox 1915 3963 1999 4028; x_wconf 84' lang='lat' dir='ltr'><strong>pia</strong></span> <span class='ocrx_word' id='word_1_701' title='bbox 2036 3961 2264 4017; x_wconf 82' lang='lat' dir='ltr'><strong>astruis.</strong></span> <span class='ocrx_word' id='word_1_702' title='bbox 2298 3961 2438 4015; x_wconf 85' lang='lat' dir='ltr'><strong>Ecce</strong></span> <span class='ocrx_word' id='word_1_703' title='bbox 2484 3958 2631 4012; x_wconf 77' lang='lat' dir='ltr'><strong>enim</strong></span> <span class='ocrx_word' id='word_1_704' title='bbox 2663 3958 2792 4012; x_wconf 92' lang='lat' dir='ltr'><strong>dum</strong></span> <span class='ocrx_word' id='word_1_705' title='bbox 2822 3957 3021 4011; x_wconf 82' lang='lat' dir='ltr'><strong>Filium</strong></span> <span class='ocrx_word' id='word_1_706' title='bbox 3064 3971 3128 4012; x_wconf 80' lang='lat' dir='ltr'><strong>ex</strong></span> <span class='ocrx_word' id='word_1_707' title='bbox 3157 3956 3315 4011; x_wconf 86' lang='lat' dir='ltr'><strong>Patre</strong></span> <span class='ocrx_word' id='word_1_708' title='bbox 3340 3957 3503 4017; x_wconf 85' lang='lat' dir='ltr'><strong>dicis.</strong></span> 
     </span>
    </p>
   </div>
   <div class='ocr_carea' id='block_1_101' title="bbox 1916 4048 3509 4120">
    <p class='ocr_par' dir='ltr' id='par_1_101' title="bbox 1916 4048 3509 4120">
     <span class='ocr_line' id='line_1_101' title="bbox 1916 4048 3509 4120; baseline -0.004 -11"><span class='ocrx_word' id='word_1_709' title='bbox 1916 4070 2025 4109; x_wconf 82' lang='lat' dir='ltr'><strong>nun</strong></span> <span class='ocrx_word' id='word_1_710' title='bbox 2055 4054 2218 4109; x_wconf 75' lang='lat' dir='ltr'><strong>simni</strong></span> <span class='ocrx_word' id='word_1_711' title='bbox 2254 4068 2378 4106; x_wconf 92' lang='lat' dir='ltr'><strong>cum</strong></span> <span class='ocrx_word' id='word_1_712' title='bbox 2417 4050 2556 4104; x_wconf 85' lang='lat' dir='ltr'><strong>Filio</strong></span> <span class='ocrx_word' id='word_1_713' title='bbox 2586 4050 2751 4105; x_wconf 89' lang='lat' dir='ltr'><strong>etiam</strong></span> <span class='ocrx_word' id='word_1_714' title='bbox 2788 4052 3232 4120; x_wconf 78' lang='lat' dir='ltr'><strong>progressionem</strong></span> <span class='ocrx_word' id='word_1_715' title='bbox 3268 4048 3509 4119; x_wconf 83' lang='lat' dir='ltr'><strong>Spiritus</strong></span> 
     </span>
    </p>
   </div>
   <div class='ocr_carea' id='block_1_102' title="bbox 1917 4143 3512 4215">
    <p class='ocr_par' dir='ltr' id='par_1_102' title="bbox 1917 4143 3512 4215">
     <span class='ocr_line' id='line_1_102' title="bbox 1917 4143 3512 4215; baseline -0.005 -13"><span class='ocrx_word' id='word_1_716' title='bbox 1917 4149 2090 4202; x_wconf 87' lang='lat' dir='ltr'><strong>sancti</strong></span> <span class='ocrx_word' id='word_1_717' title='bbox 2121 4161 2186 4200; x_wconf 79' lang='lat' dir='ltr'><strong>ex</strong></span> <span class='ocrx_word' id='word_1_718' title='bbox 2223 4147 2386 4201; x_wconf 86' lang='lat' dir='ltr'><strong>Patre</strong></span> <span class='ocrx_word' id='word_1_719' title='bbox 2419 4160 2512 4215; x_wconf 89' lang='lat' dir='ltr'><strong>per</strong></span> <span class='ocrx_word' id='word_1_720' title='bbox 2542 4143 2745 4198; x_wconf 86' lang='lat' dir='ltr'><strong>Filium</strong></span> <span class='ocrx_word' id='word_1_721' title='bbox 2778 4143 3009 4205; x_wconf 86' lang='lat' dir='ltr'><strong>asseris,</strong></span> <span class='ocrx_word' id='word_1_722' title='bbox 3040 4143 3134 4197; x_wconf 90' lang='lat' dir='ltr'><strong>sed</strong></span> <span class='ocrx_word' id='word_1_723' title='bbox 3170 4144 3328 4214; x_wconf 87' lang='lat' dir='ltr'><strong>quasi</strong></span> <span class='ocrx_word' id='word_1_724' title='bbox 3372 4153 3512 4196; x_wconf 84' lang='lat' dir='ltr'><strong>tem-</strong></span> 
     </span>
    </p>
   </div>
   <div class='ocr_carea' id='block_1_103' title="bbox 1919 4235 3511 4311">
    <p class='ocr_par' dir='ltr' id='par_1_103' title="bbox 1919 4235 3511 4311">
     <span class='ocr_line' id='line_1_103' title="bbox 1919 4235 3511 4311; baseline -0.003 -18"><span class='ocrx_word' id='word_1_725' title='bbox 1919 4257 2022 4311; x_wconf 88' lang='lat' dir='ltr'><strong>pus</strong></span> <span class='ocrx_word' id='word_1_726' title='bbox 2062 4241 2337 4306; x_wconf 88' lang='lat' dir='ltr'><strong>quoddam</strong></span> <span class='ocrx_word' id='word_1_727' title='bbox 2380 4241 2525 4293; x_wconf 89' lang='lat' dir='ltr'><strong>inter</strong></span> <span class='ocrx_word' id='word_1_728' title='bbox 2558 4239 2943 4293; x_wconf 77' lang='lat' dir='ltr'><strong>exsistentiam</strong></span> <span class='ocrx_word' id='word_1_729' title='bbox 2993 4235 3113 4301; x_wconf 75' lang='lat' dir='ltr'><strong>Filii</strong></span> <span class='ocrx_word' id='word_1_730' title='bbox 3152 4253 3216 4291; x_wconf 91' lang='lat' dir='ltr'><strong>ac</strong></span> <span class='ocrx_word' id='word_1_731' title='bbox 3267 4235 3511 4306; x_wconf 83' lang='lat' dir='ltr'><strong>Spiritus</strong></span> 
     </span>
    </p>
   </div>
   <div class='ocr_carea' id='block_1_104' title="bbox 1920 4328 3515 4400">
    <p class='ocr_par' dir='ltr' id='par_1_104' title="bbox 1920 4328 3515 4400">
     <span class='ocr_line' id='line_1_104' title="bbox 1920 4328 3515 4400; baseline -0.006 -11"><span class='ocrx_word' id='word_1_732' title='bbox 1920 4336 1992 4391; x_wconf 88' lang='lat' dir='ltr'><strong>sit</strong></span> <span class='ocrx_word' id='word_1_733' title='bbox 2022 4332 2434 4397; x_wconf 88' lang='lat' dir='ltr'><strong>intermedium,</strong></span> <span class='ocrx_word' id='word_1_734' title='bbox 2465 4329 2663 4385; x_wconf 82' lang='lat' dir='ltr'><strong>Filium</strong></span> <span class='ocrx_word' id='word_1_735' title='bbox 2703 4331 2922 4400; x_wconf 84' lang='lat' dir='ltr'><strong>quidem</strong></span> <span class='ocrx_word' id='word_1_736' title='bbox 2958 4343 3024 4383; x_wconf 80' lang='lat' dir='ltr'><strong>ex</strong></span> <span class='ocrx_word' id='word_1_737' title='bbox 3072 4328 3236 4381; x_wconf 81' lang='lat' dir='ltr'><strong>Patre</strong></span> <span class='ocrx_word' id='word_1_738' title='bbox 3272 4343 3515 4396; x_wconf 24' lang='lat' dir='ltr'><strong>pronunr</strong></span> 
     </span>
    </p>
   </div>
   <div class='ocr_carea' id='block_1_105' title="bbox 1922 4420 3510 4495">
    <p class='ocr_par' dir='ltr' id='par_1_105' title="bbox 1922 4420 3510 4495">
     <span class='ocr_line' id='line_1_105' title="bbox 1922 4420 3510 4495; baseline -0.006 -14"><span class='ocrx_word' id='word_1_739' title='bbox 1922 4431 2027 4483; x_wconf 87' lang='lat' dir='ltr'><strong>tias</strong></span> <span class='ocrx_word' id='word_1_740' title='bbox 2051 4438 2103 4481; x_wconf 88' lang='lat' dir='ltr'><strong>et</strong></span> <span class='ocrx_word' id='word_1_741' title='bbox 2135 4426 2299 4481; x_wconf 70' lang='lat' dir='ltr'><strong>veluti</strong></span> <span class='ocrx_word' id='word_1_742' title='bbox 2333 4434 2597 4495; x_wconf 88' lang='lat' dir='ltr'><strong>punctum</strong></span> <span class='ocrx_word' id='word_1_743' title='bbox 2637 4424 2725 4478; x_wconf 87' lang='lat' dir='ltr'><strong>hic</strong></span> <span class='ocrx_word' id='word_1_744' title='bbox 2762 4438 2970 4492; x_wconf 90' lang='lat' dir='ltr'><strong>ponens</strong></span> <span class='ocrx_word' id='word_1_745' title='bbox 3018 4420 3210 4486; x_wconf 80' lang='lat' dir='ltr'><strong>infers,</strong></span> <span class='ocrx_word' id='word_1_746' title='bbox 3245 4420 3510 4490; x_wconf 85' lang='lat' dir='ltr'><strong>Spiritum</strong></span> 
     </span>
    </p>
   </div>
   <div class='ocr_carea' id='block_1_106' title="bbox 1925 4514 3515 4584">
    <p class='ocr_par' dir='ltr' id='par_1_106' title="bbox 1925 4514 3515 4584">
     <span class='ocr_line' id='line_1_106' title="bbox 1925 4514 3515 4584; baseline -0.003 -10"><span class='ocrx_word' id='word_1_747' title='bbox 1925 4538 2052 4574; x_wconf 78' lang='lat' dir='ltr'><strong>vero</strong></span> <span class='ocrx_word' id='word_1_748' title='bbox 2096 4536 2160 4573; x_wconf 81' lang='lat' dir='ltr'><strong>ex</strong></span> <span class='ocrx_word' id='word_1_749' title='bbox 2219 4518 2360 4572; x_wconf 79' lang='lat' dir='ltr'><strong>Filio</strong></span> <span class='ocrx_word' id='word_1_750' title='bbox 2404 4529 2462 4572; x_wconf 91' lang='lat' dir='ltr'><strong>ut</strong></span> <span class='ocrx_word' id='word_1_751' title='bbox 2508 4533 2572 4571; x_wconf 84' lang='lat' dir='ltr'><strong>ex</strong></span> <span class='ocrx_word' id='word_1_752' title='bbox 2633 4518 2743 4570; x_wconf 80' lang='lat' dir='ltr'><strong>alio</strong></span> <span class='ocrx_word' id='word_1_753' title='bbox 2797 4528 3047 4583; x_wconf 74' lang='lat' dir='ltr'><strong>protinus</strong></span> <span class='ocrx_word' id='word_1_754' title='bbox 3098 4514 3392 4584; x_wconf 85' lang='lat' dir='ltr'><strong>principio,</strong></span> <span class='ocrx_word' id='word_1_755' title='bbox 3457 4525 3515 4569; x_wconf 75' lang='lat' dir='ltr'><strong>ut</strong></span> 
     </span>
    </p>
   </div>
   <div class='ocr_carea' id='block_1_107' title="bbox 1067 4604 1821 4676">
    <p class='ocr_par' dir='ltr' id='par_1_107' title="bbox 1067 4604 1819 4676">
     <span class='ocr_line' id='line_1_107' title="bbox 1067 4604 1819 4676; baseline -0.005 -15"><span class='ocrx_word' id='word_1_756' title='bbox 1067 4608 1210 4661; x_wconf 79' lang='grc' dir='ltr'><strong>Ἀλλ’</strong></span> <span class='ocrx_word' id='word_1_757' title='bbox 1269 4606 1391 4660; x_wconf 76' lang='grc' dir='ltr'><strong>οὐδὲ</strong></span> <span class='ocrx_word' id='word_1_758' title='bbox 1446 4607 1474 4658; x_wconf 84' lang='grc' dir='ltr'><strong>ὁ</strong></span> <span class='ocrx_word' id='word_1_759' title='bbox 1535 4606 1661 4669; x_wconf 75' lang='grc' dir='ltr'><strong>Υιὸς</strong></span> <span class='ocrx_word' id='word_1_760' title='bbox 1714 4604 1819 4676; x_wconf 71' lang='grc' dir='ltr'><strong>ἰδίᾳ</strong></span> 
     </span>
    </p>
   </div>
   <div class='ocr_carea' id='block_1_108' title="bbox 1907 4604 3515 4676">
    <p class='ocr_par' dir='ltr' id='par_1_108' title="bbox 1928 4607 3515 4675">
     <span class='ocr_line' id='line_1_108' title="bbox 1928 4607 3515 4675; baseline -0.003 -8"><span class='ocrx_word' id='word_1_761' title='bbox 1928 4615 2054 4667; x_wconf 86' lang='lat' dir='ltr'><strong>inde</strong></span> <span class='ocrx_word' id='word_1_762' title='bbox 2092 4614 2359 4667; x_wconf 76' lang='lat' dir='ltr'><strong>confictos</strong></span> <span class='ocrx_word' id='word_1_763' title='bbox 2391 4612 2479 4665; x_wconf 78' lang='lat' dir='ltr'><strong>ille</strong></span> <span class='ocrx_word' id='word_1_764' title='bbox 2509 4620 2801 4665; x_wconf 78' lang='lat' dir='ltr'><strong>enascatur</strong></span> <span class='ocrx_word' id='word_1_765' title='bbox 2844 4624 3035 4675; x_wconf 77' lang='lat' dir='ltr'><strong>nepos.</strong></span> <span class='ocrx_word' id='word_1_766' title='bbox 3094 4607 3292 4662; x_wconf 82' lang='lat' dir='ltr'><strong>Verum</strong></span> <span class='ocrx_word' id='word_1_767' title='bbox 3332 4622 3515 4671; x_wconf 84' lang='lat' dir='ltr'><strong>neque</strong></span> 
     </span>
    </p>
   </div>
   <div class='ocr_carea' id='block_1_109' title="bbox 1927 4700 3517 4772">
    <p class='ocr_par' dir='ltr' id='par_1_109' title="bbox 1927 4700 3517 4772">
     <span class='ocr_line' id='line_1_109' title="bbox 1927 4700 3517 4772; baseline -0.004 -12"><span class='ocrx_word' id='word_1_768' title='bbox 1927 4707 2099 4760; x_wconf 87' lang='lat' dir='ltr'><strong>Fiuus</strong></span> <span class='ocrx_word' id='word_1_769' title='bbox 2138 4706 2371 4759; x_wconf 84' lang='lat' dir='ltr'><strong>seorsim</strong></span> <span class='ocrx_word' id='word_1_770' title='bbox 2409 4718 2439 4756; x_wconf 91' lang='lat' dir='ltr'><strong>a</strong></span> <span class='ocrx_word' id='word_1_771' title='bbox 2470 4703 2674 4772; x_wconf 82' lang='lat' dir='ltr'><strong>Spiritu</strong></span> <span class='ocrx_word' id='word_1_772' title='bbox 2701 4718 2761 4753; x_wconf 70' lang='lat' dir='ltr'><strong>cx</strong></span> <span class='ocrx_word' id='word_1_773' title='bbox 2798 4709 2954 4755; x_wconf 60' lang='lat' dir='ltr'><strong>:J-irrc</strong></span> <span class='ocrx_word' id='word_1_774' title='bbox 2982 4710 3085 4765; x_wconf 66' lang='lat' dir='ltr'><strong>est,</strong></span> <span class='ocrx_word' id='word_1_775' title='bbox 3122 4714 3302 4768; x_wconf 68' lang='lat' dir='ltr'><strong>nepte</strong></span> <span class='ocrx_word' id='word_1_776' title='bbox 3339 4700 3517 4769; x_wconf 17' lang='lat' dir='ltr'><strong>Spir...</strong></span> 
     </span>
    </p>
   </div>
   <div class='ocr_carea' id='block_1_110' title="bbox 1928 4792 3517 4863">
    <p class='ocr_par' dir='ltr' id='par_1_110' title="bbox 1928 4792 3517 4863">
     <span class='ocr_line' id='line_1_110' title="bbox 1928 4792 3517 4863; baseline -0.008 -9"><span class='ocrx_word' id='word_1_777' title='bbox 1928 4808 2019 4854; x_wconf 77' lang='lat' dir='ltr'><strong>tus</strong></span> <span class='ocrx_word' id='word_1_778' title='bbox 2048 4815 2110 4853; x_wconf 78' lang='lat' dir='ltr'><strong>ex</strong></span> <span class='ocrx_word' id='word_1_779' title='bbox 2137 4797 2299 4861; x_wconf 85' lang='lat' dir='ltr'><strong>Filio,</strong></span> <span class='ocrx_word' id='word_1_780' title='bbox 2319 4806 2461 4851; x_wconf 80' lang='lat' dir='ltr'><strong>utex</strong></span> <span class='ocrx_word' id='word_1_781' title='bbox 2492 4797 2599 4851; x_wconf 82' lang='lat' dir='ltr'><strong>alio</strong></span> <span class='ocrx_word' id='word_1_782' title='bbox 2632 4805 2825 4863; x_wconf 61' lang='lat' dir='ltr'><strong>pranlct&#39;</strong></span> <span class='ocrx_word' id='word_1_783' title='bbox 2859 4793 3076 4847; x_wconf 84' lang='lat' dir='ltr'><strong>Patrem</strong></span> <span class='ocrx_word' id='word_1_784' title='bbox 3113 4792 3419 4862; x_wconf 80' lang='lat' dir='ltr'><strong>principin</strong></span> <span class='ocrx_word' id='word_1_785' title='bbox 3456 4808 3517 4844; x_wconf 77' lang='lat' dir='ltr'><strong>ar</strong></span> 
     </span>
    </p>
   </div>
   <div class='ocr_carea' id='block_1_111' title="bbox 1928 4890 3516 4961">
    <p class='ocr_par' dir='ltr' id='par_1_111' title="bbox 1928 4890 3516 4961">
     <span class='ocr_line' id='line_1_111' title="bbox 1928 4890 3516 4961; baseline -0.004 -18"><span class='ocrx_word' id='word_1_786' title='bbox 1928 4904 2215 4961; x_wconf 80' lang='lat' dir='ltr'><strong>propterea</strong></span> <span class='ocrx_word' id='word_1_787' title='bbox 2268 4906 2444 4959; x_wconf 79' lang='lat' dir='ltr'><strong>neque</strong></span> <span class='ocrx_word' id='word_1_788' title='bbox 2492 4892 2762 4943; x_wconf 79' lang='lat' dir='ltr'><strong>conlictus</strong></span> <span class='ocrx_word' id='word_1_789' title='bbox 2816 4903 2841 4940; x_wconf 81' lang='lat' dir='ltr'><strong>a</strong></span> <span class='ocrx_word' id='word_1_790' title='bbox 2889 4898 2939 4942; x_wconf 88' lang='lat' dir='ltr'><strong>te</strong></span> <span class='ocrx_word' id='word_1_791' title='bbox 2993 4890 3273 4941; x_wconf 68' lang='lat' dir='ltr'><strong>enascitur</strong></span> <span class='ocrx_word' id='word_1_792' title='bbox 3324 4900 3516 4955; x_wconf 81' lang='lat' dir='ltr'><strong>nepos.</strong></span> 
     </span>
    </p>
   </div>
   <div class='ocr_carea' id='block_1_112' title="bbox 1931 4980 3519 5055">
    <p class='ocr_par' dir='ltr' id='par_1_112' title="bbox 1931 4980 3519 5055">
     <span class='ocr_line' id='line_1_112' title="bbox 1931 4980 3519 5055; baseline -0.004 -18"><span class='ocrx_word' id='word_1_793' title='bbox 1931 4986 2035 5055; x_wconf 80' lang='lat' dir='ltr'><strong>(Ad</strong></span> <span class='ocrx_word' id='word_1_794' title='bbox 2062 5000 2111 5039; x_wconf 91' lang='lat' dir='ltr'><strong>c.</strong></span> <span class='ocrx_word' id='word_1_795' title='bbox 2150 4981 2240 5053; x_wconf 75' lang='grc'><strong>62)</strong></span> <span class='ocrx_word' id='word_1_796' title='bbox 2278 4981 2479 5036; x_wconf 72' lang='lat' dir='ltr'><strong>Videas</strong></span> <span class='ocrx_word' id='word_1_797' title='bbox 2526 4982 2722 5036; x_wconf 81' lang='lat' dir='ltr'><strong>exinde</strong></span> <span class='ocrx_word' id='word_1_798' title='bbox 2749 4996 2970 5050; x_wconf 82' lang='lat' dir='ltr'><strong>quoque</strong></span> <span class='ocrx_word' id='word_1_799' title='bbox 3006 4980 3297 5033; x_wconf 69' lang='lat' dir='ltr'><strong>calumnia:</strong></span> <span class='ocrx_word' id='word_1_800' title='bbox 3327 4993 3519 5032; x_wconf 70' lang='lat' dir='ltr'><strong>exces-</strong></span> 
     </span>
    </p>
   </div>
   <div class='ocr_carea' id='block_1_113' title="bbox 1932 5072 3518 5145">
    <p class='ocr_par' dir='ltr' id='par_1_113' title="bbox 1932 5072 3518 5145">
     <span class='ocr_line' id='line_1_113' title="bbox 1932 5072 3518 5145; baseline -0.006 -12"><span class='ocrx_word' id='word_1_801' title='bbox 1932 5093 2075 5133; x_wconf 88' lang='lat' dir='ltr'><strong>sum.</strong></span> <span class='ocrx_word' id='word_1_802' title='bbox 2109 5076 2322 5131; x_wconf 83' lang='lat' dir='ltr'><strong>Patrem</strong></span> <span class='ocrx_word' id='word_1_803' title='bbox 2355 5076 2577 5145; x_wconf 87' lang='lat' dir='ltr'><strong>quidem</strong></span> <span class='ocrx_word' id='word_1_804' title='bbox 2612 5078 2816 5129; x_wconf 83' lang='lat' dir='ltr'><strong>asseris</strong></span> <span class='ocrx_word' id='word_1_805' title='bbox 2841 5088 2965 5128; x_wconf 81' lang='lat' dir='ltr'><strong>esse</strong></span> <span class='ocrx_word' id='word_1_806' title='bbox 3003 5074 3307 5142; x_wconf 81' lang='lat' dir='ltr'><strong>proximam</strong></span> <span class='ocrx_word' id='word_1_807' title='bbox 3343 5072 3518 5140; x_wconf 80' lang='lat' dir='ltr'><strong>Spiri-</strong></span> 
     </span>
    </p>
   </div>
   <div class='ocr_carea' id='block_1_114' title="bbox 1935 5164 3525 5234">
    <p class='ocr_par' dir='ltr' id='par_1_114' title="bbox 1935 5164 3525 5234">
     <span class='ocr_line' id='line_1_114' title="bbox 1935 5164 3525 5234; baseline -0.006 -7"><span class='ocrx_word' id='word_1_808' title='bbox 1935 5182 2024 5227; x_wconf 88' lang='lat' dir='ltr'><strong>tus</strong></span> <span class='ocrx_word' id='word_1_809' title='bbox 2054 5186 2303 5234; x_wconf 85' lang='lat' dir='ltr'><strong>causam,</strong></span> <span class='ocrx_word' id='word_1_810' title='bbox 2340 5170 2483 5223; x_wconf 87' lang='lat' dir='ltr'><strong>sicut</strong></span> <span class='ocrx_word' id='word_1_811' title='bbox 2528 5176 2585 5223; x_wconf 92' lang='lat' dir='ltr'><strong>et</strong></span> <span class='ocrx_word' id='word_1_812' title='bbox 2626 5166 2771 5233; x_wconf 75' lang='lat' dir='ltr'><strong>Filii,</strong></span> <span class='ocrx_word' id='word_1_813' title='bbox 2820 5180 2874 5219; x_wconf 83' lang='lat' dir='ltr'><strong>et</strong></span> <span class='ocrx_word' id='word_1_814' title='bbox 2921 5166 3233 5221; x_wconf 87' lang='lat' dir='ltr'><strong>immediate</strong></span> <span class='ocrx_word' id='word_1_815' title='bbox 3260 5180 3321 5219; x_wconf 81' lang='lat' dir='ltr'><strong>ex</strong></span> <span class='ocrx_word' id='word_1_816' title='bbox 3361 5164 3525 5218; x_wconf 76' lang='lat' dir='ltr'><strong>Patre</strong></span> 
     </span>
    </p>
   </div>
   <div class='ocr_carea' id='block_1_115' title="bbox 1936 5256 3524 5334">
    <p class='ocr_par' dir='ltr' id='par_1_115' title="bbox 1936 5256 3524 5334">
     <span class='ocr_line' id='line_1_115' title="bbox 1936 5256 3524 5334; baseline -0.005 -19"><span class='ocrx_word' id='word_1_817' title='bbox 1936 5263 2344 5334; x_wconf 89' lang='lat' dir='ltr'><strong>processionem</strong></span> <span class='ocrx_word' id='word_1_818' title='bbox 2405 5258 2646 5325; x_wconf 87' lang='lat' dir='ltr'><strong>Spiritus</strong></span> <span class='ocrx_word' id='word_1_819' title='bbox 2705 5258 2879 5312; x_wconf 83' lang='lat' dir='ltr'><strong>sancti</strong></span> <span class='ocrx_word' id='word_1_820' title='bbox 2948 5258 3169 5321; x_wconf 84' lang='lat' dir='ltr'><strong>statuis,</strong></span> <span class='ocrx_word' id='word_1_821' title='bbox 3222 5256 3524 5325; x_wconf 88' lang='lat' dir='ltr'><strong>impietatis</strong></span> 
     </span>
    </p>
   </div>
   <div class='ocr_carea' id='block_1_116' title="bbox 1936 5345 3521 5416">
    <p class='ocr_par' dir='ltr' id='par_1_116' title="bbox 1936 5345 3521 5416">
     <span class='ocr_line' id='line_1_116' title="bbox 1936 5345 3521 5416; baseline -0.005 -9"><span class='ocrx_word' id='word_1_822' title='bbox 1936 5365 2118 5408; x_wconf 87' lang='lat' dir='ltr'><strong>autem</strong></span> <span class='ocrx_word' id='word_1_823' title='bbox 2160 5353 2441 5407; x_wconf 80' lang='lat' dir='ltr'><strong>Romanos</strong></span> <span class='ocrx_word' id='word_1_824' title='bbox 2477 5364 2707 5406; x_wconf 86' lang='lat' dir='ltr'><strong>accusas</strong></span> <span class='ocrx_word' id='word_1_825' title='bbox 2746 5353 2915 5403; x_wconf 84' lang='lat' dir='ltr'><strong>etiam</strong></span> <span class='ocrx_word' id='word_1_826' title='bbox 2969 5363 3033 5404; x_wconf 76' lang='lat' dir='ltr'><strong>ex</strong></span> <span class='ocrx_word' id='word_1_827' title='bbox 3068 5345 3207 5401; x_wconf 84' lang='lat' dir='ltr'><strong>Filio</strong></span> <span class='ocrx_word' id='word_1_828' title='bbox 3253 5346 3521 5416; x_wconf 86' lang='lat' dir='ltr'><strong>Spiritum</strong></span> 
     </span>
    </p>
   </div>
   <div class='ocr_carea' id='block_1_117' title="bbox 1938 5439 3522 5513">
    <p class='ocr_par' dir='ltr' id='par_1_117' title="bbox 1938 5439 3522 5513">
     <span class='ocr_line' id='line_1_117' title="bbox 1938 5439 3522 5513; baseline -0.006 -13"><span class='ocrx_word' id='word_1_829' title='bbox 1938 5450 2379 5513; x_wconf 85' lang='lat' dir='ltr'><strong>pronuntiantes,</strong></span> <span class='ocrx_word' id='word_1_830' title='bbox 2425 5453 2478 5498; x_wconf 89' lang='lat' dir='ltr'><strong>et</strong></span> <span class='ocrx_word' id='word_1_831' title='bbox 2522 5454 2791 5498; x_wconf 86' lang='lat' dir='ltr'><strong>remotam</strong></span> <span class='ocrx_word' id='word_1_832' title='bbox 2840 5453 2894 5495; x_wconf 82' lang='lat' dir='ltr'><strong>ct</strong></span> <span class='ocrx_word' id='word_1_833' title='bbox 2923 5442 3229 5511; x_wconf 73' lang='lat' dir='ltr'><strong>proximam</strong></span> <span class='ocrx_word' id='word_1_834' title='bbox 3274 5439 3522 5509; x_wconf 82' lang='lat' dir='ltr'><strong>ejusdem</strong></span> 
     </span>
    </p>
   </div>
   <div class='ocr_carea' id='block_1_118' title="bbox 1937 5534 3528 5607">
    <p class='ocr_par' dir='ltr' id='par_1_118' title="bbox 1937 5534 3528 5607">
     <span class='ocr_line' id='line_1_118' title="bbox 1937 5534 3528 5607; baseline -0.004 -12"><span class='ocrx_word' id='word_1_835' title='bbox 1937 5556 2057 5595; x_wconf 84' lang='lat' dir='ltr'><strong>esse</strong></span> <span class='ocrx_word' id='word_1_836' title='bbox 2091 5555 2313 5593; x_wconf 81' lang='lat' dir='ltr'><strong>causam</strong></span> <span class='ocrx_word' id='word_1_837' title='bbox 2370 5550 2567 5607; x_wconf 84' lang='lat' dir='ltr'><strong>magna</strong></span> <span class='ocrx_word' id='word_1_838' title='bbox 2619 5551 2745 5591; x_wconf 91' lang='lat' dir='ltr'><strong>cum</strong></span> <span class='ocrx_word' id='word_1_839' title='bbox 2781 5535 3114 5590; x_wconf 86' lang='lat' dir='ltr'><strong>conlidentia</strong></span> <span class='ocrx_word' id='word_1_840' title='bbox 3155 5534 3528 5589; x_wconf 80' lang='lat' dir='ltr'><strong>ratiocinaris.</strong></span> 
     </span>
    </p>
   </div>
   <div class='ocr_carea' id='block_1_119' title="bbox 1940 5625 3525 5701">
    <p class='ocr_par' dir='ltr' id='par_1_119' title="bbox 1940 5625 3525 5701">
     <span class='ocr_line' id='line_1_119' title="bbox 1940 5625 3525 5701; baseline -0.004 -15"><span class='ocrx_word' id='word_1_841' title='bbox 1940 5641 2006 5687; x_wconf 85' lang='lat' dir='ltr'><strong>At</strong></span> <span class='ocrx_word' id='word_1_842' title='bbox 2038 5634 2337 5701; x_wconf 77' lang='lat' dir='ltr'><strong>Gregorius</strong></span> <span class='ocrx_word' id='word_1_843' title='bbox 2382 5630 2669 5699; x_wconf 76' lang='lat' dir='ltr'><strong>Nyssenus</strong></span> <span class='ocrx_word' id='word_1_844' title='bbox 2707 5630 2906 5685; x_wconf 82' lang='lat' dir='ltr'><strong>falsum</strong></span> <span class='ocrx_word' id='word_1_845' title='bbox 2963 5636 3117 5682; x_wconf 91' lang='lat' dir='ltr'><strong>tuum</strong></span> <span class='ocrx_word' id='word_1_846' title='bbox 3168 5625 3525 5697; x_wconf 89' lang='lat' dir='ltr'><strong>principium,</strong></span> 
     </span>
    </p>
   </div>
   <div class='ocr_carea' id='block_1_120' title="bbox 1942 5720 3527 5797">
    <p class='ocr_par' dir='ltr' id='par_1_120' title="bbox 1942 5720 3527 5797">
     <span class='ocr_line' id='line_1_120' title="bbox 1942 5720 3527 5797; baseline -0.005 -18"><span class='ocrx_word' id='word_1_847' title='bbox 1942 5728 2089 5797; x_wconf 87' lang='lat' dir='ltr'><strong>quod</strong></span> <span class='ocrx_word' id='word_1_848' title='bbox 2128 5726 2261 5780; x_wconf 86' lang='lat' dir='ltr'><strong>dicit</strong></span> <span class='ocrx_word' id='word_1_849' title='bbox 2302 5726 2520 5781; x_wconf 81' lang='lat' dir='ltr'><strong>Patrem</strong></span> <span class='ocrx_word' id='word_1_850' title='bbox 2554 5725 2861 5795; x_wconf 78' lang='lat' dir='ltr'><strong>proximam</strong></span> <span class='ocrx_word' id='word_1_851' title='bbox 2906 5721 3148 5789; x_wconf 82' lang='lat' dir='ltr'><strong>Spiritus</strong></span> <span class='ocrx_word' id='word_1_852' title='bbox 3175 5720 3351 5777; x_wconf 77' lang='lat' dir='ltr'><strong>sancti</strong></span> <span class='ocrx_word' id='word_1_853' title='bbox 3390 5733 3527 5774; x_wconf 78' lang='lat' dir='ltr'><strong>cau-</strong></span> 
     </span>
    </p>
   </div>
   <div class='ocr_carea' id='block_1_121' title="bbox 3082 5997 3154 6060">
    <p class='ocr_par' dir='ltr' id='par_1_121' title="bbox 3082 5997 3154 6060">
     <span class='ocr_line' id='line_1_121' title="bbox 3082 5997 3154 6060; baseline -0.056 0"><span class='ocrx_word' id='word_1_854' title='bbox 3082 5997 3154 6060; x_wconf 79' lang='grc'><strong>26</strong></span> 
     </span>
    </p>
   </div>
  </div>
