4214 6448
197 445 310 509 813

970 438 1407 501 REFUTATIO
1447 438 1812 499 PIIOTIANI
1856 440 2072 500 LIBRI
2115 441 2210 501 DE
2252 440 2568 502 SPIRITU
2608 442 2664 500 S.

3353 433 3455 499 8H

193 565 223 618 ό
276 563 466 631 Πατὴρ
497 564 603 614 εἱσι
633 560 725 613 καὶ
756 561 782 612 δ
806 559 953 621 Υἱὸς,
992 562 1040 612 5i
1075 560 1167 614 καὶ
1200 556 1450 628 ἀλλήλων
1490 560 1610 622 ταῖς
1638 558 1771 611 ὑπο-

1891 573 2007 613 vero
2037 575 2142 614 non
2175 561 2284 614 duo
2317 560 2389 613 dii
2431 568 2558 614 sunt
2594 556 2754 613 Pater
2785 563 2839 610 et
2885 552 3075 617 Filius,
3122 550 3245 605 licet
3277 550 3345 604 ah
3377 553 3457 605 in-

198 655 495 716 στατικαῖς
554 653 843 720 διαφοραῖς
885 650 1277 720 διαφέρουσιν
1344 648 1470 700 οὑδὲ
1524 648 1618 701 δύο
1666 649 1775 714 ἄρα

194 744 352 798 αἴτιά
369 746 529 807 εἰσιν,
554 746 602 797 5!
622 745 716 797 καὶ
742 743 988 813 ἀλλήλων
1024 743 1145 805 ταῖς
1170 742 1565 803 ὑποστατικαῖς
1588 740 1775 809 διαφοο

194 838 323 907 ραῖς
341 836 715 906 διαφέρουσιν.

281 928 409 980 Ἐπὶ
458 928 515 980 δὲ
538 930 648 989 τοῖς
693 924 1010 995 εἰρημένοις
1034 923 1155 976 οὐδ’
1197 921 1401 992 ἀληθές
1449 923 1566 975 ἔστι
1596 924 1688 976 καὶ
1718 921 1778 975 τὸ

192 1020 379 1085 λέγειν
410 1037 467 1073 σε
497 1020 585 1072 διὰ
630 1018 690 1071 τὺ
726 1019 801 1088 μὴ
842 1012 982 1070 εἶναι
1015 1015 1107 1070 τοῦ
1144 1015 1467 1085 Πνεῦματος
1525 1013 1623 1085 τὴν
1680 1016 1771 1066 ἐκ·

190 1114 460 1181 πόρευσιν
494 1112 594 1181 τῆς
622 1112 679 1164 ἰν
721 1111 786 1180 τῇ
820 1108 1010 1179 Τριάδι
1062 1106 1453 1177 Θεωρουμένης
1517 1106 1769 1174 ὑπερφυ-

189 1205 290 1267 οῦς
343 1203 551 1265 ινάδος,
581 1202 699 1264 ἑνὸς
738 1201 902 1270 μόνου
929 1199 1042 1252 τῶν
1068 1199 1237 1267 τριῶν
1275 1199 1579 1267 ἑνέργειανξ
1620 1194 1762 1250 εἶναι

193 1300 288 1351 καὶ
341 1294 640 1366 προδολήν.
666 1293 740 1346 Τὸ
772 1293 883 1362 γάρ
913 1290 1141 1358 Πνεῦμα
1167 1290 1227 1341 τὸ
1252 1288 1433 1356 ᾶγιον,
1468 1288 1659 1356 ῶσπερ
1681 1286 1776 1341 τοῦ

195 1390 438 1459 Πατρδς,
486 1387 633 1441 οὑτω
656 1387 753 1441 καὶ
780 1384 877 1437 τοῦ
909 1381 1043 1436 Υιοῦ
1076 1380 1229 1445 ζῶσά
1257 1397 1319 1433 τε
1365 1380 1461 1432 καὶ
1508 1380 1779 1446 οὑσιώδης

194 1478 560 1545 ἱερολογεῖται
582 1476 835 1543 ἐνέργεια
858 1490 872 1504 ·
905 1473 1001 1526 καὶ
1018 1473 1066 1524 εἱ
1089 1469 1250 1540 μόνον
1278 1465 1348 1540 ἦν
1372 1468 1506 1522 αὑτὸ
1531 1467 1627 1521 τοῦ
1664 1469 1781 1523 Ila.

188 1571 323 1639 τρὸς
366 1567 632 1636 προϐολὴ,
661 1567 761 1618 οὑκ
803 1564 869 1619 ἂν
928 1563 1092 1616 αὑτοῦ
1165 1560 1505 1629 προϐολεὺς
1556 1559 1653 1613 διὰ
1676 1562 1783 1614 Λό-

190 1680 303 1728 γου
337 1660 414 1729 (ί)
438 1661 466 1711 ό
507 1657 697 1727 Πατὴρ
734 1654 1091 1724 εθεολογεῖτο.
1123 1654 1421 1723 Προσέχειν
1464 1653 1522 1706 δὶ
1570 1652 1653 1706 δεῖ
1687 1653 1782 1705 καὶ

188 1750 256 1815 τῇ
288 1746 519 1815 τοιαύτῃ
539 1744 633 1797 τοῦ
676 1744 837 1812 λόγου
866 1741 1173 1810 διασκέψει.
1202 1741 1317 1794 Νῦν
1337 1742 1433 1811 μὲν
1467 1742 1659 1812 πόρρω
1682 1742 1783 1811 τῆς

190 1839 515 1907 ὑπεραῖδὶου
577 1837 825 1903 θεότητος
858 1836 925 1889 τὰ
955 1834 1182 1905 χρονικὰ
1238 1836 1605 1904 προσρηματα
1638 1829 1775 1888 εἶναι

1878 653 2051 706 vicem
2104 652 2461 723 hypostaticis
2498 649 2752 705 diﬂerant
2804 646 3277 721 proprietatibus,
3327 660 3459 714 ergo

1882 762 2053 817 neque
2080 746 2191 800 duo
2234 754 2360 801 sunt
2390 744 2683 814 principia,
2718 742 2847 797 licet
2896 742 2964 795 ab
3006 740 3244 795 invicem
3295 737 3455 792 dilic-

1880 848 2002 890 rant
2033 836 2455 906 proprietatibus
2484 832 2862 904 liypostaticis.

1953 925 2152 980 Praeter
2216 926 2327 995 jam
2395 925 2537 979 dicta
2609 939 2782 990 neque
2833 923 2884 977 id
2934 936 3122 976 verum
3190 930 3274 976 est
3314 921 3459 989 quod

1883 1017 1964 1071 ais
2008 1035 2020 1070 :
2071 1028 2357 1087 prepterea
2417 1014 2565 1086 quod
2615 1014 2849 1084 Spiritus
2904 1014 3185 1083 processio
3228 1028 3334 1067 non
3388 1014 3461 1067 sit

1884 1109 2111 1163 unitatis
2158 1108 2622 1179 supernaturalis,
2657 1122 2776 1176 quae
2807 1107 2860 1160 in
2893 1105 3160 1161 Trinitate
3191 1108 3459 1167 cernitur,

1880 1218 1999 1256 eam
2037 1202 2201 1257 unius
2231 1202 2503 1256 duntaxat
2539 1201 2703 1255 trium
2737 1199 3112 1269 operationem
3147 1213 3266 1253 esse
3291 1208 3455 1268 atque

1879 1294 2261 1347 emissionem.
2302 1294 2512 1347 Etenim
2570 1292 2808 1359 Spiritus
2852 1300 3111 1353 sanctus,
3158 1290 3319 1345 sicuti
3364 1290 3467 1343 Pa-

1882 1384 2005 1445 tris.
2053 1385 2127 1439 ita
2170 1400 2387 1454 quoque
2434 1384 2555 1439 Filii
2595 1386 2713 1439 viva
2762 1393 2817 1439 et
2860 1382 3173 1439 essentialis
3218 1383 3465 1446 operatio

1881 1478 2247 1548 praedicatur;
2278 1487 2330 1530 et
2367 1477 2412 1532 si
2448 1479 2685 1548 Spiritus
2722 1477 2865 1533 foret
2905 1477 3079 1532 solius
3122 1475 3304 1529 Patris
3338 1491 3463 1544 pro-

1880 1570 2091 1633 ductio,
2127 1568 2269 1623 haud
2322 1568 2483 1623 Patcr
2524 1584 2554 1622 a
2598 1569 2865 1639 theoIOgis
2904 1569 3071 1637 ipsius
3105 1583 3204 1637 per
3240 1565 3465 1619 Verbum

1881 1662 2173 1730 produclor
2203 1661 2497 1716 diceretur.
2534 1661 2943 1715 Attendendum
2976 1673 3196 1730 quoque
3240 1665 3323 1714 est
3359 1658 3463 1711 hu-

1880 1752 2125 1823 jusmodi
2186 1751 2624 1806 ratiocinationi.
2692 1748 2854 1805 Modo
2910 1750 3133 1818 quidem
3199 1748 3469 1818 temporis

1888 1843 2146 1899 adverbia
2194 1844 2355 1911 longe
2406 1856 2434 1897 a
2492 1842 2831 1911 sempiterna
2880 1840 3089 1895 Deitate
3137 1840 3313 1894 aliena
3350 1854 3472 1894 esse

190 1931 503 1999 ὁμολογεῖς,
536 1928 634 1983 νῦν
667 1929 723 1981 δὲ
750 1929 925 1997 λέγων
956 1928 1408 1996 συλλογιστικῶς,
1432 1928 1509 1990 ὠς
1539 1929 1597 1980 ἂν
1626 1920 1671 1995 ᾧ
1696 1928 1782 1981 διὰ

1891 1934 2201 1999 conﬁteris;
2228 1935 2422 1988 .modo
2458 1943 2639 1987 autem
2677 1934 2807 1988 dum
2860 1932 3239 1987 ratiocinando
3288 1931 3424 1986 dicis
3455 1949 3465 1982 :

186 2024 503 2090 γεννήσεως
530 2022 773 2093 πρόεισιν
792 2022 820 2074 ό
853 2020 1001 2087 Υἱὸς,
1036 2020 1095 2075 ιν
1115 2018 1291 2090 τούτῳ
1319 2018 1384 2073 δι’
1404 2020 1785 2091 ἐκπορεὺσεως

186 2117 249 2165 τὸ
274 2114 505 2183 Πνεῦμα
531 2112 766 2183 προάγει
812 2113 907 2167 καὶ
934 2111 1232 2183 προάγοντι
1278 2128 1340 2164 τε
1373 2113 1473 2165 καὶ
1529 2128 1777 2181 προαγο-

192 2202 344 2271 μενῳ
381 2202 801 2269 συνυφίσταται,
831 2200 1059 2270 χρονικὰ
1083 2200 1433 2270 διαστήματα
1467 2200 1545 2271 τῷ
1596 2202 1787 2254 συλλο-

187 2292 379 2361 γισμῷ
406 2292 584 2362 τούτῳ
609 2292 923 2364 δπισοφίζῃ.
970 2292 1059 2346 ῖνα
1076 2291 1177 2363 τὴν
1220 2292 1536 2363 Ῥωμαϊκὴν
1590 2292 1784 2346 διαδι·

189 2386 286 2455 if];
335 2383 665 2455 Ἐκκλησίαν
711 2383 787 2446 ὡς
829 2384 890 2448 ἐξ
922 2376 999 2436 ὧν
1035 2384 1185 2452 λέγει
1213 2384 1476 2454 γεννητὸν
1506 2383 1625 2455 ἃμα
1683 2384 1781 2439 καὶ

189 2480 528 2548 ὲκπορευτδν
559 2474 781 2531 εἶναιτὸ
834 2479 1084 2549 Πνεῦμα.
1143 2478 1543 2548 ὲμφαίνουσαν,
1592 2494 1787 2547 γεννη·

188 2575 281 2625 τὸν
319 2572 422 2640 μὶν
452 2570 525 2632 ὡς
547 2570 624 2639 τῷ
662 2570 772 2640 fit];
814 2571 1142 2642 γεννωμένῳ
1172 2569 1494 2641 συμπροῐδν,
1522 2572 1789 2639 ἐκπορευο

189 2668 281 2717 τὸν
308 2666 387 2729 δὲ,
418 2665 501 2717 ὅτι
535 2664 730 2735 διπλῆν
752 2664 1014 2734 ὑπομένει
1052 2664 1151 2735 τὴν
1174 2664 1520 2735 ὲκπόρευσιν.
1565 2663 1711 2715 Ἀλλ’
1742 2664 1772 2716 ό

190 2755 350 2819 εἰδὼς
373 2759 476 2826 τὴν
506 2756 817 2827 Ῥωμαϊκὴν
853 2756 1177 2825 Ἐκκλησίαν
1200 2757 1428 2826 ἄχρονον
1461 2758 1557 2809 καὶ
1613 2757 1787 2811 άῖδιον

195 2850 255 2900 τὸ
282 2848 444 2901 Θεῖον
470 2848 820 2914 δοξάζουσαν,
864 2847 1164 2917 σατανικῆς
1220 2848 1642 2915 καταγνώσεται
1716 2863 1776 2900 σε

190 2941 395 3002 κακίας
424 2941 652 2993 τοιαῦτα
699 2941 823 2993 κατ’
871 2941 1046 3009 αὑτῆς
1087 2938 1580 3009 συμπλαττόμενον
1606 2978 1621 2994 .
1676 2939 1784 2994 Οὑ-

188 3033 303 3095 δείς
332 3034 446 3103 γάρ
476 3033 624 3085 ἐστιν
649 3032 905 3103 εὑσεὸης,
944 3032 1005 3095 ὃς
1028 3032 1127 3101 οὑχ
1180 3031 1298 3102 ἅμα
1329 3031 1445 3102 Υἱῷ
1468 3034 1562 3085 καὶ
1590 3031 1686 3085 σὺν
1708 3030 1787 3101 τῷ

192 3124 309 3193 Υἱῷ
362 3124 693 3193 ὑφίστασθαι
713 3124 925 3190 δοξάζει
954 3125 1015 3178 τὸ
1053 3123 1279 3195 Πνεῦμα
1309 3125 1374 3177 lx
1395 3124 1490 3177 τοῦ
1545 3124 1787 3194 Πατρδς,

190 3218 323 3271 ἀλλ’
351 3220 477 3287 οὑχὶ
505 3218 599 3271 καὶ
628 3218 891 3285 γεννητὸν
922 3218 1013 3271 διὰ
1044 3217 1203 3270 τοῦτο
1224 3218 1283 3270 τὸ
1314 3215 1538 3287 Πνεῦμά
1574 3218 1728 3269 δστιν
1767 3232 1782 3247 ·

1890 2028 2013 2093 Ouo
2058 2036 2339 2081 momento
2378 2025 2551 2080 Filius
2592 2040 2688 2095 per
2738 2026 3148 2095 generationem
3200 2023 3472 2093 procedit,

1886 2119 2080 2174 eodem
2131 2134 2229 2188 per
2282 2118 2692 2186 processionem
2748 2116 3009 2186 producit
3060 2114 3354 2184 Spiritum,
3415 2124 3473 2168 et

1890 2211 2217 2281 producenti
2244 2219 2410 2280 atque
2449 2210 2712 2279 produtto
2741 2210 2902 2264 simul
2932 2208 3147 2263 exsistit
3183 2214 3237 2262 et
3262 2208 3474 2261 consti-

1888 2305 2092 2368 tuitur,
2152 2302 2420 2371 temporis
2486 2301 2773 2355 intervalla
2822 2299 3092 2371 ejusmodi
3152 2300 3474 2371 syllogismo

1886 2393 2084 2448 callide
2128 2391 2337 2461 eﬂingis
2371 2401 2426 2447 ct
2471 2391 2724 2447 obtrudis
2768 2390 2833 2445 ad
2881 2390 3327 2445 calumniandam
3368 2387 3477 2442 Ro-

1887 2499 2177 2539 manorum
2217 2483 2545 2546 Ecclesiam,
2587 2484 2744 2553 quasi
2776 2498 2841 2537 ex
2875 2483 2943 2538 iis
2972 2496 3095 2553 qua:
3122 2481 3322 2537 asserit
3352 2480 3444 2551 Spi
3465 2510 3477 2521 -

1889 2575 2056 2629 ritum
2092 2586 2413 2644 generatum
2470 2576 2634 2631 simul
2678 2584 2733 2629 et
2790 2576 3178 2646 procedentem
3241 2585 3471 2635 astruai,

1888 2679 2208 2736 generatum
2262 2670 2483 2738 quidem
2522 2677 2709 2739 utpote
2743 2684 2869 2723 cum
2924 2667 3063 2723 Filio
3100 2679 3359 2739 generato
3401 2670 3477 2723 si-

1890 2759 2004 2813 mul
2057 2760 2443 2830 prodeuntem,
2497 2761 2885 2829 procedentem
2937 2777 3068 2815 vero
3113 2771 3302 2831 utpote
3348 2761 3476 2815 sub-

1888 2858 2108 2902 euntem
2148 2849 2423 2917 duplicem
2467 2852 2902 2918 processionetn.
2940 2850 3140 2906 Verum
3182 2852 3275 2921 qui
3327 2854 3475 2905 norit

1889 2936 2193 2993 Romanam
2237 2926 2545 2993 Ecclesiam
2596 2940 2860 2996 Deitatem
2894 2942 3162 3011 temporis
3195 2952 3473 3012 expertem

1888 3040 1943 3085 et
1968 3030 2360 3099 sempiternam
2396 3031 2732 3101 gloriﬁcare,
2770 3034 3030 3089 satauicaa
3064 3043 3114 3089 te
3137 3035 3473 3090 condemna-

1888 3122 1971 3177 bit
1994 3121 2216 3176 malitia:
2245 3122 2377 3176 talia
2405 3133 2599 3178 contra
2634 3124 2806 3194 ipsam
2829 3126 3257 3196 contingentem.
3305 3125 3479 3181 Nemo

1890 3215 2037 3269 enim
2064 3215 2278 3284 piorum
2321 3230 2386 3269 ac
2421 3215 2665 3270 ﬁdelium
2711 3225 2819 3282 est,
2854 3218 2947 3287 qui
2980 3233 3087 3272 non
3138 3219 3305 3274 simul
3341 3218 3480 3272 Filio

189 3308 274 3359 ὅτι
305 3308 408 3377 τὴν
458 3306 687 3376 πρόοδον
712 3307 834 3375 ἅμα
866 3306 966 3375 μὲν
1002 3306 1117 3375 Υἱῷ
1141 3307 1237 3358 καὶ
1256 3306 1355 3359 σὺν
1380 3304 1459 3373 τῷ
1482 3302 1619 3373 Υιῷ,
1647 3302 1787 3374 πλὴν

1896 3315 2061 3375 atque
2109 3320 2216 3357 una
2244 3319 2372 3359 cum
2421 3304 2561 3360 Filio
2592 3305 2858 3375 Spiritum
2911 3309 3213 3364 subsistere
3260 3321 3482 3364 censeat

192 3400 332 3455 ἀλλὰ
386 3402 482 3453 καὶ
516 3400 605 3454 διὰ
649 3400 743 3454 τοῦ
792 3400 926 3454 ⁷1⁸ἱοῦ
956 3399 1299 3469 συναχρόνως
1324 3399 1427 3452 καὶ
1451 3399 1791 3461 ἀδιαστάτως

191 3493 251 3561 ἦ,
283 3493 345 3544 τὸ
388 3491 723 3563 κυριώτερον
768 3494 965 3555 εἰπεῖν,
1008 3493 1265 3561 ἀρρήτως
1312 3490 1423 3561 ἔχει
1467 3492 1533 3543 lat
1562 3488 1656 3543 τοῦ
1684 3490 1793 3542 Πει-

190 3584 344 3653 τρὸς,
368 3585 431 3649 ἐξ
447 3587 648 3653 ἀμφοῖν
668 3585 889 3650 λέγεται
909 3581 1048 3636 εἶναι
1072 3585 1405 3653 ὲκπορευτδν
1428 3584 1535 3647 ἀεὶ,
1554 3581 1789 3651 Πνεῦμα

194 3677 450 3745 ὑπάρχον
466 3679 560 3729 καὶ
581 3677 837 3730 οὐδεποτε
871 3676 1155 3743 γεννητόν.

195 3772 463 3828 iueﬂ‘abili
499 3770 662 3825 modo
694 3770 858 3823 habet
887 3783 951 3823 ex
988 3768 1176 3832 Patre,
1206 3783 1272 3823 ex
1312 3776 1550 3837 utroque
1583 3767 1789 3823 dicitur

195 3880 481 3937 quaquam
515 3872 829 3933 generatus.

818 3954 1211 4011 KEIMENON.

280 4049 446 4103 Ἀλλὰ
489 4048 583 4101 καὶ
635 4047 801 4116 μέχρι
847 4047 996 4109 τίνος
1040 4049 1122 4101 δεῖ
1156 4050 1443 4119 σχολάζειν
1467 4054 1582 4114 τοῖς
1615 4053 1769 4121 άκρι-

196 4145 307 4206 εὼς
344 4136 449 4212 ἠδη
477 4142 573 4193 καὶ
591 4138 918 4209 πολυμερῶς
971 4139 1475 4212 ἀποδεδειγμένοις,
1521 4144 1641 4196 δέον
1689 4142 1788 4195 καὶ

195 4237 251 4288 εἴ
296 4253 352 4287 τι
411 4234 624 4304 ἓτερονά
651 4233 835 4297 αὐτοῖς
885 4233 1292 4304 προκομίζεται
1325 4236 1424 4307 τῆς
1447 4236 1787 4306 κακοσχόλου

196 4326 434 4396 γνώμης
468 4325 860 4395 διασκορπίσαι
893 4344 908 4392 ;

273 4418 389 4486 ξς’.
436 4418 761 4487 ’Λμϐρόσιον
787 4420 886 4471 καὶ
925 4419 1292 4487 Αὑγουστῖνον
1327 4421 1420 4473 καὶ
1460 4418 1790 4492 Ἱερώνυμον

198 4512 294 4564 καί
318 4526 473 4573 τινας
496 4510 721 4574 ἑτέρους
735 4509 814 4579 τῷ
833 4509 1061 4579 δόγματι
1080 4511 1181 4578 τῆς
1216 4510 1541 4581 Ἐκκλησίας
1596 4514 1791 4563 ἀνταν-

202 4600 420 4654 ιστιίσιο
444 4598 676 4667 καὶγὰρ
704 4614 867 4665 φασιν
889 4599 1083 4659 αὐτοὺς
1106 4598 1169 4650 τὸ
1194 4599 1421 4667 Πνεῦμα
1443 4598 1793 4667 δογματίζειν

200 4688 613 4759 ἐκπορεύεσθαι
643 4688 742 4741 τοῦ
770 4688 923 4742 Υἱοῦ.
959 4690 1073 4741 Καὶ
1102 4689 1184 4741 δεῖ
1216 4691 1396 4759 ἱεροὺς
1429 4690 1679 4759 Πατέρας
1716 4690 1792 4759 μὴ

200 4781 530 4846 δυσσεὸειας
558 4782 793 4847 ὑπάγειν
825 4781 1160 4850 ἐγκλήματι.
1192 4782 1260 4833 Ἦ
1284 4786 1390 4850 γάρ
1410 4781 1649 4841 εὐσεϐῶς
1684 4780 1795 4833 εδοο

200 4876 508 4947 γματισαν,
529 4876 623 4928 καὶ
645 4875 752 4945 χρὴ
774 4876 901 4936 τοὺς
934 4877 1050 4928 ὅσοι
1076 4875 1323 4941 Πατέρας
1347 4874 1543 4936 αὑτοὺς
1569 4875 1795 4943 ἐπιγρά-

200 4986 422 5038 φονται,
439 4972 770 5039 συμφρονεῖν
783 4969 964 5022 αὐτῶν
995 4968 1075 5037 τῷ
1106 4972 1436 5037 φρονήματι,
1470 4968 1503 5036 ἢ
1536 4967 1645 5020 τῶν
1666 4966 1793 5020 δυσ-

201 5063 386 5115 σεὸῶν
403 5064 549 5131 sitm;
565 5062 698 5132 ητάς
724 5061 1010 5129 δογμάτων
1028 5064 1323 5128 γεγονότας
1348 5061 1635 5113 κάκεινουε
1657 5057 1795 5128 μετά

197 5154 299 5207 τοῦ
364 5154 719 5222 φρονήματος
754 5152 827 5213 ὡς
862 5154 1079 5214 άσεὸεῐς
1129 5153 1577 5221 ἀποπέμπεσθαι.
1609 5152 1793 5205 Ταῦτα

196 5247 382 5309 τίνεςς
410 5245 487 5297 Oi
511 5246 782 5298 νεανίσκοι
819 5248 921 5314 μὲν
946 5246 1046 5314 τὴν
1062 5246 1343 5310 ἀπόνοιαν,
1376 5245 1608 5307 δεδιότες
1641 5244 1788 5317 [μοι.

200 5338 578 5391 νεανίσκοι....
601 5336 884 5408 ἅδειότες]
912 5336 968 5390 δὲ
1012 5338 1087 5407 μή
1112 5338 1214 5389 πού
1257 5355 1309 5389 τι
1336 5338 1444 5391 τῶν
1472 5339 1795 5408 ἀτολμήτων

199 5429 475 5497 διαφυγὸν
509 5430 693 5482 αὑτῶν
727 5430 827 5500 τὴν
874 5431 1081 5499 τόλμαν
1128 5431 1435 5500 ἄπρακτον,
1481 5434 1581 5485 ὃσα
1614 5448 1676 5499 γε
1726 5434 1792 5500 τῇ

201 5522 359 5589 σφῶν
387 5522 585 5593 γνώμῃ
648 5524 743 5574 καὶ
791 5524 995 5593 σπουδῇ
1035 5523 1269 5591 γένοιτο.
1323 5525 1461 5577 Οὐδὲ
1530 5527 1641 5594 γὰρ
1674 5525 1799 5578 οὐδ’

197 5617 444 5684 ἤρκεσεν
481 5615 665 5677 αὑτοῖς
702 5613 826 5666 οὔτε
864 5617 959 5683 τῆς
982 5615 1323 5684 Δεσπιτικῆς
1382 5617 1567 5685 φωνῆς
1618 5620 1649 5687 ἡ
1682 5618 1795 5670 δια-

207 5705 428 5774 στροφὴ
454 5702 583 5757 οὕτε
610 5706 706 5757 τοῦ
745 5709 989 5775 κήρυκος
1028 5707 1103 5775 (2)
1126 5706 1229 5777 τῆς
1253 5704 1538 5771 εὐσεϐείας
1584 5711 1617 5779 η
1659 5710 1797 5778 πρὸς

267 5892 347 5960 (1)
382 5889 609 5948 Phrasis
660 5890 887 5948 Joannis
946 5893 1269 5949 Damasceul
1328 5910 1474 5965 sape
1534 5897 1789 5965 allegatu.

1827 4570 1869 4623 ι)

1900 3413 1969 3453 ει
1998 3398 2198 3464 Patre;
2229 3413 2404 3467 neque
2435 3407 2615 3452 tamen
2658 3399 2869 3454 idcirco
2905 3400 3147 3470 Spiritus
3190 3412 3481 3472 generatus

1899 3499 2004 3554 est,
2047 3492 2175 3560 quia
2222 3491 2665 3560 prOgressionem
2715 3490 2879 3545 simul
2928 3491 3069 3548 Filio
3117 3502 3172 3548 et
3205 3509 3310 3549 una
3356 3509 3480 3548 cum

1901 3582 2062 3646 Filio,
2118 3583 2232 3636 imo
2275 3582 2460 3652 potius
2493 3584 2659 3636 etiam
2696 3598 2791 3653 per
2836 3582 3037 3638 Filium
3097 3584 3304 3654 absque
3346 3592 3481 3638 tem—

1897 3689 2029 3745 pore
2061 3681 2117 3728 et
2165 3674 2452 3728 intervallo
2496 3674 2616 3737 vel,
2668 3684 2730 3729 ut
2771 3677 2945 3747 magis
2983 3678 3204 3747 proprie
3258 3677 3477 3739 dicam_

1862 3782 1985 3823 esse
2040 3767 2344 3837 procedens
2416 3780 2655 3836 semper,
2695 3766 2939 3839 Spiritus
2988 3773 3263 3826 exsistens
3292 3780 3343 3824 et
3384 3784 3463 3824 ne-

2534 3952 2839 4009 TEXTUS.

1969 4046 2173 4101 Verum
2220 4059 2510 4114 quousque
2566 4046 2784 4099 tandem
2840 4047 3005 4102 rebus
3048 4048 3161 4117 jam
3221 4049 3377 4119 plene
3416 4068 3480 4107 ac

1900 4140 2258 4195 multifariam
2292 4139 2685 4194 demonstratis
2717 4140 3125 4195 immorandum
3179 4144 3320 4209 erit,
3355 4160 3479 4199 euut

1900 4231 2085 4301 potius
2132 4238 2388 4299 oporteat
2431 4229 2617 4291 etiam,
2659 4230 2703 4282 si
2739 4228 2871 4297 quid
2931 4230 3080 4283 aliud
3128 4244 3227 4298 pro
3269 4233 3483 4298 nequis-

1898 4326 2038 4380 sima
2071 4338 2170 4379 sua
2226 4323 2498 4378 sententia
2532 4321 2839 4392 proferunt,
2891 4323 3202 4393 dissipare?

1964 4417 2053 4472 66.
2092 4413 2439 4472 Ambrosium
2486 4424 2541 4469 et
2588 4416 2958 4484 Augustinum
3004 4425 3059 4469 et
3094 4414 3483 4483 Hieronymum

1898 4519 1951 4565 et
2006 4509 2298 4563 nonnullos
2364 4508 2503 4562 alios
2562 4507 2802 4577 dogmati
2864 4506 3123 4561 Ecclesiae
3180 4506 3484 4575 objiciunt;

1900 4602 2150 4671 inquiunt
2212 4599 2359 4655 enim
2414 4599 2483 4653 ab
2548 4599 2679 4668 ipsis
2729 4598 2936 4663 doceri,
2973 4596 3235 4667 Spiritum
3288 4613 3486 4668 proce-

1901 4694 2030 4748 dere
2058 4708 2124 4747 ει
2161 4691 2321 4748 Filio.
2354 4690 2583 4760 Oportet
2610 4699 2789 4744 autem
2814 4689 3015 4760 (aiunt)
3054 4697 3276 4744 sanctos
3292 4690 3486 4744 Patres

1901 4786 2202 4857 impietatis
2253 4786 2469 4841 crimini
2519 4799 2626 4840 non
2677 4782 2971 4851 subjicere.
3004 4782 3099 4836 Vel
3125 4782 3272 4837 enim
3304 4782 3391 4851 pie
3421 4797 3484 4835 ac

1902 4889 2050 4934 recte
2080 4879 2245 4934 locuti
2268 4885 2421 4942 sunt,
2442 4887 2497 4930 et
2522 4878 2723 4932 debent
2746 4874 3059 4945 quicunque
3080 4889 3176 4929 eos
3200 4884 3259 4929 ut
3297 4872 3487 4928 Patres

1903 4980 2227 5041 agnoscunt,
2259 4971 2502 5039 ipsorqu
2527 4968 2811 5022 sententiae
2830 4967 3141 5022 consentire
3167 4982 3182 5030 ;
3213 4965 3297 5020 vel
3319 4966 3483 5035 impia

1901 5064 2138 5116 docuere
2170 5060 2453 5129 dogmata,
2482 5069 2536 5113 et
2572 5069 2703 5113 tunc
2735 5067 2949 5128 oportet
2976 5058 3099 5112 illos
3130 5072 3348 5127 quoque
3379 5072 3485 5111 una

1901 5171 2024 5209 cum
2105 5156 2347 5224 ipsorum
2425 5153 2675 5208 doctrina
2743 5151 2890 5205 velut
2950 5151 3148 5220 impios
3236 5150 3484 5220 rejict-ro.

1902 5247 2029 5301 Haec
2059 5260 2191 5301 vero
2226 5246 2451 5315 quinam
2485 5244 2710 5299 dicunt?
2736 5241 2777 5297 li
2812 5242 3095 5307 nimirum,
3132 5242 3481 5312 quijuvenili

1904 5340 2032 5393 elati
2063 5339 2373 5408 arrogantia
2411 5347 2581 5405 atque
2612 5335 2917 5389 temeritate
2942 5344 3221 5397 verentur,
3250 5348 3316 5385 ne
3348 5332 3488 5385 forte

1902 5433 2198 5501 quidquam
2231 5431 2687 5500 gravissimorum
2741 5426 3049 5482 facinorum
3104 5426 3367 5479 infectum
3415 5424 3489 5478 ir-

1904 5524 2181 5591 ritumquc
2217 5522 2556 5589 relinquant,
2586 5528 2853 5589 quantum
2904 5520 2957 5573 in
3000 5519 3135 5589 ipsis
3164 5528 3268 5573 est.
3301 5517 3491 5586 Neque

1902 5616 2047 5667 enim
2100 5615 2235 5668 satis
2282 5614 2404 5668 istis
2459 5612 2583 5676 fuit,
2632 5614 2975 5667 Dominicam
3021 5612 3353 5680 pervertisse
3396 5626 3493 5662 vo-

1902 5722 2041 5770 cem,
2072 5720 2248 5774 neque
2272 5705 2488 5769 pietati,
2509 5710 2745 5773 prmconi
2774 5705 3066 5773 impietatis
3095 5703 3363 5760 inussisse
3389 5716 3489 5757 no-

1974 5878 2047 5948 (2)
2080 5877 2241 5933 Laur.
2267 5880 2389 5935 cod.
2419 5880 2579 5935 habet
2618 5878 3003 5949 κηρύγματος.
