4214 6448
223 409 332 475 817

996 407 1451 469 ΒΕΡΠΤΑΤῘΟ
1486 408 1853 467 PHOTIANI
1906 406 2113 465 LIBRI
2156 406 2253 466 DE
2295 403 2613 465 SPIRITU
2653 406 2713 463 S.

3386 400 3489 470 8l8

224 518 462 583 φαίνεις,
494 516 589 571 καὶ
631 516 889 581 ἀσεϐείας
921 519 1157 587 ἐσχάτης
1190 518 1247 569 ἐν
1278 518 1612 587 προσωπείῳ
1652 531 1839 584 στορ-,

1933 532 2015 570 iac
2050 526 2142 571 tua
2188 517 2303 584 lege
2357 516 2501 579 illos,
2546 515 2639 583 qui
2693 512 2767 567 nil
2799 510 3071 581 ejusmodi
3108 511 3356 567 sanxisse
3398 514 3495 565 tle-

225 609 331 677 γῆς
350 611 445 662 καὶ
470 610 687 672 εὐνοίας
704 609 861 678 δίκην
884 612 1137 670 ἀπαιτεῖς
1162 628 1177 675 ;
1203 608 1266 660 οὐ
1294 609 1404 678 γάρ
1427 607 1567 660 καλά
1596 624 1677 660 σοι
1701 608 1811 659 τῶν

226 700 632 770 ἀγωνισμάτων
650 702 717 754 τὰ
737 702 993 771 ἐπίχειρα
1018 702 1115 770 (1).
1152 700 1291 754 Ἀλλ’
1307 701 1409 768 δρα
1432 701 1530 769 τῆς
1554 699 1813 763 ἀσεϐείας

226 794 328 857 τὴν
358 790 665 861 ὑπερϐολὴν
696 792 789 845 καὶ
820 795 919 859 τῆς
950 791 1283 861 κακοσχόλου
1299 791 1525 861 γνώμης
1560 792 1621 843 τὸ
1647 790 1814 845 ἀσύν-

228 896 375 932 ετον.
410 881 503 944 Είς
541 882 876 955 συνηγορίαν
904 882 1102 949 ἄγουσι
1138 882 1230 935 τὸν
1268 882 1578 950 Δεσπότην,
1618 882 1813 947 πεφώ-

232 989 432 1039 ρανται
465 973 948 1042 συκοφαντοῦντες
968 990 980 1002 ⁸
1009 976 1279 1027 ἐκάλεσαν
1313 975 1657 1044 συνηγόρους
1682 977 1813 1038 τοὺς

231 1066 509 1134 μαθητὰς,
557 1066 809 1122 ἑάλωσαν
834 1068 1125 1130 κάκείνους
1154 1067 1247 1120 τὸν
1274 1067 1438 1120 αὑτὸν
1467 1068 1667 1138 τρόπον
1720 1084 1816 1120 πε-

230 1155 583 1224 ριϐάλλοντες
653 1160 1091 1227 συκοφαντίαις’
1149 1160 1465 1226 κατέφυγον
1510 1160 1673 1213 πάλιν
1732 1162 1815 1223 εἰς

231 1244 511 1314 Πατέρας,
541 1248 637 1300 καὶ
658 1250 777 1303 ἀντὶ
795 1249 961 1318 τιμῆς
994 1248 1239 1321 μεγάλην
1257 1249 1440 1303 αὐτῶν
1473 1266 1577 1304 κατ
1594 1294 1601 1299 .
1620 1253 1804 1320 χέουσι

229 1336 608 1408 βλασφημίαν.

305 1619 405 1684 ξδ’.
460 1623 569 1675 Καὶ
598 1622 854 1693 Πατέρας
914 1624 1015 1692 μέν
1071 1624 1297 1678 καλοῦσι
1352 1627 1609 1695 (καλοῦςι
1644 1629 1815 1699 γὰρ),

226 1712 477 1781 ἀλλὀὐχ
528 1713 614 1765 ῖνα
634 1714 694 1767 τὸ
720 1715 827 1767 τῶν
898 1715 1162 1783 Πατέρων
1224 1718 1570 1785 άπονείμωσι
1625 1722 1817 1791 γέρας,

225 1805 344 1855 ἀλλ’
392 1795 477 1856 ’ἵν’
531 1807 809 1875 εὖρήσωσι
842 1807 922 1860 δι’
950 1801 1025 1861 ὧν
1085 1808 1153 1861 ἂν
1182 1810 1321 1875 γένο·
1343 1827 1435 1862 vro
1466 1814 1812 1881 πατραλοῖαι.

228 1896 341 1949 Καὶ
358 1898 482 1949 οὐδὲ
504 1898 601 1968 τὴν
624 1898 719 1951 τοῦ
741 1899 798 1951 θε
814 1902 1031 1953 επεσίου
1056 1901 1268 1955 Παύλου
1293 1905 1577 1973 φρίττουσι
1605 1906 1757 1976 φωνὴ
1775 1926 1810 1969 ι,

224 1994 292 2058 ἣν
320 1991 481 2043 αὐτοὶ
520 1993 661 2043 κατὰ
710 1992 817 2045 τῶν
878 1996 1138 2064 Πατέρων
1186 1995 1372 2049 αὐτῶν
1434 1999 1571 2065 μετὰ
1616 2000 1815 2067 πολλῆς

225 2087 638 2156 ἀπορρίπτουσι
671 2088 767 2157 τῆς
790 2092 1147 2158 κακουργίας.
1174 2091 1277 2142 Καί
1305 2092 1411 2159 γάρ
1443 2088 1599 2155 οὕτος
1652 2094 1680 2144 ό
1718 2095 1817 2165 τὴν

224 2178 486 2242 ἐξουσίαν
521 2180 703 2233 λαϐὼν
735 2182 959 2251 δεσμεῖν
993 2184 1089 2235 καὶ
1142 2182 1314 2245 λύειν,
1352 2185 1447 2236 καὶ
1488 2185 1547 2237 τὸ
1607 2186 1697 2238 τοῦ
1734 2186 1820 2237 δε.

228 2274 373 2343 σμοῦ
409 2276 644 2346 φοϐερὸν
682 2277 801 2340 ἅμα
833 2280 923 2329 καὶ
952 2278 1218 2345 κραταιὸν
1247 2278 1433 2347 (μέχρι
1477 2280 1585 2345 γὰρ
1643 2281 1815 2347 αὐτῆς

228 2367 572 2435 ἀναφέρεται
599 2369 694 2438 τῆς
721 2368 1002 2437 βασιλείας
1040 2368 1150 2421 τῶν
1196 2370 1491 2439 οὐρανῶν),
1528 2364 1687 2433 οὗτος
1742 2374 1807 2442 δὴ

230 2478 297 2525 με
311 2462 453 2532 γάλη
479 2464 573 2514 καὶ
611 2463 915 2532 διαπρυσίῳ
934 2464 1175 2532 κέκραγε
1197 2464 1260 2533 τῆ
1287 2467 1440 2534 φωνῇ
1461 2483 1473 2493 ·
1498 2466 1623 2517 Κᾶν
1648 2466 1819 2533 ἡμεῖς

228 2553 265 2619 i)
296 2552 559 2621 ἅγγελος
616 2555 686 2617 ἐξ
706 2552 973 2622 οὐρανοῦ
1002 2556 1455 2623 εὐαγγελίζηται
1508 2556 1648 2625 ὑμῖν
1679 2560 1819 2625 παρ’

226 2644 259 2698 ὃ
318 2646 818 2714 εὐηγγελιζόμεθα
888 2650 1053 2717 ὑμῖν,
1118 2650 1389 2717 ἀνάθεμα
1429 2652 1607 2705 ἔστω.
1667 2653 1821 2705 Παῦ-

226 2739 320 2801 λος
346 2742 379 2807 ἡ
430 2740 689 2809 ἀτίγητος
717 2743 815 2809 τῆς
858 2740 1186 2809 Ἐκκλησίας
1224 2741 1459 2807 σάλπγξ,
1498 2744 1525 2795 ὁ
1566 2742 1822 2807 τοσοῦτος

231 2835 327 2886 καὶ
373 2832 694 2901 τηλικοῦτος
742 2836 867 2893 τοὺς
921 2834 1073 2903 παρὰ
1108 2834 1167 2886 τὸ
1233 2834 1573 2902 Εὖαγγέλιον
1626 2836 1819 2905 ἔτερόν

228 2944 284 2977 τι
359 2926 683 2993 τολμῶντας
740 2927 1003 2993 φρόνημα
1066 2926 1253 2979 λαϐεῖν
1296 2926 1393 2982 καὶ
1448 2928 1813 2996 παρεισάγειν

226 3018 308 3089 τῷ
360 3018 665 3086 άναθέματι
718 3019 1128 3089 παραπέμπει·
1163 3020 1260 3075 καὶ
1310 3022 1371 3074 οὐ
1437 3023 1563 3081 sub:
1622 3021 1819 3083 ἄλλους

235 3112 423 3180 μό,ον,
444 3113 643 3172 οἵτινες
667 3113 829 3164 τοῦτο
851 3115 1213 3183 τολμήσειαν,
1248 3116 1411 3184 ἀραῖς
1469 3115 1818 3183 ἀνυπερϐλή-

1916 608 2170 677 prehensi
2209 617 2358 670 sunt,
2413 608 2629 675 iniquos
2675 606 2918 676 legisque
2971 603 3265 659 violatores
3307 602 3498 657 decla-

1916 716 2006 754 ras
2034 713 2403 769 extremaeque.
2439 700 2735 766 impietatis
2776 698 2879 753 sub
2911 698 3114 751 amoris
3166 696 3496 750 benevolen-

1915 796 2112 863 tiirque
2140 796 2287 848 larva
2318 808 2441 848 reos
2470 793 2725 863 julicas?
2752 792 2868 847 Non
2918 791 3061 844 bona
3103 798 3320 843 tuorum
3370 795 3500 842 sunt

1917 890 2224 943 studiorum
2254 902 2660 956 eonatuumque
2686 887 2927 956 praemia.
2969 884 3075 939 Sed
3104 883 3223 937 vide
3254 882 3503 950 impieta-

1917 982 1987 1036 tis
2048 997 2333 1036 excessum
2392 980 2735 1049 improhique
2778 976 3146 1045 insipientiam
3202 972 3393 1027 animi.
3443 970 3498 1024 ln

1920 1088 2081 1127 suum
2133 1074 2500 1143 patrocinium
2556 1080 2755 1125 vocant
2804 1069 3137 1122 Dominum:
3173 1064 3499 1135 deprehensi

1921 1166 2147 1221 fuerunt
2203 1166 2497 1219 mendaces
2552 1173 2607 1217 et
2653 1162 3117 1225 ealutnniatores;
3164 1160 3500 1213 advocarnut

1921 1270 2181 1330 patronos
2235 1259 2519 1328 apostolos
2559 1275 2572 1311 :
2609 1255 2845 1310 convicti
2908 1263 3037 1307 sunt
3094 1253 3229 1307 istos
3285 1267 3504 1320 quoque

1919 1351 2112 1405 eodem
2181 1352 2343 1404 modo
2396 1347 2692 1403 calumniis
2752 1346 3078 1411 allicientes;
3136 1342 3505 1410 confugerunt

1920 1459 2117 1499 rursus
2170 1444 2235 1496 ad
2271 1444 2454 1497 Patres
2490 1458 2502 1494 :
2541 1450 2595 1495 et
2627 1440 2749 1495 loco
2782 1439 3009 1494 honoris
3064 1438 3335 1507 ingentem
3372 1436 3505 1505 ipsis

1920 1536 2314 1604 blasphemiam
2350 1532 2663 1587 olTundunt.

1992 1627 2077 1681 69.
2126 1626 2188 1680 Et
2220 1626 2410 1681 Patres
2451 1627 2669 1695 quidem
2727 1634 2940 1685 vocant.
2979 1625 3051 1678 ita
3095 1633 3199 1685 est.
3242 1623 3334 1677 sed
3384 1638 3490 1674 non

1923 1728 1984 1773 ut
2030 1720 2252 1773 Patrum
2291 1718 2394 1771 illis
2426 1718 2689 1771 honorem
2727 1717 2989 1772 trihuant.
3032 1730 3221 1767 verum
3259 1722 3317 1765 ut
3352 1712 3499 1768 inve-

1927 1812 2099 1871 niant,
2136 1825 2244 1878 qua
2300 1810 2511 1878 possint
2553 1808 2764 1862 ratione
2812 1809 2929 1861 lieri
2980 1807 3284 1874 parricidxe.
3322 1803 3507 1873 Neque

1921 1905 2029 1956 «Ιίιί
2082 1903 2229 1956 Pauli
2280 1905 2709 1971 perhorrescunt
2766 1916 2978 1965 verem,
3026 1914 3187 1969 quam
3227 1908 3408 1951 tamen
3453 1908 3507 1952 et

1923 1997 2021 2063 ipsi
2064 2006 2253 2049 contra
2290 1995 2476 2049 Patres
2533 2009 2663 2049 suos
2722 2009 2828 2047 nun
2885 1994 3003 2047 sine
3040 1991 3247 2061 ingenti
3299 1990 3503 2043 malitia

1921 2094 2307 2154 contorquent.
2344 2138 2347 2144 ,
2386 2084 2482 2139 llic
2543 2072 2689 2139 enim
2752 2087 2846 2155 qui
2908 2096 3234 2154 potestatem
3298 2084 3510 2153 accepit

1926 2179 2126 2245 ligandi
2191 2194 2254 2232 ac
2306 2178 2574 2242 solvendi,
2633 2188 2688 2233 et
2747 2194 2879 2233 sane
2949 2178 3167 2233 vinculo
3224 2178 3510 2231 tremendo

1922 2272 2084 2326 sinu!
2115 2280 2171 2325 et
2204 2273 2385 2325 valido
2432 2272 2727 2341 (pertinget
2771 2271 2916 2324 enim
2958 2271 3024 2325 ad
3061 2270 3236 2338 ipsum
3274 2284 3507 2337 regnum

1921 2362 2236 2425 uariorum),
2267 2363 2379 2427 hic,
2415 2363 2661 2431 inquam,
2688 2361 2887 2428 ingenti
2935 2362 3196 2428 claraque
3241 2359 3513 2413 exclamat

1922 2472 2059 2510 voce
2104 2475 2115 2510 :
2160 2455 2304 2509 Licet
2347 2472 2441 2509 nos
2488 2464 2582 2507 aut
2628 2454 2845 2523 angelus
2890 2454 2954 2505 de
3010 2452 3137 2505 caelo
3189 2453 3509 2519 erangetixt

1923 2551 2066 2604 vobis
2099 2561 2453 2618 praeterquam
2488 2547 2629 2617 quod
2678 2547 3150 2614 euangelizavimus
3183 2547 3343 2607 vobis,
3379 2562 3512 2599 ana-

1926 2643 2098 2701 thema
2133 2642 2218 2693 sit.
2258 2639 2458 2693 Paulus
2489 2654 2689 2693 sonora
2740 2648 2793 2691 et
2850 2653 3127 2705 nunquam
3186 2646 3371 2689 laci-ns
3413 2635 3512 2689 Ec-

1924 2736 2104 2790 clesiae.
2163 2736 2310 2795 tuba,
2372 2734 2451 2785 vir
2500 2740 2685 2787 tantus
2732 2747 2795 2784 ac
2851 2731 2973 2785 talis
3022 2744 3116 2783 eos
3169 2730 3261 2798 qui
3316 2738 3515 2798 praeter

1924 2828 2281 2896 Evangelium
2332 2826 2477 2879 aliud
2528 2827 2833 2893 quidquam
2895 2824 3099 2877 audent
3158 2832 3252 2875 aut
3310 2823 3516 2877 sentire

1926 2933 2020 2977 aut
2054 2922 2251 2975 docere
2299 2918 2632 2973 anathemati
2688 2916 2885 2970 tradit:
2956 2932 3131 2982 neque
3194 2915 3329 2968 alios
3371 2916 3512 2967 dnu-

1926 2994 2205 3081 taxat,qui
2233 3010 2722 3074 hocl'uerintausi,
2773 3008 2909 3061 diris
2956 3008 3241 3061 immensis
3270 3008 3514 3075 subjicit.

1927 3109 2022 3163 scd
2058 3116 2112 3161 et
2144 3106 2246 3161 sibi
2283 3105 2409 3175 ipsi,
2454 3104 2499 3159 si
2550 3119 2677 3158 reus
2725 3102 2990 3163 exsistat,
3029 3100 3277 3155 eamdem
3314 3101 3510 3155 indicit.

227 3204 343 3263 τοῖς
373 3201 597 3270 ὑπάγει.
618 3202 754 3257 ἀλλά
772 3204 867 3257 καὶ
886 3204 1102 3267 ἐαυτὶν,
1143 3204 1327 3273 ἔνοχος
1348 3207 1394 3257 εί
1428 3205 1646 3274 ὀφθείη,
1672 3205 1815 3276 πρὸς

1927 3216 2165 3272 ptenam.
2212 3197 2323 3254 Nec
2381 3214 2447 3252 eo
2489 3214 2665 3265 usque
2705 3205 2968 3250 terrorem
3014 3196 3180 3265 hujus
3229 3197 3516 3250 sentrntia}

226 3297 333 3363 τὴν
356 3296 485 3363 ἴσην
527 3296 761 3349 συνωθεῖ
788 3296 970 3368 δίκην.
1018 3298 1129 3351 Καὶ
1155 3298 1276 3351 οὕδέ
1311 3296 1478 3368 μέχρι
1511 3298 1707 3351 τούτου
1758 3300 1819 3352 τὸ

230 3387 471 3455 φοϐερὸν
495 3388 591 3457 τῆς
624 3387 956 3455 ἀποφάσεως
989 3389 1354 3457 περιγράφει,
1391 3388 1528 3441 ἀλλὰ
1583 3389 1676 3442 καὶ
1728 3392 1820 3442 τὸν

227 3480 468 3548 οὐρανὸν
508 3480 672 3533 αὐτὸν
704 3480 903 3550 ἐρευνᾷ
930 3495 944 3509 ⁶
976 3480 1082 3533 κᾶν
1107 3479 1340 3547 ἄγγελον
1374 3479 1511 3550 εὕρῃ
1546 3482 1654 3543 τοῖς
1694 3482 1814 3533 ⁸ἐπὶ

229 3574 335 3640 γῆς
358 3571 571 3624 ἐκεῖθεν
612 3573 913 3625 ἐπιστάντα
938 3572 1034 3625 καὶ
1056 3572 1247 3641 ἕτερόν
1282 3589 1334 3625 τι
1400 3574 1553 3643 παρὰ
1613 3575 1673 3626 rb
1730 3574 1821 3626 εὑ-

230 3664 531 3732 αγγελικδν
594 3662 1090 3732 εὐαγγελιζόμενον
1136 3668 1424 3734 κήρυγμα,
1472 3667 1586 3727 τοῖς
1612 3666 1823 3735 ὁμοίοις

228 3758 455 3823 ὖεσμοῖς
481 3756 778 3809 ὑποϐάλλει
808 3756 1003 3826 καὶτῷ
1024 3756 1258 3827 διαϐόλῳ
1288 3760 1679 3827 παραπέμπει.
1713 3758 1823 3810 Καὶ

232 3850 299 3903 σὺ
338 3849 589 3919 Πατέρας
618 3848 926 3915 ἀνακαλῶν,
966 3848 1052 3918 ἐφ’
1088 3847 1246 3918 ὕϐρει
1302 3849 1403 3919 μὲν
1468 3850 1578 3902 τῶν
1617 3852 1825 3903 Δεσπο·

226 3944 408 3995 τικῶν
438 3943 749 4012 δογμάτων,
789 3944 887 4011 ἐφ’
913 3941 1070 4013 ὕϐρει
1095 3942 1153 3995 δὲ
1186 3941 1279 3994 τοῦ
1317 3942 1701 4012 κηρύγματος,
1763 3938 1824 3995 οὕ

230 4036 500 4103 γεγόνασι
563 4037 805 4105 κήρυκες
840 4036 891 4087 οῖ
920 4033 1159 4103 μαθηταὶ
1184 4034 1286 4104 (9.),
1327 4035 1413 4102 ἐφ’
1452 4034 1607 4105 ὕϐρει
1631 4035 1826 4088 πασῶν

230 4129 344 4180 τῶν
387 4127 789 4196 οἰκουμενικῶν
840 4122 1097 4189 συνόδων,
1152 4127 1240 4194 ἐφ’
1289 4125 1444 4197 ὕϐρει
1491 4127 1544 4180 δέ
1596 4128 1694 4197 τῆς
1725 4128 1829 4180 ἀνά

234 4224 424 4275 πᾶσαν
457 4223 555 4291 τὴν
589 4222 921 4292 οἰκουμένην
956 4220 1373 4292 κηρυττομένης
1410 4219 1739 4289 εὖσεδείαςιῖ
1765 4222 1826 4274 οὗ

232 4314 487 4383 φρίττεις
520 4312 639 4365 οὐδὲ
667 4314 889 4381 τρέμεις
930 4311 1050 4363 οὐδὲ
1091 4312 1507 4381 καταπτήσσεις
1538 4311 1639 4377 τὴν
1665 4312 1827 4364 ἀπει-

235 4408 341 4473 λήν
370 4422 386 4470 ;
422 4403 558 4455 ἀλλά
585 4406 680 4456 καὶ
711 4404 837 4466 τοὺς
871 4404 997 4465 σοὺς
1032 4403 1280 4471 Πατέρας
1312 4403 1357 4453 εί
1389 4401 1463 4472 μὴ
1486 4402 1691 4471 ταύτης
1716 4419 1831 4455 κοι-

236 4501 451 4560 νωνοὺς
512 4498 782 4567 ποιήσεις,
822 4496 1060 4549 ἀϐίωτόν
1113 4504 1211 4549 σοι·
1244 4496 1335 4547 τὸν
1369 4496 1483 4565 βίον
1527 4498 1635 4567 ἡγῇ
1662 4513 1675 4526 ⁸
1734 4500 1829 4550 καὶ

1925 3296 2069 3349 sistit
2121 3310 2185 3348 ac
2235 3293 2480 3356 litnitat;
2532 3291 2625 3346 sed
2684 3300 2737 3345 et
2789 3292 2957 3345 caelos
3013 3290 3163 3359 ipsos
3213 3301 3510 3351 scrutatur,

1925 3387 2108 3454 ibique
2157 3386 2199 3439 si
2242 3385 2324 3439 vel
2369 3384 2623 3452 angelum
2664 3382 2907 3438 inveniat
2953 3383 3268 3436 hominibus
3323 3398 3352 3436 a
3408 3382 3515 3435 Deo

1925 3476 2242 3546 praefectum
2285 3486 2339 3529 et
2384 3475 2531 3531 aliud
2572 3475 2855 3545 quidpiam
2903 3484 3098 3544 praeter
3134 3475 3508 3544 evangelicam

1926 3571 2371 3642 praedicationem
2449 3570 2939 3639 evangelizantem,
2998 3568 3224 3637 paribus
3280 3567 3505 3635 Sttbjicit

1928 3664 2159 3719 \inculis
2207 3673 2262 3718 et
2318 3664 2385 3717 ad
2453 3662 2731 3717 diabolum
2796 3662 3081 3717 amandat.
3118 3659 3181 3714 Et
3216 3670 3272 3714 tu
3328 3660 3517 3714 Patres

1927 3756 2169 3822 allegans
2205 3758 2255 3809 in
2294 3755 2686 3809 contumeliam
2720 3753 3131 3807 Dominicorum
3167 3752 3511 3821 dogmatum,

1931 3849 1981 3902 in
2038 3847 2430 3902 contumeliam
2491 3830 2939 3916 praedicationis,
3017 3845 3176 3913 cujus
3234 3859 3517 3912 praecones

1929 3940 2261 3994 exstiterunt
2338 3938 2618 4007 apostoli,
2688 3938 2739 3991 in
2800 3940 3191 3991 contumeliam
3251 3941 3499 3991 omnium

1930 4032 2401 4086 tecumenicarum
2435 4030 2795 4100 synodornm,
2831 4031 2885 4083 in
2917 4031 3301 4084 contumeliam
3338 4033 3515 4100 ῃίιϊι-

1932 4127 2019 4187 tis.
2052 4141 2173 4196 qua:
2210 4134 2322 4179 toto
2356 4124 2685 4192 praedicatur
2712 4124 2865 4183 orbe,
2894 4138 2998 4176 non
3038 4126 3233 4176 horres
3260 4139 3359 4177 nec
3386 4139 3519 4177 cou-

1933 4219 2209 4273 tremiseis
2244 4233 2343 4273 nec
2368 4217 2688 4286 expavescis
2721 4216 2940 4269 minas?
2965 4215 3070 4270 Sed
3098 4225 3148 4269 et
3182 4228 3304 4270 tuos
3327 4216 3516 4270 Patres

1931 4312 2038 4367 nisi
2067 4312 2184 4379 eius
2210 4310 2459 4365 criminis
2494 4309 2787 4379 participes
2826 4308 3070 4375 efﬁcias,
3101 4309 3509 4363 intolerabilem

1934 4405 2027 4459 tihi
2063 4407 2227 4459 vitam
2272 4403 2582 4459 arbitraris.
2640 4404 2705 4457 Et
2762 4401 2963 4457 Paulus
3021 4418 3089 4457 ne
3133 4403 3516 4472 ineorpoream

1935 4498 2153 4565 quidem
2202 4506 2421 4549 veretur
2458 4504 2708 4556 naturam
2757 4510 2853 4549 nee
2896 4496 3113 4565 penitus
3155 4504 3337 4560 curat,
3371 4498 3517 4565 quod

234 4592 264 4642 ό
304 4589 409 4659 μὲν
457 4588 577 4640 οὐδὲ
609 4588 708 4656 τὴν
755 4587 1050 4657 ἀσώματον
1116 4585 1426 4638 εὐλαϐεῖται
1494 4586 1659 4655 φύσιν
1707 4587 1828 4640 οὐδὲ

1937 4588 2114 4653 angeli
2150 4598 2205 4639 nt
2238 4596 2443 4639 mentes
2477 4602 2623 4655 purae
2659 4602 2792 4655 pure
2830 4597 2995 4655 atque
3019 4587 3335 4642 immediate
3365 4603 3523 4642 com-

238 4682 322 4733 Ξτι
352 4679 431 4740 ὡς
459 4678 577 4740 νόες
606 4677 841 4746 καθαροὶ
868 4677 1130 4745 καθαρῶς
1164 4679 1258 4730 καὶ
1292 4678 1514 4745 ἀμέσως
1540 4678 1618 4747 τῷ
1648 4678 1821 4749 κοινῷ

238 4772 643 4843 παριστάμενοι
703 4769 970 4841 Δέσπότῃ,
1022 4770 1173 4822 οὐδὲν
1206 4770 1410 4822 τούτων
1456 4772 1831 4838 δυσωπήσεως

235 4862 501 4934 ἀφορμὴν
519 4864 774 4927 ποιεῖται,
804 4862 939 4915 ἀλλά
967 4865 1079 4924 τοῖς
1110 4862 1373 4929 ἐπιγείοις
1398 4864 1453 4915 ἐν
1478 4866 1578 4933 ἴσῳ
1607 4866 1742 4934 πρὸς
1772 4866 1832 4916 τι)

235 4956 498 5022 ἀνάθεμα
527 4956 806 5025 κατασπᾷ.
840 4946 910 5007 Eb
938 4955 994 5008 δὲ
1034 4954 1089 5009 Ἀ
1103 4956 1302 5026 μϐρόσι
1321 4976 1364 5007 ,ν
1392 4957 1485 5009 καὶ
1528 4957 1830 5023 Αὐγουστῖ-

235 5065 330 5099 νον
356 5047 603 5109 καὶτοὺς
625 5046 815 5109 ἄλλους
847 5044 974 5115 (φεῦ
1008 5046 1175 5117 τιμῆς
1199 5048 1450 5115 ὀλεθρίας
1488 5049 1499 5100 ι
1540 5048 1831 5117 )ῐ1ατέρας

238 5138 431 5193 καλῶν
460 5139 602 5190 κατὰ
628 5138 727 5209 τῆς
752 5138 1094 5207 Δεσποτικῆς
1124 5138 1471 5202 άνοοπλίζων
1527 5156 1826 5207 μυσταγω-

235 5234 367 5298 γίας
396 5230 752 5299 ἀνεκτότερον
778 5230 879 5282 οἴει
905 5232 965 5282 τὸ
994 5229 1319 5300 κατάκριμα
1362 5232 1394 5298 ἥ
1426 5232 1564 5282 κατὰ
1594 5230 1825 5283 σεαυτοῦ

236 5323 271 5389 ἦ
301 5320 427 5374 κατ’
455 5320 681 5373 ἐκείνων
715 5320 1087 5385 ἐπισπάσθαις
1123 5323 1195 5372 ω
1238 5320 1347 5388 γάρ
1391 5320 1569 5389 καλήν
1612 5338 1674 5387 γε
1732 5321 1833 5389 τὴν

238 5414 485 5485 ἀμοιϐὴν
509 5416 619 5475 τοῖς
650 5416 761 5476 σοῖς
801 5413 1104 5482 ἀπονέμεις
1136 5414 1383 5482 Ιιατράσι
1409 5428 1423 5443 ’
1486 5415 1546 5465 οὐ
1586 5414 1729 5465 καλὰ
1762 5416 1830 5465 τά

237 5508 473 5575 τροφεῖα
537 5508 649 5568 τοῖς
697 5504 1127 5574 γεννησαμένοις
1202 5504 1631 5574 ἀντεισφέρεις·
1695 5506 1831 5558 ἀλλὰ

238 5599 353 5667 γὰρ
391 5599 470 5657 εἰς
503 5597 599 5666 μὲν
632 5598 758 5659 τοὺς
790 5596 1097 5666 μακαρίους
1114 5595 1316 5664 ἄνδρας
1341 5599 1605 5663 ἐκείνους,
1636 5597 1828 5667 ῶσπερ

238 5692 399 5743 οὑῡὲν
422 5692 610 5755 αὐτοῖς
638 5691 745 5743 τῶν
776 5690 883 5742 σῶν
918 5691 1089 5759 μετῆν
1115 5692 1470 5760 σοφισμάτων
1523 5692 1625 5760 τῆς
1674 5692 1831 5745 ἀπει-

313 5847 393 5917 (Ῑ)
423 5845 585 5903 Laur.
627 5848 764 5902 καλά
802 5866 859 5918 γε
896 5848 1004 5904 τῶν
1040 5848 1129 5918 ἀγ.
1162 5847 1428 5919 ἐπίχειρα.

1937 4681 2085 4733 muni
2124 4680 2387 4733 assistunt
2416 4681 2681 4741 Domino;
2719 4680 2850 4733 nihil
2884 4682 3111 4734 omnino
3138 4681 3332 4735 horum
3365 4697 3522 4735 vere-

1939 4783 2049 4835 tur,
2076 4773 2169 4826 sed
2197 4788 2349 4841 aeque
2378 4787 2442 4826 ae
2480 4781 2730 4827 terrenos
2764 4772 3012 4827 homines
3041 4773 3265 4842 angi-los
3297 4788 3521 4843 quoque

1936 4866 1999 4917 ad
2060 4865 2348 4917 anathema
2398 4864 2684 4931 pertrahit.
2734 4863 2815 4917 Tu
2862 4880 2991 4919 vero
3044 4864 3401 4918 Ambrosium
3460 4875 3516 4918 et

1936 4958 2303 5023 Augustinum
2360 4968 2412 5011 et
2462 4966 2689 5011 czeteros
2748 4957 2875 5027 (heu
2926 4959 3290 5027 perniciosum
3346 4958 3521 5011 hono-

1936 5048 2112 5110 rem!)
2161 5045 2349 5099 Patres
2397 5062 2721 5115 nuncnpans
2772 5057 2825 5101 et
2874 5046 3138 5101 adversus
3182 5047 3519 5101 Dominicatu

1935 5138 2237 5193 doctrinam
2280 5139 2501 5193 eosdem
2556 5139 2609 5191 in
2668 5139 2843 5191 aciem
2904 5137 3211 5204 instruens,
3256 5139 3516 5193 leviorem

1936 5240 2095 5299 putas
2144 5232 2197 5284 in
2252 5241 2303 5285 te
2353 5232 2435 5283 vel
2470 5232 2523 5284 in
2575 5231 2700 5285 illos
2739 5229 3147 5284 damnationem
3196 5231 3523 5285 accersere?

1936 5320 2051 5376 Non
2084 5322 2228 5373 enirn
2261 5322 2455 5375 bonam
2496 5322 2610 5376 tuis
2636 5320 2891 5375 Patrihus
2914 5322 3219 5375 mercedem
3248 5337 3346 5375 nec
3377 5322 3518 5375 hom

1936 5414 2277 5468 edurationis
2330 5417 2551 5483 praemia
2596 5416 2933 5482 genitoribus
2984 5414 3256 5481 rependis.
3292 5412 3523 5466 Verum-

1941 5507 2226 5561 enimvero
2289 5509 2343 5560 in
2393 5509 2512 5561 illos
2555 5509 2775 5575 quidem
2808 5508 2999 5561 beatos
3035 5509 3202 5572 viros,
3250 5507 3520 5574 quemad-

1937 5602 2159 5653 modum
2190 5600 2293 5667 ipsi
2332 5599 2465 5651 nihil
2492 5599 2559 5651 de
2582 5598 2690 5652 tuis
2724 5598 2937 5651 eavillis
2971 5607 3177 5667 tuaque
3206 5600 3513 5667 perricacm

1936 5707 1999 5747 ac
2031 5691 2307 5759 impietate
2331 5693 2753 5761 participabant,
2792 5693 2864 5744 ita
2898 5707 2998 5745 nec
3032 5702 3183 5746 tuum
3227 5692 3529 5747 anathema

2033 5850 2087 5921 2)
2124 5848 2281 5909 Laur.
2310 5850 2355 5902 oi
2383 5850 2668 5918 γεγόνασιν
2698 5849 2744 5903 ol
2782 5847 3044 5923 μαθηταί,
