4214 6448
756 387 866 442 819

1784 381 1994 443 JOAN.
2037 381 2249 442 VECCI
2289 381 2403 441 CP.
2445 382 2955 447 PATRIABCHE

3899 383 4008 447 820

766 499 1069 567 pertingere
1118 499 1389 553 ullatenus
1447 498 1663 565 valebit,
1721 509 1775 553 tu
1829 511 2005 554 tamen
2066 516 2133 555 eo
2184 501 2327 569 quod
2361 504 2403 556 A

2361 504 2403 556 A
2431 504 2582 565 θείας
2610 506 2705 558 καὶ
2734 504 3007 567 ἀσεϐείας,
3036 502 3208 566 οὕτως
3231 501 3352 555 οὐδέ
3396 501 3455 554 τὸ
3478 499 3569 554 σὸν
3620 498 3872 568 ἀνάθεμα
3896 499 4010 567 χώ-

764 684 1018 748 pi-oliari,
1057 683 1343 735 luculentis
1395 682 1548 736 factis
1595 685 1745 737 omni
1797 701 1929 741 voce
1968 685 2171 739 clarius
2214 685 2327 739 cla-

763 774 1039 828 mantibus
1068 776 1355 828 anathema
1376 776 1429 828 in
1465 775 1586 829 illos
1612 775 1845 844 profers.

830 955 919 1009 70.
962 953 1149 1026 Neque
1174 957 1276 1011 hoc
1326 955 1471 1023 dico,
1501 972 1688 1013 revera
1713 972 2052 1028 quaecunque
2082 965 2137 1011 tu
2173 971 2327 1013 asse-

758 1052 858 1113 ris,
889 1050 961 1106 ab
1004 1052 1070 1106 iis
1114 1052 1184 1105 ita
1222 1052 1492 1105 luculente
1546 1052 1721 1115 tradi;
1768 1067 1959 1105 verum
1993 1052 2117 1104 licet
2151 1051 2328 1104 conti-

757 1142 946 1209 gisset,
985 1142 1106 1197 illos
1157 1144 1262 1196 tale
1307 1142 1582 1213 quidpiam
1614 1143 1823 1197 dixisse
1871 1143 2146 1209 (homines
2181 1142 2325 1194 enim

757 1244 910 1289 erant
966 1249 1065 1289 nec
1110 1242 1286 1305 potest
1333 1250 1391 1289 se
1443 1236 1740 1288 immunem
1792 1235 1863 1287 ab
1902 1236 2049 1287 omni
2083 1235 2327 1288 humano

758 1327 906 1394 lapsu
937 1335 1196 1395 perpetuo
1219 1340 1545 1381 conservare
1571 1327 1660 1394 qui
1688 1341 1753 1380 ex
1796 1324 1907 1378 luto
1938 1324 2190 1394 auraque
2222 1341 2328 1379 na-

758 1424 878 1467 tura
906 1424 1142 1478 coustat,
1180 1416 1289 1468 ίιιιο
1322 1430 1712 1482 nonnunquam
1740 1415 1901 1467 etiam
1946 1412 2075 1468 viris
2107 1413 2329 1483 Optimis

756 1507 1128 1561 adnascuntur
1167 1507 1347 1574 aliqua
1385 1506 1606 1574 vestigia
1661 1506 2044 1574 macularum},
2083 1514 2139 1559 et
2196 1507 2329 1559 licet

756 1600 898 1651 forte
933 1599 998 1650 ad
1034 1598 1251 1666 aliquod
1280 1598 1597 1651 indecorum
1635 1612 1699 1651 ac
1730 1608 1885 1665 turpe
1915 1598 2324 1666 fuissentlapsi,

756 1707 855 1758 ego
890 1705 1022 1745 sane
1053 1690 1252 1758 probos
1289 1690 1477 1744 Noemi
1513 1691 1651 1745 filios
1688 1690 1932 1743 imitarer
1965 1699 2017 1743 et
2046 1705 2142 1759 pro
2165 1690 2329 1743 vesti-

759 1781 956 1834 mentis
1000 1781 1220 1835 silentio
1272 1780 1451 1849 potius
1477 1790 1639 1848 atque
1685 1780 2013 1849 gratitudine
2046 1788 2324 1849 paternam

756 1872 1144 1941 turpitudinem
1200 1873 1531 1941 obtegercm,
1579 1886 1683 1924 non
1713 1880 1916 1934 autem,
1963 1873 2039 1924 uti
2079 1882 2133 1924 tu
2166 1872 2324 1936 facis,

754 1963 947 2016 Cbami
992 1978 1250 2032 sequerer
1293 1963 1633 2031 exemplum;
1686 1963 1793 2016 imo
1845 1978 1971 2016 vero
2036 1972 2094 2016 tu
2155 1963 2325 2017 multo

755 2057 1006 2109 acerbius
1027 2055 1115 2108 illo
1138 2066 1300 2123 atque
1317 2054 1686 2124 impudentius
1712 2064 1951 2119 tuorum,
1978 2070 2114 2122 quos
2141 2069 2323 2119 vocas,

768 2150 987 2202 Patrum
1027 2148 1419 2216 turpitudinem
1453 2146 1702 2216 evulgas.
1736 2146 1828 2200 llle
1854 2146 2024 2208 enim,
2060 2162 2168 2201 non
2198 2147 2327 2215 quia

761 2236 1038 2299 revelavit,
1067 2235 1159 2289 sed
1189 2234 1317 2304 quia
1348 2249 1451 2287 non
1483 2232 1698 2294 velavit,
1737 2232 2171 2287 liialcdimionem
2203 2247 2326 2286 sus-

760 2327 958 2388 tinuit;
1008 2336 1063 2378 tu
1099 2338 1229 2377 vero
1278 2334 1332 2376 et
1383 2322 1591 2377 revelas
1635 2332 1691 2375 et
1735 2321 1787 2373 in
1814 2320 1917 2374 hac
1954 2321 2179 2374 audacia
2215 2320 2329 2390 glo-

760 2418 954 2481 riaris;
982 2426 1037 2471 ct
1079 2416 1166 2470 ille
1196 2413 1414 2484 quidem
1451 2413 1709 2469 fratribus
1738 2428 1996 2466 arcanum
2027 2410 2183 2467 effert
2222 2429 2237 2473 ;
2269 2420 2327 2466 tu

759 2523 890 2564 vero
918 2524 1024 2562 non
1058 2506 1324 2563 fratribus
1359 2520 1457 2560 nec
1484 2506 1577 2559 uni
1605 2513 1699 2559 aut
1728 2504 1907 2567 alteri,
1945 2504 2038 2559 sed
2064 2513 2326 2572 quantum

756 2612 841 2655 est
859 2617 926 2656 cx
946 2612 1041 2655 tuo
1066 2609 1264 2654 conatu
1285 2608 1338 2653 et
1359 2598 1688 2667 impudentia
1709 2598 2020 2650 universum
2044 2600 2197 2665 quasi
2227 2604 2331 2649 ter-

760 2707 943 2746 rarum
971 2692 1158 2747 orbem
1189 2691 1457 2745 theatrum
1485 2689 1824 2744 constituens
1857 2686 2057 2755 iungenti
2091 2691 2330 2756 promul-

757 2802 853 2855 gas
879 2787 1143 2847 clamore,
1169 2792 1290 2837 tuos
1331 2782 1520 2837 Patres
1546 2781 1799 2835 sordibus
1824 2778 1997 2833 foedos
2021 2794 2161 2841 esse,
2194 2789 2248 2832 et
2274 2779 2327 2833 in

759 2885 997 2947 ipsorum
1020 2874 1350 2945 turpitudine
1379 2871 1671 2927 luxuriaris
1691 2870 2083 2943 (debatcbaris)
2106 2882 2157 2924 et
2178 2871 2333 2941 igno-

757 2970 926 3025 minia
955 2969 1170 3024 illorum
1190 2966 1393 3038 gaudes
1426 2975 1481 3019 et
1509 2965 1689 3020 socios
1718 2961 1942 3031 quaeris,
1976 2978 2072 3032 per
2099 2979 2234 3032 quos
2262 2965 2328 3017 il-

758 3065 933 3117 lorum
969 3064 1201 3117 dedecus
1227 3074 1289 3114 ac
1314 3058 1714 3114 defOrmitatem
1748 3055 1803 3108 in
1833 3055 2106 3123 publicam
2135 3056 2330 3113 efferas

762 3152 939 3206 lucem
965 3158 1019 3203 et
1055 3148 1373 3204 solemniter
1395 3147 1659 3204 celebres.

827 3245 920 3299 71.
956 3241 1103 3297 Dixit
1129 3241 1469 3311 Augustinus
1497 3250 1550 3298 et
1579 3242 1944 3315 Hieronymus
1985 3244 2249 3313 Spiritum
2298 3254 2327 3293 a

774 3336 912 3391 Filio
968 3335 1281 3406 procedere.
1331 3333 1400 3389 Et
1454 3334 1595 3389 unde
1647 3345 1823 3405 potest
1858 3336 2043 3390 haberi
2084 3342 2177 3389 aut
2210 3331 2328 3387 dari

764 3431 917 3492 fides,
962 3437 1085 3498 post
1136 3436 1215 3482 tot
1257 3441 1431 3482 annos
1481 3428 1726 3497 elapsos,
1774 3444 1881 3482 non
1932 3442 2054 3483 esse
2108 3427 2328 3481 illorum

760 3522 961 3591 scripta
998 3535 1093 3588 per
1127 3520 1389 3574 malitiam
1415 3519 1748 3588 depravata?
1800 3518 1987 3588 Neque
2009 3518 2155 3573 enim
2186 3517 2331 3570 arbi-

761 3613 892 3667 trari
925 3611 1113 3677 debes,
1151 3619 1201 3665 te
1240 3611 1414 3666 solum
1444 3626 1565 3666 esse
1594 3612 1660 3665 ad
1698 3609 2329 3681 impietatem'fervidum

759 3718 812 3760 et
840 3716 891 3760 te
925 3705 1103 3759 solum
1131 3702 1331 3758 audere
1358 3718 1465 3758 non
1493 3704 1740 3758 audenda
1764 3720 1778 3768 ;
1808 3704 1900 3759 sed
1927 3703 2103 3773 potius
2132 3716 2198 3755 ex
2231 3701 2333 3754 hac

762 3798 881 3867 ipsa
911 3796 987 3850 tui
1014 3795 1181 3850 animi
1210 3793 1496 3851 affectione
1517 3805 1726 3865 reputa,
1763 3805 1891 3850 tune
1920 3809 2141 3865 quoque
2170 3792 2329 3847 facile

764 3891 933 3945 fuisse
981 3889 1360 3943 versutissimo
1404 3888 1617 3958 generis
1659 3889 1885 3943 bumani
1938 3886 2080 3942 hosti
2122 3885 2323 3940 talibus

762 3983 909 4037 vasis
941 3982 1241 4037 abundare.

837 4072 923 4128 72.
971 4074 1253 4139 Dixerunt,
1280 4088 1418 4143 quos
1447 4081 1501 4127 tu
1527 4071 1771 4134 adducis,
1810 4071 1934 4125 ista.
1987 4067 2141 4136 Quod
2178 4067 2223 4122 si
2256 4068 2328 4122 ob

764 4165 1002 4234 aliquam
1074 4164 1457 4219 necessitatem
1519 4161 1599 4215 vel
1653 4175 1988 4229 paganorum
2062 4155 2331 4212 insaniam

763 4267 1143 4328 oppugnantes
1174 4255 1257 4311 vel
1286 4255 1449 4309 aliam
1482 4254 1789 4307 haereticam
1817 4252 2130 4319 opinionem
2165 4250 2332 4304 refel-

766 4350 958 4412 leutcs,
994 4348 1078 4401 vel
1109 4349 1419 4402 auditorum
1448 4347 1789 4414 indulgentes
1815 4344 2117 4397 infirmitati
2152 4345 2236 4399 vel
2267 4345 2337 4397 ob

767 4438 970 4507 aquuid
1002 4437 1149 4491 aliud
1187 4437 1274 4492 bis
1304 4436 1508 4501 simile,
1558 4436 1738 4505 qualia
1792 4436 1968 4488 solent
2005 4436 2056 4486 in
2088 4434 2196 4488 vita
2233 4434 2336 4486 Ιιιι-

3231 597 3243 612 ε
3289 594 3334 612 δι
3385 586 3604 612 δοῖμε-

2434 690 2676 759 νομίζεις
2700 687 2762 741 τὸ
2805 688 3063 750 δυσσεϐὲς
3087 684 3533 755 συγκροτεῖσθαι,
3579 681 3857 751 λαμπροῖς
3909 678 4005 750 ερ-

2434 798 2552 851 γοις
2576 781 2673 835 καὶ
2702 783 2887 849 φωνῆς
2910 780 3126 851 ἀπάσης
3143 772 3520 847 γεγωνότερον
3547 792 3647 827 κεκ
3658 774 3853 846 ραγόσι
3885 774 4009 827 κατ’

2433 874 2613 929 αὐτῶν
2648 874 2709 927 τὸ
2746 873 2996 940 ἀνάθεμα
3023 871 3402 943 προκομίζεις.

2498 964 2562 1019 0'.
2611 963 2724 1017 Καὶ
2770 964 2830 1016 οὐ
2877 962 3036 1017 τοῦτό
3101 979 3264 1032 φημι,
3318 962 3403 1015 δτι
3460 962 3680 1023 πάντως
3721 959 3869 1027 ἀπερ
3935 956 4000 1008 σὺ

2432 1056 2788 1125 κατηγορεῖς,
2845 1054 3078 1118 ἐκείνοις
3120 1052 3263 1107 οὕτω
3316 1050 3635 1122 περιφανῶς
3685 1047 4013 1117 δογματίξε·

2431 1163 2546 1211 ται,
2576 1146 2693 1199 ἀλλ’
2720 1147 2771 1198 εί
2808 1147 2905 1198 καὶ
2928 1144 3171 1198 τοιοῦτόν
3187 1162 3239 1199 τι
3269 1144 3569 1197 συνέπεσεν
3595 1140 3798 1202 αὐτοὺς
3832 1139 4011 1190 εἰπεῖν

2432 1236 2733 1305 (ἄνθρωποι
2763 1230 3040 1305 γὰρίῆσαν
3086 1234 3181 1286 καὶ
3203 1230 3551 1300 ἀνθρωπίνου
3583 1225 4005 1298 παρολισθῄιαο

2430 1345 2523 1390 τος
2574 1328 2672 1379 οὐκ
2701 1325 2818 1378 ἔστι
2847 1325 3139 1385 διαπαντὸς
3174 1323 3433 1393 ὑπεράνω
3477 1318 3743 1389 φέρεσθαι
3780 1316 3877 1368 τὸν
3944 1315 4009 1365 ἐκ

2432 1414 2607 1485 πηλοῦ
2645 1414 2739 1468 καὶ
2764 1413 2994 1484 ῥεούσης
3023 1411 3154 1481 ὕλης
3186 1410 3546 1479 συγκείμενον
3571 1422 3583 1435 ·
3622 1406 3747 1458 ἐσθ’
3805 1404 3899 1456 ὅτε
3954 1402 4009 1454 δὲ

2430 1508 2525 1560 καὶ
2577 1508 2689 1569 τοῖς
2738 1505 2980 1574 ἀρίστοις
3037 1500 3327 1569 ἐπιφύεται
3385 1516 3509 1553 τινα
3574 1497 3792 1567 κηλῖδος
3835 1495 4005 1563 ἴχνη)-

2430 1596 2676 1653 ἀλλ¹οὖν
2713 1598 2766 1650 εῐ
2788 1613 2841 1647 τι
2868 1593 3299 1665 παρηνέχθησαν
3345 1587 3812 1660 ἐνασχημονῆσαι,
3885 1586 4011 1648 τοὺς

2432 1688 2783 1759 εὐγνώμονας
2814 1687 2880 1740 ἂν
2916 1685 3025 1739 τῶν
3052 1684 3146 1738 10-3
3185 1682 3311 1737 Νῶε
3342 1681 3550 1735 παίδων
3602 1678 4004 1749 ἐμιμησάμην,

2430 1784 2527 1836 καὶ
2556 1781 2674 1835 ἀντὶ
2700 1778 3065 1847 περιδολαίων
3110 1780 3177 1847 τῇ
3203 1778 3381 1844 σιωπῇ
3424 1773 3625 1842 μᾶλλον
3660 1773 3757 1827 καὶ
3804 1773 4015 1838 εὐγνω·

2432 1871 2643 1943 μοσύνη
2705 1872 2803 1938 τὴν
2862 1868 3138 1937 πατρικὴν
3196 1863 3514 1933 ἐπεκάλυψα
3570 1862 4012 1934 ἀσχημοσύνην,

2427 1964 2549 2033 οὐχί⁵
2582 1964 2626 2017 δ’
2657 1963 2846 2029 ὥσπερ
2872 1963 2935 2015 σὺ
2966 1959 3107 2013 κατά
3126 1957 3217 2011 τὸν
3246 1958 3376 2026 Χάμ
3401 1953 3786 2025 διεπραξάμην
3805 1970 3819 1982 ·
3872 1952 4014 2020 μᾶ).-

2427 2056 2514 2108 λον
2542 2054 2599 2108 δέ
2626 2061 2691 2108 σὺ
2746 2054 2882 2107 πολὺ
2916 2050 3242 2122 πικρότερον
3294 2048 3506 2100 ἐκείνου
3550 2046 3645 2099 καὶ
3688 2043 4015 2099 ἀναιδέστε-

2432 2164 2522 2219 ρον
2564 2147 2688 2209 τοὺς
2745 2146 2993 2216 Πατέρας
3051 2142 3143 2206 οὓς
3179 2141 3458 2213 (1)λέγεις
3503 2140 3581 2200 είς
3614 2136 4018 2205 ἀσχημοσύνην

2431 2239 2792 2308 στηλιτεύειςθ
2820 2239 2849 2290 ὁ
2883 2237 2981 2306 μὲν
3009 2234 3117 2303 γὰρ
3155 2234 3253 2303 οὐχ
3286 2234 3367 2286 ὅτι
3392 2228 3766 2298 ἀπεκάλυψεν,
3792 2226 3913 2278 ἀλλ’
3933 2227 4014 2278 ὅτι

2432 2332 2507 2403 μὴ
2544 2330 2882 2398 ἐπεκάλυψε,
2905 2329 3005 2396 τὴν
3037 2329 3176 2395 ἀρὰν
3210 2326 3401 2395 ὑπέχει
3428 2340 3441 2355 ο
3488 2325 3553 2376 σὺ
3580 2322 3638 2376 δὲ
3672 2322 3770 2375 καὶ
3800 2321 4018 2372 ἀποκαο

2429 2427 2677 2491 λύπτεις,
2708 2425 2801 2478 καὶ
2825 2422 3063 2493 σεμνύνῃ
3099 2424 3164 2490 τῇ
3188 2420 3368 2490 τόλμῃ
3392 2435 3405 2448 ·
3431 2418 3526 2471 καὶ
3544 2419 3572 2470 ὁ
3603 2415 3703 2484 μὲν
3726 2417 3843 2476 τοῖς
3866 2412 4020 2466 ἀδελ-

2438 2522 2560 2589 φοῖς
2615 2518 2677 2572 τὸ
2730 2517 3043 2586 ἀπόρρητον
3102 2513 3352 2582 ἐκφέρει,
3392 2512 3456 2565 σὺ
3521 2510 3575 2562 δὲ
3599 2510 3700 2562 οὐκ
3733 2507 4021 2573 ἀδελφοῖς,

2430 2612 2551 2667 οὐδὲ
2584 2610 2720 2680 πρὸς
2753 2609 2852 2662 ἕνα
2887 2609 2919 2678 ἢ
2947 2608 3062 2671 δύο,
3095 2605 3223 2658 ἀλλ’
3266 2606 3368 2657 ὃσα
3399 2620 3463 2670 γε
3496 2604 3563 2673 τῇ
3588 2604 3651 2671 σῇ
3683 2598 3897 2667 σπουδῇ
3921 2595 4021 2648 καὶ

2430 2704 2796 2775 ἀναισχυντίᾳ
2828 2703 2927 2773 τὴν
2960 2698 3293 2768 οἰκουμένην
3326 2697 3557 2766 θέατρον
3590 2692 3834 2755 καθίζων
3871 2690 4022 2758 μέγα

2436 2801 2535 2871 μὲν
2565 2796 2869 2861 σιλπίζεις,
2900 2796 2975 2857 ώς
3008 2795 3058 2846 οί
3104 2792 3191 2844 σοὶ
3228 2791 3474 2859 Πατέρες
3529 2782 3976 2856 ἐνασχημονοῦσι
4004 2796 4018 2809 ·

2433 2890 2842 2958 ἐνασελγαίνεις
2904 2886 2948 2939 δ’
3017 2884 3198 2938 αὐτῶν
3246 2883 3367 2943 ταῖς
3425 2877 3867 2949 ἀσχημοσύναις.
3925 2872 4023 2925 καὶ

2434 2982 2647 3053 τρυφᾷς
2675 2981 2775 3050 τὴν
2809 2976 2943 3032 κατ’
2980 2978 3209 3029 ἐκείνων
3237 2973 3464 3042 ἀτιμίαν
3491 2985 3507 3002 ο
3565 2969 3662 3021 καὶ
3698 2979 4017 3031 συγχορευ-

2433 3076 2531 3137 τὰς
2575 3075 2759 3144 ζητεῖς
2781 3070 2847 3123 δι’
2876 3063 2949 3122 ὧν
2982 3068 3082 3138 τὴν
3125 3067 3349 3119 ἐκείνων
3380 3061 3542 3132 ὓϐριν
3609 3060 3705 3110 καὶ
3765 3058 4024 3126 ἀσχημο-

2356 3184 2402 3247 C
2438 3166 2605 3235 σύνην
2650 3167 2731 3227 είς
2774 3161 2836 3214 τὸ
2864 3159 3256 3229 λαμπρότατον
3285 3150 3709 3247 πανηγυρίζεις.

2510 3256 2611 3310 οα’.
2674 3253 2839 3308 Εἶπεν
2908 3251 3293 3318 Ἀὑγουστῖνος
3369 3246 3469 3299 καὶ
3535 3242 3866 3310 Ἱερώνυμος
3960 3236 4025 3290 τὺ

2440 3347 2668 3416 Πνεῦμα
2696 3348 2760 3398 ἐκ
2790 3342 2885 3396 τοῦ
2925 3341 3058 3395 Υίοῦ
3086 3336 3507 3410 ἐκπορεύεσθαι.
3530 3333 3658 3418 ⁸Καὶ
3702 3330 3868 3383 πόθεν
3894 3327 4015 3380 ἐστι

2437 3440 2621 3495 λαϐεῖν
2653 3436 2898 3509 ἢδοῦναι
2937 3433 3144 3497 πίστιν,
3193 3430 3450 3484 τοσούτου
3482 3426 3775 3498 ῥεύσαντος
3794 3423 4023 3492 χρόνου,

2438 3535 2521 3587 δτι
2564 3532 2639 3602 μὴ
2667 3527 2851 3583 αὐτῶν
2881 3522 3430 3594 κεκακούργηταιςά
3472 3517 3865 3584 συντάγματας
3926 3512 4026 3580 Μὴ

2439 3626 2549 3695 γάρ
2588 3625 2829 3693 νομίσεις
2856 3622 2932 3693 (2)
2980 3624 3139 3691 μόνον
3190 3615 3390 3668 σαυτὸν
3446 3608 3585 3665 εἶναι
3618 3608 3826 3676 θερμὸν
3876 3605 4020 3674 πρὶς

2441 3715 2698 3771 ἀσέϐειαν
2747 3714 2845 3767 καὶ
2871 3711 3145 3781 τολμηρὸν
3173 3705 3241 3759 τά
3274 3704 3581 3772 ἀτόλμητα,
3637 3696 3754 3751 ἀλλ’
3803 3698 3868 3748 ἐκ
3921 3696 4025 3763 τῆς

2443 3809 2541 3877 σῆς
2570 3805 2893 3873 ἀναλογίζου
2923 3802 3124 3873 μᾶλλον
3167 3797 3422 3868 γνώμης,
3472 3799 3555 3847 ὃτι
3586 3792 3683 3845 καὶ
3710 3787 4027 3859 τηνικαῦτα

2440 3899 2591 3952 οὐδὲν
2619 3897 2680 3951 τὸ
2710 3895 2919 3948 κωλύον
2947 3889 3015 3964 ἦν
3035 3890 3293 3945 τοιούτοιν
3326 3885 3537 3939 σκευῶν
3578 3880 3890 3952 εὐπορῆσαι
3929 3878 4027 3930 τὸν

2442 3990 2827 4060 πολυμήχανον
2855 3988 2952 4040 τοῦ
2986 3985 3179 4053 γένους
3206 3980 3423 4053 ἐχθρόν.

2512 4080 2614 4138 ο6’.
2640 4079 2831 4143 Εἶπον,
2863 4077 2957 4140 οὒς
2996 4077 3060 4129 σὺ
3111 4074 3316 4141 λέγεις,
3342 4071 3539 4125 ταῦτα.
3586 4068 3649 4121 El
3679 4067 3735 4120 δέ
3767 4063 3857 4117 διά
3898 4080 4031 4117 τινα

2444 4174 2768 4245 περίστασιν
2799 4170 2831 4239 ἢ
2860 4168 2997 4239 πρὸς
3042 4164 3400 4232 Ἑλληνιστῶν
3429 4159 3851 4229 ἀντιφερόμενοι
3876 4155 4021 4208 λύσ-

2445 4286 2544 4322 σαν
2572 4266 2604 4336 ἢ
2636 4264 2774 4334 πρὸς
2811 4261 2979 4328 ἀλλην
3006 4257 3295 4328 αίρετικὴν
3325 4253 3729 4323 διαμαχόμενοι
3784 4249 3950 4315 δόξαν
3983 4249 4021 4318 ἦ

2442 4361 2509 4429 τῇ
2574 4356 2685 4410 τῶν
2743 4349 3030 4422 ἀκροατῶν
3068 4345 3598 4414 συγκαταδαίνοντες
3664 4339 3948 4409 ἀσθενείᾳ,
3986 4342 4025 4408 ἦ

2448 4452 2591 4505 πόσα
2623 4445 2852 4501 τοιαῦτα
2874 4443 3228 4509 καθεκάστην
3247 4441 3273 4491 ὁ
3302 4435 3647 4505 ἀνθρώπινος
3675 4431 4030 4486 ἐπιδείκνυσι

768 4542 928 4581 mana
978 4526 1216 4595 quotidie
1254 4526 1504 4597 ,evenire,
1554 4526 1624 4587 si,
1681 4524 1929 4592 inquam,
1979 4523 2048 4577 ob
2098 4522 2333 4592 aliquam
2372 4538 2414 4593 [ι

2372 4538 2414 4593 D
2446 4544 2576 4615 βίος·
2596 4543 2644 4594 εί
2670 4539 2763 4593 οὖν
2793 4536 3020 4599 ἐκείνοις
3047 4536 3137 4589 διά
3156 4549 3208 4585 τι
3226 4530 3483 4599 τούτωνῆ
3506 4530 3598 4583 καὶ
3614 4527 3702 4581 διὰ
3719 4527 3891 4578 πλείω
3911 4540 4031 4575 τοι-

766 4618 1039 4688 ejusmodi
1081 4632 1306 4673 causam
1360 4617 1476 4671 sive
1534 4616 1698 4669 etiam
1757 4615 1828 4668 ob
1875 4616 2059 4684 plures
2100 4613 2167 4667 iis
2202 4615 2340 4668 forte.

770 4714 894 4764 lallS
932 4726 1033 4764 vox
1072 4709 1296 4773 excidit,
1322 4708 1601 4779 quomodo
1650 4715 1707 4760 tu
1738 4707 1881 4776 quod
1924 4706 2001 4759 illi
2036 4721 2142 4759 non
2174 4720 2338 4760 sensu

770 4802 1075 4871 dogmatiro
1125 4798 1582 4866 pronuntiarunt,
1641 4811 1739 4865 pro
1795 4796 2047 4864 dogmate
2110 4812 2173 4851 ac
2224 4796 2342 4864 lege

772 4908 1026 4957 sumens,
1064 4892 1159 4947 tibi
1191 4891 1407 4958 quidem
1446 4890 1545 4960 ipsi
1577 4890 1986 4961 irreparabilem
2026 4906 2181 4945 creas
2216 4906 2339 4960 per-

772 4988 964 5038 IllLlf’Ill
992 5021 1006 5045 ,
1041 4983 1162 5037 illos
1195 4997 1322 5037 vero
1349 4982 1405 5035 in
1433 4992 1579 5036 tuam
1610 4982 1859 5050 abripere
1894 4982 2171 5037 vesaniam
2207 4996 2341 5037 con-

775 5079 953 5131 tendis
972 5080 993 5128 ’ἐ

1334 5167 1780 5224 REFUTATIO.

840 5306 1056 5359 XXVII.
1092 5305 1226 5359 Cum
1256 5306 1566 5367 Ambrosio,
1598 5305 1906 5375 Augustino
1924 5312 1980 5359 et
2011 5303 2344 5375 Hieronymo

774 5398 983 5452 veniam
1030 5399 1326 5461 concedas,
1359 5397 1486 5452 licet
1534 5399 1603 5451 iis
1658 5398 1763 5452 tale
1811 5396 2112 5467 quidquam
2157 5396 2340 5465 eloqui

778 5493 1056 5553 acciderit,
1114 5492 1274 5560 quasi
1318 5505 1418 5559 pro
1451 5490 1560 5544 illis
1596 5489 1968 5545 defensionem
2024 5490 2341 5553 instituens,

779 5585 923 5650 quod
956 5582 1200 5637 homines
1226 5596 1290 5635 ex
1328 5581 1442 5635 luto
1471 5591 1527 5635 et
1565 5580 1709 5637 fluxa
1742 5584 1966 5637 materia
2001 5582 2343 5653 compositos

844 5740 920 5802 (li
958 5738 1121 5791 Laur.
1160 5742 1255 5802 ώς,
1292 5749 1349 5792 ιιι
1377 5738 1549 5792 Vatic.

847 5812 917 5874 t2;
958 5812 1043 5880 λίη
1070 5818 1176 5879 γάρ
1218 5814 1441 5883 νομίσῃς
1476 5811 1641 5867 Laur.

2443 4638 2615 4703 αὐτην
2654 4630 2883 4691 ἐκείνοις
2905 4630 3122 4698 ἀφεῖναι
3140 4628 3401 4681 συνέπεσε
3414 4624 3620 4693 φωνὴν,
3644 4621 3759 4681 πῶς
3781 4618 3848 4670 σὺ
3865 4615 3927 4668 τὺ
3952 4616 4032 4686 μὴ

2446 4726 2588 4781 κατά
2618 4720 2959 4793 δογματικήν
2985 4720 3213 4781 ἐκείνοις
3244 4719 3455 4771 ἔννοιαν
3490 4714 3810 4785 είρημένον,
3842 4710 4031 4779 δόγμα

2447 4817 2542 4869 καὶ
2579 4814 2742 4884 νόμον
2771 4811 2942 4864 ποιῶν
2976 4808 3160 4876 σαυτῷ
3196 4808 3295 4877 μέν
3328 4801 3837 4877 ἀνοήοητον(5)τὴν
3872 4798 4028 4852 ἀπώ-

2447 4907 2598 4957 λειαν
2633 4901 2886 4969 ἐπάγεις,
2911 4896 3154 4961 ἐκείνους
3180 4898 3238 4949 δέ
3273 4894 3677 4965 συγκατασπᾷν
3703 4894 3770 4961 τῇ
3832 4890 3903 4960 σῇ
3936 4903 4033 4959 φι-

2448 4994 2721 5071 λονεικείς.
2738 4991 2965 5062 ἀπονοίᾳ
2982 4990 3061 5062 (ι)
3081 5007 3095 5056 ς

3016 5173 3465 5227 ΑΝΤΙΡΡΗΣΙΣ.

2521 5317 2649 5369 ΚΖ’.
2689 5312 2838 5367 Ἐπεί
2868 5311 2919 5365 Ἀ
2934 5312 3180 5381 μδροσίῳ
3199 5307 3651 5379 συγγιγνώσκεις,
3675 5306 4034 5375 Δύγουστίνῳ

2452 5425 2510 5460 τε
2532 5406 2624 5459 καὶ
2654 5404 2989 5475 Ἱερωνύμῳ,
3020 5406 3069 5456 εί
3098 5403 3191 5465 καὶ
3207 5402 3448 5455 τοιοῦτόν
3478 5419 3526 5454 τι
3557 5400 3853 5454 συνέπεσεν
3885 5398 4034 5450 ἑκεί-

2454 5514 2564 5559 νοις
2594 5498 2789 5559 εἰπεῖν,
2823 5491 3409 5562 ὑπεραπολογούμενος
3438 5492 3628 5561 ὥσπερ
3657 5489 3885 5543 ἐκείνων
3929 5488 4031 5542 ἅτε

2464 5588 2539 5660 μὴ
2566 5588 2683 5642 ἐνὸν
2719 5587 2815 5638 ὁπὲ
2828 5603 2859 5653 ρ
2887 5583 3236 5652 ἀνθρωπίνου
3291 5582 3767 5653 παρολισθήματος
3800 5580 4030 5633 Brunsv-

2526 5741 2604 5805 (ὅ)
2628 5738 2790 5790 Fort.
2820 5736 3141 5804 ἀόοήθητον.

2531 5802 2601 5875 (l;
2648 5809 2807 5863 Laur.
2841 5802 3085 5878 ἀπωλείᾳ
3119 5820 3217 5874 pro
3258 5802 3504 5870 ἀπονοίᾳ.
