4214 6448
258 367 363 428 821

1031 376 1467 435 REFUTATIO
1502 376 1867 435 PIIOTHNI
1920 374 2129 434 LIBRI
2172 373 2267 432 DE
2309 372 2617 434 SPIRITU
2674 376 2737 437 S.

3404 374 3511 437 822

259 483 355 540 τὸς
386 481 651 549 φέρεσθαι
678 485 804 547 τοὺς
834 484 897 538 ἐκ
934 487 1105 556 πηλοῦ
1142 489 1235 541 καὶ
1276 490 1507 559 ῥεούσης
1539 488 1670 557 ὕλης
1704 503 1837 553 συγ·
1867 495 1908 548 Α

1867 495 1908 548 Α
1943 488 2009 539 ah
2041 488 2186 540 omni
2245 488 2483 540 humano
2538 485 2692 556 lapsu
2751 493 3014 555 perpetuo
3067 484 3341 541 immunes
3392 502 3512 542 sese

264 573 585 641 κειμένους,
624 576 711 628 ἵνα
745 577 795 629 τί
830 578 925 645 τῆς
982 582 1319 648 Δεσποτικῆς
1355 582 1539 646 φωνῆς
1587 579 1835 647 διαστρο-

263 663 374 728 φῆν
401 667 496 716 καὶ
522 667 615 718 τοῦ
665 668 1023 739 κηρύγματος
1077 670 1177 740 τῆς
1235 672 1522 734 εὐσεϐείας
1579 669 1835 739 διαϐολὴν

263 752 407 819 πρὸς
436 752 691 807 ἀσέϐειαν
721 757 1032 826 ὀνομάζεις,
1063 759 1200 828 ὅπερ
1231 760 1485 828 λέγουσιν
1532 757 1725 812 Ἰταλοὶ
1760 758 1836 821 ὡς

262 844 343 903 είς
372 844 627 912 Πατέρας
658 847 857 909 αὐτοὺς
889 849 1357 917 καταφεύγοντες,
1413 850 1505 902 καὶ⁵
1558 851 1645 903 ἴνα
1677 850 1727 902 τί
1755 850 1833 911 είς

258 933 364 1002 τὴν
395 934 503 986 τῶν
531 935 815 1006 θεομάχων
846 941 939 992 καὶ
972 941 1315 1010 φθοροποιῶν
1363 943 1559 1013 μοῖραν
1590 941 1833 1004 ἐκείνους

256 1023 674 1079 ἀπελαύνεσθαι
709 1030 886 1096 λέγεις
918 1033 1051 1102 παρ’
1093 1034 1340 1100 Ἰταλῶν,
1397 1036 1560 1103 εἴπερ
1614 1034 1693 1097 είς
1723 1032 1822 1103 τὴν

253 1116 491 1169 ἐκείνων
525 1118 937 1193 διδασκαλίαν-η
988 1124 1271 1195 Ῥωμαῖκὴ
1325 1125 1628 1189 Ἐκκλησία
1694 1126 1832 1179 ἀνα-

252 1206 415 1274 φέρει
446 1208 595 1263 τὸέκ
620 1213 713 1265 τοῦ
736 1213 866 1267 Υίοῦ
900 1217 1079 1283 λέγειν
1107 1217 1167 1267 τὺ
1196 1215 1448 1286 Πνεῦμα;
1478 1218 1538 1271 Ei
1577 1217 1675 1287 μὲν
1722 1217 1833 1288 γὰρ

250 1297 482 1352 ἀσέϐεια
513 1300 574 1353 τὸ
621 1303 763 1357 οὕτω
793 1304 974 1374 λέγειν
1027 1309 1163 1372 ἐστὶ,
1200 1310 1328 1361 ποία
1360 1308 1659 1378 συγγνώμη
1711 1310 1823 1372 τοῖς

249 1387 601 1456 διδασκάλοις
629 1394 1024 1461 ἑπακολουθεῖ;
1055 1402 1101 1450 εἰ
1124 1398 1180 1451 δὲ
1211 1398 1553 1467 ἀνθρώπινόν
1569 1416 1619 1452 τι
1646 1398 1855 1463 ἁπλῶς

250 1481 481 1551 ἥττημα
513 1483 807 1555 ὀνομάζεις
846 1488 905 1539 τὸ
950 1489 1092 1542 οὕτω
1140 1490 1380 1553 ἐκείνους
1415 1494 1610 1556 εἰπεῖν,
1660 1493 1834 1546 πολλά

252 1573 349 1621 κει
387 1571 669 1640 θαύματος
694 1575 819 1641 ἀξια
850 1580 1132 1646 προσεῖναι
1164 1578 1343 1641 αὐτοῖς
1381 1581 1451 1631 τὰ
1480 1579 1619 1632 ἀλλα
1651 1580 1831 1632 πάντα

256 1666 755 1735 προσμαρτυρῶν,
813 1666 882 1720 δι’
933 1663 1011 1721 ὧν
1070 1670 1321 1723 εὐσέϐεια
1377 1671 1678 1740 διαλάμπει
1738 1675 1833 1725 καὶ

252 1755 454 1822 ἀρετὴ,
485 1755 571 1810 ἵνα
593 1758 646 1809 τί
674 1758 994 1814 δυσσέϐειαν
1024 1764 1117 1814 καὶ
1147 1762 1399 1815 ἀσέϐειαν
1430 1762 1665 1833 ἐσχάτην
1693 1765 1831 1817 ἀπο-

1947 594 2161 633 servare
2193 579 2335 634 haud
2382 580 2685 649 contingat,
2722 594 2820 634 cur
2866 578 3164 633 Dominicm
3198 579 3347 633 vocis
3380 594 3505 648 per-

1944 667 2253 723 versionem
2279 682 2332 723 et
2365 669 2631 738 religiosa:
2662 668 3067 739 praedicationis
3096 669 3147 722 in
3176 669 3509 737 impietatem

1942 761 2353 815 conversionem
2412 776 2693 831 nuncupas
2751 762 2893 832 quod
2946 762 3135 817 dicunt
3175 760 3293 815 Itali
3342 771 3398 814 ut
3448 762 3515 816 ad

1945 850 2095 921 ipsos
2136 850 2325 907 Patres
2358 851 2753 921 confugientes,
2798 860 2852 907 et
2880 868 2977 907 cur
3017 853 3071 905 in
3106 861 3288 922 partes
3320 842 3516 919 impi?--

1948 958 2065 996 rmn
2099 952 2153 997 et
2187 943 2617 1013 perniciosorum
2647 944 2714 997 ab
2750 944 2900 1000 Italis
2934 945 3034 999 hos
3059 944 3260 1012 impelli
3286 944 3512 1007 asseris,

1945 1035 2162 1103 quando
2196 1035 2261 1089 ad
2293 1035 2486 1089 horum
2523 1034 2828 1089 doctrinam
2863 1033 3107 1089 Romana
3138 1034 3303 1089 relert
3330 1032 3516 1088 Eccle-

1942 1123 2042 1187 sia,
2092 1124 2232 1193 quod
2266 1140 2331 1179 ex
2376 1123 2515 1180 Filio
2552 1122 2818 1195 Spiritum
2854 1138 2978 1178 esse
3012 1123 3219 1177 tradit?
3264 1124 3319 1177 Si
3364 1124 3509 1177 enim

1943 1216 2048 1270 hoc
2078 1217 2259 1270 dicere
2306 1216 2554 1285 impietas
2583 1227 2688 1278 est,
2721 1216 2899 1286 qualis
2932 1215 3092 1270 venia
3141 1224 3509 1284 consequetur

1939 1322 2058 1374 eos,
2108 1308 2200 1378 qui
2237 1309 2309 1361 ita
2354 1310 2589 1364 docent?
2644 1308 2702 1363 Si
2754 1324 2943 1362 verum
3006 1310 3307 1361 humanum
3361 1306 3513 1360 defe-

1939 1408 2085 1456 ctum
2128 1401 2451 1469 simpliciter
2504 1416 2687 1464 voras,
2737 1400 2881 1469 quod
2936 1400 3035 1453 ista
3096 1400 3339 1462 tradunt,
3383 1414 3510 1464 pro-

1940 1500 2147 1547 testans
2205 1492 2432 1552 interea.
2473 1493 2657 1547 multis
2698 1501 2751 1546 et
2798 1492 3133 1547 admirandis
3206 1492 3425 1544 \‘irttttis
3456 1499 3511 1544 et

1942 1585 2161 1652 pietatis
2192 1584 2582 1652 speciminibus
2614 1582 2788 1652 quoad
2820 1584 2922 1637 alia
2955 1584 3138 1637 omnia
3171 1591 3393 1637 ornatos
3416 1596 3512 1635 eos

1938 1691 2081 1741 esse,
2116 1692 2214 1730 cur
2250 1676 2581 1746 impietatem
2618 1686 2913 1729 extremam
2944 1686 2997 1729 et
3029 1690 3299 1729 summam
3328 1675 3511 1727 nomi-

1940 1786 2039 1825 nas
2067 1771 2117 1822 id
2151 1770 2296 1839 quod
2324 1769 2529 1824 dictum
2550 1778 2629 1823 est
2653 1784 2681 1823 a
2714 1768 3041 1837 virisjudice
3068 1769 3241 1837 teipso
3275 1766 3510 1819 maxime

252 1844 445 1908 καλεῖς
482 1848 543 1898 τὸ
578 1847 741 1917 ῥηθὲν
772 1851 901 1921 παρ’
930 1851 1161 1919 ἀνδρῶν,
1194 1852 1286 1915 οὓς
1311 1853 1591 1923 θαύματος
1644 1854 1830 1918 ἀξίους
1859 1841 1905 1899 Β

1859 1841 2311 1915 Badmirandis?
2363 1860 2465 1916 Sed
2544 1862 2665 1915 vide
2716 1860 3115 1915 calumniarum
3190 1874 3504 1913 excessum.

249 1937 656 2004 ἀνακηρύττεις
711 1943 909 2004 αύτό;;
971 1943 1111 1997 Ἀλλ’
1144 1945 1245 2013 ὅρα
1272 1946 1373 2013 τῆς
1428 1947 1685 2016 διαϐολῆς
1732 1947 1830 2015 τὴν

251 2028 601 2099 ὑπερϐολήν.
651 2032 1002 2102 Συκοφάντας
1060 2035 1150 2088 τοῦ
1188 2038 1457 2091 Δεσπότου
1504 2040 1631 2102 τοὺς
1692 2037 1828 2092 Ῥω.

250 2122 455 2188 μαίους
520 2123 857 2190 ἀποκαλεῖς,
918 2128 1261 2196 συκοφάντας
1337 2132 1447 2183 τῶν
1519 2130 1780 2201 μαθητῶν
1812 2172 1827 2196 ,

249 2211 613 2283 βλασφήμους
704 2218 844 2269 κατὰ
934 2220 1195 2289 Πατέρων
1291 2222 1381 2273 καὶ
1454 2221 1825 2292 πατραλοίας,

246 2303 387 2356 διότι
415 2305 479 2357 ἐκ
530 2305 742 2375 Πατρὸς
797 2308 890 2362 καὶ
918 2307 1049 2361 Υἱοῦ
1084 2309 1144 2362 τὸ
1193 2309 1415 2379 Πνεῦμα
1461 2310 1709 2379 λέγουσιν
1740 2314 1827 2364 ὲκ-

249 2395 611 2465 πορεύεσθαι,
662 2400 755 2453 καὶ
788 2400 849 2453 ού
907 2403 1092 2472 συνίης
1135 2402 1211 2467 ὡς
1244 2402 1418 2457 ταῦτα
1466 2403 1643 2471 λέγων
1700 2404 1828 2467 τοὺς

248 2488 448 2555 ἁγίους
516 2489 765 2561 Πατέρας
842 2492 1002 2563 ἡμῶν
1063 2493 1447 2564 βλασφημεῖς,
1509 2495 1828 2550 Ἀθανάσιὸν

249 2597 398 2649 φημι
432 2582 525 2635 καὶ
556 2583 680 2646 τοὺς
708 2586 905 2654 ἀλλους
961 2586 1062 2656 τῆς
1120 2588 1401 2652 εὐσεϐείας
1466 2590 1827 2661 προσμάχους

234 2674 375 2734 ’τοὺς
415 2675 531 2737 πῶς
557 2675 622 2729 ἂν
652 2678 742 2730 καὶ
770 2679 998 2733 καλέσαι
1043 2680 1145 2734 οὐκ
1203 2682 1346 2751 Exta;
1381 2676 1541 2737 Οὗτοι
1602 2683 1732 2753 γάρ,
1780 2684 1829 2735 εἰ

251 2766 349 2816 καὶ
405 2767 437 2818 ὁ
489 2766 683 2838 Σωτὴρ
736 2771 794 2823 ὲν
824 2770 1177 2840 Εὐαγγελίοις
1228 2773 1291 2825 τὸ
1343 2758 1569 2844 Πνεῦμα
1623 2776 1687 2827 ὲκ
1731 2772 1827 2827 τοῦ

252 2856 472 2926 [ἰατρὸς
502 2858 900 2928 ἐκπορεύεσθαι
933 2861 1061 2933 ἔφη,
1093 2862 1217 2933 οὐχὶ
1251 2862 1512 2932 ἀθέτησιν
1537 2864 1637 2935 τῆς
1658 2863 1826 2918 αὑτοῦ

248 2945 610 3011 διδασκαλίας
643 2952 921 3018 ἡγήσαντο
973 2953 1069 3005 καὶ
1124 2955 1189 3006 ὲκ
1246 2953 1343 3007 τοῦ
1390 2954 1524 3009 Υίοῦ
1559 2953 1701 3009 εἶναι
1766 2955 1829 3009 τὸ

250 3038 486 3108 Πνεῦμα
520 3041 712 3093 εἰπεῖν·
776 3043 891 3095 ἀλλ’
920 3044 967 3097 οί
1004 3045 1102 3115 μὲν
1127 3046 1308 3099 αὐτῶν
1335 3047 1426 3100 καὶ
1460 3047 1676 3117 Πατρδς
1735 3048 1827 3101 καὶ

1933 1950 2371 2007 Calumniatores
2432 1951 2645 2005 Domini
2701 1950 2976 2005 Romanos
3025 1952 3290 2020 appellas.
3351 1967 3506 2004 men-

1934 2042 2097 2098 daces
2157 2058 2287 2112 erga
2334 2043 2652 2112 discipulos,
2702 2043 3050 2112 blasphemus
3089 2054 3281 2097 contra
3319 2043 3507 2098 Patres

1930 2145 1984 2190 et
2016 2134 2337 2206 parricidas,
2380 2136 2505 2205 quia
2546 2150 2609 2189 ex
2648 2134 2806 2189 Patre
2834 2144 2887 2189 et
2931 2136 3065 2189 Filio
3109 2134 3371 2204 Spiritum
3419 2135 3507 2187 di-

1933 2239 2061 2286 cunt
2103 2231 2418 2299 procedere,
2450 2237 2633 2283 etnon
2667 2231 2954 2300 recogitas,
2991 2230 3135 2298 quod
3175 2229 3288 2284 haec
3321 2230 3509 2284 dicens

1932 2332 2151 2379 sanctos
2180 2323 2369 2377 Patres
2405 2334 2610 2377 nostros
2643 2322 2901 2391 (Graecos)
2932 2323 3297 2392 blasphemas,
3330 2323 3500 2375 Atha-

1934 2414 2145 2469 nasium
2194 2412 2321 2467 dico
2372 2422 2427 2467 et
2481 2420 2709 2467 caeteros
2765 2411 2985 2481 pietatis
3046 2419 3510 2480 propugnatores,

1933 2520 2073 2575 quos
2108 2504 2385 2574 quomodo
2414 2506 2690 2559 nominem
2736 2519 2836 2573 ego
2864 2518 2969 2557 non
2995 2501 3204 2556 habeo?
3243 2500 3303 2554 lii
3335 2500 3506 2566 enim,

1935 2598 2062 2653 licet
2117 2596 2372 2653 Servator
2422 2598 2476 2652 in
2538 2597 2845 2665 Evangeliis
2892 2612 2957 2650 ex
3013 2594 3173 2650 Patre
3238 2594 3502 2664 Spiritum

1934 2690 2228 2761 procedere
2257 2689 2478 2757 dixerit,
2519 2690 2745 2744 minime
2790 2689 3055 2743 doctrinae
3095 2688 3215 2757 ejus
3251 2700 3502 2741 contem-

1930 2793 2083 2853 ptum
2114 2796 2237 2837 esse
2272 2789 2605 2837 censuerunt
2642 2781 3021 2841 assertionem,
3050 2780 3211 2833 etiam
3251 2793 3315 2833 ex
3364 2778 3501 2831 Filio

1930 2873 2197 2944 Spiritum
2218 2888 2378 2939 esse;
2420 2888 2606 2926 verum
2638 2886 2829 2927 eorum
2857 2871 2948 2926 alii
2980 2879 3034 2925 et
3062 2870 3237 2926 Patris
3284 2879 3336 2925 et
3378 2868 3501 2922 Filii

1930 2981 2058 3020 eum
2086 2980 2211 3021 esse
2256 2964 2459 3020 diserte
2488 2965 2848 3028 tradiderunt,
2882 2964 2971 3017 alii
3000 2981 3066 3018 ex
3099 2963 3256 3017 Patre
3290 2977 3383 3032 per
3410 2962 3499 3015 Fi-

1931 3058 2067 3112 lium
2098 3067 2152 3112 et
2180 3072 2302 3112 esse
2329 3064 2380 3111 et
2410 3059 2724 3126 procedere.
2773 3056 2853 3111 Tu
2898 3056 3082 3126 igitur,
3110 3055 3201 3125 qui
3225 3054 3501 3108 Romanos

253 3128 387 3232 Ϊίοῦ
421 3131 685 3232 ’ἐπάρχειν
716 3134 846 3187 αὐτὸ
871 3134 1166 3207 διαρρήδην
1190 3137 1573 3207 ὲθεολόγησαν,
1598 3142 1649 3193 ot
1677 3140 1734 3193 δὲ
1762 3144 1826 3194 ὲκ
1854 3174 1899 3232 C

1854 3174 1899 3232 ε
1933 3147 2385 3216 transgressionis
2434 3146 2871 3217 evangelicoruzu
2918 3148 3203 3200 verhormn
3272 3159 3500 3199 accusas

259 3224 478 3291 Harpe;
515 3225 581 3275 δι’
628 3226 760 3279 Tim}
812 3230 905 3280 καὶ
965 3226 1104 3283 εῐναι
1138 3230 1235 3282 καὶ
1281 3230 1699 3300 ἐκπορεύεσθαι·
1760 3234 1825 3286 σὺ

246 3314 380 3381 γοῦν
415 3318 544 3378 to);
584 3316 883 3387 Ῥωμαίους
911 3322 1279 3389 παραϐάσεως
1308 3323 1419 3376 τῶν
1451 3325 1825 3393 εύαγγελικῶν

246 3408 520 3476 ῥημάτων
547 3411 891 3480 γραφόμενος
920 3412 1007 3465 διὰ
1042 3413 1138 3484 τὴν
1178 3417 1235 3469 ὲν
1263 3415 1340 3482 τῷ
1367 3417 1622 3486 συμϐόλῳ
1654 3433 1826 3487 προσ-

245 3502 431 3567 θήκην
464 3498 562 3569 τῆς
633 3501 852 3567 λέξεως,
889 3505 1011 3572 ὅρα.
1037 3506 1111 3567 ὼς
1141 3506 1247 3574 πρὸ
1270 3506 1381 3561 τῶν
1415 3509 1667 3562 Λατίνων
1722 3510 1822 3561 αὑ-

245 3609 273 3642 τ
309 3594 359 3652 ἰς
384 3594 499 3652 τοῖς
532 3592 804 3660 θεολόγοις
873 3595 1027 3664 ὴμῶν
1088 3597 1339 3665 Πατράσι
1392 3599 1614 3668 γραφὴν
1642 3616 1824 3671 παρα-

245 3683 464 3743 ίάσεως
484 3684 591 3735 τῶν
624 3686 1000 3753 εὑαγγελικῶν
1033 3690 1296 3758 ῥημάτων
1340 3692 1703 3757 προσάπτεις,
1730 3694 1823 3747 καὶ

242 3775 319 3837 ὡς
358 3776 496 3843 μηδὲ
531 3776 629 3846 τὴν
662 3777 755 3829 τοῦ
789 3778 1081 3832 θεσπεσίου
1144 3782 1358 3835 Παύλου
1423 3785 1608 3852 φωνὴν
1664 3785 1821 3854 φρίτο

242 3884 441 3929 τοντας
469 3868 807 3937 στηλιτεύεις
832 3872 1052 3934 αὐτοὺς,
1101 3873 1169 3943 ῆν
1201 3875 1405 3934 ἐκεῖνος
1458 3875 1669 3945 μεγάλῃ
1730 3878 1823 3929 καὶ

242 3960 554 4028 διαπρυσίῳ
586 3959 826 4028 κέκραγε
853 3965 919 4031 τῇ
973 3966 1124 4032 φωνῇ
1159 3964 1355 4030 λέγων·
1394 3964 1521 4018 Κᾶν
1551 3964 1723 4031 ἡμεῖς
1779 3964 1817 4033 ἢ

242 4053 506 4116 ἄγγελος
558 4050 626 4115 ἐξ
665 4054 930 4120 οὐρανοῦ
982 4054 1429 4124 εὐαγγελίζηται
1480 4058 1627 4125 ὑμῖν
1680 4057 1818 4125 παρ’

241 4142 271 4195 ὓ
309 4141 841 4212 εὺιργγελιζόμεθα,
872 4146 1142 4214 ἀνάθεμα
1171 4148 1345 4200 ἔστιδ’
1378 4151 1426 4201 εί
1465 4149 1574 4217 γὰρ
1624 4150 1684 4200 τὸ
1730 4150 1821 4201 ὲκ-

241 4234 497 4302 φωνηθὲν
532 4237 682 4303 παρά
712 4235 806 4287 τοῦ
838 4237 1048 4289 Παύλου
1077 4236 1329 4305 ἀνάθεμα
1363 4241 1501 4290 κατὰ
1532 4239 1626 4290 τοῦ
1653 4240 1818 4305 εὐαγ-

241 4325 601 4393 γελισομένου
648 4327 931 4396 ἀλλότριόν
986 4344 1041 4379 τι
1094 4328 1203 4381 τῶν
1253 4329 1601 4397 Εὑαγγελίων
1648 4328 1815 4382 αὑτοῦ

241 4422 358 4482 τοῖς
409 4419 709 4487 Ῥωμαίοις
742 4420 1076 4489 προσάπτεις
1115 4421 1201 4472 διὰ
1243 4424 1303 4472 τὸ
1342 4422 1417 4490 μὴ
1448 4427 1560 4484 τοῖς
1596 4422 1811 4474 Παύλου

1935 3250 2159 3309 propter
2179 3238 2511 3293 additionem
2537 3238 2687 3293 vocis
2718 3237 2770 3291 in
2796 3237 3056 3308 Symbolo
3096 3235 3318 3296 fartam,
3356 3237 3496 3299 vide,

1928 3345 2037 3399 quo
2080 3339 2239 3399 pacto
2268 3338 2394 3383 ante
2426 3327 2649 3381 Latinos
2694 3327 2825 3395 ipsis
2854 3326 3120 3397 theologis
3154 3327 3357 3381 nosnis
3398 3325 3497 3377 Pn-

1931 3424 2105 3476 trihus
2138 3405 2379 3476 eamdem
2433 3432 2617 3476 notam
2651 3430 2705 3475 et
2754 3421 3159 3474 accusationem
3212 3418 3406 3481 inuris,
3442 3427 3495 3469 et

1928 3513 2072 3582 quod
2112 3529 2288 3583 neque
2317 3513 2424 3567 divi
2459 3513 2611 3566 Pauli
2644 3527 2950 3567 sermonen
2990 3514 3373 3566 horrescentes
3399 3528 3493 3563 eos

1928 3604 2188 3670 traducis,
2218 3620 2379 3673 quem
2413 3604 2527 3674 ipse
2564 3605 2764 3673 ingenti
2805 3606 3059 3672 claraque
3104 3588 3235 3655 voce
3265 3603 3446 3656 emisit
3480 3618 3494 3655 :

1928 3694 2069 3748 Licet
2101 3710 2195 3747 nos
2226 3703 2315 3745 aut
2365 3693 2578 3762 angelus
2604 3694 2668 3746 de
2693 3693 2819 3746 carlo
2849 3693 3165 3762 evangelise!
3194 3692 3332 3746 vobis
3358 3707 3496 3759 priv-

1927 3796 2163 3853 terquem
2212 3784 2349 3852 quod
2401 3784 2890 3850 etiangelizavimus,
2942 3784 3227 3835 anathema
3278 3784 3369 3835 sit.
3429 3780 3483 3833 Si

1925 3876 2070 3928 enim
2140 3874 2430 3926 anathema
2498 3887 2527 3926 a
2586 3871 2758 3925 Paulo
2818 3871 3235 3941 pronuntiatum
3298 3881 3490 3925 contra

1925 3965 2426 4029 evangelizaturum
2479 3964 2716 4016 alienum
2747 3962 2878 4031 quid
2925 3963 2992 4016 ab
3023 3962 3196 4031 ipsius
3243 3961 3493 4031 Evange-

1927 4054 2013 4107 liis
2061 4051 2321 4107 Romanis
2354 4058 2604 4121 adaptas,
2636 4063 2924 4121 propterea
2957 4052 3101 4121 quod
3136 4051 3383 4105 doctrina
3425 4052 3492 4104 de

1924 4146 2266 4214 processione
2298 4144 2537 4214 Spiritus
2567 4145 2740 4199 sancti
2772 4145 2935 4198 etiam
2963 4161 3026 4198 ex
3073 4143 3210 4197 Filio
3239 4146 3290 4196 in
3335 4142 3489 4197 Pauli

1923 4236 2227 4307 Evangeliis
2260 4236 2401 4289 haud
2432 4236 2776 4307 contineatur
2805 4232 3026 4291 disertis
3054 4236 3255 4299 verbis,
3285 4236 3404 4287 vide
3426 4250 3491 4287 ne

1920 4326 2191 4397 ejusmodi
2232 4328 2601 4381 damnationis
2656 4326 2800 4381 feras
2854 4329 3180 4381 sententiam
3235 4342 3344 4379 non
3382 4334 3489 4377 tam

1921 4430 2110 4472 contra
2165 4417 2535 4472 Romanorum
2591 4417 2913 4482 Ecclesium,
2962 4434 3127 4488 quam
3184 4420 3366 4488 potius
3425 4432 3488 4470 ac

244 4509 606 4575 Εὑαγγελίοις
659 4510 1119 4580 ὲμπεριειλῆφθαι
1173 4514 1234 4563 τὸ
1293 4512 1693 4582 ἐκπορεύεσθαι
1750 4515 1809 4565 τὸ
1844 4503 1896 4563 ἱ)

1844 4503 1896 4563 ἰ)
1922 4530 2030 4582 prae
2064 4514 2172 4583 ipsa
2196 4523 2383 4568 contra
2414 4526 2602 4566 omnes
2620 4512 2877 4583 synodos,
2906 4526 3025 4579 quae
3053 4510 3204 4579 plura
3232 4511 3485 4578 dogmata

246 4599 477 4667 Πνεῦμα
508 4600 602 4650 καὶ
629 4601 692 4651 ὲκ
718 4599 813 4652 τοῦ
845 4601 995 4667 Υἰοῦ,
1031 4603 1154 4671 ὅρα,
1193 4604 1265 4673 μή
1293 4620 1425 4655 ποτε
1456 4605 1554 4672 τὴν
1588 4605 1682 4673 τῆς
1716 4622 1815 4656 και

244 4690 475 4757 ταδξκης
508 4690 710 4758 ταύτης
744 4690 925 4759 ψῆφον
950 4692 1010 4744 οὑ
1040 4694 1178 4745 κατά
1206 4695 1301 4761 τῆς
1343 4695 1654 4765 Ῥωμαῖκῆς
1692 4698 1814 4750 Ἐκ·

244 4781 481 4851 κλησίας
516 4784 664 4851 ποιῇ,
700 4782 837 4834 ἀλλά
872 4785 972 4852 πρό
998 4801 1060 4852 γε
1084 4784 1255 4853 αὐτῆς
1291 4785 1434 4839 κατὰ
1466 4788 1655 4841 πασῶν
1706 4790 1815 4846 τῶν

250 4875 511 4933 συνόδων,
544 4873 601 4926 αἲ
634 4873 804 4926 πολλὰ
838 4874 1087 4944 δόγματα
1137 4876 1507 4946 διετράνωσαν
1541 4881 1634 4931 καὶ
1688 4882 1815 4951 ἐκή-

245 4968 441 5039 ρυξαν.
473 4961 547 5019 ὧν
577 4966 807 5029 ούδό).ως
841 4968 869 5019 ὁ
923 4968 1094 5037 μέγας
1152 4968 1359 5033 Παῦλος
1394 4973 1586 5039 μνείαν
1624 4975 1813 5025 ποιού-

246 5078 408 5130 μενος
437 5058 683 5130 εὓρηται.
741 5055 908 5123 Οὗτος
961 5062 1057 5112 καὶ
1112 5064 1238 5131 γαρ,
1291 5065 1322 5130 ἡ
1392 5064 1669 5132 κορυφαῖα
1704 5067 1814 5117 τῶν

241 5152 562 5207 ἀποστόλων
600 5153 863 5222 ἀκρότης,
910 5153 1049 5220 πρὸς
1076 5154 1174 5223 τὴν
1224 5152 1315 5205 τοῦ
1351 5154 1684 5221 Εὑαγγελίου
1715 5155 1814 5208 ἕν-

242 5263 395 5299 νοιαν
452 5242 789 5315 ἀπαγορεύει
818 5243 906 5296 τὸν
938 5245 1469 5312 παρευαγγελισμῖν,
1504 5249 1566 5298 ἐκ
1614 5246 1669 5298 δὲ
1719 5246 1816 5315 τῆς

244 5336 519 5405 ἑπομένης
549 5336 641 5387 ἐπὶ
689 5334 768 5402 τῷ
796 5334 1109 5404 Εύαγγελίῳ
1139 5333 1302 5387 αὑτοῦ
1329 5335 1620 5399 ἐσύστερον
1650 5352 1816 5404 προσ-

245 5431 425 5498 θήκης
471 5426 579 5477 τῶν
633 5424 833 5489 λέξεων
887 5425 1061 5477 οὐδενὶ
1108 5424 1216 5476 τῶν
1264 5425 1517 5477 ἁπάντων
1566 5424 1815 5493 ἔγκὶημα

242 5520 553 5589 προσάπτει
593 5514 1131 5583 παρευαγγεὶισμοῦ.
1176 5516 1232 5568 '0
1264 5515 1394 5583 γοῦν
1427 5516 1610 5577 ἁπλῶς
1675 5516 1817 5568 οὕτω

246 5618 335 5665 καὶ
366 5611 690 5678 ἁδιακρίτω;
720 5607 817 5675 τὴν
850 5607 941 5660 τοῦ
993 5608 1332 5675 ἁναθὶματος
1366 5609 1664 5673 καταδίκην
1700 5609 1821 5659 ἐπιο·

240 5702 576 5773 ψηφίζεσθαι
608 5702 775 5753 θέλων
802 5704 911 5761 τοῖς
963 5701 1101 5767 μετὰ
1154 5700 1211 5749 τὸ
1243 5700 1571 5765 Εὐςγγέ).ιον
1605 5699 1814 5750 Παύλου

248 5794 808 5854 ὁ-ὀο·;’ματικύσιτιαα
864 5793 936 5853 μὴ
968 5791 1099 5852 πρὸς
1138 5789 1281 5851 λέξιν
1341 5794 1397 5847 ἐν
1438 5794 1547 5847 τοῖς
1603 5789 1812 5843 Παύλου

1920 4604 2299 4673 esplicuerunt
2350 4611 2404 4655 et
2452 4601 2810 4664 tradiderunt,
2844 4614 3078 4668 quorum
3126 4598 3275 4652 nullo
3326 4609 3484 4667 pacto

1921 4710 2145 4764 magnus
2178 4694 2379 4747 Paulus
2431 4693 2760 4747 mentionem
2816 4691 3013 4746 fecisse
3066 4692 3357 4760 reperitur.
3393 4690 3487 4743 llic

1919 4787 2086 4846 enim,
2126 4786 2375 4853 princeps
2404 4783 2771 4851 apostolorum
2799 4783 3106 4844 summitas,
3145 4783 3392 4850 prohibet
3416 4783 3480 4833 ad

1920 4873 2195 4942 Evangelii
2227 4887 2450 4925 sensum
2495 4872 2765 4926 diversam
2800 4872 2867 4924 ab
2900 4869 3191 4940 Evangelia
3219 4872 3486 4937 prdidit-a-

1921 4965 2145 5027 tionem,
2186 4980 2250 5017 ex
2285 4964 2557 5017 additione
2596 4978 2723 5017 vero
2770 4964 3060 5016 verborum
3093 4973 3278 5030 postea
3315 4961 3487 5014 Evan-

1920 5057 2117 5124 gelittm
2187 5056 2410 5109 omnino
2472 5055 2723 5123 sequenti
2793 5054 2999 5108 nemini
3068 5068 3292 5124 prorsus
3373 5053 3485 5108 cri-

1922 5163 2043 5201 men
2076 5147 2305 5201 diversa:
2338 5146 2407 5199 ab
2462 5143 2756 5213 EVangelio
2794 5144 3047 5212 lalsaeque
3086 5144 3486 5212 praedicationis

1921 5239 2111 5292 inurit.
2162 5236 2264 5302 Qui
2320 5236 2503 5306 itaque
2559 5237 2632 5289 ita
2687 5236 3007 5304 simpliciter
3064 5244 3120 5287 et
3172 5236 3486 5288 indistincte

1921 5330 2284 5385 anathematis
2339 5329 2749 5382 damnationem
2828 5327 3173 5396 inﬂigendam
3210 5328 3483 5380 existimat

1919 5425 2010 5487 iis,
2045 5424 2139 5491 qui
2176 5430 2298 5490 post
2336 5420 2488 5474 Pauli
2519 5420 2869 5490 Evangelium
2901 5420 3203 5487 dogmatice
3234 5419 3482 5487 qtnedam

1921 5497 2327 5582 praposucrunt
2360 5527 2465 5563 non
2496 5511 2715 5565 disertis
2747 5510 2929 5564 verbis
2956 5511 3008 5563 in
3039 5509 3189 5563 Pauli
3230 5510 3480 5577 praedica-

1921 5607 2067 5657 tione
2100 5611 2373 5665 contenta,
2404 5603 2447 5655 is
2480 5603 2664 5655 nescio
2697 5616 2806 5671 quo
2842 5610 2999 5669 pacto
3039 5601 3226 5655 Patres
3266 5611 3481 5653 nostros

1922 5700 2011 5766 qui
2049 5696 2623 5749 censubslamiulilmis
2662 5712 2847 5750 vocem
2898 5704 3194 5748 sanxerunt
3231 5694 3479 5747 defensu-

1927 5804 2017 5841 rus
2051 5796 2137 5841 sit.
2173 5786 2271 5842 [ιιί
2299 5788 2442 5842 enim
2477 5803 2539 5840 ea
2572 5802 2672 5842 vos
2703 5794 2914 5843 t'eucrta
2950 5786 3049 5840 luit
3078 5786 3130 5839 in
3157 5785 3311 5839 Pauli
3347 5786 3479 5839 seri-
