4214 6448
767 316 872 379 823

1790 329 2003 392 JOAN.
2043 333 2257 396 VECCI
2294 333 2403 397 CP.
2444 332 2957 395 PATRIARCIL‘E

3916 322 4024 389 824

768 434 914 499 ptis?
945 430 1140 489 Vocem
1173 437 1391 507 quidem
1439 440 1685 510 Deipara:
1728 444 1782 499 in
1829 444 1980 501 Pauli
2030 448 2328 518 Evangeliis

2439 447 2858 518 εύαγγελισμοῖς
2917 447 3303 517 ἐκφαινόμενα,
3336 445 3436 499 ούκ
3467 437 3581 498 οἶδα
3640 441 3761 505 πῶς
3823 440 4025 495 ἀπολο-

769 537 1042 592 nusquam
1081 527 1206 596 quis
1258 531 1508 599 reperiet,
1563 532 1657 587 Dei
1703 544 1885 591 tamen
1946 540 2185 595 Ecclesia
2217 557 2339 611 per-

2444 542 2672 609 γήσεται
2715 539 2868 603 οὗτος
2917 542 3028 602 τοῖς
3070 541 3131 593 τὸ
3159 539 3485 609 ὀμοούσιον
3516 535 3878 606 δογματίσασι
3909 532 4021 582 Πα-

767 616 955 680 spicue
980 632 1098 673 eam
1128 622 1386 689 praedicat
1412 634 1465 679 et
1490 640 1586 681 eos
1621 629 1713 697 qui
1756 646 1862 685 non
1898 632 1970 685 ita
2008 634 2253 688 sentiunt
2280 642 2328 689 ul

2443 630 2634 700 τράσιν
2672 631 2853 702 ἡμῶν.
2888 630 2996 683 Ποῦ
3025 629 3135 702 γὰρ
3166 631 3259 683 καὶ
3289 628 3518 699 εὓρηται
3548 625 3705 679 τοῦτο
3758 618 3894 676 τῶν⁹
3928 619 4020 673 τοῦ

766 706 1051 767 Ιιτειοιιροε
1097 716 1372 783 reprobat.
1415 716 1603 789 Neque
1644 738 1794 786 vero,
1828 723 1955 792 quia
2000 722 2200 781 Paulus
2235 728 2337 783 has

765 814 932 856 voces
971 818 1076 857 non
1113 809 1510 874 pronuntiavit,
1539 812 1769 869 diversa
1792 823 1847 870 et
1882 816 2032 870 falsae
2068 818 2335 888 praedica-

766 890 931 945 tionis
969 894 1044 947 rei
1075 893 1416 965 judicantur,
1459 902 1550 969 qui
1578 906 1922 972 postmodum
1958 922 2051 963 eas
2085 924 2335 978 pronun-

766 980 991 1047 tiarunt,
1042 1000 1227 1040 verum
1272 990 1401 1056 quia
1454 992 1757 1048 secundum
1809 985 1966 1050 Pau'li
2002 1007 2240 1053 mentem
2270 1016 2335 1057 ea

767 1072 1132 1142 tradiderunt,
1164 1078 1299 1148 ipsis
1325 1083 1538 1150 pietatis
1576 1088 1920 1154 praeconibus
1966 1089 2335 1146 adnumeran-

761 1171 869 1219 tur.
893 1164 1050 1232 Quod
1078 1185 1206 1226 vero
1245 1174 1311 1228 ad
1345 1174 1490 1230 istud
1528 1178 1752 1241 attinet,
1784 1181 1926 1249 quod
1984 1182 2057 1252 (e.
2092 1182 2181 1253 72)
2222 1184 2336 1237 Au-

761 1257 983 1322 gustino
1006 1269 1058 1314 et
1081 1261 1372 1320 Ambrosio
1406 1268 1665 1336 ignoscis,
1701 1272 1746 1324 si
1779 1275 1849 1326 ob
1871 1272 2111 1342 aliquam
2143 1290 2333 1331 neces-

761 1351 979 1404 sitatem
1012 1353 1530 1430 (circumstantiam)
1569 1363 1650 1415 vel
1702 1364 2016 1419 auditorum
2050 1366 2335 1437 indulgen-

761 1450 844 1495 tes
896 1442 1221 1511 inlirmitati,
1278 1450 1359 1503 vel
1416 1453 1486 1505 ob
1526 1454 1672 1506 aliud
1736 1456 1915 1511 simile
1972 1472 2035 1511 ex
2087 1459 2177 1522 iis,
2209 1474 2331 1527 qua:

760 1531 938 1584 solent
991 1533 1043 1586 in
1095 1536 1202 1591 vita
1262 1538 1499 1595 humana
1553 1544 1795 1612 quotidie
1858 1547 2100 1613 evenire,
2168 1548 2330 1603 talem

758 1622 1065 1677 etttiserunt
1118 1642 1331 1693 vocem,
1396 1636 1673 1700 quomodo
1724 1651 1829 1688 non
1884 1636 1934 1690 id
1985 1638 2035 1691 in
2084 1639 2329 1693 animum

762 1710 1047 1777 induxisti,
1083 1718 1226 1785 quod
1270 1720 1461 1775 Patres
1492 1725 1684 1787 nostri,
1724 1726 1816 1795 qui
1864 1728 1919 1781 in
1956 1728 2063 1783 illis
2086 1730 2330 1799 antiquis

2442 724 2658 778 Παύλου
2709 723 2972 793 γραφῶνς
3002 722 3114 794 Τὴν
3166 723 3223 776 δὲ
3255 720 3542 785 θεοτόκος
3576 716 3759 786 φωνὴν
3826 714 3886 765 ἐν
3922 712 4022 782 μὲν

2440 818 2553 878 τοῖς
2583 814 2676 869 τοῦ
2730 815 2942 895 Παύλου
2987 814 3331 884 Εὗαγγελίοις
3365 812 3586 882 εὑρήσει
3642 827 3724 870 τις
3756 802 4022 895 ούδαμρῦ,

2442 909 2475 976 ή
2506 907 2563 961 δὲ
2590 906 2684 961 τοῦ
2713 887 2849 962 Θέοῦ
2909 908 3204 979 Ἐκκλησία
3262 906 3472 976 τρανῶς
3503 903 3764 975 κηρύττει
3820 887 4019 967 αὐτὴν,

2444 998 2538 1051 καὶ
2600 1001 2726 1062 τοὺς
2788 1001 2863 1070 μὴ
2934 998 3077 1053 οὕτω
3142 996 3471 1069 φρονοῦντας
3550 995 3626 1057 ὡς
3708 989 4023 1062 αἱρετικοές

2441 1089 2848 1144 ἀποϐάλλεται·
2906 1092 2999 1143 καὶ
3046 1090 3145 1160 οὐχ
3194 1090 3275 1143 ὅτι
3329 1087 3406 1158 μὴ
3452 1085 3663 1147 Παῦλος
3687 1082 3787 1145 τάς
3842 1080 4021 1145 λέξεις

2441 1182 2631 1251 είρηκε
2658 1181 2861 1245 ταύτας
2908 1179 3428 1253 παρευαγγελισμοῦ
3459 1178 3735 1247 κρίνονται
3790 1173 3841 1224 οἱ
3889 1169 4019 1223 ἐσύ-

2441 1290 2631 1344 στερον
2657 1274 2960 1344 εἰρηκότες,
3014 1273 3128 1327 ἀλλ’
3182 1274 3265 1327 ὅτι
3315 1270 3453 1323 κατὰ
3502 1269 3599 1338 τὴν
3654 1265 3749 1319 τοῦ
3800 1262 4022 1317 Παύλου

2438 1365 2676 1418 διάνοιαν
2724 1364 3108 1434 ἐδογμάτισαν,
3158 1358 3306 1418 οὗτοι
3356 1364 3469 1424 τοῖς
3526 1358 3722 1429 κήρυξι
3780 1356 3884 1424 τῆς
3937 1356 4024 1405 εὖ·

2441 1456 2659 1519 σεϐείας
2733 1455 3095 1526 ἐγκρίνονται.
3176 1455 3299 1506 Ὅτι
3377 1453 3434 1505 δὲ
3491 1449 3651 1505 πάλιν
3705 1444 4023 1513 συγγιγνώ-

2442 1566 2591 1613 σκεις
2648 1549 2998 1617 Αύγουστίνῳ
3032 1548 3127 1600 καὶ
3188 1544 3525 1616 Ἀμϐροσίῳ,
3564 1543 3721 1610 εἴπερ
3772 1539 3864 1591 διά
3895 1552 4020 1588 τινα

2440 1643 2761 1711 περίστασιν
2811 1642 2845 1711 ἢ
2902 1643 2968 1711 τῇ
3036 1639 3146 1692 τῶν
3191 1637 3477 1709 ἀκροατῶν
3556 1632 4025 1701 σύγκαταϐαἷνον-

2438 1750 2529 1796 τες
2586 1732 2842 1800 ἀσθενείᾳ
2892 1731 2925 1803 ἢ
2987 1731 3130 1783 πόσα
3183 1729 3531 1798 καθεκὰστην
3588 1728 3616 1779 6
3670 1722 4020 1791 ἀνθρώπινος

758 1802 950 1857 diebus
977 1805 1028 1858 in
1067 1807 1413 1865 tirmamento
1444 1812 1700 1870 Ecclesia:
1733 1826 1931 1873 nostra:
1981 1820 2130 1876 velut
2180 1834 2328 1877 astra

2435 1822 2761 1876 ἐπιδείκνυσι
2797 1822 2934 1892 βίος,
2985 1820 3241 1891 τοιαύτην
3290 1820 3475 1890 φωνὴν
3516 1820 3712 1873 ἐκεῖνοι
3762 1815 4015 1882 ἀφῆκαν,

761 1894 1052 1961 fulserunt,
1084 1901 1127 1953 si
1185 1901 1401 1957 illorum
1431 1907 1635 1977 scrlpta
1681 1909 1763 1963 eis
1789 1910 1857 1965 ad
1890 1928 2082 1966 ntanus
2108 1930 2330 1983 venere,

757 1995 810 2039 et
852 1988 995 2056 ipsos
1027 2004 1126 2047 nos
1180 1996 1584 2062 processionem
1631 1996 1873 2067 Spiritus
1910 2016 1974 2055 ex
2028 2000 2168 2058 Filio
2214 2018 2332 2074 pro-

761 2078 935 2135 fessos
967 2096 1280 2166 sanetorum
1328 2088 1496 2143 choro
1546 2090 1977 2148 adnumerarunt
2029 2104 2086 2150 et
2126 2094 2329 2153 Roma-

761 2188 883 2227 nam
914 2173 1211 2232 Ecclesiam
1240 2196 1428 2235 eorum
1464 2183 1629 2237 libros
1658 2184 2076 2255 amplectentem
2102 2187 2155 2243 in
2182 2204 2331 2245 com-

760 2269 1019 2324 munione
1068 2270 1398 2339 habucrunt,
1451 2275 1611 2344 eique
1664 2288 1723 2332 ut
1760 2280 1918 2333 matri
1962 2274 2331 2338 Ecclesiarum

758 2359 1147 2417 adhaeserunt?
1189 2363 1251 2418 Et
1273 2366 1552 2435 quomodo
1575 2383 1684 2423 non
1721 2380 1777 2424 ut
1809 2385 1996 2425 eorum
2030 2371 2331 2444 discipulus

692 2480 695 2481 ν
757 2466 852 2507 eos
895 2451 1140 2509 imitatus
1181 2472 1304 2512 eum
1347 2458 1627 2527 discipulis
1670 2460 1968 2527 Ambrosii,
2032 2466 2328 2534 Augustini

757 2553 917 2612 atque
943 2543 1258 2619 llieronymi
1308 2549 1361 2603 in
1393 2565 1579 2605 veram
1622 2555 1673 2606 in
1721 2552 1943 2609 Christo
1978 2557 2328 2612 concordiam

755 2644 810 2689 et
847 2636 960 2705 ipse
986 2640 1289 2694 convenisti
1314 2640 1337 2694 7

2439 1914 2555 1975 πῶς
2586 1914 2686 1967 οὐκ
2717 1913 2968 1981 ἐλογίσω,
2999 1912 3147 1975 ὅπως
3213 1912 3263 1965 oi
3306 1915 3365 1965 ἐν
3413 1913 3532 1974 ταῖς
3585 1907 3845 1980 ἀρχαίαις
3882 1907 4021 1975 ἡμέο

2441 2021 2563 2074 ραις
2595 2005 2831 2070 ἐκείναις
2858 2006 2917 2059 ἐν
2965 2005 3046 2058 τῶ
3102 2003 3471 2074 στερεώματι,
3535 2004 3634 2071 τῆς
3683 1998 3807 2052 καθ’
3865 1998 4017 2067 ἡμᾶς

2450 2095 2786 2167 Ἐκκλησίας
2812 2097 3221 2168 διαλάμψαντες
3253 2096 3499 2165 Πατὲρες
3527 2092 3687 2163 ἡμῶν
3718 2092 3835 2150 τοῖς
3867 2089 4017 2141 ἐκεί-

2441 2206 2546 2241 νων
2581 2189 3011 2258 συγγράμμασιν
3059 2189 3480 2259 ἐντυγχάνοντες
3526 2184 3726 2248 αύτούς
3774 2200 3833 2236 τε
3894 2180 4021 2243 τοὺς

2440 2281 2538 2352 τὴν
2568 2283 2631 2335 ἐκ
2673 2282 2769 2335 τοῦ
2819 2283 2952 2336 Υίοῦ
3006 2283 3334 2353 ἐκπόρευσιν
3384 2280 3676 2350 εἰρηκότας
3710 2276 3805 2328 τοῦ
3839 2271 4018 2329 Πνεύ-

2445 2384 2613 2443 ματος
2646 2373 2724 2443 τῷ
2761 2374 2869 2427 τῶν
2892 2373 3063 2443 ἁγίων
3094 2372 3466 2443 συνηρίθμουν
3492 2368 3638 2440 χορῷ
3672 2369 3768 2421 καὶ
3803 2366 3909 2437 τὴν
3945 2364 4013 2416 τα

2441 2466 2853 2536 συγγράμματα
2879 2466 3059 2519 αὐτῶν
3088 2465 3483 2532 ἀσπαζομένην
3524 2460 3857 2530 Ἐκκλησίαν
3914 2457 4017 2522 τῆς

2451 2557 2672 2627 Ῥώμης
2697 2557 3029 2621 κοινωνικῶς
3055 2553 3201 2627 εἶχον
3247 2558 3342 2611 καὶ
3396 2556 3469 2620 ὡς
3515 2555 3710 2624 μητέρι
3742 2552 3853 2605 τῶν
3898 2549 4023 2601 Ἐκ-

2435 2648 2676 2719 κλησιῶν
2706 2649 2996 2719 προσεῖχον
3031 2651 3169 2720 αὐτῇ
3209 2650 3307 2720 (Ι)-
3339 2650 3433 2702 καὶ
3474 2649 3591 2710 πῶς
3633 2647 3731 2699 οὐκ
3768 2642 4019 2703 ἐκείνους

724 2730 829 2797 κὼς
874 2731 1100 2785 ἐκείνων
1129 2732 1378 2805 μαθητὴς
1431 2740 1816 2807 μιμησάμενος
1861 2739 1976 2802 τοῖς
2014 2737 2340 2813 Ἀμϐροσίου
2381 2741 2476 2793 καὶ
2538 2742 2698 2806 αὐτὸς
2725 2740 3090 2811 Αὐγουστίνου
3148 2758 3207 2796 τε
3242 2743 3338 2796 καὶ
3379 2739 3708 2812 Ἱερωνύμου
3741 2736 4021 2809 μαθηταῖς

761 2826 839 2886 είς
876 2826 971 2895 τὴν
1017 2828 1073 2879 ἐν
1109 2826 1333 2898 Χριστῷ
1367 2829 1629 2897 συνῆλθες
1673 2831 1965 2901 όμόνοιαν;

1395 2920 1695 2979 TEXTUS.

835 3038 924 3091 75.
965 3037 1112 3092 Dixit
1136 3037 1284 3093 orbis
1312 3047 1581 3093 terrarum
1614 3054 1814 3109 praeco,
1837 3053 2168 3095 arcanorum
2197 3055 2331 3097 con-

3032 2922 3422 2978 KEIMENON.

2506 3039 2605 3108 ογ’.
2645 3036 2813 3093 Εἶπεν
2840 3038 2869 3091 6
2901 3039 3003 3107 τῆς
3029 3001 3588 3106 οἰκουμένης-κῆρυξ,
3621 3034 3649 3087 6
3691 3032 3803 3086 τῶν
3839 3033 4023 3104 ἀπορο

757 3129 1066 3198 templator,
1108 3130 1202 3200 qui
1237 3131 1534 3185 humanam
1580 3140 1831 3185 naturam
1862 3132 2169 3202 insignibus
2213 3134 2328 3188 suis

2438 3134 2621 3203 ῥήτων
2648 3132 2878 3202 θεωρὸς,
2906 3134 2936 3185 6
2967 3131 3067 3201 τὴν
3099 3129 3454 3200 ἀνθρωπίνην
3490 3128 3655 3196 φύσιν
3710 3128 3825 3188 τοῖς
3886 3126 4019 3205 καθ’

757 3222 1004 3277 moribus
1026 3223 1357 3286 nobilitavit,
1397 3222 1534 3277 dixit
1556 3224 1647 3278 ille
1680 3223 1944 3280 adversus
1967 3224 2328 3279 Athenienses

2436 3223 2633 3278 ἑαυτὸν
2682 3223 3034 3291 ἐξαυγενίσας
3078 3222 3322 3291 τρόποις·
3383 3215 3539 3273 εἶπεν
3608 3220 3820 3282 ἐκεῖνος
3876 3219 4023 3287 πρὸς

757 3317 953 3364 ornato
976 3326 1039 3365 ac
1072 3309 1235 3365 ﬂuido
1266 3311 1485 3365 dicendi
1515 3326 1714 3380 genere
1745 3312 2011 3382 pollentes
2038 3312 2328 3381 disputans

2435 3317 2560 3379 τοὺς
2605 3315 2959 3385 Ἑλληνιστάς
2991 3312 3173 3382 πολλῷ
3202 3312 3279 3381 τῷ
3312 3311 3458 3382 λόγῳ
3517 3312 3738 3382 ῥέοντας
3795 3313 4027 3379 ἀντιφε-

760 3402 1085 3472 illorumque
1130 3403 1346 3472 animos
1400 3404 1628 3459 nimium
1672 3406 1847 3460 elatos
1896 3405 2226 3460 submittens
2270 3420 2328 3460 ac

2438 3409 2668 3477 ρόμενος
2721 3408 2822 3460 καὶ
2870 3405 2968 3476 τὴν
3023 3404 3249 3457 ἐκείνων
3306 3405 3481 3475 ὀφρὺν
3538 3404 3651 3458 ἀνω
3684 3406 4022 3473 τεινομένην

757 3495 1090 3561 deprimens.
1157 3498 1268 3550 into
1319 3498 1499 3567 potius
1550 3497 1617 3552 ad
1667 3499 1887 3553 illorum
1946 3498 2326 3553 inﬁrmitatem

2435 3499 2586 3553 κάτω
2638 3501 3072 3569 παρασκευάσας
3128 3497 3330 3561 νεύειν,
3396 3496 3599 3567 μᾶλλον
3631 3497 3688 3551 δὲ
3739 3497 3883 3565 πρὸς
3920 3498 4023 3566 τὴν

758 3599 879 3641 sese
909 3588 1357 3653 accommodans,
1385 3589 1516 3659 quid
1543 3590 1710 3659 igitur
1733 3590 1903 3645 dixit?
1931 3590 2246 3644 Praeteriens
2282 3598 2333 3643 et

757 3676 940 3730 videns
972 3678 1264 3731 simulacra
1289 3688 1460 3733 vestra
1487 3680 1663 3734 inveni
1694 3689 1743 3735 et
1778 3696 1955 3744 aram,
1997 3683 2175 3749 inqua
2202 3680 2335 3733 scri-

757 3780 902 3837 ptum
925 3780 1038 3823 erat
1074 3785 1092 3823 :
1125 3769 1312 3838 Ignoto
1335 3768 1468 3823 Deo.
1521 3771 1689 3835 Quem
1715 3773 1890 3840 {igitur
1914 3775 2215 3841 ignorantes
2246 3786 2333 3823 co-

757 3861 888 3923 litis,
917 3861 1051 3913 [tunc
1078 3876 1171 3932 ego
1203 3863 1461 3916 annuntio
1498 3863 1662 3917 vobis.
1702 3862 1842 3928 Quid
1868 3863 2075 3933 igitur?
2108 3862 2204 3927 Ea,
2238 3876 2333 3931 per

758 3968 879 4019 qua:
908 3950 1114 4007 Paulus
1158 3952 1412 4009 Ecclesiae
1443 3954 1639 4009 doctor
1688 3956 1960 4024 sapientes
2010 3954 2329 4009 Graecorum

763 4046 1141 4115 aucupabatur
1165 4056 1329 4114 atque
1358 4062 1422 4101 ex
1453 4048 1731 4117 impietate
1760 4049 1825 4103 ad
1854 4048 2111 4117 pietatem
2139 4063 2332 4103 manu-

758 4138 969 4192 ducens
1010 4140 1394 4202 translerebat.
1424 4155 1511 4203 ea,
1558 4141 1805 4209 inquam,
1855 4147 1913 4193 tu
1955 4155 2054 4208 pro
2078 4140 2331 4207 dogmate

760 4229 995 4299 accipies
1041 4237 1096 4284 et
1152 4244 1403 4285 asserere
1442 4231 1697 4295 audebis,
1748 4247 1778 4285 a
1831 4231 2006 4285 Paulo
2058 4232 2329 4285 idolorum

758 4337 1009 4378 eversore
1059 4323 1210 4377 illum
1256 4324 1561 4391 pradicari,
1618 4339 1782 4394 quem
1836 4324 2119 4393 gentilium
2175 4338 2331 4378 error

2432 3589 2716 3643 ἀσθένειαν
2742 3590 2925 3643 αὐτῶν
2958 3589 3298 3657 συγκατιών,
3327 3590 3380 3642 τί
3410 3586 3530 3641 εἶπε
3555 3605 3570 3654 ;
3607 3588 4022 3656 Διερχόμενος

2432 3682 2532 3736 καί
2562 3682 2917 3749 ἀναθεωρῶν
2943 3682 3015 3735 τὰ
3042 3680 3397 3743 σεϐάσματα
3428 3679 3619 3749 ὑμῶν,
3672 3676 3861 3746 εὗρον
3917 3678 4025 3732 καί

2426 3774 2639 3843 βωμὸν
2682 3775 2754 3829 ἐν
2783 3768 2831 3839 ᾦ
2874 3772 3304 3843 ἐπεγέγραπτο·
3356 3773 3667 3841 ’Δγνώστῳ
3725 3770 3852 3835 Θεῷ
3881 3788 3896 3802 ·
3945 3770 4024 3823 ὃν

2431 3864 2548 3923 οὖν
2576 3867 2947 3937 ἀγνοοῦντες
2992 3865 3316 3929 εὐσεϐεῖτε,
3365 3865 3581 3918 τοῦτον
3632 3862 3748 3931 ἐγὼ
3794 3880 4024 3931 κατηγο

2432 3959 2628 4027 γέλλω
2656 3958 2822 4027 ὑμῖν.
2880 3957 2945 4009 Τί
2980 3952 3113 4015 θῦνε
3147 3957 3225 4009 Δι’
3257 3948 3335 4009 ῶν
3363 3955 3463 4025 τῆς
3507 3954 3838 4023 Ἐκκλησίας
3869 3958 3902 4007 6
3933 3956 4019 4008 6t-

2431 4048 2700 4112 δάσκαλος
2755 4050 2884 4111 τοὺς
2926 4048 3202 4119 Ἑλλήνων
3261 4048 3459 4116 σοφοὺς
3517 4046 3712 4116 ἐθήρα,
3762 4048 3859 4098 καὶ
3912 4048 4020 4115 τῆς

2431 4142 2689 4204 ἀσεϐείας
2720 4141 2858 4210 πρὸς
2886 4139 2986 4210 τὴν
3014 4140 3297 4193 εὐσέϐειαν
3331 4138 3697 4209 ἐχειραγώγει
3745 4141 3839 4192 καὶ
3875 4158 4019 4208 μετ-

2432 4232 2621 4301 έφερε,
2655 4232 2829 4285 ταῦτα
2888 4233 2953 4285 σὺ
3006 4231 3186 4299 δόγμα
3223 4232 3499 4300 ποιήσεις,
3562 4233 3655 4284 καὶ
3707 4232 4019 4301 κηρύττειν

2429 4325 2728 4394 τολμήσεις
2774 4324 2867 4376 τὸν
2904 4324 3239 4394 καθαιρέτην
3272 4322 3383 4376 τῶν
3418 4322 3654 4376 εἰδώλων
3694 4326 4019 4392 καταγγέλ-

758 4416 970 4469 colebat
1028 4414 1455 4484 nominabatque
1495 4415 1741 4485 ignotum
1783 4413 1991 4469 Deum?
2027 4412 2144 4468 Non
2180 4414 2327 4468 enim

2435 4414 2545 4466 λειν
2572 4414 2631 4466 ὃν
2659 4414 2884 4466 ἐσέϐετο
2905 4414 3001 4467 καὶ
3045 4413 3328 4483 ὠνόμαζεν
3354 4416 3383 4467 6
3422 4413 3799 4483 Ἑλληνισμὸς,
3825 4416 4016 4481 ἀγνω-

760 4507 895 4559 tuira
920 4507 1180 4561 accedere
1208 4476 1551 4562 nobis-debet
1584 4507 1662 4560 tui
1698 4506 1899 4576 ingenii
1944 4507 2000 4561 in
2043 4506 2328 4561 fallacibus

2438 4522 2563 4558 στον
2616 4505 2790 4569 Θεόν;
2824 4505 2898 4559 Ού
2931 4504 3041 4574 γὰρ
3096 4476 3417 4573 θαυμαστόν
3454 4522 3549 4557 σου
3568 4476 3646 4557 ’τὸ
3678 4476 3781 4575 τῆς
3810 4476 4016 4573 σοιρίας

760 4598 988 4667 argutiis
1031 4599 1363 4654 consuendis
1409 4597 1652 4653 solertia.
1709 4598 1963 4653 Erectum
2000 4608 2121 4653 erat
2160 4599 2335 4653 altare

762 4688 891 4742 illud
924 4687 1086 4755 Pani;
1128 4691 1260 4744 urhs
1283 4698 1465 4745 autem
1495 4690 1829 4744 Athenarum
1863 4705 2061 4744 nomen
2092 4691 2213 4760 ejus
2238 4691 2332 4761 qui

761 4781 815 4832 in
872 4794 939 4835 eo
987 4779 1269 4834 colebatur
1314 4780 1532 4834 interim
1588 4780 1849 4850 ignorans
1906 4781 2264 4847 inscripserat
2315 4797 2329 4833 :

762 4873 947 4941 Ignoto
985 4871 1113 4927 Deo.
1166 4870 1285 4927 Jam
1336 4886 1461 4927 vero
1504 4871 1764 4941 quoniam
1818 4886 1883 4925 ex
1934 4870 2330 4940 prophetarum

762 4967 999 5021 oraculis
1045 4964 1365 5035 Christique
1410 4964 1625 5019 Domini
1680 4964 1917 5033 eloquiis
1949 4964 2206 5032 egregius
2243 4962 2332 5014 ille

762 5059 1108 5126 cmlestisque
1167 5058 1249 5111 vir
1296 5056 1554 5119 videbat,
1613 5057 2035 5125 haudquaquam
2105 5054 2332 5121 gentiles

765 5150 929 5215 ﬂecti,
962 5164 1027 5203 ex
1062 5149 1313 5219 ipsisntet
1360 5148 1709 5203 exsecrandis
1758 5147 2072 5203 simulacris
2118 5147 2182 5201 ad
2218 5146 2332 5201 eul-

767 5252 877 5295 tum
936 5255 1032 5295 eos
1083 5249 1301 5295 revocat
1344 5239 1684 5302 Conditoris,
1739 5247 1793 5293 et
1840 5254 1906 5293 ex
1952 5239 2084 5307 ipsis
2130 5237 2331 5292 diaboli

764 5329 1267 5400 programmatibns
1337 5331 1624 5399 potestatis
1678 5329 1918 5395 eiusdem
1984 5328 2329 5399 tyrannidem

767 5424 1114 5484 condemnat,
1162 5437 1225 5474 ex
1268 5421 1626 5475 munimentis
1649 5420 1768 5489 ejus
1808 5420 2125 5474 fortissimis
2163 5420 2332 5473 robur

766 5510 1050 5578 potestatis
1086 5509 1256 5579 ipsius
1291 5510 1507 5572 evertit,
1547 5508 1618 5563 ab
1648 5524 1835 5564 errore
1870 5509 2024 5561 metit
2050 5510 2330 5577 pietatem,

838 5686 911 5751 ιι)
947 5686 1119 5740 Verba
1184 5687 1308 5749 ista,
1348 5688 1469 5750 Πῶς
1520 5686 1619 5738 οὐκ
1684 5687 1912 5754 ἐλογίσω
1945 5717 2012 5728 -
2046 5690 2331 5755 προσεῖχον

767 5758 902 5828 αὐτῇ
934 5758 1120 5828 paucis
1177 5760 1399 5815 vocibus
1436 5759 1696 5828 ampliora
1737 5760 1989 5830 leguntur
2014 5758 2151 5827 apud
2202 5757 2328 5814 Bcc-

2436 4598 2766 4669 δραστήριον
2793 4599 2888 4651 καὶ
2912 4598 3021 4649 τῶν
3070 4597 3418 4666 κακοσχόλων
3460 4598 3491 4665 ἡ
3529 4596 3705 4667 πλοκὴ
3737 4601 4020 4666 σοφισμά-

2434 4704 2566 4740 των.
2609 4687 2928 4757 ’Δνειμένος
2982 4680 3051 4756 ἦν
3104 4687 3134 4738 6
3184 4686 3367 4754 βωμὸς
3401 4684 3479 4755 τῷ
3514 4688 3687 4739 Πανί·
3745 4689 3778 4756 ἡ
3812 4686 3870 4739 δέ
3901 4689 4017 4741 τῶν

2447 4778 2690 4846 Ἀθηνῶν
2736 4778 2894 4843 πόλις
2952 4777 3050 4830 τοῦ
3084 4777 3397 4847 τιμωμένου
3426 4777 3562 4840 τέως
3618 4779 3694 4846 μὴ
3729 4780 4018 4841 συνιέντες

2433 4872 2494 4924 τὸ
2522 4871 2699 4941 ὄνομα
2730 4872 3048 4940 ἐπέγραφον
3102 4870 3179 4939 τῷ
3230 4868 3417 4938 βωμῷ·
3492 4868 3805 4936 Ἀγνώστῳ
3862 4868 4013 4933 Θεῷ.

2447 4963 2601 5015 ’Eml.
2632 4962 2739 5030 γὰρ
2772 4962 2836 5013 ἐκ
2866 4961 2975 5013 τῶν
3027 4958 3391 5030 προφητικῶν
3439 4952 3706 5027 χρησμῶν
3744 4958 3841 5010 καὶ
3900 4958 4015 5010 τῶν

2436 5052 2784 5105 Δεσποτικῶν
2818 5051 3015 5119 λογίων
3039 5054 3067 5103 ό
3094 5048 3401 5119 περιδέξιος
3450 5050 3657 5112 ἐκεῖνος
3690 5048 3781 5100 καὶ
3840 5050 4016 5117 ούρα-

2435 5164 2548 5208 νιος
2580 5146 2870 5217 ἄνθρωπος
2901 5146 2975 5216 μὴ
3010 5144 3331 5212 πειθόμενον
3381 5143 3529 5213 ἐώρα
3562 5141 3623 5194 τὸ
3668 5142 4014 5212 Ἑλληνικὸν,

2435 5237 2495 5303 ἐξ
2526 5239 2707 5292 αὐτῶν
2755 5238 2954 5300 αὐτοὺς
2986 5236 3099 5289 τῶν
3171 5235 3480 5302 θεοστυγῶν
3530 5234 3897 5304 σεϐασμάτων
3932 5237 4016 5299 είς

2435 5330 2495 5382 τὸ
2525 5328 2621 5382 τοῦ
2677 5327 3025 5399 Δημιουργοῦ
3064 5328 3455 5397 μετακαλεῖται
3514 5326 3701 5389 σέϐας·
3737 5324 3799 5390 ἐξ
3829 5328 4017 5379 αὐτῶν

2439 5419 2551 5473 τῶν
2577 5422 2671 5474 τοῦ
2701 5420 2951 5474 διαϐόλου
3000 5436 3256 5489 προγραμ
3271 5418 3461 5488 μάτων
3494 5418 3591 5486 τῆς
3643 5418 3809 5471 αὑτοῦ
3839 5436 4017 5471 κατα-

2436 5512 2736 5582 ψηφίζεται
2764 5513 3101 5583 τυραννίδος·
3142 5514 3205 5564 ὲκ
3242 5510 3350 5564 τῶν
3400 5510 3779 5581 ὀχυρωμάτων
3835 5527 4016 5563 κατα-

2436 5706 2559 5816 ﬁgi
2604 5690 2696 5748 Or.
2754 5693 2869 5749 ldc
2910 5710 3001 5750 un.
3071 5692 3243 5761 Eccl.,
3284 5711 3338 5749 η.
3398 5695 3498 5761 46,
3537 5692 3601 5748 G.
3659 5692 3723 5748 Ο.
3776 5692 3815 5747 1.
3885 5694 4019 5750 lbi)-
