4214 6448
232 434 341 499 Βῖ5

981 438 1422 499 REFUTATIO
1460 440 1835 500 PHOTIANI
1878 443 2091 501 LIBRI
2157 445 2250 504 DE
2296 445 2611 507 SPlRlTU
2643 448 2702 506 S.

3395 446 3504 508 826

237 548 466 616 στρέφει
492 546 551 598 sb
578 547 781 616 κράτος
805 546 971 600 αὑτοῦ
995 550 1094 618 τῆς
1124 547 1393 613 ἔξουσίας
1413 549 1522 603 ἀπὸ
1550 548 1651 618 τῆς
1678 548 1823 602 πλά-

1929 566 1992 604 ex
2043 554 2348 621 perditione
2412 555 2655 625 germina
2708 555 2865 610 nobis
2910 555 3105 611 salutis
3165 554 3413 625 profert,
3472 573 3505 611 ο

234 655 336 706 νης
366 640 606 707 γεωργεῖ
636 640 733 709 τὴν
759 638 1045 692 εὐσέϐειαν
1068 654 1082 669 ’
1116 641 1181 693 ὲκ
1209 640 1309 710 τῆς
1368 642 1643 704 ἀπωλείας
1690 640 1820 712 βλα-

236 733 401 794 στοὺς
476 733 606 801 ἡμῖν
660 730 1027 801 προϐάλλεται
1088 736 1398 802 σωτηρίαςο
1455 735 1519 786 ἔκ
1563 733 1664 802 τῆς
1722 732 1817 787 τοῦ

233 822 489 876 διαϐόλου
518 823 746 892 παγίδος
779 825 857 885 είς
878 824 969 876 τὸν
992 823 1197 894 δρόμον
1223 824 1460 893 ἐνισχύει
1506 824 1601 877 τοῦ
1637 824 1815 893 Εὐαγ-

236 916 423 981 γελίου
448 935 461 947 ·
495 913 728 985 βαλδίδα
761 917 999 967 ποιεῖται
1031 914 1131 982 τὴν
1163 918 1409 987 κορυφὴν
1444 916 1544 985 τῆς
1574 918 1821 970 ἀποστα-

237 1008 363 1069 σίας
394 1008 495 1075 τῆς
523 1007 759 1071 εἰσόδου,
784 1006 853 1060 δι’
882 1002 951 1078 ἦς
983 1004 1053 1078 ἦν
1081 1008 1270 1071 αὐτοῖς
1313 1010 1395 1070 είς
1424 1010 1518 1062 τὸν
1550 1009 1818 1079 νυμφῶνα

240 1098 492 1166 Χριστοῦ
528 1102 625 1151 καὶ
648 1097 748 1168 τὴν
779 1099 1047 1169 ἄχραντον
1071 1099 1237 1154 αὐτοῦ
1265 1101 1519 1155 παστάδα
1550 1102 1816 1155 είσελθεῖν

233 1190 335 1259 τὴν
373 1189 726 1261 Ἐκκλησίαν.
757 1189 943 1252 Οὕτως
973 1186 1042 1261 ἦν
1070 1192 1283 1255 ἐκεῖνος
1312 1192 1340 1244 δ
1368 1191 1665 1262 μετάρσιος
1691 1192 1816 1256 νοῦς

230 1283 323 1336 διὰ
353 1282 467 1334 τῶν
510 1282 694 1336 ὃπλων
744 1281 841 1335 τοῦ
893 1280 1088 1351 ιχθροῦ
1116 1282 1281 1336 αὐτὸν
1334 1284 1816 1352 κατατιτρώσκειν

232 1376 329 1428 τὸν
359 1375 555 1443 ἐχθρὸν
606 1380 702 1427 καὶ
756 1374 1190 1444 αἰχμαλωτίζειν
1224 1374 1554 1446 δραστήριός
1605 1392 1667 1428 τε
1722 1376 1819 1430 καὶ

230 1470 331 1541 τὴν
359 1466 573 1524 ἄνωθεν
607 1464 787 1539 ἑαυτῷ
814 1468 1004 1538 φέρει]
1031 1467 1205 1537 ἰσχύν.
1241 1467 1307 1518 Τί
1334 1462 1463 1531 οῦν;
1491 1467 1636 1519 Διότι
1672 1467 1819 1519 Παῦο

231 1563 323 1625 λος
351 1565 467 1624 τοῖς
502 1561 689 1624 ὅπλοις
716 1561 810 1613 τοῦ
838 1559 1031 1630 ἐχθροῦ
1052 1558 1275 1613 καθεῖλε
1308 1558 1401 1609 τδν
1447 1559 1661 1628 ἐχθρὸν,
1714 1558 1805 1610 διὰ

231 1652 393 1706 τοῦτο
422 1655 487 1706 σὺ
514 1654 582 1706 τά
608 1652 702 1707 τοῦ
726 1652 923 1723 ἐχθροῦ
953 1655 1210 1724 τιμήσεις
1240 1651 1381 1707 ὅπλα
1413 1650 1655 1706 καὶ,θεῖα
1680 1651 1821 1702 ὅπλα

233 1744 511 1807 καλέσεις,
539 1744 635 1796 καὶ
662 1746 797 1810 πρὸς
830 1744 928 1814 τὴν
960 1746 1061 1813 σὴν
1089 1746 1322 1816 ὠθήσεις
1354 1744 1530 1798 ταῦτα
1562 1744 1779 1811 σφαγήν
1806 1760 1819 1806 ;

1925 644 2124 697 diaboli
2193 646 2389 713 laqueo
2448 647 2516 700 ad
2592 660 2813 699 cursum
2900 646 3175 716 Evangelii
3245 647 3501 709 excitat,

1924 750 2202 791 summum
2249 737 2570 793 defectionis
2615 739 2870 793 verticem
2922 739 3023 792 viae.
3067 737 3198 793 facit
3261 738 3500 803 initium,

1922 843 2029 899 qua
2078 828 2178 898 ipsi
2217 841 2437 899 possent
2472 832 2525 885 in
2574 831 2899 897 Ecclesiam,
2947 832 3304 902 purissimqu
3338 841 3506 900 atque

1924 923 2307 978 intemeratum
2368 924 2572 979 Christi
2638 927 2984 988 thalamum.
3060 926 3292 995 ingredi.
3353 924 3506 978 Adeo

1924 1013 2161 1082 pollebat
2211 1015 2466 1071 sublimis
2522 1018 2611 1071 illa
2666 1033 2819 1074 meus
2883 1018 3093 1073 (relein
3148 1017 3499 1087 potissimum

1928 1100 2267 1156 adminiculo
2302 1105 2487 1169 adjuta
2537 1121 2633 1175 per
2684 1106 2797 1176 ipsa
2864 1106 3073 1161 inimici
3120 1121 3271 1161 arma
3319 1107 3502 1175 ipsum

1929 1190 2211 1246 inimicum
2284 1196 2583 1251 c0ufodere
2640 1213 2703 1251 ac
2758 1197 3033 1266 subigere.
3090 1197 3229 1261 Quid
3292 1196 3509 1266 igitur?

1929 1280 2066 1347 Quia
2096 1282 2299 1340 Paulus
2328 1290 2497 1342 armis
2531 1288 2734 1343 inimici
2758 1287 2958 1341 delevit
2984 1287 3286 1348 inimicum,
3317 1288 3511 1341 ideene

1930 1384 1984 1428 tu
2020 1376 2225 1431 honore
2243 1394 2394 1434 arma
2426 1381 2629 1435 inimici
2660 1381 3013 1452 prosequeris
3052 1391 3106 1434 et
3143 1382 3323 1433 divina
3366 1394 3508 1432 nun-

1928 1469 2151 1536 cupabis
2207 1487 2381 1537 arma,
2444 1484 2610 1542 atque
2668 1477 2721 1529 in
2776 1484 2924 1529 tuam
3001 1474 3171 1543 ipsius
3215 1470 3509 1541 protrudes

1930 1560 2172 1614 eaedem?
2211 1571 2265 1616 et
2308 1574 2443 1634 quot
2475 1566 2579 1619 alia
2625 1566 2824 1618 similia
2866 1563 3113 1631 exetnpla
3148 1561 3293 1631 apud
3339 1562 3504 1623 hunc,

1929 1655 2021 1722 qui
2050 1657 2235 1710 omnia
2271 1658 2548 1725 sapienter
2590 1660 2641 1712 in
2679 1659 2919 1729 Spiritus
2967 1657 3166 1710 virtute
3212 1654 3505 1723 disposuit,

1933 1757 2197 1815 poterunt
2236 1750 2460 1817 reperiri
2489 1752 2501 1803 l

234 1835 342 1889 Καὶ
402 1837 544 1890 πόσα
603 1836 670 1890 ἂν
724 1836 900 1890 ἔνεστι
936 1838 1161 1890 τοιαῦτα
1197 1838 1620 1909 παραδείγματα
1678 1833 1807 1905 παρ’
1849 1837 1999 1907 αὐτῷ
2026 1837 2102 1907 τῷ
2148 1840 2331 1894 πάντα
2360 1842 2417 1893 ἐν
2457 1844 2620 1912 copi;
2682 1845 2749 1913 τῇ
2780 1844 2876 1897 τοῦ
2914 1841 3231 1911 Πνεύματος
3278 1836 3510 1907 δυνάμει

232 1929 723 1999 διικνϐερνήσαντι
746 1930 933 1983 λαϐεῖν
955 1930 968 1983 l

300 2022 395 2076 06‘.
424 2023 489 2075 Ti
510 2024 569 2077 δὲ
590 2024 670 2077 δεῖ
695 2025 1175 2093 παραδειγμάτων;
1203 2024 1373 2087 Αὐτὸς
1398 2024 1485 2077 δια
1498 2025 1707 2093 πρυσίῳ
1726 2023 1814 2074 λέ-

1995 2021 2084 2076 76.
2138 2024 2275 2092 Quid
2310 2040 2441 2093 ergo
2489 2040 2627 2094 opus
2653 2034 2737 2079 est
2798 2023 3093 2093 exemplis?
3137 2022 3370 2092 lpsemet
3402 2023 3511 2077 alta

236 2132 315 2181 γει
340 2117 407 2186 τῇ
435 2119 586 2183 φωνῆ
615 2133 629 2147 ο
675 2116 1002 2185 Ἐγενόμην
1024 2116 1149 2181 τοῖς
1202 2115 1513 2180 Ἰουδαίοις
1557 2114 1631 2176 ὡς
1676 2116 1826 2169 Ἰου-

230 2204 419 2272 δαῖος,
457 2208 559 2260 ἵνα
591 2206 924 2273 Ἰουδαίους
953 2207 1246 2275 κερδήσω·
1301 2206 1426 2272 τοῖς
1470 2207 1589 2260 ὑπὸ
1634 2206 1825 2273 νόμον

229 2299 311 2364 ὡς
352 2300 474 2351 ὑπὸ
509 2300 715 2367 νόμον,
770 2299 871 2352 ἵνα
915 2300 1057 2366 τοὺς
1116 2300 1235 2354 ὑπὸ
1288 2300 1480 2368 νόμον·
1511 2296 1823 2366 κερδήσω·

232 2392 356 2458 τοῖς
382 2394 633 2461 ἀνόμοις
657 2394 737 2459 ὡς
758 2393 1001 2462 ἄνομος,
1020 2393 1106 2462 μὴ
1134 2392 1218 2446 ὢν
1240 2392 1464 2461 ἄνομος
1489 2390 1659 2455 Θεοῦ,
1686 2390 1824 2444 ἀλλ’

232 2484 496 2552 ἔννομος
530 2484 813 2552 Χριστοῦ,
874 2485 976 2538 ἵνα
1021 2483 1298 2553 κερδήσω
1350 2484 1640 2551 ἀνόμους.
1694 2476 1822 2550 Ἆρ’

230 2576 325 2630 οὖν
364 2577 435 2629 σὺ
493 2577 584 2630 διὰ
622 2576 782 2630 τοῦτο
834 2576 927 2631 τὸν
975 2577 1312 2645 Ἰουδαῖσμὸν
1341 2577 1743 2641 άνακαινίσεις,
1779 2575 1811 2645 ἢ

235 2670 334 2740 τὴν
364 2670 606 2739 ἀνομίαν
634 2672 754 2725 ἀντὶ
774 2670 889 2724 τῶν
912 2670 1073 2724 θείων
1099 2672 1195 2725 καὶ
1218 2671 1574 2740 ἀνθρωπίνων
1603 2668 1823 2737 θεσμῶν

238 2762 710 2832 ἐμπολιτεύεσθαι
742 2761 819 2831 τῷ
849 2762 950 2832 βίῳ
978 2762 1390 2833 νομοθετήσεις,
1428 2763 1521 2815 καὶ
1578 2761 1825 2830 ἀνακρά-

240 2857 351 2920 ξεις
388 2855 794 2925 ἀναισχύντως,
832 2857 1038 2925 μᾶλλον
1067 2857 1126 2910 δὲ
1174 2856 1297 2908 λίαν
1331 2856 1529 2922 ἀθέως,
1564 2855 1638 2918 ὡς
1672 2856 1823 2910 Παύ-

238 2947 333 2999 λου
368 2946 484 2999 εἰσὶ
511 2945 688 3000 ταῦτα
716 2947 809 3000 καὶ
845 2948 901 3001 αἱ
930 2948 1148 3001 ἐντολαὶ
1175 2948 1274 3000 καὶ
1301 2950 1362 3001 τὸ
1394 2950 1691 3018 κήρυγμα;

308 3142 405 3189 οε¹.
466 3135 624 3204 Παρὰ
682 3135 870 3198 πόσοις
899 3133 955 3187 δὲ
1020 3135 1116 3189 καὶ
1160 3135 1344 3201 ἄλλοις
1394 3137 1505 3190 τῶν
1537 3137 1825 3207 μακαρίων

238 3233 338 3285 καὶ
389 3229 569 3297 ἁγίων
618 3229 881 3298 Πατάρων
930 3229 1087 3298 ἡμῶν
1141 3228 1323 3283 ἔνεστι
1347 3229 1573 3283 τοιαῦτα
1606 3231 1822 3299 εὑρεῖνῑ

249 3324 466 3377 Ἐννόει
507 3340 599 3391 μοι
635 3322 729 3375 τὸν
758 3322 857 3391 τῆς
910 3322 1130 3391 Ῥώμης
1180 3323 1447 3392 ἀρχιερέα
1503 3322 1821 3391 Κλήμεντά,

238 3421 337 3471 καὶ
368 3416 407 3470 ἃ
437 3416 538 3482 τὴν
572 3415 893 3486 ιπωνυμίαν
927 3415 1139 3468 ἐκεῖθεν
1174 3416 1354 3485 φέρει,
1388 3414 1823 3485 Κλημέντιαῌ)

239 3512 357 3581 (ἵνα
388 3507 465 3577 μὴ
494 3508 640 3574 λέγω
666 3508 735 3560 τά
766 3506 1162 3577 γεγραμμένα,
1197 3507 1272 3569 ὡς
1306 3508 1334 3559 ὁ
1360 3506 1594 3569 παλαιὸς
1642 3505 1824 3573 λόγος,

240 3602 385 3655 κατὰ
414 3603 477 3653 τὸ
503 3599 601 3652 τοῦ
629 3600 935 3670 κορυφαίου
974 3600 1185 3670 Πέτρου
1212 3598 1548 3667 γεγενῆσθαι
1576 3598 1825 3669 πρόσταα

239 3694 412 3763 γμα),
444 3694 543 3745 τὸν
585 3690 1001 3761 ’Δλεξανδρείας
1056 3693 1335 3745 Διονύσιον
1391 3692 1452 3756 ἐξ
1508 3690 1827 3753 άντιπνοίας

240 3787 341 3855 τῆς
380 3785 521 3855 πρὸς
555 3784 648 3837 τὸν
707 3782 998 3836 Σαδέλλιον
1035 3782 1238 3854 μικροῦ
1273 3781 1351 3854 τῷ
1418 3782 1615 3853 Ἀρείῳ
1669 3783 1828 3852 χεῖρα

241 3877 626 3946 -ι-ιροτιείνοιίρτα⁸
681 3874 775 3927 τὸν
838 3877 900 3927 ὲν
964 3874 1326 3943 ίερομάρτυσι
1382 3874 1672 3943 λάμποντα
1718 3872 1829 3923 τῶν

241 3971 389 4023 Πατέ
401 3985 513 4038 ρων
544 3968 636 4020 τὸν
675 3968 849 4035 μέγαν
882 3965 1161 4027 Μεθόδιον,
1185 3964 1245 4027 δς
1272 3965 1523 4032 ἀγγέλων
1549 3964 1650 4034 τὴν
1680 3963 1828 4017 ἀσώ-

243 4077 423 4130 ματον
454 4060 552 4111 καὶ
621 4057 809 4127 ἀπαθῆ
840 4057 1006 4126 φύσιν
1047 4058 1181 4125 πρὸς
1238 4056 1418 4125 ἔρωτα
1452 4056 1698 4126 βρότειον
1731 4054 1828 4107 καὶ

242 4150 470 4220 ὁμιλίαν
526 4149 798 4217 σωμάτων
850 4150 1186 4201 καταπεσεῖν
1211 4146 1312 4199 οὐκ
1365 4145 1580 4199 ἐλαύνει
1644 4144 1826 4213 δόξης.

254 4246 478 4298 Ἐάσειν
511 4259 601 4310 μοι
623 4242 764 4295 δοκῶ
801 4242 1108 4295 Πάνταινον
1138 4242 1234 4293 καὶ
1259 4240 1578 4309 Κλήμεντά,
1612 4238 1830 4307 Πιέριόν

240 4352 297 4386 τε
328 4333 425 4385 καὶ
467 4332 753 4401 Πάμφιλον
782 4331 879 4382 καὶ
903 4330 1275 4397 Θεόγνωστον,
1310 4330 1512 4399 ἄνδρας
1551 4345 1611 4381 τε
1647 4327 1829 4395 ἱεροὺς

242 4429 339 4479 καὶ
385 4425 499 4478 τῶν
566 4425 728 4495 ιερῶν
784 4423 1147 4486 διδασκάλους
1179 4422 1545 4491 μαθημάτων,
1605 4415 1682 4475 ὧν
1728 4419 1829 4482 τάς

244 4521 428 4584 θέσεις
460 4521 520 4571 οὐ
558 4519 734 4579 πάσας
770 4518 991 4581 πάντως
1043 4516 1351 4587 δεχόμενοι,
1390 4512 1561 4567 καλοῦ
1610 4528 1671 4579 γε
1706 4510 1822 4580 βίου

244 4615 343 4667 καὶ
368 4614 469 4682 τῆς
502 4612 672 4681 ἄλλης
710 4611 1020 4682 ἱερολογίας
1059 4609 1230 4679 γέρας
1287 4607 1471 4667 αὐτοῖς
1516 4604 1826 4673 ἀπονέμον-

1925 2130 1979 2174 et
2023 2120 2168 2175 clara
2206 2120 2334 2173 dicit
2366 2134 2500 2173 voce
2529 2137 2542 2173 :
2571 2118 2771 2173 Factus
2822 2136 2940 2172 sum
2981 2116 3191 2172 Judwis
3256 2128 3512 2187 tanquam

1924 2211 2169 2275 Iudaeus,
2212 2222 2267 2264 ut
2289 2210 2504 2266 Judazos
2543 2212 2802 2274 lucrarer;
2834 2211 2902 2263 iis
2931 2210 3021 2277 qui
3080 2208 3176 2262 sub
3212 2208 3323 2277 lege
3356 2216 3510 2269 sunt,

1926 2307 2081 2373 quasi
2106 2302 2202 2356 sub
2228 2302 2335 2372 lege
2366 2318 2548 2360 essent.
2582 2313 2637 2354 ut
2672 2318 2759 2355 eos
2783 2301 2873 2370 qui
2906 2299 2998 2352 sub
3026 2299 3136 2368 lege
3157 2307 3308 2352 erant
3343 2298 3513 2350 lueri-

1926 2397 2192 2465 fucerem;
2222 2398 2287 2449 iis
2319 2397 2409 2465 qui
2437 2398 2547 2450 sine
2566 2396 2673 2464 lege
2710 2405 2882 2457 ermtt,
2939 2403 3191 2461 tanquam
3240 2392 3352 2443 sine
3404 2390 3515 2457 lege

1925 2504 2087 2544 essent
2133 2492 2271 2559 (cum
2290 2493 2402 2542 sine
2453 2490 2563 2557 lege
2618 2486 2712 2541 Dei
2749 2503 2850 2538 non
2880 2483 3179 2547 essem,sed
3220 2484 3275 2536 in
3293 2483 3402 2553 lege
3427 2499 3514 2536 es-

1932 2599 2043 2637 sent
2071 2581 2325 2647 Christi),
2354 2590 2410 2634 ut
2445 2580 2810 2648 lucrifacerem
2838 2594 2923 2630 eos
2952 2576 3043 2645 qui
3066 2576 3179 2629 sine
3204 2574 3313 2644 lege
3334 2582 3510 2627 erant.

1926 2673 2214 2742 Numergo
2247 2683 2301 2728 tu
2338 2682 2619 2741 propterea
2651 2669 2998 2724 Judaismum
3057 2665 3392 2722 instaurabis
3420 2673 3514 2718 aut

1929 2767 2132 2821 divinis
2185 2766 2553 2833 humanisque
2606 2764 2815 2833 legibus
2860 2760 3138 2829 abrogatis
3166 2758 3329 2812 vitam
3361 2755 3513 2810 omni

1933 2862 2169 2915 solutam
2206 2860 2322 2929 lege
2351 2862 2405 2912 in
2459 2858 2743 2912 hominum
2774 2854 3105 2910 commercio
3137 2850 3382 2911 induces.
3431 2854 3515 2901 at-

1927 2967 2037 3023 que
2072 2950 2443 3021 impuJentcr,
2474 2948 2583 3001 imo
2616 2948 2796 3017 potius
2834 2945 2999 3014 impie
3056 2940 3343 3003 clamabis,
3398 2938 3514 2991 haec

1929 3059 2053 3100 esse
2092 3036 2358 3113 praecepta
2388 3057 2418 3095 a
2450 3040 2621 3094 Paulo
2654 3036 2985 3108 praedicata?

2002 3136 2091 3191 ⁵15.
2125 3137 2269 3203 Quot
2297 3150 2425 3189 vero
2450 3142 2501 3187 et
2525 3133 2613 3186 alii
2645 3133 2784 3187 beati
2818 3140 2871 3185 et
2923 3128 3095 3183 sancti
3122 3125 3311 3179 Patres
3336 3121 3510 3177 nostri

1929 3239 2164 3291 exstant,
2209 3227 2264 3281 iu
2300 3227 2501 3295 quibus
2542 3224 2668 3276 talia
2721 3220 2998 3291 reperias?
3053 3218 3266 3287 Inspice
3315 3216 3514 3270 notua-

1932 3336 2059 3376 num
2093 3318 2407 3391 pontiﬁcem
2442 3316 2778 3370 Clementem
2824 3323 2877 3366 et
2917 3326 3039 3380 quas
3086 3309 3213 3362 imle
3246 3306 3513 3360 denomi-

1934 3421 2133 3466 nautur
2161 3408 2492 3463 Clementina
2525 3408 2616 3475 (ue
2648 3406 2824 3459 dicam
2855 3418 2978 3457 cum
3012 3402 3283 3455 veteribus
3306 3397 3510 3465 scripta

1930 3508 2019 3559 illa
2042 3504 2211 3557 fuisse
2229 3503 2385 3570 jussu
2406 3500 2550 3554 Petri
2576 3497 2947 3568 apostolorum
2976 3491 3286 3563 principis),
3311 3488 3512 3558 Diony-

1930 3599 2071 3653 sium
2122 3593 2578 3653 Alexandrinum,
2640 3590 2732 3658 qui
2789 3588 2917 3641 dum
2977 3594 3165 3639 contra
3216 3581 3512 3635 Sabelluun

1931 3688 2135 3743 fervide
2162 3686 2428 3755 disputat,
2462 3684 2593 3736 Ario
2644 3677 3042 3751 propemodum
3088 3673 3363 3744 protendit
3394 3686 3513 3724 ma-

1931 3796 2085 3841 num,
2117 3790 2370 3845 maguum
2396 3787 2558 3842 atque
2597 3770 2739 3825 inter
2772 3772 2958 3823 beatos
3003 3775 3269 3836 martyres
3295 3762 3514 3832 fulgen-

1931 3878 2039 3924 tem
2079 3868 2409 3922 Methodium
2449 3864 2825 3927 Patarensem,
2858 3862 2947 3931 qui
2982 3858 3515 3928 angelorumcorpo-

1934 3964 2009 4018 ris
2040 3961 2466 4032 passionumque
2518 3967 2794 4027 expertem
2841 3963 3091 4008 ttaturam
3136 3951 3191 4003 in
3237 3958 3513 4002 terrenum

1931 4068 2172 4109 amorem
2200 4059 2256 4105 et
2296 4065 2587 4118 corporum
2630 4048 2940 4116 amplexum
2994 4044 3168 4098 ruisse
3208 4039 3517 4095 nonincre-

1931 4148 2096 4202 dibile
2122 4144 2355 4201 censuit.
2399 4144 2661 4197 Umittam
2725 4143 3044 4194 Pantmuum
3076 4147 3128 4190 et
3156 4135 3513 4195 Clementem,

1932 4241 2173 4294 Pierium
2239 4253 2495 4308 quoque,
2564 4234 2907 4302 Pamphilum
2965 4241 3019 4283 et
3078 4228 3514 4296 Theognostum,

1934 4336 2083 4388 viros
2114 4342 2335 4387 sanctos
2360 4340 2786 4396 sanctarumque
2812 4324 3213 4379 institutionum
3239 4321 3514 4380 doctores,

1930 4440 2091 4495 quos,
2119 4425 2241 4477 licet
2273 4422 2675 4491 propositiones
2702 4432 2917 4481 eorum,
2960 4430 3067 4467 non
3113 4422 3341 4466 cunctas
3390 4423 3517 4461 om-

1932 4520 2063 4571 nino
2099 4516 2473 4578 admittentes,
2512 4512 2788 4581 praeclarae
2821 4518 2998 4562 tamen
3021 4508 3143 4559 vitae
3165 4513 3517 4558 caeterarum-

1931 4625 2037 4680 que
2067 4608 2440 4662 doctrinarum
2477 4605 2697 4673 praemia
2741 4602 2873 4671 ipsis
2907 4602 3264 4667 rependentes
3310 4592 3515 4663 ingenti

242 4725 359 4769 τες,
396 4706 489 4757 διὰ
526 4702 723 4771 ποὶλῆς
753 4705 922 4773 τιμῆς
949 4702 1045 4754 καὶ
1102 4697 1378 4767 ἀποδοχῆς
1415 4698 1623 4764 ἄγομεν
1646 4710 1661 4725 ⁸
1726 4694 1829 4761 μά-

1935 4702 2141 4755 Itonore
2176 4709 2341 4767 atque
2362 4696 2831 4751 commendatione
2866 4692 3270 4762 prosequimur,
3322 4686 3513 4754 praeri-

242 4800 408 4850 λιστά
443 4812 506 4865 γε
538 4794 825 4864 Πάμφιλον
858 4792 946 4845 καὶ
981 4791 1224 4861 Πιέριον,
1258 4789 1356 4842 ἅτε
1384 4788 1450 4859 δὴ
1494 4786 1589 4839 καὶ
1618 4800 1826 4854 μαρτυ-

248 4893 430 4963 ρικοῖς
488 4888 673 4950 ἄθλοις
723 4884 1223 4956 ὲνδιαπρέψανταςο
1287 4880 1409 4952 μεθ’
1439 4874 1518 4933 ὧν
1575 4878 1830 4939 καὶτοὺς

244 4985 353 5038 ἀπὺ
388 4980 608 5041 Δύσεως
638 4980 1083 5048 παρατρέχομενο
1114 4973 1403 5044 Εἰρηναῑόν
1437 4988 1497 5023 τε
1527 4970 1622 5023 τὸν
1645 4970 1831 5039 ἀρχιε-

251 5076 349 5146 ρέα
382 5072 525 5125 Θεοῦ
558 5072 653 5124 καὶ
682 5072 783 5139 τὴν
815 5069 925 5121 τῶν
955 5066 1308 5134 Λουγδούνων
1343 5063 1642 5133 δεξάμενον
1662 5077 1676 5091 ⁸
1734 5059 1832 5113 καὶ

254 5165 585 5221 Ἱππόλυτον
613 5163 705 5215 τὸν
742 5159 908 5214 αὑτοῦ
948 5158 1198 5229 μαθητὴν
1255 5157 1349 5209 καλ⁸
1406 5157 1462 5207 ὲν
1511 5152 1828 5224 ἀρχιερεῦσι

250 5261 537 5330 μάρτυρα’
570 5256 773 5325 ἄνδρας
811 5251 1155 5322 θαυμασίους
1186 5251 1287 5321 μὲν
1331 5252 1389 5301 ὲν
1435 5247 1673 5310 πολλοῖς,
1715 5243 1827 5296 ἐσθ’

243 5355 335 5406 ὅτε
394 5352 454 5404 δὲ
506 5348 606 5417 τῆς
666 5345 953 5417 άκριὸεἱας
1006 5346 1200 5411 λόγους
1236 5343 1418 5395 αὐτῶν
1478 5340 1664 5403 ἐνίους
1730 5339 1830 5390 οὐκ

252 5442 685 5501 ἀναστέλλοντας
722 5438 930 5492 κατασύ
941 5454 995 5507 ρε
1006 5436 1131 5489 σθαι
1143 5476 1156 5489 .

318 5540 431 5598 ος¹.
465 5526 598 5601 'Ap‘
629 5526 724 5584 οῦν
754 5530 897 5582 κατά
924 5528 1130 5581 τούτων
1157 5526 1415 5579 ἀπάντων
1448 5525 1510 5576 τὸ
1565 5523 1657 5576 σὸν
1698 5538 1831 5591 προ-

258 5628 513 5695 κομίσεις
577 5623 920 5691 διλήμματον
993 5622 1089 5671 καὶ
1148 5619 1244 5679 τάς
1309 5618 1481 5686 ὀφρῦς
1533 5615 1831 5670 ἀνατείνων

250 5724 421 5791 ἐρεῖς·
461 5720 530 5771 ΊΙ
557 5717 639 5769 δεῖ
670 5718 795 5778 τοὺς
828 5715 1031 5786 ἄνδρας
1075 5714 1323 5784 τιμῶντα
1378 5713 1471 5765 καὶ
1524 5709 1559 5763 ὃ.
1617 5709 1829 5770 τούτοις

315 5881 394 5951 (l)
432 5879 594 5932 Laur.
623 5877 985 5945 ΚλημενιεῙα.

1939 4808 2041 4863 pne
2074 4789 2423 4860 Pamphilum
2456 4798 2511 4841 et
2546 4788 2808 4850 Pierium,
2874 4797 3063 4855 utpote
3092 4781 3339 4852 martyrii
3374 4796 3517 4851 quo-

1938 4901 2044 4956 que
2091 4883 2484 4939 certaminibus
2519 4882 2776 4952 inclytus.
2815 4881 2955 4937 Cum
2998 4877 3200 4948 quibus
3248 4886 3301 4930 et
3328 4874 3518 4930 Patres

1937 4978 2300 5034 occidentales
2345 4975 2707 5047 praeterimus,
2741 4974 2999 5029 lrenmum
3045 4971 3137 5026 Dei
3174 4969 3515 5025 sacerdotem

1937 5082 1993 5127 et
2035 5071 2478 5141 Lugdunensium
2503 5070 2876 5139 episcopatum
2906 5076 3147 5128 nactum,
3180 5074 3236 5118 et
3264 5061 3518 5133 Hippoly-

1938 5178 2051 5219 tum
2082 5165 2253 5234 ipsius
2281 5162 2609 5231 discipulum
2649 5162 2858 5226 etinter
2881 5159 3166 5229 pontiﬁces
3196 5167 3514 5226 martyrem,

1939 5259 2086 5311 viros
2128 5255 2406 5310 mirandus
2446 5254 2667 5325 quidem
2698 5255 2751 5307 in
2770 5253 3043 5320 plurimis,
3103 5251 3378 5304 interdum
3432 5255 3517 5301 ta-

1940 5365 2063 5403 men
2093 5355 2161 5402 at)
2188 5350 2541 5403 exactissima
2578 5349 2821 5401 veritatis
2878 5360 3066 5399 norma
3094 5341 3318 5397 'alicubi
3348 5339 3515 5395 deﬂe-

1939 5454 2169 5498 CICIIIOS.

2014 5536 2099 5589 76.
2139 5538 2216 5588 An
2244 5535 2405 5603 igitur
2436 5542 2489 5589 et
2521 5543 2712 5587 contra
2751 5535 2851 5586 itos
2875 5546 3067 5585 omnes
3104 5541 3253 5584 tuum
3288 5528 3515 5598 objicies

1935 5628 2191 5681 dilemma
2238 5629 2491 5696 elatoque
2530 5626 2826 5695 supercilio
2875 5625 3067 5679 dices:
3108 5641 3124 5674 ι
3161 5624 3266 5676 Aut
3304 5630 3516 5691 oportet

1939 5722 2037 5776 hos
2075 5722 2221 5777 viros
2260 5722 2466 5776 honore
2502 5719 2758 5790 prosequi
2804 5726 2857 5773 et
2886 5731 3004 5786 qua:
3035 5714 3257 5770 luerunt
3284 5715 3351 5768 ah
3376 5714 3511 5785 ipsis
