4214 6448
164 424 277 489 829

918 418 1359 481 REFUTATIO
1396 420 1767 479 PHOTIANI
1811 421 2024 479 LIBRI
2073 422 2170 482 DE
2210 422 2525 483 SPIRITU
2568 424 2629 482 S.

3333 425 3439 487 830

168 536 403 603 γόμενον
426 532 489 584 τὸ
518 530 744 602 Πνεῦμα
775 532 1197 603 θεολογήσαντας
1221 533 1316 585 καὶ
1346 533 1622 603 μηδεμίαν
1655 534 1749 586 ἐπὶ
1780 549 1794 595 Α

1874 536 1999 590 ιίουι
2039 552 2213 606 neque
2254 537 2438 607 quoad
2466 538 2663 592 Filium
2690 536 2832 590 inter
2874 550 3033 590 voces
3091 540 3341 608 progredi
3385 552 3441 593 et

166 627 264 678 τοῦ
296 623 437 677 Πνεύ
446 641 615 694 ματος
641 627 885 685 εἰπόντες
908 624 1176 696 διαφορὰν
1199 624 1294 677 τοῦ
1316 625 1753 691 ἐκπορεύεσθαι

171 718 266 769 καὶ
306 716 446 786 (τοῦ)
492 716 914 787 προέρχεσθαι,
968 716 1043 778 ὡς
1109 716 1219 771 οὐδ’
1255 718 1347 771 ἐπὶ
1405 718 1502 771 τοῦ
1538 718 1668 771 Υἱοῦ
1697 724 1757 771 τδ

172 806 540 877 προέρχεσθαι
567 810 662 861 καὶ
697 810 798 879 (τὸ)
842 809 1161 876 γεννᾶσθαι,
1194 808 1293 871 τὰς
1338 809 1593 873 τοιαύτας
1623 826 1756 862 κατ-

172 898 407 961 αργοὲσι
431 898 695 967 διαφοράς
727 916 738 928 ’
776 898 869 951 καὶ
900 898 1079 960 καλῶς
1121 899 1189 952 ἂν
1248 899 1455 961 ἐποίεις
1522 902 1619 951 καὶ
1665 898 1755 961 σὺ,

173 987 334 1056 εἴπερ
362 990 439 1057 μὴ
485 988 722 1059 περιττά
765 990 865 1059 τὴν
922 990 1183 1060 ἀλήθειαν
1232 988 1509 1057 ὲσοφίζου.
1547 990 1667 1042 Ὅτι
1701 988 1759 1041 δὲ

175 1081 446 1147 παράγων
479 1080 571 1131 τὸν
601 1080 1016 1151 Ἀλεξανδρείας
1040 1080 1319 1133 Διονύσιον
1368 1083 1464 1134 καὶ
1495 1082 1761 1135 Μεθόδιιν

176 1170 448 1239 Πατάρων
481 1172 573 1224 καὶ
598 1172 691 1224 τὸν
719 1173 868 1226 δεῖνα
901 1174 993 1226 καὶ
1020 1174 1170 1225 δεῖνα
1202 1172 1315 1226 ἐσθ’
1342 1175 1432 1225 ὅτε
1477 1175 1575 1241 τῆς
1604 1176 1761 1243 ἀκρι-

176 1261 329 1324 ϐείας
391 1265 811 1333 παῳσυρέντας
868 1264 1042 1328 ἀξιοῖς
1096 1265 1237 1318 οὕτω
1300 1265 1612 1337 ἡγήσασθαι
1668 1265 1763 1319 καὶ

173 1354 531 1423 ’Λμϐρὸσιον,
568 1356 936 1425 Αὑγουσττνόν
965 1373 1025 1410 τε
1074 1360 1167 1410 καὶ
1217 1358 1541 1428 Ἱερώνυμον
1568 1360 1665 1428 τὴν
1699 1360 1762 1411 ἐκ

174 1444 271 1496 τοῦ
324 1445 458 1498 Υῑοῦ
487 1445 816 1515 θεολογῆσαι
842 1448 1177 1517 ὲκπόρευσιν
1199 1464 1212 1480 ·
1248 1448 1365 1501 ἀλλ’
1414 1449 1650 1502 ἐνταῦθα
1682 1449 1761 1517 (1)

176 1537 280 1589 οὐκ
310 1536 598 1606 ἀληθεύων
627 1536 775 1590 οὓτω
813 1540 1035 1611 φανήσῃ
1056 1556 1070 1569 ·
1105 1534 1179 1593 ὧν
1210 1542 1321 1612 γὰρ
1362 1541 1537 1608 ἁγίων
1572 1544 1766 1611 ῥήσεις

176 1626 331 1688 τινὰς
362 1627 466 1680 οὐκ
496 1628 870 1699 ἀποδειχθῆναι
902 1638 967 1700 τῇ
996 1628 1305 1701 Ἐκκλησία
1353 1629 1513 1700 ἔφης,
1563 1632 1761 1700 ἐπιση-

183 1719 463 1787 μανθῆναι
515 1723 737 1785 πάντως
786 1722 961 1785 αὐτάς
1007 1723 1065 1774 ὲν
1096 1725 1220 1786 ταῖς
1279 1723 1767 1791 ἐκκλησιαστικαῖς

179 1810 388 1876 βίδλοις
417 1813 467 1864 οἱ
507 1815 574 1867 τά
599 1814 1028 1883 ἐκκλησιαστικὰ
1061 1814 1401 1886 ἱστοροῦντες
1436 1814 1607 1879 ῐσασι,
1638 1815 1769 1867 κάν-

1857 629 2411 698 generari,ejusmodi
2441 629 2647 685 eﬂictas
2708 628 3044 683 differentias
3100 631 3166 682 ad
3210 629 3441 683 nihilum

1859 721 2133 791 redigunt.
2168 721 2231 775 Et
2282 722 2418 777 bene
2447 738 2581 777 sane
2610 722 2830 779 fecisses
2864 731 2920 777 et
2943 732 3020 789 tu,
3050 720 3097 775 si
3125 735 3233 775 non
3262 721 3445 777 inania

1859 815 2195 881 sophismata
2230 824 2426 869 contra
2471 816 2752 870 veritatem
2786 816 3216 872 construxisses.
3264 815 3448 869 Addu-

1860 903 1942 959 cis
1968 916 2150 959 autem
2179 906 2606 960 Alexandrinum
2644 906 2962 980 Dionysium
3007 917 3061 963 et
3092 907 3445 963 Patarcnsem

1863 993 2192 1050 Methodium
2216 1006 2269 1050 et
2311 998 2472 1051 talem
2503 1008 2556 1051 et
2590 999 2773 1064 talem,
2807 1002 2898 1068 qui
2941 1001 3240 1071 aliquando
3262 1000 3331 1054 ab
3354 1015 3450 1054 ac-

1862 1101 2052 1144 curata
2112 1091 2544 1161 theologicarum
2591 1107 2771 1146 rerum
2809 1095 3002 1148 notitia
3033 1094 3359 1155 exciderint.
3394 1103 3448 1147 et

1863 1183 2216 1238 statuendum
2276 1197 2399 1239 esse
2452 1184 2723 1254 praecipis,
2769 1186 2963 1239 eodem
3016 1201 3236 1255 quoque
3287 1194 3447 1255 pacto

1863 1276 2629 1345 Ambrosium,Augustinum
2670 1286 2833 1348 atque
2888 1275 3277 1346 Hieronymum
3319 1292 3448 1347 pro-

1864 1368 2168 1424 cessionem
2205 1386 2268 1423 ex
2296 1370 2436 1424 Filio
2457 1372 2737 1427 docuisse.
2792 1370 2899 1426 Sed
2930 1370 3072 1424 haud
3110 1385 3234 1423 vera
3261 1372 3448 1424 dicens

1864 1460 2063 1514 exinde
2095 1461 2558 1518 manifestaberis.
2608 1461 2855 1529 Quorum
2914 1462 3065 1517 enim
3120 1460 3447 1516 Sanctorum

1865 1550 2009 1605 dicta
2063 1551 2312 1620 quaedam
2351 1550 2650 1606 Ecclesiam
2708 1567 2815 1606 non
2882 1552 3152 1622 recepisse
3176 1552 3337 1615 dicis,
3385 1565 3449 1605 ea

1869 1644 2054 1699 omnia
2093 1644 2148 1699 in
2202 1644 2597 1700 ecclesiasticis
2622 1644 2992 1699 voluminibus
3028 1646 3312 1716 obsignata
3350 1660 3450 1699 no-

1867 1750 2021 1806 runt,
2057 1741 2149 1809 qui
2216 1754 2306 1794 res
2346 1737 2754 1794 ecclesiasticas
2825 1745 3181 1807 pertractant,
3218 1737 3453 1806 indeque

1869 1845 1964 1883 eos
2008 1831 2077 1886 ab
2125 1838 2385 1885 accurata
2423 1844 2605 1884 rerum
2653 1828 2848 1883 notitia
2879 1829 3154 1883 excidisse
3198 1828 3453 1881 innotuit.

176 1900 374 1953 τεῦθεν
396 1903 457 1955 τὸ
492 1908 882 1977 παρασυρῆναι
918 1908 1019 1975 τῆς
1051 1883 1343 1977 ἀκριϐείας
1389 1907 1636 1968 ἐκείνους
1668 1906 1764 1974 γέ·-
1791 1884 1794 1891 1

1874 1918 1929 1973 Si
1965 1883 2149 1989 itaque
2170 1883 2235 1975 et
2262 1921 2523 1988 allegatos
2556 1917 2820 1974 Romana:
2868 1918 3123 1974 Ecclesiae
3162 1917 3351 1973 Patres
3387 1917 3456 1971 ab

178 2008 306 2056 γονε
329 1993 514 2063 δῆλον.
547 1996 609 2048 El
640 1996 778 2065 γοῦν
809 1998 904 2051 καὶ
934 1999 1063 2061 τοὺς
1095 1998 1360 2069 ρηέέντας
1396 1998 1646 2068 Πατέρας
1667 1999 1765 2068 τῆς

188 2082 519 2155 Ῥωμαῖκῆς
559 2086 891 2159 Ἐκκλησίας
928 2093 1318 2160 παρασυρῆναι
1350 2093 1448 2163 τῆς
1476 2091 1767 2163 ἀκριϐείας

177 2176 417 2242 διέγνων
450 2179 505 2232 οἶ
527 2197 584 2232 τε
614 2181 767 2235 ἄλλοι
795 2182 898 2251 τῆς
943 2182 1263 2254 Ῥωμαῖκῆς
1288 2184 1620 2253 Ἐκκλησίας
1653 2185 1769 2237 Πα-

178 2270 366 2337 τέρες,
400 2269 495 2334 οὓς
530 2272 758 2337 πολλοὺς
787 2276 882 2327 καὶ
916 2276 1188 2344 μεγάλους
1220 2278 1248 2328 ὁ
1280 2276 1403 2330 τότε
1448 2277 1639 2346 χρόνος
1676 2277 1772 2329 άν-

184 2358 418 2423 eamea.
454 2360 513 2413 οἵ
542 2379 600 2415 τε
635 2364 738 2433 τῆς
785 2366 1064 2437 ἡμετέρας
1096 2365 1431 2436 Ἐκκλησίας
1455 2367 1770 2436 φωστῆρες,

181 2442 263 2509 οἷς
296 2448 375 2518 (Ξ)
411 2450 443 2521 η
468 2452 574 2506 τῶν
604 2454 946 2523 Ἐκκλησιῶν
968 2457 1089 2510 τότε
1112 2458 1393 2528 ἠσπάζετο
1421 2456 1639 2520 ἓνωσις,
1670 2458 1773 2510 οὐκ

183 2540 251 2590 άν
282 2557 418 2593 ποτε
449 2545 709 2614 παρεῖδον
767 2548 1213 2617 ἀνεπισήμαντον
1242 2548 1304 2601 τὸ
1358 2547 1505 2602 οὕτω
1549 2547 1772 2617 γεγονὸς

184 2635 550 2711 ἁξιοξήτητον
580 2642 808 2714 ὕστερον
833 2646 929 2713 (σερ
941 2646 1001 2697 ἀλ
1009 2646 1105 2715 μα)
1136 2645 1241 2716 ὦ).

789 2736 1174 2791 ΚΕΙΜΕΝΟΝ.

257 2823 314 2874 Ἀ
326 2823 429 2875 λολά
456 2828 567 2893 γὰρ
588 2825 777 2897 ὥσπερ
809 2829 935 2890 τοὺς
961 2829 1285 2899 εἰρημένους
1328 2828 1470 2882 Πατέ
1479 2846 1596 2901 ρας,
1632 2828 1775 2882 οὕτω

186 2914 249 2985 δὴ
270 2917 367 2968 καὶ
394 2917 566 2971 ταῦτα
585 2917 762 2989 ἐῶμεν
782 2921 851 2972 τὰ
878 2919 997 2975 νῦν.

258 3008 363 3071 οἷ’.
388 3010 506 3079 Τὴν
529 3011 710 3080 μέντοι
740 3012 1013 3081 βασίλειον
1038 3013 1251 3082 στολὴν,
1285 3013 1380 3066 τὸν
1413 3012 1586 3081 μέγαν
1612 3010 1775 3063 Βασί-

185 3100 331 3151 λειον
359 3100 447 3162 τίς
467 3102 565 3154 οὐκ
592 3097 701 3154 οἶδε
726 3103 905 3172 ψυχῆς
937 3103 1035 3173 μὲν
1059 3102 1326 3172 θαλάμοις
1348 3102 1629 3170 ἀκήρατον
1652 3114 1777 3152 συν-

1869 2022 2130 2065 accurata
2166 2012 2470 2081 theol0gica
2503 2011 2697 2065 notitia
2752 2009 3040 2066 deﬂexisse
3066 2010 3458 2079 cognovissent

1874 2111 1986 2156 tum
2027 2104 2119 2157 alii
2162 2104 2407 2174 ejusdem
2448 2104 2709 2158 Romana.
2756 2103 3014 2159 Ecclesia:
3044 2102 3254 2165 Patres,
3316 2115 3456 2170 quos

1873 2196 2139 2265 plurimos
2170 2206 2225 2252 et
2278 2212 2524 2253 summos
2545 2213 2608 2253 ea
2643 2207 2779 2252 aetas
2842 2197 2987 2261 tulit,
3033 2205 3146 2250 tum
3202 2195 3459 2249 Ecclesia:

1876 2298 2076 2342 nostra:
2103 2289 2308 2343 lumina
2349 2305 2411 2344 ac
2448 2291 2727 2356 doctores,
2760 2292 2852 2361 qui
2884 2290 2936 2344 id
2970 2288 3233 2358 temporis
3270 2287 3459 2341 Eccle-

1874 2377 2079 2432 siarum
2144 2379 2400 2433 unionem
2457 2378 2917 2434 exosculahantur
2962 2385 3016 2431 ct
3058 2374 3460 2444 atnplccteban-

1875 2476 1987 2536 tur,
2047 2483 2154 2522 non
2207 2469 2603 2538 neglexissent,
2661 2470 2753 2522 sed
2787 2468 2994 2535 scripto
3038 2467 3459 2532 consignassent

1875 2561 2225 2629 postmodum
2292 2561 2452 2615 nobis
2490 2569 2711 2614 enatum
2756 2558 3141 2629 dignissimum
3201 2572 3329 2611 vero
3363 2555 3459 2627 qui

1875 2653 2113 2708 sciretur
2144 2666 2390 2708 errorem
2432 2652 2534 2722 (a).

2554 2743 2860 2799 TEXTUS.

1951 2837 2148 2893 Verum
2210 2838 2673 2907 quemadmodum
2725 2843 3064 2890 memoratos
3096 2832 3330 2897 Patres,
3384 2830 3460 2886 ita

1873 2942 1929 2987 et
1956 2933 2073 2987 haec
2098 2934 2152 2985 in
2207 2929 2464 3000 praesenti
2497 2930 2664 2983 missa
2706 2927 2999 2983 faciamus.

1948 3023 2320 3077 77.C:eterum
2341 3022 2551 3091 regium
2577 3022 2727 3075 illum
2753 3020 3039 3082 amictum,
3074 3032 3354 3088 magnum.
3377 3017 3463 3071 in-

1876 3130 2064 3184 quam,
2092 3114 2354 3169 Basilium
2392 3113 2517 3183 quis
2555 3113 2840 3182 ignoratio
2868 3110 3229 3179 penitiorihus
3265 3110 3465 3164 anima-

187 3192 466 3260 τηροῦντα
510 3194 610 3261 τὴν
640 3195 946 3258 εὐσέϐειαν,
977 3195 1327 3263 ὑποσιγῶιτα
1354 3193 1412 3246 δὲ
1459 3192 1553 3246 τοῦ
1608 3190 1777 3245 Πνεύ-

1880 3208 2130 3264 thalamis
2151 3222 2341 3275 puram
2369 3215 2532 3274 atque
2557 3206 2936 3259 intemeratam
2964 3217 3322 3257 conservasse
3348 3201 3465 3270 pie.

192 3299 368 3352 ματος
392 3285 493 3354 τὴν
514 3282 763 3355 θειότητα
789 3303 805 3353 ;
839 3286 903 3338 Ὤ
921 3285 1096 3355 ψυχῆς
1121 3286 1262 3339 θεῖον
1279 3285 1507 3355 ζεούσης
1527 3285 1769 3355 φίλτρον,

188 3379 289 3444 τὴν
312 3378 492 3445 φλόγα
519 3379 575 3431 δὲ
596 3381 731 3442 τέως
754 3380 854 3433 οὐκ
886 3382 965 3441 είς
990 3380 1052 3432 τδ
1081 3379 1464 3449 λαμπρότερον
1492 3380 1777 3450 άναρῤιπι-

192 3470 366 3539 ζοὺση
382 3488 423 3529 :,
445 3470 534 3522 ἵνα
558 3471 633 3539 μὴ
649 3468 844 3523 θᾶττον
868 3469 1278 3539 συναποσϐεσθῇ
1300 3470 1437 3538 αὐτῇ
1459 3468 1669 3539 προόδῳ
1683 3467 1778 3520 καὶ

192 3562 330 3628 αὑτῇ
357 3560 675 3630 παρρησίας
694 3561 1065 3632 λαμπρότητα
1087 3554 1256 3623 Οὗτος
1282 3557 1374 3613 οὗν
1402 3560 1701 3628 οἰκονομῶν
1722 3562 1780 3611 ὲν

193 3654 379 3722 κρίσει
404 3656 532 3716 τοὺς
562 3655 751 3722 λόγους
773 3654 940 3708 αὑτοῦ
962 3658 1054 3708 καὶ
1085 3655 1287 3725 μᾶλλον
1305 3652 1777 3722 ἀνακηρύττεσθαι

191 3749 257 3815 τῇ
293 3745 443 3799 κατὰ
489 3746 685 3815 μικρὸν
714 3747 955 3801 ὲπιδὸσει
998 3746 1304 3816 μεθοδεύων
1338 3747 1437 3816 τὴν
1472 3743 1779 3796 εὐσέϐειαν.

207 3837 469 3890 Ἐπειδὰν
502 3838 609 3908 γὰρ
638 3838 818 3908 ἠρέμα
846 3841 970 3901 ταῖς
995 3838 1102 3891 τῶν
1127 3837 1434 3909 ἀνθρώπων
1462 3836 1664 3905 ψυχαῖς
1680 3835 1781 3903 ὲμ-

192 3928 510 3991 ϐαθύνοιτο,
536 3932 902 3998 κραταιοτέρα
922 3930 1017 3983 τοῦ
1051 3929 1321 3998 δόγματος
1368 3929 1402 3997 ὴ
1433 3927 1566 3996 φλὸξ
1595 3926 1781 3980 ἀναδί-

192 4017 369 4071 δοται·
400 4017 479 4087 τῷ
497 4020 651 4088 τάχει
681 4019 734 4071 δὲ
756 4019 854 4072 καὶ
866 4022 932 4089 τῇ
950 4018 1126 4090 ἁθρόα
1149 4017 1421 4087 προσϐολῇ
1442 4019 1541 4086 τῆς
1562 4016 1785 4086 λαμπη-

195 4114 350 4175 δόνος
377 4111 643 4175 πολλάκις
657 4110 718 4164 τὸ
738 4129 822 4164 νοε
832 4112 923 4181 ρον
946 4111 1121 4180 ὄμμα,
1141 4111 1234 4163 καὶ
1265 4109 1502 4176 μάλιστα
1521 4108 1629 4159 τῶν
1652 4104 1785 4157 πολ-

196 4205 332 4269 λῶν,
351 4203 797 4274 ἐξαμαυροῦσθαι
828 4202 1008 4267 εἴωθε,
1027 4201 1282 4271 καθάπερ
1298 4203 1395 4254 καὶ
1412 4199 1670 4269 ἀστραπὴ
1687 4199 1784 4259 τὰς

199 4298 355 4363 wet;
404 4292 763 4357 ἐπισκοτίζει,
811 4294 907 4346 καὶ
944 4293 1181 4363 μάλιστα
1236 4292 1337 4352 τάς
1396 4291 1785 4357 ἀσθενέστερον

198 4387 578 4457 διακειμένας.
633 4386 734 4437 Διὰ
774 4385 931 4438 τοῦτο
995 4386 1123 4455 σιγᾷ
1195 4383 1293 4452 μὲν
1343 4384 1371 4436 ὃ
1420 4384 1527 4453 πρὸ
1581 4382 1783 4443 παντὸς

199 4481 366 4534 ἄλλου
398 4480 696 4547 κηρύσσειν
717 4478 1081 4549 ὲπυρπολεϊτο
1099 4493 1115 4509 ο
1146 4476 1383 4546 ἔπραττε
1412 4476 1469 4529 δὲ
1500 4475 1601 4544 τὴν
1629 4473 1786 4543 σιγὴν

1876 3310 2069 3363 tatem,
2089 3296 2330 3367 Spiritus
2354 3306 2535 3349 tamen
2555 3294 2894 3348 divinitatem
2915 3289 3324 3345 subticuisse?0
3346 3289 3468 3343 ani-

1878 3369 2022 3445 mam
2042 3389 2227 3442 divino
2255 3402 2440 3441 amore
2463 3392 2805 3448 aestuantem,
2843 3383 2933 3437 sed
2961 3382 3232 3436 ﬂammam
3266 3396 3373 3436 non
3410 3382 3463 3433 in

1883 3483 2226 3552 propatnlum
2257 3481 2557 3542 efﬂantem,
2590 3494 2658 3532 ne
2681 3477 2834 3530 ocius
2869 3477 2918 3528 in
2943 3476 3059 3543 ipso
3084 3484 3207 3528 ortu
3240 3475 3468 3543 ipsoque

1882 3574 2153 3628 libertatis
2184 3572 2390 3640 fulgore
2416 3571 2833 3638 exstingttatur!
2866 3568 2962 3622 llic
2990 3571 3154 3635 igitur
3173 3567 3468 3635 disponens

1883 3678 2169 3719 sermones
2212 3677 2342 3716 suos
2375 3664 2426 3713 in
2466 3661 2678 3729 judicio
2715 3674 2781 3713 ac
2816 3660 3007 3714 sedqu
3052 3670 3378 3725 procurans,
3410 3664 3468 3709 ut

1884 3756 2145 3825 paulatim
2186 3755 2484 3809 crescendo
2509 3762 2562 3807 et
2594 3767 2687 3820 per
2717 3763 2896 3820 partes
2944 3750 3203 3803 instillata
3241 3747 3457 3801 firmius

1883 3848 2088 3903 veritas
2121 3848 2175 3902 in
2204 3846 2462 3902 cordibus
2488 3845 2845 3899 stabiliretur.
2876 3843 3108 3909 Quando
3130 3841 3276 3894 enim
3300 3840 3469 3894 fuerit

1885 3940 2089 3996 sensim
2150 3939 2203 3993 in
2258 3939 2535 3992 hominum
2595 3934 2796 3990 animis
2865 3934 3162 3998 insinuata,
3237 3932 3471 3987 validior

1885 4030 2107 4084 ﬂamma
2137 4029 2411 4097 dogmatis
2441 4028 2748 4092 excitatur;
2783 4026 3063 4079 celeritate
3103 4040 3231 4076 vero
3260 4024 3472 4078 subita-

1887 4120 2475 4191 neaqueimpressione
2506 4117 2736 4187 fulgoris
2773 4132 2916 4185 smpe
2954 4116 3207 4170 meutalis
3235 4115 3461 4177 oculus,

1888 4211 2193 4281 pmsertim
2217 4209 2523 4272 mdiorum,
2549 4207 2803 4262 olfuscari
2822 4208 2980 4271 solet,
3006 4208 3468 4276 quemadmodum

1889 4314 1941 4358 et
1981 4302 2164 4371 fulgur
2193 4303 2376 4355 lumen
2400 4300 2687 4354 oculorum
2712 4300 2990 4364 obtundit,
3029 4299 3266 4353 maxime
3298 4299 3472 4353 imbe-

1889 4402 2188 4454 cilliorum.
2254 4398 2378 4452 Ideo
2408 4398 2533 4452 silet
2572 4396 2815 4465 quidem,
2854 4396 2999 4464 quod
3060 4411 3170 4463 prae
3196 4394 3302 4447 alio
3328 4409 3470 4463 quo-

1891 4492 2024 4546 libet
2062 4491 2357 4558 prmdicare
2391 4490 2777 4543 ardentissime
2836 4487 3145 4555 expetebat,
3184 4486 3468 4540 silentium

200 4573 345 4625 ὥστε
366 4571 565 4641 μᾶλλον
592 4569 785 4643 καιροῦ
808 4570 1075 4638 παρόντος
1103 4569 1520 4638 μεγαλοφωνὸτε
1527 4585 1619 4635 ρον
1641 4566 1783 4637 ἔχειν

1890 4594 2071 4637 tamen
2118 4582 2428 4647 adhibebat,
2473 4592 2531 4635 ut
2572 4591 2817 4649 tempore
2862 4590 3171 4651 opportuno
3209 4580 3467 4634 validiori

200 4666 261 4714 τὸ
279 4662 642 4730 σιωπώμενον
664 4660 982 4731 κηρύσσειν.
1005 4658 1336 4729 Πολύστιχον
1362 4659 1428 4713 ἂν
1461 4660 1684 4728 συνθείη
1711 4658 1790 4729 βι-

202 4754 380 4816 ϐλίον,
409 4753 462 4804 εῐ
480 4769 563 4815 τις
581 4752 690 4805 τῶν
712 4751 973 4805 τοιούτων
993 4751 1061 4804 τά
1089 4750 1332 4819 ὀνόματα
1356 4752 1561 4811 καὶτὰς
1588 4750 1787 4814 αίτίας,

202 4844 273 4896 δι’
307 4845 377 4906 ἃς
412 4842 675 4905 πολλάκις
704 4843 765 4894 τὸ
792 4841 892 4910 τῆς
913 4839 1173 4910 ἀληθείας
1202 4842 1273 4894 οὐ.
1299 4842 1578 4912 προσῆγον
1604 4840 1785 4904 ἄνθος,

205 4936 282 4998 ὡς
316 4936 388 4989 ἂν
414 4934 546 4989 αὑτό
574 4951 635 4987 τε
658 4934 721 4986 τὸ
742 4933 901 4995 ἄνθος
932 4933 1132 5003 ὡραῖον
1157 4933 1456 5003 εὐανθήσῃ,
1485 4934 1519 5004 ἦ
1553 4950 1610 4985 τε
1659 4932 1790 5002 βλά-

211 5042 407 5093 στησις
455 5023 667 5094 ἐπιδοίη
709 5023 911 5093 μᾶλλον
952 5025 1047 5078 καὶ
1084 5025 1179 5077 τὸν
1224 5024 1435 5092 καρπὸν
1490 5022 1791 5088 συλλέξωσι

211 5116 611 5178 πολυπλάσιον,
656 5119 841 5187 γραφῇ
892 5116 1230 5187 παραδοῦναι
1288 5115 1605 5187 βουληθείηο
1640 5115 1786 5169 Ἀλλ’

212 5209 461 5270 ἐκείνους
495 5210 593 5278 μὲν
618 5210 878 5279 ἀγάμεθα
912 5209 1132 5278 καὶτῆς
1167 5209 1312 5278 ὑπὲρ
1343 5210 1505 5277 λόγον
1538 5208 1791 5270 ἐπινοίας

210 5311 306 5359 καὶ
334 5307 439 5375 τῆς
464 5308 522 5359 ὲν
556 5305 719 5376 σοφία
750 5306 1063 5375 οἰκονομίας
1088 5321 1101 5337 ·
1146 5307 1193 5358 sl
1216 5306 1273 5358 δέ
1308 5323 1390 5367 τις
1441 5306 1511 5359 τά
1567 5306 1793 5360 τοιαῦτα

207 5402 286 5463 ὡς
317 5400 521 5467 νόμους
543 5399 638 5451 καὶ
679 5398 927 5467 δόγματα
978 5398 1339 5468 παρεισάγειν
1379 5401 1446 5469 τῇ
1493 5398 1794 5470 Ἐκκλησία

212 5494 480 5563 βιάζοιτο,
515 5489 713 5561 ἐχθρὸν
742 5490 844 5559 μὶν
883 5490 1047 5543 αὐτὸν
1099 5490 1210 5543 τῶν
1246 5491 1423 5559 ἁγίων
1473 5491 1789 5562 ἡγούμεθα,

282 5632 521 5707 0)}!ch
549 5647 686 5707 quae
720 5638 1023 5707 sequuntur
1050 5630 1415 5707 _endem_le_re
1445 5632 1607 5707 modo
1643 5648 1797 5702 repe-

214 5699 451 5760 rie's'Ot'.
484 5704 502 5758 l
530 5699 596 5756 tle
626 5718 718 5756 tttt.
754 5699 921 5768 Eccl,
962 5717 1013 5755 n.
1039 5700 1125 5771 46,
1158 5699 1221 5754 G.
1255 5702 1319 5755 Ο.
1350 5700 1390 5755 Ι.
1426 5718 1479 5771 ρ.
1511 5701 1631 5757 170.

287 5776 367 5841 (‘2)
403 5774 557 5825 Bucc.
588 5772 681 5827 0r.
708 5772 772 5841 de
800 5789 888 5825 un.
929 5774 963 5825 I.
992 5787 1037 5823 c.
1062 5770 1156 5832 οὓς
1183 5774 1216 5841 ἡ
1244 5789 1294 5823 τ.

287 5840 553 5911 (3,004.,
609 5840 839 5897 τὸοῦιω
882 5844 1103 5909 γεγονὸς
1152 5840 1504 5908 άξιοζήτητον
1549 5845 1790 5907 ἔνσεερον,

1892 4690 2028 4731 voce
2086 4676 2137 4729 id
2178 4675 2325 4738 quod
2378 4675 2608 4729 siluerat
2662 4674 2965 4744 praedicare
3020 4682 3227 4742 posset.
3277 4674 3471 4742 Ingens

1892 4783 2022 4822 vero
2054 4772 2721 4837 volumen‘componeret,
2757 4766 2801 4818 si
2832 4766 2956 4835 quis
2988 4766 3186 4819 litteris
3211 4765 3473 4818 mandare

1893 4861 2059 4915 vellet
2091 4860 2322 4913 istorum
2349 4860 2571 4912 nomina
2604 4866 2657 4910 et
2687 4873 2903 4921 causas,
2936 4857 3010 4911 ob
3038 4872 3177 4926 quas
3209 4873 3353 4925 saepe
3384 4872 3473 4912 ve-

1894 4951 2073 5004 ritatis
2105 4966 2210 5004 non
2234 4949 2595 5018 propalabant
2643 4945 2859 5012 ﬂorem,
2920 4957 2978 5002 ut
3024 4957 3080 5001 et
3115 4948 3217 5018 ipsi
3249 4948 3347 5002 ﬂos
3385 4964 3474 5002 ve-

1895 5042 2110 5096 nustius
2159 5040 2537 5104 eﬂloresceret,
2565 5048 2619 5093 et
2664 5054 2883 5107 germen
2928 5041 3138 5095 tirmius
3178 5051 3470 5107 cresceret,

1895 5132 2573 5204 fructumqueZuheriorem
2607 5136 2948 5206 colligerent.
2982 5134 3183 5190 Verum
3209 5136 3330 5191 illos
3352 5137 3474 5205 qui-

1895 5226 2018 5279 dem
2051 5228 2386 5281 admiramur
2426 5238 2480 5281 et
2537 5228 2991 5282 commendamus
3034 5237 3148 5281 tum
3191 5229 3261 5283 ob
3305 5230 3474 5283 caele-

1894 5327 2032 5373 stem
2053 5334 2163 5389 quo
2191 5319 2531 5374 ducebantur
2557 5318 2819 5386 afﬂatum,
2851 5330 2961 5377 tum
2988 5321 3059 5374 ob
3092 5320 3314 5389 sapiens
3348 5338 3470 5390 pro-

1898 5411 2020 5467 vide
2049 5412 2370 5480 disponendi
2396 5412 2721 5478 consilium;
2750 5412 2792 5466 si
2816 5414 2939 5482 quis
2963 5422 3142 5466 autem
3170 5414 3282 5466 haec
3308 5422 3364 5466 ut
3396 5412 3474 5465 lc-

1896 5522 1993 5578 ges
2020 5514 2072 5561 et
2105 5506 2360 5576 dagmata
2408 5505 2462 5559 in
2499 5505 2801 5560 Ecclesiam
2854 5505 3113 5561 invehere
3155 5513 3476 5571 conaretur,

1902 5641 2053 5695 Becci
2090 5640 2127 5693 l.
2162 5656 2212 5696 c.
2237 5637 2297 5691 τὸ
2324 5636 2465 5692 οὕτω
2521 5638 2742 5708 γεγονὸς
2773 5640 2905 5709 ἡμῖν
2930 5639 3157 5711 ὕστερον
3182 5638 3476 5712 ἀξιοζήτη-

1896 5727 1987 5765 τον
2015 5712 2255 5781 σφάλμα.

1970 5782 2045 5853 (α)
2080 5783 2199 5839 llaec
2234 5791 2506 5853 postrema
2558 5797 2623 5839 ex
2663 5782 2844 5839 Allatii
2874 5781 3145 5840 versione.
