4214 6448
770 400 867 462 881

1802 408 2020 469 JOAN.
2063 411 2272 471 VECCl
2320 412 2426 473 (ΣΡ.
2476 413 2987 476 PATRIARCH/E

3940 410 4055 474 832

769 508 921 570 illum
962 530 1095 570 sane
1128 516 1337 571 hostem
1391 516 1721 573 Sanctorum
1776 534 2132 576 censeremus
2165 534 2217 576 et
2252 523 2348 576 ini-

2462 524 2657 593 ἐχθρὸν
2686 525 2743 577 δὲ
2778 526 2879 595 τῆς
2911 525 3173 597 ἀληθείας
3202 525 3297 580 καὶ
3324 525 3582 595 λυμεῶνα
3613 525 3709 592 τῆς
3730 521 4042 585 εὐσεϐείας,

768 606 976 660 micum
1028 609 1277 663 veritatis
1310 619 1365 666 et
1423 613 1643 682 pietatis
1676 614 2102 679 destructorem,
2148 618 2352 686 paenis-

767 712 875 765 que
906 700 1429 771 eondemnaremus,
1487 721 1624 775 quas
1670 708 1788 777 ipse
1836 710 1941 765 sibi
2014 719 2166 765 reatu
2204 711 2353 779 ejus-

768 791 914 844 modi
944 793 1263 849 accersivit.

838 882 928 938 78.
985 881 1192 954 Objicis
1218 887 1593 945 Occidentales
1618 891 1824 959 Patres,
1862 895 1972 948 imo
1998 896 2161 949 altam
2192 897 2349 951 istam

767 974 1056 1044 caliginem
1107 980 1364 1035 universo
1395 985 1515 1037 orbi
1561 983 1844 1040 effundere
1883 988 2209 1041 contendis?
2237 988 2350 1053 Ego

765 1080 894 1121 vero
923 1070 1141 1137 pietatis
1174 1074 1348 1129 lucem
1383 1078 1608 1131 occasui
1644 1094 1750 1131 non
1793 1078 2090 1132 obnoxiam
2112 1088 2166 1132 et
2189 1080 2353 1149 spiri-

771 1158 939 1213 talem
968 1162 1038 1214 ab
1071 1164 1192 1232 ipso
1246 1165 1343 1219 tibi
1383 1169 1678 1222 accendant
1722 1168 2042 1235 Occidente,
2096 1171 2162 1226 ad
2194 1172 2351 1239 cujus

764 1242 1106 1316 splendorem
1144 1271 1249 1309 non
1288 1256 1487 1324 poterit
1538 1266 1630 1313 tua
1660 1260 1838 1329 caligo
1864 1277 1970 1314 non
2000 1277 2350 1321 evanescere.

766 1337 915 1395 Dixit
951 1345 1259 1401 Ambrosius
1292 1350 1553 1416 Spiritum
1583 1369 1614 1404 a
1644 1350 1788 1406 Filio
1826 1356 2129 1423 procedere.
2160 1356 2234 1409 De
2259 1365 2352 1411 tuo

766 1450 861 1486 ore
896 1436 1074 1505 caligo
1099 1439 1214 1494 haec
1240 1441 1513 1510 procedit.
1558 1442 1665 1499 Sed
1699 1446 2001 1501 reluctatur
2030 1448 2213 1503 radios
2266 1463 2351 1502 re-

765 1537 867 1579 ene
900 1527 1019 1581 ﬁdei
1054 1532 1310 1586 emittens
1344 1542 1423 1586 ter
1445 1534 1637 1591 beatus
1662 1537 1953 1604 Damasus,
1987 1548 2041 1593 et
2062 1539 2349 1593 confestim

767 1628 860 1672 tua
895 1622 1174 1675 evanescit
1200 1621 1531 1681 obscuritas.
1567 1626 1782 1682 Etenim
1812 1630 1901 1684 hic
1938 1632 2233 1685 secundam
2261 1647 2351 1702 sy-

764 1709 991 1777 nodum,
1043 1712 1498 1784 cujus‘dogmata
1551 1723 1782 1774 extremi
1817 1722 2030 1776 telluris
2081 1723 2352 1779 universae

764 1803 982 1855 termini
1024 1817 1377 1869 venerantur.
1420 1811 1758 1868 conﬁrmans
1796 1816 2068 1870 luculente
2132 1816 2351 1884 prolite-

2456 614 2552 666 καὶ
2576 614 2755 677 δίκαις
2788 615 3256 687 καταδικάζομεν,
3288 614 3353 680 ἀς
3381 616 3543 678 αὐτὸς
3577 612 3760 682 ἑαυτῴ
3794 612 4044 680 γεγονὼς

2453 704 2635 776 ἔνοχος
2678 708 2946 779 παρέσχε.

2522 875 2624 938 οη’.
2663 871 3030 942 Προκομίζεις
3073 872 3139 925 σὺ
3185 875 3315 938 σοὺς
3373 876 3437 928 ὲκ
3482 873 3701 937 Δύσεως
3750 874 4042 942 Πατέρας.

2456 961 2656 1032 μᾶλλον
2683 962 2740 1014 δὲ
2768 964 2859 1016 τὸν
2890 964 3062 1034 βαθὺν
3090 965 3280 1019 τοῦτον
3306 968 3471 1036 ζόφον
3500 967 3680 1036 πάσης
3708 966 4046 1036 φιλονεικεϊς

2453 1054 2721 1124 καταχέαι
2758 1056 2857 1126 τῆς
2887 1058 3235 1127 οἰκουμένης.
3266 1058 3412 1127 Ἐγὼ
3442 1058 3498 1112 δέ
3532 1076 3614 1112 σοι
3645 1059 3765 1127 φῶς
3796 1060 4045 1111 ἀνέσπε-

2454 1160 2549 1213 ρον
2573 1144 2669 1214 τῆς
2700 1130 2988 1207 εύσεϐείας
3017 1150 3110 1199 καὶ
3133 1149 3319 1218 νοερὸν
3350 1148 3446 1200 ἀπ’
3495 1149 3667 1218 αὐτῆς
3697 1148 3895 1217 ἀνάψω
3944 1150 4046 1218 τῆς

2453 1236 2691 1303 Δύσεως,
2716 1232 2777 1293 οὗ
2801 1237 2900 1309 τὴν
2927 1238 3251 1309 λαμπηδόνα
3282 1241 3341 1293 τὸ
3374 1241 3466 1294 σὺν
3515 1242 3614 1312 οὐχ
3666 1243 4046 1314 ύγποστήσεται

2455 1326 2556 1396 μὲν
2614 1328 2977 1397 ἀφανισθῆναι
3048 1331 3261 1392 σκότος.
3323 1327 3513 1385 Εἶπεν
3572 1331 3935 1399 ’ᾼμϐρόσιος
3979 1334 4043 1384 τὸ

2452 1416 2695 1486 Πνεῦμα
2729 1419 2837 1472 τοῦ
2896 1418 3035 1472 Υιοῦ
3092 1420 3553 1488 ἐκπορεύεσθαι.
3611 1422 3747 1473 Ἀπὸ
3792 1423 3895 1489 τῆς
3944 1421 4047 1488 σῆς

2455 1506 2597 1579 αὕτη
2643 1509 2894 1582 γλώττης
2953 1513 3357 1582 προέρχεταιή
3412 1512 3635 1582 ὁμίχλη.
3691 1512 3838 1564 Ἀλλ’
3897 1514 4049 1565 ἀντι-

2452 1600 2756 1670 φθέγγεται
2792 1605 2894 1673 τὴν
2931 1605 3242 1675 δρθοδοξίαν
3281 1606 3612 1672 ἀστράπτων
3653 1608 3681 1657 6
3726 1605 4045 1674 τρισόλϐιος

2453 1694 2712 1763 Δάμασος
2742 1712 2757 1728 ·
2785 1696 2881 1750 καὶ
2921 1698 3119 1750 θᾶττον
3164 1700 3191 1749 6
3227 1697 3319 1760 σὸς
3379 1698 3767 1765 ἐξαφανίζεται
3818 1698 4045 1765 γνόυοη.

2453 1792 2561 1844 Καὶ
2590 1792 2699 1863 γὰρ
2738 1786 2892 1856 οὗτος
2918 1794 3018 1863 τὴν
3047 1794 3311 1863 δευτέραν
3346 1794 3586 1858 σύνοδον,
3613 1789 3679 1862 ἧς
3715 1793 3784 1846 τά
3819 1796 4042 1862 πέρατα

759 1891 855 1943 'lur
901 1908 966 1946 ex
1014 1893 1174 1948 Patre
1199 1901 1497 1966 procedere
1538 1902 1829 1972 Spiritum.
1855 1906 2005 1958 Dixit
2034 1883 2347 1961 Ambrosius

2453 1883 2550 1951 τῆς
2584 1885 2919 1951 οἰκουμένης
2966 1885 3034 1938 τὰ
3089 1885 3340 1955 δόγματα
3390 1888 3699 1957 στέργουσι,
3734 1890 3805 1938 ὲπ
3833 1887 4047 1954 κυρῶν,

762 1983 839 2036 vel
874 1984 1225 2055 Augustinus.
1253 1990 1370 2044 Alia
1396 2009 1586 2049 rursus
1617 1996 1811 2066 caligo,
1846 2014 2009 2067 quam
2038 2000 2223 2069 lingua
2255 2010 2348 2056 tua

762 2076 1065 2144 profundit.
1104 2078 1208 2135 Sed
1238 2081 1570 2141 Caelesuinus
1604 2102 1709 2141 non
1750 2090 1908 2155 dixit,
1972 2107 2077 2146 non
2115 2094 2345 2157 audivit,

764 2184 869 2222 non
913 2170 1153 2235 admisit,
1186 2177 1277 2229 sed
1306 2178 1423 2231 luce
1455 2189 1613 2233 rectae
1657 2181 1781 2237 ﬁdei
1812 2182 2028 2254 fulgens
2056 2187 2346 2242 verborum

763 2266 982 2316 tuorum
1007 2264 1235 2334 dissipat
1267 2268 1497 2324 nebulas
1514 2310 1526 2323 .

841 2536 925 2595 79.
970 2539 1075 2596 Sed
1118 2544 1247 2612 quid
1274 2559 1412 2614 Opus
1457 2557 1541 2602 est
1598 2548 1651 2603 in
1700 2550 1822 2607 aliis
1873 2552 2194 2610 immorari?
2239 2555 2349 2613 Leo

766 2646 1040 2701 magnus,
1112 2636 1204 2705 qui
1270 2648 1517 2694 sacratas
1584 2638 1769 2696 Romae
1822 2658 1987 2698 curas
2039 2646 2350 2703 sanctiores

765 2725 949 2779 adhuc
980 2726 1402 2794 demonstravit,
1443 2740 1652 2800 quartae
1686 2733 1944 2787 columna
1972 2737 2187 2806 synodi,
2210 2748 2349 2800 tum

765 2832 863 2886 per
893 2833 1022 2873 suas
1056 2835 1083 2872 a
1124 2819 1232 2874 Deo
1260 2821 1555 2891 inspiratas
1584 2824 2037 2898 dogmaticasque
2062 2831 2349 2899 epistolas,

767 2920 879 2964 tum
916 2926 1010 2980 per
1051 2912 1287 2981 legatos,
1331 2915 1424 2985 qui
1458 2918 1581 2987 ejus
1626 2917 1807 2973 locum
1856 2922 2195 2988 obtinebant,
2235 2935 2349 2979 tum

766 3017 866 3071 per
892 3018 1223 3059 consensum
1256 3020 1440 3072 suum,
1474 3023 1584 3077 quo
1620 3025 1880 3080 magnum
1915 3013 2066 3068 illum
2101 3024 2154 3069 et
2178 3030 2208 3069 a
2243 3015 2353 3070 Deo

766 3095 1059 3148 collectum
1093 3104 1295 3150 emtum
1347 3097 1686 3166 illustrabat,
1719 3103 1968 3156 eamdem
2011 3106 2352 3160 ortliodoxiae

2448 1973 2721 2043 λαμπρῶς
2745 1975 2819 2039 ὼς
2842 1978 2906 2029 ὲκ
2930 1977 3024 2028 τοῦ
3054 1978 3265 2047 [ἰατρὸς
3287 1979 3611 2048 ἀνομολογεῖ
3640 1980 3913 2047 ὲκπορεύε
3932 1978 4047 2031 ,θαι

2448 2068 2511 2119 τὸ
2561 2068 2807 2137 Πνεῦμα.
2867 2069 3054 2125 Εἶπεν
3120 2071 3474 2138 Ἀμόρόσιος
3510 2071 3548 2139 ἢ
3595 2071 4044 2137 Αὐγουστῖνος.

2456 2151 2624 2231 Ἀλλη
2662 2160 2825 2213 πάλιν
2858 2162 3027 2233 ἀχλὺς
3052 2161 3147 2214 τοῦ
3193 2161 3287 2214 σοῦ
3327 2163 3599 2231 στόματος
3652 2163 4037 2233 προχεομένη.

2452 2252 2615 2305 Ἀλλὰ
2649 2253 2975 2315 Κελεστῖνος
3013 2254 3113 2306 οὐκ
3145 2249 3322 2317 εἶπεν,
3363 2256 3461 2307 οὐκ
3497 2256 3754 2323 ἤκουσεν,
3800 2255 3908 2308 οὐκ
3938 2255 4052 2308 ὲδέο

2452 2344 2602 2412 ξατο,
2631 2345 2745 2397 ἀλλ’
2795 2346 2971 2416 αὐγὴν
3001 2345 3309 2416 όρθοδοξίσις
3337 2347 3625 2416 ἀστράψας
3653 2346 3763 2399 τῶν
3806 2348 3923 2399 σῶν
3949 2351 4051 2419 ῥηο

2455 2439 2639 2507 μάτων
2667 2436 2767 2507 τὴν
2796 2438 2965 2507 ἀχλὺν
2997 2437 3364 2502 διασκεδάζει.

2522 2529 2617 2583 οθ’.
2656 2530 2767 2583 Καὶ
2798 2532 2851 2582 τί
2895 2548 2960 2597 με
3017 2530 3099 2583 δεῖ
3149 2534 3278 2602 περὶ
3334 2532 3444 2586 τῶν
3478 2533 3657 2587 ἄλλων
3703 2534 4042 2606 σχολάζεινς

2454 2623 2606 2676 Λέων
2644 2625 2673 2675 6
2717 2626 2909 2693 μέγας,
2942 2624 2969 2675 6
2997 2630 3096 2686 τὰς
3151 2624 3304 2692 ἱεράς
3336 2625 3438 2693 τῆς
3475 2625 3697 2695 Ῥώμης
3745 2628 4048 2696 φροντίδας

2456 2715 2755 2788 ἱερωτέρας
2788 2717 3102 2783 ἀποδείξας,
3150 2719 3178 2770 ό
3212 2719 3313 2787 τῆς
3344 2719 3617 2789 τετάρτης
3660 2719 3855 2783 στῦλος
3928 2738 4053 2773 συν-

2451 2806 2591 2871 όδου,
2654 2802 2811 2871 οὗτος
2840 2809 2929 2861 διά
2963 2826 3018 2861 τε
3052 2810 3160 2863 τῶν
3191 2809 3568 2863 θεοπνεύστων
3590 2809 3758 2863 αὐτοῦ
3795 2814 3892 2863 καὶ
3925 2812 4053 2878 δογο

2456 2901 2702 2968 ματικῶν
2738 2900 3060 2959 ἐπιστολῶν,
3090 2901 3181 2954 διά
3210 2919 3267 2955 τε
3298 2901 3406 2955 τῶν
3438 2903 3915 2972 ἀναπληρούντων
3947 2906 4050 2958 αὖ·

2452 2989 2546 3043 τοῦ
2578 2990 2638 3043 τὸ
2664 2992 2981 3060 προνόμιον,
3012 2994 3104 3046 διά
3126 3010 3180 3046 τε
3211 2993 3310 3062 τῆς
3333 2994 3675 3061 συμφωνίας,
3709 2995 3779 3047 δι’
3809 2992 3879 3067 ἧς
3906 2999 4057 3050 ἐκεῖ·

2456 3100 2553 3151 νην
2573 3083 2672 3151 τὴν
2690 3084 2939 3153 μεγάλην
2966 3089 3060 3137 καὶ
3080 3085 3364 3138 θεόὶεκτον
3383 3088 3657 3155 ὁμήγυριν
3676 3089 4051 3156 κατηγὶάῐζε,

768 3186 1192 3242 illustrationem
1230 3204 1335 3241 non
1374 3189 1429 3243 in
1468 3199 1641 3245 totum
1675 3198 2057 3249 tantummodo
2084 3195 2348 3251 Occiden-

2454 3175 2554 3246 τὴν
2592 3176 2767 3247 αὐτὴν
2802 3179 2897 3246 τῆς
2928 3180 3238 3247 ὀρθοδοξίας
3271 3184 3615 3250 φωτοχυσίαν
3650 3185 3733 3242 ei;
3764 3186 3952 3235 πᾶσαν
3992 3187 4051 3236 ού

769 3292 903 3345 tem,
930 3297 1115 3335 verum
1152 3290 1207 3336 et
1238 3282 1292 3335 in
1324 3279 1563 3337 Orientis
1601 3286 1863 3341 terminos
1897 3286 2183 3342 eﬂutidens
2214 3304 2344 3343 san-

768 3366 1075 3422 ctissimnm
1117 3367 1381 3437 Spiritum
1415 3385 1480 3425 ex
1512 3370 1674 3427 Patre
1706 3376 2006 3442 procedere
2042 3377 2347 3432 clarissima

767 3474 899 3513 voce
931 3461 1124 3525 docet;
1161 3478 1336 3531 neque.
1371 3462 1429 3519 id,
1465 3465 1665 3527 solum,
1700 3467 1791 3519 sed
1825 3477 1880 3522 et
1910 3483 2026 3534 eos,
2060 3471 2151 3539 qui
2190 3472 2351 3539 quid-

767 3566 931 3618 quam
995 3552 1140 3605 aliud
1202 3564 1402 3622 praeter
1458 3559 1652 3625 synodi
1714 3561 2039 3613 sententiam
2107 3572 2350 3617 statuere

767 3644 972 3709 ausint,
1010 3646 1054 3698 si
1090 3647 1402 3700 sacerdotio
1436 3646 1759 3718 fungantur,
1802 3654 2113 3706 saet-rdotio
2153 3663 2349 3709 exutos

764 3737 1119 3804 pronuntiat.
1157 3738 1203 3790 si
1239 3753 1367 3792 vero
1402 3739 1693 3794 idiotarum
1728 3742 1901 3795 locum
1941 3752 2195 3810 teneant,
2230 3747 2348 3801 sive

766 3829 888 3881 vita!
917 3830 1238 3884 monasticae
1262 3845 1382 3885 sese
1422 3831 1733 3887 addixerint
1764 3835 1880 3889 sive
1912 3836 2084 3904 plebis
2114 3838 2348 3908 negotiis

766 3919 1145 3989 implicentur,
1194 3922 1528 3977 anathemati
1575 3925 1815 3992 subjicit.
1854 3924 2066 3981 Etenim
2117 3945 2242 3997 quae
2283 3945 2347 3984 ea

764 4014 1005 4083 synodus
1032 4029 1062 4067 a
1110 4012 1221 4068 Deo
1261 4015 1525 4084 inspirata
1560 4016 1821 4084 decrevit,
1866 4019 2091 4073 divinus
2124 4021 2211 4075 hic
2238 4021 2348 4076 Leo

765 4120 863 4174 per
908 4106 1349 4170 Pascliasinum,
1407 4106 1733 4163 Lucentium
1784 4120 1948 4181 atque
1998 4111 2344 4169 Bonifacium

764 4204 983 4250 sanctos
1031 4196 1179 4250 viros
1230 4198 1407 4265 palam
1466 4200 1742 4269 obsignat,
1796 4213 1855 4257 ut
1920 4209 2232 4261 sexcenties
2280 4221 2345 4261 ex

765 4284 897 4352 ipsis
932 4285 1037 4339 illis
1067 4286 1259 4339 audire
1295 4288 1441 4352 licet,
1479 4305 1588 4343 non
1626 4306 1756 4345 vero
1791 4309 1857 4346 ex
1890 4294 2024 4363 ipsis
2054 4296 2345 4365 duntaxat,

768 4378 862 4429 sed
899 4383 951 4427 et
979 4391 1044 4430 ex
1079 4393 1144 4430 eo
1178 4379 1270 4446 qui
1320 4378 1443 4433 illos
1476 4380 1723 4436 miserat.
1768 4383 2016 4453 Namque
2057 4388 2348 4457 synodales

763 4464 1021 4533 epistolas
1054 4469 1279 4523 mittens
1313 4484 1539 4523 suorum
1587 4472 1763 4525 locum
1808 4475 2107 4528 tenentium
2143 4487 2197 4529 et
2233 4494 2350 4531 ser-

2452 3268 2549 3337 τὴν
2575 3268 2740 3323 Δύσιν
2766 3271 2948 3340 μόνον,
2984 3273 3121 3326 ἀλλὰ
3152 3278 3246 3328 καὶ
3284 3274 3355 3327 τά
3379 3276 3479 3343 τῆς
3526 3275 3826 3342 Ἀνατολῆς
3859 3277 4054 3329 ἀταυ-

2451 3360 2635 3426 γάζων
2667 3362 2817 3432 ὅρια,
2848 3364 2910 3416 τὸ
2937 3366 3206 3432 πανάγιον
3233 3366 3460 3436 Πνεῦμα
3475 3367 3819 3436 διαπρυσίως
3853 3370 3923 3421 ὲκ
3954 3369 4050 3423 τού

2454 3451 2671 3522 Πατρὸς
2702 3455 3103 3522 ἐκπορεύεσθαι
3130 3458 3481 3512 ἀναδιδάσκει
3506 3474 3521 3489 ·
3554 3459 3646 3511 καὶ
3669 3460 3730 3511 οὺ
3757 3459 3927 3513 τοῦτο
3953 3462 4053 3530 μό-

2450 3562 2562 3607 νον,
2593 3546 2727 3600 ana
2763 3552 2858 3602 καὶ
2888 3553 3015 3613 τοὺς
3045 3550 3234 3622 ἕτερόν
3261 3568 3314 3604 τι
3370 3552 3527 3623 παρὰ
3561 3554 3621 3605 τὸ
3662 3553 3765 3622 τῆς
3813 3556 4048 3608 συνόδου

2452 3637 2709 3706 φρόνημα
2743 3639 3097 3709 δογματίζειν
3144 3641 3664 3711 ἀντανισταμένους.
3720 3644 3887 3703 ὅσους
3946 3644 4049 3709 μὲν

2454 3729 2759 3801 ἱερωσύνης
2825 3731 3033 3801 saepe;
3082 3731 3218 3803 ἔχει,
3284 3734 3384 3803 τῆς
3438 3732 3741 3803 ἱερωσύνης
3794 3732 4055 3802 γυμνοὺς

2451 3824 2771 3892 ἀποφαίνει,
2810 3826 2926 3879 ὅσοι
2978 3825 3034 3878 δὲ
3062 3826 3159 3897 τὴν
3214 3825 3440 3879 ἰδιωτῶν
3477 3824 3663 3895 χώραν
3713 3824 4052 3894 πληροῦσιν,

2451 3918 2562 3970 εττε
2608 3917 2723 3986 βίον
2760 3918 3076 3987 ὑπέδραμον
3098 3919 3191 3970 τον
3226 3917 3457 3986 μονάδα,
3497 3917 3610 3969 εἴτε
3636 3917 3894 3987 πολιτείᾳ
3927 3934 4058 3968 συν-

2452 4008 2739 4073 ετάζονται
2798 4009 2996 4079 δήμου,
3034 4009 3111 4080 τῷ
3167 4009 3476 4079 ἀναθέματι
3511 4010 3905 4077 παραπέμπει.
3943 4008 4057 4060 Καὶ

2451 4102 2559 4171 γὰρ
2588 4101 2733 4171 άπερ
2759 4102 2793 4170 η
2829 4100 3191 4164 θεόπνευστος
3220 4101 3436 4164 σύνοδος
3462 4101 3659 4170 ὁρίζει,
3681 4102 3836 4153 Λέων
3886 4104 3915 4153 6
3957 4102 4053 4154 θε-

2454 4191 2676 4253 σπέσιος
2699 4191 2788 4243 διὰ
2822 4191 3175 4260 Πασχασίνου
3209 4191 3306 4244 καὶ
3350 4191 3657 4259 Λουκησίου
3695 4192 3789 4243 καὶ
3812 4192 4057 4258 Βονιςρα-

2451 4282 2567 4334 τίου
2596 4282 2705 4335 τῶν
2737 4282 2897 4352 ἱερῶν
2928 4282 3140 4351 ἀνδρῶν
3180 4281 3486 4351 ἀναφανδὸν
3513 4282 3937 4351 ὲπισφραγίζει,
3972 4281 4056 4344 ὡς

2456 4372 2719 4441 μυριάκις
2739 4373 2885 4424 ἔστιν
2911 4372 3094 4425 αὐτῶν
3138 4372 3367 4424 ἐκείνων
3415 4371 3661 4433 ἀκούειν,
3714 4373 3815 4423 οὐκ
3860 4372 4056 4423 αὑτῶν

2452 4464 2509 4517 δὲ
2543 4464 2724 4532 μόνον,
2762 4464 2897 4516 ἀλλά
2946 4465 3039 4516 καὶ
3070 4463 3163 4515 τοῦ
3213 4461 3625 4525 ἀπεσταλκότος
3652 4463 3852 4525 αύτούς
3882 4480 3896 4493 ·
3940 4468 4051 4517 καὶ

765 4573 957 4614 mones
983 4569 1036 4613 et
1079 4562 1407 4615 sententiam
1448 4572 1501 4616 et
1536 4572 1661 4617 vota
1711 4580 1819 4618 non
1851 4580 2067 4631 eorum,
2099 4568 2191 4622 sed
2230 4570 2348 4623 sui-

2454 4555 2562 4625 γὰρ
2592 4557 2880 4620 συνοδικάς
2918 4556 3212 4618 ἐπιστολὰς
3258 4555 3595 4607 ἐπιστέλλων
3643 4554 3754 4607 τῶν
3806 4571 4057 4624 τοποτη-

765 4650 1050 4719 metipsins
1105 4666 1227 4706 esse
1301 4663 1639 4707 contestatur
1698 4662 1751 4707 et
1800 4657 2104 4713 conﬁrmat.
2163 4658 2348 4725 Quan-

762 4756 969 4809 quam,
1006 4742 1237 4821 etiamsi
1294 4745 1431 4797 nihil
1489 4743 1757 4809 ejusmodi
1819 4748 2079 4813 adesset,
2146 4749 2345 4805 sufﬁcit

765 4842 968 4896 tamen,
1006 4834 1148 4902 quod
1180 4850 1277 4902 pro
1298 4851 1355 4888 se
1388 4836 1512 4891 illos
1545 4838 1759 4891 miserit
1790 4839 1842 4892 in
1880 4842 2092 4910 synodo
2123 4857 2349 4897 conses-

763 4940 946 4992 suros,
968 4928 1223 4994 quodque
1255 4928 1321 4981 ad
1349 4929 1508 4983 ﬁnem
1540 4934 1793 4998 perducta
1818 4934 2027 5000 synodo
2049 4948 2109 4988 se
2128 4936 2348 4990 sancitis

763 5016 1116 5085 acquiescere
1147 5018 1492 5087 proﬁteatur.

835 5296 926 5351 80.
971 5298 1169 5352 Verum
1201 5308 1423 5367 praestat
1464 5299 1696 5369 ipsemet
1736 5316 1889 5355 sacra
1926 5303 2118 5357 audire
2156 5304 2343 5359 verba.

765 5387 905 5441 Dicit
954 5388 1100 5442 enim
1177 5389 1463 5461 (synodus)
1522 5400 1645 5460 post
1728 5394 2130 5462 expositionem
2200 5397 2344 5462 ﬁdei,

760 5495 922 5549 quam
951 5482 1123 5547 prima
1152 5491 1206 5535 et
1233 5484 1469 5538 secunda
1502 5485 1749 5550 synodus
1778 5488 2067 5542 stabiliens
2101 5489 2342 5547 tradidit:

769 5592 785 5622 ι
821 5571 1100 5627 Suﬁiceret
1148 5574 1315 5645 igitur
1358 5577 1424 5631 ad
1455 5576 1671 5645 plenam
1711 5578 1927 5645 pietatis
1973 5580 2341 5651 cognitionem

756 5674 814 5719 ct
845 5664 1316 5721 conﬁrmationem
1369 5671 1590 5738 sapiens
1629 5679 1682 5724 et
1710 5673 1953 5726 salutare
2002 5672 2106 5726 hoc
2142 5672 2343 5727 divinae

763 5758 951 5825 gratiae
1003 5760 1336 5829 symbolum.
1374 5780 1395 5814 ι
1436 5760 1737 5818 l’erl‘cctam
1777 5764 1910 5819 dicit
1953 5781 2049 5819 seu
2103 5767 2342 5835 plenam,

766 5861 871 5901 non
928 5859 1110 5904 autem
1165 5852 1547 5920 deﬁcientem,
1600 5855 1687 5908 cui
1734 5854 1943 5926 aliquid
2002 5855 2202 5910 addere
2250 5865 2343 5910 aut

2455 4648 2636 4719 ρητῶν
2667 4647 2833 4701 αὑτοῦ
2870 4650 2965 4700 καὶ
2991 4649 3118 4711 τοὺς
3146 4648 3338 4715 λόγους
3405 4648 3499 4701 καὶ
3540 4648 3603 4701 τὸ
3634 4649 3899 4717 φρόνημα
3948 4652 4056 4701 καὶ

2449 4741 2547 4803 τάς
2574 4740 2788 4810 ψήφους
2815 4741 2916 4793 οὐκ
2938 4740 3216 4809 ἐκείνωνῆ
3242 4738 3414 4791 αὑτοῦ
3438 4756 3501 4807 γε
3535 4739 3739 4808 μᾶλλον
3770 4735 3916 4792 εἶναι
3948 4742 4055 4794 καὶ

2454 4832 2797 4903 μαρτύρεται
2860 4834 2953 4884 καὶ
3004 4830 3417 4886 διαϐεϐαιυῐται
3444 4845 3458 4861 ⁸
3498 4833 3678 4884 καίτοι
3720 4848 3783 4898 γε
3828 4833 3928 4884 καὶ
3988 4838 4043 4884 εξ

2454 4926 2620 4995 μηδὲν
2654 4926 2870 4995 προσῆν
2912 4924 3179 4989 τοιοῦτον,
3230 4923 3602 4995 ἀποχρώντως
3650 4926 3766 4993 ἔχει
3816 4924 3881 4976 τὸ
3922 4925 4049 4977 ἀντ’

2449 5018 2615 5070 αὐτοῦ
2650 5019 2837 5072 δοῦναι
2871 5020 2997 5081 τοὺς
3029 5016 3492 5087 συνεδριάσαντας
3517 5019 3582 5086 τῇ
3619 5016 3824 5085 συνόδῳ
3864 5018 3964 5068 καὶ
3986 5020 4052 5071 τὸ

2450 5109 2627 5178 πέρας
2659 5110 2935 5180 λαϐούσης
2966 5109 3257 5179 ὃμολογείν
3284 5110 3547 5178 ἐμμένειν
3582 5112 3694 5171 τοῖς
3727 5108 4053 5177 ἐψηφισμέ-

2450 5217 2584 5260 νοις.

2523 5299 2598 5347 π’.
2642 5293 2806 5347 Ἀλλά
2838 5293 2945 5363 γὰρ
2985 5292 3139 5347 οὐδέν
3171 5294 3320 5346 ἐστιν
3363 5287 3475 5345 οἷον
3521 5291 3705 5344 αὐτῶν
3736 5290 3841 5343 τῶν
3874 5292 4049 5361 ἱερῶν

2446 5387 2671 5441 ἀκούειν
2705 5388 2971 5457 ῥημάτων
3000 5402 3013 5414 ⁸
3049 5387 3199 5453 λέγει
3236 5390 3347 5452 γὰρ
3384 5386 3523 5454 μετὰ
3557 5386 3656 5453 τὴν
3685 5384 3908 5435 ἔκθεσιν
3939 5386 4047 5454 τῆς

2449 5480 2707 5544 πίστεως,
2741 5480 2809 5549 ἣν
2843 5480 2875 5547 ὴ
2904 5479 3099 5549 πρώτη
3136 5479 3231 5531 καὶ
3278 5479 3512 5547 δευτέρα
3576 5476 3794 5538 σύνοδος
3827 5479 4048 5546 καρτύ-

2448 5588 2613 5625 νουσα
2649 5570 3056 5642 παραδέδωκεν·
3081 5588 3099 5621 ι
3136 5570 3336 5641 ἸΙρκει
3370 5572 3469 5641 μὲν
3495 5566 3589 5623 οὖν
3614 5570 3695 5631 εἰς
3721 5568 3918 5637 ἐντελῆ
3942 5571 4049 5637 τῆς

2450 5661 2735 5725 εὐσεϐείας
2791 5662 3095 5728 ἐπίγνωσιν
3125 5663 3221 5714 καὶ
3269 5661 3569 5731 βεϐαίωσιν
3624 5662 3685 5710 τ’)
3743 5660 3912 5725 σοςρζν
3945 5664 4047 5712 καὶ

2451 5757 2723 5825 σωτήριον
2754 5755 2913 5807 τοῦτο
2947 5756 3044 5820 τῆς
3071 5756 3220 5815 θείας
3255 5756 3480 5825 χάριτος
3514 5752 3808 5820 σύμϐολον.
3841 5771 3859 5802 ι
3910 5751 4042 5805 Ἐν-

2446 5849 2573 5918 τερή
2605 5864 2790 5920 φησιν,
2816 5848 2914 5902 οὐκ
2938 5849 3156 5919 ἐλλιπῆ,
3194 5848 3315 5901 οὐδὲ
3346 5846 3667 5919 προσθήκης
3706 5844 3977 5915 δεομένην
4011 5845 4040 5912 ἠ
