4214 6448
209 444 320 513 833

968 450 1410 513 REFUTATIO
1449 447 1821 510 PHOTIANI
1870 449 2086 508 LIBRI
2130 449 2228 509 DE
2268 448 2584 508 SPHUTU
2624 450 2664 506 Β

3386 450 3489 515 834

208 567 585 635 ἀφαιρέσεως.
638 566 747 618 Καὶ
798 566 912 631 πῶς
956 569 1183 637 ἐντελῆς
1246 568 1372 629 Τοῖς
1436 567 1807 635 ἐπαγομένοις

1911 564 2131 617 demere
2165 581 2302 634 opus
2332 576 2421 621 snt.
2459 565 2524 618 Et
2555 564 2832 633 quomodo
2867 563 3211 631 perlaetam?
3266 562 3338 618 lis
3372 580 3494 633 qum

206 658 472 726 πρόσεχε.
516 675 533 707 ι
576 656 711 726 Περὶ
741 673 799 709 τε
835 659 965 724 γάρ,
1002 676 1020 709 ι
1058 660 1215 726 φησὶ,
1253 675 1272 709 ι
1334 656 1432 709 τοῦ
1469 656 1681 726 Πατρὶς
1706 656 1800 706 καὶ

204 747 305 802 τοῦ
348 747 482 801 Υίοῦ
543 750 637 801 καὶ
690 751 785 802 τοῦ
830 750 989 818 ἀγίου
1023 750 1347 821 Πνεύματος
1381 748 1693 802 ἐκδιδάσκει
1738 747 1800 799 τὸ

208 842 443 894 τέλειον.
496 859 513 890 ι
558 836 689 892 Εἶτα
719 841 838 904 πῶς
872 842 1180 895 ἐκδιδάσκει
1212 842 1274 893 τὸ
1297 841 1533 903 τέλειον;
1568 839 1673 890 Τὸν
1702 838 1800 906 μέν

206 932 340 984 Υίὸν
362 935 428 984 ἐκ
446 932 537 983 τοῦ
567 929 779 999 Πατρδς
801 930 1007 998 ἀναϐοᾷ
1029 929 1381 1000 γεννηθῆναι,
1409 929 1470 981 τὸ
1490 927 1544 979 δὲ
1574 924 1799 994 Πνεῦμα

204 1025 270 1075 ἐκ
303 1024 400 1075 τοῦ
435 1024 640 1093 Πατρδς
682 1023 1234 1090 ἐκπορεύεσθαι,Κα“ι
1260 1022 1592 1093 μετ’δλίγα·
1630 1038 1648 1070 ι
1688 1018 1798 1071 Καὶ

200 1115 292 1166 διὰ
329 1116 429 1183 μὲν
462 1117 587 1177 τοὺς
614 1114 691 1184 τῷ
731 1114 1012 1182 Πνεύματι
1037 1115 1113 1185 τῷ
1148 1115 1290 1185 ἁγίῳ
1329 1115 1678 1185 μαχομένους
1699 1114 1798 1183 τὴν

201 1206 425 1274 χρόνοις
472 1206 697 1275 ὕστερον
736 1209 886 1275 παρα
935 1204 1045 1257 τῶν
1092 1208 1185 1259 ἐπὶ
1238 1207 1339 1272 τῆς
1401 1206 1796 1275 βασιλευούσης

205 1297 423 1357 πόλεως
482 1299 684 1350 tyasz
732 1299 1081 1365 πεντήκοντα
1136 1298 1499 1351 συνελθόντων
1534 1298 1797 1366 Πατέρων

206 1392 344 1460 περὶ
374 1391 476 1458 τῆς
521 1390 617 1442 τοῦ
656 1392 982 1461 Πνεῦματος
1027 1391 1220 1454 οὐσίας
1282 1390 1685 1460 παραδοθεῖσαν
1719 1390 1795 1442 δι-

200 1481 507 1533 δασκαλίαν
551 1484 736 1551 κυροῖ.
794 1502 812 1533 ι
882 1483 991 1535 Καὶ
1039 1483 1155 1545 πῶς
1188 1482 1480 1552 ἐκύρωσαν
1511 1477 1661 1536 οὗτοι
1694 1482 1795 1554 τὴν

200 1576 298 1630 τοῦ
332 1577 658 1646 Πνεῦματος
695 1577 916 1641 οὐσίαν,
961 1577 994 1648 ἢ
1020 1577 1181 1645 δῆλον
1208 1578 1455 1637 εἰπόντες
1483 1578 1543 1629 τὸ
1566 1576 1793 1646 Πνεῦμα

202 1672 267 1721 ἐκ
301 1668 401 1721 τοῦ
438 1670 650 1738 Πατρδς
682 1670 1079 1738 ἐκπορεύεσθαι
1106 1688 1120 1733 ;
1160 1669 1325 1721 Ὥστε
1356 1671 1384 1722 ὁ
1408 1670 1535 1722 ἄλλο
1558 1686 1610 1722 τι
1641 1667 1795 1737 παρά

201 1761 366 1813 τοῦτο
404 1762 675 1814 διδάσκων
706 1764 767 1814 τὸ
806 1762 972 1829 κῦρος
1021 1763 1321 1832 ἀνατρέπει
1352 1763 1446 1815 καὶ
1474 1762 1795 1831 συγχεῖ-καὶ¹

200 1854 394 1923 φόρει,
430 1856 490 1905 τό
518 1872 578 1921 γε
606 1850 743 1925 ἧκον
780 1857 858 1915 είς
897 1856 1109 1924 τόλμαν
1142 1857 1239 1926 τὴν
1271 1855 1463 1921 αὑτοῦ,
1495 1857 1669 1926 αὐτὴν
1697 1854 1793 1908 τοῦ

1905 665 2215 725 sequuntur
2264 658 2506 709 annuum
2561 658 2799 711 adverte.
2864 674 2881 707 ι
2913 655 2989 710 De
3040 654 3201 709 Patre
3250 657 3422 721 enim,
3468 678 3487 709 ο

1904 750 2122 820 inquit,
2207 769 2226 802 ι
2276 760 2329 803 et
2378 750 2516 803 Filio
2570 759 2623 805 ct
2677 751 2881 820 Spiritu
2939 760 3132 804 sancto
3188 750 3490 819 perfectum

1902 844 2116 897 edocet.
2159 862 2177 895 ι
2221 842 2285 896 Et
2320 844 2597 911 quomodo
2629 844 2788 897 docet
2829 842 3184 911 perfectum?
3226 840 3492 896 Videlicet

1903 934 2103 988 Filium
2136 950 2199 988 ex
2239 932 2399 988 Patre
2433 935 2681 1004 generari
2718 936 2939 997 clamat,
2974 933 3237 1002 Spiritum
3268 948 3396 985 vero
3426 948 3488 985 ex

1902 1025 2061 1081 Patre
2087 1028 2404 1095 procedere.
2444 1025 2508 1079 Et
2544 1035 2663 1095 post
2696 1042 2867 1094 pauca
2903 1043 2915 1078 :
2960 1044 2976 1077 ι
3021 1026 3248 1095 Propter
3278 1039 3373 1077 eos
3399 1025 3490 1089 qui

1900 1125 2092 1169 contra
2152 1115 2417 1182 Spiritum
2495 1125 2746 1169 sanctum
2795 1116 3111 1183 pugnabant
3167 1115 3492 1167 sententiam

1900 1207 2030 1259 olim
2063 1222 2092 1261 a
2120 1219 2339 1262 centum
2370 1207 2772 1278 quinquaginta
2810 1204 3088 1267 Patribus,
3126 1207 3219 1274 qui
3260 1208 3312 1260 in
3342 1208 3493 1275 regia

1901 1299 2033 1353 urbe
2081 1310 2487 1364 convenerunt,
2545 1300 2611 1353 de
2694 1299 2936 1367 Spiritus
3024 1298 3201 1352 sancti
3254 1302 3493 1352 essentia

1900 1390 2155 1443 traditam
2213 1391 2529 1445 confirmat.
2592 1410 2608 1441 γ
2668 1390 2729 1443 Et
2778 1388 3059 1460 quomodo
3110 1390 3200 1444 isti
3256 1389 3495 1459 Spiritus

1898 1486 2081 1538 sancti
2106 1485 2403 1538 essentiam
2440 1484 2885 1537 constituerunt?
2908 1480 3178 1536 Nimirum
3215 1484 3307 1537 ubi
3339 1484 3495 1537 dixe-

1900 1586 2031 1630 runt
2066 1575 2331 1645 Spiritum
2365 1592 2393 1630 a
2443 1576 2603 1631 Patre
2642 1575 2961 1645 procedere.
2994 1574 3365 1641 Quamobrem
3401 1578 3493 1645 qui

1897 1668 2049 1723 aliud
2086 1672 2365 1740 quidpiam
2403 1681 2601 1740 praeter
2635 1671 2739 1722 hoc
2775 1670 2962 1733 docet,
3002 1672 3228 1739 abrogat
3269 1680 3324 1725 ct
3357 1685 3494 1722 con-

1898 1761 2083 1816 fundit
2137 1772 2189 1815 et
2254 1764 2557 1832 pervertit,
2598 1771 2865 1831 quantum
2925 1763 3146 1828 quidem
3208 1762 3273 1815 ad
3332 1776 3489 1815 suam

1902 1856 2189 1910 audaciam
2243 1857 2478 1917 attinet,
2535 1854 2828 1922 ipsammet
2883 1852 3122 1919 Spiritus
3169 1854 3491 1907 essentiam.

199 1946 526 2016 Πνεύματος
558 1950 657 2019 τὴν
688 1950 897 2002 οὐσίαν.
940 1945 1104 2012 Εἶτα,
1149 1967 1169 2000 ε
1202 1949 1289 2003 διά
1324 1950 1450 2012 τοὺς
1501 1948 1579 2020 τῷ
1623 1948 1792 2003 Πνεῦ-

1903 1948 2105 2001 Deinde
2139 1949 2384 2017 expende
2416 1917 2577 1999 verba
2604 1948 2716 2011 illa,
2749 1964 2768 1997 ι
2800 1917 3021 2017 propter
3048 1960 3143 1999 eos
3173 1945 3268 2013 qui
3302 1953 3491 1998 contra

204 2059 337 2110 ματι
372 2044 454 2109 τῷ
482 2043 625 2109 ἁγίῳ
664 2044 1033 2111 μαχομένους.
1076 2062 1094 2094 ι
1141 2044 1253 2095 Καὶ
1301 2044 1447 2105 τίνες
1482 2043 1793 2113 ἐμάχοντο;

203 2134 383 2188 Πάλαι
418 2134 517 2203 μὲν
540 2138 585 2187 οἱ
614 2136 955 2188 Μακεδόνων
984 2137 1105 2187 ἀντὶ
1129 2136 1239 2187 τῶν
1262 2136 1551 2205 ἀχράντων
1593 2135 1794 2202 λογίων

198 2227 533 2281 διδάσκαλον
594 2228 780 2295 σφίσιν
839 2227 1027 2290 αὐτοῖς
1075 2228 1394 2291 ἀνειπόντες
1425 2244 1439 2257 ·
1492 2228 1590 2281 νῦν
1637 2228 1691 2282 δὲ
1744 2231 1793 2282 οἱ

206 2321 333 2373 ἀντὶ
353 2320 449 2373 τοῦ
475 2320 713 2389 Χριστοῦ
745 2320 956 2389 καὶτῆς
988 2319 1155 2374 αὑτοῦ
1189 2324 1586 2391 μνσταγωγίας
1614 2338 1627 2351 ·
1676 2322 1795 2375 ἀλλ’

201 2410 304 2462 οὐκ
330 2410 444 2478 ἔχω
473 2408 595 2461 τίνα
637 2408 875 2463 καλέσω·
904 2409 1078 2473 οὕτως
1104 2411 1254 2463 ἐστὶν
1289 2412 1477 2465 αὐτῶν
1510 2413 1793 2483 ἀκέφαλον

200 2502 263 2555 τὸ
294 2501 624 2571 δυσσέσημα
648 2517 661 2531 ⁸
700 2502 841 2569 πλὴν
870 2505 990 2556 ἀντὶ
1022 2502 1118 2555 τοῦ
1152 2504 1415 2575 Σωτῆρος
1446 2504 1497 2557 οἱ
1531 2507 1597 2575 τῇ
1642 2506 1796 2558 ἀπω·

198 2594 326 2664 λεία
360 2595 935 2665 προσδεδραμηκότες.
973 2594 1139 2648 Ἀλλά
1168 2595 1339 2649 ταῦτα
1363 2597 1464 2666 μὲν
1496 2597 1530 2667 ῆ
1558 2613 1617 2649 τε
1664 2598 1793 2649 σύν-

203 2688 324 2750 οδος
387 2686 771 2755 πολυγλώσσῳ
813 2687 907 2741 καὶ
956 2690 1452 2758 πνευματοκινήτῳ
1492 2688 1795 2758 φθέγγεται

209 2782 389 2850 φωνῇ,
424 2780 521 2831 καὶ
562 2780 715 2833 Λέων
745 2783 772 2832 ὀ
801 2780 1077 2847 πάνσοφος
1124 2780 1435 2850 συναναεοᾷ
1477 2783 1572 2835 καὶ
1595 2782 1797 2853 ψήφοις

204 2874 453 2934 ἀπάσαις
481 2873 936 2941 ἐπασφαλίζεται.
983 2873 1055 2925 Σὺ
1094 2872 1149 2925 δὲ
1184 2874 1278 2925 τὸν
1331 2873 1458 2926 νοῦν
1501 2875 1798 2946 ἐπίστησον

204 2964 316 3025 τοῖς
349 2962 557 3030 ἐφεξῆς
577 2977 595 2993 '
636 2963 773 3032 πρὸς
804 2963 918 3030 γὰρ
942 2961 1019 3031 τῷ
1053 2962 1199 3014 τέλει
1232 2962 1331 3032 τῆς
1361 2962 1495 3033 ὅλης
1514 2964 1611 3017 τοῦ
1636 2964 1795 3033 λόγου

202 3056 525 3124 περικοπῆς
570 3048 674 3107 ὧδέ
711 3070 876 3124 φησι·
913 3074 931 3106 ι
968 3055 1189 3109 Τούτων
1218 3055 1401 3108 τοίνυν
1437 3056 1577 3126 μετά
1611 3058 1798 3126 πάσης

202 3147 551 3218 πανταχόθεν
577 3146 864 3217 ἀκριϐείας
895 3163 954 3199 τε
991 3146 1087 3199 καὶ
1136 3148 1442 3218 ἐμμελείας
1474 3150 1607 3220 παρ’
1640 3151 1797 3221 ἡμῶν

1900 2040 2164 2109 Spiritum
2193 2049 2442 2094 sanctum
2476 2039 2845 2108 pugnabant.»
2876 2039 2940 2092 Et
2968 2040 3191 2107 quinam
3222 2037 3274 2089 hi
3308 2039 3491 2090 erant?

1902 2136 2039 2187 Olim
2106 2134 2327 2203 quidem
2387 2134 2480 2202 qui
2543 2133 2922 2187 Macedonium
2991 2132 3112 2185 loco
3172 2142 3489 2185 sanctarum

1903 2224 2316 2293 Scriptnrarum
2372 2220 2476 2275 sibi
2524 2222 2657 2291 ipsis
2696 2220 3017 2291 magistrum
3058 2221 3488 2284 constituerunt;

1900 2331 2047 2371 nunc
2082 2329 2234 2380 vero,
2268 2313 2363 2383 qui
2414 2313 2537 2367 loco
2578 2312 2786 2366 Christi
2825 2327 3107 2380 sacraeque
3144 2311 3291 2366 illius
3334 2312 3490 2365 insti-

1899 2407 2124 2464 tutionis
2149 2436 2218 2446 —
2258 2416 2313 2461 at
2346 2420 2454 2460 non
2496 2404 2669 2459 habeo
2698 2420 2860 2474 quem
2896 2404 3204 2470 nominem;
3240 2405 3378 2458 adeo
3408 2414 3493 2458 est

1899 2502 2075 2570 capite
2106 2500 2367 2554 destituta
2403 2499 2650 2567 ipsorum
2688 2498 2944 2567 impietas
2972 2526 3046 2537 —
3079 2497 3197 2567 qui,
3238 2497 3490 2564 inquam,

1899 2592 2021 2646 loco
2048 2590 2257 2645 Christi
2291 2590 2359 2643 ad
2390 2589 2753 2659 perditionem
2785 2587 3137 2659 confugiunt.
3170 2589 3347 2657 Atque
3377 2590 3491 2643 hazc

1903 2684 2125 2754 quidem
2177 2692 2369 2736 sancta
2426 2679 2669 2751 synodus
2720 2681 3057 2751 multilingui
3105 2691 3157 2735 et
3206 2698 3236 2736 a
3282 2681 3491 2750 Spiritu

1898 2781 2089 2826 sancto
2115 2780 2234 2825 acta
2260 2784 2391 2824 voce
2420 2770 2780 2839 proloqnitnr,
2810 2768 3028 2840 Lcoque
3048 2774 3495 2840 sap'entissnmm

1901 2877 2008 2915 una
2053 2876 2177 2914 cum
2223 2861 2332 2914 illis
2375 2861 2635 2929 praedicat
2680 2860 3023 2929 calculis-que
3056 2862 3318 2915 omnibus
3360 2878 3492 2915 cun-

1900 2955 2100 3007 lirmat.
2136 2950 2217 3006 Tu
2254 2967 2386 3005 vero
2419 2962 2657 3005 mentem
2688 2951 2754 3005 iis
2780 2965 2903 3020 qua:
2932 2962 3243 3020 sequuntur
3270 2954 3490 3019 adhibe;

1901 3057 2096 3095 versus
2126 3041 2286 3094 linem
2314 3056 2551 3111 namque
2580 3042 2747 3095 totius
2774 3043 3045 3096 sermonis
3074 3047 3358 3113 pericopes
3390 3047 3493 3099 ista

1900 3134 2034 3188 dicit
2063 3150 2078 3183 :
2114 3151 2132 3184 ι
2176 3132 2270 3186 llis
2300 3133 2464 3203 igitur
2488 3149 2615 3188 cum
2648 3136 2798 3189 omni
2826 3145 2993 3202 atque
3027 3136 3269 3205 undique
3296 3147 3490 3191 exacta

199 3240 663 3294 διατυπωθέντων
694 3236 897 3308 ὥρισεν
934 3238 1124 3309 ήάγία
1159 3242 1254 3293 καὶ
1286 3244 1643 3311 οίκουμενικὴ
1672 3242 1798 3295 σύν-

1906 3242 2036 3281 cura
2064 3236 2119 3281 et
2144 3227 2430 3297 diligentia
2461 3243 2489 3281 a
2523 3228 2683 3283 nobis
2713 3230 2999 3297 dispositis
3030 3230 3273 3284 deﬁnivit
3299 3239 3491 3284 sancta

199 3335 319 3397 οδος
358 3351 379 3384 ι
414 3330 502 3404 (ἦς
529 3334 773 3402 δηλονότι
826 3337 1123 3405 κορυφαῖος
1167 3335 1321 3388 Δέων
1347 3336 1375 3388 ὁ
1404 3335 1688 3406 βασιλικὸν
1707 3338 1800 3392 καὶ

195 3427 296 3479 ’δον
324 3426 454 3478 νοῦν
491 3429 584 3479 καὶ
621 3432 688 3480 τὰ
728 3430 960 3498 ῥήματα
1004 3429 1399 3496 κεκτημένος).
1434 3428 1501 3480 Τί
1555 3429 1796 3499 ὥρισεν;

207 3538 228 3572 ε
284 3519 521 3589 Ἑτέραν
572 3521 757 3573 πίστιν
786 3521 976 3590 μηδενὶ
1006 3520 1208 3586 ἐξεῖναι
1233 3520 1558 3590 προφέρειν,
1626 3522 1798 3590 ῆγουν

202 3613 556 3681 συγγράφειν
586 3611 617 3680 ἢ
650 3613 958 3665 συντιθέναι
994 3612 1026 3683 ἢ
1055 3616 1275 3681 φρονεῖν
1304 3613 1336 3682 ἢ
1362 3612 1641 3665 διδάσκειν
1678 3613 1797 3665 ἐτέ-

201 3721 331 3773 ρους
358 3720 374 3733 θ
399 3704 527 3765 τοὺς
552 3703 609 3755 δὲ
644 3703 964 3771 τολμῶντας
1014 3703 1046 3772 ἦ
1100 3704 1415 3757 συντιθέναι
1460 3703 1649 3756 πίστιν
1679 3702 1798 3756 ἐτέ-

201 3812 329 3866 ραν,
352 3795 526 3864 ήγοαν
549 3796 908 3865 προκομίζειν
938 3794 969 3865 ἢ
1006 3794 1313 3859 διδάσκειν,
1354 3794 1386 3865 ἢ
1432 3795 1792 3865 παραδιδόναι

200 3888 398 3957 ἕτερον
434 3884 716 3955 σύμϐολον
743 3888 856 3949 τοίς
887 3886 1164 3939 ἐθέλουσιν
1188 3888 1539 3956 ἐπιστρέφειν
1567 3890 1643 3950 εἰς
1676 3888 1801 3940 ἐπί-

199 3994 411 4046 γνωσιν
444 3978 545 4047 τῆς
578 3977 843 4046 ἀληθείας
877 3976 937 4041 ἐξ
992 3978 1356 4049 Ἑλληνισμοῦ
1394 3980 1425 4050 ἢ
1461 3981 1521 4045 ἐξ
1589 3980 1803 4033 Ἰουδαῖ-

214 4070 361 4140 σμοῖι
393 4070 427 4139 ἦ
464 4069 596 4137 γοῦν
620 4071 678 4134 ἐξ
709 4071 977 4140 αἱρέσεως
1003 4072 1415 4141 οἱασδηποτοῦν,
1466 4072 1716 4136 τούτους,
1751 4073 1801 4125 εί

206 4163 311 4232 μὲν
342 4157 459 4214 εἷεν
494 4160 794 4213 ἐπίσκοποι
842 4160 875 4227 ἢ
930 4161 1208 4231 κληρικοὶ,
1256 4164 1575 4233 ἀλλοτρίους
1638 4160 1786 4219 εἶναι

200 4256 332 4314 τοὺς
367 4252 708 4315 ἐπισκόπους
751 4252 853 4322 τῆς
902 4254 1240 4323 ἐπισκοπῆς,
1273 4257 1367 4307 καὶ
1412 4256 1543 4319 τοὺς
1601 4256 1799 4325 κληρι-

204 4344 336 4406 κοῦς
368 4343 468 4396 τοῦ
501 4344 706 4413 κλήρου
730 4358 746 4373 ο
784 4346 834 4396 εί
891 4344 948 4396 δὲ
998 4347 1337 4413 μονάζοντες
1376 4348 1409 4417 ἢ
1449 4348 1636 4401 λαῖκοὶ
1665 4344 1797 4414 εἷεν,

210 4434 595 4504 ἀναθεματίζε
608 4434 729 4486 σθαι
756 4434 979 4496 αὐτούς.
1021 4454 1040 4485 ι

782 4529 881 4579 ΑΝ
890 4529 1175 4583 ΙῚΡΡΗΣΙ
1179 4532 1223 4582 Σ
1228 4566 1242 4581 .

273 4617 409 4670 K92
450 4612 591 4683 Εὗγέ
623 4634 726 4680 σοι,
758 4617 1037 4686 ἄνθρωπε,
1072 4619 1152 4671 ὅτι
1177 4622 1267 4672 τὸν
1301 4619 1478 4689 μέγαν
1504 4620 1797 4674 Βασίλειον

204 4709 479 4777 θαλάμοις
528 4709 708 4777 ψυχῆς
749 4710 1033 4778 ἀκήρατον
1093 4710 1471 4777 συντηροῦντα
1512 4712 1798 4778 ὁμολογεῖς

200 4804 303 4874 τῆν
328 4801 619 4855 εῦσέὗειαν
655 4802 748 4853 καὶ
798 4801 981 4871 ψιχὴν
1019 4802 1181 4853 αῦτὸι
1220 4802 1402 4866 λέγεις
1452 4802 1598 4855 θεῖον
1640 4802 1797 4866 ζέου-

203 4914 307 4949 σαν
368 4896 619 4964 φίλτρον.
654 4895 765 4945 Καὶ
818 4899 865 4944 εἰ
904 4895 1077 4945 ταῦτά
1106 4911 1167 4962 γε
1223 4896 1421 4964 ἀληθῆ,
1468 4896 1687 4957 πάντως
1743 4896 1799 4947 δὲ

200 4986 409 5055 ἀληθῆ,
442 4984 629 5036 οὐκέτι
658 5001 742 5035 σοι
780 4984 998 5048 ἐξέσται
1025 4985 1239 5051 αἰρεσιν
1281 4987 1372 5038 καὶ
1404 4986 1661 5038 ἀσέὄειαν
1690 4987 1800 5039 τῶν

214 5078 516 5145 Ῥωμαίων
552 5078 903 5145 κατηγορεῖν,
932 5076 1023 5127 τοῦ
1063 5076 1299 5144 μεγάλου
1336 5077 1623 5129 Βασιλεὶου
1650 5078 1801 5147 διαρ-

202 5169 377 5241 ρήδην
414 5166 793 5235 θεολογοῦν.ος
829 5170 885 5219 ἐν
938 5168 1014 5237 τῷ
1062 5168 1231 5238 τρίτῳ
1289 5171 1396 5221 των
1454 5172 1596 5222 κατὰ
1639 5169 1799 5221 Εὐνο-

207 5264 335 5333 μίου
370 5261 781 5332 ἀντιρῤητικῶν
825 5262 886 5314 τὸ
917 5261 1147 5329 Πνεῦμα
1178 5264 1331 5332 παρά
1368 5262 1463 5315 τοῦ
1514 5262 1643 5317 Υἱοῦ
1678 5264 1801 5331 ἔχον

202 5359 266 5409 τὸ
298 5353 446 5408 εἶναι
486 5356 583 5407 καὶ
613 5355 763 5423 παρᾶ
794 5354 887 5406 τοῦ
919 5355 1052 5407 Υἱοῦ
1098 5355 1376 5425 λαμϐάνον
1407 5358 1500 5409 καὶ
1533 5356 1801 5423 ἀναγγέλ-

202 5449 299 5501 λον
338 5448 473 5517 ἡμῖν
518 5448 611 5498 καὶ
659 5447 795 5509 ὅλως
849 5448 1065 5514 ἐκείνης
1097 5448 1193 5518 τῆς
1239 5448 1422 5513 αίτίας
1461 5450 1798 5519 ἐξημμένον.

202 5540 269 5590 Τί
310 5539 366 5589 δέ
404 5554 488 5588 σοι
523 5538 581 5588 τὸ
612 5538 805 5603 δφελος
832 5539 1083 5605 ἀλλήλοις
1112 5542 1238 5601 τοὺς
1295 5540 1547 5610 Πλτὲρας
1602 5543 1799 5593 ἀνταν-

207 5631 452 5695 ιστῶντι,
493 5630 677 5699 ὥσπερ
721 5636 769 5685 εἰ
810 5634 1031 5685 ἐναντία
1088 5629 1229 5702 ἦσαν
1283 5634 1530 5703 ἀλλήλοις
1558 5632 1802 5685 τεθεολο-

203 5724 485 5791 γηκότεςς
538 5719 612 5773 Τὸ
662 5723 771 5791 γὰρ
824 5724 1001 5775 εἰπεῖν
1048 5723 1137 5774 τὸν
1173 5724 1322 5775 δεῖνα
1363 5726 1458 5776 καὶ
1503 5725 1647 5776 δεῖνα
1694 5726 1801 5779 τῶν

204 5813 382 5882 ἁγίων
419 5813 515 5863 καὶ
544 5813 636 5864 τὶν
660 5814 755 5880 τῆς
797 5814 1019 5882 Ῥώμης
1053 5814 1244 5885 θρόνον
1274 5817 1678 5887 ἀρχιερατικῶς
1711 5834 1801 5868 κο-

206 5906 540 5975 σμησάιτων
574 5906 636 5957 ἐκ
692 5904 784 5959 τοῦ
814 5906 1025 5978 Πατρὸς
1057 5908 1119 5961 τὸ
1148 5908 1371 5980 Πνεῦμα
1406 5910 1463 5963 τὸ
1510 5910 1665 5978 ἆγιον
1700 5914 1795 5963 ἐκ·

1902 3328 1959 3375 et
2002 3321 2337 3375 mcumenica
2387 3321 2631 3391 synodus
2686 3340 2703 3373 ι
2748 3323 2956 3392 (cujus
2993 3323 3245 3377 videlicet
3290 3339 3493 3392 pra-ses

1903 3422 2022 3466 erat
2058 3412 2166 3467 Leo
2204 3414 2411 3483 regium
2458 3429 2647 3469 revera
2693 3424 2748 3468 et
2794 3416 3038 3468 animum
3084 3425 3137 3469 et
3180 3432 3487 3472 sermonem

1904 3511 2167 3575 nactus).
2224 3506 2366 3571 Quid
2422 3506 2710 3561 deﬁnivit?
2764 3525 2783 3559 ι
2839 3508 3081 3562 Alteram
3129 3509 3291 3563 [idem
3356 3511 3491 3565 nulli

1904 3597 2069 3651 licere
2112 3597 2359 3666 proferre
2394 3597 2477 3652 vel
2506 3600 2857 3653 conscribere
2904 3612 2997 3653 aut
3038 3616 3368 3671 componere
3400 3613 3495 3657 aut

1904 3692 2112 3746 sentire
2168 3700 2267 3745 aut
2310 3691 2453 3745 alios
2495 3692 2731 3757 docere,
2776 3704 3099 3747 eos-autem
3148 3696 3238 3763 qni
3288 3697 3492 3750 audent

1903 3797 2240 3851 componere
2277 3784 2437 3837 fidem
2478 3784 2707 3837 alteram
2744 3793 2838 3838 aut
2870 3786 3116 3855 proferre
3161 3795 3257 3839 aut
3292 3789 3494 3841 docere

1904 3883 1999 3928 aut
2037 3874 2254 3928 tradere
2287 3876 2522 3929 alterum
2556 3876 2866 3947 symbolum
2901 3877 3210 3934 volentibus
3242 3878 3309 3933 ad
3338 3880 3494 3949 agni-

1904 3968 2110 4022 tionem
2135 3969 2381 4024 veritatis
2416 3974 2661 4025 convcrti
2689 3973 2804 4026 sive
2835 3988 2898 4025 ex
2934 3973 3259 4041 paganisrno
3284 3974 3400 4028 sive
3425 3988 3489 4027 ex

1903 4059 2186 4116 Judaismo
2229 4062 2346 4116 sive
2375 4076 2449 4116 et
2480 4062 2672 4117 haeresi
2702 4079 3053 4133 quacunque,
3095 4066 3195 4120 hos
3216 4106 3231 4130 ,
3269 4066 3315 4119 si
3368 4066 3489 4133 epi-

1916 4152 2070 4223 scopi
2106 4153 2308 4207 fuerint
2338 4163 2432 4207 aut
2465 4154 2687 4219 clerici,
2719 4156 2925 4210 alienos
2956 4171 3079 4211 esse
3110 4159 3395 4226 episcopos
3423 4158 3494 4211 ab

1905 4246 2223 4315 episcopatu
2256 4256 2310 4299 et
2346 4247 2580 4301 clericos
2610 4262 2639 4299 a
2674 4246 2845 4310 clero,
2880 4247 2925 4301 si
2955 4263 3084 4303 vero
3114 4248 3373 4303 monachi
3399 4260 3495 4303 aut

1918 4338 2044 4393 laici
2086 4338 2313 4403 fuerint,
2368 4340 2848 4395 anathematizari.
2884 4359 2903 4393 ι

2473 4524 2763 4578 REFUTA
2780 4524 2925 4579 T10.

1826 4599 1879 4659 D
1978 4613 2174 4669 XXIX.
2217 4614 2362 4669 Bene
2416 4615 2512 4669 tibi
2568 4619 2670 4682 sit,
2717 4633 2750 4671 ο
2801 4621 2989 4683 homo,
3042 4620 3185 4687 quod
3234 4635 3493 4691 magnum

1908 4705 2167 4760 Basiliam
2205 4710 2409 4761 mentis
2438 4709 2695 4763 thalamis
2727 4710 3108 4764 intemeratam
3139 4726 3495 4767 conservasse

1903 4802 2164 4869 pietatem
2228 4800 2419 4853 fateris
2477 4812 2533 4854 et
2588 4802 2831 4855 animam
2889 4818 3015 4856 eum
3089 4819 3254 4859 voces
3312 4806 3496 4860 divino

1903 4908 2089 4947 amore
2139 4900 2488 4947 aestuantem.
2535 4895 2601 4947 Et
2645 4896 2691 4949 si
2745 4896 2858 4949 hanc
2904 4895 3125 4964 quidem
3172 4911 3321 4960 vera,
3366 4908 3495 4952 sunt

1905 4996 2088 5039 autem
2118 4986 2344 5039 omnino
2373 5002 2521 5050 vera,
2557 5002 2667 5042 non
2701 4989 2944 5054 amplius
2976 4989 3072 5042 tibi
3104 4991 3291 5045 licebit
3322 4994 3498 5045 luere-

1903 5094 2025 5133 Seos
2043 5086 2096 5131 et
2120 5078 2416 5146 impietatis
2444 5092 2703 5133 accusare
2744 5079 3041 5144 Romanos,
3081 5097 3205 5136 cum
3264 5098 3497 5152 magnus

1904 5166 2139 5221 Basilius
2195 5168 2402 5222 diserte
2449 5169 2632 5222 tradat
2665 5170 2805 5224 libro
2864 5174 3023 5225 tertio
3059 5184 3251 5226 contra
3304 5172 3488 5227 Eunoo

1904 5261 2073 5312 mium
2107 5297 2123 5323 ,
2184 5257 2451 5329 Spiritum
2502 5275 2531 5314 a
2591 5260 2733 5316 Filio
2774 5263 2974 5318 habere
3025 5267 3428 5327 exsisletttiatn,
3463 5281 3492 5318 a

1902 5349 2049 5404 Filio
2084 5350 2335 5420 accipere
2380 5360 2435 5406 et
2469 5355 2798 5407 annuntiare
2827 5356 2985 5409 nobis
3012 5365 3068 5410 et
3105 5358 3337 5409 omnino
3369 5373 3497 5410 con-

1906 5457 2110 5497 nexum
2162 5457 2285 5495 esse
2317 5458 2442 5496 cum
2478 5443 2567 5496 illa
2626 5458 2812 5498 causa.
2860 5444 3002 5510 Quid
3043 5461 3174 5500 vero
3223 5448 3321 5500 tibi
3371 5462 3496 5516 pio-

1904 5534 2055 5597 dest,
2112 5532 2158 5587 si
2216 5534 2406 5588 Patres
2459 5534 2817 5605 sibimetipsis
2884 5539 3284 5607 contraponis,
3337 5538 3498 5607 quasi

1903 5626 2177 5680 contraria
2225 5627 2329 5679 sibi
2364 5627 2699 5681 docuerint?
2754 5629 2910 5693 Quod
2941 5630 3087 5682 enim
3125 5632 3249 5684 talis
3275 5639 3328 5684 et
3360 5631 3484 5682 talis

1906 5730 2231 5775 sanctorum
2292 5729 2456 5787 atque
2513 5734 2725 5784 eorum,
2798 5721 2889 5789 qui
2938 5720 3240 5774 Romanam
3301 5726 3485 5775 sedent

1908 5820 2288 5874 exornarunt,
2335 5812 2657 5879 pontiﬁcum
2704 5828 2768 5866 cx
2825 5813 2985 5867 Patre
3054 5815 3315 5882 Spiritum
3368 5829 3493 5865 san~

1917 5916 2070 5963 ctum
2111 5906 2403 5975 procedere
2447 5906 2721 5973 diserunt,
2757 5922 2941 5963 verum
2969 5916 3049 5963 cst
3078 5918 3240 5976 atque
3278 5908 3334 5961 in
3364 5921 3499 5962 con-
