4214 6448
771 398 880 461 835

1810 413 2026 475 JOAN.
2068 414 2281 475 νεαρ(
2322 415 2432 478 CP.
2474 416 2987 479 PATRIARCIMI

3950 422 4067 485 836

770 512 938 577 fesso,
977 525 1032 571 et
1056 521 1345 578 anathema
1373 539 1464 579 eos
1493 525 1669 593 feriet,
1704 530 1797 599 qui
1834 545 1943 583 non
1981 530 2051 583 ita
2091 530 2340 583 sentiunt

2473 532 2803 602 πορεύεσθαι
2853 534 3054 604 ἀληθές
3082 534 3200 587 ἐστι
3228 536 3321 588 καὶ
3350 536 3789 607 ὁμολογούμενον
3815 538 3907 590 καὶ
3950 544 4069 602 τοῖς

769 616 824 660 et
852 608 1076 679 quidem
1109 629 1273 683 quam
1301 616 1609 685 justissiuie
1634 637 1647 681 ;
1676 623 1768 676 sed
1794 638 1981 675 verum
2014 623 2177 677 etiam
2203 634 2283 677 est
2308 634 2363 678 et

772 715 880 753 non
910 702 1092 758 minus
1126 706 1177 758 in
1202 708 1456 765 confesso
1487 713 1749 781 positum,
1772 729 1839 769 ex
1856 712 2019 768 Patre
2044 729 2138 779 per
2165 713 2363 768 Filium

769 788 947 855 ipsum
970 796 1265 859 proced’ere
1287 813 1507 863 ;verum
1537 817 1757 872 quoque
1788 814 1870 858 est
1899 805 2031 857 nihil
2060 804 2278 859 tlitferre
2296 821 2362 860 ex

770 876 930 935 Patre
966 898 1061 951 per
1087 882 1285 942 Filium
1321 905 1445 944 eum
1482 907 1607 948 esse
1636 907 1688 949 et
1721 910 1786 949 ex
1821 897 2091 950 ainbobus
2133 911 2277 958 esse,
2309 907 2364 951 et

770 970 903 1037 quia
932 989 1057 1029 vera
1086 977 1197 1031 hinc
1223 982 1406 1036 omnia
1427 992 1482 1038 et
1515 999 1703 1041 secum
1737 988 2090 1053 crdnerentia,
2126 990 2361 1044 mendax

772 1070 855 1113 est
878 1064 972 1132 qui
1000 1064 1190 1122 Patres
1210 1070 1371 1124 modo
1393 1073 1493 1128 hac
1520 1077 1688 1130 modo
1718 1077 1810 1131 illa
1839 1082 2051 1133 ratione
2075 1079 2361 1148 loquentes

770 1153 873 1207 sibi
904 1155 1134 1218 inyicem
1168 1166 1554 1233 contraponit;
1595 1179 1759 1236 atque
1806 1180 2093 1239 propterea
2145 1173 2351 1227 [rustra

780 1245 951 1301 etiam
982 1258 1036 1303 tu
1072 1253 1126 1304 'tn
1168 1260 1527 1322 praesentibus
1563 1263 1759 1329 pandis
1788 1263 1877 1316 illa
1912 1264 2073 1317 verba
2114 1284 2126 1319 :
2159 1264 2360 1333 Deﬁni—

776 1340 1062 1414 vitlsancta
1095 1355 1142 1397 et
1187 1351 1505 1403 wcuntenica
1528 1354 1793 1421 synodus,
1844 1354 1999 1423 cujus
2026 1372 2220 1423 prwses
2244 1369 2359 1413 erat

767 1447 910 1500 papa
953 1433 1097 1499 Leo,
1154 1440 1320 1494 aliam
1353 1443 1510 1510 ﬁdem
1553 1447 1754 1500 nemini
1806 1447 1965 1503 licere
2006 1450 2272 1518 proferre,
2309 1461 2363 1506 et.

707 1514 714 1520 ’
768 1540 890 1592 qua:
914 1539 1243 1596 sequuntur,
1294 1536 1450 1603 quasi
1492 1536 1683 1592 alienae
1727 1542 1979 1609 protinus
2007 1542 2127 1597 ﬁdei
2163 1544 2359 1597 inven-

768 1622 1027 1672 tores-et
1111 1624 1430 1683 inductores
1488 1631 1687 1686 exinde
1745 1647 1985 1704 arguens
2052 1634 2355 1691 Romanos.

769 1708 957 1780 Neque
994 1716 1141 1769 enim
1194 1720 1290 1788 qui
1321 1736 1385 1773 ex
1436 1721 1594 1777 Patre
1626 1723 1877 1794 Filioque
1916 1727 2055 1781 dicit
2089 1727 2355 1797 Spiritum

768 1804 948 1882 aliam
971 1807 1129 1863 tidem
1162 1812 1335 1867 habet
1371 1830 1533 1884 quam
1564 1818 1650 1870 ille
1678 1819 1769 1887 qui
1799 1835 1861 1872 ex
1887 1820 2045 1873 Patre
2074 1836 2196 1873 eum
2223 1822 2355 1876 dicit

767 1895 929 1950 simul
959 1915 973 1962 ;
1010 1915 1246 1970 namque
1280 1919 1404 1957 cum
1458 1906 1617 1961 Patre
1663 1908 1980 1978 intelligitur
2017 1910 2207 1975 Filius,
2232 1915 2356 1968 licet
2388 1890 2430 1944 Β

770 2002 878 2042 non
905 1990 1066 2044 simul
1099 1995 1440 2063 enuntiatus,
1483 2007 1537 2052 et
1581 2000 1748 2055 simul
1797 2005 2118 2060 enuntiatur
2167 2015 2357 2077 utpote

765 2082 929 2136 etiam
957 2083 1119 2139 simul
1149 2087 1481 2146 intellectus.

1397 2281 1704 2343 TEXTUS.

802 2370 926 2423 -81,
970 2371 1245 2441 Inspicite,
1278 2375 1431 2439 caeci,
1464 2387 1519 2431 et
1541 2381 1751 2447 audite,
1785 2384 1960 2449 surdi,
1983 2386 2077 2457 qui
2113 2387 2167 2443 in
2195 2398 2345 2445 tene-

762 2459 876 2514 bris
909 2461 1145 2519 haeretici
1166 2480 1394 2523 occasus
1419 2470 1641 2537 sedetis,
1666 2473 1890 2532 intentis
1917 2479 2147 2548 aspicite
2170 2483 2350 2540 oculis

762 2551 941 2606 lucem
972 2553 1233 2611 Ecclesiae
1281 2571 1546 2627 perpetuo
1589 2562 1908 2635 fulgentem,
1946 2580 2009 2638 ,οι
2057 2573 2349 2631 intuemini

763 2654 1049 2699 strenuum
1088 2646 1353 2713 Leonem,
1387 2652 1627 2722 Spiritus
1661 2659 1868 2724 tubam,
1910 2664 2041 2731 quid
2078 2668 2345 2733 perillum

758 2738 1072 2805 ebuceinet,
1100 2743 1304 2807 audite,
1333 2753 1496 2813 atque
1529 2750 1929 2816 exhorrescite,
1957 2756 2001 2809 si
2035 2771 2144 2811 non
2176 2760 2346 2815 alium

758 2844 1133 2900 quemquam,
1190 2844 1247 2889 at
1301 2836 1497 2891 saltem
1547 2837 1764 2895 Patrem
1818 2854 2061 2901 vestrum
2107 2853 2347 2915 reveriti,

759 2919 870 2973 imo
913 2923 1093 2986 potius
1150 2941 1247 2994 per
1281 2928 1460 2996 ipsutn
1498 2939 1552 2984 et
1606 2943 1861 2999 caeteros,
1917 2939 2011 3006 qui
2068 2943 2346 3009 prioribus

760 3014 992 3081 synodis
1029 3019 1454 3086 acquiescentes
1483 3022 1625 3077 inter
1667 3026 1898 3082 eximios
1931 3030 2121 3087 Patres
2151 3051 2343 3090 recen-

756 3116 968 3160 sentur.
1023 3107 1104 3162 Tu
1138 3111 1330 3167 Patres
1366 3116 1620 3172 nominas
1646 3118 2042 3191 Augustinum,
2076 3125 2344 3201 Hierony-

2473 626 2548 696 μὴ
2580 625 2725 680 οὕτω
2755 628 3050 695 φρονοῦσιν
3076 629 3507 698 ἐπακολουθήσει
3536 633 3595 683 τδ
3625 631 3879 700 ἀνάθεμα
3911 631 4061 683 πάνυ

2466 736 2530 787 γε
2561 719 2929 787 ἐνδικώταταὲ
2956 720 3076 774 ἀλλ’
3100 720 3253 774 ἔστιν
3284 721 3489 790 ἀληθὲς
3537 721 3633 774 καὶ
3686 720 4065 793 δμολογτύμε-

2468 828 2558 863 νον
2592 811 2689 863 καὶ
2718 811 2780 864 τὸ
2812 813 2877 864 ὲκ
2907 813 3141 882 ,Πατρὸς
3172 814 3239 867 δι’
3274 812 3407 867 Υίοῦ
3459 813 3597 865 αὐτὸ
3627 813 4058 885 ὲκπορεύεῖθαι.

2466 903 2586 956 ἐστι
2616 902 2675 955 δὲ
2702 902 2905 973 ἀληθὲς
2935 906 3029 957 καὶ
3056 906 3115 957 τὸ
3144 905 3313 974 μηδὲν
3338 905 3624 975 διαφέρειν
3653 907 3717 959 ἐκ
3748 891 3970 979 ὕατρὶς
3991 905 4061 958 δι’

2469 994 2600 1047 Υἱοῦ
2629 997 2727 1047 καὶ
2755 998 2815 1061 ἐξ
2843 997 3049 1065 ἀμφοῖν
3070 995 3339 1064 ὑπάρχειν
3362 995 3497 1049 αὑτό
3522 1010 3537 1026 ο
3562 995 3657 1048 καὶ
3677 997 3761 1049 ὅτι
3787 1012 3853 1063 γε
3877 995 4061 1064 ἁληθῆ

2465 1086 2642 1139 ταῦτα
2676 1087 2855 1140 πάντα
2890 1089 2986 1140 καὶ
3024 1088 3273 1159 ἀλλήλων
3321 1089 3584 1159 ἐχόμενα,
3614 1088 3813 1159 ψευδής
3854 1093 4011 1144 ἐστιν
4038 1095 4065 1144 ό

2463 1178 2591 1241 τοὺς
2627 1177 2724 1231 νῦν
2756 1179 2857 1248 μὲν
2889 1178 3055 1245 οὕτω,
3093 1180 3187 1233 νῦν
3219 1180 3275 1233 δὲ
3320 1180 3465 1234 οὕτω
3511 1182 3772 1248 λέγοντας
3804 1182 4063 1252 Πατέρας

2464 1272 2719 1342 ἀλλήλοις
2770 1273 3137 1341 άνυνιστῶν,
3187 1276 3283 1326 καὶ
3312 1275 3401 1327 διὰ
3436 1274 3599 1327 τοῦτο
3646 1275 3827 1345 μάτην
3867 1278 3965 1327 aut
3997 1278 4063 1327 ait

2463 1366 2522 1416 ὲν
2548 1367 2661 1427 τοῖς
2686 1364 2927 1433 παροῦσι
2954 1366 3432 1436 καταστρωννύεις
3465 1366 3547 1431 τὸ,
3577 1366 3827 1433 Ὠρισεν
3854 1366 3894 1431 ή
3922 1366 4063 1434 ἁγία

2462 1456 2562 1510 καί
2588 1459 2975 1528 οίκουμενικὴ
3031 1459 3316 1525 σύνοδος,
3348 1455 3423 1529 ἧς
3460 1458 3793 1528 κορυφαῖος
3833 1463 3865 1512 ὀ
3898 1459 4061 1512 πάπ-

2462 1562 2583 1615 πας
2612 1546 2693 1621 ἦν
2717 1550 2905 1615 Λέων,
2939 1551 3151 1619 ἑτέραν
3178 1553 3389 1605 πίστιν
3406 1552 3623 1621 μηδενὶ
3652 1551 3883 1616 ἐξεῖναι
3913 1551 4063 1620 πρό-

2461 1642 2689 1709 φὲρειν,
2722 1645 2814 1696 καὶ
2847 1645 2915 1699 τά
2952 1645 3121 1699 λοιπά
3148 1662 3163 1678 ·
3198 1647 3274 1708 ὡς
3302 1646 3554 1699 ἐντεῦθεν
3589 1643 3882 1713 ἀλλοτρίας
3915 1644 4063 1710 τάχα

2463 1739 2701 1799 πίστεως
2761 1738 3061 1809 εἰσηγητὰς
3112 1738 3240 1800 τοὺς
3298 1735 3626 1806 Ῥωμαίους
3679 1734 3947 1804 ἐλέγχων.
3984 1735 4061 1785 Οὐ

2461 1831 2569 1899 γὰρ
2598 1831 2630 1881 ὁ
2660 1829 2728 1882 ὲκ
2765 1830 2981 1901 [ἰατρὸς
3013 1831 3108 1883 καὶ
3140 1829 3273 1882 Tia?)
3304 1830 3481 1895 λέγων
3510 1830 3573 1881 τὸ
3604 1827 3833 1898 Πνεῦμα
3887 1826 4060 1895 ἀλλην

2462 1922 2578 1992 ἔχει
2600 1922 2704 1994 τὴν
2734 1926 2919 1977 πίστιν
2944 1924 3099 1993 παρὰ
3134 1922 3227 1977 τὸν
3271 1925 3339 1975 ἐκ
3375 1923 3590 1993 [ἰατρὸς
3610 1922 3748 1975 αὐτὸ
3795 1920 4057 1987 λέγοιτιν

2460 2019 2863 2071 συνεπινοείται
2896 2019 3009 2088 γὰρ
3038 2019 3068 2070 ὁ
3108 2017 3235 2078 Υἱὸς
3277 2014 3355 2087 τῷ
3412 2017 3590 2085 ila-rp".
3628 2015 3703 2085 μὴ
3764 2030 4060 2080 συνεκφωο

2459 2108 2745 2178 νούμενος,
2803 2109 2899 2163 καὶ
2938 2110 3375 2178 συνεκφωνεὴαι
3424 2104 3527 2161 ἅτε
3572 2106 3671 2160 καὶ
3701 2104 4063 2158 συνεπινοούο

2444 2218 2645 2272 μενος.

3051 2295 3442 2350 ΚΕΙΜΕΝΟΝ.

2526 2393 2639 2442 πα’.
2699 2386 3039 2458 Ἐμϐλέψατε
3097 2390 3147 2441 οἱ
3204 2370 3423 2456 τυφλοὶ,
3494 2387 3590 2441 καὶ
3644 2383 3954 2451 ἀκούσατε,
4006 2384 4061 2436 οἱ

2454 2483 2650 2550 κωφοὶ,
2676 2480 2773 2544 οὒς
2814 2482 2876 2535 τὸ
2911 2485 3101 2545 σκότος
3136 2480 3359 2549 κατέχει
3402 2480 3502 2550 τῆς
3558 2479 3847 2550 αἰρετικῆς
3882 2479 4060 2545 ἐγκα-

2454 2576 2723 2645 θημένους
2771 2574 3017 2636 δύσεωςο
3071 2574 3420 2625 ὲνατενίσατε
3480 2570 3617 2641 πρὸς
3663 2570 3725 2622 τὸ
3774 2569 4059 2637 ἀείφωτον

2452 2671 2553 2737 τῆς
2619 2669 2953 2739 Ἐκκλησίας
3020 2667 3245 2735 φέγγος,
3277 2666 3374 2720 καὶ
3411 2663 3728 2733 ὲμὸλέψατε
3774 2662 3918 2732 πρὸς
3963 2661 4059 2714 τὸν

2450 2764 2699 2829 γενναῖον
2716 2764 2944 2824 Λέοντα,
2968 2760 3169 2827 μᾶλλον
3195 2760 3251 2811 δὲ
3271 2760 3367 2827 τῆς
3388 2757 3483 2810 τοῦ
3504 2755 3791 2825 Πνεύματο
3826 2791 3843 2817 ,
3868 2749 3958 2807 οἷα
3982 2750 4058 2805 δι’

2450 2850 2619 2903 αὑτοῦ
2646 2850 2897 2914 σαλπίζει
2934 2849 3057 2903 καθ’
3088 2848 3264 2917 ὑμῶν,
3315 2847 3649 2900 ὲνωτίτασθε
3691 2846 4004 2914 σάλπιγγος
4038 2861 4053 2876 ’

2452 2945 2548 2996 καὶ
2580 2942 2810 3012 φρίξατε
2842 2944 2893 2995 εἰ
2954 2944 3029 3011 μή
3068 2958 3193 2994 τινα
3247 2940 3410 2995 ἄλλον
3437 2938 3877 3008 δυσωπούμενοι.
3909 2938 4056 2991 ἀλλά

2449 3055 2514 3106 γε
2543 3039 2636 3091 τὸν
2664 3037 2932 3107 ὑμέτερον
2976 3036 3196 3106 Πατέρα
3222 3050 3236 3063 ·
3287 3034 3491 3103 μᾶλλον
3520 3034 3578 3086 δὲ
3631 3033 3699 3087 δι’
3739 3032 3917 3087 αὐτοῦ
3952 3032 4057 3087 καὶ

2448 3133 2575 3195 τοὺς
2603 3132 2821 3194 ἄλλους,
2867 3130 2918 3183 οἶ
2948 3132 3069 3190 ταῖς
3100 3127 3503 3199 προλαὸούσαις
3544 3125 3786 3189 συνόδοις
3837 3128 4051 3197 εὐαρε-

761 3215 912 3252 mum
943 3212 995 3254 et
1024 3204 1164 3295 alios
1204 3206 1453 3275 similes;
1481 3226 1545 3264 ac
1585 3222 1733 3268 recte
1772 3214 1929 3280 facis,
1974 3235 2079 3274 non
2106 3223 2177 3277 ob
2204 3240 2340 3279 cau-

2449 3227 2701 3287 στοῦντες
2730 3227 2812 3287 είς
2844 3224 2938 3276 τὸν
2987 3224 3150 3294 χορὸν
3203 3222 3314 3276 τῶν
3350 3222 3595 3289 λογάδων
3648 3222 3921 3290 Πατέρων
3956 3224 4055 3290 ἐγ-

754 3304 896 3354 sam,
934 3305 1160 3363 propter
1197 3313 1362 3364 quam
1401 3299 1525 3356 illos
1560 3303 1783 3373 allegas,
1818 3309 1909 3361 sed
1947 3310 2073 3378 quia
2106 3313 2202 3367 tibi
2233 3330 2341 3369 non

753 3383 946 3450 gloria:
988 3389 1157 3467 vertis
1203 3398 1492 3457 paternum
1547 3395 1792 3464 ipsorum
1851 3416 2050 3456 nomen
2093 3419 2344 3463 contem-

755 3488 906 3526 nere.
933 3473 995 3526 Et
1023 3491 1155 3531 sane
1174 3478 1218 3533 si
1246 3494 1491 3551 cousque
1510 3494 1659 3539 tuum
1684 3486 1753 3542 de
1770 3488 2025 3549 Patribus
2052 3496 2340 3553 artiﬁcium

762 3566 1104 3632 procederet,
1141 3581 1345 3639 quanto
1391 3585 1538 3631 esset
1563 3577 1937 3647 iinperfectius
1987 3587 2341 3655 maleﬁcium,

752 3663 911 3709 tanto
964 3660 1237 3715 mitiorem
1288 3681 1504 3735 poenam
1548 3672 1810 3741 exigeret.
1874 3676 2144 3735 Inchoare
2192 3686 2338 3739 enim

751 3746 979 3815 impium
1013 3754 1330 3821 consilium,
1367 3758 1501 3813 illud
1532 3777 1663 3817 vero
1702 3766 1769 3820 ad
1797 3767 1960 3823 tinem
1992 3786 2337 3845 nequaquam

750 3839 1071 3906 perducere,
1119 3845 1261 3899 idem
1315 3861 1395 3903 est
1442 3862 1610 3921 atque
1650 3871 1899 3913 resecare
1930 3864 2336 3921 vehementiam

749 3929 998 3995 sceleris,
1033 3936 1177 4000 quod
1224 3937 1412 4006 utique
1444 3943 1661 4013 mitigat
1709 3947 1954 4019 leuitque
1983 3967 2159 4021 paenae
2188 3956 2336 4027 rigo-

748 4033 887 4074 rem.
932 4020 1110 4079 Larva
1140 4026 1391 4095 Patrum,
1426 4044 1619 4089 contra
1662 4032 1800 4107 quos
1834 4020 2141 4113 insolescis,
2178 4051 2340 4104 terri-

746 4119 867 4165 tare
893 4129 1003 4169 nos
1047 4118 1144 4171 tibi
1197 4125 1553 4190 proposuisti.
1585 4128 1655 4183 At
1695 4129 1919 4202 Patrum
1962 4148 2164 4205 costus,
2194 4156 2337 4210 quos

750 4214 859 4257 tua:
883 4210 1153 4264 machina:
1192 4214 1382 4282 objicit
1431 4219 1629 4287 pietas,
1668 4221 1859 4281 Patres
1911 4226 2136 4284 Patrum
2169 4246 2335 4300 sunt;

749 4312 927 4366 neque
956 4302 1104 4355 enim
1157 4305 1367 4361 inﬁcias
1413 4311 1587 4374 ibitis,
1619 4316 1785 4371 etiam
1837 4320 2060 4376 illorum
2096 4324 2195 4377 hos
2217 4340 2339 4380 esse

746 4383 957 4451 Patres,

748 4495 847 4536 ws
887 4484 1119 4553 negetis,
1155 4495 1210 4540 at
1244 4487 1317 4542 illi
1350 4502 1500 4547 certe
1538 4510 1645 4549 non
1687 4501 1986 4567 negabunt.

811 4784 906 4841 82.
940 4786 1301 4843 Cunsrcerate
1349 4790 1612 4862 inclytum
1651 4792 1912 4865 Vigilium
1963 4806 2018 4853 et
2049 4799 2247 4855 throno
2282 4814 2336 4857 et

740 4872 917 4941 gloria
984 4877 1068 4931 his
1121 4880 1434 4947 aqualem;
1471 4884 1677 4949 quintae
1726 4886 1813 4939 hic
1864 4902 2080 4958 quoque
2116 4892 2334 4961 'synodo

741 4966 1061 5030 assistebat,
1096 4985 1217 5038 qua:
1264 4976 1629 5029 (ecuinenicis
1684 4990 1841 5045 aeque
1883 4982 2203 5051 sanctisque
2234 4985 2332 5038 de-

741 5058 909 5113 cretis
949 5060 1166 5115 claruit.
1228 5061 1329 5118 Hic
1369 5081 1509 5135 ergo
1561 5069 1719 5137 quasi
1767 5086 1960 5124 norma
2020 5078 2329 5130 rectissima

742 5151 989 5221 nihilque
1034 5154 1349 5222 deﬂectens,
1399 5161 1563 5215 rectis
1617 5162 1765 5216 illius
1821 5164 2171 5234 dogmatibus
2202 5185 2326 5223 sese

740 5242 1121 5312 conformans,
1146 5257 1257 5300 tum
1289 5250 1341 5301 in
1369 5254 1584 5305 czeteris
1610 5261 2110 5323 consonas‘cmittit
2144 5274 2325 5325 voces,

757 5346 872 5389 tum
917 5341 1331 5394 sanctissimum
1380 5346 2027 5419 consubstantialemque
2062 5352 2325 5423 Spiritum

750 5429 951 5496 aequali
992 5446 1115 5483 cum
1154 5435 1547 5491 vetustioribus
1610 5456 1818 5494 necnon
1853 5458 1977 5495 cum
2009 5460 2123 5497 sua:
2152 5448 2327 5503 aetatis

744 5519 999 5576 Patribus
1034 5524 1312 5596 similique
1352 5529 1467 5583 zelo
1507 5545 1570 5583 ex
1612 5530 1770 5587 Patre
1818 5536 2113 5603 procedere
2157 5557 2329 5595 enun-

760 5612 914 5665 tiavit
944 5613 1197 5685 illosque,
1238 5620 1330 5685 qui
1372 5623 1651 5691 quiilpTam
1685 5622 1834 5676 aliud
1876 5628 1927 5677 in
1970 5628 2182 5685 ratione
2227 5633 2326 5686 do-

739 5706 945 5773 gmatis
984 5719 1178 5775 praeter
1210 5713 1527 5767 unanimem
1555 5726 1608 5768 et
1632 5732 1982 5772 communem
2006 5720 2324 5780 Catholica-

808 5877 882 5945 (ι)
922 5877 1087 5931 Laur.
1126 5880 1550 5950 ὰπαρέγκλιτος,
1580 5893 1637 5937 ut
1674 5884 1793 5939 Vat.
1826 5896 1881 5941 et
1920 5886 2085 5939 Allat.

2445 3320 2775 3388 γράφονται.
2807 3318 2879 3370 Σὺ
2916 3318 3163 3386 Πατέρας
3216 3315 3506 3384 ὀνομάζεις
3543 3314 3914 3379 Αὑγουστίνον
3948 3314 4053 3367 καὶ

2455 3412 2783 3482 Ἱερώνυμον
2806 3411 2902 3462 καὶ
2931 3409 3211 3473 τοιούτους
3246 3409 3443 3470 ἄλλους
3473 3423 3488 3437 ο
3523 3407 3705 3470 καλῶς
3739 3423 3806 3475 γε
3836 3410 4047 3471 ποιεῖς,

2443 3504 2545 3555 οὐκ
2572 3502 2658 3570 ἐφ’
2688 3498 2772 3566 οἷς
2796 3502 3004 3566 καλεῖς,
3036 3501 3155 3554 ἀλλ’
3193 3502 3275 3553 ὅτι
3303 3502 3379 3571 μὴ
3404 3500 3497 3553 καὶ
3516 3500 3616 3569 τὴν
3641 3499 3910 3569 ἀθέτησιν
3945 3503 4051 3569 τῆς

2444 3597 2717 3662 πατρικῆς
2754 3594 2935 3647 αὐτῶν
2985 3596 3280 3665 ὀνομασίας
3322 3596 3507 3664 σαυτῷ
3548 3596 3720 3657 noui;
3776 3594 4051 3664 σεμνολό-

2442 3699 2620 3753 γημα.
2671 3685 2785 3738 Καὶ
2811 3688 2860 3739 εί
2895 3686 3059 3755 μέχρι
3092 3686 3286 3738 τούτου
3333 3686 3395 3737 τὸ
3442 3685 3714 3753 περὶτῶν
3771 3685 4050 3756 Πατέρων

2442 3793 2528 3829 σοι
2563 3781 2863 3848 μηχάνημα
2894 3780 3110 3851 προῄει,
3137 3780 3260 3833 ὅσον
3289 3774 3357 3849 ἦν
3392 3778 3584 3849 ἀτελὴς
3615 3780 3647 3849 ἡ
3701 3784 4045 3850 κακουργία,

2439 3869 2697 3924 τοσοῦτον
2719 3870 2789 3924 ἂν
2821 3873 3188 3942 μετριώτερον
3221 3872 3424 3943 ἀπῄτει
3456 3873 3557 3941 τὴν
3589 3872 3769 3941 δίκην.
3807 3874 3983 3945 ’Δρχε
3997 3893 4051 3925 ιν

2441 3962 2551 4032 γὰρ
2596 3962 2906 4032 άσεϐούσης
2956 3963 3207 4032 γνώμης,
3260 3964 3342 4025 είς
3372 3963 3526 4026 τέλος
3578 3963 3636 4015 δὲ
3692 3962 3769 4033 μὴ
3812 3964 4047 4031 ἐξάγειν

2440 4056 2669 4125 ταύτην,
2703 4057 3063 4125 περικόπτειν
3086 4057 3202 4109 ἐστὶ
3231 4058 3330 4127 τὴν
3358 4056 3701 4127 σφοδρότητα
3719 4057 3813 4109 τοῦ
3838 4058 4040 4133 ἄγους·

2438 4147 2501 4198 τὸ
2557 4147 2614 4198 δὲ
2669 4148 2903 4216 πραΰνει
2940 4149 3035 4200 καὶ
3070 4149 3484 4217 ἐξευμενίζεται
3544 4148 3604 4201 τὸ
3647 4151 4046 4221 ἀπαραίτητον

2439 4237 2538 4306 τῆς
2577 4236 2757 4306 δίκης.
2787 4238 3039 4308 Πατράσι
3087 4237 3212 4291 καθ’
3246 4232 3322 4293 ὧν
3361 4237 3775 4307 ὲνασελγαίνεις
3811 4257 4042 4311 μορμο-

2438 4329 2653 4382 λύττειν
2703 4331 2853 4399 ἡμᾶς
2891 4330 3087 4397 ἔγνως.
3136 4330 3277 4383 Ἀλλ’
3306 4333 3333 4384 ὅ
3372 4348 3437 4399 γε
3469 4332 3579 4385 τῶν
3624 4333 3894 4403 Πατέρων
3940 4352 4043 4405 χο-

1004 4407 1144 4459 quos
1176 4410 1270 4449 vos
1304 4413 1404 4465 pro
1444 4402 1700 4458 Patribus
1738 4408 1988 4477 habetis;
2030 4414 2179 4483 quod
2208 4415 2251 4469 si
2279 4417 2331 4471 id

2449 4423 2559 4495 ρος,
2591 4423 2685 4485 οὒς
2717 4422 2861 4476 κατὰ
2909 4426 3011 4492 τῆς
3046 4424 3146 4493 σῆς
3181 4423 3434 4495 μηχανῆς
3486 4425 3860 4495 προῦάλλεται
3884 4429 3922 4497 ή
3943 4402 4047 4483 ἑο.

2444 4516 2650 4579 σέὸεια,
2679 4517 2921 4587 Πατέρες
2980 4518 3244 4586 Πατὲρων
3292 4517 3438 4570 είσί·
3500 4519 3597 4569 καὶ
3641 4519 3749 4589 γὰρ
3790 4520 3875 4573 ὅτι
3938 4524 4041 4574 καὶ

2441 4605 2623 4657 αὐτῶν
2647 4608 2893 4672 ἐκείνων,
2927 4606 3021 4670 οὓς
3052 4608 3303 4678 νομίζετε
3348 4610 3620 4677 Πατέρας,
3651 4611 3753 4663 οὐκ
3774 4609 3840 4663 ἂν
3861 4612 4043 4682 ἀρνη-

2439 4697 2619 4767 θείητε
2647 4714 2662 4729 ·
2696 4702 2745 4752 εί
2774 4700 2831 4752 δέ
2858 4716 2917 4768 γε
2949 4700 3130 4769 ὑμεῖς,
3166 4699 3283 4752 ἀλλ’
3309 4702 3411 4752 οὐκ
3443 4703 3668 4755 ἐκεῖνοι.

2508 4795 2617 4861 ’πί-ι’.
2693 4795 3017 4863 Ἐννοήσατε
3056 4794 3150 4846 τὸν
3192 4793 3490 4864 ὁμὸθρονον
3523 4793 3737 4857 τούτοις
3773 4797 3872 4848 καὶ
3927 4797 4037 4866 τὴν

2436 4886 2594 4953 δόξαν
2641 4887 2972 4951 ἰσοστάσιον,
2995 4886 3086 4937 τὸν
3127 4885 3335 4938 κλεινὸν
3378 4885 3617 4951 Βιγίλιον
3641 4901 3657 4917 ⁶
3695 4889 3761 4956 τῇ
3798 4888 4036 4961 πέμπτῃ

2439 4979 2536 5047 μὲν
2572 4980 2666 5030 καὶ
2698 4978 2861 5041 αὐτὸς
2893 4979 3211 5047 ἐφειστήκει
3256 4976 3461 5046 συνόδῳ
3487 4994 3503 5009 ·
3534 4979 3938 5047 οίκουμενικοίς
3972 4980 4038 5033 δὲ

2436 5072 2532 5123 καὶ
2583 5070 2723 5141 αὑτὴ
2786 5071 2881 5123 καὶ
2940 5070 3118 5136 ἁγίοις
3155 5070 3507 5139 ψηφίσμασιν
3550 5070 4032 5140 ὲλλαμπρύνεται.

2434 5163 2604 5224 Οὗτος
2628 5162 2721 5215 οὖν
2750 5159 2841 5215 οἶα
2865 5162 2930 5231 δὴ
2956 5162 3137 5216 κανὼν
3159 5161 3578 5232 ἀπαρέγκλητος
3601 5163 3679 5231 (1)
3698 5165 3812 5226 τοῖς
3837 5163 4031 5231 ὀρθοῖς

2432 5260 2603 5328 αὐτῆς
2631 5261 3071 5329 ὲναρμοξόμενος
3117 5261 3373 5329 δόγμασι,
3420 5261 3491 5312 τά
3535 5276 3595 5312 τε
3625 5258 3761 5313 ἄλλα
3790 5263 4030 5331 συμφώι

2430 5372 2555 5416 νους
2586 5354 2784 5423 ἀφίησι
2815 5352 3021 5421 φωνὰς,
3051 5355 3146 5405 καὶ
3175 5355 3235 5405 τὸ
3263 5352 3532 5419 πανάγιον
3584 5352 3683 5406 καὶ⁵
3726 5354 4029 5422 ὁμοούσιον

2433 5449 2656 5519 Πνεῦμα
2711 5451 2822 5510 τοῖς
2878 5466 2936 5501 τε
2971 5449 3078 5517 προ
3126 5448 3291 5501 αὑτοῦ
3328 5449 3420 5500 καὶ
3453 5448 3565 5509 τοῖς
3598 5449 3695 5500 σὺν
3724 5448 3874 5518 αὑτῷ
3913 5452 4031 5503 Πα-

2430 5543 2622 5614 τράσιν
2651 5543 2709 5594 ὲν
2740 5544 2841 5611 ῐσῳ
2890 5543 2980 5595 καὶ
3012 5541 3185 5611 ὁμοίῳ
3215 5539 3360 5611 ζήλῳ
3394 5543 3458 5593 ὲκ
3492 5540 3589 5593 τοῦ
3644 5541 3859 5609 [ἰατρὸς
3890 5544 4026 5594 ἀνε-

2429 5635 2663 5704 κήρυξεν
2696 5634 3117 5705 ἐκπορεύεσθαι,
3149 5635 3411 5699 καὶτοὺς,
3443 5634 3562 5685 εῐτι
3596 5632 3724 5687 ἄλλο
3755 5635 3899 5687 κατὰ
3930 5633 4025 5687 λόο

2429 5742 2526 5795 γαν
2557 5727 2830 5801 δᾷγματος
2860 5727 3012 5798 παρά
3063 5730 3164 5797 τὴν
3207 5728 3493 5796 ὁμόψηφον
3544 5727 3635 5780 καὶ
3676 5725 3861 5797 κοινὴν
3911 5727 4027 5782 τῶν
