4214 6448
780 407 885 472 839

1814 409 2019 472 JOAN.
2064 409 2273 470 VECCl
2314 409 2428 470 (ΣΡ.
2470 407 2990 470 ΡΑΤΒῙΑΗΟΗΕ

3940 411 4047 475 810

792 535 1005 579 (torum
1041 523 1287 592 reliquiis
1316 523 1499 593 potius
1533 539 1697 592 qurm
1736 524 1964 593 integris
1997 522 2367 593 (corporibus)

2485 521 2750 592 θεοφιλὴς)
2791 521 3224 591 διαπορουμένῳ,
3250 520 3303 574 τί
3332 521 3530 592 δήποτε
3568 523 3770 591 μᾶλλον
3797 523 3879 595 τῷ
3914 526 4054 596 βρα-

791 615 1181 669 miraculorum
1232 615 1459 667 virtutes
1505 616 1711 676 adsint,
1761 616 2071 684 respondet,
2118 616 2366 683 utrisque

788 722 918 763 sane
945 710 1135 760 adesse
1166 706 1404 759 divinam
1439 705 1696 775 gratiam,
1740 708 1912 774 magis
1943 718 2125 759 autem
2167 720 2368 774 opera-

790 804 989 855 tionem
1041 798 1252 853 ostendi
1289 802 1338 852 in
1399 799 1609 868 exiguis
1666 799 2021 867 reliquiarum
2078 797 2365 861 frustulis;

791 909 917 945 nam
980 892 1046 944 de
1081 890 1305 957 integris
1367 905 1530 944 nemo
1584 891 1831 958 atnbigit,
1883 891 2015 959 quin
2050 898 2365 944 sanctorum

791 985 1005 1034 illorum
1040 982 1167 1041 sint,
1187 997 1422 1049 quorum
1449 972 1727 1045 dicuntur,
1745 990 1799 1034 et
1818 983 1947 1048 quin
1970 981 2368 1050 possintmira-

788 1073 927 1125 culis
960 1087 1184 1124 manare
1207 1072 1406 1124 intuitu
1442 1072 1808 1141 gloriosarum
1856 1074 2165 1126 animarum
2190 1111 2205 1134 ,
2248 1087 2370 1141 quae

790 1163 844 1215 in
875 1162 981 1226 illis
1016 1162 1342 1231 corporibus
1374 1165 1590 1218 labores
1643 1180 1707 1217 ac
1742 1164 2045 1219 certamina
2086 1166 2371 1218 sustinue-

789 1263 951 1318 runt;
986 1269 1095 1305 non
1149 1255 1306 1321 pauci
1332 1264 1514 1309 autem
1573 1255 1935 1310 inﬁrmiorum
1988 1258 2219 1326 exiguas
2248 1256 2370 1310 illas

790 1356 1056 1415 spernunt
1113 1349 1416 1415 particulas
1464 1349 1795 1413 dubitando,
1855 1365 1923 1404 ne
1964 1350 2104 1405 forte
2146 1350 2367 1405 illorum

797 1454 905 1491 non
939 1441 1049 1492 sint
1076 1449 1419 1503 sanctorum,
1440 1454 1678 1507 quorum
1713 1442 2034 1495 nominibus
2064 1442 2373 1509 insigniun-

762 1540 911 1593 ,tnr,
969 1546 1105 1583 neve
1156 1529 1478 1583 sinteadem
1532 1532 1702 1599 gratia
1736 1540 1790 1585 et
1840 1533 2043 1586 virtute
2099 1532 2369 1601 praeditze;

790 1622 997 1675 idcirco
1029 1623 1116 1674 ubi
1163 1622 1391 1675 dubium
1437 1622 1688 1677 obtinere
1723 1623 2032 1687 videbatur,
2076 1623 2148 1676 ibi
2191 1624 2369 1690 potius

789 1727 956 1778 supra
1036 1727 1254 1767 onmem
1312 1729 1462 1783 spem
1509 1714 2057 1783 supersubslantialis
2090 1715 2374 1783 (persona-

790 1803 878 1869 lis)
911 1812 965 1856 et
1011 1804 1374 1860 inexhaustus
1407 1808 1673 1860 bonorum
1719 1804 1843 1860 fons
1886 1806 2137 1860 uberiora
2166 1815 2220 1859 et
2252 1821 2373 1858 ma-

2468 615 2555 682 χεί
2584 613 2693 665 τῶν
2721 614 2895 680 ἁγίων
2921 612 3191 682 λειψάνων
3218 612 3251 683 ἦ
3286 614 3402 676 τοῖς
3429 615 3750 686 ὁλοκλήροις
3778 617 3888 670 τῶν
3919 619 4058 671 θαυ-

2472 706 2657 774 μάτων
2685 707 2942 775 πάρεισιν
2974 707 3031 758 αἱ
3061 705 3340 775 δυνάμεις,
3374 706 3544 776 ἄμφω
3590 708 3692 778 μὲν
3724 709 3878 763 λύσιν
3908 711 4053 763 ἑπά-

2468 814 2553 866 γει
2579 800 2677 869 τῆς
2700 800 2851 862 Θείας
2876 800 3098 869 χάριτος
3123 801 3441 863 ἀπολαύειν,
3469 802 3671 871 μᾶλλον
3693 802 3750 855 δὲ
3771 801 3871 873 τὴν
3892 803 4053 869 ἐνέρ-

2468 905 2625 955 γειαν
2656 888 3065 942 ἐπιδείκνυσθαι
3085 890 3165 959 τῷ
3192 889 3387 960 βραχεῖ
3409 906 3423 920 ·
3454 890 3644 960 ἐπειδὴ
3675 892 3805 961 περὶ
3838 892 3937 960 μὲν
3976 890 4055 959 (1)

2469 981 2581 1033 τῶν
2638 980 2954 1049 ὁλοκλήρων
3008 982 3186 1035 οὐδενὶ
3245 982 3587 1035 διανίσταται
3636 983 3923 1049 λογισμὸς.
3978 984 4055 1053 μὴ

2469 1073 2580 1124 τῶν
2617 1073 2813 1139 ἁγίων,
2847 1067 2924 1126 ὧν
2970 1074 3209 1140 λέγεται,
3242 1068 3405 1137 εἶναι,
3459 1073 3568 1126 οὐδ’
3616 1074 3698 1126 ὅτι
3734 1074 3812 1144 μὴ
3865 1074 4058 1143 βρύειν

2473 1164 2651 1217 ταῦτα
2681 1164 2905 1217 δύναται
2933 1164 3231 1232 θαυμάτων
3263 1165 3559 1236 ἐπιστασίᾳ
3590 1167 3699 1218 τῶν
3723 1166 4059 1219 nimam

2470 1254 2682 1323 ψυχῶν,
2716 1253 2772 1306 αἲ
2801 1257 2914 1317 τοῖς
2944 1255 3052 1308 τῶν
3103 1256 3374 1326 σωμάτων
3424 1256 3822 1327 συνδιήθλησαν
3878 1260 4060 1325 ἀγῶσι

2471 1348 2565 1398 καὶ
2590 1348 2795 1409 πὸνοις
2822 1348 2921 1399 οὐκ
2941 1347 3143 1414 ὀλίγοις
3163 1347 3218 1401 δὲ
3240 1349 3350 1401 τῶν
3366 1349 3761 1419 ἀσθενέστερον
3782 1349 3958 1402 ταῦτα
3982 1350 4059 1419 (Ξ)

2471 1437 2829 1505 διακειμένων
2883 1439 2965 1507 ’τῷ
2997 1438 3284 1507 δισταγμῷ
3314 1439 3374 1491 τὺ
3424 1439 3599 1509 βραχὺ
3633 1440 4058 1509 καθυϐρίζεται,

2472 1528 2666 1595 ὅτιπερ
2723 1528 2896 1593 ἁγίων
2930 1529 3029 1579 οὐκ
3063 1526 3232 1590 ἔστιν,
3291 1527 3386 1595 ἀφ’
3436 1522 3513 1580 ὧν
3542 1528 3930 1596 ὀνομάζονται,
3968 1527 4064 1578 καὶ

2471 1619 2554 1671 ὅτι
2590 1619 2666 1687 μὴ
2696 1619 2796 1688 τῆς
2841 1618 3014 1689 αὐτῆς
3044 1620 3140 1671 καὶ
3182 1617 3366 1671 ταῦτα
3414 1619 3773 1684 καταξιοῦται
3830 1619 4063 1689 χάριτός

2471 1726 2532 1762 τε
2586 1711 2683 1762 καὶ
2718 1710 3121 1779 ὲπιφοιτήσεως
3147 1723 3161 1739 ⁶
3208 1710 3296 1763 διὰ
3329 1709 3487 1763 τοῦτο
3542 1710 3743 1779 μᾶλλον
3775 1712 3834 1761 ὲν
3868 1710 3954 1773 οἷς
4000 1711 4060 1763 τὸ

2475 1799 2775 1869 ἀμφίϐολον
2828 1799 3004 1853 ἐδόκει
3034 1801 3282 1869 κρατεῖν,
3314 1799 3372 1851 ὲν
3396 1800 3625 1862 ἐκείνοις
3674 1802 3813 1869 ὑπὲρ
3864 1801 4059 1853 ἐλπίδα

788 1896 904 1965 jura
932 1895 1158 1950 elinndit
1192 1898 1481 1952 miracula.
1508 1898 1830 1952 Prtedictam
1869 1898 2036 1968 igitur
2070 1898 2370 1953 dubitatio-

2485 1892 2659 1945 πᾶσαν
2684 1891 2764 1960 τῷ
2795 1908 2855 1943 τε
2884 1889 3085 1961 πλήθει
3119 1891 3221 1944 καὶ
3250 1891 3469 1961 μεγέθει
3494 1893 3526 1963 ἡ
3556 1893 3934 1973 ἐνυπόσταςεας
3968 1894 4063 1946 καὶ

790 2004 916 2042 nem
960 1991 1117 2051 alter,
1155 2001 1213 2043 ut
1245 1991 1379 2054 dixi,
1428 1989 1618 2044 Latina
1652 1990 1856 2060 lingua,
1901 1992 2040 2045 alter
2074 1990 2261 2045 Graeca
2290 1991 2371 2051 in-

2485 1982 2749 2044 ὰκένωτος
2798 1982 2951 2053 πηγὴ
2982 1982 3095 2034 τῶν
3148 1981 3375 2049 ἀγαθῶν
3410 1982 3493 2046 είς
3546 1984 3608 2035 τὸ
3669 1982 4063 2054 δαψιλέστερον

789 2082 1205 2148 terpretatiune,
1254 2082 1440 2135 multis
1473 2097 1694 2150 quoque
1719 2081 1844 2137 aliis
1888 2082 2149 2137 exhibitis
2199 2082 2372 2150 expli-

2485 2071 2714 2141 πηγάζει
2747 2071 2818 2125 τὰ
2875 2072 3152 2142 θαύματα.
3206 2070 3319 2142 Τὴν
3350 2068 3446 2125 οὖν
3487 2074 3786 2143 εἰρημένην
3821 2075 4064 2144 ἀπορίαν

789 2173 1101 2227 cationibus
1161 2174 1253 2226 ubi
1311 2174 1611 2237 solverunt,
1670 2173 1784 2229 haec
1821 2174 1988 2228 verba
2041 2175 2203 2244 paulo
2251 2184 2373 2244 post

2485 2166 2506 2217 δ
2534 2166 2651 2234 μὲν,
2702 2163 2778 2228 ὠς
2811 2164 2983 2236 ἔφθην
3016 2164 3210 2233 εἰπὼν,
3238 2166 3506 2229 Δατινίδι,
3551 2172 3579 2221 ὁ
3610 2168 3665 2220 δὲ
3699 2167 3767 2220 δι’
3812 2163 4068 2237 Ἐλληνί-

793 2263 1083 2318 subdunt:
1121 2264 1428 2318 Ρανοοιὶιηε
1490 2265 1721 2336 Spiritus
1754 2282 1788 2320 a
1838 2266 2007 2321 Patre
2044 2267 2278 2334 procedit
2323 2275 2374 2320 et

2485 2257 2568 2320 δος
2598 2256 2900 2327 ἑρμηνείας
2960 2258 3099 2327 μετὰ
3156 2259 3253 2311 καὶ
3314 2258 3527 2312 πολλῶν
3592 2261 3770 2315 ἄλλων
3798 2263 4064 2333 προδιευ-

790 2355 844 2414 in
882 2353 1024 2408 Filio
1053 2367 1347 2424 permanet.

869 2632 957 2689 85.
1020 2632 1243 2687 Sacram
1298 2633 1440 2690 hanc
1481 2634 1788 2689 doctrinam
1844 2634 2084 2691 Joannes
2134 2636 2376 2708 Baptista

797 2729 1010 2795 primus
1070 2729 1122 2780 in
1158 2729 1272 2795 lege
1320 2730 1515 2795 gratiae
1566 2729 1901 2794 declaravit,
1965 2729 2033 2783 ab
2080 2729 2199 2797 ipso
2247 2746 2379 2785 vero

798 2820 1037 2873 tidelitnn
1091 2819 1385 2873 multitudo
1437 2819 1623 2873 bausit
1659 2833 1711 2875 et
1769 2820 1902 2877 ﬁdes
1959 2823 2225 2877 catholica
2257 2839 2383 2893 per-

798 2920 959 2979 petuo
990 2910 1044 2963 in
1078 2926 1142 2964 ea
1174 2911 1460 2978 gloriatur.
1510 2912 1724 2966 Etenim
1755 2914 1844 2968 ille
1875 2918 2037 2969 homo
2090 2931 2381 2985 propemo-

795 3003 922 3055 dum
958 3005 1398 3071 superhumanus
1435 3003 1636 3077 fontem
1665 3006 1790 3059 vita:
1852 3015 2015 3075 atque
2056 3008 2382 3063 immortali—

798 3096 946 3157 tatis,
980 3094 1296 3157 Dominum,
1339 3095 1578 3148 universi
1612 3097 1761 3152 orbis
1795 3098 2133 3153 conditorem
2162 3101 2381 3154 mundi-

797 3186 902 3253 q'ue
929 3185 1263 3252 expiatorem
1309 3184 1472 3237 undis
1522 3185 1781 3240 Jordanis
1844 3187 2131 3257 baptizans
2187 3190 2384 3243 caelos-

798 3291 905 3346 que
959 3285 1179 3344 apertos
1227 3276 1445 3330 intuens
1488 3317 1504 3339 ,
1560 3278 1865 3347 prodigium
1934 3281 2198 3348 prodigiis
2228 3295 2373 3335 com-

800 3370 1108 3438 probatum,
1142 3369 1194 3421 in
1236 3369 1415 3437 specie
1454 3370 1727 3424 columba:
1756 3372 2165 3426 sanctissimum
2209 3372 2382 3442 Spiri-

803 3470 914 3512 tum
941 3459 1365 3513 descendentem
1402 3460 1576 3525 vidit;
1619 3462 1801 3515 emisit
1827 3470 2006 3517 autem
2040 3478 2228 3518 vocem
2254 3478 2379 3517 vera

802 3549 962 3603 Verbi
1002 3563 1126 3611 vox,
1156 3548 1285 3601 dum
1321 3549 1435 3602 haec
1461 3558 1713 3617 portenta
1745 3550 1878 3602 vidit
1915 3568 1928 3601 :
1963 3548 2080 3602 Vidi
2114 3549 2378 3619 Spiritum

802 3628 1059 3710 tanquam
1090 3638 1389 3691 columbam
1440 3639 1837 3692 descendentem
1866 3648 1926 3708 et.
1954 3651 2254 3694 manentem
2284 3657 2379 3694 su-

802 3750 893 3802 per
928 3736 1120 3800 ipsum.
1159 3732 1340 3785 Manet
1367 3733 1532 3800 igitur
1558 3733 1897 3786 descendens
1939 3747 1970 3785 a
2020 3734 2177 3788 Patre
2206 3734 2382 3802 Spiri-

805 3839 892 3880 tus
915 3840 1078 3891 super
1104 3822 1330 3885 Filium,
1384 3824 1467 3876 vel
1520 3824 1567 3877 si
1611 3824 1805 3887 mavis,
1841 3823 1895 3876 in
1940 3822 2124 3890 Filio;
2177 3826 2381 3879 nullam

804 3918 946 3971 enim
982 3917 1085 3970 hoc
1113 3918 1235 3969 loco
1263 3915 1582 3969 varietatem
1615 3914 1920 3968 diﬂerentia
1956 3930 2184 3969 casuum
2219 3915 2382 3969 indu-

803 4010 901 4065 cit.
933 4008 991 4061 Et
1023 4008 1197 4063 Isaias
1232 4009 1493 4077 propheta
1548 4009 1766 4061 cmlitus
1814 4007 2011 4060 similia
2058 4007 2142 4061 his
2195 4007 2386 4060 vatici-

809 4116 944 4153 nans
982 4109 1038 4153 et
1068 4099 1386 4153 vaticinium
1439 4098 1493 4151 in
1545 4098 1746 4153 Christi
1782 4113 2069 4168 personam
2122 4098 2381 4163 referens,

807 4192 1038 4260 Spiritus
1077 4192 1313 4255 Domini,
1342 4194 1539 4261 inquit,
1575 4210 1730 4259 super
1762 4209 1861 4257 me,
1901 4210 1959 4247 eo
1996 4192 2133 4262 quod
2165 4192 2381 4244 unxerit

809 4286 1069 4339 Dominus
1111 4302 1211 4339 me.
1238 4286 1451 4340 Audisti
1482 4285 1782 4353 aliquando
1832 4286 2069 4353 inclytus
2103 4284 2225 4337 illos
2252 4281 2387 4337 Gre-

810 4381 1023 4450 gurium
1057 4389 1109 4433 et
1131 4378 1449 4432 Zachariam
1490 4378 1570 4445 (lii
1602 4377 1748 4431 enim
1797 4376 1985 4431 l'orsan
2020 4377 2195 4445 magis
2224 4384 2387 4429 erunt

813 4471 1043 4540 appositi
1100 4482 1205 4524 tuze
1264 4470 1610 4539 impudentia
1675 4470 1729 4523 in
1792 4470 2175 4525 verecundiam
2225 4468 2385 4522 resti-

814 4564 1079 4630 tuendai),
1119 4564 1342 4627 audisti,
1393 4564 1638 4631 inquam,
1673 4561 1798 4616 illos
1845 4573 2176 4627 asserentes,
2213 4559 2387 4629 Spiri-

818 4664 929 4708 tnnt
962 4655 1014 4707 itt
1040 4653 1183 4708 Filio
1215 4670 1470 4718 manere;
1502 4664 1557 4706 et
1578 4653 1853 4721 quomodo
1888 4667 1996 4705 non
2044 4652 2169 4705 inde
2201 4650 2387 4705 confe-

818 4750 943 4802 stim
981 4750 1047 4802 ad
1079 4746 1232 4801 Pauli
1260 4746 1628 4816 commigrasti
1664 4759 1872 4809 vocem,
1908 4759 2020 4813 quo
2065 4744 2199 4797 dicit
2226 4742 2398 4811 Spiri-

821 4850 928 4892 tum
951 4837 1081 4892 Filii
1104 4842 1187 4893 sui
1209 4840 1413 4895 2Cerle
1434 4840 1553 4893 loco
1577 4839 1860 4907 ellingendi
1886 4848 2249 4892 monstrosam
2279 4852 2399 4906 pro-

819 4934 1121 4986 ccssionem
1158 4932 1311 4985 facile
1359 4932 1717 4985 iutellexisscs
1769 4930 1962 4984 merito
1985 4929 2094 4983 dici
2132 4928 2396 4998 Spiritum

824 5024 965 5088 Filii,
996 5024 1252 5093 quoniam
1284 5024 1517 5091 Spiritus
1537 5031 1720 5076 ntanet
1750 5021 1803 5075 in
1832 5020 1990 5075 Filio.
2019 5020 2230 5075 Mausio
2250 5021 2396 5075 enim

821 5117 1055 5185 Spiritus
1092 5116 1144 5168 iu
1184 5114 1322 5168 Filio
1357 5130 1519 5167 causa
1585 5128 1693 5166 non
1746 5114 1958 5166 occulta
2015 5127 2115 5166 nec
2169 5110 2398 5164 nimium

820 5209 1067 5262 abstrusa
1124 5206 1307 5269 fuerit,
1363 5221 1461 5260 cur
1515 5206 1732 5259 dicatur
1793 5206 2037 5273 Spiritus
2078 5204 2218 5257 Filii.
2258 5202 2439 5267 Quid.

824 5319 1060 5369 namque
1086 5302 1309 5370 propius
1341 5300 1747 5367 intelligendum
1781 5299 2010 5353 exhibet
2068 5299 2227 5354 illud.
2256 5299 2403 5364 Apo-

823 5394 1365 5453 SIolitestiuiuniunt,
1423 5391 1684 5459 Spiritum
1738 5407 1962 5445 manere
2013 5392 2067 5444 in
2100 5388 2276 5453 Filio,
2331 5405 2397 5443 ac

830 5485 1122 5553 procedere
1176 5498 1204 5535 a
1227 5483 1361 5535 Fui-.0
1392 5483 1414 5535 ?
1447 5482 1559 5535 lino
1592 5493 1644 5536 et
1706 5483 1820 5536 haec
1874 5483 1989 5551 ipsa
2032 5485 2397 5548 comportatio

900 5640 973 5704 (ἱ)
1000 5642 1111 5693 Μὲν
1144 5642 1317 5695 omitt.
1352 5642 1468 5698 Cui.

901 5714 974 5779 ῃ)
1003 5712 1133 5778 Περὶ
1167 5714 1337 5765 ταῦτα
1356 5714 1483 5781 legit
1511 5717 1625 5772 Col.

901 5782 979 5849 (⁸5)
1033 5782 1167 5834 huta
1214 5790 1525 5853 niarginalis
1583 5791 1703 5843 cod.
1751 5788 2009 5854 Laurent.
2063 5784 2262 5851 Ἕτερα
2286 5781 2403 5834 ἀνθ’

832 5854 1038 5921 ἑτέρων
1087 5858 1434 5909 παντάπασιν
1494 5858 1744 5930 φθέγγῃο
1799 5861 1895 5928 οὐχ
1943 5857 2085 5911 οὕτω
2128 5871 2237 5923 γαρ
2288 5856 2404 5906 ἐκιί

2480 2350 2852 2421 κρινηθέντων
2897 2350 3291 2420 έπιλυσάμενος
3352 2346 3455 2406 ὧδέ
3515 2371 3634 2417 πως
3693 2355 3813 2425 μετ’
3878 2356 4065 2423 ὀλίγον

2473 2444 2677 2510 ἐπάγει
2705 2458 2719 2472 ⁸
2775 2442 2847 2496 Τὸ
2902 2443 3303 2511 Παράκλητον
3365 2446 3609 2515 Πνεῦμα
3667 2448 3776 2503 τοῦ
3822 2448 4068 2516 Πατρός

2480 2534 2832 2604 προέρχεται
2855 2537 2950 2588 καὶ
2978 2535 3047 2588 ἑν
3072 2535 3151 2601 τῷ
3178 2536 3288 2602 Υἱῴ
3316 2537 3578 2607 διαμένει
3603 2541 3700 2610 (5).

2564 2634 2670 2681 πε¹.
2700 2626 2920 2695 Ταύτην
2949 2628 3049 2697 τὴν
3082 2629 3383 2698 ίερολογίαν
3412 2634 3440 2684 ὁ
3473 2632 3782 2702 πρόδρομος
3812 2633 3915 2701 μὲν
3958 2634 4069 2687 τῶν

2486 2720 2545 2773 ὲν
2592 2722 2661 2790 τῇ
2696 2719 2879 2790 χάριτι
2910 2720 3127 2790 πρῶτος
3166 2722 3377 2785 ἀνεῖπε,
3432 2722 3545 2775 τῶν
3571 2723 3783 2777 πιστῶν
3835 2725 3895 2777 δὲ
3931 2728 4071 2796 παρ’

2485 2810 2653 2864 αὑτοῦ
2681 2811 2745 2863 τὸ
2788 2811 2991 2881 πλῆθος
3027 2812 3263 2882 ἐμυήθη,
3294 2813 3387 2866 καὶ
3421 2815 3452 2883 ἡ
3484 2813 3735 2867 εὐσέϐεια
3766 2815 4071 2879 διαπαντὸς

2485 2905 2677 2974 ὁρᾶται
2711 2906 2886 2975 ταύτῃ
2909 2905 3361 2975 λαμπρυνομένη.
3399 2909 3509 2960 Καὶ
3541 2909 3648 2978 γὰρ
3682 2911 3892 2969 ἐκεῖνος
3919 2913 3947 2964 ὁ
3980 2929 4072 2979 μι-

2488 2998 2619 3069 κροῦ
2650 2997 2755 3051 δέω
2776 2998 2939 3067 φάναι
2967 2999 3108 3067 ὑπὲρ
3132 3000 3419 3068 ἄνθρωπον
3446 3001 3733 3070 ἄνθρωπος
3750 3002 3851 3072 τὴν
3880 3005 4072 3073 πηγὴν

2485 3091 2588 3156 τῆς
2619 3089 2764 3158 ζωῆς
2794 3090 2889 3142 καὶ
2914 3092 3013 3159 τῆς
3038 3091 3360 3155 ἀθανασίας,
3393 3092 3483 3145 τὸν
3512 3092 3605 3147 τοῦ
3631 3094 3829 3158 παντὸς
3850 3098 4073 3148 Δεσπό-

2493 3199 2592 3251 την
2625 3182 2721 3235 καὶ
2750 3185 3130 3250 Δημιουργὺν,
3157 3184 3216 3234 τὸ
3251 3184 3347 3236 τοῦ
3388 3186 3595 3251 κόσμου
3622 3187 3925 3258 καθάρσιον
3960 3193 4074 3260 ῥεῖ-

2487 3272 2638 3341 θροις
2672 3274 2949 3344 βαπτίζων
2990 3275 3255 3344 Ἰορδάνου
3294 3279 3388 3329 καὶ
3437 3280 3563 3341 τοὺς
3611 3280 3880 3349 οὐρανοὺς
3924 3284 4075 3354 ὁρῶν

2485 3368 2887 3437 ἀνεῳγμένους,
2945 3367 3134 3435 θαῦμα
3194 3368 3438 3437 θαύμασι
3489 3374 3973 3443 μαρτυρούμενον,
4014 3381 4074 3429 ὲν

2487 3460 2618 3511 εῖδει
2651 3460 2753 3529 μὲν
2788 3462 3123 3529 περιστερᾶς
3177 3461 3239 3513 τὸ
3280 3462 3551 3531 πανὰγιον
3585 3464 3813 3522 Πνεῦμα
3860 3484 4074 3538 καταρ-

2490 3551 2725 3619 χύμενον
2757 3550 3022 3602 ἐθεάσατο
3045 3567 3057 3579 ”
3092 3553 3274 3620 ἀφῆκε
3322 3554 3381 3605 δὲ
3431 3557 3615 3624 φωνὴν
3651 3558 3679 3626 ἡ
3720 3557 3941 3625 ἀληθῶς
3974 3562 4074 3613 τοῦ

2490 3644 2665 3710 Λόγου
2723 3643 2875 3712 φωνὴ
2923 3660 2979 3694 ev
3038 3643 3114 3712 τῷ
3163 3645 3296 3713 ὁρᾶν
3346 3645 3416 3698 τὰ
3469 3648 3671 3701 ἀθέατα
3703 3664 3717 3679 ο
3778 3647 3969 3704 Εἶδον
4007 3654 4075 3705 τὸ

2487 3733 2739 3803 Πνεῦμα
2768 3735 3135 3790 καταϐαῖνον
3157 3737 3299 3789 ὡσεὶ
3346 3741 3704 3807 περιστερὰν
3751 3744 3849 3795 καὶ
3879 3745 4080 3812 μένον

2488 3828 2582 3882 ἐπ’
2610 3829 2818 3882 αὐτόν.
2854 3829 3023 3881 Μένει
3058 3829 3239 3882 τοίνυν
3270 3832 3601 3885 καταϐαῖνον
3653 3834 3762 3886 ἀπὸ
3797 3834 3898 3888 τοῦ
3959 3840 4075 3889 Ha-

2488 3922 2617 3991 τρὸς
2653 3921 2712 3974 τὸ
2750 3924 2974 3990 Πνεῦμα
3002 3923 3097 3975 ἐπὶ
3140 3922 3235 3975 τὸν
3280 3923 3407 3975 Υίὸν
3441 3940 3456 3954 ·
3497 3924 3545 3975 εί
3599 3925 3777 3993 βούλει
3831 3926 3915 3989 δὲ,
3980 3931 4079 3981 καὶ

2490 4014 2547 4063 ὲν
2576 4011 2656 4081 τῷ
2708 4012 2857 4081 Υίῷῖο
2899 4012 3157 4082 οὐδεμίαν
3202 4011 3311 4083 γὰρ
3357 4012 3592 4066 ἐνταῦθα
3641 4016 4012 4088 παραλλαγὴν
4040 4021 4073 4087 ἡ

2488 4106 2600 4157 τῶν
2642 4105 2904 4157 πτώσεων
2943 4108 3156 4172 εἰσάγει
3188 4107 3447 4177 διαφορά.
3481 4108 3587 4159 Καὶ
3622 4110 3648 4160 ὁ
3679 4111 3977 4180 προφήτης
4019 4112 4079 4164 δὲ

2507 4198 2736 4261 Ἡσαΐας
2775 4199 2983 4251 ἀνωθεν
3024 4200 3092 4251 τὰ
3144 4201 3502 4270 παραπλήσια
3534 4202 3939 4271 χρησμολογῶν
3978 4206 4081 4258 καὶ

2490 4292 2584 4342 τὸν
2637 4291 2889 4360 χρησμὸν
2942 4295 3021 4353 εὶς
3084 4292 3379 4360 πρόσωπον
3426 4293 3721 4361 ὀναφέρων
3776 4295 4029 4363 Χριστοῦ
4062 4314 4077 4328 ⁸

2493 4382 2736 4450 Πνεῦμα
2790 4384 3035 4450 Κυρίου,
3099 4385 3288 4451 φησὶν,
3341 4383 3436 4436 ἐπ’
3488 4384 3629 4453 ἐμέο
3699 4381 3770 4440 οὖ
3834 4388 4081 4442 εἵνεκεν

2493 4472 2702 4541 ἔχρισέ
2752 4490 2851 4541 με.
2910 4472 3191 4535 Ἤκουσας
3245 4491 3376 4527 ποτε
3409 4474 3521 4527 τῶν
3556 4475 3785 4528 κλεινῶν
3839 4479 4077 4532 ἐκείνων

2417 4594 2467 4652 D
2497 4564 2798 4633 Γρηγορέου
2838 4563 2870 4632 ἢ
2908 4563 3179 4633 Ζαχαρίου
3214 4564 3374 4634 (τάχα
3410 4566 3520 4633 γάρ
3553 4583 3648 4618 σου
3686 4565 3892 4636 μᾶλλον
3929 4564 4082 4622 οὗτοι

2496 4656 2556 4706 τὸ
2581 4653 2799 4715 ἀναιδὲς
2828 4652 3137 4706 διαλύουσιν
3188 4656 3266 4716 είς
3307 4654 3461 4721 αίδὼ)
3487 4670 3499 4683 ·
3533 4655 3774 4724 ἤκουσας
3804 4657 4085 4725 λεγόντων

2500 4744 2680 4796 αὐτῶν
2708 4761 2721 4773 ·
2757 4745 2829 4796 Τὸ
2869 4745 3092 4814 Πνεῦμα
3119 4746 3177 4795 ἐν
3207 4745 3284 4814 τῷ
3325 4745 3437 4814 Υἱῷ
3466 4748 3660 4816 μένει·
3695 4748 3791 4799 καὶ
3825 4750 3949 4808 πῶς
3982 4752 4084 4803 εύ-

2500 4836 2595 4897 θὺς
2625 4836 2727 4888 οὐκ
2757 4837 3056 4904 ἀνέδραμες
3094 4837 3306 4889 ἐκεῖθεν
3339 4838 3418 4900 είς
3452 4838 3554 4909 τὴν
3580 4838 3677 4890 τοῦ
3709 4840 3929 4893 Παύλου
3963 4861 4085 4911 φω-

2502 4928 2617 4997 νὴν,
2655 4928 2721 4980 δι’
2747 4924 2816 4997 ἦς
2855 4944 3009 4996 φησι,
3050 4928 3120 4981 Τὸ
3159 4928 3403 4997 Πνεῦμα
3438 4930 3549 4983 τοῦ
3580 4930 3719 4985 Υίοῦ
3745 4932 3961 4995 αὑτοῦ,
3984 4938 4087 4987 καὶ

2500 5022 2622 5072 ἀντὶ
2655 5021 2747 5074 τοῦ
2785 5021 3167 5089 τερατολογεῖν
3203 5021 3301 5091 τὴν
3328 5023 3658 5091 ὲκπόρευσιν
3678 5024 3969 5094 διινέστης
3998 5028 4087 5088 εἰς

2502 5112 2561 5164 τδ
2592 5114 2754 5175 νο;ῖν,
2785 5111 2857 5173 ὡς
2897 5113 3017 5162 ἐπεὶ
3049 5113 3111 5163 τὸ
3144 5110 3369 5177 Πνεῦμα
3402 5113 3555 5180 μένει
3596 5114 3654 5164 ὲν
3699 5113 3780 5182 τῷ
3828 5114 3971 5181 Υἱῷ,
4001 5119 4085 5166 εἰ-

2505 5201 2682 5262 κότως
2718 5201 2786 5253 ἂν
2814 5200 3029 5266 λέγοιτο
3058 5202 3119 5251 τὸ
3152 5201 3374 5270 Πνεῦμα
3416 5202 3511 5254 τοῦ
3561 5202 3688 5255 Υἱοῦ
3716 5220 3729 5268 ;
3778 5203 3840 5255 'li
3872 5205 3990 5274 γὰρ
4027 5206 4088 5255 ἐν

2503 5293 2579 5362 τῷ
2610 5293 2721 5361 Υἱῴ
2754 5293 2849 5344 τοῦ
2884 5293 3198 5361 Πνεῦμα-τος
3236 5298 3369 5364 μονὴ
3424 5294 3574 5347 αἰτία
3624 5294 3691 5347 ἂν
3719 5295 3822 5348 οὐκ
3862 5298 4088 5364 ἀφανὴς

2504 5388 2591 5453 εἴη
2626 5388 2745 5438 οὐδὲ
2782 5388 2871 5439 διὰ
2908 5386 3027 5454 βίας
3060 5386 3272 5443 ἄγουσα
3300 5388 3434 5456 πρὸς
3461 5386 3634 5438 πειθὼ
3661 5388 3751 5438 διὰ
3766 5388 3820 5437 τί
3855 5386 4088 5453 λέγεται

2504 5479 2565 5531 τὸ
2599 5478 2820 5546 Πνεῦμα
2852 5479 2946 5530 τοῦ
2979 5479 3106 5530 Υίοῦ
3130 5496 3144 5509 ο
3184 5481 3337 5531 ποῖον
3398 5480 3504 5550 γὰρ
3540 5480 3837 5546 ἐγγύτερον
3874 5479 3918 5548 ἡ
3943 5480 4087 5529 απο-

2508 5640 2734 5703 κεῖνται,
2798 5638 2931 5690 ἀλλὰ
2990 5637 3288 5707 διαῤῥήδην
3327 5638 3477 5698 οὗτός
3511 5653 3677 5705 φησιν
3703 5638 3731 5687 ὁ
3760 5636 4091 5706 Γρηγέριος,

2505 5712 2568 5759 ἐκ
2601 5710 2809 5779 Πατρδς
2830 5710 2921 5760 καὶ
2946 5709 3072 5760 Tim)
3098 5711 3173 5779 to?
3192 5709 3412 5779 Πνεῦμα
3440 5707 3839 5776 ἐκπορεύεσθαι
3873 5707 4091 5779 λέξεσιν

2510 5774 2830 5842 αὑταῖςξκαὶ
2851 5786 3055 5831 sissent
3072 5782 3099 5831 ὁ
3126 5778 3189 5830 τὰ
3207 5774 3485 5847 Ῥωμαϊκὰ
3507 5774 3903 5843 ἀναγινώσκειν
3930 5774 4092 5828 δινσε.-

2513 5867 2668 5920 μενος
2696 5852 3021 5922 γράμματα.
