4214 6448
754 345 860 410 8η

1805 342 2013 404 JOAN.
2054 338 2266 404 VECCI
2313 340 2403 400 (‘P
2466 340 2973 403 PATRIARCHiE

3919 338 4037 399 848

754 461 884 519 bolo
910 460 1116 532 absque
1147 460 1518 517 additamento
1546 460 1774 517 recitato
1811 460 2135 523 sensissent,
2157 458 2326 527 ipsum

2446 457 2580 512 αὐτό
2603 476 2662 512 τε
2695 460 2754 513 τὸ
2778 461 2898 530 δίχα
2927 460 3029 530 τῆς
3064 457 3385 529 προσθήκης
3425 455 3786 527 κατήργησιν
3816 452 3885 505 ἂν
3912 454 4019 503 καί

759 554 863 607 lioc
910 553 1220 622 symbolum
1278 552 1485 621 absque
1543 552 1915 607 additamento
1974 551 2333 605 sustulissent

756 654 922 714 atque
976 645 1030 697 in
1083 642 1503 712 Evangeliorum
1569 657 1792 713 quoque
1856 642 2047 697 codice
2095 642 2333 710 adjicere

760 734 893 788 illud
920 731 1168 798 Filioque
1203 734 1426 789 minime
1449 732 1815 789 dubitassent.
1862 731 2020 788 Nunc
2044 746 2172 787 vero
2199 747 2335 800 quo-

757 826 904 880 niam
938 839 968 881 a
998 824 1178 881 Leone
1201 836 1256 882 et
1275 825 1534 894 deinceps
1573 841 1602 879 a
1627 825 1872 880 Romana
1900 824 2140 881 Ecclesia
2192 823 2333 878 nihil

760 918 985 975 differre
1028 918 1303 982 censebat,
1349 917 1513 973 modo
1555 933 1620 973 ex
1647 916 1807 973 Patre
1851 917 2036 972 dicere
2069 915 2331 984 Spiritum

761 1018 1013 1065 sanctum
1049 1018 1107 1063 et
1137 1009 1257 1078 ejus
1285 1008 1617 1078 principium
1647 1008 1896 1078 principii
1926 1021 2123 1077 expers
2158 1006 2332 1075 signi-

758 1099 943 1162 ﬁcare,
967 1099 1131 1153 modo
1152 1112 1283 1153 vero
1317 1115 1379 1153 ex
1421 1098 1581 1153 Patre
1632 1114 1728 1166 per
1761 1098 1955 1151 Filium
1992 1107 2045 1152 et
2074 1111 2333 1167 progres-

758 1191 928 1244 sionis
952 1190 1328 1245 diversitatem
1358 1191 1686 1260 exprimere,
1715 1188 2065 1243 manifestum
2084 1198 2185 1254 est,
2209 1203 2329 1242 eam

758 1282 987 1335 recitare
1023 1280 1154 1334 illud
1193 1276 1359 1334 modo
1383 1280 1546 1334 simul
1577 1294 1702 1334 cum
1742 1277 1904 1333 Patre
1937 1278 2329 1347 intelligentem

756 1373 980 1436 Filium,
1029 1372 1159 1427 licet
1189 1371 1278 1426 hic
1312 1386 1419 1425 non
1465 1370 1537 1427 sit
1574 1369 1737 1424 simul
1774 1370 2113 1433 enuntiatus,
2170 1368 2332 1423 modo

756 1466 843 1520 sin
870 1465 923 1519 ul
948 1479 1072 1519 cum
1105 1462 1262 1518 Patre
1293 1462 1457 1516 simul
1480 1461 1856 1516 enuntiantem
1891 1459 2112 1524 Filium,
2146 1468 2332 1529 utpote

752 1554 921 1608 etiam
977 1552 1141 1608 simul
1190 1551 1547 1607 intellectum.
1582 1550 1696 1606 lloc
1738 1566 1974 1621 namque
2037 1550 2332 1605 manifeste

752 1656 895 1709 erat,
912 1643 1057 1713 quod
1080 1640 1319 1698 Leonem
1342 1642 1571 1713 ejusque
1586 1657 1960 1698 successorem
1976 1641 2328 1697 Benedictum

752 1734 944 1798 movit,
997 1743 1057 1786 ut
1106 1733 1414 1803 symbolum
1470 1731 1659 1786 Graece
1723 1732 1939 1787 recitari
1986 1746 2015 1785 a
2068 1729 2330 1787 Romanis

2436 549 2544 602 οὐδ’
2577 551 2635 603 ὲν
2667 552 2732 620 τῇ
2782 550 3117 621 εὐαγγελικῇ
3156 550 3223 603 ἂν
3257 548 3578 620 προσθεῖυεαι
3625 546 3809 613 πυξέδι
3850 542 4025 598 ἀπώ-

2438 656 2641 709 κνησαν
2673 640 2768 693 καὶ
2797 642 2856 693 τὸ
2882 641 2950 694 ἐκ
2980 642 3088 695 τοῦ
3116 640 3272 695 Υιοῦ.
3293 639 3408 693 Νῦν
3434 640 3478 692 δ’
3497 640 3578 695 ὃτι
3606 639 3713 690 ἀπὸ
3734 638 3829 690 τοῦ
3848 637 4032 688 Λέον-

2433 750 2526 795 τος
2544 732 2640 786 καὶ
2667 731 2865 802 ἐφεξῆς
2897 732 3048 784 οὐδὲν
3078 732 3339 802 διαφέρον
3366 732 3398 801 ὴ
3440 729 3733 799 Ῥωμαῖκὴ
3773 728 4028 795 Ἐκκλη-

2438 824 2527 875 σία
2563 823 2776 895 ἡγεῖται
2807 822 2866 874 τὸ
2898 822 2992 876 νῦν
3016 823 3117 892 μὲν
3150 824 3213 875 ἐκ
3245 822 3455 893 [ἰατρὸς
3491 821 3551 874 τὸ
3580 819 3808 888 Πνεῦμα
3838 821 4029 870 εἰπεῖν

2435 914 2529 967 καὶ
2553 914 2655 985 τὴν
2695 914 2929 984 ἄναρχον
2970 916 3136 969 αὐτοῦ
3171 916 3354 969 αἰτίαν
3410 915 3677 986 δηλῶσαι,
3725 912 3822 966 νῦν
3864 913 3923 965 δὲ
3960 914 4029 963 ἐκ

2436 1007 2650 1077 Πατρὸς
2677 1006 2745 1060 δι’
2772 1007 2904 1060 Υἱοῦ
2931 1009 3026 1060 καὶ
3052 1009 3114 1060 τὸ
3148 1010 3246 1078 τῆς
3278 1009 3506 1077 προόδου
3534 1007 3776 1077 δηλῶσαι
3829 1005 4031 1071 διάξο-

2453 1114 2565 1166 ρον,
2598 1098 2865 1168 πρόδηλόν
2892 1100 3006 1151 ἑστι
3042 1099 3104 1151 τὸ
3136 1099 3233 1167 μὲν
3261 1098 3662 1167 ἀναγινώσκειν
3687 1097 3862 1168 αὐτὴν
3891 1114 3993 1149 συν
4013 1123 4029 1134 ο

2438 1190 2766 1243 επινοοῦσαν
2824 1192 2904 1261 τῷ
2932 1192 3109 1261 [largi
3136 1192 3228 1245 τὸν
3256 1192 3385 1246 Υἱὺν
3429 1193 3505 1261 μὴ
3549 1190 4028 1259 συνεκφωνούμε-

2434 1298 2544 1344 νον,
2570 1279 2632 1333 τὸ
2678 1281 2736 1332 δὲ
2771 1282 3228 1350 συνεκφωνοῦσαν
3270 1283 3349 1353 τῷ
3396 1283 3574 1352 [lupi
3610 1282 3703 1334 τὸν
3750 1282 3889 1334 rm
3924 1282 4029 1335 an

2433 1374 2529 1425 καὶ
2561 1373 3047 1444 συνεπινοούμενον
3072 1391 3087 1406 ο
3135 1374 3297 1428 τοῦτο
3328 1375 3439 1443 γάρ
3475 1376 3592 1427 ἐστι
3638 1375 3964 1444 προψανῶς,
3995 1374 4029 1422 ὃ

2433 1467 2530 1519 καὶ
2561 1467 2768 1520 Λέοντα
2795 1470 2890 1520 καὶ
2946 1468 3261 1521 Βενέδικτον
3286 1468 3375 1522 τὸν
3403 1468 3613 1521 ἐκείνου
3640 1467 3887 1535 διάδοχον
3918 1466 4029 1518 πέ-

2434 1575 2618 1625 πεικε,
2689 1559 2781 1611 καὶ
2815 1558 2936 1612 καθ’
2981 1559 3271 1628 Ἑλληνίδα
3311 1559 3673 1629 παραδιδόναι
3708 1561 3823 1621 τοῖς
3883 1558 4030 1609 Ῥωο

2438 1652 2619 1718 μαίοις
2648 1650 3046 1720 ἀναγινώσκειν
3074 1652 3136 1704 τὸ
3167 1652 3437 1720 σύμϐολον
3459 1650 3555 1704 καὶ
3585 1652 3647 1703 τδ
3680 1651 3822 1703 κατὰ
3846 1651 4030 1701 Λατι-

2435 1744 2552 1795 vid:
2583 1744 2658 1814 μὴ
2685 1748 2981 1816 καταργείν
2998 1746 3098 1815 (ι).
3128 1746 3333 1809 Ψεῦδος
3356 1746 3466 1815 γάρ
3487 1746 3602 1796 ἐστι
3630 1745 3688 1796 τὸ
3712 1744 3875 1799 ἄλλον
3897 1744 4028 1795 τιιὰ

752 1825 1072 1893 prmcipcret
1129 1832 1182 1877 et
1239 1831 1415 1876 tamen
1461 1820 1715 1875 Latinum
1770 1821 2079 1891 symbolum
2131 1836 2236 1876 non
2292 1837 2323 1876 e

2435 1835 2551 1904 μετ’
2581 1836 2821 1900 ἐκείνους
2850 1838 3113 1908 ἀρχιερέα
3134 1838 3194 1890 τὸ
3219 1838 3384 1907 ῥηθὲν
3407 1837 3565 1891 τοῦτο
3592 1836 4031 1903 θεοσεϐέστατον

753 1918 936 1973 medio
963 1917 1197 1971 tolleret.
1231 1914 1572 1970 Mendacium
1619 1914 1764 1969 enim
1804 1922 1911 1982 est,
1935 1915 2102 1969 alium
2133 1931 2329 1986 quem-

749 2008 895 2080 piam
928 2018 1054 2079 post
1097 2008 1234 2063 istos
1274 2006 1589 2076 pontiﬁcem
1621 2006 1941 2075 praedictum
1980 2006 2083 2060 hoc
2118 2007 2329 2076 religio-

750 2102 1033 2157 sissimum
1079 2109 1135 2155 et
1169 2099 1526 2154 utilissimum
1568 2114 1706 2169 opus
1740 2097 2115 2153 Ecelesiarum
2175 2114 2324 2153 rese-

747 2195 930 2251 euisse
972 2202 1027 2248 et
1054 2192 1408 2247 destruxisse.
1448 2188 1602 2259 Viget
1631 2190 1774 2243 enim
1811 2190 2118 2258 hucusque,
2164 2198 2328 2259 atque

751 2284 965 2340 tabella
1015 2283 1144 2348 illae,
1180 2297 1302 2353 quze
1345 2282 1398 2335 in
1438 2280 1786 2351 repositoriis
1824 2279 2140 2335 sanctorum
2182 2280 2325 2336 l'etri

750 2386 805 2433 et
833 2373 986 2430 Pauli
1020 2373 1273 2445 repositae
1319 2383 1571 2427 erantex
1616 2386 1724 2426 :ere
1767 2368 1952 2436 factae,
2010 2372 2065 2426 in
2123 2372 2326 2442 quibus

750 2484 969 2527 sacrum
1028 2466 1151 2523 ﬁdei
1199 2465 1505 2537 symbolum
1536 2463 1723 2519 Graeca
1761 2463 1944 2533 lingua
1999 2464 2323 2534 inscriptum

749 2576 869 2621 erat
899 2574 1064 2634 atque
1091 2561 1362 2625 Rouuana,
1390 2561 1459 2615 ibi
1493 2559 1737 2614 locorum
1776 2568 1924 2622 sunt,
1962 2559 2057 2613 ubi
2087 2574 2182 2615 eas
2215 2558 2324 2614 Leo

751 2659 897 2727 Papa
923 2655 1229 2717 collocavit,
1264 2662 1318 2708 et
1356 2650 1662 2723 symbolum
1695 2652 1995 2705 secundum
2036 2662 2325 2723 utramque

752 2750 1068 2813 dialectum,
1099 2748 1243 2802 sicut
1274 2744 1432 2799 nobis
1465 2744 1500 2798 ii
1527 2744 1619 2813 qui
1671 2744 1725 2797 in
1760 2744 1882 2798 lOCo
1913 2744 1963 2797 id
1992 2744 2320 2811 didicerunt,

754 2849 1167 2909 asseverarunt,
1209 2840 1413 2909 ubique
1449 2837 1590 2908 apud
1622 2837 1904 2893 Romanos
1940 2837 2200 2892 recitatur
2223 2837 2319 2908 (a).

1368 2927 1666 2986 TEXTUS.

822 3029 912 3085 89.
957 3028 1137 3096 Atque
1178 3025 1252 3080 ita
1300 3023 1355 3079 lii
1409 3023 1629 3093 pietatis
1677 3022 1985 3094 fulgoribus
2015 3024 2327 3081 emicabant

2432 1928 2527 1980 καὶ
2549 1928 2979 1999 ὠφελιμώτατον
2999 1929 3162 2001 ἔργον
3187 1930 3297 1983 τῶν
3331 1930 3673 1998 Ἐκκλησιῶν
3696 1928 4026 1999 περικεῖραέ

2429 2036 2490 2072 τε
2518 2023 2610 2072 καὶ
2647 2018 2992 2091 λυμήνασθαι
3020 2039 3034 2053 ·
3072 2025 3270 2092 κρατεῖ
3298 2022 3408 2092 γὰρ
3451 2025 3532 2084 εἰς
3588 2020 3784 2090 δεῦρο’
3818 2020 3922 2073 καὶ
3965 2020 4027 2072 αἱ

2429 2110 3045 2182 ἁποτεθησαυρισμέναι
3078 2114 3137 2166 έν
3160 2117 3271 2177 τοῖς
3298 2114 3510 2183 Πέτρου
3542 2114 3638 2168 καὶ
3667 2112 3888 2166 Παύλου
3919 2113 4025 2181 θη-

2430 2203 2890 2272 σαυροφυλακίοις
2940 2205 3035 2257 καὶ
3075 2204 3281 2274 χαλκοῦ
3330 2205 3699 2275 πεποιημέναι
3760 2203 4022 2267 ἀσπίδες,

2432 2289 2523 2357 αἷς
2555 2298 2614 2346 τὸ
2645 2296 2912 2365 ἱερὸνεῆς
2946 2297 3188 2360 πίστεως
3236 2296 3510 2367 σύμϐολον
3547 2296 3870 2367 Ἑλληνιστὶ
3922 2296 4025 2362 ἐγ-

2427 2389 2745 2460 γέγραπται
2787 2389 2883 2442 καὶ
2919 2388 3241 2457 Ῥωμαϊστὶ,
3298 2389 3418 2441 ἐκεῖ
3460 2388 3572 2441 τῶν
3606 2389 3788 2441 τόπων
3848 2388 4023 2451 εἰσὶν,

2426 2477 2562 2530 ὅπου
2598 2477 2800 2539 ταύτας
2836 2480 2864 2531 ὁ
2904 2480 3137 2540 πάππας
3170 2478 3324 2532 Λέων
3351 2479 3615 2545 ἁπέταξε,
3649 2479 3743 2531 καὶ
3780 2479 3842 2531 τὸ
3870 2478 4022 2545 σύμ-

2428 2570 2584 2624 ϐολον
2614 2570 2736 2624 καθ’
2770 2573 3043 2641 ἑκατέραν
3090 2571 3397 2638 διάλεκτον,
3428 2572 3505 2635 ώς
3534 2576 3583 2625 οἱ
3631 2573 3774 2626 κατὰ
3806 2572 4024 2635 τόπους

2430 2663 2694 2733 μαθόντες
2750 2664 2883 2734 ἡμῖν
2915 2664 3505 2736 πεπληροφορήκασιν,
3543 2654 3869 2736 ἁπανταχοῦ
3902 2664 4023 2718 τῶν

2438 2755 2722 2826 Ῥωμαίων
2742 2756 3194 2825 ἀναγινώσκετιι.

3020 2942 3414 2997 ΚΕΙΜΕΝΟΝ.

2499 3032 2609 3088 πθ’.
2651 3034 2795 3089 Ἀλλ’
2839 3035 2985 3090 οὕτω
3051 3036 3151 3105 μὲν
3218 3040 3313 3108 καὶ
3357 3029 3505 3089 οὗτοι
3558 3036 3656 3106 τὴν
3717 3036 4022 3093 εὐσέϐειαν

751 3128 916 3190 atque
963 3116 1229 3187 Spiritum
1285 3129 1315 3168 a
1378 3113 1539 3168 Patre
1591 3114 1888 3184 procedere
1934 3114 2319 3183 prasdicabant.

2428 3129 2739 3198 ἧστραπτον
2785 3128 2880 3181 καὶ
2923 3127 2984 3180 τὸ
3013 3109 3241 3187 Πνεῦμα
3277 3129 3371 3181 τοῦ
3408 3129 3622 3199 Πατρδς
3678 3128 4015 3198 ἐθεολόγουν

750 3212 903 3269 licus
922 3204 1394 3282 quoqueJoa’mes
1428 3207 1604 3275 (meus
1638 3207 1785 3259 enim
1822 3215 1903 3259 est
1948 3214 2063 3259 tum
2110 3206 2180 3259 ob
2216 3206 2320 3260 alia

748 3311 865 3355 tum
890 3298 1016 3369 quia
1048 3296 1259 3351 caeteris
1302 3293 1586 3349 ardentius
1617 3308 1767 3348 meas
1793 3302 1977 3363 partes
2020 3295 2323 3365 sustiauit),

752 3408 907 3449 meus
941 3393 1104 3462 igitur
1128 3388 1366 3445 Joannes
1387 3428 1402 3455 ,
1443 3386 1621 3442 virilis
1652 3395 1865 3453 mente,
1905 3386 2078 3441 virilis
2108 3402 2327 3457 quoque

750 3487 970 3557 pietate,
1037 3480 1210 3536 virilis
1254 3480 1472 3533 demum
1522 3478 1576 3531 in
1628 3479 1993 3547 oppugnanda
2037 3494 2101 3533 ac
2145 3478 2329 3549 proﬂi-

750 3576 923 3647 ganda
947 3573 1139 3643 quavis
1175 3571 1447 3641 injustitia
1475 3577 1529 3623 et
1560 3570 1858 3638 impietate,
1897 3569 2194 3640 volensque
2217 3587 2322 3627 non

749 3667 924 3721 sacris
956 3666 1132 3720 solum
1155 3704 1170 3729 ,
1215 3663 1309 3717 sed
1339 3663 1504 3717 etiam
1538 3663 1792 3716 civilibus
1822 3662 2033 3731 legibus
2065 3665 2323 3734 opitulari

752 3762 1140 3829 turbatumque
1168 3758 1415 3813 ordinem
1440 3756 1765 3822 restituere;
1801 3757 1910 3819 hic,
1931 3757 2173 3826 inquam,
2204 3773 2327 3828 gra-

752 3863 926 3909 tiosus
969 3850 1152 3905 Romae
1200 3847 1447 3903 Pontifex
1500 3864 1597 3917 per
1622 3864 1753 3903 suos
1786 3848 2231 3918 religiosissimos
2270 3861 2326 3906 et

750 3945 993 3999 illustres
1048 3941 1253 4011 l--gatos
1305 3938 1561 4004 Paulum,
1614 3939 1916 4010 Eugenium
1968 3950 2023 3995 et
2075 3939 2321 4010 Petrum,

749 4034 1012 4105 praesules
1038 4041 1093 4086 et
1134 4031 1453 4085 sacerdotes
1482 4029 1597 4095 Dei,
1653 4031 1746 4100 qui
1787 4030 1852 4084 ad
1886 4043 2122 4086 nostrain
2149 4047 2324 4103 syno-

753 4126 877 4180 dum
952 4136 1291 4185 convenere,
1380 4121 1836 4190 quemadmodum
1918 4119 2160 4176 Ecclesia
2229 4122 2323 4178 Dei

750 4216 1015 4273 catholica
1037 4213 1267 4283 ejusque
1308 4213 1739 4283 praedecessorcs
1770 4213 2001 4267 Romani
2032 4211 2324 4269 Pontifices

750 4308 1059 4380 symbolum
1092 4306 1212 4361 ﬁdei
1250 4306 1517 4375 recipiens
1545 4318 1726 4360 mente
1746 4316 1800 4360 et
1825 4306 2008 4376 lingua
2044 4306 2325 4376 sacrisque

754 4399 1005 4453 manibus
1033 4398 1418 4468 prmdietorum
1448 4397 1943 4452 illustrissimorum
1967 4408 2020 4453 et
2048 4399 2324 4453 admiran-

2433 3220 2863 3290 ἐκπορεύεσθαι.
2900 3216 2959 3273 ’0
2988 3222 3047 3274 ὁὶ
3069 3221 3201 3289 ἐμὸς
3232 3220 3485 3292 Ἰωάννης
3508 3222 3583 3291 (2)
3618 3220 3775 3291 (ἐμὸς
3803 3224 3921 3290 γὰρ
3949 3222 4024 3273 τά

2426 3329 2486 3364 τε
2517 3311 2651 3365 ἄλλα
2675 3313 2770 3364 καὶ
2799 3313 2883 3365 ὅτι
2912 3313 3076 3366 πλέον
3108 3312 3219 3366 τῶν
3241 3314 3419 3367 ἄλλων
3450 3315 3758 3383 ὲξιμκείωτο
3785 3315 3856 3367 τὰ
3878 3315 4022 3382 ἠμέ-

2426 3405 2584 3475 τερα)
2614 3422 2628 3437 ⁸
2659 3399 2816 3468 οὗτος
2838 3406 3016 3459 τοίνυν
3037 3406 3065 3458 ό
3104 3406 3357 3477 Ἰωάννης
3384 3408 3676 3478 ἡμέτερος,
3706 3409 3735 3459 ό
3768 3407 3865 3460 τὸν
3888 3406 4020 3461 νοῦ-ρ

2431 3496 2532 3565 μὲν
2566 3497 2832 3567 ἀνδρεῖος,
2870 3496 3116 3565 ἀνδρεῖος
3167 3496 3225 3549 δὲ
3257 3498 3357 3567 τὴν
3401 3498 3706 3565 εὐσέϐειαν,
3742 3498 4019 3569 ἀνδρεῖος

2425 3587 2484 3641 δὲ
2517 3590 2695 3657 μισεῖν
2726 3589 2804 3658 (5)
2867 3590 2961 3640 καὶ
3015 3587 3380 3643 καταϐάλλειν
3425 3590 3645 3643 ἀδικίαν
3683 3591 3872 3642 πᾶσαν
3915 3592 4021 3643 καὶ

2425 3679 2767 3743 δυσσέϐειαν,
2807 3680 2902 3734 καὶ
2936 3681 3035 3749 οὐχ
3065 3682 3230 3751 ἱεροῖς
3262 3681 3487 3750 θεσμοῖς
3521 3682 3705 3751 μόνον,
3737 3683 3881 3735 ἀλλὰ
3912 3686 4013 3735 καὶ

2428 3771 2730 3834 πολιτικοῖς
2758 3773 3023 3841 ἐπαρκεῖν
3061 3772 3364 3843 δυνάμενος
3398 3775 3493 3826 καὶ
3545 3776 3606 3826 τὸ
3655 3776 3897 3829 ἄτακτον
3929 3779 4017 3838 εἰς

2424 3862 2581 3928 τάξιν
2633 3863 3037 3931 μεταϐάλλειν·’
3096 3860 3252 3926 οὗτος
3293 3868 3321 3917 ὁ
3385 3866 3831 3935 κεκαρπωμένος
3911 3867 4017 3932 τῆς

2438 3952 2657 4023 Ῥώμης
2704 3955 3001 4026 ἀρχιερεὺς
3057 3956 3147 4010 διὰ
3192 3957 3302 4010 τῶν
3343 3958 3514 4010 αὑτοῦ
3565 3956 4020 4011 (εοσεϐεστᾶῖων

2427 4044 2522 4097 καὶ
2552 4045 2853 4113 περιδόξων
2900 4047 3293 4119 τοποτηρητῶν
3329 4047 3547 4100 Παύλου
3599 4049 3697 4102 καὶ
3738 4050 4014 4116 Εὑγενξου

2426 4138 2519 4189 καὶ
2557 4137 2761 4206 Πέτρου
2796 4138 2903 4190 τῶν
2925 4139 3232 4208 ἀρχιερέων
3262 4140 3358 4193 καὶ
3407 4142 3597 4211 ἱερέων
3649 4141 3789 4194 Θεοῦ
3836 4143 3900 4196 ὲν
3941 4145 4013 4211 τῇ

2427 4226 2548 4280 καθ’
2566 4228 2713 4297 ἡμᾶς
2738 4228 2946 4299 συνόδῳ
2976 4232 3436 4300 παραγεγονότων
3464 4232 3540 4294 ὡς
3571 4234 3603 4298 ἠ
3626 4232 3894 4302 καθολικὴ
3914 4231 4016 4284 τοῦ

2425 4317 2560 4371 Θεοῦ
2605 4317 2908 4388 Ἐκκλησία
2938 4320 3033 4372 καὶ
3056 4320 3107 4371 ci
3143 4320 3251 4390 πρὸ
3277 4320 3446 4373 αὐτοῦ
3476 4324 3575 4392 τῆς
3632 4321 3857 4392 Ῥώμης
3911 4327 4017 4393 ἀρ·-

2426 4409 2632 4475 χιερείς
2692 4406 2754 4460 τὸ
2805 4409 2902 4477 τῆς
2954 4410 3196 4472 πίστεως
3256 4411 3665 4481 ἀποδεχόμενος
3727 4412 4016 4481 σύμϐολον

755 4492 945 4545 ilorum
981 4491 1267 4544 hominum
1299 4489 1630 4557 subscripsit
1659 4499 1712 4544 et
1747 4490 2081 4560 obsignavit.
2136 4490 2246 4546 lino
2269 4502 2324 4546 et

2428 4499 2617 4568 γνώμῃ
2659 4500 2752 4550 καὶ
2781 4497 3001 4570 γλώσσῃ
3057 4501 3153 4553 καὶ
3187 4502 3380 4570 χερσὶν
3424 4503 3597 4571 ἱεραῖς
3622 4502 3730 4556 τῶν
3777 4508 4015 4575 εἰρημέ-

751 4584 869 4653 rjus
901 4596 1193 4638 successor
1243 4596 1400 4636 sacer
1459 4582 1729 4636 Adrianus
1772 4582 2084 4652 synodicam
2118 4584 2185 4638 ad
2220 4599 2322 4639 nos

752 4688 901 4728 more
925 4682 1103 4729 vetere
1132 4674 1355 4729 mittens
1377 4673 1665 4742 epistolam
1689 4676 1937 4730 eamdem
1980 4677 2235 4745 pietatem
2264 4676 2318 4729 in

750 4763 865 4833 ipsa
894 4764 1223 4835 praedicabat
1268 4777 1316 4818 et
1348 4763 1613 4834 Spiritum
1649 4781 1677 4819 ιι
1714 4764 1875 4820 Patre
1906 4770 2199 4835 procedere
2227 4767 2323 4821 do-

752 4857 924 4909 Cebat.
977 4856 1111 4908 Cum
1163 4856 1329 4926 igitur
1390 4858 1565 4911 sancti
1638 4859 1729 4911 isti
1784 4858 2037 4929 beatique
2091 4858 2319 4913 Romani

750 4946 1034 5016 pontiﬁces
1058 4946 1131 4999 ita
1156 4949 1285 5001 dum
1329 4948 1571 5003 viverent
1602 4950 1881 5003 senserint
1924 4960 1976 5004 et
2011 4950 2316 5014 docuerint,

698 5042 704 5049 '
750 5047 910 5107 atque
940 5054 970 5092 e
1003 5038 1180 5108 fragili
1222 5038 1323 5093 liae
1358 5040 1424 5092 ad
1452 5040 1814 5095 immortalem
1854 5043 2016 5097 vitam
2053 5043 2105 5096 in
2128 5043 2317 5098 eadem

817 5192 893 5269 (ii)
952 5195 1033 5269 ᾼιι
1081 5209 1207 5249 vera
1261 5195 1650 5267 retuleriutqui
1678 5196 1850 5253 Vecco
1877 5200 1977 5253 ista
2003 5214 2316 5269 narrarunt,

749 5262 983 5335 dubitari
1030 5276 1241 5335 potest,
1286 5277 1520 5320 attamen
1550 5262 1614 5321 ea
1642 5283 1751 5321 non
1788 5272 1935 5323 omni
1974 5285 2162 5325 carere
2190 5262 2315 5327 fon;

748 5333 1003 5404 damento
1034 5333 1210 5389 facile
1238 5339 1455 5404 sapiens
1488 5337 1657 5391 lector
1697 5339 1962 5393 admittet.
1998 5339 2072 5393 De
2118 5343 2319 5399 tabulis

748 5403 853 5474 illis
883 5418 983 5474 seu
1001 5406 1169 5458 scutis
1199 5403 1391 5474 prieter
1412 5406 1606 5459 librum
1632 5405 1999 5464 Pontiliealem
2050 5414 2101 5465 in
2138 5411 2318 5467 Leone

748 5472 815 5549 l_ll
968 5473 1164 5549 l'etrus
1188 5472 1368 5549 llam.
1429 5476 1647 5549 (lpusc._
1686 5476 1901 5542 XXXII,
1926 5495 1973 5532 e.
1996 5480 2053 5549 2,
2081 5483 2318 5535 Abarlar—

744 5544 847 5593 dus
877 5542 1260 5597 lntroduet.in
1296 5542 1491 5599 Ἠιονιξ
1518 5546 1577 5600 L.
1607 5545 1648 5600 Il
1677 5562 1725 5599 c.
1760 5550 1826 5601 14
1847 5558 1900 5603 et
1930 5542 2119 5606 Petrus
2152 5552 2316 5605 Lom-

750 5612 950 5687 ὶιεπιιιιδΔ
1007 5611 1067 5664 1,.
1125 5613 1165 5677 Ι,
1211 5616 1335 5669 «list.
1371 5615 1429 5667 ll
1463 5656 1480 5681 ,
1536 5618 1863 5672 mentionem
1940 5620 2185 5687 faciunt,
2262 5633 2316 5677 et

746 5683 1048 5744 symbolum
1103 5690 1323 5752 utraque
1384 5687 1563 5754 lingua
1597 5689 1666 5739 'in
1716 5687 1875 5741 Missa
1915 5694 2139 5745 solemni
2173 5683 2311 5745 ⁷υΙὶιιι

749 5765 1031 5809 recitatum
1089 5755 1279 5822 fuisse,
1316 5758 1391 5810 uti
1444 5758 1605 5814 hodie
1633 5759 1809 5816 adhuc
1843 5763 1895 5816 in
1937 5762 2095 5819 Missa
2141 5765 2312 5833 populi

2426 4608 2532 4643 ww
2560 4593 3053 4659 περιφανεστάτων
3113 4598 3209 4647 καὶ
3244 4596 3569 4664 θαυμασίων
3624 4598 3837 4667 ἀνδρῶν
3870 4601 4015 4651 ὑπί-

2425 4683 2610 4753 γραψέ
2637 4700 2693 4735 τε
2737 4686 2831 4737 καὶ
2892 4687 3364 4755 ὲπεσφραγίσατο.
3389 4687 3501 4740 Ναὶ
3549 4687 3614 4758 δὴ
3658 4690 3749 4740 καὶ
3815 4690 3845 4741 ό
3884 4693 4014 4757 μετ’

2421 4774 2630 4826 ἐκεῖνον
2658 4773 2802 4843 ἱερὸς
2850 4774 3138 4845 ’Λδριανὸς
3162 4776 3448 4848 ουνοδικὴν
3491 4779 3625 4847 ημῖν
3675 4780 4012 4849 ἐπιστολὴν,

2422 4864 2609 4933 ὥσπερ
2644 4864 2765 4927 ἔθος
2812 4865 3072 4929 παλαιὸν,
3107 4866 3460 4936 ἀναπέμψας,
3494 4869 3593 4937 τὴν
3644 4869 3817 4937 αὐτὴν
3843 4869 4013 4923 εὐσε-

2422 4954 2575 5009 ϐειαν
2609 4956 2677 5007 δι’
2712 4957 2887 5025 αὐτῆς
2919 4958 3263 5029 ἀνεκήρυττε
3288 4960 3384 5011 καὶ
3414 4958 3476 5010 τὸ
3506 4958 3729 5028 Πνεῦμα
3760 4958 3853 5011 τοῦ
3887 4962 4010 5012 ιιι-

2420 5047 2548 5117 τρὸς
2578 5048 2849 5117 ὲθεολόγει
2876 5049 3295 5120 ἐκπορεύεσθαι.
3331 5046 3650 5120 Τούτωνδὴ
3681 5051 3793 5104 τῶν
3833 5053 4011 5120 ιερῶν

2420 5203 2767 5274 Ετσινεμιξιιηι
2801 5204 2984 5260 (ἔπνεε
3016 5213 3069 5260 et
3094 5203 3283 5261 Latine
3316 5206 3553 5272 canitur,
3596 5206 3768 5260 multa
3819 5205 4005 5261 docu-

2419 5283 2602 5328 tnenta
2626 5278 2854 5329 suadere
2884 5286 3131 5345 possunt.
3760 5313 3793 5345 ἐ

2492 5345 2589 5414 (ι),
2621 5346 2832 5398 Similia
2885 5343 3061 5401 liabet
3087 5343 3294 5401 Veccus
3320 5354 3458 5400 orat.
3494 5346 3565 5400 De
3610 5361 3705 5400 un.
3742 5344 3910 5414 ,Ecel.
3948 5365 4001 5402 c.

2417 5413 2509 5468 47.7
2542 5413 2659 5484 (Gr.
2690 5416 2833 5475 ortli.
2864 5424 2902 5469 t.
2937 5415 2954 5467 Ι
2984 5431 3034 5484 p.
3062 5416 3184 5483 175)
3210 5420 3277 5471 ad
3307 5416 3515 5471 Tbcod.
3544 5415 3709 5487 Sugd.
3736 5413 3796 5469 L.
3822 5416 3917 5486 Ill,
3944 5433 3999 5473 ο.

2419 5485 2472 5537 4.
2502 5486 2600 5553 (Ib.
2638 5495 2676 5537 ι.
2714 5484 2779 5547 ll,
2810 5501 2861 5553 p.
2893 5487 3040 5553 Mli.)

2461 5490 2600 5553 .(lb.
2638 5495 2676 5537 ι.
2714 5490 2779 5547 ιι,
2810 5501 2861 5553 ρ.
2893 5490 3040 5553 Mli.)

2490 5557 2565 5623 (2)
2600 5553 2767 5608 Laur.
2798 5556 2878 5608 ὅτι
2901 5556 3001 5608 sse
3030 5558 3183 5626 ἐμος,
3221 5566 3280 5611 ιιι
3309 5557 3426 5611 Pal.
3458 5567 3509 5611 ct
3540 5557 3655 5614 Col.

2491 5627 2566 5695 (ὃ)
2594 5626 2781 5699 Laur.,
2831 5637 2898 5699 ιιι
2931 5635 3069 5696 apud
3090 5627 3355 5699 _\’eecum,
3378 5632 3527 5683 deest
3565 5630 3808 5699 ἀνδρεῖος
3833 5627 4000 5682 tertia

2418 5696 2568 5782 vice.
2614 5703 2668 5749 et
2743 5696 2969 5768 legitur,
3047 5696 3148 5768 τὴν
3215 5698 3534 5752 εὐσέϐειαν
3619 5696 3750 5769 πρὸς
3812 5701 3869 5754 ει
3935 5704 4001 5750 το

2421 5783 2617 5835 μισειν.
