4214 6448
762 360 869 425 855

1786 380 1997 445 JOAN.
2043 386 2256 447 VECCI
2297 389 2404 450 (ΞΡ.
2450 390 2960 456 ΡΑΤΗΙΑΠΕΠΪΕ

3906 404 4025 467 856

760 484 920 548 turpe
938 480 1254 549 arbitratus,
1284 500 1346 540 ea
1373 489 1553 546 omnia
1587 500 1843 564 tanquam
1892 500 2172 555 mendacia
2200 518 2311 571 prae

2437 509 2580 562 κατὰ
2600 509 3043 583 τῆςῬωμαῖκῆς
3096 515 3425 584 Ἐκκλησίας
3474 519 4025 591 προϐεϐλασφήμηκε

760 570 925 625 terire
966 584 1185 642 propter
1241 578 1405 633 unius
1451 582 1549 635 viri
1580 581 1807 640 Joannis
1836 602 1985 657 papa:
2022 570 2331 662 susceptio-

758 674 903 725 nem,
930 679 1147 720 rursum
1189 669 1261 737 (c.
1294 670 1382 735 90)
1418 674 1485 727 ad
1511 690 1803 733 commune
1831 678 2087 738 Ecclesia:
2119 700 2333 740 sermo-

757 766 879 806 nem
902 754 1110 824 dirigit,
1166 759 1553 834 Romanosque
1587 767 1661 837 (a)
1715 784 1901 825 errore
1936 775 2116 828 adhuc
2141 777 2332 832 deten-

756 851 841 897 tos
874 847 1132 916 appellat,
1160 861 1325 922 atque
1346 869 1469 908 cum
1503 859 1690 927 aspide
1720 863 1787 916 ad
1843 878 2007 919 voces
2039 867 2331 923 incantan-

650 942 665 1011 .'
756 935 889 987 tium
920 953 1084 995 aures
1119 958 1246 998 suas
1278 946 1575 1003 obturante
1617 964 1927 1022 comparat;
1970 960 2324 1028 multiplicem

752 1027 1007 1083 exhibere
1056 1034 1246 1087 nititur
1284 1035 1650 1095 differentiam
1709 1045 1851 1099 inter
1876 1027 2180 1106 locutiones
2205 1069 2328 1122 quae

753 1115 1015 1181 Spiritum
1052 1121 1167 1187 Dei,
1197 1123 1457 1191 Spiritum
1490 1128 1686 1196 Patris,
1713 1134 1977 1202 Spiritum
2002 1156 2064 1193 ex
2098 1115 2328 1199 Deo-as-

749 1218 941 1261 serunt
968 1209 1228 1280 Spiritum
1264 1229 1538 1285 sanctum,
1568 1233 1623 1276 et
1656 1240 1769 1289 eas,
1799 1243 1921 1295 qua:
1973 1232 2327 1290 manifestant

748 1311 809 1349 cx
839 1299 995 1355 Patre
1024 1306 1337 1373 procedere,
1365 1319 1529 1380 atque
1559 1323 1859 1371 extremam
1892 1323 2191 1390 exprobrat
2235 1326 2323 1380 in-

746 1392 959 1445 saniam
993 1395 1403 1471 (ignorantiam)
1428 1420 1616 1461 eorum
1639 1410 1729 1477 qui
1768 1425 2043 1481 nequeunt
2069 1415 2324 1476 facillime

746 1485 1079 1552 conspicari,
1105 1491 1249 1558 quod
1286 1494 1412 1549 licet
1445 1498 1597 1553 circa
1623 1503 1840 1557 easdem
1872 1521 2134 1575 personas
2165 1511 2321 1565 dica-

746 1583 833 1629 tur
862 1576 1097 1642 Spiritus
1127 1580 1219 1636 Dei
1244 1594 1382 1640 etcx
1424 1587 1555 1653 Deo,
1584 1593 1858 1650 diversum
1889 1608 2070 1654 tamen
2100 1602 2320 1658 exhibet

742 1666 1106 1735 significatum
1143 1691 1243 1730 vox
1271 1691 1332 1731 ea
1368 1695 1489 1747 ρυλε»
1526 1682 1655 1738 dicit
1706 1702 1771 1739 ex
1832 1686 1991 1743 Patre
2026 1695 2321 1760 procedere

744 1759 1033 1827 Spiritum.
1068 1776 1122 1819 et
1151 1768 1425 1825 diversum
1454 1790 1576 1842 quae
1627 1775 1888 1845 Spiritum
1923 1759 2034 1836 Dei
2074 1786 2156 1838 vel
2187 1786 2318 1855 ,Βο-

742 1853 874 1906 mini
916 1856 998 1909 vel
1031 1859 1297 1925 quidlibet
1332 1866 1713 1931 prmdictorum
1748 1873 2016 1926 enuntiat.
2079 1875 2136 1929 Si
2173 1853 2317 1931 enim

744 1944 926 1999 alhuc
980 1963 1202 2017 quoque
1253 1952 1482 2010 Romani
1545 1973 1734 2013 errore
1792 1963 2110 2021 circumacti
2167 1976 2318 2035 sunt,

739 2045 1028 2107 postquam
1055 2039 1292 2098 Joannes
1317 2060 1453 2116 papa
1491 2048 1543 2102 in
1592 2053 1884 2115 pontificali
1940 2071 2132 2112 eorum
2191 2061 2321 2115 sede

737 2128 1037 2185 C'lHOCalllS
1071 2131 1266 2199 literal,
1300 2147 1355 2190 et
1404 2140 1449 2192 si
1486 2138 1715 2196 Romani
1752 2147 2056 2215 symbolum
2108 2149 2319 2219 absque

736 2221 1017 2281 additiene
1047 2230 1276 2285 recitare
1329 2234 1643 2299 noluerunt,
1684 2237 1863 2306 qualis
1902 2254 2063 2307 porro
2123 2239 2222 2294 fuit
2253 2257 2316 2296 ea

737 2312 1032 2382 impietatis
1064 2330 1225 2388 atque
1278 2323 1585 2392 iniquitatis
1620 2326 1950 2397 profligatio,
2005 2345 2169 2399 quam
2217 2330 2316 2386 Jo-

736 2404 1038 2474 annipaptl:
1076 2422 1178 2463 suo
1209 2408 1438 2467 thius
1473 2414 1703 2468 solemni
1742 2418 2058 2475 tesdmonio
2099 2420 2314 2475 adscri-

735 2496 884 2563 psit?
920 2496 975 2551 Si
1022 2515 1169 2563 vero,
1206 2516 1333 2557 cum
1368 2505 1502 2560 nihil
1542 2522 1607 2561 ex
1662 2508 1728 2563 iis
1759 2526 1880 2578 qua:
1911 2512 1976 2566 ad
2010 2511 2311 2568 Ecclesiam

735 2593 1011 2656 pertinent
1044 2607 1070 2643 a
1094 2589 1306 2650 Joanne
1343 2614 1479 2667 papa
1534 2599 1884 2657 immutatum
1946 2602 2131 2667 fuerit,
2167 2606 2314 2662 hunc

734 2697 767 2745 q
795 2683 954 2735 iidem
989 2686 1219 2741 Photius
1249 2690 1350 2742 sibi
1384 2692 1659 2760 pr0priuru
1691 2692 1815 2747 facit
1848 2710 1910 2748 ac
1934 2696 2163 2751 summis
2197 2697 2315 2750 lau-

735 2771 898 2827 dibus
933 2774 1110 2841 cﬂ’ert,
1137 2777 1392 2834 Ecclesiae
1426 2796 1557 2834 vero
1588 2783 1979 2852 plenitudinem
2012 2796 2066 2840 et
2094 2789 2312 2843 univcr-

736 2864 957 2919 sitatetu
1012 2869 1064 2921 in
1102 2880 1283 2937 paitcs
1333 2872 1679 2928 inimicorum
1736 2873 1901 2929 refert
1936 2890 2000 2929 ac
2056 2877 2308 2942 collocat.

733 2959 1011 3024 quomodo
1064 2976 1172 3015 non
1229 2963 1579 3019 manifestum
1626 2975 1712 3019 est
1778 2982 1941 3036 agere
1994 2978 2050 3022 et
2106 2971 2311 3024 sentire

734 3051 914 3118 ipsum
948 3054 1133 3108 omnia
1173 3064 1329 3123 prout
1367 3056 1467 3126 ipsi
1500 3058 1672 3111 libet?

2433 601 2531 652 καὶ
2551 602 2813 672 αἰσχύνην
2838 606 3102 675 ἄντικρυς
3132 610 3488 678 ἡγησάμενος
3516 613 3697 665 πάντα
3726 614 3919 669 ἐκεῖνα
3944 617 4025 680 ὠς

2430 690 2601 764 ψευδῆ
2654 696 2904 765 παριδεῖν
2953 698 3042 752 διὰ
3108 702 3208 769 τὴν
3258 702 3377 765 ἐνὸς
3427 703 3624 772 ἀνδρὸς
3686 708 3778 759 τοῦ
3810 708 4024 761 πάππα

2443 786 2695 840 Ἰωάννου
2723 790 3011 861 άναδοχὴν,
3048 793 3211 847 πάλιν
3238 794 3374 863 πρὸς
3406 796 3467 849 τὸ
3502 799 3685 851 κοινὸν
3742 802 3844 870 τῆς
3883 804 4023 857 Ἐκα

2431 877 2663 948 κλησίας
2711 880 2773 933 τὸ
2812 882 2906 935 τοῦ
2948 883 3108 951 λόγου
3165 886 3462 955 πρόσωπον
3515 890 3857 961 ἀποστρέφει
3917 897 4025 947 καὶ

2429 968 2509 1024 ἔτι
2548 975 2985 1043 συνισχημένους
3022 980 3089 1046 τῇ
3140 978 3319 1049 πλάνῃ
3364 981 3491 1042 τοὺς
3532 983 3845 1051 Ῥωμαίους
3881 989 4027 1039 ἁπο-

2428 1063 2586 1115 καλεῖ
2622 1065 2717 1116 καὶ
2749 1066 2831 1127 είς
2869 1068 3071 1119 ἀσπίδα
3095 1069 3234 1137 πρὸς
3267 1070 3366 1130 τὰς
3403 1070 3515 1123 τῶν
3547 1074 3859 1144 ἐπᾳδόντων
3904 1095 4027 1142 φω-

2427 1153 2527 1215 νάς
2565 1154 2800 1223 βύουσαν
2832 1157 2899 1210 τὰ
2920 1154 3034 1211 ὦτα
3060 1166 3386 1232 παρεικάζει
3424 1166 3646 1228 αὐτοὺς,
3679 1169 3778 1219 καὶ
3808 1169 4025 1239 πολλὴν

2425 1248 2693 1319 διαφορὰν
2729 1254 3082 1322 παραστῆσαι
3124 1258 3419 1325 φιλονεικεῖ
3450 1260 3559 1311 τῶν
3601 1260 3827 1317 Πνεῦμα
3872 1262 4022 1314 Θεοῦ

2424 1340 2523 1392 καλ⁵
2562 1342 2782 1411 Πνεῦμα
2825 1345 3037 1417 Πατρὸς
3068 1350 3164 1401 καὶ
3197 1348 3421 1417 Πνεῦμα
3458 1351 3523 1404 ἐκ
3558 1350 3695 1404 Θεοῦ
3734 1354 4023 1418 λεγουσῶν

2424 1435 2643 1502 ῥήσεων
2678 1435 2741 1487 τὺ
2780 1436 3005 1506 Πνεῦμα
3045 1438 3106 1491 τὸ
3145 1441 3303 1507 ἅγιον
3344 1444 3439 1495 καὶ
3496 1444 3607 1496 τῶν
3672 1445 3736 1497 ἐκ
3795 1446 4020 1513 Πατρὶς

2422 1526 2826 1597 ἐκπορεύεσθαι
2854 1529 2988 1583 αὐτὸ
3022 1530 3327 1601 δηλουσῶν,
3360 1534 3457 1587 καὶ
3505 1538 3741 1607 ἐσχάτην
3771 1554 4021 1605 κατηγο-

2423 1619 2509 1688 ρεῖ
2548 1617 2737 1671 ἄνοιαν
2766 1618 2841 1690 (l)
2875 1620 2983 1673 τῶν
3014 1623 3086 1692 μὴ
3118 1625 3247 1693 ῥᾷον
3277 1628 3508 1696 συνορᾷν
3546 1628 3801 1696 ἐχόντων,
3845 1627 3923 1689 ὡς
3964 1630 4017 1679 εἰ

2420 1711 2515 1762 καὶ
2549 1710 2682 1781 περὶ
2725 1711 2794 1764 τὰ
2832 1712 2974 1766 αὐτὰ
3012 1713 3229 1781 λέγεται
3286 1716 3557 1786 πρόσωπα
3598 1717 3828 1787 Πνεῦμα
3871 1718 4017 1771 Θεοῦ

2421 1805 2515 1856 καὶ
2550 1805 2613 1857 ἐκ
2666 1802 2829 1867 Θεοῦ,
2871 1805 2988 1858 ἀλλ’
3048 1802 3143 1860 οῦν
3187 1807 3375 1878 ἕτερον
3413 1811 3445 1879 ἠ
3500 1808 3645 1874 λέξις
3704 1811 4019 1879 παρίστησι

2423 1898 2827 1965 σημαινόμενον
2882 1899 2916 1967 ἠ
2971 1901 3035 1953 ἐκ
3084 1900 3179 1953 τοῦ
3221 1902 3438 1969 Πατρὸς
3484 1902 3891 1972 ἐκπορεύεσθαι
3950 1900 4018 1954 τὺ

2421 1985 2677 2055 Πνεῦμα,
2728 1987 2824 2039 καὶ
2860 1986 3050 2056 ἕτερον
3101 1990 3137 2057 ἠ
3193 1989 3415 2060 Πνεῦμα
3449 1990 3585 2043 Θεοῦ
3630 1992 3663 2062 ἦ
3706 1993 3919 2061 Κυρίου
3977 1991 4013 2061 ἢ

2418 2076 2528 2128 τῶν
2587 2079 2898 2148 εἰρημένων
2964 2081 3198 2134 ἕκαστον
3236 2082 3497 2149 λέγουσα.
3540 2082 3601 2134 Εἰ
3642 2084 3751 2152 γάρ
3792 2084 3889 2136 καὶ
3926 2084 4016 2134 ἐτι

2430 2168 2696 2240 Ῥωμαῖοι
2754 2172 3101 2242 πεπλάνηντο
3143 2172 3282 2242 μετὰ
3320 2172 3379 2226 τὸ
3416 2174 3510 2227 τὸν
3540 2174 3774 2227 πάππαν
3824 2174 4016 2226 Ἰωάν-

2417 2280 2518 2333 νην
2565 2262 2646 2333 τῷ
2684 2262 3060 2333 άρχιερατικῷ
3097 2268 3198 2333 τῆς
3265 2263 3488 2335 Ῥώμης
3537 2265 3717 2334 θρόνῳ
3774 2264 4017 2330 ἐγκαθε-

2419 2352 2639 2422 σθῆναι,
2663 2353 2755 2407 καὶ
2780 2355 2827 2405 εἰ
2859 2353 2934 2422 μὴ
2972 2354 3235 2422 Ῥωμαῖοι
3261 2354 3322 2406 τὸ
3360 2355 3483 2423 δίχα
3519 2354 3841 2423 προσθήκης
3870 2355 4014 2405 ἀνα-

2416 2445 2709 2512 γινώσκειν
2751 2446 2814 2498 τι
2856 2445 3131 2516 σύμϐολον
3177 2445 3561 2511 κατεδέξαντο,
3625 2446 3760 2498 ποία
3810 2444 4015 2496 λοιπὸν

2413 2532 2484 2606 ἦν
2534 2536 2708 2607 ήτῆς
2768 2538 3094 2602 δυσσεϐείας
3158 2544 3254 2591 καὶ
3311 2537 3529 2600 ἀδικίας
3596 2534 3896 2604 καταϐολὴ,
3939 2536 4015 2601 ἢν

2414 2630 2958 2701 προσμεμαρτύρηκε
2982 2630 3187 2692 Φὼτιος
3208 2646 3224 2695 ;
3246 2630 3307 2683 El
3336 2631 3393 2683 δὲ
3427 2630 3593 2699 μηδὲν
3614 2630 3721 2682 τῶν
3736 2628 3836 2697 τῆς
3877 2627 4012 2681 ’Έκ-

2415 2723 2644 2790 κλησὶας
2675 2723 2755 2792 τῷ
2814 2725 3016 2792 πάππα
3064 2724 3285 2794 Ἰωάννῃ
3319 2722 3636 2791 ἐναλλαγέν,
3679 2723 3844 2775 αὐτον
3900 2721 4014 2787 μὲν

2411 2814 2612 2877 Φώτιος
2651 2815 2991 2868 ίδιοποιεῖται
3037 2817 3132 2868 καὶ
3172 2816 3287 2879 τοῖς
3323 2814 3623 2882 ἐγκωμίοις
3668 2813 3902 2881 ἐξαίρει,
3943 2813 4015 2864 τὸ

2411 2908 2471 2960 δὲ
2503 2908 2684 2961 κοινὸν
2721 2908 2817 2977 τῆς
2867 2907 3198 2977 Ἐκκλησίας
3226 2909 3306 2971 είς
3334 2907 3629 2963 ἀντιδίκων
3665 2906 3851 2975 τίθησι
3878 2907 4014 2972 μοῖ-

2415 3016 2541 3069 ραν,
2582 3000 2701 3064 πῶς
2729 2999 2791 3052 οὐ
2815 3000 3081 3071 πρόδηλόν
3114 3003 3284 3065 ἐστιν,
3321 2999 3476 3068 ἄγειν
3517 3001 3613 3053 καὶ
3643 3000 3867 3070 φρονεῖν
3903 2998 4011 3052 αύο

2412 3090 2504 3143 τὸν
2531 3091 2707 3143 πάντα
2738 3092 2874 3162 προς
2913 3092 2975 3144 τὸ
3013 3092 3352 3162 αῦτάρεσκον
3374 3109 3389 3122 ’

804 3144 955 3199 Talia
992 3163 1209 3218 quoque
1241 3160 1368 3203 sunt
1402 3167 1521 3219 qua:
1542 3153 1607 3204 de
1635 3152 1957 3208 differentiis
1982 3154 2117 3207 dicit
2160 3154 2305 3209 loeu-

2482 3179 2586 3236 Οἴα
2624 3184 2681 3236 δὲ
2712 3185 2808 3236 καὶ
2838 3182 2992 3253 άπερ
3022 3186 3152 3255 περὶ
3188 3186 3299 3238 τῶν
3324 3184 3600 3255 διαφορῶν
3641 3185 3753 3235 τῶν
3796 3183 4013 3247 λέξεων

731 3238 970 3305 tionum,
999 3250 1111 3293 tum
1145 3242 1264 3311 ejus
1300 3258 1422 3311 qua:
1446 3244 1576 3296 dicit
1602 3243 1862 3313 Spiritum
1894 3262 1958 3300 ex
1991 3244 2150 3299 Patre
2184 3261 2309 3314 pro-

734 3331 949 3396 cedere,
981 3343 1094 3386 tum
1136 3334 1255 3403 ejus
1290 3351 1412 3404 qua:
1448 3334 1709 3405 Spiritum
1745 3338 1837 3391 Dei
1872 3347 1926 3391 ct
1968 3338 2181 3392 Domini
2218 3352 2311 3391 vo-

732 3434 821 3477 cat
853 3423 1115 3491 Spiritum
1140 3439 1414 3480 sanctum.
1454 3427 1667 3482 Nullam
1718 3446 1781 3484 ex
1819 3433 2094 3499 prmdictis
2150 3434 2309 3488 locu-

732 3518 975 3572 tionihus
1007 3520 1189 3572 verbis
1222 3520 1356 3589 ipsis
1388 3523 1788 3589 proccssionem
1823 3525 2063 3581 indicare
2093 3542 2313 3585 asserc-

732 3619 838 3672 rat,
889 3613 982 3665 sed
1029 3610 1316 3666 manifeste
1374 3613 1520 3666 aliud
1558 3629 1680 3668 esse
1718 3614 1981 3684 Spiritum
2034 3634 2100 3671 ex
2154 3619 2314 3674 Patre

732 3704 1206 3773 procedercdegis
1250 3706 1316 3758 ad
1353 3707 1527 3759 instar
1572 3708 1763 3760 statuit
1811 3713 1934 3774 (pro
1994 3708 2109 3779 lege
2166 3722 2315 3767 certe

730 3808 973 3853 statuere
1015 3809 1100 3854 est
1134 3815 1327 3868 magna
1358 3817 1480 3855 cum
1512 3801 1705 3855 ﬁducia
1758 3814 1809 3854 et
1835 3803 2045 3871 absque
2076 3806 2181 3857 ulla
2219 3822 2312 3860 ve-

729 3890 1057 3944 vcrecuudia
1112 3889 1449 3943 diﬂereutias
1478 3888 1752 3958 clliugere,
1786 3904 1924 3957 quas
1963 3906 2122 3943 nemo
2163 3891 2303 3947 Sau-

731 3994 943 4039 ctorum
990 3984 1170 4050 dixit),
1228 3992 1281 4038 et
1327 3985 1472 4038 aliud
1526 3986 1753 4040 vocibus
1799 3986 1932 4055 ipsis
2000 3987 2308 4055 signiﬁcare

736 4090 904 4129 voces
932 4076 1142 4137 dcliuit,
1174 4091 1295 4145 qua:
1351 4076 1615 4145 Spiritum
1672 4076 1762 4129 Dei
1789 4086 1840 4129 et
1876 4078 2084 4130 Domini
2119 4088 2169 4131 ct
2202 4078 2309 4134 alia

733 4167 1278 4235 liujusniodidicunt.
1318 4168 1493 4236 Atque
1517 4168 1597 4221 sic
1644 4169 1861 4233 quidem
1902 4170 2155 4223 Photius.
2193 4169 2307 4221 Ma-

729 4272 871 4323 gnus
902 4266 1083 4309 autem
1129 4256 1362 4310 Basilius
1392 4258 1445 4311 in
1509 4262 1745 4326 quodam
1799 4260 1974 4327 capite
2022 4259 2305 4325 librorum,

729 4364 869 4415 quos
903 4362 1090 4402 contra
1140 4347 1469 4403 Eunomium
1498 4351 1741 4402 exaravit
1785 4350 1854 4404 ita
1898 4350 2182 4417 perspicue
2228 4352 2310 4403 lo-

729 4443 956 4503 uuitur:
997 4460 1014 4491 ι
1056 4440 1240 4511 Neque
1289 4442 1432 4494 enim
1493 4443 1672 4496 minus
1726 4444 2002 4512 quidpiam
2065 4444 2304 4498 habituri

2413 3275 2565 3343 λέγει
2604 3274 2703 3344 τῆς
2740 3293 2799 3328 τε
2830 3278 2893 3329 ἐκ
2931 3276 3029 3328 τοῦ
3075 3277 3290 3348 Πατρδς
3332 3277 3736 3348 ἐκπορεύεσθαι
3770 3277 3867 3329 καὶ
3901 3278 4012 3344 τῆς

2413 3368 2641 3440 Πνεῦμα
2678 3370 2814 3422 Θεοῦ
2856 3371 2952 3424 καὶ
3006 3372 3212 3440 Κυρίου
3268 3371 3534 3440 λεγούσης
3585 3373 3645 3423 τὸ
3679 3368 3910 3438 Πνεῦμα
3945 3370 4016 3422 τὸ

2413 3464 2593 3529 ἅγιον,
2632 3463 2890 3532 οὐδεμίαν
2927 3464 3035 3516 τῶν
3071 3464 3382 3534 εἰρημένων
3439 3466 3634 3533 φωνῶν
3669 3464 4014 3533 διῖσχύρί-ζε-

2412 3571 2504 3607 ται
2542 3556 2663 3616 ταῖς
2691 3554 2902 3620 λέξεσιν
2930 3555 3260 3625 ἑρμηνεύειν
3294 3555 3355 3607 τὸ
3405 3554 3833 3623 ἐκπορεύεσθαι,
3884 3553 4013 3606 ἀλλ’

2413 3645 2605 3714 ἕτερον
2634 3645 2946 3713 περιφανῶς
2972 3640 3114 3698 εἶναι
3137 3645 3199 3698 τὸ
3228 3646 3629 3715 ἐκπορεύεσθαι
3657 3644 3752 3697 τοῦ
3779 3644 4010 3715 Πατρδς

2416 3737 2475 3789 τὸ
2504 3736 2728 3807 Πνεῦμα
2760 3736 3063 3808 νομοθετείο
3092 3736 3403 3807 νομοθετεῖν
3445 3739 3556 3806 γάρ
3599 3738 3714 3789 ἐστι
3750 3737 3813 3789 τὸ
3854 3740 4013 3790 κατα

2412 3827 2613 3898 πολλὴν
2654 3828 2841 3880 ἄδειαν
2879 3829 3146 3899 διαφορὰς
3191 3828 3354 3881 αὐτὸν
3403 3827 3761 3889 πλάττεσθαι,
3807 3828 4013 3898 μηδενὶ

2406 3918 2518 3972 τῶν
2552 3920 2725 3987 ἁγίων
2757 3922 3020 3990 ῥηθείσας
3050 3937 3063 3950 ·
3090 3921 3186 3974 καὶ
3233 3920 3361 3975 ἄλλο
3412 3921 3700 3990 σημαίνειν
3732 3925 3848 3984 τοῖς
3887 3923 4013 3974 ὀνό-

2412 4026 2546 4077 μασι
2603 4010 2900 4080 διορίζεται
2939 4012 3037 4074 τὰς
3079 4011 3308 4082 Πνεῦμα
3346 4011 3482 4064 Θεοῦ
3523 4013 3619 4066 καὶ
3657 4013 3869 4082 Κυρίου
3909 4013 4011 4066 καὶ

2408 4101 2478 4153 τὰ
2508 4102 2669 4170 ὃμοια
2734 4100 3003 4169 λεγούσας
3043 4101 3251 4169 φωνάς.
3285 4101 3394 4152 Καὶ
3440 4102 3469 4153 δ
3500 4100 3602 4168 μὲν
3636 4099 3816 4151 ταῦτα
3846 4116 3859 4127 ·
3893 4101 3923 4150 ὁ
3948 4101 4011 4153 δὲ

2413 4192 2590 4259 μέγας
2618 4192 2894 4254 Βασίλειος
2924 4192 2980 4243 ἐν
3004 4192 3082 4244 ἐνὶ
3109 4191 3387 4261 κεφαλαίῳ
3434 4191 3549 4245 τῶν
3574 4191 3697 4243 κατ’
3724 4191 4011 4260 sampsa»

2410 4281 2640 4347 ἀγώνων
2678 4282 2843 4333 αὐτοῦ
2867 4280 3012 4334 οὕτω
3045 4282 3193 4349 λέγει
3220 4280 3407 4350 σαφῶς
3428 4295 3444 4311 ’
3481 4280 3676 4347 [Οὐδὲ
3696 4281 3809 4357 γάρ
3839 4282 4011 4333 ἐλατ-

2411 4373 2502 4425 τόν
2529 4389 2583 4425 τι
2609 4372 2751 4434 ἕξειν
2797 4372 3068 4442 μέλλομεν
3105 4374 3187 4434 είς
3220 4373 3279 4425 τὸ
3328 4374 3623 4441 γινώσκειν
3676 4375 3738 4425 τὸ
3770 4373 4012 4443 Πνεῦμα

2412 4466 2682 4536 ὑπάρχειν
2737 4469 2800 4520 ἐκ
2860 4468 3022 4531 Θεοῦ,
3072 4467 3297 4537 Πνεῦμα
3330 4467 3425 4521 τοῦ
3485 4471 3760 4538 στόματος
3826 4470 4009 4522 αὑτοῦ

730 4550 924 4589 sumus
974 4536 1043 4588 ad
1086 4537 1519 4604 cognoscendum
1561 4534 1820 4602 Spiritum
1883 4550 2004 4590 csse
2045 4550 2113 4589 ex
2171 4538 2303 4600 Deo,

2418 4558 2702 4621 ἀκούοντες
2754 4558 2905 4621 αὐτὸ,
2935 4558 3051 4611 ἀλλ’
3080 4559 3266 4612 ἱκανὸν
3294 4562 3387 4613 καὶ
3417 4559 3576 4612 τοῦτο
3606 4561 3664 4611 τὸ
3694 4560 3869 4629 ὄνομα
3905 4562 4012 4630 τὴν

727 4642 852 4681 cum
906 4627 1161 4679 audimus
1204 4641 1327 4678 eum
1365 4625 1629 4694 Spiritum
1660 4642 1783 4681 esse
1839 4629 1952 4683 oris
1985 4629 2168 4692 illius;
2209 4631 2301 4684 sed

729 4735 926 4774 nomen
970 4720 1073 4773 hoc
1136 4719 1413 4774 sufﬁciens
1470 4720 1636 4774 fuerit
1682 4721 1750 4775 ad
1783 4721 2022 4790 Spiritus
2071 4738 2137 4777 ex
2178 4723 2303 4778 Deo

724 4813 1097 4868 exsistentiatn
1127 4811 1524 4867 indicandam.»
1546 4814 1680 4868 Cum
1707 4816 1871 4883 igitur
1894 4832 2124 4885 magnus
2145 4815 2306 4870 Pater

725 4908 956 4962 Basilius
988 4907 1159 4975 ipsam
1188 4908 1255 4959 de
1286 4906 1393 4960 Deo
1426 4906 1659 4975 Spiritus
1682 4909 2051 4963 exsistcutiam
2078 4910 2305 4965 indicari

723 5018 820 5070 per
844 5014 1056 5063 vocem,
1088 5014 1210 5069 quae
1242 5009 1491 5054 sanctum
1518 4999 1782 5069 Spiritum
1823 5001 1915 5056 Dei
1942 5003 2204 5071 Spiritum
2229 5003 2310 5057 di-

724 5094 822 5157 cit,
859 5091 1147 5161 perspicue
1170 5100 1405 5154 asserat,
1433 5095 1708 5160 quomodo
1740 5109 1844 5146 non
1867 5094 2145 5149 evidenter
2167 5095 2311 5149 Pho-

721 5185 835 5240 tius
856 5183 1087 5253 ipsi,qui
1121 5199 1215 5252 per
1233 5199 1491 5253 magnum
1514 5186 1766 5239 Basilium
1792 5187 2054 5256 loquitur,
2082 5189 2307 5257 Spiritui

728 5278 823 5331 Dei
851 5276 1202 5339 contradicit,
1229 5276 1359 5330 dum
1385 5277 1843 5346 diﬂercntiasjam
1870 5280 2042 5333 dictas
2067 5282 2262 5349 rtliugit
2290 5281 2312 5334 ?

727 5367 952 5428 Magnus
982 5367 1219 5421 Basilius
1245 5384 1303 5420 ιι
1329 5366 1588 5435 Spiritum
1612 5368 1702 5421 Dei
1731 5368 2033 5433 audientes,
2068 5388 2086 5419 ι
2114 5371 2309 5445 inquii,

730 5484 747 5514 ι
770 5477 832 5514 ex
857 5463 965 5516 Deo
985 5461 1244 5516 Spiritum
1265 5461 1523 5516 exsistere
1546 5462 1984 5530 coguom-imusp
2013 5473 2065 5517 ct
2087 5462 2313 5516 l’hotius

801 5616 878 5686 (α)
916 5616 1191 5671 Romanos
1221 5633 1327 5672 non
1364 5618 1643 5686 speciatim
1682 5620 2029 5689 reprehendit
2066 5619 2310 5682 Photilts.

726 5702 911 5739 \t‘t'tllll
945 5689 1320 5742 ()Ccidcutalcs
1355 5692 1671 5743 uuiviirsiut.

800 5758 876 5823 (1)
913 5756 1059 5810 Fort.
1093 5758 1315 5820 ἀγνοέειν
1354 5770 1409 5811 ιιι
1441 5761 1577 5825 apud
1618 5760 1889 5811 l’holium.

799 5828 873 5891 (‘2)
908 5828 1101 5882 Eadem
1138 5830 1316 5883 Basilii
1350 5831 1507 5887 verba
1537 5846 1599 5885 ex
1630 5828 1685 5881 L.
1726 5828 1786 5884 l\'
1816 5848 1863 5886 ς.
1905 5830 2037 5885 Eun.
2061 5829 2119 5884 L.
2157 5831 2221 5887 Ill
2247 5834 2311 5888 ad

2414 4649 2651 4722 ὕπαρξιν
2678 4651 2843 4703 αὑτοῦ
2881 4652 3121 4721 δηλῶσαι
3152 4653 3254 4724 τὴν
3286 4653 3351 4705 ἐκ
3381 4651 3518 4705 Θεοῦ
3554 4652 3688 4723 (2).:
3723 4652 3832 4705 Τοῦ
3868 4656 4011 4719 γοῦν

2415 4743 2657 4811 μεγάλου
2689 4744 2903 4813 Πατρὸς
2924 4743 3208 4797 Βασιλείον
3237 4745 3407 4808 αὐτὴν
3427 4742 3527 4813 τὴν
3550 4748 3615 4796 ἐκ
3644 4742 3783 4795 Θεοῦ
3821 4743 4013 4813 ῦπαρ-

2416 4832 2498 4897 ξιν
2523 4832 2617 4886 τοῦ
2648 4835 2967 4904 Πνεύματος
3007 4834 3300 4903 δηλοῦσθαι
3330 4835 3724 4903 διασαφοῦντος
3758 4836 3873 4887 ἀπὸ
3904 4836 4012 4903 τῆς

2414 4922 2679 4991 λεγούσης
2714 4925 2900 4991 φωνῆς
2936 4924 3162 4993 Πνεῦμα
3192 4926 3328 4977 Θεοῦ
3360 4927 3421 4977 τὸ
3468 4924 3691 4993 Πνεῦμα
3723 4925 3786 4976 τὸ
3819 4926 4011 4994 ἅγιον,

2416 5012 2533 5075 πῶς
2570 5013 2633 5064 οὑ
2664 5013 2948 5082 προδήλως
2997 5014 3148 5084 αὐτῷ
3180 5014 3258 5083 τῷ
3287 5015 3377 5067 δια
3428 5014 3521 5066 τοῦ
3559 5013 3798 5083 μεγάλου
3836 5012 4016 5065 Βασι-

2416 5102 2560 5155 λείου
2588 5103 2839 5157 λαλοῦντι
2872 5104 3154 5173 Πνεύματι
3182 5105 3276 5157 τοῦ
3306 5104 3443 5157 Θεοῦ
3465 5104 3668 5166 Φώτιος
3698 5104 4015 5173 ἀντιλέγων

2417 5196 2565 5249 ἐστὶν
2593 5199 2669 5266 ('5)
2703 5200 2760 5249 ὲν
2782 5200 2901 5260 ταῖς
2929 5197 3031 5268 ἤδη
3058 5198 3340 5268 ῥηθείσαις
3371 5196 3693 5266 διαφοραίς;
3727 5215 3745 5246 ι
3776 5198 4014 5265 Πνεῦμα

2417 5288 2554 5342 Θεοῦ
2587 5329 2602 5352 ,
2642 5309 2659 5341 ι
2699 5292 2884 5357 φησὶν,
2925 5308 2943 5341 ι
2987 5289 3279 5352 ἀκούοντες
3316 5309 3361 5352 ι,
3420 5293 3447 5343 ὁ
3484 5290 3657 5356 μέγας
3691 5290 4013 5352 Πασίλειος,

2424 5403 2442 5433 ι
2485 5384 2549 5434 ἐκ
2578 5382 2715 5435 Θεοῦ
2775 5384 3043 5453 ὑπάρχειν
3076 5384 3136 5435 τὸ
3174 5384 3397 5452 Πνεῦμα
3430 5386 3776 5450 γινώσκομεν
3814 5383 3896 5445 (ιι
3928 5397 3944 5411 ο
3989 5400 4010 5432 ι

2418 5475 2512 5526 καί
2546 5474 2749 5537 (Natio;
2785 5475 2935 5543 λέγει
2963 5491 2977 5505 ο
3012 5495 3029 5527 ι
3066 5475 3296 5545 Ἕτερον
3328 5477 3360 5544 ὴ
3390 5474 3537 5539 λέξις
3564 5479 3869 5544 παρὶστησι
3906 5489 4013 5545 ση-

2420 5628 2619 5682 Τίιιξοάλ
2652 5646 2701 5684 c.
2738 5632 2766 5681 7
2799 5630 2863 5680 (ἰ.
2900 5630 2963 5680 (l.
2995 5628 3057 5693 l',
3092 5628 3210 5682 14³2.

2494 5702 2569 5765 (ὃ)
2612 5701 2774 5754 Paulli
2806 5701 2958 5751 aliter
2988 5702 3021 5749 ῖ.
3060 5718 3103 5753 λῃ.
3136 5722 3182 5751 c.
3219 5706 3272 5763 δ,
3312 5714 3361 5767 ρ.
3396 5700 3514 5755 155.

2493 5772 2568 5839 (ί)
2607 5773 2679 5825 Iit.
2720 5793 2768 5822 ι·.
2806 5773 2854 5835 7,
2893 5787 2940 5840 ιι,
2984 5771 3099 5823 HS.
