4214 6448
255 366 364 431 873

1185 367 1619 429 ΗΕΕΠΤΑΤιΟ
1661 366 1872 428 LIBRI
1915 365 2236 427 GEORGII
2272 355 2550 428 CYPRII.

3385 361 3494 428 87!.

255 495 353 550 γος
399 482 530 534 ἄλλο
567 482 664 550 μὲν
697 480 980 550 σημαίνειν
1001 479 1062 532 τὸ
1089 479 1152 531 ἐκ
1197 479 1430 550 Πατρδς,
1468 478 1544 547 μὴ
1571 493 1807 547 προσκει·

1933 475 2117 529 omnia
2145 475 2447 537 examinat,
2479 463 2820 543 Tbeologus,
2847 468 3180 539 expiscatur,
3226 468 3374 525 aliud
3405 481 3508 528 no-

256 574 424 642 μένου
472 573 568 625 καὶ
609 571 700 624 τοῦ
732 572 880 635 Υἱοῦ,
911 571 1043 625 ἄλλο
1071 571 1127 624 δὲ
1159 572 1220 624 τὸ
1248 572 1312 623 ὲκ
1345 571 1559 638 [ἰατρὸς
1602 571 1670 624 δι’
1694 569 1824 622 Υίοῦ

249 666 675 734 ἐκπορεύεσθαι.
716 684 734 717 ι
783 665 880 717 Ἐκ
932 662 1027 716 τοῦ
1069 665 1308 735 Πατρὸς,
1345 682 1364 714 ι
1413 664 1599 732 φησιν,
1656 663 1825 715 ἐκπο-

249 757 590 828 ρεύεσθαιτὸ
618 759 885 825 πανάγιον
918 756 1142 825 Πνεῦμα
1178 753 1312 825 παρ’
1345 753 1512 808 αὑτοῦ
1532 755 1624 808 τοῦ
1680 752 1819 806 Θεοῦ

243 852 342 902 καὶ
367 852 547 918 Λόγου
577 845 859 920 μαθόντες,
895 849 958 903 ὲκ
982 848 1076 902 τοῦ
1138 846 1354 917 Πατρδς
1390 847 1484 899 καὶ
1516 847 1617 916 τὴν
1644 845 1824 916 ἀρχὴν

246 942 398 1010 ἔχειν
429 941 819 1012 ὁμολογοῦμεν.
853 961 870 992 ι
909 942 1142 1020 Ἀληθὴς
1200 941 1234 1010 ἡ
1264 939 1546 1010 ὁμολογία.
1594 937 1826 1008 Ἐφεεῆς

249 1033 306 1085 δὲ
335 1030 714 1103 παρακατιὼν,
753 1050 771 1083 ι
816 1027 956 1085 Εξδὲ
1001 1033 1094 1084 καὶ
1123 1030 1212 1082 διὰ
1261 1029 1357 1082 τοῦ
1412 1029 1564 1095 Υίοῦ,
1594 1046 1612 1080 ι
1663 1029 1822 1096 φησὶ,
1870 1075 1879 1083 .

249 1145 268 1179 ι
304 1131 461 1197 παρά
488 1145 603 1180 τισι
667 1125 775 1180 τῶν
800 1106 976 1194 ἁγίων
1020 1124 1421 1193 ἐκπορεύεσθαι
1476 1125 1540 1177 τὸ
1597 1123 1821 1192 Πνεῦμα

237 1220 302 1270 τὸ
337 1219 498 1284 ἅγιον
540 1218 779 1289 εἴρηται,
809 1215 910 1288 τὴν
959 1217 1129 1270 ἀΐδιον
1159 1217 1424 1285 ἔκφανσιν
1464 1217 1496 1286 ἡ
1536 1215 1699 1293 λέξις,
1741 1215 1819 1266 ἑν-

237 1311 438 1373 ταῦθα,
473 1311 534 1362 οὐ
568 1311 666 1379 τὴν
697 1313 776 1372 είς
799 1309 861 1361 τὸ
880 1307 1026 1360 εἶναι
1079 1307 1336 1379 καθαρῶς
1369 1308 1660 1376 σημαίνειν
1694 1306 1819 1376 βούο

237 1402 396 1455 λεται
449 1403 694 1471 πρόοδον.
740 1420 757 1451 ι
799 1400 914 1454 Οὐκ
936 1400 1146 1470 ἀληθὴς
1184 1397 1422 1452 ἐνταῦθα
1448 1401 1482 1467 ὴ
1519 1399 1630 1451 τῶν
1669 1399 1816 1487 aliter

235 1491 553 1561 λεγομένων
575 1490 889 1560 περίληψις.
966 1490 1035 1544 Ἦ
1052 1490 1158 1560 γὰρ
1188 1489 1416 1559 ἀλήθεια
1442 1491 1571 1559 μιᾶς
1609 1485 1817 1553 ἐννοίας

235 1587 330 1637 κει)⁵
353 1585 446 1637 ἐπ’
473 1585 674 1652 ἀμφοῖν
694 1586 805 1636 τοῖν
834 1583 1148 1652 προσώποιν
1169 1583 1511 1652 σημαντικην
1541 1583 1639 1653 τὴν
1669 1583 1817 1648 λέξιν

237 1677 498 1744 βούλεται
525 1674 685 1730 εἶναι.
724 1678 785 1729 El
810 1675 864 1728 δὲ
901 1677 996 1729 καὶ
1035 1674 1200 1730 πάλιν
1251 1675 1352 1744 τὴν
1387 1675 1817 1746 ἑπινενοημένην

1935 576 2050 621 tare
2075 581 2144 622 ex
2172 565 2354 632 Patre,
2386 578 2513 620 cum
2546 580 2653 618 non
2687 557 2906 618 additur
2941 555 3138 627 Filius,
3179 572 3232 617 et
3261 563 3407 616 aliud
3437 580 3505 619 ex

1932 655 2092 712 Patre
2132 671 2229 727 per
2264 653 2460 711 Filium
2495 656 2810 724 proccdere.
2850 674 2868 708 ι
2903 653 2980 709 Ex
3032 652 3216 718 Patre.
3249 672 3268 706 ι
3305 655 3506 726 inquit,

1939 766 1958 799 ι
1995 748 2408 804 sanctissimum
2457 741 2720 816 Spiritum
2764 749 3084 819 procedere,
3121 749 3191 804 ab
3241 748 3362 819 ipso
3396 748 3506 806 Deo

1932 847 1988 892 et
2019 837 2195 892 Verbo
2237 830 2440 904 edocti,
2497 855 2563 893 ex
2611 837 2772 896 Patre
2818 849 2872 896 et
2921 840 3252 911 principium
3301 840 3506 905 habere

1931 930 2276 985 conﬁtemur.
2314 950 2335 983 ο
2385 932 2523 987 Vera
2556 931 2747 987 istbaac
2804 932 3085 989 confessio
3135 930 3240 990 est.
3274 921 3345 987 Et
3384 949 3510 989 ora-

1932 1023 2134 1076 tionem
2169 1039 2529 1094 prosequens,
2573 1025 2652 1080 ait
2684 1040 2699 1078 :
2740 1042 2759 1076 ι
2790 1023 2940 1080 Licet
2971 1025 3115 1079 enim
3149 1041 3181 1080 a
3229 1026 3509 1082 nonnullis

1929 1114 2134 1169 sanctis
2204 1129 2298 1184 per
2361 1115 2559 1172 Filium
2616 1112 2914 1187 procedere
2976 1115 3218 1186 Spiritus
3279 1127 3508 1173 sanctus

1927 1205 2230 1273 astu-natur,
2256 1209 2425 1264 dictio
2463 1212 2556 1268 hic
2595 1212 2649 1266 in
2677 1215 2943 1268 aeternum
2990 1211 3358 1278 effulsiouem,
3393 1227 3503 1268 non

1927 1301 1994 1354 ad
2042 1311 2165 1356 esse
2211 1313 2346 1369 pure
2379 1289 2653 1372 signiﬁcat
2688 1313 3068 1375 progresSum.
3102 1310 3122 1356 ι
3174 1291 3308 1370 Quae
3350 1305 3504 1359 bisce

1927 1393 2108 1447 verbis
2151 1381 2591 1463 complectuntur
2644 1412 2781 1465 pura
2831 1406 2964 1466 puta
3013 1395 3301 1450 mendacia
3349 1406 3502 1450 sunt.

1929 1481 2145 1540 Veritas
2195 1486 2468 1555 siquidem
2519 1491 2698 1556 poscit
2751 1489 2999 1544 eamdem
3060 1487 3387 1544 sententiam
3447 1487 3502 1539 in

1930 1575 2202 1630 ambabus
2228 1577 2483 1646 personis
2511 1577 2757 1633 dictione
2801 1577 2968 1632 simili
3005 1577 3314 1632 connotari.
3344 1576 3503 1642 Quod

1923 1658 1969 1717 si
2013 1680 2206 1722 rursus
2235 1665 2668 1723 commentitiam
2719 1669 2862 1724 banc
2895 1659 3262 1722 diﬁ‘erentiam
3303 1680 3504 1721 conce—

232 1769 446 1838 ταύτην
477 1771 738 1840 διαφορὰν
791 1772 1262 1842 συγχωρήσωμεν,
1325 1770 1546 1838 ἔλεγχός
1595 1786 1678 1828 τις
1717 1767 1807 1820 καὶ

1925 1757 2140 1822 damus,
2175 1758 2255 1812 si'c
2297 1757 2461 1812 etiam
2519 1760 2648 1813 novi
2701 1755 2938 1827 hujusce
2991 1754 3374 1835 haeresiarcba:
3415 1774 3501 1813 se-

231 1859 381 1913 οὕτω
437 1863 534 1915 τοῦ
592 1865 713 1915 νέου
753 1862 1108 1933 αἰρεσιάρχου
1163 1864 1285 1917 κατ’
1340 1862 1498 1916 ἄλλον
1549 1858 1807 1929 ἀνακύψει

1919 1852 2161 1905 cundum
2205 1850 2366 1906 aliam
2411 1853 2679 1907 rationem
2714 1851 2976 1908 refutatio
3021 1862 3298 1923 assurget.
3329 1850 3501 1905 Detur

229 1955 324 2004 τὸν
385 1955 568 2020 λόγον.
640 1955 825 2009 Ἔστω
881 1973 986 2020 σοι,
1026 1949 1071 2009 ὢ
1101 1950 1279 2020 οὗτος,
1335 1956 1370 2024 ἡ
1417 1953 1480 2007 ὲκ
1505 1954 1715 2021 Πατρὸς
1744 1953 1812 2007 δι’

231 2043 364 2096 Υἰοῦ
401 2045 758 2116 ὲκπόρευσις,
788 2047 1050 2114 ἔκφανσις
1075 2047 1170 2099 τοῦ
1207 2046 1529 2116 Πνεύματος
1559 2047 1641 2100 δι’
1675 2044 1808 2100 Υίοῠ

229 2140 296 2191 ἐκ
325 2140 564 2209 Πατρός.
596 2142 852 2212 Εἰλήφθω
881 2159 967 2196 σοι
1014 2144 1107 2195 καὶ.
1148 2144 1191 2213 ἡ
1238 2142 1515 2211 ἔκφανσις,
1572 2143 1720 2205 ὅπως
1748 2141 1813 2195 ἂν

229 2233 330 2283 καὶ
366 2235 584 2305 ἀρέσκῃ
617 2251 718 2287 σοι.
775 2235 840 2287 Τί
881 2236 1075 2304 φήσεις
1123 2235 1312 2288 ἔκτοτε
1365 2235 1496 2305 περὶ
1536 2235 1637 2302 τῆς
1678 2232 1813 2298 ὅιὰς

237 2325 551 2394 ’Υπουργὸν
585 2328 731 2396 ἐρεῖς
755 2327 845 2379 τὸν
886 2327 1168 2396 Μονογενῆ
1221 2327 1324 2394 τῆς
1379 2327 1811 2396 ὲπινενοημένης

228 2433 314 2468 σοι
355 2435 374 2467 ι
408 2417 475 2469 δι’
511 2417 672 2470 αὑτοῦ
706 2417 1019 2485 ὲῖῖφάνσεως
1039 2419 1134 2472 τοῦ
1163 2418 1513 2486 Πνεύματος,
1551 2403 1571 2468 ἰ
1610 2419 1674 2470 ὲκ
1702 2419 1812 2471 Πα-

224 2507 380 2574 τρὸς,
439 2507 596 2576 ἢτὴν
660 2507 910 2562 ἐντεῦθεν
968 2507 1371 2578 εὐλαϐούμενος
1423 2507 1805 2579 βλασφημίαν,

226 2599 473 2668 φυσικὴν
525 2597 618 2650 τοῦ
660 2599 1000 2668 Μονογενοῦς
1055 2600 1150 2652 ἐπὶ
1214 2603 1279 2671 τῇ
1305 2601 1572 2670 ἔκφάνσει
1602 2602 1808 2672 ταύτην

224 2687 326 2756 τὴν
357 2689 633 2756 μεσιτείαν
663 2689 1056 2760 όμολογήσειςς
1109 2691 1171 2744 El
1205 2691 1263 2745 δὲ
1317 2693 1562 2762 φυσικῶς
1617 2694 1808 2763 ἐκφαί-

223 2796 382 2830 νεται
409 2780 497 2832 διὰ
526 2780 679 2846 Υίοῦ,
717 2783 913 2834 ταυτὸν
951 2784 1010 2835 δ’
1070 2784 1266 2848 εἰπεῖν,
1315 2785 1678 2856 ἐκπορεύεται
1719 2786 1808 2840 διὰ

223 2869 357 2921 Υἱοῦ
394 2871 536 2922 κατὰ
567 2872 624 2922 σέ
646 2885 662 2901 ⁸
691 2868 799 2943 ἄρα
848 2875 1260 2946 ζυγομαχήσεις
1293 2877 1385 2928 καὶ⁵
1414 2875 1496 2929 ἔτι
1522 2876 1662 2946 πρὶς
1707 2877 1806 2946 τὴν

222 2963 335 3015 τῶν
368 2962 428 3026 ἐξ
483 2964 685 3032 ἀμφοῖν
747 2965 1144 3036 ἐκπορεύεσθαι
1184 2967 1245 3020 cs
1297 2966 1807 3039 Πνεῦμαλεγόντων

220 3059 497 3127 είρὴνηνς
547 3060 580 3127 ή
637 3062 745 3128 γὰρ
793 3059 892 3114 διὰ
941 3061 1186 3128 φυσικῶς
1244 3063 1547 3134 είλημμένη
1613 3080 1694 3117 σοι
1745 3062 1805 3142 τὸ

223 3153 366 3222 πρὸς
396 3151 496 3221 τὴν
525 3151 594 3217 ἐπε
654 3153 756 3205 οὐκ
792 3153 1174 3223 ἁπαρνήσεται
1240 3155 1557 3225 ίσοδύναμον
1592 3173 1606 3187 ο
1643 3157 1678 3227 ἢ
1703 3155 1798 3211 νῦν
1823 3185 1870 3244 c

221 3243 324 3312 μὲν
364 3243 562 3305 δώσεις
613 3243 673 3295 τὸ
713 3245 776 3296 ἐκ
835 3245 1050 3314 Πατρὸς
1105 3245 1185 3298 δι’
1218 3246 1353 3299 Υίοῦ
1409 3246 1799 3317 ἐκπορεύεσθαι

216 3333 393 3403 μηδὲν
413 3333 689 3402 διαφέρειν
714 3333 807 3386 τοῦ
841 3334 899 3398 ιξ
916 3337 1142 3404 ἀμφοῖν,
1169 3335 1263 3388 νῦν
1292 3336 1349 3388 δὶ
1375 3335 1532 3390 τοῦτο
1571 3338 1632 3389 ού
1672 3354 1802 3405 συγ-

211 3425 535 3493 χωρήσειςς
582 3423 721 3475 Ἀλλ’
751 3425 798 3476 εί
825 3425 1008 3490 τοῦτο,
1075 3426 1173 3494 οὐχ
1231 3426 1377 3481 οὕτω
1435 3443 1494 3479 σε
1573 3428 1800 3499 ἀπηνῶς

213 3515 432 3567 ἔδειτὰ
458 3516 583 3569 καθ’
649 3516 808 3584 ἡμῶν
858 3519 1262 3587 ἁπερεύγεσθαι
1327 3520 1644 3590 βλάσφημα,
1707 3525 1798 3574 καὶ

211 3606 311 3658 τοῦ
377 3608 619 3679 πονηροῦ
651 3611 838 3663 καλεῖν
872 3613 1021 3680 ἡμᾶς
1057 3611 1288 3680 ὄργανα,
1335 3614 1429 3665 καὶ
1466 3617 1631 3666 τέκνα
1681 3633 1797 3684 μω-

215 3697 369 3766 μητὰ
403 3697 504 3765 τῆς
529 3698 619 3749 τοῦ
653 3698 787 3751 Θεοῦ
833 3699 1182 3768 Ἐκκλησίας,
1207 3702 1302 3751 καὶ
1338 3701 1487 3764 υἱοὺς
1511 3702 1678 3772 αὐτῆς
1703 3701 1797 3756 ἁλ-

208 3788 464 3854 λστρίους
509 3805 569 3840 τε
601 3791 694 3842 καὶ¹
724 3791 1090 3860 χωλεύοντας,
1127 3793 1222 3843 καὶ
1278 3794 1527 3861 πονηρὰν
1598 3796 1794 3861 γενεὰν

211 3877 308 3928 καὶ
342 3877 813 3948 διεστραμμένην,
838 3880 934 3932 καὶ
956 3879 1126 3932 τάλλά
1184 3879 1284 3931 ὅσα
1317 3880 1348 3946 ἡ
1391 3879 1458 3948 σὴ
1508 3878 1793 3946 γλωσσαλ-

209 3969 307 4036 τία
334 3968 437 4038 τῆς
479 3969 633 4037 ἡμῶν
679 3969 966 4031 εὐσεϐείας
1027 3969 1531 4039 καταθρασύνεται.
1572 3972 1634 4024 El
1687 3973 1792 4043 γὰρ

206 4066 325 4116 ἐστι
363 4081 450 4126 τις
491 4065 822 4131 ὲκπόρευσις
847 4064 935 4116 διὰ
961 4065 1302 4135 Υίοῡ,.μηδὲν
1326 4066 1642 4135 τῆςὲξΥίοῦ
1677 4066 1794 4119 δια-

208 4159 480 4226 φέρουσα,
511 4157 574 4224 οὐ
598 4156 731 4208 τόσα
755 4159 918 4225 ἡμεῖς
939 4159 1038 4210 ὅσα
1064 4159 1126 4210 σὺ
1161 4159 1342 4226 βούλει
1365 4158 1502 4211 Θεοῦ
1555 4176 1795 4228 προσκε-

205 4249 550 4316 κρούκαμεν.
573 4247 632 4299 Εἰ
653 4246 812 4316 δὲμία
831 4265 911 4311 τις
940 4249 1131 4319 ἐστινὴ
1161 4252 1502 4320 ὲκπόρευσις,
1527 4251 1665 4320 ὅπερ
1698 4247 1792 4306 οὖν

206 4341 325 4398 ταῖς
358 4335 636 4405 ἀληθείαις
659 4339 752 4388 καὶ
814 4336 928 4390 εστι
985 4340 1079 4390 καὶ
1138 4341 1386 4409 φυσικῶς
1434 4341 1789 4412 εἰλημμένης,

209 4428 297 4478 ne
329 4427 508 4496 αὐτῆς
552 4428 649 4496 τῆς
680 4427 798 4491 διὰ,
829 4430 926 4481 οὐκ
953 4431 1066 4499 ἔχει
1119 4447 1204 4490 τις
1235 4432 1550 4501 διαὸολικῆς
1594 4435 1792 4487 ἐνστά-

1919 1940 2044 2006 tibi,
2071 1956 2105 1995 ο
2137 1938 2359 2010 Cyprie,
2395 1957 2462 1995 ex
2505 1940 2666 1996 Patre
2695 1957 2792 2011 per
2823 1941 3023 1996 Filium
3057 1941 3496 2012 processionem,

1917 2027 2264 2087 eﬂulsionem
2296 2047 2422 2088 esse
2458 2033 2702 2103 Spiritus
2731 2049 2795 2090 ex
2826 2021 2988 2090 Patre
3015 2049 3114 2104 per
3139 2032 3365 2088 Filium.
3398 2033 3498 2087 As-

1919 2136 2169 2179 sumatur
2220 2127 2411 2186 etiam.
2464 2133 2523 2180 ut
2574 2113 2668 2180 tibi
2708 2124 2881 2192 lubet,
2930 2126 3035 2181 ista
3090 2125 3331 2191 eﬂ'ulsio,
3362 2126 3494 2195 quid

1917 2226 2032 2270 tum
2079 2223 2264 2287 postea
2313 2219 2382 2273 de
2449 2217 2834 2290 prmpositione
2893 2235 2986 2288 per
3041 2220 3498 2275 asseveraveris?

1905 2299 2289 2366 Allirmabisne
2361 2298 2710 2381 Unigenitum
2758 2311 2989 2382 hujusce
3039 2327 3136 2382 per
3170 2320 3226 2367 te
3275 2308 3496 2379 excogi-

1917 2410 2040 2456 tata:
2079 2421 2097 2454 ι
2132 2400 2438 2458 eﬂ'ulsionis
2484 2403 2725 2474 Spiritus
2767 2420 2862 2474 per
2918 2406 3122 2475 ipsum,
3160 2425 3179 2458 ι
3232 2420 3301 2461 ex
3334 2405 3496 2458 Patre

1912 2491 2215 2550 eﬂulsioni‘s
2268 2496 2692 2553 administrum?
2725 2495 2821 2553 Vel
2872 2513 2995 2568 qua:
3043 2499 3170 2554 inde
3226 2498 3494 2562 exoritur,

1911 2585 2307 2656 blaSpbemiam
2354 2590 2551 2652 vitans.
2586 2591 2887 2647 naturalem
2935 2592 3208 2663 Unigeniti
3248 2593 3300 2646 in
3331 2576 3496 2647 effut-

1913 2678 2070 2733 sione
2119 2679 2260 2735 banc
2309 2681 2696 2737 mediationem
2733 2683 2988 2738 astrues?
3031 2684 3190 2750 Quod
3247 2685 3296 2738 si
3337 2693 3487 2738 natu-

1913 2771 2100 2824 raliter
2133 2787 2230 2840 per
2267 2769 2466 2825 Filium
2501 2757 2765 2846 effulget,
2793 2767 2846 2829 id
2896 2776 3039 2830 idem
3089 2774 3256 2829 fuerit
3285 2774 3491 2838 dicere,

1911 2868 1962 2914 te
1999 2858 2222 2927 judice,
2273 2861 2529 2917 Procedit
2573 2877 2670 2933 per
2732 2863 2956 2919 Filium.
3007 2862 3074 2917 Et
3123 2864 3493 2918 contendesne

1921 2957 2087 3020 ultra,
2122 2963 2177 3008 et
2208 2954 2278 3009 ab
2308 2970 2501 3011 eorum
2543 2957 2769 3024 unione,
2796 2958 2890 3028 qui
2925 2973 2989 3012 ex
3043 2969 3277 3026 utroque
3316 2955 3494 3026 Spiri-

1909 3052 2020 3097 tum
2068 3049 2364 3113 procedere
2415 3048 2667 3117 probant,
2717 3057 2770 3104 te
2822 3047 3160 3104 subtrabes?
3206 3065 3300 3118 per
3335 3050 3482 3103 enim

1910 3137 2222 3206 praepositio
2275 3154 2305 3193 a
2359 3151 2410 3194 te
2456 3141 2780 3196 naturaliter
2834 3155 3114 3210 assumpta
3172 3157 3331 3212 pares
3379 3135 3486 3197 sibi

1909 3229 2053 3284 vires
2083 3246 2206 3286 cum
2236 3231 2619 3301 praepositione
2646 3249 2712 3287 ea:
2755 3249 2864 3288 non
2905 3234 3140 3289 destruit
3174 3250 3190 3289 :
3226 3246 3319 3290 aut
3343 3252 3488 3290 nunc

1904 3319 2126 3390 Quidem
2181 3324 2453 3379 concedes
2501 3339 2566 3378 ex
2619 3325 2778 3380 Patre
2829 3341 2924 3395 per
2979 3325 3180 3382 Filium
3222 3328 3486 3398 procede-

1904 3428 1964 3467 re
2019 3413 2159 3468 idem
2213 3429 2335 3469 esse
2379 3431 2443 3470 ac
2483 3431 2547 3469 ex
2612 3427 2844 3486 utroque
2907 3417 3087 3486 ipsum
3146 3418 3483 3486 precedere,

1902 3501 2052 3559 nunc
2099 3505 2232 3560 illud
2287 3507 2502 3562 inﬁcias
2557 3508 2761 3562 iveris?
2819 3509 3024 3574 Quodsi
3070 3509 3122 3563 id
3172 3521 3285 3576 est,
3339 3511 3484 3564 baud

1902 3594 2204 3648 addecebat
2238 3604 2290 3648 te
2320 3597 2459 3650 adeo
2486 3597 2796 3652 immaniter
2823 3598 2879 3651 in
2909 3613 3009 3654 nos
3040 3599 3357 3670 blaspheme
3389 3601 3480 3655 illa

1899 3695 2178 3759 eructare,
2211 3693 2268 3740 et
2318 3687 2554 3756 improbi
2588 3703 2690 3742 nos
2727 3690 3094 3745 instrumenta
3125 3693 3480 3760 compellare.

1899 3791 1953 3835 et
1984 3779 2128 3834 fetus
2163 3781 2254 3833 Dei
2293 3779 2554 3834 Ecclesia»,
2603 3768 3025 3851 vituperabilcs,
3062 3793 3118 3838 et
3149 3783 3291 3837 lilios
3330 3785 3479 3840 illius

1898 3872 2114 3939 spurios
2160 3879 2214 3924 et
2245 3872 2647 3936 claudicantes,
2699 3882 2751 3926 et
2805 3888 3025 3941 pravam
3071 3876 3480 3943 generationem

1899 3974 1954 4017 et
1982 3977 2321 4032 perversam,
2357 3964 2599 4034 aliaque,
2635 3981 2758 4034 qua:
2794 3976 2883 4019 tua
2917 3977 3181 4022 venenata
3211 3969 3479 4025 dicacitas

1899 4067 2092 4111 contra
2125 4065 2368 4111 nostram
2401 4058 2657 4125 pietatem
2705 4060 2973 4114 audacter
3019 4060 3480 4130 impudentemue

1897 4148 2218 4204 deblaterat.
2272 4149 2485 4203 Etenim
2541 4149 2587 4203 si
2650 4160 2734 4206 est
2787 4151 2970 4220 aliqua
3031 4156 3314 4224 processio
3377 4168 3474 4226 per

1897 4237 2096 4292 Filium
2129 4240 2198 4292 ab
2243 4256 2328 4303 ea,
2362 4254 2484 4309 qua
2513 4249 2598 4295 est
2627 4255 2695 4295 ex
2737 4241 2899 4310 Filio,
2933 4244 3161 4298 minime
3193 4245 3474 4311 differens,

1897 4345 2005 4383 non
2036 4338 2116 4384 tot
2145 4331 2306 4385 malis
2342 4345 2468 4394 nos,
2511 4341 2646 4401 quot
2683 4341 2739 4387 tu
2777 4335 2883 4400 vis,
2915 4335 2970 4387 in
3011 4333 3103 4389 Dei
3131 4348 3184 4389 et
3218 4333 3475 4396 Ecclesia:

1893 4425 2257 4479 otiensionem
2308 4425 2627 4480 incidimus.
2661 4425 2869 4490 Quodsi
2913 4443 3020 4482 una
3051 4439 3138 4484 cst
3169 4434 3470 4501 processio,

211 4530 352 4576 σεως
397 4517 522 4585 δίχα
574 4519 632 4569 τὸ
664 4520 870 4588 ταύτης
899 4523 1036 4589 πρὸς
1086 4522 1185 4588 τὴν
1234 4521 1303 4584 ἐξ
1361 4522 1790 4605 ἀπαρνήσασθαι

1906 4518 2043 4586 quod
2067 4517 2283 4571 veritati
2305 4515 2485 4587 palam
2506 4518 2722 4583 nititur,
2754 4529 2809 4573 et
2843 4521 3169 4576 naturaliter
3191 4539 3473 4595 assumpta

213 4610 563 4677 ίσοδύναμον,
598 4610 670 4679 μὴ
694 4615 853 4681 μόνον
888 4614 948 4663 οὐ
976 4612 1093 4680 Θεῴ
1131 4614 1668 4683 προσκεκρούκαμεν
1695 4613 1791 4666 ἐπὶ

1906 4612 1952 4662 in
1993 4610 2110 4678 ipsa
2145 4626 2260 4678 per,
2319 4625 2482 4666 nemo
2512 4620 2692 4680 potest
2744 4612 2954 4682 absque
2996 4615 3267 4672 diabolica
3302 4619 3474 4672 obsti-

207 4705 272 4769 τῇ
302 4705 434 4770 παρ’
479 4705 638 4772 ἡμῶν
664 4703 1069 4776 σπουδασθείσῃ
1097 4706 1288 4756 ἑνώσει
1332 4705 1439 4757 τῶν
1466 4704 1630 4758 αὑτοῦ
1659 4703 1786 4758 Ἐκ-

211 4796 480 4864 κλησιῶν,
533 4798 668 4851 ἀλλὰ
721 4800 812 4855 καὶ
863 4801 1010 4852 πάνυ
1058 4799 1321 4867 θεοφιλῶς
1373 4801 1474 4852 ἐπ’
1522 4800 1662 4870 αὐτῇ
1693 4800 1792 4872 τὴν

208 4887 317 4939 τῶν
353 4889 612 4957 Ματέρων
644 4888 759 4941 ὁδὸν
806 4887 1156 4958 ὲδαὸἰσαμεν.

278 5168 347 5228 ζ’.
402 5184 420 5218 ι
457 5168 594 5236 Οὐχὶ
615 5167 708 5220 τὸν
762 5168 978 5238 Πατέρα
1031 5172 1224 5233 αἴτιον,
1263 5189 1281 5222 ι
1330 5173 1513 5240 φησὶν,
1545 5189 1564 5222 ι
1611 5174 1644 5243 ἡ
1693 5172 1788 5225 τοῦ

145 5252 149 5256 ’
208 5259 361 5311 θείου
423 5258 518 5311 τοῦ
569 5260 1003 5330 Πνεύματοςδιὰ
1044 5261 1175 5314 Υίοῦ
1228 5263 1593 5334 Δαμασκηνοῦ
1628 5267 1790 5335 παρί-

207 5367 371 5419 στησι
399 5350 637 5421 ῥῆσις,ή
696 5353 780 5403 ὃτι
835 5352 1135 5421 προϐολεύς
1163 5358 1282 5406 ἐστι
1311 5358 1401 5408 το]
1468 5359 1791 5426 ἐκφαντορι-

207 5442 306 5495 κοῦ
345 5443 669 5512 Πνεύματος
692 5446 718 5496 ὁ
755 5446 944 5514 Πατὴρ
978 5445 1068 5497 διὰ
1106 5445 1201 5498 τοῦ
1235 5448 1364 5500 Υἱοῦ
1399 5449 1657 5516 λέγουσα.
1710 5453 1784 5504 0'3

203 5537 246 5589 δ’
277 5538 361 5598 είς
392 5536 584 5600 τρῦτον
633 5537 888 5606 οὐδαμῶς
932 5539 1074 5609 αὕτη
1130 5544 1286 5612 φέρει
1345 5544 1437 5596 τὸν
1460 5543 1607 5606 νοῦν,
1650 5547 1785 5598 ἁλλὰ

207 5628 463 5700 βούλεται
495 5630 711 5698 τρανῶς
740 5631 928 5699 τὴνδι¹
971 5633 1100 5686 Υίοῦ
1147 5637 1210 5686 ἐκ
1245 5635 1456 5706 Πατρὸς
1487 5637 1579 5690 τοῦ
1614 5640 1786 5691 ﬁve-3-

207 5738 378 5790 ματος
406 5723 767 5790 παριστάνειν
818 5725 1147 5792 φανέρωσιν.
1191 5749 1208 5777 ι
1268 5728 1378 5779 Καὶ
1435 5731 1518 5790 τίς
1571 5730 1784 5783 ἀκούων

204 5812 456 5875 τοιαῦτα,
493 5815 588 5865 ἐπὶ
615 5817 680 5884 τῇ
700 5816 949 5885 θεολογίᾳ
972 5816 1116 5869 οὓτω
1144 5819 1562 5889 νομοθετοῦντος
1591 5821 1780 5891 αὑτοῦ,

525 5911 800 5972 Ριτιιοι..
844 5913 955 5972 Gtt.
993 5912 1191 5974 CXLI.

1894 4703 2117 4758 natione
2157 4704 2402 4772 ejusdem
2450 4713 2507 4757 et
2581 4705 2988 4772 prepositionis
3020 4721 3084 4759 ex
3138 4723 3300 4778 pares
3333 4711 3474 4764 vires

1893 4795 2151 4863 inticiari,
2197 4806 2408 4850 tantum
2445 4796 2744 4862 abfuimus,
2782 4808 2841 4850 ut
2875 4799 2930 4851 in
2965 4796 3059 4854 Dei
3104 4803 3465 4858 otl'ensionem

1893 4889 2291 4956 iucideremus,
2320 4905 2443 4944 cum
2493 4888 2866 4944 Ecclesiarum
2913 4893 3167 4946 unionem
3202 4910 3465 4964 procura-

1892 4984 2092 5046 vimus,
2127 4991 2185 5036 ut
2231 4985 2316 5054 pie
2355 4985 2652 5039 admodum
2696 4986 2748 5039 in
2794 5002 2855 5040 ea
2906 4988 3208 5059 peragenda
3246 4989 3468 5044 Patrum

1892 5087 2200 5129 nostrorum
2235 5077 2377 5130 viam
2407 5078 2830 5134 calcaverimus.

1959 5168 2012 5220 7.
2063 5187 2081 5220 ι
2117 5166 2236 5223 Νυιι
2285 5169 2528 5234 Patrem,
2566 5189 2584 5222 ι
2617 5172 2714 5238 ait,
2768 5193 2786 5225 ι
2826 5190 3048 5228 causam
3100 5178 3336 5247 Spiritus
3370 5196 3469 5250 per

1890 5257 2090 5313 Filiqu
2120 5260 2290 5315 divini
2327 5260 2647 5318 Damasceni
2675 5264 2884 5321 dictum
2935 5274 3276 5345 comprobat,
3319 5283 3464 5346 quod

1888 5351 2280 5420 productorem
2313 5371 2433 5409 esse
2470 5359 2767 5414 reVelantis
2813 5362 3055 5430 Spiritus
3108 5367 3324 5422 Patrem
3365 5388 3447 5440 pe.

1887 5444 2085 5498 Filium
2121 5447 2306 5500 tradit.
2342 5446 2504 5503 Nullo
2557 5453 2721 5506 modo
2764 5452 2817 5508 id
2854 5457 3092 5512 similem
3126 5461 3463 5518 intellectum

1887 5538 2142 5605 admittit,
2192 5541 2284 5595 sed
2347 5540 2504 5608 plane
2557 5543 2737 5598 innuit
2793 5561 2888 5610 per
2936 5546 3134 5606 Filium
3184 5569 3251 5608 ex
3306 5555 3465 5613 Patre

1889 5629 2703 5700 Spiritus‘tttattifestatimtetn.
2746 5656 2764 5687 ι
2812 5639 2872 5691 Iit
2907 5641 3029 5708 quis
3079 5645 3329 5712 audiens,
3381 5665 3460 5701 st-

1888 5724 2037 5777 Inilia
2093 5724 2273 5792 ipsum
2332 5727 2382 5777 in
2445 5728 2609 5780 rebus
2665 5729 2987 5802 tbeologicis
3050 5735 3458 5806 decernentem,

1887 5819 2140 5875 eumdem
2165 5830 2280 5873 atra
2312 5820 2416 5875 bile
2447 5823 2626 5890 pulum
2666 5822 2914 5880 laborare
2949 5845 3055 5883 non
3093 5836 3454 5911 existimabit,

2977 5919 3052 5981 28
