4214 6448
740 472 846 536 879

1790 463 1999 526 ΙΟΑΝ.
2041 465 2250 527 VECCI
2291 464 2403 525 ΟΡ.
2446 462 2955 524 ΡΑΤΒΙΑΒΕΙΙΕ

3874 466 3988 530 880

744 582 955 646 missio,
981 593 1090 649 qua
1125 578 1333 634 ratione
1362 592 1455 648 per
1490 576 1689 631 Filium
1730 588 1990 648 perpetuo
2015 578 2303 649 eﬂulgens,
2338 593 2381 643 Α

2338 593 2381 643 Α
2410 577 2569 631 τοῦτο
2627 578 2720 630 καὶ
2755 577 3103 646 σὶωπήσομεν
3141 593 3151 604 ·
3190 577 3236 628 εἰ
3268 578 3311 630 δ’
3345 578 3419 642 ὼς
3446 578 3538 633 τοῦ
3579 580 3702 635 Υξοῦ
3744 583 3990 650 φυσικῶς

742 690 851 729 non
887 672 1257 727 exsistentiam
1323 670 1520 723 habere
1555 683 1647 736 per
1676 665 1873 722 Filium
1908 669 2144 738 Spiritus
2178 684 2308 723 san-

741 774 863 820 ctus
892 761 1266 831 intelligetur?
1295 760 1376 826 Si,
1412 759 1490 815 uti
1526 775 1619 830 per
1647 761 2067 815 instrumentum
2093 760 2307 823 senile,

738 854 1064 911 conceditur
1104 852 1209 907 huc
1243 851 1311 908 ab
1342 851 1443 906 ista
1472 851 1828 916 decernente,
1872 851 2193 905 tacebixnus.
2246 849 2303 904 Si

738 963 867 1003 vero
904 946 980 1000 uti
1008 944 1148 999 Filio
1178 944 1501 999 naturaliter
1539 944 1593 996 in
1623 941 1907 997 etl'ulsione
1946 942 2052 996 hac
2099 959 2160 996 ex
2200 939 2307 994 Pa-

738 1049 843 1101 tre,
860 1045 950 1091 aut
970 1033 1429 1099 manifestatione,
1445 1041 1499 1086 et
1517 1032 1971 1101 suppeditatione,
1994 1041 2046 1085 et
2068 1030 2305 1094 datione,

736 1140 791 1183 et
825 1126 1082 1182 missione
1134 1123 1428 1186 mediante,
1460 1121 1729 1176 naturalis
1772 1122 1876 1176 ista
1915 1120 2176 1177 mediatio
2215 1134 2309 1189 per

739 1218 934 1273 Filium
970 1233 1036 1271 ex
1062 1214 1223 1270 Patre
1255 1223 1383 1270 ante
1412 1226 1499 1267 res
1527 1227 1719 1267 omnes
1752 1213 1888 1267 alias
1925 1213 2306 1267 exsistentiam

736 1304 1294 1373 corroboratzctqui
1336 1318 1432 1370 per
1478 1300 1672 1355 Filium
1708 1301 2082 1355 exsistentiam
2134 1303 2305 1355 abne-

736 1406 846 1468 gat,
878 1409 991 1451 tum
1050 1396 1121 1450 ob
1175 1395 1493 1450 innovatum
1545 1392 1826 1458 ordinem,
1887 1394 2306 1449 ctexsistentia!

735 1493 1214 1561 improbationem,
1262 1497 1316 1544 et
1373 1490 1684 1543 universam
1733 1488 1893 1543 ﬁdem
1943 1489 2196 1558 abnegat,
2250 1499 2309 1544 ut

735 1597 859 1637 eum
894 1596 1091 1651 magno
1115 1588 1170 1635 et
1200 1580 1385 1633 divino
1419 1578 1618 1632 Basilio
1641 1578 1853 1648 loquar,
1888 1580 2034 1648 quod
2067 1581 2307 1634 servien-

736 1677 896 1738 tium,
928 1684 980 1728 et
1006 1672 1435 1726 ministrantium
1471 1672 1657 1735 modo,
1681 1674 1865 1738 utjam
1891 1672 2303 1740 supposuimus,

736 1765 1052 1823 necessario
1108 1763 1226 1817 hzee
1288 1763 1472 1816 omnia
1516 1762 1931 1832 suppeditentur
1957 1777 2051 1830 per
2083 1760 2304 1823 Filium,

733 1856 1121 1928 suppeditatio,
1153 1855 1398 1924 inquam,
1423 1853 1570 1908 datio
1596 1892 1611 1917 ,
1658 1852 1867 1918 missio,
1907 1852 2301 1914 manifestatio,

2412 669 2503 722 ἐπὶ
2531 673 2598 739 τῇ
2626 671 2690 722 ἐκ
2724 668 2933 738 [ἰατρὸς
2964 667 3235 737 ἐκλάμψει
3278 670 3473 743 ταύτῃ,
3505 672 3536 740 ἦ
3570 673 3662 724 καὶ
3700 673 3990 739 ὲκφάνσει,

2417 761 2514 813 καὶ
2551 761 2814 830 χορηγίᾳ,
2853 760 2945 812 καὶ
2972 760 3137 823 δόσει,
3165 760 3258 812 καὶ
3282 762 3553 831 ἀποστολῇ
3588 762 3993 831 μεσιτεύοντος,

2413 853 2446 920 ἡ
2480 850 2685 921 φυσικὴ
2740 850 2877 920 αὕτη
2939 851 3189 920 μεσιτεία
3230 851 3327 921 τὴν
3361 852 3429 905 δι’
3482 852 3609 904 Υἱοῦ
3659 856 3722 906 ἐκ
3776 853 3994 924 Πατρὸς

2412 944 2517 1013 προ
2566 943 2675 995 τῶν
2726 942 2901 994 ἄλλων
2938 942 3197 995 ἁπάντων
3238 944 3550 1012 συνίστησιν
3583 943 3817 1014 ὓπαρξιν
3850 961 3863 973 ·
3900 945 3995 996 καὶ

2410 1036 2438 1087 ὁ
2470 1034 2568 1104 τὴν
2592 1032 2659 1085 δι’
2686 1033 2815 1085 Υἱοῦ
2846 1032 3256 1104 ἁπαρνούμενος
3282 1033 3516 1101 ὓπαρξιν
3538 1034 3626 1087 διά
3655 1051 3713 1086 τε
3742 1035 3841 1103 τὴν
3863 1033 3995 1102 περὶ

2410 1124 2509 1193 τὴν
2565 1123 2718 1189 τάξιν
2775 1124 3130 1193 καινοτομίαν
3187 1125 3279 1177 καὶ
3337 1125 3509 1193 αὐτῆς
3564 1126 3661 1192 τῆς
3703 1124 3997 1194 ὑπάρξεως

2410 1215 2668 1284 ἀθέτησιν
2713 1218 2806 1268 καὶ
2856 1214 2984 1283 ὅλης
3046 1217 3281 1268 ποιεῖται
3339 1218 3439 1285 τῆς
3486 1215 3724 1278 πίστεως
3763 1216 3995 1286 ἄρνησιν

2410 1307 2556 1359 κατά
2586 1308 2678 1359 τὸν
2703 1308 2878 1376 μέγαν
2906 1309 3078 1359 εἰπεῖν
3122 1308 3217 1360 καὶ⁴
3243 1307 3383 1360 θεῖον
3410 1308 3712 1371 Βασίλειον,
3736 1308 3827 1362 διά
3847 1326 3905 1360 τε
3932 1307 3995 1360 τὸ

2412 1398 2766 1468 ὑπηρετικῶς
2804 1399 2896 1450 καὶ
2926 1396 3317 1468 ὶειτουργικῶς
3344 1399 3485 1451 κατὰ
3516 1399 3616 1469 τὴν
3649 1400 3911 1452 ὑπίθεσιν
3936 1400 3997 1465 ἐξ

2412 1490 2659 1568 ἀνάγκης
2687 1489 2860 1542 ταῦτα
2883 1490 3062 1543 πάντα
3090 1491 3448 1561 χορηγεῖσθαι
3465 1492 3533 1544 δι’
3553 1492 3706 1557 Υἱοῦ,
3729 1493 3999 1563 χορηγίαν

2407 1581 2572 1649 φημὶ,
2607 1580 2775 1644 δόσιν,
2820 1582 3149 1652 ἀποστολὴν,
3199 1583 3525 1653 φανέρωσιν,
3563 1584 3852 1652 ἐκφανσιν,
3901 1584 3998 1636 καὶ

2405 1672 2533 1723 εἴτι
2567 1671 2697 1724 ἄλλο
2750 1671 2996 1739 βούλεταί
3046 1689 3131 1734 τις
3177 1672 3358 1739 λέγειν
3403 1674 3663 1736 τοιοῦτον,
3705 1673 3995 1743 προδήλως

2406 1763 2529 1813 κατ’
2586 1762 2771 1815 οὐσίαν
2821 1764 2916 1815 καὶ
2961 1763 3123 1831 φύσιν
3170 1765 3406 1834 διίστησι
3452 1765 3541 1817 τὸν
3586 1766 3713 1818 Υίὸν
3758 1768 3868 1819 ἀπο
3901 1763 3999 1818 τεῦ

2410 1853 2647 1921 Πατρός.
2684 1854 2833 1917 Τέως
2858 1855 2913 1906 δὲ
2947 1858 3108 1908 ποίαν
3138 1857 3238 1925 οὑχ
3271 1858 3591 1927 ὑπερϐαίνει
3633 1859 3731 1928 τὴν
3765 1859 3996 1925 ἀλογίαν

732 1950 971 2011 ellulsio.
1014 1958 1069 2002 et
1101 1948 1145 2003 si
1185 1946 1314 2016 quid
1354 1945 1497 1999 aliud
1521 1944 1791 2015 quispiam
1830 1945 2094 2007 attulerit,
2123 1943 2304 1997 mani-
2338 1934 2376 1988 Β

2338 1934 2376 1988 Β
2408 1944 2477 1998 δι’
2509 1944 2639 1996 Υἱοῦ
2674 1946 2766 1997 καὶ
2804 1946 2861 2010 ἐξ
2890 1945 3018 1998 Υίοῧ
3051 1948 3318 2017 ὑπάρχειν
3349 1949 3408 2001 τὺ
3435 1950 3660 2019 Πιεῦμα
3688 1950 3999 2019 ὀμολο-έείι,

736 2044 877 2099 festo
924 2040 1220 2098 secundum
1276 2037 1574 2091 essentiam
1631 2045 1684 2090 et
1726 2046 1975 2090 naturam
2040 2033 2237 2088 Filium
2272 2048 2304 2088 a

734 2133 894 2189 Patre
926 2131 1210 2188 dissociat.
1269 2128 1513 2185 Tandem
1574 2144 1737 2199 quam
1792 2142 1900 2181 non
1958 2135 2183 2196 superat
2210 2127 2305 2181 ab-

734 2226 960 2287 surdam
1012 2221 1379 2306 temeritatem
1431 2219 1681 2275 conliteri
1738 2233 1833 2288 per
1869 2216 2068 2271 Filium
2125 2227 2180 2272 et
2232 2233 2299 2272 ex

2412 2036 2509 2089 καὶ
2540 2036 2711 2089 ταῦτα
2750 2040 3145 2108 προσκειμένου
3177 2042 3243 2108 τῇ
3282 2040 3374 2092 τοῦ
3409 2041 3673 2110 ὑπάρχειν
3698 2042 3868 2106 λέξει,
3906 2043 4002 2093 καὶ

2411 2129 2505 2183 τοῦ
2535 2129 2779 2197 φυσικῶς
2810 2147 2868 2182 τε
2906 2132 3000 2184 καὶ
3028 2133 3323 2196 οὖσιωδῶς,
3373 2135 3469 2188 κα)⁸
3499 2135 3597 2203 τὴν
3627 2134 3693 2187 δι’
3738 2135 3871 2187 Υίοῦ
3904 2136 4001 2186 καὶ

2409 2220 2469 2285 ὲξ
2505 2219 2635 2273 Υἱοῦ
2660 2219 2894 2291 ὓπαρξιν
2919 2223 3283 2293 ἀπαρνεῖσθαι
3306 2223 3402 2277 τοῦ
3430 2226 3781 2297 Πνεύματοςς

736 2319 875 2374 Filio
924 2316 1189 2387 Spiritum
1219 2314 1503 2379 exsistere,
1544 2311 1629 2368 cui
1656 2312 1770 2382 jam
1792 2310 2009 2365 additur
2044 2310 2213 2366 dictio
2242 2311 2509 2368 exsistere
2537 2328 2590 2370 et
2651 2317 2972 2371 naturaliter
3034 2326 3089 2373 ct
3141 2320 3531 2387 essentialiter,
3563 2332 3616 2377 et
3642 2338 3762 2376 eam
3794 2363 3809 2388 ,
3876 2338 4002 2392 qua:

736 2425 832 2482 per
857 2408 1075 2472 ,Filinm
1124 2416 1178 2463 et
1207 2422 1275 2462 ex
1322 2404 1462 2460 Filio
1515 2413 1618 2471 est,
1654 2403 1890 2473 Spiritus
1925 2403 2299 2457 exsistentiam
2334 2403 2611 2460 inliciari?

812 2500 900 2555 10.
938 2520 956 2552 ι
993 2499 1098 2554 Sed
1117 2514 1212 2570 per
1242 2497 1463 2560 Filium,
1495 2514 1511 2547 ι
1540 2497 1635 2563 ait,
1667 2519 1688 2546 σ
1722 2506 1775 2549 et
1795 2510 1861 2550 ex
1880 2494 2018 2550 Filio
2049 2496 2313 2550 naturali-

736 2605 818 2650 ter
855 2592 1163 2655 exsistere,
1216 2604 1323 2644 non
1359 2603 1485 2642 vero
1545 2603 1639 2658 per
1696 2586 1892 2641 Filium
1941 2595 1990 2640 et
2046 2600 2111 2640 ex
2170 2585 2309 2640 Filio

734 2682 1110 2737 exsistentiam
1165 2679 1366 2733 habere
1394 2715 1411 2742 ,
1460 2676 1553 2745 qui
1604 2675 1657 2729 id
1700 2676 2056 2730 enuntiarunt
2088 2674 2307 2743 Patres,

736 2773 867 2827 fassi
920 2780 1067 2825 sunt.
1107 2788 1127 2823 ι
1194 2768 1238 2824 Ο
1280 2776 1531 2838 argutum
1572 2767 1695 2821 talia
1753 2765 2112 2821 asserentium
2176 2781 2307 2819 acu-

739 2881 862 2920 men
892 2865 904 2915 !
940 2863 1113 2929 Quam
1145 2860 1488 2915 admirabilis
1544 2868 1647 2921 cst,
1702 2859 1786 2914 ων
1819 2857 2034 2927 Cyprie,
2073 2868 2164 2911 tua
2195 2858 2307 2911 haec

737 2954 1045 3026 sapientia!
1081 2962 1139 3007 ut
1177 2951 1442 3007 sublimes
1477 2958 1604 3004 sunt
1662 2955 1718 3002 et
1750 2950 1907 3018 plane
1936 2949 2182 3002 aetherem
2214 2965 2306 3002 eo-

736 3048 1035 3117 gitationes
1062 3046 1075 3099 ι
1114 3043 1181 3097 At
1211 3058 1313 3114 ego
1344 3042 1437 3113 qui
1470 3056 1574 3095 non
1620 3041 1692 3095 ita
1720 3041 1972 3096 curiosus
2002 3056 2122 3094 sum
2146 3080 2161 3106 ,
2209 3039 2305 3093 scd

739 3143 891 3196 rudis
917 3139 1211 3207 liebesque,
1244 3136 1375 3190 illud
1404 3153 1418 3188 :
1448 3151 1513 3189 ex
1553 3132 1690 3189 Filio
1718 3135 2032 3189 naturaliter
2046 3133 2306 3203 Spiritum

2493 2496 2544 2551 ι’.
2588 2518 2607 2551 ι
2656 2501 2819 2555 Ἀλλά
2846 2501 2915 2555 δι’
2950 2502 3103 2565 Υίοῡ,
3141 2522 3161 2556 ι
3198 2505 3354 2574 φησὶ,
3391 2525 3408 2557 ι
3446 2506 3539 2560 καὶ
3565 2506 3625 2571 ἐξ
3656 2506 3786 2559 Υἱοῦ
3838 2523 3909 2575 φυ
3925 2525 4000 2558 :1-

2416 2588 2530 2652 κῶς
2582 2590 2872 2661 ὑπάρχειν,
2923 2592 3188 2660 οὑμενουν
3234 2593 3304 2645 δι’
3346 2593 3471 2646 Υίοῦ
3505 2596 3598 2647 καὶ
3648 2593 3708 2657 ἐξ
3739 2592 3871 2646 Υίοῦ
3899 2594 4000 2662 τὴν

2415 2679 2652 2752 ὕπαρξιν
2689 2682 2834 2752 ἔχειν
2878 2685 2928 2736 οἱ
2961 2682 3248 2754 εἰρηκότες
3277 2683 3523 2754 Πατέρες
3556 2684 3616 2737 τὸ
3663 2685 3890 2753 Πνεῦμα
3938 2685 4001 2736 τὸ

2415 2770 2572 2837 ἅγιον
2616 2770 2843 2840 ἔφησαν.
2882 2791 2900 2824 ι
2958 2773 3071 2842 Τῆς
3108 2773 3311 2842 λεπτῆς
3360 2776 3467 2828 τῶν
3509 2775 3684 2827 ταῦτα
3728 2776 4001 2842 λεγοιτω)

2415 2860 2626 2923 ἐννοίας
2662 2862 2675 2913 l
2720 2862 2808 2924 Ὠς
2839 2862 3124 2934 θαυμαστή
3164 2880 3279 2928 σου,
3312 2864 3550 2935 Κόπριε,
3578 2868 3610 2935 ἡ
3641 2865 3842 2934 γνῶσις
3873 2869 3884 2918 !
3922 2868 4001 2929 ὡς

2415 2951 2596 3022 ὑψηλά
2624 2969 2717 3006 σου
2747 2955 2813 3007 τά
2863 2956 3113 3024 νοήματα
3158 2956 3249 3008 καὶ
3278 2956 3496 3028 αἰθέρια
3526 2959 3538 3009 ε
3591 2957 3734 3026 Ἐγὼ
3770 2960 3827 3011 δὲ
3864 2960 4002 3026 αφε-

2412 3042 2540 3108 λῶς,
2584 3043 2659 3108 ὡς
2708 3044 2817 3115 ἔχω
2866 3046 2962 3098 καὶ
2992 3045 3164 3110 οὕτως
3212 3048 3518 3113 ἰδιωτικῶς,
3550 3052 3611 3103 τὸ
3640 3053 3703 3102 ἑκ
3740 3050 3836 3103 τοῦ
3864 3049 3999 3103 Υἱοῦ

2415 3136 2661 3203 φυσικῶς
2724 3137 2990 3206 ὑπάρχειν
3045 3138 3106 3191 τὸ
3167 3139 3392 3209 Πνεῦμα
3448 3142 3530 3203 είς
3585 3142 3685 3209 τὴν
3746 3140 3805 3205 ἐξ
3862 3141 3999 3193 rio-3

736 3235 1022 3295 exsistere,
1081 3244 1177 3299 pro
1241 3225 1562 3282 exsistentia
1611 3241 1677 3279 ex
1736 3224 1871 3279 Filio
1929 3239 2203 3280 assumo:
2255 3232 2378 3307 etc

2336 3246 2378 3307 ε
2409 3228 2647 3299 ὓπαρξιν
2677 3231 3005 3301 ἐκλαμϐάνω
3029 3250 3041 3262 ·
3078 3233 3169 3286 καὶ
3202 3232 3301 3303 τὴν
3340 3232 3409 3297 ἐξ
3444 3234 3563 3286 ἀντὶ
3586 3233 3682 3300 τῆς
3720 3234 3820 3287 διὰ
3854 3236 4000 3288 κατὰ

738 3319 1174 3396 ριαεροείιὶοηοιιι
1202 3332 1286 3381 ex,
1320 3316 1439 3369 loco
1479 3314 1878 3384 prmpositionis
1922 3328 2032 3379 per,
2063 3322 2121 3366 ut
2171 3313 2309 3366 scri-

741 3416 846 3484 ptis
890 3414 1143 3466 mandata
1208 3407 1429 3463 traditio
1492 3407 1723 3469 intonat,
1783 3407 1850 3460 de
1906 3404 2043 3460 Filio
2097 3420 2309 3474 semper

740 3506 1037 3573 accipiens,
1087 3517 1194 3555 non
1250 3501 1387 3553 duas
1435 3512 1631 3552 causas
1665 3496 1925 3566 Spiritus,
1972 3498 2064 3552 sed
2093 3496 2306 3551 Patrem

740 3611 960 3651 causam
999 3608 1095 3661 per
1124 3590 1325 3644 Filium
1368 3590 1559 3652 multa,
1590 3604 1710 3658 qua:
1743 3605 1805 3643 ex
1838 3588 2105 3657 theologia
2133 3589 2310 3641 oritur

740 3682 1069 3740 conlidentia
1103 3722 1118 3747 ,
1179 3679 1483 3749 deprzcdico
1513 3718 1528 3744 ,
1581 3688 1635 3732 et
1684 3692 2029 3748 pragressum
2066 3694 2133 3732 ex
2197 3677 2310 3732 sole

744 3791 839 3846 per
897 3771 1108 3826 radium
1169 3768 1393 3824 luminis
1428 3783 1526 3837 pro
1580 3768 1898 3822 exsistentia
1942 3782 2037 3837 per
2094 3769 2307 3822 radium

744 3866 1096 3932 interpretor,
1127 3865 1184 3912 ut
1217 3867 1405 3927 postea
1438 3856 1607 3911 multa
1638 3872 1759 3911 cum
1794 3856 2040 3912 libertate
2061 3871 2125 3912 ex
2160 3864 2309 3909 utro-

741 3970 868 4027 que,
899 3954 1014 4008 sole
1038 3966 1231 4020 nempe
1261 3957 1315 4003 et
1341 3949 1514 4013 radio,
1542 3947 1720 4000 lumen
1760 3961 1880 4001 esse
1911 3946 2259 4016 pronuntiem
2289 3962 2306 4012 ;

741 4056 795 4100 et
827 4054 884 4099 ut
903 4046 1065 4098 etiam
1102 4040 1311 4095 radium
1338 4037 1541 4093 fontem
1568 4036 1787 4091 luminis
1818 4050 2061 4091 asserere
2082 4038 2306 4106 possim.

742 4137 897 4203 Quod
929 4149 1056 4189 vero
1092 4147 1258 4203 negas
1294 4130 1491 4185 habere
1534 4129 1791 4198 Spiritum
1821 4144 1915 4197 per
1966 4127 2163 4182 Filium
2196 4139 2249 4180 et
2279 4142 2309 4181 a

744 4228 905 4288 Filio.
935 4226 987 4280 id
1025 4240 1127 4293 ego
1171 4221 1475 4278 exosculari
1524 4220 1809 4284 conﬁteor,
1859 4219 2065 4273 dictum
2127 4218 2308 4288 magni

743 4317 936 4371 Basilii
975 4333 1003 4369 a
1034 4314 1173 4368 Filio
1206 4312 1469 4382 Spiritum
1495 4326 1616 4368 eSSe
1653 4311 1952 4365 decernens
1983 4311 2120 4363 inter
2161 4309 2311 4361 theo-

744 4410 915 4479 lOgica
949 4408 1096 4461 illius
1126 4405 1318 4475 placita
1352 4417 1710 4467 enumerans;
1752 4401 2209 4471 quemadmodum
2259 4408 2312 4451 et

744 4500 874 4555 illud
901 4499 1041 4554 beati
1065 4496 1242 4551 Patris
1270 4494 1438 4548 nostri
1468 4491 1719 4564 Nysseni.
1741 4495 1884 4563 quod
1914 4493 2062 4546 illum
2087 4507 2149 4542 ex
2174 4488 2310 4542 Filio

741 4608 864 4647 esse
894 4591 1154 4644 declarat.

818 4683 903 4736 ll.
937 4700 956 4731 ι
994 4679 1330 4739 Communis,
1365 4696 1385 4729 ι
1422 4676 1514 4739 ait,
1551 4695 1569 4728 ι
1592 4676 1826 4730 essentia
1848 4684 1901 4728 et
1929 4684 2119 4726 natura
2142 4674 2311 4744 hypo-

743 4784 951 4830 staseus
984 4788 1148 4827 causa
1169 4786 1272 4825 non
1307 4778 1388 4824 est
1416 4787 1430 4823 Ζ
1455 4784 1578 4823 CUI“
1611 4783 1784 4837 neque
1806 4782 2044 4835 unquam
2069 4774 2307 4834 generet,

746 4883 922 4936 neque
960 4866 1240 4934 producat.
1272 4860 1396 4916 Haec
1421 4860 1729 4916 communis
1753 4860 1985 4913 essentia
2010 4857 2312 4909 individuo-

748 4975 868 5011 rum
909 4966 1011 5010 est.
1035 4954 1233 5009 Verum
1289 4950 1521 5006 essentia
1550 4965 1674 5004 cum
1717 4948 2162 5018 proprietatibus,
2194 4965 2313 5018 quae

752 5050 910 5118 plane
941 5046 1264 5101 auctoritate
1297 5043 1477 5113 magni
1510 5040 1727 5096 Maximi
1770 5041 1943 5110 ipsam
1980 5041 2311 5111 liypostasim

753 5151 939 5206 notat;
967 5141 1075 5193 imo
1105 5139 1267 5193 etiam
1289 5138 1460 5206 ipsius
1486 5135 1665 5205 magni
1695 5134 1897 5189 Basilii.
1921 5134 2020 5189 llic
2049 5134 2311 5204 siquidem

748 5237 873 5288 item
901 5230 1111 5297 delinit,
1141 5227 1473 5300 bypostasim
1501 5241 1641 5293 esse,
1672 5241 1793 5295 qua:
1823 5240 2113 5279 commune
2144 5236 2199 5279 et
2231 5227 2313 5279 in-

747 5337 1217 5405 circumscriptum
1237 5334 1288 5386 in
1308 5348 1366 5387 re
1384 5332 1564 5400 aliqua
1581 5346 1670 5399 per
1686 5341 2004 5400 apparentes
2021 5332 2318 5400 proprieta-

749 5440 830 5484 tes
854 5435 1202 5496 reprmsentat
1237 5434 1290 5478 ct
1320 5422 1738 5478 circumscribit.
1766 5439 1784 5471 ι
1822 5420 1966 5491 Euge
1996 5422 2135 5474 lianc
2171 5432 2315 5474 tuam

748 5518 1168 5580 confessionem,
1200 5517 1324 5570 licet
1353 5513 1420 5569 ad
1478 5514 1645 5575 aliud,
1682 5526 1779 5565 nec
1828 5513 1999 5581 ipsam
2035 5512 2318 5566 veritatem

753 5611 1050 5680 respiciens
1097 5611 1258 5663 allata
1314 5607 1515 5660 dixeris
1542 5607 1555 5658 l
1583 5603 1698 5658 Non
1738 5619 2085 5657 communem
2120 5620 2315 5659 essen-

748 5704 878 5757 tiam
909 5713 963 5755 et
988 5710 1261 5760 naturam.
1282 5699 1374 5751 sed
1397 5712 1518 5749 cum
1548 5694 1977 5765 proprietatibus
2006 5698 2317 5760 essentiam,

752 5810 872 5862 qua:
910 5792 1083 5861 palam
1117 5791 1286 5859 ipsam
1320 5787 1655 5857 liypostasim
1682 5796 1849 5851 notat,
1878 5802 2096 5841 causam
2148 5787 2313 5855 hypo-

751 5884 913 5943 Stasis
948 5898 1066 5940 esse
1112 5880 1321 5943 lateris,
1356 5891 1405 5933 et
1435 5894 1694 5952 generare
1746 5891 1798 5933 et
1835 5879 2134 5949 producere
2164 5880 2321 5933 simi-

2411 3323 2713 3393 παράδοσιν
2748 3324 3031 3394 γραφικὴν
3062 3326 3156 3378 ἐπὶ
3182 3326 3278 3377 τοῦ
3313 3325 3442 3378 Υἱοῦ
3475 3326 3771 3395 λαμϐάνων
3796 3327 3911 3389 ἀεὶ,
3934 3327 3997 3378 οὐ

2407 3414 2501 3467 δύο
2529 3414 2623 3467 τοῦ
2675 3416 2995 3486 Πνεὺματος
3024 3418 3195 3480 αἴτια,
3227 3416 3318 3470 τὸν
3341 3416 3398 3469 δὲ
3430 3418 3647 3488 Πατέρα
3698 3419 3876 3471 αἴτιον
3908 3417 3937 3468 δ
3964 3421 3999 3470 ά

2408 3505 2504 3559 τοῦ
2537 3507 2669 3560 Υίοῦ
2703 3510 2843 3577 μετά
2880 3507 3079 3560 πολλοὺ
3111 3507 3205 3561 τοῦ
3241 3509 3332 3562 ἐπὶ
3365 3512 3430 3578 τῇ
3472 3508 3721 3579 θεολογτᾳ
3753 3508 3998 3579 θάρρους

2408 3598 2773 3669 ἀνακηρύττω
2802 3615 2817 3628 ο
2860 3600 2957 3651 καὶ
2987 3599 3085 3671 τὴν
3114 3602 3177 3652 ὲκ
3206 3600 3299 3653 τοῦ
3335 3601 3485 3669 ἡλίου
3525 3602 3610 3652 διὰ
3642 3602 3737 3669 τῆς
3770 3602 3997 3662 ἀκτῖνος

2410 3691 2640 3761 πρόοδον
2675 3692 2767 3743 τοῦ
2795 3691 2972 3759 φωτὸς
3005 3694 3085 3754 εἰς
3118 3691 3216 3762 τὴν
3249 3692 3337 3744 διὰ
3371 3694 3466 3760 τῆς
3500 3693 3717 3753 ἀκτῖνος
3755 3692 3997 3762 ὓπαρξιν

2409 3781 2738 3851 ἔξηγοῦμαι,
2803 3782 2891 3835 ἵνα
2952 3784 3090 3835 κατὰ
3152 3782 3358 3852 πολλὴν
3404 3783 3506 3852 τὴν
3549 3782 3735 3836 ἄδειαν
3782 3784 3877 3835 καὶ
3935 3784 3996 3846 ἐξ

2411 3874 2637 3941 ἀμφοῖν,
2684 3873 2779 3925 τοὺ
2811 3873 2964 3941 ἡλίου
2995 3873 3240 3943 δηλονότι
3281 3876 3375 3926 καὶ
3406 3874 3506 3941 τῆς
3532 3876 3747 3937 ἀκτῖνος
3779 3876 3839 3927 τι
3875 3876 3992 3943 φῶς

2410 3961 2555 4018 εἶναι
2598 3963 2836 4032 λέγοιμι,
2868 3966 2960 4016 καὶ
2994 3965 3080 4017 ἵνα
3108 3968 3203 4018 καὶ
3227 3966 3324 4035 τὴν
3360 3965 3557 4019 ἀκτῖνα
3590 3964 3772 4031 λέγειν
3804 3968 3994 4033 πηγὴν

2411 4053 2588 4122 φωτὸς
2652 4053 2853 4122 ἔχοιμι.
2909 4054 2973 4105 Ὃ
3021 4054 3077 4107 δὲ
3127 4048 3266 4108 εἶναι
3313 4055 3677 4123 ἀπαγορεύεις
3734 4057 3884 4124 ἔχειν
3932 4059 3995 4108 τὸ

2414 4144 2635 4213 Πνεῦμα
2668 4144 2735 4197 δι’
2764 4142 2893 4196 Υίοῢ
2925 4144 3021 4198 καὶ
3052 4146 3201 4214 παρὰ
3230 4145 3387 4212 Υἱοῦ,
3418 4147 3529 4214 ἐγὼ
3552 4147 3707 4201 τοῦτο
3736 4150 3994 4218 στέργειν

2413 4233 2686 4303 ὁμολογῶ,
2717 4236 2818 4304 τὴν
2858 4234 3013 4305 παρά
3043 4236 3137 4289 τοῦ
3168 4235 3298 4289 Υίοῦ
3335 4234 3475 4289 εἶναι
3511 4238 3572 4290 τὸ
3620 4238 3845 4307 Πνεῦμα
3873 4242 3996 4291 θεο-

2413 4326 2684 4395 λογοῦσαν
2719 4329 2878 4398 ῥῆσιν
2913 4327 3005 4381 τοῦ
3039 4328 3282 4398 μεγάλου
3322 4328 3629 4391 Βασιλείου,
3668 4333 3785 4390 ταῖς
3823 4331 3993 4383 αὑτοῦ

2414 4418 2716 4485 θεολογίαις
2740 4416 3011 4486 ὲγκρίνων
3045 4432 3061 4449 ⁸
3096 4417 3283 4489 ὥσπερ
3309 4418 3401 4472 οὖν
3423 4420 3515 4473 καὶ
3542 4419 3639 4488 τὴν
3669 4419 3761 4469 τοῦ
3807 4437 3993 4485 pax:-

2416 4507 2533 4575 ρίου
2584 4504 2795 4574 [ἰατρὸς
2849 4504 3005 4574 ἡμῶν
3056 4505 3147 4559 τοῦ
3195 4506 3438 4578 Νύσσης,
3472 4508 3569 4579 τὴν
3622 4512 3684 4560 ἐκ
3729 4507 3823 4561 τοῦ
3865 4510 3993 4563 Υὲοὖ

2341 4614 2385 4667 ι)
2414 4592 2556 4650 εἶναι
2587 4597 2718 4648 αὑτὸ
2748 4595 3032 4663 λέγουσαν.

2488 4693 2577 4740 ια’.
2626 4707 2643 4737 ι
2677 4687 2814 4756 Οὐχὶ
2874 4689 2906 4758 ἠ
2962 4687 3140 4755 κοινὴ,
3171 4706 3190 4739 ι
3226 4689 3410 4757 φησὶν,
3447 4708 3465 4741 ι
3499 4691 3655 4748 οὑσῖα
3696 4695 3789 4744 καὶ
3828 4696 3996 4761 φύσις

2413 4776 2763 4839 ὑποστάσεως
2815 4780 2962 4829 ἐστιν
2985 4778 3131 4832 αἰτία
3179 4780 3313 4848 μηδὲ
3345 4784 3642 4852 γεννητική
3684 4800 3842 4851 ποτε,
3871 4787 3996 4839 οὑῖὲ

2416 4868 2756 4937 προελητικὴ
2781 4868 2920 4937 αὕτη
2958 4887 3019 4937 γε
3056 4872 3089 4940 ὴ
3123 4871 3275 4941 κοινὴ
3310 4872 3469 4924 οὐσία
3500 4876 3709 4942 πέφυκε
3736 4877 3843 4928 τῶν
3867 4879 3998 4929 ἀτό-

2418 4972 2557 5023 μων,
2594 4958 2627 5025 ἡ
2660 4956 2716 5009 δὲ
2744 4960 2863 5026 μετ’
2912 4959 3223 5028 ἰδιωμάτων
3254 4960 3427 5023 οὑσία,
3462 4962 3582 5031 ἥτις
3616 4969 3799 5031 σαφῷς
3851 4970 3999 5019 κατὰ

2413 5049 2505 5102 τὸν
2566 5049 2740 5117 μέγαν
2786 5052 3041 5122 Μάξιμον
3097 5054 3269 5121 αὑτὴν
3305 5057 3454 5122 οηλοί
3509 5059 3606 5123 τὴν
3663 5058 3995 5117 ὑπόστασιν,

2429 5139 2591 5193 Ἀλλὰ
2620 5141 2714 5193 καὶ
2762 5142 2882 5194 κατ’
2912 5142 3075 5197 αὑτὸν
3120 5143 3186 5214 δὴ
3224 5145 3314 5199 τὸν
3354 5148 3524 5215 μέγαν
3556 5149 3860 5212 Βασίλεον,
3897 5154 3999 5205 κὰ-

2418 5234 2596 5295 κείνος
2632 5231 2740 5301 γὰρ
2770 5233 3012 5302 ὁρίζεται
3063 5236 3362 5291 ὑπόστασιν
3411 5237 3549 5292 εἶναι
3591 5240 3686 5309 τὴν
3719 5244 3778 5295 τὸ
3813 5248 3997 5299 κοινόν

2416 5339 2476 5374 τε
2506 5322 2600 5375 καὶ
2627 5324 3044 5393 ἀπερίγραπτον
3082 5328 3141 5378 ἐν
3189 5328 3265 5397 τῷ
3307 5346 3413 5382 τινι
3447 5332 3735 5401 πράγματι
3766 5334 3857 5388 διά
3884 5338 3997 5389 τῶν

2419 5418 2856 5487 ἐπιφαινομένων
2885 5420 3194 5489 ἰδιωμάτων
3226 5424 3577 5492 παριστῶοαν
3606 5429 3697 5478 καὶ
3723 5432 4000 5498 περιγρά-

2421 5526 2649 5579 φουσαν.
2687 5528 2705 5561 ι
2747 5511 2885 5580 Εὖγε
2918 5513 3014 5582 τῆς
3047 5514 3338 5584 ὁμολογίας
3364 5518 3588 5589 ταύτης,
3627 5513 3672 5572 ὦ
3698 5515 3850 5583 οὗτος
3883 5562 3899 5585 ,
3946 5524 3999 5576 εί.

2420 5602 2513 5654 καὶ
2544 5602 2678 5671 πρὸς
2713 5601 2841 5656 ἄλλο
2867 5620 2918 5656 τι
2952 5606 3103 5674 παρὰ
3128 5606 3226 5674 τὴν
3256 5607 3512 5677 ἀλήθειαν
3541 5611 3760 5680 ἀφορῶν
3788 5616 3855 5665 τά
3899 5619 4001 5683 ρη-

2424 5693 2583 5745 θέντα
2632 5695 2897 5762 είρήκεις.
2929 5697 3002 5747 Οὑ
3053 5696 3152 5767 τὴν
3194 5700 3378 5768 κοινὴν
3410 5701 3600 5752 οὑσίαν
3659 5705 3752 5753 xz‘:
3805 5705 3998 5768 φύσιν,

2421 5786 2518 5852 τὴν
2569 5785 2626 5837 δὲ
2680 5786 2795 5853 μετ’
2843 5786 3150 5856 ἰδιωμάτων
3193 5791 3402 5857 οὐσίαν,
3440 5792 3560 5861 ῆτις
3606 5794 3793 5859 σαφῶς
3820 5796 4001 5864 αὑτὴν

2422 5875 2570 5945 δηλῖ
2602 5876 2697 5945 τὴν
2739 5876 3059 5943 ὑπόστασιν,
3091 5880 3273 5933 αἰτίαν
3320 5882 3666 5941 ὑποστάσεως
3698 5878 3841 5935 εἶναι
3866 5883 4002 5937 ομο-
