4214 6448
700 349 803 414 881⁸

1766 361 1973 423 JOAN.
2020 364 2233 425 VECCI
2274 364 2382 424 ΟΡ.
2421 364 2931 425 ΡΑΤΒῘΑΗΕΗΕ

3846 368 3961 431 888

702 473 880 515 (rrum
912 464 1154 519 omnium
1188 463 1295 521 Deo
1326 467 1509 533 habet,
1566 487 1759 528 rursus
1814 475 2121 544 seiungitur
2148 490 2272 545 pro-
2304 481 2344 534 Α

2304 481 2344 534 Α
2375 473 2475 544 τὴν
2525 474 2706 529 αἰτίαν
2759 474 2863 545 τῆς
2918 472 3213 544 ὑπάρξεως
3266 472 3332 527 ἐκ
3380 473 3470 527 τοῦ
3508 474 3642 529 Θεοῦ
3677 474 3789 528 τῶν
3816 476 3959 531 ὅλων

703 550 951 616 prietatc,
981 555 1127 622 quod
1188 573 1293 611 non
1361 562 1440 615 uti
1483 559 1811 634 Unigenitus
1834 581 1899 620 ex
1958 566 2116 624 Patre
2149 571 2277 625 sub-

702 642 869 705 sistit,
903 652 958 699 et
990 647 1138 715 quod
1176 664 1274 718 per
1302 649 1480 719 ipsum
1524 654 1724 710 Filium
1785 667 2036 727 apparet,
2080 675 2275 716 rursus

703 752 732 785 a
763 743 1037 801 creatura,
1068 754 1190 807 quae
1212 743 1280 797 ab
1307 742 1602 816 Unigenito
1653 748 1925 816 subsistit,
1960 752 2106 822 quod
2167 753 2273 808 ali-

701 837 865 893 quam
914 843 1039 883 cum
1100 830 1196 887 illo
1246 839 1695 894 communionem
1759 841 1958 897 habere
2002 842 2271 913 Spiritum

700 917 1106 986 existimemus,
1136 925 1280 992 quod
1313 942 1379 980 ex
1406 925 1569 983 Patre
1604 945 1700 1000 per
1752 929 1950 986 Filium
1987 944 2269 1004 appareat,

700 1017 754 1059 et
784 1022 960 1077 neque
1000 1010 1300 1079 immutari,
1332 1031 1509 1087 neque
1548 1018 1774 1076 dissolvi
1808 1032 1987 1091 potest
2010 1024 2269 1095 Spiritus,

699 1113 730 1153 a
758 1112 1010 1155 creatura
1041 1102 1349 1171 dirimatur,
1382 1126 1401 1160 ι
1451 1111 1657 1181 optime
1711 1115 2050 1184 comprobat,
2077 1132 2177 1175 nos
2213 1119 2267 1173 in

701 1191 915 1247 duabus
941 1195 1122 1252 causis
1152 1212 1219 1252 ex
1251 1197 1410 1256 Patre
1438 1201 1674 1257 laudatis
1700 1203 1882 1262 Patris
1917 1216 1970 1262 et
1991 1206 2111 1262 Filii
2136 1225 2269 1264 con-

700 1298 949 1341 servasse
974 1291 1438 1348 communionem.
1470 1293 1684 1350 Etenim
1716 1300 1761 1353 si
1795 1299 1847 1352 in
1876 1301 2063 1355 mundi
2113 1302 2271 1369 opili-

699 1376 787 1430 cio
807 1392 1153 1436 communem
1181 1397 1405 1440 causam
1430 1384 1600 1443 Filius
1633 1389 1817 1453 habet,
1843 1406 1947 1444 non
1981 1394 2124 1462 quod
2162 1410 2270 1449 una

696 1467 859 1523 simul
884 1483 1140 1539 operatur
1171 1474 1225 1528 in
1285 1475 1494 1546 aliquo,
1523 1488 1578 1533 et
1626 1482 1783 1549 quasi
1818 1484 2069 1551 suppleat
2121 1486 2266 1556 quod

696 1562 755 1615 in
793 1578 973 1617 rerum
990 1580 1155 1621 causa
1189 1568 1242 1621 in
1283 1566 1444 1623 Patre
1474 1570 1815 1626 desideratur
1848 1590 1862 1627 :
1904 1572 2065 1629 Pater
2112 1576 2261 1631 enim

697 1654 898 1708 nullius
939 1657 1208 1727 indigens,
1245 1673 1409 1716 causa
1434 1671 1817 1719 creaturarum
1871 1666 2111 1733 perfecta
2166 1668 2264 1721 ab-

693 1747 981 1818 solutaquc
1006 1758 1091 1804 est
1129 1768 1142 1805 :
1181 1754 1275 1806 sed
1332 1755 1475 1823 quod
1521 1759 1766 1812 essentia
1817 1772 2128 1830 naturaque
2185 1761 2261 1814 illi

694 1842 1025 1911 conjuuclus
1056 1852 1161 1905 est,
1204 1846 1301 1915 qui
1362 1864 1457 1917 per
1493 1850 1671 1919 ipsum
1719 1867 1905 1908 creare
1938 1853 2052 1907 vult
2114 1870 2263 1923 qum-

693 1947 908 2001 cunque
959 1945 1234 2002 creantur,
1278 1938 1447 1994 multo
1498 1943 1669 2011 magis
1732 1945 1785 1999 in
1818 1948 2051 2003 naturali
2095 1964 2260 2004 causa

694 2022 930 2093 Spiritus
998 2026 1140 2081 hanc
1201 2031 1644 2088 communionem
1714 2038 2034 2105 possidebit,
2108 2042 2155 2096 si
2209 2050 2262 2095 et

696 2118 810 2186 ipse
835 2118 1072 2188 Spiritus
1102 2137 1197 2189 per
1219 2123 1419 2178 Filium
1456 2126 1782 2181 naturaliter
1805 2129 2076 2184 emittitur
2106 2147 2132 2183 a
2169 2130 2263 2184 Pa-

694 2219 795 2262 tre.
832 2210 901 2264 Et
947 2226 1047 2265 nos
1076 2212 1239 2283 plane
1274 2230 1372 2283 pro
1420 2216 1532 2285 jam
1574 2216 1737 2271 dictis
1789 2229 2100 2290 susceptam
2157 2224 2261 2275 ob-

689 2303 1055 2371 iurgationem
1122 2307 1373 2375 qttatruli,
1431 2316 1483 2362 et
1509 2308 1728 2377 jocandi
1784 2326 1909 2365 cum
1970 2311 2263 2369 dicacitate

693 2394 926 2449 studiosi
964 2394 1060 2448 viri
1096 2395 1241 2451 hunc
1270 2399 1321 2450 in
1357 2398 1575 2452 modum
1637 2400 2012 2470 reprimimus.
2049 2403 2117 2457 At
2146 2405 2261 2473 ipse

690 2486 820 2552 quid
855 2484 964 2539 Deo
999 2486 1050 2540 in
1114 2487 1298 2543 futuro
1323 2488 1533 2559 judicio
1587 2502 1640 2546 et
1671 2509 1819 2548 nunc
1870 2493 1961 2549 Dei
2007 2495 2263 2551 Ecclesia:

695 2578 1061 2648 respondebit,
1092 2579 1219 2634 dum
1260 2581 1436 2651 ipsum
1474 2596 1723 2639 sanctum
1787 2587 2000 2642 Patrem
2060 2590 2261 2659 Nyssc-

694 2686 827 2723 num
856 2685 1041 2725 causa)
1068 2687 1131 2726 cx
1168 2673 1328 2728 Patre
1372 2674 1492 2727 Filii
1525 2684 1578 2729 et
1608 2687 1659 2731 et
1698 2678 1936 2747 Spiritus
1960 2680 2255 2735 discrimen

694 2770 941 2830 apertum
992 2762 1372 2819 derernentem
1438 2770 1727 2835 comperit,
1762 2786 1886 2825 eum
1919 2772 2049 2827 dicit
2104 2791 2123 2824 ι
2177 2774 2262 2828 Fi-

697 2855 827 2908 lium
872 2856 1091 2926 quidem
1125 2860 1398 2927 contigue,
1435 2860 1693 2929 Spiritum
1721 2878 1847 2916 vero
1880 2880 1942 2917 ex
1988 2879 2076 2923 eo.
2115 2868 2260 2934 quod

693 2946 946 3014 contigue
974 2958 1077 3010 est,
1109 2964 1174 3003 ex
1208 2949 1367 3004 Patre
1390 2953 1665 3018 causari,»
1711 2963 1766 3008 et
1832 2954 1972 3009 hanc
1999 2956 2255 3011 differen-

696 3039 824 3093 tiam
862 3040 1154 3109 improbat,
1204 3053 1255 3096 et
1291 3044 1448 3112 quasi
1485 3060 1512 3097 a
1549 3046 1754 3100 nullius
1810 3047 2093 3117 dignitatis
2142 3049 2258 3103 viro

2378 567 2525 638 ἔχειν
2571 567 3063 635 ἅφίσταται,πάλιν
3131 565 3209 637 τῷ
3268 566 3551 631 ἰδιάζοντι,
3609 570 3665 619 ἰν
3700 568 3778 637 τῷ
3814 570 3961 638 μήτε

2381 658 2696 728 μονογενῶς
2754 660 2819 712 ἐκ
2870 658 2971 711 τοῦ
3008 656 3222 728 Πατρδς
3272 658 3594 728 ὑποστῆναι,
3632 659 3728 711 καὶ
3762 662 3819 711 ἒν
3878 659 3963 726 τῷ

2376 749 2446 804 δι’
2478 747 2651 803 αὐτοῦ
2683 749 2779 803 τοῦ
2843 749 2974 803 Υἰοῦ
3030 751 3351 820 πεφηνέναι,
3408 750 3570 804 πάλιν
3608 752 3666 805 δὲ
3705 751 3806 820 τῆς
3840 753 3961 806 κτί·

2375 858 2515 905 σεως
2568 841 2656 895 διὰ
2706 840 2797 894 τοῦ
2852 843 3191 911 Μονογενοῦς
3247 843 3583 913 ὑποστάσης,
3642 843 3717 901 ὡς
3771 844 3839 897 ἂν
3876 844 3960 914 μὴ

2376 932 2666 1003 κοινότητά
2737 950 2860 986 τινα
2953 934 3090 1004 πρὸς
3139 934 3345 1004 ταύτην
3402 935 3546 1004 ἔχειν
3602 935 3835 1004 νομιτθῇ
3894 937 3959 991 τὸ

2383 1023 2611 1093 Πνεῦμα
2636 1025 2694 1076 ὲν
2721 1023 2801 1093 τῷ
2824 1026 2886 1076 ἐκ
2914 1023 3010 1077 τοῦ
3042 1026 3258 1094 Πατρὸς
3283 1024 3372 1079 διὰ
3398 1025 3492 1078 τοῦ
3537 1025 3667 1077 Υἱοῦ
3705 1028 3951 1095 πεφηνέ-

2373 1129 2481 1171 ναι,
2518 1113 2576 1164 ὲν
2611 1111 2691 1182 τῷ
2720 1112 2979 1183 ἀτρέπτῳ
3012 1114 3105 1166 καὶ
3131 1114 3484 1184 ἁναλλοιὼτῳ
3524 1115 3621 1166 καὶ
3649 1115 3959 1185 ἀπροσδεεῖ

2372 1202 2710 1273 διακρίνεται
2766 1205 2827 1257 τὸ
2875 1204 3099 1275 Πνεῦμα
3129 1204 3239 1257 ἀπὸ
3289 1206 3389 1275 τῆς
3441 1204 3698 1270 κτίσεως,
3737 1224 3755 1256 ι
3798 1207 3954 1258 συνί-

2374 1311 2535 1360 στησι
2568 1294 2752 1358 καλῶς
2777 1297 2924 1365 ἡμᾶς
2963 1295 3058 1348 καὶ
3096 1293 3186 1347 ἐπ’
3217 1294 3565 1364 ἀμφοτέραις
3596 1299 3712 1359 ταῖς
3744 1296 3955 1357 αἰτίαις

2370 1386 2438 1438 δι’
2467 1386 2598 1439 Υἰοῦ
2630 1389 2694 1439 ὲκ
2719 1386 2815 1440 τοῦ
2848 1387 3062 1457 Πατρδς
3094 1388 3414 1456 εἰρημέναις
3472 1387 3533 1440 τι
3580 1388 3675 1440 τοῦ
3735 1389 3955 1457 Πατρδς

2369 1478 2467 1532 καὶ⁸
2489 1478 2620 1532 Υἰοῦ
2642 1479 2883 1551 τηρῆσαι
2914 1480 3247 1551 ἀδιαίρετον.
3284 1479 3345 1532 Ei
3376 1482 3487 1549 γὰρ
3510 1479 3569 1532 τι
3597 1480 3705 1532 ἀπὸ
3732 1480 3955 1548 Πατρὶς

2370 1568 2685 1637 ἀδιαίρετον
2745 1570 2836 1622 ἐπὶ
2899 1571 2997 1638 τῆς
3057 1569 3463 1641 δημιουργικῆς
3527 1570 3643 1639 ἔχει
3706 1570 3953 1631 αἰτίαςό

2372 1658 2521 1725 Υἱὸς,
2548 1662 2645 1730 οὐχ
2672 1661 2754 1714 ὅτι
2785 1664 3043 1731 συνεργεῖ
3076 1663 3220 1716 κατά
3249 1679 3323 1726 τι,
3360 1663 3455 1715 καὶ
3486 1657 3599 1714 οἷον
3629 1661 3952 1730 ἀναπληροῖ

2369 1752 2429 1804 τὸ
2478 1754 2573 1805 ἐπὶ
2627 1756 2693 1823 τῇ
2748 1754 2855 1807 τῶν
2881 1754 3054 1807 ὄντων
3112 1736 3281 1826 αἰτίςί
3313 1754 3505 1817 ἀτελὲς
3551 1753 3645 1807 τοῦ
3688 1756 3906 1823 Πατρός
3935 1770 3949 1785 ο

2371 1844 2617 1907 ἀνενδεὲς
2650 1845 2759 1914 γὰρ
2805 1847 2896 1897 καὶ
2945 1846 3154 1898 τέλειον
3204 1846 3313 1909 τῶν
3362 1846 3679 1915 κτισμάτων
3704 1846 3877 1897 αἴτιον
3922 1847 3952 1896 ό

2364 1934 2556 2006 Πατήρ
2597 1951 2610 1966 ·
2681 1935 2797 1988 ἀλλ’
2866 1937 2948 1989 ὅτι
3024 1941 3144 1990 κατ’
3196 1938 3385 1989 οὐσίαν
3428 1938 3521 1989 καὶ
3573 1936 3737 2006 φύσιν
3799 1940 3953 2008 αὐτῷ

2362 2027 2588 2097 ἥνωται.
2633 2020 2987 2097 δημιουργεῖν
3037 2027 3104 2081 δι’
3154 2027 3321 2082 αὐτοῦ
3376 2029 3445 2083 τὰ
3467 2028 3950 2099 δημιουργούμενα

2365 2116 2593 2181 θέλοντι,
2638 2119 2818 2190 πολλῷ
2861 2117 3024 2172 πλέον
3071 2120 3161 2172 ἐπὶ
3202 2120 3302 2188 τῆς
3327 2122 3559 2191 φυσικῆς
3615 2122 3800 2183 αἰτίας
3851 2119 3949 2173 τοῦ

2366 2209 2683 2279 Πνεῦματος
2731 2212 2791 2263 τὸ
2814 2210 3060 2263 τοιοῦτον
3128 2211 3238 2275 ἕξει
3277 2212 3611 2282 ἀδιαίρετον,
3677 2212 3797 2278 εἴγε
3851 2212 3949 2264 καὶ

2365 2304 2497 2358 αὐτὸ
2528 2305 2589 2356 τὸ
2619 2302 2843 2373 Πνεῦμα
2884 2303 2977 2357 τοῦ
3014 2303 3147 2357 Υἱοῦ
3182 2304 3426 2371 φυσικῶς
3458 2306 3606 2355 ἐστιν
3660 2303 3949 2370 ἐκπεμπό-

2368 2411 2531 2463 μενον
2557 2394 2623 2448 ὲκ
2650 2396 2884 2466 Πατρός.
2923 2396 3036 2450 Καὶ
3069 2396 3230 2466 ἡμεῖς
3266 2395 3364 2464 μὲν
3400 2394 3545 2448 οὕτω
3570 2397 3670 2464 τὴν
3699 2396 3793 2445 ἐπὶ
3820 2396 3937 2451 τοῖς

2364 2487 2610 2557 ῥηθεῖσιν
2638 2487 2933 2554 ἐπίπληξιν
2960 2486 3053 2541 τοῦ
3084 2486 3539 2557 φιλοσκώμμονος
3573 2487 3761 2555 ἀνδρὸς
3800 2486 3943 2538 ἁπο-

2366 2576 2763 2646 σκευαζόμεθα.
2808 2569 2975 2640 Οὗτος
3008 2576 3065 2630 δὲ
3102 2576 3155 2628 τί
3191 2577 3286 2629 καὶ
3332 2576 3451 2645 Θεῷ
3480 2577 3537 2627 ἐν
3567 2574 3644 2644 τῷ
3683 2576 3807 2643 μέλ)
3822 2592 3941 2626 οντι

2363 2667 2736 2738 δικαιωτηρίῳ
2764 2672 2855 2720 καὶ
2884 2670 2949 2737 τῇ
3017 2666 3315 2739 Ἐκκλησία
3346 2666 3483 2720 Θεοῦ
3529 2667 3623 2719 νῦν
3654 2667 3940 2735 ἀπολογή-

2364 2776 2542 2819 σεται,
2569 2762 2661 2812 τὶν
2719 2762 2882 2814 αὐτὸν
2922 2762 3064 2815 θεῖον
3092 2762 3312 2832 Πατέρα
3376 2761 3469 2814 τὸν
3522 2760 3747 2829 Νύσσης
3785 2761 3847 2812 τὸ
3876 2763 3942 2813 ὲκ

2366 2852 2576 2922 Πατρὺς
2611 2854 2852 2906 αἰτιατὸν
2887 2854 3017 2907 Υῐοῦ
3058 2872 3117 2907 τε
3161 2855 3252 2906 καὶ
3286 2854 3605 2922 Πνεῦμα-τος
3637 2854 3718 2913 εἰς
3744 2853 3940 2918 διασο-

2365 2945 2466 3013 ρὰν
2497 2944 2769 3012 εὑρίσκων
2808 2946 3185 2999 ἁποτὰττοντα
3220 2946 3510 3017 πρόδηλον,
3546 2949 3603 2998 ἐν
3659 2945 3738 3014 τῷ
3782 2964 3800 2994 ι
3844 2945 3940 2997 τὸν

2367 3037 2466 3105 μὲν
2504 3035 2627 3089 Υἰὺν
2656 3040 2963 3107 προσεχῶς,
2992 3039 3052 3091 τὸ
3084 3039 3139 3092 δὲ
3197 3038 3421 3107 Πνεῦμα
3472 3038 3559 3091 διὰ
3604 3035 3700 3089 τοῦ
3734 3052 3938 3106 προσε-

697 3133 1055 3198 pronuntiata
1092 3144 1258 3199 esset,
1310 3135 1474 3189 veluti
1509 3139 1751 3205 spuriam
1791 3139 1949 3193 obelo
1981 3140 2184 3209 signat,
2209 3150 2261 3195 et
2288 3143 2328 3202 C

2288 3143 2328 3202 (ς
2364 3128 2474 3199 χῶς
2510 3130 2754 3182 αἱτιατὸν
2793 3150 2810 3181 ι
2850 3130 3124 3198 θεολογεῖν
3186 3133 3249 3183 ὲκ
3313 3131 3551 3199 Πατρός,
3601 3130 3694 3181 καὶ
3728 3128 3938 3197 ταύτην

693 3224 775 3277 sic
807 3224 1062 3293 contigue
1088 3235 1141 3280 et
1175 3226 1488 3282 immediate
1530 3245 1595 3283 ex
1632 3228 1813 3293 Patre,
1844 3231 1918 3284 uti
1954 3240 2007 3285 et
2040 3229 2257 3298 Filium,

695 3314 957 3383 Spiritum
1004 3331 1124 3372 esse
1190 3319 1245 3382 (0
1277 3319 1517 3385 linguam
1576 3322 1819 3376 audacia:
1849 3324 2084 3391 plenam,
2141 3342 2263 3394 qum

690 3406 888 3465 similia
929 3410 1158 3465 ldaterat
1178 3413 1217 3482 !)
1253 3411 1494 3469 decernit
1518 3415 1540 3470 ?

762 3682 1088 3740 H.lnva.dit
1134 3686 1330 3742 iterum
1368 3704 1467 3745 nos
1531 3691 1907 3749 contentiosus
1969 3695 2090 3757 iste,
2128 3695 2255 3749 dum

689 3773 928 3831 dicimus
985 3778 1120 3831 nihil
1182 3778 1307 3834 inde
1354 3782 1478 3837 novi
1527 3784 1704 3853 sequi,
1735 3785 1780 3839 si
1831 3785 1923 3854 qui
1958 3786 2121 3839 vitam
2160 3803 2257 3856 pro

690 3866 897 3936 Spiritu
959 3879 1148 3925 sancto
1173 3874 1484 3943 accipiunt,
1511 3877 1814 3932 secundum
1866 3893 2046 3934 causa:
2087 3882 2257 3934 ratiu-

691 3976 811 4014 uern
833 3960 1309 4032 intelligant,cum
1346 3967 1467 4021 fons
1523 3969 1645 4024 vita:
1708 3970 1879 4027 Filius
1948 3984 2251 4039 asseratur,

686 4050 832 4119 quod
890 4067 986 4120 per
1016 4049 1217 4106 Filium
1267 4070 1332 4107 ex
1367 4056 1522 4112 Patre
1556 4074 1720 4113 causa
1766 4060 2005 4128 Spiritus
2056 4063 2128 4116 sit
2155 4079 2170 4124 ;
2202 4073 2256 4117 et

688 4143 892 4196 t‘ontem
940 4144 1056 4213 ipse
1091 4145 1216 4197 vita:
1271 4147 1610 4217 unigenitum
1645 4150 1737 4204 Dei
1798 4153 2031 4206 Verbum
2080 4156 2254 4206 inter-

688 4240 926 4298 pretans,
967 4237 1110 4305 quod
1144 4238 1300 4291 nobis
1330 4241 1569 4307 peccatis
1599 4240 1903 4297 demortuis
1933 4258 2099 4299 causa
2129 4238 2251 4297 vitae.

687 4324 809 4384 fuit.
842 4325 1012 4380 instar
1054 4328 1230 4382 tluxus
1266 4327 1507 4384 [luminis
1537 4332 1787 4386 omnibus
1826 4332 1877 4386 iu
1917 4333 2093 4403 ipsum
2137 4349 2255 4389 cre-

685 4416 962 4481 dentibus,
994 4419 1202 4472 velutia
1231 4418 1379 4474 fonte
1412 4435 1443 4475 a
1471 4423 1651 4491 seipso
1681 4438 1800 4476 eam
1836 4427 2116 4486 emittens.
2141 4442 2248 4481 non

2366 3219 2575 3273 ἀθετῶν
2604 3220 2703 3291 τὴν
2730 3221 3022 3291 διαφορὰν,
3056 3222 3151 3274 καὶ
3180 3220 3256 3284 ὡς
3304 3222 3456 3292 παρα
3502 3238 3593 3293 τευ
3623 3221 3729 3273 τῶν
3774 3221 3932 3272 036:-

2364 3312 2453 3375 νος
2485 3312 2648 3377 ἀξίων
2688 3313 2951 3383 ῥηθεῖσαν
3010 3313 3344 3380 διοϐελίξων,
3402 3313 3496 3365 καὶ
3551 3313 3695 3365 οὕτω
3734 3326 3934 3379 προσε-

2363 3408 2473 3474 χῶς
2514 3405 2611 3457 καὶ¹
2640 3404 2861 3473 ἁμέσως
2919 3400 3063 3457 εἶναι
3097 3406 3190 3457 καὶ
3237 3404 3296 3455 τὸ
3348 3402 3575 3470 Πνεῦμα
3605 3403 3667 3454 ἐκ
3694 3400 3788 3455 τοῦ
3820 3400 3934 3452 Πα-

2360 3496 2487 3563 τρὶς
2533 3496 2607 3559 ὡς
2636 3496 2798 3548 αὐτὸν
2849 3497 2940 3549 τὸν
2992 3497 3117 3548 Υἰδν
3149 3493 3215 3560 (ὦ
3259 3496 3504 3563 γλώττης
3561 3494 3806 3561 θρασέως
3870 3491 3937 3544 τὰ

2362 3590 2583 3642 τοιαῦτα
2619 3588 3056 3658 φθεγγομένηςί)
3093 3589 3528 3658 ἀποφαινόμενος
3561 3604 3574 3651 ;

2436 3682 2514 3736 ιδ’.
2561 3682 2891 3751 Ἐιτιφύεται
2940 3684 3101 3735 πάλιν
3135 3684 3268 3752 ἡμῖν
3317 3686 3344 3735 ο
3384 3681 3656 3749 φιλαίτιος
3705 3679 3932 3747 λέγουσι

2364 3773 2532 3844 μηδὲν
2563 3776 2752 3828 καινδν
2775 3771 2938 3841 εἶναι,
2974 3774 3023 3826 εἰ
3059 3776 3172 3837 τοῖς
3206 3773 3303 3849 τὴν
3332 3772 3479 3844 ζωὴν
3506 3776 3585 3835 εἰς
3611 3772 3668 3823 τὸ
3701 3770 3934 3838 Πνεῦμα

2358 3865 2419 3917 τὸ
2446 3865 2601 3933 ἆγιον
2639 3866 3044 3931 ὲκλαμὸἀνουσι
3071 3866 3212 3919 κατὰ
3241 3867 3330 3918 τὸν
3357 3866 3456 3933 τῆς
3483 3864 3661 3927 αἰτίας
3708 3862 3933 3932 νοηθείη

2359 3956 2513 4024 λόγον
2575 3960 2726 4028 πηγὴ
2780 3958 2923 4027 ζωῆς
2954 3959 2980 4009 ό
3018 3958 3138 4020 Υἱὸς
3186 3957 3498 4027 εἰρημένος,
3551 3955 3633 4009 ὅτι
3693 3955 3779 4013 διὰ
3836 3953 3932 4006 τοῦ

2358 4047 2489 4099 Υἱοῦ
2539 4050 2601 4100 ἐκ
2654 4050 2862 4117 Πατρός
2928 4052 3075 4101 ἐστιν
3105 4049 3253 4100 axitia.
3287 4047 3382 4099 τοῦ
3424 4045 3763 4115 Πνε·3ματος’
3833 4042 3933 4095 καὶ

2357 4142 2539 4210 πηγὴν
2593 4140 2737 4209 ζωῆς
2770 4141 2929 4203 αὐτὸς
2988 4141 3080 4194 τὸν
3105 4142 3366 4210 μονογενῆ
3403 4138 3497 4192 τοῦ
3530 4138 3665 4189 Θεοῦ
3703 4134 3936 4205 ἐξηγού-

2358 4249 2516 4302 μενος
2586 4233 2777 4301 Δόγον,
2841 4236 2922 4286 ὅτι
2979 4233 3078 4299 τῆς
3132 4233 3239 4284 ἀπο
3302 4232 3396 4299 τῆς
3463 4229 3739 4298 ἁμαρτίας
3784 4243 3937 4279 νενεα-

2358 4326 2659 4394 κρωμένσις
2691 4329 2817 4393 ἡμῖν
2841 4326 3010 4387 αἴτιος
3050 4324 3259 4393 ὑπῆρξε
3296 4324 3465 4391 ζωῆς,
3498 4320 3769 4388 ποταμίου
3804 4318 3938 4387 ῥεί-

2359 4434 2522 4481 ματος
2554 4416 2707 4486 δίκην
2758 4419 2868 4478 τοῖς
2917 4420 2996 4477 εἰς
3046 4416 3208 4468 αὑτὸν
3270 4414 3583 4468 πιστεύουσι
3642 4415 3829 4473 πᾶσιν,
3858 4410 3935 4472 ὠς

686 4510 953 4577 agnoscit,
992 4512 1133 4577 quod
1166 4512 1280 4581 ipse
1311 4513 1474 4578 dicat,
1502 4530 1677 4585 neque
1700 4516 1766 4570 de
1792 4518 1994 4587 quibus
2020 4528 2251 4576 statuat.
2286 4507 2334 4565 Ῐ)

2286 4507 2334 4565 1)
2360 4506 2468 4559 ἀπὸ
2501 4508 2683 4575 πηγῆς
2711 4506 2904 4558 ἑαυτοῦ
2931 4507 3185 4575 πηγάσας
3216 4506 3401 4573 αὐτὴν.
3441 4502 3583 4557 Ἀλλ’
3647 4502 3748 4555 οὐκ
3784 4497 3930 4552 οἶδεν

684 4596 794 4653 Nos
823 4602 966 4654 enim
991 4601 1118 4654 dum
1151 4604 1511 4659 asseruimus.
1563 4608 1697 4661 nihil
1725 4623 1847 4664 esse
1881 4611 2001 4663 novi
2048 4608 2250 4663 fontem

687 4690 829 4755 vitae,
861 4692 1161 4747 secundum
1191 4695 1337 4763 quod
1368 4710 1463 4764 per
1494 4695 1688 4750 Filium
1722 4697 1957 4767 Spiritus
2008 4710 2111 4762 est,
2162 4700 2254 4754 Fi-

689 4785 818 4839 lium
852 4785 1071 4855 intelligi
1102 4787 1170 4841 ab
1205 4788 1289 4855 iis,
1320 4790 1410 4858 qui
1445 4790 1604 4843 vitam
1640 4791 1689 4844 in
1711 4788 1969 4860 Spiritum
2002 4803 2251 4848 sanctum

688 4874 951 4935 referunt.
1006 4891 1112 4930 non
1174 4886 1459 4947 propterea
1533 4897 1757 4949 prorsus
1821 4883 2252 4951 improbavimus

688 4968 850 5023 etiam
884 4967 1089 5023 fontem
1118 4971 1243 5025 vita:
1276 4972 1611 5042 unigenitum
1648 4974 1738 5027 Dei
1775 4973 2008 5029 Verbum
2041 4976 2247 5031 dictum

690 5059 878 5118 t‘niSsc.
911 5062 1055 5129 quod
1097 5065 1166 5115 ob
1202 5075 1424 5131 peccata
1472 5064 1787 5119 immortnis
1818 5082 1983 5119 causa
2016 5068 2131 5135 ipse
2167 5080 2253 5123 cst

689 5149 832 5215 vita),
862 5165 925 5204 ex
951 5151 1132 5220 seipso
1170 5153 1424 5207 omnibus
1457 5169 1574 5207 eam
1608 5155 1884 5210 emitteus.
1923 5154 2125 5211 Verum
2161 5159 2250 5213 hic

690 5244 807 5297 suis
841 5243 1186 5297 sermonibus
1213 5242 1459 5297 inserens
1484 5283 1497 5307 ,
1535 5262 1553 5294 ι
1596 5246 1727 5298 nihil
1762 5246 1884 5300 novi
1921 5262 2042 5301 esse
2076 5262 2254 5316 neque

687 5333 756 5389 ab
783 5349 885 5388 usu
942 5333 1349 5402 Scripturarnm
1381 5335 1643 5397 alienum,
1690 5338 1735 5393 si
1765 5337 2010 5404 spiritale
2045 5340 2250 5394 donum

687 5424 962 5492 :cquivoce
1004 5425 1243 5493 Spiritus
1297 5435 1520 5493 sanctus
1580 5436 1820 5490 vocetur,
1873 5436 1928 5483 et
1982 5429 2249 5483 actionem

689 5510 981 5580 aliquando
1013 5514 1244 5582 agentis,
1278 5516 1377 5568 sibi
1418 5531 1615 5569 nomen
1642 5517 1953 5572 adsciscere
1978 5519 2248 5580 videatur,

691 5604 763 5656 uti
793 5603 923 5658 solis
956 5605 1233 5673 splendor,
1290 5619 1342 5661 ct
1370 5609 1549 5662 lumen
1606 5625 1979 5680 smpenumero
2036 5613 2188 5674 solis,
2229 5630 2246 5661 ι

692 5693 926 5759 proferat
980 5696 1137 5750 nobis
1196 5698 1507 5770 Scripturas
1570 5703 1993 5768 exposcentibus
2061 5717 2251 5756 eorum

689 5803 809 5869 qum
842 5786 953 5859 ipse
985 5788 1138 5857 dicit,
1177 5805 1283 5845 non
1319 5807 1440 5849 esse
1474 5793 1735 5861 alienum,
1762 5795 1987 5861 gratiam
2016 5795 2251 5861 Spiritus

2355 4599 2506 4659 ὅπως
2560 4599 2659 4651 οὐκ
2716 4593 2825 4650 οἶδε
2886 4598 2938 4649 τί
3005 4598 3176 4664 λέγει,
3241 4596 3335 4649 καὶ
3366 4597 3497 4663 περὶ
3534 4595 3693 4646 τίνων
3746 4592 3935 4645 διαϐε-

2356 4689 2628 4743 ϐαιοῦται.
2670 4689 2861 4758 Ἡμεῖς
2905 4690 3011 4760 γὰρ
3049 4689 3215 4759 μηδὲν
3260 4690 3544 4758 εἰρηκότες
3610 4682 3747 4738 εἶναι
3804 4703 3933 4737 καις

2356 4784 2445 4837 νόν
2485 4783 2667 4854 πηγὴν
2722 4782 2887 4852 ζωῆς,
2919 4782 3062 4834 κατὰ
3106 4782 3166 4834 τὸ
3218 4780 3286 4833 δι’
3317 4779 3443 4833 Υἱοῦ
3473 4780 3536 4832 τὸ
3559 4776 3805 4845 Πνεῦμα,
3834 4779 3929 4829 τὶν

2360 4874 2483 4929 Υἱὸν
2520 4875 2860 4943 ἐκληφθῆναι
2896 4876 3007 4936 τοῖς
3040 4875 3141 4944 τὴν
3189 4872 3333 4942 ζωὴν
3377 4872 3457 4931 εἰς
3512 4870 3572 4923 τὸ
3610 4866 3838 4937 Πνεῦμα
3869 4867 3929 4919 τὸ

2356 4972 2512 5036 ἅγιον
2545 4967 3007 5036 ὲκλαμϐἀνουσιν,
3042 4966 3143 5018 οὐκ
3190 4961 3808 5034 ὴθετῆκαμεν.τταντως
3870 4961 3929 5011 τὸ

2356 5062 2449 5116 καὶ
2480 5061 2662 5129 πηγὴν
2696 5058 2841 5126 ζωῆς
2871 5058 2961 5109 τὸν
2984 5055 3377 5125 μονογενῆ-τοῦ
3403 5054 3539 5106 Θεοῦ
3569 5056 3741 5120 Λόγον
3770 5052 3928 5121 εἰρῆ-

2356 5151 2483 5203 σθαι
2516 5152 2605 5203 διὰ
2639 5150 2695 5201 τὸ
2725 5152 2834 5210 τοῖς
2862 5147 2971 5199 ἀπὸ
3016 5147 3113 5215 τῆς
3157 5144 3434 5215 ἁμαρτίας
3489 5142 3928 5209 νενεκρωμένοις

2354 5242 2527 5295 αἴτιον
2557 5242 2718 5294 αὐτὸν
2769 5240 3038 5308 ὑπάρχειν
3065 5239 3231 5305 ζωῆς,
3289 5238 3345 5300 ἐξ
3391 5235 3587 5289 ἑαυτοῦ
3633 5237 3743 5294 τοῖς
3788 5236 3927 5286 πᾶσι

2352 5335 2560 5402 ταύτην
2589 5332 2921 5401 πηγάζοντα.
2952 5326 3124 5393 Οὗτος
3147 5329 3205 5382 δὲ
3230 5330 3315 5381 διὰ
3347 5330 3512 5397 μέσον
3539 5328 3644 5380 τῶν
3666 5326 3931 5380 τοιούτων

2356 5429 2521 5481 αὑτοῦ
2552 5427 2746 5491 λόγων,
2777 5436 2796 5476 d
2841 5424 3011 5495 μηδὲν
3042 5426 3227 5477 καινὸν
3256 5419 3395 5473 εἶναι
3444 5441 3461 5472 ι
3490 5423 3682 5488 λέγων,
3717 5439 3735 5471 ι
3787 5419 3932 5489 μηδὲ

2356 5524 2452 5588 τῆς
2482 5519 2590 5570 τῶν
2618 5519 2844 5587 Γραφῶν
2880 5517 3169 5586 συνηθείας
3219 5514 3513 5584 ἀλλότριον,
3543 5516 3634 5565 ἐὰν
3664 5514 3721 5563 τ’)
3749 5529 3921 5563 πίεν-

2358 5610 2587 5680 ματικδν
2619 5611 2860 5678 χάρισμα
2883 5609 3037 5675 ἆγιον
3056 5609 3362 5676 ὁμωνύμως
3392 5606 3615 5673 Πνεῦμα
3650 5603 3925 5663 καλεῖται,

2356 5706 2449 5759 καὶ
2482 5702 2581 5769 τὴν
2635 5702 2919 5772 ἐνέργειαν
2965 5704 3114 5754 ἔστιν
3172 5704 3260 5754 ita
3315 5700 3646 5753 οἰκειοῦσθαι
3674 5700 3770 5752 τοῦ
3828 5700 3931 5769 τὴν

2353 5790 2705 5859 ἐνεργοῦντος
2738 5791 2930 5859 κλῆσιν
2990 5792 3444 5861 ἀποφαινόμενος,
3494 5791 3566 5853 ὡς
3603 5793 3693 5844 καὶ
3826 5794 3921 5844 τοῦ
