4214 6448
294 416 403 477 839

1226 419 1660 481 REFUTATIO
1699 420 1908 481 LIBRI
1952 424 2275 485 GEORGII
2316 425 2596 485 CYPRII.

3444 416 3553 478 890

300 527 459 594 ἡλίου
484 524 784 597 λαμπηὲὼν
818 527 911 583 καὶ
940 525 1082 599 αὐγὴ
1116 529 1369 592 30215122,-
1400 530 1496 600 τὴν
1523 530 1615 582 τοῦ
1647 531 1819 599 ἡὶίου,
1853 551 1870 583 ι
1908 540 1948 594 Α

1908 540 1948 594 Α
1982 534 2241 604 Spiritum
2285 545 2536 590 sanctum
2594 532 2800 587 vocari.
2859 530 3014 596 Quod
3062 532 3107 584 si
3160 530 3275 598 ipse
3312 542 3417 581 non
3452 541 3547 595 po-

302 618 665 683 ἐμςρανισὰτω
714 619 969 686 ζητοῦσιν
1019 622 1151 689 ἡμῖν
1200 623 1295 682 τὰς
1326 623 1567 691 Γραφὰς,
1606 618 1679 674 ὦν
1712 637 1877 691 φησιν

296 709 404 760 οὐκ
458 709 739 776 ἀλλότριον
796 708 935 763 εἶναι
976 712 1036 763 τὸ
1086 713 1183 782 τὴν
1225 713 1385 783 χάριν
1424 715 1515 766 τοῦ
1557 714 1877 781 Πνεῦματος

300 798 533 866 Πνεῦμα
565 801 716 867 ἆγιον
740 802 1019 869 λέγεσθαι.
1060 803 1117 855 Εἰ
1145 805 1201 856 δὲ
1242 807 1340 873 μὴ,
1375 807 1440 857 ἐκ
1477 805 1570 857 τοῦ
1628 806 1873 858 ἐναντίου

298 892 401 951 τὰς
436 894 710 961 γραφικὰς
748 896 909 965 ἡμεῖς
945 900 1249 968 μεῳτυρὲας
1280 900 1595 970 παρέξομεν
1640 902 1720 960 εἰς
1748 900 1880 953 ἁπό-

298 982 473 1046 ὃεςξιν
497 983 589 1036 τοῦ
626 985 718 1037 κιὶ
751 988 890 1039 πάνυ
923 989 1032 1039 τῶν
1060 990 1299 1058 rma;ti
1329 991 1612 1057 ἀλλότριον
1647 987 1785 1044 εἶναι
1817 991 1878 1045 τὸ

298 1076 405 1143 τὴν
430 1076 717 1144 ἐνέργειαν
746 1078 848 1148 τὴν
878 1078 972 1130 τοῦ
1018 1081 1375 1149 ἐνεργοῦντος
1406 1082 1600 1151 κλῆσιν
1640 1080 1871 1147 ἐξιδιοῦ-

300 1167 452 1219 σθαι.
509 1169 564 1218 't)
604 1170 714 1238 γὰρ
747 1170 1060 1237 σοφώτατος
1122 1174 1215 1224 καὶ
1258 1174 1422 1226 πλέον
1462 1174 1879 1244 δογματικὼτα-

294 1274 415 1321 τος,
450 1265 544 1312 καὶ
567 1261 744 1322 οὐδεὶς
776 1264 837 1315 οὐ
867 1267 1366 1337 συμμαρτυρήσειν
1397 1284 1485 1336 μοι
1530 1266 1863 1321 ἀπαναιδεύ-

298 1367 489 1410 σ;ται,
522 1353 614 1403 τὶν
656 1352 999 1423 ’Δϐουκαρὰν
1031 1357 1107 1427 μὴ
1129 1354 1269 1411 εἶναι
1304 1357 1478 1411 ταῦτα
1499 1358 1776 1428 Θεόδωρον
1820 1360 1879 1412 ἐν

295 1444 415 1502 τοῖς
443 1445 571 1513 περὶ
604 1444 764 1496 Θείων
786 1446 1069 1514 ὀημᾶτων
1098 1448 1277 1514 λόγοις
1303 1448 1489 1502 αὑτοῦ,
1527 1468 1546 1500 ε
1582 1449 1654 1501 Τὸ
1674 1450 1828 1515 Θεὸς,
1853 1467 1872 1498 ο

300 1530 491 1598 εξησὶν,
529 1553 545 1582 ι
584 1534 755 1603 ὄνομα
784 1537 891 1587 ἀπό
924 1555 1067 1591 τινος
1098 1540 1378 1609 ἐνεργείας
1405 1540 1646 1609 εἴρηται,
1676 1541 1737 1592 o6
1770 1540 1879 1610 μὴν

297 1626 397 1691 τῆς
433 1626 717 1693 ἐνεργείας
772 1628 888 1679 esti.
943 1631 1302 1698 σημαντικὸν,
1352 1631 1487 1683 ἀλλὰ
1520 1632 1621 1700 τῆς
1664 1629 1880 1699 φύσεως

297 1715 405 1782 τῆς
431 1716 781 1785 ἐνεργούσης.
835 1718 894 1771 Ei
936 1720 1048 1789 γὰρ
1099 1721 1161 1773 τὸ
1209 1722 1344 1784 Θεὸς
1383 1722 1556 1791 ὄνομα
1595 1719 1877 1791 ἐνεργείας

297 1805 623 1873 δηλωτικὸν,
661 1811 769 1861 πᾶν
820 1810 876 1862 δὲ
913 1811 1087 1881 ὄνομα
1131 1806 1338 1875 οὗτινός
1383 1816 1501 1867 ἐστι
1552 1812 1875 1882 δηλωτικὸν,

1980 636 2103 689 test,
2137 642 2237 681 nos
2272 637 2465 681 contra
2509 625 2717 694 scripta
2762 622 3076 677 testimonia
3109 620 3446 690 proferemus
3479 619 3547 670 ad

1979 720 2395 783 ostendendum,
2419 727 2474 772 et
2502 718 2739 771 maxime
2762 716 2997 770 alienum
3017 727 3141 767 esse
3173 725 3202 763 a
3226 708 3547 777 Scripturis,

1981 814 2247 867 actionem
2278 812 2379 866 sibi
2408 826 2602 865 nomen
2652 809 2865 880 agentis
2895 808 3196 861 vindicare.
3242 802 3551 872 Sapientis-

1978 906 2150 959 simus
2173 904 2417 973 quidem,
2450 912 2503 957 et
2538 904 2592 957 in
2626 902 2967 972 dogmatibus
2999 896 3279 951 tradendis
3326 893 3549 964 praeel-

1978 997 2335 1059 lentissimus,
2381 1008 2559 1063 neque
2590 994 2868 1061 quispiam
2926 990 3138 1045 inﬁcias
3170 988 3328 1041 iverit
3368 986 3549 1054 impu-

1977 1090 2168 1142 denter
2208 1089 2357 1143 hunc
2390 1102 2495 1141 non
2557 1101 2679 1140 esse
2726 1083 3073 1137 Theodorum
3126 1082 3455 1140 Abucaram,
3494 1076 3549 1132 in

1978 1182 2197 1236 dictatis
2228 1195 2255 1232 a
2290 1194 2348 1233 se
2376 1178 2442 1233 de
2463 1178 2667 1231 divinis
2703 1176 3016 1229 nominibus
3060 1171 3371 1235 sententiis,
3407 1168 3551 1221 «Νο-

1978 1288 2102 1328 men
2138 1271 2252 1336 Dei,
2290 1288 2307 1321 ι
2349 1270 2542 1338 inquit,
2581 1286 2599 1317 ε
2633 1282 2661 1320 a
2694 1264 2933 1337 quadarn
2971 1262 3293 1332 operatione
3341 1259 3545 1313 dictum

1978 1374 2060 1421 est
2088 1383 2104 1429 ;
2136 1378 2244 1417 non
2283 1371 2460 1416 tamen
2503 1360 2774 1430 signiﬁcat
2804 1355 3205 1426 operationem,
3264 1352 3355 1405 sed
3382 1358 3546 1403 natu-

1980 1472 2096 1512 rain
2124 1463 2467 1523 operantem.
2495 1451 2553 1505 Si
2576 1451 2722 1505 enim
2765 1463 2960 1502 nomen
2998 1447 3091 1500 Dei
3121 1444 3396 1513 signiﬁcat
3422 1455 3552 1509 ope-

1980 1549 2271 1609 rationem,
2302 1559 2465 1599 omne
2493 1552 2673 1597 autem
2717 1555 2935 1604 nomen,
2962 1538 3120 1606 cujus
3153 1537 3312 1590 habet
3338 1532 3549 1602 signiﬁ-

1982 1640 2252 1696 cationem
2309 1636 2454 1691 illius
2512 1644 2594 1689 est
2644 1648 2845 1689 nomen
2898 1648 2911 1685 :
2962 1630 3129 1700 igitur
3181 1642 3375 1681 nomen
3411 1624 3554 1679 Deus

1985 1749 2181 1789 nomen
2208 1731 2544 1802 operationis
2565 1738 2667 1784 est.
2696 1727 2876 1792 Quare
2903 1723 3048 1793 quod
3074 1721 3384 1777 nominatur
3411 1716 3557 1770 Deus

1983 1824 2230 1895 operatio
2271 1823 2364 1876 Dei
2390 1832 2493 1876 est.
2526 1818 2783 1889 Operatio
2816 1817 2985 1887 igitur
3053 1813 3144 1867 Dei
3179 1822 3265 1867 est
3300 1810 3467 1877 Deus,
3501 1818 3557 1863 et

300 1901 517 1951 ἐκείνου
543 1900 697 1951 ὲετὶν
724 1900 896 1970 ὄνομα
926 1918 939 1930 ·
970 1904 1065 1954 καὶ
1088 1903 1151 1956 τὸ
1189 1903 1324 1965 Θεὸς
1359 1904 1470 1974 ἄρα
1504 1904 1677 1974 ὄνομα
1717 1906 1873 1975 ἐνερ-
1910 1900 1950 1959 Β

1910 1900 1950 1959 Β
1986 1916 2127 1971 Drus
2174 1924 2259 1969 est
2299 1912 2545 1982 operatio
2593 1925 2716 1966 sua.
2778 1908 2925 1965 Idem
2979 1906 3143 1977 igitur
3182 1911 3263 1958 est
3301 1901 3466 1962 Deus.
3501 1908 3555 1955 et

299 1995 457 2058 γείας
487 1993 640 2043 ἐστὶν
681 1992 878 2061 ὄνομα.
917 1995 1079 2047 Ὥστε
1114 1996 1174 2047 τὸ
1211 1996 1606 2066 ὠνομασμένον
1656 1995 1788 2058 Θεὸς
1842 1996 1875 2064 ἡ

302 2083 557 2151 ἐνέργεια
581 2083 674 2136 τοῦ
721 2084 859 2136 Θεοῦ
899 2087 1071 2139 ἐστιν.
1097 2087 1229 2149 Θεὸς
1275 2087 1384 2157 ἄρα
1415 2090 1449 2157 ἡ
1499 2087 1747 2158 ἐνέργεια
1785 2086 1879 2141 τοῦ

300 2174 462 2237 Θεοῦ,
497 2176 589 2228 καὶ
626 2178 655 2228 ὁ
701 2175 896 2249 Θεὸςὴ
944 2178 1199 2245 ἐνέργεια
1240 2179 1405 2232 αὑτοῦ
1449 2181 1618 2233 ἐστιν.
1670 2182 1881 2233 Ταυτὸν

308 2269 418 2336 ἄρα
450 2266 584 2329 Θεὸς
609 2271 703 2320 καὶ
734 2268 989 2339 ἐνέργεια
1024 2269 1184 2337 Θεοῦ,
1229 2270 1368 2340 ὅπερ
1393 2271 1677 2327 ἀδύνατον.
1718 2270 1781 2324 Εἰ
1824 2272 1881 2324 δέ

307 2376 393 2421 τις
426 2360 721 2428 ἐριστικῶς
762 2359 911 2428 λέγει
934 2360 1009 2421 ὼς
1039 2364 1138 2415 οὐκ
1164 2362 1429 2416 ἀδύνατον
1451 2363 1615 2416 τοῦτο
1637 2362 1870 2427 τιθέναι,

310 2452 447 2504 tam
481 2452 557 2514 ὡς
592 2453 764 2505 πολλὰ
793 2454 971 2507 ἄτοπα
1024 2455 1313 2523 συμϐαίνει
1357 2456 1507 2525 αὐτῷ
1560 2454 1842 2525 ὁμολογεῖν
1863 2469 1877 2485 ’

312 2544 534 2613 πρῶτον
563 2546 662 2615 μὲν
684 2546 742 2599 τὸ
773 2547 911 2618 πρὸς
936 2547 995 2600 τὸ
1017 2549 1151 2601 αὐτὸ
1172 2550 1447 2616 λέγεσθαιο
1477 2550 1544 2603 τὰ
1572 2553 1681 2620 γὰρ
1708 2551 1882 2605 ταυτὰ

309 2638 448 2705 πρὸς
476 2639 537 2689 τὸ
562 2638 694 2690 αὐτὸ
726 2639 966 2708 λέγεται,
1010 2641 1063 2694 εῖ
1085 2658 1149 2708 γε
1176 2641 1267 2694 τὸν
1295 2642 1459 2695 αὑτὸν
1487 2643 1612 2710 ὅρον
1641 2643 1881 2712 δέχεται.

317 2729 467 2783 Ἀλλ’
501 2730 650 2801 ἠτοῦ
686 2731 824 2785 Θεοῦ
866 2733 1123 2803 ἐνέργεια
1154 2732 1247 2786 τοῦ
1296 2734 1435 2787 Θεοῦ
1476 2734 1697 2803 λέγεται
1728 2736 1883 2805 ἐνὲρο

304 2839 433 2892 γεια
456 2838 474 2855 ⁸
496 2824 525 2875 ὀ
558 2823 613 2875 δὲ
634 2822 768 2886 Θεὸς
802 2824 862 2877 οῦ
896 2824 1112 2893 λέγεται
1138 2824 1234 2878 τοῦ
1259 2825 1393 2878 Θεοῦ
1421 2822 1562 2879 εἶναι
1584 2826 1735 2888 Θεὸς.
1761 2828 1883 2880 Ἔτι

305 2916 338 2983 ἡ
380 2914 635 2982 ἐνέργεια
671 2915 1028 2984 ἐνεργοῦντὸς
1076 2920 1227 2971 ἐστιν
1256 2919 1512 2988 ἐνέργεια
1538 2938 1552 2951 ο
1608 2922 1635 2973 6
1663 2920 1719 2973 δὲ
1751 2919 1884 2982 Θεὸς

304 3005 410 3057 οὐκ
439 3003 793 3074 ἐνεργοῦντός
823 3008 941 3059 ἐστι
978 3006 1131 3069 Θεὸς.
1170 3008 1291 3059 Ἔτι
1318 3009 1365 3061 ει
1390 3008 1590 3061 ταυτὸν
1622 3009 1754 3071 Θεὸς
1781 3009 1876 3061 καὶ

308 3096 567 3167 ἐνέργεια
587 3098 748 3163 Θεοῦ,
777 3101 1173 3169 κατηγοροῖντο
1198 3101 1263 3152 ἂν
1286 3101 1570 3169 ἀμφότερα
1603 3101 1743 3153 κατὰ
1767 3099 1874 3153 τῶν

307 3190 515 3241 αὐτῶν.
563 3190 705 3241 Ἀλλ’
737 3192 763 3242 ὁ
793 3190 926 3254 Θεὸς
967 3194 1360 3259 κατηγορεῖται
1388 3194 1527 3244 κατὰ
1556 3192 1770 3261 Πατρὸς
1792 3192 1884 3244 καὶ

307 3283 443 3335 Υἱοῦ
468 3285 562 3335 καὶ
603 3284 946 3352 Πνεῦματος,
971 3286 1005 3353 ὴ
1031 3284 1085 3336 δὲ
1116 3284 1370 3354 ἐνέργεια
1406 3286 1503 3352 οὐχ
1545 3285 1775 3352 ὁμοίως.
1822 3283 1881 3335 Ὀ

306 3378 420 3447 γὰρ
485 3378 676 3447 Πατὴρ
724 3378 879 3440 Θεὸς,
944 3378 1146 3444 ὁμοίως
1180 3377 1234 3429 δὲ
1302 3380 1395 3430 καὶ
1439 3380 1467 3429 ὁ
1512 3378 1639 3440 Υἱὸς
1686 3378 1782 3429 καὶ
1824 3377 1885 3429 τὸ

308 3467 557 3536 Πνεῦμα.
586 3467 780 3519 οὐκέιι
814 3468 869 3520 δὲ
902 3470 929 3521 ὁ
984 3468 1170 3538 Πατὴρ
1199 3468 1468 3536 ἐνέργεια,
1516 3469 1599 3539 ἢὸ
1659 3469 1805 3531 Υἱὸς,
1845 3468 1877 3537 ἢ

306 3560 371 3610 τὸ
417 3558 667 3627 Πνεῦμα,
720 3558 837 3611 ἀλλ’
885 3560 1236 3634 ἐνεργοῦντα.
1290 3560 1363 3611 Τὸ
1416 3560 1473 3612 δὲ
1529 3560 1785 3628 μέγιττον
1824 3559 1885 3611 τὸ

307 3654 495 3720 λέγειν
532 3652 607 3721 μὴ
636 3647 776 3704 εἶναι
805 3652 894 3703 τὸι
934 3653 1068 3704 Θεὲν
1092 3653 1199 3722 πρὸ
1229 3652 1326 3720 τῆς
1351 3654 1638 3721 ἐνεργείας
1690 3652 1883 3718 αὐτοῦ,

307 3746 430 3799 ἀλλ’
460 3745 600 3813 ἅμα.
636 3744 717 3796 Τὰ
745 3745 854 3813 γὰρ
887 3746 1059 3797 ταυτᾶ
1090 3747 1202 3814 ἅμα
1228 3745 1519 3813 ὁμολογεῖν
1550 3746 1787 3813 ἀνάγκη.
1824 3745 1885 3796 Εἰ

307 3834 405 3889 οὖν
430 3840 458 3889 ὁ
486 3836 621 3899 Θεὸς
648 3837 842 3900 ἀΐδιος,
870 3837 964 3889 καὶ
991 3838 1022 3907 ἠ
1057 3837 1311 3904 ἐνέργεια
1344 3837 1512 3889 αὑτοῦ
1540 3838 1652 3906 ἄρα
1690 3837 1883 3905 ἀΐδιος,

311 3926 575 3979 ὥστεκαὶ
604 3928 663 3979 τὸ
696 3927 795 3994 τῆς
841 3926 1121 3996 ἐνεργείας
1166 3927 1517 3997 ἀποτέλεσμα
1564 3928 1755 3981 ἀΐδιον.
1810 3929 1887 3981 Τὸ

308 4020 366 4073 δὲ
398 4021 749 4088 ᾁποτέέεεσμα
772 4022 798 4073 ὁ
829 4024 1052 4087 κ’ἷςμος.
1091 4020 1284 4080 ’Δῖδεος
1313 4022 1420 4089 ἄρα
1454 4026 1478 4071 ὁ
1508 4021 1712 4088 κόσμος
1739 4020 1885 4074 κατὰ

308 4114 410 4182 τὴν
448 4112 812 4181 προτεθεῖσαν
851 4112 1132 4165 ὑπόθεσιν.
1170 4114 1351 4180 Ὅπερ
1386 4113 1446 4163 οὐ
1497 4114 1659 4180 μόνον
1690 4112 1887 4165 ἀδύνα-

307 4222 424 4267 τον,
461 4205 599 4257 ἀλλὰ
630 4206 724 4256 καὶ
759 4204 955 4268 ἀσεϐές
987 4206 1108 4256 ἐστι
1148 4204 1357 4272 λέγειν.
1400 4223 1418 4255 ι
1463 4203 1626 4256 Οὕτω
1652 4207 1754 4271 τὴν
1790 4206 1886 4257 ἐκ·

310 4296 713 4365 κλησιαετικὴν
744 4297 907 4365 ἡμεῖς
936 4294 1187 4350 παιδείαν
1216 4296 1567 4365 ἠσκήσαμεν.
1605 4294 1765 4347 υῦτω
1786 4296 1885 4365 τὴν

311 4387 637 4458 Θεολογικὴν
670 4388 916 4456 μετιέναι
952 4387 1070 4440 ὁδὸν
1100 4389 1260 4458 ἡμεῖς
1314 4388 1742 4457 ἐπαιδεύθημεν,
1790 4387 1887 4440 καὶ

314 4479 479 4532 πάνθ’
505 4480 607 4532 ὅσα
640 4478 1001 4547 θεολογοῦμεν
1034 4480 1141 4533 ἀπὸ
1192 4480 1426 4549 Γραφῶν
1453 4482 1709 4549 συνιστᾷν
1732 4495 1745 4509 ο
1788 4481 1884 4533 καὶ

1985 2007 2228 2077 operatio
2266 2004 2380 2063 Dei.
2411 2003 2557 2073 quod
2602 2011 2686 2057 εει
2740 1999 3098 2069 impossibile.
3154 1996 3212 2051 Si
3248 1996 3371 2063 quis
3424 2008 3555 2048 vero

1984 2100 2325 2155 contentiose
2350 2097 2518 2157 dicat,
2555 2106 2718 2161 posse
2749 2091 2851 2144 hoc
2899 2090 3024 2159 poni
3055 2096 3107 2142 et
3137 2086 3385 2148 concedi,
3408 2084 3555 2139 scia-

1986 2193 2051 2245 tis
2074 2190 2239 2243 multa
2264 2187 2499 2241 absurda
2519 2185 2642 2238 inde
2659 2184 2829 2252 sequi.
2851 2183 3118 2243 Primum,
3146 2178 3210 2231 ad
3243 2179 3384 2230 idem
3410 2175 3551 2231 diei:

1984 2301 2104 2356 qua:
2141 2283 2283 2336 enim
2317 2290 2445 2335 sunt
2484 2276 2698 2339 eadem,
2738 2274 2805 2328 ad
2833 2274 2972 2328 idem
3005 2272 3283 2332 dicuntur,
3323 2268 3368 2321 si
3403 2283 3555 2323 eam-

1983 2380 2105 2433 dem
2129 2374 2500 2431 deﬁnitionem
2529 2370 2846 2424 admittunt.
2909 2366 2977 2420 At
3031 2364 3278 2431 Operatio
3325 2359 3418 2413 Dei
3463 2358 3554 2413 Dei

1984 2468 2229 2539 Operatio
2258 2466 2455 2519 dicitur
2484 2480 2499 2516 :
2538 2460 2680 2515 Deus
2705 2474 2835 2514 vero
2872 2473 2978 2511 non
3011 2457 3211 2510 uieitur
3245 2466 3369 2507 esse
3413 2450 3556 2505 Deus

1986 2563 2099 2617 Dei.
2134 2560 2401 2617 Prteterea
2430 2554 2674 2624 operatio
2698 2552 2974 2621 operant's
3003 2547 3248 2618 operatio
3269 2556 3351 2599 est
3375 2561 3388 2597 :
3414 2542 3558 2599 Deus

1988 2662 2167 2705 autem
2202 2666 2309 2704 non
2334 2656 2417 2701 est
2442 2646 2582 2701 Deus
2604 2641 2904 2712 operantis.
2947 2638 3178 2697 liursus.
3220 2635 3265 2690 si
3298 2634 3440 2688 idem
3468 2633 3552 2698 ip-

1989 2760 2108 2799 sum
2138 2751 2220 2796 est
2251 2740 2414 2803 Deus,
2442 2748 2494 2793 et
2528 2735 2775 2806 operatio
2834 2730 2949 2797 Dei,
2986 2730 3245 2783 dicantur
3298 2725 3460 2779 ambo
3488 2725 3559 2777 de

1988 2836 2202 2893 iisdem,
2238 2841 2292 2883 at
2322 2829 2464 2882 Deus
2492 2830 2555 2881 de
2584 2825 2743 2880 Patre
2765 2823 2966 2877 dicitur
2988 2829 3043 2874 et
3070 2817 3208 2873 Filio
3244 2825 3299 2872 ει
3325 2814 3555 2883 Spiritu.

1987 2926 2231 2997 operatio
2252 2936 2380 2977 vero
2411 2935 2518 2974 non
2546 2920 2625 2974 sic
2659 2936 2671 2971 :
2703 2917 2861 2971 Pater
2882 2913 3028 2969 enim
3064 2913 3208 2967 Deus
3260 2917 3364 2971 est,
3398 2907 3559 2962 sitni-

1987 3023 2111 3075 liter
2138 3028 2192 3073 et
2244 3017 2413 3071 Filius
2444 3024 2497 3068 et
2554 3010 2793 3081 Spiritus
2826 3025 2840 3069 ;
2873 3005 3029 3060 Pater
3082 3014 3265 3059 autem
3317 3014 3427 3054 non
3478 3008 3564 3053 est

1989 3111 2257 3182 operatio,
2301 3107 2385 3161 vel
2428 3105 2622 3165 Filius,
2655 3103 2737 3155 vel
2794 3097 3050 3167 Spiritus,
3101 3094 3196 3149 sed
3247 3098 3561 3161 operantes.

1992 3201 2145 3270 Quod
2178 3213 2307 3253 vero
2357 3197 2655 3251 maximum
2688 3201 2793 3253 est,
2826 3206 2932 3245 non
2987 3188 3172 3241 dicere
3240 3182 3410 3236 Deum
3441 3195 3563 3235 esse

1986 3305 2110 3350 ante
2141 3306 2296 3347 suum
2322 3288 2722 3357 operationem,
2749 3284 2843 3337 sed
2875 3280 3038 3335 simul
3061 3295 3076 3332 :
3099 3290 3221 3346 qua;
3258 3275 3404 3328 enim
3434 3281 3563 3327 sunt

1989 3385 2208 3448 eadem,
2240 3393 2465 3434 necesse
2497 3386 2580 3431 est
2605 3374 2853 3431 conﬁteri
2900 3371 3064 3425 simul
3098 3382 3242 3422 esse.
3273 3366 3331 3420 Si
3402 3365 3566 3434 igitur

1988 3478 2130 3532 Deus
2168 3485 2250 3529 cst
2282 3482 2543 3532 aeternus,
2600 3476 2653 3521 et
2682 3468 2925 3536 operatio
2953 3464 3073 3532 ejus
3106 3472 3307 3515 eterna
3360 3469 3465 3518 est,
3497 3472 3564 3510 ex

1988 3584 2095 3639 quo
2134 3569 2213 3627 ﬁt,
2248 3573 2304 3618 ut
2340 3562 2567 3617 olli-ctus
2626 3555 2958 3626 Operationis
3022 3564 3261 3607 aeternus
3291 3550 3362 3605 sit
3396 3566 3411 3613 ;
3482 3558 3566 3603 est

1989 3670 2167 3715 autem
2201 3656 2425 3711 eﬁ‘ectus
2464 3651 2799 3721 operationis
2831 3646 3088 3711 mundus,
3118 3646 3283 3713 igitur
3330 3651 3567 3696 aeternus

1990 3751 2250 3811 mundus.
2278 3756 2340 3801 ut
2369 3747 2602 3816 positum
2628 3750 2730 3797 est.
2764 3740 2929 3810 Atqui
2962 3738 3066 3793 dici
3101 3738 3207 3791 hoc
3239 3750 3348 3790 non
3384 3734 3561 3789 solum

1990 3844 2201 3911 nequit,
2225 3839 2317 3895 sed
2350 3838 2578 3905 impium
2610 3847 2828 3904 quoque
2860 3840 2960 3885 est.
3004 3848 3021 3881 ι
3054 3828 3147 3883 Sic
3176 3842 3274 3882 nos
3309 3828 3360 3880 in
3396 3826 3567 3879 eccle-

1990 3934 2206 3990 siastica
2229 3930 2536 3986 eruditione
2574 3925 2795 3981 exerciti
2830 3938 3025 3977 sumus
3056 3938 3070 3975 :
3108 3922 3247 3975 hanc
3283 3935 3381 3974 nos
3413 3920 3567 3973 theo-

1991 4026 2221 4094 logicam
2255 4023 2397 4074 viam
2428 4019 2635 4073 calcare
2666 4017 2839 4071 edocti
2865 4030 3076 4076 sumus,
3139 4022 3193 4067 et
3225 4024 3569 4081 quaecunque

1991 4118 2058 4173 de
2115 4117 2277 4171 rebus
2326 4112 2646 4180 tlteologicis
2728 4108 3190 4178 pronuntiamus,
3229 4119 3294 4157 ex
3353 4104 3562 4169 scripto

1994 4206 2211 4261 traditis
2238 4202 2568 4259 testimoniis
2598 4200 2964 4260 conﬁrmare;
2998 4205 3051 4249 et
3107 4204 3232 4248 ante
3286 4192 3467 4246 omnia
3503 4194 3569 4244 de

1990 4298 2188 4368 quibus
2219 4296 2288 4349 ab
2319 4294 2648 4348 adversariis
2678 4291 2880 4343 nostris
2924 4286 3271 4347 infestamnr,
3302 4301 3394 4351 per
3418 4281 3569 4337 Scri-

1990 4399 2277 4459 pturarttm
2311 4386 2481 4439 robur
2522 4383 2848 4437 eorutndem
2899 4379 3254 4447 petulantiam
3297 4375 3569 4443 frangere.

1992 4482 2061 4534 At
2094 4480 2359 4543 veritatis,
2394 4485 2453 4530 ut
2482 4476 2596 4545 ipse
2640 4477 2739 4536 ait,
2779 4472 2974 4525 vindex
3021 4470 3318 4540 praeclarus
3356 4468 3571 4521 calum-

313 4576 410 4625 ἐπὶ
440 4572 629 4635 πᾶσιν,
664 4568 743 4633 οἷς
786 4573 937 4641 παρὰ
962 4572 1071 4623 τῶν
1107 4573 1555 4642 ἀντιφερομὲνων
1589 4574 1721 4641 ἡμῖν
1746 4574 1885 4642 ὲπη-
1920 4589 1963 4644 ο

1920 4573 2237 4644 Dniatores
2296 4579 2351 4624 et
2418 4570 2469 4622 in
2525 4575 2746 4620 sanctos
2807 4564 3035 4632 injurios
3092 4561 3372 4632 appellans
3438 4575 3569 4623 nos,

314 4659 653 4729 ρεαζὸμεθα,
685 4660 767 4713 διὰ
800 4660 900 4727 τῆς
923 4660 1033 4713 τῶν
1080 4660 1312 4730 Γραφῶν
1346 4662 1526 4731 ἰσχύος
1550 4663 1648 4731 τὴν
1684 4662 1888 4716 τούτων

314 4754 588 4821 ἐπήρειαν
631 4750 1060 4818 ἀποτρέπεσθαι.
1136 4749 1197 4803 ὐ
1240 4751 1295 4803 δὲ
1347 4754 1446 4820 τῆς
1503 4750 1782 4819 ἀληθείας,
1814 4752 1890 4813 ὦς

315 4860 478 4912 φησι,
507 4846 757 4909 γενναῖος
785 4842 1072 4914 ἐκδικητὴς
1105 4844 1451 4912 συκοφάντας
1476 4846 1625 4912 ἡμᾶς
1656 4845 1752 4895 καὶ
1781 4844 1890 4896 τῶν

316 4936 494 4999 ἁγίων
518 4932 808 4987 ἀποκαλῶν
837 4933 1119 5003 ὑϐριστὰς,
1138 4936 1262 4996 τοὺς
1285 4933 1428 4986 οὕτω
1450 4936 1546 5003 τὴν
1573 4935 1890 5004 θεολογικὴν

1999 4665 2095 4734 qui
2135 4664 2237 4715 hac
2269 4662 2479 4713 ratione
2514 4674 2600 4711 res
2631 4656 2963 4725 tbeologiras
2995 4662 3411 4724 pertractatnus,
3433 4666 3574 4719 qun-

2000 4759 2209 4808 modoa
2249 4753 2406 4807 nobis
2442 4749 2881 4819 cornpellabitur,
2920 4748 3013 4817 qui
3061 4762 3127 4799 ex
3169 4746 3405 4815 prOpriis
3459 4754 3511 4796 et
3539 4758 3569 4797 e

1998 4857 2185 4900 ventre
2212 4847 2507 4899 novissime
2569 4854 2793 4897 exortas
2841 4840 3155 4910 dogmatum
3209 4837 3477 4892 dictiones
3515 4838 3566 4889 in

2001 4937 2296 4993 Ecclesiam
2329 4939 2418 4992 Dei
2453 4934 2795 4990 introducit?

323 5031 614 5097 μετιόντας
651 5029 789 5092 ὁδὸν,
829 5028 880 5081 τί
925 5028 990 5082 ἂν
1048 5028 1181 5097 παρ’
1209 5029 1365 5098 ἡμῶν
1418 5030 1645 5101 κληθείη
1675 5030 1835 5092 αὐτὸς
1865 5033 1893 5083 ὁ
1931 5031 2142 5085 οἴκοθεν
2174 5035 2269 5087 καὶ
2299 5032 2408 5086 ἀπὸ
2470 5032 2679 5094 κοιλίας
2737 5031 2864 5093 νέας
2909 5029 3035 5097 ἄρτι
3077 5025 3360 5095 δογμάτων
3391 5022 3574 5093 φωνὰς

315 5132 386 5198 τῇ
420 5126 514 5179 τυῦ
547 5126 682 5179 Θεοῦ
712 5124 1102 5193 εἰσηγούμενος
1142 5122 1472 5196 Ἐκκλησὶᾳ;

398 5215 483 5272 ιε’.
547 5215 798 5285 Ἐρωτῶν
842 5215 990 5284 ἡμᾶς
1032 5208 1210 5278 οὗτος,
1258 5214 1363 5267 Ποῦ
1396 5217 1443 5266 οἱ
1501 5215 1751 5287 ϐεοφόροι
1805 5216 1896 5269 τὸν

317 5310 458 5364 Θεὸν
491 5312 586 5361 καὶ
617 5308 836 5376 Πατέρα
862 5308 950 5361 διὰ
978 5306 1072 5359 τοῦ
1098 5305 1226 5357 Υἰοῦ
1254 5308 1426 5366 αἴτιον
1449 5306 1545 5358 τοῦ
1578 5307 1895 5375 Πνεῦμα-ξος

320 5406 533 5471 ἔφασαν
558 5418 574 5467 ;
601 5399 790 5454 ἀκούει
821 5399 949 5468 παρ’
990 5399 1171 5468 ἡμῶν,
1193 5401 1324 5452 ὅπου
1356 5400 1515 5453 αὑτὸν
1554 5417 1571 5448 ε
1607 5400 1877 5467 προὸολέα

317 5497 412 5548 διὰ
452 5497 631 5561 Λόγου
689 5494 782 5545 τοῦ
822 5492 1218 5559 ἐκφαντορικοῦ
1278 5493 1591 5562 Πνεῦματος
1647 5509 1668 5543 ι
1720 5489 1893 5546 εἷπον.

334 5586 617 5656 Ἐρωτῶν,
649 5585 759 5638 Ποῦ
791 5584 882 5637 τὸν
934 5586 1295 5656 Παρὰκλητον
1328 5582 1483 5638 εἷπον
1538 5583 1725 5636 ἔχ’-τοῦ
1771 5581 1900 5634 Υἰοῦ

322 5683 474 5751 ἔχειν
501 5681 601 5749 τὴν
637 5678 873 5748 ὕπαρξιν
900 5696 914 5743 ;
946 5680 1157 5744 ἀκούει,
1184 5680 1318 5731 ὅπου
1359 5698 1376 5729 ε
1419 5682 1480 5729 ἐκ
1515 5678 1609 5729 τοῦ
1643 5678 1769 5728 Υἱοῦ
1802 5695 1902 5743 φυ-

326 5772 495 5832 σικῶς
528 5774 622 5823 καὶ
676 5771 944 5833 οῦειωδώς
984 5772 1256 5843 ὑπάρχειν
1306 5790 1324 5821 r
1368 5767 1522 5822 εἶπεν
1558 5789 1575 5821 ‹
1642 5770 1825 5823 αὐτόν.
1878 5788 1895 5817 ι

342 5865 616 5930 Ἐρωτιὶιη
651 5862 761 5916 Ποῦ
795 5864 957 5917 ﬁsi)”
1003 5863 1162 5916 αὑτὸν
1198 5863 1282 5915 τὸν
1320 5862 1678 5926 "maxima:
1714 5865 1772 5913 ἐκ
1813 5862 1898 5913 :06

2079 5213 2163 5268 l5.
2215 5212 2503 5269 Postulans
2536 5229 2564 5267 a
2599 5216 2756 5269 nobis
2817 5216 2951 5285 ipse,
2982 5212 3102 5281 Quo
3148 5215 3200 5267 in
3230 5214 3353 5267 loco
3381 5212 3572 5271 deil‘eri

2003 5309 2190 5363 Patres
2240 5307 2405 5362 Deum
2464 5318 2516 5362 et
2550 5305 2764 5362 Patrem
2797 5323 2890 5376 per
2938 5307 3135 5361 Filium
3196 5324 3417 5365 causam
3451 5324 3574 5363 esse

2006 5400 2243 5470 Spiritus
2300 5400 2604 5455 dixerunt?
2649 5400 2820 5464 audit,
2864 5400 2916 5454 in
2944 5416 3055 5470 quo
3116 5401 3267 5455 illum
3311 5416 3330 5451 r
3369 5400 3571 5468 produ-

2005 5500 2210 5546 ctorem
2261 5506 2354 5561 per
2399 5488 2630 5545 Verbum
2663 5492 2953 5545 revelautis
2980 5490 3217 5561 Spiritus
3252 5510 3269 5541 ι
3327 5506 3572 5560 pronun-

2008 5584 2233 5639 tiarunt.
2273 5585 2639 5652 Interrogans,
2671 5583 2770 5638 Ubi
2808 5583 3147 5637 Paracletum
3195 5584 3468 5646 dixerunt,
3504 5600 3573 5638 ex

2006 5672 2140 5727 Filio
2191 5675 2569 5729 exsistcntiaui
2622 5676 2874 5729 habere?
2931 5675 3103 5738 audit,
3149 5676 3236 5729 ubi
3279 5694 3298 5727 ι
3336 5692 3399 5729 ex
3433 5674 3572 5729 Filio

2009 5765 2329 5818 naturaliter
2363 5776 2415 5816 et
2468 5765 2831 5819 cssentialiter
2885 5767 3152 5822 exsistere
3207 5781 3328 5820 eum
3365 5784 3383 5818 ι
3416 5766 3571 5819 dixe-

2008 5865 2152 5911 runt.
2190 5857 2460 5924 Quwrem.
2506 5857 2601 5911 libi
2655 5873 2845 5913 rursus
2898 5857 3234 5913 Paracletum
3292 5858 3464 5927 ipsum
3507 5872 3570 5911 ex
