4214 6448
223 444 333 509 897

1158 436 1587 503 BEFU'I‘A'I'IO
1627 435 1837 497 LIBRI
1873 432 2190 491 GEORGII
2232 433 2509 491 CYPlUi.

3367 428 3475 495 898

227 563 827 631 κεφαλαιωδέστατον,
901 559 1000 627 τὴν
1058 557 1151 609 τοῦ
1204 555 1475 625 πατρικοῦ
1548 552 1812 617 συστῆσαι

1870 562 1886 607 ι
1918 546 2006 600 ille
2040 548 2267 608 neseiat,
2310 547 2452 600 seire
2498 562 2555 599 se
2591 558 2770 600 tamen
2824 547 3129 617 proﬁtetur.
3184 550 3291 605 Nos
3327 566 3475 612 vero.

224 654 493 722 ἀλήθειαν
531 653 825 720 δόγματος,
852 648 974 701 καθ’
998 642 1061 701 οῦ
1113 647 1269 699 τόσον
1290 646 1556 698 ἔπνευσεν
1620 635 1797 702 οὗτος,

223 743 304 805 ὡς
350 744 513 813 μηδὲν
536 743 784 813 ἡγεῖσθαι
814 739 1102 810 βιώσιμον,
1136 738 1184 788 εί
1220 737 1296 806 μὴ
1324 737 1441 788 νέον
1473 735 1669 787 ἑαυτὸν
1703 735 1788 784 αξ-

234 835 537 904 ρεσιὰρχην
594 835 660 903 τῇ
712 831 804 883 τοῦ
834 828 971 883 Θεοῦ
1025 828 1422 897 καταστήσειεν
1472 822 1795 892 Ἐκκλησία.

234 925 373 990 πρὸς
432 926 531 993 μὲν
559 924 655 985 τάς
715 921 904 992 ῦὸρεις
960 921 1054 973 καὶ
1086 917 1462 988 βλασφημίας,
1509 916 1575 977 ἃς
1608 912 1810 974 πολλὰς

232 1006 393 1075 οὗτος
415 1014 498 1065 ὅτι
526 1014 787 1082 μάλιστα,
838 1013 934 1064 καὶ⁵
990 1008 1215 1078 βαρείας
1271 1008 1368 1060 καὶ
1398 1005 1542 1072 ἄλλῳ
1580 1003 1689 1056 τινὶ
1722 1021 1814 1055 το-

233 1104 331 1174 χὸν
362 1104 720 1165 ἀνυποίστους
753 1102 883 1164 τῶν,
918 1095 1030 1163 οἷος
1088 1098 1251 1159 αὐτὸς
1320 1095 1641 1165 μικροφυῶν
1706 1095 1835 1164 τὴν.

235 1192 469 1263 γνώμην
506 1195 597 1247 καὶ
637 1190 870 1259 ἀγενῶν,
904 1189 1005 1256 τῆς
1055 1188 1216 1257 ἡμῶν
1273 1185 1537 1254 καταχέει
1596 1183 1811 1254 μετριό-

235 1296 425 1355 τητος,
467 1284 622 1337 οὐδὲν
679 1284 903 1352 ἄμεινον
957 1280 1049 1334 τοῦ
1107 1279 1259 1347 παρά
1296 1276 1391 1330 τοῦ
1422 1275 1587 1329 Δαυῖδ
1629 1272 1815 1341 κωφοῦ

236 1384 353 1449 καὶ,
398 1381 594 1434 ἀλάλου
664 1378 1069 1446 διακεισόμεθα.
1157 1370 1361 1427 Ὁπόσα
1420 1372 1479 1425 δὲ
1540 1370 1649 1424 ἀπὸ
1706 1385 1820 1421 κοι-

239 1477 366 1538 λίας
430 1468 592 1535 αὐτὸς
630 1473 924 1538 κενοφωνεί
954 1469 1201 1537 δόγματα
1245 1466 1345 1533 τῆς
1375 1463 1471 1517 τοῦ
1504 1461 1640 1515 Θεοῦ
1698 1462 1820 1512 Ἐκ·

242 1567 476 1634 κλησίας
524 1564 801 1633 ἀλλότρια,
845 1560 937 1613 τοῦ
996 1558 1196 1620 παντὸς
1244 1552 1822 1623 ἀπρτίμνοντεςλὸγου

240 1654 306 1712 οῦ
351 1658 487 1711 καθ’
519 1658 681 1725 ἡμῶν
734 1656 999 1724 πρότερος
1027 1647 1180 1715 οὗτος
1221 1648 1624 1720 ἀντιρῤητικῶς
1655 1649 1818 1719 apex-

242 1749 522 1819 ψῴδησεν,
560 1750 651 1801 ἐπὶ
684 1765 779 1801 του
819 1748 984 1816 μέσου
1017 1744 1389 1814 προθήσομεν,
1415 1744 1507 1794 καὶ
1530 1740 1606 1809 τῷ
1635 1740 1819 1809 βουλο-

248 1840 399 1908 μένῳ
422 1839 811 1905 διαγινώσκειν
854 1833 1205 1929 παρήσομεν.
1239 1834 1287 1883 εί
1318 1830 1393 1898 μὴ
1411 1830 1500 1929 eis
1535 1828 1825 1929 ypacpixdw
1857 1876 1896 1929 Β

246 1927 583 1994 ἀποδείξεων
611 1927 700 1978 τὸν
730 1926 997 1994 αίρὲσεων
1028 1920 1190 1975 αὐτοῦ
1225 1920 1652 1989 παραστήσομεν
1672 1919 1821 1986 ἔλεγ-

246 2037 363 2090 χον.
420 2018 700 2071 Ἀκονέτω
736 2016 868 2085 γοῦν
905 2008 1061 2077 οῦτος
1093 2013 1240 2074 ὅστις
1278 2012 1342 2065 ἀν
1382 2010 1490 2080 είη,
1522 2011 1617 2063 καὶ
1654 2010 1823 2077 διαγι-

246 2111 529 2164 νωσκέτω.

324 2294 394 2362 β’.
452 2312 469 2343 ι
512 2293 582 2345 Τὸ
628 2291 876 2361 Πνεῦμα,
908 2309 927 2342 ι
972 2292 1129 2361 φησι,
1171 2309 1189 2342 ι
1228 2290 1289 2343 τὸ
1311 2290 1467 2355 ἅγιον
1497 2290 1560 2341 ὲκ
1597 2290 1693 2358 τῆς
1731 2288 1823 2341 οὐ·

252 2388 376 2447 σίας
409 2386 704 2453 λεγόμενον
730 2383 825 2437 τοῦ
868 2384 1105 2453 Πατρδς,
1135 2383 1316 2446 καλῶς
1345 2383 1409 2437 ἂν
1437 2382 1551 2452 ἔχοι
1614 2383 1704 2434 καὶ
1738 2383 1826 2434 εὐ-

250 2476 428 2539 σεϐῶς
460 2479 554 2528 καὶ
587 2478 651 2527 ὲκ
681 2475 779 2543 τῆς
813 2474 907 2527 τοῦ
958 2474 1087 2526 Υίοῦ
1116 2473 1393 2541 λέγεσθαι.
1424 2474 1537 2527 Μία
1564 2474 1695 2541 γὰρ,
1731 2472 1827 2525 καὶ

251 2571 329 2634 ὡς
389 2570 549 2623 οὐσία
600 2570 703 2621 οὐκ
765 2568 918 2621 ἔστιν
965 2568 1113 2631 ὅπως
1147 2568 1275 2619 ποτε
1302 2567 1568 2638 διαίρεσιν
1595 2567 1825 2635 δέχοιτο.

251 2663 480 2716 mena:
541 2661 638 2731 μία
697 2662 761 2713 τὸ
813 2663 878 2713 ὲκ
928 2660 1027 2730 τῆς
1056 2658 1244 2722 οὐσίας
1266 2657 1700 2729 ὁμολογούμενον
1733 2655 1828 2711 τοῦ

255 2756 473 2824 Πατρὶς
505 2754 564 2804 τὸ
595 2750 813 2820 Πνεῦμα
845 2753 942 2804 καὶ
984 2752 1053 2803 ὲκ
1099 2750 1199 2819 τῆς
1221 2749 1314 2802 τοῦ
1374 2750 1505 2802 Υίοῦ
1564 2748 1831 2819 ὑπάρχειν

251 2846 627 2914 ὁμολογεῖται.
686 2843 830 2911 Πλὴν
872 2844 935 2896 οὑ
962 2842 1051 2895 διὰ
1086 2840 1243 2893 τοῦτ’
1293 2841 1397 2911 ἠδη
1456 2839 1551 2893 καὶ
1602 2840 1667 2891 hc
1728 2840 1830 2908 τῆς

252 2937 352 2989 τοῦ
396 2935 528 2988 Υίοῦ
566 2934 915 2995 ὑποστάσεως
936 2932 995 2984 τὸ
1022 2932 1265 3000 Πνεῦμα,
1320 2932 1421 2983 κᾶν
1450 2932 1533 2982 ὅτι
1586 2929 1826 2998 μάλιστα

256 3031 323 3082 ἐκ
355 3028 454 3095 τῆς
494 3025 846 3083 ὑποστάσεως
886 3023 981 3076 καὶ
1005 3024 1067 3074 ὲκ
1100 3022 1200 3090 τῆς
1230 3022 1418 3085 οὐσίας
1450 3021 1677 3090 λέγηται
1735 3020 1830 3073 τοῦ

258 3118 493 3186 ηπῶς.
526 3135 544 3167 ι
569 3117 632 3167 Τί
663 3116 788 3185 φῂς,
817 3117 844 3166 ο
876 3114 1284 3181 διαγινώσκων;
1309 3109 1419 3182 ἆρα
1437 3113 1629 3179 σοφίας
1659 3111 1834 3165 ταῦτα

1913 640 2007 706 qni
2045 641 2144 691 hoe
2182 640 2358 691 solum
2398 650 2666 699 tenemus,
2696 655 2966 694 suimnam
2994 642 3310 694 certaminis
3333 656 3478 706 esse,

1913 733 2125 799 paterni
2159 730 2431 800 dogmatis
2477 731 2756 782 veritatem
2794 731 3168 792 eonstabilire,
3210 734 3276 785 ad
3332 735 3478 800 quod

1910 818 2323 875 convellendum
2373 821 2710 873 tantumdem
2749 820 2835 872 hic
2884 821 3180 884 insudarit,
3216 832 3274 875 ut
3303 823 3482 876 vivere

1913 925 1971 963 se
2000 925 2158 977 p0sse
2212 909 2432 961 minime
2474 910 2769 971 existimet,
2804 910 2907 963 nisi
2944 925 3140 964 norum
3197 927 3256 965 se
3309 912 3481 965 luere-

1914 1000 2187 1052 siareham
2242 1000 2293 1051 iu
2327 998 2569 1053 Ecclesia
2625 1002 2945 1060 constituat,
2993 1016 3118 1069 erga
3164 1002 3311 1055 illius
3336 1001 3481 1069 inju-

1916 1090 2028 1141 rias
2068 1104 2131 1142 ac
2184 1089 2572 1156 blasphemias,
2623 1104 2760 1158 quas
2814 1092 3133 1145 innumeras
3187 1091 3277 1144 ille
3319 1102 3484 1157 atque

1919 1179 2236 1244 immensas,
2268 1191 2320 1233 et
2348 1194 2567 1249 graves,
2599 1190 2652 1233 et
2681 1180 2861 1240 alteri,
2894 1182 2988 1250 qui
3019 1197 3171 1248 aeque
3201 1192 3363 1251 atque
3394 1182 3487 1235 ille

1921 1270 2115 1338 pusillo
2167 1279 2333 1339 atque
2383 1272 2637 1339 degeneri
2689 1272 2872 1325 animo
2923 1283 3028 1337 est,
3083 1274 3303 1326 minime
3354 1273 3490 1327 forte

1921 1360 2257 1427 tolerabiles,
2296 1361 2348 1414 in
2384 1370 2629 1415 nostram
2665 1363 3098 1416 mediocritatem
3130 1361 3340 1424 elIudit,
3379 1378 3487 1417 non

1924 1451 2115 1505 melius
2147 1467 2309 1522 quam
2343 1454 2435 1521 qui
2467 1452 2609 1523 apud
2643 1454 2898 1508 Davidem
2931 1463 3014 1508 est
3045 1456 3245 1509 surdus
3278 1464 3329 1508 et
3366 1470 3490 1507 mn-

1925 1554 2033 1605 tus,
2072 1557 2317 1610 agemus.
2352 1542 2483 1608 Quae
2518 1559 2649 1598 vero
2692 1544 2805 1613 ipse
2850 1561 2916 1599 ex
2950 1556 3140 1599 ventre
3189 1560 3326 1599 nova
3358 1561 3488 1599 eiu-

1923 1640 2034 1685 etat
2085 1633 2358 1700 dogmata.
2392 1650 2422 1689 a
2461 1635 2552 1688 Dei
2607 1633 2847 1690 Ecclesia
2895 1651 3121 1705 prorsus
3156 1637 3368 1701 aliena,
3422 1652 3489 1689 ex

1926 1718 2209 1781 oratione,
2272 1736 2433 1789 quam
2491 1722 2581 1775 ille
2634 1724 2843 1791 primus
2904 1725 3063 1778 nobis
3116 1726 3492 1780 eontradieens

1930 1809 2315 1875 concinnavit,
2383 1822 2744 1879 pra-secantes
2810 1815 2863 1867 in
2949 1815 3186 1869 medium
3254 1816 3493 1870 adduce-

1928 1912 2069 1960 mus,
2121 1899 2430 1967 volentique
2486 1901 2785 1968 (liiﬂtlli'afe
2840 1904 3248 1971 relinquemus,
3300 1920 3482 1958 annon

1926 1990 2079 2044 ﬁrme
2127 2006 2222 2060 per
2273 1992 2477 2059 scripto
2533 1994 2758 2047 traditas
2791 1995 3286 2050 demonsuationes
3339 1996 3486 2050 illius

1927 2082 2310 2138 refutationem
2348 2086 2717 2143 instituemus.
2748 2088 2944 2143 Audiat
2982 2089 3149 2154 igitur
3174 2091 3491 2160 quicunque

1926 2172 2015 2227 ille
2045 2175 2135 2238 sit,
2172 2189 2332 2245 atque
2363 2178 2644 2247 dijudieet.

1997 2266 2053 2320 2.
2103 2286 2121 2318 ι
2154 2266 2412 2336 Spiritus,
2452 2288 2469 2319 ι
2529 2272 2721 2338 inquit,
2783 2291 2801 2323 ι
2840 2284 3087 2339 sanctus,
3122 2289 3247 2329 cum
3293 2276 3496 2329 dicitur

1929 2372 1994 2411 ex
2031 2358 2268 2411 essentia
2301 2355 2505 2422 Patris,
2540 2371 2686 2413 recte
2717 2362 2912 2430 pieque
2962 2374 3015 2416 et
3042 2378 3106 2418 ex
3136 2367 3372 2419 essentia
3405 2364 3496 2417 Fi-

1929 2447 1986 2502 lii
2028 2449 2260 2503 dicetur.
2311 2447 2425 2503 Una
2462 2451 2726 2519 siquidem
2764 2463 2866 2515 est,
2900 2464 2951 2508 et
2990 2456 3065 2509 uti
3100 2458 3336 2511 essentia
3373 2456 3497 2510 nul-

1930 2541 2035 2594 lam
2064 2542 2388 2594 divisionem
2422 2542 2691 2597 admittet.
2741 2544 2804 2599 Et
2848 2547 2991 2615 quod
3030 2563 3133 2600 una
3171 2554 3275 2607 est.
3304 2549 3399 2617 qui
3430 2563 3497 2601 ex

1930 2632 2164 2686 essentia
2204 2632 2378 2686 Patris
2419 2634 2656 2701 Spiritus
2700 2651 2820 2689 esse
2858 2636 3178 2701 aﬁirmatur,
3213 2647 3265 2690 et
3295 2651 3359 2690 ex
3413 2654 3501 2690 es-

1933 2724 2105 2778 sentia
2172 2723 2294 2776 Filii
2353 2726 2616 2780 exsistere
2676 2728 2959 2780 asseritur.
3046 2726 3162 2781 Non
3220 2738 3498 2797 propterea

1935 2824 2113 2867 tamen
2150 2814 2384 2883 Spiritus
2417 2830 2479 2869 ex
2515 2817 2793 2885 hypostasi
2828 2814 2948 2869 Filii
2981 2818 3104 2877 erit.
3138 2817 3263 2871 licet
3288 2834 3503 2871 asseve-

1934 2912 2115 2956 ranter
2164 2920 2226 2957 ex
2283 2908 2521 2959 essentia
2571 2916 2623 2959 et
2670 2908 2948 2978 hypnstasi
2983 2907 3159 2962 Patris
3196 2909 3433 2963 dicatur.
3476 2929 3493 2959 ι

1933 2993 2073 3059 Quid
2135 2994 2224 3048 hic
2286 2996 2386 3061 ais,
2445 2997 2537 3067 qui
2614 2998 2726 3051 lure
2776 2997 3079 3068 dijudieas?
3126 3000 3322 3052 Annon
3384 3000 3498 3053 iure

1934 3088 2095 3157 digna
2129 3096 2254 3142 sunt
2290 3090 2577 3157 sapientia.
2613 3105 2776 3158 quam
2816 3090 3010 3145 horum
3048 3101 3289 3146 assertor
3322 3095 3498 3163 possi-

256 3180 480 3273 éndéta,
511 3210 577 3277 ἦν
601 3210 629 3259 ὁ
649 3180 823 3259 ταῦτα
848 3204 1020 3272 λέγων
1046 3180 1391 3275 βρενθύεταί,
1423 3204 1522 3273 οὐχ
1546 3204 1689 3274 ὑπὲρ
1708 3205 1833 3267 τοὺς

1870 3198 1902 3260 Β
1936 3180 2062 3233 dere
2092 3180 2417 3248 sesejaetat,
2452 3195 2557 3233 non
2579 3196 2743 3249 super
2767 3196 2961 3235 omnes
2996 3182 3200 3243 solum.
3233 3188 3323 3251 qui
3354 3200 3496 3237 nunc

257 3300 353 3352 νῦν
384 3298 632 3360 ἅπαντας
662 3296 842 3366 μόνον,
885 3294 999 3349 ἀλλ’
1017 3296 1177 3364 εἴπερ
1192 3311 1275 3357 τις
1299 3295 1392 3346 καὶ
1411 3294 1490 3363 τῷ
1517 3294 1690 3363 χρόνῳ
1707 3294 1838 3347 ποτὲ

257 3392 319 3443 τὸ
352 3389 448 3442 ἐπὶ
499 3387 663 3456 σοφίᾳ.
726 3386 884 3449 κλέος
946 3387 1396 3454 ἀπενεγκάμενος
1440 3385 1678 3452 γέγονε;
1741 3385 1838 3448 Τίς

258 3498 412 3543 ποτε,
432 3474 477 3533 ὦ
501 3474 673 3543 οὗτος,
692 3478 906 3531 πολλῶν
922 3477 1091 3530 ὄντων
1112 3478 1220 3530 τῶν
1238 3477 1326 3531 διὰ
1354 3478 1518 3546 μέσου
1534 3476 1629 3529 τοῦ
1648 3476 1837 3545 χρόνου

258 3572 685 3641 ἀναδειχθέντων
721 3570 869 3639 παρὰ
913 3568 1048 3621 Θεοῦ
1087 3569 1217 3637 ἡμῖν
1252 3568 1537 3635 θεολόγων,
1591 3567 1826 3619 τοιαῦτα

262 3666 361 3717 ἐπὶ
390 3664 488 3731 τῆς
527 3663 690 3729 ἁγίας
732 3660 963 3727 Τριάδος
1012 3659 1407 3727 τεθεολόγηκε;
1448 3678 1466 3710 ι
1514 3656 1709 3720 Καλῶς
1767 3658 1836 3711 ἂν

260 3757 398 3824 ἔχει,
442 3773 460 3804 ι
508 3754 666 3822 φησὶ,
705 3771 723 3803 ι
762 3751 856 3804 καὶ
896 3751 1136 3813 εὐσεϐῶς
1170 3751 1229 3803 τὸ
1263 3752 1327 3802 ὲκ
1366 3751 1465 3818 τῆς
1486 3749 1582 3803 τοῦ
1630 3748 1840 3819 Πατρδς

262 3846 453 3904 οὐσίας
483 3845 775 3913 λεγόμενον
796 3842 893 3895 καὶ
919 3843 982 3894 ἐκ
1012 3843 1111 3909 τῆς
1160 3841 1254 3893 τοῦ
1286 3841 1415 3894 Υἰοῦ
1447 3840 1720 3907 λέγεσθαι,
1754 3840 1843 3893 διὰ

261 3939 324 3989 τὶν
354 3937 484 4006 μίαν
532 3938 630 4003 τὴν
666 3934 759 3987 τοῦ
817 3933 950 3986 Υίοῦ
981 3934 1075 3985 καί¹
1138 3932 1350 4003 Πατρὸς
1377 3928 1518 3985 εἶναι
1562 3932 1773 3985 οὐσίαν.
1818 3949 1837 3983 ι

267 4030 370 4097 Είη
397 4031 461 4079 ἂν
491 4026 875 4097 εὐσεὸέστερον
913 4024 1053 4079 κατά
1079 4023 1160 4087 σὲ,
1194 4023 1245 4075 εί
1278 4024 1375 4077 καὶ
1402 4024 1465 4074 ὲκ
1497 4025 1596 4091 τῆς
1630 4020 1830 4073 ἑαυτοῦ

262 4118 537 4177 οὑσίαςτὸ
561 4115 785 4184 Πνεῦμα
833 4115 892 4168 τὸ
928 4116 1082 4181 ἆγιον
1110 4114 1342 4181 λέγοιτο.
1400 4114 1467 4165 Ἢ
1516 4112 1624 4181 γὰρ
1684 4111 1843 4165 τοῦτο

262 4208 607 4277 ἀποδειχθὲν,
653 4206 863 4275 ἀληὺῶς
915 4207 1007 4257 τὸν
1053 4204 1404 4275 ἀκροώμενον
1456 4203 1632 4255 πείσει
1674 4202 1748 4272 μὴ
1776 4202 1843 4254 δι’

261 4301 426 4354 ἄλλον
458 4301 579 4351 τινὰ
601 4296 777 4365 λόγον,
812 4297 895 4349 διὰ
914 4297 969 4348 δὲ
990 4297 1148 4365 μόνον
1172 4297 1229 4347 τὸ
1254 4295 1355 4365 τῆς
1372 4294 1471 4348 τοῦ
1510 4296 1623 4348 Πατ
1634 4294 1722 4363 ρὸς
1747 4294 1843 4347 καὶ

266 4392 400 4446 Υίοῦ
452 4391 641 4451 οὐσίας
715 4391 917 4441 ενιαῖον
977 4390 1042 4440 ὲκ
1094 4388 1193 4456 τῆς
1236 4389 1440 4456 ἀμφοῖν
1490 4387 1746 4454 λέγεσθαι
1778 4386 1838 4439 τὸ

264 4483 493 4552 Πνεῦμα
544 4484 763 4543 οὐσίαςς
830 4481 863 4549 ἢ
925 4480 1020 4532 ὲάν
1084 4479 1144 4531 τὸ
1216 4478 1471 4531 ἐντεῦθεν
1525 4476 1843 4546 βλάσφημον

266 4576 555 4646 πρῄδηλον,
618 4572 866 4625 ἐντεῦθεν
919 4570 1288 4640 ἀποδειχθήσῃ
1347 4571 1536 4623 Kal-0'3
1596 4568 1837 4638 μεγάλης

266 4670 453 4735 ἔνοχος
491 4664 631 4718 εἶναι
687 4665 787 4733 τῆς
852 4663 1225 4733 βλασφημίας.
1286 4662 1398 4715 Καὶ
1432 4663 1491 4714 τὸ
1527 4662 1624 4731 τῆς
1650 4663 1838 4724 οὐσίας

266 4765 577 4832 ἀδιαίρετον
626 4762 795 4814 αἴτιον
839 4758 936 4827 τῆς
996 4759 1316 4824 θεολογικῆς
1361 4756 1569 4823 ταύτης
1622 4756 1838 4825 ρήσεως

265 4852 706 4923 προὸαλλὸμενος
738 4848 986 4917 φανερῶς
1023 4846 1330 4915 ὲλεγχΟήσῃ
1393 4846 1667 4906 κλέπτων,
1712 4845 1837 4912 οὐχὶ

266 4944 474 4996 πε.οων
522 4942 616 4992 τὴν
646 4939 1017 5007 ἀκροώμενον.
1082 4939 1173 4998 Τίς
1206 4938 1313 5005 γὰρ
1340 4937 1490 4988 ἔσται
1521 4938 1546 4987 ὁ
1577 4934 1669 4987 σοῦ
1724 4938 1833 5003 χεῖο

272 5052 364 5103 ρον
405 5034 503 5102 τὴν
527 5032 716 5084 οὐσίαν
741 5029 988 5097 διαιρῶν,
1023 5029 1120 5081 ἐὰν
1153 5027 1249 5096 τὴν
1275 5027 1470 5079 οὐσίαν
1520 5026 1615 5081 τοῦ
1667 5027 1840 5078 Πνεύ-

272 5140 448 5193 ματος
513 5122 609 5190 τῆς
656 5119 752 5172 τοῦ
796 5119 1010 5186 Πατρὸς
1067 5118 1160 5171 καὶ
1214 5116 1344 5169 Υἱοῦ
1395 5116 1720 5185 διαιρήσεις,
1764 5116 1839 5185 μὴ

271 5212 577 5282 συγχωρῶν
607 5211 735 5272 ἴσως
766 5209 861 5261 καὶ
891 5213 954 5260 ἐκ
978 5209 1077 5277 τῆς
1118 5206 1312 5259 ἑαυτοῦ
1361 5202 1497 5257 εἶναι
1542 5205 1729 5267 οὐσίας
1780 5205 1841 5255 τὸ

270 5306 529 5371 Πνεῦμας
556 5304 709 5354 Διατί
738 5300 817 5363 δὲ,
854 5301 995 5364 εἰπὲ,
1032 5300 1098 5352 ὲκ
1124 5300 1229 5367 μὲν
1256 5299 1354 5366 τῆς
1376 5296 1563 5357 οὐσίας
1588 5295 1648 5347 τδ
1685 5296 1840 5363 λεγό-

271 5413 439 5466 μενον
468 5396 558 5446 τοῦ
587 5393 796 5464 Πατρὸς
820 5393 912 5445 καὶ
930 5393 993 5444 ἐκ
1017 5392 1116 5459 τῆς
1146 5390 1492 5450 ὑποστάσεως
1515 5388 1755 5455 λέγεται,
1776 5391 1839 5439 ὲκ

294 5488 354 5541 δὲ
375 5487 473 5552 τῆς
494 5485 678 5545 οὐσίας
698 5485 988 5552 λεγόμενον
1009 5482 1103 5534 τοῦ
1133 5481 1262 5534 Υἱοῦ
1280 5484 1343 5534 ὲκ
1364 5481 1463 5549 τῆς
1489 5480 1839 5543 ὑποστάσεως

265 5578 329 5630 οὐ
353 5576 651 5645 ρηίιήσεται
670 5592 684 5637 ς
705 5574 838 5643 Οὐχὶ
856 5571 1136 5625 κάνταῦθα
1151 5571 1326 5638 λόγοις
1361 5570 1540 5637 μόνοις
1561 5567 1622 5621 τὸ
1638 5569 1734 5637 τῆς
1754 5568 1842 5618 οὐ-

267 5670 389 5731 σίας
416 5670 721 5736 αδιαίρετον
756 5666 936 5735 φαίνει
964 5666 1268 5734 ὁμολογεῖν,
1292 5663 1505 5731 ἀληθῶς
1530 5658 1731 5728 ταύτην
1748 5661 1843 5713 αὐ-

267 5763 358 5825 τὸς
387 5761 634 5829 διαιρῶν,
663 5760 754 5811 καὶ
780 5758 876 5826 τῆς
918 5756 1263 5826 Ἀρειανικῆς
1290 5755 1591 5826 διαρέσεως
1610 5753 1790 5819 χεῖρον
1818 5767 1833 5813 ;

280 5852 341 5902 Ὀ
371 5854 471 5919 μὲν
498 5851 603 5918 γὰρ
633 5846 707 5919 τῷ
729 5844 821 5900 τοῦ
853 5847 1060 5915 Πατρὸς
1094 5846 1323 5913 ὑστίρῳ,
1355 5844 1445 5895 καὶ
1472 5843 1551 5894 ὅτι
1580 5840 1839 5908 γεγονότα

1939 3272 2100 3324 vitam
2148 3279 2337 3340 agunt,
2385 3273 2477 3326 sed
2528 3288 2691 3341 super
2744 3274 2984 3342 reliquos
3021 3290 3210 3329 omnes
3235 3278 3326 3345 qui
3376 3278 3501 3331 aliis

1939 3372 2100 3430 atque
2141 3362 2266 3415 aliis
2311 3362 2649 3430 temporibus
2702 3364 2981 3430 sapientiae
3039 3363 3180 3417 fama
3232 3366 3502 3420 nobilitati

1940 3454 2105 3508 sunt?
2146 3453 2280 3520 Quis
2327 3471 2589 3524 linquam,
2631 3470 2664 3509 ο
2697 3466 2778 3518 tu.
2825 3472 2949 3510 cum
3002 3457 3158 3510 multi
3208 3465 3355 3520 sunt,
3406 3460 3501 3526 qui

1941 3546 2047 3600 hoc
2094 3548 2270 3599 medio
2319 3557 2562 3615 tempore
2602 3563 2629 3600 a
2689 3548 2795 3602 Deo
2825 3549 2983 3603 nobis
3015 3548 3251 3618 theologi
3288 3552 3498 3604 consti-

1945 3638 2046 3690 tuti
2077 3647 2222 3701 snnt,
2255 3638 2454 3691 similia
2474 3640 2539 3691 de
2559 3639 2745 3693 divina
2775 3639 2972 3693 Triade
2997 3641 3215 3695 sanxit?
3242 3660 3256 3691 ι
3289 3640 3453 3706 Bene,
3482 3661 3500 3691 ι

1941 3728 2037 3791 ait,
2075 3745 2093 3777 ι
2145 3729 2340 3797 pieque
2376 3729 2464 3798 qui
2495 3745 2561 3781 ex
2590 3731 2829 3783 essentia
2882 3729 3055 3785 Patris
3103 3730 3340 3800 Spiritus
3368 3734 3506 3787 diei-

1944 3832 2053 3882 tur.
2102 3836 2163 3873 ex
2195 3821 2435 3875 essentia
2469 3836 2690 3891 quoque
2730 3819 2851 3875 Filii
2887 3823 3019 3886 dici,
3054 3824 3199 3891 quod
3236 3822 3414 3879 Putris
3450 3835 3507 3878 et

1944 3912 2062 3965 Filii
2103 3926 2209 3965 una
2261 3913 2493 3966 essentia
2537 3923 2639 3967 εει.
2671 3932 2690 3965 ι
2742 3914 2810 3967 At
2856 3915 3027 3984 magis
3063 3916 3209 3983 pium
3240 3926 3408 3981 esset,
3457 3926 3509 3970 te

1937 4004 2142 4072 judice,
2184 4003 2226 4056 si
2258 4014 2310 4056 et
2338 4018 2402 4056 ex
2453 4019 2552 4058 sua
2596 4005 2770 4072 ipsius
2805 4007 3043 4059 essentia
3079 4006 3316 4075 Spiritus
3356 4008 3507 4061 dice-

1942 4100 2112 4148 retur.
2148 4091 2203 4147 ιιι
2238 4095 2382 4148 enim
2415 4094 2459 4146 si
2489 4108 2614 4147 vere
2650 4094 3083 4160 demonstretur,
3118 4111 3244 4149 vere
3269 4097 3508 4149 audituri

1944 4184 2213 4247 suadebit,
2249 4183 2452 4236 nullam
2486 4185 2557 4236 oh
2605 4184 2765 4237 aliam
2822 4186 3112 4254 rationein,
3145 4187 3238 4240 sed
3269 4196 3511 4240 tantum-

1945 4276 2104 4328 modo
2127 4275 2196 4327 ob
2221 4276 2482 4327 unitatem
2506 4275 2758 4335 essentia:
2781 4274 2959 4329 Patris
2984 4285 3039 4330 et
3064 4275 3186 4330 Filii
3212 4292 3275 4331 ex
3304 4279 3514 4332 utrius—

1944 4381 2049 4435 que
2079 4367 2318 4420 essentia
2356 4365 2619 4434 Spiritum
2669 4367 2780 4421 dici
2813 4384 2828 4421 :
2858 4378 2952 4421 aut
2996 4368 3041 4421 si
3088 4368 3213 4422 inde
3254 4368 3509 4438 blasphe-

1948 4460 2052 4512 mia
2082 4458 2369 4513 maniiesta
2394 4458 2698 4520 enascitur,
2720 4458 3185 4513 demonstraberis
3214 4467 3269 4513 tu
3294 4476 3511 4530 quoque

1870 4542 1921 4602 Β
1949 4550 2196 4605 maximze
2244 4550 2591 4618 blasphemia:
2638 4551 2910 4603 obnoxius
2962 4565 3106 4605 esse.
3150 4550 3216 4604 Et
3257 4555 3511 4606 essentne

1952 4640 2284 4695 indivisibile
2327 4656 2545 4694 causam
2593 4641 2823 4708 hujusce
2869 4643 3184 4709 theologica:
3233 4646 3515 4698 sententia:

1954 4748 2281 4804 preponens.
2336 4734 2510 4799 palam
2553 4734 2976 4802 deprehenderis
3023 4736 3357 4797 subduceris.
3405 4754 3513 4791 non

1952 4828 2286 4895 persuadens
2340 4827 2668 4879 auditorem.
2724 4825 2858 4892 Quis
2898 4828 3041 4879 enim
3093 4828 3279 4892 fuerit,
3324 4830 3413 4896 qui
3463 4839 3514 4881 te

1953 4919 2106 4989 pejus
2159 4919 2453 4973 essentiam
2507 4918 2775 4982 diviserit,
2821 4920 2868 4972 si
2922 4919 3213 4974 essentiam
3276 4921 3514 4990 Spiritus

1951 5012 2019 5064 ab
2062 5025 2124 5062 ea
2170 5025 2290 5076 qua:
2339 5019 2424 5063 est
2453 5010 2691 5064 essentia
2740 5009 2916 5065 Patris
2953 5018 3007 5063 et
3038 5009 3161 5064 Filii
3212 5014 3512 5081 separabis,

1952 5117 2059 5157 non
2099 5102 2400 5156 concedens
2434 5100 2593 5165 forte,
2628 5111 2682 5155 et
2709 5117 2771 5155 ex
2806 5105 2890 5156 sui
2920 5103 3094 5171 ipsius
3131 5106 3366 5157 essentia
3392 5105 3517 5173 Spi-

1954 5195 2116 5248 ritum
2172 5193 2331 5246 esse‘i
2371 5194 2549 5258 Quale
2601 5209 2749 5257 vero,
2786 5193 2956 5246 dicito
3003 5210 3213 5262 quasso.
3263 5196 3407 5263 quod
3449 5212 3514 5249 ex

1950 5286 2189 5339 essentia
2220 5283 2419 5347 Patris,
2452 5294 2504 5337 et
2537 5300 2600 5337 ex
2630 5286 2905 5354 hypostasi
2932 5285 3075 5338 illius
3103 5286 3339 5351 dicitur;
3367 5285 3510 5354 quod

1955 5392 2084 5430 vero
2119 5392 2186 5429 ex
2220 5377 2455 5429 essentia
2485 5374 2628 5439 Filii,
2655 5390 2718 5428 ex
2748 5377 3025 5445 hypostasi
3058 5377 3205 5430 illius
3234 5394 3339 5431 non
3370 5377 3518 5431 diee-

1954 5471 2076 5523 tur?
2114 5471 2309 5523 Annon
2343 5470 2429 5522 hie
2470 5484 2688 5538 quoque
2722 5485 2828 5523 non
2882 5470 3085 5523 ratione
3114 5468 3514 5530 tantummodo,

1954 5559 2097 5629 quod
2158 5559 2211 5611 in
2276 5559 2512 5612 essentia
2572 5567 2655 5611 est
2713 5557 3039 5611 indivisibile
3094 5554 3518 5624 deprehenderis

1954 5650 2224 5713 conﬁteri,
2260 5664 2384 5701 vere
2430 5650 2601 5717 ipsam
2636 5650 3013 5709 subdiridens,
3049 5658 3099 5701 et
3148 5648 3345 5700 Ariana
3376 5646 3517 5697 diri-

1956 5744 2109 5795 sime
2140 5741 2423 5795 atrocius?
2448 5741 2539 5793 Ille
2573 5740 2842 5807 siquidem
2884 5738 3285 5807 pusterioritate
3315 5736 3514 5799 Patris,

1954 5842 2007 5886 et
2036 5833 2180 5902 quod
2214 5843 2505 5903 generatus
2546 5840 2691 5887 esset
2726 5847 2787 5886 ex
2823 5829 3001 5895 Patre,
3033 5845 3139 5885 non
3182 5841 3516 5885 cozezernum
