4214 6446
788 393 896 456 939

1845 391 2032 454 JOAN
2099 389 2312 452 VECCI
2354 388 2465 448 ΟΡ.
2507 386 3014 448 ΡΑΤΒΙΛΒΕΗΕ

3929 397 4038 462 θιο

862 504 954 557 Ιιτε
990 501 1277 574 encyclicze
1306 514 1522 572 quoque
1549 499 1788 571 epistolae
1837 500 2102 570 pericopze
2137 505 2284 560 sunt,
2308 507 2352 551 ct

2535 491 2722 553 Ταῦτα
2753 501 2844 553 καὶ
2874 499 2941 552 τά
2974 499 3073 569 τῆς
3113 499 3402 568 ἐγκυκλίου
3430 502 3664 574 τεμάχια
3708 505 3999 576 ἐπιστολῆς
4020 523 4033 537 ·

790 597 1074 649 multarum
1138 593 1485 662 epistolarum
1550 592 1841 662 particulas
1893 591 2359 660 oratiodigerens,

786 695 900 739 tum
957 685 1122 743 illius.
1159 699 1280 752 qua:
1309 683 1373 736 ad
1401 682 1682 737 Nicolaum
1714 683 2043 752 pontificem,
2103 691 2214 736 tum
2244 695 2364 749 qua:

787 777 840 828 in
902 774 1175 844 encyclica
1203 773 1552 826 continentur
1585 814 1598 838 ,
1624 787 1686 826 ex
1715 773 2029 826 earumdem
2074 769 2362 823 verborum

783 868 1102 920 recensione
1137 866 1311 934 palam
1345 864 1598 929 ostendit,
1635 865 1770 917 nihil
1819 864 1963 917 aliud
1992 862 2141 932 justo
2173 876 2362 930 aequo-

782 974 889 1028 que
912 959 1306 1026 auditoriopus
1323 973 1458 1017 esse.
1493 973 1655 1026 quam
1685 957 1852 1011 solum
1886 971 2064 1008 rerum
2090 962 2361 1023 gestarum

783 1051 1071 1103 historiam
1131 1049 1196 1102 ad
1255 1047 1678 1118 dignoscendum
1710 1047 1874 1117 gratis
1919 1057 1967 1100 et
1999 1047 2206 1114 absque
2257 1045 2360 1098 ulla

782 1156 975 1204 causa,
1011 1155 1132 1208 qua:
1182 1139 1374 1192 rationi
1401 1146 1759 1191 consentanea
1791 1138 1879 1201 sit,
1917 1136 2186 1191 Ecclesias
2225 1135 2365 1186 inter

779 1247 900 1286 sese
960 1247 1053 1300 per
1123 1240 1199 1283 tot
1258 1245 1428 1284 annos
1489 1229 1793 1283 simultates
1846 1238 2008 1296 atque
2055 1218 2364 1279 inimicitias

779 1326 1112 1379 exercuisse.
1173 1321 1308 1376 Cum
1361 1324 1504 1378 enim
1562 1330 1686 1377 ante
1709 1321 1944 1376 schisma
1971 1317 2227 1370 Romanae
2265 1313 2358 1368 Ec-

778 1417 957 1472 clesia:
1017 1414 1462 1480 consuetudines,
1516 1416 1678 1469 veluti
1726 1413 1968 1467 schisma
1997 1409 2280 1470 minitans,
2307 1407 2360 1458 iu

774 1510 1019 1578 epistolis
1072 1512 1136 1562 ad
1171 1509 1447 1566 Nicolaum
1495 1509 1805 1578 pontificem
1846 1510 2173 1575 proponeret
2216 1500 2363 1553 Pho-

774 1601 906 1663 tius,
980 1620 1102 1658 cum
1157 1604 1393 1657 nondum
1439 1616 1564 1670 spes
1599 1597 1956 1654 restitutionis
1979 1595 2351 1656 decollasset;

777 1707 1064 1763 postquam
1093 1711 1219 1750 vero
1245 1695 1552 1754 decollavit,
1579 1691 1847 1748 desiderio
1875 1691 2190 1751 frustratus,
2215 1685 2359 1756 quod

775 1787 1088 1840 minabatur
1138 1802 1300 1856 opere
1353 1787 1658 1855 pet-ficiens,
1691 1783 2023 1853 encyclicam
2072 1779 2354 1847 epistolam

2463 589 2557 642 καὶ
2584 589 2612 640 ὁ
2639 590 2706 642 τά
2730 591 2836 643 τῶν
2875 591 3200 660 ἀμφοτέρων
3231 593 3528 645 ἐπιστολῶν
3560 597 3700 662 μέρη
3747 599 4039 664 ὑφηγησά-

2465 694 2622 748 μενος
2655 678 2830 745 λόγος,
2861 681 2958 732 ὅσα
2989 696 3046 730 τε
3075 680 3172 742 τῆς
3205 681 3341 748 πρὸς
3367 681 3457 732 τὸν
3487 683 3718 734 πάππαν
3741 685 4035 738 Νικόλαονο

2465 766 2558 819 καὶ
2587 768 2684 818 ὅσα
2713 769 2813 837 τῆς
2867 768 3152 835 ἐγκυκλίου
3211 770 3315 822 ὑπὸ
3341 773 3438 840 τῆς
3478 772 3618 822 κατὰ
3665 772 3810 836 λέξιν
3855 774 4038 826 αὐτῶν

2465 860 2794 949 ἀφηγήσεως
2830 862 3160 930 παρίστησιν
3190 863 3454 931 ἐναργῶς,
3487 863 3633 926 ὅπως
3663 867 3779 916 ἐστὶ
3809 866 4036 932 μηδενὸς

2464 954 2623 1006 ἄλλου
2653 952 2866 1020 δεήσειν
2914 952 2990 1019 τῷ
3023 953 3326 1019 εὐγνώμονι
3371 954 3614 1023 ἀκροατῇ
3665 954 3697 1022 ἢ
3737 955 3908 1023 μόνης
3938 959 4037 1024 τῆς

2467 1042 2703 1112 ἱστορίας
2738 1044 2816 1104 είς
2847 1042 2907 1092 τὸ
2955 1043 3241 1110 διαγνῶναι
3270 1043 3344 1104 ὡς
3392 1045 3569 1113 μάτην
3609 1046 3700 1096 καὶ
3739 1046 3827 1097 ἐπ’
3860 1047 4037 1097 οὐδενί

2465 1133 2671 1202 εὐλόγῳ
2702 1133 2754 1184 al
2803 1133 3114 1203 Ἐκκλησὶαι
3148 1135 3401 1200 ἀλλήλαις
3431 1136 3682 1188 τοσοῦτον
3717 1138 3912 1204 χρόνον
3939 1140 4034 1188 ἐκ-

2465 1222 2871 1290 πεπολέμωντο.
2922 1221 3074 1272 Ἐπεὶ
3110 1223 3217 1292 γὰρ
3246 1223 3349 1292 πρὸ
3383 1221 3475 1273 τοῦ
3512 1224 3805 1290 σχίσματος
3831 1221 4038 1284 Ou'mo;

2462 1313 2532 1364 τὰ
2555 1311 2654 1379 τῆς
2693 1313 3002 1381 Ῥωμαῖκῆς
3049 1313 3372 1380 Ἐκκλησίας
3403 1314 3495 1383 ἔθη
3533 1313 3608 1375 ὡς
3633 1315 3769 1383 πρὸς
3805 1315 4038 1382 ἀπειλὴν

2464 1402 2710 1454 ὑπέτεινε
2747 1403 3040 1470 σχίσματος
3085 1402 3142 1452 ἐν
3175 1404 3294 1463 ταῖς
3325 1403 3460 1471 πρὸς
3490 1403 3756 1454 Νικόλαον
3805 1404 4037 1456 πάππαν

2463 1492 2795 1556 ἐπιστολαῖς,
2845 1493 2924 1546 ἔτι
2958 1493 3066 1544 τῶν
3113 1493 3208 1561 τῆς
3239 1493 3504 1562 άναδοχῆς
3548 1493 3780 1546 ἐλπίδων
3824 1497 4038 1546 ἀπαιω-

2466 1584 2746 1654 ρούμενος,
2797 1585 2935 1653 μετὰ
2980 1585 3037 1636 δέ
3073 1584 3135 1636 τὸ
3169 1586 3462 1652 ἀποτυχεῖν
3505 1585 3614 1636 τῶν
3657 1584 3778 1637 κατ’
3821 1584 4033 1652 ἔφεσιν,

2463 1677 2560 1747 τὴν
2590 1675 2817 1745 ἀπειλὴν
2841 1676 2920 1737 είς
2952 1676 3111 1744 ἔργον
3144 1676 3449 1744 προήγαγε,
3481 1676 3575 1728 καὶ
3601 1674 3700 1743 τὴν
3745 1675 4037 1740 ἐγκύκλιον

2465 1767 2750 1837 ἐπιστολὴν
2778 1764 3092 1835 ἁπανταχοῦ
3122 1769 3220 1835 τῆς
3248 1767 3574 1836 οἰκουμένης
3599 1767 3836 1819 ἀπέλυσε
3863 1785 3879 1799 ο
3913 1768 4039 1837 πρό-

776 1835 804 1836 κν
836 1835 1078 1840 www-
1143 1835 1299 1856 --τ---
1918 1835 1922 1836 κ
2107 1835 2119 1847 .

769 1876 905 1930 locis
953 1879 1004 1930 in
1047 1879 1296 1931 omnibus
1330 1878 1431 1946 legi
1481 1876 1648 1929 voluit
1679 1892 1692 1928 :
1732 1871 2078 1926 manifestum
2103 1878 2205 1930 est,
2241 1884 2347 1922 non

2457 1859 2612 1927 δηλόν
2635 1835 2780 1912 ἐστιν
2813 1861 2914 1911 οὐκ
2943 1857 3220 1926 ἀληθείας,
3264 1860 3377 1912 ἀλλ’
3410 1835 3544 1912 ίδίου
3574 1861 3884 1928 θελήματος
3915 1835 4038 1912 Φω-

770 1969 1037 2034 veritatis,
1089 1969 1182 2022 sed
1246 1967 1476 2037 propria:
1518 1964 1814 2019 voluntatis
1850 1977 2015 2017 causa
2063 1976 2092 2013 a
2153 1958 2350 2012 Photio

771 2060 1010 2112 schisma
1074 2062 1436 2128 excogitatum
1497 2056 1686 2112 fuisse.
1745 2055 2022 2107 Addantur
2063 2051 2254 2114 dictis,
2293 2059 2351 2103 ut

770 2153 944 2218 magis
977 2165 1040 2204 ac
1077 2151 1247 2220 magis
1277 2150 1450 2204 Pbotii
1484 2149 1752 2218 privatum
1801 2145 2087 2200 consilium
2120 2144 2172 2195 in
2191 2158 2353 2197 cxco-

768 2243 994 2311 gitando
1043 2242 1420 2296 ecclesiastico
1487 2241 1785 2295 schismate
1832 2245 2034 2306 pateat,
2093 2235 2352 2302 quaeipse

768 2342 894 2401 post
945 2347 1132 2402 pacem
1184 2332 1371 2385 initam
1419 2338 1473 2385 et
1499 2327 1726 2394 ftedcra,
1775 2326 2062 2396 encyclicw
2111 2323 2351 2392 epistolze

766 2426 1088 2494 pugnantia,
1147 2438 1244 2493 pro
1292 2421 1536 2477 Ecclesia
1571 2437 1600 2476 a
1639 2435 1695 2475 se
1719 2430 1878 2472 antea
1917 2426 1994 2470 tot
2036 2415 2350 2477 calumniis,

764 2532 829 2570 ac
880 2515 1227 2571 contumeliis
1283 2512 1580 2578 diffamata,
1667 2510 2055 2582 pronuntiavit.
2104 2507 2350 2576 Namque

769 2624 894 2660 enin
926 2607 1150 2660 obiisset
1178 2604 1455 2664 Nicolaus,
1478 2612 1532 2656 et
1559 2602 1704 2655 illum
1737 2609 1956 2654 secutus
1991 2607 2132 2650 esset
2160 2596 2349 2648 Adria-

767 2713 892 2759 nus,
924 2706 975 2750 et
1001 2695 1238 2750 Joannes
1263 2692 1504 2764 pontifex
1533 2693 1584 2744 in
1639 2689 1932 2760 apOstolica
1961 2687 2098 2741 Sede
2132 2699 2351 2754 pronio‘

769 2798 882 2848 tus,
943 2784 1066 2836 odia
1120 2784 1173 2837 in
1237 2782 1491 2837 Pbotium
1515 2795 1625 2835 non
1651 2777 1975 2847 excepisset,
2019 2776 2112 2829 scd
2143 2775 2347 2828 eutnin

767 2873 1192 2943 patriarchicum
1256 2872 1514 2926 thronum
1570 2869 1904 2928 restitutum,
1963 2880 2121 2934 aequo
2165 2865 2350 2917 animo

763 2963 1101 3024 adtuisisset,
1134 2959 1363 3014 Photius
1387 2957 1441 3012 in
1470 2955 1606 3012 urbe
1629 2953 1926 3026 Byzantina
1949 2951 2217 3022 synodum
2244 2960 2351 3003 tre-

761 3062 1046 3108 centorum
1080 3050 1370 3122 praesulum
1399 3056 1453 3103 et
1481 3045 1716 3115 amplius
1745 3057 1971 3097 numero
2012 3040 2343 3095 celebratam

765 3147 933 3215 cogit,
961 3153 1015 3198 et
1042 3158 1278 3198 canones
1300 3141 1552 3209 evulgat,
1581 3147 1636 3193 et
1673 3134 1934 3206 quidquid
1967 3131 2179 3186 dissidii
2211 3141 2345 3185 tem-

765 3253 899 3307 pore
953 3237 1218 3290 adversus
1274 3232 1579 3287 Romanam
1613 3228 1911 3284 Ecclesiam
1945 3225 2204 3295 agitatum
2236 3230 2341 3287 est,

763 3339 817 3381 tl.
877 3329 1310 3398 pronuntiatum,
1376 3323 1707 3379 anathemati
1760 3320 1982 3389 subigit,
2044 3326 2097 3370 et
2150 3315 2344 3370 mediis

765 3421 938 3490 ipsius
966 3419 1154 3489 synodi
1189 3431 1286 3486 pro
1318 3418 1520 3470 unione
1549 3419 1896 3483 congregatae
1923 3409 2066 3465 actis
2099 3409 2213 3462 haec
2244 3421 2344 3476 pro

763 3508 992 3573 Joanne,
1051 3508 1143 3577 qui
1198 3505 1322 3560 Eccl
1358 3507 1451 3560 site
1471 3505 1542 3559 ab
1575 3504 1765 3558 eodem
1798 3503 1948 3570 prius
1987 3498 2220 3568 pessime
2243 3498 2342 3551 ha-

765 3603 890 3655 bita-
910 3606 1157 3670 praeerat,
1190 3598 1241 3651 in
1268 3597 1385 3652 suis
1408 3595 1642 3664 eloquiis
1675 3592 2020 3663 depraedieat.
2050 3589 2170 3660 Ipso
2194 3589 2339 3643 enim

766 3694 943 3763 primo
979 3694 1032 3745 in
1085 3689 1354 3761 synodum
1389 3689 1633 3758 ingressu
1681 3683 2070 3747 cardinalium,
2109 3680 2344 3735 sanctis-

765 3786 888 3839 simi
939 3782 1167 3838 Joannis
1208 3783 1382 3835 locum
1436 3777 1762 3837 tenentium,
1795 3774 2029 3829 PhOtius
2078 3781 2199 3840 post
2226 3784 2342 3824 am-

767 3881 963 3951 plexus
993 3887 1046 3934 et
1069 3877 1252 3933 oscula
1287 3877 1401 3930 hac
1430 3869 1964 3929 vetbatim-enuntiat
1999 3883 2013 3921 :
2043 3883 2061 3918 ι
2097 3862 2344 3932 Recipiat

766 3973 1030 4027 Dominus
1063 3970 1301 4024 laborem
1335 3977 1596 4020 vestrum.
1629 3962 1913 4016 Benedicat
1945 3969 1996 4013 et
2044 3954 2344 4012 sanctificet

767 4067 978 4118 animas
1031 4074 1084 4118 et
1148 4075 1376 4131 corpora
1414 4068 1617 4112 vestra.
1676 4055 1948 4123 Suscipiat
1987 4053 2112 4106 item
2139 4063 2341 4104 scuram

766 4165 819 4210 ot
842 4155 1256 4212 sollicitudinem
1290 4149 1620 4206 sanctissimi
1653 4147 1836 4200 fratris
1866 4157 1918 4200 et
1950 4141 2340 4206 comministri,

768 4257 823 4301 et
853 4247 1156 4316 spiritualis
1213 4243 1390 4298 Patris
1421 4241 1591 4297 nostri
1609 4236 1952 4295 sanctissimi
1977 4251 2131 4306 papa:
2176 4233 2344 4288 Joan-

767 4343 875 4393 nis.
917 4357 933 4389 ι
972 4337 1035 4390 Ει
1095 4346 1378 4406 postquam
1429 4333 1731 4387 cardinales
1765 4333 1940 4384 locum
2003 4336 2246 4382 tenentes
2279 4341 2345 4380 ex

767 4446 917 4499 papa:
977 4443 1204 4498 persona
1257 4426 1610 4480 retercntiaiu
1674 4422 2068 4482 aLsolvissent,
2122 4418 2347 4471 Photius

2452 1949 2552 2017 τίῳ
2589 1949 2946 2019 μελετηθῆναι
2979 1950 3038 2003 τδ
3067 1951 3292 2020 σχίσμα.
3327 1950 3683 2019 Προσκείσθω
3718 1956 3831 2013 τοῖς
3878 1953 4034 2022 εἰρη-

2455 2040 2638 2105 μένοις
2685 2044 2766 2102 είς
2797 2041 2970 2094 πλείω
3011 2043 3354 2112 παράστασιν
3392 2059 3486 2095 του
3519 2043 3658 2096 κατὰ
3706 2043 3798 2095 τὸν
3827 2042 4032 2096 Φὼτιον

2455 2132 2803 2203 ίδιορῤύθμου
2856 2135 2948 2185 ἐπί
2981 2133 3060 2204 τῷ
3107 2135 3548 2204 ἐκκλησιαστικῷ
3603 2135 3892 2204 σχίσματι,
3942 2136 4036 2187 καὶ

2454 2226 2598 2295 ᾶπερ
2629 2220 2782 2289 οὗτος
2832 2226 2969 2294 μετὰ
3002 2227 3101 2297 τὴν
3147 2220 3370 2297 είρῆνην
3408 2229 3631 2291 καὶτὰς
3683 2231 4036 2298 καταλλαγάς

2451 2317 2755 2386 άντίρροπα
2780 2318 2877 2386 τῆς
2906 2319 3194 2386 ἐγκυκλίου
3223 2321 3511 2388 ἐπιστολῆς
3535 2321 3672 2390 ὑπὲρ
3699 2321 3800 2388 τῆς
3826 2321 4037 2390 δυσφη-

2456 2408 2729 2478 μουμένης
2753 2409 2883 2476 παρ’
2915 2409 3081 2461 αὐτοῦ
3120 2410 3442 2478 Ἐκκλησίας
3473 2412 3700 2482 εἰρήκει.
3741 2411 3898 2464 Ἐπεὶ
3927 2415 4036 2482 γὰρ

2454 2502 2700 2572 παρῆλθε
2735 2501 2833 2570 μὲν
2861 2501 2968 2554 τῶν
2997 2494 3099 2555 ὧδε
3135 2502 3422 2568 Νικόλαος,
3452 2504 3658 2573 ἀπῆλθε
3689 2504 3733 2557 δ’
3761 2506 3853 2557 ἐπ’
3884 2506 4038 2575 αὑτῷ

2467 2595 2760 2664 Ἁδριανὸς,
2807 2596 2900 2647 καὶ
2947 2595 3180 2657 πάππας
3240 2594 3491 2662 Ἰωάννης
3537 2597 3628 2649 τὸν
3671 2598 4038 2651 άποστολικδν

2453 2689 2832 2756 διαδεξάμενος
2865 2688 3076 2758 θρόνον,
3107 2690 3166 2740 οὺ
3209 2689 3580 2753 συνδιεδέξατο
3615 2691 3706 2742 καὶ
3737 2691 3838 2760 τὴν
3889 2694 4036 2745 κατά

2451 2779 2654 2830 Φωτίου
2693 2779 3036 2846 δυσμένειαν,
3075 2779 3188 2832 ἀλλ’
3222 2781 3312 2832 ἐπὶ
3339 2783 3402 2849 τῇ
3450 2783 3529 2843 εις
3559 2782 3653 2833 τὸν
3698 2800 4032 2853 πατριαρχι·

2452 2871 2547 2924 κδν
2575 2869 2762 2937 θρόνον
2800 2871 3046 2940 ὲπανόδῳ
3093 2872 3260 2923 αὑτοῦ
3294 2871 3482 2935 δεξιῶς
3512 2873 3673 2926 αὐτὸν
3703 2874 4034 2941 ἀπεδέξατο,

2454 2961 2672 3014 σύνοδόν
2705 2977 2765 3013 τε
2811 2960 3015 3024 Φώτιος
3043 2963 3108 3014 ’ἐν
3161 2963 3734 3016 Κωνσταντινουπόλει
3783 2966 4039 3034 ἁθροίζει

2453 3052 2557 3105 ὑπὸ
2590 3053 2910 3123 πλειόνωνῆ
2958 3055 3288 3123 τριακοσίων
3333 3055 3637 3124 ἀρχιερέων
3693 3073 4038 3126 συγκρατου-

2456 3144 2644 3212 μένην,
2676 3146 2769 3196 καὶ
2797 3144 3029 3207 κανόνας
3055 3145 3322 3213 ἐκτίθησι,
3358 3147 3451 3198 καὶ
3477 3147 3586 3198 πᾶν
3615 3145 3669 3197 εῐ
3689 3163 3741 3197 τι
3770 3148 3917 3200 κατὰ
3937 3147 4040 3218 τῆς

2465 3234 2781 3305 Ῥωμαῖκῆς
2836 3236 3160 3306 Ἐκκλησίας
3208 3238 3266 3289 ἐν
3301 3237 3378 3307 τῷ
3421 3237 3520 3306 τῆς
3560 3238 3826 3308 διαφορᾶς
3857 3243 4041 3312 χρόνῳ

2455 3325 2705 3395 ἐπράχθη
2734 3327 2827 3378 καὶ
2871 3325 3129 3397 ἐλαλήθη,
3160 3327 3463 3394 άναθέματι
3519 3329 3904 3396 παραδίδωσιν,
3945 3335 4041 3387 καὶ

2454 3415 2544 3469 διά
2586 3418 2754 3484 μέσου
2783 3417 2913 3480 τῶν,
2946 3411 3020 3470 ὧν
3069 3418 3102 3487 η
3144 3415 3368 3486 τοιαύτη
3398 3418 3788 3486 τῆς’ἐνώσεως
3819 3423 4043 3486 σύνοδος

2453 3508 2669 3573 ἐξέθετο
2700 3511 3033 3578 πρακτικῶν,
3060 3508 3238 3562 τοιάδε
3265 3509 3404 3579 ὑπὲρ
3434 3511 3598 3563 αὑτοῦ
3644 3513 3922 3577 Ἰωάννου,
3943 3518 4040 3570 τοῦ

2459 3601 2860 3670 προῖσταμένου
2914 3601 3016 3670 τῆς
3066 3601 3196 3670 παρ’
3249 3599 3415 3655 αὑτοῦ
3465 3602 3932 3676 δυσφημουμὲνης
3979 3610 4043 3659 τὸ

2458 3689 2589 3760 πρὶν
2633 3689 2961 3759 Ἐκκλησίας
2995 3691 3051 3741 ἐν
3079 3691 3198 3753 ταῖς
3243 3690 3407 3743 αὑτοῦ
3438 3693 3811 3761 άνακηρύττει
3849 3695 4046 3748 διαλαο

2457 3780 2620 3844 λιαῖς.
2667 3782 2755 3834 Ἑν
2799 3783 2908 3852 γὰρ
2941 3783 3132 3844 αὑταῖς
3164 3787 3284 3846 ταῖς
3323 3784 3460 3853 πρὸς
3487 3785 3585 3855 τὴν
3630 3786 3848 3840 σύνοδον
3881 3793 4042 3861 πρώ-

2455 3888 2575 3934 ταις
2604 3873 2829 3936 είσόδοις
2857 3872 2964 3924 τῶν
2991 3872 3364 3942 κσρδηναλίων
3394 3875 3488 3927 καὶ
3519 3877 3916 3950 τοποτηρητῶν
3948 3881 4045 3937 τοῦ

2457 3965 2759 4032 άγιωτάτου
2794 3966 2991 4018 πάππα
3037 3965 3282 4018 Ἰωάννου
3320 3966 3630 4035 εὑρίσκεται
3660 3968 3871 4030 οώτιος
3904 3977 4048 4040 μετὰ

2453 4058 2514 4110 τὸ
2540 4056 2735 4118 αὐτοὺς
2760 4055 3218 4123 ἐναγκαλξσασθσι
3245 4056 3338 4109 καὶ
3378 4056 3760 4120 ἀσπάσασθαι,
3789 4062 3885 4111 καὶ
3913 4064 4045 4115 τάδε

2457 4149 2550 4200 ἐπὶ
2586 4147 2782 4214 λέξεως
2811 4148 3016 4214 λέγων’
3056 4167 3074 4200 ι
3120 4149 3463 4215 Ἀποδέξαιτο
3499 4151 3701 4219 Κύριος
3743 4153 3838 4205 τὸν
3875 4155 4047 4208 ιόπον

2460 4238 2633 4309 ὑμῶν.
2670 4239 2973 4310 Εὑλογήσαι
3001 4239 3094 4293 καὶ
3120 4240 3345 4308 ἁγιάσαι
3365 4241 3464 4302 τὰς
3495 4241 3676 4311 ψυχὰς
3708 4245 3800 4296 καὶ
3829 4247 3900 4298 τὰ
3937 4246 4046 4300 σώ-

2461 4348 2608 4400 ματα
2641 4330 2818 4398 ὑμῶν.
2865 4329 3207 4396 Ἀποδέξαιτο
3259 4331 3316 4383 δὲ
3367 4330 3462 4384 καὶ
3506 4332 3605 4401 τὴν
3637 4333 3896 4400 φροντίδι
3944 4339 4045 4388 καὶ

2463 4423 2734 4491 μέριμναν
2765 4420 2858 4473 τοῦ
2891 4420 3194 4488 άγιωτάτου
3228 4420 3458 4488 ἀδελφοῦ
3487 4422 3581 4473 καὶ
3615 4421 4042 4493 συλλιιτουργοῦ

769 4523 1008 4575 effatur:
1052 4540 1067 4572 ι
1139 4519 1472 4573 Venerantur
1539 4530 1637 4570 nos
1673 4516 1798 4568 item
1846 4510 2250 4568 sanetis~imum
2295 4518 2350 4562 et

2461 4512 2557 4564 καὶ
2601 4511 2975 4580 πνευματικοῦ
3023 4511 3236 4581 [ἰατρὸς
3264 4511 3445 4580 ἡμῶν,
3475 4510 3568 4563 τοῦ
3603 4516 4038 4583 μακαρωτάτου

770 4613 1165 4667 tecutnenicum
1225 4624 1417 4678 papam
1446 4606 1710 4662 Joannem
1743 4601 2014 4657 desiderio
2040 4616 2104 4653 ex
2159 4599 2352 4652 intimo

773 4715 1026 4773 pectere;
1077 4710 1130 4756 et
1185 4715 1471 4770 precamur
1518 4698 1708 4762 Deum,
1766 4703 1825 4748 ut
1871 4691 2349 4761 elargiaturnobis

773 4797 921 4849 illius
976 4795 1237 4849 sanctitas
1277 4790 1706 4850 benedictiones,
1733 4795 1789 4841 et
1832 4786 2121 4855 pretiosam
2171 4782 2353 4835 chari-

775 4900 979 4953 tatem;
1034 4897 1083 4941 et
1127 4888 1219 4939 fiat
1271 4885 1344 4936 illi
1379 4885 1607 4938 sincera:
1650 4894 1777 4947 erga
1825 4893 1922 4930 nos
1962 4877 2264 4938 charitatis,
2300 4881 2356 4928 et

775 4998 918 5036 νοτε
976 4979 1364 5034 benevolentiae
1406 4992 1434 5029 a
1490 4971 1772 5029 communi
1831 4969 2062 5022 Domino
2113 4967 2351 5031 Christo,

775 5087 905 5126 vero
941 5072 1050 5124 Deo
1081 5081 1291 5130 nostro,
1327 5067 1633 5122 retributio.
1671 5081 1689 5114 ι
1736 5061 1799 5114 Et
1839 5077 1962 5114 cum
2014 5059 2354 5128 protrahere-

777 5178 864 5219 tur
921 5165 1273 5233 colloquium,
1335 5160 1522 5215 subdit
1557 5174 1622 5209 :.t
1673 5154 2140 5221 Quemadmodum
2209 5150 2352 5203 enim

780 5258 988 5327 primus
1038 5268 1370 5324 magnusque
1415 5247 1652 5321 pontifex
1702 5246 1978 5306 Christus,
2006 5258 2170 5297 verus
2212 5239 2354 5293 Dens

783 5362 988 5413 nostcr,
1021 5365 1125 5402 non
1152 5349 1348 5416 quibus
1379 5361 1501 5400 eum
1526 5343 1773 5397 cmlestcs
1824 5340 2045 5392 ordines
2082 5336 2350 5397 colebant,

777 5455 826 5495 et
880 5459 1116 5495 amorem
1177 5456 1372 5510 purum
1433 5448 1594 5505 atque
1646 5433 2023 5488 intaminatum
2081 5429 2351 5488 servabat,

776 5536 878 5590 sibi
935 5537 1063 5589 satis
1101 5534 1305 5593 habuit,
1342 5533 1430 5584 scd
1453 5527 1805 5595 semetipsum
1867 5537 2161 5582 evacuans,
2197 5529 2248 5572 et
2287 5519 2352 5570 ad

779 5630 1013 5681 formam
1073 5641 1241 5693 usque
1275 5624 1416 5677 servi
1455 5621 1863 5675 cvaeuationem
1916 5615 2157 5675 subiens,
2182 5613 2244 5663 ad
2270 5624 2356 5663 se-

779 5731 884 5775 met
931 5728 1173 5775 nostrum
1231 5717 1492 5769 aberrans
1551 5722 1604 5765 ct
1637 5711 2001 5762 abalienatum
2060 5717 2232 5772 genus
2268 5711 2353 5753 at-

773 5813 938 5865 trait
979 5829 989 5862 :
1037 5811 1151 5867 uari
1194 5810 1352 5862 modo
1399 5819 1448 5860 ct
1523 5804 1806 5858 :emulutor
1853 5800 1996 5853 illius
2053 5794 2353 5865 spiritualis

2456 4604 2653 4656 πάππα
2695 4602 2962 4659 Ἰωάννου,
2998 4619 3017 4654 ι
3054 4602 3164 4655 Καὶ
3211 4603 3350 4672 μετά
3376 4603 3437 4655 τὸ
3471 4604 3595 4664 τοὺς
3637 4604 4042 4673 καρδηναλίους

2456 4693 2548 4744 καὶ
2579 4691 2952 4761 τοποτηρητὰς
2979 4691 3077 4761 τὴν
3111 4692 3260 4763 παρὰ
3285 4691 3377 4744 τοῦ
3421 4693 3620 4746 πάππα
3659 4693 4042 4765 προσκύνησιν

2455 4785 2592 4853 πρὸς
2617 4784 2824 4835 Φώτιον
2853 4785 3207 4852 ποιήσασθαι,
3241 4784 3444 4846 Φώτιος
3478 4783 3651 4847 οὕτως
3677 4785 3780 4854 ἐφη
3803 4801 3819 4816 ο
3856 4803 3876 4835 ι
3925 4788 4043 4838 Ἀν·

2455 4877 2894 4943 τιπροσκυνεῖται
2931 4877 3059 4945 παρ’
3090 4876 3246 4945 ἡμῶν
3271 4877 3298 4928 ὁ
3329 4876 3624 4943 άγιώτατος
3649 4878 3740 4927 καὶ
3774 4879 4037 4945 οἰκουρε-

2455 4963 2600 5026 νικδς
2632 4964 2862 5026 πάππας
2907 4965 3157 5034 Ἰωάννης
3190 4964 3462 5034 ἐγκαρδίῳ
3494 4964 3664 5032 πόθῳ.
3717 4964 3825 5015 Καὶ
3855 4967 4041 5018 αἰτού-

2458 5057 2597 5124 μεθα
2622 5055 2753 5108 Θεὸν
2783 5055 3110 5125 χαρισθῆναι
3137 5059 3271 5126 ἡμῖν
3300 5057 3396 5118 τὰς
3422 5056 3584 5124 ἁγίας
3617 5057 3779 5124 εὐχὰς
3808 5058 3907 5108 καὶ
3935 5061 4000 5128 τὴ
4019 5080 4036 5106 ι

2454 5149 2640 5215 τιμίαν
2673 5149 2894 5218 ἀγάπην
2927 5147 3116 5202 αὑτοῦ.
3161 5150 3268 5201 Καὶ
3311 5149 3522 5216 γένοιτο
3569 5149 3714 5217 αὐτῷ
3750 5151 3848 5215 τῆς
3897 5152 4037 5219 πρὸς

2456 5242 2599 5310 ἡμᾶς
2647 5240 2874 5310 γνησίας
2923 5240 3165 5310 ἀγάπης,
3217 5240 3309 5292 καὶ
3359 5238 3679 5308 εἰλικρινοῦς
3739 5239 4038 5304 διαθζσκυς

2455 5331 2605 5403 παρὰ
2624 5330 2716 5384 τοῦ
2744 5332 2921 5384 κοινοῦ
2947 5331 3217 5384 Δεσπότου
3243 5330 3480 5401 Χριστοῦ
3503 5334 3594 5382 τοῦ
3621 5331 3873 5400 ἀληθινοῦ
3897 5333 4036 5386 Θεοῦ

2457 5424 2611 5492 ὑμῶν
2643 5421 2991 5491 ἀντάμειψις.
3029 5440 3047 5472 ι
3086 5421 3197 5488 Τῆς
3227 5423 3282 5474 δὲ
3313 5421 3530 5489 ὁμιλίας
3569 5420 3861 5489 προϊούσης
3888 5423 4037 5473 οὕτω

2457 5515 2616 5568 πάλιν
2644 5515 2746 5584 ἐφη
2768 5530 2781 5544 ·
2813 5533 2831 5564 ι
2867 5514 3076 5583 Ὠσπερ
3102 5515 3208 5581 γὰρ
3231 5513 3259 5564 ό
3283 5512 3498 5582 πρῶτος
3527 5511 3618 5562 καὶ
3647 5511 3818 5579 μέγας
3850 5513 4037 5579 ἀρχιε-

2458 5609 2582 5677 ρεὺς
2620 5605 2851 5674 Χριστὸς
2901 5606 2929 5657 ὀ
2967 5604 3218 5673 ἀληθινὸς
3249 5603 3380 5665 Θεὸς
3427 5602 3607 5670 ἡμῶν,
3634 5603 3731 5669 οὐχ
3758 5596 3836 5662 οἷς
3867 5603 4037 5655 αὐτὸν

2455 5699 2523 5755 τὰ
2572 5699 2797 5768 οὐράνια
2845 5698 3144 5766 ἐθεράπευε
3197 5697 3473 5764 τάγματα,
3516 5694 3610 5746 καὶ
3657 5693 3752 5762 τὴν
3810 5695 4036 5760 ἀγάπην

2458 5790 2703 5861 καθαρὰν
2727 5789 2817 5844 καὶ
2842 5775 3236 5844 άνεπιθόλωτον
3263 5786 3605 5854 διεφύλαττε,
3635 5785 3842 5846 τούτοις
3866 5787 4033 5855 ἠρκέ-
