4214 6446
183 394 282 457 9-H
1243 396 1341 458 DE
1384 394 1684 458 UNIONE
1728 392 2290 455 ECCI.F.SIARUM.
3356 390 3460 453 942

187 509 311 580 uim.
352 509 467 561 3131‘
504 509 694 563 ἑαυτὸν
733 508 976 573 κενώσας
1010 508 1103 563 καὶ
1136 508 1299 580 μέχρι
1326 508 1513 562 δούλου
1545 508 1761 578 μορφῆς
1792 515 1837 571 Α

1796 515 1837 571 Α
1866 507 2027 563 Pater
2073 519 2278 573 noster,
2314 522 2421 562 non
2454 507 2545 570 iis.
2582 507 2635 561 in
2659 507 2858 577 quibus
2914 522 3013 563 sua
3041 492 3286 565 Ecclesia
3326 522 3460 567 bace

182 603 283 671 τὴν
328 602 557 654 κένωσιν
598 602 857 666 ὑποστὰς,
900 601 1033 671 πρὸς
1080 602 1271 655 ὲαυτδν
1316 602 1535 655 εἵλκυσε
1577 602 1636 653 τὸ
1670 616 1765 652 πε-

1868 609 1924 655 et
1972 601 2362 669 tranquillitate
2394 599 2702 665 fruebatur,
2752 610 3043 656 ccn'entus
3072 602 3193 666 fuit,
3219 603 3313 657 sed
3367 616 3463 671 per

184 694 533 764 πλανημένον
587 693 763 763 ἡμῶν,
814 693 907 747 καὶ
951 693 1386 764 ηλλοτριωμένον
1412 692 1520 746 τῶν
1555 689 1769 760 ἀνθρώ·-

1869 707 2004 748 suos
2062 692 2415 749 honorandos
2489 692 2920 750 iocumtcnentes
2995 694 3300 761 excitatus,
3359 710 3463 749 nos

184 804 305 838 πων
330 787 487 854 γένος
510 800 524 814 ⁸
554 786 695 839 οῦτω
743 787 835 838 καὶ
863 786 891 837 ό
928 785 1168 856 μιμητὴς
1200 784 1433 849 ἐκείνου,
1464 786 1492 838 ό
1525 801 1766 854 πνευμα-

1870 799 2091 855 quoque
2120 784 2378 839 visitavit.
2419 802 2438 837 ι
2480 784 2545 839 Et
2572 795 2691 854 post
2723 800 2892 854 pauca
2920 784 3065 840 illius
3112 799 3463 856 congressus,

183 878 337 940 τικδς
370 878 528 948 ἡμῶν
558 876 759 947 πατὴρ,
786 876 885 947 οὐχ
909 873 989 939 οἷς
1016 877 1051 946 ἡ
1082 877 1204 929 καθ’
1234 876 1427 930 ιαυτδν
1472 875 1768 945 Ἐκκλησία

1870 892 1993 932 cum
2034 878 2329 933 cardinahs
2378 877 2572 933 Petrus
2603 879 2655 932 in
2691 892 2847 933 sacra
2882 878 2972 934 illa
3006 878 3462 949 congregatione,

182 972 246 1022 τὸ
279 970 556 1038 είρηναῐον
600 966 745 1039 εἶχεν
786 970 1102 1040 ἠσμένισεν,
1137 968 1274 1025 ἀλλά
1317 968 1405 1022 διά
1435 969 1543 1023 τῶν
1589 968 1769 1023 αὐτῶν

1872 985 1994 1039 qua:
2040 986 2072 1025 a
2117 970 2467 1024 sanctissimo
2515 968 2723 1023 Joanne
2774 985 3001 1024 munera
3059 968 3256 1027 Photio
3286 970 3470 1026 mitte—

184 1061 390 1131 τιμίων
438 1061 825 1133 τοποτηρητῶν
860 1062 1111 1131 διανέστη
1153 1062 1247 1115 καλ⁵
1277 1062 1429 1131 ἡμᾶς
1465 1060 1769 1130 ἐπισκέψα-

1878 1060 2100 1125 bantur,
2161 1060 2524 1117 archieratica
2557 1075 2751 1131 nempe
2776 1061 3117 1124 indumenta.
3161 1062 3470 1131 bomopho-

186 1154 339 1211 σθαι.
371 1172 391 1205 ο
428 1154 539 1208 Καὶ
567 1155 706 1223 μετά
727 1171 847 1206 τινα
868 1152 969 1223 τῆς
994 1152 1232 1222 ὁμιλίας,
1256 1152 1332 1215 ὡς
1360 1155 1388 1206 ό
1412 1153 1772 1223 καρδηνάλιος

1876 1153 2042 1220 rium,
2071 1152 2418 1219 stieharium,
2456 1153 2758 1222 paenulam,
2789 1162 2842 1208 et
2883 1152 3134 1209 sandalia
3190 1151 3472 1222 exposuis-

185 1244 397 1315 Πέτρος
429 1246 487 1298 ὲν
526 1244 677 1315 μέσῳ
705 1243 798 1297 τοῦ
832 1241 980 1313 ίεροῦ
1025 1244 1237 1297 ἐκείνου
1286 1242 1547 1307 συλλόγου
1576 1242 1774 1311 ἐνεφά-

1877 1254 1987 1312 set,
2044 1245 2273 1302 Photius
2327 1246 2514 1301 dixit:
2556 1263 2577 1299 ε
2632 1243 2850 1301 Christe
2901 1246 3046 1302 Deus
3102 1255 3328 1310 noster,
3375 1242 3473 1314 qui

184 1352 303 1388 νισε
332 1336 404 1389 τὰ
450 1335 601 1404 παρά
644 1334 736 1388 τοῦ
778 1336 1085 1403 ἀγιωτάτου
1134 1334 1338 1388 πάππα
1386 1334 1635 1388 Ἰωάννου
1693 1332 1774 1403 τῷ

1877 1341 2076 1395 calum
2112 1338 2352 1394 nubibus
2378 1336 2791 1401 circumvolvis,
2827 1347 2882 1393 et
2914 1350 3165 1393 naturam
3221 1344 3472 1392 nostram

186 1428 385 1497 Φωτῖῳ
418 1426 703 1492 σταλέντα,
730 1425 828 1496 τὴν
855 1426 1253 1497 ἀρχιερατικήν
1284 1441 1426 1496 φημι
1456 1425 1674 1493 στολὴν,
1713 1423 1775 1477 τδ

1878 1430 1948 1486 ad
2001 1429 2440 1495 reconflandum,
2486 1430 3015 1501 expurgandumque
3049 1428 3426 1499 'assumpsisti
3454 1467 3469 1491 ,

181 1518 498 1588 ὡμόφορον,
532 1518 593 1570 τδ
641 1518 937 1587 στιχάριον.
979 1517 1040 1569 τὸ
1081 1516 1363 1585 φελώνιον,
1396 1515 1490 1569 καὶ
1538 1515 1607 1569 τὰ
1646 1532 1775 1569 σαν-

1880 1534 1936 1580 tu
2002 1524 2156 1579 lratri
2210 1533 2265 1578 et
2295 1522 2698 1587 comministro,
2734 1531 2789 1577 et
2827 1521 3099 1591 spirituali
3170 1520 3321 1574 Patri
3375 1534 3474 1573 nn—

185 1610 389 1676 δάλια,·
417 1611 618 1671 Mtte;
649 1606 770 1662 εἷπε
794 1625 810 1641 ·
848 1628 865 1661 ι
902 1609 1135 1679 Χριστὸς
1180 1610 1209 1661 ό
1252 1607 1382 1671 Θεὸς
1425 1608 1587 1678 ἡμῶν
1621 1610 1777 1676 νεφέ-

1880 1626 1998 1673 stro
2056 1625 2230 1671 tutam
2265 1614 2573 1671 custodiam
2600 1624 2655 1670 et
2702 1629 2957 1670 securam
3003 1613 3232 1670 salutem
3255 1610 3473 1678 exhibe,

189 1702 315 1765 λαις
370 1703 461 1755 τδν
512 1703 742 1772 οὐρανὸν
797 1701 1164 1772 περιϐάλλων,
1209 1701 1305 1755 καὶ
1340 1700 1440 1770 τὴν
1500 1700 1778 1772 ἡμετέραν

1880 1720 1934 1766 et
1992 1709 2046 1764 in
2091 1709 2278 1764 futuro
2308 1709 2515 1764 saeculo
2564 1708 2795 1779 nuptiali
2828 1716 2978 1763 veste
3019 1705 3292 1770 indutum,
3330 1703 3478 1761 beati

186 1797 356 1865 φύσιν
390 1795 769 1864 ἀναχωνεῦσαι
800 1794 895 1848 καὶ
940 1793 1179 1863 καθᾶραι
1233 1793 1646 1863 στολισάμενος,
1679 1794 1779 1847 αῦ-
1812 1872 1819 1873 7

1813 1872 1819 1873 ί
1883 1803 2033 1859 illius
2080 1804 2308 1859 thalami
2340 1803 2565 1873 dignum
2596 1802 2841 1859 ostende.
2892 1821 2911 1854 ι
2946 1801 3011 1856 Ει
3039 1800 3303 1872 pleraque
3346 1798 3477 1864 alia,

184 1888 280 1949 τὶς
307 1887 400 1938 τὸν
429 1886 680 1953 eaeam,
709 1888 802 1939 καὶ
828 1885 1260 1955 συλλειτουργδν,
1283 1886 1379 1938 καὶ
1406 1884 1776 1955 πνευματικὸν
1808 1872 1848 1930 Β

1814 1872 2003 1955 Bcum
2044 1872 2417 1955 celebraretur
2465 1897 2557 1952 illa
2615 1899 2895 1968 synodus,
2958 1893 3319 1951 interlocutus
3370 1901 3478 1947 est.

186 1981 429 2050 πατέρα,
465 1982 558 2032 καὶ
585 1981 642 2033 ἑν
672 1979 750 2049 τῷ
776 1978 1006 2049 παρόντι
1034 1978 1134 2048 βίῳ
1163 1979 1410 2049 φρουρὰν
1454 1977 1653 2032 ἄσυλον
1679 1980 1774 2031 καὶ

1879 1992 2089 2058 Quibus
2112 1990 2374 2045 omnibus
2415 1988 2798 2053 conﬁrmatur,
2836 1987 2983 2057 quod
3025 1988 3203 2042 oratio
3255 1984 3481 2041 demon'

182 2074 473 2143 σωτηρίαν
513 2072 732 2141 ἀσφαλῆ
773 2071 1039 2133 στολίσαι,
1071 2071 1174 2123 κάν
1219 2072 1296 2140 τῷ
1339 2070 1589 2141 μέλλοντι
1617 2071 1776 2124 αίῶνι

1883 2091 2061 2137 strare
2113 2088 2501 2150 proposuerat,
2542 2078 2689 2133 dicta
2728 2092 2926 2147 nempe
2979 2077 3167 2131 omnia
3198 2075 3476 2146 iactaque,

182 2165 280 2217 τὸν
316 2163 589 2233 νυμφικδν
638 2162 949 2232 περιϐαλὼν
996 2162 1222 2233 χιτῶνα,
1274 2161 1425 2227 ἀξιον
1469 2164 1563 2213 τοῦ
1597 2177 1777 2231 μακαο

1886 2189 2011 2242 quae
2047 2173 2311 2227 adversus
2341 2172 2646 2227 Romanam
2670 2169 2969 2225 Eeclesiam
3013 2169 3242 2227 Photius
3291 2168 3483 2225 rﬂ‘udit

188 2261 313 2327 ρίου
350 2258 563 2310 ἐκείνου
596 2257 885 2327 νυμφῶνος
914 2254 1214 2318 ἀναδείξαι.
1258 2273 1277 2306 ι
1318 2253 1474 2307 Πόλλ’
1506 2255 1643 2309 ἄττα
1682 2254 1777 2307 καὶ

1884 2280 1947 2319 ac
2005 2264 2230 2318 molitus
2282 2272 2385 2328 est,
2416 2263 2788 2333 improbitatis
2822 2261 2992 2328 fetus,
3062 2273 3115 2317 et
3156 2262 3316 2317 malis
3347 2276 3482 2333 gau-

181 2352 354 2419 ἕτερα
392 2350 478 2402 δια
522 2348 691 2419 μέσου
736 2348 847 2399 τῶν
873 2347 972 2416 τῆς
1021 2348 1245 2417 εἰρήνης
1278 2346 1497 2400 συνόδου
1546 2363 1780 2417 πρακτι-

1887 2354 2068 2409 dentis
2094 2354 2320 2407 abortus
2343 2352 2536 2407 fuisse.
2561 2351 2714 2406 Licet
2739 2352 2925 2421 itaque
2952 2352 3027 2407 nil
3048 2352 3188 2407 ultra
3203 2353 3479 2423 exigatur,

181 2445 303 2497 κῶν
363 2443 568 2504 Φώτιος
624 2442 866 2511 εἴρηκεν,
900 2440 958 2505 ἐξ
1007 2433 1084 2495 ὧν
1142 2440 1402 2493 ἀπάντων
1455 2438 1773 2491 συνίσταται

1880 2446 1949 2500 ad
1982 2445 2035 2499 id
2103 2442 2469 2513 probandum,
2502 2450 2562 2497 ιιι
2582 2454 2763 2498 tamen
2816 2443 3310 2499 abundantioribus
3351 2458 3480 2513 pro-

182 2539 328 2606 ὅπερ
355 2538 385 2589 ὁ
421 2536 577 2604 λόγος
631 2534 911 2598 ἀποδεῖξαι
934 2534 1219 2603 προέθετο,
1251 2532 1390 2601 ὅπερ
1441 2532 1559 2585 ἐστὶ
1595 2533 1655 2585 1:"
1702 2532 1772 2585 τὰ

1879 2536 2196 2592 bationibus
2224 2536 2444 2607 plenius
2476 2535 2853 2602 conﬁrmetur,
2878 2537 3026 2608 quod
3056 2537 3234 2591 oratio
3255 2535 3483 2593 demon-

183 2630 344 2699 παρὰ
372 2630 577 2681 Φωτίου
607 2628 906 2697 λαληθέντα
933 2643 992 2680 τε
1026 2627 1118 2679 καὶ
1149 2624 1459 2696 πραχθέντα
1498 2625 1641 2678 κατὰ
1669 2624 1766 2693 τῆς

1877 2630 2165 2686 strandum
2242 2633 2298 2685 in
2353 2644 2415 2686 se
2466 2639 2820 2700 susceperat,
2891 2638 3003 2686 tres
3058 2645 3126 2685 ex
3193 2627 3482 2685 Photianls

203 2720 526 2789 Ῥωμαῖκῆς
566 2718 890 2787 Ἐκκλησιας
927 2718 1127 2781 κακίας
1163 2713 1305 2769 εἶναι
1340 2718 1655 2787 γεννήματα
1682 2718 1778 2769 καὶ

1877 2722 2137 2791 epistolas
2185 2722 2252 2775 ad
2308 2722 2577 2791 quosdam
2632 2737 2699 2777 eo
2751 2722 3018 2791 temporis
3052 2721 3480 2779 occidentalium

184 2816 538 2884 κακοχάρτου
577 2817 797 2867 ὲκτόκια
830 2813 1027 2883 ἔριδος.
1061 2811 1179 2867 Κᾶν
1205 2811 1338 2880 γοῦν
1372 2812 1446 2881 μὴ
1476 2811 1572 2864 καὶ
1602 2810 1784 2862 πλείο-

1882 2812 2096 2867 scdium
2155 2810 2381 2868 Latinos
2448 2813 2736 2883 episcopos
2787 2813 2966 2881 datas,
3009 2822 3298 2884 postquam
3363 2813 3483 2883 ipse

184 2926 280 2971 νος
306 2908 577 2969 ἑδειτινὸς
610 2908 689 2970 εἰς
717 2907 1064 2976 παράστασιν
1107 2905 1320 2967 τούτου,
1355 2903 1471 2957 ἀλλ’
1506 2902 1571 2955 ἶν’
1596 2904 1661 2955 ὲκ
1685 2920 1783 2954 πε-

1884 2904 2235 2974 patriarchali
2288 2906 2487 2973 throno
2538 2908 2825 2963 restitutus
2858 2915 2966 2974 est,
3018 2916 3078 2963 ut
3118 2907 3330 2977 jacent.
3364 2906 3480 2962 suis

187 3001 439 3069 ριουσεας
474 3000 586 3064 ἕξει
611 2999 672 3052 τὸ
696 2998 896 3068 κράτος
939 2999 969 3050 ό
999 2996 1163 3050 τοῦτο
1195 2995 1545 3064 παραστῆσαι
1590 2994 1785 3063 προθέ-

1158 3019 1163 3044 ›
1195 2995 1545 3064 παραστῆσαι
1590 2994 1785 3063 προοέ-
1887 2997 2067 3051 verbis
2106 2996 2197 3051 hic
2230 2996 2475 3068 digerere
2504 2998 2822 3053 statuimus.

188 3112 355 3165 μενος
407 3093 586 3160 λόγος,
620 3092 713 3145 καὶ
761 3092 914 3161 τρεῖς
952 3088 1062 3143 τῶν
1091 3089 1187 3143 τοῦ
1237 3086 1443 3140 thesim)
1478 3086 1782 3140 ἐπιστολῶν
1822 3088 1963 3158 πρός
2021 3106 2175 3151 τινας
2202 3088 2312 3142 τῶν
2339 3090 2460 3144 κατ’
2490 3091 2669 3143 έκεῖνο
2728 3089 2928 3162 καιροῦ
2952 3091 3220 3163 καθέδρας
3253 3093 3482 3148 έπισκο·

184 3193 361 3261 πικῆς
393 3171 716 3261 ἠξιωμένων
757 3187 1049 3255 Ῥωμαίων
1092 3183 1456 3244 ἀπολυθείσας
1508 3184 1647 3252 μετὰ
1681 3184 1780 3252 τὴν
1818 3184 1987 3237 αὑτοῦ
2019 3187 2153 3255 πρὸς
2220 3188 2314 3241 τὸν
2349 3186 2752 3258 πατριαρχικδν
2814 3185 3005 3258 θρόνον
3030 3188 3291 3243 ἐπάνοδον
3318 3190 3483 3245 αὐτο-

184 3284 331 3349 λεξεί
362 3280 818 3350 καταστρωοῆναι
844 3277 1077 3332 ἐνταῦθα
1103 3277 1432 3345 διέγνωμεν.

259 3426 329 3481 Ει
386 3437 510 3497 post
538 3427 799 3497 epistulas
827 3430 895 3481 ad
950 3423 1221 3480 Marinum
1261 3422 1658 3487 Castellannm,
1706 3421 2075 3478 Gauderieum
2126 3418 2485 3485 Veliternum,
2514 3427 2567 3475 et
2595 3418 2953 3475 Zaechariam
2982 3422 3331 3493 Anagntnum
3365 3425 3481 3497 cpi-

185 3537 431 3592 sc0pos,
476 3537 619 3593 quos
662 3523 768 3578 sibi
824 3522 1122 3579 conciliare
1155 3558 1174 3589 ,
1234 3530 1292 3576 et
1340 3519 1399 3576 in
1442 3519 1745 3575 amicitiam
1785 3519 2039 3582 trahere,
2093 3525 2149 3572 ct
2180 3515 2284 3571 sibi
2318 3514 2531 3570 amicos
2565 3527 2896 3569 conservare
2948 3512 3254 3580 incumbit.
3291 3518 3479 3575 subdit

188 3616 402 3675 Vaccus
432 3634 448 3671 :

266 3776 516 3832 Τοιαῦτα
562 3778 741 3863 λέγων
788 3778 889 3832 καὶ
932 3780 1163 3849 γράφων
1208 3777 1527 3849 εὑρίσκεται
1580 3776 1860 3861 Φώτιοςε

1818 3798 1860 3861 ε
1963 3773 2173 3829 Similia
2234 3782 2345 3828 tum
2388 3773 2458 3829 de
2496 3773 2614 3845 ipso
2664 3775 3359 3847 .oanne,quieotempore
3379 3777 3482 3834 Ec-

189 3873 337 3943 μετὰ
369 3872 473 3935 τὰς
525 3856 761 3934 σπονδάς
805 3872 900 3924 καὶ
946 3870 1293 3940 καταλλαγὰς
1341 3871 1482 3941 ὑπέρ
1510 3887 1570 3924 τε
1610 3869 1778 3924 αὑτοῦ
1822 3856 1853 3861 “

1822 3856 1858 3861 ’
1889 3865 2069 3921 clesize
2087 3866 2372 3929 Romanae,
2406 3865 2475 3920 ab
2496 3865 2687 3921 eodem
2712 3866 2929 3921 miseris
2948 3867 3126 3923 modis
3168 3868 3479 3939 diﬂ'amatm,

201 3966 457 4019 Ἰωάννου
509 3964 606 4016 τοῦ
655 3965 735 4026 εἰς
781 3960 1024 4032 κεφαλὴν
1080 3961 1474 4033 εὑρισκομένου
1527 3961 1647 4014 τότε
1682 3964 1781 4025 τῆς

1886 3968 1942 4011 et
1982 3956 2276 4025 impietatis
2333 3956 2495 4010 etiam
2552 3956 2785 4012 crimine
2838 3966 3043 4012 notata:
3102 3972 3265 4029 caput
3319 3971 3480 4025 erat,

188 4059 325 4128 πρὶν
353 4054 815 4124 δυσφημουμένης
842 4052 976 4123 παρ’
1005 4052 1170 4105 αὑτοῦ
1206 4052 1523 4122 Ῥωμαῖκῆς
1560 4051 1785 4121 Ἐκκλη-

1888 4059 2003 4105 tum
2061 4050 2129 4104 de
2177 4050 2452 4119 episcopis
2509 4048 2740 4115 Latinis,
2802 4050 2895 4119 qui
2943 4051 3187 4105 membra
3225 4052 3371 4107 illius
3401 4070 3483 4105 rc-

190 4148 337 4211 σίας,
379 4147 544 4215 μέχρι
594 4146 688 4199 καὶ
720 4144 980 4202 ἀσεϐείας
1010 4144 1205 4213 αὐτῆς,
1248 4144 1392 4215 ὑπέρ
1439 4161 1501 4197 τε
1550 4144 1658 4196 τῶν
1701 4144 1782 4206 εἰς

1890 4143 2241 4210 putabantur,
2311 4141 2499 4196 dicens
2546 4149 2601 4195 et
2664 4141 2912 4195 scribens
2976 4150 3099 4210 post
3163 4140 3368 4197 fmdera
3427 4155 3484 4198 et

191 4238 336 4308 μέλη
381 4235 746 4305 λογιζομένων
787 4234 957 4305 αὐτῆς
1008 4236 1322 4288 ἐπισκόπων
1361 4234 1655 4305 Ῥωμαίων
1680 4249 1694 4262 ’
1723 4235 1781 4300 ἐξ

1890 4236 2145 4290 inducias
2182 4234 2410 4289 Photius
2433 4234 2789 4304 compcritur.
2823 4233 3034 4301 Quibus
3057 4236 3314 4292 omnibus
3358 4252 3483 4291 οισ-

188 4324 266 4383 ὧν
304 4329 568 4383 ἁπάντων
608 4331 635 4380 ό
674 4327 834 4396 λόγος
870 4326 930 4380 τὸ
974 4327 1185 4392 ἐντελὲς
1215 4326 1309 4379 τοῦ
1350 4327 1554 4379 οἰκείου
1611 4329 1783 4395 ἐπαγ-

1891 4327 1990 4391 tio,
2022 4327 2168 4396 quod
2206 4328 2556 4397 promiserat,
2584 4327 2790 4395 integre
2810 4328 3430 4397 absolutequepersolvit
3462 4345 3478 4394 ;

189 4421 470 4488 γέλματος
498 4418 863 4485 ἀποδέδωκεν,
893 4420 1031 4489 ὅπερ
1060 4413 1128 4490 ἦν
1159 4417 1220 4470 τὸ
1269 4418 1642 4488 παραστῆσαι,
1679 4434 1784 4487 μη-

1886 4427 2206 4473 eratautem
2229 4418 2304 4479 id.
2337 4418 2567 4486 probare
2598 4418 2860 4481 auditori,
2898 4419 3061 4472 modo
3100 4435 3289 4489 mquus
3314 4433 3478 4482 esset,

186 4512 342 4575 δενδς
378 4511 543 4564 ἄλλου
590 4510 807 4581 δεήσειν
838 4513 916 4580 τῷ
962 4512 1271 4581 εὐγνώμονι
1308 4512 1579 4581 ἀκροατῇ,
1614 4509 1647 4579 ἧ
1685 4510 1785 4579 μό-

1890 4511 2040 4565 nullo
2067 4509 2177 4563 alio
2204 4523 2342 4577 opus
2378 4523 2519 4568 esse,
2544 4522 2708 4575 quam
2747 4509 2861 4562 sola
2898 4509 3129 4564 historia
3160 4512 3224 4563 ad
3267 4511 3478 4563 discer-

190 4622 287 4675 νης
320 4604 568 4673 ἱστορίας
615 4603 696 4665 είς
746 4602 807 4654 τὸ
840 4601 1159 4671 διαγνῶναι,
1202 4602 1277 4666 ὡς
1328 4604 1507 4673 μάτην
1553 4605 1648 4655 καὶ
1699 4603 1787 4654 ἐπ’

1894 4604 2158 4664 nendum,
2206 4601 2378 4671 gratis
2419 4613 2472 4655 et
2526 4602 2734 4669 absque
2774 4600 2879 4653 ulla
2925 4616 3116 4665 causa,
3161 4618 3280 4671 quae
3315 4612 3480 4655 ratio-

190 4696 374 4749 οὔδενὶ
438 4696 648 4765 εὐλόγῳ
708 4695 765 4748 ai
827 4695 1153 4767 Ἐκκλησίαι
1217 4694 1477 4767 ἀλλήλαις
1530 4696 1789 4749 τοσοῦτον

1892 4696 1944 4749 ni
2004 4706 2377 4749 consentanea
2434 4692 2617 4758 fuerit,
2676 4692 2952 4747 Ecclesias
3030 4692 3169 4747 inter
3217 4709 3336 4748 sese
3385 4711 3473 4763 per

188 4788 387 4861 χρόνον
412 4787 894 4844 ὲκπεπολέαωντο.

1893 4794 1972 4840 tot
2047 4801 2223 4842 annos
2300 4786 2607 4843 simultates
2681 4795 2847 4855 atque
2920 4782 3238 4839 inimicitias
3316 4800 3444 4840 esu

1893 4893 2092 4934 CllISSC.
