4214 6446
811 356 914 423 943

1838 357 2050 416 JOAN.
2093 358 2308 418 VECCI
2353 361 2462 422 (ΣΡ.
2506 363 3008 424 ΡΑΤΒΙΛΗΠΗΕ

3953 369 4057 430 941

1696 677 2508 837 JOANNIS
2607 688 3159 843 VECCI

2119 947 2226 1006 CP.
2265 948 2734 1007 PATRIARCHE

1295 1127 1518 1239 ΕΡΙ
1552 1122 2006 1241 STOLA
2083 1126 2270 1239 AD
2343 1129 3005 1244 JOANNEM
3087 1130 3556 1249 PAPAM

1553 1347 1708 1410 Cum
1750 1347 2152 1425 professione
2197 1346 2348 1410 fidei
2385 1353 2448 1410 et
2490 1351 2928 1428 recognitione
2973 1354 3299 1434 primatus.

1957 1517 2127 1579 (Apud
2153 1515 2328 1578 Mansi,
2352 1515 2538 1568 Concil.
2567 1523 2688 1568 tom.
2724 1519 2916 1578 XXIV.)

873 1786 1235 1843 Sanctissimo
1265 1791 1317 1840 et
1349 1782 1672 1838 beatissimo
1714 1794 1932 1836 summo
1965 1781 2208 1850 pontifici
2252 1796 2378 1850 apo-
2408 1789 2453 1843 Α

803 1882 1014 1937 διοιίςεε
1083 1877 1229 1934 sedis
1255 1876 1457 1930 veteris
1496 1873 1706 1937 Romae,
1767 1881 1821 1926 ct
1853 1872 2142 1926 universali
2201 1887 2372 1940 papae,

803 1974 1027 2028 domino
1060 1968 1275 2028 Joanni,
1316 1967 1554 2023 Joannes
1605 1965 1954 2018 miseratione
1985 1963 2167 2017 divina
2205 1964 2377 2033 patri-

801 2065 964 2119 archa
990 2058 1625 2127 Constantinopolitanns
1652 2057 1837 2110 Roma:
1865 2069 2038 2118 novae,
2074 2071 2197 2110 cum
2229 2060 2375 2110 omni

805 2165 992 2211 nostra
1049 2158 1397 2207 sacrosancta
1459 2147 1669 2218 synodo
1723 2147 1959 2201 debitam
2016 2148 2374 2200 reverentiam

803 2253 1006 2300 nostrae
1041 2240 1386 2300 obtdientite.
1448 2252 1513 2292 ac
1543 2237 1954 2292 inclinationem
1985 2245 2038 2289 et
2066 2237 2374 2290 orationum

799 2335 1252 2406 postulationem.

871 2425 1129 2493 Principii
1156 2423 1282 2478 boni
1315 2421 1580 2491 optimum
1605 2435 1727 2476 esse
1751 2421 1935 2484 finem,
1969 2420 2226 2475 omnibus
2254 2418 2378 2474 abs-

801 2534 909 2588 quc
965 2515 1131 2570 dubio
1159 2514 1302 2568 clare
1338 2521 1500 2582 patet.
1555 2511 1619 2566 Et
1642 2527 1812 2581 quare
1847 2505 1981 2578 'non,
2007 2528 2127 2565 cum
2161 2529 2179 2562 ι
2218 2525 2379 2564 omne

799 2614 1002 2663 donum
1039 2606 1336 2676 perfectum
1368 2604 1655 2658 desursum
1677 2604 1768 2665 sit,
1799 2603 2136 2658 descendens
2162 2619 2189 2656 a
2225 2602 2380 2655 Patre

809 2697 1075 2750 luminum
1111 2692 1165 2746 ’ἲ
1202 2691 1318 2746 Hoc
1370 2692 1514 2744 enim
1571 2705 1856 2756 concesso,
1911 2706 2254 2760 consequens
2299 2700 2381 2744 est

801 2787 949 2842 credi
992 2801 1154 2839 omne
1195 2780 1521 2853 principium
1554 2783 1927 2851 cujuscunque
1952 2781 2029 2834 rei
2061 2782 2265 2850 Optime
2300 2781 2381 2833 in-

807 2881 1016 2933 choata:
1051 2891 1082 2930 a
1122 2877 1309 2930 divino
1341 2875 1576 2944 pendere
1623 2874 1877 2937 consilio,
1905 2883 1981 2932 .et
2021 2883 2238 2956 propter
2281 2873 2384 2927 hoc

800 2969 1111 3026 necessario
1139 2969 1245 3022 tale
1281 2966 1612 3036 principium
1647 2965 1701 3020 in
1759 2965 1920 3019 finem
1967 2967 2214 3020 desinere
2263 2967 2382 3035 glu-

799 3065 1025 3117 riosum.
1080 3059 1233 3125 Quod
1275 3061 1420 3112 enim
1477 3074 1506 3112 a
1546 3059 1653 3112 Deo
1704 3059 1839 3111 bene
1895 3058 2208 3111 inchoatum
2277 3070 2379 3125 cst,

2553 1787 2618 1840 Et
2651 1787 2925 1856 quomodo
2965 1787 3182 1857 quidem
3210 1797 3403 1860 potens
3443 1801 3498 1847 et
3547 1807 3768 1851 sanctus
3805 1798 4056 1853 modera-

2480 1887 2570 1932 tor
2598 1889 2784 1932 noster
2824 1879 2925 1949 (5),
2957 1894 3078 1934 cum
3116 1880 3376 1936 divinitus
3423 1885 3726 1952 germinato
3781 1903 3940 1942 ramo
3981 1892 4058 1959 (εί)

2481 1967 2703 2032 radicis,
2745 1983 2926 2031 sacro,
2962 1969 3190 2036 potenti,
3251 1981 3304 2024 et
3344 1983 3534 2026 sancto
3566 1985 3753 2029 nostro
3806 1981 4056 2032 modera-

2478 2069 2614 2122 tore,
2647 2061 3114 2114 confirmationem
3169 2063 3555 2119 ecclesiastica:
3591 2069 3809 2123 unionis
3865 2071 3918 2123 in
3957 2072 4057 2126 fide

2478 2149 2715 2219 perfecta
2746 2159 2800 2204 et
2853 2151 3096 2219 diligenti
3158 2152 3482 2207 certitudine
3536 2155 3801 2217 fecerunt,
3860 2163 4060 2226 poterit

2481 2253 2706 2292 noscere
2755 2238 2991 2291 maxima
3041 2239 3302 2294 sanctitas
3344 2249 3520 2294 vestra
3557 2251 3609 2296 et
3640 2243 3706 2296 ab
3743 2245 3896 2312 ipsis,
3937 2261 4058 2317 qua-

2479 2329 2543 2382 ad
2580 2329 2753 2398 ipsam
2791 2329 3101 2395 mittuntur,
3137 2331 3335 2386 litteris
3382 2335 3638 2400 potentiae
3686 2350 3822 2397 sum,
3889 2347 3944 2390 et
3997 2339 4063 2390 ab

2479 2420 2848 2475 instrumento
2878 2423 3314 2490 juramentorum
3349 2421 3619 2478 factarum
3655 2440 3750 2494 per
3782 2427 3956 2494 ipsos,
4010 2440 4063 2482 et

2480 2511 2545 2565 ab
2575 2512 2662 2576 iis,
2702 2527 2822 2580 quae
2854 2513 3167 2581 apostolica:
3210 2515 3350 2569 sedis
3384 2516 3556 2569 nuntii
3591 2531 3685 2570 ore
3721 2528 3880 2572 tenus
3920 2521 4064 2572 divi-

2480 2603 2564 2656 nis
2598 2603 2823 2657 auribus
2866 2613 3058 2658 vestrte
3117 2605 3477 2660 insonuerunt
3522 2609 3849 2662 sanctitatis.
3905 2609 4061 2674 Quo-

2482 2697 2642 2748 modo
2669 2711 2886 2765 quoque
2917 2713 3016 2752 nos
3047 2699 3215 2752 robur
3239 2711 3582 2769 praestamus,
3615 2717 3669 2755 et
3697 2705 3856 2756 linem
3889 2720 4065 2773 appo-

2483 2786 2662 2841 nitnus
2698 2789 2941 2856 glorioso
3004 2790 3272 2860 principio
3329 2793 3638 2860 huiusmodi
3677 2798 3862 2862 Operis
3897 2797 4063 2849 unio-

2483 2880 2592 2940 nis,
2627 2880 2824 2947 poterit
2857 2881 3000 2934 scire
3034 2889 3210 2934 vestra
3244 2896 3270 2934 a
3304 2881 3412 2935 Deo
3447 2884 3732 2952 magnifica
3768 2887 4060 2950 sanctitas,

2485 2977 2538 3022 ct
2600 2983 2629 3020 a
2663 2969 2940 3022 volumine
2992 2970 3316 3037 synodicali,
3368 2972 3512 3040 quod
3566 2971 3666 3025 sibi
3717 2974 4061 3037 ostendetur,

2487 3060 2630 3127 quod
2665 3059 2944 3111 humilitas
2977 3067 3161 3112 nostra
3188 3073 3310 3112 cum
3354 3068 3468 3114 toto
3500 3076 3658 3115 sacro
3700 3061 3873 3130 ipsius
3928 3078 4064 3116 eon-

799 3153 1075 3224 quomodo
1124 3167 1230 3205 non
1267 3152 1470 3218 optime
1505 3149 1888 3203 terminabitur
1921 3149 2216 3203 auxiliante
2249 3150 2381 3206 Deo.
2415 3135 2461 3194 Β
2493 3161 2654 3202 ventu
2695 3149 2930 3202 firmavit
2973 3157 3028 3202 et
3076 3149 3356 3202 roboravit
3407 3149 3909 3219 subscriptionibus
3950 3168 4068 3205 ma-

803 3245 967 3315 quale
1022 3243 1154 3311 quid
1225 3241 1425 3294 factum
1484 3249 1586 3303 est,
1637 3249 1690 3293 ct
1716 3255 1881 3308 super
1937 3241 2024 3304 iis,
2068 3240 2134 3292 dc
2178 3240 2378 3308 quibus

803 3354 947 3390 nunc
979 3334 1317 3405 propositum
1348 3341 1431 3386 est
1471 3333 1629 3385 nobis
1654 3332 1858 3394 dicere,
1892 3347 1923 3384 ο
1947 3333 2188 3384 divinum
2215 3340 2266 3384 et
2296 3346 2381 3384 sa-

803 3443 955 3483 crum
995 3426 1197 3496 caput?
1233 3423 1367 3477 Nam
1396 3425 1764 3479 ecclesiastica
1798 3405 1994 3478 unione
2033 3425 2260 3479 feliciter
2300 3425 2381 3476 in-

802 3533 954 3590 cepta
1003 3529 1245 3587 tempore
1303 3518 1478 3573 felicis
1543 3520 1821 3572 memoriae
1879 3520 2176 3573 beatissimi
2233 3521 2379 3574 illius

805 3613 908 3664 viri
945 3613 1009 3680 (si
1036 3622 1214 3664 tamen
1245 3611 1440 3673 virum,
1469 3620 1522 3664 et
1559 3625 1664 3662 non
1697 3603 1975 3680 angi-lum,
2017 3613 2194 3664 vocari
2219 3627 2379 3679 opor-

803 3711 880 3753 tet
942 3698 1153 3751 felicem
1195 3699 1370 3760 illum,
1421 3698 1825 3752 sanctissimum
1865 3716 2054 3768 papam
2109 3701 2378 3754 decimum

803 3791 1037 3845 dicimus
1058 3789 1434 3857 Gregorium),
1456 3789 1521 3842 ad
1543 3789 1914 3857 gloriosioreni
1935 3792 2092 3844 linem
2113 3791 2155 3860 (1
2171 3791 2378 3858 ),quam

799 3885 866 3938 ad
901 3883 1071 3951 ipsam
1107 3879 1360 3934 videlicet
1397 3880 1650 3932 unionem
1683 3895 1930 3933 summus
1965 3880 2224 3933 Dominus
2253 3896 2384 3933 con-

801 3973 1097 4028 summavit
1163 3973 1214 4024 in
1263 3973 1474 4034 diebus,
1533 3972 1586 4024 in
1637 3973 1838 4040 quibus
1872 3972 1938 4026 ad
1974 3977 2220 4025 decorem
2256 3987 2384 4039 apo-

804 4067 1006 4120 stolica:
1035 4061 1203 4124 sedis,
1253 4075 1303 4116 et
1345 4062 1796 4115 iiluminatiunem
1827 4064 2165 4132 perspiCuam
2205 4062 2383 4115 fuma-

813 4158 979 4209 menti
1046 4151 1364 4206 univcrsalis
1421 4148 1697 4216 Ecclesiae,
1758 4166 1880 4215 vos,
1935 4151 2153 4204 nomine
2199 4154 2382 4219 gratia:

801 4249 1144 4300 ncininatum
1201 4243 1299 4312 (Ξ),
1359 4241 1498 4296 Deus
1553 4241 1800 4312 eligendo
1869 4243 2174 4295 constituit.
2229 4240 2381 4307 Quod

797 4338 1020 4406 quidem
1065 4336 1378 4403 apostolicae
1441 4333 1586 4386 sedis
1673 4333 1849 4386 nuntii
1920 4334 2380 4398 reverendissimi,

798 4427 1007 4484 scilicet
1040 4425 1235 4478 fratres
1277 4423 1448 4476 nostri
1483 4432 1536 4475 et
1565 4421 1870 4490 coepiscopi
1901 4420 2143 4475 Jacobus
2175 4420 2378 4498 Feren-

800 4517 949 4572 tinus
979 4525 1030 4569 et
1066 4513 1362 4568 Gaufridus
1409 4511 1785 4576 Taurinensis,
1821 4512 1969 4565 etde
1997 4511 2106 4565 Deo
2146 4523 2370 4582 accepto

799 4607 990 4661 ordine
1057 4605 1475 4675 praedicatorum
1535 4603 1936 4672 religiosissimi
1969 4603 2140 4658 nostri
2179 4603 2375 4658 fratres

800 4697 1097 4769 Rayrunus
1134 4697 1280 4765 prior
1319 4694 1696 4757 Viterbiensis,
1748 4704 1801 4748 et
1833 4693 2028 4748 Salvus
2066 4704 2238 4749 lector
2265 4695 2373 4748 Lu-

801 4800 973 4840 canus
1019 4793 1208 4838 vestra:
1281 4782 1592 4838 sanctitatis
1648 4782 1993 4836 orationibus
2057 4783 2378 4851 prosperati,

801 4885 1168 4945 pervenerunt
1218 4874 1284 4928 ad
1315 4883 1556 4938 sant-tos,
1614 4884 1667 4928 et
1697 4874 2105 4943 potentissimos
2157 4882 2376 4929 nostros

803 4967 1200 5030 moderatores,
1248 4976 1302 5021 et
1347 4968 1412 5020 ad
1468 4979 1713 5019 nosnam
1756 4966 2139 5029 humilitatem,
2199 4975 2253 5020 et
2309 4967 2376 5019 ad

803 5073 948 5122 eam,
979 5074 1095 5126 quae
1127 5061 1264 5128 apud
1307 5074 1408 5112 nos
1440 5059 1660 5111 inventa
1690 5067 1772 5111 cst
1800 5072 2011 5111 sacram
2043 5066 2096 5111 et
2128 5063 2372 5111 sanctam

802 5152 1068 5220 synodum
1107 5152 1348 5205 relictam
1395 5150 1464 5203 ab
1495 5151 1850 5204 universitate
1897 5164 2104 5217 magna:
2153 5147 2370 5219 synodi,

800 5258 915 5309 quae
949 5242 1090 5309 apud
1124 5256 1220 5293 nos
1273 5241 1437 5310 paulo
1478 5248 1602 5293 ante
1659 5239 1838 5292 fuerat
1870 5239 2138 5292 celebrata
2174 5258 2187 5292 :
2219 5240 2375 5294 dictae

799 5333 1176 5387 tcclesiasticte
1196 5329 1726 5393 unionisinchoatio,
1753 5339 1976 5384 auctore
2007 5331 2136 5396 Deo,
2165 5332 2371 5400 absque

799 5423 1011 5477 defectu
1059 5425 1164 5476 line
1197 5438 1456 5490 prospero
1495 5434 1872 5474 consummata
1903 5431 2009 5474 est.

905 5556 1132 5612 'Jacob.
1198 5573 1235 5618 ε,
1281 5558 1366 5610 17.

869 5697 944 5764 (1)
977 5697 1154 5750 Lucus
1182 5709 1491 5768 i-nrruptus.

873 5769 946 5836 (:2)
996 5771 1103 5822 lloc
1133 5780 1231 5831 est,
1261 5770 1483 5823 JOannis
1519 5773 1740 5826 nomine.
1780 5772 1952 5829 IIAnD.

2486 3241 2756 3305 nualibus,
2794 3254 2915 3308 quae
2966 3240 3110 3308 apud
3173 3256 3271 3296 nos
3325 3242 3566 3311 vigorem
3615 3245 3865 3299 obtinent
3904 3247 4064 3314 jura-

2484 3333 2677 3385 menti.

2553 3424 2724 3476 llabet
2755 3424 2976 3492 insuper
3001 3437 3232 3477 noscere
3271 3432 3324 3478 et
3354 3424 3421 3477 ab
3461 3424 3546 3489 iis,
3582 3441 3701 3495 qua:
3723 3426 3775 3480 in
3806 3432 4063 3496 prmsenti

2481 3513 2685 3580 scripto
2712 3512 3006 3581 specialius
3035 3527 3134 3566 nos
3163 3511 3412 3567 dicemus
3447 3513 3778 3578 omnimode,
3811 3519 4066 3584 praeben-

2484 3611 2560 3655 tcs
2584 3612 2777 3655 vestrae
2806 3602 3118 3670 apostolicae
3138 3602 3419 3656 sanctitati
3447 3604 3828 3659 certitudinem
3856 3619 4064 3664 nostra

2483 3693 2548 3744 ad
2579 3693 2932 3760 apostolicam
2979 3693 3159 3747 sedem
3195 3707 3364 3762 purae,
3403 3692 3759 3764 perfectaeque
3792 3698 4063 3754 obedienc

2484 3785 2587 3838 tiae.
2630 3785 2866 3838 Dicimus
2900 3783 3073 3849 enim,
3130 3784 3234 3838 sub
3290 3786 3521 3840 testibus
3578 3785 3687 3839 Deo
3743 3797 3796 3841 et
3849 3791 4066 3860 angelis

2484 3877 2642 3928 verba
2670 3874 2949 3942 facientes,
2981 3875 3126 3944 quod
3155 3890 3315 3932 omne
3347 3877 3584 3932 schisma
3618 3877 3756 3933 inter
3783 3878 4066 3938 Ecclesias

2486 3967 2599 4031 Dei,
2634 3967 2834 4021 veteris
2869 3965 3056 4021 Romae
3083 3967 3294 4022 scilicet
3330 3977 3384 4023 et
3425 3984 3578 4024 novae
3633 3980 3854 4033 nostrae,
3921 3975 4066 4028 male

2483 4061 2857 4114 introductum
2902 4059 2956 4113 in
2997 4060 3275 4114 lmsionem
3315 4058 3766 4128 Christianitatis,
3806 4067 4064 4135 asperni-

2486 4168 2607 4206 nius
2638 4160 2692 4205 et
2726 4151 3051 4220 abjicimus;
3085 4160 3139 4206 et
3159 4151 3498 4222 praecordiali
3531 4153 3746 4220 affectu,
3774 4165 3827 4209 et
3851 4172 3917 4209 ex
3951 4167 4067 4213 tota

2483 4244 2661 4296 anima
2723 4244 2878 4313 prius
2916 4241 3101 4312 ipsum
3167 4242 3523 4312 deponentes,
3565 4259 3658 4312 per
3708 4245 3976 4316 linguam,
4011 4261 4068 4303 et

2485 4333 2646 4400 labia,
2681 4341 2734 4387 et
2770 4334 3094 4403 prolativum
3147 4342 3394 4388 nostrum
3426 4348 3756 4399 sermonem,
3807 4337 3976 4391 etiam
4009 4339 4068 4393 in

2483 4426 2729 4492 praesenti
2787 4426 2992 4494 scripto
3039 4425 3217 4494 ipsum
3269 4424 3640 4493 abnegamus,
3697 4437 3751 4480 et
3793 4430 4067 4484 ecclesia-

2481 4513 2671 4568 suit-am
2706 4528 2892 4583 pacem
2924 4524 2978 4569 et
3002 4515 3289 4580 unitatem,
3327 4521 3383 4569 et
3405 4515 3699 4583 primatum
3734 4521 4064 4586 apostolirte

2480 4603 2622 4659 sedis
2672 4605 3020 4670 confitemur,
3068 4607 3539 4675 recognoscimus,
3592 4619 3947 4679 acceptamus
4007 4623 4064 4667 et

2480 4704 2674 4762 sponte
2713 4695 3046 4763 suscipimus
3079 4713 3091 4748 :
3126 4707 3180 4751 et
3210 4699 3277 4752 ad
3303 4699 3474 4768 ipsius
3499 4699 3860 4754 obedientiam
3889 4717 4065 4770 spon-

2488 4787 2636 4840 tanei
2673 4785 2982 4852 venientes,
3037 4795 3213 4842 ratum
3247 4789 3468 4857 habere,
3502 4798 3558 4845 et
3587 4805 3915 4846 conservare
3954 4793 4064 4845 im-

2492 4874 2760 4928 mutabile
2795 4875 3168 4944 promittimus
3196 4887 3250 4931 et
3290 4881 3611 4942 asserimus,
3644 4891 3694 4934 et
3723 4895 3814 4933 eas
3856 4896 4064 4949 prauo-

2486 4964 2722 5032 gativas,
2762 4981 2884 5034 quae
2921 4980 2950 5019 a
2982 4967 3252 5038 principio
3275 4982 3398 5026 ante
3440 4972 3676 5025 schisma
3710 4974 4058 5040 prastabau-

2483 5064 2569 5108 tur
2595 5058 2910 5125 apostolica:
2941 5057 3055 5111 sedi
3092 5060 3159 5114 ab
3191 5060 3319 5124 illis.
3353 5064 3442 5131 qui
3475 5077 3572 5132 pro
3619 5072 3883 5132 tempore,
3932 5081 4064 5134 pon-

2485 5145 2652 5201 tificio
2691 5148 2744 5201 in
2807 5149 3289 5222 Constantinopoli
3334 5152 3716 5221 fungebantur,
3768 5155 3981 5225 integra
4010 5167 4063 5211 et

2487 5236 2821 5295 inviolabilia
2844 5243 3212 5311 promittimus
3233 5259 3577 5299 conservare.
3608 5244 3854 5299 Schisma
3886 5252 4059 5314 enim,

2487 5330 2632 5399 quod
2666 5331 2720 5384 in
2759 5334 2936 5386 medio
2976 5334 3308 5401 intercessit,
3345 5335 3536 5389 intimo
3567 5336 3749 5390 cordis
3772 5337 3972 5392 all'ecm
4010 5353 4062 5394 et

2486 5435 2599 5479 tota
2665 5426 2830 5479 animi
2871 5427 3148 5482 voluntate
3193 5437 3566 5497 aspernentes,
3607 5432 4059 5500 compaginamus

2566 5705 2643 5772 (3)
2672 5704 2897 5758 Michael
2932 5706 3042 5773 imp

2544 5777 2619 5843 (4)
2646 5778 2778 5828 Cum
2840 5775 3155 5831 Andronico
3188 5775 3296 5831 lilio
3329 5778 3487 5832 etiam
3528 5778 3878 5846 imperaturo.
