4214 6446
180 354 289 419 945

1352 365 1594 429 EPIST.
1642 367 1738 427 AD
1772 369 2120 436 JO.\N.\'EM
2162 381 2271 441 ΙΨ.

3342 384 3448 446 946

178 484 234 529 et
258 483 577 543 coaptamus
608 478 975 548 nosmetipsos
1004 476 1159 535 liue.e
1184 482 1501 551 pontificum
1528 484 1766 549 illorum.
1800 487 1843 546 Α
1878 494 2331 564 omnipotentem,
2368 498 2753 560 immortalem,
2792 496 3148 559 invisibilem,
3187 495 3449 564 itttpnlpa-

179 566 276 635 qui
316 567 555 621 scltisma
600 568 913 637 apostolica
941 569 1067 625 Sedi
1129 581 1328 628 veteris
1379 572 1566 630 Roma.
1610 591 1764 631 suam

181 655 553 710 obedientiam
580 658 849 714 canonice
883 668 938 714 et
973 660 1217 732 legitime
1244 664 1679 733 conservabaut;
1714 675 1767 721 et

179 747 318 799 nihil
349 748 575 802 omnino
622 748 1002 819 imperfectum
1032 753 1287 809 omittere
1333 755 1652 824 pollicemur
1702 760 1768 813 de

181 838 273 902 iis,
304 854 429 908 quae
460 850 585 897 ante
609 841 850 897 scbisma
874 843 947 898 illi
970 844 1080 900 divi
1120 854 1174 900 et
1208 847 1381 901 sancti
1411 848 1767 917 imperatores

178 932 495 999 apostolicae
524 935 639 990 sedi
682 938 996 1007 praestando
1029 940 1381 1006 roboraruut,
1432 950 1486 997 et
1534 942 1765 999 affirma-

178 1033 305 1078 runt
336 1042 349 1090 ;
386 1025 613 1097 insuper
650 1030 815 1085 etiam
843 1041 897 1086 et
947 1033 1015 1087 de
1046 1034 1133 1098 iis,
1181 1050 1301 1103 quae
1346 1036 1398 1089 in
1429 1038 1604 1092 sacris
1622 1054 1763 1093 cou-

175 1114 324 1168 ciliis
359 1116 551 1173 Patres
582 1120 753 1174 nostri
789 1122 857 1175 ad
898 1122 1073 1192 ipsius
1117 1124 1481 1181 obedientiam
1539 1128 1764 1183 demou-

174 1210 431 1264 strabant
454 1225 513 1265 se
549 1226 896 1270 conservare.
952 1215 1162 1271 Rursus
1193 1217 1261 1271 ad
1288 1220 1645 1287 apostolicam
1678 1237 1765 1276 se-

174 1297 304 1351 dem
361 1300 756 1359 confirmamus
814 1306 1203 1361 inviolabiliter
1230 1318 1281 1363 et
1336 1310 1543 1380 integre
1575 1325 1767 1368 omnes

178 1392 575 1460 praerogativa:
606 1405 657 1449 et
683 1397 988 1467 privilegia,
1025 1416 1149 1469 qua
1178 1410 1304 1455 ante
1332 1402 1571 1457 stltisma
1614 1420 1767 1460 reve-

180 1481 337 1535 rentli
367 1492 420 1535 et
455 1484 595 1538 beati
629 1488 1007 1557 imperatores,
1050 1503 1101 1547 et
1132 1495 1321 1548 deiferi
1375 1496 1563 1552 Patres
1593 1499 1762 1552 nostri

190 1570 453 1645 uictores.
485 1574 550 1627 ad
582 1575 873 1644 primatum
908 1583 1220 1650 apostolicae
1252 1583 1398 1638 sedis
1425 1585 1479 1637 in
1507 1584 1763 1640 obedien-

219 1676 310 1713 am
334 1665 696 1721 ostendebant
727 1685 743 1722 :
780 1670 1052 1736 videlicet,
1090 1674 1218 1741 quia
1254 1674 1369 1743 ipsa
1411 1686 1762 1730 sacrosancta

192 1753 431 1806 ’iomana
461 1753 702 1812 Ecclesia
733 1775 1009 1815 sumntum
1042 1774 1092 1817 et
1122 1764 1424 1834 perfectum
1463 1767 1757 1834 primatum

212 1854 230 1897 t
274 1847 643 1916 principatum
675 1868 839 1921 super
864 1855 1173 1910 universam
1207 1858 1533 1913 catholicam
1563 1860 1753 1915 Eccle-

204 1933 313 1987 iam
346 1936 575 2002 obtinet,
610 1955 772 2009 quem
806 1942 860 1995 in
893 1943 1070 2013 seipsa
1120 1948 1190 2000 ab
1240 1948 1359 2016 ipso
1388 1947 1642 2015 Dontino,
1704 1952 1756 2005 in

176 2036 341 2081 beato
368 2027 529 2084 Petro
557 2035 927 2099 apostolorum
962 2039 1207 2109 principe
1232 2057 1325 2095 seu
1359 2042 1578 2108 vertice,
1600 2044 1759 2111 cujus

175 2118 460 2175 Romanus
493 2124 733 2191 pontifex
752 2137 836 2182 est
888 2144 1199 2193 successor.
1246 2148 1372 2188 cum
1430 2136 1762 2203 plenitudine

174 2216 465 2281 potestatis
507 2220 799 2287 recepisse,
859 2238 982 2277 vere
1016 2239 1079 2278 ac
1110 2226 1381 2282 humiliter
1416 2232 1760 2298 recognosci-

175 2322 327 2361 mus.
362 2309 429 2363 Et
479 2313 940 2379 quemadmodum
975 2333 1085 2387 pra:
1116 2320 1238 2375 aliis
1268 2330 1485 2376 tenetur
1517 2324 1637 2377 fidei
1669 2340 1760 2380 ve-

172 2397 393 2452 ritatem
430 2398 720 2456 defendere
761 2420 776 2457 :
812 2405 892 2461 sic
940 2415 991 2460 ct
1022 2410 1066 2461 si
1120 2424 1243 2477 (λειω
1273 2412 1339 2464 de
1372 2412 1477 2468 fide
1523 2415 1763 2472 subortu:

172 2490 386 2543 fuerint
424 2494 781 2560 quaestiones,
814 2512 914 2550 suo
941 2496 1143 2553 debent
1179 2501 1384 2569 judicio
1404 2503 1636 2558 definiri.
1683 2506 1763 2560 Ad

175 2582 322 2637 banc
364 2595 542 2652 potest
569 2587 819 2655 quilibet,
854 2600 1114 2659 gravatus
1148 2594 1201 2647 in
1229 2596 1458 2664 negotiis
1489 2598 1554 2651 ad
1586 2597 1765 2653 forum

173 2677 614 2730 etcltsiasticum
655 2680 1079 2749 pertinentibus,
1131 2687 1437 2755 appellare:
1466 2698 1521 2741 et
1571 2691 1623 2743 in
1652 2706 1769 2744 om-

175 2768 343 2821 ni'..us
380 2772 585 2833 causis,
629 2774 694 2826 ad
718 2789 949 2831 examen
1004 2780 1436 2835 ecclesiasticum
1475 2786 1769 2852 spectanti-

176 2860 305 2920 bus,
354 2861 420 2912 ad
472 2862 645 2929 ipsius
676 2873 856 2931 potest
916 2881 1121 2919 recurrt
1158 2867 1425 2935 judicium
1457 2888 1469 2921 :
1512 2880 1561 2925 et
1593 2871 1766 2925 eidem

176 2972 374 3010 omnes
399 2954 654 3012 Ecclesia:
685 2970 812 3015 sunt
837 2962 1118 3032 subjectae,
1156 2965 1509 3037 ipsarumque
1559 2969 1768 3035 pra-lati

176 3048 550 3102 obedientiam
591 3061 643 3104 et
682 3056 1045 3109 reverentiam
1081 3056 1157 3110 illi
1187 3056 1405 3113 debent.
1442 3060 1596 3128 Apud
1630 3061 1771 3115 lianc

1872 585 2061 651 bilem,
2098 590 2417 644 universum
2460 591 2797 659 ituplentem,
2826 598 2876 642 et
2907 604 3071 655 super
3094 588 3272 643 omnia
3305 590 3451 643 exsi-

1871 688 2126 742 stcntem,
2177 684 2515 737 conditorem
2569 691 2735 737 totius
2770 691 3043 736 creaturae
3095 680 3328 735 visibilis
3400 691 3457 734 ct

1869 770 2183 839 invisibilis,
2244 776 2550 846 corporalis
2605 784 2657 830 et
2713 774 3033 845 spiritualis.
3093 772 3157 827 Et
3200 774 3252 827 itt
3285 790 3451 827 unum

1874 861 2166 918 Dominum
2202 864 2389 921 Iesum
2442 867 2745 929 Christum,
2792 864 3058 929 Verbum,
3113 863 3452 933 unigenitum

1870 952 2093 1019 Filium,
2140 966 2404 1012 aeternum
2443 960 2510 1012 ab
2549 968 2755 1013 mteruo
2787 956 2966 1021 Patre,
3002 955 3335 1025 principium
3388 956 3456 1010 de

1870 1047 2163 1116 principio,
2205 1049 2386 1105 lumen
2422 1051 2489 1105 de
2521 1042 2751 1110 lumine,
2794 1048 2961 1103 Deum
3002 1050 3066 1101 de
3110 1047 3239 1111 Deo,
3272 1047 3456 1101 omni-

1877 1148 2155 1209 potentem
2194 1141 2262 1195 de
2302 1144 2701 1212 omnipotente,
2731 1140 2997 1211 aequalem
3031 1138 3460 1194 incommutabi-

1870 1228 1993 1284 liter
2042 1232 2323 1299 generauti
2350 1234 2516 1298 Patri,
2553 1243 2715 1304 prout
2756 1236 2873 1304 ipse
2899 1232 3165 1288 Dominus
3190 1232 3241 1283 in
3278 1229 3456 1284 Evan-

1868 1321 2013 1389 gelio
2042 1323 2240 1376 asserit
2279 1324 2469 1378 dicens
2508 1341 2522 1378 :
2571 1343 2589 1377 t
2622 1323 2725 1390 Qui
2763 1316 2906 1378 videt
2950 1338 3055 1383 nte,
3098 1321 3241 1374 videt
3275 1330 3329 1375 et
3356 1320 3461 1374 Pa-

1868 1422 2004 1467 trem
2020 1413 2197 1480 ’;tqui
2225 1426 2353 1469 ante
2380 1417 2563 1470 omnia
2590 1416 2787 1471 saecula
2821 1423 3006 1473 natus.
3032 1412 3386 1476 ineffabilem,
3406 1424 3459 1468 et

1870 1504 2152 1561 intellectu
2197 1508 2804 1579 ittcompreltcnsibilcut
2870 1509 3035 1563 habet
3074 1505 3408 1563 nativitatem
3443 1524 3455 1560 :

1875 1614 1893 1647 ι
1923 1596 2345 1654 Geuerationem
2375 1602 2494 1670 ejus
2528 1601 2652 1670 quis
2676 1602 2993 1655 euarrabit?
3040 1621 3056 1653 ι
3096 1617 3249 1656 saera
3288 1599 3462 1651 fateri.

1868 1697 1955 1742 tur
1988 1686 2253 1758 Eloquia;
2301 1693 2403 1745 lioc
2437 1703 2541 1755 est,
2601 1690 2816 1745 Nullus.
2868 1692 2922 1745 lu
2979 1692 3459 1746 consummatione

1866 1781 2190 1836 saeculorum
2216 1781 2497 1837 descendit
2520 1782 2957 1853 inseparabiliter
2981 1798 3044 1836 ex
3078 1782 3309 1836 Paterno
3337 1782 3457 1835 sinu

1865 1870 1967 1943 [in]
2008 1873 2384 1926 intemeratum
2420 1880 2476 1927 et
2514 1888 2730 1942 semper
2780 1873 3054 1941 Virginem
3110 1873 3363 1931 Mariam.
3409 1883 3463 1924 et

1864 1974 2107 2017 nostram
2147 1980 2212 2017 ex
2248 1963 2365 2033 ipsa
2409 1967 2712 2033 assumpsit
2743 1975 3014 2021 naturam.
3054 1981 3277 2019 carnem
3309 1965 3460 2017 vide-

1865 2054 1990 2108 licet
2020 2055 2316 2109 humanam
2347 2072 2471 2110 curn
2506 2058 2686 2109 anima
2711 2058 2986 2120 rationali,
3012 2072 3119 2110 non
3154 2056 3458 2111 secundum

1862 2146 2224 2214 phantasiam,
2246 2148 2338 2202 sed
2360 2148 2662 2203 secundum
2692 2149 2972 2203 veritatem
2999 2166 3012 2213 ;
3044 2164 3184 2218 nequ
3208 2170 3216 2183 ι
3243 2147 3463 2220 [secun-

1864 2233 2017 2305 dum]
2036 2251 2326 2305 supernam
2354 2248 2407 2293 et
2434 2239 2843 2305 intemporalem
2880 2239 3216 2292 nativitatem
3242 2239 3463 2300 adopta-

1865 2328 1974 2393 lus,
1999 2345 2173 2399 neque
2195 2330 2498 2386 secundum
2530 2331 2839 2386 inferiorem
2874 2332 3228 2401 temporalem
3257 2350 3269 2385 :
3302 2340 3462 2384 natu-

1867 2422 1996 2478 ralis
2018 2424 2161 2477 enim
2193 2426 2465 2477 exsistens
2494 2433 2546 2477 et
2582 2439 2745 2477 verus
2777 2423 2946 2478 Filius
2977 2424 3092 2490 Dei,
3122 2424 3389 2478 naturalis
3410 2434 3464 2476 et

1870 2531 2029 2571 verus
2054 2530 2265 2584 setttper
2290 2514 2530 2585 Virginis
2552 2514 2735 2570 Mari-.e
2758 2517 2873 2586 ipse
2897 2516 3037 2570 idem
3065 2517 3206 2571 filius
3228 2518 3463 2581 exsistit,

1874 2609 1970 2679 qui
2005 2623 2227 2663 carnem
2254 2610 2465 2677 accepit
2517 2624 2580 2662 ex
2618 2609 2760 2679 ipsa,
2820 2609 3091 2664 visibilem
3150 2609 3462 2671 invisibilis.

1872 2700 2159 2755 mortalem
2205 2702 2557 2764 immortalis,
2587 2701 2905 2770 passibilcm
2931 2702 3308 2770 impassibilis,
3348 2702 3466 2771 pal.

1870 2792 2105 2862 pabilem
2147 2793 2553 2862 itnpalpabilis:
2596 2794 2649 2846 in
2681 2809 2785 2863 qua
2824 2808 2991 2848 carne
3043 2803 3098 2849 et
3156 2811 3255 2863 pro
3309 2795 3469 2849 nobis

1873 2895 2068 2953 sponte
2103 2883 2348 2952 suscepit
2394 2882 2732 2951 passionem,
2792 2897 2919 2938 vera
2966 2885 3150 2939 carnis
3187 2886 3461 2952 passione.

1876 2977 2146 3038 Mortuus.
2182 2986 2236 3031 et
2274 2977 2545 3046 sepultus,
2579 2986 2634 3029 et
2660 2975 3001 3031 descendens
3049 2977 3115 3030 ad
3152 2978 3378 3040 inferos,
3413 2986 3468 3029 et

1877 3071 2037 3126 tertia
2060 3072 2169 3135 die,
2198 3069 2503 3125 secundum
2538 3066 2908 3138 Seripturam,
2942 3084 3236 3138 resurgens
3258 3084 3287 3123 a
3322 3085 3463 3124 mor-

178 3150 291 3191 autt
315 3155 367 3192 nt
413 3141 695 3207 plenitudo
732 3147 1020 3213 potestatis
1054 3151 1327 3214 consistit,
1358 3152 1501 3219 quod
1535 3168 1618 3218 ea,
1649 3169 1768 3222 quae

1878 3165 1987 3219 tuis
2020 3178 2149 3218 vera
2181 3162 2365 3217 carnis
2426 3162 2849 3216 resurrectione.
2923 3161 3054 3216 Post
3103 3164 3465 3231 quadraginta

175 3243 395 3283 (ιι-ωιτη
446 3231 731 3299 Εαςιρδίεῡ,
766 3244 817 3289 et
870 3239 1268 3305 patriarchales
1306 3244 1638 3310 specialiter,
1681 3245 1767 3299 di-

176 3323 355 3375 versis
391 3325 734 3393 temporibus
788 3326 1071 3399 privilegia
1115 3330 1498 3398 obtinuerunt,
1531 3336 1770 3389 sanctioc

178 3413 345 3466 nibus
378 3414 660 3470 beatorum
721 3427 1036 3474 sanctorum
1076 3420 1470 3492 imperatorum
1524 3427 1767 3492 illorum,

178 3516 230 3558 ct
262 3506 550 3561 canonicis
580 3510 961 3566 sanctionibus
1014 3527 1297 3568 sacrorum
1344 3526 1398 3569 et
1452 3519 1763 3572 divinorum

178 3596 565 3661 conciliorum,
603 3599 793 3654 eadem
859 3599 1101 3657 llomana
1136 3603 1376 3660 Ecclesia
1427 3611 1774 3664 coulirmavit

178 3696 234 3741 et
259 3687 548 3742 roboravit
579 3707 592 3742 :
618 3700 673 3743 et
727 3706 836 3745 non
882 3693 1040 3748 aliter
1088 3697 1443 3752 obtinuerunt
1477 3703 1735 3753 confirma

179 3782 389 3834 tionem
436 3781 799 3836 Ecclesiarum
855 3785 1164 3854 ltujusutodi
1212 3796 1602 3861 prmrogativie,
1666 3796 1772 3855 nisi

178 3872 377 3927 eadem
410 3873 654 3928 Ecclesia
693 3873 940 3933 Romana
988 3894 1149 3933 suum
1190 3896 1355 3951 super
1381 3884 1449 3939 iis
1501 3885 1769 3953 judicium

178 3976 232 4021 et
262 3966 599 4022 sententiam
628 3968 944 4036 protulisset
984 3988 998 4025 :
1030 3989 1127 4027 sua
1184 3985 1362 4029 tamen
1414 3992 1769 4048 praerogativa

176 4065 292 4113 tam
328 4059 382 4112 in
424 4060 768 4129 generalibus
788 4065 1053 4130 conciliis,
1106 4083 1269 4137 quam
1311 4069 1364 4121 iu
1428 4074 1767 4140 quibuscuu-

177 4165 290 4220 que
318 4151 443 4207 aliis
476 4167 694 4222 semper
729 4156 901 4211 salva.
944 4158 1011 4212 Et
1054 4162 1122 4215 de
1151 4162 1516 4232 abnegatioue
1549 4170 1769 4236 quidem

181 4246 529 4311 schismatis,
556 4258 611 4302 et
633 4250 1007 4319 recognitione
1041 4253 1314 4323 primatus
1339 4262 1653 4327 apostolica:
1689 4278 1776 4317 st:-

181 4337 293 4401 dis,
326 4347 476 4393 tanta
505 4339 616 4395 sint
663 4341 833 4397 dicta.

259 4428 538 4495 Quoniam
573 4442 758 4487 autem
789 4437 1018 4491 multum
1048 4441 1357 4499 scbismatis
1388 4454 1601 4514 tempus
1652 4451 1776 4519 opi-

1882 3258 2045 3329 [dies]
2068 3272 2098 3310 a
2117 3255 2522 3310 resurrectione
2542 3269 2639 3311 sua
2660 3272 2690 3309 a
2714 3255 2966 3317 mortuis,
2989 3255 3236 3309 ascendit
3260 3256 3323 3309 ad
3355 3272 3439 3311 cm
3455 3286 3469 3295 -

1884 3352 1986 3415 los,
2024 3366 2148 3405 cum
2186 3350 2401 3411 eadem,
2449 3363 2555 3417 qua
2588 3347 2913 3411 resurrexit,
2952 3362 3120 3401 carne
3159 3358 3211 3402 rt
3248 3351 3465 3403 anima:

1878 3443 2106 3511 etiscdet
2126 3442 2193 3496 ad
2228 3443 2509 3497 dexteram
2551 3438 2643 3495 Dei
2682 3438 2882 3503 Patris,
2920 3440 3202 3494 introitum
3261 3440 3312 3493 itt
3355 3455 3469 3495 co:-

1882 3538 2016 3592 Ieste
2038 3551 2267 3605 regnum
2306 3535 2466 3589 nobis
2491 3534 2788 3603 elargiens.
2821 3532 2923 3599 Qui
2976 3543 3238 3588 venturus
3266 3541 3348 3587 est
3372 3534 3471 3587 itc-

1884 3645 2007 3683 rum
2034 3628 2202 3696 judex
2240 3629 2491 3682 vivorum
2526 3634 2579 3680 et
2609 3635 2975 3689 mortuorum,
3013 3625 3469 3681 redditurusuni-

1883 3722 2083 3789 cuique
2110 3718 2417 3774 secundum
2442 3732 2607 3787 opera
2634 3730 2755 3769 sua.

1952 3811 2245 3866 Credimus
2275 3810 2468 3865 eodem
2520 3809 2681 3863 modo
2703 3816 2756 3860 et
2797 3809 2849 3862 iit
2890 3808 3157 3877 Spiritum
3190 3815 3467 3867 sanctum,

1885 3922 1904 3955 ι
1946 3905 2129 3958 omnia
2160 3911 2521 3968 scrutantem,
2555 3903 2719 3957 etiaut
2770 3901 3035 3973 profunda
3082 3899 3175 3955 Dei
3218 3898 3261 3962 ⁸,
3299 3917 3319 3950 s
3371 3900 3467 3967 qui

1885 3997 2209 4051 naturaliter
2242 3996 2384 4052 inest
2412 3995 2520 4051 Deo
2548 4006 2601 4049 ct
2634 3996 2801 4058 Patri,
2838 4006 2892 4049 et
2927 3993 3299 4049 essentialiter
3328 3992 3469 4045 iusi-

1882 4095 1971 4141 tus
2002 4096 2117 4150 est,
2170 4094 2229 4140 ut
2258 4085 2331 4140 ita
2375 4086 2658 4147 dicamus,
2706 4094 2760 4139 et
2812 4084 3215 4138 indivisibiliter
3244 4098 3311 4136 ex
3351 4081 3470 4150 ipso

1884 4177 2208 4246 procedens,
2263 4176 2591 4230 naturaliter
2644 4176 2789 4230 inest
2848 4183 2903 4228 et
2954 4173 3112 4238 Filio,
3170 4184 3226 4227 et
3281 4188 3471 4227 essen-

1883 4270 2083 4323 tialiter
2139 4268 2189 4324 ei
2250 4268 2449 4323 insitus
2499 4279 2607 4333 est,
2657 4278 2712 4321 et
2766 4267 3170 4322 iudivisibilter
3235 4281 3301 4320 ex
3352 4264 3471 4333 ipso

1890 4361 2146 4434 procedit.
2183 4360 2547 4415 Profunditur
2575 4361 2793 4431 quidem
2826 4369 2880 4414 cl
2904 4360 3168 4429 procedit,
3206 4355 3471 4427 quemad-

1886 4454 2104 4507 modum
2137 4469 2167 4507 a
2218 4453 2384 4518 fonte,
2436 4454 2547 4507 Deo
2584 4463 2638 4507 et
2661 4451 2819 4507 Patre
2855 4471 2869 4507 :
2899 4451 3243 4522 profunditur
3284 4456 3468 4503 autem

186 4520 413 4575 nionem
446 4522 776 4592 quibusdam
811 4542 1005 4582 vanam
1041 4542 1094 4584 et
1142 4530 1335 4587 falsam
1378 4538 1588 4605 tribuit,
1632 4546 1775 4612 quod
1809 4532 1854 4591 D
1884 4556 1937 4601 et
1969 4547 2037 4601 ab
2070 4546 2188 4615 ipso
2212 4545 2375 4611 Filio,
2415 4546 2878 4616 quemadmodum
2899 4520 2948 4601 va
2975 4545 3143 4606 fonte,
3180 4544 3328 4600 velut
3362 4545 3471 4598 uti-

184 4613 256 4668 sit
314 4614 501 4683 aliqua
552 4616 864 4672 differentia
919 4622 1233 4690 dogmatum
1296 4627 1436 4683 inter
1486 4642 1775 4705 utramque

185 4708 516 4775 Ecclesiam,
547 4711 792 4768 Graecam
836 4714 1085 4772 videlicet
1125 4732 1177 4774 et
1212 4720 1489 4792 Latinam,
1556 4743 1774 4800 propter

183 4799 239 4855 in
276 4799 541 4871 Symbolo
582 4802 781 4859 factam
815 4807 1147 4865 additiouem
1181 4829 1276 4882 per
1317 4816 1616 4875 Romanam
1660 4799 1776 4879 Ec-

182 4890 411 4944 clcsiam
444 4907 455 4940 :
483 4902 700 4961 Oportet
723 4895 934 4963 utique,
988 4914 1089 4954 nos
1134 4902 1376 4958 libellum
1427 4910 1545 4964 fidei
1605 4928 1774 4981 expo-

183 4992 338 5042 nere,
368 4994 435 5033 ex
468 4996 579 5049 quo
612 4992 791 5037 vestra
825 4983 935 5042 Deo
964 4992 1250 5060 magnifica
1291 4995 1541 5062 altitudo,
1580 5012 1633 5055 et
1664 5014 1773 5058 tota

186 5066 439 5122 Romana
471 5072 736 5137 Ecclesia,
770 5090 1084 5146 cegnoscet,
1120 5086 1266 5150 quod
1290 5088 1435 5142 nulla
1466 5090 1776 5151 differentia

183 5159 309 5212 fidei
351 5170 436 5214 est
466 5162 557 5227 iis,
606 5165 699 5233 qui
733 5162 1052 5237 Symbolum
1101 5177 1261 5242 primi
1295 5177 1499 5235 Ntcxui
1559 5188 1775 5243 concilii

181 5245 396 5317 legunt,
446 5260 502 5305 ct
534 5255 631 5323 qui
681 5255 1002 5326 Symbolum
1059 5263 1646 5341 Constantinopolitani
1684 5295 1773 5335 se-

185 5341 353 5394 cundi
398 5346 621 5400 concilii
676 5350 1001 5418 pradicant,
1036 5368 1093 5410 et
1124 5359 1215 5423 iis,
1250 5364 1341 5431 qui
1401 5364 1507 5419 ltoc
1547 5368 1777 5439 Symbo-

189 5429 330 5497 lum,
371 5436 520 5503 quod
552 5450 582 5489 a
614 5437 856 5496 Romana
888 5443 1136 5503 Ecclesia
1186 5429 1403 5521 tegitur,
1462 5429 1602 5512 cum'
1624 5461 1777 5516 addi-

187 5522 340 5578 tione
364 5538 720 5583 venerantur.

259 5614 552 5676 Credimus
583 5620 732 5679 enim
759 5624 814 5681 in
844 5641 1009 5685 unum
1034 5628 1203 5688 Deum
1236 5634 1535 5710 ingenitum
1565 5644 1777 5705 Patrem

294 5800 317 5831 '
340 5798 504 5865 Joan.
547 5821 657 5877 xiv,
692 5807 745 5867 9.
823 5809 887 5870 'l
924 5813 1051 5873 Cor.
1083 5830 1144 5885 ιι,
1184 5817 1267 5875 l0.

1881 4654 1987 4707 que
2015 4649 2067 4694 et
2099 4654 2161 4695 ex
2197 4640 2317 4709 ipso
2359 4638 2474 4693 Deo
2504 4649 2557 4694 ct
2582 4640 2758 4693 Patre.
2811 4640 2916 4692 Sed
2948 4639 3071 4693 licet
3127 4637 3290 4691 Pater
3346 4637 3469 4692 fons

1884 4730 2121 4799 Spiritus
2144 4732 2235 4795 sit,
2272 4739 2322 4785 et
2368 4729 2542 4784 Filius
2574 4729 2693 4784 lous
2725 4730 2970 4799 Spiritus
3011 4730 3116 4795 sit;
3147 4746 3252 4782 uou
3288 4740 3465 4783 tamen

1881 4824 1991 4878 duo
2014 4823 2194 4881 fontes
2219 4823 2457 4892 Spiritus
2480 4832 2610 4877 sunt
2630 4821 2792 4876 Pater
2814 4832 2867 4878 et
2890 4822 3082 4876 Filius.
3113 4819 3289 4875 Unum
3318 4821 3466 4876 enim

1884 4916 2090 4970 fontem
2119 4916 2356 4986 Spiritus
2387 4915 2599 4971 Patrem
2625 4927 2677 4971 et
2703 4915 2899 4971 Filium
2932 4918 3105 4971 ﬁdelis
3122 4929 3172 4971 ct
3199 4918 3283 4986 pia
3310 4915 3472 4971 intel—

1886 5007 2105 5077 ligentia
2143 5019 2288 5064 tenet
2325 5027 2339 5063 :
2369 5020 2422 5064 et
2451 5020 2668 5080 propter
2696 5011 2805 5064 hoc
2829 5026 3177 5066 communem
3210 5009 3386 5065 Patris
3414 5019 3471 5063 et

1886 5099 2006 5154 Filii
2038 5099 2299 5170 Spiritum
2325 5112 2577 5156 sanctum
2606 5102 2863 5157 Ecclesia:
2886 5102 3181 5157 luminaria
3206 5110 3258 5155 et
3283 5103 3471 5156 docto-

1888 5207 1977 5247 rts
2006 5193 2459 5263 theologizaruut.
2498 5195 2654 5249 Sicut
2688 5199 2833 5249 enim
2864 5197 2930 5249 de
2953 5194 3260 5249 sulslautia
3290 5192 3469 5248 Patris

1887 5286 2212 5339 naturaliter
2239 5284 2479 5354 Spiritus
2528 5299 2632 5349 est,
2674 5290 2752 5342 sic
2793 5298 2848 5341 et
2895 5304 2958 5341 cx
2993 5288 3305 5342 substantia
3343 5286 3465 5340 Filii

1887 5378 2209 5430 naturaliter
2238 5377 2474 5447 Spiritus
2527 5389 2609 5433 est
2643 5398 2655 5434 :
2694 5390 2748 5434 et
2799 5382 2939 5434 sicut
2971 5379 3272 5433 secundum
3338 5379 3472 5433 sub-

1887 5468 2144 5521 stantiam
2166 5468 2383 5522 exsistit
2412 5468 2503 5522 Dei
2536 5480 2589 5523 et
2612 5470 2808 5533 Patris,
2840 5469 2913 5522 ita
2946 5479 2999 5522 et
3020 5467 3319 5522 secundum
3339 5466 3469 5523 sub-

1888 5560 2139 5614 stautiam
2178 5559 2299 5614 Filii
2347 5562 2561 5617 exsiSIit
2597 5580 2608 5614 :
2643 5573 2693 5615 et
2745 5574 2802 5616 ut
2860 5561 3113 5631 proprius
3172 5571 3258 5615 est
3288 5576 3468 5616 essen-

1889 5654 1977 5707 tia:
2005 5650 2206 5717 Patris,
2233 5665 2284 5708 et
2319 5670 2423 5709 non
2452 5664 2604 5710 extra
2634 5655 2776 5712 hanc
2810 5656 3110 5726 procedens
3139 5654 3190 5710 itt
3216 5669 3356 5721 csse,
3391 5654 3465 5708 ita
