4214 6446
728 343 831 406 947

1787 347 2000 410 JOAN.
2036 347 2251 410 VECCI
2286 349 2393 410 ΟΡ.
2442 351 2950 415 ΡᾹΤΒΙΑΗΕΗᾸΞ

3880 351 3986 415 948

729 461 786 506 ct
816 453 1073 509 essentia:
1102 453 1221 510 Filii
1271 455 1526 526 prpprius
1560 465 1664 525 est,
1700 465 1754 514 et
1795 475 1903 514 non
1963 474 2115 514 extra
2167 460 2307 514 hanc
2335 463 2380 519 Α
2413 463 2517 516 turi
2539 465 2605 517 de
2625 464 2781 519 factis
2841 466 3072 534 propriis
3119 466 3382 520 rationem
3417 482 3428 518 :
3459 463 3710 534 quoniam
3764 463 3983 532 quidem

732 544 1038 611 procedens
1075 545 1127 599 in
1151 560 1291 602 esse.
1333 545 1676 603 Naturalium
1703 549 1848 604 enim
1899 551 2169 606 bonorum
2207 549 2299 605 Dei

730 643 786 688 et
813 634 990 690 Patris
1031 638 1395 694 essentialiter
1421 641 1692 698 exsistens
1727 641 1900 698 Filius
1931 644 2304 699 communica-

733 733 844 786 tor,
895 725 1051 780 habet
1085 726 1371 798 Spiritum,
1422 730 1569 786 sicut
1599 733 1979 803 unusquisque
2030 747 2299 798 nostrum,

737 816 1016 884 proprium
1057 817 1110 872 in
1153 820 1332 889 seipse
1369 822 1658 879 continens
1689 824 1964 893 spiritum,
2000 836 2053 881 ct
2078 842 2145 882 ex
2175 827 2304 881 inti-

739 907 843 961 mis
875 909 1177 965 visceribus
1224 910 1290 964 ad
1320 919 1471 967 extra
1505 915 1784 985 profundit
1820 917 2023 986 ipsum.
2072 918 2306 987 Proptcr

733 999 962 1064 quodet
1017 1000 1381 1068 corporaliter
1421 1002 1599 1073 ipsum
1655 1005 1940 1074 discipulis
1988 1005 2303 1072 itisulllavit,

733 1086 865 1148 nu’a
891 1087 1247 1156 inspiratione
1275 1091 1397 1148 Filii
1421 1093 1682 1163 Spiritum
1702 1099 1972 1160 novimus,
2001 1106 2056 1151 et
2079 1113 2303 1151 sensum

737 1177 937 1231 Christi
996 1178 1257 1249 Spiritum
1280 1200 1402 1240 esse
1443 1185 1512 1240 ab
1563 1187 1823 1256 Apostolo
1869 1189 2045 1243 edocti
2094 1204 2304 1244 sumus.

740 1265 896 1320 Unde
913 1284 1075 1323 unam
1108 1285 1227 1326 esse
1250 1275 1571 1330 catholicam
1603 1287 1654 1331 et
1679 1288 1921 1334 sanctam
1954 1281 2305 1349 apostolicam

743 1357 1039 1414 Ecclesiam
1093 1367 1432 1432 conlltentes,
1471 1369 1524 1422 in
1557 1385 1660 1438 qua
1704 1387 1870 1426 unum
1927 1375 2091 1428 datur
2138 1375 2310 1444 bapti-

740 1465 880 1516 sma,
913 1465 964 1506 et
1001 1470 1126 1508 vere
1150 1458 1403 1512 remissio
1428 1462 1673 1516 omnium
1710 1477 2084 1532 peccatorum,
2134 1469 2309 1523 tribus

737 1545 1010 1610 personis.
1043 1548 1250 1602 scilicet
1274 1548 1440 1616 Patri,
1469 1562 1522 1605 et
1550 1552 1708 1616 Filio,
1755 1563 1809 1608 et
1840 1555 2062 1624 Spiritui
2094 1568 2309 1624 sancto,

741 1636 795 1688 in
833 1638 1028 1706 quibus
1059 1649 1108 1693 et
1140 1641 1205 1693 ad
1236 1657 1378 1709 quas
1409 1659 1668 1705 personas
1700 1645 2060 1715 baptizamur,
2082 1647 2308 1714 gloriam

741 1728 1211 1798 referinms,sicut
1240 1735 1331 1788 uni
1374 1734 1522 1791 Deo:
1559 1752 1611 1792 et
1651 1739 1797 1810 ipsas
1833 1751 1940 1796 tres
1971 1758 2092 1797 esse
2109 1757 2313 1812 cogno-

740 1831 958 1877 scentes
989 1840 1276 1894 personas,
1311 1841 1477 1883 unum
1514 1829 1680 1884 Deum
1714 1834 2136 1903 omnipolrntem
2165 1837 2313 1904 ipsas

744 1915 1156 1982 cognoscimus,
1195 1928 1475 1990 totamque
1527 1922 1582 1976 in
1619 1922 1884 1978 Trinitate
1929 1926 2180 1979 deitatem
2217 1943 2281 1981 co

744 2004 1118 2072 essentialem,
1136 2016 1490 2074 coaeternain,
1514 2015 2079 2084 eteoomnipotentcm
2106 2033 2120 2081 ;
2155 2016 2317 2071 unius

744 2093 1051 2163 dignitatis,
1084 2091 1248 2156 unius
1288 2105 1566 2172 potentias,
1603 2107 1768 2161 unius
1797 2108 2118 2172 voluntatis,
2153 2109 2319 2162 unius

750 2190 1114 2257 operationis,
1166 2194 1440 2261 singulam
1472 2206 1677 2250 sanctae
1716 2196 2000 2254 Trinitatis
2027 2215 2319 2268 personant

747 2277 917 2332 Deum
949 2282 1190 2350 plenum,
1222 2293 1272 2338 et
1306 2286 1608 2354 perfectum
1642 2288 2019 2356 praedicantes,
2056 2299 2111 2343 et
2149 2291 2320 2344 conﬁ-

748 2380 944 2428 lrntes.
975 2373 1040 2426 Et
1079 2373 1152 2426 ita
1183 2376 1491 2441 credentes,
1546 2378 1773 2447 gloriam
1815 2380 2102 2437 oﬂ‘erimus
2150 2381 2318 2445 Patri,

749 2461 978 2527 gloriam
1011 2463 1294 2522 oﬂeritnus
1324 2467 1482 2533 Filio,
1512 2469 1740 2538 gloriam
1776 2471 2060 2529 offerimus
2093 2472 2319 2544 Spiritui

750 2564 962 2608 sancto.
1016 2555 1309 2614 Credimus
1374 2576 1558 2615 veram
1614 2567 2073 2620 resurrectionem
2125 2579 2326 2623 nostra

749 2647 1137 2717 carnis,qnani
1167 2651 1224 2703 in
1256 2653 1507 2720 presenti
1541 2653 1646 2707 vita
1669 2664 1966 2726 gestamus,
1993 2665 2048 2711 et
2077 2656 2321 2712 futuram

748 2739 936 2807 vitam,
958 2750 1238 2809 aeternam,
1265 2755 1577 2816 perpetuam
1610 2759 2011 2819 exspectamus.
2040 2751 2328 2809 Credimus

748 2833 913 2886 etiam
956 2832 1133 2902 ipsum
1179 2845 1233 2889 et
1268 2853 1433 2891 unum
1466 2837 1632 2893 Deum
1666 2850 1944 2897 auctorem
1975 2858 2098 2899 esse
2126 2854 2180 2900 et
2213 2845 2324 2899 Do-

750 2927 962 2977 minum
995 2927 1445 2994 omnipotentem,
1477 2929 1687 2987 Veteris
1723 2945 1777 2988 et
1800 2933 1936 2989 Novi
1966 2934 2324 3004 Testamenti,

747 3019 1143 3088 prophetarum
1193 3029 1248 3075 et
1277 3025 1658 3092 apostolorum
1697 3043 1712 3079 :
1747 3027 1801 3080 ln
1852 3026 2120 3083 Trinitste
2158 3046 2326 3086 unum

751 3113 1030 3182 cognitum
1081 3113 1248 3169 Deum
1299 3117 1682 3173 benedicentes
1723 3135 1869 3175 nunc
1899 3129 1954 3175 et
2002 3122 2055 3174 iu
2109 3124 2328 3180 saecula.

750 3207 946 3260 Amen.
983 3205 1046 3261 Et
1073 3205 1179 3262 hoc
1199 3205 1419 3276 quidem
1453 3225 1625 3280 usque
1651 3212 1706 3266 in
1736 3219 1973 3270 tantum.

829 3296 908 3350 Ex
935 3312 1044 3366 quo
1077 3308 1261 3353 autem
1315 3309 1503 3354 sancta
1551 3299 1799 3358 Romana
1833 3303 2075 3362 Ecclesia
2107 3315 2328 3378 pr0ptcr

754 3391 1001 3446 diversos
1034 3407 1274 3459 errores,
1313 3395 1694 3465 aquibusdam
1753 3413 1816 3452 ex
1869 3401 2201 3469 ignorantia,
2258 3404 2328 3458 ab

757 3483 883 3538 aliis
913 3499 980 3538 ex
1017 3485 1222 3540 malitia
1253 3489 1616 3550 introductos.
1658 3488 1791 3544 dicit
1831 3499 1886 3543 et
1911 3492 2171 3559 pradicat
2208 3507 2328 3558 eos,

753 3577 849 3646 qui
887 3585 1010 3645 post
1051 3576 1380 3646 baptismum
1427 3579 1479 3632 in
1516 3589 1738 3648 peccata
1771 3580 2048 3647 labuntur,
2083 3598 2188 3636 non
2242 3599 2332 3638 reo

758 3666 1142 3737 baptizandos,
1193 3669 1287 3723 sed
1324 3684 1418 3738 per
1453 3684 1634 3724 veram
1682 3673 2058 3739 paenitentiam
2105 3689 2327 3728 suorum

755 3774 916 3828 posse
946 3760 1208 3829 consequi
1238 3761 1449 3814 veniam
1482 3751 1851 3830 peccatorum,
1882 3773 1937 3818 et
1965 3767 2010 3818 si
2037 3780 2160 3821 vere
2213 3782 2330 3836 pai-

761 3850 996 3905 nitentes
1028 3850 1080 3904 in
1108 3851 1377 3906 charitate
1417 3853 1776 3921 decesserint,
1806 3865 2098 3925 antequam
2149 3857 2330 3925 dignis

759 3941 1093 4010 paenitentiae
1135 3942 1404 3998 fructibus
1432 3939 1499 3998 de
1529 3947 1839 4001 commissis
1874 3947 2242 4002 satisieeerint
2278 3959 2335 4003 et

759 4031 1005 4095 omissis,
1037 4046 1228 4086 eorum
1248 4033 1463 4088 animas
1489 4034 1542 4088 in
1570 4035 1693 4105 igne
1718 4037 2016 4106 purgatorii
2045 4047 2167 4108 post
2189 4053 2336 4092 mor-

759 4132 872 4175 tem
906 4126 1162 4191 purgari;
1217 4132 1272 4178 et
1300 4123 1367 4178 ad
1397 4139 1605 4198 paruas
1648 4127 1960 4198 bujusmodi
2012 4130 2336 4185 relevandas

761 4213 1027 4282 prodesse
1058 4212 1127 4267 iis
1159 4211 1400 4267 ﬁdelium
1428 4196 1676 4270 vivorum
1703 4196 1989 4286 suﬁ‘ragia,
2040 4217 2336 4273 Missarum

760 4304 973 4361 scilicet
1022 4305 1312 4369 sacriﬁcia,
1368 4308 1666 4372 orationes,
1720 4308 2095 4378 eleeniosynas
2145 4317 2200 4363 et
2235 4308 2337 4363 alia

761 4396 984 4466 pietatis
1011 4395 1210 4462 oﬁlcia,
1256 4411 1380 4468 qua
1421 4413 1452 4454 a
1478 4397 1733 4455 ﬁdelibus
1765 4400 1883 4454 ﬁeri
1930 4409 2339 4456 consueverunt

766 4488 1071 4544 secundum
1127 4488 1385 4548 Ecclesia:
1418 4491 1702 4560 instituta;
1757 4504 1811 4549 et
1864 4494 2081 4549 illorum
2117 4492 2337 4564 quidem

2421 563 2619 608 sancta‘
2645 554 2884 612 Ecclesia
2921 556 3163 610 Romana
3196 559 3273 612 sic
3307 558 3510 611 dicitet
3538 554 3816 623 praedicat,
3851 553 3989 605 reci-

2418 646 2601 715 pimus
2638 646 2748 701 ha’c
2775 657 2826 701 et
2851 649 3199 713 conﬁtemur,
3236 631 3495 717 quoniam
3529 652 3847 700 sanctorum
3885 643 3987 697 Pa-

2417 746 2559 792 trum
2595 738 2789 793 divinm
2829 742 3111 810 scripturae
3144 742 3257 811 ipsa
3281 740 3584 796 co’ntinent.

2491 828 2838 885 Cumlautem
2867 835 3061 885 iterum
3090 848 3212 886 cum
3239 823 3826 901 suprascriptissancta
3857 840 3993 896 apo-

2421 922 2617 975 stolica
2674 923 2916 977 Ecclesia
2955 924 3200 978 Romana
3237 923 3368 976 dicit
3430 933 3481 976 et
3520 922 3800 991 praedicat,
3841 915 3992 985 quod

2421 1023 2628 1079 septem
2671 1022 2800 1066 sunt
2844 1014 3210 1067 ecclesiastica
3239 1023 3604 1073 sacramenta,
3660 1011 3992 1078 baptismus.

2426 1103 2492 1155 de
2522 1117 2630 1171 quo
2656 1103 2857 1157 dictum
2894 1117 2976 1158 est
3013 1119 3214 1174 supra;
3249 1113 3648 1159 sacramentum
3699 1101 3999 1154 confirma-

2421 1196 2610 1257 tionis,
2651 1194 2794 1264 quod
2828 1210 2919 1262 per
2949 1196 3558 1265 manusimposilionem
3589 1192 3830 1278 episcopi
3866 1205 3998 1244 con-

2424 1287 2602 1339 l'crunt
2633 1286 2985 1339 elirisrnando
3034 1295 3292 1351 renatos;
3335 1283 3674 1354 panilcntia,
3737 1278 3998 1334 euchari-

2424 1377 2552 1440 stia,
2575 1387 2977 1430 sacramentum
3016 1376 3245 1439 ordinis,
3273 1374 3698 1431 matrimonium,
3733 1380 3786 1425 et
3819 1379 4004 1424 extre-

2428 1483 2514 1520 ma
2549 1468 2755 1531 unctio,
2809 1485 2930 1533 quae
2989 1468 3286 1521 secundum
3327 1468 3630 1521 doctrinam
3695 1463 3753 1516 Β.
3803 1459 4000 1514 Jacobi

2425 1560 2826 1614 inﬁrmantibus
2857 1559 3144 1614 exhibetur
3179 1579 3190 1613 :
3229 1560 3461 1614 dicimus
3505 1568 3558 1611 et
3597 1557 3664 1610 de
3714 1556 3779 1610 iis
3831 1555 3952 1607 haec
3985 1567 3998 1604 :

2424 1653 2760 1721 Baptismuni
2822 1653 3157 1721 recipimus.
3216 1661 3269 1705 et
3330 1651 3673 1712 conﬁtemur,
3730 1648 3874 1701 sicut
3912 1659 4003 1698 se-

2428 1745 2665 1795 cundum
2732 1743 3166 1796 crmlirmationis
3219 1750 3648 1802 sacramentum,
3698 1738 3822 1790 licet
3852 1734 4004 1806 apud

2433 1832 2728 1886 Ecclesiatn
2793 1832 3092 1886 Romanam
3153 1849 3244 1902 per
3299 1832 3695 1903 impositionem
3733 1840 4003 1882 manuum

2420 1926 2518 1978 soli
2557 1924 2795 1992 episcopi
2837 1924 3120 1977 conferant
3171 1921 3523 1977 clirismaudo
3555 1931 3798 1982 renatos,
3855 1916 4004 1986 apud

2423 2031 2521 2068 nos
2546 2025 2725 2069 autem
2792 2016 3164 2070 indilTercnter
3215 2013 3420 2085 praelati
3455 2022 3507 2067 et
3555 2011 3852 2082 presbyteri
3900 2010 4008 2064 hoc

2421 2109 2630 2163 faciunt
2668 2126 2681 2161 :
2713 2117 2890 2162 tamen
2927 2123 3024 2162 nos
3078 2123 3196 2160 eam
3238 2121 3359 2176 qua:
3404 2105 3665 2158 hactenus
3698 2100 3842 2169 apud
3904 2114 4009 2154 nos

2423 2202 2642 2256 obtenta
2668 2200 2767 2254 l‘uit
2793 2199 3152 2265 consuetudo,
3183 2200 3236 2252 in
3269 2199 3384 2267 ipsa
3409 2196 3752 2250 ordinatione
3778 2205 4010 2246 conser-

2425 2303 2637 2358 vantes,
2675 2294 2818 2361 quod
2857 2308 2886 2346 a
2923 2291 3162 2345 Romana
3213 2289 3453 2344 Ecclesia
3503 2301 3668 2355 super
3727 2285 3845 2353 ipsa
3907 2281 4007 2344 sit,

2424 2384 2872 2438 sam-tillcativuni
2906 2394 2958 2439 et
2976 2383 3328 2453 pt-rfectivurn
3357 2395 3477 2434 esse
3507 2376 3853 2432 conﬁtemur.
3874 2372 4012 2426 ρω-

2425 2478 2712 2532 nitcntiam
2758 2489 2809 2532 et
2836 2478 3009 2547 ipsam
3042 2475 3426 2545 aniplcctentes
3461 2468 3786 2527 conﬁtemur
3818 2473 3876 2518 et
3923 2477 4014 2517 rc-

2427 2571 2681 2639 cipimus.
2726 2568 3122 2624 Eneharistiaui
3168 2576 3221 2620 et
3255 2568 3426 2636 ipsum
3463 2565 3864 2616 sacramentum
3897 2553 4015 2608 Eu-

2429 2661 2723 2726 t-liaristiie,
2755 2676 2848 2730 per
2869 2669 3109 2713 sanctam
3138 2656 3427 2712 Ectlesiam
3459 2653 3764 2707 Romanam
3793 2663 3858 2702 ex
3882 2661 4020 2716 azy-

2431 2768 2522 2809 tno
2579 2768 2717 2822 pane
2775 2751 3107 2810 conlectum.
3162 2747 3466 2804 secundum
3503 2744 3676 2813 ipsius
3724 2739 4015 2807 antiquam

2429 2845 2878 2903 consuetudinem
2913 2858 3007 2910 per
3043 2842 3214 2910 ipsam
3244 2841 3508 2894 hactenus
3560 2840 3900 2892 veneratam,
3942 2828 4022 2881 si-

2437 2937 2638 2991 militer
2664 2937 2812 3000 illud,
2843 2936 2984 3003 quod
3019 2949 3113 3002 per
3145 2946 3244 2984 nos
3277 2928 3562 2984 conﬁcitur
3602 2932 4018 2980 sacramentum

2431 3027 2665 3082 dicimus
2713 3041 2834 3079 esse
2878 3025 3236 3086 indistanter;
3285 3021 3567 3073 credentes
3597 3025 3653 3069 et
3689 3029 3790 3068 nos
3829 3013 4020 3081 ipsum

2431 3134 2683 3190 azymum
2727 3132 2917 3186 panem
2973 3116 3024 3168 in
3069 3115 3188 3183 ipso
3231 3127 3386 3169 sacro
3431 3109 3607 3165 cilicio
3653 3103 4023 3160 Eucharistize

2355 3215 2400 3274 C
2435 3227 2558 3267 vere
2587 3207 3094 3265 transsubstantiari
3126 3207 3179 3259 in
3216 3218 3414 3273 corpus
3436 3199 3648 3256 Domini
3683 3197 3853 3252 nostri
3883 3191 4019 3249 Jcsu

2432 3305 2656 3368 Christi,
2684 3312 2738 3357 et
2765 3303 2948 3354 vinum
2989 3301 3040 3353 in
3073 3300 3389 3368 sanguinem
3419 3295 3537 3364 ejus
3564 3307 3659 3361 per
3691 3303 3849 3344 suam
3881 3301 4022 3341 san-

2431 3393 2663 3448 ctissimi
2698 3391 2933 3462 Spiritus
2971 3392 3224 3444 virtutem
3252 3397 3306 3440 ct
3359 3384 3766 3450 operationem;
3793 3393 3822 3431 a
3855 3376 4025 3430 nobis

2433 3487 2632 3541 iterum
2671 3499 2735 3536 ex
2791 3482 3113 3536 lcrmcntato
3146 3477 3452 3532 confectum
3491 3488 3647 3543 pane,
3700 3483 4026 3522 sacramen-

2436 3589 2550 3632 tum
2592 3577 2752 3630 etiam
2790 3576 2920 3628 illud
2957 3573 3362 3642 cognoscimus.
3394 3565 3562 3633 ‘Quod
3592 3573 3643 3617 ct
3679 3574 4024 3618 conservan-

2435 3682 2519 3727 tes
2549 3673 2692 3725 sicut
2730 3685 2760 3723 a
2793 3667 3062 3737 principio
3114 3665 3272 3718 nobis
3308 3661 3567 3715 traditum
3600 3657 3919 3712 :credimus
3945 3653 4029 3708 si-

2439 3768 2644 3823 militer
2671 3767 2844 3835 ipsum
2876 3779 3065 3832 panem
3104 3775 3228 3815 vere
3272 3753 3780 3813 transsubstantiari
3817 3751 3871 3805 in
3894 3763 4027 3803 cor-

2439 3873 2562 3930 pus,
2609 3869 2662 3912 et
2693 3857 2878 3912 vinum
2942 3854 2994 3908 in
3047 3852 3368 3922 sanguinem
3412 3846 3623 3902 Domini
3677 3840 3851 3898 nostri
3888 3838 4028 3930 Iesu

2444 3928 2649 4007 Christi
2685 3967 2778 4018 per
2812 3945 3143 4002 sanctissimi
3179 3943 3434 4011 Spiritus,
3463 3948 3520 3992 ut
3547 3937 3755 3990 dictum
3777 3939 3882 3994 est,
3914 3928 4031 3981 vir-

2439 4053 2611 4098 tutem
2666 4050 2722 4094 et
2777 4039 3170 4109 operationem.
3228 4032 3642 4088 Sacramentum
3703 4020 3915 4077 ordinis
3973 4027 4032 4072 et

2439 4139 2618 4202 ipsum
2657 4132 3046 4199 amplectentes
3078 4129 3403 4182 conﬁtemur
3437 4129 3492 4178 et
3528 4115 3848 4189 recipimus.
3907 4110 4031 4164 Ma-

2443 4224 2783 4286 trimonium,
2843 4222 3048 4290 dequo
3100 4226 3246 4271 tenet
3305 4216 3417 4284 ipsa
3470 4212 3711 4267 Ecclesia
3753 4209 4029 4268 Romam,

2441 4314 2592 4386 quod
2627 4329 2724 4367 nec
2769 4327 2910 4366 unus
2940 4313 3022 4364 vir
3051 4309 3235 4377 plures
3266 4319 3464 4359 uxores
3518 4300 3704 4365 simul,
3763 4311 3865 4352 nec
3915 4309 4029 4349 una

2448 4407 2643 4461 mulier
2683 4403 2844 4458 simul
2875 4401 3078 4456 habere
3118 4398 3447 4468 permittitur
3472 4394 3656 4462 plures
3703 4389 3892 4454 viros;
3935 4403 4033 4443 so-

2448 4497 2560 4552 luta
2619 4511 2747 4550 vero
2800 4495 2912 4562 lege
2965 4489 3296 4544 matrimonii
3363 4502 3453 4555 per
3507 4493 3736 4538 mortem
3796 4481 4029 4535 alterius

766 4579 1002 4647 animas,
1031 4595 1151 4651 quae
1199 4591 1323 4651 post
1370 4598 1587 4638 sacrum
1646 4556 1980 4654 baptismum
2025 4556 2339 4656 susceptum
2373 4556 2420 4612 θ
2450 4585 2768 4655 coniugum,
2815 4556 3106 4644 secundas,
3150 4589 3202 4632 ct
3239 4578 3443 4638 tertias,
3503 4585 3555 4628 et
3583 4574 3776 4628 deinde
3806 4572 4032 4640 nuptias

770 4668 976 4723 nullam
1026 4670 1250 4726 omnino
1303 4671 1506 4742 peccati
1543 4674 1810 4728 maculam
1842 4673 2190 4739 incurrerint,
2220 4674 2342 4730 illas

776 4766 965 4832 etiam,
1000 4781 1122 4836 qua
1148 4775 1272 4837 post
1302 4769 1630 4838 baptismum
1661 4768 1928 4824 maculam
1961 4768 2173 4838 peccati
2206 4782 2343 4822 con-

775 4867 1100 4924 traxerunt,
1147 4860 1231 4914 vel
1283 4861 1336 4914 in
1384 4861 1500 4916 suis
1535 4869 1818 4916 manentes
1868 4859 2228 4942 corporibus].
2265 4859 2346 4914 vel

777 4950 982 5006 eisdem
1009 4959 1206 5017 exutae,
1239 4953 1383 5008 sicut
1406 4953 1660 5024 superius
1693 4955 1901 5012 dictum
1929 4964 2033 5020 est,
2055 4963 2186 5010 sunt
2210 4970 2344 5026 pur-

782 5056 940 5116 gata,
974 5059 1098 5099 mox
1129 5045 1182 5099 in
1217 5046 1439 5101 caeleste
1469 5061 1698 5116 regnum
1729 5046 1902 5115 recipi
1941 5063 1955 5099 :
1996 5046 2216 5100 illorum
2245 5061 2348 5102 au-

782 5149 887 5192 tem
938 5137 1173 5204 animas,
1243 5139 1335 5207 qui
1371 5152 1495 5192 cum
1548 5139 1768 5192 mortali
1801 5146 2047 5207 peccato,
2079 5137 2161 5191 vel
2219 5151 2348 5191 cum

785 5231 902 5286 solo
927 5230 1176 5300 originali
1229 5231 1518 5294 decedunt,
1563 5245 1687 5284 mox
1727 5230 1782 5284 in
1812 5229 2090 5287 infernum
2118 5230 2350 5285 descen-

780 5321 929 5385 dere,
967 5322 1142 5392 pmnis
1168 5320 1479 5391 disparibus
1509 5321 1849 5389 puniendas;
1881 5330 1932 5375 et
1970 5321 2116 5390 quod
2147 5319 2350 5373 nihilo-

781 5413 968 5468 minus
1015 5415 1070 5468 in
1097 5413 1401 5483 diejudicii
1429 5428 1622 5469 omnes
1669 5414 1920 5468 homines
1959 5422 2087 5467 ante
2112 5412 2354 5466 tribunal

778 5504 984 5560 Christi
1019 5521 1142 5560 cum
1173 5506 1290 5561 suis
1343 5507 1667 5576 corporibus
1723 5505 2136 5574 comparebunt,
2174 5504 2354 5559 reddi-

850 5714 926 5783 (5)
967 5711 1095 5769 Erat
1126 5715 1241 5769 sine
1290 5715 1456 5768 dubio
1498 5715 1704 5776 Graece,
1749 5713 1843 5766 καὶ
1898 5713 2026 5774 τοὺς
2086 5711 2208 5782 ἑξῆς
2250 5710 2348 5776 γά·

787 5800 941 5850 μους,
975 5786 1073 5842 hoc
1112 5795 1218 5852 est,
1249 5796 1295 5839 ct
1326 5792 1690 5855 consequentes
1715 5785 1946 5852 nuptias.

2455 4679 2694 4749 legitime
2724 4675 2892 4728 iactas
2919 4675 2997 4743 (5)
3031 4672 3341 4726 successive
3399 4669 3574 4721 licitas
3623 4681 3747 4719 csse
3774 4665 3934 4727 dicit,
3983 4663 4030 4718 si

2454 4769 2905 4840 impedimentum
2946 4763 3295 4822 canoniiutn,
3348 4772 3398 4814 et
3443 4773 3607 4814 causa
3646 4757 3748 4810 alia
3786 4771 3894 4808 non
3928 4755 4032 4808 ob-

2455 4861 2614 4916 sistat
2650 4877 2662 4912 :
2701 4857 2998 4926 recipimus
3049 4855 3238 4908 eodem
3293 4853 3476 4912 modo,
3522 4851 3673 4902 etde
3718 4849 3832 4915 ipso
3882 4847 4031 4901 idem

2456 4952 2694 5006 dicimus
2713 4965 2812 5003 nos
2861 4947 3166 5000 Extremam
3193 4949 3501 4997 unctionem
3535 4941 3695 4994 ctiam
3723 4939 3897 5006 ipsam
3937 4953 4032 4992 re-

2460 5043 2716 5113 cipimus,
2749 5041 3000 5095 similitcr
3030 5054 3152 5091 cum
3184 5037 3327 5095 aliis,
3361 5049 3482 5102 «iure
3535 5042 3587 5085 et
3621 5047 3651 5084 a
3698 5030 3858 5083 nobis
3882 5029 4032 5081 cele-

2455 5136 2606 5190 brata
2633 5134 3029 5204 eptapapadum
3051 5129 3126 5197 ((3)
3146 5126 3480 5180 nominatur.
3508 5122 3682 5176 Unum
3705 5121 4031 5174 summatim

2456 5227 2704 5282 dicamus
2745 5243 2757 5278 :
2786 5240 2908 5277 cum
2953 5223 3066 5274 haec
3091 5219 3275 5274 omnia
3307 5219 3384 5270 sic
3414 5224 3717 5274 veneretur,
3744 5221 3797 5263 et
3834 5209 4034 5277 pradi-

2459 5329 2546 5373 cet
2571 5319 2713 5372 dicta
2743 5327 2930 5370 sancta
2966 5313 3203 5367 licclesia
3256 5307 3519 5369 Romana,
3557 5303 3828 5357 credimus
3862 5309 3914 5354 et
3944 5301 4030 5353 di-

2456 5412 2656 5474 cimus,
2684 5413 2828 5479 quod
2879 5423 3023 5469 vrre,
3071 5405 3296 5458 lidellter
3327 5412 3379 5455 et
3418 5398 3720 5452 orthodoxe
3772 5394 3933 5446 docet
3977 5400 4035 5444 et

2459 5503 2718 5574 prtedicat
2777 5501 2892 5570 ipsa
2926 5506 3111 5553 sancta
3174 5493 3413 5548 Ecclesia
3450 5489 3690 5541 Romana
3723 5501 3736 5538 :
3765 5497 3947 5536 tamen
3980 5490 4035 5536 et

2540 5707 2614 5779 (6)
2653 5707 2773 5761 Cor.
2809 5703 3147 5758 cur/itclennt.
3185 5697 3316 5753 Nam
3351 5697 3535 5752 Graec
3559 5693 3863 5762 εὐκέλαιαν.
