4214 6446
185 423 292 488 949

1174 415 1271 476 DE
1311 412 1832 478 DEPOSITIONE
1881 407 2028 472 ΒΗΑ
2075 402 2304 467 ORAT.
2339 401 2392 466 Ι.

3347 398 3461 463 950

200 553 282 591 sic
313 534 578 590 debemus
627 545 729 588 nos
779 542 1098 602 permanere
1152 526 1674 583 incommutabiliter
1715 525 1770 578 in
1799 529 1848 590 Α
1875 521 1994 576 sine
2023 519 2237 575 defectu
2267 525 2455 573 nostra
2491 513 2732 570 Ecclesia
2759 511 3060 570 secundum
3100 511 3222 568 ﬁdei
3260 514 3452 569 οιιιιιο⁶

195 624 420 685 ritibus,
457 622 547 689 qui
600 635 628 676 a
657 619 929 692 principio
983 617 1188 674 obtenti
1250 627 1379 672 sunt
1433 615 1487 668 in
1533 612 1775 670 Ecclesia

192 725 408 768 nostra.
457 711 581 768 Hau.
635 711 821 767 omnia
878 711 1252 782 suprascripta
1300 709 1367 764 ad
1402 705 1774 762 continuatio-

195 822 321 859 nem
379 805 747 874 plenissimam
780 811 1118 875 exponentes
1177 799 1554 871 abnegationis
1634 800 1781 856 sebi-

199 912 228 950 s
254 918 264 945 ι
292 897 402 951 aiis
456 909 506 951 et
541 912 690 966 pura
716 911 781 952 ac
819 911 962 951 verm
988 903 1191 951 nostra:
1233 892 1556 948 obedientia
1578 892 1645 947 ad
1673 891 1780 962 pri-

192 999 411 1042 matum
449 989 708 1044 Ecclesia
734 987 1016 1054 Romanae,
1063 995 1119 1044 et
1150 985 1684 1056 reprasentationetn
1716 993 1772 1038 et

189 1077 745 1144 demonstrationem,
792 1077 939 1149 quod
985 1091 1219 1134 concors
1263 1075 1336 1131 sit
1371 1075 1684 1146 plenissime
1717 1086 1770 1131 et

1874 613 2028 668 doxze
2081 611 2417 667 intellectum
2472 616 2674 665 sanctae
2721 605 3035 676 apostolicae
3097 604 3284 662 Matris
3338 621 3456 660 om-

1876 707 2025 761 nium
2056 705 2416 761 ecclesiarum
2453 699 2718 758 Ecclesia
2766 699 3052 762 Romanis,
3083 709 3271 754 nostra
3305 699 3453 754 bulla

1875 809 2137 858 consueta
2173 796 2576 860 roboravimus,
2624 807 2813 848 mense
2853 790 3082 862 Aprilis.
3133 789 3339 860 quinta:
3369 792 3455 844 in-

1877 892 2158 956 dictionis,
2193 889 2332 945 sexti
2358 886 2560 942 millcni
2598 885 2815 955 septimi
2857 882 3073 940 centeni
3129 882 3452 953 octogesimi

1877 983 2055 1054 quinti
2109 982 2239 1036 anni
2291 980 2391 1050 (7),
2445 978 2688 1036 secundo
2748 992 2894 1033 atino
2949 976 3302 1048 pontiﬁcatus
3354 989 3454 1030 no-

1877 1075 2002 1130 stri.

262 1253 346 1322 (7)
409 1256 596 1309 Annus
640 1255 952 1312 Grecorum
1034 1253 1177 1310 6785
1226 1254 1521 1324 respondet
1572 1262 1761 1308 nostro
1800 1250 1962 1306 1277.

231 1441 3432 1470 MM

1323 1603 1698 1740 ΤΟΥ»
1779 1599 2358 1734 ΑΥΤΟΥ

715 1838 875 1896 ΠΕΡι
909 1835 1208 1906 ΔΔΙΚΙΔΣ,
1244 1837 1334 1894 ΗΣ
1366 1835 1664 1904 ΥΠΕΣἸῊ,
1697 1835 1836 1892 ΤΟΥ
1878 1833 2169 1892 01ΚΕΙΟΥ
2203 1831 2485 1890 ΘΡΟΝΟΥ
2515 1827 2902 1886 ΔΙΙΕΛΑΘΕΙΣ

1472 2125 2190 2258 EJUSDEM

428 2366 528 2429 DE
568 2364 1015 2431 INJUSTITIA
1067 2364 1232 2442 QUA
1275 2363 1681 2430 AFFECTUS
1727 2364 1877 2426 EST
1913 2409 1929 2436 ,
2000 2363 2052 2424 Α
2095 2357 2452 2424 PROPRIO
2502 2354 2835 2420 TllRONO
2895 2353 3270 2417 EJECTUS.

1523 2530 1732 2593 (Gracia
1763 2527 1957 2581 orthod.
1983 2535 2020 2580 ι.
2054 2529 2141 2588 ll.)

266 2820 343 2868 α’.
387 2831 406 2865 s
463 2810 816 2883 Ἐσιῶπησα,
862 2811 940 2882 μὴ
977 2813 1074 2866 καὶ
1112 2812 1283 2866 είσίτι
1312 2813 1714 2882 σιωπήσωμαι,
1760 2828 1778 2863 s

1958 2815 2009 2868 l.
2039 2811 2310 2866 Diuturno
2338 2807 2558 2866 silentio
2581 2806 2647 2862 ad
2679 2807 2795 2864 hac
2815 2814 3060 2871 tempora
3090 2819 3243 2872 usus,
3266 2818 3474 2861 meam-

210 2905 312 2958 Ἐκ
364 2902 462 2957 τοῦ
519 2903 746 2957 Ἡσαΐου
803 2903 984 2972 ῥητῶν
1038 2901 1132 2956 τὸν
1165 2901 1260 2956 νύν
1292 2902 1565 2970 ἀπόλογον
1593 2918 1782 2973 προοι-

202 2996 504 3067 μιάσομαι.
537 2994 646 3049 Καὶ
695 2993 946 3064 Σολομῶν
980 2994 1038 3048 δέ
1095 3013 1186 3066 μοι
1229 2994 1309 3066 τῷ
1363 2995 1636 3065 προοιμίῳ
1661 2997 1782 3048 ἐπι-

200 3091 602 3159 συγκροτήσει,
645 3089 839 3158 καιρὸν
869 3087 1084 3158 σιωπῆς
1119 3088 1216 3141 καὶ
1271 3089 1464 3156 καιρὸν
1490 3088 1649 3155 λόγου
1688 3104 1782 3140 σα-

199 3180 324 3250 φῶς
376 3180 729 3250 ὁρισάμενος.
781 3179 902 3232 Ὀτι
959 3179 1015 3234 δὲ
1053 3179 1127 3250 μὴ
1179 3179 1288 3233 ἀπὸ
1346 3178 1508 3246 λόγου
1567 3179 1630 3231 τὸ
1685 3178 1783 3248 τῆς

203 3272 427 3343 σιωπῆς
453 3272 829 3343 ᾑρετισάμεθα
855 3272 1216 3343 πρόσκαιρον,
1247 3271 1340 3324 τὸν
1373 3271 1530 3339 λόγον
1560 3272 1640 3334 είς
1667 3287 1788 3324 και-

203 3365 302 3438 ρδν
357 3364 854 3436 ἀποταμιεύοντες,
917 3365 946 3418 ό
998 3364 1302 3435 εὐγνώμων
1353 3365 1625 3434 διακρινεί
1678 3363 1788 3417 τῶν

204 3457 500 3528 ἡμετέρων
531 3457 706 3527 λόγων
749 3459 1046 3528 ἀκροατής.
1082 3457 1300 3511 Πολλῶν
1359 3456 1415 3510 δὲ
1449 3457 1558 3509 τῶν
1609 3454 1788 3525 εὖχῶν

207 3551 346 3621 ἡμῖν
397 3549 557 3621 χρεία
623 3551 985 3622 εὐγνωμόνων
1035 3549 1322 3617 ἀκροατῶν
1373 3547 1786 3614 ἐπιτιύξασθαι,

206 3643 294 3695 ὅτι
332 3659 396 3711 γε
429 3644 462 3714 ἡ
510 3643 756 3712 διαϐολὴ,
793 3643 928 3711 πρὸς
974 3643 1041 3713 ἡν
1082 3643 1178 3694 καὶ
1212 3640 1657 3712 ἀπολογούμεθα,
1691 3640 1790 3710 οὐχ

203 3733 329 3796 ενα,
372 3733 468 3786 καὶ
494 3731 608 3798 δύο,
662 3735 756 3786 καὶ
788 3734 943 3799 δέκα,
980 3733 1075 3786 καὶ
1109 3734 1256 3802 τρὶς,
1287 3734 1319 3804 ἢ
1355 3733 1602 3795 δεκάκις,
1634 3732 1667 3802 ἢ
1695 3733 1792 3785 καὶ

207 3824 570 3887 ἐκατοντάκις
599 3826 888 3886 τοσούτους
943 3823 1132 3893 ἴσχυσε
1177 3821 1301 3876 καθ’
1361 3822 1520 3893 ἡμῶν
1555 3822 1793 3892 ἐκταρά-

206 3914 323 3979 ξαι,
357 3914 498 3968 ἀλλά
537 3916 764 3984 σύμπαν
792 3916 850 3967 τὸ
883 3915 1007 3969 καθ’
1064 3916 1212 3985 ἡμᾶς
1243 3915 1395 3976 ἔθνος
1451 3914 1656 3984 σχεδὸν,
1696 3915 1791 3966 καὶ

204 4008 312 4061 οὐκ
341 4007 407 4061 ἂν
432 4007 630 4077 ῥᾳδίως
665 4008 880 4070 ἐξέσται
914 4008 1048 4078 ἡμῖν
1079 4006 1216 4075 πρὸς
1248 4005 1506 4058 τοσοῦτον
1536 4004 1792 4075 διαϐολῆς

1886 2921 1954 2961 ηε
1983 2905 2036 2960 ln
2074 2912 2354 2975 posterum
2394 2915 2586 2957 vocent
2619 2900 2976 2970 comprimam
3001 2898 3025 2952 ?
3056 2896 3133 2953 Ex
3164 2896 3318 2954 Isaias
3345 2914 3469 2954 ver-

1886 2997 1970 3052 bis
2001 2995 2286 3066 praesentis
2306 2992 2570 3050 orationis
2594 2992 2881 3047 exordium
2920 3005 3159 3046 sumam.
3207 2990 3470 3046 Salomon

1885 3101 2106 3158 quoque
2179 3085 2481 3157 prooemio,
2553 3081 2754 3139 silentii
2803 3090 2859 3138 et
2917 3080 3177 3150 loquendi
3226 3090 3473 3152 tempora

1886 3179 2270 3250 praescribens,
2304 3177 2584 3246 suppetias
2616 3174 2773 3230 feret.
2819 3171 2931 3229 Nos
2976 3187 3106 3227 vero
3141 3188 3249 3227 non
3282 3183 3477 3243 praeter

1889 3271 2155 3326 rationem
2186 3268 2465 3324 silentium
2517 3267 2584 3322 ad
2614 3276 2831 3335 tempus
2855 3264 3168 3318 voluntarie
3191 3264 3353 3319 nobis
3386 3265 3474 3318 in-

1888 3363 2112 3429 dixisse,
2158 3361 2429 3432 benignus
2455 3373 2760 3429 equusque
2801 3366 3117 3412 nostrorum
3158 3370 3475 3410 sermonum

1888 3454 2186 3510 aestimator
2249 3452 2574 3522 auditorque
2627 3450 2974 3520 dijudicabit.
3044 3447 3230 3504 Multis
3291 3457 3473 3503 autem

1891 3545 2144 3616 precibus
2175 3544 2335 3600 nobis
2367 3559 2505 3614 opus
2531 3553 2635 3609 est,
2665 3552 2722 3596 ut
2750 3543 3016 3612 benignos
3033 3541 3311 3596 auditores
3338 3557 3474 3594 rane

1891 3638 2188 3703 ciscamur,
2224 3637 2368 3707 quod
2395 3635 2690 3698 calumnia.
2722 3636 2808 3689 cui
2843 3636 3174 3710 respondere
3204 3650 3477 3703 rrmpara-

1891 3745 2035 3793 mur,
2089 3743 2196 3784 non
2255 3744 2424 3782 unum
2475 3727 2558 3780 vel
2586 3727 2716 3788 duo,
2759 3725 2842 3780 vel
2897 3725 3085 3780 decem
3121 3738 3174 3780 et
3224 3737 3333 3780 tres
3385 3734 3478 3779 aut

1891 3822 2074 3878 decies
2105 3822 2186 3876 vel
2233 3822 2438 3876 centies
2477 3830 2551 3875 tot
2581 3820 2716 3874 alios
2763 3819 3058 3874 adversum
3084 3834 3205 3873 nos
3234 3834 3482 3873 cummo-

1892 3928 2019 3968 τρι-ε
2049 3914 2244 3983 potuit,
2271 3913 2365 3968 sed
2394 3921 2561 3966 totam
2596 3911 2707 3966 fere
2758 3911 2898 3966 hanc
2948 3920 3199 3966 nostram
3239 3919 3477 3981 gentem,

1893 4015 2082 4061 etnon
2113 4005 2185 4059 ita
2221 4003 2382 4059 facile
2434 4005 2596 4059 nobis
2634 4003 2822 4066 luerit.
2873 4004 2940 4057 ad
2978 4012 3140 4057 tanta:
3189 4004 3480 4057 calumnia:

209 4098 690 4167 ἀνταγωνίσασθαι
742 4098 999 4168 μέγεθος,
1058 4099 1108 4152 εί
1172 4099 1245 4167 μή
1284 4113 1345 4165 γε
1391 4097 1598 4150 ἄνωθεν
1632 4100 1659 4150 ὁ
1692 4099 1792 4166 τῆς

1899 4097 2325 4166 magnitudinem
2359 4104 2548 4150 contra
2589 4094 2892 4157 decertare,
2929 4095 3043 4149 nisi
3078 4095 3313 4165 desuper
3333 4095 3479 4149 veri-

211 4157 479 4260 ἀληθέίας
519 4157 842 4261 inuocat-alti
872 4157 1025 4253 Θεός.
1065 4157 1315 4259 Ναὶ-γὰρ
1372 4190 1465 4243 καὶ
1514 4187 1673 4241 τοῦτο
1702 4157 1794 4240 πελ

1900 4192 2025 4244 tatis
2056 4187 2196 4242 Deus
2225 4202 2383 4256 opem
2413 4188 2622 4252 tulerit,
2657 4187 2712 4240 in
2745 4201 2855 4255 quo
2884 4201 3010 4240 cum
3042 4201 3190 4256 spem
3219 4157 3476 4241 nostram

213 4279 425 4344 ποιθὼς
473 4279 730 4351 ἀληθῶς,
789 4281 927 4352 πρὸς
973 4281 1065 4333 τὸν
1121 4280 1390 4349 ἀπόλογον
1449 4280 1794 4349 ἀποδύομαι,

1897 4281 2266 4350 posuerimus,
2309 4279 2376 4334 ad
2421 4279 2831 4348 responsionem
2862 4279 3223 4348 accingimur,
3246 4289 3298 4332 et
3349 4295 3482 4334 nos-

212 4374 456 4445 ἐμαυτόν
478 4390 539 4426 τι
568 4371 699 4444 παρ’
735 4373 904 4426 αὐτοῦ
937 4374 1030 4426 ἐπὶ
1060 4377 1181 4437 ταῖς
1204 4373 1444 4436 δικαίαις
1475 4374 1794 4442 ἀπολογίαις

1900 4375 2161 4442 metipsos
2211 4372 2279 4425 ab
2325 4371 2517 4426 eodem
2569 4371 2634 4424 in.
2672 4370 2836 4440 justis
2889 4371 2989 4425 bis.
3033 4372 3485 4441 responsionibus

211 4463 648 4520 κατευθύνεσθαι
682 4465 1022 4535 προσδοκῶν,
1054 4468 1149 4518 καὶ
1180 4467 1306 4528 τοὺς
1339 4467 1620 4534 ἀκροατὰς
1647 4468 1794 4518 ἐκεῖ-

1899 4467 2214 4534 dirigendos
2250 4463 2365 4519 fore
2419 4465 2832 4530 existimantes,
2896 4476 3156 4535 certoque
3208 4475 3480 4528 tenentes,

214 4557 314 4611 θεν
344 4556 665 4627 ὀδηγεῖσθαι
724 4557 995 4610 πιστεύων
1048 4557 1188 4628 πρὸς
1218 4557 1280 4609 τὸ
1314 4557 1411 4626 τῆς
1445 4557 1795 4626 διαγνώσεως

210 4649 477 4720 ἀρρεπὲς,
514 4649 608 4700 καί
637 4648 704 4718 δή
742 4664 834 4716 μοι
897 4645 1250 4717 ἐγχειρητέον
1309 4647 1385 4715 τῷ
1437 4645 1602 4716 λόγῳ,
1663 4647 1798 4716 Περὶ

211 4745 314 4814 τῆς
343 4743 513 4812 μέσον
548 4742 708 4813 ἡμῶν
760 4759 820 4794 τε
871 4744 967 4794 καὶ
1030 4739 1252 4794 Ἰταλῶν
1318 4740 1789 4809 ἐκκλησιαστικῆς

215 4839 493 4901 ἐνώσεως,
519 4837 595 4900 ὡς
631 4835 762 4906 περὶ
798 4834 998 4903 ἀδήλου
1033 4833 1226 4901 μηδενὶ
1259 4833 1610 4901 πράγματος,
1641 4832 1795 4885 οὐδὲν

216 4933 356 5004 πρὸς
383 4931 447 4983 τδ
469 4930 644 4999 παρὸν
673 4928 837 4980 πλέον
863 4926 996 4996 ἐρῶ,
1023 4926 1057 4996 ἡ
1087 4925 1172 4977 ὅτι
1201 4925 1446 4992 γέγονεν,
1477 4925 1553 4986 ὼς
1578 4922 1688 4992 ἀρα
1705 4927 1800 4977 καὶ

216 5029 439 5094 γέγονε,
468 5023 562 5075 καὶ
592 5024 776 5091 ἡμεῖς,
834 5013 916 5078 οἷς
966 5014 1080 5072 οἶδε
1137 5017 1320 5086 λόγοις
1347 5019 1380 5089 ἡ
1408 5017 1475 5070 τά
1497 5016 1622 5069 καθ’
1650 5019 1800 5088 ἡμᾶς

1904 4557 2187 4611 auditores
2223 4557 2348 4611 inde
2412 4557 2478 4610 ad
2522 4566 2739 4612 rectum
2780 4557 3049 4628 judicium
3110 4557 3293 4626 diligi,
3345 4558 3487 4611 hanc

1909 4657 2155 4701 nostram
2204 4646 2510 4700 orationem
2571 4645 2940 4715 aggredimur.
2999 4644 3076 4700 De
3111 4645 3312 4700 unione
3347 4645 3486 4699 inter

1907 4749 2152 4794 nostram
2207 4749 2262 4794 et
2298 4738 2622 4794 Latinorum
2676 4738 3002 4802 Ecclesiam,
3030 4753 3154 4792 curn
3185 4747 3279 4792 res
3312 4739 3484 4791 omni-

1905 4832 2004 4886 bus
2031 4841 2231 4902 pateat,
2290 4830 2426 4885 nihil
2477 4831 2532 4884 in
2588 4830 2881 4900 praesentia
2941 4829 3156 4893 dixero,
3204 4829 3306 4884 nisi
3339 4829 3482 4899 quod

1904 4934 2118 4996 peracta
2149 4935 2256 4990 est,
2290 4938 2357 4978 eo
2389 4922 2574 4988 modo,
2606 4937 2716 4993 quo
2769 4921 2908 4977 facta
2953 4931 3058 4986 est,
3089 4935 3142 4977 et
3194 4922 3354 4975 nobis
3395 4937 3486 4974 ra-

1905 5018 2194 5081 tionibus,
2253 5031 2393 5086 quas
2422 5014 2771 5070 Providentia
2828 5014 3068 5085 dirigens
3124 5014 3240 5068 haec
3298 5022 3485 5068 nostra

216 5115 544 5184 διεξάγουσα
602 5113 859 5182 Πρόνοια,
906 5111 1001 5165 τὸν
1060 5110 1461 5181 πατριαρχικὸν
1516 5113 1616 5176 τῆς
1651 5111 1794 5163 Κων-

1905 5113 2102 5172 ttuvit,
2168 5107 2564 5179 patriarehicus
2631 5104 3190 5175 Constantinopoleos
3255 5105 3486 5160 thronus

221 5207 720 5269 σταντινουπόλεως
778 5203 1185 5272 ἐπιστεύθημεν
1239 5202 1449 5271 θρόνον,
1485 5204 1579 5256 καὶ
1624 5202 1686 5255 τὸ
1715 5203 1794 5257 διὰ

1902 5205 2269 5269 εοηοτοκιὶιιιε,
2303 5212 2357 5259 ει
2386 5203 2702 5259 scandalum
2731 5210 2950 5271 propter
2976 5201 3175 5255 dictam
3227 5201 3485 5254 unionem

219 5299 318 5369 τὴν
353 5297 617 5368 ῥηθεῖσαν
642 5297 836 5351 ἐνωσιν
862 5295 1159 5349 σκάνδαλον
1199 5293 1505 5366 ἀνερῤἀγη,
1532 5295 1625 5348 καὶ
1648 5298 1676 5348 ὁ
1700 5297 1794 5367 τῆς

1907 5300 2071 5354 latius
2108 5299 2352 5353 manavit
2384 5307 2448 5352 et
2486 5296 2862 5368 improbitatis
2893 5294 3073 5350 facula
3109 5295 3339 5365 singulis
3369 5295 3489 5349 dic-

221 5392 422 5454 κακίας
480 5390 686 5461 πυρσὸς
727 5389 818 5441 ἐπὶ
852 5389 994 5456 μέγα
1019 5387 1186 5459 ᾔρετο
1239 5389 1363 5441 καθ’
1402 5389 1662 5459 ἐκάστην,
1706 5389 1794 5443 καὶ

1906 5392 2010 5446 bus
2039 5391 2214 5460 magis
2262 5403 2326 5443 ac
2371 5388 2546 5458 magis
2564 5386 2829 5453 excrevit,
2867 5396 2922 5441 et
2973 5386 3153 5456 populi
3197 5386 3266 5440 ab
3295 5387 3491 5454 seipsis

220 5484 338 5537 λαοὶ
368 5483 465 5536 ἀπ’
489 5482 736 5552 ἀλλήλωι
777 5482 1078 5551 ἐσχίζοντο,
1141 5483 1236 5535 καὶ
1265 5483 1428 5552 ίερείς
1466 5483 1658 5553 ἱερέων
1686 5481 1794 5534 διε-

1911 5481 2322 5544 scindebantur,
2366 5489 2422 5534 et
2470 5480 2783 5537 sacerdotes
2814 5494 2842 5533 a
2871 5478 3249 5535 sacerdotibus
3285 5478 3491 5533 divide-

225 5574 527 5638 στέλλοιντο,
571 5575 664 5626 καὶ
697 5573 868 5643 μυρία
911 5572 1049 5626 ἀλλα
1073 5573 1479 5642 ἐπλημμελείτο
1503 5573 1674 5638 δεινά,
1717 5569 1794 5640 οἷς

1909 5577 2130 5638 bantur,
2167 5581 2221 5628 et
2261 5587 2428 5642 prope
2453 5571 2737 5626 innumera
2772 5571 2880 5626 alia
2909 5571 3046 5624 mala
3075 5572 3490 5625 eounnittebau-

226 5666 383 5736 ὁτῆς
443 5667 643 5730 κακίας
695 5667 926 5737 εὑρετὴς
977 5665 1256 5737 nemo“,
1307 5669 1398 5721 καὶ
1443 5669 1794 5735 ἐπεγάννυτο.

1911 5678 2020 5731 tur,
2053 5666 2258 5736 quibus
2292 5647 2660 5735 improbitatis
2695 5673 2885 5718 auctor
2931 5663 3235 5728 exsultans,
3276 5663 3458 5716 laetitia

226 5757 290 5810 Τί
323 5756 458 5826 γοῦν
515 5759 654 5828 πρὸς
706 5757 902 5824 ταῦτα,
933 5759 978 5812 ῶ
1024 5759 1159 5831 πρὸς
1208 5759 1305 5830 τῆς
1332 5761 1561 5831 Τριάδος
1594 5763 1794 5832 αὺτῆςι

1912 5757 2287 5813 diﬂ'erebatur.
2351 5754 2493 5822 Quid
2548 5755 2716 5827 igitur
2767 5757 2832 5810 ad
2890 5755 3024 5820 haec,
3086 5771 3180 5826 per
3235 5755 3485 5808 Triadent

225 5848 372 5916 ἡμᾶς
402 5850 510 5904 ἔδει
542 5853 760 5918 ποιεῖν;
803 5849 1152 5917 ’Δναπεσεῖ-ι,
1191 5853 1283 5906 καὶ
1314 5852 1458 5922 ικνῳ
1515 5851 1699 5906 δοῦναι
1734 5853 1794 5906 τὰ

1918 5853 2112 5922 ipsam,
2147 5851 2306 5907 nobis
2342 5849 2721 5905 intentandum
2767 5859 2882 5905 crat
2908 5848 2931 5902 2
2957 5846 3184 5914 Cedere,
3215 5857 3264 5903 c:
3301 5846 3480 5916 St‘gtti-
