4214 6446
192 347 299 412 953

1226 356 1322 419 DE
1359 360 1864 428 DEPOSlTiONE
1905 367 2054 430 SUA
2091 371 2312 439 ORAT.
2355 375 2386 437 Ι

3339 390 3446 452 954

199 461 454 532 είρήνην,
492 461 794 565 Eii-auctir,
832 465 926 518 καὶ
960 465 1021 520 οὐ
1053 467 1373 551 σύνδεσμον,
1417 474 1515 544 τὴν
1549 475 1774 546 εἰρήνην

1889 495 2064 549 ματη,
2098 499 2204 538 non
2241 499 2454 555 pacem,
2490 483 2837 555 divisionem,
2869 506 2975 547 non
2999 493 3445 565 conjunrtionciu

193 553 502 620 ἡγήσαντο.
531 549 665 607 Εἶτα
690 555 745 607 τί
771 572 786 621 ;
835 555 1038 625 Ὀλίγοι
1073 545 1216 624 τινές
1248 561 1358 614 τῶν
1384 562 1463 628 τῷ
1501 564 1678 634 καιρῷ
1703 565 1774 618 τά

195 642 490 711 πρόσφορα
543 642 887 714 δυναμένων,
952 648 1198 719 μεγάλης
1245 652 1528 720 φροντίδος
1590 654 1775 707 εθεντο

194 734 363 803 ἔργον
393 736 454 788 τὺ
486 737 663 789 κοινὸν
687 738 810 791 καθ’
838 739 998 809 ἡμῶν
1029 742 1174 796 ἅπαν
1205 743 1410 813 πλῆθος
1445 745 1770 815 διερεθίσαιο

193 829 292 879 καὶ
334 828 400 896 δὴ
435 828 580 882 οὕτω
601 829 701 900 τὴν
732 831 873 900 πρὸς
901 833 1058 886 τοῦτο
1085 833 1284 906 βουλὴν
1316 835 1497 891 αὐτῶν
1543 837 1774 907 ίσχυσαν

193 918 661 987 διεκπερατὼσαι,
710 921 786 985 ὡς
835 926 1251 994 ἀναγκασθῆναι
1291 929 1438 997 ἡμᾶς
1475 929 1565 983 διὰ
1602 947 1773 1000 προσο

195 1010 385 1064 δοκίαν
427 1013 684 1077 θανάτου,
721 1017 906 1086 σχεδὸν
947 1019 1050 1089 ήδη
1083 1021 1188 1090 πρδ
1246 1021 1546 1092 ὀφθαλμῶν
1598 1025 1774 1094 ἐπηρ-

195 1105 442 1171 τημένου
491 1107 646 1174 ἡμῖν,
697 1107 807 1159 τῶν
872 1109 1344 1179 ἐκκλησιαπικῶν
1394 1115 1773 1185 ἀναχωρῆσαι.

274 1192 346 1262 Υ.
397 1195 552 1266 Τάχα
583 1197 689 1267 γὰρ
729 1199 906 1266 ἔδοξεν
939 1203 1100 1271 ἡμῖν,
1132 1202 1276 1255 οὕτω
1314 1207 1664 1275 πεποιηκόσι,
1716 1206 1776 1260 τὸ

194 1287 299 1356 τῆς
329 1288 454 1341 καθ’
508 1289 667 1358 ἡμῶν
714 1291 910 1360 ἀλόγου
946 1293 1145 1363 μανίας
1202 1295 1401 1364 οἴδημα
1443 1296 1776 1368 διαμαλάξαι

198 1377 409 1439 ποσῶς.
453 1375 527 1432 τὸ
558 1378 604 1431 δ’
631 1380 807 1444 ἄλλης
839 1383 933 1436 καί⁸
983 1387 1132 1454 παρα
1187 1385 1286 1450 τὰς
1315 1389 1538 1453 ἐλπίδας
1571 1391 1773 1463 ἀπέϐη.

202 1469 300 1520 Ὃν
329 1470 440 1540 γὰρ
475 1470 630 1540 κοινὴ
661 1471 772 1524 τῶν
812 1473 1120 1543 ἀρχιερέων
1150 1475 1332 1547 ψῆφος
1358 1466 1455 1533 τοῦ
1507 1495 1780 1552 πατριαρ-

196 1559 361 1628 χικοῦ
393 1564 712 1616 κατέσπασε
739 1565 960 1634 θρόνου.
991 1568 1160 1639 πρινὴ
1186 1569 1362 1640 τούτῳ
1384 1571 1777 1642 ἐγκαθιδρῦσαι

197 1655 377 1719 ἡμᾶς,
423 1653 614 1707 τοῦτον
658 1657 920 1726 φέροντες
984 1655 1144 1724 αὖθις
1198 1659 1382 1715 ἔθεντο
1444 1664 1532 1716 ἐπ’
1573 1667 1736 1718 αὐτόν

1875 573 2077 627 dictam
2109 590 2296 645 pacem
2319 578 2726 636 existimarunt.
2762 581 2902 649 Quid
2929 592 3040 638 tum
3066 587 3230 641 inde?
3260 591 3444 652 Pauci,

1874 665 1965 734 qui
2001 667 2054 721 in
2101 669 2426 724 auctoritate
2473 683 2648 736 erant,
2683 675 2920 729 maxime
2975 677 3360 742 incubueruut,
3396 689 3452 733 et

1879 765 1998 811 toto
2061 759 2193 813 nixu
2257 771 2644 831 procurarunt,
2701 775 2758 820 ut
2795 767 3110 822 universum
3162 769 3449 828 adversum

1877 864 1976 902 nos
2006 852 2265 921 populum
2317 855 2717 911 inﬂammarent
2750 898 2766 920 ,
2823 870 2875 913 et
2942 861 3019 914 sic
3074 877 3172 916 sua
3224 861 3453 916 consilia

1875 953 2033 1008 opere
2064 941 2516 1012 etiamprarstare
2551 955 2808 1014 potuere,
2848 955 2904 1000 ut
2937 951 3110 1002 coacti
3159 950 3334 1006 simus
3378 953 3449 1004 ob

1876 1033 2341 1100 exspectationem
2398 1039 2616 1102 mortis,
2667 1054 2791 1108 qua:
2836 1039 2948 1110 jam
3011 1040 3122 1096 fere
3149 1044 3305 1099 nobis
3331 1052 3457 1098 ante

1877 1125 2070 1179 oculos
2103 1126 2448 1191 imminebat,
2481 1128 2785 1185 dominatui
2835 1131 3209 1188 ecclesiastico
3240 1137 3456 1192 cedere.

1950 1212 2000 1267 3.
2053 1214 2301 1285 Namque
2355 1216 2640 1273 videbatur
2690 1219 2884 1286 nobis,
2939 1222 2983 1276 si
3040 1223 3092 1278 id
3132 1225 3455 1294 egismus,

1876 1305 2110 1362 cdt-rata:
2140 1316 2332 1363 contra
2370 1323 2470 1364 nos
2499 1310 2663 1366 rabiei
2704 1321 2972 1368 tumorem
3005 1314 3186 1384 aliqua
3208 1333 3272 1370 ex
3310 1328 3459 1385 parte

1877 1397 2181 1453 emollitum
2211 1401 2302 1455 iri.
2331 1399 2447 1454 Hoc
2493 1416 2623 1456 vero
2653 1403 2812 1459 aliter
2841 1414 3004 1474 atque
3037 1405 3142 1472 ipsi
3200 1407 3462 1476 speraba-

1880 1504 2026 1556 mus,
2087 1491 2290 1546 evenit.
2343 1490 2518 1557 Quem
2553 1493 2698 1547 enim
2731 1495 2976 1549 unanimi
3032 1499 3296 1566 praesules
3331 1513 3462 1552 sen-

1880 1583 2044 1635 tentia
2076 1597 2142 1638 ea
2181 1584 2549 1652 patriarcliico
2580 1585 2781 1642 throno
2813 1587 3262 1655 deturbaverant,
3297 1600 3457 1644 ante-

1887 1688 2052 1742 quam
2085 1675 2137 1728 in
2171 1676 2264 1730 illo
2297 1692 2396 1732 nos
2423 1678 2807 1742 collocassent,
2866 1693 2990 1734 eum
3025 1697 3217 1736 rursus
3260 1697 3465 1736 convc-

199 1739 485 1837 κάνταῦθα
508 1743 570 1796 τὸ
598 1744 810 1837 ποίημα
839 1745 934 1800 τοῦ
965 1748 1330 1820 διηγήματος.
1367 1749 1492 1824 Εἶχε
1523 1755 1622 1823 μὶν
1669 1758 1778 1826 γὰρ

1889 1765 2105 1828 beutes,
2159 1766 2213 1820 in
2263 1782 2330 1820 eo
2393 1783 2649 1837 posuere.
2711 1769 2780 1824 Et
2834 1770 2937 1825 lioc
2989 1780 3074 1826 est
3131 1773 3464 1827 narrationis

199 1833 352 1933 ἡμᾶς
386 1834 614 1933 ήᾳμονὴ,
716 1838 974 1907 φέροντες
1003 1841 1325 1913 δεδώκαμεν
1352 1845 1605 1911 ἑαυτοὺς,
1635 1851 1777 1902 ἐκεί-

1891 1865 2076 1925 caput.
2106 1856 2351 1913 Tenebat
2382 1831 2482 1914 nos
2517 1863 2936 1925 monasterium,
2977 1862 3066 1918 cui
3104 1866 3466 1933 nosmetipsos

200 1941 291 1975 νον
323 1924 384 1978 δὲ
415 1927 447 1995 ἡ
479 1928 660 1997 κλίνη,
683 1930 744 1982 οὺ
775 1932 884 2001 γὰρ
915 1933 943 1985 ὀ
974 1931 1184 2003 θρόνος,
1222 1936 1301 1988 ὅτι
1332 1937 1454 2006 μηδ’
1485 1938 1778 2010 ἐκαθέσθη,

197 2015 317 2067 ἀλλ’
350 2016 511 2088 ἐτέθη
565 2018 655 2071 ἐπὶ
686 2021 776 2072 τδν
809 2018 1020 2092 θρόνον,
1058 2023 1134 2086 ὡς
1159 2025 1392 2096 ἔφημεν.
1433 2028 1541 2080 Καὶ
1586 2027 1780 2096 ταῦτα,

198 2106 298 2175 οὐχ
335 2108 422 2160 ἵνα
447 2111 642 2180 ἐκείνῳ
673 2110 869 2181 μῶμόν
897 2130 1018 2168 τινα
1049 2116 1297 2170 ἐντεῦθεν
1323 2122 1780 2191 προστρῖψαιμεν,

199 2199 657 2270 ἀπαγγέλλομεν.
696 2203 912 2272 Ἀπαγε
939 2223 955 2238 ν
993 2207 1184 2278 πόρρω
1214 2211 1323 2282 γὰρ
1356 2212 1554 2275 παντὸς
1609 2212 1786 2265 τοιού-

200 2307 298 2342 του
331 2293 365 2361 ἡ
376 2295 517 2360 μείς,
543 2294 744 2364 ὄπουγε
773 2300 822 2350 εί
843 2298 937 2351 καὶ
967 2299 1172 2353 σκοποῦ
1200 2302 1445 2356 τοιούτου
1473 2298 1638 2375 ἦμεν,
1669 2306 1786 2359 ἀλλ’

204 2383 362 2436 οῦδὲν
395 2384 480 2451 ἐρ’
512 2386 708 2441 ἑαυτοῦ
745 2391 806 2441 τὸ
839 2391 1093 2460 πρᾶγμα,
1125 2393 1249 2461 τόγε
1282 2395 1358 2456 είς
1389 2395 1594 2448 ἐκεῖνον
1627 2392 1782 2467 ἧκον,

205 2468 359 2541 εἶχεν
387 2476 678 2545 ἐπίμωμον
698 2495 712 2509 ο
744 2479 824 2542 τίς
855 2480 964 2551 γὰρ
991 2481 1020 2532 ὀ
1060 2481 1251 2551 μῶμος
1277 2482 1569 2555 ἄνθρωπον
1619 2487 1787 2554 ἐγγὺς

205 2565 342 2619 ὄντα
376 2566 612 2621 θανάτου
642 2572 1031 2644 ἀνσισθητεῐν;
1073 2575 1208 2629 ἀλλὰ
1234 2576 1407 2630 ταῦτά
1459 2595 1670 2647 φαμεν,
1701 2579 1788 2632 ἵνα

206 2660 309 2727 τῆς
349 2661 478 2714 καθ’
537 2663 694 2732 ἡμῶν
753 2667 952 2730 κακίας
992 2669 1093 2738 τὴν
1142 2669 1454 2740 ὑπερϐολὴν
1495 2672 1786 2742 παραστη-

209 2768 434 2822 σαιμεν,
486 2755 564 2818 ὡς
614 2755 724 2808 τῶν
769 2758 940 2829 αὐτὴν
986 2761 1109 2813 καθ’
1173 2762 1331 2831 ἡμῶν
1379 2762 1787 2825 σπουδαζόντων

214 2849 291 2918 μὴ
325 2847 466 2917 πρός
510 2864 562 2899 τι
592 2847 869 2912 λυσιτελὲς
895 2851 974 2920 τῷ
1021 2850 1207 2922 κοινῷ,
1238 2853 1373 2922 πρὸς
1423 2853 1481 2904 ἐν
1525 2853 1583 2906 δὲ
1627 2853 1791 2923 μόνον

207 2940 490 3009 δρώντων,
529 2942 589 2995 τὸ
619 2942 713 2997 τοῦ
745 2943 948 2996 οἰκείου
979 2944 1170 3013 θρόνου
1223 2947 1376 3014 ἡμᾶς
1436 2946 1789 2999 ἀπώσασθαι.

209 3029 344 3103 Εἶχε
381 3035 482 3102 μέν
509 3035 681 3098 οὕτως
710 3037 978 3108 ἐκεῖνονὴ
1011 3039 1192 3109 κλίνη,
1225 3039 1372 3109 μηδ’.
1414 3039 1534 3091 ὅποι
1564 3019 1793 3110 εἴηίκαὶ

210 3127 339 3180 ὅποι
368 3127 571 3195 διάγοι,
606 3129 1098 3200 ἐπαισθανόμενον.
1131 3133 1303 3185 Πάλαι
1332 3132 1440 3202 γὰρ
1480 3131 1556 3201 τῷ
1591 3129 1788 3201 μακρῷ

211 3219 311 3288 τῆς
341 3221 500 3272 νόσου
535 3221 758 3290 σύμπαν
790 3222 943 3294 αὐτῷ
993 3225 1300 3295 αίσοήσεως
1340 3225 1558 3292 ἀπέσϐη
1614 3225 1793 3294 ἐμπύσ

215 3327 426 3382 ρευμα.
459 3313 737 3385 Μοναχῶν
769 3315 827 3368 δέ
887 3334 1051 3370 τινων
1084 3316 1362 3387 ἄθροισμα
1413 3334 1792 3388 συγκεκροτη-

217 3405 386 3472 μένον
421 3407 552 3474 περὶ
584 3406 770 3470 αὐτὸν,
803 3406 986 3476 πάσης
1029 3408 1130 3472 μὲν
1163 3410 1456 3480 κανονικῆς
1498 3411 1797 3479 εὲδημοσῦ-

213 3513 316 3564 νης
346 3495 656 3565 άμέθεκτον
715 3496 796 3563 δν,
853 3500 1060 3569 πολλὴν
1090 3500 1144 3552 δὲ
1194 3500 1294 3571 τὴν
1327 3501 1449 3554 καθ’
1483 3502 1640 3572 ἡμῶν
1667 3501 1796 3571 ἔχον

213 3589 568 3656 δυσμένειαν,
601 3589 677 3654 ὡς
736 3591 847 3644 τῶν
889 3591 1130 3661 ἀρχῆθεν
1157 3593 1255 3662 τῆς
1287 3594 1447 3664 ἡμῶν
1501 3595 1796 3659 κοινωνίας

215 3680 634 3753 ἀπερῤωγότων
689 3685 985 3751 τυγχάνον,
1033 3685 1293 3755 ψήφισμά
1354 3703 1404 3739 τι
1450 3688 1575 3740 καθ’
1638 3689 1798 3759 ἡμῶν

217 3773 520 3842 σχεδιάζει,
571 3775 668 3826 καὶ
726 3775 886 3828 τοῦτο
939 3775 1013 3836 ὡς
1047 3775 1142 3828 ὑπ’
1173 3775 1339 3829 αὑτοῦ
1376 3777 1586 3830 ἐκείνου
1620 3779 1798 3843 ἐξενε-

217 3863 354 3934 χθὲν
387 3865 715 3935 καθαίρεσιν
737 3865 1113 3930 ἀκανονίστως
1134 3867 1464 3936 ὀνομάζουσι
1520 3871 1614 3924 καὶ
1667 3871 1797 3924 ἀθέ-

221 3971 402 4024 σμως.
463 3951 595 4008 Εἶτα
638 3959 750 4020 τοῖς
795 3958 1065 4028 πυλωροίς
1115 3961 1212 4013 καὶ
1261 3961 1565 4030 ὑπηρέταις
1619 3979 1800 4032 παρα-

221 4047 546 4100 κελεύονται
580 4048 675 4102 τοῦ
728 4050 882 4117 ναοῦ,
915 4054 1010 4104 καὶ
1052 4053 1102 4104 οί
1145 4052 1255 4103 τῶν
1285 4055 1341 4105 ἐν
1371 4055 1628 4122 προνάοις
1661 4054 1828 4124 πύρς’

222 4157 342 4207 γων
395 4142 818 4212 άπῃωρημένοι,
869 4142 1093 4212 χάλκεοι
1153 4143 1264 4196 τῶν
1301 4146 1496 4197 κοινῶν
1526 4145 1804 4209 συνάξεων

223 4219 366 4300 άτερ
393 4231 558 4298 λόγου
611 4233 707 4284 καὶ
764 4235 952 4303 φωνῆς
1015 4236 1260 4304 κήρυκες
1315 4234 1804 4300 διακωδωνίζουσι,

224 4325 327 4377 καὶ
357 4324 449 4376 τὸν
487 4322 758 4390 ξύγκλυδα
820 4325 912 4379 καὶ
957 4327 1180 4400 χυδαῖον
1209 4325 1305 4379 τοῦ
1337 4326 1619 4380 πολιτικοῦ
1664 4328 1806 4398 πλή-

226 4416 355 4477 θους
384 4415 798 4486 προκαλοῦνται
848 4416 1001 4470 λαόν.
1052 4419 1162 4471 Καὶ
1187 4419 1269 4480 τίς
1298 4419 1364 4472 ἂν
1419 4420 1802 4490 ἁριθμήσειεν,

1821 3188 1866 3246 C

1891 1949 2352 2016 coucredidimus,
2410 1948 2563 2004 illum
2619 1965 2747 2006 vero
2805 1953 3003 2020 lectus,
3065 1969 3176 2008 non
3214 1955 3466 2020 thronus,

1891 2056 2014 2096 cuiu
2049 2056 2155 2095 non
2194 2043 2414 2106 sederit,
2448 2043 2540 2097 sed
2571 2043 2854 2113 appositus
2885 2045 3074 2110 fuerit,
3118 2055 3177 2102 ut
3208 2048 3465 2112 diximus,

1891 2135 2100 2199 etliazc,
2161 2149 2269 2189 non
2318 2142 2376 2188 ut
2432 2133 2672 2188 infamiae
2706 2143 2888 2192 notam
2952 2137 3030 2193 illi
3086 2141 3468 2210 appingamus,

1895 2242 2205 2283 narramus.
2235 2226 2392 2282 Absit
2416 2226 2428 2279 ί
2461 2227 2620 2297 longe
2642 2227 2783 2282 enim
2816 2242 2847 2282 ι
2875 2229 3145 2286 similibus
3172 2231 3468 2286 absumus:

1894 2335 2020 2373 uim
2048 2304 2261 2373 etiamsi
2296 2317 2346 2372 id
2372 2318 2527 2375 nobis
2553 2319 2605 2372 in
2629 2319 2817 2376 animo
2834 2329 3108 2388 esset,res
3132 2323 3472 2392 ipsa,quoad

1893 2410 2014 2480 ejus
2047 2420 2282 2479 poterat,
2331 2411 2582 2467 criminis
2643 2413 2880 2481 alicujus
2919 2422 3104 2469 notam
3141 2429 3249 2469 non
3302 2416 3470 2470 subit.

1895 2505 2068 2568 Quam
2119 2504 2262 2557 enim
2316 2502 2801 2571 reprehensionem
2855 2505 3020 2558 homo
3067 2506 3390 2573 incurreret,
3423 2507 3473 2562 si

1897 2596 1984 2650 ide
2023 2596 2186 2649 morti
2229 2595 2510 2664 proximus
2536 2604 2762 2666 stupens
2791 2610 2900 2652 non
2935 2596 3316 2663 persentiscit;
3376 2596 3474 2653 sed

1899 2688 2016 2742 haec
2045 2686 2304 2752 dicimus,
2334 2694 2392 2742 ut
2433 2687 2802 2758 improbitatis
2834 2704 3120 2744 excessum
3169 2704 3475 2760 repraesen-

1899 2789 2099 2846 temus,
2130 2781 2259 2834 dum
2286 2779 2380 2850 qui
2417 2779 2682 2835 adversus
2722 2795 2822 2836 nos
2852 2782 3050 2836 similia
3083 2782 3474 2848 moliebantur,

1898 2887 2006 2926 nou
2029 2873 2245 2925 utilitati
2280 2873 2528 2941 publicae,
2565 2873 2659 2927 sed
2688 2873 2764 2926 illi
2805 2874 3182 2928 tantummodo
3216 2873 3476 2928 animum

1901 2961 2277 3026 advertebant,
2338 2971 2395 3016 ut
2449 2977 2551 3015 nos
2603 2978 2668 3015 ex
2723 2965 2944 3032 proprio
2993 2964 3192 3017 throno
3253 2964 3479 3031 disjice-

1901 3063 2041 3108 rent.
2077 3053 2317 3106 llabebat
2347 3053 2514 3122 igitur
2575 3055 2724 3108 illum
2778 3055 2974 3119 lectus,
3033 3070 3133 3108 uec
3180 3055 3270 3107 ubi
3303 3064 3476 3118 esset,

1904 3162 2003 3200 nec
2055 3147 2108 3200 in
2150 3162 2260 3214 quo
2294 3147 2514 3215 degeret
2575 3147 2718 3209 loco,
2778 3155 3182 3217 agnoscentem.
3221 3148 3263 3200 A
3307 3146 3479 3200 multo

1900 3237 2170 3305 siquidem
2208 3246 2454 3305 tempore
2499 3238 2691 3290 morbo
2727 3247 3120 3306 praegravatus.
3160 3239 3479 3293 Universum

1899 3345 2159 3386 sensuum
2185 3329 2580 3384 suscitabulum
2612 3331 2888 3384 amiserat.
2919 3329 3307 3382 Mouacliorum
3352 3344 3485 3381 vero

1900 3425 2046 3479 circa
2095 3439 2219 3478 eum
2254 3434 2444 3478 castus
2474 3423 2698 3486 effusus,
2750 3423 2896 3476 nulla
2927 3436 3197 3476 canonum
3251 3421 3482 3475 scientia

1901 3517 2182 3585 praeditus,
2221 3525 2272 3569 ct
2307 3517 2460 3584 plane
2486 3514 2686 3578 infans,
2723 3515 2815 3567 sed
2842 3529 2968 3582 erga
2992 3529 3091 3568 nos
3121 3513 3345 3568 nimium
3383 3515 3482 3565 hoc

1902 3611 2100 3666 sriliter
2166 3611 2458 3674 exardeus,
2513 3620 2772 3678 tauquam
2802 3610 2894 3677 qui
2928 3610 2998 3660 ab
3030 3608 3186 3661 initio
3222 3623 3253 3660 a
3290 3616 3479 3660 nostra

1904 3705 2288 3760 communione
2319 3704 2564 3759 abscisus
2595 3718 2714 3757 sese
2746 3708 3125 3771 segregaverat
3151 3740 3166 3763 ,
3200 3701 3480 3754 decretum

1904 3807 2092 3854 contra
2127 3811 2226 3851 nos
2260 3795 2530 3863 extemplo
2565 3792 2804 3862 profudit
2837 3811 2849 3845 :
2888 3803 2941 3846 et
2981 3793 3084 3846 hoc
3135 3807 3198 3845 ac
3230 3795 3273 3845 si
3319 3792 3386 3843 ab
3419 3806 3484 3843 eo

1905 3888 2318 3959 pronuntiatum
2347 3885 2561 3949 fuisset,
2587 3884 3008 3953 depositionem,
3044 3883 3191 3935 nullo
3209 3897 3482 3935 canonum

1903 3979 2025 4050 jure
2060 3987 2296 4039 servato,
2328 3987 2380 4030 et
2420 3985 2609 4030 contra
2648 3973 2730 4026 fas
2761 3988 2943 4035 omne,
2978 3980 3314 4040 nuncupant.
3345 3968 3482 4022 Tum

1909 4071 2178 4133 Ostiariis,
2208 4079 2263 4124 et
2307 4069 2645 4122 administris
2680 4067 2860 4136 templi
2908 4067 3250 4135 praecipiunt,
3290 4073 3346 4116 ut
3393 4063 3485 4132 qui

1910 4165 1962 4217 in
1990 4163 2209 4231 prouais
2233 4175 2395 4228 super
2429 4170 2606 4212 turres
2634 4159 2958 4226 dependent,
2988 4158 3121 4210 aenei
3148 4155 3486 4223 publicarunt

1911 4252 2396 4323 congregationiqu
2435 4250 2641 4318 absque
2672 4263 2946 4312 sermone,
3001 4258 3055 4300 et
3108 4261 3239 4298 voce
3282 4259 3489 4311 praeco-

1914 4359 2031 4404 nes,
2061 4342 2264 4409 ingenti
2299 4337 2526 4406 strepitu
2557 4332 2944 4405 remugieutes,
2979 4333 3288 4394 confusam,
3324 4342 3376 4384 et
3405 4333 3490 4384 vi-

1913 4433 2016 4486 lem
2040 4431 2274 4484 civitatis
2298 4427 2633 4498 plebeculam
2659 4426 2944 4480 advocent.
2973 4423 3039 4476 Et
3055 4424 3177 4493 quis
3199 4435 3487 4477 numerum

227 4511 360 4562 ὅποι
388 4511 483 4562 καὶ
515 4507 915 4580 προκεχώρηκε
952 4508 1247 4580 πλήθουςή
1280 4510 1552 4582 ᾶθροισιςς
1604 4512 1790 4580 Ἐπὶ-η·

1917 4522 2302 4586 multitudinis,
2352 4535 2474 4589 quae
2520 4518 2595 4573 ibi
2635 4528 2891 4586 congesta
2929 4523 3034 4578 est,
3089 4513 3488 4583 explicat-erit?

232 4601 396 4671 ροῦτο
429 4599 498 4653 τὰ
531 4600 701 4666 ἔνδον,
735 4601 802 4654 τὰ
831 4600 937 4667 ἔξω
968 4601 1169 4665 πάντα,
1213 4603 1280 4655 τὰ
1331 4604 1474 4673 μέρη
1518 4604 1612 4656 τοῦ
1663 4603 1790 4657 θεῖοι

1915 4614 2177 4668 Interiora
2255 4612 2437 4666 omnia
2475 4652 2489 4675 ,
2557 4609 2827 4664 exteriora
2883 4607 3220 4661 sacrosancti
3301 4605 3487 4673 templi

233 4694 408 4762 σηκοῦ
428 4711 444 4727 ·
479 4697 573 4749 καὶ
600 4696 662 4749 οὐ
697 4695 856 4764 μόνον
887 4693 957 4746 τὰ
982 4695 1144 4748 κάτω
1167 4695 1340 4766 ἐδάφη
1374 4698 1473 4765 τῆς
1527 4699 1590 4748 ἐκ
1623 4697 1810 4763 διαφό-

236 4806 336 4860 ρου
360 4788 580 4858 ἡλικίας
611 4789 707 4840 καὶ
729 4787 935 4854 τάξεως
965 4791 1485 4860 συγκεκροτημένης
1508 4790 1812 4859 ἐπληροῦτο

232 4877 502 4948 πληθύος,
534 4877 652 4933 ἀλλ’
685 4876 812 4930 ἐπεὶ
842 4877 936 4932 καὶ
967 4878 1025 4930 αί
1076 4877 1206 4948 παρ’
1246 4878 1508 4947 ἑκάτερα,
1554 4881 1648 4929 καὶ
1678 4880 1814 4944 πρὸς

234 4970 452 5038 δυσμὰς
505 4967 604 5022 τοῦ
660 4969 792 5022 ναοῦ
849 4968 988 5040 πρὸς
1040 4967 1172 5037 ὕψος
1200 4967 1381 5036 ὀλίγον
1410 4969 1510 5037 τῆς
1545 4972 1813 5038 μεσοναου

238 5063 407 5123 στοᾶς
447 5061 676 5115 άπιιδὲον
716 5061 1077 5133 ἀνιδρυμέναι
1121 5061 1422 5131 οίκοδομαὶ,
1457 5061 1631 5130 ἐδάφη
1658 5060 1813 5130 ἐχου-

242 5170 328 5206 σιν
361 5153 470 5207 ίεια
495 5154 660 5216 κίοσι,
689 5153 785 5206 καὶ
814 5155 933 5217 ταῖς
967 5155 1061 5206 ἐπὶ
1092 5153 1288 5206 κιόνων
1317 5155 1500 5216 στοαῖς
1541 5153 1814 5223 μετέωρα,

242 5245 628 5316 ὑπανεχόμενα
661 5245 724 5310 ἐξ
751 5247 1106 5317 ἡρμοσμένου
1135 5245 1309 5310 λίθου,
1350 5245 1446 5300 καὶ
1499 5226 1638 5299 αὐτὰ
1669 5246 1818 5316 διηυ-

242 5339 560 5408 θετισμένα,
607 5338 766 5409 ὀχλου
825 5338 1084 5392 παντοίου
1139 5339 1316 5407 μεστὰ
1354 5339 1452 5392 καὶ
1484 5339 1658 5392 ταῦτα
1698 5338 1816 5409 ἐγί-

244 5446 385 5484 νετο.

315 5521 380 5577 δ’.
425 5523 590 5577 ’Δλλὰ
653 5523 820 5594 πρινη
841 5524 948 5578 τῶν
978 5525 1114 5597 μετα
1150 5522 1250 5595 τὴν
1311 5524 1556 5595 ἄθροισιν
1614 5525 1817 5592 ταύτην

247 5616 632 5685 ἀφηγημάτων
681 5617 828 5687 ἡμᾶς
881 5616 1142 5687 ἅψασθαι,
1197 5617 1462 5686 πρότερον
1502 5616 1636 5686 πρὸς
1664 5616 1820 5667 τοῦτο

247 5706 382 5770 τέως
420 5708 783 5780 ἀπαντητέον.
830 5709 1058 5781 ’Δκήκοέ
1105 5727 1187 5772 τις
1235 5710 1342 5764 τῶν
1385 5709 1478 5763 νῦν
1522 5708 1692 5779 ῆτῶν
1718 5709 1818 5762 πά-

250 5799 334 5854 λαι
368 5801 460 5855 τὸν
510 5801 1131 5868 Κωνσταντινουπόλεως
1173 5803 1639 5874 άρχιεπίπκοπον,
1672 5800 1820 5873 παρὰ

1916 4704 2361 4772 constipabantur
2411 4697 2860 4754 concurrentium
2894 4711 3173 4750 numero:
3224 4709 3324 4747 nec
3372 4703 3493 4748 tan-

1918 4796 2199 4850 tummodo
2254 4793 2437 4847 iufima
2490 4792 2799 4861 pavimenta
2851 4787 3199 4842 multitudine
3265 4787 3492 4844 diversa:

1914 4889 2091 4942 aetatis
2125 4903 2188 4940 ac
2237 4885 2450 4940 ordinis
2496 4892 2826 4953 congregata
2881 4879 3248 4949 replebantur,
3295 4878 3389 4932 sed
3425 4892 3491 4930 ex

1917 4991 2147 5045 utraque
2178 4987 2351 5047 parte,
2395 4984 2449 5030 et
2487 4976 2718 5031 occidua
2756 4983 2809 5030 et
2841 4975 3016 5029 media
3050 4973 3233 5042 templi
3273 4971 3488 5040 porticu

1918 5086 2112 5140 parum
2141 5069 2458 5125 distantium
2488 5077 2897 5124 structurarum
2935 5066 3152 5136 propria
3183 5064 3492 5132 pavimenta

1917 5162 2213 5227 columnis,
2250 5170 2304 5216 et
2362 5175 2528 5230 super
2557 5158 2830 5214 columnis
2917 5171 3080 5226 super
3114 5169 3235 5209 sese
3295 5153 3492 5206 erectis

1917 5256 2262 5311 interstincta
2312 5269 2379 5308 ex
2413 5252 2669 5321 adaptato
2703 5249 2881 5318 lapide
2912 5247 3228 5310 eminentia,
3261 5253 3314 5298 et
3358 5243 3494 5298 bene

1917 5349 2167 5418 digesta,
2225 5347 2603 5416 cujuscunque
2673 5343 2894 5414 generis
2974 5338 3272 5410 plebecula:
3332 5335 3491 5406 plena

1915 5450 2092 5494 erant.

1989 5534 2043 5585 s.
2081 5530 2185 5583 Sed
2213 5538 2504 5599 antequam
2539 5542 2866 5598 congressus
2895 5525 3060 5594 hujus
3102 5520 3480 5577 narrationem

1919 5623 2289 5684 exordiantur,
2326 5620 2561 5688 primum
2618 5621 2718 5674 lioc
2777 5617 3202 5688 praeponendum
3253 5613 3488 5666 videtur.

1922 5713 2180 5768 Audiitue
2216 5712 2481 5781 quispiam
2510 5726 2574 5767 ex
2619 5710 2685 5764 iis
2733 5709 2825 5779 qui
2860 5722 3006 5762 nunc
3040 5707 3248 5769 vivunt,
3279 5703 3358 5758 vel
3389 5717 3490 5757 an-

1925 5801 2153 5874 tiquitus
2204 5802 2368 5857 vitam
2415 5809 2665 5872 egerunt,
2698 5793 3362 5866 Constantiuopolitanuin
3395 5802 3487 5843 ar-
