4214 6446
804 426 910 491 955

1822 420 2038 483 ῘΟΑΝ.
2080 421 2292 484 VECCI
2329 421 2440 482 (ΣΡ.
2481 419 2989 480 PATRIARCHE

3943 421 4052 486 956

801 531 1205 603 chiepiscOpum
1266 531 1334 586 ab
1394 529 1482 598 iis,
1544 533 1634 604 qui
1699 548 1797 589 nec
1860 534 2122 605 episcOpi,
2193 535 2354 589 multo

2466 531 2576 584 τῶν
2625 533 2699 602 μή
2733 533 2815 584 τοί
2846 550 2908 601 γε
2960 533 3282 594 ἐπισκόπου,
3308 533 3444 587 ἀλλά
3469 533 3600 604 μηδὲ
3633 532 3822 604 ίεριως
3875 533 4050 600 ὄνομα

804 625 986 680 minus
1028 624 1327 680 sacerdotis
1352 624 1616 696 dignitate
1639 625 1934 698 praesigniti
1964 637 2114 691 sunt,
2139 627 2370 698 deponi?

805 713 869 768 Et
901 725 1078 769 tamen
1126 717 1385 773 adversus
1421 732 1519 772 nos
1564 719 1838 773 decretum
1888 734 1918 774 a
1965 719 2234 774 similibus
2274 735 2371 775 ειη

802 805 1006 874 templo
1032 806 1441 875 pronuntiatum
1473 815 1576 870 est,
1613 816 1667 864 et
1705 823 1868 864 nemo
1899 825 1967 864 ex
1999 809 2090 874 iis,
2123 810 2215 879 qui
2247 818 2366 864 stu-

801 909 991 965 porem
1028 897 1265 952 hominis
1313 897 1450 953 bene
1478 899 1700 968 callent,
1735 901 1898 957 dictis
1928 901 2134 957 nostris
2171 903 2359 957 adver-

799 987 1030 1042 sabitur.
1075 986 1188 1058 Ego
1233 989 1592 1047 nihilominus
1634 1003 1687 1047 et
1728 993 1819 1063 jus
1871 993 2050 1048 simile
2085 995 2153 1048 ad
2185 1008 2366 1050 causa:

798 1077 1172 1136 defensionem
1222 1084 1566 1154 aptissimum
1602 1089 1937 1159 praeteriens,
1974 1091 2121 1145 sicut
2167 1101 2250 1146 est
2297 1089 2367 1143 ab

796 1182 864 1223 eo
891 1178 1081 1232 contra
1115 1188 1213 1230 nos
1247 1177 1520 1232 sententia
1546 1178 1675 1246 lata,
1719 1179 1863 1235 hunc
1897 1180 1952 1235 in
1997 1179 2219 1235 modum
2251 1195 2367 1234 res-

795 1260 1033 1329 pondeo.
1074 1264 1156 1319 An
1187 1276 1270 1322 est
1296 1280 1567 1323 canonum
1600 1269 1712 1324 ullo
1730 1271 2048 1342 praescripto
2073 1281 2363 1337 statutum,

795 1365 946 1416 eum,
969 1355 1062 1424 qui
1094 1354 1146 1409 in
1181 1359 1502 1428 occupando
1537 1361 1736 1416 throno
1767 1362 1995 1417 aemulus
2021 1371 2159 1429 erat,
2193 1379 2361 1418 unum

795 1447 1194 1514 tantummodo,
1230 1459 1285 1505 et
1329 1453 1481 1507 nullo
1531 1455 1821 1523 praesidum
1873 1456 2134 1527 suffragio
2167 1472 2365 1527 appro-

801 1534 1012 1605 batum,
1039 1540 1118 1595 vel
1143 1541 1334 1610 plausu
1363 1556 1647 1614 exceptum
1679 1557 1865 1602 contra
1895 1564 2047 1612 eum,
2077 1550 2170 1618 qui
2209 1549 2362 1604 nullo

795 1629 1061 1697 synodico
1091 1632 1310 1688 decreto
1339 1646 1457 1689 erat
1489 1636 1785 1704 obnoxius,
1829 1640 2159 1696 sententiam
2195 1642 2363 1710 depo-

793 1717 1040 1772 sitariam
1070 1719 1293 1776 dicere?
1323 1721 1491 1780 Dicite
1521 1740 1615 1794 per
1646 1726 1832 1791 Deum,
1858 1730 2059 1799 quibus
2088 1746 2360 1788 canonum

792 1809 1099 1866 observatio
1147 1813 1473 1872 demandata
1506 1826 1610 1882 est,
1656 1821 1703 1873 si
1751 1823 2054 1878 canonibus
2096 1825 2196 1878 ista
2228 1840 2362 1894 prm-

2471 623 2870 692 περικειμὲνων
2931 623 3359 696 καθαιρεθῆναις
3412 624 3608 694 ym'i,
3689 623 3812 677 καθ’
3889 623 4050 692 ἡμῶν

2467 711 2744 781 ἀπόφασις
2776 714 2926 784 παρὰ
2958 715 3216 768 τοιούτων
3246 716 3594 785 ἑσχεδιάσθη,
3617 715 3710 769 καὶ
3739 713 3914 776 οὐδεὶς
3939 713 4048 767 τῶν

2465 804 2529 858 τὸ
2551 805 2876 876 ἀναίσθητον
2925 805 3018 859 τοῦ
3073 807 3265 878 ἀνδρὸς
3285 809 3494 860 ἑκείνου
3550 809 3768 860 είδότων
3789 806 3927 875 πρὸς
3956 805 4049 858 τὸν

2470 899 2739 969 ἡμέτερον
2797 898 2986 954 τοῦτον
3040 900 3412 969 ἀπαντήσεται
3469 900 3644 969 λόγον.
3685 899 3827 966 Ἐγὼ
3866 898 3924 952 δὲ
3954 897 4049 950 καὶ

2465 989 2526 1040 τὸ
2581 988 2821 1042 τοιοῦτον
2855 989 3215 1060 παρατρέχων
3251 991 3674 1062 δικαιολόγημα.
3720 993 3796 1053 ὡς
3841 991 3891 1042 εί
3917 988 4048 1058 παρ’

2464 1077 2630 1132 αὑτοῦ
2679 1078 2886 1132 ἐκείνου
2915 1073 3237 1150 ὲσχεδιάσθη
3273 1081 3340 1134 τὰ
3390 1081 3711 1152 καθ’ἡμῶν,
3765 1080 3910 1134 οὕτω
3949 1079 4048 1148 τὴν

2465 1167 2605 1240 πρὸς
2636 1167 2808 1222 ταῦτα
2835 1169 3097 1239 ποιοῦμαι
3119 1171 3444 1241 ἀπάντησιν.
3473 1172 3778 1237 Κανονικῆς
3804 1170 4047 1240 ἐξεῖχετο

2463 1256 2562 1326 τῆς
2617 1256 2881 1328 διαταγῆς
2932 1256 3022 1310 τὸν
3058 1258 3150 1310 επὶ
3184 1257 3262 1329 τῷ
3306 1259 3480 1330 θρόνῳ
3499 1258 3807 1330 ἀντίζηλον,
3833 1257 3934 1309 ἱνα
3953 1255 4046 1308 καὶ

2463 1346 2637 1402 ταῦτα
2670 1348 2818 1411 ὄντα,
2845 1348 2941 1402 καὶ
2971 1348 3123 1422 παρά
3150 1349 3374 1419 μηδενὸς
3399 1348 3507 1402 τῶν
3537 1349 3839 1418 ἀρχιερέων
3863 1363 4047 1414 παρα-

2463 1436 2847 1506 κροτούμενον,
2901 1438 3042 1491 κατὰ
3093 1437 3187 1490 τοῦ
3223 1439 3297 1507 μή
3340 1455 3446 1490 τινι
3475 1437 3725 1505 συνοδικῇ
3767 1437 4045 1504 ἀποφάσει

2462 1529 2939 1599 παρακινηθέντος
2984 1528 3079 1583 τοῦ
3133 1529 3345 1597 θρόνου,
3397 1527 3622 1598 γνώμας
3653 1527 4045 1597 καθαιρετικὰς

2462 1622 2904 1690 ἀποφαίνεσθαις
2973 1622 3177 1675 Εἴπατε
3221 1624 3268 1675 οἱ
3320 1622 3455 1692 προς
3489 1621 3621 1674 Θεὸν
3659 1619 3769 1672 τῶν
3802 1618 4045 1672 κανόνων

2463 1714 2891 1782 πεπιστευμένοι
2933 1715 3034 1783 τὴν
3085 1714 3334 1784 φυλακὴν
3354 1753 3368 1776 ,
3397 1714 3446 1766 εί
3479 1712 3744 1766 κανονικά
3769 1709 3974 1771 ταῦτα,
3999 1712 4044 1762 εί

2461 1801 2740 1873 ἔνθεσμα,
2768 1807 2816 1858 εί
2861 1805 2968 1859 τῶν
3019 1805 3307 1877 πατρικῶν
3357 1806 3456 1858 ούκ
3502 1803 3681 1874 ἔξωρα
3721 1805 4043 1868 διατάξεων.

792 1897 1089 1966 cipiuntur,
1125 1903 1171 1956 si
1208 1903 1330 1974 jura
1368 1901 1564 1960 similia
1599 1911 1879 1973 mandant,
1910 1913 1954 1966 si
1990 1883 2354 1970 Patrum-ista

2463 1895 2686 1959 Πάντως
2723 1896 2832 1967 γάρ
2884 1897 3012 1962 ἔδει,
3064 1899 3112 1951 εί
3146 1896 3221 1968 μὴ
3248 1897 3434 1960 ἀπλῶς
3457 1897 3629 1966 δνομα
3657 1899 3706 1950 οἱ
3748 1897 3880 1965 παρ’
3913 1899 4044 1966 ἡμῖν

791 1989 1278 2047 constitutionibus
1321 1995 1648 2052 innituntur.
1698 1997 1946 2071 Namque
1985 2018 2211 2071 prorsus
2259 2004 2360 2059 ad-

791 2075 1042 2143 decebat,
1073 2082 1127 2135 ni
1165 2099 1360 2139 nomen
1409 2088 1586 2142 solum
1619 2091 1761 2159 apud
1799 2107 1895 2146 vos
1938 2108 2180 2149 canones
2209 2095 2359 2149 obti-

789 2176 948 2235 nent,
980 2180 1074 2225 aut
1099 2172 1270 2240 juste,
1303 2185 1421 2240 aut,
1459 2178 1554 2234 sed
1590 2179 1764 2244 aliud,
1797 2191 1990 2237 vestra:
2013 2183 2198 2253 pietati
2236 2199 2360 2254 par-

789 2263 1192 2343 cens,nsilentio
1222 2277 1506 2335 praetereo,
1539 2273 1952 2340 suspensionem
1988 2275 2142 2344 prius
2165 2288 2357 2333 contra

790 2350 894 2406 nos'
922 2367 951 2406 a
977 2354 1132 2410 vobis
1159 2357 1374 2413 decerni
1421 2376 1439 2417 :
1487 2361 1674 2430 sicque
1717 2366 2104 2422 communibus
2131 2367 2358 2422 calculis

790 2454 1012 2513 propter
1040 2447 1282 2515 ejusdem
1317 2451 1695 2510 adversantem
1742 2455 2260 2527 discordantemque
2287 2459 2355 2516 ab

789 2532 914 2589 aliis
969 2536 1384 2606 dispositionem
1437 2536 1802 2614 excogitatam
1848 2548 2029 2618 priore
2069 2549 2360 2619 reprobate

791 2627 1090 2682 secundum
1134 2631 1186 2685 in
1236 2633 1361 2688 sede
1399 2637 1751 2694 substituere.
1781 2640 1847 2694 At
1885 2656 2030 2696 nunc
2073 2656 2193 2695 cum
2223 2642 2358 2697 nihil

790 2713 898 2768 tale
927 2728 1203 2784 peractum
1231 2723 1320 2788 sit,
1347 2725 1510 2779 surda
1534 2729 1985 2784 condemnatione
2010 2745 2110 2785 nos
2137 2730 2356 2800 quidem

789 2810 1205 2878 monasterium,
1232 2813 1461 2872 thronus
1509 2833 1658 2884 vero,
1695 2819 1799 2874 nisi
1831 2822 2009 2890 aptius
2037 2821 2108 2877 sit
2145 2821 2356 2888 dicere,

789 2895 985 2960 lectus,
1020 2901 1170 2956 illum
1203 2907 1436 2975 excepit.

860 2989 913 3043 5.
956 2992 1021 3044 Et
1048 2993 1148 3048 hoc
1183 2997 1399 3064 quidem
1436 2999 1669 3067 primum
1703 3013 1889 3057 contra
1932 3004 2056 3074 jura
2099 3008 2362 3063 commis-

788 3095 911 3136 sum
949 3081 1161 3139 facinus
1190 3097 1292 3152 est,
1345 3100 1470 3145 ante
1509 3101 1751 3147 nostram
1792 3095 2002 3150 scilicet
2041 3098 2354 3167 synodaletn

787 3173 1291 3231 condemnationem
1347 3192 1590 3235 nostrum
1635 3184 1688 3237 in
1734 3184 1933 3238 throno
1977 3186 2230 3240 :rmulnm
2269 3189 2351 3242 in-

785 3264 1109 3318 tromittere.
1131 3267 1326 3320 Verum
1359 3271 1537 3324 oratio
1569 3287 1630 3325 ca
1665 3288 1781 3341 quae
1806 3283 1927 3343 post
1948 3276 2354 3332 multitudinem

772 3368 1185 3424 congregatain
1250 3373 1398 3429 gesta
1445 3375 1592 3428 sunt,
1656 3366 1881 3419 recolat.
1936 3364 2354 3435 Recitabantur,

786 3461 909 3514 qua:
943 3449 1010 3500 ab
1039 3449 1170 3517 ipsis
1203 3461 1398 3505 contra
1437 3469 1679 3508 canones
1722 3465 1774 3510 et
1815 3456 1906 3524 jus
1953 3473 2117 3512 omne
2149 3474 2359 3514 nuneu-

785 3537 1078 3604 palantur,
1111 3540 1518 3608 depesitiones:
1559 3562 1658 3600 nos
1691 3562 1719 3599 a
1769 3548 1917 3600 nullo
1947 3559 2104 3603 antea
2147 3551 2358 3618 judi.a-

786 3634 892 3686 tos.
935 3637 1189 3697 tanquam
1235 3631 1286 3683 in
1313 3634 1477 3687 certis
1536 3651 1597 3687 ac
1637 3636 1962 3692 iudubitatis
1999 3649 2354 3708 paternorum

785 3717 1099 3784 dogmatum
1171 3724 1715 3789 przevarieationibus
1763 3729 2242 3795 criminabantur,
2303 3743 2357 3788 ct

787 3805 1076 3862 haereticos
1110 3820 1162 3863 ct
1187 3811 1492 3866 Grati-orum
1521 3815 1726 3882 hostes,
1759 3833 1791 3871 ο
1819 3819 2054 3886 justitia,
2090 3831 2142 3874 et
2170 3823 2352 3878 omnia

785 3899 1112 3964 aspicientes
1140 3902 1352 3957 Domini
1377 3908 1550 3960 oculi!
1581 3907 1797 3976 pietatis
1835 3914 2150 3981 magistros,
2184 3925 2238 3968 ct
2261 3915 2354 3985 qui

782 3988 896 4058 jam
932 3995 1088 4048 annis
1127 4006 1254 4048 ante
1280 3997 1481 4065 elapsis
1514 4015 1668 4053 suam
1702 4018 1828 4072 erga
1860 4003 2079 4060 Graecos
2113 4006 2352 4060 benevo-

785 4081 1006 4135 lentiam
1056 4085 1583 4154 demonstraveram,
1634 4094 1838 4163 ubique
1899 4096 2143 4151 locorum
2182 4099 2356 4168 impu-

784 4173 977 4227 denter
1011 4178 1445 4234 conclamabant.
1483 4181 1618 4248 Quid
1674 4186 1858 4239 multis
1915 4189 2096 4256 opus?
2133 4190 2202 4242 ita
2242 4189 2354 4244 ha'c

783 4265 1061 4318 enuntiata
1099 4267 1221 4322 vilis
1253 4269 1544 4337 plebecula:
1593 4274 1797 4329 rabiem
1846 4276 1900 4329 in
1958 4293 2057 4332 uos
2109 4280 2353 4333 comita-

784 4363 936 4418 runt,
985 4366 1041 4408 ut
1077 4373 1173 4426 per
1204 4369 1314 4415 tres
1343 4361 1458 4417 dies
1493 4363 1734 4431 integros
1782 4367 2046 4422 continuo
2079 4369 2358 4424 diflidere-.

786 4459 932 4504 Inus,
975 4461 1042 4499 an
1095 4448 1254 4516 cujus
1310 4450 1416 4503 diei
1480 4453 1586 4505 vivi
1636 4454 1964 4509 matutinum
2012 4460 2348 4527 aspeximus,

2465 1987 2692 2050 κανόνες
2751 1987 2969 2058 είσὶν.ἢ
3021 1988 3268 2052 δικαίως,
3298 1989 3355 2058 ἢ.
3387 1987 3524 2041 ἀλλά
3562 1988 3620 2041 τὺ
3649 1989 3838 2059 ἕτερον
3871 1988 4046 2054 φειδοῖ

2459 2077 2558 2147 τῆς
2600 2077 2756 2147 ὑμῶν
2813 2078 3247 2148 σεϐασμιότητος
3286 2079 3609 2144 ἀποσιωπῶ,
3645 2079 3846 2148 ἀργίαν
3883 2079 4042 2149 ἡμῶν

2459 2165 2945 2236 καταψηφίσασθαι
3002 2168 3145 2237 ὑμᾶς
3191 2167 3496 2240 πρότερον,
3563 2170 3659 2221 καὶ
3745 2167 3887 2222 οὕτω
3952 2168 4043 2220 τὸν

2461 2258 2666 2320 κοιναῖς
2709 2258 2832 2320 ταῖς
2889 2256 3113 2328 ψήφοις.
3149 2258 3238 2311 διὰ
3270 2259 3330 2310 τὸ
3397 2259 3534 2329 πρὸς
3565 2259 3661 2326 τὴν
3708 2259 4042 2334 ἀντίρροπον

2465 2346 2780 2415 οἰκονομίαν
2834 2347 3163 2417 ἀσύμφωνον
3219 2348 3383 2402 αὑτοῦ
3435 2346 3947 2414 ἀποδοκιμασθέντα
3983 2349 4044 2400 τδ

2461 2437 2611 2506 πρὶν,
2651 2437 3123 2509 ἀντικαταστῆσαι
3172 2437 3248 2509 τῷ
3280 2436 3452 2508 θρόνῳ
3482 2438 3573 2492 τὸν
3603 2437 3875 2507 δεύτερον.
3925 2438 4042 2491 Νῦν

2458 2526 2514 2580 δὲ
2547 2528 2791 2582 τοιούτου
2841 2530 3068 2600 μηδενὸς
3104 2532 3408 2598 γεγονότος,
3443 2532 3600 2600 κωφῇ
3644 2533 3710 2600 τῇ
3752 2529 4036 2604 καταδίκῃ

2461 2617 2607 2688 ἡμᾶς
2632 2619 2785 2690 μὲνὴ
2816 2621 2975 2692 μονὴ,
3006 2622 3034 2673 ό
3056 2621 3109 2674 δὲ
3136 2622 3342 2691 Θρόνος,
3381 2624 3428 2674 εί
3460 2623 3532 2691 μή
3569 2639 3628 2688 γε
3665 2623 4044 2692 προσφυέστε·

2463 2709 2555 2780 ρόν
2585 2712 2733 2766 ἔστιν
2766 2715 2960 2779 είπεῖν,
2988 2714 3019 2784 ἡ
3057 2714 3236 2784 κλίνη.
3268 2717 3475 2767 ἐκεῖνον
3499 2714 3797 2784 ἐλάμϐανε.

2538 2979 2588 3034 ἐ.
2637 2979 2747 3033 Καὶ
2777 2979 2935 3032 τοῦτο
2973 2980 3075 3049 μὲν
3112 2979 3254 3033 οὕτω
3283 2980 3499 3051 πρῶτον
3548 2983 3636 3049 ἐφ’
3663 2984 3794 3052 ἡμῖν
3842 2985 4042 3051 γέγονε

2461 3070 2524 3125 τδ
2569 3071 2837 3141 ἀδίκημα,
2875 3072 2935 3125 τὸ
2971 3071 3076 3141 πρὸ
3107 3073 3204 3140 τῆς
3253 3073 3377 3125 καθ’
3409 3074 3570 3144 ἡμῶν
3603 3075 3884 3144 συνοδικῆς
3920 3078 4043 3130 δια·

2462 3165 2741 3233 γνώσεως,
2777 3167 3240 3235 ἀντικαταστῆναι
3291 3167 3368 3238 τῷ
3400 3169 3574 3239 θρόῳ
3617 3169 3708 3222 τὸν
3752 3171 3912 3240 ἡμῶν
3949 3172 4044 3223 ἐπὶ

2460 3257 2638 3327 τούτῳ
2664 3258 2968 3328 ἀντίζηλον.
3008 3260 3068 3312 '0
3097 3260 3152 3311 δὲ
3192 3260 3348 3328 λόγος
3377 3261 3486 3313 τῶν
3527 3262 3664 3331 μετά
3708 3263 3808 3332 τὴν
3855 3263 4045 3331 ἀθροι-

2464 3367 2550 3404 σιν
2583 3351 2675 3404 τοῦ
2702 3351 2858 3422 πλήθι
2882 3369 2943 3414 υς
2976 3352 3076 3422 ἥδη
3111 3353 3520 3422 ὲπιμνησθήτω.
3587 3353 4044 3421 Ἀνεγινώσκοντο

2465 3441 2565 3511 μὲν
2595 3443 2652 3496 αί
2682 3447 2814 3513 παρ’
2845 3443 3028 3504 αὐτοῖς
3059 3443 3449 3508 ἀκανονίστως,
3487 3443 3581 3497 καὶ
3627 3445 3883 3514 ἀθέσμως
3919 3447 4042 3499 dvo-

2465 3533 2766 3602 μαζόμεναι
2801 3534 3174 3605 καθαιρέσεις,
3213 3537 3338 3596 τοὺς
3373 3534 3430 3588 δὲ
3463 3536 3614 3606 παρά
3647 3536 3875 3604 μηδενὸς
3908 3540 4044 3589 ἀνα-

2461 3625 2750 3695 κριθέντας
2813 3628 2992 3696 ἡμᾶς,
3048 3627 3122 3689 ὡς
3177 3628 3268 3679 ἐπὶ
3312 3627 3774 3698 ὁμολογουμέναις
3833 3645 4044 3694 πατςι-

2461 3717 2574 3769 κῶν
2638 3716 2922 3786 δογμάτων
2983 3719 3357 3788 παραὸασίαις
3399 3720 3670 3790 ᾐτιῶντο,
3719 3721 4041 3790 αἱρετικοῑις

2461 3810 2554 3860 καὶ
2585 3807 2696 3860 τῶν
2739 3808 3030 3876 Ῥωμαίων
3065 3810 3316 3880 ἐχθροὺς,
3353 3810 3398 3863 ὣ
3424 3811 3590 3872 δίκαι,
3633 3811 3728 3864 καὶ
3773 3814 3822 3864 οί
3872 3815 4043 3866 πανο”

2458 3899 2693 3968 ὁρῶντες
2729 3899 3002 3970 ὀφθαλμοὶ
3053 3901 3149 3954 τού
3192 3902 3367 3956 Θεούί
3423 3903 3548 3961 τοὺς
3592 3906 3691 3972 τῆς
3747 3904 4045 3968 εὐσεϐείας

2458 3992 2834 4054 διδασκάλους.
2863 3997 2958 4045 καὶ
2990 3995 3051 4046 τὸ
3090 3995 3297 4047 ἑαυτῶν
3319 3999 3378 4049 ὲν
3412 3994 3630 4057 πολλοῖς
3692 3997 3838 4048 κατά
3906 4015 4041 4049 και-

2462 4083 2586 4150 ρούς
2638 4085 3024 4150 ἀποδείξαντες
3088 4087 3487 4157 φιλορώμαιον,
3550 4086 3727 4155 πάντη
3799 4088 4043 4147 amas,-

2455 4172 2790 4226 ἀπεκάλουν.
2828 4175 2936 4225 Καὶ
2967 4173 3019 4226 τί
3046 4177 3116 4228 τὰ
3151 4175 3319 4229 πολλά
3356 4193 3370 4241 ;
3413 4175 3571 4228 Οὕτω
3624 4175 3803 4228 ταῦτα
3875 4177 4038 4242 λεγὸ⁴

2461 4281 2599 4333 μενα
2629 4263 2726 4335 τὴν
2762 4265 2885 4317 καθ’
2913 4266 3074 4334 ὴμῶν
3107 4269 3306 4334 μανίαν
3359 4267 3456 4321 τοῦ
3497 4268 3737 4338 πλήθους
3798 4269 4039 4339 ἀνῆψεν,

2453 4354 2526 4417 ὡς
2558 4357 2650 4407 ἐπὶ
2683 4358 2861 4424 τρισὶν
2889 4357 3039 4419 ὅλαις
3106 4360 3341 4428 ἡμέραις
3399 4360 3532 4429 μηδὲ
3595 4359 3818 4430 θαρρεῖν
3884 4361 4042 4429 ἔχειν

2454 4444 2624 4512 ἡμᾶς,
2654 4439 2716 4513 ἦε
2744 4445 2954 4515 ἡμέρας
2987 4446 3047 4498 τὸ
3080 4447 3302 4498 ὲωοινὶν
3334 4448 3548 4516 εἴδομεν
3577 4447 3799 4512 ζῶντες,
3823 4449 4042 4518 ταύτης

783 4535 929 4590 illius
961 4540 1120 4592 etiam
1148 4541 1306 4594 tinem
1354 4545 1540 4599 eodem
1588 4548 1749 4602 modo
1786 4548 2142 4602 intueremur.
2179 4549 2351 4602 Ilomo

2460 4532 2552 4582 καί
2590 4533 2649 4581 τὸ
2672 4531 2826 4594 τέλος
2865 4534 3066 4602 ὁμοίως
3099 4536 3246 4587 ἰδεῖν.
3274 4530 3444 4597 Οὗτος
3467 4538 3577 4606 γὰρ
3611 4537 3902 4606 ἄνθρωπος
3942 4543 4042 4593 τὶν

783 4629 1052 4697 siquidem
1095 4633 1342 4696 rationis,
1377 4651 1498 4704 qua:
1546 4647 1630 4690 est
1671 4639 1722 4691 in
1751 4640 1834 4693 sui
1874 4639 2218 4704 deﬁnitione,
2251 4657 2350 4694 ex-

786 4733 946 4787 pers,
1009 4723 1273 4778 absurdas
1347 4729 1724 4784 accusationes
1791 4730 2058 4784 adversus
2111 4733 2349 4802 aliquem

785 4801 1014 4880 jartatas
1037 4816 1415 4880 exaudiens,'si
1443 4831 1715 4873 momenta
1741 4822 2028 4876 calumniae
2051 4827 2356 4878 accusatio-

789 4897 984 4966 nisque
1035 4916 1139 4952 non
1186 4902 1515 4972 dignoverit,
1566 4909 1748 4961 subito
1773 4919 1825 4963 et
1864 4910 2072 4978 absque
2111 4928 2260 4965 mora
2289 4930 2347 4967 ex

787 4991 1060 5043 calumnia
1137 4996 1618 5052 criminationibus
1690 5000 1894 5055 exortis
1967 5003 2277 5057 incenditur
2335 5025 2348 5059 :

786 5083 932 5148 quod
954 5081 994 5134 si
1022 5087 1299 5137 accusatio
1335 5088 1401 5140 ab
1435 5089 1617 5157 aliquo
1647 5090 1698 5142 in
1728 5090 1992 5160 dignitate
2026 5096 2348 5160 constituto,

788 5181 836 5223 et
872 5175 1206 5238 praeceltvnte
1258 5179 1550 5242 emanarit,
1597 5179 1957 5234 inflammatio
1991 5183 2080 5235 illa
2116 5184 2350 5252 majores

785 5267 930 5319 vites
971 5271 1224 5336 acquirit,
1271 5272 1532 5341 dignitate
1578 5272 1733 5326 facile
1783 5273 1939 5326 ﬁdem
1992 5275 2347 5339 conciliante,

785 5361 1028 5428 cumqui
1065 5363 1337 5418 similibus
1385 5365 1630 5417 animum
1681 5367 1990 5429 advertunt,
2031 5367 2272 5436 dignosc'
2295 5383 2352 5422 re

785 5468 891 5506 non
923 5453 1145 5519 possint,
1173 5455 1462 5522 aliquando
1493 5456 1802 5522 veritatem,
1838 5474 1998 5526 quam
2031 5460 2081 5511 iu
2118 5475 2175 5512 se
2211 5475 2344 5512 eon-

783 5543 954 5596 tinvre
990 5543 1143 5597 debet
1168 5546 1401 5612 dignitas
1428 5558 1480 5600 et
1505 5550 1822 5608 auctoritas,
1861 5550 1927 5600 ah
1965 5550 2042 5602 ira
2075 5557 2129 5602 et
2167 5551 2346 5614 rabie,

781 5648 904 5699 qua:
939 5645 1063 5686 suat
1088 5637 1532 5701 prrtnrbationes
1564 5638 1785 5690 humani
1817 5638 1984 5690 animi
2013 5638 2292 5691 interverti
2333 5656 2346 5693 :

784 5723 1077 5791 aliquando
1124 5727 1306 5791 etiam,
1344 5743 1468 5782 cum
1515 5729 1753 5798 cognitio
1801 5744 1829 5782 a
1883 5717 2145 5800 dignitate
2191 5730 2351 5799 longe

786 5824 887 5881 est,
923 5818 987 5869 ad
1024 5822 1354 5883 mendaeem,
1393 5833 1446 5876 et
1476 5823 1816 5876 temerariam
1852 5823 2117 5892 ejusmodi
2165 5823 2346 5878 homi-

2460 4624 2561 4692 μὲν
2581 4626 2644 4675 ὲκ
2677 4624 2770 4676 τοῦ
2810 4626 2938 4695 ὅρου
2976 4627 3140 4678 αὑτοῦ
3165 4628 3325 4694 λόγου
3353 4629 3426 4698 μὴ
3453 4630 3742 4698 εὐμοιρῶν,
3787 4631 4041 4695 ἀτόπους

2455 4717 2606 4779 τινὰς
2642 4721 2980 4790 κατηγορίας
3017 4722 3402 4789 ὲνωτιζόμενος
3433 4723 3852 4790 προτεινομένας
3886 4731 4040 4778 δια-α

2455 4825 2624 4873 τινος,
2664 4811 2938 4879 μηδεμίαν
2981 4813 3154 4881 ῥοπὴν
3202 4815 3270 4882 τῇ
3343 4813 3440 4881 τῆς

2455 4901 2710 4970 διαϐολῆς
2749 4903 3026 4972 διανρῖσει
3057 4904 3256 4966 διδοὺς,
3293 4907 3522 4972 τάχιστα
3562 4905 3636 4966 ὡς
3671 4906 3757 4957 ἐπ’
3798 4908 4037 4974 ἀληθέσι

2455 4996 2568 5056 τοῖς
2612 4995 2677 5044 ὲκ
2731 4993 2983 5064 διαϐολῆς
3044 4997 3366 5063 αίτιάμασιν
3416 4996 3805 5060 ἑξανάπτεται.
3871 5001 3932 5050 lii
3975 5001 4036 5051 δὲ

2455 5085 2548 5136 καὶ
2577 5086 2707 5154 παρ’
2754 5085 2946 5154 ἀνδρὶς
3001 5088 3054 5138 ai
3099 5088 3428 5154 κατηγορίαι
3487 5087 3547 5136 ἐκ
3581 5103 3725 5148 τινος
3785 5102 4031 5154 περιφα-

2454 5177 2601 5239 νείας
2631 5179 2688 5228 τὸ
2713 5179 2887 5230 δοκεῖν
2923 5179 3158 5248 ἔχοντος,
3197 5180 3395 5247 μᾶλλον
3425 5181 3454 5247 ἡ
3493 5180 3708 5246 ἀναψιῖ,
3763 5179 3826 5231 τὺ
3895 5182 4034 5249 πρὸ(

2457 5269 2638 5321 πίστιν
2671 5270 3094 5339 ,εὐπαράδεκτον
3157 5273 3469 5337 εἰσάγοντος
3526 5270 3616 5322 τοῦ
3685 5272 4034 5339 ἀξιώματος,

2454 5360 2550 5413 ﬁte
2601 5360 2694 5412 τοῦ
2739 5365 2850 5423 τοῖς
2899 5365 3161 5426 τιίιούτοις
3221 5363 3579 5432 προσέχοντος
3645 5363 3720 5429 μὴ
3789 5366 4032 5416 συνιδεῖν

2453 5451 2694 5520 ἔχοντος,
2751 5454 2826 5515 ὡς
2882 5456 3009 5506 ποτὲ
3061 5457 3160 5524 μὲν
3183 5458 3248 5526 ἣν
3307 5456 3615 5522 ὀφείλουσιν
3670 5455 3940 5525 ἀλήθειαν
3973 5460 4032 5508 αι

2453 5547 2927 5615 περιφάνειαικαὶ
2956 5547 3025 5598 τὰ
3067 5547 3379 5617 ἀξιώματα,
3432 5549 3640 5613 ταύτην
3683 5547 3885 5614 Θυμδς,
3929 5553 4026 5600 καὶ

2452 5639 2612 5707 ὀργὴ,
2650 5637 2798 5709 πάθη
2851 5641 2980 5691 δντα
3023 5639 3364 5706 ἀνθρώπινα,
3420 5637 3735 5706 ὑφαιροῦσι,
3789 5640 3922 5690 ποτὲ
3968 5641 4025 5692 δὲ

2452 5731 2654 5798 γνῶσις
2687 5732 3038 5801 προσήκουσα
3066 5730 3142 5799 τῷ
3163 5731 3456 5800 ἀξιώματι,
3503 5731 3643 5798 πρὸς
3683 5729 3860 5798 ψευδῇ
3917 5735 4016 5782 καὶ

2453 5821 2648 5888 ἄλογον
2697 5821 2821 5882 τοὺς
2855 5822 3136 5885 τοιούτους
3169 5821 3362 5889 ἀνάγει
3417 5821 3753 5889 κατηγορίαν
3775 5861 3790 5886 ,
3823 5819 3926 5891 οὐχ
3951 5819 4030 5883 ὡς

3525 4816 3895 4880 συκοφαντίας
3937 4821 4039 4869 καὶ
