4214 6446
248 399 356 464 957

1240 398 1340 458 DE
1380 399 1888 462 DEPOSITIONE
1926 401 2072 463 SUA
2114 400 2339 465 ORAT.
2372 401 2400 460 Ι

3387 399 3494 462 958

248 518 283 585 ἡ
348 515 580 586 ἀλήθεια
621 513 894 584 βούλεται,
945 514 1062 568 ἀλλ’
1106 515 1183 579 ὡς
1242 517 1397 571 αὐτοὶ
1444 516 1627 570 νοοῦσι
1681 517 1808 587 πρὸς

1925 532 2021 573 nes
2074 518 2475 573 accusationem
2527 514 2727 577 induci,
2760 512 2879 584 qui,
2909 525 3017 566 non
3077 520 3135 568 ut
3167 510 3372 567 veritas
3401 527 3489 566 re-

246 607 308 658 τὺ
341 606 675 675 κατηγορεῖν
706 605 1060 676 έρχομένους.
1091 605 1154 660 El
1193 606 1367 660 ol'xai
1396 608 1473 670 ὡς
1517 608 1645 676 περὶ
1685 607 1820 661 Θεοῦ

246 698 346 749 καὶ
400 697 634 758 πίστεως
685 697 1052 766 προφέρονται
1088 696 1156 748 τὰ
1184 696 1502 767 αἰτιάματα,
1538 698 1599 751 οὐ
1636 698 1823 768 μέτρῳ

243 786 355 838 τινὶ
379 787 515 855 πρὸς
544 787 715 855 ὀργήν
743 788 856 839 ἔστι
883 785 1006 838 τότε
1039 787 1099 839 τὸ
1141 787 1452 857 ἀνθρώποις
1480 787 1821 858 ἀλογώτερον

244 876 642 944 ἀναπτόμενον.
668 875 825 946 τάχα
854 875 962 946 γὰρ
989 878 1016 929 ό
1045 875 1284 938 τοιοῦτος
1309 878 1376 929 τὰ
1409 877 1622 946 μεγάλα
1643 877 1815 931 οίεται

243 969 571 1038 θεραπεύειν
591 969 726 1022 Θεδν
748 1012 764 1035 ,
808 971 856 1022 εί
899 970 1058 1040 μέχρι
1097 969 1316 1039 σφαγῆς
1353 972 1445 1023 καὶ
1479 971 1706 1040 αἵματος
1729 971 1822 1023 τὸν

241 1060 723 1129 κατηγορούμενον
781 1061 849 1113 τὰ
880 1061 1105 1118 τοιαῦτα
1147 1061 1403 1132 μετέλθῃ,
1453 1061 1530 1124 είς
1567 1062 1705 1126 ὅπερ
1753 1062 1818 1130 δὴ

240 1149 496 1200 κινδύνου
555 1150 686 1219 παρ’
729 1149 908 1217 ὀλίγον
948 1149 1184 1221 ἤλθομεν
1229 1152 1322 1203 καὶ
1353 1151 1528 1220 ἡμεῖς.
1564 1152 1688 1205 Ἐπὶ
1711 1153 1819 1222 γὰρ

239 1240 424 1307 τρισὶν
472 1241 622 1302 ὅλαις
652 1240 890 1310 ἡμέραις
917 1241 1144 1308 θαρρετν
1172 1241 1273 1294 ούκ
1301 1241 1519 1312 εἴχομεν
1549 1243 1815 1313 ἀκριϐῶς,

238 1323 306 1397 ἧς
337 1330 553 1398 ἡμέρας
583 1330 644 1381 τὸ
678 1330 898 1383 έωθινδν
932 1331 1144 1401 εἴδαμεν
1197 1330 1423 1396 ζῶντες,
1466 1331 1672 1402 ταύτης
1723 1333 1817 1386 καὶ

241 1423 302 1473 τὸ
331 1421 486 1484 τέλος
521 1421 726 1490 ὁμοίως
765 1421 918 1477 ίδείν.

297 1589 375 1654 ς’.
399 1592 551 1645 Μετὰ
574 1591 630 1646 δε
654 1609 753 1660 την
775 1593 957 1646 αὐτῶν
984 1595 1192 1665 τρίτην,
1214 1596 1284 1649 τὶ
1317 1598 1382 1649 tat
1415 1597 1521 1650 τῶν
1542 1597 1818 1668 ῥηθέντων

235 1683 505 1735 κωδώνων
529 1685 692 1752 ηχουν
723 1685 884 1738 πάλιν
915 1687 1270 1756 κηρύγματα,
1307 1690 1417 1741 ’καὶ
1463 1689 1628 1742 πάλιν
1678 1687 1816 1742 ἀτά-

235 1789 372 1825 κτου
400 1775 634 1844 πλήθους
659 1776 824 1848 ὁρμὴ.
844 1778 937 1831 καὶ
956 1778 1114 1831 πάλιν
1134 1779 1362 1848 ἀνδρῶν,
1382 1780 1444 1834 ού
1461 1782 1679 1838 πάντων
1693 1780 1814 1850 μὲν.

1931 609 2122 679 qnirit,
2185 612 2278 664 sed
2333 617 2390 663 ut
2426 608 2546 675 [illis
2606 607 2801 676 volupe
2847 615 2951 668 est,
3001 605 3067 658 ad
3123 604 3494 660 accusandum

1929 697 2213 751 accedunt.
2247 693 2404 762 Quod
2436 694 2480 749 si
2511 693 2577 748 de
2616 692 2744 756 Deo,
2776 703 2828 748 et
2864 694 2966 748 fide
2997 693 3379 748 accusationes
3400 692 3487 746 ln-

1923 788 2245 848 stituuntur,
2281 795 2394 840 tum
2444 798 2700 838 mensura
2735 784 2938 852 aliqua,
2973 783 3122 853 quod
3167 786 3222 837 in
3263 783 3490 838 homine

1921 887 2003 933 est
2038 882 2212 949 magis
2264 877 2494 933 rationis
2536 891 2774 946 expers,
2828 875 3139 930 incenditur
3183 892 3197 930 :
3253 889 3492 945 namque

1922 970 2218 1022 maximum
2259 983 2318 1025 se
2352 967 2561 1023 cultum
2605 967 2713 1021 Deo
2768 974 3030 1034 praestare
3077 967 3395 1032 existimat,
3443 965 3490 1021 sl

1922 1075 2097 1129 usque
2123 1060 2189 1114 ad
2222 1077 2435 1126 necem,
2482 1070 2538 1115 et
2594 1057 2916 1128 sanguinem
2972 1069 3287 1111 accusatum
3323 1057 3391 1113 de
3411 1058 3492 1112 si-

1919 1152 2139 1206 milibus
2191 1154 2426 1223 puniat,
2479 1151 2546 1206 ad
2597 1149 2744 1222 quod
2801 1149 2972 1204 ferme
3028 1148 3332 1219 periculum
3387 1164 3489 1204 nos

1919 1252 2129 1299 tantum
2182 1259 2287 1298 non
2345 1245 2687 1298 devenimus.
2739 1240 2844 1296 Per
2905 1250 3018 1294 tres
3059 1241 3204 1293 enim
3250 1238 3490 1309 integros
3549 1267 3556 1275 -

1917 1334 2056 1398 dies,
2104 1334 2455 1396 utdiximus.
2520 1334 2684 1390 nimis
2745 1331 2893 1387 male
2938 1329 3357 1392 metuebamus,
3418 1344 3486 1384 an

1916 1425 2048 1484 diei.
2083 1429 2241 1494 cujus
2271 1425 2564 1480 matutinas
2625 1425 2790 1480 horas
2821 1419 2929 1477 vivi
2960 1419 3294 1492 aspeximus,
3325 1418 3487 1474 ﬁnem

1915 1516 2102 1572 eadem
2140 1515 2453 1571 conditione
2483 1515 2812 1570 videremus.

1983 1605 2038 1662 6.
2082 1605 2175 1660 Die
2203 1620 2352 1668 vero,
2383 1605 2477 1676 qui
2511 1605 2733 1659 tertium
2773 1605 3246 1673 consequebatur,
3282 1613 3480 1655 rursus

1915 1696 2116 1752 eadem
2147 1712 2270 1752 cum
2317 1710 2709 1766 campanarum
2747 1695 2978 1764 strepitu
3018 1693 3482 1765 proclamatlones

1917 1789 2278 1843 audiebantur
2309 1805 2324 1843 :
2363 1803 2558 1843 rursus
2582 1787 2908 1842 inordinate
2931 1785 3298 1840 multitudinis
3322 1783 3489 1852 impe-

233 1866 338 1916 οὺκ
363 1865 563 1932 ὀλίγων
589 1868 644 1920 δὲ
675 1847 809 1930 τέως
844 1869 1131 1937 φονώντων
1179 1871 1454 1943 ἄθροισμα
1485 1847 1794 1945 παμμιγὲς.

1919 1888 2023 1944 ιιιε,
2067 1893 2257 1934 rursus
2291 1878 2570 1934 hominum
2619 1893 2726 1932 non
2769 1877 3037 1940 omnium,
3077 1882 3318 1928 attamen
3378 1847 3483 1925 non
3583 1921 3588 1926 .

234 1957 400 2018 ναοὺς
422 1958 681 2028 ιπλήρου.
716 1960 809 2012 καὶ
881 1962 1114 2031 πρόναα,
1173 1967 1267 2018 καὶ
1329 1965 1422 2019 τοῦ
1447 1965 1575 2020 ναοῦ
1602 1968 1669 2022 τὰ
1718 1985 1812 2038 μευ

233 2049 572 2117 τεωρότερα,
601 2051 694 2102 καὶ
723 2052 899 2106 ταῦτα
937 2054 1172 2123 μάλιστα
1203 2056 1327 2111 κατ’
1379 2057 1683 2129 έξαίρετον,
1731 2059 1810 2124 ὡς

232 2137 417 2190 exstas
451 2141 549 2207 τῆς
597 2140 708 2193 τῶν
753 2145 1055 2214 ἀρχιερέων
1102 2148 1430 2219 όμηγύρεως
1490 2151 1806 2220 γινομένης.

227 2220 319 2275 διὰ
354 2223 655 2294 συζήτησιν
674 2227 815 2298 τάχα
835 2229 944 2284 τῶν
972 2232 1093 2285 καθ’
1126 2234 1294 2302 ἡμᾶς.
1332 2233 1472 2304 Ἐγὼ
1501 2235 1547 2289 δ’
1575 2237 1808 2292 δνταῦθα

223 2313 321 2367 τοῦ
362 2314 522 2384 λόγου
560 2319 868 2390 γενόμενος,
903 2322 1052 2387 ὅπως
1081 2324 1148 2378 ἂν
1173 2327 1323 2398 αύτῷ
1352 2329 1447 2380 καὶ
1477 2331 1803 2401 χρησαίμην

226 2405 330 2458 οὐκ
354 2405 488 2477 lxi».
520 2404 623 2463 Ὧν
653 2411 763 2481 γὰρ
793 2415 1176 2486 κατηγορῆσαι
1213 2416 1476 2490 βούλομαι
1507 2422 1804 2487 δικαστῶν.

228 2495 442 2582 τούτων
488 2498 911 2572 ὕπερηγορῆσαι
964 2503 1143 2560 πείθει
1183 2524 1250 2577 με
1308 2509 1342 2578 ἡ
1394 2510 1646 2582 ἀλήθεια,
1707 2512 1806 2568 καὶ

228 2586 333 2640 οὐκ
358 2581 460 2640 οἷδ’
513 2590 826 2661 ὁποτέρωσε
877 2593 1050 2664 ρέψω,
1087 2597 1200 2650 είτε
1257 2599 1393 2668 πρὸς
1447 2581 1804 2673 κατηγορίαν,

228 2675 320 2730 διὰ
348 2677 413 2731 τδ
444 2679 633 2733 ἄδικον
660 2681 759 2750 τῆς
790 2684 1044 2752 πράξεως
1069 2687 1244 2753 τέλος,
1276 2689 1385 2743 εἴτε
1410 2693 1546 2762 πρὸς
1595 2695 1805 2766 ύπερηο

230 2769 430 2856 γορίαν
451 2769 540 2823 διὰ
559 2771 618 2823 τὸ
633 2773 770 2842 πρὸς
789 2774 888 2845 τὴν
903 2775 1103 2845 πρᾶξιν
1125 2779 1399 2835 ἀκούσιον.
1425 2784 1500 2838 ού
1517 2789 1626 2856 γὰρ
1653 2787 1805 2841 έκόν·

228 2874 320 2921 τες
345 2855 514 2930 ἦλθον
539 2861 674 2928 πρὸς
699 2862 949 2934 τοῦργον,
976 2867 1092 2919 ἀλλ’
1112 2868 1340 2935 ἄκοντες
1362 2875 1493 2942 πρὸς
1516 2855 1648 2929 αὐτὸ
1677 2895 1805 2931 συν-

227 2947 536 3019 ηλὰθησαν,
564 2951 660 3006 καὶ
670 2952 767 3022 οὐχ
787 2953 858 3014 ὡς
876 2955 1132 3010 δικασταὶ
1153 2962 1325 3013 ποιεῖν
1360 2968 1801 3037 συγκεχιῖ-ρηντο,

227 3037 440 3102 ἀλλ’ὡς
472 3042 758 3095 κατάδικοι
785 3045 1016 3114 πάσχειν
1044 3047 1355 3117 ἡπείληντο,
1387 3053 1436 3104 εί
1468 3055 1543 3122 μὴ
1573 3057 1636 3108 τὰ
1659 3058 1805 3124 imi

225 3129 490 3198 ἁθέσμως
514 3133 606 3184 καὶ
636 3133 1007 3200 ἁκανονίστως
1053 3139 1438 3207 ἁποςανὺέντα
1475 3144 1599 3197 καθ’
1649 3146 1805 3217 ἡμῶν

229 3219 724 3279 επισεδαιὼτωσεν.
788 3225 852 3280 Ἦ
886 3227 944 3281 δι
1006 3230 1208 3301 ἀπειλὴ
1259 3234 1319 3285 ού
1371 3238 1698 3306 χρημάτων,
1738 3242 1799 3294 ού

229 3311 556 3380 κτημάτων,
601 3315 662 3367 ού
701 3314 802 3384 τῆς
837 3317 1254 3390 ἀρχιερωσύνης
1305 3323 1474 3393 αὐτῆς
1527 3328 1801 3394 ἔκπτωσις

228 3395 322 3470 ἦν,
358 3403 494 3460 ἀλλὰ
518 3402 768 3471 θάνατος,
793 3409 887 3461 καὶ
915 3405 1068 3474 οὗτος
1095 3411 1309 3483 ἀπηνὴς
1333 3417 1427 3469 καὶ
1470 3418 1800 3487 βιαιότατος.

229 3487 329 3555 Οἷς
367 3492 478 3563 γὰρ
506 3495 681 3548 ἐδόκει
706 3499 846 3567 μετὰ
878 3500 980 3570 τὴν
1015 3503 1173 3570 ἡμῶν
1223 3507 1518 3578 καταδίκην
1553 3509 1651 3581 τὴν
1695 3515 1803 3566 πᾶ-

231 3600 338 3636 σαν
370 3585 460 3637 ἔπ’
491 3585 688 3649 αὐτοὺς
708 3589 904 3658 τρέψαι
935 3594 1160 3657 κακίαν,
1186 3596 1262 3658 ὡς
1290 3598 1318 3649 ὁ
1341 3598 1531 3667 χρόνος
1558 3602 1803 3670 ἀκριῦῶς

230 3675 584 3746 παρέστησεν
606 3676 857 3746 ὕστερον,
890 3679 1090 3736 έκεῖνοι
1143 3683 1276 3750 τῶν,
1310 3687 1388 3750 ὡς
1424 3690 1668 3760 είρηται,
1703 3711 1802 3762 χυ-

234 3766 408 3821 δαίων
461 3769 555 3821 καὶ
579 3770 816 3837 φονικῶν
854 3771 1065 3843 ἀνδρῶν
1094 3776 1192 3838 τὰς
1239 3782 1565 3848 συναγωγὰς
1605 3783 1805 3854 ᾠκονό-

239 3877 402 3929 μουν,
432 3860 509 3924 ὡς
545 3862 632 3925 ἂν,
664 3861 720 3914 εί
748 3863 833 3925 τίς
885 3881 990 3916 που
1031 3867 1231 3936 μικρὸν
1270 3870 1406 3936 πρὸς
1440 3874 1510 3926 τὰ
1555 3890 1804 3946 παρακε-

233 3952 509 4022 λευόμενα
545 3953 892 4024 ύπογρύξειε,
943 3957 1172 4012 θάνατον
1221 3960 1283 4013 τὸ
1338 3963 1613 4033 ἐπιτίμιον
1666 3968 1801 4024 ὑπο-

234 4044 422 4111 σταίη.
452 4045 518 4096 Τί
542 4045 673 4113 γοῦν
696 4043 842 4116 εἶχον
872 4049 1096 4118 ποιῆσιι
1136 4052 1186 4104 οί
1211 4053 1346 4124 πρὸς
1367 4055 1566 4124 ἄλογον
1601 4063 1801 4129 μανίαν

237 4133 507 4202 πλήθους,
555 4137 648 4187 καὶ
689 4137 867 4206 ὁρμὴν
895 4138 1218 4204 ἀκάθεκτον,
1255 4142 1506 4215 ἀντέχειν
1556 4149 1655 4202 οὐκ
1691 4150 1806 4216 έξιο

235 4226 530 4296 σχύοντεςς
564 4227 628 4279 Τί
658 4228 785 4281 ἄλλο
807 4245 870 4296 γε
901 4233 935 4299 ἢ
959 4230 1055 4282 τοῦ
1098 4233 1295 4302 καιροῦ
1336 4236 1580 4292 ένδοῦναι
1617 4243 1685 4312 τῇ
1710 4243 1805 4296 δυ-

232 4323 483 4393 ναστείᾳ.
518 4323 713 4392 καὶμὴ
742 4326 1040 4395 ἐπιχειρεῖν
1077 4327 1287 4395 ὀλίγαις
1345 4331 1558 4398 ῥανίσιν
1612 4335 1804 4402 ὓδατος

233 4414 410 4481 φλόγα
431 4415 561 4484 ὃλην
587 4416 666 4476 είς
698 4413 937 4484 αἰθέριον
959 4415 1270 4487 ὑψουμένην
1300 4419 1575 4475 σϐεννύειν
1609 4442 1624 4490 ;
1655 4427 1804 4491 Τέως

1912 1985 2234 2042 paucorum,
2264 1970 2464 2027 eadem
2514 1970 2904 2034 minitantium,
2929 1964 3289 2031 confusanea,
3321 1971 3486 2030 atque

1914 2062 2256 2118 miscellanea
2315 2061 2587 2128 mistura,
2651 2070 2705 2117 et
2763 2060 3086 2116 inconstans
3156 2068 3484 2127 congressus

1907 2153 2106 2223 templa
2166 2152 2546 2222 complebant.
2603 2158 2660 2206 et
2711 2148 2991 2220 porticus,
3049 2155 3105 2204 et
3158 2145 3484 2216 templorum

1907 2252 2090 2314 partes
2127 2242 2444 2307 erectiores,
2506 2241 2572 2296 ad
2626 2255 2764 2311 quas
2807 2239 3155 2310 potissimum
3197 2250 3484 2294 concurre-

1907 2335 2060 2399 bant,
2095 2349 2216 2399 cum
2245 2334 2297 2388 in
2330 2331 2434 2387 illis
2479 2330 2770 2402 pmsulum
2824 2339 3004 2386 castus
3035 2328 3483 2398 congrederetur,

1908 2443 1998 2482 res
2045 2436 2259 2480 nostras
2293 2423 2708 2494 dijndieatnrus.
2747 2422 2868 2493 Ipse
2893 2416 3178 2477 vero'cum
3214 2418 3322 2474 huc
3350 2431 3481 2472 ora-

1907 2518 2061 2573 tione
2106 2516 2443 2583 devenerim,
2497 2514 2772 2586 q'uomodo
2822 2528 2885 2569 ea
2931 2513 3009 2569 uti
3069 2510 3321 2572 debeam,
3371 2522 3480 2561 non

1905 2607 2098 2678 liquet.
2148 2606 2396 2672 Quorum
2425 2606 2570 2660 enim
2617 2603 2864 2673 iudicum
2889 2601 3295 2658 accusationem
3323 2597 3483 2652 iusti—-

1908 2710 2025 2762 tuo,
2086 2699 2282 2752 horum
2331 2696 2708 2752 defensionem
2765 2695 3046 2763 suscipere
3101 2691 3306 2747 veritas
3361 2689 3483 2757 ipsa

1906 2790 2220 2861 persuadet,
2252 2795 2307 2842 et
2360 2787 2544 2842 nescio
2586 2802 2748 2856 quam
2793 2787 2848 2840 in
2888 2795 3092 2856 partem
3141 2779 3482 2852 propenden-

1908 2884 2037 2937 dum
2069 2881 2203 2935 mihi
2249 2880 2344 2943 sit,
2373 2879 2489 2932 sive
2535 2878 2600 2932 ad
2646 2878 3060 2932 accusationem
3111 2873 3180 2928 ob
3215 2871 3479 2940 iniustum

1906 2974 2142 3028 actionis
2175 2972 2405 3036 exitum,
2438 2971 2553 3025 sive
2584 2971 2649 3022 ad
2677 2968 3079 3031 defensionem,
3108 2965 3178 3018 ob
3207 2963 3478 3017 actionem

1907 3079 2016 3118 non
2063 3072 2254 3132 sponte
2304 3063 2395 3119 sed
2458 3068 2646 3115 coacte
2703 3059 3021 3128 perfectam.
3089 3053 3273 3123 Neque
3331 3051 3478 3105 enim

1908 3164 2100 3226 sponte
2152 3155 2216 3207 ad
2272 3169 2408 3221 opus
2442 3161 2813 3210 accesserunt,
2850 3150 2945 3202 sed
2999 3147 3154 3200 inviti
3206 3141 3481 3212 compulsi

1914 3255 2062 3306 sunt,
2097 3255 2150 3298 et
2199 3243 2306 3297 illis
2351 3258 2455 3294 non
2499 3249 2757 3311 tanquam
2805 3238 3084 3308 judicihus
3145 3233 3474 3289 sententiam

1911 3338 2094 3391 dicere
2126 3335 2516 3396 concedebant.
2553 3335 2646 3388 sed
2677 3334 2752 3387 uti
2788 3333 2895 3386 rcis
2937 3329 3227 3383 metuenda
3252 3324 3475 3382 minita-

1911 3429 2133 3488 bantur,
2191 3426 2242 3479 ni
2298 3425 2464 3481 semel
2497 3433 2692 3494 preter
2734 3422 2824 3490 jus
2869 3435 3029 3476 etnne
3065 3417 3258 3508 faqque
3293 3423 3481 3469 contra

1913 3532 2014 3572 nos
2053 3516 2251 3584 scripta
2298 3515 2517 3568 decreta
2561 3513 2991 3568 conStabiIirent.
3043 3507 3108 3562 Et
3137 3507 3296 3560 mina
3325 3511 3482 3558 erant

1912 3623 2021 3661 non
2055 3603 2431 3674 pecuniarum,
2488 3617 2594 3658 non
2655 3600 3089 3673 possessionum,
3147 3610 3254 3649 non
3311 3595 3482 3663 Ipsius

1908 3699 2258 3769 pontificatus
2291 3695 2538 3759 amissio,
2589 3693 2700 3748 sed'
2734 3707 2910 3758 mors,
2945 3703 3118 3757 eaque
3160 3686 3396 3742 crudelis
3429 3693 3484 3736 et

1918 3807 2084 3862 quam
2139 3790 2376 3844 maxime
2419 3787 2676 3841 violenta.
2709 3785 2919 3850 Quibus
2967 3781 3114 3836 enim
3173 3774 3479 3838 videbatur,

1911 3893 2033 3954 post
2065 3892 2305 3937 nostram
2362 3879 2883 3941 condemnationem,
2923 3875 3130 3928 malum
3183 3885 3304 3924 esse
3340 3885 3394 3921 tu
3427 3883 3486 3920 se

1911 3988 2074 4030 omne
2093 3970 2540 4034 convertendum,
2570 3967 2713 4038 quod
2744 3966 3088 4036 postmodum
3120 3971 3332 4028 tempus
3353 3957 3483 4011 sub-

1908 4080 2149 4134 sequens
2185 4074 2372 4132 aperte
2417 4061 2836 4122 demonstravit,
2885 4057 2982 4118 illi,
3031 4064 3089 4107 ut
3129 4053 3335 4106 dictum
3379 4055 3484 4110 est,

1905 4155 2136 4218 vilium,
2191 4161 2239 4208 et
2302 4151 2730 4206 truculentorum
2798 4146 3076 4200 hominum
3142 4150 3474 4208 congressus

1911 4245 2300 4315 procurabant,
2331 4253 2391 4298 ut
2442 4242 2488 4298 si
2531 4243 2654 4310 quis
2702 4235 2995 4306 aliquando
3050 4233 3131 4286 vel
3189 4229 3479 4284 minimum

1911 4351 2022 4407 pra
2076 4335 2160 4389 his
2190 4373 2205 4398 ,
2265 4349 2389 4404 quae
2440 4331 2890 4401 praecipiebantur
2920 4365 2935 4390 ,
2993 4324 3264 4384 hisceret,
3309 4326 3483 4370 morte

1915 4426 2262 4480 multaretur.
2316 4425 2456 4491 Quid
2492 4423 2656 4492 igitur
2689 4419 2861 4474 acturi
2897 4424 3073 4476 erant,
3101 4411 3195 4482 qui
3241 4411 3294 4462 in
3327 4421 3481 4460 vesa-

230 4505 276 4558 δ⁴
314 4500 411 4557 οὖν
439 4504 584 4557 οὕτω
604 4504 700 4556 καὶ
727 4505 824 4557 ἐπὶ
854 4506 1122 4570 τοιούτοις
1156 4502 1272 4578 εἶχε
1303 4510 1528 4576 τούτους
1560 4515 1620 4568 τὺ
1646 4517 1799 4572 δικι-

1919 4534 2033 4572 nam
2083 4516 2313 4583 rabiem,
2370 4524 2424 4570 et
2473 4514 2744 4585 perditum
2795 4506 3162 4564 multitudinis
3214 4501 3476 4567 impetum

235 4598 481 4666 στήριον,
515 4597 609 4648 καὶ
634 4598 766 4666 ἡμῖν
791 4596 849 4650 τὸ
874 4596 1061 4650 λοιπὸν
1086 4599 1154 4651 τὰ
1185 4600 1438 4655 λείποντα
1469 4605 1579 4658 τῶν
1607 4609 1802 4681 ἀδικη-

234 4688 426 4752 μάτων
448 4685 784 4753 άφηγητέον,
811 4685 903 4736 καὶ
925 4685 1046 4738 ὅποι
1072 4686 1245 4740 ταῦτα
1261 4691 1624 4761 κατήντησεν.

1910 4609 2180 4664 contraire
2217 4623 2323 4662 non
2355 4603 2642 4676 poterant?
2685 4601 2827 4668 Quid
2872 4597 3042 4663 aliud,
3074 4593 3179 4648 nisi
3209 4588 3484 4644 violentia:

1916 4700 2130 4766 cedere,
2172 4713 2348 4768 neque
2399 4697 2665 4750 intentare
2705 4692 2893 4762 paucis
2937 4702 3092 4758 aqua
3121 4683 3285 4755 guttis
3335 4679 3485 4732 llam-

231 4791 380 4835 tmm
426 4779 689 4847 integram
719 4776 784 4832 ad
820 4777 1019 4830 ethera
1057 4791 1226 4848 usque
1291 4781 1580 4838 excitatam
1628 4789 2018 4859 exstinguere?
2065 4787 2306 4843 Tandem
2391 4789 2494 4842 hoc
2541 4787 2723 4851 modo,
2773 4786 2824 4840 ei
2910 4782 3061 4836 hisce
3091 4778 3158 4833 de
3220 4775 3384 4828 rebus
3416 4775 3483 4828 ad

231 4869 475 4924 tribunal
517 4879 736 4924 ventum
770 4875 875 4932 est,
906 4866 1171 4938 nobisque
1195 4868 1410 4926 interim
1446 4888 1566 4943 quae
1589 4877 1794 4948 reliqua
1837 4891 1986 4948 sunt,
2028 4882 2332 4952 lnjnstitiaa,
2363 4894 2658 4951 quemnam
2721 4877 2884 4932 linem
2952 4883 3112 4929 nacta
3146 4880 3297 4935 sunt,
3325 4881 3486 4924 enar—

234 4961 490 5016 randum.

302 5049 370 5115 ζ’.
410 5047 536 5120 Εἶχε
573 5054 672 5119 μὲν
724 5053 830 5122 γὰρ
880 5053 1072 5119 ταῦτα,
1100 5055 1176 5118 ὡς
1223 5055 1381 5126 ἔφην,
1410 5058 1586 5130 ἀρχὴν
1613 5060 1673 5113 τὸ
1701 5063 1809 5134 πρὸ

232 5145 332 5212 τῆς
361 5144 485 5194 καθ’
521 5145 679 5213 ἡμῶν
713 5146 999 5216 συιιοδικῆς
1025 5146 1372 5215 διαγνώσεως
1402 5152 1808 5222 ἀντικαταστῆ-

235 5251 323 5286 ναι
369 5236 448 5304 τῷ
477 5235 652 5306 θρόνῳ
702 5237 792 5288 τδν
834 5239 991 5308 ἡμῶν
1017 5239 1111 5291 ἐπὶ
1161 5240 1334 5310 τούτῳ
1362 5243 1677 5312 ἀντίζηλον,
1711 5246 1805 5298 καὶ

237 5327 470 5392 προσέτι
508 5328 568 5380 rt
623 5327 755 5394 παρ’
788 5327 954 5380 αὐτοῦ
999 5332 1091 5381 καὶ
1127 5331 1292 5397 μόνου
1323 5332 1422 5399 τὴν
1477 5333 1601 5385 καθ’
1647 5335 1804 5402 ἡμῶν

239 5419 589 5486 ἐξενεχθῆναι
621 5420 914 5484 ἀπόφασιν,
963 5422 1055 5472 καὶ
1094 5421 1151 5472 τὸ
1191 5421 1254 5490 δὴ
1315 5423 1520 5490 μεῖζον,
1562 5424 1622 5476 τὸ
1669 5425 1805 5497 μηδὲ

242 5509 374 5574 παρ’
407 5502 599 5569 αὑτοῦ,
621 5511 759 5562 ἀλλὰ
794 5511 922 5578 παρ’
953 5511 1163 5580 ἀνδρῶν
1185 5511 1440 5580 ἀνιέρων,
1477 5515 1804 5567 καὶτούτων

241 5601 443 5667 παλαιᾷ
477 5603 539 5667 τῇ
580 5600 702 5651 καθ’
733 5600 890 5666 ἡμῶν
926 5601 1095 5669 κακίᾳ
1122 5601 1600 5669 προστετηκότων,
1621 5602 1697 5665 ὡς
1718 5604 1806 5655 ἐπ’

242 5691 473 5756 ὀνόματι
512 5690 676 5740 αὑτοῦ
708 5691 915 5756 ταύτην
961 5690 1366 5756 σκεδασθῆναι,
1404 5689 1501 5757 τὴν
1531 5690 1576 5742 δ’
1619 5693 1712 5745 ἐπὶ
1747 5695 1808 5746 τὸ

239 5779 405 5831 πλέον
435 5780 638 5847 {alma
669 5781 916 5849 πρόοδον,
961 5783 1024 5831 ιιι
1058 5779 1188 5842 τῶν,
1233 5779 1305 5842 ὼς
1338 5780 1436 5851 ήδη
1465 5781 1810 5850 ἀπαγγελοῦ-

1985 5063 2039 5117 7.
2084 5062 2286 5116 Horum
2341 5059 2521 5128 itaque
2551 5056 2878 5127 principium
2911 5054 3036 5120 fuit,
3071 5061 3132 5110 ut
3168 5055 3305 5119 dixi,
3357 5053 3482 5112 ante

1913 5154 2175 5224 synodale
2214 5151 2494 5204 decretum
2547 5160 2735 5203 contra
2778 5163 2878 5202 nos
2921 5147 3113 5212 latum,
3153 5148 3274 5202 loco
3312 5150 3481 5205 nostri

1912 5246 1964 5297 in
2001 5245 2254 5296 thronum
2314 5251 2559 5295 nostrum
2593 5252 2916 5308 promovere
2958 5238 3238 5305 amulum,
3270 5253 3482 5293 net-non

1913 5334 1982 5385 ah
2013 5333 2145 5402 ipso,
2183 5347 2356 5399 eoque
2401 5332 2517 5386 solo
2567 5338 2755 5384 contra
2803 5344 2904 5384 nos
2951 5329 3271 5384 sententiam
3307 5331 3486 5399 publi-

1913 5425 2047 5488 cari,
2071 5434 2118 5476 et
2155 5424 2301 5492 quod
2336 5421 2627 5476 immanius
2657 5428 2759 5484 est,
2806 5433 2985 5488 neque
3014 5419 3083 5472 ab
3114 5419 3255 5488 ipso,
3288 5421 3381 5474 sed
3413 5421 3482 5472 ali

1915 5513 2230 5567 heminibus
2261 5511 2524 5582 profanis,
2572 5518 2627 5564 et
2660 5509 2748 5565 his
2786 5509 3028 5579 antiqua:
3055 5509 3338 5564 adversum
3377 5523 3480 5563 nos

1914 5603 2246 5672 improbitati
2292 5603 2509 5665 deditis,
2544 5601 2649 5656 sub
2682 5601 2900 5654 nomine
2935 5599 3291 5654 nihilominus
3335 5599 3478 5652 illius

1913 5695 2128 5760 dit-tari,
2159 5711 2279 5764 qua!
2313 5708 2482 5762 usque
2510 5706 2620 5761 quo
2653 5690 2983 5762 processerit
3019 5705 3083 5745 ex
3127 5686 3289 5742 factis
3347 5688 3482 5755 ipsis

1915 5787 2340 5843 enuntiabimus.
2396 5785 2636 5851 Quartus
2667 5784 2785 5840 dies
2814 5791 2951 5847 erat,
2986 5796 3051 5836 ex
3093 5795 3223 5851 quo,
3263 5793 3383 5849 qua!
3411 5779 3482 5833 ab
