4214 6446
808 344 921 412 959

1838 342 2048 405 JOAN.
2083 341 2303 407 VECCI
2343 343 2454 407 CP.
2493 346 3010 413 PATRIARCH/E

3965 369 4063 430 960

816 456 930 514 illis
976 453 1250 527 depositio
1285 467 1484 509 nomen
1533 452 1742 517 habuit,
1783 455 2129 523 pronuntiata
2187 454 2388 522 fuerat,

2497 476 2619 531 μεν,
2653 462 3059 533 γεγενημένων.
3118 463 3364 534 Τετάρτη
3395 464 3495 533 μὲν
3522 465 3630 537 γὰρ
3677 463 3767 539 ἦν,
3823 470 4011 539 ἐξότον
4040 480 4069 546 ἡ

819 561 945 605 cum
972 561 1072 600 nos
1100 544 1167 599 ad
1200 542 1434 598 tribunal
1494 558 1758 597 vocamur
1809 561 1821 596 :
1882 544 2044 605 Audi,
2090 543 2297 609 caelum,
2336 553 2386 599 et

822 636 1041 691 auribus
1063 635 1290 704 percipe,
1322 632 1507 687 terra!
1542 632 1829 702 Depositus
1867 634 2170 689 accersitur
2200 636 2265 689 ad
2302 651 2389 689 re-

818 727 1229 799 spondendum,
1260 726 1353 794 qui
1383 724 1607 780 decreto
1639 724 2034 780 condemnatus
2070 736 2173 787 est.
2212 727 2277 781 ad
2311 726 2385 782 illi

818 818 1336 884 contradicendum;
1388 834 1418 872 a
1469 820 1666 871 throno
1701 819 1864 872 etiam
1898 827 2022 873 ante
2056 821 2385 874 sententiam

815 914 982 969 latam
1030 914 1259 982 eiectus,
1301 911 1369 966 ad
1428 909 1819 980 depulsandam
1872 909 2227 964 calumniam.
2280 908 2386 964 Sed

812 1019 924 1073 quo
975 1002 1192 1072 scepo?
1247 1012 1305 1058 ut
1355 1017 1476 1072 quae
1526 1001 1617 1055 ille
1675 1003 2075 1071 respondendo,
2116 1003 2390 1056 contradi-

810 1093 1005 1160 cendo,
1028 1093 1281 1165 injuriam
1303 1091 1646 1160 depulsando
1676 1092 2017 1161 protulisset,
2046 1108 2149 1147 non
2184 1094 2389 1164 absque

808 1187 1031 1244 ratione
1063 1185 1270 1256 prolata
1290 1198 1411 1238 esse
1431 1183 1762 1248 existimata,
1787 1183 2061 1254 proprium
2094 1184 2260 1238 robur
2287 1186 2385 1240 ha~

808 1279 1021 1337 herent.
1056 1276 1117 1332 Et
1140 1277 1264 1346 quis
1293 1277 1509 1331 tandem
1540 1290 1728 1330 eorum
1757 1276 1971 1332 roboris
2006 1276 2128 1331 linis
2172 1277 2386 1333 futurus

809 1371 967 1427 erat?
998 1368 1396 1424 Patriarchicus
1427 1368 1699 1423 thronus?
1727 1366 1833 1422 Sed
1871 1368 1958 1421 hic
1987 1377 2142 1422 antea
2174 1369 2389 1423 ablatus

807 1467 917 1524 est,
948 1458 1093 1519 alius
1122 1473 1287 1528 super
1321 1456 1414 1511 illo
1440 1458 1585 1525 jacet
1615 1476 1628 1511 :
1662 1473 1897 1528 namque
1932 1458 2253 1528 generaliori
2287 1472 2388 1512 no-

808 1548 961 1606 mine
1018 1549 1332 1605 cathedram
1395 1550 1568 1619 ipsam
1626 1550 1951 1604 vocitamus.
2017 1548 2084 1602 Et
2133 1549 2385 1618 quisnam

807 1640 970 1698 etiam
1030 1655 1094 1693 ex
1162 1638 1250 1703 iis,
1298 1638 1390 1708 qui
1457 1639 1522 1693 ad
1588 1638 1995 1708 intelligendum
2066 1639 2387 1709 ineptissimi

810 1740 958 1797 sunt,
990 1731 1195 1792 inania.
1224 1746 1565 1801 quaecunque
1595 1746 1696 1787 nos
1728 1732 1782 1785 in
1816 1733 1984 1786 nostri
2013 1732 2386 1787 defensionem

811 1822 927 1879 sive
952 1822 1099 1892 justa
1131 1824 1246 1876 sive
1273 1837 1395 1877 vera
1422 1823 1839 1879 adduxissemus
1863 1824 2039 1878 futura
2071 1838 2175 1879 non
2198 1824 2389 1895 digno-

809 1914 1022 1970 visset?
1052 1912 1133 1968 Tu
1166 1928 1317 1979 vero,
1371 1915 1548 1969 nuntii
1596 1915 1998 1984 prmcipiebant,
2031 1915 2237 1986 absque
2278 1915 2387 1971 ullo

809 2005 1136 2075 pmsulatus
1185 2006 1342 2075 signo
1396 2006 1464 2059 ad
1517 2016 1764 2061 nostrum
1815 2006 2093 2075 procedito
2129 2009 2384 2064 tribunal.

812 2095 1000 2153 Gratia
1034 2098 1106 2153 sit
1133 2097 1286 2152 vobis
1318 2096 1558 2154 ob.-hane
1582 2097 1882 2163 veritatem,
1925 2113 2100 2168 neque
2121 2102 2266 2155 enim
2301 2100 2387 2154 di-

813 2202 960 2256 cam,
1010 2188 1354 2258 iniustitiam.
1382 2187 1519 2245 lline
1549 2190 1693 2244 enim
1729 2191 2008 2245 veritatem
2044 2191 2390 2259 apertissime

812 2280 1154 2344 ostendistis,
1186 2294 1309 2345 vos,
1334 2292 1450 2334 non
1484 2289 1542 2334 ut
1586 2280 1931 2351 judicaretis,
1965 2282 2057 2335 sed
2094 2291 2151 2336 ut
2199 2293 2387 2337 contra

814 2388 918 2430 nos
940 2382 1137 2444 ιιι-πίει
1170 2372 1252 2429 l‘as
1282 2374 1446 2429 latam
1502 2376 1828 2430 sententiam
1878 2376 2195 2431 stabiliretis
2252 2390 2385 2429 con-

814 2469 1067 2535 gregatos
1104 2464 1290 2520 fuisse.
1319 2469 1363 2521 υ
1387 2480 1627 2520 amorem
1674 2466 1973 2522 fraternum
2006 2483 2034 2521 a
2070 2469 2221 2522 vobis
2253 2466 2385 2522 tanti

812 2557 1058 2612 habitum
1086 2558 1099 2611 l
1133 2559 1307 2614 Probe
1354 2559 1518 2627 igitur
1546 2575 1775 2629 vereque
1802 2575 1963 2630 supra
1998 2562 2160 2615 veluti
2194 2577 2258 2616 ex
2290 2577 2387 2615 vo-

810 2649 898 2704 bis
914 2650 1187 2719 [innocens
1209 2650 1539 2714 declaratus,
1570 2652 1624 2704 in
1654 2653 1758 2715 his,
1786 2669 1904 2720 qua:
1957 2653 2154 2721 injuste
2200 2668 2388 2720 passus

811 2752 956 2801 sum,
1003 2752 1100 2806 pro
1151 2747 1328 2793 vestra
1379 2738 1643 2808 dignitate
1697 2740 1971 2808 respondi.
2010 2740 2194 2811 Neque
2242 2744 2384 2797 enim

811 2837 1014 2883 nostra
1067 2827 1393 2886 innocentia;
1446 2842 1613 2897 parva
1667 2828 1960 2883 declaratio
2010 2840 2115 2891 est,
2147 2846 2267 2884 cum
2301 2847 2388 2887 res

811 2920 1332 2990 supradictatnodo
1359 2935 1471 2989 quo
1500 2920 1740 2974 diximus
1770 2923 2153 2987 processerint.

882 3010 938 3065 8.
979 3009 1086 3065 Sed
1126 3026 1248 3081 quae
1290 3011 1583 3065 subsecuta
1628 3023 1777 3075 sunt,
1828 3011 2062 3066 fortasse
2113 3015 2383 3082 quispiam

2492 554 2625 622 παρ’
2660 555 2843 616 αὐτοῖς
2872 554 3241 625 ὀνομασθεῖσα
3271 555 3591 627 καθαίρεσις
3612 559 3959 633 ἀνεγνώσθη,
3984 570 4071 619 καὶ

2489 645 2649 714 ἡμεῖς
2666 647 2801 714 πρὸς
2820 648 3168 718 δικαστήριον
3184 648 3547 718 ἐκαλούμεθα.
3579 654 3811 718 Ἄκουε,
3827 657 4074 723 οὐρανέ,

2488 733 2587 787 καὶ
2615 733 2913 801 ἐνωτίζου,
2940 736 2977 803 ἠ
3002 736 3101 805 γῆ.
3142 738 3201 790 Ὀ
3222 738 3575 810 καθαιρεθεὶς
3610 743 3743 812 πρὸς
3774 746 4075 815 ἀπολογίαν

2490 824 2756 890 καλεῖται,
2789 828 2816 879 ὁ
2845 826 2947 897 τὴν
3002 827 3278 898 ἀπόφασιν
3327 832 3751 898 καταδικασθεὶς
3786 836 3925 904 πρὸς
3980 840 4075 907 τὴν

2492 915 2632 986 ὑπὲρ
2663 917 2828 970 αὐτοῦ
2862 918 3195 990 ἀπάντησιν,
3235 922 3264 972 ὀ
3313 920 3410 975 τοῦ
3446 922 3639 992 θρόνου
3693 926 3791 979 καὶ
3834 929 3950 998 πρὸ
3981 930 4080 992 τῆς

2488 1010 2820 1077 ἀποφάσεως
2855 1011 3117 1077 ἐξωσθεὶς
3143 1014 3279 1084 πρὸς
3311 1015 3707 1086 δικαιολογίαν.
3743 1019 3871 1074 Ἵνα
3894 1022 3952 1073 τί
3988 1027 4079 1091 γέ-

2489 1121 2680 1175 νηται;
2716 1106 2831 1160 Ἵνα
2862 1110 2929 1161 τά
2963 1108 3099 1177 πρὸς
3126 1110 3449 1177 ἀπολογίαν,
3479 1112 3573 1165 καὶ
3600 1113 3943 1184 ἀπαντησιν,
3989 1120 4083 1171 καὶ

2488 1194 2859 1263 δικαιολογίαν
2891 1196 3059 1251 αὑτοῦ
3103 1200 3447 1279 εὐλογοφανῆ
3498 1203 3829 1273 νομισθέντα
3863 1207 3972 1275 τὴν
4001 1212 4083 1260 οξε-

2489 1287 2645 1339 κείαν
2674 1281 2826 1359 ἰσχὺν
2857 1288 2991 1353 ἔξει.
3034 1290 3145 1343 Καὶ
3175 1291 3229 1345 τί
3261 1293 3330 1346 ἂν
3370 1294 3456 1365 εἴη
3488 1295 3585 1365 τῆς
3625 1296 3836 1350 τούτων
3893 1299 4083 1370 ἰσχύος
4112 1356 4117 1363 _

2489 1379 2549 1432 τὸ
2570 1379 2807 1445 τέλοςςό
2834 1383 3234 1451 πατριαρχικδς
3292 1384 3513 1456 θρόνος;
3555 1387 3699 1441 Ἀλλ’
3730 1382 3895 1453 οὗτος
3947 1409 4081 1459 προ⁹

2489 1469 2768 1541 αφῃρέθη,
2800 1471 2958 1535 ἄλλος
2989 1472 3078 1524 ἐπ’
3112 1474 3279 1526 αὐτοῦ
3327 1480 3530 1533 κεῖται.
3558 1478 3650 1549 Τῷ
3694 1482 3805 1549 γαρ
3842 1498 4080 1548 γενικω-

2488 1562 2632 1632 τέρῳ
2663 1562 2764 1633 τὴν
2795 1564 3064 1635 καθέδραν
3105 1566 3313 1637 ταύτην
3347 1568 3622 1640 καλοῦμεν
3672 1573 3925 1641 ὀνόματι.
3969 1575 4079 1627 Καὶ

2489 1654 2573 1718 τίς
2592 1655 2693 1707 οὐκ
2731 1654 2799 1708 ἂν
2830 1658 2925 1709 καὶ
2949 1658 3058 1710 τῶν
3081 1661 3258 1729 πάντη
3282 1661 3626 1731 δυσκινήτων
3651 1664 3793 1733 πρὸς
3844 1666 3911 1718 τὸ
3941 1670 4079 1719 νοεῖν

2491 1745 2633 1799 ἕωλα
2663 1748 2794 1817 ἡμῖν
2818 1748 3193 1817 ἀποσήσεσθαι
3244 1750 3488 1821 διαγνοίη
3546 1751 3711 1804 πάνθ’
3765 1754 3870 1807 ὅσα
3919 1758 4080 1825 ἡμεῖς

2491 1837 2588 1889 καὶ
2615 1837 2823 1903 δίκαια,
2856 1838 2954 1892 καὶ
2979 1839 3148 1908 ἀληθῆ
3183 1841 3791 1915 ὑπεραπολογησόμεθα
3823 1847 4075 1909 ἑαυτῶν,

2490 1928 2561 1980 Σὺ
2596 1927 2673 1990 δὲ,
2701 1928 2770 1981 τά
2799 1930 3097 1999 μηνύματα
3121 1930 3327 1999 ελεγον,
3369 1933 3497 2003 δίχα
3520 1937 3722 1997 παντὸς
3750 1938 4080 2007 ἀρχιερατι-

2490 2018 2589 2075 κοῦ
2616 2022 2845 2091 σημείου
2880 2022 3015 2091 πρὸς
3041 2022 3102 2076 τὸ
3146 2024 3421 2095 ἡμέτερον
3457 2027 3775 2097 ἀπάντησον
3801 2030 4074 2099 δικαστή·

2493 2130 2630 2183 ριον.
2668 2114 2842 2184 Χάρις
2880 2116 3010 2186 ὑμῖν
3043 2117 3143 2186 τῆς
3164 2117 3425 2185 ἀληθείας
3447 2121 3655 2190 ταύτης
3683 2140 3699 2155 ο
3730 2124 3793 2177 οὐ
3817 2123 3933 2193 γὰρ
3966 2126 4074 2177 ἁδι-

2490 2201 2615 2267 κίας
2638 2203 2871 2258 ἐνταῦθα
2903 2205 3033 2277 ἐρῶ.
3066 2205 3346 2264 Ἐντεῦθεν
3373 2212 3483 2280 γὰρ
3507 2212 3605 2281 τὴν
3626 2214 3893 2282 ἀλήθειαν
3921 2217 4079 2285 ἀκρι-

2491 2294 2604 2357 σῶς
2642 2299 3051 2367 παρεστήσατε,
3083 2300 3159 2363 ὡς
3186 2303 3309 2371 οὐχὶ
3351 2303 3596 2367 δικάσαι,
3628 2305 3767 2359 ἀλλά
3824 2308 4075 2377 κυρῶσα.

2487 2387 2588 2458 τὴν
2617 2387 2742 2441 καθ’
2767 2390 2927 2459 ήμῶν
2956 2390 3210 2469 ἀθέσμως
3248 2392 3625 2466 ἐξενεχθεῖσιν
3670 2398 3854 2468 ψῆφον
3890 2402 4052 2471 ἠθροι

2492 2479 2679 2551 σθητε.
2713 2478 2856 2550 Εὖγε
2883 2483 3012 2552 ὑμῖν
3042 2484 3145 2554 τῆς
3164 2486 3241 2549 εἰς
3261 2487 3421 2541 τοῦτο
3447 2489 3804 2558 φιλαδελφίας
3830 2494 3842 2545 !
3880 2493 4076 2556 Καλῶς

2488 2570 2597 2639 ἆρα
2630 2570 2724 2624 καὶ
2757 2571 2969 2641 ἀληθῶς
3030 2573 3244 2641 φθάσας
3286 2576 3567 2647 ἀνωτέρω,
3614 2577 3689 2641 ὡς
3739 2579 3874 2649 παρ’
3915 2581 4071 2648 ὑμῶν

2487 2663 2928 2733 δεδικαιωμένος,
2960 2666 3048 2734 ἐφ’
3072 2664 3156 2727 οἷς
3190 2668 3482 2738 ἠδίκημαι,
3516 2671 3612 2739 τῆς
3663 2672 3820 2740 ὑμῶν
3856 2675 4071 2745 ὑπερη-

2489 2758 2707 2828 γόρηκα
2740 2761 3072 2831 τιμιότητος.
3119 2759 3196 2813 ἿΙ
3260 2762 3369 2832 γὰρ
3397 2764 3554 2833 ὀλίγη
3602 2782 3683 2829 τις
3733 2769 3896 2835 ἡμῶν
3925 2772 3958 2838 ἡ
3998 2771 4072 2821 δι-

2490 2849 2720 2911 καίωσις
2772 2851 3075 2912 κανονικῶς
3103 2850 3247 2903 οὕτω
3280 2854 3500 2906 πάντων
3522 2855 3630 2907 τῶν
3666 2856 3766 2924 ἤδη
3795 2858 4078 2925 ῥηθέντων

2492 2942 3061 3012 παρηκολουθηκότων
3080 2961 3094 3008 ;

2560 3038 2630 3102 η’.
2670 3034 2819 3101 Τάχα
2859 3035 2905 3087 δ’
2930 3034 3066 3087 ἀλλά
3099 3037 3163 3089 τὰ
3189 3037 3313 3105 ἑξῆς
3338 3041 3745 3111 κανονικώτερά
3777 3061 3859 3106 τις
3888 3046 4076 3111 οἰήσε-

810 3102 989 3172 magis
1035 3118 1101 3158 ex
1149 3118 1423 3158 canonum
1466 3104 1761 3173 legumque
1811 3107 2129 3174 praescripto
2166 3108 2385 3162 actitata

2492 3142 2581 3180 ται
2621 3126 2893 3196 προὸῆναι
2917 3128 3011 3179 καὶ
3043 3102 3449 3198 ἐνθεαμότερας
3505 3134 3612 3186 Καὶ
3636 3102 3700 3204 δη
3724 3102 4076 3205 πρόσεχέμοι

809 3210 935 3251 esse
970 3195 1352 3251 existimabit?
1394 3194 1497 3267 Qui
1528 3212 1682 3265 aequo
1712 3197 1894 3249 animo
1926 3198 2106 3256 audis.
2148 3200 2386 3254 orationi

812 3286 1101 3343 attendito.
1132 3287 1201 3345 Ut
1232 3290 1380 3344 enim
1410 3290 1713 3344 secundum
1746 3305 1983 3345 canones
2017 3291 2173 3344 nobis
2212 3294 2387 3346 nuntii

810 3379 966 3435 missi
998 3389 1147 3445 sunt,
1175 3380 1268 3449 qui
1312 3380 1415 3434 hoc
1446 3381 1610 3434 etiam
1659 3382 1711 3434 iu
1748 3398 1805 3436 se
1836 3383 2163 3437 canonicum
2198 3385 2390 3437 conli—

810 3466 1038 3532 nebant,
1087 3482 1211 3522 cum
1261 3482 1368 3521 non
1406 3483 1504 3536 per
1542 3470 1826 3537 praesules,
1874 3470 1967 3524 sed
2017 3471 2186 3526 laicos
2222 3488 2389 3539 quos-

808 3557 936 3611 dam
972 3577 984 3612 :
1015 3566 1069 3611 et
1112 3556 1472 3611 administros
1525 3558 1792 3624 clericos,
1846 3557 1970 3614 lacti
2024 3571 2179 3627 sunt,
2234 3562 2387 3617 Pauli

809 3663 1001 3715 vocem
1064 3664 1164 3704 nos
1225 3658 1417 3704 mutuo
1467 3651 1840 3719 accipientes,
1898 3664 1954 3706 ut
2007 3655 2210 3710 Paulus
2271 3658 2386 3711 cla-

814 3757 992 3805 mans,
1044 3744 1311 3798 Laesarem
1354 3744 1666 3812 appellavit,
1724 3744 1796 3798 ita
1847 3754 1901 3799 et
1958 3746 2071 3814 ipsc
2111 3746 2385 3803 Caesarem

812 3834 1029 3904 appello
1056 3833 1364 3889 auditorem
1405 3850 1589 3888 rerum
1629 3850 1894 3903 mearum,
1933 3854 1984 3890 ει
2017 3838 2386 3906 perturbatio-

813 3928 901 3981 nis
932 3934 1214 3996 expertem
1250 3925 1606 3995 cognitorem.
1647 3925 1821 3981 Voces
1857 3927 1954 3981 has
2006 3939 2222 3985 nostras
2260 3946 2386 3985 cum

813 4014 930 4079 illi,
977 4014 1068 4084 qui
1122 4013 1263 4067 mala
1304 4013 1488 4066 omnia
1530 4013 1584 4067 in
1634 4028 1732 4069 nos
1775 4015 2165 4080 moliebantur,
2214 4020 2389 4073 nuntii

809 4106 1146 4169 attulissent,
1192 4103 1319 4159 inde
1366 4104 1609 4167 reversi,
1652 4101 1804 4157 Haud
1834 4104 1917 4158 fas
1965 4115 2069 4169 est,
2108 4106 2385 4175 inquiunt,

808 4199 910 4255 tibi
942 4198 1024 4253 vel
1057 4198 1177 4253 solo
1216 4196 1564 4265 imperatoris
1591 4205 1813 4264 aspectu
1852 4196 1980 4251 frui.
2027 4195 2106 4251 Ne
2138 4198 2189 4252 id
2234 4202 2387 4270 cogi-

812 4302 918 4356 tes,
968 4306 1143 4361 neque
1187 4288 1313 4343 inde
1364 4288 1461 4342 tibi
1517 4288 1809 4342 utilitatem
1854 4288 2017 4342 aliam
2074 4301 2383 4358 exspectes.

814 4385 1009 4439 Annon
1039 4385 1203 4437 etiam
1236 4382 1361 4445 hoc,
1400 4379 1746 4448 interrogabo
1787 4380 1930 4434 enim
1960 4390 2035 4447 te,
2063 4399 2224 4451 quem
2265 4400 2388 4439 ora-

813 4474 893 4530 tio
929 4487 1046 4526 mca
1076 4485 1293 4540 aequum
1325 4470 1632 4522 auditorem
1671 4469 1984 4537 appellavit,
2025 4487 2275 4541 magnam
2320 4475 2386 4528 ad
2425 4457 2464 4510 ί)

810 4567 903 4637 jus
937 4563 1368 4626 observandum,
1398 4573 1646 4617 mearum
1680 4561 1926 4630 iudicum
1963 4567 2386 4633 praprnsionem

812 4656 1087 4714 ostendit?
1117 4655 1197 4709 An
1234 4668 1363 4707 vero
1394 4653 1438 4707 si
1479 4653 1776 4715 homicida,
1819 4654 1933 4708 sive
1974 4656 2231 4722 aliorum,
2268 4674 2390 4725 qua:

814 4747 1099 4804 acerrimis
1142 4745 1320 4816 poenis
1353 4744 1736 4814 prohibentur,
1785 4744 2089 4800 facinorum
2122 4757 2387 4817 patrator,

814 4838 1159 4909 imperatoris
1204 4834 1536 4889 audientiam
1586 4836 1933 4905 appellasset,
1971 4851 2069 4906 pro
2100 4839 2300 4906 quibus
2332 4854 2389 4893 se

814 4928 1082 4998 iniustitia
1134 4927 1387 4982 affectum
1435 4929 1509 4982 ab
1570 4928 1659 4989 iis,
1695 4929 1785 4997 qui
1820 4930 2087 4983 calculum
2128 4931 2386 4995 tuleram,

814 5020 1185 5089 cognovisset.
1218 5017 1288 5072 ob
1323 5018 1742 5087 appellationem
1784 5019 2031 5074 criminis
2064 5029 2247 5073 notam
2307 5021 2390 5073 in-

812 5111 1110 5169 currisset?
1134 5115 1200 5180 At
1230 5111 1386 5165 nobis
1415 5111 1517 5165 hoc
1563 5125 1778 5179 quoque
1818 5110 2023 5165 crimen
2082 5121 2386 5180 τιιιιιιι.ιιυιη

816 5216 899 5261 cst
936 5220 948 5256 :
1002 5205 1227 5258 necdum
1273 5203 1431 5271 capio
1464 5204 1736 5272 quodnam
1777 5202 1923 5254 aliud
1952 5202 2219 5270 judicium
2264 5219 2389 5258 reus

814 5310 928 5366 pra:
951 5294 1067 5355 illo,
1092 5291 1235 5360 quod
1268 5291 1613 5361 imperatoris
1643 5302 1747 5355 est,
1770 5292 2076 5360 appellabit.
2110 5292 2316 5347 Etenim
2344 5292 2387 5347 si

815 5400 964 5445 eum,
1006 5382 1100 5451 qui
1146 5381 1354 5450 judicio
1404 5382 1636 5442 sistitur,
1671 5383 1982 5451 patriarcha
2016 5391 2119 5446 cst,
2157 5382 2387 5449 crimen,

818 5478 1082 5529 adversus
1128 5472 1349 5529 Graecos
1397 5474 1607 5535 odium,
1657 5483 1710 5527 et
1741 5474 1793 5527 in
1836 5476 2186 5543 dogmatibus
2213 5490 2386 5539 error,

819 5582 1286 5637 supervacaneum
1318 5566 1450 5637 quid
1502 5578 1553 5622 et
1589 5582 1757 5637 prope
1799 5568 2006 5622 inutilis
2043 5568 2390 5637 imperatoris

818 5661 1029 5715 auditio
1061 5669 1305 5729 reputata
1331 5668 1432 5721 est.
1471 5659 1522 5713 in
1555 5675 1791 5728 quanam
1831 5660 1937 5714 alia
1973 5677 2226 5729 persona,
2252 5671 2303 5714 ct
2338 5661 2386 5713 in

817 5767 928 5820 quo
954 5751 1063 5806 alio
1098 5750 1327 5819 judicio,
1380 5752 1472 5821 qui
1519 5751 1791 5807 similibus
1855 5753 2074 5807 obnorzii
2129 5763 2384 5822 rcputarr

2491 3217 2569 3286 τῷ
2590 3216 2756 3284 λόγῳ,
2789 3219 2994 3286 ὀεύγνω
3024 3220 3204 3288 μόνως
3238 3223 3684 3293 ὲπακροώμενος.
3722 3226 3812 3288 Ὣς
3846 3228 3961 3296 γὰρ
3983 3246 4078 3279 κα-

2492 3309 2678 3363 νονικά
2697 3311 2831 3380 πρὸς
2854 3312 3000 3379 ἡμᾶς
3021 3310 3163 3364 οὕτω
3186 3313 3447 3380 γεγόνασι
3463 3316 3527 3367 τὰ
3543 3317 3864 3384 μηνύματα,
3884 3319 3968 3369 ἔτι
3985 3324 4078 3373 καὶ

2491 3397 2651 3450 τοῦτο
2705 3401 2986 3452 κανονικὸν
3019 3401 3231 3471 ἔχοντα,
3261 3405 3321 3456 τὸ
3352 3405 3428 3473 μὴ
3464 3404 3552 3458 διὰ
3580 3406 3917 3476 ἀρχιερέων,
3946 3410 4079 3461 ἀ).ὶά

2492 3486 2579 3541 διὰ
2617 3488 2825 3541 λαῖκῶν
2857 3506 3023 3543 τινων
3047 3491 3141 3543 καὶ
3168 3492 3453 3563 κληρικῶν
3480 3495 3748 3549 διακόνων
3792 3500 4076 3565 γενέσθαι,

2492 3583 2591 3653 τὴν
2626 3584 2842 3636 Παύλου
2879 3585 3066 3655 φωνην
3109 3588 3273 3657 ἡμεῖς
3303 3587 3708 3658 δανεισάμενοι,
3743 3592 3821 3654 ὡς
3866 3596 3896 3645 ό
3936 3595 4080 3646 Παῦ-

2492 3675 2583 3738 λος
2632 3674 2794 3745 βοῶν,
2835 3677 3302 3749 ἀπελογησάμεθα
3333 3719 3347 3744 ,
3382 3680 3644 3749 Καίσαρα
3708 3684 4075 3752 ἐπεπέκλτγτο,

2492 3767 2635 3820 οὓτω
2657 3768 2813 3835 κάγὼ
2858 3770 3083 3839 βασιλέα
3111 3771 3487 3842 ἐπικέκλημαι
3515 3773 3797 3845 ἀκροατὴν
3823 3780 3937 3828 τῶν
3960 3780 4081 3830 κατ’

2493 3859 2595 3927 ἐμὲ
2628 3862 2719 3913 καὶ
2769 3860 3105 3931 ἀπροσπαθῆ
3152 3861 3518 3931 διαγνὼμονα.
3554 3865 3666 3935 Τὴν
3718 3866 3851 3933 γοῦν
3894 3872 4083 3939 φωνὴν

2494 3950 2701 4019 ταύτην
2732 3953 2843 4014 τοῖς
2876 3952 3052 4005 πάντα
3091 3953 3160 4006 τά
3185 3953 3306 4006 καθ’
3343 3954 3505 4023 ἡμῶν
3533 3956 3680 4008 δεινά
3717 3957 4082 4027 ἐξαρτύουσιν

2495 4043 2542 4095 οἱ
2580 4043 2981 4114 ἀγγελιαφόροι
3006 4044 3458 4114 διακομίσαντες,
3484 4049 3797 4118 ἐπανῆλθον
3838 4054 4081 4117 ἐκεῖθεν,

2493 4129 2566 4187 ἾΙ
2601 4135 2728 4204 μὴν,
2757 4134 3031 4201 λέγοντες,
3064 4137 3167 4190 οὐκ
3212 4137 3277 4191 ἄν
3312 4154 3395 4190 σοι
3424 4140 3561 4201 ὅλως
3595 4142 3817 4204 ἐξέσται
3850 4145 3950 4196 καὶ
3984 4147 4083 4213 μό-

2495 4243 2592 4297 νης
2621 4226 2721 4295 τῆς
2748 4226 3037 4297 βασιλικῆς
3062 4229 3237 4297 ὅψεως
3272 4230 3601 4300 ἀξιωθῆναι.
3628 4232 3720 4302 Μὴ
3747 4234 3913 4288 τοῦτο
3940 4240 4079 4299 οἷον,

2497 4318 2573 4386 μή
2600 4332 2650 4369 τι
2687 4316 2913 4372 ἔσεσθαί
2942 4335 3025 4371 σοι
3080 4318 3272 4387 ὄφελος
3307 4320 3561 4374 ἐντεῦθεν
3613 4325 3916 4391 προσδόκα.
3953 4322 4083 4397 Ἆρ’

2493 4406 2589 4462 οὖν
2618 4409 2741 4479 οὐχὶ
2772 4412 2867 4463 καὶ
2895 4412 3075 4477 τοῦτο,
3100 4414 3520 4482 προσερήσομαι
3547 4414 3655 4483 γάρ
3681 4433 3762 4476 σε,
3791 4416 3850 4468 ὃν
3868 4422 3895 4471 ό
3921 4421 4083 4487 λόγος

2496 4502 2816 4571 εὐγνώμονα
2857 4503 3299 4572 προσεκαλέσατο
3331 4507 3632 4578 ἀκροατὴν,
3665 4510 3919 4580 μεγάλην
3940 4529 4085 4581 παρα

2500 4593 2682 4663 ίστησι
2716 4592 2813 4663 τὴν
2847 4594 2987 4657 πρὸς
3017 4595 3077 4647 τὸ
3105 4594 3320 4649 δίκαιον
3356 4598 3530 4667 ῥοπὴν
3564 4598 3672 4651 τῶν
3723 4600 3879 4669 ἐμῶν
3920 4603 4084 4656 δικαο

2498 4685 2673 4749 στῶν;
2705 4685 2859 4756 Τάχα
2906 4687 3014 4757 γὰρ
3066 4687 3115 4739 εἰ
3167 4691 3260 4741 καὶ
3293 4690 3622 4758 ἀνδροφόνος
3652 4709 3758 4756 τις,
3802 4694 3834 4762 ἢ
3898 4697 3998 4748 καί
4031 4714 4082 4748 τι

2495 4774 2625 4827 ἄλλο
2658 4778 2768 4829 τῶν
2794 4778 2875 4840 εις
2927 4777 3156 4846 ἔσχατον
3188 4779 3659 4850 ἀπηγορευμένων
3708 4785 4083 4853 εἰργασμένος

2497 4868 2705 4931 κακῶν,
2762 4868 2860 4937 τὴν
2891 4868 2984 4921 τοῦ
3018 4870 3356 4940 κρατοῦντος
3404 4874 3730 4925 ἐπεκαλεῖτο
3770 4876 4079 4944 ἀκρόασιν,

2496 4961 2581 5030 ἐφ’
2604 4956 2683 5025 οἷς
2700 4961 2839 5032 (peto
2862 4964 3010 5032 παρά
3031 4961 3139 5014 τῶν
3163 4964 3606 5033 ἀποφηναμένων
3626 4968 3725 5035 τὴν
3752 4970 3881 5021 κατ’
3911 4971 4080 5025 αὐτοῦ

2495 5052 2676 5122 ψῆφον
2699 5054 3051 5122 ἀδικηθῆναι,
3092 5055 3192 5107 οὐκ
3228 5056 3293 5107 ἂν
3340 5056 3653 5125 ἐπετιμήθη
3702 5058 3803 5127 τῆς
3848 5063 4083 5132 ἐπικλή-

2500 5162 2676 5208 σεως;
2721 5147 2889 5215 Ὶῐμῖν
2921 5147 2975 5199 δὲ
3017 5147 3111 5199 καὶ
3147 5147 3309 5200 τοῦτο
3370 5148 3626 5219 ἔγκλημα
3655 5151 3947 5224 ἐλογίσθη,
3986 5159 4081 5209 καὶ

2497 5239 2599 5291 οὐκ
2636 5234 2800 5301 οἶδεν,
2842 5239 3003 5309 ὁποίᾳ
3024 5239 3201 5309 ἑτέρᾳ
3239 5239 3367 5309 δίκη
3398 5243 3499 5310 τὴν
3524 5241 3620 5295 τοῦ
3650 5242 3933 5311 βασιλέως
3966 5250 4083 5301 ἐπέ-

2498 5330 2692 5398 κλησιν
2718 5329 3075 5397 ἐπιϐοήσεται
3095 5332 3123 5383 ὁ
3154 5332 3497 5401 κρινόμενος.
3535 5334 3595 5386 El
3623 5335 3753 5402 γάρ,
3779 5337 3870 5388 ὅτε
3897 5338 3962 5390 τὸ
3986 5340 4081 5408 μὲν

2499 5421 2593 5471 ἐπὶ
2630 5423 2694 5487 τῇ
2727 5420 2852 5490 δίκῃ
2890 5422 3182 5489 πρόσωπον
3212 5424 3583 5492 πατριάρχης,
3645 5426 3705 5477 τὸ
3733 5425 3779 5477 δ’
3820 5427 4081 5498 ἔγκλημα

2498 5511 2671 5580 ἔχθρα
2724 5511 2867 5562 κατά
2926 5511 3236 5580 Ῥωμαίων,
3288 5518 3380 5564 καὶ
3421 5513 3712 5583 δογμάτων
3749 5522 4078 5589 παραφορὰ.

2500 5603 2757 5672 περιττόν
2783 5620 2854 5666 τι,
2890 5606 2984 5656 καὶ
3008 5605 3086 5666 εἰς
3114 5605 3266 5657 οὐδὲν
3299 5607 3587 5658 συντελοῦν
3618 5609 3648 5676 ὴ
3676 5608 3771 5661 τοῦ
3811 5609 4080 5677 βασιλέως

2500 5695 2769 5764 ἀκρόασις
2800 5697 3078 5765 ἐλογίσθη,
3114 5698 3206 5749 ἐπὶ
3258 5698 3397 5766 ποίῳ
3434 5699 3501 5751 ἂν
3558 5700 3733 5769 ἑτέρῳ
3768 5706 4070 5775 προσώπῳ,

2504 5790 2593 5843 καὶ
2635 5788 2719 5855 ἐφ’
2750 5788 2917 5857 ἑιὲρᾳ
2954 5792 3077 5858 ποίᾳ
3112 5789 3235 5859 δίκῃ
3268 5791 3314 5841 οἱ
3359 5790 3534 5845 ταῦτα
3594 5792 3948 5862 λογιζόμενοι
3987 5800 4078 5865 τὴν
