4214 6446
240 441 340 505 961

1236 438 1332 499 DE
1377 436 1877 497 DEPOSITHWE
1918 435 2060 495 ΒΗΛ
2099 435 2322 498 ΟΒΑΤ.
2366 435 2411 496 ῐ.

3386 436 3493 502 962

238 557 333 607 τοῦ
380 554 648 623 βασιλέως
690 550 997 619 παρουσίαν
1059 546 1472 610 δικαιώσωσινς
1524 545 1727 611 Γέγονε
1767 541 1811 594 δ’
1841 542 1886 603 Α

1841 542 1886 603 Α
1916 550 2022 599 iur.
2053 544 2394 611 prmscntiam
2438 541 2783 609 imperatoris
2814 542 3202 612 appellabunt?
3235 543 3347 601 Hac
3376 545 3492 616 lgi—

236 643 335 701 οὖν
392 646 480 714 ἐφ’
535 647 669 713 ἡμῖν
709 642 856 696 οὕτω
912 641 1004 693 καὶ
1049 639 1236 691 τοῦτο’
1279 639 1375 691 καὶ
1407 638 1529 690 τότε
1566 636 1667 706 μὲν
1721 637 1813 687 ἐπὶ

233 735 508 797 τοιούτοις
548 735 581 804 ἡ
624 750 683 786 τε
717 732 935 793 σύνοδος
982 728 1225 799 διελύθη,
1268 730 1363 782 καὶ
1395 729 1458 781 τὸ
1495 728 1621 782 καθ’
1652 725 1813 797 ἡμῶν

234 823 592 891 διεσκεδάσθη
628 821 931 890 συνέδριον.

309 916 375 969 θ’.
412 917 563 967 Κατά
598 914 774 982 δὲτὴν
815 912 876 977 ἐξ
911 910 1129 982 εκείνης
1169 911 1363 983 τρίτην
1392 909 1530 981 πρὸς
1558 912 1624 981 τῇ
1654 926 1810 964 συνο-

232 1008 360 1075 δικῇ
392 1005 661 1073 δμηγύρει
696 1006 791 1056 καὶ
823 1006 887 1074 τῇ
927 1006 1223 1073 ἀρχσντικῇ
1259 1002 1591 1067 συνελεύσει,
1622 1002 1816 1073 ήαύτὴ

235 1099 333 1150 καὶ
362 1097 524 1149 πάλιν
556 1098 695 1167 μετά
722 1097 819 1167 τῆς
863 1096 1037 1164 αὐτῆς
1079 1093 1277 1157 κακίας
1308 1095 1416 1147 τῶν
1468 1094 1680 1147 πολλῶν
1719 1092 1815 1147 τοῦ

235 1191 505 1259 πλήθους,
538 1192 585 1242 εί
609 1189 701 1243 καὶ
740 1190 815 1259 μὴ
842 1190 1079 1252 πάντων,
1122 1188 1268 1258 ὁρμή
1304 1204 1361 1240 τε
1392 1186 1489 1239 καὶ
1516 1188 1811 1258 συνδρομὴ,

233 1282 334 1334 καὶ
364 1282 598 1351 μηνυταὶ
634 1279 813 1344 πάλιν,
844 1280 939 1333 καὶ
968 1282 1083 1343 τοῖς
1106 1280 1381 1350 πρότερον
1417 1280 1580 1348 ὅμοια
1610 1280 1677 1333 τά
1711 1297 1817 1349 μη-

233 1375 470 1441 νύματα.
518 1372 707 1441 Ἡμεῖς
730 1371 788 1424 δὲ
817 1372 936 1440 θεῷ
968 1370 1067 1442 μὲν
1098 1372 1161 1423 τὸ
1189 1371 1407 1441 πρῶτον
1438 1370 1667 1431 ἑαυτοὺς
1688 1371 1818 1422 ἀνα-

232 1465 484 1532 θέμενοι,
524 1464 803 1531 σκέμμασι
834 1463 889 1516 δι
919 1462 981 1515 τὸ
1032 1461 1310 1531 δεύτερον,
1351 1456 1433 1523 οἷς
1474 1462 1609 1531 ἡμῖν
1643 1461 1815 1513 ὶδόκει

232 1556 542 1623 συμφέρειν
572 1557 934 1624 χρησάμενοι,
967 1555 1061 1606 καὶ
1115 1554 1175 1607 τὸ
1213 1554 1469 1607 ἀπελθεῖν
1512 1554 1650 1623 πρὸς
1689 1552 1814 1616 τοὺς

232 1648 561 1709 καλοῦντας,
597 1649 690 1699 καὶ
736 1648 796 1698 τὸ
832 1648 904 1715 μὴ
937 1645 1193 1698 ἀπελθεῖν
1230 1646 1431 1714 ὁμοίως
1472 1645 1814 1698 ἐπικίνδυνον

230 1740 526 1807 ἑωρῶμεν,
563 1739 624 1789 τὸ
649 1739 755 1803 μὲν
779 1741 825 1790 εί
857 1739 991 1807 μετά
1013 1738 1111 1805 τῆς
1144 1738 1284 1809 ὑπὲρ
1316 1736 1473 1807 ἡμῶν
1499 1737 1651 1789 ἔσται
1678 1740 1814 1791 ἀπο-

231 1832 446 1899 λογίας,
473 1833 534 1882 τδ
558 1830 614 1881 δὲ
645 1829 720 1891 ὼς
752 1831 934 1881 πᾶσαν
960 1828 1146 1881 ἄδειαν
1172 1828 1412 1899 παρέξον
1451 1830 1563 1889 τοῖς
1590 1827 1812 1880 διαϐάλ-

231 1924 385 1975 λουσι
415 1922 485 1973 τὰ
528 1922 789 1990 ἡμέτερα.
823 1920 887 1971 'H
934 1922 1030 1989 μὲν
1060 1922 1167 1989 γάρ
1211 1919 1350 1989 μετά
1381 1922 1479 1989 τῆς
1510 1918 1812 1985 ἀπολογίας

230 2016 369 2082 ἡμῖν
393 2011 666 2080 παρουσία
702 2007 847 2079 εἶχεν
874 2011 939 2063 ἂν
974 2012 1110 2079 πρὸς
1140 2012 1410 2080 ἡμέτερον
1443 2011 1685 2063 κίνδυνον
1715 2011 1812 2063 ἀν-

230 2107 370 2174 άψαι
393 2107 459 2157 τὰ
492 2104 693 2173 πλήθη,
726 2105 806 2156 ὅτι
838 2119 899 2170 γε
933 2102 994 2154 τδ
1031 2104 1088 2154 ἐν
1139 2102 1351 2165 τούτοις
1396 2101 1813 2173 ἀλογιστὸτερον

231 2200 335 2266 οὐχ
359 2196 735 2265 ὑπερηγορίαν
766 2195 945 2265 ἡμῶν,
975 2198 1073 2258 τῆς
1102 2194 1157 2246 δὲ
1184 2197 1337 2263 κοινῇ
1363 2194 1815 2264 σπουδαζομένης

230 2290 631 2355 ἐπιχειρήσεωε
664 2286 1002 2355 κατηγορίαν
1041 2286 1133 2336 καὶ
1177 2286 1459 2353 ἀναίρεσιν
1489 2284 1697 2352 ταύτην
1728 2284 1814 2336 λο-

231 2376 498 2443 τίσασθαι
529 2376 744 2444 ἒμελλέ,
776 2375 871 2427 καὶ
899 2376 995 2444 οὐχ
1037 2377 1265 2434 ἑαυτοὺς
1292 2376 1552 2443 συνιστᾷν
1580 2392 1592 2402 ·
1621 2377 1736 2439 τοῖς
1757 2376 1813 2429 δὲ

231 2469 491 2530 Λατίνοις
528 2468 891 2536 προσϐοηθεῖν
932 2468 1075 2521 οὕτω
1117 2468 1399 2530 ποιοῦντες
1446 2468 1815 2538 ἑνομίσθημεν

230 2561 322 2623 ἂν,
362 2560 459 2613 καὶ
489 2559 609 2629 τάχ’
641 2560 707 2614 ἂν
737 2560 823 2613 διὰ
862 2559 1019 2613 τοῦτο
1072 2562 1165 2613 καὶ
1198 2560 1393 2612 θυσίαν
1427 2560 1548 2628 Θεῷ
1576 2561 1818 2631 προσφέ-

230 2669 351 2721 ρειν
380 2653 627 2721 ἡγήσατο
689 2654 716 2703 ὀ
757 2651 943 2721 πικρῷ
981 2651 1200 2720 θανάτῳ
1247 2652 1591 2721 παραδώσων
1638 2654 1812 2721 ἡμᾶς.

228 2744 489 2796 Τοιοῦτον
522 2744 653 2814 γὰρ,
696 2746 771 2808 ὡς
827 2743 1059 2815 ἔφημεν,
1102 2745 1415 2815 ἄνθρωπος,
1466 2747 1812 2817 ἀλογώτερον

227 2834 605 2903 ἀκροώμενος,
631 2838 759 2889 ὅταν
793 2852 874 2895 τις
897 2838 988 2889 ἐπὶ
1009 2840 1120 2901 τοῖς
1151 2840 1279 2905 περὶ
1304 2837 1436 2891 Θεοῦ
1464 2841 1556 2891 καὶ
1577 2840 1816 2902 πίστεως

228 2926 453 2995 αἰτιῷτο
477 2928 779 2997 ζητήμασι.
807 2927 880 2981 Τὸ
910 2930 966 2982 δὲ
1004 2931 1079 2999 μὴ
1110 2932 1367 2985 ἀπελθεῖν
1395 2932 1530 2995 ὅλως
1560 2933 1815 2985 ὲπίπλέον

227 3016 297 3069 ἃν
321 3019 403 3078 είς
436 3016 529 3070 τὸν
560 3019 851 3087 εἰρημένον
879 3019 1008 3081 τοὺς
1039 3019 1163 3071 καθ’
1192 3020 1351 3088 ἡμῶν
1380 3020 1601 3089 ἠρέθισε
1635 3021 1815 3075 κίνδυ-

226 3123 343 3170 νον,
364 3107 442 3170 ὡς
478 3108 661 3161 πίστιν
693 3110 831 3178 τάχα
855 3110 964 3163 τῶν
991 3109 1113 3161 καθ’
1149 3110 1306 3179 ἡμῶν
1342 3113 1688 3181 αίτιαμάτων
1716 3112 1814 3189 δυς

1920 640 2006 686 tur
2040 634 2250 687 ratione
2291 634 2395 686 hoc
2426 648 2645 702 quoque
2673 633 2739 687 de
2794 632 2950 687 nobis
2981 642 3317 690 transactum
3353 648 3436 691 est
3471 654 3487 691 :

1921 734 2036 779 tum
2082 726 2339 795 deinceps
2384 726 2627 797 synodus
2667 726 2934 782 dissoluta
2979 735 3083 794 est,
3132 737 3186 784 et
3226 729 3492 786 adversus

1919 835 2018 874 nos
2047 829 2270 874 coactus
2297 834 2626 890 congressus
2652 819 2949 888 dissipatus

1993 912 2045 967 9.
2089 912 2272 966 Tertia
2306 914 2655 982 postmodum
2702 911 2788 965 die
2820 911 3104 981 synodalia
3131 914 3487 983 congregatio

1918 1020 2043 1060 cum
2080 1004 2384 1072 principum
2420 1002 2729 1059 assistentia
2762 1003 2992 1071 cogitur,
3026 1006 3333 1073 iterumque
3358 1017 3483 1058 cum

1916 1096 2105 1151 eadem
2138 1096 2435 1148 multorum
2484 1110 2548 1148 ex
2586 1096 2676 1148 vili
2705 1093 2985 1164 plebecula
3033 1093 3402 1163 improbitate.
3434 1100 3490 1148 et

1916 1188 1959 1241 si
1993 1203 2100 1240 non
2142 1187 2408 1249 omnium,
2443 1186 2702 1256 impetus,
2734 1196 2788 1242 et
2835 1199 3165 1249 concursus,
3215 1194 3271 1240 et
3308 1185 3486 1241 nuntii

1914 1277 2191 1348 p‘ioribus
2233 1291 2342 1331 non
2400 1275 2698 1333 absimiles.
2748 1277 2858 1331 Nos
2890 1290 3053 1345 porro
3086 1274 3195 1331 Deo
3242 1284 3488 1330 uosmet-

1922 1374 2069 1440 ipsos
2094 1371 2329 1439 primum
2360 1370 2791 1433 committentes,
2823 1379 2875 1425 et
2902 1370 3087 1423 animo
3111 1370 3483 1439 postmodum,

1914 1478 2037 1532 qua!
2085 1461 2242 1515 nobis
2287 1461 2439 1515 utilia
2488 1476 2610 1516 esse
2650 1460 2999 1527 videbantur,
3028 1460 3397 1526 revolventes,
3430 1469 3487 1515 et

1916 1557 1979 1609 ad
2013 1566 2355 1609 accersentes
2400 1570 2707 1620 accessum,
2759 1566 2813 1610 et
2851 1557 2905 1610 in
2940 1557 3263 1625 spernendis
3312 1557 3489 1627 impe-

1917 1648 2011 1702 riis
2055 1648 2481 1711 contumaciam,
2513 1664 2665 1718 mque
2714 1649 3080 1718 periculosum
3119 1662 3243 1705 esse
3290 1649 3488 1719 depre-

1915 1740 2290 1794 liendeltamus
2323 1758 2337 1797 ;
2372 1742 2545 1803 illum,
2579 1742 2624 1794 si
2666 1756 2791 1795 cum
2826 1752 3009 1796 nostra
3046 1741 3366 1797 defensione
3396 1755 3491 1796 cc-

1916 1834 2232 1897 mi‘taretur;
2263 1832 2424 1895 hanc,
2459 1843 2717 1901 tanquam
2743 1848 2865 1902 qua:
2889 1845 3073 1887 nostra
3101 1834 3491 1889 calumnianti-

1918 1925 2019 1978 bus
2047 1924 2258 1991 plenam
2291 1922 2604 1977 facultatem
2638 1925 2821 1979 omnia
2859 1926 3052 1994 agendi
3098 1927 3486 1981 concessisset.

1915 2014 2160 2083 Namque
2197 2026 2383 2068 nostra
2416 2015 2704 2082 praesentia
2744 2030 2869 2069 eum
2904 2014 3223 2071 defensione
3271 2023 3490 2086 poterat

1916 2108 1981 2159 ad
2011 2113 2198 2159 nOstra
2242 2105 2437 2159 damna
2473 2105 2878 2159 multitudinem
2912 2106 3213 2171 concitare,
3247 2105 3392 2175 quod
3433 2104 3491 2159 in

1916 2211 1976 2249 ea
2023 2210 2171 2265 pars,
2201 2211 2324 2265 quas
2371 2196 2554 2250 minus
2600 2197 2813 2250 ratione
2843 2206 3112 2262 uteretur,
3158 2211 3269 2251 non
3313 2194 3490 2250 nostri

1916 2286 2327 2352 defensionem,
2384 2287 2480 2342 sed
2543 2294 2775 2343 conatus
2829 2287 3089 2341 adversus
3136 2301 3235 2341 nos
3283 2284 3490 2356 publici

1917 2378 2346 2442 accusationem,
2384 2386 2439 2431 et
2488 2376 2898 2431 demolitionem
2948 2372 3104 2430 illam
3146 2390 3269 2431 esse
3323 2390 3490 2445 repu-

1916 2480 2086 2526 tasset
2116 2489 2131 2526 :
2170 2480 2224 2524 et
2262 2485 2362 2524 nos
2388 2484 2497 2523 non
2543 2469 2703 2523 nobis
2739 2468 3021 2539 suppetias
3051 2467 3215 2533 ferre,
3245 2466 3340 2523 sed
3382 2466 3489 2523 La-

1917 2563 2047 2616 tinis
2076 2577 2195 2616 esse
2239 2562 2578 2630 adjumento,
2624 2560 2667 2613 si
2704 2560 2756 2615 id
2788 2575 3097 2630 ageremus,
3152 2560 3492 2617 existimare-

1918 2670 2058 2707 mur.
2096 2651 2155 2706 Et
2187 2650 2325 2707 forte
2361 2652 2525 2705 etiam
2570 2652 2639 2706 ob
2669 2652 2812 2707 hanc
2841 2652 3087 2707 eamdem
3120 2666 3344 2707 causam
3396 2666 3492 2708 sa-

1915 2744 2182 2798 crificium
2221 2744 2331 2797 Deo
2380 2742 2576 2797 offerre
2622 2745 2876 2812 opinatus
2906 2744 3202 2813 quispiam,
3235 2742 3354 2798 neci
3387 2757 3491 2799 nos

1914 2836 2166 2905 pessimae
2198 2836 2517 2890 tradidisset
2547 2854 2559 2889 :
2596 2837 2719 2890 talis
2749 2837 2896 2890 enim
2933 2837 3097 2891 homo
3128 2842 3233 2902 est,
3266 2844 3319 2891 et
3340 2835 3490 2890 nulla

1925 2928 2134 2982 ratione
2174 2931 2311 2981 duce
2362 2943 2449 2984 res
2494 2927 2772 2997 dijudicat,
2812 2942 2937 2981 cum
2988 2927 3055 2981 de
3106 2926 3217 2981 Deo
3267 2941 3332 2983 ac
3375 2926 3485 2983 ﬁdo

1915 3022 2146 3091 qua‘slio
2179 3031 2283 3082 cst,
2320 3031 2372 3075 et
2396 3021 2663 3089 judicium
2696 3018 3071 3075 constituitur.
3100 3018 3167 3072 Et
3203 3026 3493 3073 contuma-

1913 3112 1995 3165 cia
2027 3111 2201 3178 magis
2225 3126 2289 3165 ac
2321 3110 2493 3175 magis
2538 3109 2589 3161 in
2636 3123 2833 3161 noxam
2865 3115 3113 3163 nostram
3147 3105 3473 3169 excitasset.

226 3199 466 3267 νάμενον
510 3202 837 3269 παρασχεῖν.
890 3200 1011 3253 ὐτι
1059 3201 1191 3268 γοῦν
1262 3191 1581 3255 ἐπικίνδυνα
1637 3203 1882 3280 ταῦταο

1837 3216 1882 3280 C
1917 3211 2177 3271 tanquam
2232 3218 2354 3270 qua:
2387 3202 2620 3255 crimina
2661 3200 2924 3254 adversus
2989 3215 3091 3255 nos
3120 3198 3173 3253 in
3210 3198 3484 3269 judicium

227 3290 452 3342 ἔδὸκουν
482 3292 619 3359 ἡμῖν
646 3293 740 3342 καὶ
782 3293 1095 3362 ἀμφότερα,
1148 3295 1340 3365 τρίτην
1366 3295 1536 3364 ἀλλην
1589 3296 1811 3351 ὁδεῦσαι

225 3375 555 3444 διέγνωμεν.
586 3376 661 3428 Τὸ
690 3379 798 3447 γὰρ
829 3381 921 3432 ἐπὶ
954 3382 1089 3433 πάσι
1122 3385 1237 3445 τοῖς
1292 3384 1584 3454 ἡμετέροις
1631 3386 1812 3440 ἔθεσιν

226 3467 655 3535 ἀπαράτρωτον,
704 3470 799 3521 καὶ
853 3471 953 3541 τὴν
1009 3472 1476 3543 ἀπαράθραυστον
1517 3480 1617 3547 τῆς
1653 3480 1813 3548 ἡμῶν

226 3556 520 3619 εὐσεϐείας
549 3560 887 3629 συντήρησιν
927 3563 1145 3626 ἑαυτοῖς
1178 3566 1506 3630 συνειδότες,
1534 3568 1653 3621 δέον
1689 3571 1812 3623 ἑλοο

227 3650 532 3719 γισάμεθα,
564 3654 665 3720 τὴν
693 3656 793 3721 μὲν
814 3655 1110 3707 ἀπέλευσιν
1145 3658 1219 3726 μὴ
1239 3658 1657 3727 ἀναϐάλλεσθαι,
1683 3662 1814 3731 μίαν

227 3739 287 3791 δὲ
313 3740 487 3808 μόνην
518 3740 820 3808 ἀπολογίαν
844 3742 942 3811 τὴν
972 3743 1073 3811 τῆς
1101 3746 1318 3808 οἰκείας
1358 3747 1594 3811 πίστεως
1624 3752 1811 3820 ὁμολο-

228 3830 360 3897 γίαν
384 3830 741 3907 ποιήσασθαι,
774 3833 911 3902 πρὸς
940 3834 1068 3887 ἄλλο
1111 3836 1170 3888 δὲ
1208 3839 1315 3890 πᾶν
1350 3839 1486 3909 πρὸς
1518 3841 1628 3895 τῶν
1658 3843 1809 3896 ἀντι-

226 3921 634 3990 διατιθεμένων
666 3926 802 3992 ἡμῖν
828 3926 1119 3995 ἐριστικῶς
1175 3908 1623 4001 προσιέερόμενον
1672 3936 1809 3989 ἀπο-

229 4014 531 4084 σιωπῆσαι,
560 4015 653 4069 καὶ
680 4018 818 4085 πρὸς
842 4021 1025 4073 πᾶσαν
1060 4021 1421 4089 ἐπελθοῦσαν,
1457 4026 1552 4077 καὶ
1587 4027 1811 4081 ἔπελευο

228 4109 470 4177 σομένην
499 4110 634 4177 ἡμῖν
653 4108 894 4172 ἀδικίαν,
927 4112 1098 4182 μηδὲν
1125 4114 1261 4183 πρὸς
1302 4117 1364 4167 τὸ
1401 4117 1576 4187 παρὸν
1613 4134 1797 4187 παρα-

234 4198 611 4266 φθέγξασθαι.
651 4200 764 4253 Καὶ
791 4204 984 4269 γέγονε
1012 4202 1194 4257 τοῦτο.
1244 4207 1356 4259 Καὶ
1386 4202 1533 4276 εἶχεν
1572 4209 1718 4277 ἡμᾶς
1751 4208 1813 4261 τὸ

225 4291 589 4359 δικαστήριον
604 4292 665 4344 οὐ
696 4292 1226 4365 δικασθησομένους,
1256 4297 1373 4349 ἀλλ’
1406 4300 1472 4369 ἣν
1502 4300 1814 4367 προπεπον-

227 4380 407 4447 θαμεν
438 4381 760 4448 καταδίκην,
794 4382 1139 4451 βεϐαιότερον
1166 4385 1295 4448 ἴσως
1316 4388 1719 4455 ἀποισομένους
1743 4390 1810 4442 δι’

224 4464 311 4527 ἓν,
344 4464 421 4525 ὡς
472 4464 621 4517 ἔοικε
646 4508 662 4530 ,
708 4469 869 4536 μόνον
893 4469 995 4538 τήν
1027 4472 1302 4542 ἡμετέραν
1337 4475 1641 4543 παρουσίαν
1677 4493 1811 4529 κατ-

1914 3292 2109 3353 delata,
2138 3292 2215 3344 uti
2252 3308 2375 3344 vera
2410 3291 2840 3346 constabilisset.
2866 3290 3001 3345 Cum
3040 3292 3227 3359 itaque
3254 3298 3490 3359 utraque

1923 3383 2081 3437 nobis
2115 3383 2415 3453 periculosa
2466 3382 2797 3447 viderentur,
2846 3384 3064 3437 tertium
3108 3382 3247 3436 inire
3290 3381 3481 3436 consi-

1916 3474 2049 3527 lium
2086 3475 2447 3528 decrevimus.
2477 3473 2725 3543 Namque
2754 3488 2877 3527 cum
2908 3473 2960 3526 in
2994 3471 3251 3526 omnibus
3278 3470 3485 3526 nostris

1914 3566 2402 3620 consuetudinibus
2468 3565 2867 3620 invulneralam
2924 3573 2977 3618 et
3026 3573 3227 3619 nostra:
3272 3563 3490 3633 pictatis

1914 3656 2202 3712 infractam
2307 3660 2673 3728 integritatem
2757 3668 3131 3713 conservatam
3208 3670 3239 3711 a
3331 3655 3491 3711 nobis

1915 3752 2159 3819 apprime
2205 3756 2545 3813 teneremus,
2587 3748 2731 3804 facto
2764 3765 2903 3819 opus
2937 3764 3057 3804 esse
3086 3747 3490 3818 indicavimus.

1925 3853 2208 3895 accessum
2260 3854 2456 3907 nempe
2508 3856 2613 3893 non
2650 3840 2857 3894 diutius
2891 3841 3230 3907 protrahere,
3266 3846 3318 3893 et
3352 3838 3489 3893 satis

1921 3946 2017 4001 pro
2056 3933 2217 3986 nobis
2250 3946 2598 4001 responsum,
2634 3932 2679 3986 si
2713 3939 2914 3985 nostra:
2940 3932 3059 3985 fidei
3088 3930 3488 4000 professionem

1915 4020 2333 4089 amitteremus,
2396 4026 2605 4094 reliqua
2674 4039 2803 4079 vero
2861 4026 3086 4090 omnia,
3150 4038 3275 4092 qua:
3327 4022 3489 4077 nobis

1916 4119 2217 4173 adversarii
2267 4120 2612 4173 cootentiose
2671 4126 3033 4187 apponerent,
3085 4116 3306 4170 silentio
3358 4130 3487 4185 per-

1918 4201 2305 4270 transit-emus,
2336 4216 2389 4261 et
2439 4210 2505 4260 ad
2541 4222 2723 4269 oinne,
2757 4208 2901 4277 quod
2942 4208 3142 4275 injuste
3173 4205 3317 4274 passi
3364 4219 3489 4259 era-

1916 4296 2076 4363 mus,
2129 4299 2210 4352 vel
2248 4300 2598 4366 imposterum
2658 4298 2943 4353 toleraturi
3002 4312 3294 4361 essemus,
3349 4295 3485 4349 nihil

1915 4401 2028 4445 tum
2074 4391 2554 4460 respondercmus.
2596 4390 2749 4455 Quod
2804 4399 2857 4443 et
2905 4389 3105 4442 factum
3162 4397 3261 4442 est.
3306 4388 3375 4441 Et
3416 4387 3485 4440 atl

1918 4482 2155 4536 tribunal
2230 4482 2569 4536 accessimus
2625 4498 2731 4534 non
2776 4481 3101 4549 judicandi,
3166 4479 3259 4532 sed
3322 4492 3482 4547 quam

226 4557 565 4621 επειγὸντων
600 4557 708 4611 τῶν
747 4560 881 4627 ἡμῖν
904 4561 1309 4629 ὲξυφαινόντων
1340 4565 1405 4616 τά
1442 4565 1721 4631 πάνδεινα,
1748 4567 1809 4619 τὸ
1841 4580 1885 4635 ο

1841 4580 1885 4635 D
1915 4582 2073 4625 antea
2118 4570 2632 4625 condemnationem
2678 4570 3005 4631 subivitnus,
3041 4568 3253 4621 firmius
3300 4581 3486 4635 repor-

227 4650 329 4697 καὶ
353 4647 583 4714 ἀτιμίαν
608 4648 706 4699 ἐπὶ
728 4654 793 4718 τῇ
824 4652 1010 4722 ἀδικίᾳ
1038 4654 1371 4723 προστρίψαι
1390 4656 1542 4723 ἡμῖν.
1568 4651 1671 4709 Οἷα
1700 4661 1806 4729 γὰρ

227 4740 501 4807 dmpsit;
532 4736 618 4792 οἷα
643 4741 699 4793 δὲ
733 4744 834 4795 καὶ
873 4744 1227 4813 τ,κούσαμεν;

1919 4663 2107 4725 laturi,
2160 4662 2230 4716 ob
2282 4662 2456 4728 quod,
2499 4669 2556 4714 nt
2602 4661 2904 4723 videbatur,
2966 4658 3346 4711 tantummodo
3389 4670 3487 4709 no-

1919 4762 2084 4806 stram
2116 4753 2459 4821 priesentiam
2498 4752 2742 4805 studiose
2778 4751 3171 4821 peposcebant,
3211 4751 3303 4818 qui
3338 4759 3488 4800 atro-

227 4836 456 4890 tiSsitna
506 4852 738 4906 quaeque
800 4838 853 4891 in
916 4854 1017 4892 nos
1079 4841 1480 4905 moliebantur,
1534 4852 1589 4896 et
1644 4846 1801 4899 nobis
1838 4857 2035 4917 [οι-αξιοι·
2101 4847 2416 4915 injustitiatn
2471 4843 2709 4899 infamia:
2786 4859 3005 4915 quoque
3054 4854 3235 4897 notam
3300 4845 3487 4896 inure-

228 4935 385 4988 bant.
420 4932 551 4997 Quae
578 4934 720 4986 enim
756 4945 867 4986 tum
900 4935 1184 4988 diximus?
1218 4952 1339 5005 qute
1370 4946 1423 4990 et
1451 4940 1801 4993 audivimus?

305 5033 360 5080 ι’.
422 5028 628 5078 Αὐτίκα
698 5026 931 5095 πρώτως
986 5030 1114 5096 περὶ
1154 5022 1230 5080 ὧν
1286 5030 1810 5099 ἐλοιογραφήσαμεν

229 5121 361 5191 περὶ
403 5119 503 5187 τῆς
550 5119 1017 5188 ἐκκλησιαστικῆς
1074 5120 1328 5185 ὲνώσεως
1381 5123 1806 5194 ἀιεκρινόμεθα.

231 5213 340 5264 Καὶ
378 5206 446 5280 ἦν
481 5210 581 5279 μὲν
613 5213 645 5278 ἡ
690 5211 897 5282 σπνιυδὴ
928 5213 1042 5274 τοῖς
1074 5211 1416 5265 ἀντιδικοῦσι
1454 5213 1667 5265 στάδιον
1690 5213 1811 5267 διαη

227 5302 430 5367 λέξεως
453 5302 760 5368 ὑπανοῖξαι,
804 5304 897 5355 καὶ
943 5304 1117 5372 μέγαν
1160 5305 1537 5376 ἀντιρρήσεως
1569 5321 1808 5374 συγκρορ

227 5400 398 5470 τῆσιι
433 5396 639 5465 ἀγῶνα,
674 5395 748 5459 ὡς
779 5395 843 5449 ἀν
888 5397 977 5449 διὰ
1028 5397 1483 5467 παρεξηγήσεων,
1536 5392 1623 5460 αῖς
1654 5396 1809 5449 αὐτοὶ

230 5488 742 5561 νομοθετικὼτερσν
770 5489 933 5542 πὶὲον
962 5488 994 5559 ἢ
1024 5487 1550 5559 ἀποδεικτικώτερον
1576 5490 1671 5542 ἐπὶ
1692 5490 1813 5553 ταῖς

230 5584 576 5650 Θεολογικαῖς
612 5582 719 5633 τῶν
759 5581 1020 5650 Πατὲρων
1062 5580 1301 5651 χρῶνται
1334 5583 1564 5648 φωναῖς,
1595 5581 1655 5633 τὸ
1677 5582 1809 5635 ἀλο-

231 5677 481 5745 γώτερον
517 5676 610 5726 τοῦ
635 5676 868 5745 πλήθους
898 5673 1513 5744 καταδημαγωγήσωσι,
1547 5676 1642 5727 καὶ
1665 5674 1808 5727 οὓτω

234 5784 337 5836 την
369 5766 494 5817 καθ’
520 5766 676 5835 ἡμῶν
706 5765 871 5835 δῆθεν
912 5766 1323 5833 ἀπενέγκωνται
1360 5767 1516 5837 νίκην
1545 5783 1557 5796 ο
1594 5768 1726 5837 ἡμῖν
1761 5768 1807 5818 δ’

232 5860 314 5910 ὁτι
345 5860 406 5911 τὸ
448 5858 811 5927 τυρευὸμενον
848 5856 1053 5920 τούτοις
1104 5858 1202 5909 οὐκ
1254 5858 1500 5926 ἠγνοεῖτο
1523 5874 1535 5887 '
1574 5858 1629 5909 τὸ
1663 5856 1705 5909 δ’
1737 5852 1803 5925 ἦν

1994 5028 2081 5083 l0.
2122 5027 2314 5081 Statim
2354 5026 2464 5089 illa,
2497 5041 2618 5096 quae
2656 5040 2757 5081 nos
2788 5025 2854 5079 de
2880 5025 3083 5079 unione
3116 5027 3489 5081 ecclesiastica

1922 5122 2128 5190 scripto
2181 5120 2528 5184 tradidimus,
2581 5120 2633 5172 in
2676 5119 2942 5189 judicium
2989 5127 3182 5171 vocata
3233 5130 3379 5173 sunt.
3425 5119 3491 5174 Et

1918 5214 2250 5266 adversariis
2294 5221 2502 5264 tantum
2557 5210 2690 5265 illud
2748 5210 3118 5273 incumbebat,
3167 5209 3489 5279 disputatio-

1918 5307 1999 5359 nis
2060 5304 2297 5358 stadium
2357 5304 2612 5373 aperire,
2676 5312 2731 5355 et
2781 5302 2973 5371 ingens
3037 5300 3488 5355 contradictionis

1916 5407 2190 5450 certamen
2244 5397 2598 5457 constituere,
2661 5405 2717 5448 nt
2766 5409 2860 5463 per
2914 5409 3111 5463 pravas
3164 5394 3488 5463 interpreta-

1922 5490 2116 5549 tiones,
2179 5494 2241 5540 ad
2293 5504 2425 5543 uim;
2479 5485 2877 5540 construendas
2913 5485 2987 5538 illi
3042 5486 3485 5538 nomotltctatum

1920 5598 2091 5649 magts
2151 5597 2321 5641 more,
2391 5595 2552 5649 quam
2610 5578 3148 5632 demonstrationum
3209 5576 3485 5629 methodis

1922 5675 2140 5726 Patrum
2212 5676 2437 5725 vocibus
2495 5684 2741 5735 utuntur,
2793 5672 3134 5723 vesaniorem
3194 5668 3486 5734 plebei-ulte

1922 5768 2325 5821 multitudtnrn:
2386 5782 2537 5833 quasi
2598 5764 2869 5817 lenocinio
2921 5761 3238 5823 allici-rent,
3298 5760 3485 5826 sicque

1914 5861 2174 5917 adversus
2215 5878 2239 5907 'l
2286 5878 2301 5889 -ι
2358 5878 2361 5885 ι
2390 5860 2629 5912 -t-:r.riatn
2662 5864 3024 5925 reportarem.
3058 5851 3164 5907 Nos
3200 5866 3358 5922 porro
3390 5866 3484 5904 co-
