4214 6446
764 395 875 461 963

1788 385 1997 448 JOAN.
2038 383 2252 448 VECCI
2292 383 2401 445 ΟΡ.
2436 381 2945 444 ΡΛΤΠΙΑΒΟΙΙᾸΞ

3908 380 4012 443 964

780 527 905 566 rum
944 509 1230 567 machinae.
1266 516 1321 563 et
1351 505 1633 563 molimina
1677 518 1799 559 cum
1836 519 1943 557 non
1976 502 2337 572 pmterirent.
2370 505 2411 562 Α
2443 522 2444 525 η

2370 505 2411 562 Α
2443 501 2502 552 τὸ
2547 499 2614 553 τά
2645 499 2827 569 πλήθη
2855 498 2989 568 πρὸς
3018 497 3118 567 τὴν
3151 496 3274 550 καθ’
3304 496 3463 567 ἡμῶν
3486 496 3655 568 ὀργὴν
3682 497 4013 566 ἀναφθῆναι.

765 610 926 655 erant
958 614 1107 664 vero,
1141 598 1278 651 iram
1302 596 1483 666 pupull
1516 603 1705 648 contra
1736 606 1834 647 nos
1862 590 2213 651 succendere.
2241 587 2332 657 qui

772 693 842 745 ab
884 690 1111 758 antiquo
1164 700 1408 754 trmpore
1465 684 1623 739 fama:
1655 682 1795 753 apud
1834 680 2055 736 eosdem
2108 678 2337 748 vulgatie

768 782 1043 837 haerebant
1086 781 1152 833 ad
1207 779 1464 832 unionem
1509 774 1891 832 stabiliendam
1944 770 2245 826 maximum
2281 768 2337 824 in

767 873 991 928 modum
1026 874 1092 926 ab
1132 871 1322 925 eodem
1363 870 1528 924 modo
1556 867 1794 921 habitam
1832 864 2070 919 studium
2106 875 2206 916 nos
2238 876 2339 915 nec

768 966 1026 1035 exigimm
1049 963 1373 1017 contulisse.
1400 960 1468 1015 Et
1492 956 1773 1027 responsio
1797 954 2035 1025 quidem,
2064 963 2341 1021 utcunque

771 1060 865 1113 illa
895 1056 1080 1119 fuerit,
1123 1056 1196 1109 ita
1235 1070 1293 1109 se
1321 1052 1507 1107 habuit
1536 1067 1552 1105 :
1585 1050 1640 1105 Si
1668 1051 1734 1104 de
1767 1048 1873 1103 fide
1920 1060 2018 1100 nos
2061 1044 2223 1099 hodie
2254 1043 2341 1097 in-

773 1149 1097 1219 quirimur,
1165 1146 1339 1215 palam
1392 1152 1446 1198 et
1501 1143 1672 1198 libere
1729 1155 1917 1195 vocem
1984 1135 2341 1194 sustollentes

770 1242 1030 1307 dicimus,
1078 1239 1322 1299 credere.
1366 1245 1422 1291 et
1465 1235 1742 1305 profiteri,
1774 1243 1829 1287 et
1864 1242 2047 1288 tenere
2077 1232 2341 1301 quemad-

772 1337 995 1388 modum
1031 1342 1217 1386 sancta
1252 1328 1638 1397 catholicaque
1679 1324 1920 1379 Ecclesia
1950 1322 2257 1393 profitetur,
2290 1331 2346 1375 et

772 1434 944 1490 tenet,
989 1440 1018 1478 a
1060 1438 1167 1492 qua
1222 1436 1383 1477 sacro
1420 1422 1639 1475 lavacro
1690 1418 1861 1472 abluti
1901 1432 2111 1481 smnus,
2160 1431 2191 1470 a
2237 1430 2342 1485 qua

773 1520 1050 1573 sincerum
1088 1516 1211 1570 lidei
1240 1516 1321 1568 lac
1350 1512 1659 1575 hausimus,
1704 1527 1732 1564 a
1782 1526 1890 1579 qua
1928 1524 2215 1563 sermones
2248 1507 2346 1561 do-

775 1612 1042 1682 gmaticos
1068 1604 1383 1667 didii-imus,
1418 1619 1556 1676 quos
1585 1602 1653 1656 ab
1687 1600 1918 1655 infantia
1952 1600 2066 1669 ipsa
2102 1598 2167 1652 ad
2196 1598 2348 1651 cani-

782 1702 1026 1756 tudinem
1078 1700 1219 1752 hanc
1265 1696 1459 1765 capitis
1516 1708 1767 1765 peraqua
1820 1691 2069 1746 aetatibus
2121 1704 2348 1759 prepor-

779 1794 923 1847 tione
972 1789 1447 1860 pertractavimus,
1488 1790 1639 1855 prius
1686 1783 2058 1846 addiscentes,
2097 1791 2149 1835 et
2199 1794 2347 1851 p;;Sl-

777 1879 999 1934 inodum
1029 1879 1307 1932 docentes.
1338 1875 1419 1929 Ad
1454 1874 1570 1930 haec
1596 1889 1747 1935 vero,
1780 1889 1903 1943 qua:
1943 1872 2231 1927 subsecuta
2264 1881 2347 1925 est

775 1984 963 2024 eorum
1014 1969 1321 2038 responsio,
1377 1966 1483 2020 hoc
1536 1967 1587 2020 in
1632 1966 1752 2018 loco
1782 1964 2052 2033 digerere,
2099 1962 2344 2031 ineptum

782 2076 1010 2131 prorsus
1043 2060 1319 2114 existimo.
1358 2055 1614 2126 Namque
1652 2055 1993 2112 Christianos
2030 2069 2130 2108 nos
2168 2064 2223 2108 et
2258 2068 2347 2108 or-

778 2153 1055 2206 thodoxos
1103 2164 1225 2205 csse
1278 2148 1493 2219 iudices
1540 2148 1925 2212 declararunt,
1990 2146 2348 2201 nihilominus

776 2243 1103 2313 prazsulatus
1146 2240 1511 2310 privationem
1564 2240 1943 2299 decreverunt,
1994 2237 2181 2292 nescio
2237 2252 2346 2306 qua

776 2328 1027 2395 ratione,
1077 2337 1132 2382 et
1190 2328 1335 2383 unde
1370 2327 1526 2394 moti,
1568 2326 1639 2382 ad
1689 2326 1867 2383 simile
1898 2326 2175 2381 decretum
2219 2340 2347 2389 pro-

776 2422 915 2491 lapsi
948 2429 1097 2483 sunt,
1122 2428 1178 2474 et
1208 2420 1372 2489 plane
1396 2433 1501 2474 non
1526 2418 1767 2486 aliunde,
1803 2433 1979 2489 neque
2009 2420 2172 2474 rebus
2200 2416 2343 2485 aliis,

776 2510 883 2566 nisi
910 2509 997 2575 iis,
1029 2525 1166 2579 quas
1201 2525 1366 2581 supra
1396 2509 1961 2582 praememoravimus.
1989 2508 2176 2580 Neque
2198 2508 2344 2564 enim

776 2616 1027 2675 poterant
1071 2602 1160 2659 vix
1215 2604 1487 2673 compotis
1526 2602 1695 2657 animi
1735 2602 2101 2657 multitudinis
2148 2602 2340 2666 rabiei,

787 2704 844 2750 et
894 2696 1171 2754 etl'renata:
1224 2694 1540 2766 appetitioni
1589 2694 1883 2759 resistere.
1947 2708 2113 2765 quam
2170 2694 2224 2748 in
2286 2710 2346 2750 se

2440 590 2505 642 ὲκ
2547 590 2791 651 παλαιᾶς
2847 587 3376 658 προκατειλημμένα
3426 588 3527 657 τῆς
3575 591 3796 658 φήμης,
3847 588 4017 639 πολλὰ

2439 680 2576 751 πρὸς
2604 680 2705 747 τὴν
2738 679 3078 749 μισουμένην
3111 680 3295 743 αὐτοῖς
3343 679 3813 749 ὲκκλησιαστικὴν
3844 680 4017 731 σπεύ-

2439 768 2550 821 δειν
2572 770 2720 838 ἡμᾶς
2743 767 2958 821 ἕνωσιν.
2990 766 3227 838 Τοιαύτη
3259 786 3344 829 τις
3374 770 3601 836 γέγονεν
3635 768 3668 839 ἠ
3718 768 4018 835 ἀπολογία.

2440 862 2504 915 Εἰ
2530 861 2661 930 περὶ
2690 859 2923 923 πίστεως
2954 860 3115 929 ἡμεῖς
3147 865 3392 931 σήμερον
3425 860 3862 933 ἀνακρινόμεθα,
3890 861 4021 929 Eque,-

2445 970 2567 1023 μεν,
2602 956 2659 1005 ὲν
2691 952 2981 1023 παρρησία
3008 952 3228 1023 βοῶμεν
3261 953 3566 1017 πιστεύειν,
3588 953 3685 1006 καὶ
3710 950 4020 1020 ὁμολογεῖν,

2446 1043 2541 1096 καὶ
2568 1045 2787 1114 φρονεῖν
2814 1043 2887 1105 ὡς
2911 1045 2944 1114 ἡ
2972 1042 3112 1112 ἁγία
3142 1043 3237 1095 καὶ
3261 1041 3528 1114 καθολικὴ
3560 1041 3859 1112 Ἐκκλησία
3890 1058 4023 1109 φρο-

2443 1136 2547 1199 νεῖ,
2577 1136 2671 1189 καὶ
2696 1134 2969 1203 ὁμολογεῖ,
3008 1129 3226 1206 παρ’ής
3252 1134 3315 1189 τὸ
3354 1134 3643 1204 βάπτισμα
3673 1132 4011 1202 εόεξάμεθα,

2444 1228 2577 1298 παρ’
2604 1225 2670 1303 ἧς
2703 1230 2767 1283 τὸ
2807 1230 2998 1283 ἄδολον
3030 1230 3176 1299 γάλα
3202 1230 3303 1301 τῆς
3332 1230 3569 1292 πίστεως
3614 1228 4019 1297 ἐποτίσθημεν.

2445 1322 2577 1392 παρ’
2601 1316 2666 1394 ἧς
2695 1322 2822 1386 τοὺς
2865 1322 3239 1393 δογματικοὺς
3286 1321 3483 1390 λόγους
3534 1320 4023 1391 ὲμαθητεύθημεν,

2446 1414 2541 1478 οὓς
2581 1417 2639 1482 ἐξ
2668 1415 2745 1468 ἔτι
2780 1414 2983 1485 νηπίου
3014 1416 3107 1468 καὶ
3135 1415 3217 1479 εἰς
3252 1414 3415 1483 τήνδε
3466 1414 3565 1484 τὴν
3597 1412 3793 1465 πολιὰν
3831 1409 4027 1463 ἀναλό-

2446 1526 2559 1576 γως
2592 1509 2701 1560 τῶν
2760 1510 2989 1579 ἡλικιῶν
3029 1510 3237 1580 ἑκάστῃ
3298 1509 3615 1581 διήλθομεν,
3656 1504 4027 1575 μανθάνοντες

2450 1602 2745 1669 πρότερον,
2787 1600 2882 1651 καὶ
2917 1600 3263 1663 διδάσκοντες
3293 1601 3543 1670 ὕστερον.
3574 1598 3683 1651 Καὶ
3710 1598 3743 1666 ἠ
3770 1595 3873 1664 μὲν
3898 1594 4027 1647 άπο-

2449 1689 2607 1757 λογία
2630 1690 2789 1760 ἡμῶν
2828 1691 2973 1761 αὕτη
3001 1708 3015 1721 ο
3072 1692 3173 1762 τὴν
3207 1692 3256 1745 δ’
3314 1690 3617 1761 ἀμοιϐαίαν
3648 1688 3785 1757 πρὸς
3818 1685 4029 1754 ταύτην

2451 1782 2746 1851 ἀπόκρισιν
2782 1783 3076 1837 ἀκόλουθον
3108 1784 3460 1853 ἐξενεχθῆναι
3492 1780 3637 1835 κατὰ
3666 1780 3727 1831 τὸ
3761 1778 4029 1847 ἁρμόδιν

2448 1873 2701 1943 οὐδαμῶς
2729 1871 2903 1943 οἶμαι.
2942 1874 3262 1944 Ὀρθοδόξου
3293 1876 3403 1943 γὰρ
3432 1867 3871 1943 Χριστιανισμοῦ
3923 1884 4017 1919 πα-

2458 1965 2690 2036 ραδοχὴν
2724 1968 2772 2017 οἱ
2798 1965 3111 2029 δικάζοντες
3164 1966 3265 2035 τῆς
3306 1961 3727 2035 ἀρχιερωσύνης
3770 1961 4031 2029 στέρησιν

2452 2056 2594 2127 ὑμᾶς
2628 2055 2977 2120 ἐδικαίωσαν,
3016 2056 3116 2108 οὐκ
3152 2052 3250 2108 οἷδ’
3292 2055 3466 2117 ὅπως,
3511 2053 3606 2106 καὶ
3638 2052 3761 2105 ὅθεν
3806 2050 3888 2110 εἱς
3929 2048 4030 2115 τὴν

2451 2146 2714 2216 τοιαύτην
2747 2147 3069 2217 κινηθέντες
3115 2148 3419 2215 ἀπόφασιν,
3458 2146 3675 2207 πάντως
3723 2142 3771 2197 δ’
3806 2142 3911 2194 οὐκ
3938 2140 4033 2193 άλ-

2451 2236 2627 2303 λοθεν,
2658 2235 2775 2291 ἀλλ’
2800 2237 2857 2304 ἐξ
2893 2230 2969 2291 ὦν
2992 2237 3433 2308 προειρήκαμεν.
3459 2236 3534 2288 Ού
3566 2234 3675 2302 γὰρ
3702 2226 3805 2284 οἷοί
3839 2246 3898 2282 τε
3934 2228 4031 2281 ού-

2459 2328 2653 2399 δαμῶς
2687 2324 2830 2398 ἦσαν
2883 2329 3021 2400 πρὸς
3050 2330 3244 2397 άλογον
3292 2328 3494 2398 μανίαν
3542 2326 3780 2395 πλήθους
3813 2323 3913 2375 καὶ
3937 2322 4035 2391 δρ-

2456 2422 2564 2493 μὴν
2586 2421 2831 2492 ἀντέχειν
2855 2421 3179 2486 ἀκάθεκτον,
3217 2421 3285 2491 ἢν
3312 2421 3399 2491 ἐφ’
3423 2418 3615 2473 ἑαυτὸν
3644 2417 3877 2474 ἕκαστος
3911 2416 4033 2467 ὲπι-

2454 2514 2796 2569 σπεύσασθαι
2819 2514 2978 2586 ᾤετο,
3001 2516 3057 2569 εῖ
3073 2514 3249 2569 τί’που
3275 2515 3369 2568 καὶ
3395 2513 3592 2583 μικρὸν
3614 2510 3860 2578 ὲνσταίη,
3890 2507 4034 2574 πρὸς

2452 2607 2596 2679 άπερ
2632 2608 2684 2660 οἱ
2736 2610 2805 2662 τά
2843 2608 2964 2662 καθ’
3019 2608 3180 2679 ἡμῶν
3213 2608 3507 2678 δυνάμενοι
3544 2604 3756 2675 ἤθελον.
3816 2598 3966 2655 Ἀλλ’
3993 2600 4030 2669 ἠ

2455 2701 2555 2770 μὶν
2582 2700 2857 2769 ἀπόφασις
2888 2703 3137 2771 τοιαύτη,
3167 2703 3263 2754 καὶ
3292 2701 3385 2753 διά
3426 2699 3672 2751 τοιαῦτα.

777 2791 1015 2861 quisque
1061 2786 1488 2845 convertendam
1526 2784 1646 2842 fore
1678 2787 1927 2857 putabat,
1972 2788 2019 2841 si
2085 2786 2169 2842 vel
2222 2787 2509 2845 minimum
2579 2791 2687 2848 illis
2731 2792 3058 2855 obstitisset,
3130 2806 3253 2861 quae
3303 2793 3571 2847 adversus
3616 2804 3715 2844 nos
3779 2794 4034 2858 patentes

777 2882 1021 2952 alioquin
1082 2881 1183 2934 viri
1240 2879 1604 2934 intentabant.
1660 2878 2059 2933 Condemnatio
2108 2878 2290 2948 itaque
2316 2919 2332 2943 ,
2375 2881 2454 2936 uti
2485 2882 2753 2947 diximus,
2788 2898 2890 2939 nec
2919 2884 3081 2938 aliam
3114 2885 3184 2937 ob
3220 2898 3441 2939 causam
3474 2883 3586 2936 haec
3618 2882 3742 2935 fuit.

852 2974 942 3029 ll.
999 2971 1111 3029 Nos
1152 2986 1307 3038 vero,
1362 2970 1457 3041 qui
1491 2980 1603 3025 tum
1659 2979 1883 3040 propter
1916 2970 2027 3040 jam
2077 2970 2347 3027 adductas

2528 2983 2619 3030 ια’.
2665 2974 2858 3044 Ἡμεῖς
2898 2975 2956 3028 δὲ
2986 2977 3122 3040 ὅπερ
3174 2976 3295 3029 τότε
3336 2977 3406 3029 δι’
3431 2974 3522 3038 οὓς
3550 2974 3765 3045 ἔφημεν
3811 2971 4033 3039 λόγους,

778 3067 1021 3123 rationes
1079 3063 1216 3119 nihil
1265 3062 1675 3133 respondimus,
1721 3076 1867 3117 nunc
1905 3061 2082 3131 palam
2129 3070 2351 3130 aperto-

2458 3066 2907 3138 ἀπολογήσασθαι
2928 3066 3030 3121 ούκ
3052 3069 3485 3137 ἐδοκιμάσαμεν,
3516 3064 3612 3119 νῦν
3642 3068 3721 3129 εἱς
3765 3064 4032 3132 λαμπρὸν

780 3174 911 3229 que,
947 3166 1009 3212 ιιι
1035 3170 1228 3212 omnes
1279 3154 1530 3219 audiant,
1576 3168 1672 3210 ore
1715 3155 2134 3224 respondemus.
2179 3138 2420 3209 Adde-C

2376 3138 2420 3198 (ἶ
2454 3160 2811 3233 προτείνομεν
2838 3160 2930 3214 τὸν
2968 3160 3261 3228 ἀπόλογον.
3308 3160 3481 3224 Ἔδει,
3520 3153 3565 3213 ὦ
3598 3159 3803 3220 πάντες
3863 3157 4032 3225 ἱεροὶ,

781 3252 1030 3314 cebatne,
1079 3263 1113 3304 ο
1160 3247 1402 3303 universi
1444 3247 1780 3311 sacerdotes,
1813 3255 1869 3300 et
1897 3246 1991 3318 qui
2034 3246 2349 3302 divinorum

779 3352 1082 3401 canonum,
1118 3344 1172 3390 et
1211 3344 1527 3390 sanctarum
1576 3333 2027 3389 constitutionum
2066 3334 2350 3391 scientiam

782 3429 1003 3494 tenetis,
1036 3428 1348 3483 sacerdotio
1398 3440 1524 3481 eum
1558 3426 1782 3495 privari,
1814 3425 1909 3496 qui
1956 3425 2351 3495 prazlaudatam

781 3520 904 3575 lintei
950 3518 1347 3589 professionem
1387 3525 1442 3571 et
1499 3518 1683 3573 animo
1734 3518 1927 3581 credit.
1970 3527 2026 3574 et
2050 3518 2232 3587 lingua
2258 3520 2356 3575 de-

780 3610 1081 3681 pmdicat?
1114 3608 1489 3666 Ortbodoxum
1520 3609 1701 3672 nobis,
1731 3623 1765 3664 ο
1792 3608 1992 3678 iudex,
2032 3610 2357 3667 Christiani-

781 3715 963 3755 smum
1010 3701 1316 3767 attestaris,
1371 3710 1427 3757 et
1482 3700 1854 3757 sacerdotium
1909 3702 2142 3757 adimis?
2191 3702 2356 3758 Forte

780 3791 955 3859 dices,
985 3793 1131 3864 quod
1165 3806 1264 3863 pro
1295 3791 1686 3860 ecclesiastica}
1710 3794 1913 3848 unione
1949 3794 2155 3863 scripta
2178 3792 2358 3863 publi—

782 3884 1047 3939 caverim.
1081 3883 1247 3949 Bene,
1280 3883 1438 3948 bene,
1478 3882 1525 3939 si
1561 3891 1748 3939 nostra
1810 3882 2081 3939 sententia
2113 3899 2220 3939 non
2267 3898 2357 3939 re-

781 3984 929 4029 ctam
989 3976 1415 4045 sinceramque,
1474 3984 1528 4030 et
1577 3976 2035 4032 excellentissimo
2116 3975 2354 4046 quodam

782 4067 945 4122 modo
976 4067 1230 4136 pietatem
1270 4065 1613 4136 prmseferret
1645 4084 1659 4120 :
1700 4067 1746 4122 si
1781 4082 1869 4122 res
1900 4074 2109 4123 vestras
2152 4069 2357 4138 impro-

783 4158 1031 4214 bavimus
1077 4174 1093 4212 :
1141 4158 1185 4212 si
1240 4158 1482 4214 alienum
1536 4158 1625 4231 ab,
1662 4157 1903 4214 Ecclesia
1952 4159 2150 4227 dogma
2184 4158 2357 4213 intro-

783 4250 1067 4304 duximus.
1121 4250 1279 4316 Quod
1333 4250 1380 4305 si
1444 4251 1499 4305 in
1555 4250 1642 4306 bis
1695 4252 1951 4307 omnibus
2010 4253 2241 4319 innoxii,
2302 4261 2356 4307 et

781 4340 969 4395 animo
1011 4349 1066 4395 et
1115 4350 1295 4395 mente
1344 4355 1557 4405 sumus,
1604 4350 1658 4395 et
1706 4355 1920 4395 summa
1954 4341 2126 4395 nostri
2162 4339 2352 4411 scripti

784 4431 1037 4486 tractatio
1083 4446 1189 4484 non
1246 4430 1352 4485 alia
1397 4440 1537 4493 erat,
1566 4446 1730 4499 quam
1768 4432 2054 4500 utriusque
2099 4430 2351 4486 Ecclesia:

2452 3248 2498 3308 ὦ
2532 3252 2734 3317 πάντες
2763 3254 3005 3308 κανόνων
3037 3253 3201 3308 θείων
3252 3254 3347 3307 καὶ
3398 3252 3688 3322 πατρικῶν
3742 3250 4036 3320 εἰδήμονες

2451 3343 2772 3411 διατάξεων,
2808 3344 3111 3416 ἱερωσύνην
3150 3344 3516 3415 ἀφαιρεθῆναι
3569 3342 3663 3395 τὸν
3693 3342 3794 3413 την
3837 3341 4036 3411 ρηθεί-

2453 3450 2553 3489 σαν
2577 3436 2871 3506 ὁμολογίαν
2904 3436 2998 3490 καὶ
3032 3436 3178 3507 ψυχῇ
3211 3435 3514 3507 φρονοῦντα
3547 3434 3639 3488 καὶ
3669 3432 3893 3501 γλώσσῃ
3926 3448 4035 3501 κη-

2458 3528 2723 3599 ρύττοντα
2748 3545 2762 3595 ;
2800 3528 3112 3601 Ὀρθόδοξον
3136 3531 3270 3599 ἡμῖν
3297 3529 3746 3599 προσμαρτυρεὶς
3769 3524 3862 3577 τὸν
3888 3525 4032 3595 Χρι-

2456 3620 2803 3689 στιανισμὸν,
2835 3622 2863 3674 ό
2907 3620 3171 3686 δικάζων,
3212 3620 3309 3676 καὶ
3351 3620 3449 3691 τὴν
3500 3618 3810 3688 ἱερωσύνην
3866 3616 4036 3686 ήμῶν

2454 3708 2703 3780 decipi};
2736 3710 2864 3764 Ὀτι
2896 3727 2987 3779 γε,
3028 3711 3160 3775 ίσως
3199 3712 3369 3783 ἐρεῖς,
3422 3710 3490 3764 τά
3520 3709 3651 3780 περὶ
3686 3708 3785 3777 τῆς
3833 3709 4039 3777 ἐκκλη-

2457 3802 2748 3873 σιαπικῆς
2771 3802 3017 3867 ἑνώσεως
3061 3802 3533 3875 ιλογογράφησας.
3571 3801 3789 3865 Καλῶς,
3821 3799 4029 3864 καλῶς,

2456 3894 2506 3948 εί
2530 3895 2608 3966 μὴ
2627 3894 2689 3947 τὸ
2712 3896 2973 3965 φρόνημα
3005 3894 3167 3966 ήμῶν
3199 3895 3303 3965 τῆς
3326 3895 3501 3967 ἄκρας
3524 3895 3701 3964 εῐχετο
3725 3892 4035 3959 εὐσεϐείας,

2456 3988 2507 4039 εἱ
2530 3988 2601 4040 τά
2631 3988 2877 4058 ήμέτερα
2904 3987 3280 4059 ὴθετήκαμεν,
3310 3991 3360 4042 εί
3409 3988 3694 4057 ἀλλότριον
3738 3988 3919 4056 δόγμα
3964 3990 4036 4056 τῇ

2456 4080 2553 4134 τοῦ
2588 4081 2725 4134 Θεοῦ
2780 4080 3081 4152 Ἐκκλησία
3138 4080 3703 4151 παρεισεφθείραμεν.
3745 4079 3808 4131 Ei
3858 4078 3906 4131 δ’
3941 4080 4040 4129 ἐπὶ

2455 4173 2671 4234 τούτοις
2706 4174 2876 4227 πᾶσιν
2916 4173 3086 4227 άθῶοι
3128 4174 3223 4228 καὶ
3248 4172 3429 4243 ψυχὴν
3458 4173 3554 4226 καὶ
3582 4171 3810 4240 γνώμην
3839 4172 4034 4238 ἡμεῖς,

2458 4264 2553 4317 καὶ
2581 4264 2803 4335 σύμπαν
2822 4264 2881 4318 τὸ
2899 4265 2999 4333 τῆς
3018 4264 3527 4336 λογογραφηθείσης
3552 4263 3643 4331 ὑφ’
3667 4262 3826 4332 ἡμῶν
3853 4278 4041 4329 πραγ-

2460 4357 2686 4427 ματείας
2715 4358 3076 4428 κεφάλαιονή
3123 4359 3259 4428 πρὸς
3307 4359 3534 4426 εἰρήνην
3581 4357 3862 4423 ἑκατέρων
3923 4352 4038 4404 τῶν

2469 4448 2809 4519 Ἐκκλησιῶν
2850 4446 2917 4519 ἦν
2968 4450 3237 4519 συμϐολὴ,
3298 4448 3481 4510 καλῶς
3538 4450 3602 4517 τῇ
3637 4446 3731 4499 τοῦ
3790 4443 4033 4513 Χριστοῦ

784 4536 980 4587 nexus,
1017 4522 1153 4575 bene
1187 4530 1240 4574 et
1266 4520 1561 4573 admodum
1592 4520 1797 4574 utiliter
1832 4520 1922 4573 Dei
1953 4521 2126 4590 gratia
2159 4536 2352 4590 procc-
2388 4510 2431 4565 Β

2388 4510 2431 4565 D
2460 4510 2669 4609 χάριτι,
2686 4541 2781 4592 καὶ
2807 4510 2928 4593 λίαν
2956 4510 3349 4610 συμφερόντως
3374 4510 3771 4610 προϐαίνουσα,
3796 4510 3852 4589 εί
3871 4536 4036 4590 πάνθ’

782 4611 920 4663 deus
951 4627 963 4663 :
993 4610 1037 4664 si
1078 4624 1419 4679 quaecunque
1450 4608 1711 4674 diximus,
1744 4620 1838 4663 aut
1877 4610 2203 4680 scripsimus
2244 4628 2355 4665 me-

783 4702 1026 4755 diatorcs
1077 4716 1197 4763 nos,
1236 4708 1290 4754 et
1332 4699 1732 4768 pacificatores,
1785 4716 1892 4755 non
1945 4715 2211 4755 novorum
2259 4703 2356 4755 do-

785 4798 1026 4862 gmatum
1082 4801 1381 4847 assertores
1428 4791 1810 4860 comprobant,
1845 4801 1899 4845 et
1938 4808 2043 4846 non
2080 4804 2136 4846 ut
2166 4804 2354 4848 contra

787 4884 1071 4936 Veritatem
1122 4882 1405 4951 impudens
1456 4881 1745 4951 audaxque
1777 4881 1958 4951 lingua
2010 4884 2355 4939 calumnian-

790 4976 923 5030 tium
976 4974 1284 5038 contendit,
1328 4988 1502 5043 quare
1538 4973 1821 5043 indignum
1864 4974 1968 5029 illis
2012 4977 2103 5041 qui
2143 4978 2355 5047 patiun-

788 5078 910 5131 tur,
965 5065 1247 5135 indignum
1298 5073 1349 5118 et
1386 5064 1525 5129 illis,
1579 5065 1674 5134 qui
1724 5064 1793 5118 ita
1844 5065 2235 5135 dcercverunt,
2288 5070 2356 5124 de

787 5157 960 5210 nostri
1006 5156 1295 5210 sacerdotii
1330 5156 1674 5223 ademptione
1702 5156 1979 5210 decretum
2016 5157 2180 5212 latum
2229 5162 2357 5215 est?

858 5250 947 5304 12.
990 5249 1053 5302 Et
1089 5264 1195 5317 qua
1225 5250 1290 5302 de
1323 5264 1490 5303 causa
1535 5249 1915 5303 contradiccns
1968 5251 2185 5315 asserit,
2230 5269 2352 5306 cum

783 5341 1036 5395 volumen
1070 5351 1219 5392 tuum
1259 5339 1364 5409 igni
1413 5339 1739 5402 traderetur,
1793 5338 1938 5393 illius
1978 5338 2352 5395 defensionem

784 5447 1075 5502 aggressus
1126 5447 1233 5486 non
1284 5448 1365 5496 es,
1402 5448 1501 5485 nec
1542 5432 1815 5485 adustioui
1852 5443 1957 5486 tete
2010 5434 2355 5501 Opposuisti?

782 5530 851 5579 At
895 5538 1106 5595 tempus
1154 5525 1281 5578 illud
1328 5523 1657 5577 auditionem
1709 5538 1815 5576 non
1861 5524 2196 5587 admittebat,
2227 5538 2351 5578 cum

784 5619 970 5671 omnia
1016 5617 1234 5670 turbato
1282 5631 1461 5670 rerum
1496 5615 1689 5669 ordine
1735 5618 2057 5671 confusione
2090 5619 2351 5672 tumultu-

784 5724 891 5778 que
932 5708 1293 5775 jactarentur,
1334 5718 1387 5761 et
1424 5708 1709 5763 seditionis
1755 5715 2009 5764 auctores
2052 5709 2208 5764 vilem
2244 5710 2356 5780 ple-

786 5798 1033 5854 bcculam
1085 5815 1184 5857 nos
1234 5799 1563 5871 discerpere,
1621 5810 1671 5856 et
1730 5799 1783 5854 in
1834 5800 2007 5857 frusta
2063 5801 2352 5861 concidere

2456 4635 2558 4685 ὅσα
2590 4635 2685 4686 καὶ
2720 4634 2969 4702 εἴπομεν,
3012 4635 3107 4687 καὶ⁵
3162 4635 3505 4705 ἐγράψαμεν,
3562 4634 3655 4685 καὶ
3703 4632 4037 4695 διαλλάκτας

2455 4727 2606 4795 ἡμᾶς
2643 4724 2905 4795 οὗμενουν
2936 4727 3279 4795 κενοφωνιῶν
3303 4725 4034 4796 παριστῶσιδογματιστὶς,

2456 4816 2528 4879 ὡς
2558 4818 2591 4886 ή
2623 4816 2767 4869 κατὰ
2806 4820 2905 4885 τῆς
2937 4816 3200 4886 ἀληθείας
3253 4818 3628 4886 θρασυνομὲνη
3663 4817 3879 4881 γλῶττα
3922 4818 4037 4868 τῶν

2458 4908 2603 4977 ἡμᾶς
2634 4907 3031 4961 διαϐαλλόντων
3059 4908 3457 4978 άνακηρύττει,
3496 4910 3582 4960 ἵνα
3607 4909 3660 4960 τί
3691 4908 3887 4972 ἀναξία
3929 4908 4035 4976 μὲν

2457 5000 2565 5051 τῶν
2593 5000 2931 5068 πασχόντων,
2960 5000 3155 5062 ἀναξία
3185 5000 3242 5053 δὲ
3280 5002 3388 5052 τῶν
3422 4999 3721 5052 ποιούντων
3754 4997 3842 5051 ἐπ’
3864 5003 4035 5065 dgni-

2461 5091 2606 5158 ρέσει
2641 5090 2740 5157 τῆς
2784 5088 2945 5159 ἡμῶν
2982 5091 3289 5161 ἱερωσύνης
3344 5091 3610 5162 ἐξηνέχθη
3643 5093 3675 5161 ὴ
3710 5091 4030 5158 ἀπόφασις;

2531 5248 2621 5317 ιβ’.
2651 5248 2760 5303 Καὶ
2794 5249 2931 5312 πῶς,
2964 5250 3129 5319 φησὶν
3155 5250 3184 5302 ὁ
3211 5250 3536 5317 ἀντιλέγων,
3580 5251 3714 5318 ἡμῖν
3749 5252 3883 5318 πυρὶ
3924 5268 4031 5301 :2-

2459 5341 2818 5412 ραδιδομὲνης
2846 5341 2947 5411 τῆς
2982 5341 3168 5409 βίϐλου
3193 5342 3290 5412 τῆς
3324 5342 3443 5411 σῆς,
3475 5342 3613 5412 πρὸς
3638 5344 3735 5411 τὴν
3762 5344 3842 5403 εἰς
3875 5343 4037 5395 τοῦτο

2455 5436 2556 5487 οὐκ
2592 5434 2753 5503 ἔστης
2786 5437 3103 5511 ἀντίρρησιν
3128 5454 3143 5502 ;
3170 5436 3295 5489 Ὀτι
3326 5437 3433 5489 οὐδ’
3464 5440 3491 5489 δ
3520 5436 3705 5506 καιρὸς
3733 5437 4037 5508 sciurus

2457 5528 2798 5597 ἀκροάσεως,
2834 5528 2947 5581 ἀλλ’
2976 5529 3359 5582 ἀκαταστασία
3390 5530 3451 5581 τὸ
3480 5531 3609 5591 πᾶν,
3639 5529 3732 5581 καὶ
3766 5529 4037 5598 σύγχυσις

2457 5614 2568 5687 εἶχε
2605 5621 2700 5671 καὶ
2730 5620 2982 5691 θόρυϐος,
3035 5621 3129 5674 καὶ
3162 5623 3255 5674 τὸν
3276 5623 3495 5691 χυδαῖον
3535 5622 3661 5674 λαὸν
3707 5622 3758 5674 ci
3788 5624 4037 5675 άνάπται

2456 5710 2754 5764 διασπάσαι
2778 5714 2947 5783 ἡμᾶς,
2981 5715 3077 5768 καὶ
3116 5713 3433 5782 διαμερίσαι
3469 5714 3681 5784 φύρδην
3734 5715 4038 5783 παρώτρνο

2462 5820 2573 5858 νον.
2612 5804 2719 5858 Καὶ
2756 5806 2921 5860 πάλιν
2942 5806 3051 5859 οὐδ’
3083 5807 3165 5860 ὃτι
3194 5808 3362 5877 πυρὸς
3404 5808 3579 5877 τροφὴ
3622 5808 3688 5859 τὰ
3722 5812 4039 5877 γράμματα
