4214 6446
188 446 296 508 965

1186 435 1282 494 DE
1326 433 1834 496 DEPOSlTlDNE
1868 433 2013 495 SUA
2047 433 2270 496 ORAT.
2313 437 2366 496 Ι.

3316 442 3425 505 966

188 552 373 619 γέγονε
391 598 404 614 ,
445 553 497 604 τὸ
524 550 614 601 ἐπὶ
640 549 704 616 τῇ
733 546 1032 614 διαστροςῇ
1055 541 1162 596 τῶν
1195 543 1482 611 νοημάτων
1509 544 1762 612 ιγκλημα
1790 561 1835 617 Α

1790 561 1835 617 Α
1865 543 2222 599 concitarent.
2255 542 2573 614 Rursusque
2599 543 2725 600 licet
2759 546 2963 617 scripta
2995 544 3105 617 igni
3143 550 3426 619 supposita

184 641 451 708 διαφεύξῃ
469 682 482 703 ,
517 638 590 690 Ού
615 639 774 690 τοῦτο
799 637 998 704 ἔγωγε,
1031 633 1306 703 βέλτιστε,
1332 633 1454 686 ούδι
1499 633 1757 704 ὲνενοήθη

189 751 280 802 μοι
305 732 503 784 τοῦτο’
543 731 625 782 ὅτι
672 730 728 782 δὲ
761 726 1014 780 ἐντεῦθεν
1064 726 1126 778 τὸ
1166 726 1259 778 σὺν
1289 726 1585 794 περίεργον
1633 726 1762 778 ἀπεο

184 827 462 892 λέγχεται,
501 823 595 877 καὶ
629 823 774 891 μάλα
812 817 1028 886 τρανῶς
1055 835 1220 888 φημι.
1252 817 1361 870 Καὶ
1389 817 1440 869 τί
1469 819 1575 886 γάρ
1610 817 1754 881 ἄλλο,

185 918 218 984 ἦ
266 916 355 967 ἵνα
384 917 480 981 τὴν
523 917 585 966 ὲκ
622 911 718 980 τῆς
752 909 935 979 βίϐλου
967 908 1226 961 σύστασιν
1267 908 1415 976 ἡμᾶς
1450 907 1758 978 ζημιώσῃς,

185 1006 656 1074 ιπραςματεύσω,
690 1002 785 1054 καὶ
813 1002 903 1053 ῖνα
933 1003 1047 1062 τοῖς
1078 1000 1294 1062 πολλοῖς
1322 998 1572 1052 ιντεῦθεν
1601 999 1762 1062 δόξαν

186 1099 481 1166 παράσχῃς
534 1095 796 1164 μεγάλων
821 1093 1038 1164 ἀληθῶς
1076 1093 1452 1162 ἀτοπημάτων
1496 1092 1594 1147 καὶ
1637 1094 1763 1146 ἀσε-

184 1186 357 1237 ϐειῶν
389 1184 791 1253 περιληπτικὴν
822 1179 963 1235 εἶναι
989 1183 1088 1251 τὴν
1120 1180 1336 1251 βίϐλον;
1381 1181 1524 1235 Ἀλλ’
1547 1181 1628 1243 είς
1661 1182 1761 1250 μά·

183 1294 289 1347 την
328 1295 411 1329 σοι
438 1277 570 1344 πρδς
600 1275 758 1327 τοῦτο
784 1274 854 1327 τά
888 1275 1103 1344 ινεδρα.
1138 1275 1212 1328 Oti
1245 1276 1354 1344 γὰρ
1383 1274 1580 1344 ἔμελλε
1626 1274 1760 1338 Θεδς

183 1370 313 1427 τοὺς
338 1371 400 1419 ὲν
440 1367 730 1434 εἰλικρινεῖ
764 1369 828 1436 τῇ
857 1365 1124 1434 ἁπλότητι
1169 1365 1382 1430 ζῶντας
1411 1365 1636 1428 δούλους
1661 1366 1758 1419 αὑ-

181 1452 280 1504 τοῦ
311 1453 577 1523 παριδεῖν.
613 1454 683 1506 Σὺ
716 1452 816 1521 μὲν
859 1453 966 1523 γάρ
991 1454 1116 1523 χθὲς
1146 1455 1240 1507 καὶ
1268 1454 1375 1524 πρὸ
1401 1455 1596 1526 τρίτης
1627 1456 1759 1520 ῖσως

181 1544 243 1595 τὸ
275 1543 518 1595 τοιοῦτον
559 1543 946 1612 ὲσκαιώρησας
999 1545 1274 1615 βούλευμα
1301 1560 1315 1574 ⁶
1350 1547 1484 1605 Θεὸς
1529 1547 1574 1599 δ’
1621 1549 1650 1601 ό
1689 1547 1757 1602 τὰ

181 1635 363 1687 πάντα
389 1638 516 1702 πρὶν
549 1635 803 1700 γενέσθαι
835 1635 992 1700 εἰδὼς
1017 1638 1304 1708 πόρρωθεν
1335 1638 1436 1707 τῆς
1493 1639 1760 1709 ἀληθείας

182 1726 601 1794 προσῳκονόμει
642 1728 742 1796 τὴν
797 1727 1084 1783 σύστασιν.
1124 1731 1238 1782 Οὐκ
1296 1729 1465 1798 ὀλίγοι
1503 1733 1603 1802 μὲν
1649 1734 1758 1802 γὰρ

181 1815 290 1866 τῶν
319 1817 396 1878 είς
428 1819 496 1868 τὰ
529 1818 668 1888 μέρη
700 1819 800 1885 τῆς
845 1820 1135 1888 Ἀνατολῆς
1167 1821 1299 1891 παρ’
1329 1824 1488 1892 ἡμῶν
1516 1841 1759 1894 χειροτο-

1862 634 2086 699 fuerint,
2128 649 2196 689 an
2237 644 2544 704 propterea.
2603 635 2747 705 quod
2798 637 2905 692 illis
2954 636 3293 707 impingitur,
3330 639 3429 693 do-

1860 736 2101 798 gmatum
2140 725 2446 782 eversionis
2479 728 2683 783 crimen
2714 728 2980 799 eﬂ‘ugies?
3015 728 3132 783 Non
3175 731 3278 784 hoc
3305 744 3427 800 ego,

1863 833 1895 872 ο
1931 821 2155 886 optime,
2191 833 2367 888 neque
2401 817 2451 871 id
2504 833 2741 888 unquam
2787 833 2965 875 mente
3009 821 3313 877 revolutum
3345 829 3430 876 est

1863 924 1981 963 mea
2020 928 2033 963 :
2066 912 2158 965 sed
2203 910 2327 965 hinc
2371 925 2828 978 supervacaneam
2862 920 3008 965 tuam
3042 915 3425 983 operositatcm

1862 1001 2189 1070 deprehendi
2251 1003 2592 1071 apertissime
2636 1002 2780 1055 dico.
2839 999 2902 1053 Et
2955 1004 3216 1070 quidnam
3278 1005 3426 1059 aliud

1862 1093 2165 1155 attendisti,
2194 1109 2358 1160 quam
2404 1102 2463 1146 ut
2513 1108 2613 1147 nos
2659 1092 2937 1145 volumine
2973 1095 3256 1160 spoliares,
3291 1112 3424 1164 pra:-

1864 1194 2118 1253 tereaque
2147 1193 2204 1237 ut
2234 1185 2416 1237 multis
2454 1185 2575 1238 inde
2597 1195 2912 1255 suspectum
2957 1185 3230 1250 redderes,
3265 1190 3424 1254 quasi

1865 1277 2002 1332 illud
2061 1275 2329 1331 absurdas
2379 1277 2705 1342 impietates.
2759 1290 2962 1344 easque
3000 1277 3266 1330 immanes
3302 1293 3427 1332 vere

1862 1369 1916 1422 in
1943 1384 2002 1424 se
2032 1367 2377 1422 contineret?
2417 1365 2518 1420 Sed
2549 1367 2766 1422 fraudes
2809 1371 2859 1421 in
2892 1383 3111 1422 cassum
3155 1369 3425 1422 decidere.

1859 1458 2046 1529 Neque
2091 1459 2236 1512 enim
2274 1458 2418 1512 Deus
2465 1473 2653 1512 servos
2707 1475 2860 1521 suos,
2892 1469 2945 1512 et
2985 1473 3120 1528 pura
3174 1458 3432 1527 simplici-

1862 1561 1971 1606 tate
2014 1552 2258 1604 viventes
2309 1550 2658 1618 neglecturus
2711 1561 2846 1604 erat.
2896 1548 3143 1619 Namque
3190 1560 3244 1604 ιιι
3292 1548 3428 1614 heri,

1861 1652 1912 1696 et
1947 1641 2149 1696 nudius
2186 1641 2377 1695 tertius
2414 1649 2503 1694 tuo
2529 1640 2691 1694 corde
2721 1641 2973 1694 astutiam
3007 1640 3326 1710 concepisti.
3361 1640 3432 1693 At

1865 1732 2006 1786 Deus
2038 1734 2133 1802 qui
2182 1741 2474 1801 antequam
2527 1735 2681 1792 fiant,
2738 1746 2826 1785 res
2871 1732 3139 1800 agnoscit,
3167 1731 3233 1784 de
3273 1731 3432 1796 longe

1863 1825 2104 1879 veritatis
2146 1825 2614 1878 confirmationem
2648 1823 3005 1892 praeparabat.
3042 1819 3330 1888 Perplures
3354 1821 3432 1874 si-

180 1905 456 1972 νηθὲντων
483 1910 786 1978 ἀρχιερέων
819 1911 1127 1981 ἀντίγραφα
1184 1912 1280 1979 τῆς
1337 1913 1521 1982 βίϐλου
1551 1916 1757 1984 ταύτης
1792 1915 1835 1970 ι)

1792 1915 1835 1970 D
1863 1917 2080 1986 quidem
2116 1932 2144 1970 α
2178 1915 2336 1970 nobis
2372 1915 2632 1984 praesules
2671 1914 2908 1969 ordinati
2946 1913 3174 1982 hujusce
3197 1913 3428 1968 volumi-

182 1998 551 2065 κομισάμενοι
585 2000 822 2068 ἔχουσιν,
855 2002 952 2053 ούκ
1008 2001 1176 2070 ὀλίγοι
1211 2004 1268 2056 δι
1296 2007 1521 2074 μονιχοὶ
1559 2006 1665 2058 τῶν
1696 2008 1756 2060 ὲν

179 2088 458 2157 διαφόροις
488 2091 586 2159 τῆς
625 2091 728 2158 γῆς
750 2091 941 2162 μέρεσι
965 2094 1393 2163 παροικούντων.
1423 2097 1532 2150 Καὶ
1555 2097 1602 2148 εί
1625 2098 1758 2161 Θεὸς

180 2178 390 2230 ἀνωθεν
431 2181 658 2240 εὐδοκεῖ.
718 2185 809 2235 καὶ
873 2184 1011 2253 θύρα
1066 2203 1157 2253 μοι
1189 2187 1542 2256 δικαστηρίου
1587 2191 1756 2261 appe-

182 2268 319 2329 ποῦς
349 2272 727 2340 ἀνοιγῇηρᾷον
753 2274 884 2341 ἡμῖν
922 2273 1077 2325 ἔσται
1118 2279 1600 2346 συμμαχουμένοις
1651 2281 1757 2332 ὑπὸ

182 2357 280 2410 τοῦ
316 2359 658 2428 Πνεύματος,
712 2365 1057 2431 συκοφάντας
1095 2369 1188 2420 καὶ
1237 2368 1334 2434 τῆς
1382 2369 1642 2437 ἀληθείας
1668 2372 1758 2440 εχ-

179 2450 348 2519 θροῦς
379 2452 656 2518 ἀποδεῖξαι
715 2455 839 2515 τοὺς
902 2458 1049 2525 ἡμᾶς
1100 2458 1509 2523 διαϐάλλοντας.
1557 2463 1619 2514 ἰι
1648 2463 1755 2534 γάρ

183 2542 336 2593 πᾶσα
370 2543 528 2610 ἡμῶν
561 2545 588 2596 f
623 2546 680 2596 ὲν
707 2548 822 2609 τοῖς
875 2547 1056 2614 λόγοις
1110 2551 1316 2618 σπουδὴ
1358 2551 1446 2604 διά
1501 2553 1562 2604 τὸ
1596 2556 1753 2623 κοινῇ

178 2629 498 2684 λυσιτελοῦν
528 2636 592 2702 τῇ
624 2636 870 2708 ἡμετέρᾳ
910 2637 1163 2708 βασιλείᾳ
1207 2641 1301 2694 καὶ
1333 2642 1605 2714 ἡγεμονίᾳ
1645 2645 1755 2712 ὲγί-

177 2737 302 2772 νετο
327 2738 339 2750 ⁸
383 2725 478 2776 καὶ
505 2726 640 2792 πρὸς
669 2725 726 2777 ἓν
756 2726 913 2780 τοῦτο
947 2730 1108 2797 μόνον
1136 2730 1282 2799 ἑώρα
1315 2734 1374 2784 τὺ
1403 2734 1757 2804 σκοπιμὼτε-

176 2828 295 2874 τον,
321 2817 510 2866 πεῖσαι
540 2816 600 2867 τὺ
627 2817 909 2885 ἀντιλέγον
945 2820 1019 2887 μὴ
1041 2822 1371 2874 ἀντιϐαίνειν
1397 2823 1533 2892 πρὸς
1557 2826 1656 2895 τὴν
1681 2829 1756 2878 εἰς

181 2903 377 2970 ρήνην,
406 2902 503 2954 ire
530 2905 702 2972 μηδὲν
720 2906 819 2974 τῆς
867 2908 1146 2970 εὐσεϐείας
1176 2910 1606 2981 λυμαινομένης,
1666 2914 1750 2982 ἐφ’

177 2987 260 3051 οῖς
294 2992 547 3054 Λατίνοις
581 2994 680 3062 μὲν
721 2997 786 3047 ἐκ
845 2998 1058 3066 Πατρὸς
1100 3001 1195 3051 καὶ
1250 2999 1399 3064 Υίοῦ,
1437 3002 1568 3070 ἡμῖν
1590 3003 1646 3055 δὲ
1693 3008 1756 3058 ἐκ

181 3079 400 3148 Harpe;
429 3081 496 3133 δι’
529 3082 655 3135 Υίοῦ
693 3085 754 3136 τὸ
779 3086 1003 3156 Πνεῦμα
1039 3089 1101 3140 τὸ
1145 3087 1298 3158 ἅγιον
1356 3093 1756 3163 ἐκπορεύεσθαι

175 3171 548 3242 ὠοεολόγηται,

1859 2009 1942 2063 nis
1989 2009 2236 2076 exempla
2280 2008 2345 2060 ad
2382 2004 2669 2061 Orientem
2719 2021 2824 2059 una
2875 2020 3056 2059 secum
3092 2003 3429 2068 detulerunt,

1860 2117 1957 2156 nec
1993 2100 2153 2171 pauci
2183 2098 2432 2153 monachi
2469 2099 2522 2152 in
2558 2099 2721 2153 variis
2757 2107 3025 2152 terrarum
3059 2098 3300 2166 partibus
3333 2097 3432 2150 ha-

1857 2191 2115 2246 bitantes.
2157 2189 2360 2257 Quodsi
2394 2189 2540 2244 Deus
2562 2189 2799 2258 desuper
2843 2188 3118 2250 annuerit,
3151 2197 3204 2242 et
3235 2186 3430 2257 integri

1861 2282 2101 2351 rectique
2125 2281 2316 2350 judicii
2348 2280 2516 2334 semel
2557 2279 2737 2334 aditus
2784 2278 3040 2347 patuerit,
3071 2277 3233 2332 facile
3270 2277 3430 2332 nobis

1859 2371 2039 2434 fuerit,
2073 2385 2101 2422 a
2133 2367 2346 2439 Spiritu
2380 2368 2608 2433 auditis,
2653 2367 3097 2432 calumniatores,
3139 2375 3193 2420 et
3230 2365 3431 2420 verita-

1858 2462 1928 2516 tis
1991 2461 2176 2516 hostes
2231 2468 2449 2515 nostros
2511 2468 2865 2513 accusatores
2923 2457 3232 2513 ostendere.
3291 2455 3429 2510 Nam

1857 2550 2170 2604 universum
2225 2558 2472 2603 nostrum
2523 2547 2789 2611 studium,
2848 2545 2991 2616 quod
3039 2545 3092 2599 in
3137 2546 3425 2600 scribendo

1855 2638 2162 2708 posuimus,
2217 2636 2465 2707 publica,
2527 2645 2580 2690 et
2616 2637 2778 2690 vestri
2820 2634 3034 2703 imperii
3075 2647 3138 2688 ac
3173 2632 3426 2688 domina-

1857 2738 1946 2784 tus
1980 2729 2234 2782 utilitatis
2270 2743 2437 2782 causa
2468 2728 2776 2796 impensum
2804 2735 2922 2790 est;
2959 2725 3212 2794 illiusque
3240 2725 3430 2794 potis-

1856 2825 2027 2878 simus
2071 2822 2172 2876 fuit
2216 2835 2434 2891 scopus.
2487 2821 2564 2874 illi
2606 2819 3040 2881 adversantibus,
3092 2832 3159 2870 ne
3204 2823 3428 2870 contra-

1859 2914 1998 2968 irent
2051 2914 2238 2967 unioni
2274 2913 2625 2981 persuadere,
2676 2924 2801 2964 curn
2854 2906 3003 2962 nullo
3051 2907 3214 2962 modo
3251 2906 3426 2976 pietas

1858 3006 2166 3068 laederetur,
2195 3007 2324 3058 dum
2355 3002 2555 3067 Latini,
2586 3017 2651 3056 cx
2683 3002 2840 3056 Patre
2870 3009 2923 3053 et
2949 2999 3105 3064 Filio,
3137 3012 3238 3052 nos
3272 3012 3423 3064 vero,

1855 3111 1918 3150 ex
1958 3095 2116 3148 Patre
2150 3111 2242 3164 per
2273 3093 2470 3148 Filium
2517 3091 2785 3162 Spiritum
2835 3099 3085 3146 sanctum
3129 3089 3426 3158 procedere

1856 3187 2192 3253 protiternur.

252 3261 345 3329 t7’.
382 3263 546 3315 Ποίαν
583 3265 613 3316 ό
650 3265 972 3334 ἀντιλέγων,
1009 3270 1103 3322 καὶ
1137 3271 1235 3339 τῆς
1279 3271 1566 3338 εὐσεϐείας
1601 3278 1750 3346 ἡμᾶς
1776 3261 1825 3324 C

1776 3261 1825 3324 ϐ
1934 3301 2018 3353 15.
2065 3297 2221 3364 Quod
2258 3297 2605 3352 adversarius
2629 3335 2645 3360 ,
2673 3304 2726 3350 et
2755 3294 2848 3366 qui
2879 3309 2977 3348 nos
3007 3292 3253 3348 veritatis
3283 3305 3426 3362 prae-

181 3355 512 3425 παραϐάτας
542 3356 856 3423 ἀποκαλῶν,
886 3360 981 3412 καὶ
1009 3361 1118 3413 τῶν
1176 3362 1466 3435 Ῥωμαίων
1501 3369 1757 3438 ἐχθροὺς,

179 3446 294 3510 εξει
318 3446 440 3500 καθ’
467 3447 625 3517 ἡμῶν
655 3448 753 3518 τὴν
792 3449 980 3518 ίσχύν;
1012 3453 1191 3516 Λύκος
1218 3456 1438 3520 πάντως
1467 3461 1646 3529 χανὼν
1677 3464 1757 3526 είς

185 3539 369 3607 μάτην
429 3539 925 3610 ἀπελεγχθήσεται,
980 3545 1121 3597 ἐπὰν
1149 3548 1312 3616 ἡμεῖς
1343 3551 1443 3620 τὴν
1481 3552 1590 3605 τῶν
1634 3554 1758 3606 Ἐκ·

184 3629 430 3697 κλησιῶν
453 3631 678 3700 εἰρήνην
702 3633 794 3686 ἐπὶ
823 3635 1236 3706 παραδείγματι
1273 3641 1396 3702 ταῖς
1431 3641 1540 3694 τῶν
1586 3644 1758 3698 [Ιατὲ-

185 3735 298 3788 ρων
327 3719 487 3788 ἡμῶν
509 3723 898 3791 κοινωφελέσιν
928 3728 1290 3798 οἰκονομίαις,
1319 3731 1384 3796 ἀς
1427 3733 1758 3806 θεοκινήτως

183 3810 386 3863 ἐκεῖνοι
419 3811 554 3882 πρὸς
579 3811 772 3866 ῑνωσιν
799 3815 906 3867 τῶν
955 3817 1297 3889 Ἐκκλησιῶν
1350 3824 1492 3878 κατὰ
1529 3828 1758 3898 καιροὺς

183 3901 605 3971 ἀπειργάζοντο,
647 3905 1036 3977 ἀπεδείξαμεν.
1073 3910 1198 3965 Ὀτι
1245 3912 1303 3967 δι
1333 3914 1397 3968 ix
1423 3917 1537 3977 τοῦ,
1567 3919 1644 3982 ὡς
1677 3921 1756 3984 είς

181 3994 541 4064 παράδειγμα
589 3995 688 4060 τάς
724 4000 944 4054 πάντων
978 4001 1110 4073 παρ’
1139 4005 1321 4060 αὐτῶν
1355 4007 1614 4080 Πατάρων
1661 4030 1754 4081 γε-

182 4086 494 4152 γενημένας
527 4086 840 4157 οἰκονομίας
881 4093 1029 4162 ἡμᾶς
1073 4095 1308 4166 ἀφορᾷν,
1343 4101 1422 4161 εἰς
1455 4101 1614 4154 τοῦτο
1655 4105 1754 4173 τῆς

182 4177 551 4245 ἐγχειρήσεως
579 4177 940 4250 ἐληλύθαμεν,
966 4184 1035 4236 τά
1057 4188 1187 4254 παρ’
1216 4189 1369 4257 ἡμῖν,
1399 4190 1474 4253 ὡς
1494 4194 1588 4245 καὶ
1616 4194 1756 4249 ἀνω-

182 4265 275 4354 θεν
302 4270 886 4339 προεπηγγειλάμεθα,
910 4276 1046 4343 πρὸς
1070 4277 1130 4329 τὸ
1159 4283 1336 4350 παρὸν
1363 4282 1752 4354 εὑρισκόμενα,

179 4353 338 4420 ὀλίγα
369 4356 470 4424 τῆς
509 4358 838 4430 πονηθείσης
866 4364 1001 4432 ἡμῖν
1046 4365 1234 4433 βίϐλου
1286 4374 1546 4442 συστήσει
1579 4353 1753 4443 τεμά-

180 4463 297 4514 χιιι.
331 4446 490 4498 Οὕτω
515 4449 623 4518 γὰρ
655 4451 714 4502 ὲν
747 4452 904 4521 μέρει
938 4456 1031 4508 ἐπὶ
1061 4458 1260 4522 λέξεως
1283 4461 1421 4532 αὕτη
1453 4464 1756 4535 διαλαμϐά-

1863 3390 2195 3443 varicatores
2228 3395 2549 3458 nuncupat,
2588 3396 2641 3441 et
2696 3388 3010 3442 Grecorum
3055 3387 3273 3450 hostes,
3304 3385 3427 3438 nul.

1861 3478 1965 3533 lius
2008 3478 2221 3532 roboris
2267 3493 2428 3544 esse,
2483 3480 2643 3548 lupus
2703 3491 2932 3546 prorsus
2991 3475 3191 3531 frustra
3243 3476 3427 3531 hiasse

1857 3569 2301 3638 deprehendetur
2333 3609 2348 3633 ,
2399 3585 2520 3622 cum
2582 3582 2683 3622 nos
2732 3566 3100 3622 Ecclesiarum
3163 3567 3424 3622 unionem

1860 3658 2108 3727 exemplo
2162 3659 2456 3728 desumpto
2506 3673 2571 3713 ex
2619 3657 2844 3711 Patrum
2900 3667 3212 3711 nostrorum
3268 3657 3425 3712 valde

1859 3749 2119 3818 prolicuis
2173 3749 2666 3819 dispositionibus.
2721 3763 2859 3820 quas
2915 3748 2990 3804 illi
3041 3764 3073 3804 a
3123 3747 3235 3804 Deo
3285 3748 3422 3804 moti

1860 3855 1960 3910 pro
2026 3841 2226 3896 unione
2283 3839 3041 3911 Beelesiarum,pra2scriptis
3084 3839 3425 3912 temporibus

1860 3941 2214 4000 usurparunt,
2251 3931 2830 3986 demonstraverimus.
2885 3931 2993 3986 Nos
3042 3945 3207 4002 porro
3258 3931 3424 3987 veluti

1858 4022 1916 4078 in
1953 4022 2262 4092 exemplum
2315 4037 2506 4077 omnes
2563 4030 2880 4077 sanctorum
2929 4022 3153 4077 Patrum
3184 4021 3426 4092 disposi-

1859 4111 2034 4164 tioncs
2086 4110 2414 4180 aspicientes
2439 4149 2453 4172 ,
2487 4109 2685 4162 similia
2725 4122 3012 4178 aggressos
3054 4108 3225 4161 fuisse
3277 4122 3424 4175 qua,

1858 4213 1916 4256 ut
1959 4204 2122 4256 etiam
2170 4215 2332 4269 supra
2366 4201 2742 4270 promisimus,
2799 4214 2944 4254 nunc
2997 4199 3349 4253 inveniuntur
3391 4213 3423 4253 a

1858 4293 2014 4348 nobis
2045 4293 2337 4363 compositi
2393 4291 2689 4345 voluminis
2741 4289 2916 4344 frusta
2963 4289 3421 4358 comprobabunt,

1857 4401 1978 4454 qua:
2009 4386 2071 4438 ad
2115 4385 2337 4438 verbum
2384 4383 2454 4436 ita
2493 4397 2553 4437 se
2601 4381 2826 4436 habent.
2873 4380 2939 4434 Et
2976 4388 3102 4435 ante
3151 4380 3288 4434 alios
3334 4394 3422 4433 ec-

1856 4476 2145 4530 clesiastici
2179 4473 2501 4527 firmamenti
2559 4473 2728 4526 solem
2776 4470 3002 4526 multum
3035 4481 3088 4524 et
3119 4471 3417 4523 maximum

182 4554 284 4590 νει.
322 4536 534 4590 Αὐτίκα
587 4539 678 4594 τὸν
719 4542 815 4596 τοῦ
863 4545 1326 4613 ὲκκλησιαστικοῦ
1371 4557 1750 4626 στερεώματος
1781 4585 1831 4644 D

1781 4585 1831 4644 ι)
1858 4567 2250 4630 Athanasium,
2283 4565 2443 4634 cujus
2495 4572 2578 4618 est
2615 4571 2670 4616 et
2716 4575 2896 4616 sermo
2945 4559 3421 4629 inexsuperabilis,

179 4626 355 4695 ἥλιον,
398 4627 489 4678 τὸν
524 4628 690 4682 πολὺν
721 4631 816 4684 καὶ
850 4633 1111 4701 μέγιστον
1177 4639 1520 4711 Ἀθανάσιον,
1553 4642 1615 4700 οὗ
1656 4651 1750 4701 καὶ

178 4721 207 4771 δ
238 4720 396 4786 λόγος
443 4721 736 4789 ἀήττητος,
779 4723 876 4776 καὶ
922 4727 950 4778 δ
979 4727 1178 4797 τρόπος
1215 4732 1513 4802 ἀμίμητος,
1539 4739 1659 4789 ἐπεὶ
1695 4740 1751 4792 ὲν

179 4814 300 4874 ταῖς
325 4813 565 4882 ἡμέραις
594 4813 758 4867 αὑτοῦ
791 4818 1091 4874 σκάνδαλον
1116 4823 1176 4874 ού
1199 4824 1260 4876 τὸ
1285 4826 1444 4895 τυχὸν
1468 4829 1750 4902 άνεῤῥάγη

184 4904 353 4974 μέσον
384 4904 494 4956 τῶν
541 4904 880 4975 Ἐκκλησιῶν
909 4913 1116 4967 τούτων
1155 4917 1356 4982 αὐτῶν,
1399 4921 1532 4989 περὶ
1554 4915 1631 4974 ὧν
1659 4923 1752 4975 νῦν

179 4998 208 5048 ὸ
236 4997 394 5061 λόγος
444 4996 599 5064 ἡμῖν,
630 4999 960 5070 εὑρίσκομεν
999 5003 1098 5074 τὴν
1133 5007 1476 5079 καταλλαγὴν
1508 5012 1752 5080 ἀμφιτὲ-

186 5107 296 5160 ρων
337 5090 518 5144 οὐδενί
546 5108 622 5162 τῳ
653 5092 800 5162 ἀλλῳ
827 5093 1014 5164 τρόπῳ
1036 5096 1602 5169 διοικονομισάμενον,
1633 5102 1751 5154 ἀλλ’

182 5183 215 5251 ἡ
242 5186 302 5236 τὸ
332 5185 710 5255 συνηγορῆσαι
765 5189 832 5256 τῇ
878 5184 1160 5258 Ῥωμαῖκῇ
1202 5187 1521 5262 Ἐκκλησία,
1566 5189 1754 5263 ὲφ⁹οῗς

181 5277 230 5328 οι
257 5275 402 5329 κατά
425 5277 523 5346 τὴν
551 5277 692 5346 ἑῴαν
713 5279 792 5340 είς
809 5280 1102 5332 ἀντίπαλον
1134 5282 1328 5350 μοῖραν
1351 5283 1474 5345 τοὺς
1495 5285 1552 5336 ὲν
1572 5283 1755 5356 ἐκείνῃ

183 5369 496 5421 κεκοίκασι.
534 5370 644 5422 Καὶ
678 5371 761 5432 τίς
789 5371 822 5439 ὴ
848 5371 1186 5442 συνηγορία,
1221 5374 1388 5437 sere;
1427 5376 1637 5429 εκεῖνον
1667 5378 1748 5430 ὲν·

180 5464 353 5517 ταῦθα
389 5465 627 5534 παρίτω,
657 5465 752 5517 καὶ
792 5468 910 5530 ταῖς
942 5467 1008 5535 τῇ
1035 5465 1199 5518 αὐτοῦ
1244 5467 1468 5538 γλώσσῃ
1504 5471 1756 5538 ἐκφωνη-

181 5543 389 5620 θείσαις
408 5557 616 5621 λέξεσιν
649 5557 1039 5624 ἀπαγγελλέτω
1070 5559 1220 5627 ἡμῖν.
1262 5558 1350 5613 Ἐν
1385 5562 1493 5630 γάρ
1516 5561 1592 5630 τῷ
1617 5560 1754 5630 πρὸς

193 5651 488 5720 Ἀντιοχεῖς
531 5649 684 5718 τόμῳ
716 5645 869 5712 οὗτος
903 5650 1045 5703 οὔτω
1069 5651 1231 5720 φησίν
1252 5667 1267 5683 ο
1314 5652 1430 5717 Οὓς
1469 5653 1578 5721 τὰρ
1605 5651 1756 5722 μέμ-

179 5744 399 5810 φονταί
426 5758 586 5806 τινες
633 5743 714 5808 ὡς
759 5743 914 5810 τρεῖς
945 5744 1233 5812 λέγοντας
1257 5745 1629 5810 ὑποστάσεις
1656 5743 1755 5800 διὰ

179 5835 238 5888 τὸ
271 5834 584 5905 ἀγγάρους
632 5838 728 5891 καί
772 5837 1080 5904 ὑπόπτους
1126 5835 1406 5893 ἐντεῦθεν
1455 5831 1605 5893 εῖναι
1650 5837 1758 5904 τὰς

1863 4669 1917 4714 et
1949 4660 2142 4713 modus
2176 4655 2542 4718 inimitabilis,
2576 4668 2696 4708 cum
2743 4666 2839 4706 sua
2884 4659 3045 4704 aetate
3090 4650 3411 4704 scandalum

1855 4763 1961 4800 non
2033 4745 2488 4801 contemnendum
2547 4751 2796 4795 exortum
2863 4739 3051 4792 fuisset
3116 4738 3257 4792 inter
3317 4739 3419 4793 bas

1853 4837 2071 4891 easdem
2133 4834 2435 4897 Ecclesias,
2484 4832 2550 4886 dc
2599 4832 2794 4901 quibus
2837 4841 2920 4885 est
2969 4829 3146 4883 oratio
3200 4838 3413 4892 nostra,

1856 4930 2144 4996 utriusque
2176 4924 2676 4980 reconciliationem
2728 4923 3029 4992 reperimus
3056 4961 3070 4986 ,
3106 4921 3256 4974 nullo
3307 4921 3416 4974 alio

1857 5017 2016 5070 modo
2047 5013 2386 5083 dispositam,
2421 5027 2583 5081 quam
2639 5010 2958 5065 defensione
3007 5018 3257 5077 suscepta
3294 5008 3417 5062 lto-

1857 5122 2032 5162 manaz
2071 5106 2326 5160 Ecclesia:
2374 5119 2539 5172 super
2573 5103 2663 5166 iis,
2697 5117 2796 5172 pro
2839 5102 3039 5172 quibus
3072 5102 3142 5154 ab
3173 5101 3418 5154 orienta-

1857 5200 2002 5253 libus
2033 5197 2398 5253 occidentales
2433 5195 2486 5248 in
2517 5195 2836 5264 goppositatn
2872 5203 3078 5262 partem
3130 5192 3422 5246 traheban-

1861 5301 1970 5345 tur.
2006 5289 2074 5344 At
2111 5304 2358 5358 quaenam
2396 5287 2562 5341 fuerit
2595 5285 2892 5339 defensio?
2945 5281 3088 5336 Idem
3128 5285 3243 5353 ipse
3283 5297 3421 5352 prmo

1859 5397 1986 5437 sens
2034 5380 2149 5434 suis
2184 5380 2330 5433 illam
2378 5379 2559 5432 verbis
2613 5376 2944 5446 pronuntiet.
2994 5374 3241 5444 Namque
3271 5383 3422 5428 tomo

1858 5476 1921 5525 ad
1983 5471 2353 5523 Antiochenos
2409 5470 2521 5523 [nec
2574 5468 2820 5521 continet
2868 5484 2880 5520 :
2949 5464 3067 5518 Illis
3117 5467 3294 5528 enim,
3329 5465 3421 5532 qui

1859 5563 2137 5616 nonnullos
2170 5561 2519 5625 incusabant,
2576 5571 2628 5612 nt
2664 5561 2823 5611 trium
2880 5560 3230 5627 hyposlaseon
3268 5557 3426 5624 afﬁr-

1860 5665 2126 5714 matores,
2174 5669 2289 5705 cum
2345 5651 2648 5721 Imjusmodi
2705 5667 2854 5704 voces
2887 5652 2938 5701 in
2995 5649 3283 5715 Scripmris
3319 5664 3422 5699 non

1859 5747 2235 5814 reperirentur,
2309 5761 2366 5797 ac
2397 5742 2618 5812 proinde
2653 5753 2906 5810 suspecta:
2940 5740 3103 5792 rideri
3169 5747 3375 5804 possent
3403 5775 3420 5801 ,

1861 5836 2362 5906 attctores‘fuimus,
2408 5852 2468 5890 ne
2521 5833 2744 5904 amplius
2783 5834 2834 5886 in
2888 5831 3163 5884 Nit-wnam
3212 5828 3420 5896 confes-
