4214 6446
189 343 296 405 969

1224 334 1318 394 DE
1361 329 1861 392 DEPOSITION’E
1903 331 2043 392 SUA
2090 329 2310 390 ORAT.
2359 330 2437 392 II.

3341 332 3448 394 970

193 461 252 510 τὸ
301 469 477 524 nepos
515 453 803 523 ὶπικρίνω.
833 429 947 522 Τὴν.
995 451 1103 518 γὰρ
1153 451 1319 503 αὑτοῦ
1351 453 1444 501 ἐπὶ
1499 447 1658 499 πλέον
1692 447 1775 497 ἰλ-

1881 448 2173 503 terminare
2205 463 2472 517 propono.
2513 448 2614 501 Sed
2650 448 2799 502 illius
2838 446 3207 516 profusiore’m
3242 455 3447 503 tracta-

193 547 367 614 πίζων
396 547 721 611 ὲξάπλωσιν,
752 545 1008 615 εὔχομαι,
1043 546 1212 606 εἰπως
1242 544 1307 596 ἂν
1343 544 1472 603 Θεὸς
1506 541 1588 593 ἔτι
1626 539 1765 603 ζῶν-

189 657 289 701 τας
358 641 505 707 ἡμᾶς
574 641 662 692 ἐπ’
711 637 998 709 ἀκροατῶν
1049 636 1426 704 ἀγωνίσασθαι
1479 632 1768 702 τιμώντων

190 730 461 797 εὐθύτητα
491 732 617 800 περί
663 747 719 783 τε
757 731 857 797 τῆς
893 727 1051 797 ἡμῶν
1087 727 1369 788 εὐσεϐείας
1411 727 1538 794 περί
1584 742 1644 777 τε
1673 725 1771 792 τῆς

191 824 694 890 φιλορωμαιοτητος
720 821 1031 890 εὐδοκήσειε
1065 822 1152 872 διὰ
1178 819 1278 887 τὴν
1316 818 1406 869 ἐπί
1441 817 1594 870 δυσὶν
1617 818 1770 884 ὅμως

188 915 410 982 ῆτρισὶ
463 916 733 984 μάρτυσιν
785 913 1166 981 Εὑαγγελικὴν
1216 913 1399 964 πίστιν
1451 913 1560 963 τῶν
1616 912 1768 980 εἰρη-

194 1010 393 1073 μένων,
431 1007 724 1076 προσθήσω
754 1005 817 1076 δὴ
844 1008 958 1068 τοῖς
987 1006 1284 1076 ἀκροαταῖς
1319 1006 1444 1074 ὑμῖν
1505 1007 1585 1066 εἰς
1641 1003 1773 1056 ἀνά-

196 1111 424 1165 μνησιν,
451 1097 546 1148 καὶ
572 1097 640 1149 τά
671 1099 728 1149 ὲν
784 1097 1093 1166 προοιμίοις
1145 1113 1234 1165 μοι
1266 1097 1358 1148 ἐπὶ
1389 1099 1455 1165 τῇ
1483 1096 1645 1166 ὁμοίᾳ
1679 1098 1771 1148 δυ-

188 1188 352 1253 νάμει
396 1186 942 1253 προανατεταγμένα,
990 1187 1139 1253 ὅπως
1191 1184 1396 1252 δηλαδὴ
1443 1187 1471 1236 6
1508 1186 1673 1246 πολὺς
1703 1186 1772 1238 τὰ

188 1277 310 1326 θιία
341 1271 641 1339 Βασίλειὸς,
669 1277 737 1328 τὰ
777 1278 920 1328 κατὰ
955 1277 1055 1346 τὴν
1102 1275 1464 1346 Ἐκκλησίαν,
1495 1273 1563 1347 ἦς
1600 1278 1768 1345 ἀκρο-

184 1369 440 1429 γωνιαϊος
471 1370 563 1419 καὶ
597 1369 849 1434 συνδέτης
875 1369 1022 1430 λίθος
1054 1370 1298 1438 Χριστὸς
1326 1373 1353 1421 6
1388 1371 1542 1433 Θεὸς,
1567 1370 1767 1424 διοικο-

186 1459 546 1526 νομούμενος,
592 1461 716 1519 τοὺς
760 1460 836 1528 μὴ
891 1460 1148 1526 λέγοντας
1203 1461 1428 1531 Πνεῦμα
1483 1462 1647 1527 Θεὸν,
1710 1466 1768 1516 ιν

183 1549 374 1617 ἄλλαις
422 1551 477 1601 δὲ
525 1553 731 1616 φωναῖς
779 1553 838 1604 τὸ
897 1552 1010 1605 ἴσον
1058 1553 1445 1622 ἐμφαίνοντας,
1489 1558 1598 1618 τοίς
1632 1556 1767 1610 Θεὸν

183 1641 317 1691 αὐτὸ
350 1644 519 1710 τρανῇ
573 1632 903 1713 τῆγλὼττῃ
949 1643 1412 1714 άνακηρύττουσι,
1456 1647 1767 1714 συγκατῆλ-

184 1732 399 1786 λαττεν.
430 1732 590 1786 Ἀλλά
630 1734 693 1803 δὴ
740 1735 832 1787 καὶ
882 1735 1029 1797 ὅπως
1060 1738 1086 1788 6
1134 1738 1230 1805 τῆς
1270 1737 1548 1804 θεολογίας
1585 1737 1766 1806 φεριιῖ)⁸

183 1839 356 1891 νυμος
414 1824 511 1893 τὴν
585 1825 754 1893 αὐτὴν
806 1826 922 1878 ὁδδν
975 1827 1078 1895 τῆς
1135 1829 1245 1880 τῶν
1313 1830 1495 1898 μερῶν
1560 1830 1769 1882 τούτων

186 1917 544 1985 καταλλαγῆς
622 1918 1052 1987 μετερχόμενος,
1141 1919 1275 1990 μηδὲ
1352 1920 1413 1972 τὸ
1498 1921 1769 1974 Ἰουδαίων

183 2009 337 2072 ἔθνος
375 2010 672 2062 ἀποϐαλεῖν
713 2011 799 2074 ἂν,
841 2013 888 2063 εἰ
923 2013 1021 2082 τὴν
1070 2012 1164 2064 τού
1187 2012 1556 2081 ήλειμμένου
1588 2015 1773 2085 φωνὴν

185 2100 312 2151 ἀντὶ
338 2101 441 2167 τῆς
471 2099 710 2169 Χριστοῦ
738 2102 875 2172 πρὸς
918 2101 1100 2170 ὀλίγον
1144 2103 1553 2173 ἐπιζητοῦντες,
1579 2105 1766 2174 ἠξίουν

186 2192 312 2260 μεθ’
347 2194 508 2261 ἡμῶν
549 2193 860 2260 τάττεσθαι,
893 2197 972 2257 εἰς
1026 2195 1228 2258 πλάτος
1275 2196 1632 2267 ἑλογογράφει
1673 2199 1770 2250 καὶ

181 2285 505 2354 διαρρήδην.
566 2285 750 2338 Ταῦτα
801 2287 915 2346 τοῖς
971 2287 1436 2357 προαναταχθεῖσι
1484 2289 1767 2357 προσθεὶς,

187 2376 349 2427 ἱκανὰ
380 2377 477 2445 τὴν
507 2376 686 2446 ἡμῶν,
716 2377 790 2438 ὡς
819 2372 996 2445 οἶμαι,
1019 2377 1146 2430 δντα
1181 2379 1528 2445 δεφένδευσιν
1573 2380 1658 2447 ἐφ’
1686 2375 1768 2442 οἷς

183 2468 280 2518 καὶ
313 2469 475 2535 ἡμεῖς
526 2468 622 2536 τὴν
659 2469 721 2520 ὲκ
766 2468 980 2538 [ἰατρὸς
1036 2468 1103 2520 δι’
1161 2468 1290 2521 Υἱοῦ
1351 2466 1446 2520 τοῦ
1497 2471 1766 2536 παναγίου

183 2557 518 2624 ἑκπόρευσιν
560 2557 901 2626 Πνεύματος,
935 2559 1106 2628 μηδὲν
1149 2559 1266 2627 τῆς,
1312 2558 1370 2621 ἐξ
1411 2559 1614 2626 ἁμιςοῐν
1651 2559 1768 2611 δια-

185 2649 377 2715 φέρειν
430 2647 851 2712 ἀποδεικνύντες
900 2652 1010 2703 ἀπὸ
1061 2650 1317 2720 Γραφῶν,
1351 2651 1485 2720 πρὸς
1536 2650 1632 2720 τὴν
1668 2651 1769 2721 τῆς

182 2740 649 2810 ἐκκλησιαστςκῆς
687 2742 1002 2810 οἰκονομίας
1050 2742 1276 2811 εἰρήνην
1303 2742 1612 2812 δεδώκαμεν
1641 2745 1770 2796 ἑαυ-

182 2833 332 2893 τοὺς,
361 2833 452 2882 τδν
477 2832 632 2899 λόγον
663 2834 858 2903 πέρατι
888 2834 1100 2902 δίδωμι.
1133 2836 1204 2887 Σὺ
1233 2835 1298 2899 δ’,
1333 2830 1376 2887 ὦ
1414 2837 1766 2906 πατριάρχῶν

183 2923 341 2988 δυάς,
369 2916 444 2974 ὦν
486 2926 514 2976 ὁ
569 2924 668 2992 μὲν
719 2926 817 2995 τὴν
873 2927 1248 2996 Ἀλεξάνδρου,
1283 2929 1310 2980 6
1338 2927 1393 2978 δὲ
1425 2928 1522 2995 τὴν
1561 2930 1772 2980 Ἀντιοο

186 3016 331 3083 χέων
364 3020 645 3083 κοσμεῖτε,
680 3016 772 3078 οὓς
821 3017 915 3069 νῦν
947 3021 980 3087 ἡ
1027 3021 1442 3071 Κωνσταντίνου
1490 3019 1604 3089 ἔχει
1629 3020 1765 3088 παρ’

187 3110 379 3176 ἑαυτῇ,
436 3109 712 3179 μνήσθητε
768 3111 844 3172 ὠς
888 3110 1036 3163 ἔστιν
1085 3114 1112 3165 6
1172 3112 1407 3165 δικάσων
1461 3114 1608 3181 ἡμᾶς
1665 3113 1764 3164 οὐκ
1797 3127 1843 3186 ς

186 3201 386 3262 άλλως,
419 3201 452 3268 ἢ
507 3200 581 3262 ὼς
623 3201 942 3266 δικάζομεν,
978 3205 1071 3254 καὶ
1101 3204 1130 3254 6
1171 3203 1398 3264 εὐθύνας
1448 3207 1770 3272 ἀπαιτήσων

184 3291 357 3357 ἡμᾶς,
397 3288 580 3351 καθὼς
627 3291 788 3358 ἡμεῖς
844 3291 936 3343 τὸν
1002 3293 1232 3360 πλησίον
1281 3294 1600 3363 εὐθύνομεν.
1662 3295 1769 3347 Καὶ

186 3382 304 3445 εἴγε
352 3381 428 3448 μὴ
467 3380 706 3448 ἐπαχθὲς
737 3381 864 3450 ὑμῖν
915 3381 1264 3450 ὲναγομένοις
1314 3383 1446 3450 παρ’
1495 3383 1652 3453 ἡμῶν
1691 3385 1770 3445 εἰς

187 3473 423 3533 ἓινοιαν,
468 3466 542 3522 ὧν
586 3471 829 3540 ἀκριϐῶς
879 3472 1082 3537 οἰδατε,
1136 3473 1448 3540 λογίσασθε,
1486 3474 1536 3526 τί
1584 3475 1682 3543 μὲν
1715 3477 1770 3528 αἰ

188 3564 480 3615 κανονικαὶ
519 3564 786 3630 διατάξεις
819 3567 914 3618 καὶ
942 3570 990 3618 οἰ
1025 3571 1279 3638 πατρικοί
1316 3569 1509 3637 θεσμοὶ
1545 3570 1769 3622 διατάτ-

184 3670 391 3718 τονται,
426 3655 559 3706 τίδὲ
593 3657 755 3724 ἡμεῖς
810 3659 1182 3722 ἁκανονίστως
1226 3663 1320 3712 καὶ
1358 3661 1614 3729 ἁθὲσμως
1668 3679 1770 3713 πε-

189 3746 485 3814 πόιθαμεν.

1876 539 2076 592 tionem
2128 541 2449 592 moliturum
2490 554 2574 594 me
2606 554 2858 608 sperans,
2886 547 3110 606 exopto,
3145 538 3446 592 dummodo

1880 629 2025 684 Dens
2062 631 2398 684 concesserit
2429 671 2441 690 ,
2480 637 2532 682 et
2567 630 2671 682 vita
2708 628 3012 698 permiserit
3041 670 3054 691 ,
3087 636 3212 681 ante
3242 627 3455 684 audito-

1877 738 1984 787 res,
2015 723 2108 791 qui
2151 722 2514 791 integritatem
2563 722 2767 787 colant,
2800 722 2867 776 de
2920 733 3103 775 nostra
3142 721 3364 789 pietate,
3398 728 3454 772 et

1877 817 1929 867 in
1979 816 2294 870 Graecorum
2351 815 2628 868 nationem
2707 814 3125 875 benevolentia,
3179 824 3455 867 certamen

1877 907 2037 960 inire.
2094 906 2325 973 Propter
2370 905 2733 957 nihilominus
2793 905 2844 956 in
2897 904 3120 957 duobus
3148 903 3230 956 vel
3280 903 3458 954 tribus

1879 1000 2110 1054 testibus
2156 998 2531 1067 evangelieam
2566 997 2838 1050 dictorum
2873 997 3031 1049 tidem
3062 1036 3076 1058 ,
3113 994 3268 1048 vobis
3303 994 3456 1048 audi—

1881 1091 2098 1144 toribus
2131 1090 2183 1142 in
2218 1089 2538 1142 memoriam
2569 1088 2844 1148 inducam,
2873 1103 2994 1155 quae
3028 1087 3212 1140 statim
3249 1086 3304 1139 in
3333 1101 3460 1138 ora-

1882 1182 2048 1234 tionis
2080 1180 2327 1241 exordio,
2362 1181 2430 1233 ab
2458 1180 2646 1234 eadem
2681 1180 2952 1233 sententia
2983 1178 3205 1231 minime
3240 1178 3457 1232 discor-

1880 1272 2064 1325 dantia
2096 1269 2358 1325 collocavi
2399 1271 2714 1338 :quomodo
2765 1284 2959 1339 nempe
3002 1284 3231 1337 magnus
3269 1268 3322 1322 in
3369 1282 3457 1324 re-

1882 1365 1983 1417 bus
2012 1363 2215 1417 divinis
2268 1360 2676 1430 pertractandis
2730 1361 2963 1415 Basilius
2989 1404 3001 1426 ,
3053 1376 3141 1414 res
3174 1360 3455 1422 Ecclesiae,

1882 1456 2042 1526 cujus
2099 1455 2238 1523 lapis
2305 1453 2588 1523 angularis
2634 1463 2687 1507 et
2728 1454 3010 1523 colligator
3058 1452 3310 1507 Christus
3353 1462 3459 1516 est,

1879 1549 2225 1616 disponens,
2284 1561 2423 1610 eos,
2485 1549 2578 1616 qui
2650 1560 2758 1600 non
2820 1547 3136 1600 asserebant
3194 1545 3460 1614 Spiritum

1883 1639 2050 1692 Deum
2082 1681 2095 1704 ,
2163 1639 2258 1693 sed
2315 1639 2438 1692 aliis
2490 1637 2726 1692 vocibus
2785 1638 2838 1690 id
2885 1638 3289 1707 exprimebant,
3335 1651 3461 1704 quas

1879 1749 2000 1786 eum
2037 1744 2226 1802 aperte
2263 1733 2412 1785 clara
2443 1747 2578 1785 voce
2610 1730 2780 1785 Deum
2819 1730 3143 1786 intonabant
3166 1769 3182 1795 ,
3219 1730 3456 1785 invicem

1875 1827 2225 1891 conciliabat;
2280 1841 2492 1880 necnon
2541 1825 2854 1896 quomodo,
2911 1826 2999 1880 cui
3050 1840 3116 1880 ex
3181 1825 3457 1894 theologia

1877 1933 2076 1970 nomen
2112 1927 2221 1978 est,
2255 1916 2554 1986 Gregorius
2598 1917 2835 1972 similem
2892 1918 3032 1970 viam
3068 1915 3290 1970 easdem
3327 1931 3464 1985 par-

1878 2020 1958 2062 tes
2007 2008 2342 2063 conciliandi
2400 2008 2577 2064 iniens
2607 2048 2623 2073 ,
2677 2023 2854 2078 neque
2888 2007 3205 2062 Iudaeorum
3241 2018 3460 2078 gentem

1874 2101 2224 2167 ejiciendum,
2282 2100 2324 2154 si
2357 2101 2571 2154 deuncti
2602 2115 2810 2161 vocem,
2846 2101 2965 2153 loco
2994 2100 3196 2154 Christi
3224 2099 3290 2153 ad
3326 2107 3464 2154 tem-

1877 2208 1978 2260 pus
2002 2193 2104 2246 sibi
2139 2196 2367 2247 concedi
2401 2193 2768 2261 postulantes,
2808 2192 2860 2245 in
2888 2201 3139 2245 nostrum
3167 2193 3463 2245 humerum

1878 2298 2040 2354 atque
2076 2285 2323 2338 ordlnem
2375 2284 2578 2339 ascribi
2617 2283 2855 2350 vellent,
2907 2283 3143 2353 longiori
3206 2297 3464 2337 sermone

1875 2386 1928 2429 et
1970 2376 2145 2444 palam
2180 2377 2640 2444 prosequebatur.
2698 2372 2822 2428 IIth
2852 2373 3218 2444 suprapositis
3250 2373 3459 2445 addens

1877 2469 2012 2522 satis
2049 2481 2321 2534 superque
2360 2482 2483 2522 esse
2516 2480 2615 2536 pro
2649 2474 2839 2520 nostra
2869 2464 3199 2520 defensione
3233 2465 3459 2534 opinor,

1879 2560 1923 2614 si
1956 2576 2055 2614 nos
2092 2575 2156 2613 ex
2201 2558 2361 2614 Patre
2413 2573 2510 2629 per
2573 2558 2773 2614 Filium
2830 2557 3173 2614 sanctissimi
3222 2554 3462 2627 Spiritus

1879 2647 2288 2722 processionem
2318 2692 2333 2716 ,
2387 2652 2525 2706 nihil
2555 2651 2778 2707 diﬂ'erre
2807 2667 2837 2705 a
2874 2651 3146 2706 sententia
3174 2691 3188 2715 ,
3240 2665 3364 2721 qua:
3395 2648 3466 2703 il-

1887 2744 1998 2797 lum
2028 2759 2092 2798 ex
2129 2752 2363 2812 utroque
2397 2742 2601 2797 fatetur
2649 2743 3098 2797 demonstrantes
3149 2755 3216 2795 ex
3252 2741 3464 2810 scripto

1898 2838 2113 2890 traditis
2146 2837 2473 2891 testimoniis
2498 2877 2512 2899 ,
2544 2835 2611 2890 ad
2642 2835 3034 2890 ecclesiastica:
3073 2833 3296 2889 unionis
3346 2833 3462 2887 dis-

1894 2931 2269 2994 pensationem
2328 2929 2699 2998 nosmetipsos
2743 2928 3091 2991 dedidimus,
3145 2927 3308 2981 ﬂnem
3338 2941 3461 2980 ora-

1882 3020 2016 3073 tioni
2049 3021 2352 3089 imponam.
2396 3020 2503 3075 Vos
2532 3035 2697 3086 vero,
2736 3035 2770 3074 ο
2825 3020 3181 3090 patriarchae,
3220 3033 3458 3088 quorum

1891 3115 2028 3167 alter
2063 3114 2513 3178 Alexandrinam,
2548 3114 2682 3169 alter
2715 3114 3112 3168 Antiochenam
3152 3112 3461 3167 Ecclesiam

1879 3207 2162 3260 adornatis
2183 3246 2197 3268 ,
2229 3217 2282 3260 et
2317 3221 2455 3275 quos
2491 3220 2637 3260 nunc
2685 3206 2828 3274 apud
2861 3220 2920 3260 se
2948 3203 3460 3273 Constantinopolis

1879 3306 2062 3359 tenet,
2093 3297 2338 3352 reducite
2392 3297 2446 3350 in
2510 3299 2831 3352 memoriam
2865 3312 2966 3352 nos
3017 3297 3084 3350 ab
3130 3296 3238 3350 alio
3267 3296 3460 3350 eadem

1881 3389 1998 3458 ipsa
2048 3389 2208 3443 lance
2238 3429 2252 3453 ,
2301 3404 2408 3458 qua
2463 3389 2776 3458 judicamus
2823 3387 2942 3443 fore
2988 3387 3352 3456 iudicandos,
3405 3395 3461 3441 et

1883 3482 2126 3534 rationes
2160 3496 2189 3534 a
2239 3481 2397 3535 nobis
2454 3481 2818 3549 reposcendas
2875 3480 3038 3534 modo
3062 3519 3076 3543 ,
3113 3493 3222 3548 quo
3257 3493 3361 3533 nos
3401 3479 3457 3531 in

1878 3572 2115 3640 proximi
2157 3583 2303 3640 gesta
2335 3572 2687 3640 inquirimus.
2743 3570 2804 3623 Et
2834 3571 2880 3624 si
2917 3587 3022 3624 non
3069 3572 3282 3625 videtur
3310 3569 3462 3624 odio-

1874 3680 2020 3724 sum.
2056 3681 2151 3733 per
2185 3679 2287 3718 nos
2318 3665 2471 3718 vobis
2501 3665 2553 3718 in
2595 3673 2830 3718 mentem
2864 3664 3072 3728 reduci,
3094 3679 3216 3734 quae
3248 3664 3455 3732 optime

1871 3771 1969 3825 per
2001 3771 2098 3810 vos
2152 3757 2302 3824 ipsos
2339 3758 2515 3810 nostis
2541 3795 2555 3818 ,
2603 3757 2786 3809 animo
2832 3766 2885 3810 et
2941 3755 3282 3825 cogitatione
3315 3769 3453 3808 con-

191 3837 388 3890 vertite
419 3875 435 3902 ,
481 3839 610 3907 quid
647 3854 921 3894 canonum
954 3844 1376 3896 constitutiones
1402 3885 1416 3910 ,
1467 3855 1518 3898 et
1553 3843 1770 3898 Patrum
1814 3851 2026 3901 sancita
2095 3847 2453 3916 praecipiunt;
2481 3847 2610 3915 quid
2676 3846 2807 3900 item
2856 3860 2959 3900 nos
2992 3847 3186 3915 pra-ter
3216 3858 3454 3898 canones

187 3940 243 3983 et.
268 3933 397 4001 jura
428 3936 676 4003 perpessi
714 3951 930 3989 sumus.

3312 4093 3438 4108 ,ἢ

1321 4251 1671 4385 ΤΟΥ
1745 4197 2357 4383 ΑΥΤΟΥ

333 4478 574 4546 ΛΟΓΟΣ,
616 4479 747 4533 ΠΩΣ
797 4480 946 4535 ΜΕΝ
987 4482 1077 4535 ΕΝ
1119 4482 1428 4552 ΔΕΥΤΕΡῼ

1467 4483 2028 4544 ΑῐῙΟᾹΟΓΗΤίΚῡΣ,
2077 4482 2161 4534 ΕΦ

2211 4453 2397 4552 ῌηέρ
2453 4482 2688 4552 unus
2729 4449 3202 4548 murmuris
3236 4480 3324 4535 Ax

717 4552 1241 4605 ANTIPPHTIKOE
1284 4537 1950 4607 snt'nAPsznrnxm
2007 4537 2276 4605 Ptizsolv
2311 4553 2518 4605 'rtNoN
2557 4537 2923 4606 ΓΡᾸΦΙΚΩΝ.

1382 4907 1385 4909 ·
1469 4856 2188 4986 EJUSDEM

190 5092 536 5173 ORATIO,
601 5095 896 5155 PARTIM
959 5094 1324 5156 SECUNDO
1413 5092 1984 5155 APOLOGETICA
2078 5095 2234 5155 PRO
2296 5093 2734 5156 INJUSTITIA
2808 5097 2968 5173 QUA
3043 5097 3456 5161 AFFECTUS

270 5172 417 5231 EST
444 5217 461 5242 ,

537 5175 840 5234 PARTIM
916 5173 1519 5234 ANTIRBHETICA
1599 5177 1707 5232 AD
1770 5173 2084 5233 ΡιιΑγΑδ
2169 5173 2765 5237 EXPOSITIONES
2846 5173 3454 5240 NONNULLARUM

270 5250 618 5311 SCRIPTO
677 5255 831 5311 ΤΚΛ
847 5253 1208 5313 Dl'I'ARUM
1253 5252 1908 5314 AUCTORITATUM.

273 5581 345 5637 α’.
378 5581 459 5633 Τὰ
497 5581 598 5650 μὲν
627 5575 720 5635 οὖν
747 5580 832 5646 ἐφ’
870 5575 950 5644 οἷς
1002 5580 1200 5642 ἀδίκως
1247 5581 1341 5635 τοῦ
1372 5557 1576 5635 οἰκείου
1610 5581 1775 5648 ἡμεῖς

1957 5575 2012 5628 1.
2071 5575 2178 5629 Res
2217 5573 2408 5644 itaque
2439 5614 2454 5637 ,
2517 5588 2616 5645 pro
2671 5576 2874 5646 quibus
2917 5577 3119 5647 injuste
3167 5594 3269 5637 nos
3315 5581 3455 5638 solio

199 5671 565 5744 ἀπηλάθημεν
586 5670 779 5741 θρόνου
831 5673 889 5724 ὲν
926 5670 1159 5733 τούτοις,
1193 5672 1251 5724 ὲν
1306 5666 1385 5735 οἷς
1443 5671 1656 5739 καὶούχ
1697 5670 1773 5732 ὡς

197 5765 294 5835 τὴν
327 5764 613 5816 εὐσέϐειαν
650 5762 1014 5832 προδιδόντες,
1055 5761 1166 5816 οὐδ’
1204 5763 1280 5825 ὠς
1327 5764 1436 5820 τῶν
1479 5766 1770 5834 Ῥωμαίων

451 5856 725 5915 Pyrno!“
764 5854 881 5914 Gn.
943 5854 1156 5914 CXLI.

1883 5665 2026 5739 pulsi
2059 5679 2274 5730 sumus,
2310 5671 2455 5721 hunc
2491 5666 2546 5720 in
2582 5668 2803 5724 modum
2844 5687 2902 5726 se
2950 5671 3208 5737 habuere,
3243 5676 3293 5729 in
3328 5678 3455 5746 qui-

1886 5761 1990 5816 bus
2018 5773 2127 5815 non
2179 5759 2257 5814 uti
2297 5759 2517 5829 pietatis
2568 5763 2910 5830 proditores,
2964 5781 3140 5833 neque
3173 5767 3248 5821 uti
3303 5763 3454 5824 σιω-

3061 5857 3132 5918 3ἰ
