4214 6446
255 323 360 384 973

1309 324 1406 385 DE
1445 322 1953 386 DEPOSITIONE
1994 325 2143 386 SUA
2182 325 2405 388 ORAT.
2450 325 2528 387 Il.

3417 322 3520 390 ογι

258 443 526 513 δικαστὴν
553 443 581 494 ὁ
618 440 776 508 λόγος
804 440 1131 510 ἐφίστησιν;
1171 433 1298 504 Ἆρ’
1325 438 1528 501 ίκανῶς
1556 436 1670 506 ἔχει
1707 436 1838 490 ταῦ-

1949 438 2200 509 probant,
2226 437 2546 493 Grmcorum
2578 435 2787 491 amicos
2820 450 2964 500 esse,
3002 435 3095 504 qui
3151 434 3518 493 Ecclealartnu

259 555 348 598 τα,
384 536 647 602 συστῆσαι
688 532 1092 602 φιλορωμαίους
1120 530 1366 600 ἀκριϐῶς
1397 527 1536 584 εἶναι
1589 532 1714 593 τοὺς
1740 531 1841 598 τήν

261 629 458 680 ινωσιν
508 625 615 678 τῶν
664 622 1005 691 Ἐκκλησιῶν
1043 621 1494 685 ἐπισπεύδοντας,
1526 615 1602 673 ὧν
1644 623 1676 690 ἡ
1719 621 1839 675 διάο

263 736 459 780 στασις
491 716 809 786 πληθυσμος
857 715 1055 777 κακίας
1101 716 1160 767 ἐν
1193 712 1270 782 τῷ
1317 713 1418 783 βίῳ
1449 715 1714 781 ἐγεγόνει,
1745 713 1840 766 καὶ

258 809 383 860 οὐαὶ
414 807 570 868 πολὺ,
600 809 690 858 καὶ
731 805 944 874 θρήνων
995 810 1262 872 παραιτία
1309 803 1561 869 πολλῶν;
1615 806 1840 868 Πάντως

256 898 459 959 οὐδεὶς,
512 895 587 966 μὴ
634 894 868 956 ἀναιδῶς
924 893 1258 946 ἀντιϐαίνειν
1311 891 1484 944 θέλων
1537 893 1672 963 πρὸς
1734 895 1839 961 τὴν

256 990 540 1058 ἀλήθειαν,
578 989 652 1055 μὴ
696 987 771 1048 ὡς
816 986 1222 1054 φιλορωμαίους
1277 986 1425 1054 ήμάς
1468 984 1567 1055 τήν
1616 986 1840 1054 είρήνην

257 1082 359 1149 τῆς
397 1079 712 1149 Ῥωμαῖκῆς
746 1077 1070 1147 Ἐκκλησίας
1102 1078 1218 1144 ἐρεῖ
1267 1075 1833 1144 πραγματεύσασθαι.

258 1175 321 1226 Ei
351 1174 408 1226 δὲ
445 1172 602 1224 τοῦτο
652 1172 830 1241 ἡμεῖς,
868 1169 1090 1237 εὔδηλον
1119 1167 1192 1228 ὡς
1239 1167 1302 1220 τὸ
1350 1169 1594 1220 ἐναντίον
1625 1170 1835 1238 ἐχθροὶ,

257 1269 353 1319 καὶ.
387 1265 753 1336 μισορὼμαιοι
781 1263 980 1323 πάντες
1002 1263 1050 1314 οἱ
1085 1261 1481 1328 ἀντιλέγοντες,
1515 1261 1610 1313 καὶ
1652 1261 1832 1314 πλείο-

257 1375 348 1420 νος
382 1358 463 1409 ἐτι
500 1359 658 1425 χρεία
678 1356 772 1408 τοῦ
817 1357 976 1422 λόγου
1013 1354 1200 1407 λοιπἰν
1240 1353 1378 1420 πρὸς
1425 1353 1700 1416 ἀπόδειξιν
1739 1355 1838 1423 τῆς

254 1447 442 1500 αὐτῶν
491 1446 998 1517 μισορωμαιότητος
1057 1442 1291 1503 οὐδενός.
1348 1442 1542 1495 Καίτοι
1583 1459 1647 1510 γε
1693 1445 1838 1513 ἅπερ

255 1543 284 1591 ό
335 1541 493 1608 ἀγιος
559 1543 765 1601 ἐκεῖνος
819 1537 914 1590 καὶ
962 1537 1301 1605 προῳητικὸς
1358 1535 1433 1597 ὡς
1476 1534 1647 1597 ὅντως
1697 1537 1838 1606 ἀνὴρ

256 1636 380 1688 κατ’
409 1636 587 1686 ἐκεῖνο
615 1630 812 1701 καιροῦ
856 1630 1018 1700 ἐξῆρε
1055 1632 1223 1692 κακὰ,
1257 1629 1463 1692 καπνὸς
1493 1627 1585 1681 τοῦ
1620 1628 1839 1698 μέλλον.

254 1745 349 1789 τος
374 1724 514 1798 ἦσαν
543 1727 738 1797 πυρὸς,
773 1724 800 1776 ὃ
833 1725 933 1794 τῆς
963 1725 1120 1794 ήμῶν
1167 1725 1343 1794 ἀρχῆς
1394 1726 1489 1775 καὶ
1537 1723 1837 1792 ἡγεμονίας

1945 531 2203 585 unionem
2238 544 2456 585 summo
2489 530 2674 585 studio
2714 537 3046 600 procurant,
3083 543 3314 598 quarum
3353 531 3520 586 dissi-

1942 624 2095 678 dium
2137 624 2484 679 miseriarum
2518 623 2785 687 omnium,
2812 632 2866 677 et
2889 622 3279 692 lacrytnarum,
3312 632 3366 675 et
3396 623 3517 690 ejuo

1943 715 2149 769 latuum
2183 730 2348 770 causa
2372 715 2518 769 fuit?
2556 713 2789 768 Prorsus
2841 729 3026 778 nemo,
3055 714 3110 768 ni
3159 713 3522 768 inverecunde

1943 805 2231 858 veritatem
2297 815 2594 874 Oppugnat,
2660 819 2759 860 nos
2811 821 2916 859 non
2990 805 3155 860 veluti
3203 802 3522 860 Graecorum

1942 901 2168 957 amicos,
2208 893 2463 948 Romana:
2488 895 2748 951 Ecclesia:
2801 898 2988 951 unioui
3033 913 3263 952 natasse
3292 913 3521 966 operam

1941 989 2255 1044 aﬂirmabit.
2291 987 2447 1052 Quod
2475 989 2520 1042 si
2578 1004 2677 1044 nos
2708 989 3021 1044 Graecorum
3079 1004 3270 1044 amore
3310 990 3360 1042 id
3399 1004 3524 1059 per-

1941 1081 2320 1140 tractavimus,
2351 1079 2696 1134 manifestum
2734 1089 2999 1141 remanet.
3031 1097 3244 1142 eorum,
3316 1081 3409 1151 qui
3443 1081 3523 1134 illi

1942 1183 2062 1224 sese
2125 1180 2431 1239 opponunt,
2496 1173 2824 1226 acerrimum
2887 1175 3077 1228 odium
3138 1174 3192 1228 in
3251 1173 3520 1228 Gra'ciaui

1941 1263 2153 1314 ostendi
2189 1281 2202 1316 :
2240 1277 2415 1331 neque
2455 1263 2704 1332 pluribus
2741 1277 2878 1330 Opus
2909 1275 2992 1319 est
3023 1266 3090 1318 ad
3125 1266 3526 1319 demonstran-

1940 1352 2070 1406 dum
2101 1355 2202 1408 hoc
2228 1370 2419 1408 eorum
2445 1357 2497 1410 in
2524 1355 2789 1409 Graeciam
2807 1359 3015 1420 odium,
3039 1369 3094 1412 et
3117 1358 3422 1412 mirandam
3452 1361 3522 1414 ab

1939 1447 2132 1501 eadem
2178 1448 2346 1502 animi
2401 1449 2806 1503 alienationem.
2875 1449 2938 1503 Et
2985 1452 3347 1510 nihilominus
3375 1467 3520 1522 quaa

1940 1547 2167 1594 sanctus
2193 1540 2281 1594 ille
2302 1540 2406 1604 vir,
2433 1550 2486 1594 et
2514 1557 2638 1596 vere
2657 1541 2995 1612 [prophetico
3053 1544 3246 1612 spiritu
3301 1545 3532 1603 amatus.

1939 1646 2216 1686 aerumnas
2245 1648 2308 1686 ea
2353 1644 2674 1703 tempestate
2739 1635 3014 1703 exposuit,
3068 1635 3266 1689 lutum
3289 1636 3526 1691 ﬂamma

1941 1723 2125 1780 fumus
2160 1726 2332 1791 fuere,
2374 1744 2495 1796 qua:
2535 1737 2739 1783 nostra
2762 1729 2989 1784 ditionis
3017 1738 3182 1797 atque
3209 1731 3424 1798 imperii
3456 1731 3524 1784 ab

255 1820 317 1883 ἐξ
347 1821 560 1872 ἐκείνου
601 1820 696 1872 καὶ
732 1821 809 1880 εἰς
835 1818 897 1870 το
930 1818 1025 1869 νῦν
1072 1817 1263 1870 ἄλλοτε
1295 1815 1424 1870 ἀλλο
1471 1815 1637 1884 μέρος
1679 1816 1838 1867 ἐπιὸν

1941 1833 2005 1871 eo
2039 1833 2212 1887 usque
2233 1817 2300 1871 ad
2336 1818 2440 1872 hoc
2466 1828 2680 1887 tempus
2705 1819 2762 1872 in
2799 1819 2962 1873 aliam
2995 1829 3160 1889 atque
3193 1821 3357 1874 aliam
3395 1835 3518 1890 par-

259 1912 484 1980 σύμπαν
532 1909 664 1962 αὐτὸ
713 1908 1084 1960 ἐπιϐόσκεται.
1128 1907 1249 1960 Ἔτι
1303 1906 1412 1974 γὰρ
1466 1907 1588 1958 τότε
1631 1906 1836 1976 Συρίας

259 2007 479 2074 ἀπάσης
509 2006 603 2057 καὶ
642 2002 1068 2071 Μεσοποταμίας
1095 2003 1352 2072 ἄρχοντες
1381 1995 1542 2071 ἦμεν·
1580 2000 1662 2052 έτι
1686 2002 1834 2054 πᾶσα

270 2096 481 2166 Ἰϐηρία
510 2099 624 2158 τοῖς
661 2095 816 2164 ἡμῶν
852 2096 1114 2146 ὑπέκειτο
1151 2093 1615 2162 αὐτοκράτορσιν·
1653 2091 1735 2144 ἐτι
1767 2093 1834 2146 τὰ

259 2190 623 2257 σχοινίσματα
672 2188 829 2258 ἡμῶν
870 2189 927 2250 ἐς
978 2185 1240 2238 Δάνουϐιν
1283 2187 1636 2254 ἐκτεινόμενα
1668 2185 1836 2237 Βουλ-

257 2282 459 2352 γαρίαν
487 2283 670 2334 πᾶσαν
706 2280 798 2331 καὶ
821 2281 920 2348 τὴν
959 2278 1112 2347 παρά
1143 2277 1464 2349 Τριϐαλλῶν
1505 2277 1834 2346 οἰκουμένην

257 2378 406 2436 ἐντὸς
436 2375 772 2446 περιέκλειον
798 2391 814 2408 ο
847 2373 926 2425 ἐτι
959 2372 1205 2442 Κύπρος,
1235 2371 1329 2423 καὶ
1355 2372 1545 2439 Κρήτη
1571 2371 1668 2422 σὺν
1694 2371 1830 2440 αὐτῇ

256 2469 502 2536 Σικελίᾳ,
536 2472 592 2520 αἱ
637 2468 746 2519 τῶν
785 2469 968 2536 νήσων
1019 2464 1508 2534 πιεριφανέστεραι,
1545 2462 1831 2528 Καλαϐρὶα

255 2575 316 2610 τε
380 2557 606 2626 καὶτῆς
654 2557 886 2617 Ἰταλίας
930 2555 988 2606 τὸ
1040 2554 1223 2615 πλέον,
1263 2555 1375 2613 τοίς
1414 2552 1704 2621 Ῥωμαίων
1738 2550 1835 2621 βα-

259 2652 501 2706 σιλεῦσιν
547 2650 846 2704 ἐδούλευον.
896 2645 962 2699 Τί
1011 2647 1120 2716 γὰρ
1175 2647 1240 2699 ἄν
1279 2663 1361 2708 τις
1392 2645 1836 2715 Πελοποννήσους

255 2744 623 2812 ἀπαριθμοίη,
655 2744 747 2795 καὶ
796 2746 995 2810 νήσους
1033 2739 1286 2802 Εὐϐοίας,
1318 2740 1410 2790 καὶ
1437 2739 1565 2790 ὄσιι
1607 2737 1684 2806 τῷ
1735 2740 1832 2791 Αί-

256 2838 398 2905 γαίῳ
430 2837 522 2888 καὶ
570 2834 896 2904 Ἀδριατικῷ
928 2834 1154 2900 πελάγει
1203 2831 1484 2916 σποράξην
1522 2830 1832 2902 διαλαμϐά-

257 2947 438 2982 νονιαι
466 2947 480 2993 ;
513 2929 626 2981 Νῦν
652 2929 709 2980 δὲ
742 2929 863 2980 ὁποι
887 2928 954 2979 τὰ
983 2926 1227 2996 ἡμέτερα
1260 2923 1831 2995 συνεστάλη,αίσχύνη

255 3020 354 3071 καὶ
384 3019 521 3081 ὅλως
555 3019 735 3085 λέγειν
772 3019 942 3072 ἐστίν.

1942 1921 2050 1964 tem
2106 1915 2440 1981 irrumpens,
2487 1914 2743 1967 universa
2809 1913 3144 1983 depascitur.
3211 1913 3346 1967 Nam
3403 1922 3520 1967 tum

1940 2003 2100 2074 Syria
2138 2005 2391 2060 universa
2416 2013 2581 2074 atque
2615 2004 3006 2075 MeSOpotamia
3036 2006 3091 2059 in
3135 2020 3300 2060 manu
3335 2016 3523 2060 nostra

1936 2109 2097 2153 erant
2129 2117 2144 2152 :
2176 2100 2358 2153 adhuc
2405 2100 2580 2153 Iberia
2612 2101 2791 2152 omnis
2851 2098 3056 2154 nostris
3108 2099 3356 2168 subjecta
3405 2109 3526 2153 erat

1939 2192 2400 2261 imperatoribus:
2438 2192 2618 2244 adhuc
2660 2191 2886 2246 ditionis
2928 2201 3133 2244 nostra:
3185 2191 3404 2246 termini
3453 2191 3526 2248 ad

1942 2286 2251 2340 Danubium
2295 2287 2533 2348 extensi,
2581 2283 2890 2353 Bulgariam
2932 2287 3268 2350 universam,
3303 2295 3358 2338 et
3403 2297 3526 2353 qua

1940 2392 1969 2429 a
1991 2375 2250 2432 Triballis
2287 2377 2661 2443 habitabatur,
2698 2377 2976 2446 regionem
3002 2378 3052 2430 iu
3077 2393 3198 2432 sese
3225 2376 3524 2431 conclude-

1939 2469 2070 2522 baut
2095 2486 2109 2522 :
2135 2469 2312 2523 adhuc
2347 2469 2582 2538 Cyprus,
2617 2467 2876 2530 etCreta,
2912 2475 2966 2521 et
2984 2468 3173 2522 Sicilia
3201 2468 3342 2538 ipsa,
3371 2470 3524 2524 insu-

1941 2562 2118 2634 lanum
2178 2561 2526 2623 celebriores,
2567 2560 2847 2624 Calabria,
2907 2572 2958 2615 et
2997 2561 3166 2616 Italia:
3235 2563 3522 2630 potissima

1941 2666 2068 2720 pars
2096 2651 2412 2706 Grzecorum
2469 2652 2700 2720 imperio
2750 2653 3080 2707 serviebant.
3123 2652 3241 2706 Non
3273 2664 3356 2707 est
3384 2668 3526 2723 opus

1942 2744 2026 2797 hic.
2059 2747 2261 2798 referre
2289 2753 2342 2797 et
2378 2742 2838 2813 Peloponnesum,
2868 2755 2922 2800 et
2963 2745 3226 2799 Euboeam
3259 2745 3522 2811 iusulumL

1939 2847 1995 2891 et
2055 2847 2134 2890 tot
2196 2838 2356 2903 alias,
2399 2854 2536 2906 quas
2593 2837 2837 2908 Egaeum
2873 2845 2927 2892 et
2983 2839 3318 2892 Adriaticum
3374 2854 3526 2893 mare

1937 2924 2169 2992 sparsim
2242 2926 2580 2994 praeterﬂuit.
2635 2926 2792 2981 Nunc
2849 2942 2981 2980 vero
3048 2929 3123 2980 uti
3155 2943 3241 2982 res
3323 2939 3528 2984 nostra:

1940 3023 2235 3068 centractae
2259 3027 2406 3080 sunt,
2444 3017 2622 3086 pudor
2658 3027 2741 3070 est
2779 3032 3008 3086 prorsus
3035 3019 3239 3074 dicere.

325 3111 388 3165 δ’.
437 3113 581 3163 Ἀλλ’
624 3106 742 3163 οίδα
781 3110 1058 3177 σφύζοντσ.
1089 3111 1224 3179 πρὸς
1271 3111 1598 3182 ἀντίρρησιν
1633 3112 1725 3164 τὸν
1774 3114 1833 3163 ἐν

2008 3106 2060 3159 4.
2100 3105 2204 3162 Sed
2237 3108 2519 3176 videojam
2573 3111 2888 3174 micantem,
2920 3119 2974 3166 et
3037 3121 3244 3164 tantum
3286 3127 3392 3166 non
3455 3113 3526 3168 ad

253 3205 464 3274 ιὶδήσει
516 3205 615 3270 τῆς
660 3205 959 3273 εἰρημένης
1002 3203 1130 3254 ὂντα
1176 3203 1486 3271 ἐπιστολῆς.
1523 3204 1677 3272 Τάχα
1725 3205 1834 3274 γὰρ

253 3295 654 3365 ἀντι-προσταίη
709 3296 775 3347 ἂν
824 3297 959 3363 ἡμῖν
1014 3296 1043 3346 ὁ
1091 3295 1331 3358 τοιοῦτος
1397 3295 1687 3365 ἑτέρωθεν,
1745 3302 1840 3352 καί

257 3391 457 3458 μέρους
491 3388 659 3454 αὐτῆς
689 3386 852 3440 ἄλλου
887 3386 1345 3455 ἐπιδραξάμενος,
1379 3389 1434 3438 ἐν
1458 3382 1502 3456 ᾧ
1535 3389 1634 3461 τὴν
1666 3406 1838 3458 προσο

254 3485 439 3551 θήκην
514 3483 766 3549 φαίνεται
833 3479 1078 3541 κακίζων
1134 3482 1161 3531 ὁ
1218 3479 1582 3544 ἐπιστέλλων,
1641 3482 1835 3534 τούτου

258 3576 427 3644 μόνου
461 3575 637 3636 ἐσται,
671 3574 762 3625 καὶ
799 3573 944 3626 κατά
992 3575 1136 3624 θεῖον
1167 3573 1309 3640 τάχα
1356 3575 1453 3625 καὶ
1501 3573 1837 3645 Θερμότερον

255 3674 492 3733 πίστεως
520 3671 684 3738 ζῆλον
747 3668 846 3737 τὴν
896 3668 1175 3719 διάστασιν
1224 3669 1325 3737 τῆς
1377 3669 1624 3730 ἐνώσεως
1654 3669 1840 3721 ἀνθαι-

255 3764 474 3834 ρεῖσθαι
532 3765 665 3831 ἐρεῖ.
711 3764 903 3832 Ἡμεῖς
949 3761 995 3814 δ’
1045 3762 1104 3826 ἐξ
1135 3756 1208 3816 ὧν
1239 3763 1338 3830 μὲν
1397 3764 1837 3834 προειρήκαμεν,

256 3855 358 3923 τῆς
389 3873 448 3906 τε
493 3855 653 3923 ήμῶν
697 3854 878 3906 αὐτῶν
924 3853 1455 3922 φιλορωμαιότητος,
1489 3851 1598 3906 τῶν
1636 3856 1840 3908 ἀντιδί-

257 3966 371 4000 κων
399 3949 498 4010 τὰς
526 3947 831 4012 ἀποδείξεις
879 3949 1242 4015 ποιησάμενοι
1298 3949 1835 4017 μισορωμαιότητος,

254 4038 326 4110 τῇ
367 4041 425 4093 δὲ
477 4039 577 4105 τῆς
631 4037 916 4100 εὐσεϐείας
952 4040 1306 4108 ἐνεχομένους
1360 4039 1713 4110 παραστῆσαι
1742 4043 1840 4093 αὑ-

256 4135 411 4195 τοὺς
445 4130 736 4200 προδοσίᾳ,
787 4131 866 4181 ἐτι
920 4131 1264 4198 ὀφείλοντες,
1317 4132 1417 4201 τὴν
1469 4133 1568 4200 μὲν
1612 4133 1839 4204 ὀφειλὴν

258 4224 554 4278 ἀποδοῦναι
585 4221 1078 4289 καθυφιστάμενοι,
1119 4222 1259 4286 ἐπὰν
1306 4223 1335 4273 ό
1385 4223 1543 4289 λόγος
1573 4224 1837 4293 δογματι-

257 4315 396 4376 κῶς,
434 4314 508 4375 ὡς
562 4315 799 4382 ἔφημεν,
847 4311 1056 4381 προῖὼν
1104 4313 1195 4364 τὸν
1247 4312 1356 4363 τῶν
1415 4314 1688 4380 νεοφανὼν
1747 4317 1840 4368 ἐπὶ

259 4408 382 4466 ταῖς
440 4404 776 4468 θεολογικαίς
825 4406 1032 4454 ποιοῖτο
1083 4403 1308 4472 ρήσεσιν
1337 4404 1651 4472 ἐξηγήσεων
1683 4405 1842 4473 ἐλεγ-

1942 3200 2424 3253 contradicendum
2455 3199 2852 3255 inﬂammatum
2887 3218 3034 3264 eum,
3089 3203 3199 3272 qui
3233 3205 3372 3258 hanc
3405 3205 3526 3273 epi-

1942 3291 2135 3343 stolam
2183 3300 2325 3345 recte
2379 3301 2548 3345 tenet.
2587 3291 2772 3361 Neque
2821 3293 2866 3346 is
2907 3291 3048 3347 forte
3100 3294 3320 3348 aliunde
3367 3297 3527 3349 nobis

1943 3399 2064 3438 sese
2102 3395 2363 3452 opponet,
2388 3395 2441 3438 et
2482 3394 2687 3454 partem
2732 3386 2880 3441 illius
2917 3389 3101 3450 aliam,
3136 3390 3186 3440 in
3227 3405 3336 3458 qua
3379 3391 3525 3445 vide-

1943 3484 2028 3528 tur
2065 3477 2398 3530 additionem
2439 3479 2674 3546 scriptor
2697 3479 2984 3532 criminari
3038 3482 3349 3550 assignans,
3385 3483 3527 3536 auir-

1943 3565 2135 3630 mabit,
2163 3581 2228 3619 eo
2292 3568 2432 3630 solo,
2469 3578 2523 3620 et
2575 3568 2762 3622 divino
2812 3568 2952 3623 forte
3000 3584 3064 3623 ac
3127 3573 3340 3626 ardenti
3399 3574 3527 3627 tidei

1943 3659 2060 3712 zelo
2085 3659 2376 3713 dissidium
2415 3661 2602 3712 unioni
2631 3675 2967 3729 prmpouere.
3002 3660 3113 3717 an
3161 3678 3294 3717 vero
3323 3679 3387 3720 ex
3436 3667 3527 3730 iis,

1941 3765 2063 3819 qu:e
2096 3749 2336 3804 diximus
2388 3752 2454 3804 de
2490 3766 2762 3819 propenso
2828 3763 3016 3806 nostro
3050 3754 3101 3805 in
3141 3753 3362 3809 Graecos
3405 3764 3528 3809 stu-

1941 3843 2054 3903 dio,
2095 3853 2148 3896 et
2183 3845 2610 3896 adversantium
2636 3847 2687 3896 in
2720 3846 2940 3897 eosdem
2978 3846 3388 3910 malevolentia,
3425 3848 3524 3902 de-

1944 3935 2434 3987 monstratiouibus
2458 3935 2679 4002 petitis,
2710 3950 2830 3989 cum
2859 3945 3119 4004 praeterea
3166 3939 3382 3991 eosdem
3417 3942 3528 4007 pie-

1945 4028 2072 4080 tatis
2109 4029 2341 4094 propriae
2400 4027 2706 4094 proditores
2757 4041 2822 4079 ac
2873 4031 3180 4080 desertores
3231 4032 3526 4084 ostendere

1940 4119 2284 4179 debeamus,-
2331 4117 2576 4171 debitum
2629 4117 3026 4186 persnlvemus,
3089 4134 3213 4171 cum
3253 4122 3430 4175 oratio
3461 4136 3525 4176 eo

1940 4209 2238 4271 devenerit,
2272 4209 2360 4262 ubi
2402 4209 2471 4262 de
2501 4211 2757 4277 dogmate
2781 4223 2972 4275 agens,
3008 4210 3312 4264 recentium
3348 4211 3400 4262 in
3434 4225 3525 4266 re-

1942 4302 2044 4356 bus
2087 4302 2410 4372 tbeologicis
2443 4303 2958 4371 iuterpretatiouum
2995 4302 3142 4355 dicta
3172 4304 3521 4357 examinabi-

1944 4410 2087 4448 mus.
2130 4396 2198 4446 At
2224 4408 2368 4447 nunc
2401 4408 2526 4446 cum
2575 4394 2854 4461 pericopes
2886 4394 3031 4446 illius
3070 4394 3316 4463 epistola:
3371 4411 3526 4449 inen-

261 4514 380 4566 χον,
406 4497 789 4564 ἀναρτήσομεν
810 4510 826 4524 ·
855 4494 916 4545 τὸ
944 4493 1000 4546 δέ
1034 4510 1097 4559 γε
1130 4495 1327 4562 παρὸν,
1355 4497 1492 4545 ’ἐπεὶ
1551 4496 1652 4564 τῆς
1681 4498 1741 4547 ἐν
1770 4502 1832 4566 τῇ

1949 4484 2148 4540 ιίουοιη
2197 4485 2514 4547 fecerimus,
2566 4500 2731 4552 quam
2782 4486 2982 4539 mirum
3027 4486 3079 4537 in
3118 4489 3340 4539 modum
3390 4502 3523 4540 suas

259 4591 550 4666 ὁιειλῃμμέ
566 4604 622 4660 .ῃ
640 4587 894 4656 ἐπιστολῇ
915 4588 1216 4655 περικοπῆς
1232 4589 1445 4655 ἐκείνης
1465 4587 1838 4656 ἐμνήσθημεν,

263 4689 331 4754 ἣν
386 4685 614 4750 ποιήσαι
665 4683 713 4732 τ’
743 4681 805 4732 ἂν
837 4681 992 4742 ἴσως,
1016 4679 1090 4740 ὡς
1117 4681 1255 4747 πρὸς
1290 4679 1456 4732 αὑτοῦ
1503 4681 1571 4732 τά
1605 4681 1839 4749 μάλιστα

263 4777 454 4839 οὖσαν,
493 4776 523 4827 ό
559 4775 854 4842 ἀντιλέγων
899 4775 1028 4840 περὶ
1071 4773 1290 4835 πολλοῦ,
1339 4775 1429 4824 τὸν
1473 4773 1737 4844 δικαστήν
1780 4792 1838 4826 σε

266 4867 358 4920 κα)⁸
398 4867 677 4934 ἀκροατὴν
714 4864 794 4933 μὴ
845 4863 1175 4931 παροδικῶς,
1209 4864 1343 4916 ἀλλὰ
1386 4867 1477 4916 καὶ
1529 4867 1670 4918 πάνυ
1703 4867 1838 4934 πρὸς

263 4956 554 5022 ἀκρίϐειαν
591 4954 978 5017 ἐπιστατικῶς,
1012 4959 1079 5005 τὰ
1134 4956 1190 5005 ἐν
1234 4954 1312 5024 τῷ
1355 4956 1508 5023 μέρει
1539 4957 1712 5024 τούτῳ
1739 4957 1840 5025 τῆς

264 5043 559 5110 ἐπιστολῆς
595 5042 807 5094 ἐπιέναι
855 5042 1183 5110 ἀξιώσομεν.
1230 5043 1342 5095 Καὶ
1393 5045 1556 5096 ἄκουε
1609 5044 1698 5113 δή.
1751 5045 1839 5107 Ὠς

265 5135 375 5202 γὰρ
421 5133 449 5182 ὀ
505 5133 691 5201 ῥηθεὶς
747 5133 1372 5195 Κωνσταντινουπόλεως
1402 5135 1535 5197 ὅλως
1590 5134 1686 5201 τῆς
1725 5136 1839 5189 δια-

269 5228 513 5285 στάσεως
547 5225 642 5289 ὣν,
672 5227 762 5278 ἐπὶ
793 5225 1006 5286 πολλοῖς
1039 5225 1219 5287 ἄλλοις
1267 5230 1607 5295 αἰτιάμασιν,
1637 5222 1712 5281 ὦν
1749 5230 1839 5281 οὑ-

264 5315 390 5369 δένα
425 5317 582 5383 λόγον
625 5317 654 5367 ό
711 5317 1041 5386 Ἀντιοχείας
1075 5319 1331 5379 ποιεῖται,
1383 5319 1477 5371 καὶ
1511 5319 1610 5389 τὴν
1659 5323 1715 5372 ἐν
1761 5322 1839 5390 τῷ

267 5408 530 5478 Συμϐὁλῳ
557 5408 877 5476 προσθήκην
901 5408 1350 5476 ἀπηριθμήσατο,
1377 5411 1620 5480 Ἔγωγε,
1653 5416 1679 5464 ό
1719 5413 1840 5465 Ἀν-

266 5502 504 5570 τιοχείας
541 5501 732 5561 αὑταὶς
771 5515 902 5565 φησι
934 5499 1163 5564 λέξεσιν,
1198 5501 1299 5552 ἵνα
1329 5499 1444 5568 τὴν
1474 5503 1629 5569 ἐμὴν
1658 5520 1840 5570 φανε-

258 5593 436 5660 ρὼσω
458 5591 720 5660 γνώμην,
739 5594 788 5644 εί
805 5591 918 5658 τὴν
931 5592 1000 5644 ἐν
1017 5591 1094 5656 τῷ
1110 5593 1252 5660 ἁγίῳ
1271 5595 1560 5660 Συμϐόλῳ
1576 5597 1842 5670 150000;}-

268 5700 384 5744 κην
421 5681 854 5748 διωρθώσαντο,
902 5681 1086 5735 οὐδὲν
1112 5681 1189 5736 ἂν
1245 5683 1452 5750 ἕτερον
1491 5685 1840 5753 ἐπεζήτουν,

265 5775 595 5844 ἀδιάφορον
618 5773 964 5829 καταλιπὼν
983 5773 1105 5828 σὺν
1129 5773 1250 5842 τοῖς
1273 5773 1485 5844 ἀλλοις
1509 5779 1607 5831 καὶ
1627 5778 1691 5830 τὸ
1709 5777 1842 5848 περὶ

1947 4580 2107 4632 tutari
2140 4587 2320 4648 partes
2369 4578 2719 4632 adversarius
2759 4579 3076 4641 contendet,
3121 4586 3173 4631 te
3200 4580 3441 4646 judicent
3465 4588 3520 4632 et

1944 4672 2248 4723 auditorem
2315 4670 2687 4733 exorabimus,
2744 4683 2851 4722 non
2917 4669 2972 4721 in
3031 4670 3264 4722 transitu
3321 4677 3376 4722 et
3425 4683 3520 4736 per

1948 4771 2323 4825 transennam,
2387 4762 2478 4814 sed
2532 4771 2788 4813 accurato
2835 4761 3014 4813 studio
3084 4770 3253 4826 atque
3308 4770 3519 4813 attento

1944 4855 2149 4914 animo,
2204 4869 2325 4921 quae
2383 4853 2435 4905 iu
2510 4851 2614 4904 hac
2657 4852 2899 4918 epistola:
2957 4864 3110 4918 parte
3150 4850 3521 4910 cantinentur,

1943 4961 2289 5016 percurrere.
2321 4943 2386 4997 Et
2419 4945 2530 5012 jam
2564 4954 2800 4997 utentem
2863 4946 3098 5012 applica.
3139 4941 3210 4996 Ut
3254 4945 3518 5009 diximus,

1942 5038 2585 5104 Constantinopolitanus
2611 5051 2736 5089 cum
2795 5047 2939 5090 esset
2963 5037 3223 5089 divisioni
3258 5035 3520 5090 addictis-

1954 5136 2152 5194 simus,
2187 5131 2329 5183 inter
2359 5131 2495 5184 alias
2549 5130 2745 5183 multas
2800 5129 3235 5189 criminationes,
3267 5130 3332 5182 ad
3383 5144 3522 5198 quas

1944 5224 2314 5276 Antiochenus
2336 5222 2577 5273 animum
2604 5237 2715 5273 non
2740 5222 2990 5285 advertit,
3018 5229 3070 5272 et
3096 5222 3430 5274 additioitem
3462 5205 3534 5273 in,

1946 5314 2202 5384 Symbolo
2235 5312 2431 5367 iactam
2465 5323 2746 5366 enumerat
2778 5331 2789 5364 :
2816 5315 2951 5381 Ego,
2984 5315 3067 5367 bis
3109 5311 3304 5365 iisdem
3339 5313 3520 5365 verbis

1943 5409 2317 5464 Autiocbenus
2351 5408 2665 5475 respondet,
2694 5417 2750 5458 ut
2785 5422 2956 5458 meam
2993 5410 3303 5461 sententiam
3359 5421 3515 5472 expc,

1946 5513 2067 5550 nam
2095 5513 2114 5550 :
2143 5497 2188 5549 ai
2219 5497 2546 5548 additionem
2599 5496 2660 5548 in
2698 5494 2950 5565 Symboto
2979 5497 3329 5560 correxerint,
3387 5496 3524 5548 nihil

1945 5592 2088 5642 ultra
2131 5589 2193 5641 ab
2225 5591 2352 5658 ipsis
2385 5588 2727 5657 exquirerem,
2760 5591 2898 5640 inter
2945 5587 3056 5640 alia
3091 5597 3140 5640 ct
3180 5590 3519 5652 quaestionem

1947 5683 2010 5736 de
2039 5684 2241 5752 azymis
2296 5682 2452 5735 veluti
2509 5681 2804 5750 indiﬁ'erena
2856 5681 3175 5751 relinquens.
3230 5681 3293 5735 Et
3346 5697 3524 5748 aperta

1948 5779 2170 5846 ostendi,
2208 5791 2325 5830 cum
2355 5773 2423 5828 ad
2469 5771 2800 5829 Venetiarum
2839 5775 3134 5846 episcopum
3199 5776 3476 5830 scriberent
3499 5815 3515 5840 ,
