4214 6446
662 381 767 446 983

1698 393 1911 456 ΪΟΑΝ.
1951 396 2167 457 VECCI
2209 399 2319 460 CP.
2362 400 2879 464 PATRIARCHA!

3837 406 3939 476 ρει

663 499 959 565 prudentia
1001 500 1353 561 obscuretur.
1399 503 1670 574 Quoniam
1722 523 1853 564 vero
1894 508 2251 566 nihilominus

2360 532 2513 581 κειν,
2542 516 2795 588 ἐφεῦρον,
2848 519 2927 581 τίς
2963 517 3244 589 ἀναίρεσιν
3268 524 3409 591 τίχῡῖ
3466 531 3565 591 τας
3590 520 3660 573 δι’
3690 518 3825 574 Υἱοῦ
3874 521 3937 572 ὲκ

664 590 956 651 prudentes
981 605 1131 653 sunt.
1175 595 1266 651 diu
1304 612 1517 653 mecum
1560 599 1905 670 multumque
1951 617 2249 672 suspensas

662 679 837 735 habeo
888 685 1167 751 rationes,
1222 689 1494 745 undenam
1520 691 1719 747 similis
1768 697 1935 749 sortis
1998 696 2249 754 homines

661 775 794 828 moti
818 777 1138 845 perradendi
1166 780 1459 837 dictionem
1493 785 1889 851 adinvenerint,
1921 787 1987 841 ad
2017 788 2249 844 sanctis-

666 866 791 921 simi
828 878 882 923 et
907 872 1037 927 vita:
1064 872 1329 944 principis
1365 874 1604 946 Spiritus
1635 893 1699 932 ex
1735 878 1893 935 Patre
1921 896 2016 951 per
2046 878 2245 935 Filium

658 962 1008 1017 essentialem
1072 966 1450 1022 exsistentiam
1516 971 1903 1026 destruendam
1938 1011 1955 1035 ,
2011 980 2064 1027 et
2118 988 2244 1028 cum

659 1053 831 1106 multa
867 1056 1143 1111 curiosius
1174 1058 1451 1126 examino,
1489 1059 1705 1114 tandem
1752 1071 2091 1132 anteceptam
2127 1064 2245 1116 ani-

658 1159 750 1197 mo
790 1146 1103 1214 opinionem
1160 1150 1419 1206 similium
1457 1153 1829 1208 inventionum
1871 1171 2091 1209 causam
2127 1172 2247 1211 esse
2283 1168 2307 1189 ο

658 1236 917 1304 diiudico.
982 1240 1045 1296 Et
1105 1243 1384 1311 quodnam
1442 1245 1589 1299 aliud
1642 1261 1672 1300 a
1740 1256 1889 1301 recto
1944 1262 2249 1317 securoque

653 1327 864 1396 judicio
891 1347 1136 1401 unquam
1170 1337 1428 1389 aberrare
1477 1334 1642 1390 faciet
1674 1337 1942 1404 animum,
1979 1339 2069 1409 qui
2110 1340 2247 1394 alias

659 1420 957 1486 prudenter
1009 1423 1077 1479 de
1108 1426 1479 1483 incidentibus
1518 1428 1780 1498 judicium
1836 1428 1976 1483 ferre
2023 1428 2248 1498 potest?

658 1508 726 1562 Et
771 1511 937 1582 hujus
969 1516 1192 1586 signum
1223 1520 1595 1575 certissimum
1627 1531 1732 1584 est,
1759 1522 1905 1590 quod
1950 1536 2057 1576 non
2101 1522 2244 1590 apud

658 1598 1005 1683 altquoshoc
1042 1607 1230 1673 modo,
1263 1612 1407 1680 apud
1450 1611 1587 1667 alios
1612 1628 1737 1667 vero
1763 1613 1895 1676 alio,
1926 1613 1993 1668 de
2016 1613 2245 1667 dissidio

656 1692 981 1752 Latinorum
1026 1711 1189 1770 atque
1238 1701 1553 1758 Graecorum
1591 1716 1814 1774 propter
1857 1721 1944 1760 res
1980 1706 2241 1759 ecclesia-

657 1789 825 1844 sticas
853 1792 1192 1857 enuntiatur,
1228 1794 1320 1848 sed
1359 1794 1501 1865 apud
1549 1811 1740 1852 omnes
1788 1812 1896 1851 uno
1922 1812 2017 1850 ore
2047 1798 2239 1852 asserit

2356 608 2575 678 Πατρὺς
2605 608 2904 669 ούσιὼδους
2934 610 3230 681 ὑπάρξεως
3254 611 3351 666 τοῦ
3388 611 3658 679 παναγίου
3703 610 3800 663 καὶ
3833 608 3939 673 ζω-

2352 696 2585 767 αρχικοῦ
2639 684 2980 769 Πνιύματος.
3033 700 3214 755 Πολλὰ
3256 701 3314 755 δὲ
3335 701 3426 755 τὸν
3462 702 3593 772 πιρὶ
3621 700 3816 754 τούτου
3850 717 3945 753 πο-

2350 789 2761 863 λυπραγμονῶν
2822 793 3005 862 λόγον,
3056 794 3214 863 μολις
3259 796 3323 849 τὸ
3380 793 3939 866 προκατειλημμένον

2350 886 2418 956 τῇ
2472 883 2603 957 δόξῃ
2662 885 2840 939 αίτιον
2866 882 3008 939 εἶναι
3055 885 3167 941 τῶν
3216 886 3480 940 τοιούτων
3538 883 3942 955 έφσυρημάτων

2348 975 2719 1044 διαγινώσκει).
2752 978 2863 1031 Καὶ
2892 978 2947 1030 τί
2971 980 3082 1049 γὰρ
3112 978 3245 1033 ἄλλο
3273 979 3373 1049 τῆς
3400 977 3678 1047 ἀσφαλοῦς
3701 975 3938 1042 διαγνὼο

2351 1082 2491 1127 σεως
2517 1067 2911 1133 ἀποπλανήσει
2942 1068 3075 1120 ποτε
3118 1068 3319 1139 ψυχὴν,
3364 1068 3607 1131 συνετῶς
3633 1065 3939 1135 διακρίνειν

2347 1154 2417 1208 τὰ
2441 1154 2905 1226 παρεμπίπτοντα
2920 1157 3229 1228 δυναμένην
3259 1174 3274 1222 ;
3310 1159 3420 1211 Καὶ
3443 1157 3640 1211 τούτου
3673 1156 3942 1225 ἐχέγγυον

2349 1246 2587 1314 ἀσφαλὲς
2608 1246 2719 1317 ἔχω
2746 1248 2807 1299 τὸ
2826 1247 2903 1318 μὴ
2921 1248 3074 1318 παρὰ
3106 1249 3206 1320 μὲν
3228 1251 3342 1312 τοῖς
3362 1248 3529 1312 οὕτω,
3563 1248 3717 1317 παρά
3735 1246 3794 1300 δὲ
3824 1249 3942 1308 τοῖς

2346 1340 2492 1393 οὕτω
2513 1341 2613 1411 τὴν
2654 1341 2749 1393 ἐπὶ
2797 1344 2909 1404 τοῖς
2937 1340 3418 1411 ἐκκλησιαστικαῖς
3455 1338 3765 1408 λογίζεσθαι
3788 1337 3949 1403 Γραι-

2346 1432 2461 1484 κῶν
2500 1432 2595 1483 καὶ
2634 1429 2881 1483 Λατίνων
2924 1431 3231 1491 διάστασιν,
3266 1431 3417 1501 παρά
3452 1430 3509 1484 δὲ
3542 1431 3708 1483 πᾶσιν
3738 1427 3933 1490 ἁπλῶς

2349 1522 2464 1574 ῖσον
2495 1520 2808 1588 λογίζεσθαι
2848 1520 2948 1589 τῆς
2986 1521 3276 1586 εὐσεϐείας
3330 1523 3608 1583 ἐκπεσεῖν,
3638 1523 3735 1575 καὶ
3776 1520 3946 1574 Λατί-

2347 1631 2471 1677 νους
2495 1616 2669 1667 εἰπεῖν
2689 1613 2958 1667 εὐσεϐεῖν.
2984 1614 3255 1667 Τοσοῦτον
3282 1616 3393 1684 γὰρ
3424 1615 3483 1667 τὺ
3510 1614 3607 1667 τοῦ
3643 1614 3949 1685 σχίσματος

2347 1708 2561 1776 χρόνιον
2582 1706 2680 1775 τὴν
2698 1706 2894 1771 ἄλογον
2916 1707 3120 1775 ταύτην
3146 1705 3485 1775 ἐπεκράτυνε
3504 1707 3681 1771 δόξαν,
3701 1704 3776 1768 ῶς
3794 1722 3949 1767 τινας

2348 1799 2480 1867 περὶ
2537 1797 3337 1867 συνελεύσεωςῆδιαστάσεως
3388 1796 3558 1867 ἄλλης
3615 1795 3948 1865 ἡστινοσοῦν

656 1892 767 1945 tur,
805 1881 997 1937 eadem
1055 1884 1108 1938 in
1150 1884 1305 1941 lance
1343 1902 1486 1953 esse,
1518 1903 1546 1940 a
1605 1888 1804 1956 pietate
1832 1887 2161 1950 abscedere,
2192 1897 2249 1943 et

2359 1888 2642 1951 διαθέσεως
2672 1887 2928 1941 Λατίνων
2975 1889 3070 1940 καὶ
3112 1888 3366 1957 Γραικῶν
3397 1891 3574 1941 είπεῖν
3628 1885 3945 1958 βούλεσθαι,

658 1971 888 2027 Latinos
942 1975 1197 2044 pietatem
1267 1979 1449 2032 colere
1500 1995 1835 2035 asseverare.
1890 1981 2244 2036 Intervallum

659 2066 933 2136 siquidem
987 2069 1304 2125 schismatis
1340 2072 1475 2125 adeo
1511 2072 1731 2143 longum
1784 2088 2043 2129 vesanam
2102 2076 2246 2132 hanc

657 2159 971 2226 opinionem
1049 2163 1450 2228 corroboravit,
1491 2174 1550 2217 ut
1620 2165 1844 2234 quidam
1898 2182 2023 2222 cum
2079 2168 2147 2221 de
2178 2180 2481 2235 congressu
2520 2172 2687 2233 atque
2738 2164 2995 2229 dissidio,

2354 1983 2448 2033 καὶ
2478 1982 2659 2047 λέγειν
2680 1980 2756 2043 ὠς
2780 1978 3107 2050 Χριστιανός
3138 1996 3225 2043 τις
3274 1980 3371 2032 καὶ
3393 1980 3625 2040 Λατῖνος
3656 1978 3860 2039 οὕτως.
3911 1975 3946 2044 ἤ

2355 2073 2475 2127 τόδε
2531 2074 2566 2143 ἢ
2609 2072 2733 2126 τόδε
2772 2072 2913 2142 πρὸς
2938 2071 3210 2142 ἀλλήλους
3266 2067 3446 2137 εἷπον,
3491 2068 3947 2141 ἧδιεπράξαντο.

3073 2164 3160 2219 vel
3210 2163 3397 2234 aliqua
3464 2165 3571 2219 alia
3616 2162 3851 2225 actione,
3890 2159 3946 2211 iu

644 2252 858 2319 quibus
894 2255 1125 2313 Latinus
1156 2268 1207 2311 et
1254 2258 1483 2313 Graecus
1556 2261 1913 2327 conveniunt,
1966 2278 2273 2319 sermonem
2318 2263 2538 2326 habent,
2596 2262 2679 2317 sic
2733 2261 3134 2330 pronuntient,
3194 2259 3548 2316 Christianus
3617 2258 3843 2328 quidam
3878 2265 3937 2312 et

659 2343 889 2403 Latinus
921 2350 1063 2403 hunc
1098 2349 1185 2404 vel
1242 2349 1295 2403 in
1335 2351 1483 2405 hunc
1533 2352 1753 2407 modum
1779 2392 1794 2417 ,
1856 2354 1958 2409 hoc
1993 2356 2075 2408 vel
2108 2356 2237 2410 illud
2281 2357 2425 2411 inter
2481 2372 2542 2412 se
2577 2356 2832 2412 collocuti
2866 2365 2996 2410 sunt
3023 2364 3122 2409 aut
3162 2365 3515 2424 peregerunt.

730 2443 821 2497 10.
851 2442 1081 2509 Quando
1112 2444 1277 2514 igitur
1315 2461 1509 2503 omnes
1559 2449 1733 2502 nostri
1778 2451 1962 2504 animo
1996 2452 2068 2504 ita
2104 2466 2244 2519 prae-

659 2537 911 2603 occupati
942 2548 1094 2603 sunt,
1126 2545 1186 2591 ut
1235 2538 1302 2593 ad
1336 2538 1700 2594 diﬂ'erentiam
1729 2541 2033 2597 Christiani
2065 2541 2243 2596 Latini

664 2644 861 2683 nomen
916 2640 1109 2685 contra
1154 2640 1457 2701 opponant,
1488 2632 1619 2701 quid
1664 2633 1735 2686 ibi
1762 2648 1988 2703 prorsus
2029 2636 2249 2703 excogi-

662 2722 768 2774 tari
822 2723 1025 2791 poterit
1050 2723 1185 2778 satis
1208 2723 1273 2777 ad
1311 2735 1574 2792 utrasque
1604 2732 1789 2793 partes
1824 2726 2249 2781 conciliandas?

660 2815 803 2883 Quid
834 2831 966 2868 vero
990 2815 1105 2869 haec
1138 2814 1362 2884 profero
1388 2816 1455 2869 de
1489 2816 1577 2879 iis,
1606 2819 1700 2885 qni
1728 2816 1923 2871 similia
1959 2826 2012 2870 et
2041 2819 2243 2880 dicere,

661 2918 717 2960 et
749 2908 1030 2977 inquirere
1084 2908 1195 2973 apti
1253 2915 1403 2971 sunt,
1442 2907 1532 2960 ubi
1580 2917 1634 2961 et
1687 2908 1943 2963 mulieres
1986 2917 2041 2962 et
2090 2910 2247 2977 pueri

665 3002 847 3053 adhuc
884 3000 936 3052 in
977 3000 1247 3070 gyna‘ceis
1299 2999 1679 3064 immorantes,
1726 3010 1780 3055 et
1814 3002 1941 3060 viri.
1974 3001 2066 3069 qui
2105 3000 2248 3054 nihil

665 3102 861 3161 μετίοιεν
884 3090 1232 3160 agriculturae
1264 3099 1319 3145 et
1347 3090 1471 3144 vilis
1530 3090 1767 3160 alicujus
1800 3090 2017 3144 artiﬁcii
2062 3091 2245 3146 scien-

2431 2458 2463 2504 ι’
2512 2452 2691 2508 Ὅπου
2717 2450 2850 2517 γοῦν
2882 2450 2942 2513 ἐς
2972 2448 3231 2503 τοσοῦτον
3258 2449 3479 2511 πάντως
3515 2449 3624 2501 τῶν
3657 2447 3951 2520 ἡμετέρων

2356 2546 2914 2616 προκατελήφθησαν,
2957 2544 3037 2607 ῶς
3062 2546 3143 2607 είς
3170 2542 3465 2612 διαστολὴν
3497 2542 3833 2611 Χριστιανοῦ
3881 2542 3949 2595 τὸ

2356 2637 2450 2689 τοῦ
2512 2637 2747 2691 Λατίνου
2805 2636 3127 2702 λογίζεσθαι
3184 2633 3385 2704 ὄνομα,
3426 2632 3480 2685 τί
3531 2632 3598 2685 ἂν
3648 2632 3786 2693 ὅλως
3826 2633 3947 2685 ἐκεῖ

2354 2730 2633 2797 λογισθείη
2670 2728 2809 2799 πρὸς
2833 2726 3184 2797 καταλλαγὴν
3218 2728 3326 2779 τῶν
3375 2724 3705 2796 ἀμφοτέρων
3762 2725 3950 2795 μερῶν

2356 2820 2581 2883 ίκανόνς
2613 2820 2724 2872 Καὶ
2756 2819 2810 2870 τί
2838 2818 2986 2889 λέγω
3026 2816 3159 2888 περὶ
3202 2816 3429 2870 τοιαῦτα
3483 2817 3663 2885 λέγειν
3690 2818 3785 2868 καὶ
3848 2816 3955 2879 ζη-

2356 2913 2472 2962 τεῖν
2516 2909 2710 2974 ἀξίων,
2733 2910 2870 2962 ὅπου
2895 2909 2992 2962 καὶ
3020 2910 3282 2977 γυναῖκες
3316 2908 3410 2959 καὶ
3456 2908 3670 2970 παῖδες,
3703 2906 3786 2959 ἔτι
3814 2908 3953 2974 περὶ

2356 3006 2457 3072 τὴν
2482 3003 2874 3071 γυναικωνῖτιν
2900 3000 3397 3071 ἀναστρεφόμενοι,
3429 3001 3525 3078 καὶ
3588 2999 3783 3068 ἄνδρες
3834 3000 3953 3050 τῶν

2356 3096 2495 3158 ὅλως
2535 3095 2691 3148 οὐδὲν
2725 3095 3037 3164 γεωργικοῦ
3069 3094 3286 3165 ἣᾶλλου
3314 3093 3461 3156 τινὸς
3503 3094 3780 3164 βαναύσου
3832 3091 3951 3161 βίον

667 3186 739 3237 tia
775 3184 998 3252 pollent,
1051 3183 1106 3237 in
1144 3183 1385 3236 maximo
1426 3183 1634 3237 scelere
1670 3192 1901 3252 ponunt,
1946 3191 2001 3238 et
2032 3184 2097 3236 de
2131 3183 2240 3237 cri-

2359 3187 2515 3240 πλέον
2546 3187 2771 3241 είδότων
2833 3186 3079 3255 μεγάλου
3116 3186 3466 3257 ἐγκλήματος
3521 3186 3793 3255 κρίνουσι,
3819 3182 3951 3245 τοὺς

666 3277 815 3329 mine
862 3290 958 3329 cos
1020 3284 1309 3337 accusant,
1359 3274 1451 3343 qni
1485 3274 1570 3327 vel
1626 3274 1839 3328 hiscere
1899 3273 2121 3335 audent.
2181 3271 2249 3327 ad

666 3368 1095 3423 ecclesiasticam
1126 3381 1314 3437 pacem
1352 3365 1830 3435 comprobandum
1856 3366 1879 3419 ?
1910 3364 2067 3431 Quod
2097 3364 2246 3419 enim

670 3462 811 3515 inter
848 3469 1070 3513 sanctos
1118 3460 1171 3513 in
1210 3457 1537 3523 theolOgicis
1560 3457 1989 3512 scientissimum
2049 3456 2250 3523 reperi,

669 3552 996 3624 Gregorium
1027 3590 1042 3617 ,
1098 3551 1347 3618 inquam,
1400 3548 1706 3620 Nyssenum
1740 3589 1756 3613 ,
1818 3550 1886 3604 de
1928 3549 2247 3604 exsistentia

671 3646 792 3701 Fdii
824 3646 941 3711 Dei,
984 3660 1105 3713 quae
1132 3658 1194 3697 ea
1229 3652 1387 3697 actate
1421 3644 1475 3697 in
1513 3644 1889 3699 controversia
1918 3653 2034 3697 erat
2065 3643 2255 3697 dicen-

673 3750 778 3791 tem
815 3754 827 3787 :
869 3737 1011 3789 Abiit
1061 3738 1324 3805 quispiam
1358 3738 1411 3787 in
1448 3734 1736 3802 balineum,
1769 3752 1873 3789 non
1902 3735 2164 3804 quomodo
2189 3750 2253 3787 ea;

674 3829 879 3881 balineo
914 3828 1168 3881 Dominus
1210 3843 1339 3880 suus
1374 3827 1656 3879 utilitatem
1697 3828 1898 3895 capiat,
1952 3829 2149 3881 discere
2174 3829 2256 3879 in-

670 3922 857 3991 quirit,
908 3921 996 3974 sed
1032 3938 1099 3973 an
1131 3937 1195 3974 ea:
1227 3922 1313 3983 iis,
1363 3935 1481 3989 qua
1513 3936 1615 3972 non
1656 3931 1798 3984 sunt,
1834 3936 1901 3974 an
1939 3937 2061 3975 vero
2093 3922 2255 3976 exiis

673 4034 790 4084 qua:
824 4025 968 4081 sunt,
999 4013 1178 4069 Filius
1210 4015 1299 4077 sit,
1333 4015 1646 4081 interrogat.
1684 4013 1828 4067 Abiit
1871 4015 2012 4069 alius
2040 4016 2095 4068 in
2138 4033 2257 4069 nta-

677 4108 892 4171 cellum,
940 4116 989 4160 et
1045 4125 1146 4159 non
1200 4116 1461 4177 quantum
1515 4105 1582 4159 sit
1640 4105 1788 4158 illius
1823 4108 2076 4173 pretium,
2114 4108 2255 4177 quod

675 4204 856 4255 canale
902 4203 1235 4270 proponitur,
1282 4202 1523 4268 indagat,
1573 4199 1664 4252 sed
1702 4201 2041 4268 qurestionent
2087 4201 2149 4253 de
2191 4202 2256 4253 iis

675 4310 793 4363 qua:
820 4303 962 4358 sunt,
993 4304 1039 4346 et
1073 4292 1137 4344 de
1168 4291 1233 4343 iis
1262 4305 1377 4357 qui:
1409 4306 1511 4341 non
1543 4299 1662 4343 sunt
1691 4305 1805 4341 cum
1836 4290 1921 4349 iis,
1954 4290 2043 4355 qui
2074 4289 2145 4340 ibi
2182 4304 2259 4340 re-

676 4388 972 4453 periuntur,
1012 4393 1223 4445 movet;
1260 4382 1365 4435 hoc
1413 4381 1576 4435 etiam
1632 4398 1777 4435 nunc
1824 4382 1876 4433 in
1910 4379 2167 4432 omnibus
2207 4386 2261 4432 et

679 4491 775 4544 per
804 4475 983 4527 omnia
1025 4472 1133 4525 ivre
1169 4472 1353 4541 peragi
1387 4472 1687 4540 comperio,
1722 4479 1772 4524 et
1811 4471 1963 4539 pueri
2017 4470 2070 4521 in
2116 4469 2257 4523 ludis

2359 3280 2555 3351 μικρὸν
2609 3278 2744 3347 γοῦν
2790 3295 2846 3331 τι
2916 3278 3238 3349 τολμῶντας
3290 3278 3601 3348 ύπογρύξαι
3664 3278 3806 3349 πρὸς
3850 3275 3951 3345 τὴν

2351 3370 2453 3439 τῆς
2517 3371 2989 3441 ίκκλησιαστικῆς
3045 3372 3294 3441 είρήνηςξ
3346 3370 3699 3433 συναίνεσινς
3755 3369 3945 3434 Ὅπερ

2356 3464 2467 3533 γὰρ
2513 3464 2606 3515 τὸν
2650 3464 2710 3515 ἐν
2745 3461 2927 3529 ἁγίοις
2954 3460 3421 3529 θεολογικώτατον
3461 3453 3645 3530 εὗρον,
3673 3458 3765 3512 τὸν
3794 3459 3953 3512 Νυσ-

2359 3568 2457 3620 σης
2508 3551 2655 3620 λέγω
2685 3552 3014 3622 Γρηγὸριον,
3048 3553 3180 3621 περὶ
3203 3551 3303 3619 τῆς
3355 3549 3491 3603 κατ’
3534 3553 3711 3602 ἐκεῖνο
3748 3549 3951 3616 καιροῦ

2356 3644 2822 3711 λογοποιούμενον
2850 3643 3142 3712 ὑπάρξεως
3203 3642 3301 3695 τοῦ
3353 3640 3485 3694 Υίού
3539 3640 3635 3693 τοῦ
3677 3640 3817 3693 Θεοῦ
3866 3639 3956 3692 λέ-

2356 3754 2523 3806 γοντα
2540 3754 2557 3768 ·
2591 3730 2749 3799 οὗτος
2775 3738 2906 3807 γὰρ,
2922 3736 3188 3803 ’Δπῆλθέ
3206 3753 3295 3800 τις
3319 3736 3387 3800 ἐς
3398 3734 3760 3799 βαλανεῖον,
3780 3748 3861 3801 φη
3872 3732 3948 3791 τι,

2358 3830 2459 3883 καὶ
2507 3832 2622 3898 οὐχ
2646 3830 2811 3895 ὅπως
2838 3828 2963 3892 ἔξει
2999 3829 3325 3896 θεραπείαν
3348 3830 3380 3881 d
3406 3828 3627 3894 Κύριος
3656 3824 3851 3878 αὐτοῦ
3876 3824 3949 3877 ἐκ

2358 3922 2467 3977 τοῦ
2508 3922 2823 3986 βαλανέως
2855 3920 3073 3990 μαθεῖν
3118 3919 3377 3982 ἀπαιτεῖ,
3423 3920 3561 3973 ἀλλ’
3585 3919 3733 3981 είέξ
3757 3918 3956 3971 ὄντων

2358 4014 2400 4083 ἦ
2420 4014 2489 4079 ἐξ
2512 4016 2626 4068 οὐκ
2654 4014 2847 4067 ὄντων
2873 4017 2904 4066 d
2932 4016 3086 4078 Υἱος,
3111 4012 3317 4082 ἐρωτᾷ.
3348 4012 3453 4065 Καὶ
3491 4011 3732 4077 ἀπῆλθέ
3772 4027 3864 4075 τις
3886 4010 3957 4075 ἐς

2360 4107 2480 4175 τὴν
2488 4105 2834 4175 μακέλλην,
2861 4105 2959 4157 καὶ
2984 4104 3120 4171 οὐχί
3141 4104 3342 4157 πόσον
3367 4101 3599 4170 τιμᾶται
3630 4118 3705 4154 το
3724 4101 3818 4154 ἐπ’
3840 4104 3950 4154 αὐ-

2361 4199 2473 4266 τῆς
2502 4198 2935 4266 προτιθέμενον
2950 4196 3149 4260 ὤνιον,
3169 4194 3560 4263 λογοπραγεῖ,
3579 4195 3742 4248 ἀλλὰ
3773 4195 3839 4247 τὸ
3879 4194 3956 4258 ἐξ

2362 4289 2557 4342 ὄντων
2574 4288 2670 4341 καὶ
2686 4287 2757 4350 ἐξ
2785 4288 2898 4341 οὐκ
2919 4284 3112 4338 ὄντων
3136 4289 3224 4350 εις
3240 4284 3495 4351 ζήτησιν
3506 4284 3659 4351 μετὰ
3686 4282 3804 4336 τῶν
3825 4284 3961 4336 ἐκεῖ

2361 4377 2815 4449 εὑρισκομένων
2842 4377 3182 4444 προτίθεται
3208 4393 3221 4406 ·
3256 4375 3417 4428 τοῦτο
3444 4377 3539 4427 καὶ
3575 4374 3668 4426 νῦν
3714 4378 3772 4426 ἐν
3809 4377 3952 4427 πᾶσι

2364 4473 2459 4524 καὶ
2496 4471 2584 4524 διὰ
2616 4472 2841 4524 πάντων
2871 4469 3063 4538 σχεδὸν
3087 4467 3332 4537 εὑρίσκω
3354 4469 3661 4534 γινόμενον,
3692 4465 3788 4517 καὶ
3820 4468 3954 4517 παῖ-

679 4565 988 4628 litterariis,
1024 4573 1076 4617 et
1115 4563 1371 4616 mulieres
1412 4564 1464 4616 in
1502 4580 1601 4617 con
1645 4563 1843 4615 ictibus
1875 4561 2017 4614 inter
2058 4576 2118 4615 se
2151 4559 2251 4614 fusi

2361 4565 2451 4627 δες
2494 4565 2595 4627 μὲν
2627 4563 2683 4625 ἐς
2709 4561 3082 4617 διδασκαλεῖα,
3118 4560 3377 4626 γυναῖκες
3404 4556 3463 4608 δὲ
3499 4558 3557 4606 ἐν
3594 4550 3680 4616 αἷς
3726 4552 3952 4606 ποιοῦν-

684 4659 899 4725 colique
962 4656 1156 4725 gratia,
1214 4670 1427 4708 necnon
1481 4654 1737 4722 agricolae
1786 4653 2081 4719 caaterique
2140 4651 2258 4714 alii,

683 4752 885 4805 vilibus
913 4749 1161 4804 aztilic'tis
1198 4749 1263 4801 ad
1290 4749 1423 4811 licti,
1456 4763 1625 4800 unum
1681 4747 1844 4815 idque
1886 4746 2039 4813 prius
2073 4756 2127 4799 et
2162 4760 2263 4814 po-

686 4845 794 4895 tins
847 4842 1071 4904 habent,
1123 4840 1432 4907 diiudicare.
1476 4848 1530 4892 et
1587 4838 1865 4907 inquirere
1910 4839 1977 4890 de
2032 4839 2120 4899 iis,
2169 4838 2263 4906 qui

686 4934 947 5002 Spiritum
1002 4947 1065 4984 ex
1126 4930 1263 4984 Filio
1318 4930 1629 4984 adstruunt.
1680 4929 1893 4994 Quibus
1952 4932 2133 4997 itaque
2183 4937 2263 4992 ttt,

685 5041 848 5095 quem
881 5024 1054 5077 oratio
1082 5020 1324 5091 judicem
1372 5022 1608 5092 appellat
1662 5031 1718 5074 et
1766 5022 2127 5089 cognitorem,
2162 5032 2265 5072 nos

690 5120 977 5184 subiacere
1030 5115 1294 5184 opinaris,
1360 5115 1451 5182 qui
1510 5129 1541 5165 α
1586 5113 1909 5167 mulieribus
1961 5120 2015 5166 et
2059 5110 2265 5179 pueris.

690 5211 909 5278 alioque
942 5209 1203 5261 similium
1244 5206 1672 5259 homuncionum
1706 5219 1903 5273 genere
1945 5204 1999 5255 in
2034 5216 2265 5255 examen

692 5318 975 5362 vocantur,
1004 5300 1147 5369 quod
1180 5300 1437 5353 Romamn
1464 5306 1708 5350 nostram
1745 5294 2046 5350 Ecclesiam
2085 5294 2270 5348 conci-

693 5393 827 5446 liare
881 5407 1170 5453 conamur,
1203 5400 1255 5443 et
1285 5391 1353 5443 ab
1399 5403 1487 5449 eo.
1519 5389 1665 5458 quod
1716 5402 1812 5457 par
1848 5395 1954 5449 est,
1986 5400 2053 5439 ne
2098 5383 2268 5437 hilum

694 5486 916 5555 nuitlt-m
951 5485 1212 5538 decedere
1245 5491 1524 5550 putamus,
1579 5481 1704 5534 licet
1748 5479 1823 5533 illi
1853 5479 2058 5542 dicant,
2094 5475 2269 5545 Spiri-

694 5590 809 5632 tum
854 5594 916 5630 cx
946 5576 1105 5629 Patre
1158 5586 1211 5628 ct
1242 5574 1379 5629 Filio
1422 5576 1737 5643 procedere,
1771 5571 1944 5625 nostri
1979 5584 2131 5631 vero,
2178 5569 2268 5637 qni

696 5686 790 5724 res
824 5669 1157 5737 tlitoltigicas
1200 5674 1575 5720 tractaverunt
1628 5664 1800 5719 sancti
1834 5664 2041 5727 Patres,
2074 5679 2138 5715 cx
2172 5662 2271 5715 Pa-

695 5770 778 5816 tre
822 5770 875 5815 et
923 5760 1063 5815 Filio
1110 5776 1233 5813 eum
1284 5774 1585 5831 emergere,
1639 5766 1898 5827 prarterea
1948 5756 2149 5810 edundi
2218 5765 2270 5808 et

696 5852 934 5917 exsilire,
966 5852 1245 5907 nonnullis
1275 5852 1436 5907 etiam
1471 5853 1524 5905 in
1552 5850 1710 5917 locis,
1746 5848 2066 5904 naturaliter
2101 5858 2154 5901 ct
2183 5864 2270 5903 cs-

2366 4674 2453 4709 ται
2482 4656 2880 4723 συνδιαγίυγαῖς
2910 4652 3028 4720 μετ’
3057 4650 3303 4719 ἀλλήλων
3328 4648 3608 4716 ἠλακάτης
3661 4648 3825 4699 ἕνεκα.
3855 4649 3953 4698 καὶ

2366 4748 2662 4813 ἀτράκτου,
2696 4745 2853 4797 ἔτιδὲ
2886 4743 3127 4811 γεωργοὶ
3148 4744 3242 4794 καὶ
3291 4742 3421 4794 ἄλλο
3449 4742 3556 4791 πᾶν
3586 4739 3769 4791 ὁτιοῦν
3811 4756 3953 4807 μετ-

2368 4840 2541 4899 ιόντες
2605 4836 2871 4905 βάναυσον
2917 4833 3279 4902 ἐπιτήδευμα,
3314 4830 3369 4882 ἓν
3408 4824 3556 4884 οὗτοι
3592 4831 3791 4888 πάντες
3840 4829 3956 4881 τῶν

2374 4929 2516 4999 μετὰ
2549 4930 2737 4996 χεῖρας
2762 4925 3004 4977 τίθενται
3037 4922 3497 4993 προύργιαίτερον
3523 4921 3584 4972 τὸ
3634 4921 3958 4988 ἀνακρίνειν

2370 5021 2463 5073 καὶ
2493 5018 2978 5087 πολυπραγμονεῖν
3003 5016 3131 5084 περὶ
3153 5015 3260 5065 τῶν
3281 5012 3460 5092 ὲκῆτοῦ
3486 5011 3614 5064 Υἱοῦ
3635 5013 3694 5063 τ)
3724 5012 3953 5080 Πνεῦμα

2373 5107 2513 5164 εἶναι
2549 5110 2841 5174 λεγόντων.
2871 5106 2936 5159 Τί
2969 5105 3062 5158 οὖν
3097 5106 3183 5169 σὺ,
3224 5106 3283 5157 ὃν
3334 5105 3363 5157 ὀ
3394 5102 3587 5171 παρὼν
3621 5103 3752 5171 ἐμὸς
3795 5102 3959 5168 λόγος

2374 5208 2453 5267 εἰς
2489 5202 2750 5270 δικαστὴν
2781 5199 3166 5270 προκαλεῖται,
3197 5199 3291 5250 καὶ
3314 5194 3686 5263 διαγνώμονα,
3718 5195 3959 5263 πάσχειν

2376 5298 2523 5367 ἡμᾶς
2551 5296 2677 5360 οἴει,
2726 5294 2833 5346 ὑπὸ
2862 5292 3162 5361 γυναικῶν,
3191 5291 3287 5343 καὶ
3337 5290 3566 5348 παίδων,
3625 5287 3724 5339 καὶ
3782 5288 3962 5341 ἄλλων

2375 5389 2639 5442 τοιούτων
2688 5385 3157 5453 ἀνακρινομένους
3232 5379 3659 5450 ἀνθρωπαρίων,
3732 5379 3819 5447 ἐφ’
3876 5375 3965 5437 οἷς

2377 5480 2539 5549 ἡμεῖς
2579 5479 2645 5547 τῇ
2685 5476 2973 5543 Ῥωμαῖκῇ
3006 5474 3104 5539 τὴν
3130 5471 3254 5523 καθ’
3284 5472 3433 5540 ἡμᾶς
3474 5469 3805 5536 Ἐκκλησίαν
3828 5468 3959 5520 ὑπε-

2378 5569 2642 5639 τιθέμεθα
2681 5566 3030 5626 σπένδεσθαι,
3066 5565 3160 5616 καὶ
3188 5564 3281 5615 τοῦ
3312 5563 3522 5625 εἰκότος
3549 5563 3717 5631 μηδὲν
3747 5562 3959 5613 οἴεσθαι

2374 5660 2797 5732 διαμαρτάνειν,
2836 5657 2925 5710 διὰ
2955 5656 3197 5717 ἐκείνους
3230 5654 3329 5723 μὲν
3369 5654 3575 5719 λέγειν,
3616 5652 3677 5705 τὸ
3728 5650 3957 5720 Πνεῦμα

2378 5759 2444 5808 ἐκ
2480 5752 2695 5822 [ἰατρὸς
2756 5750 2850 5802 καὶ
2900 5747 3033 5800 Υἱοῦ
3070 5743 3495 5816 ἐκπορεύεσθαι,
3555 5746 3684 5804 τοὺς
3718 5743 3777 5795 δὲ
3826 5743 3959 5810 παρ’

2379 5846 2512 5914 ἡμῖν
2564 5841 2918 5908 θεολογικοὺς
2968 5837 3177 5899 πάντας
3229 5834 3420 5902 ἁγίους
3479 5836 3543 5887 ἐκ
3604 5833 3818 5903 Harpe;
3864 5838 3957 5886 καὶ
