4214 6446
252 403 361 466 985

1289 399 1384 461 DE
1426 400 1931 462 DEPOSITIONE
1973 404 2120 466 SUA
2156 405 2381 468 ORAT.
2425 406 2508 469 II.

3403 410 3511 477 θοις

256 518 393 570 Υἱοὺ
426 517 674 583 προϊέναι
706 516 862 581 αὐτὸ,
890 514 971 568 ἔτι
1021 516 1076 570 δὲ
1120 518 1466 587 προχεῖσθαι.
1498 518 1593 569 καὶ
1649 518 1832 587 πηγά-

1947 521 2256 587 ιεηιίειίιετ,
2286 538 2351 577 ex
2392 523 2559 578 Patre
2580 530 2631 577 et
2664 521 2844 577 Filio?
2871 519 3157 577 Undenam
3206 521 3341 575 mihi
3392 537 3506 594 ser-

255 608 394 671 ζειν,
433 608 547 661 ἔστι
580 607 638 661 δὲ
656 602 718 661 οὗ
745 608 1014 675 φυσικῶς,
1037 609 1133 662 καὶ
1168 609 1445 672 οὑσιωδῶς
1478 609 1748 678 ὑπάρχειν
1767 608 1831 661 ἐκ

1934 628 2156 667 menum
2210 629 2357 667 ven-.2
2402 615 2739 688 aperientur,
2783 624 2844 668 ut
2881 613 3133 676 dicteria,
3180 629 3300 682 qua:
3328 613 3380 667 in
3420 630 3505 667 me

257 699 475 770 Πατρὸς
503 700 596 752 καὶ
618 700 778 765 Tim};
816 699 985 752 Πόοεν
1016 718 1106 770 μοι
1135 700 1310 768 λόγων
1330 700 1832 767 ἁναστομωθὴσον-

1947 706 2097 759 simili
2149 705 2312 760 modo
2345 706 2649 775 iaciuntur,
2698 720 2923 760 narrare
2971 705 3219 774 queam?
3276 715 3333 759 ut
3383 721 3507 759 cum

253 808 343 843 ut
372 790 591 857 φλέϐες.
627 792 702 850 ὡς
744 791 809 843 ἂν
838 792 1040 854 ἱκανῶς
1071 792 1138 844 τὰ
1178 791 1611 863 τοιουτοτρόπως
1646 805 1829 859 προσ·

1935 795 2135 851 Davide
2166 797 2415 863 eloquar,
2452 798 2556 864 Qui
2605 798 2852 851 sedebant
2892 799 2945 850 in
2979 799 3147 864 portis
3195 807 3381 850 contra
3427 813 3510 852 me

251 882 560 953 τριδόμενά
620 898 714 949 μοι
760 882 1076 952 σκώμματα
1109 884 1502 954 διηγήσωμαι;
1533 882 1689 937 Κατὰ
1719 885 1831 953 γὰρ

1947 885 2255 953 iarriebant,
2288 897 2337 940 et
2369 887 2424 938 in
2452 902 2530 939 me
2564 887 2820 939 canebant
2851 883 3081 939 bibentes
3113 885 3289 937 vinum
3314 884 3330 915 ¹
3357 901 3372 947 ;
3406 884 3506 937 sed

253 974 350 1026 τὸν
374 972 544 1026 Δαυῒδ
572 975 768 1038 εἰπεῖν,
827 978 893 1028 Ot
940 975 1271 1044 καθήμενοι
1318 976 1389 1028 ἐν
1434 977 1657 1045 πύλαις
1704 981 1834 1033 κατ’

251 1064 402 1132 ἐμοῦ
445 1065 857 1135 ἠδολέσχουν,
915 1067 1011 1120 καὶ
1051 1068 1136 1133 εις
1184 1067 1288 1140 ἐμὲ
1317 1068 1598 1135 ἔψαλλον
1648 1073 1702 1123 ct
1735 1071 1833 1123 πί-

251 1175 469 1224 νοντες
507 1153 677 1211 οἶνον
703 1175 717 1189 ·
751 1159 865 1210 ἀλλ’
908 1160 1069 1229 ἡμεῖς
1134 1160 1233 1229 μὲν
1261 1160 1397 1212 Θεοῦ
1440 1162 1830 1232 συναιρομένου

1934 991 2035 1029 nos
2068 976 2367 1031 auxiliante
2413 976 2644 1030 Domino
2688 980 2872 1031 omnia
2911 975 3285 1035 toleras-imus.
3337 991 3515 1044 popv-

1936 1068 2114 1122 Iorum
2153 1069 2360 1122 rabiem
2393 1069 2780 1128 sustinuimus.
2815 1068 3163 1122 saecularium
3198 1069 3511 1137 principum

1933 1161 2231 1214 iracundize
2270 1164 2542 1230 negotium
2588 1177 2653 1217 ac
2693 1163 2933 1216 studium
2987 1161 3116 1217 facti
3158 1176 3374 1225 sumus,
3424 1161 3509 1214 iu-

249 1252 569 1319 ὴνέγκαμεν
599 1251 793 1314 ταῦτα,
822 1250 1023 1320 μανίαν
1042 1251 1233 1321 δήμων
1265 1253 1605 1321 ὑπέστημεν,
1646 1253 1824 1322 θυμοῦ

1959 1254 2067 1309 usti
2097 1253 2297 1310 decreti
2330 1255 2542 1326 pondus
2571 1253 2935 1326 portavimus.

252 1340 847 1411 κοσμικῶν”ἀρχόντων
888 1342 1050 1409 ἔργον
1080 1342 1409 1412 γεγόναμεν,
1447 1342 1615 1412 βάρος
1641 1344 1834 1399 ἀδίκου

251 1432 588 1498 ἀποφάσεως
617 1433 1024 1503 ὲόαστάσαμεν.

324 1522 417 1576 ια’.
457 1525 529 1575 Σὺ
568 1525 613 1575 δ’
647 1527 740 1577 ἐπὶ
773 1525 895 1594 Θεῴ
931 1526 1032 1595 τῆς
1063 1525 1323 1595 ἀληθεῖας
1360 1527 1541 1597 ἑφόρῳ
1570 1529 1662 1582 καὶ
1689 1529 1833 1599 μάρ-

253 1627 380 1682 τυρι
407 1613 637 1668 δίκασον
668 1617 955 1687 ἀρρεπῶς,
982 1618 1030 1669 εί
1063 1616 1245 1671 δίκαια
1277 1618 1476 1683 ταῦτα,
1509 1620 1557 1671 εί
1588 1619 1830 1688 ἀληθῶς,

254 1707 349 1757 καὶ
379 1705 456 1768 ὡς
485 1706 615 1771 ἔδει,
675 1707 1049 1778 πεπόνθαμεν,
1073 1709 1370 1779 ἄνθρωποι,
1417 1710 1584 1779 μηδὲν
1617 1710 1717 1780 μὶν
1749 1711 1835 1781 ἐφ’

254 1792 336 1857 οἷς
367 1797 400 1862 ἠ
434 1795 560 1850 καθ’
584 1799 738 1867 ἡμᾶς
781 1800 1078 1871 Ἐκκλησία
1107 1798 1461 1869 ὲνασμενίζει
1493 1800 1645 1852 ἔθεσι
1678 1817 1835 1871 νεοχ-

257 1887 515 1956 μοῦντες,
553 1890 653 1960 τὴν
686 1891 974 1944 εὐσέσειάν
994 1909 1053 1944 τε
1078 1894 1369 1962 συντηρεῖν
1395 1891 1505 1944 ἀπὸ
1535 1891 1642 1945 τῶν
1673 1892 1834 1945 θείων

260 1982 690 2047 ἀποδεικνύντες
716 1985 972 2055 Γραφῶν,
1006 1987 1106 2056 τὴν
1129 1988 1186 2040 δὲ
1213 1987 1353 2056 μετά
1398 1986 1497 2039 τοῦ
1538 1987 1838 2057 μεγαλοδυ-

262 2078 441 2145 νάμου
466 2078 575 2129 τῶν
602 2079 848 2132 Λατίνων
880 2080 1062 2143 ἔθνους
1086 2081 1312 2151 εἰρήνην
1335 2081 1428 2133 καὶ
1449 2081 1726 2150 ὁμόνοιαν,
1748 2080 1838 2134 διὰ

265 2171 515 2241 μεγάλην
539 2170 639 2241 τῆς
674 2171 833 2241 ἡμῶν
870 2171 1048 2241 ἀρχῆς
1100 2172 1195 2225 καὶ
1233 2171 1514 2242 βασιλείας
1568 2172 1835 2239 ὠφέλειαν

257 2264 681 2331 συνεργοῦντες.
716 2264 952 2317 Δίκασον
986 2265 1085 2334 μὲν
1109 2264 1223 2330 οὖν,
1253 2264 1329 2325 ὡς
1373 2266 1483 2336 ἄρα
1505 2266 1599 2317 καὶ
1632 2264 1839 2332 βούλει,

256 2356 322 2407 σὺ
358 2357 450 2408 ἐπὶ
474 2357 710 2419 τούτοις.
752 2358 895 2426 Ἐγὼ
928 2358 984 2412 δὲ
1007 2358 1101 2411 καὶ
1124 2357 1234 2411 τῶν
1262 2357 1399 2411 νέων
1424 2356 1697 2425 θεολόγων
1718 2358 1838 2408 ἐπι-

254 2448 452 2512 ϐολάς,
491 2450 559 2512 ἃς
607 2449 717 2503 τῶν
776 2450 955 2504 ἀλλων
1006 2451 1149 2520 τάχα
1201 2451 1561 2520 ἰσχυροτέρας
1603 2452 1667 2502 ὲκ
1710 2450 1835 2501 νέου

254 2540 511 2611 ἓφαῦρον,
542 2542 1030 2614 ὲπεξεργασαίμην
1069 2542 1158 2607 ἂν,
1208 2542 1283 2604 ὼς
1312 2544 1407 2594 καὶ
1440 2541 1821 2614 προσεθέμην.

260 2634 330 2687 Τὸ
365 2635 435 2687 ἐκ
471 2636 704 2703 Πατρὸς
742 2635 819 2689 δι’
865 2635 1004 2689 Υιοῦ
1038 2635 1473 2704 ἐκπορεύεσθαι
1502 2638 1566 2689 τὸ
1596 2637 1839 2705 Πνεῦμα

254 2726 323 2779 τὸ
354 2725 551 2795 ἅγιον,
581 2727 654 2779 οὐ
684 2743 818 2795 φασι
852 2727 967 2791 τὴν
1002 2728 1073 2781 ἐκ
1112 2727 1344 2796 Πατρὸς
1374 2727 1448 2780 δι’
1482 2728 1622 2782 Υιοῦ
1656 2728 1841 2795 ὕπαρ-

257 2819 357 2879 ειν
387 2819 712 2884 σημαίνειν
740 2818 849 2870 τοῦ
879 2818 1253 2887 Πνεύματος,
1291 2818 1431 2873 ἀλλ’
1483 2819 1639 2872 οὕτω
1667 2818 1839 2886 λέγε-

256 2909 403 2960 σθαι
439 2906 639 2970 τοῦτο,
672 2906 760 2959 ὅτι
796 2908 867 2961 ἐκ
899 2909 1135 2975 Πατρός
1181 2907 1258 2960 δι’
1325 2906 1463 2969 Υἱοῦ
1495 2908 1561 2960 τό
1597 2904 1839 2975 Πνεῦμα

257 2996 477 3069 ﬁnisest.
510 2997 624 3051 Καὶ
659 2998 709 3050 εί
773 2998 873 3066 μέν
913 3015 966 3049 τι
1018 2998 1149 3051 ἀλλο
1215 2998 1352 3068 πρὸς
1411 2999 1715 3067 σαφήνειαν
1743 2997 1842 3065 τῆς

256 3088 496 3154 διήκειν
518 3089 717 3153 λέξεως
747 3089 935 3159 ἔχουσι
972 3089 1179 3158 λέγειν,
1221 3090 1378 3143 αὐτοὶ
1408 3087 1705 3157 λεγόντων,
1740 3086 1837 3140 καί¹

2009 1535 2100 1589 il.
2140 1532 2223 1586 Tu
2262 1546 2426 1601 porro
2462 1540 2587 1586 ante
2618 1530 2786 1585 Deum
2835 1530 3079 1585 veritatis
3117 1530 3404 1600 przesidem
3457 1541 3512 1585 et

1937 1635 2134 1681 testem
2176 1623 2386 1693 judica,
2425 1631 2676 1678 neutram
2733 1623 2786 1676 in
2839 1631 3047 1690 partem
3100 1622 3391 1686 inclinans,
3437 1636 3507 1676 an

1935 1718 2084 1786 juste
2115 1716 2252 1781 haec,
2285 1731 2411 1771 vere
2453 1726 2509 1769 et
2545 1724 2603 1769 ut
2634 1716 2932 1769 addecebat
2976 1715 3124 1783 passi
3169 1728 3361 1769 sumus
3392 1730 3512 1774 nos.

1940 1814 2034 1883 qui
2087 1812 2221 1868 nihil
2259 1814 2313 1867 in
2348 1813 2438 1873 iis,
2472 1825 2611 1880 quas
2648 1818 2834 1865 nostra
2868 1810 3115 1865 Ecclesia
3166 1808 3515 1878 amplectitur

1940 1905 2388 1967 consuetudines,
2438 1904 2786 1963 innovamus.
2826 1912 2881 1958 et
2913 1903 3168 1972 pietatem
3200 1901 3511 1954 divinarum

1940 1999 2346 2068 Scripturarum
2400 1995 2726 2050 testimoniis
2791 1994 3253 2056 demoustramns,
3326 2008 3513 2063 paceni

1941 2107 2068 2147 vero
2096 2100 2149 2145 et
2176 2088 2532 2145 concordiam
2574 2102 2697 2141 cum
2730 2085 3051 2140 Latinorum
3102 2096 3264 2154 gente
3299 2096 3516 2153 prapo-

1941 2195 2086 2239 tente
2136 2184 2207 2237 ob
2250 2196 2447 2249 magna
2500 2179 2675 2233 nostri
2718 2178 3036 2232 dominatus
3085 2187 3249 2246 atque
3302 2176 3515 2241 imperii

1938 2273 2225 2328 commoda
2252 2282 2629 2340 procuramus.
2666 2266 2949 2323 Iudicium
2984 2266 3168 2335 itaque
3214 2277 3297 2328 tu.
3332 2276 3391 2321 ut
3435 2266 3516 2321 al—

1939 2363 2195 2426 luhesrit,
2227 2362 2293 2415 de
2327 2361 2479 2414 hisce
2507 2358 2668 2415 ferto.
2699 2357 2812 2427 Ego
2841 2367 3023 2411 autem
3058 2371 3325 2410 novorum
3359 2356 3515 2411 theo—

1939 2457 2187 2526 logorum
2245 2451 2632 2524 aggressiones
2687 2460 2744 2504 et
2790 2459 3044 2514 conatus,
3110 2463 3252 2516 quos
3301 2448 3516 2503 caeteris

1937 2549 2236 2605 validiores
2268 2548 2336 2600 ab
2365 2546 2485 2616 ipsa
2529 2545 2819 2614 juventute
2852 2542 3135 2605 adnotavi,
3175 2541 3338 2595 sicuti
3381 2540 3514 2594 mihi

1940 2641 2223 2711 proposui,
2254 2637 2561 2707 expediam.
2588 2635 2671 2688 Ex
2703 2634 2864 2689 Patre
2895 2650 2985 2702 per
3013 2631 3217 2686 Filium
3249 2631 3511 2699 Spiritum

1939 2736 2215 2804 procedere
2271 2731 2525 2799 inquiunt
2569 2746 2671 2781 non
2712 2737 2898 2781 notare
2941 2743 3005 2780 ex
3055 2725 3219 2779 Patre
3279 2740 3371 2793 per
3418 2722 3513 2777 Fi-

1941 2827 2073 2879 lium
2113 2825 2344 2893 Spiritus
2390 2821 2775 2883 exsistentiam,
2831 2819 2921 2873 sed
2971 2820 3045 2872 ita
3092 2818 3222 2882 dici,
3273 2820 3410 2888 quod
3454 2834 3518 2871 ex

1941 2918 2106 2972 Patre
2149 2933 2239 2983 per
2262 2914 2462 2969 Filium
2510 2913 2744 2981 Spiritus
2786 2911 3045 2980 pervadit.
3097 2909 3253 2975 Quod
3291 2910 3336 2962 si
3386 2909 3516 2978 quid

1942 3007 2091 3062 aliud
2145 3007 2346 3060 habent
2396 3004 2462 3057 ad
2520 3001 2778 3057 dictionis
2860 2997 3180 3069 pervadendi
3256 2994 3519 3064 majorem

1942 3099 2404 3169 explanationem,
2444 3097 2498 3150 in
2531 3104 2888 3164 conspectum
2938 3106 3005 3146 ac
3034 3091 3211 3145 lucem
3262 3088 3361 3156 ipsi
3394 3102 3522 3157 pro-

257 3182 337 3241 εΞς
368 3180 580 3232 οίκείαν
638 3180 1037 3250 προτεινόντων
1091 3179 1481 3249 δεφένδευσιν·
1532 3180 1581 3231 εί
1626 3179 1683 3231 δὲ
1732 3177 1826 3246 ἀφ’

1947 3194 2143 3257 ferant,
2200 3202 2254 3245 et
2309 3191 2364 3245 in
2420 3188 2697 3259 propriam
2755 3184 3131 3239 defensionem
3190 3190 3520 3251 proponant.

254 3270 423 3341 ἡμῶν
456 3272 651 3341 μαθεῖν
690 3272 997 3341 βούλονται,
1031 3273 1181 3335 ὅπως
1206 3274 1373 3343 ἡμεῖς
1403 3272 1501 3341 τὴν
1529 3270 1680 3336 λέξιν
1712 3272 1841 3324 ταὺ-

255 3380 357 3432 την
390 3362 808 3433 καταδεχόμεθα
857 3364 1120 3430 δέξασθαι
1170 3364 1281 3415 τῶν
1328 3364 1506 3417 ἀλλων
1546 3361 1841 3434 γραφικῶν

258 3455 479 3522 ῥήσεων
510 3453 776 3519 ἐπαξίως,
804 3452 931 3507 ὅσαι
963 3454 1063 3524 τὴν
1095 3454 1166 3507 δι’
1204 3453 1337 3507 Υἱοῦ
1378 3457 1443 3507 ἐκ
1498 3455 1711 3525 Πατρδς
1744 3451 1838 3505 τοῦ

256 3545 534 3613 παναγίου
567 3546 787 3615 δηλοῦσι
814 3547 1133 3616 Πνεῦματος
1185 3547 1421 3617 ὓπαρξιν
1464 3546 1623 3616 ἡμῶν
1653 3548 1845 3613 λεγόν-

257 3656 391 3702 των,
418 3640 733 3694 ἀκουόντων
761 3642 938 3707 αὑτοὶ,
967 3641 1044 3705 ὡς
1078 3641 1316 3710 ὁπηνίκα
1342 3642 1511 3710 ἡμεῖς
1552 3641 1645 3693 τὸν
1683 3641 1842 3709 ἅγιον

258 3734 538 3802 Κύριλλον
566 3736 624 3789 ὲν
653 3738 722 3806 τῇ
753 3735 921 3807 βίϐλῳ
947 3736 1059 3788 τῶν
1112 3735 1441 3805 Θησαυρῶν,
1493 3735 1563 3788 ἐν
1606 3735 1687 3799 τῷ
1728 3733 1839 3799 ΥΙῷ

258 3824 538 3895 φυσικῶς
561 3844 624 3880 τε
654 3828 756 3881 καὶ
798 3827 1107 3894 οὐσιωδῶς
1146 3825 1361 3893 διῆκον
1412 3824 1573 3893 παρὰ
1608 3825 1839 3892 Πατρὸς

260 3920 326 3972 τέ
347 3919 592 3988 Πνεῦμα
616 3918 975 3987 Θεολογοῦντα
1000 3918 1352 3989 εὑρίσκομεν,
1374 3918 1526 3972 οὐδὲν
1549 3918 1677 3969 ἄλλο
1714 3935 1846 3970 συν-

260 4014 395 4082 ορᾷν
447 4012 644 4082 ἔχομεν
670 4054 685 4078 ,
724 4012 756 4082 ἢ
818 4012 899 4065 ὅτι
930 4014 1034 4066 οὐκ
1087 4012 1181 4081 ἀφ’
1240 4010 1459 4073 ἑαυτοῦ,
1492 4010 1609 4062 ἀλλ’
1642 4011 1706 4061 ὲκ
1750 4009 1845 4062 τοῦ

262 4103 505 4173 Πατρὸς,
542 4104 679 4173 πρὸς
714 4103 773 4156 ὃν
804 4100 1077 4157 πάντατὰ
1113 4103 1310 4157 ἑαυτοῦ
1336 4102 1603 4172 ἀναφέρει
1635 4104 1662 4155 ό
1691 4100 1844 4164 Υἱὸς,

262 4200 325 4248 τὸ
358 4195 587 4265 Πνεῦμα
619 4196 761 4265 ἔχων
791 4197 927 4249 ὲστί.
968 4196 1079 4248 Καὶ
1128 4197 1258 4248 ὅταν
1300 4196 1380 4267 τῷ
1412 4196 1638 4265 μεγάλῳ
1674 4194 1844 4247 Basi-

262 4289 395 4357 λείῳ
429 4290 490 4339 ὲν
522 4286 603 4357 τῷ
646 4287 860 4357 δεκάτῳ
910 4287 1084 4359 ὀγδόῳ
1124 4286 1235 4339 τῶν
1283 4289 1425 4357 πρὸς
1493 4286 1850 4355 ’Δμφιλόχιον

265 4382 588 4448 κεφαλαίων
645 4380 1073 4449 ἐντυγχάνωμεν
1119 4380 1331 4447 λέγοντι
1374 4379 1448 4443 ὡς
1488 4378 1559 4433 Ἦ
1603 4377 1840 4446 φυσικὴ

262 4474 584 4542 ἀγαθότης.
622 4474 719 4526 καὶ
762 4476 795 4527 ὀ
848 4474 997 4527 κατὰ
1032 4474 1221 4542 φύσιν
1269 4474 1585 4542 ἁγιασμὸς,
1645 4473 1742 4524 καὶ
1783 4469 1847 4523 τὸ

1941 3281 2095 3348 Quod
2126 3281 2170 3333 si
2208 3296 2237 3333 a
2272 3279 2431 3332 nobis
2454 3278 2667 3332 discere
2696 3274 2942 3344 cupiunt,
2979 3282 3039 3327 ut
3089 3286 3186 3326 nos
3224 3270 3517 3326 dictionem

1944 3375 2115 3437 illam,
2141 3382 2192 3425 et
2217 3387 2326 3441 quo
2360 3369 2669 3440 signiﬁcatu
2701 3368 3028 3436 accipimus,
3060 3366 3128 3419 ab
3167 3363 3289 3417 aliis
3322 3361 3522 3430 scripto

1944 3465 2158 3518 traditis
2186 3459 2523 3514 dictionibus
2557 3472 2662 3510 non
2704 3457 2903 3519 alieno,
2939 3468 3061 3523 qua:
3098 3467 3191 3522 per
3228 3451 3425 3505 Filium
3458 3465 3520 3501 ex

1944 3557 2105 3610 Patre
2154 3550 2483 3607 sanctissimi
2534 3547 2772 3615 Spiritus
2813 3545 3195 3600 exsistentiam
3249 3548 3522 3602 astrnunt,

1943 3662 2046 3701 nos
2071 3645 2319 3707 audiant,
2347 3658 2469 3696 cum
2511 3640 2655 3710 apud
2700 3648 2949 3691 sanctum
2988 3634 3249 3704 Cyrillum
3294 3634 3344 3684 in
3380 3630 3524 3684 Thc-

1943 3740 2145 3803 sauris,
2183 3739 2239 3789 in
2284 3734 2424 3789 Filio
2484 3732 2812 3785 naturaliter
2853 3725 3302 3782 et-essentialiter
3336 3739 3521 3795 perva-

1944 3834 2067 3886 dere
2094 3847 2158 3885 ex
2195 3830 2357 3885 Patre
2395 3827 2681 3892 Spiritum,
2718 3823 2977 3877 traditum
3012 3818 3402 3887 comperimus,
3440 3814 3531 3868 ni—

1949 3924 2023 3976 hil
2058 3920 2205 3975 aliud
2259 3918 2584 3987 intelligere,
2645 3914 2749 3967 nisi
2799 3926 2903 3966 non
2953 3925 3015 3962 ex
3064 3908 3270 3976 seipse,
3320 3905 3415 3960 sed
3461 3918 3531 3957 ex

1946 4014 2131 4077 Patre,
2177 4012 2243 4066 ad
2277 4025 2437 4080 quem
2475 4008 2660 4061 omnia
2695 4020 2792 4059 sua
2826 4000 2994 4057 refert
3018 3999 3214 4064 Filius,
3260 3998 3529 4066 Spiritum

1956 4106 2158 4159 habere
2190 4121 2204 4156 :
2235 4114 2288 4156 et
2319 4116 2443 4155 cum
2486 4098 2645 4152 nobis
2690 4109 2922 4161 magnus
2962 4091 3197 4145 Basilius
3231 4090 3283 4142 iu
3316 4089 3530 4141 decimo

1947 4210 2140 4253 octavo
2184 4194 2251 4247 ad
2282 4190 2721 4261 Amphilochium
2772 4186 2951 4254 capite
2983 4180 3249 4243 occurrit,
3290 4179 3479 4232 dicens
3514 4195 3526 4229 :

1952 4288 2238 4342 Naturalis
2305 4284 2518 4335 bonitas
2610 4290 2658 4333 et
2732 4293 2848 4347 qua:
2916 4273 3205 4328 secundum
3279 4280 3532 4324 naturam

1944 4388 2045 4443 ραι,
2077 4372 2434 4443 sanctiﬁcatio
2464 4380 2510 4423 et
2546 4368 2691 4438 regia
2720 4367 2952 4436 dignitas
2990 4380 3053 4417 ea:
3092 4362 3249 4415 Patre
3270 4376 3364 4429 per
3397 4357 3538 4412 Uni—

1948 4472 2178 4542 genitum
2224 4467 2293 4520 ad
2346 4464 2607 4534 Spiritum
2656 4461 2919 4529 pervadit,
2973 4455 3352 4512 tantummodo
3383 4468 3536 4506 com-

259 4566 594 4630 βασιλικὸν
620 4564 851 4633 ἀξίωμα
873 4564 942 4617 ἐκ
980 4562 1087 4617 τοῦ
1115 4565 1349 4633 Πατρός
1380 4564 1478 4618 διὰ
1499 4563 1605 4617 τοῦ
1646 4567 1839 4616 Μονο-

1954 4560 2314 4632 prehendcre,
2364 4572 2468 4609 non
2513 4570 2542 4607 a
2575 4554 2778 4622 scipso,
2826 4550 2918 4605 sed
2952 4565 3014 4601 ex
3050 4548 3230 4609 Patre,
3273 4545 3336 4598 ad
3366 4559 3526 4612 quem

262 4657 482 4726 γενοῦς
519 4657 618 4709 ἐπὶ
673 4659 737 4710 τὸ
780 4658 1023 4724 Πνεῦμα
1071 4656 1289 4724 διήκει,
1335 4658 1487 4709 οὐὸεν
1538 4655 1668 4709 ἄλλο
1706 4651 1849 4707 νοοῦ-

269 4767 392 4821 μεν,
429 4750 462 4817 ἢ
511 4749 595 4801 ὃτι
634 4748 735 4801 οὐκ
768 4748 862 4813 ἀφ’
897 4747 1117 4811 ἑαυτοῦ,
1176 4746 1294 4800 ἀλλ’
1346 4748 1409 4799 ὲκ
1469 4745 1565 4798 τοῦ
1613 4744 1848 4814 Πατρός,

267 4844 403 4915 πρὸς
431 4842 491 4895 ὃν
522 4842 701 4896 πάντα
731 4842 801 4893 τά
827 4839 921 4892 τοῦ
958 4840 1275 4909 Πνεύματος
1301 4838 1651 4907 ἀναφέρεται,
1680 4850 1853 4888 ταυτα

268 4938 451 4990 πάντα
475 4936 565 4989 διὰ
594 4934 691 4989 τοῦ
729 4936 859 4989 Υἰοῦ
885 4937 946 4990 τὸ
976 4935 1202 5003 Πνεῦμα
1225 4934 1337 5004 ἔχει
1368 4934 1428 4985 τὸ
1456 4932 1633 4999 ἅγιον,
1662 4931 1853 5001 ὥσπερ

268 5035 359 5084 καὶ
398 5032 499 5099 τὴν
532 5030 773 5099 φυσικὴν
828 5030 924 5084 καὶ
968 5027 1206 5093 οὑσιώδη
1258 5025 1455 5095 ἑαυτοῦ
1489 5024 1745 5092 ὓπαρξιν.
1784 5024 1847 5075 Εἰ

275 5125 349 5195 μὴ
377 5124 490 5193 γὰρ
522 5125 623 5194 τὴν
655 5122 915 5191 τοιαύτην
947 5121 1035 5173 διὰ
1087 5118 1182 5173 τοῦ
1224 5118 1355 5171 Υίοῦ
1410 5117 1644 5185 ὓπαρξιν
1680 5112 1848 5185 εἶχεν,

270 5222 369 5274 οὐκ
390 5220 459 5274 ἂν
486 5221 575 5273 διὰ
609 5220 702 5271 τοῦ
737 5217 868 5269 Υἱοῦ
902 5219 993 5270 καὶ
1020 5216 1191 5268 ταῦτα
1217 5214 1362 5284 ἔχειν
1395 5214 1633 5279 ἐλέγετο.

341 5311 433 5382 ιβ’.
472 5314 582 5365 Καὶ
613 5312 668 5365 τί
702 5310 941 5364 τοσαῦτα
971 5308 1096 5379 περῖ
1125 5307 1219 5361 τοῦ
1244 5307 1478 5372 διήκειν
1506 5304 1706 5374 φαμὲν,
1731 5302 1849 5354 ἐνὸν

274 5407 361 5460 διὰ
413 5406 627 5458 πολλῶν
658 5405 837 5459 ἀλλων
897 5404 1111 5474 ῥήσεων
1148 5401 1435 5472 γραφικῶν
1492 5400 1855 5465 ἁναπάντητα

277 5500 630 5571 παραστῆσαι
678 5502 848 5570 μηδὲν
886 5498 1013 5551 ἄλλο
1050 5496 1083 5567 ἢ
1140 5494 1238 5565 τὴν
1271 5494 1336 5546 δι’
1379 5491 1505 5545 Υἱοῦ
1549 5494 1610 5542 ἐκ
1645 5490 1858 5557 Πατρὸς

274 5598 369 5651 τοῦ
397 5596 668 5663 παναγίου
700 5594 1024 5665 Πνεύματος
1060 5588 1296 5658 ὕπαρξιν
1328 5588 1427 5658 τὴν
1472 5586 1541 5640 δι’
1592 5584 1721 5637 Υἱοῦ
1759 5601 1856 5653 ση-

280 5690 495 5759 μαίνειν
539 5688 903 5751 ὲκπόοευσιν;
944 5686 1002 5737 Ὀ
1031 5685 1138 5752 γάρ
1183 5681 1324 5743 θεῖος
1381 5680 1476 5733 καὶ
1514 5678 1687 5748 μέγας
1725 5677 1859 5744 ἁλη-

353 5851 369 5883 ¹
397 5848 543 5906 Psal.
569 5860 761 5907 LXVIII,
802 5842 884 5899 l5.

1956 4653 2139 4707 omnia
2192 4650 2432 4720 Spiritus
2472 4649 2784 4700 referuntur
2809 4682 2821 4704 ,
2867 4656 2929 4695 ea
2969 4640 3153 4692 omnia
3205 4653 3299 4705 per
3335 4634 3533 4689 Filium

1958 4746 2236 4817 possidere
2261 4741 2524 4812 Spiritum
2562 4744 2841 4796 sanctum,
2879 4730 3335 4803 quemadmodum
3374 4739 3528 4781 natu-

1959 4840 2121 4891 ralem
2200 4845 2249 4888 et
2322 4830 2671 4887 essentialmu
2756 4841 2912 4881 suam
2963 4824 3362 4877 exsisteutiam.
3420 4817 3537 4873 Nisi

1961 4930 2104 4981 enim
2161 4925 2393 4980 similem
2461 4937 2556 4991 per
2606 4918 2805 4973 Filium
2848 4917 3225 4971 exsistentiam
3290 4913 3533 4977 haberet,

1957 5034 2231 5089 nunquam
2262 5017 2351 5071 illa
2381 5030 2475 5086 per
2508 5012 2707 5067 Filium
2740 5011 2945 5065 habere
2969 5010 3268 5063 diceretur.

2031 5296 2119 5349 12.
2160 5293 2225 5347 Et
2269 5290 2399 5361 quid
2448 5296 2528 5342 tot
2572 5287 2639 5340 de
2685 5285 2922 5341 dictione
2965 5281 3283 5353 pervadendi
3330 5294 3541 5349 aggeri-

1966 5408 2112 5451 mus.
2147 5406 2269 5445 cum
2298 5388 2461 5441 liceat
2501 5384 2686 5437 multis
2728 5383 2850 5437 aliis
2894 5381 3100 5450 scripto
3134 5377 3350 5433 traditis
3388 5376 3544 5429 testi-

1967 5486 2169 5539 moniis
2216 5483 2423 5549 absque
2471 5478 2578 5530 ulla
2630 5474 3061 5529 co~tradictione
3111 5474 3361 5542 probare,
3410 5469 3545 5522 nihil

1969 5580 2113 5633 aliud
2143 5594 2233 5647 per
2258 5575 2456 5630 Filium
2487 5589 2553 5627 ex
2582 5572 2739 5626 Patre
2762 5569 3097 5625 sanctissimi
3131 5566 3371 5636 Spiritus
3397 5562 3542 5617 exsi-

1969 5672 2223 5727 stcntiam
2272 5679 2486 5733 notare,
2531 5681 2694 5737 quam
2734 5665 3141 5735 processionem
3180 5675 3275 5731 per
3302 5651 3552 5711 Filium!
