4214 6446
761 361 872 435 99.9

1785 362 1993 423 JOAN.
2037 363 2248 422 VEFCI
2290 363 2393 421 CP.
2439 362 2943 424 PATRUHCHE-

3883 368 4022 429 ιοοο

763 460 840 524 lui
877 488 906 524 a
934 471 1154 525 veritate
1185 471 1397 525 aberrat
1459 485 1581 523 cum
1620 487 1747 526 vero
1782 487 1843 523 ex
1874 470 2018 524 Filio
2073 484 2330 540 tanquam

2443 476 2613 543 πάντη
2658 467 3222 544 συμὸιϐασθήσονται.
3261 475 3432 528 Ὅταν
3475 477 3576 545 μὲν
3619 477 3728 547 γὰρ
3781 478 3848 530 ἐκ
3910 481 4022 533 τοῦ

758 577 821 616 ex
851 564 1135 633 principali
1169 579 1231 615 ac
1267 561 1438 631 prima
1496 578 1683 626 causa,
1719 577 1748 615 a
1789 575 1934 616 recto
1995 574 2187 631 praeter
2223 581 2337 616 mo-

757 656 886 706 dum
922 655 1158 713 decidet,
1198 662 1251 704 et
1285 654 1379 720 qui
1416 655 1650 706 similem
1705 655 1914 722 lapsum
1975 656 2144 708 vitare
2167 668 2336 724 cupit,

759 764 820 799 ex
848 747 1000 800 Patre
1025 764 1114 815 per
1141 745 1360 809 Filium,
1384 763 1488 798 nun
1512 757 1689 799 autem
1707 763 1770 800 ex
1799 747 1938 800 Filio
1958 749 2190 816 Spiritus
2216 764 2339 816 pro-

762 841 1066 893 cessionem
1095 838 1424 892 afﬁrmahit:
1451 842 1593 907 quod
1625 851 1677 892 et
1707 840 1923 892 divinus
1947 842 2053 909 egit
2073 839 2334 907 Joannes,

758 932 1117 999 principalem
1159 946 1380 984 causam
1417 932 1588 983 solam
1647 945 1773 983 vere
1810 929 2022 983 Patrem
2055 934 2252 993 sciens,
2287 942 2341 985 et

759 1025 1055 1077 scCundum
1086 1024 1220 1074 hanc
1252 1023 1575 1075 sententiam
1596 1023 1660 1075 de
1680 1023 1867 1074 harum
1893 1023 2337 1090 praepositionum

760 1117 1208 1170 detenninatione
1241 1118 1448 1170 minute
1484 1132 1546 1170 ac
1586 1116 1857 1170 subtiliter
1886 1118 2191 1185 disputans,
2218 1127 2339 1186 apte

758 1207 1050 1261 admOdum
1093 1207 1245 1269 illud,
1281 1206 1438 1260 Solus
1469 1209 1605 1259 enim
1633 1223 1793 1258 causa
1840 1205 2017 1272 Pater,
2057 1209 2337 1260 annexuit.

761 1302 915 1354 llunc
955 1316 1085 1353 veto
1117 1313 1333 1369 propter
1379 1300 1608 1366 primam
1639 1313 1700 1352 ac
1734 1300 2083 1366 principalem
2119 1314 2338 1352 causam

758 1394 1136 1446 tantummodo
1190 1390 1402 1442 Patrem
1447 1406 1664 1444 causam
1700 1403 1946 1450 vocasse,
1989 1389 2336 1444 manifestum

755 1483 815 1536 ﬁt
846 1500 909 1536 ex
953 1485 1040 1546 iis,
1094 1500 1216 1550 qua:
1271 1482 1474 1535 dictum
1519 1481 1830 1547 βτίεορᾱιιιιι
1867 1499 1879 1532 :
1914 1481 2135 1534 habetur
2169 1482 2339 1544 enim,

755 1576 1121 1634 producturum
1179 1583 1272 1641 per
1319 1571 1542 1634 Filium,
1594 1574 1738 1639 quod
1826 1572 1964 1624 idem
2017 1583 2120 1632 est,
2185 1587 2248 1625 ac
2292 1573 2338 1626 si

752 1668 1001 1730 dixisset,
1041 1665 1252 1718 Patrem
1289 1681 1409 1718 esse
1439 1678 1658 1718 causam
1701 1663 1938 1731 Spiritus
1969 1681 2061 1730 per
2096 1653 2288 1719 Filium
2318 1684 2332 1720 :

755 1759 848 1826 qui
888 1760 1031 1811 enim
1071 1774 1162 1823 per
1197 1757 1390 1810 Filium
1444 1772 1604 1809 causa
1664 1763 1765 1818 est,
1820 1770 2056 1823 quanam
2117 1758 2332 1810 ratione

2442 566 2593 628 fiat},
2657 566 2781 618 ἀντὶ
2833 566 2925 618 τοῦ
2981 565 3078 618 διὰ
3135 567 3241 619 τοῦ
3312 566 3448 619 Υιοῦ
3488 568 3625 638 λέγῃ
3672 585 3754 631 τις
3787 565 3929 621 εἶναι
3962 571 4022 623 τὸ

2444 654 2666 723 Πνεῦμα
2694 657 2754 708 τὸ
2785 658 2960 723 ἅγιον,
3003 659 3100 726 τῆς
3135 657 3387 726 ἀληθείας
3414 657 3458 709 δ’
3495 659 3800 727 ἁμαρτάνει
3843 661 4018 712 οὐδέν

2439 749 2565 799 ὅταν
2596 748 2643 798 δ’
2670 750 2738 800 ἐκ
2786 749 2891 801 τοῦ
2968 749 3126 812 Υιοῦ,
3162 750 3236 810 ὡς
3285 750 3344 814 ἐξ
3397 750 3630 818 ἀρχικοῦ
3676 753 3773 802 καὶ
3797 751 4020 818 πρώτου

2443 839 2643 902 αἰτίον,
2678 842 2770 892 καὶ
2823 839 2962 892 πάνυ
2994 841 3087 892 τοῦ
3133 842 3344 902 εἰκότος
3387 841 3492 903 ἔξω
3554 843 3828 903 πεσεῖται,
3872 843 3966 895 καὶ
3995 844 4020 893 ὁ

2439 934 2538 1003 τὴν
2578 934 2913 1002 διαμαρτίαν
2950 934 3156 1003 ταύτην
3195 935 3370 985 θέλων
3402 935 3596 1002 φυγεῖν
3646 936 3709 985 ὲκ
3747 933 3847 984 τοῦ
3907 937 4020 987 lla-

2439 1028 2564 1094 τρὸς
2594 1027 2680 1077 διὰ
2722 1026 2821 1078 τσῦ
2881 1027 3034 1086 Υῐοῦ,
3089 1025 3357 1093 οὓμενοον
3399 1029 3462 1078 ἐκ
3517 1026 3608 1079 τοῦ
3645 1026 3776 1077 Υἱοῦ
3797 1027 3899 1088 τὴν
3926 1027 4020 1077 τοῦ

2444 1118 2757 1185 Πνεύματος
2813 1117 3040 1186 πρόοδον
3091 1117 3426 1184 θεολογήσει,
3473 1119 3606 1187 ὅπερ
3672 1111 3768 1168 οὖν
3806 1119 3834 1167 ό
3881 1116 4020 1175 θεῖος

2441 1212 2740 1274 πεποίηκεν
2777 1207 3054 1276 Ἰωάννης,
3092 1209 3318 1278 ἀρχικὸν
3355 1209 3527 1260 αῐτιον
3579 1209 3741 1275 μόνον
3798 1207 4020 1274 ἀληθῶς

2441 1298 2532 1348 τὸν
2587 1300 2805 1367 Πατέρα
2863 1299 3037 1360 εἰδὼς,
3085 1304 3177 1351 καὶ
3229 1303 3370 1353 κατὰ
3426 1301 3524 1369 τὴν
3559 1302 3766 1352 ἔννοιαν
3789 1301 4019 1364 ταύτην,
4070 1345 4074 1348 ,

2440 1391 2530 1441 τὸν
2566 1391 2672 1441 τῶν
2714 1390 3025 1460 προθέσεων
3079 1391 3494 1461 λεπτολογήσας
3548 1392 3857 1461 διορισμὸν,
3929 1396 4020 1442 καὶ

2443 1483 2736 1550 προσφυῶς
2765 1485 2904 1535 πάνυ
2937 1486 3003 1552 τῇ
3043 1485 3269 1554 τοιαύτῃ
3316 1484 3514 1546 ἐννοία,
3545 1488 3640 1537 καὶ
3691 1486 3755 1536 τὸ
3814 1487 4019 1547 Μόνος

2440 1574 2630 1633 αἴτιος
2663 1559 2950 1644 δ’Πατὴρ,
2997 1577 3292 1642 ἐπαγαγὼν
3342 1576 3642 1645 παρευθύς.
3682 1579 3804 1629 Ὀτι
3836 1577 3897 1628 δε
3938 1577 4022 1628 διὰ

2442 1665 2500 1716 τὸ
2527 1667 2753 1734 ἀρχικὸν
2806 1669 2981 1720 αἴτιον
3032 1669 3194 1735 μόνον
3250 1669 3426 1722 αἴτιον
3485 1663 3638 1732 οὗτος
3672 1671 3766 1722 τὸν
3800 1671 4020 1738 Πατέρα

2442 1756 2814 1826 τεθεολόγηκε,
2843 1760 3000 1827 δῆλον
3035 1760 3141 1810 ἀπὸ
3174 1759 3268 1811 τοῦ
3305 1762 3491 1829 μικρῷ
3521 1761 3760 1830 πρόσθεν
3791 1763 3896 1828 τῆς
3928 1764 4022 1829 ρἠ

757 1849 913 1899 aliter
944 1862 1066 1900 esse
1093 1855 1267 1914 potest
1314 1846 1418 1899 nisi
1452 1847 1748 1899 secumlum
1791 1845 2138 1913 principalem
2186 1849 2337 1900 ratio-

2449 1868 2582 1912 σεως
2641 1851 2866 1920 ταύτης,
2908 1849 3204 1917 προϐολέα
3263 1849 3360 1901 διὰ
3413 1851 3517 1903 τοῦ
3565 1853 3784 1918 Λόγου,
3821 1852 4021 1907 ταύτὸν

760 1953 882 1990 nent
939 1954 1119 1991 causa}
1181 1939 1328 1992 solus
1384 1951 1550 1989 causa
1599 1935 1830 2004 Spiritus
1859 1937 2116 1989 dicetur?
2149 1937 2252 1990 Sed
2282 1947 2336 1990 et

760 2049 991 2101 magnus
1022 2031 1256 2084 Basilius
1287 2033 1338 2082 in
1369 2030 1584 2083 decimo
1608 2039 1762 2081 sexto
1787 2029 1850 2080 ad
1887 2029 2334 2096 Amphilochium

756 2124 930 2190 capite
954 2123 1158 2176 dicens
1198 2139 1210 2174 ;
1249 2120 1317 2174 Et
1350 2137 1500 2172 nemo
1530 2121 1792 2172 existimet
1819 2135 1896 2172 nte
1915 2121 2192 2172 enuntiare
2225 2134 2328 2173 trea

756 2215 1076 2284 principales
1100 2215 1427 2283 Impastus-es.
1454 2213 1648 2266 Rerum
1676 2215 1814 2265 enim
1836 2229 1996 2264 unum
2021 2213 2336 2280 principium

751 2323 851 2373 est,
885 2324 976 2376 per
1031 2306 1232 2358 Filium
1289 2323 1536 2374 operam,
1586 2314 1634 2357 et
1689 2307 1740 2356 in
1783 2304 1984 2373 Spiritu
2038 2305 2337 2372 perﬁciam,

755 2398 897 2452 uicta
954 2400 1067 2468 jam
1103 2413 1130 2450 a
1162 2397 1321 2450 nobis
1367 2393 1658 2449 manifesto
1700 2397 2005 2448 contjrmat.
2055 2396 2331 2459 Quantum

761 2493 904 2546 enim
940 2490 1295 2560 intelligentia
1325 2490 1466 2558 potis
1492 2490 1749 2553 est,duas
1785 2487 2099 2555 hypostascs
2130 2486 2197 2539 ab
2231 2502 2334 2540 una

758 2595 810 2636 et
849 2583 1020 2650 prima
1051 2583 1102 2634 in
1131 2596 1310 2634 rerum
1341 2581 1603 2649 principio
1635 2579 1918 2633 discernit.
1951 2575 2195 2640 Namque
2219 2593 2340 2630 scn-

757 2675 922 2727 tentia
952 2688 1073 2740 qua:
1109 2687 1214 2724 non
1247 2673 1443 2724 asserit
1471 2673 1616 2738 ipsas
1649 2671 1852 2738 primas
1885 2678 1938 2722 et
1972 2668 2329 2736 principales,

760 2767 1074 2836 theologica:
1107 2765 1306 2834 regulae
1363 2773 1618 2816 accurate
1648 2761 1956 2822 adhterens,
1996 2760 2065 2812 ob
2100 2760 2330 2827 primam

758 2872 820 2910 ac
848 2856 1201 2925 principalem
1242 2870 1461 2908 causam
1490 2853 1590 2906 soli
1615 2851 1761 2904 Patri
1799 2867 1977 2903 rerum
2012 2850 2336 2919 principium

755 2950 1022 3011 decernit,
1057 2948 1371 3016 relinquens
1409 2961 1512 2997 una
1547 2959 1668 2996 cum
1714 2958 1778 2996 eo
1809 2942 2031 3010 intelligi
2058 2954 2111 2995 et
2141 2940 2338 2994 Filium

756 3052 809 3096 et
842 3040 1122 3111 Spiritum,
1158 3041 1212 3094 in
1263 3041 1464 3108 quibus
1521 3051 1613 3105 per
1648 3034 1847 3088 Filium
1901 3035 2144 3104 operari,
2204 3038 2338 3090 etin

759 3133 964 3203 Spiritu
994 3134 1251 3201 perlicere
1285 3129 1442 3183 Pater
1475 3129 1696 3182 dicitur.
1730 3126 1888 3181 Modo
1921 3128 2127 3198 quippe
2160 3128 2332 3182 silen-

2438 1942 2482 1993 δ’
2519 1944 2714 2005 εἰπεῖν,
2750 1943 2924 1994 αἴτιον
2965 1945 3061 1993 τοῦ
3113 1941 3426 2009 Πνεύματος
3481 1943 3567 1994 διὰ
3621 1940 3716 1992 τοῦ
3771 1941 3905 1993 Υἱοῦ
3935 1942 4021 1993 τὸν
4124 2002 4130 2009 1

2447 2031 2671 2100 Πατέρα
2704 2031 3011 2086 καλεῖσθαι.
3055 2031 3115 2083 Ὀ
3137 2033 3244 2100 γαρ
3277 2031 3363 2083 διὰ
3385 2031 3478 2082 τοῦ
3515 2031 3645 2084 Υἱοῦ
3690 2033 3860 2092 αἴτιος
3907 2031 4021 2093 πῶς

2439 2124 2506 2177 ἄν
2539 2125 2714 2187 ἄλλως
2748 2126 2829 2177 ὅτι
2861 2123 2936 2192 μὴ
2977 2123 3120 2174 κατὰ
3173 2123 3234 2174 τὸ
3261 2123 3486 2192 ἀρχικὸν
3512 2124 3610 2190 τῆς
3642 2122 3824 2184 αἰτίας
3861 2125 4020 2191 μόνος

2442 2218 2621 2278 αἴτιος
2685 2215 2879 2285 ῥηθείη
2931 2215 3024 2266 τοῦ
3067 2215 3414 2283 Πνεύματος;
3483 2213 3641 2266 Ἀλλὰ
3671 2216 3817 2266 καὶὸ
3853 2219 4024 2283 μέγας

2443 2309 2725 2370 Βασίλειος
2759 2311 2816 2360 ἐν
2849 2306 2924 2375 τῷ
2947 2308 3089 2374 ἕκτῳ
3121 2306 3216 2357 καὶ⁵
3249 2306 3466 2374 δεκάτῳ
3504 2305 3612 2358 τῶν
3648 2307 3786 2375 πρὸς
3819 2309 4020 2375 Ἀμφι-

2439 2403 2617 2473 λὸχιον
2685 2400 2995 2469 κεφαλαίων
3045 2400 3238 2466 λέγων,
3289 2400 3395 2453 Καὶ
3428 2401 3644 2467 μηδεὶς
3681 2402 3907 2454 οιέσθω
3949 2419 4022 2469 με

2439 2489 2786 2561 τρεῖς-ἐῖναι
2830 2493 3036 2562 Λέγειν
3084 2491 3337 2562 ἀρχικὰς
3391 2495 3792 2560 ὑποστάσεις.
3849 2498 4023 2564 Ἁρχὴ

2444 2588 2554 2656 γὰρ
2587 2585 2703 2638 τῶν
2769 2586 2965 2638 ὄντων
3014 2588 3144 2653 μία,
3196 2585 3293 2639 διὰ
3344 2586 3478 2639 Υιοῦ
3535 2587 3894 2655 ἐνεργοῦσα,
3928 2593 4022 2641 καὶ

2443 2677 2762 2730 τελείουσα
2796 2676 2864 2727 ἐν
2901 2677 3218 2742 Πνεύματι,
3251 2676 3313 2728 τδ
3349 2675 3511 2745 ῥηθὲν
3560 2677 3843 2746 προδήλως
3899 2695 4028 2729 συν-

2447 2769 2683 2836 ίστησιν.
2721 2768 2886 2818 Ὅσον
2921 2768 3028 2834 γὰρ
3059 2769 3118 2819 τὸ
3153 2769 3250 2834 τῆς
3283 2768 3493 2830 ἐννοίας
3539 2771 3654 2820 ἐστὶ
3704 2772 4024 2840 πρόχειρον,

2442 2859 2538 2921 τὰς
2563 2860 2654 2911 δύο
2685 2860 3010 2922 ὑποστάσεις
3040 2859 3148 2912 ἀπὸ
3178 2865 3276 2927 τῆς
3323 2864 3453 2928 μιᾶς
3519 2863 3612 2914 καὶ
3671 2862 3898 2933 πρώτης
3935 2866 4028 2916 ἐπὶ

2443 2957 2510 3022 τῇ
2547 2953 2654 3004 τῶν
2687 2953 2856 3004 ὄντων
2891 2955 3031 3022 ἀργῇ
3057 2953 3278 3022 διαιρεῖ.
3307 2953 3480 3006 Τοῦτο
3507 2955 3615 3025 γὰρ
3657 2956 3715 3007 τὸ
3749 2959 3824 3024 μὴ
3868 2959 4030 3025 ἀρχι-

2445 3046 2546 3107 κὰς
2601 3040 2740 3097 εἶναι
2791 3045 2971 3110 λέγειν
3009 3045 3201 3106 αὐτὰς,
3256 3044 3371 3097 ἀλλ’
3416 3049 3448 3114 ἡ
3487 3047 3884 3116 ἀκριϐέστερον
3931 3047 4027 3099 τοῦ

2446 3135 2762 3202 θεολογικοῦ
2798 3136 3092 3206 ἐξεχομένη
3147 3138 3368 3198 κανόνος
3400 3135 3600 3199 ἔννοια,
3645 3136 3734 3188 διὰ
3773 3138 3835 3190 τὸ
3866 3140 3998 3206 ἁρχι

758 3230 832 3280 tio
860 3237 1143 3295 praitereo,
1183 3237 1283 3276 nec
1319 3222 1407 3275 illa
1436 3235 1798 3274 annumerare
1829 3219 2045 3273 animus
2068 3229 2172 3283 est,
2198 3235 2336 3288 quo-

2446 3226 2538 3278 κὸν
2564 3194 2737 3280 αέτιον
2775 3194 2920 3296 μόννῷ
3057 3194 3234 3295 [iath
3284 3194 3384 3295 rip:
3417 3226 3520 3278 τῶν
3571 3194 3740 3279 όντων
3770 3194 4030 3295 ἀφορίξει

759 3320 920 3372 modo
951 3318 1098 3370 solus
1135 3314 1442 3376 invisibilis,
1475 3313 1626 3366 solus
1670 3313 1872 3372 bonus,
1906 3311 2056 3364 solus
2083 3312 2326 3380 sapiens,

757 3428 877 3480 qua:
908 3414 960 3463 in
1015 3409 1300 3476 Scriptura
1367 3407 1434 3458 de
1491 3403 1654 3458 Patre
1711 3415 2078 3458 asseruntur:
2115 3416 2328 3456 necnon

757 3515 810 3554 ct
836 3501 981 3571 quod
1039 3499 1178 3567 apud
1227 3498 1585 3566 cvangelistas
1642 3493 1955 3548 Matthieum
1992 3504 2046 3549 et
2088 3495 2330 3548 Marcum

763 3599 1022 3648 Dominus
1057 3593 1188 3644 dicit
1220 3607 1233 3642 :
1281 3589 1355 3642 De
1389 3589 1478 3641 die
1516 3587 1615 3640 illa
1642 3597 1690 3640 et
1722 3588 1852 3639 liora
1873 3603 2018 3639 nemo
2050 3587 2212 3652 novit,
2245 3598 2340 3637 ne.

2445 3319 2642 3389 ἁρχὴν,
2677 3319 2826 3370 ἐῶσα
2857 3316 3293 3370 συνεπινοείσθαι
3328 3318 3479 3386 αὑτῴ
3508 3318 3600 3370 καὶ
3646 3317 3738 3370 τὸν
3783 3319 3908 3370 Υἰὸν
3934 3323 4029 3371 καὶ

2445 3408 2506 3460 τὸ
2544 3408 2797 3478 Πνεῦμα,
2835 3409 2893 3460 έν
2941 3401 3021 3470 οἷς
3051 3407 3138 3460 διὰ
3191 3408 3286 3459 τοῦ
3343 3407 3470 3459 Υἱοῦ
3527 3409 3795 3478 ἐνεργεῖν,
3838 3409 3939 3458 καὶ
3971 3409 4032 3458 ὲν

2451 3499 2729 3569 Πνεῦματι
2767 3499 3012 3552 τελειοῦν
3041 3501 3068 3550 ό
3103 3499 3292 3568 Πατὴρ
3329 3499 3570 3565 λέγεται.
3607 3499 3712 3552 Ἐὦ
3746 3503 3857 3568 γὰρ
3899 3501 4031 3567 ἄρτι

2447 3591 2804 3660 ἀπαριθμεῖν,
2835 3590 2980 3652 ὅπως
3019 3590 3102 3652 τδ,
3135 3590 3296 3658 μόνος
3328 3590 3582 3658 ἀόρατος,
3616 3591 3707 3642 καὶ
3749 3593 3837 3650 τὸ,
3863 3593 4029 3657 μόνος

759 3704 856 3757 que
898 3685 1074 3754 angeli
1107 3685 1196 3753 qui
1228 3685 1281 3735 in
1312 3683 1440 3735 coelo
1469 3693 1618 3745 sunt,
1654 3698 1816 3749 neque
1846 3678 2017 3732 Filius
2052 3681 2152 3732 nisi
2194 3678 2336 3731 solus

2443 3685 2663 3753 ἀγαθὸς,
2699 3685 2792 3736 καὶ
2825 3683 2906 3746 τὸ,
2937 3683 3096 3752 μόνος
3154 3687 3336 3750 σοφὸς,
3363 3683 3455 3733 ἐπὶ
3493 3681 3587 3733 τοῦ
3621 3682 3836 3750 Πατρὸς
3873 3684 4032 3753 παρὰ

764 3783 926 3832 Pater
970 3779 988 3808 ³
1047 3778 1289 3844 illudque
1339 3787 1619 3843 printer-ea,
1678 3775 1821 3842 quod
1855 3774 1910 3825 in
1978 3771 2218 3825 Ecclesia
2259 3774 2327 3826 ab

2440 3780 2509 3847 τῇ
2553 3777 2744 3846 Γραφῇ
2776 3775 3050 3842 λέγονται.
3087 3773 3210 3825 Ἐτι
3241 3773 3298 3824 δὲ
3342 3772 3489 3832 ὅπως
3524 3771 3674 3840 παρὰ
3710 3773 3827 3833 τοῖς
3856 3772 4030 3837 εὐαγ-

759 3872 1016 3926 omnibus
1041 3872 1181 3922 inter
1215 3867 1522 3921 ol‘liciorum
1567 3866 1834 3920 solemnia
1887 3865 2218 3930 concinitur,
2276 3865 2332 3918 in

2443 3867 2713 3935 γελισταίς
2767 3865 3053 3934 Ματθαίῳ,
3119 3866 3216 3918 καὶ
3265 3864 3473 3934 Μάρκῳ
3507 3865 3536 3914 ό
3589 3862 3790 3932 Κύριος
3849 3863 4031 3929 λέγων

761 3979 868 4032 quo
894 3963 1060 4014 solius
1129 3959 1225 4012 Dei
1258 3967 1500 4012 sanctum
1554 3956 1806 4010 canimus
1863 3953 2144 4022 Spiritum,
2175 3956 2322 4025 quod

759 4060 922 4110 etiam
951 4057 1017 4109 ad
1070 4055 1261 4108 horum
1313 4052 1730 4120 intelligentiam
1796 4052 2049 4105 nonnihil
2092 4052 2330 4106 confert.

759 4149 914 4216 Quod
944 4149 1087 4202 enim
1132 4149 1188 4201 in
1219 4145 1471 4200 confesso
1505 4153 1608 4212 est,
1641 4145 1818 4212 etiam,
1841 4143 1960 4197 Filii
2023 4159 2168 4210 esse,
2223 4147 2324 4200 soli

761 4242 907 4294 Patri
961 4240 1272 4294 ascribitur.
1311 4235 1372 4289 Et
1405 4250 1643 4304 quanam
1675 4235 1781 4288 alia
1840 4236 2050 4290 ratione
2081 4237 2132 4290 id
2184 4252 2332 4292 assc-

761 4339 1061 4395 veraretur,
1094 4327 1198 4381 nisi
1217 4328 1284 4382 de
1312 4325 1593 4393 principali
1621 4339 1788 4380 causa
1837 4324 1998 4380 Patre
2024 4327 2324 4382 dictionem

761 4429 902 4479 hanc
933 4424 1203 4493 quiSpiam
1234 4420 1647 4490 explanaverit?

2441 3960 2778 4030 εὑρίσκεται,
2801 3959 2862 4010 τὸ
2895 3957 3036 4025 Περὶ
3073 3955 3181 4025 τῆς
3217 3956 3439 4024 ἡμέρας
3465 3955 3706 4020 ἐκείνης
3742 3955 3844 4006 καὶ
3870 3953 4033 4020 ὥρας

2446 4051 2644 4115 οὐδεὶς
2677 4046 2863 4113 οἶδεν,
2892 4047 3038 4102 οὐδὲ
3067 4049 3124 4100 οι
3164 4047 3408 4116 ἄγγελοι
3446 4049 3498 4099 οι
3528 4047 3599 4098 ὲν
3637 4044 3715 4108 τῷ
3762 4045 4030 4110 οὐρανῷ,

2449 4141 2591 4194 οὐδὲ
2619 4144 2650 4193 d
2709 4139 2863 4204 Υἱὸς,
2898 4141 2948 4192 ει
2979 4137 3064 4206 μὴ
3097 4141 3128 4191 d
3169 4135 3374 4203 Πατὴρ
3423 4137 3632 4205 μόνος.
3682 4136 3817 4187 Οὐδὲ
3855 4137 3918 4187 τὸ
3943 4135 4034 4188 tn‘

2458 4231 2784 4301 Ἐκκλησίας
2839 4230 2991 4299 παρὰ
3035 4229 3255 4281 πάντων
3285 4229 3342 4280 ὲν
3367 4230 3486 4289 ταῖς
3543 4227 3712 4287 θείαις
3766 4226 4034 4295 ᾀδόμενον

2449 4324 2764 4394 ὑμνῳδίαις,
2817 4323 2874 4374 ὲν
2923 4315 2968 4388 ᾧ
3017 4321 3218 4390 μόνου
3293 4317 3442 4372 Θεοῦ
3495 4318 3668 4386 ἄτιον
3743 4317 4031 4386 ψαλλομεν

2446 4418 2714 4485 Πνεῦμα,
2773 4413 3063 4474 ἁσυντελὲς
3140 4410 3274 4479 πρὸς
3333 4413 3431 4480 τὴν
3485 4411 3741 4477 τοιαύτην
3821 4409 4038 4461 ἔννοιαν

760 4522 933 4571 ἔσται.
990 4516 1062 4568 Τὸ
1119 4517 1225 4582 γὰρ
1283 4511 1735 4583 ὁμολογουμένως
1785 4509 1878 4562 xa‘t
1916 4509 2008 4560 τοῦ
2061 4508 2192 4560 Υἱοῦ
2242 4507 2300 4561 ὃν
2344 4507 2505 4578 μόνου
2551 4507 2646 4559 τοῦ
2685 4505 2895 4575 Πατρὸς
2923 4501 3157 4557 ἐνταῦθα
3189 4501 3410 4571 ιρῤέθη.
3448 4499 3557 4553 Καὶ
3583 4497 3697 4561 πῶς
3725 4498 3791 4551 ἂν
3827 4499 4033 4577 ἄλλως⁹

761 4613 808 4662 ει
839 4609 915 4678 μὴ
979 4607 1068 4662 διὰ
1097 4608 1159 4658 τὸ
1221 4605 1447 4675 ἀρχικὸν
1487 4603 1580 4658 τοῦ
1619 4603 1832 4671 Πατρός
1871 4601 1970 4672 τὴν
2021 4599 2165 4664 λέξιν
2203 4601 2557 4670 διευκρινήσῃ
2585 4615 2704 4663 τις;
3099 4601 3101 4604 ⁴

830 4706 920 4759 3'2.
959 4703 1183 4782 alagnus
1206 4716 1370 4772 porro
1398 4699 1733 4753 Athanasius
1777 4699 1846 4752 de
1891 4696 2106 4766 synodo
2135 4695 2334 4748 Arimi-

2519 4689 2628 4761 ιβ’.
2677 4691 2734 4743 '0
2767 4691 2822 4744 δὲ
2869 4691 3041 4762 μέγας
3093 4688 3407 4750 Ἀθανάσιος
3457 4687 3516 4738 ὲν
3569 4690 3634 4757 τῇ
3684 4687 3813 4755 περὶ
3847 4687 3950 4757 τῆς
3978 4689 4038 4739 ὲν

761 4799 917 4853 nensi
954 4797 1022 4848 ad
1051 4795 1212 4847 Afros
1274 4793 1528 4861 epistola,
1562 4793 1738 4844 solum
1790 4790 1990 4844 fontem
2057 4803 2212 4856 aqua:
2249 4788 2327 4840 vi-

764 4891 958 4952 tentis,
997 4897 1051 4942 et
1078 4902 1238 4940 nemo
1257 4885 1602 4948 dubitaverit,
1622 4882 1885 4950 Spiritum
1916 4891 2161 4934 sanctum
2217 4893 2338 4933 esse

763 4984 901 5035 hanc
952 4992 1149 5048 aquam
1188 4976 1477 5038 viventem,
1542 4971 1753 5026 Patrem
1819 4985 2040 5032 vocans,
2103 4984 2210 5022 non
2267 4968 2337 5022 ob

763 5073 923 5126 aliam
960 5071 1211 5134 equident
1247 5067 1512 5120 rationem
1546 5080 1708 5135 quam
1735 5074 1954 5133 propter
1980 5061 2334 5131 principalem

760 5178 986 5218 causam
1019 5161 1233 5214 Patrem
1295 5159 1601 5227 intelligere
1645 5157 1877 5219 dictum,
1916 5155 2073 5208 nobis
2103 5153 2333 5208 faculta-

765 5272 872 5312 lem
904 5255 1114 5320 fecerit,
1148 5269 1269 5307 cum
1298 5262 1352 5305 et
1395 5252 1512 5318 ipse
1555 5249 1900 5317 potissimum
1931 5247 1982 5298 in
2033 5247 2154 5299 aliis
2186 5260 2337 5312 repe-

767 5351 940 5402 riatur
971 5348 1173 5400 fontem
1216 5343 1452 5412 Spiritus
1486 5339 1682 5393 Filium
1739 5352 2074 5405 nuncupare.
2108 5335 2339 5389 Verum-

765 5450 947 5494 tamen
980 5436 1222 5504 antiquis
1246 5435 1496 5488 Patribus
1532 5432 1685 5497 illud,
1718 5444 1780 5483 ea:
1813 5427 1980 5491 Filio,
2018 5430 2138 5481 loco
2167 5427 2335 5491 illius.

766 5549 860 5603 per
895 5530 1121 5593 Filium,
1154 5529 1372 5598 agnosci
1406 5535 1458 5581 et
1488 5525 1596 5579 dici
1656 5533 1843 5588 aperte
1896 5530 2130 5584 constat,
2194 5521 2338 5588 quod

767 5631 823 5674 et
859 5634 1087 5690 magnus
1118 5617 1373 5681 Basilius,
1403 5626 1457 5671 et
1493 5619 1545 5668 in
1579 5613 1899 5684 theologicis
1931 5611 2335 5683 pertractandi:

844 5778 863 5808 ³
889 5773 1076 5829 Matth.
1116 5789 1259 5841 utv,
1290 5772 1395 5840 36;
1434 5770 1600 5826 Marc.
1628 5786 1745 5837 xm,
1782 5768 1869 5824 52.

2445 4782 2733 4854 Ἀριμήνῳ
2765 4783 2986 4835 συνόδου
3019 4781 3157 4849 πρὸς
3183 4780 3310 4841 τοὺς
3343 4780 3586 4848 Ἀφρους
3638 4777 3898 4846 ἐπιστολῇ
3939 4779 4038 4829 αὑ-

2443 4874 2560 4936 τοῦ,
2595 4875 2763 4942 μόνην
2820 4873 3003 4941 πηγὴν
3063 4872 3156 4924 τοῦ
3189 4871 3392 4935 ζῶντος
3447 4869 3639 4928 ὓδατος
3675 4885 3690 4898 ⁸
3730 4868 3824 4920 καὶ
3854 4867 4037 4928 οὐδεὶς

2445 4965 2806 5034 ἀμφιϐάλλει,
2840 4966 2914 5032 μὴ
2941 4964 3000 5014 τὸ
3033 4961 3259 5031 Πνεῦμα
3314 4961 3378 5012 τὸ
3434 4960 3592 5026 ἆγιον
3635 4957 3695 5010 τὸ
3734 4957 3846 5020 ζῶν
3874 4958 4037 5010 τοῦτο

2444 5059 2584 5128 ὕδωρ
2609 5053 2750 5109 εἶναι
2772 5069 2787 5085 °
2813 5055 2905 5108 τὸν
2939 5056 3155 5123 Πατέρα
3187 5053 3440 5114 καλέσας,
3470 5051 3609 5104 διατι
3628 5050 3693 5102 ἂν
3715 5050 3865 5110 ἄλλο,
3894 5051 3929 5118 ἢ
3955 5052 4037 5102 ὅτι

2449 5148 2549 5217 μὲν
2575 5149 2664 5200 διὰ
2694 5147 2754 5198 τὸ
2782 5145 3012 5215 ἀρχικὸν
3035 5143 3130 5196 τοῦ
3159 5145 3369 5212 Πατρός
3395 5145 3455 5193 τὸ
3502 5142 3666 5212 ῥητὸν
3720 5141 3863 5211 ἐάσῃ
3915 5142 4035 5207 νοῇ-

2452 5256 2538 5290 σαι
2567 5240 2737 5307 ἡμᾶς’
2775 5237 2964 5305 ἐπειδὴ
2997 5235 3092 5287 καὶ
3123 5235 3359 5304 μάλιστα
3382 5234 3542 5295 αὑτός
3595 5238 3740 5284 ἐστιν
3764 5233 3794 5283 ό
3816 5232 3913 5283 καὶ
3949 5232 4037 5283 τὴν

2450 5333 2582 5385 Υὶὸν
2646 5333 2703 5383 ὲν
2745 5330 2925 5390 ἄλλοις
2988 5329 3170 5397 πηγὴν
3229 5325 3324 5378 τοῦ
3381 5323 3698 5392 Πνεὺματος
3754 5321 4035 5391 ἁριδήλως

2443 5423 2738 5478 ἀποκαλῶν
2773 5441 2787 5488 ;
2827 5422 2907 5474 ὃτι
2950 5420 3006 5473 δὲ
3050 5423 3160 5482 τοῖς
3200 5418 3369 5471 πάλαι
3426 5415 3674 5486 Πατράσι
3721 5415 3804 5477 τὸ,
3833 5415 3902 5465 ἐκ
3932 5413 4041 5464 τοῦ

2453 5517 2608 5579 Υὶοῦ,
2658 5517 2778 5568 ἀντὶ
2833 5514 2924 5566 τοῦ
2955 5557 2969 5578 ,
3011 5512 3108 5567 διὰ
3179 5511 3286 5564 τοῦ
3356 5509 3491 5564 Υιοῦ
3521 5547 3537 5571 ,
3600 5505 4043 5573 ἐπιγινωσκόμε-

2442 5626 2532 5661 νον
2560 5604 2648 5678 ἦν,
2685 5607 2844 5678 δῆλον
2903 5606 2999 5660 καὶ
3029 5604 3138 5658 ἀπὸ
3189 5601 3284 5656 τοῦ
3345 5604 3438 5655 τὸν
3493 5600 3668 5670 μέγαν
3733 5596 4042 5657 Βασίλειον,
