  <div class='ocr_page' id='page_1' title='image "/cluster/home/n/w/nwhite01/storage/ocr_20150623/141/nnc1.0046979964/526.png"; bbox 0 0 4214 6446; ppageno 0'>
   <div class='ocr_carea' id='block_1_1' title="bbox 196 393 326 470">
    <p class='ocr_par' dir='ltr' id='par_1_1' title="bbox 196 393 326 470">
     <span class='ocr_line' id='line_1_1' title="bbox 196 393 326 470; baseline -0.031 -1"><span class='ocrx_word' id='word_1_1' title='bbox 196 393 326 470; x_wconf 82' lang='grc'><strong>1001</strong></span> 
     </span>
    </p>
   </div>
   <div class='ocr_carea' id='block_1_2' title="bbox 1197 400 2405 465">
    <p class='ocr_par' dir='ltr' id='par_1_2' title="bbox 1197 400 2405 465">
     <span class='ocr_line' id='line_1_2' title="bbox 1197 400 2405 465; baseline -0.007 0"><span class='ocrx_word' id='word_1_2' title='bbox 1197 406 1293 465; x_wconf 88' lang='lat' dir='ltr'><strong>DE</strong></span> <span class='ocrx_word' id='word_1_3' title='bbox 1339 404 1840 465; x_wconf 74' lang='lat' dir='ltr'><strong>DEPOSITIONE</strong></span> <span class='ocrx_word' id='word_1_4' title='bbox 1880 401 2021 460; x_wconf 64' lang='lat' dir='ltr'><strong>SUA</strong></span> <span class='ocrx_word' id='word_1_5' title='bbox 2067 400 2281 460; x_wconf 60' lang='lat' dir='ltr'><strong>OllA&#39;l‘.</strong></span> <span class='ocrx_word' id='word_1_6' title='bbox 2334 400 2405 458; x_wconf 85' lang='lat' dir='ltr'><strong>Il.</strong></span> 
     </span>
    </p>
   </div>
   <div class='ocr_carea' id='block_1_3' title="bbox 3289 392 3423 457">
    <p class='ocr_par' dir='ltr' id='par_1_3' title="bbox 3289 392 3423 457">
     <span class='ocr_line' id='line_1_3' title="bbox 3289 392 3423 457; baseline -0.03 0"><span class='ocrx_word' id='word_1_7' title='bbox 3289 392 3423 457; x_wconf 79' lang='grc' dir='ltr'><strong>10οΞ</strong></span> 
     </span>
    </p>
   </div>
   <div class='ocr_carea' id='block_1_4' title="bbox 194 508 1858 590">
    <p class='ocr_par' dir='ltr' id='par_1_4' title="bbox 194 517 1831 590">
     <span class='ocr_line' id='line_1_4' title="bbox 194 517 1831 590; baseline 0.001 -22"><span class='ocrx_word' id='word_1_8' title='bbox 194 523 286 570; x_wconf 69' lang='grc' dir='ltr'>καὶ</span> <span class='ocrx_word' id='word_1_9' title='bbox 342 517 436 570; x_wconf 79' lang='grc' dir='ltr'>τὸν</span> <span class='ocrx_word' id='word_1_10' title='bbox 491 517 951 587; x_wconf 65' lang='grc' dir='ltr'>θεελογικὼτατον</span> <span class='ocrx_word' id='word_1_11' title='bbox 1007 518 1228 587; x_wconf 68' lang='grc' dir='ltr'>Νὐσσης</span> <span class='ocrx_word' id='word_1_12' title='bbox 1280 520 1404 590; x_wconf 79' lang='grc' dir='ltr'>μηδ’</span> <span class='ocrx_word' id='word_1_13' title='bbox 1485 521 1620 581; x_wconf 76' lang='grc' dir='ltr'>ὅλως</span> <span class='ocrx_word' id='word_1_14' title='bbox 1670 519 1755 570; x_wconf 72' lang='grc' dir='ltr'><strong>διὰ</strong></span> <span class='ocrx_word' id='word_1_15' title='bbox 1788 529 1831 582; x_wconf 78' lang='grc' dir='ltr'><strong>Α</strong></span> 
     </span>
    </p>
   </div>
   <div class='ocr_carea' id='block_1_5' title="bbox 1759 508 3423 590">
    <p class='ocr_par' dir='ltr' id='par_1_5' title="bbox 1788 508 3423 584">
     <span class='ocr_line' id='line_1_5' title="bbox 1788 508 3423 584; baseline -0.003 -15"><span class='ocrx_word' id='word_1_16' title='bbox 1788 529 1831 582; x_wconf 77' lang='grc' dir='ltr'><strong>Α</strong></span> <span class='ocrx_word' id='word_1_17' title='bbox 1861 516 2248 570; x_wconf 84' lang='lat' dir='ltr'><strong>celeberrimus</strong></span> <span class='ocrx_word' id='word_1_18' title='bbox 2285 515 2564 584; x_wconf 70' lang='lat' dir='ltr'><strong>Nysseutts</strong></span> <span class='ocrx_word' id='word_1_19' title='bbox 2600 513 2649 565; x_wconf 87' lang='lat' dir='ltr'><strong>in</strong></span> <span class='ocrx_word' id='word_1_20' title='bbox 2690 513 2968 573; x_wconf 86' lang='lat' dir='ltr'><strong>omnibus,</strong></span> <span class='ocrx_word' id='word_1_21' title='bbox 3009 525 3129 581; x_wconf 65' lang='lat' dir='ltr'><strong>qua!</strong></span> <span class='ocrx_word' id='word_1_22' title='bbox 3165 508 3423 565; x_wconf 80' lang='lat' dir='ltr'><strong>adversus</strong></span> 
     </span>
    </p>
   </div>
   <div class='ocr_carea' id='block_1_6' title="bbox 189 605 1756 682">
    <p class='ocr_par' dir='ltr' id='par_1_6' title="bbox 189 605 1756 682">
     <span class='ocr_line' id='line_1_6' title="bbox 189 605 1756 682; baseline 0 -20"><span class='ocrx_word' id='word_1_23' title='bbox 189 611 412 662; x_wconf 76' lang='grc' dir='ltr'>πάντων</span> <span class='ocrx_word' id='word_1_24' title='bbox 440 605 514 664; x_wconf 79' lang='grc' dir='ltr'>ὧν</span> <span class='ocrx_word' id='word_1_25' title='bbox 567 612 689 663; x_wconf 79' lang='grc' dir='ltr'>κατ’</span> <span class='ocrx_word' id='word_1_26' title='bbox 751 612 1015 679; x_wconf 79' lang='grc' dir='ltr'>Εὑνομίου</span> <span class='ocrx_word' id='word_1_27' title='bbox 1092 611 1501 682; x_wconf 74' lang='grc' dir='ltr'><strong>συνεγράψαντο</strong></span> <span class='ocrx_word' id='word_1_28' title='bbox 1541 612 1756 681; x_wconf 57' lang='grc' dir='ltr'>Ἀντέρ-</span> 
     </span>
    </p>
   </div>
   <div class='ocr_carea' id='block_1_7' title="bbox 190 701 1756 775">
    <p class='ocr_par' dir='ltr' id='par_1_7' title="bbox 190 701 1756 775">
     <span class='ocr_line' id='line_1_7' title="bbox 190 701 1756 775; baseline 0.003 -24"><span class='ocrx_word' id='word_1_29' title='bbox 190 701 457 769; x_wconf 78' lang='grc' dir='ltr'>ρητικῶν,</span> <span class='ocrx_word' id='word_1_30' title='bbox 511 702 784 757; x_wconf 76' lang='grc' dir='ltr'><strong>ἀντειπεῖν</strong></span> <span class='ocrx_word' id='word_1_31' title='bbox 833 704 1029 772; x_wconf 73' lang='grc' dir='ltr'>ἐκείνῳ</span> <span class='ocrx_word' id='word_1_32' title='bbox 1092 704 1228 774; x_wconf 78' lang='grc' dir='ltr'>πρὸς</span> <span class='ocrx_word' id='word_1_33' title='bbox 1283 705 1383 775; x_wconf 81' lang='grc' dir='ltr'>τὴν</span> <span class='ocrx_word' id='word_1_34' title='bbox 1416 705 1480 757; x_wconf 76' lang='grc' dir='ltr'>ὲκ</span> <span class='ocrx_word' id='word_1_35' title='bbox 1500 706 1593 757; x_wconf 81' lang='grc' dir='ltr'>τοῦ</span> <span class='ocrx_word' id='word_1_36' title='bbox 1626 704 1756 756; x_wconf 78' lang='grc' dir='ltr'><strong>Υἱοῦ</strong></span> 
     </span>
    </p>
   </div>
   <div class='ocr_carea' id='block_1_8' title="bbox 188 793 1756 863">
    <p class='ocr_par' dir='ltr' id='par_1_8' title="bbox 188 793 1756 863">
     <span class='ocr_line' id='line_1_8' title="bbox 188 793 1756 863; baseline 0.003 -22"><span class='ocrx_word' id='word_1_37' title='bbox 188 793 405 859; x_wconf 60' lang='grc' dir='ltr'>φωνὴν,</span> <span class='ocrx_word' id='word_1_38' title='bbox 433 793 571 846; x_wconf 78' lang='grc' dir='ltr'><strong>ἀλλὰ</strong></span> <span class='ocrx_word' id='word_1_39' title='bbox 604 797 788 848; x_wconf 81' lang='grc' dir='ltr'>πᾶσαν</span> <span class='ocrx_word' id='word_1_40' title='bbox 814 793 911 863; x_wconf 82' lang='grc' dir='ltr'>τὴν</span> <span class='ocrx_word' id='word_1_41' title='bbox 940 795 1058 848; x_wconf 76' lang='grc' dir='ltr'>κατ’</span> <span class='ocrx_word' id='word_1_42' title='bbox 1090 796 1299 848; x_wconf 73' lang='grc' dir='ltr'>ἐκείνου</span> <span class='ocrx_word' id='word_1_43' title='bbox 1344 795 1616 849; x_wconf 74' lang='grc' dir='ltr'>ποιεῖσθαι</span> <span class='ocrx_word' id='word_1_44' title='bbox 1662 799 1756 848; x_wconf 85' lang='grc' dir='ltr'><strong>ἀν-</strong></span> 
     </span>
    </p>
   </div>
   <div class='ocr_carea' id='block_1_9' title="bbox 186 878 1756 950">
    <p class='ocr_par' dir='ltr' id='par_1_9' title="bbox 186 878 1756 950">
     <span class='ocr_line' id='line_1_9' title="bbox 186 878 1756 950; baseline 0 -20"><span class='ocrx_word' id='word_1_45' title='bbox 186 882 481 950; x_wconf 70' lang='grc' dir='ltr'>τίρρησιν,</span> <span class='ocrx_word' id='word_1_46' title='bbox 536 884 625 950; x_wconf 73' lang='grc' dir='ltr'><strong>ἐφ’</strong></span> <span class='ocrx_word' id='word_1_47' title='bbox 664 878 745 943; x_wconf 74' lang='grc' dir='ltr'>οἷς</span> <span class='ocrx_word' id='word_1_48' title='bbox 805 882 1015 950; x_wconf 82' lang='grc' dir='ltr'><strong>κτίσμα</strong></span> <span class='ocrx_word' id='word_1_49' title='bbox 1068 884 1163 935; x_wconf 67' lang='grc' dir='ltr'><strong>καὶ</strong></span> <span class='ocrx_word' id='word_1_50' title='bbox 1214 882 1428 950; x_wconf 85' lang='grc' dir='ltr'>ποίημα</span> <span class='ocrx_word' id='word_1_51' title='bbox 1469 880 1565 933; x_wconf 77' lang='grc' dir='ltr'>τοῦ</span> <span class='ocrx_word' id='word_1_52' title='bbox 1623 879 1756 931; x_wconf 59' lang='lat' dir='ltr'><strong>Tim?</strong></span> 
     </span>
    </p>
   </div>
   <div class='ocr_carea' id='block_1_10' title="bbox 186 970 1760 1043">
    <p class='ocr_par' dir='ltr' id='par_1_10' title="bbox 186 970 1760 1043">
     <span class='ocr_line' id='line_1_10' title="bbox 186 970 1760 1043; baseline 0.002 -23"><span class='ocrx_word' id='word_1_53' title='bbox 186 971 248 1022; x_wconf 71' lang='grc' dir='ltr'>τὸ</span> <span class='ocrx_word' id='word_1_54' title='bbox 281 971 515 1040; x_wconf 80' lang='grc' dir='ltr'><strong>Πνεῦμα</strong></span> <span class='ocrx_word' id='word_1_55' title='bbox 568 975 597 1025; x_wconf 87' lang='grc' dir='ltr'><strong>ὁ</strong></span> <span class='ocrx_word' id='word_1_56' title='bbox 647 974 875 1041; x_wconf 81' lang='grc' dir='ltr'>μάταιος</span> <span class='ocrx_word' id='word_1_57' title='bbox 926 973 1290 1043; x_wconf 68' lang='grc' dir='ltr'>ἐϐλασφήμει.</span> <span class='ocrx_word' id='word_1_58' title='bbox 1351 973 1460 1026; x_wconf 71' lang='grc' dir='ltr'><strong>Καὶ</strong></span> <span class='ocrx_word' id='word_1_59' title='bbox 1506 972 1605 1041; x_wconf 84' lang='grc' dir='ltr'>τὴν</span> <span class='ocrx_word' id='word_1_60' title='bbox 1650 970 1760 1023; x_wconf 83' lang='grc' dir='ltr'>τῶν</span> 
     </span>
    </p>
   </div>
   <div class='ocr_carea' id='block_1_11' title="bbox 187 1060 1758 1134">
    <p class='ocr_par' dir='ltr' id='par_1_11' title="bbox 187 1060 1758 1134">
     <span class='ocr_line' id='line_1_11' title="bbox 187 1060 1758 1134; baseline 0.003 -24"><span class='ocrx_word' id='word_1_61' title='bbox 187 1060 368 1126; x_wconf 63' lang='grc' dir='ltr'>λόγων</span> <span class='ocrx_word' id='word_1_62' title='bbox 394 1063 600 1115; x_wconf 75' lang='grc' dir='ltr'>τούτων</span> <span class='ocrx_word' id='word_1_63' title='bbox 627 1064 887 1131; x_wconf 74' lang='grc' dir='ltr'>ἀλήθειαν</span> <span class='ocrx_word' id='word_1_64' title='bbox 914 1063 1305 1131; x_wconf 75' lang='grc' dir='ltr'>ἐπιγνώσεται,</span> <span class='ocrx_word' id='word_1_65' title='bbox 1336 1067 1363 1117; x_wconf 85' lang='grc' dir='ltr'>ὁ</span> <span class='ocrx_word' id='word_1_66' title='bbox 1394 1065 1462 1117; x_wconf 83' lang='grc' dir='ltr'>τὰ</span> <span class='ocrx_word' id='word_1_67' title='bbox 1492 1065 1758 1134; x_wconf 75' lang='grc' dir='ltr'><strong>εἰρημένα</strong></span> 
     </span>
    </p>
   </div>
   <div class='ocr_carea' id='block_1_12' title="bbox 192 1153 1755 1226">
    <p class='ocr_par' dir='ltr' id='par_1_12' title="bbox 192 1153 1755 1226">
     <span class='ocr_line' id='line_1_12' title="bbox 192 1153 1755 1226; baseline 0.006 -24"><span class='ocrx_word' id='word_1_68' title='bbox 192 1153 689 1223; x_wconf 70' lang='grc' dir='ltr'>ὲπιστιὶτικώτερον</span> <span class='ocrx_word' id='word_1_69' title='bbox 801 1156 1238 1225; x_wconf 76' lang='grc' dir='ltr'><strong>ἐπισκεψόμενος</strong></span> <span class='ocrx_word' id='word_1_70' title='bbox 1350 1156 1755 1226; x_wconf 70' lang='grc' dir='ltr'>Ἀντιρρητικά.</span> 
     </span>
    </p>
   </div>
   <div class='ocr_carea' id='block_1_13' title="bbox 199 1245 1759 1318">
    <p class='ocr_par' dir='ltr' id='par_1_13' title="bbox 199 1245 1759 1318">
     <span class='ocr_line' id='line_1_13' title="bbox 199 1245 1759 1318; baseline 0.003 -24"><span class='ocrx_word' id='word_1_71' title='bbox 199 1245 399 1296; x_wconf 79' lang='grc' dir='ltr'>Καίτοι</span> <span class='ocrx_word' id='word_1_72' title='bbox 426 1261 489 1311; x_wconf 81' lang='grc' dir='ltr'><strong>γε</strong></span> <span class='ocrx_word' id='word_1_73' title='bbox 526 1248 572 1297; x_wconf 85' lang='grc' dir='ltr'><strong>εἰ</strong></span> <span class='ocrx_word' id='word_1_74' title='bbox 604 1246 678 1318; x_wconf 77' lang='grc' dir='ltr'>μὴ</span> <span class='ocrx_word' id='word_1_75' title='bbox 721 1247 1018 1310; x_wconf 82' lang='grc' dir='ltr'><strong>ἀκωλύτως</strong></span> <span class='ocrx_word' id='word_1_76' title='bbox 1070 1247 1409 1313; x_wconf 76' lang='grc' dir='ltr'>ἐθεολογεῑτο</span> <span class='ocrx_word' id='word_1_77' title='bbox 1438 1247 1519 1311; x_wconf 78' lang='grc' dir='ltr'>τὸ,</span> <span class='ocrx_word' id='word_1_78' title='bbox 1565 1249 1627 1299; x_wconf 83' lang='grc' dir='ltr'>ὲκ</span> <span class='ocrx_word' id='word_1_79' title='bbox 1664 1246 1759 1299; x_wconf 81' lang='grc' dir='ltr'>τοῦ</span> 
     </span>
    </p>
   </div>
   <div class='ocr_carea' id='block_1_14' title="bbox 198 1336 1763 1410">
    <p class='ocr_par' dir='ltr' id='par_1_14' title="bbox 198 1336 1763 1410">
     <span class='ocr_line' id='line_1_14' title="bbox 198 1336 1763 1410; baseline 0.001 -22"><span class='ocrx_word' id='word_1_80' title='bbox 198 1336 356 1395; x_wconf 83' lang='grc' dir='ltr'><strong>Υἰοῦ,</strong></span> <span class='ocrx_word' id='word_1_81' title='bbox 396 1337 497 1387; x_wconf 81' lang='grc' dir='ltr'>οὐκ</span> <span class='ocrx_word' id='word_1_82' title='bbox 537 1337 602 1388; x_wconf 80' lang='grc' dir='ltr'>ἄν</span> <span class='ocrx_word' id='word_1_83' title='bbox 642 1356 694 1390; x_wconf 87' lang='grc' dir='ltr'><strong>τι</strong></span> <span class='ocrx_word' id='word_1_84' title='bbox 734 1337 863 1390; x_wconf 79' lang='grc' dir='ltr'>ἄλλο</span> <span class='ocrx_word' id='word_1_85' title='bbox 919 1338 1053 1410; x_wconf 73' lang='grc' dir='ltr'>πρὸς</span> <span class='ocrx_word' id='word_1_86' title='bbox 1105 1337 1416 1409; x_wconf 74' lang='grc' dir='ltr'>καταϐολὴν</span> <span class='ocrx_word' id='word_1_87' title='bbox 1459 1339 1559 1405; x_wconf 70' lang='grc' dir='ltr'>τῆς</span> <span class='ocrx_word' id='word_1_88' title='bbox 1600 1338 1763 1391; x_wconf 62' lang='grc' dir='ltr'>Εὐνο-</span> 
     </span>
    </p>
   </div>
   <div class='ocr_carea' id='block_1_15' title="bbox 190 1425 1762 1502">
    <p class='ocr_par' dir='ltr' id='par_1_15' title="bbox 190 1425 1762 1502">
     <span class='ocr_line' id='line_1_15' title="bbox 190 1425 1762 1502; baseline 0.002 -22"><span class='ocrx_word' id='word_1_89' title='bbox 190 1429 321 1497; x_wconf 83' lang='grc' dir='ltr'><strong>μίου</strong></span> <span class='ocrx_word' id='word_1_90' title='bbox 351 1428 621 1495; x_wconf 71' lang='grc' dir='ltr'>αἱρέσεως</span> <span class='ocrx_word' id='word_1_91' title='bbox 651 1431 701 1481; x_wconf 91' lang='grc' dir='ltr'><strong>οἰ</strong></span> <span class='ocrx_word' id='word_1_92' title='bbox 730 1431 972 1501; x_wconf 85' lang='grc' dir='ltr'>Πατέρες</span> <span class='ocrx_word' id='word_1_93' title='bbox 1017 1425 1165 1484; x_wconf 70' lang='grc' dir='ltr'>οὗτοι</span> <span class='ocrx_word' id='word_1_94' title='bbox 1216 1432 1565 1502; x_wconf 73' lang='grc' dir='ltr'><strong>ἰσχυρότερον</strong></span> <span class='ocrx_word' id='word_1_95' title='bbox 1602 1430 1762 1499; x_wconf 70' lang='grc' dir='ltr'>ἐσχον</span> 
     </span>
    </p>
   </div>
   <div class='ocr_carea' id='block_1_16' title="bbox 185 1520 1761 1589">
    <p class='ocr_par' dir='ltr' id='par_1_16' title="bbox 185 1520 1761 1589">
     <span class='ocr_line' id='line_1_16' title="bbox 185 1520 1761 1589; baseline 0.002 -18"><span class='ocrx_word' id='word_1_96' title='bbox 185 1522 370 1572; x_wconf 82' lang='grc' dir='ltr'>εἰπεῖν</span> <span class='ocrx_word' id='word_1_97' title='bbox 396 1521 637 1589; x_wconf 80' lang='grc' dir='ltr'>ἔχοντες,</span> <span class='ocrx_word' id='word_1_98' title='bbox 672 1521 746 1583; x_wconf 83' lang='grc' dir='ltr'>ὡς</span> <span class='ocrx_word' id='word_1_99' title='bbox 780 1520 842 1574; x_wconf 83' lang='grc' dir='ltr'>Εἰ</span> <span class='ocrx_word' id='word_1_100' title='bbox 892 1524 985 1574; x_wconf 78' lang='grc' dir='ltr'>καὶ</span> <span class='ocrx_word' id='word_1_101' title='bbox 1034 1522 1249 1589; x_wconf 83' lang='grc' dir='ltr'>ποίημα</span> <span class='ocrx_word' id='word_1_102' title='bbox 1307 1522 1488 1589; x_wconf 81' lang='grc' dir='ltr'>λέγειν</span> <span class='ocrx_word' id='word_1_103' title='bbox 1528 1522 1761 1574; x_wconf 83' lang='grc' dir='ltr'>ἀποτολ-</span> 
     </span>
    </p>
   </div>
   <div class='ocr_carea' id='block_1_17' title="bbox 187 1611 1756 1683">
    <p class='ocr_par' dir='ltr' id='par_1_17' title="bbox 187 1611 1756 1683">
     <span class='ocr_line' id='line_1_17' title="bbox 187 1611 1756 1683; baseline 0.003 -21"><span class='ocrx_word' id='word_1_104' title='bbox 187 1612 296 1681; x_wconf 75' lang='grc' dir='ltr'><strong>μᾷς</strong></span> <span class='ocrx_word' id='word_1_105' title='bbox 326 1611 390 1663; x_wconf 82' lang='grc' dir='ltr'>τὸ</span> <span class='ocrx_word' id='word_1_106' title='bbox 444 1612 696 1682; x_wconf 77' lang='grc' dir='ltr'>Πνεῦμα,</span> <span class='ocrx_word' id='word_1_107' title='bbox 752 1612 1010 1681; x_wconf 77' lang='grc' dir='ltr'>Εὐνόμιε.</span> <span class='ocrx_word' id='word_1_108' title='bbox 1060 1612 1202 1666; x_wconf 86' lang='grc' dir='ltr'>διατί</span> <span class='ocrx_word' id='word_1_109' title='bbox 1252 1613 1327 1683; x_wconf 81' lang='grc' dir='ltr'>μὴ</span> <span class='ocrx_word' id='word_1_110' title='bbox 1374 1613 1464 1666; x_wconf 81' lang='grc' dir='ltr'><strong>τοῦ</strong></span> <span class='ocrx_word' id='word_1_111' title='bbox 1518 1613 1756 1683; x_wconf 81' lang='grc' dir='ltr'>Πατρδς,</span> 
     </span>
    </p>
   </div>
   <div class='ocr_carea' id='block_1_18' title="bbox 183 1703 1757 1775">
    <p class='ocr_par' dir='ltr' id='par_1_18' title="bbox 183 1703 1757 1775">
     <span class='ocr_line' id='line_1_18' title="bbox 183 1703 1757 1775; baseline 0.002 -20"><span class='ocrx_word' id='word_1_112' title='bbox 183 1704 323 1756; x_wconf 71' lang='grc' dir='ltr'><strong>ἀλλὰ</strong></span> <span class='ocrx_word' id='word_1_113' title='bbox 354 1704 451 1757; x_wconf 77' lang='grc' dir='ltr'>τοῦ</span> <span class='ocrx_word' id='word_1_114' title='bbox 485 1705 613 1758; x_wconf 85' lang='grc' dir='ltr'>Υἰοῦ</span> <span class='ocrx_word' id='word_1_115' title='bbox 661 1705 872 1773; x_wconf 84' lang='grc' dir='ltr'>ποίημα</span> <span class='ocrx_word' id='word_1_116' title='bbox 920 1703 1099 1773; x_wconf 78' lang='grc' dir='ltr'>λέγεις</span> <span class='ocrx_word' id='word_1_117' title='bbox 1133 1706 1291 1771; x_wconf 80' lang='grc' dir='ltr'>αὐτὸ,</span> <span class='ocrx_word' id='word_1_118' title='bbox 1347 1705 1486 1775; x_wconf 80' lang='grc' dir='ltr'>μήτε</span> <span class='ocrx_word' id='word_1_119' title='bbox 1527 1705 1615 1757; x_wconf 81' lang='grc' dir='ltr'><strong>διὰ</strong></span> <span class='ocrx_word' id='word_1_120' title='bbox 1664 1704 1757 1758; x_wconf 85' lang='grc' dir='ltr'>τοῦ</span> 
     </span>
    </p>
   </div>
   <div class='ocr_carea' id='block_1_19' title="bbox 186 1790 991 1864">
    <p class='ocr_par' dir='ltr' id='par_1_19' title="bbox 186 1790 991 1864">
     <span class='ocr_line' id='line_1_19' title="bbox 186 1790 991 1864; baseline -0.001 -18"><span class='ocrx_word' id='word_1_121' title='bbox 186 1794 323 1849; x_wconf 85' lang='grc' dir='ltr'>Υἰοῦ</span> <span class='ocrx_word' id='word_1_122' title='bbox 352 1790 495 1847; x_wconf 76' lang='grc' dir='ltr'>εἶναι</span> <span class='ocrx_word' id='word_1_123' title='bbox 519 1794 783 1864; x_wconf 74' lang='grc' dir='ltr'>ὁμολογού</span> <span class='ocrx_word' id='word_1_124' title='bbox 794 1813 825 1863; x_wconf 85' lang='grc' dir='ltr'><strong>μ</strong></span> <span class='ocrx_word' id='word_1_125' title='bbox 837 1812 956 1847; x_wconf 89' lang='grc' dir='ltr'>ενον</span> <span class='ocrx_word' id='word_1_126' title='bbox 978 1813 991 1861; x_wconf 90' lang='grc'><strong>;</strong></span> 
     </span>
    </p>
   </div>
   <div class='ocr_carea' id='block_1_20' title="bbox 1860 604 3421 676">
    <p class='ocr_par' dir='ltr' id='par_1_20' title="bbox 1860 604 3421 676">
     <span class='ocr_line' id='line_1_20' title="bbox 1860 604 3421 676; baseline -0.004 -14"><span class='ocrx_word' id='word_1_127' title='bbox 1860 608 2180 662; x_wconf 81' lang='lat' dir='ltr'><strong>Eunomiunt</strong></span> <span class='ocrx_word' id='word_1_128' title='bbox 2201 608 2403 676; x_wconf 85' lang='lat' dir='ltr'><strong>scripto</strong></span> <span class='ocrx_word' id='word_1_129' title='bbox 2425 606 2707 660; x_wconf 88' lang='lat' dir='ltr'><strong>ediderunt</strong></span> <span class='ocrx_word' id='word_1_130' title='bbox 2725 604 3125 667; x_wconf 81' lang='lat' dir='ltr'><strong>Antirrlteticis,</strong></span> <span class='ocrx_word' id='word_1_131' title='bbox 3146 619 3421 673; x_wconf 82' lang='lat' dir='ltr'><strong>nunquam</strong></span> 
     </span>
    </p>
   </div>
   <div class='ocr_carea' id='block_1_21' title="bbox 1860 698 3421 759">
    <p class='ocr_par' dir='ltr' id='par_1_21' title="bbox 1860 698 3421 759">
     <span class='ocr_line' id='line_1_21' title="bbox 1860 698 3421 759; baseline -0.004 -6"><span class='ocrx_word' id='word_1_132' title='bbox 1860 701 2078 753; x_wconf 77' lang='lat' dir='ltr'><strong>dictioni</strong></span> <span class='ocrx_word' id='word_1_133' title='bbox 2118 716 2178 751; x_wconf 85' lang='lat' dir='ltr'><strong>ex</strong></span> <span class='ocrx_word' id='word_1_134' title='bbox 2215 698 2352 751; x_wconf 87' lang='lat' dir='ltr'><strong>Filio</strong></span> <span class='ocrx_word' id='word_1_135' title='bbox 2390 698 2855 759; x_wconf 84' lang='lat' dir='ltr'><strong>contradixerunt,</strong></span> <span class='ocrx_word' id='word_1_136' title='bbox 2890 698 2980 750; x_wconf 76' lang='lat' dir='ltr'><strong>sed</strong></span> <span class='ocrx_word' id='word_1_137' title='bbox 3023 711 3239 749; x_wconf 82' lang='lat' dir='ltr'><strong>omnem</strong></span> <span class='ocrx_word' id='word_1_138' title='bbox 3266 709 3421 750; x_wconf 89' lang='lat' dir='ltr'><strong>suam</strong></span> 
     </span>
    </p>
   </div>
   <div class='ocr_carea' id='block_1_22' title="bbox 1860 788 3421 852">
    <p class='ocr_par' dir='ltr' id='par_1_22' title="bbox 1860 788 3421 852">
     <span class='ocr_line' id='line_1_22' title="bbox 1860 788 3421 852; baseline -0.001 -9"><span class='ocrx_word' id='word_1_139' title='bbox 1860 789 2240 845; x_wconf 70' lang='lat' dir='ltr'><strong>refutationem</strong></span> <span class='ocrx_word' id='word_1_140' title='bbox 2265 791 2523 843; x_wconf 76' lang='lat' dir='ltr'><strong>adversus</strong></span> <span class='ocrx_word' id='word_1_141' title='bbox 2553 790 2803 844; x_wconf 88' lang='lat' dir='ltr'><strong>eumdem</strong></span> <span class='ocrx_word' id='word_1_142' title='bbox 2833 789 3251 852; x_wconf 88' lang='lat' dir='ltr'><strong>concinnarunt,</strong></span> <span class='ocrx_word' id='word_1_143' title='bbox 3277 788 3330 841; x_wconf 91' lang='lat' dir='ltr'><strong>in</strong></span> <span class='ocrx_word' id='word_1_144' title='bbox 3355 803 3421 842; x_wconf 79' lang='lat' dir='ltr'><strong>cn</strong></span> 
     </span>
    </p>
   </div>
   <div class='ocr_carea' id='block_1_23' title="bbox 1862 880 3419 949">
    <p class='ocr_par' dir='ltr' id='par_1_23' title="bbox 1862 880 3419 949">
     <span class='ocr_line' id='line_1_23' title="bbox 1862 880 3419 949; baseline -0.003 -14"><span class='ocrx_word' id='word_1_145' title='bbox 1862 892 2067 935; x_wconf 88' lang='lat' dir='ltr'><strong>tantum</strong></span> <span class='ocrx_word' id='word_1_146' title='bbox 2102 888 2283 941; x_wconf 82' lang='lat' dir='ltr'><strong>sitam,</strong></span> <span class='ocrx_word' id='word_1_147' title='bbox 2304 884 2447 949; x_wconf 83' lang='lat' dir='ltr'><strong>quod</strong></span> <span class='ocrx_word' id='word_1_148' title='bbox 2470 881 2558 934; x_wconf 87' lang='lat' dir='ltr'><strong>ille</strong></span> <span class='ocrx_word' id='word_1_149' title='bbox 2579 880 2699 935; x_wconf 89' lang='lat' dir='ltr'><strong>Filii</strong></span> <span class='ocrx_word' id='word_1_150' title='bbox 2732 890 3036 934; x_wconf 85' lang='lat' dir='ltr'><strong>creaturam</strong></span> <span class='ocrx_word' id='word_1_151' title='bbox 3062 895 3124 935; x_wconf 92' lang='lat' dir='ltr'><strong>ac</strong></span> <span class='ocrx_word' id='word_1_152' title='bbox 3152 881 3419 934; x_wconf 83' lang='lat' dir='ltr'><strong>facturam</strong></span> 
     </span>
    </p>
   </div>
   <div class='ocr_carea' id='block_1_24' title="bbox 1863 972 3419 1043">
    <p class='ocr_par' dir='ltr' id='par_1_24' title="bbox 1863 972 3419 1043">
     <span class='ocr_line' id='line_1_24' title="bbox 1863 972 3419 1043; baseline -0.003 -15"><span class='ocrx_word' id='word_1_153' title='bbox 1863 973 2122 1043; x_wconf 76' lang='lat' dir='ltr'><strong>Spiritum</strong></span> <span class='ocrx_word' id='word_1_154' title='bbox 2149 990 2266 1027; x_wconf 79' lang='lat' dir='ltr'><strong>esse</strong></span> <span class='ocrx_word' id='word_1_155' title='bbox 2291 972 2516 1027; x_wconf 90' lang='lat' dir='ltr'><strong>futilitcr</strong></span> <span class='ocrx_word' id='word_1_156' title='bbox 2544 981 2597 1027; x_wconf 90' lang='lat' dir='ltr'><strong>et</strong></span> <span class='ocrx_word' id='word_1_157' title='bbox 2647 973 2962 1042; x_wconf 85' lang='lat' dir='ltr'><strong>blaspheme</strong></span> <span class='ocrx_word' id='word_1_158' title='bbox 3020 974 3419 1041; x_wconf 70' lang='lat' dir='ltr'><strong>pronuntiaret.</strong></span> 
     </span>
    </p>
   </div>
   <div class='ocr_carea' id='block_1_25' title="bbox 1862 1065 3423 1133">
    <p class='ocr_par' dir='ltr' id='par_1_25' title="bbox 1862 1065 3423 1133">
     <span class='ocr_line' id='line_1_25' title="bbox 1862 1065 3423 1133; baseline -0.002 -13"><span class='ocrx_word' id='word_1_159' title='bbox 1862 1066 1927 1120; x_wconf 86' lang='lat' dir='ltr'><strong>Et</strong></span> <span class='ocrx_word' id='word_1_160' title='bbox 1956 1068 2239 1119; x_wconf 75' lang='lat' dir='ltr'><strong>verborum</strong></span> <span class='ocrx_word' id='word_1_161' title='bbox 2266 1065 2640 1131; x_wconf 82' lang='lat' dir='ltr'><strong>hujuscemodi</strong></span> <span class='ocrx_word' id='word_1_162' title='bbox 2701 1066 2985 1119; x_wconf 80' lang='lat' dir='ltr'><strong>veritatem</strong></span> <span class='ocrx_word' id='word_1_163' title='bbox 3020 1076 3297 1133; x_wconf 75' lang='lat' dir='ltr'><strong>agnoscet.</strong></span> <span class='ocrx_word' id='word_1_164' title='bbox 3331 1066 3423 1131; x_wconf 87' lang='lat' dir='ltr'><strong>qui</strong></span> 
     </span>
    </p>
   </div>
   <div class='ocr_carea' id='block_1_26' title="bbox 1861 1155 3426 1227">
    <p class='ocr_par' dir='ltr' id='par_1_26' title="bbox 1861 1155 3426 1227">
     <span class='ocr_line' id='line_1_26' title="bbox 1861 1155 3426 1227; baseline 0.001 -17"><span class='ocrx_word' id='word_1_165' title='bbox 1861 1158 2122 1212; x_wconf 80' lang='lat' dir='ltr'><strong>attentius</strong></span> <span class='ocrx_word' id='word_1_166' title='bbox 2152 1158 2291 1210; x_wconf 84' lang='lat' dir='ltr'><strong>dicta</strong></span> <span class='ocrx_word' id='word_1_167' title='bbox 2313 1155 2675 1227; x_wconf 65' lang='lat' dir='ltr'><strong>Antiyt&#39;ltetica</strong></span> <span class='ocrx_word' id='word_1_168' title='bbox 2703 1157 3152 1211; x_wconf 66' lang='lat' dir='ltr'><strong>consitleravvrit.</strong></span> <span class='ocrx_word' id='word_1_169' title='bbox 3194 1156 3257 1210; x_wconf 85' lang='lat' dir='ltr'><strong>Et</strong></span> <span class='ocrx_word' id='word_1_170' title='bbox 3287 1158 3426 1211; x_wconf 87' lang='lat' dir='ltr'><strong>nihi-</strong></span> 
     </span>
    </p>
   </div>
   <div class='ocr_carea' id='block_1_27' title="bbox 1862 1247 3424 1309">
    <p class='ocr_par' dir='ltr' id='par_1_27' title="bbox 1862 1247 3424 1309">
     <span class='ocr_line' id='line_1_27' title="bbox 1862 1247 3424 1309; baseline 0 -9"><span class='ocrx_word' id='word_1_171' title='bbox 1862 1247 2099 1301; x_wconf 91' lang='lat' dir='ltr'><strong>lominus</strong></span> <span class='ocrx_word' id='word_1_172' title='bbox 2126 1248 2224 1301; x_wconf 86' lang='lat' dir='ltr'><strong>nisi</strong></span> <span class='ocrx_word' id='word_1_173' title='bbox 2269 1248 2435 1301; x_wconf 85' lang='lat' dir='ltr'><strong>libere</strong></span> <span class='ocrx_word' id='word_1_174' title='bbox 2464 1256 2803 1302; x_wconf 87' lang='lat' dir='ltr'><strong>assereretur</strong></span> <span class='ocrx_word' id='word_1_175' title='bbox 2830 1247 2959 1301; x_wconf 89' lang='lat' dir='ltr'><strong>illud</strong></span> <span class='ocrx_word' id='word_1_176' title='bbox 3000 1264 3066 1302; x_wconf 91' lang='lat' dir='ltr'><strong>ex</strong></span> <span class='ocrx_word' id='word_1_177' title='bbox 3108 1247 3266 1309; x_wconf 81' lang='lat' dir='ltr'><strong>Filio,</strong></span> <span class='ocrx_word' id='word_1_178' title='bbox 3291 1248 3424 1301; x_wconf 80' lang='lat' dir='ltr'><strong>nihil</strong></span> 
     </span>
    </p>
   </div>
   <div class='ocr_carea' id='block_1_28' title="bbox 1862 1334 3424 1394">
    <p class='ocr_par' dir='ltr' id='par_1_28' title="bbox 1862 1334 3424 1394">
     <span class='ocr_line' id='line_1_28' title="bbox 1862 1334 3424 1394; baseline 0.001 -2"><span class='ocrx_word' id='word_1_179' title='bbox 1862 1339 1927 1393; x_wconf 82' lang='lat' dir='ltr'><strong>ad</strong></span> <span class='ocrx_word' id='word_1_180' title='bbox 1961 1337 2211 1393; x_wconf 84' lang='lat' dir='ltr'><strong>Eunomii</strong></span> <span class='ocrx_word' id='word_1_181' title='bbox 2245 1334 2492 1393; x_wconf 71' lang='lat' dir='ltr'><strong>ltmresini</strong></span> <span class='ocrx_word' id='word_1_182' title='bbox 2518 1340 2931 1393; x_wconf 72' lang='lat' dir='ltr'><strong>convellentium</strong></span> <span class='ocrx_word' id='word_1_183' title='bbox 2971 1340 3202 1394; x_wconf 70' lang='lat' dir='ltr'><strong>validius</strong></span> <span class='ocrx_word' id='word_1_184' title='bbox 3234 1339 3424 1393; x_wconf 78' lang='lat' dir='ltr'><strong>Patres</strong></span> 
     </span>
    </p>
   </div>
   <div class='ocr_carea' id='block_1_29' title="bbox 1862 1430 3423 1497">
    <p class='ocr_par' dir='ltr' id='par_1_29' title="bbox 1862 1430 3423 1497">
     <span class='ocr_line' id='line_1_29' title="bbox 1862 1430 3423 1497; baseline 0 -14"><span class='ocrx_word' id='word_1_185' title='bbox 1862 1430 2204 1491; x_wconf 87' lang='lat' dir='ltr'><strong>habuissent,</strong></span> <span class='ocrx_word' id='word_1_186' title='bbox 2237 1444 2361 1483; x_wconf 91' lang='lat' dir='ltr'><strong>cum</strong></span> <span class='ocrx_word' id='word_1_187' title='bbox 2414 1437 2638 1497; x_wconf 83' lang='lat' dir='ltr'><strong>possent</strong></span> <span class='ocrx_word' id='word_1_188' title='bbox 2696 1430 2877 1484; x_wconf 88' lang='lat' dir='ltr'><strong>dicere</strong></span> <span class='ocrx_word' id='word_1_189' title='bbox 2918 1446 2932 1485; x_wconf 90' lang='lat'><strong>:</strong></span> <span class='ocrx_word' id='word_1_190' title='bbox 2969 1430 3119 1487; x_wconf 84' lang='lat' dir='ltr'><strong>Licet</strong></span> <span class='ocrx_word' id='word_1_191' title='bbox 3162 1430 3423 1485; x_wconf 81' lang='lat' dir='ltr'><strong>facturam</strong></span> 
     </span>
    </p>
   </div>
   <div class='ocr_carea' id='block_1_30' title="bbox 1861 1520 3425 1593">
    <p class='ocr_par' dir='ltr' id='par_1_30' title="bbox 1861 1520 3425 1593">
     <span class='ocr_line' id='line_1_30' title="bbox 1861 1520 3425 1593; baseline -0.003 -14"><span class='ocrx_word' id='word_1_192' title='bbox 1861 1526 2030 1579; x_wconf 84' lang='lat' dir='ltr'><strong>audes</strong></span> <span class='ocrx_word' id='word_1_193' title='bbox 2064 1539 2308 1577; x_wconf 82' lang='lat' dir='ltr'><strong>asserere</strong></span> <span class='ocrx_word' id='word_1_194' title='bbox 2342 1521 2626 1591; x_wconf 83' lang='lat' dir='ltr'><strong>Spiritum,</strong></span> <span class='ocrx_word' id='word_1_195' title='bbox 2674 1520 2963 1588; x_wconf 83' lang='lat' dir='ltr'><strong>Ettnomie,</strong></span> <span class='ocrx_word' id='word_1_196' title='bbox 2997 1539 3165 1593; x_wconf 80' lang='lat' dir='ltr'><strong>quare</strong></span> <span class='ocrx_word' id='word_1_197' title='bbox 3196 1538 3303 1577; x_wconf 92' lang='lat' dir='ltr'><strong>non</strong></span> <span class='ocrx_word' id='word_1_198' title='bbox 3326 1522 3425 1575; x_wconf 84' lang='lat' dir='ltr'><strong>Pa-</strong></span> 
     </span>
    </p>
   </div>
   <div class='ocr_carea' id='block_1_31' title="bbox 1861 1596 3427 1685">
    <p class='ocr_par' dir='ltr' id='par_1_31' title="bbox 1861 1596 3427 1685">
     <span class='ocr_line' id='line_1_31' title="bbox 1861 1596 3427 1685; baseline 0 -17"><span class='ocrx_word' id='word_1_199' title='bbox 1861 1616 1981 1677; x_wconf 87' lang='lat' dir='ltr'><strong>tris,</strong></span> <span class='ocrx_word' id='word_1_200' title='bbox 2017 1614 2112 1668; x_wconf 87' lang='lat' dir='ltr'><strong>sed</strong></span> <span class='ocrx_word' id='word_1_201' title='bbox 2145 1612 2264 1667; x_wconf 84' lang='lat' dir='ltr'><strong>Filii</strong></span> <span class='ocrx_word' id='word_1_202' title='bbox 2318 1613 2582 1667; x_wconf 81' lang='lat' dir='ltr'><strong>facturam</strong></span> <span class='ocrx_word' id='word_1_203' title='bbox 2643 1613 2791 1667; x_wconf 89' lang='lat' dir='ltr'><strong>illum</strong></span> <span class='ocrx_word' id='word_1_204' title='bbox 2828 1615 3053 1678; x_wconf 84' lang='lat' dir='ltr'><strong>astruis,</strong></span> <span class='ocrx_word' id='word_1_205' title='bbox 3088 1596 3213 1670; x_wconf 69' lang='lat' dir='ltr'><strong>(ium</strong></span> <span class='ocrx_word' id='word_1_206' title='bbox 3249 1629 3427 1685; x_wconf 86' lang='lat' dir='ltr'><strong>neque</strong></span> 
     </span>
    </p>
   </div>
   <div class='ocr_carea' id='block_1_32' title="bbox 1860 1706 3001 1778">
    <p class='ocr_par' dir='ltr' id='par_1_32' title="bbox 1860 1706 3001 1778">
     <span class='ocr_line' id='line_1_32' title="bbox 1860 1706 3001 1778; baseline -0.001 -16"><span class='ocrx_word' id='word_1_207' title='bbox 1860 1722 1956 1778; x_wconf 85' lang='lat' dir='ltr'><strong>per</strong></span> <span class='ocrx_word' id='word_1_208' title='bbox 1992 1706 2210 1775; x_wconf 83' lang='lat' dir='ltr'><strong>Filium,</strong></span> <span class='ocrx_word' id='word_1_209' title='bbox 2235 1722 2407 1776; x_wconf 84' lang='lat' dir='ltr'><strong>neque</strong></span> <span class='ocrx_word' id='word_1_210' title='bbox 2430 1723 2495 1762; x_wconf 81' lang='lat' dir='ltr'><strong>ex</strong></span> <span class='ocrx_word' id='word_1_211' title='bbox 2522 1706 2657 1761; x_wconf 86' lang='lat' dir='ltr'><strong>Filio</strong></span> <span class='ocrx_word' id='word_1_212' title='bbox 2687 1709 3001 1763; x_wconf 83' lang='lat' dir='ltr'><strong>asscratur‘l</strong></span> 
     </span>
    </p>
   </div>
   <div class='ocr_carea' id='block_1_33' title="bbox 256 1856 1920 1959">
    <p class='ocr_par' dir='ltr' id='par_1_33' title="bbox 256 1856 1835 1959">
     <span class='ocr_line' id='line_1_33' title="bbox 256 1856 1835 1959; baseline 0.002 -21"><span class='ocrx_word' id='word_1_213' title='bbox 256 1892 369 1954; x_wconf 85' lang='grc' dir='ltr'>κγ’.</span> <span class='ocrx_word' id='word_1_214' title='bbox 411 1856 661 1939; x_wconf 42' lang='grc' dir='ltr'>Τοσα-ὗτα</span> <span class='ocrx_word' id='word_1_215' title='bbox 699 1856 806 1940; x_wconf 28' lang='grc' dir='ltr'>*καὶ*</span> <span class='ocrx_word' id='word_1_216' title='bbox 843 1887 937 1939; x_wconf 74' lang='grc' dir='ltr'>ἰπὶ</span> <span class='ocrx_word' id='word_1_217' title='bbox 978 1856 1062 1956; x_wconf 35' lang='grc' dir='ltr'><strong>.τῷ</strong></span> <span class='ocrx_word' id='word_1_218' title='bbox 1132 1886 1227 1939; x_wconf 79' lang='grc' dir='ltr'>τοῦ</span> <span class='ocrx_word' id='word_1_219' title='bbox 1271 1885 1417 1940; x_wconf 87' lang='grc' dir='ltr'>θείου</span> <span class='ocrx_word' id='word_1_220' title='bbox 1466 1892 1760 1959; x_wconf 87' lang='grc' dir='ltr'>Δαμασκη-</span> <span class='ocrx_word' id='word_1_221' title='bbox 1791 1856 1835 1915; x_wconf 72' lang='grc' dir='ltr'><strong>Β</strong></span> 
     </span>
    </p>
   </div>
   <div class='ocr_carea' id='block_1_34' title="bbox 1756 1856 3420 1959">
    <p class='ocr_par' dir='ltr' id='par_1_34' title="bbox 1756 1856 3420 1958">
     <span class='ocr_line' id='line_1_34' title="bbox 1756 1856 3420 1958; baseline 0.005 -15"><span class='ocrx_word' id='word_1_222' title='bbox 1756 1856 1835 1929; x_wconf 69' lang='grc' dir='ltr'><strong>ιθ</strong></span> <span class='ocrx_word' id='word_1_223' title='bbox 1929 1889 2020 1944; x_wconf 76' lang='lat'><strong>23.</strong></span> <span class='ocrx_word' id='word_1_224' title='bbox 2058 1888 2152 1945; x_wconf 88' lang='lat' dir='ltr'><strong>His</strong></span> <span class='ocrx_word' id='word_1_225' title='bbox 2199 1890 2265 1944; x_wconf 90' lang='lat' dir='ltr'><strong>de</strong></span> <span class='ocrx_word' id='word_1_226' title='bbox 2319 1890 2426 1943; x_wconf 83' lang='lat' dir='ltr'><strong>divi</strong></span> <span class='ocrx_word' id='word_1_227' title='bbox 2494 1890 2812 1946; x_wconf 86' lang='lat' dir='ltr'><strong>Damasceni</strong></span> <span class='ocrx_word' id='word_1_228' title='bbox 2881 1893 3028 1949; x_wconf 91' lang='lat' dir='ltr'><strong>dicto</strong></span> <span class='ocrx_word' id='word_1_229' title='bbox 3070 1896 3420 1958; x_wconf 78' lang='lat' dir='ltr'><strong>examinatis.</strong></span> 
     </span>
    </p>
   </div>
   <div class='ocr_carea' id='block_1_35' title="bbox 184 1976 1756 2049">
    <p class='ocr_par' dir='ltr' id='par_1_35' title="bbox 184 1976 1756 2049">
     <span class='ocr_line' id='line_1_35' title="bbox 184 1976 1756 2049; baseline 0.003 -19"><span class='ocrx_word' id='word_1_230' title='bbox 184 1976 281 2030; x_wconf 81' lang='grc' dir='ltr'>νοῦ</span> <span class='ocrx_word' id='word_1_231' title='bbox 329 1979 581 2041; x_wconf 71' lang='grc' dir='ltr'>εἰπόντες</span> <span class='ocrx_word' id='word_1_232' title='bbox 617 1979 787 2049; x_wconf 74' lang='grc' dir='ltr'>ῥητῷ,</span> <span class='ocrx_word' id='word_1_233' title='bbox 837 1978 1045 2047; x_wconf 81' lang='grc' dir='ltr'>ἀπάρτι</span> <span class='ocrx_word' id='word_1_234' title='bbox 1083 1979 1221 2048; x_wconf 80' lang='grc' dir='ltr'>πρὸς</span> <span class='ocrx_word' id='word_1_235' title='bbox 1264 1979 1411 2048; x_wconf 81' lang='grc' dir='ltr'>ὑμᾶς</span> <span class='ocrx_word' id='word_1_236' title='bbox 1456 1984 1584 2042; x_wconf 83' lang='grc' dir='ltr'>τοὺς</span> <span class='ocrx_word' id='word_1_237' title='bbox 1634 1985 1756 2044; x_wconf 82' lang='grc' dir='ltr'>ταῖς</span> 
     </span>
    </p>
   </div>
   <div class='ocr_carea' id='block_1_36' title="bbox 186 2068 1755 2140">
    <p class='ocr_par' dir='ltr' id='par_1_36' title="bbox 186 2068 1755 2140">
     <span class='ocr_line' id='line_1_36' title="bbox 186 2068 1755 2140; baseline 0.002 -20"><span class='ocrx_word' id='word_1_238' title='bbox 186 2068 368 2131; x_wconf 81' lang='grc' dir='ltr'>θείαις</span> <span class='ocrx_word' id='word_1_239' title='bbox 424 2068 665 2140; x_wconf 77' lang='grc' dir='ltr'>Γραφαίς</span> <span class='ocrx_word' id='word_1_240' title='bbox 739 2068 1287 2138; x_wconf 73' lang='grc' dir='ltr'>ἑπηρεαστικώτερον</span> <span class='ocrx_word' id='word_1_241' title='bbox 1331 2073 1755 2139; x_wconf 72' lang='grc' dir='ltr'>ἐπιφυομένους,</span> 
     </span>
    </p>
   </div>
   <div class='ocr_carea' id='block_1_37' title="bbox 190 2154 1754 2231">
    <p class='ocr_par' dir='ltr' id='par_1_37' title="bbox 190 2154 1754 2231">
     <span class='ocr_line' id='line_1_37' title="bbox 190 2154 1754 2231; baseline 0.002 -19"><span class='ocrx_word' id='word_1_242' title='bbox 190 2161 298 2212; x_wconf 79' lang='grc' dir='ltr'>οὐκ</span> <span class='ocrx_word' id='word_1_243' title='bbox 329 2157 434 2213; x_wconf 80' lang='grc' dir='ltr'>οἷδ’</span> <span class='ocrx_word' id='word_1_244' title='bbox 459 2161 543 2228; x_wconf 73' lang='grc' dir='ltr'><strong>ἐφ’</strong></span> <span class='ocrx_word' id='word_1_245' title='bbox 578 2154 623 2226; x_wconf 84' lang='grc' dir='ltr'>ᾧ</span> <span class='ocrx_word' id='word_1_246' title='bbox 650 2176 756 2211; x_wconf 88' lang='grc' dir='ltr'>τινι</span> <span class='ocrx_word' id='word_1_247' title='bbox 784 2160 962 2228; x_wconf 73' lang='grc' dir='ltr'>κέρδει</span> <span class='ocrx_word' id='word_1_248' title='bbox 1017 2160 1196 2229; x_wconf 83' lang='grc' dir='ltr'>φαμὲν</span> <span class='ocrx_word' id='word_1_249' title='bbox 1246 2161 1323 2230; x_wconf 80' lang='grc' dir='ltr'>μὴ</span> <span class='ocrx_word' id='word_1_250' title='bbox 1361 2159 1533 2222; x_wconf 81' lang='grc' dir='ltr'>οὕτως</span> <span class='ocrx_word' id='word_1_251' title='bbox 1589 2163 1754 2231; x_wconf 77' lang='grc' dir='ltr'>ὑμᾶς,</span> 
     </span>
    </p>
   </div>
   <div class='ocr_carea' id='block_1_38' title="bbox 186 2249 1757 2324">
    <p class='ocr_par' dir='ltr' id='par_1_38' title="bbox 186 2249 1757 2324">
     <span class='ocr_line' id='line_1_38' title="bbox 186 2249 1757 2324; baseline 0.001 -22"><span class='ocrx_word' id='word_1_252' title='bbox 186 2254 264 2319; x_wconf 78' lang='grc' dir='ltr'>μὴ</span> <span class='ocrx_word' id='word_1_253' title='bbox 303 2252 441 2319; x_wconf 82' lang='grc' dir='ltr'>πρὸς</span> <span class='ocrx_word' id='word_1_254' title='bbox 483 2252 592 2303; x_wconf 86' lang='grc' dir='ltr'>τῶν</span> <span class='ocrx_word' id='word_1_255' title='bbox 644 2252 818 2313; x_wconf 71' lang='grc' dir='ltr'>αὑτὰς</span> <span class='ocrx_word' id='word_1_256' title='bbox 867 2249 1307 2320; x_wconf 83' lang='grc' dir='ltr'>θεολογησάντων</span> <span class='ocrx_word' id='word_1_257' title='bbox 1363 2250 1647 2321; x_wconf 83' lang='grc' dir='ltr'>Πατέρων,</span> <span class='ocrx_word' id='word_1_258' title='bbox 1681 2253 1757 2324; x_wconf 79' lang='grc' dir='ltr'>μὴ</span> 
     </span>
    </p>
   </div>
   <div class='ocr_carea' id='block_1_39' title="bbox 184 2337 1757 2412">
    <p class='ocr_par' dir='ltr' id='par_1_39' title="bbox 184 2337 1757 2412">
     <span class='ocr_line' id='line_1_39' title="bbox 184 2337 1757 2412; baseline 0.001 -18"><span class='ocrx_word' id='word_1_259' title='bbox 184 2344 328 2412; x_wconf 70' lang='grc' dir='ltr'>πρὸς</span> <span class='ocrx_word' id='word_1_260' title='bbox 358 2342 460 2411; x_wconf 82' lang='grc' dir='ltr'>τῆς</span> <span class='ocrx_word' id='word_1_261' title='bbox 510 2341 791 2411; x_wconf 72' lang='grc' dir='ltr'>ἀληθείας,</span> <span class='ocrx_word' id='word_1_262' title='bbox 841 2341 960 2411; x_wconf 86' lang='grc' dir='ltr'>μεθ’</span> <span class='ocrx_word' id='word_1_263' title='bbox 993 2337 1058 2411; x_wconf 84' lang='grc' dir='ltr'>ἦς</span> <span class='ocrx_word' id='word_1_264' title='bbox 1105 2342 1302 2392; x_wconf 81' lang='grc' dir='ltr'>ἐκεῖνοι</span> <span class='ocrx_word' id='word_1_265' title='bbox 1347 2341 1552 2404; x_wconf 86' lang='grc' dir='ltr'>ταύτας</span> <span class='ocrx_word' id='word_1_266' title='bbox 1607 2344 1757 2395; x_wconf 65' lang='lat'><strong>£030-</strong></span> 
     </span>
    </p>
   </div>
   <div class='ocr_carea' id='block_1_40' title="bbox 184 2431 1761 2503">
    <p class='ocr_par' dir='ltr' id='par_1_40' title="bbox 184 2431 1761 2503">
     <span class='ocr_line' id='line_1_40' title="bbox 184 2431 1761 2503; baseline 0 -16"><span class='ocrx_word' id='word_1_267' title='bbox 184 2437 452 2503; x_wconf 74' lang='grc' dir='ltr'>λόγησαν,</span> <span class='ocrx_word' id='word_1_268' title='bbox 482 2435 556 2503; x_wconf 82' lang='grc' dir='ltr'>μὴ</span> <span class='ocrx_word' id='word_1_269' title='bbox 592 2434 730 2503; x_wconf 78' lang='grc' dir='ltr'>πρὸς</span> <span class='ocrx_word' id='word_1_270' title='bbox 759 2435 855 2500; x_wconf 78' lang='grc' dir='ltr'>τῆς</span> <span class='ocrx_word' id='word_1_271' title='bbox 892 2431 1123 2501; x_wconf 80' lang='grc' dir='ltr'>Τριὰδος</span> <span class='ocrx_word' id='word_1_272' title='bbox 1158 2432 1349 2500; x_wconf 73' lang='grc' dir='ltr'>αὐτῆς,</span> <span class='ocrx_word' id='word_1_273' title='bbox 1399 2431 1468 2484; x_wconf 89' lang='grc' dir='ltr'><strong>δι’</strong></span> <span class='ocrx_word' id='word_1_274' title='bbox 1518 2434 1584 2502; x_wconf 80' lang='grc' dir='ltr'>ἢν</span> <span class='ocrx_word' id='word_1_275' title='bbox 1620 2437 1761 2487; x_wconf 80' lang='grc' dir='ltr'>ἐκεῖ·</span> 
     </span>
    </p>
   </div>
   <div class='ocr_carea' id='block_1_41' title="bbox 184 2519 1753 2589">
    <p class='ocr_par' dir='ltr' id='par_1_41' title="bbox 184 2519 1753 2589">
     <span class='ocr_line' id='line_1_41' title="bbox 184 2519 1753 2589; baseline -0.001 -14"><span class='ocrx_word' id='word_1_276' title='bbox 184 2541 267 2576; x_wconf 75' lang='grc' dir='ltr'><strong>νοι</strong></span> <span class='ocrx_word' id='word_1_277' title='bbox 304 2523 478 2574; x_wconf 76' lang='grc' dir='ltr'>πολλὰ</span> <span class='ocrx_word' id='word_1_278' title='bbox 509 2521 605 2574; x_wconf 78' lang='grc' dir='ltr'><strong>ἐπὶ</strong></span> <span class='ocrx_word' id='word_1_279' title='bbox 654 2522 774 2581; x_wconf 72' lang='grc' dir='ltr'>ταῖς</span> <span class='ocrx_word' id='word_1_280' title='bbox 822 2519 1123 2587; x_wconf 74' lang='grc' dir='ltr'>θεολογίαις</span> <span class='ocrx_word' id='word_1_281' title='bbox 1160 2519 1390 2583; x_wconf 77' lang='grc' dir='ltr'>ταύταις</span> <span class='ocrx_word' id='word_1_282' title='bbox 1446 2521 1753 2589; x_wconf 70' lang='grc' dir='ltr'>ἐμόγησαν,</span> 
     </span>
    </p>
   </div>
   <div class='ocr_carea' id='block_1_42' title="bbox 184 2610 1757 2684">
    <p class='ocr_par' dir='ltr' id='par_1_42' title="bbox 184 2610 1757 2684">
     <span class='ocr_line' id='line_1_42' title="bbox 184 2610 1757 2684; baseline -0.004 -17"><span class='ocrx_word' id='word_1_283' title='bbox 184 2617 458 2684; x_wconf 77' lang='grc' dir='ltr'>ἀρκοῦσιν</span> <span class='ocrx_word' id='word_1_284' title='bbox 481 2612 545 2674; x_wconf 72' lang='grc' dir='ltr'>ἃς</span> <span class='ocrx_word' id='word_1_285' title='bbox 583 2611 738 2666; x_wconf 81' lang='grc' dir='ltr'>ἄλλοι</span> <span class='ocrx_word' id='word_1_286' title='bbox 760 2612 1089 2679; x_wconf 72' lang='grc' dir='ltr'>διαστροφάς</span> <span class='ocrx_word' id='word_1_287' title='bbox 1116 2615 1257 2663; x_wconf 80' lang='grc' dir='ltr'>κατὰ</span> <span class='ocrx_word' id='word_1_288' title='bbox 1289 2610 1516 2678; x_wconf 81' lang='grc' dir='ltr'>καιροὺς</span> <span class='ocrx_word' id='word_1_289' title='bbox 1560 2615 1757 2681; x_wconf 77' lang='grc' dir='ltr'>ἀπειρ-</span> 
     </span>
    </p>
   </div>
   <div class='ocr_carea' id='block_1_43' title="bbox 184 2699 1759 2772">
    <p class='ocr_par' dir='ltr' id='par_1_43' title="bbox 184 2699 1759 2772">
     <span class='ocr_line' id='line_1_43' title="bbox 184 2699 1759 2772; baseline 0.001 -17"><span class='ocrx_word' id='word_1_290' title='bbox 184 2705 451 2770; x_wconf 75' lang='grc' dir='ltr'>γάσαντο.</span> <span class='ocrx_word' id='word_1_291' title='bbox 511 2704 568 2754; x_wconf 90' lang='grc' dir='ltr'>Ὀ</span> <span class='ocrx_word' id='word_1_292' title='bbox 602 2702 702 2772; x_wconf 82' lang='grc' dir='ltr'>μὲν</span> <span class='ocrx_word' id='word_1_293' title='bbox 738 2703 849 2772; x_wconf 82' lang='grc' dir='ltr'>γὰρ</span> <span class='ocrx_word' id='word_1_294' title='bbox 886 2701 967 2763; x_wconf 85' lang='grc' dir='ltr'>τὸ,</span> <span class='ocrx_word' id='word_1_295' title='bbox 1013 2700 1078 2752; x_wconf 90' lang='grc' dir='ltr'>τὸ</span> <span class='ocrx_word' id='word_1_296' title='bbox 1116 2700 1185 2752; x_wconf 76' lang='grc' dir='ltr'>δὲ</span> <span class='ocrx_word' id='word_1_297' title='bbox 1236 2700 1332 2754; x_wconf 83' lang='grc' dir='ltr'>διὰ</span> <span class='ocrx_word' id='word_1_298' title='bbox 1387 2699 1495 2753; x_wconf 88' lang='grc' dir='ltr'>τοῦ</span> <span class='ocrx_word' id='word_1_299' title='bbox 1544 2719 1759 2771; x_wconf 78' lang='grc' dir='ltr'>προσε-</span> 
     </span>
    </p>
   </div>
   <div class='ocr_carea' id='block_1_44' title="bbox 186 2790 1758 2863">
    <p class='ocr_par' dir='ltr' id='par_1_44' title="bbox 186 2790 1758 2863">
     <span class='ocr_line' id='line_1_44' title="bbox 186 2790 1758 2863; baseline 0.001 -17"><span class='ocrx_word' id='word_1_300' title='bbox 186 2795 311 2863; x_wconf 76' lang='grc' dir='ltr'><strong>χῶς</strong></span> <span class='ocrx_word' id='word_1_301' title='bbox 341 2796 410 2846; x_wconf 74' lang='grc' dir='ltr'>ἐκ</span> <span class='ocrx_word' id='word_1_302' title='bbox 443 2793 549 2847; x_wconf 88' lang='grc' dir='ltr'>τοῦ</span> <span class='ocrx_word' id='word_1_303' title='bbox 596 2794 854 2862; x_wconf 78' lang='grc' dir='ltr'>πρώτου,</span> <span class='ocrx_word' id='word_1_304' title='bbox 915 2792 1023 2843; x_wconf 78' lang='grc' dir='ltr'><strong>τῶν</strong></span> <span class='ocrx_word' id='word_1_305' title='bbox 1054 2790 1147 2844; x_wconf 80' lang='grc' dir='ltr'>τοῦ</span> <span class='ocrx_word' id='word_1_306' title='bbox 1178 2792 1402 2860; x_wconf 77' lang='grc' dir='ltr'>Νύσσης</span> <span class='ocrx_word' id='word_1_307' title='bbox 1438 2793 1614 2862; x_wconf 86' lang='grc' dir='ltr'>λόγων</span> <span class='ocrx_word' id='word_1_308' title='bbox 1652 2796 1758 2847; x_wconf 81' lang='grc' dir='ltr'><strong>ἀπο</strong></span> 
     </span>
    </p>
   </div>
   <div class='ocr_carea' id='block_1_45' title="bbox 186 2885 1755 2956">
    <p class='ocr_par' dir='ltr' id='par_1_45' title="bbox 186 2885 1755 2956">
     <span class='ocr_line' id='line_1_45' title="bbox 186 2885 1755 2956; baseline 0.001 -18"><span class='ocrx_word' id='word_1_309' title='bbox 186 2889 413 2956; x_wconf 60' lang='grc' dir='ltr'>ἠλειψεν</span> <span class='ocrx_word' id='word_1_310' title='bbox 436 2904 451 2916; x_wconf 90' lang='grc'><strong>·</strong></span> <span class='ocrx_word' id='word_1_311' title='bbox 492 2888 520 2939; x_wconf 84' lang='grc' dir='ltr'>ὁ</span> <span class='ocrx_word' id='word_1_312' title='bbox 554 2887 611 2939; x_wconf 68' lang='grc' dir='ltr'>δὲ</span> <span class='ocrx_word' id='word_1_313' title='bbox 638 2888 745 2940; x_wconf 82' lang='grc' dir='ltr'>τῶν</span> <span class='ocrx_word' id='word_1_314' title='bbox 777 2885 871 2938; x_wconf 81' lang='grc' dir='ltr'>τοὺ</span> <span class='ocrx_word' id='word_1_315' title='bbox 908 2885 1149 2955; x_wconf 82' lang='grc' dir='ltr'>μεγάλου</span> <span class='ocrx_word' id='word_1_316' title='bbox 1179 2886 1462 2937; x_wconf 82' lang='grc' dir='ltr'>Βασιλείου</span> <span class='ocrx_word' id='word_1_317' title='bbox 1495 2887 1578 2952; x_wconf 81' lang='grc' dir='ltr'>τὸ,</span> <span class='ocrx_word' id='word_1_318' title='bbox 1612 2888 1755 2954; x_wconf 84' lang='grc' dir='ltr'>Παρ⁹</span> 
     </span>
    </p>
   </div>
   <div class='ocr_carea' id='block_1_46' title="bbox 182 2973 1757 3046">
    <p class='ocr_par' dir='ltr' id='par_1_46' title="bbox 182 2973 1757 3046">
     <span class='ocr_line' id='line_1_46' title="bbox 182 2973 1757 3046; baseline -0.001 -14"><span class='ocrx_word' id='word_1_319' title='bbox 182 2979 377 3032; x_wconf 71' lang='grc' dir='ltr'>αὑτοῦ</span> <span class='ocrx_word' id='word_1_320' title='bbox 420 2978 565 3044; x_wconf 82' lang='grc' dir='ltr'>ἔχον</span> <span class='ocrx_word' id='word_1_321' title='bbox 628 2978 693 3031; x_wconf 88' lang='grc' dir='ltr'>τὸ</span> <span class='ocrx_word' id='word_1_322' title='bbox 725 2973 903 3042; x_wconf 76' lang='grc' dir='ltr'>εἶναι,</span> <span class='ocrx_word' id='word_1_323' title='bbox 940 2977 1000 3028; x_wconf 82' lang='grc' dir='ltr'>τὸ</span> <span class='ocrx_word' id='word_1_324' title='bbox 1036 2978 1188 3046; x_wconf 70' lang='grc' dir='ltr'>παρὰ</span> <span class='ocrx_word' id='word_1_325' title='bbox 1214 2977 1305 3029; x_wconf 86' lang='grc' dir='ltr'>τοῦ</span> <span class='ocrx_word' id='word_1_326' title='bbox 1338 2977 1469 3029; x_wconf 86' lang='grc' dir='ltr'><strong>Υἰοῦ</strong></span> <span class='ocrx_word' id='word_1_327' title='bbox 1512 2977 1757 3046; x_wconf 86' lang='grc' dir='ltr'>δηλονότι</span> 
     </span>
    </p>
   </div>
   <div class='ocr_carea' id='block_1_47' title="bbox 186 3068 1756 3142">
    <p class='ocr_par' dir='ltr' id='par_1_47' title="bbox 186 3068 1756 3142">
     <span class='ocr_line' id='line_1_47' title="bbox 186 3068 1756 3142; baseline 0.001 -19"><span class='ocrx_word' id='word_1_328' title='bbox 186 3074 247 3124; x_wconf 70' lang='grc' dir='ltr'>τὸ</span> <span class='ocrx_word' id='word_1_329' title='bbox 281 3071 513 3140; x_wconf 74' lang='grc' dir='ltr'>Πνεῦμα</span> <span class='ocrx_word' id='word_1_330' title='bbox 542 3068 681 3125; x_wconf 81' lang='grc' dir='ltr'>εἶναι</span> <span class='ocrx_word' id='word_1_331' title='bbox 712 3074 774 3124; x_wconf 87' lang='grc' dir='ltr'>τὸ</span> <span class='ocrx_word' id='word_1_332' title='bbox 795 3074 950 3137; x_wconf 80' lang='grc' dir='ltr'>ἆγιον</span> <span class='ocrx_word' id='word_1_333' title='bbox 987 3087 1000 3102; x_wconf 77' lang='grc' dir='ltr'><strong><em>ο</em></strong></span> <span class='ocrx_word' id='word_1_334' title='bbox 1036 3071 1224 3139; x_wconf 75' lang='grc' dir='ltr'>ἕτερος</span> <span class='ocrx_word' id='word_1_335' title='bbox 1260 3071 1398 3124; x_wconf 70' lang='grc' dir='ltr'>ὅπου</span> <span class='ocrx_word' id='word_1_336' title='bbox 1447 3074 1475 3123; x_wconf 89' lang='grc' dir='ltr'>ὁ</span> <span class='ocrx_word' id='word_1_337' title='bbox 1505 3071 1756 3142; x_wconf 85' lang='grc' dir='ltr'>Νύσσης,</span> 
     </span>
    </p>
   </div>
   <div class='ocr_carea' id='block_1_48' title="bbox 1860 1982 3426 2057">
    <p class='ocr_par' dir='ltr' id='par_1_48' title="bbox 1860 1982 3426 2057">
     <span class='ocr_line' id='line_1_48' title="bbox 1860 1982 3426 2057; baseline 0.004 -21"><span class='ocrx_word' id='word_1_338' title='bbox 1860 1997 2003 2037; x_wconf 91' lang='lat' dir='ltr'><strong>nunc</strong></span> <span class='ocrx_word' id='word_1_339' title='bbox 2035 1983 2100 2036; x_wconf 85' lang='lat' dir='ltr'><strong>ad</strong></span> <span class='ocrx_word' id='word_1_340' title='bbox 2142 1996 2259 2045; x_wconf 80' lang='lat' dir='ltr'><strong>vos,</strong></span> <span class='ocrx_word' id='word_1_341' title='bbox 2294 1983 2386 2051; x_wconf 90' lang='lat' dir='ltr'><strong>qui</strong></span> <span class='ocrx_word' id='word_1_342' title='bbox 2434 1982 2632 2037; x_wconf 69' lang='lat' dir='ltr'><strong>divinis</strong></span> <span class='ocrx_word' id='word_1_343' title='bbox 2654 1982 2955 2054; x_wconf 89' lang='lat' dir='ltr'><strong>Scripturis</strong></span> <span class='ocrx_word' id='word_1_344' title='bbox 2990 1988 3164 2057; x_wconf 84' lang='lat' dir='ltr'><strong>magis</strong></span> <span class='ocrx_word' id='word_1_345' title='bbox 3217 2004 3278 2041; x_wconf 87' lang='lat' dir='ltr'><strong>ac</strong></span> <span class='ocrx_word' id='word_1_346' title='bbox 3309 2005 3426 2043; x_wconf 85' lang='lat' dir='ltr'><strong>ma-</strong></span> 
     </span>
    </p>
   </div>
   <div class='ocr_carea' id='block_1_49' title="bbox 1859 2072 3425 2149">
    <p class='ocr_par' dir='ltr' id='par_1_49' title="bbox 1859 2072 3425 2149">
     <span class='ocr_line' id='line_1_49' title="bbox 1859 2072 3425 2149; baseline 0.005 -25"><span class='ocrx_word' id='word_1_347' title='bbox 1859 2074 1941 2142; x_wconf 73' lang='lat' dir='ltr'><strong>gis</strong></span> <span class='ocrx_word' id='word_1_348' title='bbox 1976 2072 2226 2142; x_wconf 88' lang='lat' dir='ltr'><strong>improbe</strong></span> <span class='ocrx_word' id='word_1_349' title='bbox 2259 2088 2323 2127; x_wconf 88' lang='lat' dir='ltr'><strong>ac</strong></span> <span class='ocrx_word' id='word_1_350' title='bbox 2364 2075 2705 2129; x_wconf 81' lang='lat' dir='ltr'><strong>contentiose</strong></span> <span class='ocrx_word' id='word_1_351' title='bbox 2744 2075 3052 2142; x_wconf 76' lang='lat' dir='ltr'><strong>adhaeretis,</strong></span> <span class='ocrx_word' id='word_1_352' title='bbox 3108 2078 3292 2132; x_wconf 84' lang='lat' dir='ltr'><strong>nescio</strong></span> <span class='ocrx_word' id='word_1_353' title='bbox 3318 2096 3425 2149; x_wconf 83' lang='lat' dir='ltr'><strong>quo</strong></span> 
     </span>
    </p>
   </div>
   <div class='ocr_carea' id='block_1_50' title="bbox 1860 2160 3429 2238">
    <p class='ocr_par' dir='ltr' id='par_1_50' title="bbox 1860 2160 3429 2238">
     <span class='ocr_line' id='line_1_50' title="bbox 1860 2160 3429 2238; baseline 0.004 -23"><span class='ocrx_word' id='word_1_354' title='bbox 1860 2177 1987 2226; x_wconf 92' lang='lat' dir='ltr'><strong>usu,</strong></span> <span class='ocrx_word' id='word_1_355' title='bbox 2019 2162 2253 2217; x_wconf 83' lang='lat' dir='ltr'><strong>dicimus</strong></span> <span class='ocrx_word' id='word_1_356' title='bbox 2288 2181 2301 2217; x_wconf 90' lang='lat'><strong>:</strong></span> <span class='ocrx_word' id='word_1_357' title='bbox 2335 2160 2412 2217; x_wconf 85' lang='lat' dir='ltr'><strong>Ne</strong></span> <span class='ocrx_word' id='word_1_358' title='bbox 2461 2164 2563 2218; x_wconf 87' lang='lat' dir='ltr'><strong>hoc</strong></span> <span class='ocrx_word' id='word_1_359' title='bbox 2610 2165 2770 2218; x_wconf 91' lang='lat' dir='ltr'><strong>modo</strong></span> <span class='ocrx_word' id='word_1_360' title='bbox 2822 2180 2919 2221; x_wconf 80' lang='lat' dir='ltr'><strong>vos</strong></span> <span class='ocrx_word' id='word_1_361' title='bbox 2977 2169 3196 2235; x_wconf 79' lang='lat' dir='ltr'><strong>geratis,</strong></span> <span class='ocrx_word' id='word_1_362' title='bbox 3237 2186 3301 2222; x_wconf 87' lang='lat' dir='ltr'><strong>ne</strong></span> <span class='ocrx_word' id='word_1_363' title='bbox 3336 2186 3429 2238; x_wconf 83' lang='lat' dir='ltr'><strong>per</strong></span> 
     </span>
    </p>
   </div>
   <div class='ocr_carea' id='block_1_51' title="bbox 1860 2252 3425 2328">
    <p class='ocr_par' dir='ltr' id='par_1_51' title="bbox 1860 2252 3425 2328">
     <span class='ocr_line' id='line_1_51' title="bbox 1860 2252 3425 2328; baseline 0.006 -21"><span class='ocrx_word' id='word_1_364' title='bbox 1860 2252 2050 2308; x_wconf 88' lang='lat' dir='ltr'><strong>Patres</strong></span> <span class='ocrx_word' id='word_1_365' title='bbox 2082 2255 2252 2323; x_wconf 84' lang='lat' dir='ltr'><strong>ipsos,</strong></span> <span class='ocrx_word' id='word_1_366' title='bbox 2274 2255 2365 2325; x_wconf 91' lang='lat' dir='ltr'><strong>qui</strong></span> <span class='ocrx_word' id='word_1_367' title='bbox 2394 2271 2486 2310; x_wconf 87' lang='lat' dir='ltr'><strong>eas</strong></span> <span class='ocrx_word' id='word_1_368' title='bbox 2510 2267 2893 2325; x_wconf 82' lang='lat' dir='ltr'><strong>exposuerunt,</strong></span> <span class='ocrx_word' id='word_1_369' title='bbox 2925 2274 2993 2312; x_wconf 89' lang='lat' dir='ltr'><strong>ne</strong></span> <span class='ocrx_word' id='word_1_370' title='bbox 3012 2275 3105 2328; x_wconf 90' lang='lat' dir='ltr'><strong>per</strong></span> <span class='ocrx_word' id='word_1_371' title='bbox 3118 2262 3425 2327; x_wconf 81' lang='lat' dir='ltr'><strong>veritatem,</strong></span> 
     </span>
    </p>
   </div>
   <div class='ocr_carea' id='block_1_52' title="bbox 1859 2346 3426 2422">
    <p class='ocr_par' dir='ltr' id='par_1_52' title="bbox 1859 2346 3426 2422">
     <span class='ocr_line' id='line_1_52' title="bbox 1859 2346 3426 2422; baseline 0.006 -26"><span class='ocrx_word' id='word_1_372' title='bbox 1859 2359 1983 2397; x_wconf 92' lang='lat' dir='ltr'><strong>cum</strong></span> <span class='ocrx_word' id='word_1_373' title='bbox 2013 2360 2117 2414; x_wconf 88' lang='lat' dir='ltr'><strong>qua</strong></span> <span class='ocrx_word' id='word_1_374' title='bbox 2143 2346 2215 2399; x_wconf 90' lang='lat' dir='ltr'><strong>illi</strong></span> <span class='ocrx_word' id='word_1_375' title='bbox 2241 2362 2334 2400; x_wconf 85' lang='lat' dir='ltr'><strong>eas</strong></span> <span class='ocrx_word' id='word_1_376' title='bbox 2364 2346 2768 2407; x_wconf 86' lang='lat' dir='ltr'><strong>exatninarunt.</strong></span> <span class='ocrx_word' id='word_1_377' title='bbox 2826 2364 2889 2401; x_wconf 85' lang='lat' dir='ltr'><strong>ne</strong></span> <span class='ocrx_word' id='word_1_378' title='bbox 2934 2364 3029 2418; x_wconf 88' lang='lat' dir='ltr'><strong>per</strong></span> <span class='ocrx_word' id='word_1_379' title='bbox 3054 2348 3305 2405; x_wconf 86' lang='lat' dir='ltr'><strong>Triadem</strong></span> <span class='ocrx_word' id='word_1_380' title='bbox 3341 2354 3426 2422; x_wconf 84' lang='lat' dir='ltr'><strong>ip-</strong></span> 
     </span>
    </p>
   </div>
   <div class='ocr_carea' id='block_1_53' title="bbox 1859 2437 3431 2506">
    <p class='ocr_par' dir='ltr' id='par_1_53' title="bbox 1859 2437 3431 2506">
     <span class='ocr_line' id='line_1_53' title="bbox 1859 2437 3431 2506; baseline 0.007 -17"><span class='ocrx_word' id='word_1_381' title='bbox 1859 2451 1999 2500; x_wconf 89' lang='lat' dir='ltr'><strong>sam,</strong></span> <span class='ocrx_word' id='word_1_382' title='bbox 2034 2437 2085 2489; x_wconf 93' lang='lat' dir='ltr'><strong>in</strong></span> <span class='ocrx_word' id='word_1_383' title='bbox 2120 2453 2225 2506; x_wconf 87' lang='lat' dir='ltr'><strong>qua</strong></span> <span class='ocrx_word' id='word_1_384' title='bbox 2253 2438 2327 2490; x_wconf 92' lang='lat' dir='ltr'><strong>illi</strong></span> <span class='ocrx_word' id='word_1_385' title='bbox 2389 2438 2682 2493; x_wconf 63' lang='lat' dir='ltr'><strong>asserenda</strong></span> <span class='ocrx_word' id='word_1_386' title='bbox 2738 2450 2889 2493; x_wconf 87' lang='lat' dir='ltr'><strong>extra</strong></span> <span class='ocrx_word' id='word_1_387' title='bbox 2931 2443 3151 2496; x_wconf 82' lang='lat' dir='ltr'><strong>modum</strong></span> <span class='ocrx_word' id='word_1_388' title='bbox 3205 2445 3431 2500; x_wconf 86' lang='lat' dir='ltr'><strong>insuda-</strong></span> 
     </span>
    </p>
   </div>
   <div class='ocr_carea' id='block_1_54' title="bbox 1861 2530 3427 2604">
    <p class='ocr_par' dir='ltr' id='par_1_54' title="bbox 1861 2530 3427 2604">
     <span class='ocr_line' id='line_1_54' title="bbox 1861 2530 3427 2604; baseline 0.008 -23"><span class='ocrx_word' id='word_1_389' title='bbox 1861 2538 1988 2581; x_wconf 90' lang='lat' dir='ltr'><strong>runt</strong></span> <span class='ocrx_word' id='word_1_390' title='bbox 2026 2546 2039 2583; x_wconf 93' lang='lat'>:</span> <span class='ocrx_word' id='word_1_391' title='bbox 2083 2530 2216 2583; x_wconf 86' lang='lat' dir='ltr'><strong>satis</strong></span> <span class='ocrx_word' id='word_1_392' title='bbox 2247 2538 2395 2590; x_wconf 88' lang='lat' dir='ltr'><strong>sunt,</strong></span> <span class='ocrx_word' id='word_1_393' title='bbox 2426 2546 2563 2598; x_wconf 90' lang='lat' dir='ltr'><strong>quas</strong></span> <span class='ocrx_word' id='word_1_394' title='bbox 2593 2530 2683 2584; x_wconf 89' lang='lat' dir='ltr'><strong>alii</strong></span> <span class='ocrx_word' id='word_1_395' title='bbox 2718 2531 2826 2585; x_wconf 91' lang='lat' dir='ltr'><strong>alio</strong></span> <span class='ocrx_word' id='word_1_396' title='bbox 2855 2540 3018 2603; x_wconf 88' lang='lat' dir='ltr'><strong>atque</strong></span> <span class='ocrx_word' id='word_1_397' title='bbox 3048 2537 3156 2589; x_wconf 90' lang='lat' dir='ltr'><strong>alio</strong></span> <span class='ocrx_word' id='word_1_398' title='bbox 3182 2547 3427 2604; x_wconf 72' lang='lat' dir='ltr'><strong>tempore</strong></span> 
     </span>
    </p>
   </div>
   <div class='ocr_carea' id='block_1_55' title="bbox 1862 2624 3425 2695">
    <p class='ocr_par' dir='ltr' id='par_1_55' title="bbox 1862 2624 3425 2695">
     <span class='ocr_line' id='line_1_55' title="bbox 1862 2624 3425 2695; baseline 0.007 -20"><span class='ocrx_word' id='word_1_399' title='bbox 1862 2624 2246 2691; x_wconf 85' lang='lat' dir='ltr'><strong>perversitates</strong></span> <span class='ocrx_word' id='word_1_400' title='bbox 2269 2625 2560 2677; x_wconf 84' lang='lat' dir='ltr'><strong>commenti</strong></span> <span class='ocrx_word' id='word_1_401' title='bbox 2598 2633 2743 2679; x_wconf 89' lang='lat' dir='ltr'><strong>sunt.</strong></span> <span class='ocrx_word' id='word_1_402' title='bbox 2776 2628 2927 2680; x_wconf 76' lang='lat' dir='ltr'><strong>Alius</strong></span> <span class='ocrx_word' id='word_1_403' title='bbox 2970 2628 3236 2695; x_wconf 76' lang='lat' dir='ltr'><strong>siquidem</strong></span> <span class='ocrx_word' id='word_1_404' title='bbox 3272 2632 3425 2692; x_wconf 90' lang='lat' dir='ltr'><strong>illud.</strong></span> 
     </span>
    </p>
   </div>
   <div class='ocr_carea' id='block_1_56' title="bbox 1858 2711 3428 2788">
    <p class='ocr_par' dir='ltr' id='par_1_56' title="bbox 1858 2711 3428 2788">
     <span class='ocr_line' id='line_1_56' title="bbox 1858 2711 3428 2788; baseline 0.008 -24"><span class='ocrx_word' id='word_1_405' title='bbox 1858 2711 1995 2783; x_wconf 84' lang='lat' dir='ltr'><strong>quod</strong></span> <span class='ocrx_word' id='word_1_406' title='bbox 2030 2730 2144 2767; x_wconf 67' lang='lat' dir='ltr'><strong>vero</strong></span> <span class='ocrx_word' id='word_1_407' title='bbox 2175 2730 2237 2767; x_wconf 71' lang='lat' dir='ltr'><strong>ex</strong></span> <span class='ocrx_word' id='word_1_408' title='bbox 2293 2715 2405 2781; x_wconf 84' lang='lat' dir='ltr'><strong>illo,</strong></span> <span class='ocrx_word' id='word_1_409' title='bbox 2447 2716 2585 2785; x_wconf 88' lang='lat' dir='ltr'><strong>quod</strong></span> <span class='ocrx_word' id='word_1_410' title='bbox 2637 2718 2878 2770; x_wconf 84' lang='lat' dir='ltr'><strong>continue</strong></span> <span class='ocrx_word' id='word_1_411' title='bbox 2903 2729 2977 2771; x_wconf 88' lang='lat' dir='ltr'><strong>est</strong></span> <span class='ocrx_word' id='word_1_412' title='bbox 3026 2735 3091 2772; x_wconf 78' lang='lat' dir='ltr'><strong>ea:</strong></span> <span class='ocrx_word' id='word_1_413' title='bbox 3132 2722 3320 2788; x_wconf 88' lang='lat' dir='ltr'><strong>primo,</strong></span> <span class='ocrx_word' id='word_1_414' title='bbox 3361 2738 3428 2777; x_wconf 83' lang='lat' dir='ltr'><strong>ex</strong></span> 
     </span>
    </p>
   </div>
   <div class='ocr_carea' id='block_1_57' title="bbox 1860 2804 3424 2874">
    <p class='ocr_par' dir='ltr' id='par_1_57' title="bbox 1860 2804 3424 2874">
     <span class='ocr_line' id='line_1_57' title="bbox 1860 2804 3424 2874; baseline 0.004 -16"><span class='ocrx_word' id='word_1_415' title='bbox 1860 2806 2076 2872; x_wconf 81' lang='lat' dir='ltr'><strong>scriptis</strong></span> <span class='ocrx_word' id='word_1_416' title='bbox 2135 2804 2361 2874; x_wconf 86' lang='lat' dir='ltr'><strong>Nysseni</strong></span> <span class='ocrx_word' id='word_1_417' title='bbox 2405 2807 2573 2859; x_wconf 88' lang='lat' dir='ltr'><strong>erasit</strong></span> <span class='ocrx_word' id='word_1_418' title='bbox 2619 2825 2632 2860; x_wconf 90' lang='lat'><strong>:</strong></span> <span class='ocrx_word' id='word_1_419' title='bbox 2682 2807 2822 2861; x_wconf 84' lang='lat' dir='ltr'><strong>alius</strong></span> <span class='ocrx_word' id='word_1_420' title='bbox 2889 2826 2950 2861; x_wconf 80' lang='lat' dir='ltr'><strong>cx</strong></span> <span class='ocrx_word' id='word_1_421' title='bbox 3012 2812 3424 2865; x_wconf 84' lang='lat' dir='ltr'><strong>commentariis</strong></span> 
     </span>
    </p>
   </div>
   <div class='ocr_carea' id='block_1_58' title="bbox 1862 2894 3429 2968">
    <p class='ocr_par' dir='ltr' id='par_1_58' title="bbox 1862 2894 3429 2968">
     <span class='ocr_line' id='line_1_58' title="bbox 1862 2894 3429 2968; baseline 0.008 -21"><span class='ocrx_word' id='word_1_422' title='bbox 1862 2896 2042 2962; x_wconf 75' lang='lat' dir='ltr'><strong>magni</strong></span> <span class='ocrx_word' id='word_1_423' title='bbox 2075 2894 2279 2959; x_wconf 84' lang='lat' dir='ltr'><strong>Basilii,</strong></span> <span class='ocrx_word' id='word_1_424' title='bbox 2345 2896 2448 2961; x_wconf 82' lang='lat' dir='ltr'><strong>Qui</strong></span> <span class='ocrx_word' id='word_1_425' title='bbox 2494 2898 2557 2949; x_wconf 87' lang='lat' dir='ltr'><strong>ub</strong></span> <span class='ocrx_word' id='word_1_426' title='bbox 2588 2898 2701 2966; x_wconf 87' lang='lat' dir='ltr'><strong>ipso</strong></span> <span class='ocrx_word' id='word_1_427' title='bbox 2734 2900 2873 2968; x_wconf 82' lang='lat' dir='ltr'><strong>quod</strong></span> <span class='ocrx_word' id='word_1_428' title='bbox 2919 2901 2987 2953; x_wconf 90' lang='lat' dir='ltr'><strong>sit</strong></span> <span class='ocrx_word' id='word_1_429' title='bbox 3021 2902 3194 2960; x_wconf 82' lang='lat' dir='ltr'><strong>habet.</strong></span> <span class='ocrx_word' id='word_1_430' title='bbox 3225 2920 3251 2956; x_wconf 88' lang='lat' dir='ltr'><strong>a</strong></span> <span class='ocrx_word' id='word_1_431' title='bbox 3289 2902 3429 2959; x_wconf 82' lang='lat' dir='ltr'><strong>Filio</strong></span> 
     </span>
    </p>
   </div>
   <div class='ocr_carea' id='block_1_59' title="bbox 1863 2985 3423 3065">
    <p class='ocr_par' dir='ltr' id='par_1_59' title="bbox 1863 2985 3423 3065">
     <span class='ocr_line' id='line_1_59' title="bbox 1863 2985 3423 3065; baseline 0.006 -26"><span class='ocrx_word' id='word_1_432' title='bbox 1863 2987 2069 3040; x_wconf 86' lang='lat' dir='ltr'><strong>scilicet</strong></span> <span class='ocrx_word' id='word_1_433' title='bbox 2104 2985 2362 3055; x_wconf 83' lang='lat' dir='ltr'><strong>Spiritum</strong></span> <span class='ocrx_word' id='word_1_434' title='bbox 2393 2999 2637 3041; x_wconf 84' lang='lat' dir='ltr'><strong>sanctum</strong></span> <span class='ocrx_word' id='word_1_435' title='bbox 2665 3006 2828 3045; x_wconf 89' lang='lat' dir='ltr'><strong>esse:</strong></span> <span class='ocrx_word' id='word_1_436' title='bbox 2862 2992 3005 3046; x_wconf 88' lang='lat' dir='ltr'><strong>alius</strong></span> <span class='ocrx_word' id='word_1_437' title='bbox 3059 2995 3151 3047; x_wconf 88' lang='lat' dir='ltr'><strong>ubi</strong></span> <span class='ocrx_word' id='word_1_438' title='bbox 3194 2994 3423 3065; x_wconf 82' lang='lat' dir='ltr'><strong>Nysseni</strong></span> 
     </span>
    </p>
   </div>
   <div class='ocr_carea' id='block_1_60' title="bbox 1860 3077 3425 3155">
    <p class='ocr_par' dir='ltr' id='par_1_60' title="bbox 1860 3077 3425 3155">
     <span class='ocr_line' id='line_1_60' title="bbox 1860 3077 3425 3155; baseline 0.007 -26"><span class='ocrx_word' id='word_1_439' title='bbox 1860 3077 2022 3130; x_wconf 84' lang='lat' dir='ltr'><strong>verba</strong></span> <span class='ocrx_word' id='word_1_440' title='bbox 2071 3088 2248 3141; x_wconf 84' lang='lat' dir='ltr'><strong>erant,</strong></span> <span class='ocrx_word' id='word_1_441' title='bbox 2306 3089 2359 3131; x_wconf 88' lang='lat' dir='ltr'><strong>ut</strong></span> <span class='ocrx_word' id='word_1_442' title='bbox 2388 3083 2730 3146; x_wconf 84' lang='lat' dir='ltr'><strong>processiouis</strong></span> <span class='ocrx_word' id='word_1_443' title='bbox 2794 3091 3001 3137; x_wconf 82' lang='lat' dir='ltr'><strong>tantum</strong></span> <span class='ocrx_word' id='word_1_444' title='bbox 3053 3090 3425 3155; x_wconf 80' lang='lat' dir='ltr'><strong>proprietatem</strong></span> 
     </span>
    </p>
   </div>
   <div class='ocr_carea' id='block_1_61' title="bbox 186 3160 1850 3247">
    <p class='ocr_par' dir='ltr' id='par_1_61' title="bbox 186 3160 1829 3247">
     <span class='ocr_line' id='line_1_61' title="bbox 186 3160 1829 3247; baseline 0 -32"><span class='ocrx_word' id='word_1_445' title='bbox 186 3164 291 3216; x_wconf 76' lang='lat' dir='ltr'><strong>Ira</strong></span> <span class='ocrx_word' id='word_1_446' title='bbox 349 3164 467 3228; x_wconf 76' lang='grc' dir='ltr'>τὴν</span> <span class='ocrx_word' id='word_1_447' title='bbox 506 3162 947 3230; x_wconf 76' lang='grc' dir='ltr'>ἐκπορευτικὴν</span> <span class='ocrx_word' id='word_1_448' title='bbox 1007 3161 1270 3228; x_wconf 87' lang='grc' dir='ltr'>ἰδιότητα</span> <span class='ocrx_word' id='word_1_449' title='bbox 1331 3160 1412 3227; x_wconf 82' lang='grc' dir='ltr'>τῷ</span> <span class='ocrx_word' id='word_1_450' title='bbox 1458 3165 1829 3247; x_wconf 71' lang='grc' dir='ltr'>Πνεῠματιο</span> 
     </span>
    </p>
   </div>
   <div class='ocr_carea' id='block_1_62' title="bbox 1764 3160 3428 3247">
    <p class='ocr_par' dir='ltr' id='par_1_62' title="bbox 1787 3170 3428 3247">
     <span class='ocr_line' id='line_1_62' title="bbox 1787 3170 3428 3247; baseline 0.005 -23"><span class='ocrx_word' id='word_1_451' title='bbox 1787 3188 1829 3247; x_wconf 81' lang='lat' dir='ltr'><strong><em>C</em></strong></span> <span class='ocrx_word' id='word_1_452' title='bbox 1864 3170 2087 3239; x_wconf 77' lang='lat' dir='ltr'><strong>Spiritui</strong></span> <span class='ocrx_word' id='word_1_453' title='bbox 2118 3171 2215 3225; x_wconf 81' lang='lat' dir='ltr'><strong>soli</strong></span> <span class='ocrx_word' id='word_1_454' title='bbox 2242 3174 2583 3225; x_wconf 76' lang='lat' dir='ltr'><strong>ittltwreutum</strong></span> <span class='ocrx_word' id='word_1_455' title='bbox 2640 3174 2996 3241; x_wconf 77' lang='lat' dir='ltr'><strong>con/innaret,</strong></span> <span class='ocrx_word' id='word_1_456' title='bbox 3037 3174 3191 3229; x_wconf 84' lang='lat' dir='ltr'><strong>Patri</strong></span> <span class='ocrx_word' id='word_1_457' title='bbox 3234 3179 3428 3233; x_wconf 77' lang='lat' dir='ltr'><strong>litteris</strong></span> 
     </span>
    </p>
   </div>
   <div class='ocr_carea' id='block_1_63' title="bbox 186 3253 1752 3324">
    <p class='ocr_par' dir='ltr' id='par_1_63' title="bbox 186 3253 1752 3324">
     <span class='ocr_line' id='line_1_63' title="bbox 186 3253 1752 3324; baseline -0.001 -18"><span class='ocrx_word' id='word_1_458' title='bbox 186 3256 351 3320; x_wconf 85' lang='grc' dir='ltr'>μόνῳ</span> <span class='ocrx_word' id='word_1_459' title='bbox 399 3253 762 3320; x_wconf 75' lang='grc' dir='ltr'>προσοῦσαν</span> <span class='ocrx_word' id='word_1_460' title='bbox 851 3254 1291 3318; x_wconf 81' lang='grc' dir='ltr'>πιστεύσηται,</span> <span class='ocrx_word' id='word_1_461' title='bbox 1340 3254 1585 3324; x_wconf 71' lang='grc' dir='ltr'>ἔγραψε,</span> <span class='ocrx_word' id='word_1_462' title='bbox 1675 3259 1752 3322; x_wconf 59' lang='grc' dir='ltr'>τῷ</span> 
     </span>
    </p>
   </div>
   <div class='ocr_carea' id='block_1_64' title="bbox 187 3342 1753 3412">
    <p class='ocr_par' dir='ltr' id='par_1_64' title="bbox 187 3342 1753 3412">
     <span class='ocr_line' id='line_1_64' title="bbox 187 3342 1753 3412; baseline -0.001 -16"><span class='ocrx_word' id='word_1_463' title='bbox 187 3345 376 3409; x_wconf 80' lang='grc' dir='ltr'>Πατρί</span> <span class='ocrx_word' id='word_1_464' title='bbox 421 3347 793 3411; x_wconf 72' lang='grc' dir='ltr'>μεταποιήσας</span> <span class='ocrx_word' id='word_1_465' title='bbox 823 3342 1020 3412; x_wconf 76' lang='grc' dir='ltr'>ἔθηκεν</span> <span class='ocrx_word' id='word_1_466' title='bbox 1054 3357 1066 3371; x_wconf 86' lang='grc'><strong>·</strong></span> <span class='ocrx_word' id='word_1_467' title='bbox 1101 3342 1260 3405; x_wconf 72' lang='grc' dir='ltr'>ἄλλος</span> <span class='ocrx_word' id='word_1_468' title='bbox 1298 3342 1389 3394; x_wconf 77' lang='grc' dir='ltr'><strong>τὸν</strong></span> <span class='ocrx_word' id='word_1_469' title='bbox 1409 3344 1570 3395; x_wconf 72' lang='grc' dir='ltr'>αὑτὸν</span> <span class='ocrx_word' id='word_1_470' title='bbox 1606 3344 1753 3397; x_wconf 74' lang='grc' dir='ltr'><strong>Νύσ-</strong></span> 
     </span>
    </p>
   </div>
   <div class='ocr_carea' id='block_1_65' title="bbox 187 3428 1756 3499">
    <p class='ocr_par' dir='ltr' id='par_1_65' title="bbox 187 3428 1756 3499">
     <span class='ocr_line' id='line_1_65' title="bbox 187 3428 1756 3499; baseline 0.001 -18"><span class='ocrx_word' id='word_1_471' title='bbox 187 3447 285 3499; x_wconf 59' lang='grc' dir='ltr'><strong>σης</strong></span> <span class='ocrx_word' id='word_1_472' title='bbox 338 3430 560 3498; x_wconf 84' lang='grc' dir='ltr'>εὑρὼν,</span> <span class='ocrx_word' id='word_1_473' title='bbox 608 3429 1073 3496; x_wconf 62' lang='grc' dir='ltr'>προθεωρεῑσθαι</span> <span class='ocrx_word' id='word_1_474' title='bbox 1128 3428 1235 3481; x_wconf 83' lang='grc' dir='ltr'>τὸν</span> <span class='ocrx_word' id='word_1_475' title='bbox 1291 3430 1430 3481; x_wconf 82' lang='grc' dir='ltr'><strong>Υἰόν</strong></span> <span class='ocrx_word' id='word_1_476' title='bbox 1489 3429 1600 3497; x_wconf 82' lang='grc' dir='ltr'>τῆς</span> <span class='ocrx_word' id='word_1_477' title='bbox 1649 3430 1756 3483; x_wconf 87' lang='grc' dir='ltr'>τοῦ</span> 
     </span>
    </p>
   </div>
   <div class='ocr_carea' id='block_1_66' title="bbox 184 3519 1753 3587">
    <p class='ocr_par' dir='ltr' id='par_1_66' title="bbox 184 3519 1753 3587">
     <span class='ocr_line' id='line_1_66' title="bbox 184 3519 1753 3587; baseline -0.002 -12"><span class='ocrx_word' id='word_1_478' title='bbox 184 3522 537 3587; x_wconf 81' lang='grc' dir='ltr'>ιινεύματος</span> <span class='ocrx_word' id='word_1_479' title='bbox 588 3521 1011 3585; x_wconf 82' lang='grc' dir='ltr'>ὑποστάσεως,</span> <span class='ocrx_word' id='word_1_480' title='bbox 1061 3521 1213 3572; x_wconf 73' lang='grc' dir='ltr'>κατὰ</span> <span class='ocrx_word' id='word_1_481' title='bbox 1261 3520 1368 3573; x_wconf 79' lang='grc' dir='ltr'>τὸν</span> <span class='ocrx_word' id='word_1_482' title='bbox 1407 3519 1516 3587; x_wconf 83' lang='grc' dir='ltr'>τῆς</span> <span class='ocrx_word' id='word_1_483' title='bbox 1561 3523 1753 3587; x_wconf 79' lang='grc' dir='ltr'>αἰτίας</span> 
     </span>
    </p>
   </div>
   <div class='ocr_carea' id='block_1_67' title="bbox 181 3612 1758 3681">
    <p class='ocr_par' dir='ltr' id='par_1_67' title="bbox 181 3612 1758 3681">
     <span class='ocr_line' id='line_1_67' title="bbox 181 3612 1758 3681; baseline -0.001 -15"><span class='ocrx_word' id='word_1_484' title='bbox 181 3616 373 3681; x_wconf 74' lang='grc' dir='ltr'>λόγον</span> <span class='ocrx_word' id='word_1_485' title='bbox 414 3612 790 3679; x_wconf 79' lang='grc' dir='ltr'>θεολογοῦντα,</span> <span class='ocrx_word' id='word_1_486' title='bbox 846 3613 926 3676; x_wconf 79' lang='grc' dir='ltr'>τὸ,</span> <span class='ocrx_word' id='word_1_487' title='bbox 977 3613 1344 3679; x_wconf 82' lang='grc' dir='ltr'>Πνεύματος,</span> <span class='ocrx_word' id='word_1_488' title='bbox 1386 3616 1467 3674; x_wconf 87' lang='grc' dir='ltr'><strong>εἰς</strong></span> <span class='ocrx_word' id='word_1_489' title='bbox 1515 3613 1595 3678; x_wconf 83' lang='grc' dir='ltr'>τὸ,</span> <span class='ocrx_word' id='word_1_490' title='bbox 1641 3617 1758 3666; x_wconf 87' lang='grc' dir='ltr'><strong>Πα-</strong></span> 
     </span>
    </p>
   </div>
   <div class='ocr_carea' id='block_1_68' title="bbox 182 3701 1756 3771">
    <p class='ocr_par' dir='ltr' id='par_1_68' title="bbox 182 3701 1756 3771">
     <span class='ocr_line' id='line_1_68' title="bbox 182 3701 1756 3771; baseline 0.001 -16"><span class='ocrx_word' id='word_1_491' title='bbox 182 3704 324 3771; x_wconf 75' lang='grc' dir='ltr'>τρός</span> <span class='ocrx_word' id='word_1_492' title='bbox 378 3703 715 3770; x_wconf 73' lang='grc' dir='ltr'>μετεποίησε</span> <span class='ocrx_word' id='word_1_493' title='bbox 761 3718 773 3729; x_wconf 83' lang='grc'><strong>’</strong></span> <span class='ocrx_word' id='word_1_494' title='bbox 822 3707 916 3753; x_wconf 73' lang='grc' dir='ltr'>καὶ</span> <span class='ocrx_word' id='word_1_495' title='bbox 976 3701 1138 3753; x_wconf 79' lang='grc' dir='ltr'>πάλιν</span> <span class='ocrx_word' id='word_1_496' title='bbox 1184 3702 1319 3753; x_wconf 83' lang='grc' dir='ltr'>ὅπου</span> <span class='ocrx_word' id='word_1_497' title='bbox 1365 3704 1393 3753; x_wconf 89' lang='grc' dir='ltr'>ὁ</span> <span class='ocrx_word' id='word_1_498' title='bbox 1451 3703 1639 3768; x_wconf 76' lang='grc' dir='ltr'>αὐτὸς,</span> <span class='ocrx_word' id='word_1_499' title='bbox 1688 3704 1756 3756; x_wconf 86' lang='grc' dir='ltr'>τὸ</span> 
     </span>
    </p>
   </div>
   <div class='ocr_carea' id='block_1_69' title="bbox 182 3789 1755 3860">
    <p class='ocr_par' dir='ltr' id='par_1_69' title="bbox 182 3789 1755 3860">
     <span class='ocr_line' id='line_1_69' title="bbox 182 3789 1755 3860; baseline -0.001 -14"><span class='ocrx_word' id='word_1_500' title='bbox 182 3793 432 3860; x_wconf 81' lang='grc' dir='ltr'>Πνεῦμα</span> <span class='ocrx_word' id='word_1_501' title='bbox 463 3793 531 3842; x_wconf 78' lang='grc' dir='ltr'>ἐκ</span> <span class='ocrx_word' id='word_1_502' title='bbox 575 3789 681 3843; x_wconf 87' lang='grc' dir='ltr'>τοῦ</span> <span class='ocrx_word' id='word_1_503' title='bbox 734 3790 871 3843; x_wconf 82' lang='grc' dir='ltr'><strong>Υἱοῦ</strong></span> <span class='ocrx_word' id='word_1_504' title='bbox 934 3790 1089 3843; x_wconf 83' lang='grc' dir='ltr'>εἰναι</span> <span class='ocrx_word' id='word_1_505' title='bbox 1144 3792 1755 3857; x_wconf 82' lang='grc' dir='ltr'>προσμαρτυρεῐσθαι,</span> 
     </span>
    </p>
   </div>
   <div class='ocr_carea' id='block_1_70' title="bbox 181 3882 1757 3954">
    <p class='ocr_par' dir='ltr' id='par_1_70' title="bbox 181 3882 1757 3954">
     <span class='ocr_line' id='line_1_70' title="bbox 181 3882 1757 3954; baseline -0.001 -16"><span class='ocrx_word' id='word_1_506' title='bbox 181 3889 426 3954; x_wconf 80' lang='grc' dir='ltr'>εἰρήκει,</span> <span class='ocrx_word' id='word_1_507' title='bbox 491 3886 519 3936; x_wconf 84' lang='grc' dir='ltr'><strong><em>ὁ</em></strong></span> <span class='ocrx_word' id='word_1_508' title='bbox 568 3883 879 3953; x_wconf 83' lang='grc' dir='ltr'>μεταποιῶν</span> <span class='ocrx_word' id='word_1_509' title='bbox 932 3885 1053 3945; x_wconf 81' lang='grc' dir='ltr'>ταῖς</span> <span class='ocrx_word' id='word_1_510' title='bbox 1103 3882 1190 3934; x_wconf 82' lang='grc' dir='ltr'>διὰ</span> <span class='ocrx_word' id='word_1_511' title='bbox 1241 3883 1467 3953; x_wconf 83' lang='grc' dir='ltr'>σιδήρου</span> <span class='ocrx_word' id='word_1_512' title='bbox 1520 3883 1757 3954; x_wconf 79' lang='grc' dir='ltr'>ξυσμαῖς</span> 
     </span>
    </p>
   </div>
   <div class='ocr_carea' id='block_1_71' title="bbox 180 3973 1753 4056">
    <p class='ocr_par' dir='ltr' id='par_1_71' title="bbox 180 3973 1753 4056">
     <span class='ocr_line' id='line_1_71' title="bbox 180 3973 1753 4056; baseline -0.001 -26"><span class='ocrx_word' id='word_1_513' title='bbox 180 3980 278 4047; x_wconf 80' lang='grc' dir='ltr'>τὴν</span> <span class='ocrx_word' id='word_1_514' title='bbox 317 3979 386 4041; x_wconf 83' lang='grc' dir='ltr'><strong>ἑξ</strong></span> <span class='ocrx_word' id='word_1_515' title='bbox 420 3977 680 4044; x_wconf 71' lang='grc' dir='ltr'>δίεγραψε</span> <span class='ocrx_word' id='word_1_516' title='bbox 716 3973 979 4043; x_wconf 77' lang='grc' dir='ltr'>πρόθεσιν</span> <span class='ocrx_word' id='word_1_517' title='bbox 1008 3992 1022 4006; x_wconf 89' lang='grc'><strong>·</strong></span> <span class='ocrx_word' id='word_1_518' title='bbox 1058 3975 1154 4027; x_wconf 85' lang='grc' dir='ltr'>καὶ</span> <span class='ocrx_word' id='word_1_519' title='bbox 1191 3977 1370 4056; x_wconf 54' lang='grc' dir='ltr'>,πάλιν</span> <span class='ocrx_word' id='word_1_520' title='bbox 1424 3977 1630 4046; x_wconf 76' lang='grc' dir='ltr'>ἕτερος,</span> <span class='ocrx_word' id='word_1_521' title='bbox 1695 3979 1753 4030; x_wconf 78' lang='grc' dir='ltr'>ὲν</span> 
     </span>
    </p>
   </div>
   <div class='ocr_carea' id='block_1_72' title="bbox 179 4066 1753 4137">
    <p class='ocr_par' dir='ltr' id='par_1_72' title="bbox 179 4066 1753 4137">
     <span class='ocr_line' id='line_1_72' title="bbox 179 4066 1753 4137; baseline 0.001 -15"><span class='ocrx_word' id='word_1_522' title='bbox 179 4068 259 4132; x_wconf 76' lang='grc' dir='ltr'>οἷς</span> <span class='ocrx_word' id='word_1_523' title='bbox 311 4072 340 4121; x_wconf 83' lang='grc' dir='ltr'>ὁ</span> <span class='ocrx_word' id='word_1_524' title='bbox 383 4070 539 4137; x_wconf 72' lang='grc' dir='ltr'>ἆγίος</span> <span class='ocrx_word' id='word_1_525' title='bbox 598 4068 917 4136; x_wconf 73' lang='grc' dir='ltr'>Ἐπιφάνιος</span> <span class='ocrx_word' id='word_1_526' title='bbox 967 4066 1109 4136; x_wconf 76' lang='grc' dir='ltr'>ἔφη’</span> <span class='ocrx_word' id='word_1_527' title='bbox 1143 4067 1212 4119; x_wconf 84' lang='grc' dir='ltr'>Εἰ</span> <span class='ocrx_word' id='word_1_528' title='bbox 1248 4069 1502 4133; x_wconf 80' lang='grc' dir='ltr'>Χριστὸς</span> <span class='ocrx_word' id='word_1_529' title='bbox 1532 4070 1600 4123; x_wconf 82' lang='grc' dir='ltr'>ἐκ</span> <span class='ocrx_word' id='word_1_530' title='bbox 1645 4070 1753 4123; x_wconf 88' lang='grc' dir='ltr'>τοῦ</span> 
     </span>
    </p>
   </div>
   <div class='ocr_carea' id='block_1_73' title="bbox 180 4156 1754 4229">
    <p class='ocr_par' dir='ltr' id='par_1_73' title="bbox 180 4156 1754 4229">
     <span class='ocr_line' id='line_1_73' title="bbox 180 4156 1754 4229; baseline 0 -16"><span class='ocrx_word' id='word_1_531' title='bbox 180 4160 418 4226; x_wconf 67' lang='grc' dir='ltr'>Ματρὸς</span> <span class='ocrx_word' id='word_1_532' title='bbox 450 4160 796 4212; x_wconf 78' lang='grc' dir='ltr'>πιστεύεται</span> <span class='ocrx_word' id='word_1_533' title='bbox 824 4156 966 4221; x_wconf 82' lang='grc' dir='ltr'>Θεὸς</span> <span class='ocrx_word' id='word_1_534' title='bbox 983 4156 1051 4209; x_wconf 83' lang='grc' dir='ltr'>ἐκ</span> <span class='ocrx_word' id='word_1_535' title='bbox 1082 4157 1251 4221; x_wconf 85' lang='grc' dir='ltr'>Θεοῦ,</span> <span class='ocrx_word' id='word_1_536' title='bbox 1288 4158 1384 4210; x_wconf 80' lang='grc' dir='ltr'>καὶ</span> <span class='ocrx_word' id='word_1_537' title='bbox 1413 4160 1481 4211; x_wconf 86' lang='grc' dir='ltr'>τὸ</span> <span class='ocrx_word' id='word_1_538' title='bbox 1508 4162 1754 4229; x_wconf 77' lang='grc' dir='ltr'>Πνεῦμα</span> 
     </span>
    </p>
   </div>
   <div class='ocr_carea' id='block_1_74' title="bbox 179 4247 1749 4320">
    <p class='ocr_par' dir='ltr' id='par_1_74' title="bbox 179 4247 1749 4320">
     <span class='ocr_line' id='line_1_74' title="bbox 179 4247 1749 4320; baseline 0.002 -17"><span class='ocrx_word' id='word_1_539' title='bbox 179 4254 248 4304; x_wconf 81' lang='grc' dir='ltr'>ἐκ</span> <span class='ocrx_word' id='word_1_540' title='bbox 280 4251 392 4305; x_wconf 89' lang='grc' dir='ltr'>τοῦ</span> <span class='ocrx_word' id='word_1_541' title='bbox 439 4249 722 4317; x_wconf 83' lang='grc' dir='ltr'>Χριστοῦ,</span> <span class='ocrx_word' id='word_1_542' title='bbox 753 4248 792 4316; x_wconf 79' lang='grc' dir='ltr'><em>ἢ</em></span> <span class='ocrx_word' id='word_1_543' title='bbox 822 4250 958 4316; x_wconf 84' lang='grc' dir='ltr'>παρ’</span> <span class='ocrx_word' id='word_1_544' title='bbox 992 4247 1365 4316; x_wconf 72' lang='grc' dir='ltr'>ἀμφοτέρων,</span> <span class='ocrx_word' id='word_1_545' title='bbox 1397 4252 1467 4303; x_wconf 82' lang='lat' dir='ltr'><strong>Ei</strong></span> <span class='ocrx_word' id='word_1_546' title='bbox 1511 4250 1579 4303; x_wconf 78' lang='grc' dir='ltr'>δὲ</span> <span class='ocrx_word' id='word_1_547' title='bbox 1615 4254 1749 4320; x_wconf 79' lang='grc' dir='ltr'>Χρι-</span> 
     </span>
    </p>
   </div>
   <div class='ocr_carea' id='block_1_75' title="bbox 179 4341 1745 4413">
    <p class='ocr_par' dir='ltr' id='par_1_75' title="bbox 179 4341 1745 4413">
     <span class='ocr_line' id='line_1_75' title="bbox 179 4341 1745 4413; baseline 0 -15"><span class='ocrx_word' id='word_1_548' title='bbox 179 4348 336 4409; x_wconf 76' lang='grc' dir='ltr'>στὸς</span> <span class='ocrx_word' id='word_1_549' title='bbox 411 4344 479 4394; x_wconf 76' lang='grc' dir='ltr'>ἐκ</span> <span class='ocrx_word' id='word_1_550' title='bbox 545 4343 652 4394; x_wconf 88' lang='grc' dir='ltr'>τοῦ</span> <span class='ocrx_word' id='word_1_551' title='bbox 702 4343 1049 4407; x_wconf 82' lang='grc' dir='ltr'>Πνεύματος</span> <span class='ocrx_word' id='word_1_552' title='bbox 1093 4341 1469 4406; x_wconf 79' lang='grc' dir='ltr'>πιστεύεται,</span> <span class='ocrx_word' id='word_1_553' title='bbox 1518 4341 1745 4413; x_wconf 75' lang='grc' dir='ltr'>ἔγραψε.</span> 
     </span>
    </p>
   </div>
   <div class='ocr_carea' id='block_1_76' title="bbox 1864 3259 3428 3337">
    <p class='ocr_par' dir='ltr' id='par_1_76' title="bbox 1864 3259 3428 3337">
     <span class='ocr_line' id='line_1_76' title="bbox 1864 3259 3428 3337; baseline 0.004 -22"><span class='ocrx_word' id='word_1_554' title='bbox 1864 3264 2166 3318; x_wconf 83' lang='lat' dir='ltr'><strong>immutatis</strong></span> <span class='ocrx_word' id='word_1_555' title='bbox 2206 3259 2457 3334; x_wconf 74' lang='lat' dir='ltr'><strong>apposuit</strong></span> <span class='ocrx_word' id='word_1_556' title='bbox 2493 3284 2504 3318; x_wconf 87' lang='lat'>:</span> <span class='ocrx_word' id='word_1_557' title='bbox 2535 3266 2677 3319; x_wconf 78' lang='lat' dir='ltr'><strong>alius</strong></span> <span class='ocrx_word' id='word_1_558' title='bbox 2717 3281 2844 3321; x_wconf 84' lang='lat' dir='ltr'><strong>cum</strong></span> <span class='ocrx_word' id='word_1_559' title='bbox 2896 3269 3187 3337; x_wconf 87' lang='lat' dir='ltr'><strong>reperisset</strong></span> <span class='ocrx_word' id='word_1_560' title='bbox 3237 3270 3428 3323; x_wconf 86' lang='lat' dir='ltr'><strong>decer-</strong></span> 
     </span>
    </p>
   </div>
   <div class='ocr_carea' id='block_1_77' title="bbox 1864 3353 3428 3429">
    <p class='ocr_par' dir='ltr' id='par_1_77' title="bbox 1864 3353 3428 3429">
     <span class='ocr_line' id='line_1_77' title="bbox 1864 3353 3428 3429; baseline 0.003 -21"><span class='ocrx_word' id='word_1_561' title='bbox 1864 3366 2079 3408; x_wconf 88' lang='lat' dir='ltr'><strong>nentem</strong></span> <span class='ocrx_word' id='word_1_562' title='bbox 2134 3358 2385 3408; x_wconf 89' lang='lat' dir='ltr'><strong>eumdem</strong></span> <span class='ocrx_word' id='word_1_563' title='bbox 2444 3353 2770 3425; x_wconf 83' lang='lat' dir='ltr'><strong>Nyssenum,</strong></span> <span class='ocrx_word' id='word_1_564' title='bbox 2828 3354 3030 3410; x_wconf 82' lang='lat' dir='ltr'><strong>Filium</strong></span> <span class='ocrx_word' id='word_1_565' title='bbox 3090 3359 3428 3429; x_wconf 76' lang='lat' dir='ltr'><strong>pra‘intelligi</strong></span> 
     </span>
    </p>
   </div>
   <div class='ocr_carea' id='block_1_78' title="bbox 1864 3446 3426 3515">
    <p class='ocr_par' dir='ltr' id='par_1_78' title="bbox 1864 3446 3426 3515">
     <span class='ocr_line' id='line_1_78' title="bbox 1864 3446 3426 3515; baseline 0.004 -16"><span class='ocrx_word' id='word_1_566' title='bbox 1864 3447 2093 3510; x_wconf 78' lang='lat' dir='ltr'><strong>Spiritus</strong></span> <span class='ocrx_word' id='word_1_567' title='bbox 2116 3446 2387 3515; x_wconf 78' lang='lat' dir='ltr'><strong>[typostasi</strong></span> <span class='ocrx_word' id='word_1_568' title='bbox 2424 3450 2705 3500; x_wconf 83' lang='lat' dir='ltr'><strong>secundum</strong></span> <span class='ocrx_word' id='word_1_569' title='bbox 2763 3464 2935 3501; x_wconf 81' lang='lat' dir='ltr'><strong>causte</strong></span> <span class='ocrx_word' id='word_1_570' title='bbox 2995 3451 3271 3514; x_wconf 85' lang='lat' dir='ltr'><strong>rationem,</strong></span> <span class='ocrx_word' id='word_1_571' title='bbox 3309 3453 3426 3507; x_wconf 91' lang='lat' dir='ltr'><strong>loco</strong></span> 
     </span>
    </p>
   </div>
   <div class='ocr_carea' id='block_1_79' title="bbox 1862 3536 3421 3610">
    <p class='ocr_par' dir='ltr' id='par_1_79' title="bbox 1862 3536 3421 3610">
     <span class='ocr_line' id='line_1_79' title="bbox 1862 3536 3421 3610; baseline 0.004 -20"><span class='ocrx_word' id='word_1_572' title='bbox 1862 3536 2112 3603; x_wconf 74' lang='lat' dir='ltr'><strong>Spiritus,</strong></span> <span class='ocrx_word' id='word_1_573' title='bbox 2168 3536 2349 3590; x_wconf 82' lang='lat' dir='ltr'><strong>Patris</strong></span> <span class='ocrx_word' id='word_1_574' title='bbox 2400 3541 2686 3607; x_wconf 79' lang='lat' dir='ltr'><strong>supposuit</strong></span> <span class='ocrx_word' id='word_1_575' title='bbox 2721 3558 2733 3592; x_wconf 91' lang='lat'><strong>:</strong></span> <span class='ocrx_word' id='word_1_576' title='bbox 2768 3557 3099 3610; x_wconf 90' lang='lat' dir='ltr'><strong>rursumque</strong></span> <span class='ocrx_word' id='word_1_577' title='bbox 3129 3545 3220 3597; x_wconf 87' lang='lat' dir='ltr'><strong>ubi</strong></span> <span class='ocrx_word' id='word_1_578' title='bbox 3255 3544 3421 3607; x_wconf 79' lang='lat' dir='ltr'><strong>idem,</strong></span> 
     </span>
    </p>
   </div>
   <div class='ocr_carea' id='block_1_80' title="bbox 1854 3627 3428 3703">
    <p class='ocr_par' dir='ltr' id='par_1_80' title="bbox 1854 3627 3428 3703">
     <span class='ocr_line' id='line_1_80' title="bbox 1854 3627 3428 3703; baseline 0.006 -23"><span class='ocrx_word' id='word_1_579' title='bbox 1854 3627 2106 3695; x_wconf 78' lang='lat' dir='ltr'><strong>Spiritum</strong></span> <span class='ocrx_word' id='word_1_580' title='bbox 2140 3644 2203 3681; x_wconf 79' lang='lat' dir='ltr'><strong>ea:</strong></span> <span class='ocrx_word' id='word_1_581' title='bbox 2239 3628 2377 3681; x_wconf 85' lang='lat' dir='ltr'><strong>Filio</strong></span> <span class='ocrx_word' id='word_1_582' title='bbox 2398 3648 2509 3683; x_wconf 86' lang='lat' dir='ltr'><strong>esse</strong></span> <span class='ocrx_word' id='word_1_583' title='bbox 2536 3634 2780 3684; x_wconf 86' lang='lat' dir='ltr'><strong>attestari</strong></span> <span class='ocrx_word' id='word_1_584' title='bbox 2832 3634 3060 3698; x_wconf 88' lang='lat' dir='ltr'><strong>dixerat,</strong></span> <span class='ocrx_word' id='word_1_585' title='bbox 3120 3637 3212 3703; x_wconf 89' lang='lat' dir='ltr'><strong>qui</strong></span> <span class='ocrx_word' id='word_1_586' title='bbox 3252 3647 3428 3690; x_wconf 89' lang='lat' dir='ltr'><strong>muta-</strong></span> 
     </span>
    </p>
   </div>
   <div class='ocr_carea' id='block_1_81' title="bbox 1858 3721 3426 3794">
    <p class='ocr_par' dir='ltr' id='par_1_81' title="bbox 1858 3721 3426 3794">
     <span class='ocr_line' id='line_1_81' title="bbox 1858 3721 3426 3794; baseline 0.006 -23"><span class='ocrx_word' id='word_1_587' title='bbox 1858 3724 2060 3771; x_wconf 78' lang='lat' dir='ltr'><strong>tionem</strong></span> <span class='ocrx_word' id='word_1_588' title='bbox 2099 3725 2405 3785; x_wconf 80' lang='lat' dir='ltr'><strong>attentavit,</strong></span> <span class='ocrx_word' id='word_1_589' title='bbox 2442 3721 2586 3775; x_wconf 88' lang='lat' dir='ltr'><strong>ferro</strong></span> <span class='ocrx_word' id='word_1_590' title='bbox 2650 3732 2831 3788; x_wconf 89' lang='lat' dir='ltr'><strong>utens,</strong></span> <span class='ocrx_word' id='word_1_591' title='bbox 2886 3728 3327 3794; x_wconf 57' lang='lat' dir='ltr'><strong>priepootitionem</strong></span> <span class='ocrx_word' id='word_1_592' title='bbox 3361 3743 3426 3781; x_wconf 71' lang='lat' dir='ltr'><strong>ea:</strong></span> 
     </span>
    </p>
   </div>
   <div class='ocr_carea' id='block_1_82' title="bbox 1855 3811 3420 3884">
    <p class='ocr_par' dir='ltr' id='par_1_82' title="bbox 1855 3811 3420 3884">
     <span class='ocr_line' id='line_1_82' title="bbox 1855 3811 3420 3884; baseline 0.002 -21"><span class='ocrx_word' id='word_1_593' title='bbox 1855 3811 2210 3876; x_wconf 82' lang='lat' dir='ltr'><strong>oblitteravit;</strong></span> <span class='ocrx_word' id='word_1_594' title='bbox 2245 3813 2484 3881; x_wconf 87' lang='lat' dir='ltr'><strong>itemque</strong></span> <span class='ocrx_word' id='word_1_595' title='bbox 2523 3814 2663 3866; x_wconf 90' lang='lat' dir='ltr'><strong>alius</strong></span> <span class='ocrx_word' id='word_1_596' title='bbox 2701 3814 2789 3866; x_wconf 80' lang='lat' dir='ltr'><strong>ulti</strong></span> <span class='ocrx_word' id='word_1_597' title='bbox 2828 3826 3051 3868; x_wconf 86' lang='lat' dir='ltr'><strong>sanctus</strong></span> <span class='ocrx_word' id='word_1_598' title='bbox 3084 3814 3420 3884; x_wconf 67' lang='lat' dir='ltr'><strong>Epiphanius</strong></span> 
     </span>
    </p>
   </div>
   <div class='ocr_carea' id='block_1_83' title="bbox 1858 3899 3429 3963">
    <p class='ocr_par' dir='ltr' id='par_1_83' title="bbox 1858 3899 3429 3963">
     <span class='ocr_line' id='line_1_83' title="bbox 1858 3899 3429 3963; baseline 0.004 -11"><span class='ocrx_word' id='word_1_599' title='bbox 1858 3899 1989 3952; x_wconf 90' lang='lat' dir='ltr'><strong>dicit</strong></span> <span class='ocrx_word' id='word_1_600' title='bbox 2022 3919 2033 3953; x_wconf 93' lang='lat'>:</span> <span class='ocrx_word' id='word_1_601' title='bbox 2098 3900 2249 3963; x_wconf 74' lang='lat' dir='ltr'><strong>Quod</strong></span> <span class='ocrx_word' id='word_1_602' title='bbox 2279 3902 2325 3954; x_wconf 87' lang='lat' dir='ltr'><strong>si</strong></span> <span class='ocrx_word' id='word_1_603' title='bbox 2354 3900 2593 3957; x_wconf 83' lang='lat' dir='ltr'><strong>Christus</strong></span> <span class='ocrx_word' id='word_1_604' title='bbox 2614 3918 2678 3956; x_wconf 76' lang='lat' dir='ltr'><strong>ea:</strong></span> <span class='ocrx_word' id='word_1_605' title='bbox 2702 3901 2865 3956; x_wconf 87' lang='lat' dir='ltr'><strong>Patre</strong></span> <span class='ocrx_word' id='word_1_606' title='bbox 2895 3907 3128 3958; x_wconf 85' lang='lat' dir='ltr'><strong>creditur</strong></span> <span class='ocrx_word' id='word_1_607' title='bbox 3165 3905 3304 3961; x_wconf 75' lang='lat' dir='ltr'><strong>Deus</strong></span> <span class='ocrx_word' id='word_1_608' title='bbox 3363 3922 3429 3960; x_wconf 80' lang='lat' dir='ltr'><strong>ea:</strong></span> 
     </span>
    </p>
   </div>
   <div class='ocr_carea' id='block_1_84' title="bbox 1854 3989 3426 4066">
    <p class='ocr_par' dir='ltr' id='par_1_84' title="bbox 1854 3989 3426 4066">
     <span class='ocr_line' id='line_1_84' title="bbox 1854 3989 3426 4066; baseline 0.004 -23"><span class='ocrx_word' id='word_1_609' title='bbox 1854 3989 1987 4055; x_wconf 81' lang='lat' dir='ltr'><strong>Deo,</strong></span> <span class='ocrx_word' id='word_1_610' title='bbox 2006 4001 2052 4045; x_wconf 82' lang='lat' dir='ltr'><strong>et</strong></span> <span class='ocrx_word' id='word_1_611' title='bbox 2086 3991 2315 4061; x_wconf 85' lang='lat' dir='ltr'><strong>Spiritus</strong></span> <span class='ocrx_word' id='word_1_612' title='bbox 2330 4009 2394 4045; x_wconf 79' lang='lat' dir='ltr'><strong>ea:</strong></span> <span class='ocrx_word' id='word_1_613' title='bbox 2421 3994 2649 4059; x_wconf 82' lang='lat' dir='ltr'><strong>Christo,</strong></span> <span class='ocrx_word' id='word_1_614' title='bbox 2687 3997 2791 4048; x_wconf 83' lang='lat' dir='ltr'><strong>sive</strong></span> <span class='ocrx_word' id='word_1_615' title='bbox 2814 3996 2877 4048; x_wconf 87' lang='lat' dir='ltr'><strong>ab</strong></span> <span class='ocrx_word' id='word_1_616' title='bbox 2903 4007 3141 4066; x_wconf 86' lang='lat' dir='ltr'><strong>utroque.</strong></span> <span class='ocrx_word' id='word_1_617' title='bbox 3178 3997 3237 4051; x_wconf 89' lang='lat' dir='ltr'><strong>Si</strong></span> <span class='ocrx_word' id='word_1_618' title='bbox 3268 3999 3426 4051; x_wconf 86' lang='lat' dir='ltr'><strong>Cltri-</strong></span> 
     </span>
    </p>
   </div>
   <div class='ocr_carea' id='block_1_85' title="bbox 1852 4083 3427 4156">
    <p class='ocr_par' dir='ltr' id='par_1_85' title="bbox 1852 4083 3427 4156">
     <span class='ocr_line' id='line_1_85' title="bbox 1852 4083 3427 4156; baseline 0.004 -21"><span class='ocrx_word' id='word_1_619' title='bbox 1852 4091 1967 4135; x_wconf 87' lang='lat' dir='ltr'><strong>stus</strong></span> <span class='ocrx_word' id='word_1_620' title='bbox 2005 4097 2069 4135; x_wconf 75' lang='lat' dir='ltr'><strong>ea:</strong></span> <span class='ocrx_word' id='word_1_621' title='bbox 2119 4083 2324 4152; x_wconf 83' lang='lat' dir='ltr'><strong>Spiritu</strong></span> <span class='ocrx_word' id='word_1_622' title='bbox 2355 4085 2609 4149; x_wconf 77' lang='lat' dir='ltr'><strong>creditur,</strong></span> <span class='ocrx_word' id='word_1_623' title='bbox 2677 4088 2939 4154; x_wconf 84' lang='lat' dir='ltr'><strong>reposuit.</strong></span> <span class='ocrx_word' id='word_1_624' title='bbox 2992 4086 3096 4140; x_wconf 90' lang='lat' dir='ltr'><strong>Tot</strong></span> <span class='ocrx_word' id='word_1_625' title='bbox 3140 4089 3323 4156; x_wconf 77' lang='lat' dir='ltr'><strong>itaque</strong></span> <span class='ocrx_word' id='word_1_626' title='bbox 3362 4104 3427 4142; x_wconf 81' lang='lat' dir='ltr'><strong>ac</strong></span> 
     </span>
    </p>
   </div>
   <div class='ocr_carea' id='block_1_86' title="bbox 1853 4171 3425 4248">
    <p class='ocr_par' dir='ltr' id='par_1_86' title="bbox 1853 4171 3425 4248">
     <span class='ocr_line' id='line_1_86' title="bbox 1853 4171 3425 4248; baseline 0.006 -25"><span class='ocrx_word' id='word_1_627' title='bbox 1853 4171 2022 4224; x_wconf 88' lang='lat' dir='ltr'><strong>tantis</strong></span> <span class='ocrx_word' id='word_1_628' title='bbox 2052 4182 2103 4224; x_wconf 87' lang='lat' dir='ltr'><strong>et</strong></span> <span class='ocrx_word' id='word_1_629' title='bbox 2142 4183 2333 4239; x_wconf 65' lang='lat' dir='ltr'><strong>praeter</strong></span> <span class='ocrx_word' id='word_1_630' title='bbox 2360 4177 2456 4226; x_wconf 90' lang='lat' dir='ltr'><strong>has</strong></span> <span class='ocrx_word' id='word_1_631' title='bbox 2488 4175 2611 4229; x_wconf 88' lang='lat' dir='ltr'><strong>aliis</strong></span> <span class='ocrx_word' id='word_1_632' title='bbox 2640 4175 2692 4229; x_wconf 91' lang='lat' dir='ltr'><strong>in</strong></span> <span class='ocrx_word' id='word_1_633' title='bbox 2722 4176 2993 4244; x_wconf 89' lang='lat' dir='ltr'><strong>scriptura</strong></span> <span class='ocrx_word' id='word_1_634' title='bbox 3040 4180 3261 4233; x_wconf 89' lang='lat' dir='ltr'><strong>tentatis</strong></span> <span class='ocrx_word' id='word_1_635' title='bbox 3299 4194 3425 4248; x_wconf 87' lang='lat' dir='ltr'><strong>per-</strong></span> 
     </span>
    </p>
   </div>
   <div class='ocr_carea' id='block_1_87' title="bbox 1849 4259 3428 4338">
    <p class='ocr_par' dir='ltr' id='par_1_87' title="bbox 1849 4259 3428 4338">
     <span class='ocr_line' id='line_1_87' title="bbox 1849 4259 3428 4338; baseline 0.007 -25"><span class='ocrx_word' id='word_1_636' title='bbox 1849 4259 2116 4331; x_wconf 86' lang='lat' dir='ltr'><strong>fectisque</strong></span> <span class='ocrx_word' id='word_1_637' title='bbox 2165 4266 2635 4331; x_wconf 71' lang='lat' dir='ltr'><strong>perversitatibus,</strong></span> <span class='ocrx_word' id='word_1_638' title='bbox 2669 4282 2735 4320; x_wconf 89' lang='lat' dir='ltr'><strong>ne</strong></span> <span class='ocrx_word' id='word_1_639' title='bbox 2766 4283 2885 4334; x_wconf 86' lang='lat' dir='ltr'><strong>vos,</strong></span> <span class='ocrx_word' id='word_1_640' title='bbox 2920 4270 3164 4338; x_wconf 89' lang='lat' dir='ltr'><strong>inquam,</strong></span> <span class='ocrx_word' id='word_1_641' title='bbox 3202 4279 3428 4324; x_wconf 88' lang='lat' dir='ltr'><strong>conten-</strong></span> 
     </span>
    </p>
   </div>
   <div class='ocr_carea' id='block_1_88' title="bbox 1853 4352 3345 4416">
    <p class='ocr_par' dir='ltr' id='par_1_88' title="bbox 1853 4352 3345 4416">
     <span class='ocr_line' id='line_1_88' title="bbox 1853 4352 3345 4416; baseline 0.007 -11"><span class='ocrx_word' id='word_1_642' title='bbox 1853 4352 1992 4407; x_wconf 86' lang='lat' dir='ltr'><strong>tiose</strong></span> <span class='ocrx_word' id='word_1_643' title='bbox 2030 4370 2217 4409; x_wconf 89' lang='lat' dir='ltr'><strong>eorum</strong></span> <span class='ocrx_word' id='word_1_644' title='bbox 2242 4358 2527 4411; x_wconf 77' lang='lat' dir='ltr'><strong>Sententiis</strong></span> <span class='ocrx_word' id='word_1_645' title='bbox 2567 4359 2844 4413; x_wconf 90' lang='lat' dir='ltr'><strong>mordicus</strong></span> <span class='ocrx_word' id='word_1_646' title='bbox 2874 4360 3345 4416; x_wconf 77' lang='lat' dir='ltr'><strong>obsecundeutini.</strong></span> 
     </span>
    </p>
   </div>
   <div class='ocr_carea' id='block_1_89' title="bbox 177 4429 3427 4525">
    <p class='ocr_par' dir='ltr' id='par_1_89' title="bbox 177 4429 3427 4525">
     <span class='ocr_line' id='line_1_89' title="bbox 177 4429 3427 4525; baseline 0.005 -35"><span class='ocrx_word' id='word_1_647' title='bbox 177 4436 465 4491; x_wconf 81' lang='grc' dir='ltr'>Τοσούτων</span> <span class='ocrx_word' id='word_1_648' title='bbox 496 4429 589 4485; x_wconf 81' lang='grc' dir='ltr'><strong>οὗν</strong></span> <span class='ocrx_word' id='word_1_649' title='bbox 643 4432 739 4485; x_wconf 77' lang='grc' dir='ltr'>καὶ</span> <span class='ocrx_word' id='word_1_650' title='bbox 794 4433 927 4502; x_wconf 86' lang='grc' dir='ltr'>πρὸς</span> <span class='ocrx_word' id='word_1_651' title='bbox 989 4431 1199 4525; x_wconf 78' lang='grc' dir='ltr'>τούτοις</span> <span class='ocrx_word' id='word_1_652' title='bbox 1259 4433 1466 4502; x_wconf 72' lang='grc' dir='ltr'>ἑτέρων</span> <span class='ocrx_word' id='word_1_653' title='bbox 1552 4437 1609 4486; x_wconf 80' lang='grc' dir='ltr'>ὲν</span> <span class='ocrx_word' id='word_1_654' title='bbox 1664 4440 1786 4503; x_wconf 86' lang='grc' dir='ltr'>ταῖς</span> <span class='ocrx_word' id='word_1_655' title='bbox 1819 4449 2059 4513; x_wconf 82' lang='grc' dir='ltr'>γραφαῖς</span> <span class='ocrx_word' id='word_1_656' title='bbox 2084 4448 2386 4515; x_wconf 84' lang='grc' dir='ltr'>γεγονότων</span> <span class='ocrx_word' id='word_1_657' title='bbox 2442 4450 2778 4517; x_wconf 68' lang='grc' dir='ltr'>ὲπισφαλῶν,</span> <span class='ocrx_word' id='word_1_658' title='bbox 2822 4453 2896 4523; x_wconf 83' lang='grc' dir='ltr'>μὴ</span> <span class='ocrx_word' id='word_1_659' title='bbox 2953 4457 3047 4507; x_wconf 81' lang='grc' dir='ltr'>καὶ</span> <span class='ocrx_word' id='word_1_660' title='bbox 3090 4454 3250 4525; x_wconf 82' lang='grc' dir='ltr'>ὑμεῖς</span> <span class='ocrx_word' id='word_1_661' title='bbox 3293 4458 3427 4522; x_wconf 69' lang='grc' dir='ltr'>ἔπη,</span> 
     </span>
    </p>
   </div>
   <div class='ocr_carea' id='block_1_90' title="bbox 177 4524 1440 4603">
    <p class='ocr_par' dir='ltr' id='par_1_90' title="bbox 177 4524 1440 4603">
     <span class='ocr_line' id='line_1_90' title="bbox 177 4524 1440 4603; baseline -0.002 -22"><span class='ocrx_word' id='word_1_662' title='bbox 177 4526 485 4603; x_wconf 70' lang='grc' dir='ltr'>ρεαστιιῶς</span> <span class='ocrx_word' id='word_1_663' title='bbox 518 4527 639 4587; x_wconf 81' lang='grc' dir='ltr'>ταῖς</span> <span class='ocrx_word' id='word_1_664' title='bbox 669 4525 895 4587; x_wconf 73' lang='grc' dir='ltr'>ἐννοίαις</span> <span class='ocrx_word' id='word_1_665' title='bbox 920 4524 1097 4576; x_wconf 72' lang='grc' dir='ltr'>αὐτῶν</span> <span class='ocrx_word' id='word_1_666' title='bbox 1127 4525 1440 4591; x_wconf 77' lang='grc' dir='ltr'>ὲπιφύεσθε.</span> 
     </span>
    </p>
   </div>
   <div class='ocr_carea' id='block_1_91' title="bbox 250 4616 1914 4697">
    <p class='ocr_par' dir='ltr' id='par_1_91' title="bbox 250 4616 1834 4687">
     <span class='ocr_line' id='line_1_91' title="bbox 250 4616 1834 4687; baseline -0.021 -10"><span class='ocrx_word' id='word_1_667' title='bbox 250 4624 353 4678; x_wconf 74' lang='grc' dir='ltr'>κδ’.</span> <span class='ocrx_word' id='word_1_668' title='bbox 388 4617 515 4673; x_wconf 77' lang='grc' dir='ltr'>Οἷον</span> <span class='ocrx_word' id='word_1_669' title='bbox 542 4619 599 4670; x_wconf 79' lang='grc' dir='ltr'>δὲ</span> <span class='ocrx_word' id='word_1_670' title='bbox 632 4619 855 4669; x_wconf 81' lang='grc' dir='ltr'>κάκεῖνο</span> <span class='ocrx_word' id='word_1_671' title='bbox 913 4616 1310 4685; x_wconf 73' lang='grc' dir='ltr'>παρατηρῆσαί</span> <span class='ocrx_word' id='word_1_672' title='bbox 1341 4621 1491 4670; x_wconf 60' lang='grc' dir='ltr'><strong>ἐστιν</strong></span> <span class='ocrx_word' id='word_1_673' title='bbox 1515 4638 1528 4652; x_wconf 94' lang='grc'><strong>.</strong></span> <span class='ocrx_word' id='word_1_674' title='bbox 1568 4624 1615 4674; x_wconf 67' lang='grc' dir='ltr'><strong>οἱ</strong></span> <span class='ocrx_word' id='word_1_675' title='bbox 1657 4623 1754 4686; x_wconf 62' lang='grc' dir='ltr'><strong>τὰς</strong></span> <span class='ocrx_word' id='word_1_676' title='bbox 1780 4628 1834 4687; x_wconf 83' lang='lat' dir='ltr'><strong>D</strong></span> 
     </span>
    </p>
   </div>
   <div class='ocr_carea' id='block_1_92' title="bbox 1762 4616 3426 4697">
    <p class='ocr_par' dir='ltr' id='par_1_92' title="bbox 1780 4625 3426 4697">
     <span class='ocr_line' id='line_1_92' title="bbox 1780 4625 3426 4697; baseline 0.013 -22"><span class='ocrx_word' id='word_1_677' title='bbox 1780 4628 1834 4687; x_wconf 88' lang='lat' dir='ltr'><strong>D</strong></span> <span class='ocrx_word' id='word_1_678' title='bbox 1932 4626 2022 4678; x_wconf 72' lang='grc'><strong>24.</strong></span> <span class='ocrx_word' id='word_1_679' title='bbox 2055 4625 2225 4692; x_wconf 85' lang='lat' dir='ltr'><strong>Quale</strong></span> <span class='ocrx_word' id='word_1_680' title='bbox 2261 4626 2425 4681; x_wconf 85' lang='lat' dir='ltr'><strong>fuerit</strong></span> <span class='ocrx_word' id='word_1_681' title='bbox 2452 4637 2505 4682; x_wconf 87' lang='lat' dir='ltr'><strong>et</strong></span> <span class='ocrx_word' id='word_1_682' title='bbox 2540 4629 2670 4683; x_wconf 91' lang='lat' dir='ltr'><strong>illud</strong></span> <span class='ocrx_word' id='word_1_683' title='bbox 2703 4632 3170 4690; x_wconf 79' lang='lat' dir='ltr'><strong>animadversione</strong></span> <span class='ocrx_word' id='word_1_684' title='bbox 3202 4638 3426 4697; x_wconf 89' lang='lat' dir='ltr'><strong>minime</strong></span> 
     </span>
    </p>
   </div>
   <div class='ocr_carea' id='block_1_93' title="bbox 178 4710 1747 4780">
    <p class='ocr_par' dir='ltr' id='par_1_93' title="bbox 178 4710 1747 4780">
     <span class='ocr_line' id='line_1_93' title="bbox 178 4710 1747 4780; baseline -0.001 -10"><span class='ocrx_word' id='word_1_685' title='bbox 178 4719 322 4770; x_wconf 81' lang='grc' dir='ltr'>κατὰ</span> <span class='ocrx_word' id='word_1_686' title='bbox 349 4713 599 4768; x_wconf 75' lang='grc' dir='ltr'>Λατίνων</span> <span class='ocrx_word' id='word_1_687' title='bbox 631 4710 771 4762; x_wconf 71' lang='grc' dir='ltr'>κατὰ</span> <span class='ocrx_word' id='word_1_688' title='bbox 809 4712 1035 4777; x_wconf 84' lang='grc' dir='ltr'>καιροὺς</span> <span class='ocrx_word' id='word_1_689' title='bbox 1068 4712 1422 4779; x_wconf 70' lang='grc' dir='ltr'>ἀντιρρήσεις</span> <span class='ocrx_word' id='word_1_690' title='bbox 1474 4717 1532 4765; x_wconf 84' lang='grc' dir='ltr'>ἐν</span> <span class='ocrx_word' id='word_1_691' title='bbox 1590 4716 1747 4780; x_wconf 82' lang='grc' dir='ltr'>ἰδίαις</span> 
     </span>
    </p>
   </div>
   <div class='ocr_carea' id='block_1_94' title="bbox 178 4800 1749 4877">
    <p class='ocr_par' dir='ltr' id='par_1_94' title="bbox 178 4800 1749 4877">
     <span class='ocr_line' id='line_1_94' title="bbox 178 4800 1749 4877; baseline 0.001 -18"><span class='ocrx_word' id='word_1_692' title='bbox 178 4808 530 4877; x_wconf 78' lang='grc' dir='ltr'>συγγραφαῖς</span> <span class='ocrx_word' id='word_1_693' title='bbox 558 4802 922 4870; x_wconf 76' lang='grc' dir='ltr'>ἐκτιθέμενοι,</span> <span class='ocrx_word' id='word_1_694' title='bbox 962 4800 1036 4869; x_wconf 84' lang='grc' dir='ltr'>μὴ</span> <span class='ocrx_word' id='word_1_695' title='bbox 1082 4800 1140 4865; x_wconf 76' lang='grc' dir='ltr'><strong>ἐξ</strong></span> <span class='ocrx_word' id='word_1_696' title='bbox 1181 4804 1506 4867; x_wconf 79' lang='grc' dir='ltr'>ἀποδείξεων</span> <span class='ocrx_word' id='word_1_697' title='bbox 1547 4824 1749 4876; x_wconf 72' lang='grc' dir='ltr'>γραφι-</span> 
     </span>
    </p>
   </div>
   <div class='ocr_carea' id='block_1_95' title="bbox 177 4894 1748 4965">
    <p class='ocr_par' dir='ltr' id='par_1_95' title="bbox 177 4894 1748 4965">
     <span class='ocr_line' id='line_1_95' title="bbox 177 4894 1748 4965; baseline 0.008 -24"><span class='ocrx_word' id='word_1_698' title='bbox 177 4903 287 4954; x_wconf 69' lang='grc' dir='ltr'><strong>χῶν</strong></span> <span class='ocrx_word' id='word_1_699' title='bbox 314 4902 396 4960; x_wconf 76' lang='grc' dir='ltr'><strong>εἰς</strong></span> <span class='ocrx_word' id='word_1_700' title='bbox 435 4897 637 4949; x_wconf 69' lang='grc' dir='ltr'>ἄτοπόν</span> <span class='ocrx_word' id='word_1_701' title='bbox 695 4910 748 4946; x_wconf 87' lang='grc' dir='ltr'><strong>τι</strong></span> <span class='ocrx_word' id='word_1_702' title='bbox 805 4894 1090 4963; x_wconf 75' lang='grc' dir='ltr'>περιιστᾷν</span> <span class='ocrx_word' id='word_1_703' title='bbox 1136 4894 1193 4945; x_wconf 75' lang='grc' dir='ltr'><strong>τὸ</strong></span> <span class='ocrx_word' id='word_1_704' title='bbox 1249 4900 1379 4965; x_wconf 72' lang='grc' dir='ltr'>πιρ*</span> <span class='ocrx_word' id='word_1_705' title='bbox 1422 4898 1599 4951; x_wconf 78' lang='grc' dir='ltr'>αὐτῶν</span> <span class='ocrx_word' id='word_1_706' title='bbox 1654 4901 1748 4952; x_wconf 79' lang='grc' dir='ltr'><strong>λε⁴</strong></span> 
     </span>
    </p>
   </div>
   <div class='ocr_carea' id='block_1_96' title="bbox 174 4983 1745 5060">
    <p class='ocr_par' dir='ltr' id='par_1_96' title="bbox 174 4983 1745 5060">
     <span class='ocr_line' id='line_1_96' title="bbox 174 4983 1745 5060; baseline -0.004 -15"><span class='ocrx_word' id='word_1_707' title='bbox 174 4994 408 5060; x_wconf 83' lang='grc' dir='ltr'>γὸμενον</span> <span class='ocrx_word' id='word_1_708' title='bbox 461 4987 718 5057; x_wconf 80' lang='grc' dir='ltr'>ἔχοντες,</span> <span class='ocrx_word' id='word_1_709' title='bbox 792 4983 929 5045; x_wconf 84' lang='grc' dir='ltr'>ἰδίας</span> <span class='ocrx_word' id='word_1_710' title='bbox 992 4985 1148 5038; x_wconf 79' lang='grc' dir='ltr'>αὐτοὶ</span> <span class='ocrx_word' id='word_1_711' title='bbox 1225 4986 1507 5053; x_wconf 83' lang='grc' dir='ltr'>δογμάτων</span> <span class='ocrx_word' id='word_1_712' title='bbox 1573 4992 1745 5060; x_wconf 76' lang='grc' dir='ltr'>ἀρχὰς</span> 
     </span>
    </p>
   </div>
   <div class='ocr_carea' id='block_1_97' title="bbox 174 5072 1743 5147">
    <p class='ocr_par' dir='ltr' id='par_1_97' title="bbox 174 5072 1743 5147">
     <span class='ocr_line' id='line_1_97' title="bbox 174 5072 1743 5147; baseline 0.001 -15"><span class='ocrx_word' id='word_1_713' title='bbox 174 5080 549 5132; x_wconf 69' lang='grc' dir='ltr'>ἀνεπλάσαντο</span> <span class='ocrx_word' id='word_1_714' title='bbox 576 5073 667 5124; x_wconf 72' lang='grc' dir='ltr'><strong>ὑπ’</strong></span> <span class='ocrx_word' id='word_1_715' title='bbox 698 5072 930 5142; x_wconf 74' lang='grc' dir='ltr'>ἀρχηγῷ</span> <span class='ocrx_word' id='word_1_716' title='bbox 956 5074 1147 5142; x_wconf 77' lang='grc' dir='ltr'>Φωτίῳ</span> <span class='ocrx_word' id='word_1_717' title='bbox 1176 5076 1269 5126; x_wconf 80' lang='grc' dir='ltr'><strong>καί</strong></span> <span class='ocrx_word' id='word_1_718' title='bbox 1304 5076 1504 5147; x_wconf 82' lang='grc' dir='ltr'>πρώτῳ</span> <span class='ocrx_word' id='word_1_719' title='bbox 1536 5080 1629 5132; x_wconf 70' lang='grc' dir='ltr'>τού</span> <span class='ocrx_word' id='word_1_720' title='bbox 1642 5099 1743 5133; x_wconf 86' lang='grc' dir='ltr'><strong>των</strong></span> 
     </span>
    </p>
   </div>
   <div class='ocr_carea' id='block_1_98' title="bbox 172 5164 1749 5239">
    <p class='ocr_par' dir='ltr' id='par_1_98' title="bbox 172 5164 1749 5239">
     <span class='ocr_line' id='line_1_98' title="bbox 172 5164 1749 5239; baseline 0.002 -18"><span class='ocrx_word' id='word_1_721' title='bbox 172 5169 439 5239; x_wconf 80' lang='grc' dir='ltr'>εἰσηγητῇ</span> <span class='ocrx_word' id='word_1_722' title='bbox 464 5182 475 5192; x_wconf 93' lang='grc'>·</span> <span class='ocrx_word' id='word_1_723' title='bbox 523 5165 618 5217; x_wconf 73' lang='grc' dir='ltr'>καὶ</span> <span class='ocrx_word' id='word_1_724' title='bbox 651 5165 748 5216; x_wconf 84' lang='grc' dir='ltr'>οὐκ</span> <span class='ocrx_word' id='word_1_725' title='bbox 778 5164 842 5215; x_wconf 83' lang='grc' dir='ltr'>ἄν</span> <span class='ocrx_word' id='word_1_726' title='bbox 880 5180 965 5227; x_wconf 88' lang='grc' dir='ltr'><strong>τις</strong></span> <span class='ocrx_word' id='word_1_727' title='bbox 995 5164 1070 5226; x_wconf 87' lang='grc' dir='ltr'><strong>ὡς</strong></span> <span class='ocrx_word' id='word_1_728' title='bbox 1096 5168 1178 5227; x_wconf 89' lang='grc' dir='ltr'><strong>εἰς</strong></span> <span class='ocrx_word' id='word_1_729' title='bbox 1204 5167 1403 5220; x_wconf 76' lang='grc' dir='ltr'>ἄτοπόν</span> <span class='ocrx_word' id='word_1_730' title='bbox 1432 5186 1484 5220; x_wconf 88' lang='grc' dir='ltr'><strong>τι</strong></span> <span class='ocrx_word' id='word_1_731' title='bbox 1536 5172 1749 5237; x_wconf 81' lang='grc' dir='ltr'>ἀπαγό-</span> 
     </span>
    </p>
   </div>
   <div class='ocr_carea' id='block_1_99' title="bbox 176 5247 1742 5329">
    <p class='ocr_par' dir='ltr' id='par_1_99' title="bbox 176 5247 1742 5329">
     <span class='ocr_line' id='line_1_99' title="bbox 176 5247 1742 5329; baseline -0.006 -21"><span class='ocrx_word' id='word_1_732' title='bbox 176 5271 335 5324; x_wconf 82' lang='grc' dir='ltr'>μενον</span> <span class='ocrx_word' id='word_1_733' title='bbox 363 5251 644 5314; x_wconf 79' lang='grc' dir='ltr'>ἁποδεῖξαι</span> <span class='ocrx_word' id='word_1_734' title='bbox 671 5249 771 5320; x_wconf 69' lang='grc' dir='ltr'><strong>ἔχῃ</strong></span> <span class='ocrx_word' id='word_1_735' title='bbox 814 5247 877 5300; x_wconf 79' lang='grc' dir='ltr'>τὸ</span> <span class='ocrx_word' id='word_1_736' title='bbox 908 5252 971 5300; x_wconf 79' lang='grc' dir='ltr'>ἐκ</span> <span class='ocrx_word' id='word_1_737' title='bbox 1004 5250 1218 5319; x_wconf 82' lang='grc' dir='ltr'>Πατρὸς</span> <span class='ocrx_word' id='word_1_738' title='bbox 1257 5254 1351 5304; x_wconf 86' lang='grc' dir='ltr'>καὶ</span> <span class='ocrx_word' id='word_1_739' title='bbox 1383 5254 1534 5314; x_wconf 85' lang='grc' dir='ltr'><strong>Υἰοῦ,</strong></span> <span class='ocrx_word' id='word_1_740' title='bbox 1586 5260 1632 5307; x_wconf 77' lang='grc' dir='ltr'>εξ</span> <span class='ocrx_word' id='word_1_741' title='bbox 1668 5260 1742 5329; x_wconf 77' lang='grc' dir='ltr'>μή</span> 
     </span>
    </p>
   </div>
   <div class='ocr_carea' id='block_1_100' title="bbox 171 5340 1741 5415">
    <p class='ocr_par' dir='ltr' id='par_1_100' title="bbox 171 5340 1741 5415">
     <span class='ocr_line' id='line_1_100' title="bbox 171 5340 1741 5415; baseline 0.006 -23"><span class='ocrx_word' id='word_1_742' title='bbox 171 5363 294 5399; x_wconf 72' lang='grc' dir='ltr'>τινα.</span> <span class='ocrx_word' id='word_1_743' title='bbox 348 5345 478 5413; x_wconf 82' lang='grc' dir='ltr'>μίαν</span> <span class='ocrx_word' id='word_1_744' title='bbox 528 5343 637 5393; x_wconf 80' lang='grc' dir='ltr'>τῶν</span> <span class='ocrx_word' id='word_1_745' title='bbox 688 5340 1090 5409; x_wconf 85' lang='grc' dir='ltr'>πεπλασμένων</span> <span class='ocrx_word' id='word_1_746' title='bbox 1133 5343 1335 5394; x_wconf 76' lang='grc' dir='ltr'>τούτων</span> <span class='ocrx_word' id='word_1_747' title='bbox 1385 5348 1741 5415; x_wconf 84' lang='grc' dir='ltr'>προκαλεῖται</span> 
     </span>
    </p>
   </div>
   <div class='ocr_carea' id='block_1_101' title="bbox 172 5430 1737 5505">
    <p class='ocr_par' dir='ltr' id='par_1_101' title="bbox 172 5430 1737 5505">
     <span class='ocr_line' id='line_1_101' title="bbox 172 5430 1737 5505; baseline 0.002 -18"><span class='ocrx_word' id='word_1_748' title='bbox 172 5434 378 5505; x_wconf 83' lang='grc' dir='ltr'>ἀρχῶν,</span> <span class='ocrx_word' id='word_1_749' title='bbox 411 5431 533 5482; x_wconf 80' lang='grc' dir='ltr'><strong>ἰ’ὦν</strong></span> <span class='ocrx_word' id='word_1_750' title='bbox 574 5430 632 5482; x_wconf 81' lang='grc' dir='ltr'>δὲ</span> <span class='ocrx_word' id='word_1_751' title='bbox 673 5430 771 5498; x_wconf 81' lang='grc' dir='ltr'>τῆς</span> <span class='ocrx_word' id='word_1_752' title='bbox 809 5433 939 5498; x_wconf 84' lang='grc' dir='ltr'>μιᾶς</span> <span class='ocrx_word' id='word_1_753' title='bbox 971 5431 1069 5499; x_wconf 78' lang='grc' dir='ltr'>μὲν</span> <span class='ocrx_word' id='word_1_754' title='bbox 1101 5433 1161 5483; x_wconf 87' lang='grc' dir='ltr'>τὸ</span> <span class='ocrx_word' id='word_1_755' title='bbox 1188 5432 1385 5500; x_wconf 78' lang='grc' dir='ltr'>ψεῦδος</span> <span class='ocrx_word' id='word_1_756' title='bbox 1414 5437 1535 5504; x_wconf 85' lang='grc' dir='ltr'>τῆς,</span> <span class='ocrx_word' id='word_1_757' title='bbox 1587 5438 1737 5504; x_wconf 81' lang='grc' dir='ltr'>Πᾶν,</span> 
     </span>
    </p>
   </div>
   <div class='ocr_carea' id='block_1_102' title="bbox 171 5520 1740 5596">
    <p class='ocr_par' dir='ltr' id='par_1_102' title="bbox 171 5520 1740 5596">
     <span class='ocr_line' id='line_1_102' title="bbox 171 5520 1740 5596; baseline -0.007 -20"><span class='ocrx_word' id='word_1_758' title='bbox 171 5525 457 5592; x_wconf 79' lang='grc' dir='ltr'>λεγούσης,</span> <span class='ocrx_word' id='word_1_759' title='bbox 490 5523 557 5575; x_wconf 87' lang='grc' dir='ltr'>τὸ</span> <span class='ocrx_word' id='word_1_760' title='bbox 602 5522 699 5573; x_wconf 80' lang='grc' dir='ltr'><strong>ἐπὶ</strong></span> <span class='ocrx_word' id='word_1_761' title='bbox 742 5520 854 5585; x_wconf 82' lang='grc' dir='ltr'>τῆς</span> <span class='ocrx_word' id='word_1_762' title='bbox 897 5521 1135 5590; x_wconf 78' lang='grc' dir='ltr'>Τριάόος</span> <span class='ocrx_word' id='word_1_763' title='bbox 1163 5526 1566 5596; x_wconf 68' lang='grc' dir='ltr'>λεγόμενονῇ</span> <span class='ocrx_word' id='word_1_764' title='bbox 1600 5530 1740 5595; x_wconf 64' lang='grc' dir='ltr'><strong>ἑνός</strong></span> 
     </span>
    </p>
   </div>
   <div class='ocr_carea' id='block_1_103' title="bbox 168 5610 1741 5687">
    <p class='ocr_par' dir='ltr' id='par_1_103' title="bbox 168 5610 1741 5687">
     <span class='ocr_line' id='line_1_103' title="bbox 168 5610 1741 5687; baseline 0.003 -17"><span class='ocrx_word' id='word_1_765' title='bbox 168 5618 341 5670; x_wconf 82' lang='grc' dir='ltr'>ἐστιν</span> <span class='ocrx_word' id='word_1_766' title='bbox 392 5616 428 5681; x_wconf 87' lang='grc' dir='ltr'>ῆ</span> <span class='ocrx_word' id='word_1_767' title='bbox 479 5612 598 5667; x_wconf 84' lang='grc' dir='ltr'>τῶν</span> <span class='ocrx_word' id='word_1_768' title='bbox 632 5610 830 5680; x_wconf 78' lang='grc' dir='ltr'>τριῶν,</span> <span class='ocrx_word' id='word_1_769' title='bbox 863 5614 968 5665; x_wconf 78' lang='grc' dir='ltr'><strong>ὑπὸ</strong></span> <span class='ocrx_word' id='word_1_770' title='bbox 1024 5616 1116 5667; x_wconf 82' lang='grc' dir='ltr'>τοῦ</span> <span class='ocrx_word' id='word_1_771' title='bbox 1148 5616 1243 5687; x_wconf 84' lang='grc' dir='ltr'>τῆς</span> <span class='ocrx_word' id='word_1_772' title='bbox 1277 5618 1567 5687; x_wconf 76' lang='grc' dir='ltr'>θεολογίας,</span> <span class='ocrx_word' id='word_1_773' title='bbox 1599 5626 1741 5676; x_wconf 77' lang='grc' dir='ltr'><strong>ἐπω-</strong></span> 
     </span>
    </p>
   </div>
   <div class='ocr_carea' id='block_1_104' title="bbox 168 5703 1742 5778">
    <p class='ocr_par' dir='ltr' id='par_1_104' title="bbox 168 5703 1742 5778">
     <span class='ocr_line' id='line_1_104' title="bbox 168 5703 1742 5778; baseline 0.004 -17"><span class='ocrx_word' id='word_1_774' title='bbox 168 5708 338 5778; x_wconf 85' lang='grc' dir='ltr'>νύμου</span> <span class='ocrx_word' id='word_1_775' title='bbox 367 5705 637 5775; x_wconf 82' lang='grc' dir='ltr'>λαμπρῶς</span> <span class='ocrx_word' id='word_1_776' title='bbox 661 5706 1022 5773; x_wconf 81' lang='grc' dir='ltr'>ἀπελέγχεται</span> <span class='ocrx_word' id='word_1_777' title='bbox 1060 5711 1117 5759; x_wconf 76' lang='grc' dir='ltr'>ἐν</span> <span class='ocrx_word' id='word_1_778' title='bbox 1147 5703 1228 5769; x_wconf 73' lang='grc' dir='ltr'><strong>οἷς</strong></span> <span class='ocrx_word' id='word_1_779' title='bbox 1263 5712 1490 5777; x_wconf 81' lang='grc' dir='ltr'>ἐκεῖνος,</span> <span class='ocrx_word' id='word_1_780' title='bbox 1523 5716 1742 5767; x_wconf 69' lang='lat' dir='ltr'><strong>Kairth</strong></span> 
     </span>
    </p>
   </div>
   <div class='ocr_carea' id='block_1_105' title="bbox 168 5798 1741 5872">
    <p class='ocr_par' dir='ltr' id='par_1_105' title="bbox 168 5798 1741 5872">
     <span class='ocr_line' id='line_1_105' title="bbox 168 5798 1741 5872; baseline 0.008 -25"><span class='ocrx_word' id='word_1_781' title='bbox 168 5804 299 5869; x_wconf 74' lang='grc' dir='ltr'>γὰρ,</span> <span class='ocrx_word' id='word_1_782' title='bbox 357 5800 513 5866; x_wconf 77' lang='grc' dir='ltr'>φησί,</span> <span class='ocrx_word' id='word_1_783' title='bbox 566 5798 677 5863; x_wconf 77' lang='grc' dir='ltr'><strong>Υἱῷ</strong></span> <span class='ocrx_word' id='word_1_784' title='bbox 724 5800 840 5865; x_wconf 83' lang='grc' dir='ltr'>μὲν</span> <span class='ocrx_word' id='word_1_785' title='bbox 875 5801 969 5851; x_wconf 75' lang='grc' dir='ltr'>καὶ</span> <span class='ocrx_word' id='word_1_786' title='bbox 1022 5803 1166 5868; x_wconf 73' lang='grc' dir='ltr'>ἁγίῳ</span> <span class='ocrx_word' id='word_1_787' title='bbox 1205 5804 1503 5872; x_wconf 79' lang='grc' dir='ltr'>Πνεύματι</span> <span class='ocrx_word' id='word_1_788' title='bbox 1562 5808 1625 5859; x_wconf 82' lang='grc' dir='ltr'>τὸ</span> <span class='ocrx_word' id='word_1_789' title='bbox 1673 5807 1741 5860; x_wconf 82' lang='grc' dir='ltr'>ἐκ</span> 
     </span>
    </p>
   </div>
   <div class='ocr_carea' id='block_1_106' title="bbox 420 5893 1081 5953">
    <p class='ocr_par' dir='ltr' id='par_1_106' title="bbox 420 5893 1081 5953">
     <span class='ocr_line' id='line_1_106' title="bbox 420 5893 1081 5953; baseline -0.002 -1"><span class='ocrx_word' id='word_1_790' title='bbox 420 5897 690 5953; x_wconf 74' lang='lat' dir='ltr'><strong>PATROL.</strong></span> <span class='ocrx_word' id='word_1_791' title='bbox 728 5898 839 5950; x_wconf 68' lang='lat' dir='ltr'><strong>litt.</strong></span> <span class='ocrx_word' id='word_1_792' title='bbox 875 5893 1081 5953; x_wconf 69' lang='lat' dir='ltr'><strong>CXLI.</strong></span> 
     </span>
    </p>
   </div>
   <div class='ocr_carea' id='block_1_107' title="bbox 1857 4718 3424 4799">
    <p class='ocr_par' dir='ltr' id='par_1_107' title="bbox 1857 4718 3424 4799">
     <span class='ocr_line' id='line_1_107' title="bbox 1857 4718 3424 4799; baseline 0.013 -30"><span class='ocrx_word' id='word_1_793' title='bbox 1857 4718 2136 4787; x_wconf 77' lang='lat' dir='ltr'><strong>indignum</strong></span> <span class='ocrx_word' id='word_1_794' title='bbox 2173 4736 2188 4773; x_wconf 88' lang='lat'><strong>:</strong></span> <span class='ocrx_word' id='word_1_795' title='bbox 2236 4719 2337 4786; x_wconf 86' lang='lat' dir='ltr'><strong>Qui</strong></span> <span class='ocrx_word' id='word_1_796' title='bbox 2372 4723 2635 4776; x_wconf 80' lang='lat' dir='ltr'><strong>adversus</strong></span> <span class='ocrx_word' id='word_1_797' title='bbox 2665 4721 2889 4777; x_wconf 85' lang='lat' dir='ltr'><strong>Latinos</strong></span> <span class='ocrx_word' id='word_1_798' title='bbox 2951 4726 3071 4779; x_wconf 86' lang='lat' dir='ltr'><strong>aliis</strong></span> <span class='ocrx_word' id='word_1_799' title='bbox 3105 4738 3269 4799; x_wconf 83' lang='lat' dir='ltr'><strong>atque</strong></span> <span class='ocrx_word' id='word_1_800' title='bbox 3299 4735 3424 4789; x_wconf 56' lang='lat' dir='ltr'><strong>ali’s</strong></span> 
     </span>
    </p>
   </div>
   <div class='ocr_carea' id='block_1_108' title="bbox 1855 4812 3427 4883">
    <p class='ocr_par' dir='ltr' id='par_1_108' title="bbox 1855 4812 3427 4883">
     <span class='ocr_line' id='line_1_108' title="bbox 1855 4812 3427 4883; baseline 0.011 -21"><span class='ocrx_word' id='word_1_801' title='bbox 1855 4812 2190 4878; x_wconf 79' lang='lat' dir='ltr'><strong>temporibus</strong></span> <span class='ocrx_word' id='word_1_802' title='bbox 2220 4812 2680 4867; x_wconf 85' lang='lat' dir='ltr'><strong>contradictiones</strong></span> <span class='ocrx_word' id='word_1_803' title='bbox 2716 4813 2769 4865; x_wconf 91' lang='lat' dir='ltr'><strong>in</strong></span> <span class='ocrx_word' id='word_1_804' title='bbox 2812 4816 3045 4883; x_wconf 87' lang='lat' dir='ltr'><strong>propriis</strong></span> <span class='ocrx_word' id='word_1_805' title='bbox 3088 4832 3427 4881; x_wconf 88' lang='lat' dir='ltr'><strong>commenta-</strong></span> 
     </span>
    </p>
   </div>
   <div class='ocr_carea' id='block_1_109' title="bbox 1855 4898 3423 4979">
    <p class='ocr_par' dir='ltr' id='par_1_109' title="bbox 1855 4898 3423 4979">
     <span class='ocr_line' id='line_1_109' title="bbox 1855 4898 3423 4979; baseline 0.012 -29"><span class='ocrx_word' id='word_1_806' title='bbox 1855 4898 1953 4953; x_wconf 83' lang='lat' dir='ltr'><strong>riis</strong></span> <span class='ocrx_word' id='word_1_807' title='bbox 1979 4900 2336 4965; x_wconf 76' lang='lat' dir='ltr'><strong>digesserunt,</strong></span> <span class='ocrx_word' id='word_1_808' title='bbox 2370 4917 2491 4954; x_wconf 90' lang='lat' dir='ltr'><strong>cum</strong></span> <span class='ocrx_word' id='word_1_809' title='bbox 2525 4917 2632 4955; x_wconf 92' lang='lat' dir='ltr'><strong>non</strong></span> <span class='ocrx_word' id='word_1_810' title='bbox 2667 4916 2885 4971; x_wconf 84' lang='lat' dir='ltr'><strong>possent</strong></span> <span class='ocrx_word' id='word_1_811' title='bbox 2917 4921 2986 4959; x_wconf 86' lang='lat' dir='ltr'><strong>ex</strong></span> <span class='ocrx_word' id='word_1_812' title='bbox 3013 4909 3217 4979; x_wconf 87' lang='lat' dir='ltr'><strong>scripto</strong></span> <span class='ocrx_word' id='word_1_813' title='bbox 3253 4915 3423 4969; x_wconf 83' lang='lat' dir='ltr'><strong>tradi-</strong></span> 
     </span>
    </p>
   </div>
   <div class='ocr_carea' id='block_1_110' title="bbox 1855 4990 3423 5067">
    <p class='ocr_par' dir='ltr' id='par_1_110' title="bbox 1855 4990 3423 5067">
     <span class='ocr_line' id='line_1_110' title="bbox 1855 4990 3423 5067; baseline 0.013 -27"><span class='ocrx_word' id='word_1_814' title='bbox 1855 4990 1923 5043; x_wconf 90' lang='lat' dir='ltr'><strong>tis</strong></span> <span class='ocrx_word' id='word_1_815' title='bbox 1980 4991 2543 5046; x_wconf 79' lang='lat' dir='ltr'><strong>demonstrationibus</strong></span> <span class='ocrx_word' id='word_1_816' title='bbox 2598 4994 2649 5045; x_wconf 91' lang='lat' dir='ltr'><strong>in</strong></span> <span class='ocrx_word' id='word_1_817' title='bbox 2683 4993 3004 5061; x_wconf 88' lang='lat' dir='ltr'><strong>absurdum,</strong></span> <span class='ocrx_word' id='word_1_818' title='bbox 3035 5002 3179 5067; x_wconf 89' lang='lat' dir='ltr'><strong>quod</strong></span> <span class='ocrx_word' id='word_1_819' title='bbox 3210 5003 3279 5057; x_wconf 87' lang='lat' dir='ltr'><strong>ab</strong></span> <span class='ocrx_word' id='word_1_820' title='bbox 3316 5004 3423 5061; x_wconf 70' lang='lat' dir='ltr'><strong>illis</strong></span> 
     </span>
    </p>
   </div>
   <div class='ocr_carea' id='block_1_111' title="bbox 1854 5084 3418 5163">
    <p class='ocr_par' dir='ltr' id='par_1_111' title="bbox 1854 5084 3418 5163">
     <span class='ocr_line' id='line_1_111' title="bbox 1854 5084 3418 5163; baseline 0.01 -29"><span class='ocrx_word' id='word_1_821' title='bbox 1854 5084 2304 5149; x_wconf 78' lang='lat' dir='ltr'><strong>asseverabatur,</strong></span> <span class='ocrx_word' id='word_1_822' title='bbox 2399 5084 2703 5153; x_wconf 89' lang='lat' dir='ltr'><strong>deducere,</strong></span> <span class='ocrx_word' id='word_1_823' title='bbox 2796 5088 3014 5157; x_wconf 85' lang='lat' dir='ltr'><strong>propria</strong></span> <span class='ocrx_word' id='word_1_824' title='bbox 3104 5092 3418 5163; x_wconf 75' lang='lat' dir='ltr'><strong>dogmatum</strong></span> 
     </span>
    </p>
   </div>
   <div class='ocr_carea' id='block_1_112' title="bbox 1855 5174 3409 5255">
    <p class='ocr_par' dir='ltr' id='par_1_112' title="bbox 1855 5174 3409 5255">
     <span class='ocr_line' id='line_1_112' title="bbox 1855 5174 3409 5255; baseline 0.014 -32"><span class='ocrx_word' id='word_1_825' title='bbox 1855 5175 2120 5243; x_wconf 83' lang='lat' dir='ltr'><strong>principia</strong></span> <span class='ocrx_word' id='word_1_826' title='bbox 2172 5174 2548 5241; x_wconf 75' lang='lat' dir='ltr'><strong>confinxisse,</strong></span> <span class='ocrx_word' id='word_1_827' title='bbox 2598 5177 2701 5231; x_wconf 91' lang='lat' dir='ltr'><strong>sub</strong></span> <span class='ocrx_word' id='word_1_828' title='bbox 2755 5192 2945 5233; x_wconf 91' lang='lat' dir='ltr'><strong>eorum</strong></span> <span class='ocrx_word' id='word_1_829' title='bbox 2996 5182 3135 5237; x_wconf 90' lang='lat' dir='ltr'><strong>duce</strong></span> <span class='ocrx_word' id='word_1_830' title='bbox 3195 5184 3409 5255; x_wconf 88' lang='lat' dir='ltr'><strong>Pltotio,</strong></span> 
     </span>
    </p>
   </div>
   <div class='ocr_carea' id='block_1_113' title="bbox 1855 5266 3418 5344">
    <p class='ocr_par' dir='ltr' id='par_1_113' title="bbox 1855 5266 3418 5344">
     <span class='ocr_line' id='line_1_113' title="bbox 1855 5266 3418 5344; baseline 0.012 -29"><span class='ocrx_word' id='word_1_831' title='bbox 1855 5266 2140 5334; x_wconf 83' lang='lat' dir='ltr'><strong>primoque</strong></span> <span class='ocrx_word' id='word_1_832' title='bbox 2189 5266 2456 5320; x_wconf 88' lang='lat' dir='ltr'><strong>similium</strong></span> <span class='ocrx_word' id='word_1_833' title='bbox 2492 5267 2895 5335; x_wconf 87' lang='lat' dir='ltr'><strong>introductore;</strong></span> <span class='ocrx_word' id='word_1_834' title='bbox 2947 5272 3264 5344; x_wconf 89' lang='lat' dir='ltr'><strong>nullumque</strong></span> <span class='ocrx_word' id='word_1_835' title='bbox 3297 5294 3418 5334; x_wconf 88' lang='lat' dir='ltr'><strong>esse</strong></span> 
     </span>
    </p>
   </div>
   <div class='ocr_carea' id='block_1_114' title="bbox 1851 5358 3419 5431">
    <p class='ocr_par' dir='ltr' id='par_1_114' title="bbox 1851 5358 3419 5431">
     <span class='ocr_line' id='line_1_114' title="bbox 1851 5358 3419 5431; baseline 0.012 -25"><span class='ocrx_word' id='word_1_836' title='bbox 1851 5359 1943 5423; x_wconf 86' lang='lat' dir='ltr'><strong>qui</strong></span> <span class='ocrx_word' id='word_1_837' title='bbox 1991 5358 2288 5410; x_wconf 82' lang='lat' dir='ltr'><strong>absurdum</strong></span> <span class='ocrx_word' id='word_1_838' title='bbox 2344 5359 2397 5411; x_wconf 92' lang='lat' dir='ltr'><strong>in</strong></span> <span class='ocrx_word' id='word_1_839' title='bbox 2447 5372 2507 5413; x_wconf 86' lang='lat' dir='ltr'><strong>se</strong></span> <span class='ocrx_word' id='word_1_840' title='bbox 2554 5359 2832 5414; x_wconf 90' lang='lat' dir='ltr'><strong>continere</strong></span> <span class='ocrx_word' id='word_1_841' title='bbox 2886 5362 3086 5416; x_wconf 92' lang='lat' dir='ltr'><strong>dictum</strong></span> <span class='ocrx_word' id='word_1_842' title='bbox 3137 5365 3303 5431; x_wconf 91' lang='lat' dir='ltr'><strong>illud,</strong></span> <span class='ocrx_word' id='word_1_843' title='bbox 3348 5386 3419 5425; x_wconf 90' lang='lat' dir='ltr'><strong>ex</strong></span> 
     </span>
    </p>
   </div>
   <div class='ocr_carea' id='block_1_115' title="bbox 1849 5443 3417 5514">
    <p class='ocr_par' dir='ltr' id='par_1_115' title="bbox 1849 5443 3417 5514">
     <span class='ocr_line' id='line_1_115' title="bbox 1849 5443 3417 5514; baseline 0.011 -18"><span class='ocrx_word' id='word_1_844' title='bbox 1849 5443 2015 5497; x_wconf 82' lang='lat' dir='ltr'><strong>Patre</strong></span> <span class='ocrx_word' id='word_1_845' title='bbox 2037 5454 2088 5497; x_wconf 91' lang='lat' dir='ltr'><strong>et</strong></span> <span class='ocrx_word' id='word_1_846' title='bbox 2112 5445 2251 5498; x_wconf 86' lang='lat' dir='ltr'><strong>Filio</strong></span> <span class='ocrx_word' id='word_1_847' title='bbox 2278 5447 2757 5511; x_wconf 85' lang='lat' dir='ltr'><strong>demonstraverit,</strong></span> <span class='ocrx_word' id='word_1_848' title='bbox 2792 5449 2846 5502; x_wconf 89' lang='lat' dir='ltr'><strong>ni</strong></span> <span class='ocrx_word' id='word_1_849' title='bbox 2877 5466 3043 5505; x_wconf 88' lang='lat' dir='ltr'><strong>unum</strong></span> <span class='ocrx_word' id='word_1_850' title='bbox 3071 5467 3136 5507; x_wconf 89' lang='lat' dir='ltr'><strong>ex</strong></span> <span class='ocrx_word' id='word_1_851' title='bbox 3168 5458 3417 5514; x_wconf 79' lang='lat' dir='ltr'><strong>conﬁctis</strong></span> 
     </span>
    </p>
   </div>
   <div class='ocr_carea' id='block_1_116' title="bbox 1852 5536 3417 5615">
    <p class='ocr_par' dir='ltr' id='par_1_116' title="bbox 1852 5536 3417 5615">
     <span class='ocr_line' id='line_1_116' title="bbox 1852 5536 3417 5615; baseline 0.013 -28"><span class='ocrx_word' id='word_1_852' title='bbox 1852 5536 2004 5589; x_wconf 86' lang='lat' dir='ltr'><strong>hisce</strong></span> <span class='ocrx_word' id='word_1_853' title='bbox 2040 5538 2326 5607; x_wconf 87' lang='lat' dir='ltr'><strong>principiis</strong></span> <span class='ocrx_word' id='word_1_854' title='bbox 2360 5544 2753 5608; x_wconf 84' lang='lat' dir='ltr'><strong>assumpserit;</strong></span> <span class='ocrx_word' id='word_1_855' title='bbox 2790 5552 2842 5593; x_wconf 90' lang='lat' dir='ltr'><strong>ct</strong></span> <span class='ocrx_word' id='word_1_856' title='bbox 2878 5543 3038 5598; x_wconf 90' lang='lat' dir='ltr'><strong>unius</strong></span> <span class='ocrx_word' id='word_1_857' title='bbox 3070 5547 3313 5615; x_wconf 89' lang='lat' dir='ltr'><strong>quidem,</strong></span> <span class='ocrx_word' id='word_1_858' title='bbox 3348 5568 3417 5607; x_wconf 89' lang='lat' dir='ltr'><strong>ex</strong></span> 
     </span>
    </p>
   </div>
   <div class='ocr_carea' id='block_1_117' title="bbox 1852 5622 3415 5710">
    <p class='ocr_par' dir='ltr' id='par_1_117' title="bbox 1852 5622 3415 5710">
     <span class='ocr_line' id='line_1_117' title="bbox 1852 5622 3415 5710; baseline 0.012 -30"><span class='ocrx_word' id='word_1_859' title='bbox 1852 5628 1990 5690; x_wconf 84' lang='lat' dir='ltr'><strong>illis,</strong></span> <span class='ocrx_word' id='word_1_860' title='bbox 2038 5630 2181 5696; x_wconf 88' lang='lat' dir='ltr'><strong>quod</strong></span> <span class='ocrx_word' id='word_1_861' title='bbox 2220 5631 2444 5694; x_wconf 82' lang='lat' dir='ltr'><strong>asserit,</strong></span> <span class='ocrx_word' id='word_1_862' title='bbox 2496 5631 2764 5701; x_wconf 83' lang='lat' dir='ltr'><strong>Quidquid</strong></span> <span class='ocrx_word' id='word_1_863' title='bbox 2808 5633 2872 5688; x_wconf 88' lang='lat' dir='ltr'><strong>de</strong></span> <span class='ocrx_word' id='word_1_864' title='bbox 2905 5622 3166 5692; x_wconf 83' lang='lat' dir='ltr'><strong>Trinitate</strong></span> <span class='ocrx_word' id='word_1_865' title='bbox 3199 5642 3415 5710; x_wconf 82' lang='lat' dir='ltr'><strong>dicitur,</strong></span> 
     </span>
    </p>
   </div>
   <div class='ocr_carea' id='block_1_118' title="bbox 1851 5721 3420 5801">
    <p class='ocr_par' dir='ltr' id='par_1_118' title="bbox 1851 5721 3420 5801">
     <span class='ocr_line' id='line_1_118' title="bbox 1851 5721 3420 5801; baseline 0.011 -31"><span class='ocrx_word' id='word_1_866' title='bbox 1851 5728 1943 5770; x_wconf 90' lang='lat' dir='ltr'><strong>aut</strong></span> <span class='ocrx_word' id='word_1_867' title='bbox 1990 5721 2148 5772; x_wconf 85' lang='lat' dir='ltr'><strong>unius</strong></span> <span class='ocrx_word' id='word_1_868' title='bbox 2184 5730 2260 5773; x_wconf 88' lang='lat' dir='ltr'><strong>est</strong></span> <span class='ocrx_word' id='word_1_869' title='bbox 2291 5730 2382 5772; x_wconf 89' lang='lat' dir='ltr'><strong>aut</strong></span> <span class='ocrx_word' id='word_1_870' title='bbox 2425 5724 2619 5786; x_wconf 85' lang='lat' dir='ltr'><strong>trium,</strong></span> <span class='ocrx_word' id='word_1_871' title='bbox 2659 5722 2870 5779; x_wconf 86' lang='lat' dir='ltr'><strong>falsitas</strong></span> <span class='ocrx_word' id='word_1_872' title='bbox 2907 5739 2937 5780; x_wconf 77' lang='grc' dir='ltr'>ι</span> <span class='ocrx_word' id='word_1_873' title='bbox 2978 5725 3254 5801; x_wconf 76' lang='lat' dir='ltr'><strong>Tlteologo</strong></span> <span class='ocrx_word' id='word_1_874' title='bbox 3284 5734 3420 5788; x_wconf 81' lang='lat' dir='ltr'><strong>Gre-</strong></span> 
     </span>
    </p>
   </div>
   <div class='ocr_carea' id='block_1_119' title="bbox 1851 5811 3418 5882">
    <p class='ocr_par' dir='ltr' id='par_1_119' title="bbox 1851 5811 3418 5882">
     <span class='ocr_line' id='line_1_119' title="bbox 1851 5811 3418 5882; baseline 0.011 -19"><span class='ocrx_word' id='word_1_875' title='bbox 1851 5812 2005 5880; x_wconf 80' lang='lat' dir='ltr'><strong>gorio</strong></span> <span class='ocrx_word' id='word_1_876' title='bbox 2048 5820 2233 5880; x_wconf 86' lang='lat' dir='ltr'><strong>aperte</strong></span> <span class='ocrx_word' id='word_1_877' title='bbox 2281 5811 2565 5876; x_wconf 89' lang='lat' dir='ltr'><strong>refellitur,</strong></span> <span class='ocrx_word' id='word_1_878' title='bbox 2613 5830 2735 5868; x_wconf 89' lang='lat' dir='ltr'><strong>cum</strong></span> <span class='ocrx_word' id='word_1_879' title='bbox 2792 5816 2880 5869; x_wconf 88' lang='lat' dir='ltr'><strong>ille</strong></span> <span class='ocrx_word' id='word_1_880' title='bbox 2910 5817 3097 5873; x_wconf 89' lang='lat' dir='ltr'><strong>dicat:</strong></span> <span class='ocrx_word' id='word_1_881' title='bbox 3131 5820 3418 5882; x_wconf 84' lang='lat' dir='ltr'><strong>Commune</strong></span> 
     </span>
    </p>
   </div>
   <div class='ocr_carea' id='block_1_120' title="bbox 2862 5907 2937 5968">
    <p class='ocr_par' dir='ltr' id='par_1_120' title="bbox 2862 5907 2937 5968">
     <span class='ocr_line' id='line_1_120' title="bbox 2862 5907 2937 5968; baseline -0.013 0"><span class='ocrx_word' id='word_1_882' title='bbox 2862 5907 2937 5968; x_wconf 81' lang='lat'><strong>32</strong></span> 
     </span>
    </p>
   </div>
  </div>
