4214 6446
778 343 910 403 10θῖ

1799 349 2007 410 ΙΟΛΝ.
2047 349 2263 410 VECCI
2307 350 2415 408 ΕΡ.
2459 348 2973 409 PATRIARCILE

3892 347 4040 413 1008

771 455 1062 519 cuperetis,
1098 464 1149 508 et
1185 456 1236 509 in
1273 471 1402 527 pace
1429 467 1745 524 convenire,
1780 475 2058 530 nunquam
2105 460 2251 514 illam
2283 463 2339 513 in
2369 466 2412 520 Α
2445 478 2469 529 μ

2445 459 2778 529 μαθητεύειν
2821 460 3143 528 ἠὸούλεσθε,
3182 461 3456 512 συνελθεῖν
3492 461 3626 530 πρὸς
3673 461 3775 530 τὴν
3809 461 4043 532 είρήνην

774 545 922 603 aliud
966 555 1177 614 tempus
1208 549 1597 615 protraheretis
1625 567 1639 613 ;
1665 565 1810 603 nunc
1848 566 1979 604 vero
2039 561 2344 620 praepoten-

774 642 841 691 tis
868 639 1106 693 uatioois
1139 640 1261 694 odia
1293 650 1344 692 et
1374 640 1699 706 simultates,
1726 643 1867 710 paci,
1894 643 2082 696 nescio
2121 656 2224 710 qua
2253 657 2344 693 ra-

771 734 938 790 tione.
973 748 1052 786 va
1082 733 1240 797 mihi,
1261 745 1652 803 pmponentes,
1686 735 1788 790 hoc
1815 751 1981 788 unum
2011 736 2185 789 solum
2221 749 2344 789 sus-

773 826 1053 894 quetleque
1068 838 1121 880 et
1142 827 1428 896 colloquiis
1448 829 1501 881 in
1523 827 1776 881 omnibus
1789 829 2100 897 suggeritis,
2125 831 2341 883 eosdem

771 932 835 970 ex
869 915 1029 972 Patre
1073 924 1126 969 ut
1156 914 1296 970 Filio
1343 916 1602 986 Spiritum
1667 918 1977 986 procedere,
2020 928 2080 971 ut
2121 934 2343 984 prorsus

774 1008 1122 1062 manifestum
1145 1018 1249 1070 est,
1266 1008 1584 1062 decernere.
1610 1006 1720 1077 Ego
1745 1024 1873 1062 vero
1912 1024 2021 1076 prze
2053 1010 2196 1073 aliis,
2219 1026 2342 1080 quae

773 1100 1055 1167 alioatqne
1104 1100 1210 1153 alio
1254 1111 1496 1166 tempore
1550 1099 1799 1153 elocutus
1827 1114 1970 1162 sum,
2006 1116 2150 1153 nunc
2179 1103 2340 1154 etiam

776 1191 992 1252 addam,
1025 1192 1092 1244 ab
1121 1191 1237 1259 ipso
1255 1191 1662 1259 praedicationis
1709 1192 1884 1255 initio,
1921 1201 2042 1260 post
2089 1195 2340 1246 traditio-

774 1298 871 1338 nes
901 1286 1242 1352 evangelicae
1269 1291 1323 1336 et
1349 1284 1697 1352 apostolicas,
1724 1283 1840 1336 licet
1872 1284 2054 1336 multae
2080 1299 2162 1337 res
2186 1286 2334 1336 theo-

776 1376 963 1443 logicae
997 1384 1336 1442 pertractata:
1385 1374 1511 1437 sint,
1552 1385 1603 1426 et
1634 1390 1810 1428 anuus
1842 1375 2256 1429 trecenti-simus
2289 1381 2342 1427 et

777 1468 916 1521 ultra
948 1468 1263 1536 prseterierit
1285 1468 1349 1520 ad
1385 1475 1595 1519 aetatem
1626 1469 1802 1535 magni
1835 1469 2134 1530 Athanasii,
2171 1467 2340 1520 nemi-

776 1575 897 1612 nem
958 1569 1270 1611 sanctorum
1302 1574 1396 1626 per
1437 1558 1657 1617 Filium,
1683 1568 1777 1610 aut
1805 1573 1868 1611 ex
1899 1557 2036 1611 Filio
2082 1559 2338 1626 Spintuin

776 1659 1022 1704 sanetum
1092 1649 1312 1702 exsilire
1368 1658 1462 1702 aut
1519 1664 1795 1710 emanare,
1866 1660 1957 1701 aut
1988 1649 2114 1716 quid
2167 1650 2342 1703 simile

774 1739 1177 1805 pronuntiasse,
1203 1740 1294 1792 sed
1324 1754 1448 1792 cum
1474 1741 1540 1792 ab
1582 1739 1700 1806 ipso
1759 1739 2082 1806 principium
2123 1737 2343 1790 habuis-

2456 551 2556 603 οὐκ
2585 550 2651 604 ἂν
2678 551 3063 605 ἀνεϐάλλεσθε.
3095 552 3210 604 Νῦν
3250 552 3292 605 δ’
3323 555 3404 605 ὅτι
3439 552 3538 616 τῆς
3570 555 4036 621 μεγαλοδυνάμου

2455 645 2647 709 γενεᾶς
2681 644 2885 711 ταύτης
2913 644 3013 710 τὴν
3043 642 3243 713 ἔχθραν
3299 644 3399 696 οὐκ
3426 639 3544 695 οἶδα
3573 644 3690 705 πῶς
3735 645 3834 713 τῆς
3877 647 4034 715 ειρή..

2455 752 2573 804 νης,
2622 733 2762 802 φεῦῑ
2816 735 3192 803 ὰνθαιρείσθε,
3241 735 3298 788 ἒν
3347 734 3504 788 τοῦτο
3553 738 3715 803 μόνον
3765 738 3883 789 άνω
3935 742 4035 790 καὶ

2453 828 2621 890 κάτω,
2643 833 2734 879 καὶ
2757 827 3032 896 πανταχοῦ
3053 827 3158 880 τῶν
3178 829 3350 894 λόγων
3363 829 3689 898 προφέρετε,
3726 828 3843 890 πῶς
3881 830 3933 880 oi
3965 826 4033 883 ἐκ

2452 916 2659 985 Πατρδς
2691 916 2783 968 καὶ
2818 917 2947 969 Υίοῦ
2971 919 3367 988 ἐκπορεύεσθαι
3400 919 3458 972 rb
3491 920 3714 988 Πνεῦμα
3768 921 3918 972 κατὰ
3972 921 4035 971 rb

2449 1009 2624 1076 πάντη
2651 1008 2910 1077 πρόδηλον
2932 1009 3401 1080 τεθεολογήκασιν.
3419 1010 3560 1079 Ἐγὼ
3574 1012 3630 1065 δὲ
3653 1013 3784 1080 πρλιέ
3805 1005 3888 1071 οἷς
3909 1030 3974 1062 πε
3983 1014 4034 1079 pi

2447 1099 2637 1150 τούτου
2663 1099 2848 1152 ἄλλοτε
2871 1099 3030 1170 ἔφην,
3059 1101 3168 1170 ἔχω
3191 1103 3284 1155 καὶ⁵
3319 1101 3414 1155 νῦν
3443 1106 3642 1166 εἰπεῖν,
3667 1103 3744 1165 ὡς
3777 1103 3897 1163 πῶς
3937 1104 4034 1153 ἀπ’

2448 1191 2616 1258 αὐτῆς
2646 1191 2818 1260 ἀρχῆς
2852 1191 2944 1243 τοῦ
2976 1194 3328 1261 κηρύγματος
3357 1194 3497 1261 μετὰ
3528 1195 3625 1256 τὰς
3663 1195 4033 1261 εύαγγελικὰς

2449 1281 2543 1333 καὶ
2567 1283 2927 1343 ἀποστολικὰς
2954 1301 3028 1336 πα
3039 1285 3520 1352 ραδόσεις,πολλῶν
3542 1285 3833 1351 θεολογιῶν
3848 1284 4034 1354 pnes:-

2450 1373 2579 1434 σῶν,
2612 1375 2706 1424 καὶ
2732 1373 2926 1443 χρόνου
2951 1376 3087 1442 ὑπὲρ
3119 1376 3210 1426 τὸν
3237 1377 3353 1443 τρὶς
3385 1377 3598 1438 ἑκατὸν,
3625 1374 3904 1444 μέχριτοῦ
3935 1391 4031 1442 με·

2446 1465 2612 1532 γάλου
2646 1467 2962 1520 Ἀθανασίου
2998 1469 3410 1537 παρῳχηκότος,
3442 1468 3619 1531 οὐδεὶς
3638 1467 3744 1521 τῶν
3761 1469 3940 1535 ἁγίων
3965 1467 4031 1519 δι’

2447 1557 2576 1609 Υῑοῦ
2609 1557 2718 1625 ἢζὲξ
2740 1557 2867 1611 Υίοῦ
2903 1562 2962 1611 rb
2984 1561 3208 1630 Πνεῦμα
3234 1562 3483 1629 προϊέναι
3504 1561 3565 1612 rb
3591 1561 3748 1628 ἅγιον
3775 1561 3806 1628 ἦ
3844 1559 4027 1626 πηγά-

2447 1649 2582 1713 (etv,
2611 1648 2643 1718 ἢ
2684 1649 2744 1701 τὸ
2777 1648 2886 1701 τῶν
2919 1650 3177 1702 τοιούτων
3205 1650 3581 1719 ὲθεολόγησεν,
3625 1650 3744 1702 ἀλλ’
3765 1651 3825 1716 ἐξ
3865 1650 4026 1702 αὐτοῦ

2446 1729 2621 1791 ταῦτα
2673 1738 2953 1808 ἀρξάμενα
3003 1740 3091 1792 διὰ
3132 1739 3228 1792 τοῦ
3270 1740 3509 1809 μεγάλου
3568 1741 3884 1800 Βασιλείου.
3934 1740 4026 1791 τοῦ

774 1840 894 1884 seut
921 1845 1118 1897 magno
1147 1829 1341 1881 Basilio
1379 1839 1620 1887 auctore.
1650 1838 1700 1880 el
1736 1827 2002 1896 Nysseuo,
2034 1836 2086 1879 et
2139 1840 2337 1894 magno
2373 1847 2414 1902 Β
2445 1828 2469 1879 1‘

2445 1828 2670 1895 Νύσσης
2695 1846 2777 1891 τε,
2807 1831 2900 1881 καὶ
2925 1829 3019 1882 τοῦ
3050 1831 3290 1899 μεγάλου
3309 1829 3652 1899 Ἐπιφανίου,
3678 1831 3952 1892 ὡσαύτως
3973 1832 4026 1883 δὲ

777 1922 1101 1991 Epiphanio,
1153 1919 1439 1974 etJoanue
1506 1921 1899 1988 Chrysoslomo
1949 1919 2171 1988 longum
2225 1929 2348 1987 post

773 2016 1064 2085 lo‘lnpusill
1121 2024 1367 2082 apertum
1441 2012 1702 2065 dictiones
1765 2011 2139 2078 processisse;
2189 2011 2345 2064 item-

773 2122 879 2176 que
917 2108 984 2164 ah
1031 2115 1188 2159 aetate
1221 2105 1393 2172 magni
1455 2103 1737 2157 Athanasii
1771 2109 1836 2157 ad
1890 2113 2104 2158 aetatem
2165 2105 2344 2172 magni

773 2195 992 2250 Maximi
1079 2209 1206 2248 cum
1273 2195 1365 2247 alii
1439 2203 1738 2248 trecentum
1804 2204 1857 2248 et
1908 2195 2138 2262 amplius
2216 2195 2344 2247 anni

775 2287 1186 2357 praeteriissent.
1271 2285 1542 2339 miluinam
1608 2300 1672 2337 ex
1736 2287 1822 2351 iis,
1876 2286 1969 2353 qui
2017 2287 2103 2339 .de
2187 2287 2340 2338 ilico-

773 2379 964 2448 logicis
1001 2377 1293 2446 scripsere,
1351 2391 1437 2444 per
1481 2373 1676 2428 Filium
1724 2373 1988 2443 Spiritum
2041 2375 2339 2444 procedere

772 2472 1008 2533 dixisse,
1041 2468 1134 2522 sed
1189 2468 1421 2538 primum
1473 2467 1653 2536 ipsum
1710 2476 1830 2533 post
1881 2476 1958 2519 tot
2012 2481 2185 2517 annos
2242 2469 2342 2519 hoc

764 2563 1130 2630 cuuutiasse;
1204 2559 1892 2626 subsewtolpostmodnm
1948 2569 2242 2626 tempore,
2289 2568 2342 2609 et

777 2663 890 2724 lere
933 2665 1058 2726 post
1105 2664 1324 2709 centum
1367 2669 1540 2707 annos
1590 2661 1838 2707 sanctum
1895 2650 2180 2703 Tarasium
2242 2652 2343 2703 hoc

777 2752 918 2805 idem
971 2751 1086 2803 suis
1143 2747 1363 2816 srriptis
1417 2747 1711 2800 inseruisse
1745 2763 1756 2797 :
1792 2754 1903 2796 tum
1938 2742 2195 2807 deinceps
2227 2756 2342 2792 ma-

778 2855 944 2908 guum
985 2838 1377 2892 Damasceuum
1401 2874 1420 2900 ,
1460 2844 1514 2888 et
1556 2838 1774 2888 demum
1804 2833 2113 2886 universam
2153 2830 2339 2884 Eccle-

778 2935 914 2986 siam
964 2932 1349 2984 communiter.
1399 2927 1503 2992 Qui
1551 2941 1679 2996 ergo
1732 2934 1920 2994 pacate
1973 2937 2206 2991 vereque
2267 2922 2342 2975 si-

780 3025 926 3077 milia
962 3023 1289 3085 considerant,
1327 3022 1392 3073 ad
1444 3018 1872 3074 benevolentiam
1925 3027 1976 3070 et
2007 3031 2193 3085 pacem
2226 3030 2343 3068 ain-

776 3115 1114 3185 plectendatn
1174 3112 1318 3166 facili
1378 3112 1596 3180 negotio
1655 3113 1988 3164 traducetur.
2047 3105 2221 3160 Omne
2267 3108 2341 3158 si-

2452 1921 2543 1970 καὶ
2559 1919 2807 1970 Ἰωάννου
2827 1918 2922 1971 τοῦ
2949 1921 3064 1990 Χρυ
3079 1922 3244 1992 σορῤή
3255 1938 3412 1990 μονος
3442 1920 3678 1990 καθεξῆς
3701 1922 4028 1988 προεχώρη-

2449 2026 2568 2062 σαν.
2595 2011 2701 2062 Καὶ
2723 2011 2906 2075 πάλιν,
2925 2011 3044 2074 πῶς
3066 2013 3172 2064 ἀπὸ
3189 2013 3299 2065 τῶν
3329 2012 3422 2064 τοῦ
3445 2012 3678 2081 μεγάλου
3697 2013 4025 2064 ’Δθανασίου

2446 2103 2668 2171 ἡμερῶν
2685 2103 2812 2171 ἄχρι
2828 2100 2922 2156 τοῦ
2944 2103 3182 2172 μεγάλου
3211 2102 3493 2172 Μαξίμου,
3526 2103 3808 2158 κάνταῦθα
3835 2103 3894 2157 δὲ
3932 2105 4027 2173 τὴν

2448 2200 2670 2262 τριττὴν
2727 2196 3062 2250 ἑκατοντάδα
3105 2197 3294 2266 χρόνος
3328 2196 3665 2266 ὑπερανέση,
3710 2194 3890 2257 οὐδεὶς
3921 2194 4028 2246 τῶν

2436 2288 2638 2353 μέχρις
2709 2287 2872 2338 αὐτοῦ
2930 2287 3394 2358 θεολογησάντων,
3451 2289 3539 2342 διὰ
3590 2288 3687 2341 τοῦ
3743 2289 3877 2342 Υίοῦ
3934 2291 4026 2342 διι-

2443 2377 2774 2443 πορεύεσθαι
2833 2378 2939 2448 ἔφη
3006 2378 3066 2431 rb
3129 2380 3376 2449 Πνεῦμα.
3440 2380 3667 2451 ῌρῶτος
3739 2381 3800 2432 δὲ
3861 2380 4028 2442 αὐτὸς

2441 2467 2599 2519 τοῦτο
2673 2471 2810 2538 μετὶτ⁵
2875 2443 3068 2524 τοσάδε
3105 2488 3164 2524 τε
3214 2443 3538 2542 θεολόγηιῖέν
3601 2473 3696 2543 ἐτη
3741 2488 3754 2503 ·
3820 2473 4028 2541 ἑφεξῆς

2442 2559 2497 2610 δὲ
2537 2561 2671 2628 μετὰ
2697 2562 2860 2633 ἔτερα
2889 2565 2984 2634 ἐτη
3006 2565 3186 2633 ὀλίγου
3220 2565 3327 2618 τῶν
3355 2567 3549 2618 ἑκατὸν
3576 2566 3762 2618 δέοντα
3797 2569 3825 2618 ό
3871 2567 4028 2634 ἅγιος

2443 2652 2715 2720 Ταράσιος
2741 2657 2861 2716 ταῖς
2888 2659 3114 2717 οἰκείαις
3143 2662 3382 2726 γραφαῖς
3415 2657 3569 2710 τοῦτο
3599 2658 3849 2709 διέλαϐεν
3873 2673 3886 2687 ⁸
3923 2653 4025 2707 εἴθ’

2443 2744 2471 2795 ό
2518 2745 2690 2813 μέγας
2719 2747 3098 2816 Δαμασκηνὸς,
3126 2750 3221 2800 καὶ
3246 2747 3390 2800 οὕτω
3425 2749 3608 2800 λοιπὸν
3639 2751 3788 2801 πᾶσα
3822 2749 3859 2815 ἠ
3904 2749 4032 2801 Ἐκ-

2443 2836 2641 2904 κλησία
2675 2839 2868 2899 κοινῶς
2915 2839 3152 2900 πάντως.
3213 2841 3272 2890 '0
3315 2841 3456 2908 μετὰ
3506 2841 3608 2909 τῆς
3657 2841 3887 2909 εἰρήνης
3937 2840 4032 2890 καὶ

2443 2926 2699 2996 ἀληθείας
2739 2930 2806 2980 τὰ
2835 2929 3060 2982 τοιαῦτα
3095 2931 3559 2998 διασκοπούμενος
3596 2931 3731 2999 πρὸς
3771 2931 3832 2982 τὸ
3865 2930 4032 2981 καλο-

2444 3019 2596 3082 θελὲς
2625 3020 2878 3072 ἐντεῦθεν
2934 3019 3356 3090 ὀδηγηθήσεται.
3415 3022 3529 3073 [Ιᾶν
3559 3021 3667 3089 γὰρ
3710 3021 3896 3089 δόγμα
3929 3021 4032 3072 οὐκ

2443 3112 2718 3174 αὐτολεξεὶ
2745 3112 2851 3168 ἀπὸ
2881 3111 2988 3162 τῶν
3016 3113 3248 3181 πρώτων
3277 3114 3591 3181 παραυτίκα
3626 3113 3918 3181 Πατέρων,
3951 3112 4029 3172 ὡς

775 3208 996 3278 quidem
1058 3207 1254 3276 dogma
1314 3218 1420 3258 non
1477 3204 1661 3257 statim
1723 3203 1855 3271 ipsis
1923 3200 2253 3254 dictionibus
2309 3204 2469 3260 an

2445 3199 2536 3253 νῦν
2562 3203 2694 3269 ἔχει,
2734 3198 3087 3272 amemur
3122 3200 3194 3262 ὡς
3233 3202 3262 3251 ὁ
3297 3203 3484 3270 καιρὸς
3522 3203 3658 3268 προς
3681 3202 3806 3261 τοὺς
3838 3217 4027 3251 xiv-oe-

776 3303 968 3369 primis
1003 3297 1281 3358 Patribus,
1304 3307 1361 3348 ut
1393 3311 1535 3348 nunc
1566 3295 1905 3356 enuntiatur,
1938 3292 2201 3345 dictatum
2232 3297 2336 3353 est,

774 3389 871 3445 sed
909 3399 967 3442 ut
1020 3398 1234 3457 ten.pus
1268 3398 1324 3440 et
1369 3387 1586 3440 occasio
1627 3385 2095 3454 disputationibus
2136 3382 2342 3436 exortis

773 3481 1070 3535 concessit.
1116 3483 1204 3534 Sic
1239 3479 1702 3532 consubstantiale
1744 3493 1809 3530 ex
1843 3478 1964 3530 aliis
2017 3486 2181 3544 atque
2217 3474 2338 3526 aliis

776 3574 981 3640 scripto
1019 3574 1230 3624 traditis
1260 3571 1677 3624 auctoritatibus
1713 3567 1902 3622 Patres
1952 3569 2290 3636 collegerunt
2325 3587 2337 3621 :

777 3669 854 3720 sic
889 3664 1174 3718 Trinitatis
1205 3665 1254 3716 in
1284 3663 1538 3715 omnibus
1569 3675 1877 3728 comparem
1913 3661 2208 3728 potentiam
2236 3701 2250 3725 ,
2289 3672 2343 3714 ct

777 3759 1041 3826 aequalem
1076 3758 1378 3809 honorem:
1433 3754 1513 3807 sic
1550 3753 1792 3818 Deiparie
1844 3766 2070 3817 vocem,
2115 3763 2168 3806 et
2212 3753 2338 3818 alia,

776 3863 1008 3918 quorum
1047 3847 1097 3898 in
1135 3845 1388 3914 praesenti
1417 3857 1524 3896 non
1559 3843 1631 3895 ita
1667 3842 1840 3895 facilis
1870 3851 1953 3896 est
1975 3844 2336 3896 enumeratio.

781 3940 966 3993 Potest
1015 3938 1198 4005 itaque
1230 3936 1412 3987 dicere
1446 3974 1460 3998 ,
1511 3934 1607 4002 qui
1663 3935 1727 3986 ad
1783 3947 1970 4001 pacem
2019 3935 2342 4002 prepensior

779 4045 907 4094 est,
968 4026 1428 4099 quemadmodum
1511 4027 1780 4078 maximus
1838 4025 2102 4080 Maximus
2183 4027 2342 4080 annis

779 4123 1092 4179 subsecutis
1139 4132 1260 4191 post
1288 4130 1586 4175 tercentum
1619 4118 1729 4188 jam
1783 4119 1962 4174 dictos
1988 4159 2003 4184 ,
2041 4119 2182 4188 quod
2215 4131 2341 4174 ante

778 4222 955 4288 ipsum
991 4237 1015 4268 ιι
1054 4215 1302 4268 Patribus
1335 4213 1742 4282 pronuntiatum
1778 4211 1977 4274 fuerat,
2012 4227 2108 4280 per
2138 4211 2338 4266 Filium

777 4311 1020 4374 exsilire,
1055 4309 1108 4362 in
1139 4307 1286 4371 illud,
1329 4320 1421 4374 per
1449 4304 1643 4357 Filium
1692 4304 1982 4372 procedere
2012 4305 2340 4368 immutavit,

785 4404 856 4453 ita
922 4402 1082 4451 etiam
1144 4396 1285 4463 apud
1348 4393 1569 4448 Latinos
1621 4392 1808 4446 Patres
1859 4393 2156 4459 permultos
2217 4409 2341 4448 cum

778 4490 1124 4560 Augustino,
1183 4499 1234 4539 et
1300 4485 1633 4553 Hieronymo
1664 4521 1678 4545 ,
1723 4484 1820 4535 hos
1869 4483 2142 4550 siquidem
2202 4484 2342 4536 inter

781 4583 922 4634 alios
953 4579 1030 4631 uti
1070 4577 1375 4647 przecipuos
1403 4583 1457 4628 et
1486 4573 1714 4627 Photius
1750 4575 1819 4624 ita
1857 4573 2058 4634 dicere,
2090 4583 2144 4625 et
2173 4572 2339 4626 veluti

780 4679 979 4739 dagma
1007 4683 1308 4739 proponere
1342 4667 1571 4719 aliirmat
1601 4705 1615 4729 ,
1653 4676 1707 4718 et
1752 4665 1805 4717 hi
1840 4665 1982 4718 inter
2029 4678 2125 4718 eos
2151 4704 2166 4730 ,
2201 4679 2340 4733 quos

781 4762 1021 4816 Ecclesia
1051 4775 1266 4829 quoque
1314 4766 1495 4812 nostra
1550 4756 1744 4824 recipit
1779 4757 1985 4826 absque
2037 4755 2143 4808 ulla
2181 4755 2340 4808 haesi-

788 4855 994 4907 tatione
1047 4859 1422 4912 numerantur,
1457 4848 1603 4917 quod
1658 4847 1847 4902 Patres
1897 4847 2068 4901 nostri
2121 4848 2342 4902 exsilire

2449 3293 2639 3359 μένους
2674 3291 2864 3358 λόγους
2889 3292 3080 3343 ἐδίδου.
3117 3291 3273 3343 Οὕτω
3303 3294 3408 3358 γὰρ
3439 3293 3496 3341 rb
3523 3291 3807 3359 ὁμοούσιον
3844 3291 3908 3350 ἐξ
3930 3291 4027 3341 ἄ).-

2445 3382 2550 3434 λων
2581 3384 2868 3452 γραφικῶν
2898 3384 3112 3453 ῥήσεων
3139 3384 3249 3444 τοῖς
3283 3383 3527 3450 Πατράσι
3564 3383 3812 3453 συνήχθη
3833 3401 3849 3414 ·
3885 3383 4030 3434 οὕτω

2443 3477 2504 3528 rb
2528 3480 2621 3546 τῆς
2649 3476 2876 3545 Τριάδος
2922 3477 3062 3528 κατὰ
3115 3475 3294 3528 πάντα
3321 3477 3584 3546 ὁμότιμον
3605 3495 3618 3507 ·
3653 3477 3798 3529 οὕτω
3833 3479 3869 3544 ἡ
3899 3477 4031 3529 Θεο-

2445 3568 2600 3629 τόκος
2633 3567 2803 3636 φωνὴ,
2838 3568 2929 3618 καὶ
2959 3569 3146 3629 τᾶλλα,
3187 3562 3262 3619 ὧν
3291 3568 3561 3637 δυσχερὴς
3599 3570 3654 3618 ὲν
3680 3568 3758 3636 τῷ
3795 3569 4031 3635 παρόντι

2445 3660 2477 3727 ὴ
2510 3659 2900 3728 ἀπαρίθμησις.
2941 3661 3095 3710 Ἐστι
3124 3658 3254 3724 γοῦν
3294 3663 3468 3712 εἰπεῖν
3501 3663 3591 3713 τὸν
3619 3663 3677 3713 rb
3727 3666 4030 3730 εέρηνικω-

2443 3765 2601 3820 τερον
2642 3750 2915 3817 μετιόντα,
2972 3751 3044 3808 ὡς
3074 3751 3324 3820 καθάπερ
3375 3754 3402 3803 ό
3461 3751 3722 3818 μέγιστος
3769 3752 4032 3820 Μάξιμος

2448 3844 2583 3909 μετὰ
2605 3841 2730 3901 τοὺς
2757 3842 3014 3893 ἐπέκεινα
3036 3842 3144 3892 τῶν
3173 3843 3501 3912 τριακοσίων
3530 3845 3758 3911 χρόνους
3789 3844 3853 3893 τὸ
3879 3859 4031 3911 παρα

2442 3933 2550 3984 τῶν
2613 3934 2716 4002 πρὸ
2769 3932 2931 3985 αὐτοῦ
2993 3934 3251 4004 Πατέρων
3300 3934 3723 4002 θεολογούμενον
3774 3935 3845 3985 δι’
3897 3935 4031 3988 Υἱοῦ

2447 4027 2694 4092 προϊέναι
2725 4026 2802 4084 είς
2831 4025 2890 4075 τὸ
2931 4024 2998 4075 δι’
3032 4024 3161 4075 Υἱοῦ
3186 4025 3583 4094 ἐκπορεύεσθαι
3629 4025 3990 4095 ὲθεολόγησεν
4015 4043 4028 4052 ·

2444 4115 2586 4169 οὕτω
2618 4118 2712 4169 καὶ
2763 4118 2812 4168 οἱ
2859 4116 3012 4184 παρὰ
3056 4117 3308 4179 Λατίνοις
3366 4116 3608 4186 Πατέρες
3654 4117 4032 4182 Αύγουστῖνος

2448 4210 2543 4260 σὺν
2576 4208 2787 4270 πολλοῖς
2817 4207 3019 4272 ἄλλοις,
3077 4211 3171 4261 καὶ.
3212 4209 3574 4277 Ἱερώνυμος·
3626 4210 3854 4271 τούτους
3916 4226 4029 4278 γλρ

2445 4296 2566 4349 κατ’
2589 4296 2865 4365 ἐξαίρετον
2893 4298 2989 4349 καὶ
3017 4299 3223 4359 Φώτιος
3247 4298 3416 4351 οὓτω-
3437 4299 3638 4365 λέγειν,
3676 4302 3771 4352 καὶ
3814 4300 4034 4367 δόγμα.

2444 4390 2612 4451 τίςειν
2644 4391 2989 4457 συνίστησιν·
3037 4385 3183 4443 οὗτοι
3205 4390 3262 4442 δὲ
3290 4390 3397 4442 τῶν
3430 4391 3582 4459 παρὰ
3612 4393 3676 4460 τῇ
3712 4389 3836 4444 καθ’
3874 4393 4030 4460 ἡμᾶς

2459 4481 2754 4547 Ἐκκλησία
2783 4482 2986 4533 δεκτῶν
3015 4483 3459 4551 ὁμολογουμένως
3484 4485 3612 4535 είσί’
3638 4485 3700 4534 τὸ
3725 4486 3880 4552 παρὰ
3914 4487 4033 4545 τοῖς

2447 4574 2628 4634 αὐτοῖς
2657 4573 2936 4642 Πατράσιν
2968 4571 3122 4643 ήμῶν
3154 4574 3423 4642 προϊέναι,
3456 4575 3547 4625 καὶ
3581 4574 3912 4642 προχεῖσθαι
3961 4578 4031 4625 ἑτι

2447 4665 2686 4734 Πατρὸς,
2717 4666 2813 4719 καὶ
2843 4665 2972 4718 Υἱοῦ
3003 4665 3341 4736 θεολογηθὲν,
3370 4667 3448 4730 είς
3483 4667 3542 4717 τὸ
3573 4669 3635 4718 ὲκ
3678 4667 3895 4733 Πατρός
3927 4670 4026 4718 καὶ

2447 4756 2581 4808 Υίοῦ
2631 4758 3028 4826 ἐκπορεύεσθαι
3105 4759 3385 4829 ἐφρασαν,
3441 4760 3560 4828 μηδ’
3634 4758 3810 4820 ἄλλως
3861 4758 4024 4828 ἔχον-

2448 4865 2537 4909 τες
2570 4849 2696 4912 ἴσως
2734 4851 2822 4901 διὰ
2848 4851 2908 4902 τὸ
2935 4850 3118 4903 στενὸν
3142 4851 3238 4920 τῆς
3265 4851 3510 4919 γλώττης
3536 4852 3728 4903 εἰπεῖν.

781 4962 835 5004 et
870 4949 1070 5002 ell'undi
1103 4965 1165 5000 ex
1201 4946 1354 4998 Patre
1400 4954 1453 4999 et
1485 4941 1622 4997 Filio
1650 4944 1940 5009 dixerant,
1980 4945 2032 4995 in
2103 4943 2232 4996 illud
2258 4982 2274 5008 ,
2309 4957 2376 4997 ex
2415 4940 2574 4999 Patre
2603 4955 2657 4999 et
2727 4943 2864 4999 Filio
2930 4946 3224 5015 procedere
3252 4987 3265 5010 ,
3318 4947 3678 5001 transvexisse
3701 4987 3715 5010 ,
3768 4964 3897 5002 cum
3953 4954 4030 5003 ob

784 5045 980 5110 linguae
1036 5044 1337 5110 angustiam
1390 5040 1529 5091 l'orte
1585 5038 1717 5106 ipsis
1765 5038 1913 5091 aliud
1973 5053 2079 5090 non
2141 5047 2469 5106 suppeteret.

859 5135 950 5187 27.
986 5131 1161 5203 Magni
1194 5148 1355 5200 porro
1394 5130 1677 5184 Athanasii
1735 5131 2109 5198 querimonias
2157 5129 2222 5183 de
2254 5130 2342 5194 iis,

786 5243 878 5294 qni
912 5227 981 5277 ob
1015 5225 1251 5293 syllabus
1308 5224 1684 5289 dictionesque
1733 5221 1867 5274 nihil
1925 5222 2204 5274 veritatem
2250 5225 2344 5276 do-

794 5315 989 5384 gmatis
1025 5314 1280 5366 laedentes
1315 5311 1686 5364 Ecclesiarum
1725 5312 1950 5364 dissidia
2002 5324 2343 5380 procurant:

793 5419 1002 5457 necnon
1067 5412 1121 5455 et
1173 5404 1416 5470 Gregorii
1452 5401 1712 5470 Thcologi
1751 5441 1764 5464 ,
1820 5414 1871 5455 et
1928 5403 2104 5468 magni
2162 5401 2343 5456 Bisilii

796 5496 928 5545 satis
953 5493 1166 5546 abunde
1193 5509 1241 5543 ιιι
1269 5503 1454 5544 nostro
1484 5493 1757 5544 volumine
1790 5493 2304 5560 comprehendimus
2334 5511 2347 5546 :

797 5599 895 5636 nec
928 5584 992 5636 de
1022 5583 1104 5634 his
1137 5584 1290 5649 plura
1330 5583 1412 5633 hic
1448 5582 1651 5635 addere
1687 5583 1739 5634 in
1769 5583 1951 5635 animo
1984 5593 2085 5635 est.
2125 5581 2348 5638 Verum-

806 5686 985 5725 tamen
1021 5674 1292 5726 orationis
1328 5673 1522 5725 faciem
1553 5676 1620 5725 ad
1655 5682 1704 5725 te
1733 5682 2110 5726 convertentes
2138 5714 2152 5737 ,
2186 5691 2348 5743 quem

798 5767 849 5818 in
913 5767 1172 5833 prooemio
1244 5777 1562 5822 nostrorum,
1625 5780 1938 5820 sermonum
2013 5771 2345 5835 (agnitorem

2529 5133 2629 5196 κζ’.
2674 5125 2879 5186 Ὁπόσα
2911 5133 2967 5186 δὲ
3001 5135 3027 5186 ό
3058 5134 3232 5202 μέγας
3270 5133 3587 5197 Ἀθανάσιος
3616 5138 3726 5198 τοῖς
3747 5137 3836 5189 διὰ
3891 5143 4025 5190 συλ-

2455 5225 2626 5286 λαϐὰς
2655 5227 2747 5277 καὶ
2780 5226 2952 5290 λέξεις
2981 5227 3148 5295 μηδὲν
3199 5227 3298 5296 τὴν
3333 5227 3425 5278 τοῦ
3459 5229 3729 5296 δόγματος
3757 5230 4025 5299 ἀλήθειαν

2454 5316 2745 5377 ἀδικούσας
2786 5317 2853 5368 τά
2881 5316 2987 5368 τῶν
3015 5317 3351 5385 Ἐκκλησιῶν
3378 5319 3720 5387 αἱρουμένοις
3742 5322 4027 5389 σχίσματα

2457 5408 2863 5473 ἐπιμέμφεται·
2904 5407 2983 5458 ἔτι
3021 5408 3064 5458 δ’
3099 5409 3126 5460 ὁ
3155 5407 3253 5476 τῆς
3281 5407 3555 5476 θεολογίας
3604 5413 3896 5481 ἐπώνυμος
3930 5422 4029 5469 σὺν

2459 5496 2605 5566 αὐτῷ
2630 5496 2893 5565 Βασιλείῳ
2932 5499 3008 5566 τῷ
3041 5498 3180 5551 πάνυ
3212 5502 3522 5567 ἀρκούντως
3567 5504 3625 5554 ὲν
3677 5507 3757 5571 τῇ.
3781 5508 4028 5579 ἡμετέρᾳ

2458 5587 2815 5656 διειλήφαμεν
2848 5589 3036 5658 βίϐλῳ,
3062 5594 3153 5642 καί
3175 5593 3334 5644 πλέον
3364 5594 3513 5646 οὐδὲν
3541 5599 3667 5662 περὶ
3695 5600 3907 5651 τούτων
3945 5604 4028 5653 λέ-

2463 5697 2578 5744 γειν
2614 5682 2934 5751 βουλόμεθα.
2977 5684 3132 5736 Ἀλλά
3163 5686 3222 5735 rb
3274 5685 3366 5737 τοῦ
3397 5687 3553 5752 λόγου
3595 5691 3886 5753 πρόσωποι
3942 5699 4032 5746 καὶ

2469 5774 2625 5825 πάλιν
2661 5775 2791 5842 πίὸς
2822 5775 2878 5826 σὲ
2910 5777 3224 5844 τρέψαντες.
3261 5779 3317 5828 δι
3347 5781 3401 5828 ἑν
3435 5783 3737 5846 προοιμίοις
3760 5786 3870 5835 τῶν
3896 5788 4018 5854 ἡμί-
