4214 6446
200 385 344 451 1009

1636 393 1677 449 Α
1690 392 1923 451 PULOG
1941 392 2032 451 IA.

3319 374 3457 440 1010

196 494 376 568 τέρων
437 500 611 568 λόγων
674 499 1020 571 διαγνώμονα
1078 501 1602 571 προεκαλεσάμεθα,
1643 504 1777 571 πρὸς

1888 504 2380 573 cumpellavimus,
2446 516 2541 569 per
2605 499 2771 554 Deum
2827 505 2882 551 et
2937 496 3108 564 ipsam
3166 495 3454 545 vetitatem

196 589 339 642 θεοῦ
400 608 458 643 σε
488 592 578 643 καὶ
612 595 710 662 τῆς
762 592 1021 663 ἀληθείας
1077 592 1392 663 ὀρκίζομεν,
1448 594 1541 647 τοῦ
1594 595 1780 656 εὐθέος

200 682 373 751 μηδὲν
402 684 868 754 παρεγκλίναντα,
917 686 1213 753 διαγνῶναι
1269 689 1476 755 ἀπάρτι
1497 726 1515 750 ,
1549 691 1597 741 εἰ
1629 692 1782 758 παρὰ

196 771 312 825 τῶν
332 776 464 843 ἡμῖν
502 774 893 840 ἀντιλεγόντων
915 776 1141 839 δικαίως
1170 779 1332 846 ἡμεῖς
1360 779 1460 849 τῆς
1500 780 1783 842 εὐσεϐείας

198 866 464 934 προδόται
518 868 612 920 καὶ
660 868 773 921 τῶν
834 870 1111 939 ὁμογενῶν
1146 869 1423 939 λιτόμεθα
1493 870 1785 939 Ῥωμαίων

200 958 410 1026 ἐχθροὶ,
435 960 529 1011 καὶ
575 961 697 1028 οὐχὶ
750 960 906 1013 αὐτοὶ
955 960 1129 1015 ταῦτά
1170 964 1275 1015 εἱσι
1324 960 1524 1031 μᾶλλον
1562 964 1657 1016 καὶ
1708 964 1787 1016 διο

201 1053 510 1118 καιότερον.
545 1049 684 1112 Τοὺς
714 1049 823 1119 γὰρ
852 1050 1068 1117 λόγους,
1100 1052 1223 1105 καθ’
1250 1050 1344 1114 οὒς
1374 1050 1441 1105 ἂν
1464 1037 1573 1105 τῶν
1593 1052 1789 1123 ἐγκλη-

205 1138 399 1199 μάτων
433 1140 657 1200 δικαίως
716 1141 901 1203 αὐτοῖς
959 1140 1247 1211 προσάψῃς
1296 1142 1580 1209 ἑκάτερον,
1638 1142 1787 1211 ἔχεις

200 1226 412 1287 ἱκανῶς
462 1226 825 1289 ἀποδοθέντας
880 1228 1011 1298 παρ’
1060 1228 1243 1297 ἡμῶν,
1275 1227 1339 1282 ἐκ
1371 1246 1430 1281 τε
1488 1223 1565 1283 ὧν
1611 1231 1645 1300 ἡ
1692 1227 1787 1281 τοῦ

202 1316 353 1370 θείου
389 1317 489 1387 τῆς
525 1318 846 1388 Ἀντιοχέων
894 1317 1183 1388 προέδρου,
1234 1317 1333 1371 καὶ
1357 1317 1451 1371 τοῦ
1480 1318 1786 1388 κορυφαίου

200 1410 316 1462 τῶν
346 1411 663 1463 ἀποστόλων
691 1410 985 1480 ὁμωνύμου
1045 1409 1328 1480 ἐπιστολὴ,
1391 1410 1513 1463 καθ’
1546 1411 1789 1477 ἱστορίαν

204 1503 340 1569 ἡμῖν
358 1504 717 1573 ἐχορήγησεν,
750 1502 813 1555 ἐκ
873 1520 930 1555 τε
961 1496 1037 1556 ὧν
1068 1503 1126 1555 ὲν
1159 1504 1271 1563 τοῖς
1302 1501 1394 1555 τοῦ
1419 1502 1580 1570 λόγου
1612 1503 1788 1569 ἀγῶσι

201 1591 616 1663 θειογραφικῶν
633 1593 991 1663 διειλήφαμεν
1016 1596 1267 1664 χρήσεων
1286 1596 1364 1657 εἰς
1390 1595 1665 1658 ἀπόδειξιν
1689 1595 1789 1662 τῆς

202 1686 274 1754 ἢν
308 1684 629 1753 ἐπισφαλῶς
680 1684 975 1754 ἀρνοῦνται
1034 1686 1326 1755 ὑπάρξεως
1370 1685 1464 1739 τοῦ
1516 1685 1789 1754 παναγεου

205 1775 529 1843 ιΙνεύματος
581 1777 651 1830 δι’
705 1776 831 1830 Υιοῦ
873 1779 937 1830 ἑκ
969 1778 1203 1847 Πατρός.
1263 1780 1337 1831 Οὐ
1368 1780 1566 1849 μικρὸν
1595 1779 1654 1833 at
1680 1779 1791 1832 ἴσθι

209 1869 349 1938 πρὸς
418 1869 516 1938 τὴν
558 1868 773 1922 ἑαυτῶν
812 1869 1286 1940 προδαλλομένους
1321 1873 1469 1941 ἡμᾶς
1528 1870 1790 1925 σύστασιν
1822 1854 1866 1911 Β

206 1962 305 2013 καὶ
338 1961 400 2013 τὸ
436 1960 511 2032 μὴ
547 1962 648 2030 τὴν
677 1963 795 2014 ὁδὸν
822 1961 1052 2032 ταύτην,
1080 1961 1154 2025 ὡς
1203 1964 1327 2016 νέαν
1375 1964 1469 2017 καὶ
1497 1964 1785 2034 ἀρτιτριῦἦ

204 2055 471 2123 ἄντικρυς
506 2054 724 2107 ὁδεῦσαι
754 2056 926 2124 ἡμᾶς,
960 2054 1076 2107 ἀλλ’
1103 2056 1175 2119 ὡς
1212 2056 1359 2121 ἅπαξ
1390 2058 1540 2124 παρὰ
1574 2055 1665 2107 τοῦ
1691 2071 1787 2123 μευ

207 2143 380 2211 γάλου
413 2145 667 2214 Μαξίμου
700 2146 1083 2201 διοδευθεῖσαν.
1158 2149 1397 2207 Ἐκεῖνος
1439 2148 1548 2218 γὰρ
1577 2148 1791 2215 πρῶτος

208 2235 384 2293 αὐτὴν
413 2236 506 2290 καὶ
528 2236 711 2306 ἔτεμε,
758 2240 851 2290 καὶ
876 2237 1156 2305 διώδευσε,
1186 2242 1214 2292 ὀ
1243 2239 1352 2292 τῶν
1369 2240 1615 2293 Λατίνων
1645 2239 1794 2290 ἔλευ-

210 2328 350 2399 θέρᾳ
384 2330 603 2391 πάντως
660 2330 1023 2400 ὑπερηγορῶν
1053 2331 1292 2402 γλώττῃ,
1331 2333 1394 2384 ὲκ
1431 2331 1646 2401 Πατρὸς
1697 2331 1791 2383 καὶ

212 2421 348 2474 Υῐοῦ
374 2421 775 2491 ἐκπορεύεσθαι
821 2422 1091 2491 λεγόντιῶι
1115 2424 1176 2477 τὸ
1224 2424 1469 2493 Πνεῦμα,
1499 2428 1593 2477 καὶ
1618 2425 1701 2486 εις
1736 2424 1794 2477 τὸ

212 2513 280 2564 ἐκ
316 2514 530 2582 Πατρδις
576 2512 642 2565 δι’
672 2513 797 2564 Υἰοῦ
825 2513 923 2579 τὴν
945 2513 1316 2586 ὑπερηγοριαν
1344 2514 1542 2569 ἑαυτοῦ
1573 2515 1795 2570 ἀποτεί-

213 2624 344 2658 νων.
370 2608 480 2660 Kal
513 2606 576 2658 σὺ
611 2607 708 2675 μὲν
724 2606 783 2656 τὺ
810 2606 907 2675 τῆς
940 2606 1283 2673 διαγνώσεως
1310 2606 1481 2670 οὕτως
1505 2607 1793 2676 ἀπροσπα-

212 2696 310 2757 θὲς
348 2696 593 2766 τήρησον
614 2713 627 2727 ·
660 2698 711 2749 οἱ
740 2696 798 2751 δὲ
828 2700 896 2749 τὰ
920 2698 1045 2751 καθ’
1094 2698 1252 2768 ἡμῶν
1301 2699 1574 2770 ἀπόφημα
1604 2700 1799 2768 θρασεῖ

213 2790 311 2841 καὶ
340 2788 615 2859 ἁπυλώτῳ
643 2790 1072 2860 ἀπερευξάμενοι
1095 2792 1346 2860 στόματι,
1376 2792 1409 2862 ἢ
1432 2795 1524 2845 καὶ
1545 2792 1797 2864 τολμηρᾷ

214 2882 366 2951 χειρὶ
393 2885 581 2953 γραφῇ
632 2884 969 2951 παραδόντες
1018 2885 1177 2947 αὐτὰ,
1241 2888 1354 2937 ἐκεῖ
1388 2887 1797 2956 ἀντικαταστή-

216 2975 408 3025 σονταξ
446 2991 560 3043 μοι,
603 2978 736 3027 ὅπου
766 2977 960 3046 κριτὴς
982 2980 1009 3030 ὁ
1036 2978 1144 3029 τῶν
1178 2976 1402 3030 ἐννοιῶν
1432 2978 1668 3038 καθίσει,
1706 2979 1800 3031 καλ⁵

216 3065 576 3136 ἐνθυμήσεων
604 3070 865 3137 ὲταστής.
906 3070 981 3122 Οὐ
1008 3069 1114 3137 γὰρ
1128 3069 1191 3136 δὴ
1214 3070 1374 3122 κάκεῖ
1390 3070 1488 3139 τῆς
1516 3070 1802 3131 ἐκπορεύ-

1887 600 2246 657 obtestamur,
2282 611 2351 651 ne
2400 611 2429 649 a
2485 602 2633 648 recto
2666 592 2747 644 vel
2807 589 3092 641 minimum
3152 583 3455 642 declinans.

1886 691 1953 743 ab
1993 689 2094 742 hac
2145 689 2276 740 hora
2325 684 2633 753 dijudices,
2688 697 2756 736 an
2803 679 2950 748 jttste
3004 692 3107 731 nos
3164 691 3192 730 a
3250 672 3455 727 noslris

1885 780 2217 835 adversariis
2246 778 2462 847 pietatis
2495 774 2840 844 proditores,
2876 781 2929 824 et
2966 778 3166 823 nostra:
3202 764 3460 825 nationis,

1886 872 2200 927 Graecorum
2233 884 2425 938 nempe
2452 908 2467 931 ,
2504 868 2693 921 hostes
2748 876 3134 932 nuncupamttr
3162 902 3175 922 ,
3240 867 3296 911 et
3349 870 3467 911 nou

1890 963 1993 1032 ipsi
2029 962 2215 1031 potius
2245 972 2300 1013 et
2348 958 2522 1029 magis
2550 956 2677 1024 jure
2731 953 2939 1024 optimo
2989 950 3161 1005 sunt?
3199 947 3463 1002 Rationes

1887 1053 2031 1106 enim
2100 1050 2172 1104 ob
2236 1064 2374 1118 quas
2452 1055 2685 1114 utraque
2749 1048 3174 1098 commemorata
3233 1037 3463 1090 crimina

1890 1143 2024 1213 ipsis
2054 1142 2321 1211 appingas
2348 1184 2361 1204 ,
2415 1138 2585 1193 habes
2635 1151 2666 1190 ι
2708 1134 2871 1189 nobis
2904 1132 3121 1187 abunde
3162 1129 3259 1181 tibi
3294 1140 3462 1195 expov

1891 1239 2048 1299 sitas,
2082 1247 2197 1290 tum
2231 1250 2298 1289 ex
2329 1234 2427 1299 iis,
2455 1247 2577 1302 qua:
2607 1228 2777 1284 divini
2812 1226 3167 1280 Antiochenae
3199 1219 3462 1275 Ecclesiae

1892 1329 2140 1399 prmsulis
2168 1368 2183 1393 ,
2263 1336 2315 1382 et
2385 1324 2646 1397 principis
2690 1320 3069 1392 apostolorum
3107 1312 3456 1385 cognominis

1891 1420 2123 1489 epistola
2160 1417 2441 1478 continet.
2499 1424 2554 1470 et
2584 1414 2744 1469 nobis
2782 1427 2846 1467 ex
2905 1410 3134 1464 historia
3192 1404 3467 1462 submitti-

1894 1513 2129 1576 stravit,
2165 1521 2278 1567 tum
2311 1526 2377 1566 ex
2418 1509 2489 1564 iis
2514 1550 2530 1574 ,
2564 1522 2686 1577 qua:
2718 1506 2774 1561 in
2815 1505 2937 1574 ipso
2986 1501 3258 1556 orationis
3292 1506 3470 1553 certa-

1894 1607 2041 1659 tniue
2070 1603 2217 1657 dicta
2245 1608 2569 1657 sanctorum
2603 1597 2812 1666 scripto
2862 1596 3005 1649 edita
3045 1592 3371 1661 collegimus
3404 1588 3469 1639 ad

1896 1695 2407 1752 demomstrandum
2457 1689 2794 1745 sanctissimi
2834 1686 3074 1757 Spiritus
3123 1699 3220 1750 per
3268 1678 3469 1734 Filium

1894 1805 1960 1844 ex
2021 1788 2180 1842 Patre
2228 1786 2637 1850 exsistentiam,
2680 1798 2846 1853 quam
2898 1780 2999 1850 ipsi
3038 1790 3242 1833 temere
3276 1784 3328 1829 et
3364 1787 3473 1827 non

1898 1885 2106 1953 absque
2149 1897 2340 1937 errore
2393 1879 2605 1935 inﬁcias
2660 1885 2816 1931 eunt.
2865 1872 2977 1929 Nec
3024 1870 3175 1941 parvi
3210 1864 3474 1923 momenti

1897 1987 2006 2040 est,
2046 1984 2103 2028 et
2130 1974 2291 2028 velim
2326 1973 2494 2033 scias,
2528 1969 2676 2039 quod
2719 1983 2822 2022 nos
2856 1966 3051 2021 horum
3092 1963 3158 2016 ad
3210 1970 3474 2025 compro-

1900 2066 2175 2120 bationem
2227 2062 2631 2133 pr0pouimus,
2690 2059 2829 2112 hanc
2884 2056 3028 2108 viam
3087 2066 3194 2105 non
3252 2049 3329 2103 uti
3379 2063 3476 2101 no-

1900 2173 2044 2219 vam,
2094 2170 2196 2209 nec
2245 2155 2322 2208 uti
2375 2154 2487 2223 jam
2542 2166 2689 2205 nunc
2739 2162 2930 2203 recens
2989 2145 3173 2200 tritam
3232 2156 3299 2195 ex
3353 2152 3477 2208 pro-

1900 2250 2044 2306 fesso
2102 2250 2379 2317 ingressos
2428 2260 2573 2309 esse,
2614 2244 2710 2299 sed
2760 2241 2929 2296 semel
2987 2252 3017 2292 a
3072 2250 3268 2305 magno
3304 2232 3472 2286 Maxi-

1900 2357 1991 2397 mo
2021 2342 2284 2396 calcatam
2313 2380 2327 2404 ,
2365 2339 2479 2407 ipse
2528 2336 2798 2405 siquidem
2843 2334 3053 2403 primus
3085 2330 3232 2383 illam
3262 2337 3318 2381 et
3347 2338 3475 2394 ape-

1904 2432 2015 2488 ruit
2045 2440 2103 2487 et
2131 2430 2486 2501 pertransivit
2512 2469 2527 2494 ,
2563 2428 2667 2498 {qui
2701 2427 2873 2481 libera
2908 2425 3093 2491 lingua
3149 2418 3475 2473 Latinorum

1902 2523 2280 2579 defensionem
2324 2521 2614 2589 suscepit,
2653 2519 2747 2589 qui
2780 2516 3074 2571 tradebant
3110 2510 3377 2580 Spiritum
3413 2523 3479 2562 ex

1906 2616 2069 2672 Patre
2101 2624 2156 2669 et
2183 2613 2323 2667 Filio
2357 2612 2656 2681 procedere
2684 2651 2698 2673 ,
2746 2606 3125 2662 defensionem
3162 2602 3217 2655 in
3248 2598 3379 2653 illud
3412 2612 3477 2650 et

1905 2708 2064 2763 Patre
2132 2722 2229 2777 per
2294 2703 2493 2759 Filium
2567 2703 2930 2763 continuare,
2983 2693 3247 2750 extendit.
3302 2691 3369 2744 Et
3423 2700 3480 2743 tu

1904 2801 2125 2872 quidem
2184 2800 2304 2855 sine
2352 2798 2465 2853 ullo
2515 2794 2711 2851 al'fectu
2771 2790 3148 2863 dignotionem
3203 2784 3475 2856 perﬁcito.

1906 2894 2011 2959 Qui
2045 2908 2173 2947 vero
2225 2902 2417 2948 contra
2477 2906 2578 2946 nos
2641 2890 2984 2951 inominata,
3043 2894 3098 2939 et
3152 2896 3275 2951 quae
3325 2879 3474 2933 dicto

1910 2988 2219 3057 exprimere
2259 2985 2411 3040 nefas
2452 2994 2535 3038 est
2562 3026 2575 3049 ,
2631 2982 2823 3037 audaci
2874 2979 3197 3045 eﬂrenoque
3227 2988 3322 3027 ore
3352 2986 3482 3025 eru-

1908 3085 2151 3144 ctarunt,
2182 3086 2277 3131 aut
2304 3075 2594 3131 temeraria
2624 3088 2790 3127 manu
2816 3071 3025 3138 scripto
3059 3063 3481 3123 commiserunt,

211 3175 344 3212 ετω
393 3159 707 3224 ἀνθέξονται
736 3160 955 3227 λέξεως,
990 3163 1082 3214 καὶ
1110 3162 1211 3215 ὅσα
1253 3160 1488 3216 ἐνταῦθα
1508 3163 1643 3232 ἡμῖν
1671 3163 1793 3233 περὶ

1909 3188 1975 3226 ex
2007 3170 2239 3223 adverso
2297 3167 2729 3231 constituentur,
2766 3165 2856 3218 ubi
2911 3161 3080 3232 judex
3134 3157 3389 3214 cordium
3429 3164 3485 3208 et

216 3250 426 3316 ταύτης
471 3249 941 3320 διενοχλήσουσιν,
990 3251 1127 3303 ἀλλὰ
1170 3251 1264 3305 καὶ
1322 3254 1454 3322 πρὶν
1486 3253 1635 3321 ἡμᾶς
1669 3251 1793 3323 περὶ

1903 3259 2296 3329 cogitationum
2358 3257 2610 3326 cognitor
2666 3254 2899 3310 sedebit.
2962 3250 3150 3320 Neque
3208 3248 3355 3303 enim
3412 3243 3484 3297 ibi

217 3343 431 3410 ταύτης
467 3343 933 3413 ἀπολογήσασθαι,
960 3342 1054 3397 ἅτε
1082 3343 1277 3412 κριτής
1302 3341 1522 3397 ἐννοιῶν
1540 3344 1569 3396 ὁ
1588 3343 1803 3414 κριτὴς,

1910 3364 2013 3420 pro
2040 3349 2289 3404 dictione
2318 3346 2637 3418 procedendi
2676 3354 2866 3399 contra
2906 3357 3029 3398 sese
3058 3345 3377 3410 opponent,
3430 3343 3486 3388 et

219 3436 359 3501 πρής
386 3432 483 3502 τὴν
517 3432 725 3487 ἔννοιαν
758 3433 976 3496 πάντως
1011 3436 1204 3505 ἀπίδῃ,
1246 3435 1369 3490 καθ’
1398 3434 1466 3503 ἢν
1495 3436 1658 3505 ἡμεῖς
1702 3434 1793 3506 τὴν

1911 3456 2048 3510 quas
2102 3441 2261 3496 nobis
2309 3441 2395 3496 hic
2454 3456 2553 3510 pro
2599 3454 2664 3494 ea
2714 3436 2994 3493 molestias
3046 3433 3467 3491 exhibuerunt,

219 3523 330 3576 τῶν
363 3526 706 3595 Ἐκκλησιῶν
728 3529 953 3598 εἰρήνην
983 3527 1655 3603 διεπραγματευσὰμεθα,
1707 3527 1793 3582 καλ

1910 3532 2291 3597 renovabunt,
2347 3532 2441 3586 sed
2489 3541 2544 3587 et
2593 3541 2887 3597 antequam
2942 3541 3043 3580 nos
3090 3525 3159 3579 de
3191 3538 3255 3577 ea
3286 3518 3485 3574 delen-

220 3618 353 3686 περὶ
400 3618 557 3685 ήμῶν
608 3620 748 3690 μετά
776 3621 878 3691 τῆς
923 3621 1103 3674 αὐτῶν
1150 3622 1396 3692 ἐμφύτου
1429 3622 1793 3690 ἀωφανεῖται

1909 3624 2120 3679 sionem
2170 3624 2567 3687 exordiamur,
2627 3622 2793 3676 veluti
2848 3618 3241 3690 cogitationum
3292 3612 3486 3681 judex,

220 3710 615 3780 χρηστότητος.

1909 3716 2054 3788 apud
2085 3733 2246 3787 qnetn
2278 3717 2549 3786 judicium
2583 3716 2785 3781 stabit,
2818 3713 3209 3783 cogitationem
3262 3718 3490 3777 prorsus

221 3801 612 3872 introspiciet,
700 3822 807 3877 qua
855 3823 957 3865 nos
1013 3790 1379 3866 Ecclesiarum
1432 3824 1618 3880 pacem
1678 3810 2091 3880 promovimus,
2124 3821 2178 3866 et
2231 3813 2299 3867 de
2371 3811 2531 3867 nobis
2604 3824 2704 3866 sua
2738 3812 2927 3864 innata
2993 3805 3238 3861 bonitate
3265 3810 3491 3856 senten-

223 3900 355 3949 tiam
391 3895 654 3965 proferet.

2112 4036 2535 4053 *-

1334 4154 1681 4287 ΤΟΥ
1775 4151 2351 4285 ΑΥΤΟΥ

1535 4360 2151 4467 ΑΠΟΛΟΓΙᾹ.

225 4528 410 4582 ΥΠΕΡ
453 4526 591 4579 ΤΟΥ
631 4526 736 4580 ΜΗ
779 4525 889 4577 ΕΙΣ
953 4525 1391 4581 ΑΝΛΤΡΟΠΗΝ
1436 4527 1573 4579 ΤΩΝ
1641 4528 2021 4581 ΗΜΕΤΕΡΩΝ
2071 4529 2251 4581 ΕΘΩΝ
2300 4527 2631 4581 ΔΕΞᾹΣΘΑΙ
2683 4527 2827 4582 THN
2888 4528 3023 4579 ΤΩΝ
3086 4528 3485 4581 ΕΚΚΑΗΣΙΩΝ

298 4597 571 4659 εΝοΣιΝ.
596 4597 752 4668 MA;
788 4595 1407 4668 ElgﬁlPHNﬂN'l‘HN
1443 4598 1529 4650 EN
1567 4598 1793 4668 xrtm

1886 4599 1980 4652 HA
2012 4600 2101 4654 ἸὈ
2147 4599 2546 4653 ΣΥΜΦΩΝΕΙΝ
2579 4597 2803 4653 ΑΥΤΑΣ
2836 4598 3186 4650 ΑΛΛΙΙΛΑΙΣ
3222 4596 3324 4650 ΕΙΣ
3351 4598 3492 4651 ΤΗΝ

297 4669 435 4722 ΤΟΥ
467 4666 830 4720 ΔΟΓΜΔΤΟΣ
860 4666 1193 4720 ENNOIAN.

1442 4910 2323 5041 EJUSDEM

1557 5146 2209 5238 APOLOGIA.

230 5338 502 5407 ΜΠ,ιο
564 5312 800 5395 Μουὸ
844 5330 1209 5392 NOSTRAS
1266 5328 1922 5391 CONSUETUDINES
1968 5330 2336 5400 DESTRUI,
2392 5332 2460 5391 SI
2516 5332 3069 5394 ECCLESIAMUM
3132 5333 3494 5395 UNIONEM

303 5414 840 5484 ACCEPTAMUS,
866 5412 1014 5472 SED
1048 5412 1157 5471 AD
1189 5408 1731 5488 CONCILIANDA
1748 5410 1798 5465 Μ
1828 5409 1907 5468 IN
1939 5410 2279 5469 CHRISTO
2324 5411 2593 5470 PACEM
2634 5412 2962 5473 MUL'I‘UM
2998 5413 3494 5488 CONDUCERE,

308 5495 532 5571 QUOD
574 5492 815 5554 INTER
847 5491 941 5551 SE
986 5491 1063 5551 IN
1112 5488 1585 5550 ASSEBENDO
1634 5486 2027 5549 DOGMATE
2067 5488 2604 5550 CONVENIUNT.

1525 5617 1729 5681 (Graecia
1762 5619 1956 5667 orthod.
1992 5618 2053 5677 ll,
2090 5616 2195 5679 οι.)

312 5759 378 5813 α’.
414 5760 677 5830 ΙΙρόσεχς,
720 5759 944 5830 οὐρανὲ,
986 5758 1081 5813 καὶ
1117 5757 1357 5828 λαλήσω,
1403 5759 1498 5810 καί
1563 5757 1793 5810 ἁκουέτιι

1886 5776 1890 5803 ›
1998 5758 2042 5811 l.
2084 5758 2336 5821 Attende,
2369 5758 2605 5821 cmlum,
2667 5766 2720 5811 et
2751 5759 2946 5827 loquar
2975 5776 2987 5811 :
3020 5769 3075 5813 et
3132 5758 3317 5813 audiat
3345 5767 3489 5813 terra

232 5870 307 5921 γα
338 5854 561 5925 ῥήματα
588 5855 651 5907 ἐκ
679 5855 945 5926 στόματός
989 5869 1111 5923 μου.
1150 5851 1391 5923 Οὐρανὸν
1433 5850 1527 5906 καὶ
1569 5850 1670 5922 γῆν
1706 5850 1793 5920 ἐγό

1929 5850 2091 5906 verba
2151 5850 2264 5906 eris
2316 5852 2438 5906 mei.
2476 5848 2689 5905 Ctnlum
2729 5859 2784 5906 et
2826 5859 3025 5907 terram
3060 5850 3223 5907 hodie
3251 5865 3496 5905 meorum
