4214 6446
731 315 861 381 1011

1776 331 1984 394 JOAN.
2031 333 2241 395 VECCI
2282 337 2385 398 (ΞΡ.
2432 339 2938 400 ΡᾹΤΒΙᾹΒΕΗΑΞ

3845 339 3982 402 10ίῖ

725 452 1040 490 sermonum
1104 441 1156 492 in
1210 441 1545 496 audientiam
1595 457 1853 511 provoco.
1910 448 1974 500 At
2009 449 2283 504 undenam
2319 456 2360 510 Α

2319 456 2360 510 Α
2395 453 2635 520 σήμερον
2675 453 2783 505 τῶν
2816 453 2968 520 ἐμῶν
3020 450 3400 521 προκαλοῦμαι
3445 450 3620 517 λόγων
3681 449 3979 518 ἀκροατάς.

728 529 860 581 mihi
896 517 1087 586 vocem
1133 534 1434 587 adsciscam
1470 573 1485 595 ,
1540 537 1695 602 cujus
1744 541 2033 608 strepitum
2073 544 2291 598 termini

725 635 914 674 omnes
947 622 1190 691 due-sque
1217 626 1522 681 hauriant?
1568 628 1722 694 Quod
1761 632 1804 685 si
1841 635 2072 687 similem
2101 650 2289 689 vocem

727 730 833 767 non
870 719 1180 781 nanciscar,
1214 723 1490 788 quomodo
1523 724 1663 777 votis
1717 727 1854 778 meis
1907 729 2024 793 ipse
2067 727 2289 781 satisfa-

728 809 891 865 ciam.
923 809 1015 876 qui
1049 810 1246 863 cadum
1284 821 1337 864 et
1365 822 1563 866 terram
1594 815 1756 868 hodie
1789 818 1854 869 ad
1901 833 2145 871 meorum
2179 835 2294 872 ser-

734 913 956 951 monum
990 901 1321 955 audientiam
1354 919 1650 971 provocare
1678 917 1825 960 motu
1857 911 2090 978 quodam
2125 913 2291 964 animi

731 993 982 1044 etincitus
1012 994 1182 1046 sum?
1231 994 1424 1048 Verum
1479 999 1913 1066 quilpiscatorcs
1963 1003 2125 1070 legit,
2176 1011 2294 1055 tau-

735 1090 957 1149 tnmque
1007 1098 1197 1138 eorum
1257 1086 1477 1142 virtutis
1528 1089 1887 1145 imbecillitati
1943 1094 2197 1164 ingessit.
2234 1107 2295 1148 ut

735 1186 787 1223 In
817 1187 1034 1228 omnem
1093 1186 1290 1232 terram
1321 1195 1508 1233 eorum
1542 1196 1710 1235 sonus
1741 1185 1955 1250 exierit,
1988 1196 2040 1238 et
2076 1185 2129 1238 in
2159 1186 2294 1239 ﬁnes

735 1265 882 1317 orbis
921 1275 1082 1322 term
1112 1269 1275 1322 verba
1309 1286 1498 1323 eorum
1557 1277 1944 1340 processerint,
1979 1278 2130 1330 vocis
2162 1292 2296 1330 mea:

735 1355 1023 1408 remissum
1057 1373 1118 1409 ac
1151 1368 1310 1412 tenue
1341 1362 1554 1412 virtutis
1594 1377 1708 1416 suae
1735 1364 2064 1418 abundantia
2109 1380 2297 1417 corro-

739 1447 950 1502 hOrabit
977 1489 991 1511 ,
1023 1459 1077 1503 ct
1117 1453 1496 1506 universorum
1531 1456 1690 1506 corda
1721 1494 1734 1515 ,
1785 1458 1924 1523 apud
1957 1472 2098 1522 quos
2145 1472 2298 1510 meus

738 1539 826 1592 hic
856 1555 1036 1595 sermo
1069 1546 1348 1608 perveniet
1375 1585 1390 1608 ,
1437 1546 1502 1598 ad
1544 1549 1980 1615 amplectendum
2020 1550 2297 1602 veritatem

743 1636 1096 1700 prmparabit.
1133 1638 1346 1690 Etenim
1381 1640 1423 1690 si
1459 1639 1599 1694 Dens
1636 1642 1834 1695 veritas
1871 1653 1987 1701 est.
2020 1658 2145 1696 nam
2175 1657 2300 1696 cum

740 1724 940 1778 veritas
968 1726 1138 1788 audit,
1173 1727 1494 1794 delectatur,
1525 1740 1576 1785 et
1604 1748 1729 1786 eum
1762 1735 2048 1787 veritatem
2095 1751 2304 1788 nuncu-

743 1831 877 1883 pare
905 1859 920 1880 ,
961 1835 1060 1872 .nie
1102 1818 1266 1873 David
1305 1821 1542 1887 edocet,
1576 1825 1774 1892 diriget
1820 1841 2102 1880 sermones
2152 1842 2306 1881 meos

743 1910 884 1976 apud
912 1925 1030 1972 eos,
1056 1913 1146 1979 qni
1183 1929 1276 1980 per
1313 1923 1482 1967 totum
1506 1925 1773 1969 terrarum
1804 1918 1990 1971 orbem
2026 1935 2054 1972 a
2086 1919 2309 1974 Christo

746 2003 851 2055 sibi
883 2017 1083 2056 nomen
1127 2017 1416 2058 assumunt
1447 2047 1462 2070 ,
1499 2022 1622 2060 cum
1656 2009 1722 2062 ad
1753 2024 1944 2062 omnes
1971 2051 1985 2074 ,
2043 2012 2135 2078 qui
2185 2011 2311 2065 ubi-

746 2109 964 2163 cunque
1030 2105 1298 2150 terrarum
1358 2099 1672 2154 Christiana
1723 2102 2143 2170 compellatione
2211 2118 2304 2169 ge-

747 2189 960 2252 stiunt,
993 2197 1343 2242 uou‘tantum
1377 2191 1443 2244 ad
1496 2191 1849 2261 pra-scriptas
1900 2201 2090 2261 gentes
2140 2204 2193 2246 et
2223 2209 2316 2245 ur-

749 2283 886 2349 bes,
937 2284 1031 2338 sed
1065 2284 1132 2339 ad
1181 2299 1313 2350 eos,
1360 2286 1450 2351 qui
1504 2286 1560 2340 in
1616 2286 1891 2354 speluncis
1933 2295 1992 2340 et
2040 2285 2315 2339 montibus

749 2376 1099 2439 inhabitant.
1153 2377 1422 2432 mendacii
1456 2389 1827 2450 propugnator
1877 2393 1992 2435 sua
2022 2379 2316 2434 calumnia:

748 2468 1009 2524 adversus
1044 2484 1141 2523 nos
1176 2450 1314 2524 retia
1343 2471 1591 2525 tetendit.

821 2561 875 2615 3.
914 2559 1172 2626 Quasnam
1203 2576 1364 2627 porro
1394 2563 1665 2616 calumnia
1689 2602 1704 2626 ,
1736 2571 1791 2618 et
1821 2578 2074 2633 quaenam
2121 2563 2318 2617 adver-

751 2669 846 2707 sus
899 2668 1019 2706 eam
1089 2661 1272 2706 nostra
1303 2693 1318 2717 ,
1355 2654 1448 2722 qui
1501 2669 1620 2708 eam
1673 2657 2046 2723 perpetimur,
2094 2670 2319 2723 respon-

753 2748 836 2801 sio
869 2746 998 2799 est?
1047 2745 1138 2798 Eia
1190 2748 1332 2816 agite
1358 2789 1372 2810 ,
1424 2746 1604 2800 audite
1631 2787 1646 2809 ,
1695 2744 1892 2801 omnes'
1946 2757 2132 2815 gentes
2157 2790 2173 2813 ,
2205 2757 2323 2800 ‘au-

754 2839 905 2894 ribus
959 2839 1263 2907 percipite,
1315 2854 1544 2904 omnes,
1601 2840 1691 2908 qui
1760 2840 2017 2893 habitatis
2075 2851 2273 2892 terram
2305 2879 2320 2904 ,

752 2926 905 2980 scitis
965 2930 1215 2994 equidem
1260 2945 1469 2995 omnes,
1519 2947 1790 3000 nemoque
1835 2941 1920 2984 est
1975 2931 2067 3000 qui
2124 2931 2174 2984 id
2233 2946 2326 2985 ne-

754 3021 929 3081 sciat,
965 3037 1086 3090 quae
1146 3022 1286 3075 inter
1314 3022 1404 3076 Dei
1454 3021 1727 3078 Ecclesias
1781 3025 2034 3087 senioris,
2079 3026 2325 3093 inquam,

2400 548 2506 600 Καὶ
2546 545 2706 598 πόθεν
2745 562 2834 612 μοι
2888 545 3041 596 ἔσται
3098 546 3280 612 φωνὴν
3321 545 3547 613 ἐκρῆξαι
3594 544 3772 596 πάντα
3815 542 3980 592 δυνα-

2403 639 2570 706 μένην
2605 639 2938 707 περιηχῆσαι
2971 637 3037 688 τὰ
3071 638 3318 706 πέρατα;
3355 637 3463 688 Καὶ
3499 639 3546 688 εί
3587 634 3661 704 μὴ
3717 633 3982 696 τοιαύτης

2399 720 2692 795 εὐπορήσω
2731 730 2934 795 φωνῆς,
2992 727 3110 788 πῶς
3164 727 3260 795 τὴν
3327 726 3516 794 ἔφεσιν
3572 723 3983 790 ἀποπλήσαιμτ,

2400 816 2522 869 καθ’
2575 817 2641 886 ἡν
2669 818 2897 886 οὐρανὶν
2927 816 3020 867 καὶ
3059 817 3162 883 γῆν
3210 815 3322 882 ἐγὼ
3367 816 3608 883 σήμερον
3659 815 3744 874 είς
3781 813 3841 862 τὺ
3872 810 3986 861 τῶν

2402 909 2552 976 ἐμῶν
2593 910 2769 975 λόγων
2830 910 3197 978 ἀκροατήριον
3237 908 3532 972 κεκίνημαι
3597 904 3985 971 προσκαλέσα-

2402 1002 2564 1064 σθαις
2610 1002 2749 1051 Ἀλλ’
2788 1003 2814 1052 6
2839 1002 2966 1063 τοὺς
2993 1001 3166 1061 ἁλιεῖς
3211 999 3594 1065 ἐκλεξάμενος,
3644 996 3736 1046 καὶ
3775 995 3868 1044 ἐπὶ
3901 1009 3990 1043 το-

2405 1090 2594 1143 σοῦτον
2627 1091 2688 1141 τὸ
2745 1089 2968 1151 ἀσθενὲς
3003 1090 3181 1141 αὐτῶν
3217 1086 3524 1156 ἐνισχύσας,
3557 1086 3631 1145 ὡς
3686 1086 3765 1145 είς
3799 1084 3989 1134 πᾶσαν

2403 1182 2502 1250 τὴν
2538 1181 2642 1246 γῆν
2674 1181 2764 1232 τὸν
2795 1181 3033 1249 φθόγγον
3057 1179 3240 1230 αὐτῶν
3274 1177 3534 1244 ἐξελθεῖν,
3565 1177 3659 1228 καὶ
3704 1176 3780 1235 ὡς
3814 1175 3897 1233 είς
3927 1172 3993 1222 τὰ

2405 1273 2617 1341 πέρατα
2647 1273 2742 1339 τῆς
2788 1270 3118 1340 οἰκουμένης
3174 1271 3246 1321 τά
3306 1271 3528 1340 ῥήματα
3591 1264 3992 1331 ἀκουτισθῆναι

2406 1366 2585 1418 αὐτῶν
2610 1366 2668 1416 τδ
2693 1368 2792 1433 τῆς
2827 1363 2966 1432 ὲμῆς
3012 1363 3194 1432 φωνῆς
3230 1362 3460 1431 ἀδρανὲς
3493 1361 3568 1429 τῷ
3606 1359 3852 1425 περιόντι
3887 1355 3988 1422 τῆς

2408 1457 2573 1511 αὑτοῦ
2623 1458 2908 1526 δυνάμεως
2940 1455 3235 1524 ὲνισχύσει,
3274 1456 3367 1507 καὶ
3399 1453 3498 1515 τὰς
3553 1451 3814 1504 ἁπάντων
3850 1464 3988 1514 καρ-

2405 1553 2559 1614 δίας,
2587 1549 2666 1609 οἷς
2700 1555 2727 1605 6
2759 1553 2887 1620 ὲμδς
2919 1545 3075 1613 οὗτος
3099 1551 3500 1618 ἑνηχηθήτεται
3530 1547 3688 1610 λόγος
3715 1545 3856 1609 πρὶς
3896 1541 3993 1607 τὴν

2409 1647 2508 1714 τῆς
2538 1646 2797 1713 ἀληθείας
2828 1643 3097 1713 ὑποδοχὴν
3129 1642 3434 1710 ἑτοιμάσει.
3478 1639 3537 1690 El
3569 1641 3678 1702 γὰρ
3703 1636 3835 1695 Θεὸς
3863 1635 3995 1701 ἀλη-

2413 1740 2561 1801 θείας
2605 1738 2776 1798 ἐστὶν,
2822 1736 2904 1788 ὅτι
2937 1738 3032 1788 καὶ
3084 1733 3316 1803 ἀλήθεια
3377 1731 3711 1797 καλούμενος
3768 1728 3995 1794 χαίρει,

2411 1832 2533 1884 ἐπεὶ
2580 1831 2675 1883 καὶ
2705 1829 2964 1900 ἀλήθειαν
2994 1829 3158 1881 αὐτὸν
3203 1821 3711 1896 προσαγορεύεσθαι
3750 1819 4000 1872 διδάσκει

2413 1941 2481 1993 με
2509 1925 2536 1975 6
2559 1921 2741 1983 Δαυῒδ,
2777 1919 3101 1974 κατευθυνεῖ
3130 1919 3254 1980 τοὺς
3302 1916 3494 1981 λόγους
3545 1911 3704 1980 ἡμῶν
3753 1909 3993 1961 ἐνώπιον

2411 2013 2521 2066 τῶν
2558 2010 2872 2081 ἁπανταχοῦ
2910 2011 3008 2080 τῆς
3034 2011 3362 2078 οἰκουμένης
3394 2002 3762 2075 Χριστιανῶν,
3789 2002 3873 2051 ὅτι
3900 1999 3996 2050 καὶ

2413 2106 2551 2174 πρὸς
2589 2105 2712 2167 τοὺς
2741 2103 3056 2171 ἁπανταχοῦ
3094 2102 3197 2168 γῆς
3230 2099 3339 2151 τῶν
3371 2099 3478 2150 ἀπὸ
3519 2094 3766 2167 Χριστοῦ¹
3793 2093 4002 2159 κεκλη-

2419 2202 2613 2272 μένους
2658 2197 2904 2266 ὀνόματι,
2951 2195 3010 2248 οὐ
3046 2195 3207 2265 μόνον
3237 2195 3317 2256 είς
3347 2192 3472 2262 ἔθνη
3501 2189 3878 2260 διωρισμένως
3911 2187 4003 2237 καὶ

2419 2295 2621 2356 πόλεις.
2655 2291 2790 2344 ἀλλά
2829 2291 2923 2342 καὶ
2957 2289 3121 2359 μέχρι
3147 2287 3259 2340 τῶν
3291 2289 3348 2340 ὲν
3381 2285 3668 2352 σπηλαίοις
3700 2280 4002 2334 οἰκούντων

2417 2385 2514 2439 καὶ
2540 2384 2724 2453 ὄρεσιν
2750 2385 2776 2435 6
2813 2381 2906 2433 τοῦ
2940 2379 3168 2448 ψεύδους
3216 2375 3634 2447 ὑπερασπιστὴς
3669 2375 3734 2425 τα
3767 2374 3870 2440 τῆς
3905 2371 4004 2422 αὖ·

2417 2476 2512 2531 τοῦ
2552 2474 2807 2543 διαϐολῆς
2843 2472 2966 2528 καθ’
2993 2472 3152 2544 ήμῶν
3193 2471 3493 2539 ὐφήπλωσε
3531 2469 3746 2520 δίκτυα.

2493 2570 2558 2641 β’.
2584 2570 2678 2631 Τίς
2715 2569 2772 2621 δὲ
2804 2571 2834 2637 ἡ
2865 2567 3112 2634 διαϐολὴ,
3149 2567 3242 2618 καὶ
3281 2565 3365 2627 τίς
3421 2566 3454 2634 ὴ
3491 2565 3582 2614 ἐπὶ
3632 2563 3811 2629 ταύτῃ
3876 2561 4008 2624 παρ’

2423 2662 2580 2732 ἡμῶν
2610 2662 2721 2712 τῶν
2750 2659 3144 2727 διαϐληθέντων
3183 2656 3480 2723 ἀπολογίας
3537 2653 3702 2705 Δεῦτε
3731 2651 4010 2703 ἀκούσατε

2423 2753 2604 2804 πάντα
2645 2751 2714 2801 τὰ
2745 2750 2871 2815 ἔθνη
2894 2765 2908 2779 ο
2942 2747 3270 2800 ἐνωτίσασθε
3311 2747 3513 2806 πάντες
3538 2747 3586 2795 οί
3620 2740 4010 2794 κατοικοῦντεῖ

2428 2845 2522 2915 τὴν
2553 2843 2905 2911 οἰκουμένην.
2939 2843 3085 2894 ἰστε
3115 2840 3331 2898 πάντως
3358 2840 3407 2890 οί
3442 2838 3664 2897 πάντες,
3723 2837 3820 2887 καὶ
3862 2835 4012 2893 ὅστις

2427 2936 2614 3000 ἀγνοεῖ
2638 2933 2745 2985 τῶν
2790 2931 3041 2986 ἁπάντων
3066 2930 3212 2981 ἐστὶν
3242 2929 3436 2989 οὐδεὶς,
3462 2930 3608 2987 ὅπως
3637 2930 3670 2996 ἡ
3713 2926 3884 2993 μέσον
3915 2922 4009 2974 τοῦ

2430 3025 2472 3076 Χ
2486 3022 2667 3091 ριστοῦ
2685 3021 3035 3090 Ἐκκλησιῶν,
3052 3020 3149 3088 τῆς
3170 3019 3556 3088 παλαιοτέροις,
3578 3019 3743 3085 gandi,
3757 3013 4010 3081 Ῥώμης,

757 3114 977 3177 Romze,
1037 3123 1088 3167 et
1142 3115 1377 3183 iunioris
1435 3115 1662 3183 hujusce
1729 3127 1929 3170 nostra:
1982 3119 2313 3177 intercesse-
2347 3113 2390 3171 C

2347 3113 2390 3171 C
2421 3114 2515 3166 καὶ
2534 3116 2632 3181 τῆς
2680 3113 2802 3162 νέας
2836 3126 2891 3161 τε
2921 3112 3015 3162 καὶ
3057 3109 3336 3178 ἡμετέρας
3374 3108 3771 3176 μακροχρόνιος
3810 3104 4007 3172 ἔχθρα.

758 3214 923 3270 runt,
959 3208 1248 3262 diuturnas
1291 3207 1648 3273 inimicitias,
1704 3209 1777 3262 ita
1844 3218 2118 3262 annuente
2160 3211 2313 3277 pacis

759 3306 985 3350 auctore
1049 3297 1308 3359 Christo,
1364 3299 1458 3367 qui
1507 3300 1757 3367 colligit,
1800 3311 1855 3354 et
1905 3309 1962 3353 ut
2017 3301 2326 3354 cohaereant

759 3388 930 3451 facit,
979 3389 1034 3444 in
1082 3388 1224 3444 bene
1279 3389 1614 3446 fortunatam
1665 3392 1812 3447 illam
1860 3392 2138 3460 antiquam
2187 3394 2326 3445 ami-

759 3483 943 3537 citiam
981 3498 1276 3540 conversas
1309 3482 1501 3547 fuisse.
1543 3484 1712 3538 Scitis
1761 3494 2022 3553 prmterea
2072 3485 2326 3537 Satanam

759 3576 853 3642 qui
904 3575 1063 3629 bouis
1099 3574 1347 3638 invidet,
1379 3586 1434 3630 et
1483 3579 1733 3643 proprias
1786 3575 2093 3630 simultates
2122 3576 2328 3630 Christi

760 3667 882 3734 paci
918 3667 1170 3735 opponit,
1203 3666 1299 3734 qui
1353 3680 1568 3734 semper
1617 3681 1808 3720 omnes
1834 3667 2038 3721 Christi
2091 3667 2331 3720 asseclas

763 3759 1069 3815 insectatur
1141 3769 1306 3827 atque
1351 3768 1668 3827 oppugnat,
1721 3759 1988 3827 plurimos
2043 3759 2110 3812 ad
2145 3773 2331 3824 pacem

766 3851 1170 3922 impediendam
1201 3866 1307 3905 non
1363 3851 1640 3905 modicum
1673 3852 1965 3916 excitasse,
1998 3859 2052 3904 et
2088 3859 2146 3903 ut
2178 3849 2329 3918 pacis

766 3945 1060 4003 commoda
1091 3943 1488 4004 labefactaret.
1525 3943 1661 3998 illud
1689 3984 1706 4009 ,
1751 3943 1876 3997 licet
1905 3957 2013 3998 non
2060 3943 2327 3996 subsiste-

771 4049 873 4099 ret,
907 4038 1408 4093 machinamentum
1439 4037 1729 4089 iuvenisse.
1759 4036 2051 4090 Humorem
2088 4036 2138 4086 in
2169 4049 2332 4087 aures

770 4129 1016 4182 omnium
1070 4128 1613 4197 inlluit.-episcopum
1663 4126 2329 4196 ConstantinOpolitauum

774 4233 875 4272 suo
913 4219 1219 4286 patmcinio
1260 4217 1559 4272 Ecclesiam
1597 4217 1938 4280 Romanam,
1986 4226 2036 4270 ct
2084 4216 2226 4283 quod
2268 4215 2336 4267 ab

776 4311 870 4364 illa
907 4312 957 4363 in
997 4310 1260 4380 Symbolo
1287 4311 1532 4364 additum
1571 4310 1742 4364 fuerat
1789 4310 2078 4363 defendere
2101 4349 2114 4372 ,
2144 4317 2204 4362 ut
2237 4307 2338 4360 Ec-

775 4403 995 4457 clesiain
1053 4403 1365 4456 Graecorum
1404 4403 1584 4456 simile
1619 4402 1941 4469 Symbolum
1976 4417 2098 4454 cum
2149 4400 2335 4453 eadem

2431 3209 2497 3275 τῇ
2529 3205 2624 3256 τοῦ
2654 3202 2986 3274 εἰρηνάρχου
3019 3201 3236 3270 είδδοκίτξ⁸
3278 3198 3539 3268 Χριστοῦ,
3571 3197 3666 3249 τοῦ
3693 3197 3760 3247 τὰ
3792 3194 4020 3248 διεστῶ-

2433 3315 2500 3352 τα
2526 3296 2831 3356 συνδέοντος
2853 3336 2866 3352 ,
2906 3293 3001 3344 καὶ⁵
3050 3292 3413 3352 συνάπτοντος
3463 3290 3542 3350 είς
3575 3289 3675 3358 τὴν
3708 3287 4020 3355 εὐκληρίαν

2435 3388 2529 3456 τῆς
2558 3385 2792 3446 παλαιᾶς
2822 3384 3035 3451 ἐκείνης
3067 3381 3369 3450 ἐπανῆλθεν
3394 3380 3637 3449 είρήνης.
3675 3377 3815 3429 Ἷστε
3837 3376 3894 3429 δὲ
3922 3375 4019 3427 καὶ

2434 3478 2582 3541 ὅπως
2619 3477 2775 3539 ὀτοΐς
2804 3476 3026 3543 ἀγαθοῖς
3062 3473 3148 3526 ἀεὶ
3173 3471 3482 3540 βασκαίνων
3513 3470 3709 3529 Σατάν,
3741 3469 3768 3520 6
3801 3467 3906 3536 τὴν
3939 3467 4020 3519 οίο

2436 3569 2591 3621 κείαν
2613 3567 2811 3636 ἔχθραν
2842 3568 2908 3634 τῇ
2932 3564 3025 3617 τοῦ
3051 3562 3290 3630 Χριστοῦ
3311 3559 3697 3626 ἀντεπεξάγων
3729 3558 3960 3627 είρήνη,
3987 3556 4017 3606 6

2438 3660 2605 3711 πᾶσιν
2636 3659 2722 3709 ἀεὶ
2748 3657 2863 3728 τοῖς
2915 3653 3008 3705 τοῦ
3048 3651 3286 3718 Χριστοῦ
3329 3648 3893 3717 ἀντιστρατευόμενος
3927 3647 4023 3697 καὶ

2438 3746 2892 3816 ἀντιμαχόμενος,
2929 3746 3030 3797 οὐκ
3060 3743 3218 3808 ὀλίγα
3267 3742 3393 3802 τοὺς
3423 3741 3650 3802 πολλοὺς
3694 3738 4020 3806 Gazae-Simul:

2437 3839 2530 3892 τδν
2564 3840 2662 3907 τῆς
2711 3838 2932 3907 εἰρήνης
2964 3833 3325 3903 ὲμποδισμὺν,
3382 3832 3481 3884 οὐκ
3520 3825 3635 3899 εἶχε
3667 3829 3786 3890 πῶς
3816 3829 3884 3880 ἂν
3918 3825 4017 3879 τοῦ

2439 3931 2539 3999 τῆς
2566 3929 2788 3998 είρήνης
2817 3925 3022 3994 ἀγαθοῦ
3056 3924 3427 3994 περιγένηται,
3459 3922 3675 3975 πάντων
3707 3917 4020 3971 ὑποστατδν

2447 4023 2740 4093 μηχάνημα
2800 4020 2898 4085 τῆς
2947 4017 3111 4070 αὐτοῦ
3147 4018 3346 4076 κακίας
3399 4015 3620 4080 ἐπάξιον
3673 4013 4019 4080 ὲφευρῖσκει.

2443 4116 2551 4167 Καὶ
2577 4113 2636 4166 τὸ
2673 4111 2972 4182 μηχάνημα
3018 4109 3208 4177 φήμην
3236 4108 3356 4158 τινὰ
3387 4108 3504 4166 ταῖς
3532 4106 3787 4156 ἁπάντων
3823 4104 4017 4161 ἀκοαῖς

2443 4205 2848 4268 διακωδωνίζει,
2880 4203 2954 4260 ὡς
2983 4203 3012 4254 6
3041 4200 3336 4260 ἐπίσκοπος
3387 4195 4017 4253 Κωνσταντινουπίλεως

2445 4295 2758 4365 συνηγορῶν
2784 4298 2898 4346 ἐστι
2933 4296 2996 4362 τῇ
3035 4291 3132 4360 τῆς
3169 4289 3384 4358 Ῥώμης
3418 4288 3714 4357 Ἐκκλησία
3752 4287 3842 4337 ἐπὶ
3868 4289 3934 4352 τῇ
3965 4287 4018 4335 ὲν

2445 4389 2704 4457 Συμϐὁλῳ
2735 4387 2886 4455 παρὰ
2935 4385 3042 4435 τῶν
3087 4381 3376 4449 Ῥωμαίων
3409 4379 3678 4451 γενομένῃ
3706 4379 4020 4446 προσθήκῃ,

780 4494 1060 4547 additione
1091 4494 1320 4548 recitare
1349 4495 1657 4560 compellat.
1692 4493 1756 4547 Et
1793 4492 2021 4560 hujusce
2055 4490 2210 4544 fama:
2242 4490 2340 4543 ala:
2373 4471 2416 4524 Ῐ)

2373 4471 2416 4524 Ῐ)
2447 4483 2532 4535 ἵνα
2565 4482 2661 4533 καὶ
2702 4481 2800 4545 τὴν
2836 4478 2943 4528 τῶν
2997 4474 3246 4545 Γραικῶν
3292 4472 3621 4540 Ἐκκλησίαν
3659 4470 3939 4537 ἀναπεέσῃ
3966 4470 4026 4519 τι

782 4585 946 4640 semel
997 4593 1192 4648 molat,
1224 4592 1278 4638 et
1326 4599 1422 4653 per
1470 4585 1788 4638 universum
1841 4593 2112 4636 terrarum
2153 4582 2342 4636 orbem

783 4680 1144 4734 incontinenti
1199 4681 1401 4748 impetu
1457 4681 1985 4740 circumvolitantes,
2017 4677 2346 4732 calumniam

785 4773 1055 4827 adversus
1110 4787 1210 4827 nos
1260 4781 1522 4827 structam
1579 4773 1632 4826 in
1687 4774 1940 4826 omnium
1989 4784 2154 4827 aures
2193 4769 2346 4839 inge-

788 4876 938 4920 rum.

860 5058 912 5110 5.
974 5053 1041 5108 Et
1091 5055 1206 5108 haec
1257 5063 1342 5108 est
1396 5053 1673 5107 calumnia
1731 5061 1924 5104 contra
1981 5064 2104 5102 nos.
2161 5047 2237 5101 De
2292 5063 2356 5101 ea

792 5162 917 5200 vero
948 5145 1357 5214 responsionem
1388 5185 1403 5207 ,
1456 5158 1556 5212 pro
1586 5157 1688 5211 qua
1725 5142 2042 5195 universum
2081 5147 2352 5193 terrarum

795 5241 981 5292 orbem
1019 5237 1084 5291 ad
1140 5234 1470 5288 audientiam
1525 5234 1944 5302 provocat-imus
1970 5270 1984 5294 ,
2021 5245 2129 5284 non
2166 5230 2358 5282 verbo-

795 5346 917 5385 rum
991 5327 1465 5382 verisimilitudine
1515 5323 2014 5394 pertractabimus.
2068 5336 2231 5390 quam
2300 5321 2354 5372 in

795 5421 1047 5475 humanae
1080 5419 1363 5488 sapientiae
1426 5417 1644 5471 suadela
1682 5431 1836 5468 suam
1887 5414 2154 5480 quispiam
2210 5413 2358 5482 dige-

797 5526 925 5567 rens
950 5551 965 5574 ,
999 5512 1200 5580 sapius
1239 5510 1466 5563 subdole
1513 5507 1986 5570 comminiscitur,
2034 5505 2126 5559 sed
2161 5505 2363 5558 verita-

800 5615 905 5655 tem
943 5601 1441 5655 demonstrabimus
1496 5598 1755 5654 Ecclesiae
1809 5597 2072 5650 luminum
2128 5611 2190 5648 ac
2247 5609 2360 5647 ma-

801 5693 1098 5756 gistrorum
1152 5691 1315 5760 gestis
1347 5688 1613 5757 factisque
1641 5727 1653 5750 ,
1694 5687 1759 5740 ad
1796 5701 1917 5756 quas
1967 5699 2069 5740 nos
2111 5685 2272 5738 veluti
2309 5686 2358 5736 in

800 5779 1105 5852 exemplum
1165 5779 1529 5850 aspicientes,
1564 5777 1627 5830 ad
1683 5791 1962 5831 sermones
2000 5775 2165 5833 hosce
2200 5773 2359 5828 devc-

2449 4572 2688 4625 τοιοῦτον
2713 4568 2984 4635 Σύμϐολον
3021 4571 3160 4634 μετά
3207 4564 3306 4632 τῆς
3341 4564 3512 4632 αὐτῆς
3552 4563 3867 4630 προσθήκης
3893 4561 4029 4612 ἀνα-

2451 4664 2759 4732 γινώσκειν.
2799 4662 2906 4712 Καὶ
2940 4660 3000 4710 τὸ
3051 4658 3149 4724 τῆς
3194 4657 3382 4724 φήμης
3418 4654 3615 4720 πτερὸν
3667 4649 4026 4713 amantis-1,

2453 4755 2546 4807 καὶ
2571 4752 2926 4820 ἀκατασχέτῳ
2966 4752 3112 4817 ῥύμῃ
3139 4745 3275 4816 πρὸς
3318 4746 3416 4814 τὴν
3445 4743 3770 4811 οἰκουμένην
3802 4742 4029 4794 ἃπασαν

2451 4847 2702 4908 διαπτὰν,
2735 4843 2834 4912 τῆς
2876 4840 2997 4892 καθ’
3027 4839 3184 4907 ἡμῶν
3214 4836 3470 4904 διαϐολῆς
3500 4837 3681 4887 πᾶσαν
3710 4833 3885 4901 ἀκοὴν
3924 4834 4030 4899 ὲμο

2455 4941 2647 5008 πιπλᾷ.

2528 5031 2597 5099 γ’,
2641 5030 2748 5082 Καὶ
2775 5029 2808 5097 ἠ
2838 5028 2936 5094 μὲν
2967 5025 3087 5076 καθ’
3118 5022 3273 5091 ἡμῶν
3298 5020 3518 5090 διαϐολὴ
3545 5017 3706 5086 αῦτη.
3753 5016 3818 5067 'H
3861 5013 3906 5067 δ’
3934 5015 4031 5065 ἐπὶ

2455 5124 2626 5193 ταύτῃ
2652 5121 2934 5185 ἀπολογία,
2967 5118 3107 5184 ὑπὲρ
3143 5111 3208 5186 ἦς
3241 5115 3333 5166 καὶ
3361 5113 3420 5165 τὸ
3447 5111 3788 5178 παγκόσμιον
3819 5108 4032 5172 ἀκροα-

2456 5219 2644 5285 τήριον
2676 5210 3157 5283 προσκαλούμεθα,
3194 5207 3256 5259 οὐ
3292 5205 3612 5270 πιθανότητι
3643 5198 4030 5268 συγκροτηθή-

2461 5323 2612 5359 σεται
2647 5304 2840 5370 λόγων,
2899 5299 2993 5362 οὓς
3037 5299 3065 5350 6
3113 5298 3170 5349 ἐν
3222 5295 3403 5348 πειθοῖ
3441 5292 3632 5361 σοφίας
3677 5288 4032 5358 ἀνθρωπίνης

2459 5400 2724 5465 διεξάγων
2761 5397 2830 5446 τὰ
2855 5391 2982 5445 καθ’
3025 5387 3186 5444 αὐτὸν
3210 5427 3228 5451 ,
3269 5385 3416 5438 ἔστιν
3455 5386 3544 5437 ὅτε
3579 5381 3886 5451 σοφίζεται,
3913 5379 4031 5433 ἀλλ’

2460 5491 2735 5555 ἀπόδειξιν
2754 5487 2852 5554 τῆς
2879 5481 3132 5550 ἀληθείας
3164 5480 3451 5542 ποιήσεται
3489 5476 3556 5528 τὰ
3587 5474 3738 5540 παρά
3787 5472 3898 5523 τῶν
3933 5469 4032 5538 τῆς

2473 5581 2796 5652 Ἐκκλησίας
2828 5579 3130 5646 φωστήρων
3167 5573 3261 5625 καὶ
3319 5569 3653 5623 διδασκάλων
3687 5564 4035 5633 γεγενημένα

2464 5679 2630 5732 πάλαι
2667 5675 2756 5726 καὶ
2784 5670 3167 5741 πεπραγμένα,
3195 5666 3329 5734 πρὸς
3361 5666 3394 5717 Ξι.
3423 5680 3483 5728 γε
3509 5662 3584 5724 ὡς
3618 5663 3695 5720 εἰς
3726 5659 4033 5728 ἀρχέτυπον

2461 5773 2694 5843 ὁρῶντες
2719 5769 2876 5839 ἡμεῖς
2905 5768 2996 5818 ἐπὶ
3018 5767 3140 5828 τοὺς
3165 5763 3354 5830 λόγους
3380 5758 3615 5829 ἤλθομεν
3641 5753 3865 5815 τούτους
3896 5751 4034 5816 ὑπὲρ
