4214 6446
242 319 381 384 1013

1670 314 2059 375 APULOGIA.

3342 312 3482 376 1014

233 431 310 489 ὢν
346 434 380 505 ἡ
412 433 531 487 καθ’
560 434 717 503 ἡμῶν
746 436 1076 504 συκοφαντία
1107 436 1386 505 πανταχοῦ
1412 436 1783 489 διακεκωδὼνι

1917 432 2135 495 ttintus,
2174 448 2407 502 quorum
2467 447 2633 488 causa
2684 434 2945 486 adversus
2994 448 3093 482 nos
3144 440 3348 482 structa
3386 446 3481 484 Ca-

234 544 380 579 πται.
421 525 606 579 ’Δπλοῐ
627 527 734 596 γάρ
760 526 911 588 ὅντες
936 530 1097 596 ἡμεῖς
1127 530 1216 579 καὶ
1266 528 1364 599 τὴν
1395 529 1535 581 κατά
1571 529 1808 595 Χριστὸν

229 615 519 685 ἀπλότησα
543 615 616 677 ὡς
642 616 856 684 ἱμάτιον
887 617 1315 687 ἀμφιεννύμενοι
1353 618 1685 689 ἀπερίεργον
1709 620 1806 688 τὴν

230 707 532 773 ἀπολογίαν
560 707 915 777 ποιησόμεθα,
953 708 1054 778 τῆς
1091 710 1367 780 ἀρῤεποῦς
1387 711 1497 764 τῶν
1520 713 1807 779 ἀκροατῶν

228 797 573 864 διαγνώσεως
600 801 1024 870 ἀναρτήσαντες,
1067 804 1357 873 επιστῆσαι
1377 805 1468 857 καὶ
1495 804 1805 875 ἀκριϐώσα-

230 888 499 952 aeuus!“
531 890 671 943 κατὰ
697 891 868 963 τὸντῇ
904 892 1203 966 Ἐκκλησία
1236 895 1605 962 παραδοθέντα
1636 897 1806 951 τύπον

228 981 335 1034 ὑπὸ
354 982 464 1035 τῶν
488 983 627 1035 Πατέ
638 1000 745 1051 ρων
771 986 1192 1055 συνηγοροῦντες
1223 991 1386 1057 ἡμεῖς
1409 989 1576 1059 ἐσμεν
1608 994 1673 1062 τῇ
1703 994 1805 1061 τῆς

238 1071 465 1139 Ῥώμης
499 1071 798 1144 Ἐκκλησία
828 1075 919 1126 ἐπὶ
942 1079 1006 1143 τῇ
1039 1078 1096 1129 εν
1129 1078 1205 1147 τῷ
1228 1078 1487 1149 Συμϐόλῳ
1520 1082 1671 1151 παρά
1696 1081 1805 1135 τῶν

236 1161 528 1230 Ῥωμαίων
568 1165 837 1237 γενομένῃ
864 1168 1173 1240 προσθήκῃ,
1193 1168 1303 1223 εἴτε
1335 1172 1476 1225 κατά
1491 1188 1613 1225 τινα
1647 1174 1806 1245 ιδιορ-

229 1252 472 1320 poema»;
494 1255 745 1324 γνώμης,
773 1259 867 1311 καὶ
891 1258 966 1322 ὡς
987 1260 1037 1312 οἱ
1068 1260 1444 1327 διαϐάλλοντες
1469 1280 1624 1331 φασι,
1647 1281 1803 1336 περι-

230 1346 499 1413 φρόνησιν
530 1347 671 1401 ἐθῶν
696 1350 867 1403 τεκαὶ
890 1351 1101 1415 τάξεων
1129 1356 1436 1423 πατρικῶν.
1469 1357 1679 1411 Αὐτίκα
1711 1358 1802 1411 τὸν

220 1435 318 1487 τοῦ
369 1434 854 1505 Ἐκκλησιαστικοῦ
880 1445 1263 1513 στερεώματος
1308 1447 1479 1514 ἥλιον,
1504 1448 1595 1501 τὸν
1633 1450 1803 1503 πολὺν

222 1529 321 1581 καὶ
365 1529 623 1596 μέγιστον
664 1532 1010 1600 Ἀθανάσιον,
1032 1530 1096 1601 pb
1142 1538 1239 1590 καὶ
1262 1537 1293 1590 ὁ
1326 1538 1483 1605 λόγος
1508 1538 1797 1608 ἀήττητος,

222 1618 320 1671 καὶ
354 1622 600 1699 ἀτρόπος
631 1623 927 1693 ἀμίμητος,
961 1630 1083 1679 imi
1101 1630 1160 1681 ιν
1210 1630 1332 1691 ταῖς
1374 1630 1607 1699 ἡμέραις
1635 1631 1799 1684 αὐτοῦ

222 1711 523 1767 σκάνδαλον
556 1712 619 1766 οὗ
650 1716 711 1768 τὸ
733 1719 893 1785 τυχὸν
916 1718 1193 1789 ἀνερράγη
1226 1721 1391 1789 μέσον
1421 1720 1531 1773 τῶν
1570 1721 1800 1791 Ἐκκλη-

224 1800 360 1853 σιῶν
390 1802 596 1857 τούτων
640 1806 843 1871 αὐτῶν,
880 1809 1006 1877 περὶ
1032 1805 1108 1861 ὧν
1132 1808 1229 1863 νῦν
1254 1811 1283 1863 ό
1326 1808 1485 1878 λόγος
1518 1812 1673 1879 ἡμῖν,
1709 1812 1797 1864 εὑο

221 1892 491 1960 ρὶσκομεν
542 1896 643 1963 τὴν
694 1895 1045 1965 καταλλαγὴν
1094 1898 1424 1969 ἀμφοτέρων
1487 1900 1666 1953 οὐδενὶ
1722 1900 1799 1971 τῷ

216 1982 370 2052 aut?
403 1985 590 2053 τρόπῳ
633 1986 1209 2059 διοικονομησάμενον,
1248 1992 1362 2045 ἀλλ’
1393 1991 1425 2061 ἢ
1463 1992 1543 2062 τῷ
1572 2010 1799 2063 συνηγο-

220 2075 387 2142 ρῆσαι
424 2079 489 2145 τῇ
535 2075 817 2148 Ῥωμαϊκῇ
860 2081 1179 2152 Ἐκκλησία,
1210 2082 1296 2152 ιφ’
1321 2077 1403 2147 οἷς
1432 2084 1484 2136 οι
1530 2086 1669 2139 κατά
1701 2087 1799 2154 τὴν

228 2165 408 2235 Ἐᾠαν
440 2167 577 2236 πρὸς
605 2170 901 2224 ἀντίπαλον
927 2175 1124 2243 μοῖραν
1155 2177 1283 2239 τοὺς
1310 2177 1371 2229 ὲν
1402 2177 1587 2251 ἐκείνῃ
1611 2178 1799 2247 κεκρί-

217 2274 372 2313 κασι.
408 2260 519 2312 Καὶ
548 2260 689 2330 τιςή
728 2265 1067 2336 συνηγορίας
1102 2266 1265 2330 αὐτὸς
1300 2270 1510 2333 δκετνος
1562 2270 1796 2325 ενταῦθα

214 2352 458 2421 παρίτω,
514 2355 608 2405 καὶ
641 2357 763 2418 ταῖς
788 2359 854 2427 τῇ
898 2357 1063 2412 αὑτοῦ
1090 2359 1310 2432 γλώσσῃ
1358 2362 1797 2434 ἐκφωνηθείσαις

216 2442 433 2504 λέξεσιν
483 2447 876 2516 ἀπαγγελλιτω
919 2452 1069 2521 ἡμῖν.
1120 2453 1210 2507 Ἑν
1235 2454 1346 2524 γάρ
1378 2454 1458 2525 τῷ
1486 2455 1626 2525 πρὸς
1671 2456 1797 2511 Ἀν-

215 2535 421 2602 τιοχετς
477 2537 630 2609 τόμῳ
671 2539 813 2593 οὕτω
857 2544 1052 2612 φησίν·
1120 2544 1241 2610 Οὓς
1282 2546 1395 2613 τὰρ
1463 2547 1799 2617 ἐμέμφοντό

213 2642 379 2691 τινες
399 2666 415 2689 ,
469 2628 549 2695 ὡς
601 2635 760 2698 τρεῖς
811 2633 1102 2703 λέγοντας
1150 2639 1522 2706 ὑποστάσεις
1574 2641 1672 2696 διὰ
1727 2643 1795 2697 τὸ

211 2716 527 2785 ἀγράφους
589 2720 689 2774 καὶ
756 2725 1071 2790 ὑπόπτους
1129 2727 1414 2783 ἐντεῦθεν
1481 2727 1634 2784 εἶναι
1687 2734 1795 2800 τὰς

211 2809 440 2877 λέξεις,
483 2813 777 2883 ἠξιοῦμεν
825 2818 1019 2885 μηδὲν
1074 2821 1266 2874 πλέον
1326 2821 1623 2887 ἐπιζητεῖν
1681 2825 1793 2893 τῆς

213 2904 367 2956 κατὰ
418 2905 674 2960 Νίκαιαν
725 2910 1079 2977 όμολογίας’
1131 2911 1483 2979 ἀνακρίνειν
1526 2913 1596 2967 δὲ
1636 2916 1793 2985 ὅμως

213 2995 469 3061 τούτους
503 2996 604 3051 διὰ
632 2998 747 3065 τὴν
762 3004 1158 3068 φιλονεικίαν,
1178 3003 1263 3072 μὴ
1287 3004 1401 3073 ἆρα
1424 3007 1504 3073 ὡς
1522 3010 1576 3061 οι
1614 3009 1793 3078 Ἄρει.

1910 520 2115 575 lumnia
2155 523 2356 591 ubique
2390 524 2633 577 locorum
2690 521 2885 575 (lilTusa
2914 529 3017 573 est.
3073 516 3320 586 Namque
3349 532 3474 570 cum

1913 626 2011 665 nos
2046 612 2324 680 simplices
2360 614 2559 676 simus,
2594 629 2714 681 quae
2743 612 2953 667 Christi
2987 620 3094 675 est,
3126 608 3481 676 simplicitate

1910 703 2309 759 circumamicti
2332 745 2348 768 ,
2390 705 2597 775 absque
2629 705 2741 759 ullo
2788 703 3022 759 artilicio
3054 702 3473 771 responsionem

1908 800 2151 862 edemus,
2203 806 2453 852 neutram
2506 798 2559 851 in
2596 805 2802 867 partem
2859 810 3129 864 propenso
3168 792 3481 846 auditorum

1906 889 2114 959 judicio
2153 890 2577 951 committentes,
2631 900 2689 944 ut
2732 896 2943 942 attento
2974 887 3158 940 animo
3201 886 3454 939 orantium

1910 990 1998 1034 tur
2043 983 2209 1050 atque
2231 981 2577 1050 dijudicetur,
2607 997 2673 1034 an
2694 979 2866 1035 forma
2892 996 2920 1033 a
2956 978 3208 1034 Patribus
3228 978 3484 1031 Ecclesia:

1908 1072 2161 1125 traditam
2211 1070 2511 1125 Ecclesiam
2572 1068 2873 1123 Romanam
2928 1084 3029 1138 pro
3059 1067 3368 1131 additionc,
3412 1067 3481 1120 ab

1906 1162 2094 1217 eadem
2164 1162 2218 1215 in
2255 1161 2515 1233 Symbolo
2560 1160 2724 1226 facta,
2792 1159 3166 1221 defendimus,
3225 1174 3292 1211 an
3352 1173 3484 1211 vero

1907 1254 2129 1323 propria
2160 1254 2429 1308 sententia
2467 1264 2675 1308 temere
2714 1252 2873 1316 moti,
2904 1260 2980 1316 et,
3028 1258 3089 1306 ut
3130 1261 3484 1305 accusatores

1909 1344 2279 1409 contendunt,
2337 1355 2649 1399 nostrarqu
2681 1344 3142 1398 consuetudinum
3195 1357 3259 1395 ac
3303 1351 3483 1410 pater—

1904 1451 2099 1488 norum
2132 1437 2386 1490 ordinum
2425 1437 2691 1506 neglectu.
2724 1433 2931 1490 Etante
2958 1434 3097 1488 alios
3124 1432 3481 1487 ecclesiastici

1905 1524 2229 1579 ﬁrmamenti
2259 1526 2452 1590 solem,
2488 1540 2706 1595 gravem
2749 1525 2801 1579 in
2836 1525 3000 1579 rebus
3028 1522 3255 1593 agendis
3282 1532 3335 1576 et
3368 1538 3483 1575 ina-

1904 1619 2109 1673 ximum
2148 1620 2531 1680 Athanasium,
2576 1619 2737 1687 cujus
2774 1634 2955 1673 sermo
3022 1616 3481 1686 inexpugnabilis.

1900 1718 1956 1763 et
1985 1710 2109 1764 vita:
2144 1713 2286 1766 ratio
2319 1712 2659 1766 inimitabilis
2690 1721 2940 1775 est,cum
2968 1727 3068 1764 suo
3098 1726 3215 1765 arvo
3249 1707 3482 1764 scanda-

1904 1800 2013 1854 lum
2046 1815 2152 1855 non
2180 1801 2296 1856 leve
2324 1803 2465 1856 inter
2495 1803 2594 1857 bas
2616 1802 2833 1857 easdem
2858 1801 3156 1864 Ecclesias,
3180 1800 3248 1854 de
3279 1799 3480 1867 quibus

1903 1904 2004 1944 nos
2029 1892 2191 1944 modo
2222 1891 2383 1945 verba
2411 1889 2662 1955 facimus,
2694 1900 2945 1945 exortum
2970 1898 3136 1953 esset,
3163 1887 3479 1942 earumdem

1901 1983 2397 2039 reconciliationem
2437 1984 2587 2037 nullo
2634 1984 2740 2038 alio
2772 1986 2933 2037 modo
2965 1980 3242 2051 peregisse
3271 1979 3479 2033 iuveni-

1902 2092 2044 2141 mus,
2078 2092 2241 2144 quam
2294 2076 2554 2131 Romanas
2583 2076 2901 2132 defensione
2952 2075 3019 2129 de
3082 2074 3149 2128 iis
3194 2083 3473 2140 suscepta,

1902 2183 2000 2237 pro
2031 2168 2238 2237 quibus
2277 2181 2387 2220 rem
2443 2164 2749 2220 Orientales
2797 2167 2849 2219 in
2885 2165 3222 2221 contrariam
3264 2172 3476 2232 partem

1900 2260 2178 2314 trahentes
2206 2257 2483 2313 Romanos
2512 2258 2975 2312 condemnabam.
3005 2256 3136 2322 Qua:
3161 2271 3287 2309 vero
3316 2256 3479 2309 fuerit

1896 2350 2172 2417 defensio,
2203 2352 2346 2406 idem
2375 2351 2467 2406 bie
2513 2352 2737 2407 veniens
2776 2359 2991 2406 suamet
3027 2350 3211 2419 lingua
3256 2346 3477 2402 dictatis

1898 2446 2125 2501 vocibus
2161 2445 2320 2501 nobis
2368 2444 2658 2516 signiﬁcet.
2708 2443 2964 2512 Namque
3004 2442 3070 2497 ad
3107 2442 3475 2497 Antiochenos

1899 2546 2047 2590 tonio
2071 2537 2216 2592 hunc
2252 2537 2305 2589 in
2340 2537 2558 2591 modum
2581 2536 2867 2591 edisserit:
2900 2534 3016 2589 Illis
3044 2537 3206 2598 enim,
3236 2537 3323 2604 qui
3348 2550 3477 2588 non-

1898 2626 2070 2681 nullos
2108 2627 2445 2691 incusabant,
2490 2636 2547 2680 ut
2579 2627 2741 2680 trium
2789 2627 3136 2695 hypostascon
3185 2623 3476 2692 afﬁrmata-

1895 2737 1999 2785 res,
2027 2738 2145 2775 cum
2169 2720 2475 2790 Itujusmodi
2522 2736 2670 2774 voces
2717 2721 2774 2773 in
2820 2718 3111 2785 Scripturis
3144 2733 3248 2769 non
3280 2716 3477 2784 reperi-
3514 2708 3517 2715 “

1896 2825 2101 2879 rentur,
2135 2830 2197 2867 ac
2230 2813 2450 2882 proinde
2491 2822 2749 2882 suspecta
2786 2811 2951 2865 videri
2973 2820 3203 2880 possent,
3235 2822 3476 2864 auctam

1894 2906 2117 2974 fuimus,
2154 2921 2217 2958 ne
2246 2905 2479 2974 amplius
2518 2905 2573 2957 in
2595 2904 2868 2958 Nicwnam
2894 2902 3272 2972 confessionem
3305 2905 3475 2972 inqui-

1896 3009 2067 3052 rerent
2100 3000 2237 3053 :sed
2274 3006 2449 3050 tamen
2498 2996 2561 3051 de
2605 2997 2722 3049 istis
2769 2999 2831 3049 ob
2873 2996 3217 3062 pervicaciam
3262 2996 3475 3048 rixandi

213 3087 488 3154 ομανῖται
542 3091 834 3158 λέγουσιν
883 3094 1450 3165 ἀπηλλοτριωμένας
1480 3099 1576 3152 καὶ
1601 3100 1788 3155 ἀλλο-

1893 3092 2111 3163 quinctio
2171 3098 2248 3143 est
2306 3088 2528 3152 habita,
2580 3087 2993 3156 interrogatique
3046 3095 3189 3150 sunt,
3252 3102 3379 3139 num
3411 3102 3476 3139 es:

210 3180 560 3245 τριουσίους
578 3180 888 3248 ἀλλήλων·
926 3187 962 3252 ἢ
984 3186 1063 3250 ὠς
1092 3187 1271 3241 ἄλλοι
1296 3189 1576 3257 αλρετικοὶ
1633 3191 1791 3258 τρεῖς

208 3270 404 3337 ἀρχὰς
466 3272 563 3325 καὶ
611 3272 767 3341 τρεῖς
799 3278 974 3343 θεοὺς
1010 3278 1286 3346 λέγουσι.
1347 3281 1459 3335 Καὶ
1527 3282 1665 3352 μετά
1692 3283 1791 3353 τὴν

212 3362 346 3429 παρ’
377 3362 560 3416 αὐτῶν
607 3367 1027 3437 προενεχθεῐσαν
1078 3370 1378 3441 ἑρμηνείαν
1423 3373 1535 3426 τῶν
1594 3372 1793 3439 λέξεων

210 3454 293 3514 εἰς
362 3452 574 3508 ἔννοιαν
613 3456 812 3524 εὐσεϐῆ
862 3460 1116 3530 ἐπιφέρει
1142 3479 1156 3494 ο
1220 3464 1688 3536 Ἀποδεεὰμενοι
1724 3468 1793 3522 δὲ

209 3544 443 3599 τούτων
464 3546 581 3614 τὴν
608 3549 936 3619 ἑρμηνείαν
963 3551 1083 3607 τῶν
1102 3554 1352 3622 λέξεων,
1381 3559 1479 3613 καὶ
1503 3560 1620 3626 τὴν
1643 3560 1791 3615 ἀπο-

208 3638 429 3699 λογίαν
448 3638 765 3710 ἐκρίναμεν
782 3642 927 3708 τοὺς
948 3645 1364 3713 αιτιασθέντας
1393 3650 1551 3715 παρὰ
1566 3651 1795 3705 τούτων

208 3733 291 3796 ὡς
309 3730 604 3801 λέγοντας
628 3735 777 3802 μίαν
799 3735 1165 3802 ὑπόστασιν,
1188 3739 1276 3808 μὴ
1318 3740 1433 3808 ἄρα
1458 3744 1539 3806 ὡς
1570 3744 1793 3797 Σαόέλ-

232 3826 343 3887 ιιος
388 3822 618 3889 φρονεῖ,
650 3823 807 3877 οὕτω
843 3828 941 3878 καὶ
975 3822 1141 3882 οὗτοι
1175 3828 1469 3897 λέγουσιν
1493 3832 1591 3885 ἐπὶ
1623 3835 1793 3888 ἀναι-

210 3912 375 3977 ιιέσει
409 3912 517 3966 τοῦ
580 3913 718 3967 Υίοῦ
754 3914 853 3968 καὶ
890 3916 994 3971 τοῦ
1034 3918 1207 3983 ἁγίου
1242 3924 1610 3990 Πνεύματος.
1660 3921 1795 3980 Εἶτα

210 4007 307 4055 καὶ
325 4006 426 4074 τὴν
481 4004 661 4057 αὐτῶν
704 4007 796 4060 ἐπὶ
843 4011 909 4078 τῇ
943 4010 1229 4077 ἀνακρίσει
1278 4014 1453 4085 ταύτῃ
1502 4015 1797 4083 ἀπολογίαν

217 4095 666 4163 καταστρωννύει
701 4096 777 4166 τῷ
828 4097 995 4168 λόγῳ,
1037 4100 1133 4153 καὶ
1165 4101 1365 4171 ἑφεξῆς
1403 4103 1480 4172 τῷ
1518 4105 1796 4175 συμφώνῳ

212 4190 313 4257 τῆς
340 4188 554 4251 ἐννοίας
584 4189 677 4241 επὶ
721 4190 799 4260 τῷ
853 4191 1225 4247 διαλλάττοντι
1259 4195 1369 4247 τῶν
1417 4196 1617 4262 λέξεων
1671 4201 1791 4252 ἑπι-

212 4280 449 4345 ϐειάζων
478 4281 666 4351 φησιν·
709 4282 943 4345 Ἀμέλει
984 4285 1155 4339 κάκεῖ
1170 4288 1226 4339 ol
1254 4288 1671 4355 αὶτιασθέντες
1716 4291 1797 4357 ὡς

210 4374 521 4440 εἰρηκότες
547 4373 704 4441 τρεῖς
726 4374 1096 4442 ὑποστάσεις
1124 4380 1511 4434 συνετίθεντο
1530 4382 1761 4447 τούτοις
1782 4399 1793 4413 ·

1896 3186 2215 3238 Arianorum
2268 3182 2527 3236 sententia
2565 3180 2770 3235 alienas
2806 3180 3230 3250 peregrinusque,
3278 3194 3339 3230 ac
3393 3177 3473 3229 di-

1893 3293 2053 3332 versa:
2084 3292 2117 3329 a
2156 3291 2209 3330 sc
2238 3276 2457 3329 invicem
2491 3274 2803 3328 substantia?
2838 3288 3088 3342 personas
3135 3287 3246 3325 esse
3275 3270 3472 3331 velint:

1894 3388 1962 3425 an
1991 3379 2047 3423 ut
2089 3370 2184 3423 alii
2218 3368 2454 3422 heretici
2505 3368 2613 3421 tria
2653 3366 2934 3436 principia,
2966 3374 3015 3419 et
3048 3374 3154 3418 tres
3185 3367 3305 3418 deos
3351 3380 3476 3417 con-

1892 3463 2131 3516 stituent.
2167 3462 2233 3516 Et
2267 3472 2391 3531 post
2412 3475 2601 3515 eorum
2637 3459 2691 3513 in
2722 3459 2947 3514 vocibus
2977 3457 3249 3513 similibus
3267 3465 3471 3510 rectam

1893 3568 1955 3607 ac
1985 3554 2128 3622 piam
2164 3552 2666 3622 interpretationem
2696 3549 2879 3605 subdit
2925 3568 2939 3604 :
2972 3549 3276 3617 Approbala
3305 3550 3472 3617 igitur

1892 3643 2154 3710 ejusmodi
2211 3644 2644 3710 interpretatione
2702 3658 2766 3695 ac
2829 3642 3186 3707 responsione,
3239 3641 3471 3693 vicissim

1891 3750 2092 3804 quoque
2119 3742 2167 3787 el
2191 3735 2630 3795 examinavimus,
2665 3734 2755 3803 qui
2794 3735 2861 3785 ab
2890 3734 3006 3786 istis
3054 3733 3107 3785 in
3138 3734 3342 3796 culpam
3374 3734 3471 3787 de-

1892 3826 2249 3887 cocubantur,
2290 3828 2442 3893 quasi
2476 3828 2732 3891 dicerent,
2764 3843 2873 3880 esse
2912 3843 3072 3879 uuam
3119 3828 3468 3895 [typostasim,

1893 3917 2223 3969 sciscitantes
2257 3918 2321 3969 ab
2367 3917 2495 3982 illis,
2521 3933 2642 3971 nunt
2675 3934 2768 3986 pro
2800 3916 3107 3972 Sabelliano
3136 3920 3380 3987 dogmate
3408 3936 3471 3972 ea

1895 4017 2063 4061 mente
2104 4008 2460 4079 loquerentur,
2512 4020 2570 4062 ut
2609 4010 2844 4063 sublatos
2876 4010 3058 4064 vellent
3111 4027 3175 4065 ea:
3210 4010 3473 4066 Trinitate

1895 4099 2101 4154 Filium
2152 4112 2200 4155 et
2253 4099 2509 4169 Spiritum
2544 4111 2807 4154 sanctum.
2851 4100 2990 4155 Tum
3022 4103 3341 4157 eorumdem
3386 4118 3472 4157 re-

1894 4193 2247 4261 sponsionem
2306 4193 2551 4262 suggerit
2588 4211 2603 4247 :
2643 4195 2941 4262 statimque
2964 4196 3307 4249 concordatis
3344 4211 3472 4249 sen-

1897 4282 2079 4336 tentia:
2105 4296 2231 4335 cum
2268 4281 2569 4337 dictionum
2600 4282 2830 4337 dissidio
2855 4285 3102 4348 laudans,
3143 4287 3419 4341 connectit
3454 4305 3469 4342 :

1899 4375 2149 4443 Quinimo
2172 4382 2220 4427 et
2254 4374 2358 4437 illi,
2383 4374 2473 4442 qui
2502 4389 2561 4427 eo
2592 4376 2809 4428 crimine
2852 4376 3107 4444 postulati
3128 4388 3305 4441 erant,
3330 4378 3469 4444 quod

212 4467 311 4519 καὶ
346 4466 519 4519 αὐτοὶ
550 4466 617 4519 δὲ
638 4470 692 4521 oi
736 4468 1039 4534 είρηκότες
1082 4469 1232 4537 μίαν
1281 4473 1628 4527 ὑπόστασιν
1658 4476 1783 4529 κατ’

1893 4482 1995 4524 tres
2017 4473 2322 4537 Itypostases
2344 4466 2668 4530 inducerent,
2696 4483 2815 4519 cum
2847 4469 2961 4520 istis
2993 4471 3046 4522 in
3084 4468 3320 4522 eamdem
3348 4486 3471 4523 sert-

210 4560 462 4613 ἑλιείνων
537 4557 745 4626 ὥσπερ
793 4557 1189 4627 ἡρμήνευσαν
1256 4562 1354 4615 καὶ
1419 4564 1787 4633 ὡμολόγουν.

212 4651 325 4704 Καὶ
381 4648 694 4718 προόαἱνων
751 4651 865 4713 τοῖς
935 4650 1035 4719 ἤδη
1112 4651 1356 4720 ῥηθεῖσιν
1419 4656 1787 4726 ἐπισυνεξρει·

216 4744 453 4797 Τούτων
481 4743 693 4795 τοίνυν
720 4742 910 4806 οὕτως
943 4742 1452 4811 ὡμολογηθέντων
1474 4786 1488 4808 ,
1521 4764 1790 4815 παρακα-

206 4833 436 4900 λοῦμεν
486 4829 664 4899 ὑμᾶς,
698 4830 971 4899 τοὺςμὲν
1003 4831 1190 4897 οὕτως
1217 4834 1661 4903 ὁμολογοῦντας
1691 4837 1790 4889 καὶ

206 4926 708 4993 διερμηνεύοντας
746 4924 898 4976 οὕτω
922 4924 1028 4989 τὰς
1050 4924 1271 4989 λέξεις,
1303 4924 1376 4990 ἇς
1406 4926 1676 4993 λέγουσι,
1699 4928 1785 4995 μὴ

208 5018 628 5083 καταχρίνητε,
655 5013 813 5082 μηδὲ
851 5014 1164 5083 προπετῶς
1202 5017 1598 5083 ἀποϐάλλετε,
1628 5019 1789 5073 ἀλλὰ

202 5108 445 5178 μᾶλλον
470 5109 894 5176 εἶρηνεύοντας
924 5108 1019 5161 καὶ
1047 5108 1578 5177 ἀπολογουμένους
1599 5126 1788 5178 προσ-

205 5201 590 5269 .σ‹ιμὸ³ιὶνεσθε
612 5201 755 5264 τοὺς
775 5200 843 5252 δὲ
867 5199 952 5267 μὴ
980 5198 1401 5265 βουλομένους
1431 5200 1621 5266 οὕτως
1646 5205 1785 5270 ὀμο-

206 5292 413 5361 λογεῖν
442 5292 540 5346 καὶ
563 5292 982 5360 διερμηνεύειν.
1002 5296 1106 5356 τὰς
1138 5290 1359 5357 λέξεις,
1384 5294 1633 5359 τούτους
1680 5312 1788 5348 κω-

205 5386 383 5439 λύετε
437 5384 534 5437 καὶ
561 5383 875 5451 ἐντρέπετε
894 5384 974 5449 ὡς
996 5385 1309 5449 ὑπόπτους
1330 5384 1408 5449 τῷ
1429 5386 1782 5455 φρονήματι.

214 5476 446 5529 Τούτων
490 5474 559 5527 δὲ
590 5476 676 5542 μὴ
717 5475 1069 5543 ἀνεχόμενοι
1102 5476 1549 5542 συμϐουλεύετε
1585 5478 1785 5531 κάκεί-

208 5586 225 5621 r
247 5584 356 5632 οις,
388 5566 515 5632 τοῖς
536 5566 721 5635 ὀρθῶς
748 5566 1210 5635 διερμηνεύουσι
1240 5583 1303 5620 τε
1332 5566 1429 5620 καὶ
1456 5569 1780 5635 φρονοῦσι,

205 5658 399 5725 μηδὲν
421 5658 607 5711 πλέον
635 5658 949 5723 ἀλλήλους
980 5658 1347 5726 ἀνακρίνειν,
1360 5660 1785 5731 μηδὲλογομαο

215 5744 340 5805 κεῖν
372 5745 464 5798 ἐπ’
516 5746 699 5801 οὐδέν
746 5745 1064 5813 χρήσιμον,
1092 5747 1243 5814 μήτε
1302 5747 1431 5812 ταῖς
1488 5750 1783 5815 τοιαύταις

1893 4565 2114 4618 tentiam
2142 4570 2514 4625 convenerunt,
2551 4561 2881 4630 vicissimque
2911 4563 2993 4616 illi
3017 4566 3107 4633 qui
3130 4582 3289 4619 unam
3308 4568 3472 4636 hypo-

1891 4657 2079 4710 stasim
2117 4663 2510 4715 asseverarant,
2542 4654 2764 4707 istorum
2801 4656 3222 4724 interpretationi
3265 4661 3471 4729 acquie-

1890 4754 2099 4802 verunt.
2154 4746 2218 4798 Et
2267 4759 2606 4813 prosequens
2651 4748 2991 4812 orationem,
3029 4748 3141 4818 jam
3182 4752 3343 4806 dictis
3379 4753 3467 4805 illa

1893 4852 2113 4905 quoque
2144 4834 2466 4897 superaddit
2505 4851 2519 4888 :
2565 4833 2699 4888 Cum
2733 4838 2898 4906 igitur
2922 4840 3222 4893 istiusmodi
3249 4842 3467 4896 illorum

1890 4927 2052 4996 fuerit
2106 4927 2404 4995 confessio,
2466 4926 2810 4981 adltortatnus
2861 4945 2947 4983 vos
2992 4948 3054 4984 ne
3106 4948 3215 4997 eos,
3269 4937 3358 5005 qui
3393 4938 3469 4991 ita

1889 5019 2223 5086 conﬁtentur,
2274 5016 2533 5087 talemque
2580 5020 3065 5089 interpretationem
3107 5040 3216 5079 sua
3263 5030 3501 5099 confer"

1890 5112 2029 5165 sioni
2041 5110 2459 5174 accommodant,
2479 5128 2567 5165 vos
2586 5121 2776 5168 temere
2795 5116 3142 5172 condemnare
3169 5136 3231 5173 ac
3252 5122 3466 5186 reficere

1890 5203 2082 5265 velitis,
2117 5203 2206 5254 sed
2235 5204 2407 5271 patius
2432 5204 2668 5257 admissa
2701 5206 2915 5259 illorum
2957 5211 3295 5265 excusatione
3330 5215 3465 5267 reci-

1887 5292 2100 5360 piendos
2142 5293 2381 5358 putetis:
2412 5308 2500 5345 eos
2544 5304 2729 5345 contra
2765 5297 2855 5363 qui
2901 5296 3062 5348 talem
3089 5300 3467 5367 confessionem

1890 5400 1991 5436 non
2018 5383 2199 5449 edunt,
2226 5400 2406 5461 neque
2447 5385 2542 5437 tali
2578 5386 3015 5453 interpretatione
3051 5391 3103 5443 in
3147 5392 3265 5443 istis
3295 5392 3465 5451 verbis

1888 5486 2129 5538 utuntur,
2158 5492 2335 5529 arcere
2370 5493 2457 5531 vos
2493 5477 2761 5542 vellemus,
2798 5489 2846 5533 et
2874 5482 3163 5547 adversari,
3188 5495 3243 5535 ut
3279 5466 3464 5553 suspe-

1889 5578 1985 5619 cttc
2019 5569 2205 5621 mentis
2237 5569 2489 5621 homines.
2541 5572 2806 5624 Cteterum
2856 5588 2973 5624 cum
3014 5573 3135 5627 illos
3162 5576 3464 5633 tolerandos

1889 5676 1989 5712 mm
2020 5662 2314 5725 ccnscbitis,
2344 5661 2627 5717 consuletis
2655 5664 2783 5727 illis,
2820 5665 2910 5733 qui
2942 5677 3076 5720 recte
3103 5668 3462 5735 interpretan-

1891 5762 1993 5815 tur,
2019 5759 2064 5804 ει
2102 5762 2235 5809 recte
2263 5755 2523 5819 sentitmt;
2557 5772 2618 5810 ne
2642 5755 2858 5811 ulterior
2887 5756 2994 5812 ulla
3025 5760 3162 5815 inter
3187 5776 3271 5816 vos
3308 5761 3463 5816 adhi-
