4214 6446
248 350 386 411 1017
1663 374 1912 432 Αρυωε

1810 376 2027 433 LUGH
2046 423 2058 433 .
3338 381 3468 446 1018

241 456 509 559 οἴμαι-μὴ
541 463 801 559 πλειόνων
823 469 901 521 ἑτι
949 470 1202 542 δεηθῆναί
1241 492 1309 544 με
1367 478 1540 543 λόγων
1580 481 1803 534 ἀποδεί-
1830 488 1875 543 Α

1830 488 1875 543 Α
1905 487 2120 551 opinor.
2147 504 2252 541 non
2288 504 2408 543 esse
2423 489 2667 558 pluribus
2696 506 2855 559 opus,
2891 492 2955 544 ad
2984 492 3466 548 demonstrandum

242 548 380 613 ξεως
409 551 571 605 ἕνεκα
602 551 697 608 τοῦ
730 558 805 623 μὴ
838 560 1023 623 κακῶς
1066 563 1191 630 μηδ’
1220 564 1537 633 ἐπισφαλῶς
1580 568 1676 637 τὴν
1705 571 1803 637 τῆς

1910 590 2029 634 nos.
2066 591 2173 629 non
2207 578 2367 640 male,
2403 578 2495 633 sed
2532 588 2648 633 tuto
2698 582 2957 635 Romanae
2994 579 3245 635 Ecclesiae
3286 580 3474 636 defen-

252 640 572 710 Ῥωμαῖκῆς
610 646 936 716 Ἐκκλησίας
976 655 1305 723 συνηγορίαν
1332 658 1603 711 ποιεῖσθαι
1634 663 1802 729 ἡμᾶς,

236 732 303 783 τε
333 733 444 785 τῶν
465 734 661 799 λέξεων
690 740 1051 810 παρορῶντας
1089 746 1441 815 ἀσύμφωνον,
1497 753 1588 805 καὶ
1616 754 1675 806 τὸ
1708 755 1805 822 τῆς

238 822 455 887 ἐννοίας
482 827 828 897 ἀρτιάζοντας
868 833 1181 902 σύμφωνον,
1208 837 1293 890 διὰ
1322 839 1382 892 τὸ
1430 839 1677 909 θεοφιλὲς
1706 845 1806 915 τῆς

239 919 468 989 είρήνης
499 922 593 974 καὶ
623 924 889 995 ἐνθεσμον
914 944 928 959 ·
970 932 1017 981 εί
1044 930 1101 984 δέ
1144 932 1234 985 διά
1287 934 1387 1004 τὴν
1444 937 1536 988 ἐπὶ
1590 938 1803 1007 δυσὶνῆ

239 1015 394 1082 τρισὶ
429 1014 702 1084 μάρτυσιν
730 1020 1089 1093 εὑαηελικήν
1140 1026 1324 1080 πίστιν
1358 1028 1467 1081 τῶν
1497 1030 1806 1099 λεγομένων

238 1103 354 1155 δέει
370 1107 460 1157 καὶ
478 1106 697 1177 ἐτέρους
723 1109 831 1163 τῶν
860 1112 958 1182 τῆς
987 1112 1267 1179 εὐσεϐείας
1296 1118 1632 1173 διδασκάλων
1660 1140 1805 1193 παρ·
1852 1116 1853 1119 “

240 1200 472 1262 αγαγείν
515 1204 952 1269 συνηγοροῦντας
1007 1207 1217 1276 μέντοι,
1243 1211 1307 1264 οὐ
1334 1212 1519 1280 μέντοι
1545 1232 1607 1279 γε
1639 1215 1805 1285 μέχρι

243 1286 344 1373 καὶ
379 1285 473 1339 τοῦ
503 1290 843 1359 μεταστῆσαι
892 1296 1017 1358 τοὺς
1059 1299 1439 1368 ἀντιλέγοντας
1490 1308 1573 1367 είς
1603 1306 1686 1366 τὸ,
1720 1304 1805 1373 ἐφ’

242 1364 289 1439 ᾧ
326 1374 421 1427 καὶ
466 1377 567 1445 τὴν
622 1382 955 1450 συνηγορίαν
991 1364 1295 1453 ἐποιοῦντο,
1325 1389 1462 1444 ἀλλὰ
1515 1364 1681 1462 μέχρι
1706 1364 1808 1461 τ’ῖίς

242 1464 468 1533 εἰρήνης
500 1466 609 1517 τῶν
639 1470 823 1536 μερῶν
849 1472 1177 1542 ἀμφοτέρων
1220 1474 1310 1527 τὸν
1339 1477 1458 1529 ὅλον
1486 1482 1688 1533 σκοπὲν
1710 1482 1808 1551 τῆς

240 1556 453 1617 οἴκεὲας
486 1556 783 1623 διαθέσεως
811 1562 1216 1628 ἀποτείνοντας,
1245 1567 1318 1629 ὡς
1345 1568 1440 1622 τοῦ
1476 1572 1807 1643 είρηνάρχου

244 1646 488 1714 Χριστοῦ
528 1654 769 1721 μιμητὰς
803 1651 897 1706 τοῦ
934 1655 1001 1708 τὰ
1050 1657 1315 1712 διεστῶτα
1353 1662 1663 1725 συνδέοντος
1716 1666 1809 1718 καὶ

247 1740 635 1805 συνάπτοντος.
659 1747 752 1797 καὶ
781 1748 809 1799 6
836 1747 1003 1811 πολὺς
1040 1749 1109 1802 τά
1142 1750 1260 1805 θεία
1305 1753 1587 1819 Βασίλειος
1616 1756 1806 1811 ἐνταυ-

243 1833 335 1887 θοῖ
384 1838 820 1909 παραχθήσεται,
857 1845 951 1898 καὶ
998 1846 1301 1917 Γρηγόριος
1330 1853 1359 1903 6
1391 1852 1493 1920 τῆς
1528 1852 1807 1921 θεολογίας

243 1923 558 1995 ἀξιὼνυμος
587 1930 1055 2002 ἐπισυγκροτήσει
1092 1940 1203 2000 τοῖς
1235 1940 1572 2008 είρημένοις.
1615 1944 1677 1996 '0
1710 1946 1807 2012 μὲν

243 2018 358 2087 γὰρ
390 2021 419 2071 6
452 2021 619 2083 πολὺς
672 2024 740 2077 τά
783 2026 901 2079 θεῖα
930 2026 1212 2093 Βασίλειος
1251 2034 1376 2095 τοὺς
1408 2034 1502 2104 ’μὴ
1550 2034 1810 2103 λέγοντας

242 2108 306 2157 τὸ
340 2108 565 2178 Πνεῦμα
593 2111 727 2166 Θεὸν
774 2118 1214 2184 συγκαταλλάξαι
1256 2122 1475 2177 σπεύδει
1532 2131 1644 2190 τοῖς
1677 2127 1810 2182 Θεὸν

244 2196 383 2249 αὐτὸ
411 2200 507 2252 καὶ
531 2202 814 2272 όμοούσιον
840 2208 1014 2279 Πατρὶ
1042 2214 1135 2265 καὶ
1158 2212 1270 2283 Υἱῷ
1297 2220 1465 2287 τρανῇ
1497 2220 1563 2289 τῇ
1595 2219 1809 2291 γλώττῃ

243 2292 716 2363 ἀνακηρύττουσιν
746 2314 762 2329 ’
801 2301 933 2360 6,δέ
976 2304 1152 2371 μέγας
1192 2308 1253 2358 ἐν
1281 2306 1554 2375 θεολόγοις
1600 2310 1811 2381 Γρηγό-

250 2402 367 2451 ριος
392 2388 490 2458 τὴν
522 2391 694 2459 αὐτὴν
731 2394 849 2446 ὁδὸν
872 2399 970 2467 τῆς
994 2397 1103 2450 τῶν
1137 2402 1319 2470 μερῶν
1352 2403 1559 2455 τούτων
1609 2408 1811 2460 καταλ-

253 2479 431 2548 λαγῆς
464 2484 881 2554 μετερχόμενος,
916 2482 994 2550 οἷς
1023 2490 1169 2557 λέγει
1200 2498 1617 2565 προσεπιφέρει.
1662 2500 1811 2568 Μηῖἐ

249 2572 361 2640 γάρ
412 2576 471 2626 τὸ
524 2576 631 2627 τῶν
671 2576 942 2633 Ἰουδαίων
974 2581 1127 2645 ἔθνος
1162 2586 1456 2642 ἀποσαλείν
1480 2590 1567 2652 ἂν.
1626 2593 1677 2647 εί
1714 2592 1813 2661 τὴν

249 2662 344 2715 τοῦ
380 2664 712 2735 εἰλημμένου
748 2669 933 2739 φωνὴν
962 2672 1083 2725 ἀντὶ
1112 2673 1212 2742 τῆς
1243 2676 1479 2746 Χριστοῦ
1528 2679 1665 2747 πρὸς
1701 2680 1814 2732 όλί-

249 2774 346 2822 γον
399 2758 807 2829 ἐπιζητοῦντες,
851 2763 1039 2832 ἠξίουν
1094 2765 1214 2835 μεθ’
1279 2768 1436 2837 ἡμῶν
1498 2769 1811 2825 τάττεσθαι.

261 2849 403 2901 Ἀλλ’
431 2850 553 2904 οὔτε
579 2854 606 2904 6
641 2855 706 2906 τά
746 2853 865 2906 θεῖα
908 2856 1079 2918 πολὺς
1134 2859 1455 2923 Ἀθανάσιος
1496 2863 1815 2930 συνηγορῶν

247 2943 365 3004 τοῖς
422 2942 551 3009 μίαν
590 2946 888 2999 ὑπόστασιν
940 2946 1207 3014 λέγουσιν,
1242 2954 1335 3003 ἐπὶ
1382 2952 1641 3007 τοσοῦτον
1684 2970 1810 3006 συν·

249 3037 440 3105 ηγόρει
497 3039 742 3103 ἐκείνοις,
803 3042 889 3108 ἐφ’
954 3042 1079 3095 ὅσον
1133 3044 1471 3114 μεταστῆσαι
1519 3049 1645 3111 τοὺς
1712 3050 1815 3113 τάς

1908 668 2116 722 sionem
2182 672 2508 740 suscepisse,
2559 672 2614 725 in
2671 672 2999 726 dictionibus
3045 672 3471 740 discrepantiam

1906 758 2262 826 negligentes,
2279 770 2331 813 et
2348 763 2691 831 arripientes.
2710 777 2831 827 qua:
2858 764 2909 815 in
2929 762 3195 818 sententia
3216 771 3318 827 est,
3335 776 3472 815 con-

1907 849 2174 909 cordiam.
2231 862 2450 920 propter
2494 868 2705 922 pacem.
2741 868 2846 921 qua
2902 853 3040 909 Deus
3092 854 3471 906 tantummodo

1908 940 2241 999 delectatur.
2302 954 2357 996 et
2411 944 2555 1011 leges
2601 945 2924 1014 approbant.
2961 945 3115 1009 Quod
3166 946 3211 999 si
3248 953 3470 1013 propter

1907 1032 2292 1097 Evangelicum
2323 1032 2525 1087 dictum
2554 1034 2620 1087 de
2648 1033 2864 1087 duobus
2902 1035 2984 1088 vel
3019 1035 3192 1087 tribus
3236 1035 3472 1089 testibus

1910 1126 1975 1177 ad
2031 1126 2173 1179 dicta
2217 1126 2588 1181 confirmanda
2611 1168 2626 1190 ,
2663 1142 2799 1194 opus
2830 1137 2935 1190 est,
2974 1134 3028 1180 et
3081 1127 3218 1180 alios
3251 1126 3472 1195 pietatis

1908 1216 2163 1271 doctores
2208 1218 2499 1279 adducere,
2534 1220 2624 1287 qui
2666 1233 2775 1273 non
2812 1228 2873 1271 ut
2920 1216 3354 1272 contradicentes
3403 1217 3471 1270 ad

1909 1309 2239 1376 acceptanda
2269 1309 2543 1363 deducant
2575 1324 2660 1375 ea,
2693 1326 2928 1380 quorum
2961 1310 3063 1379 ipsi
3095 1308 3469 1363 defensionem

1907 1399 2301 1467 suscipiebant,
2322 1400 2414 1453 sed
2450 1401 2515 1452 ad
2557 1414 2743 1469 pacem
2788 1401 2929 1454 inter
2979 1408 3243 1467 utrasque
3291 1409 3473 1468 partes

1911 1498 2121 1543 tantum
2183 1490 2607 1556 conciliandam,
2664 1490 2868 1561 proprii
2926 1490 3193 1559 prapositi
3246 1503 3472 1557 scopum

1913 1581 2287 1643 intendebant,
2320 1582 2394 1635 uti
2431 1582 2636 1635 Christi
2675 1582 2824 1650 pacis
2856 1584 3100 1636 auctoris
3127 1579 3319 1635 dissita
3366 1580 3477 1633 col-

1913 1673 2160 1743 ligantis;
2191 1683 2244 1727 et
2290 1688 2399 1727 una
2431 1674 2705 1726 coltzerere
2751 1672 3003 1728 facientis
3049 1674 3375 1735 imitatores,
3419 1680 3476 1724 et

1915 1766 1967 1818 in
2005 1765 2205 1819 divinis
2242 1766 2402 1819 rebus
2430 1764 2831 1834 pertractandis
2862 1765 3097 1820 eximius
3126 1763 3381 1826 Basilius,
3422 1772 3476 1815 et

1910 1861 2001 1913 cui
2039 1860 2237 1913 merito
2269 1875 2298 1913 a
2337 1860 2603 1928 theologia
2658 1874 2857 1913 nomen
2905 1867 3012 1921 est,
3054 1856 3374 1927 Gregorius,
3407 1857 3473 1909 ad

1906 1952 2016 2021 jam
2040 1951 2182 2006 dieta
2206 1952 2613 2020 comprobanda
2638 1951 3030 2020 producentur.
3067 1949 3289 2003 Divinos
3321 1962 3477 2002 nam-

1911 2058 2017 2113 que
2054 2044 2286 2099 Basilius
2316 2060 2422 2097 non
2461 2052 2788 2107 asserentes,
2827 2044 3092 2108 Spiritum
3149 2042 3319 2097 Deum
3351 2055 3477 2095 esse

1911 2136 2097 2200 simul,
2162 2152 2286 2190 eum
2341 2136 2451 2188 illis
2508 2137 2779 2188 collocare
2840 2133 3161 2198 contendit,
3200 2134 3293 2201 qui
3349 2147 3475 2185 eunt

1914 2222 2104 2286 Deum,
2138 2236 2193 2277 et
2225 2224 2371 2277 Patri
2404 2224 2649 2293 Filioque
2664 2223 3178 2279 consubstantialem
3211 2221 3481 2290 depraedi-

1913 2324 2126 2381 cant,et
2146 2316 2309 2371 rebus
2326 2317 2641 2386 theologieis
2667 2331 2897 2385 magnus
2915 2315 3210 2384 Gregorius
3232 2313 3476 2368 eamdem

1912 2412 2146 2481 partium
2174 2411 2391 2464 unionis
2421 2410 2563 2464 viam
2593 2410 2788 2470 iniens.
2813 2410 3052 2477 postalia
3072 2419 3234 2475 atque
3254 2408 3359 2461 alia
3379 2424 3446 2461 an
3469 2435 3481 2448 -

1914 2500 2100 2562 nectit,
2136 2514 2313 2566 neque
2346 2499 2652 2551 Iudaeorum
2690 2508 2905 2568 gentem
2941 2498 3165 2566 rejicere
3196 2511 3275 2557 se.
3322 2496 3481 2550 dum-

1917 2593 2080 2645 modo
2131 2592 2391 2656 assumpti
2446 2605 2630 2643 vocem
2689 2605 2784 2656 pro
2822 2590 3043 2642 Christo
3094 2587 3317 2641 omissis
3362 2587 3485 2641 aliis

1917 2684 2368 2751 inquisitionibus
2391 2692 2758 2750 acceptantes,
2792 2698 2895 2736 una
2929 2698 3052 2736 cum
3089 2682 3246 2736 nobis
3286 2682 3485 2735 velle-nt

1918 2777 2201 2831 collocari.
2252 2776 2358 2830 Sed
2409 2792 2584 2844 neque
2635 2775 2854 2828 divinus
2891 2774 3223 2827 Athanasius
3253 2787 3486 2826 consen-

1918 2866 2058 2918 tiens
2092 2879 2399 2917 cumunam
2427 2864 2760 2933 hypostasim
2790 2861 3208 2927 afﬁrmantibus,
3240 2870 3486 2917 tantum-

1921 2956 2045 3009 dem
2088 2956 2197 3010 illis
2244 2970 2528 3009 assensum
2564 2955 2856 3023 prrebebat,
2910 2965 2970 3008 ut
3009 2964 3122 3009 tres
3165 2955 3485 3025 bypostases

1921 3047 2273 3102 decernentes
2316 3049 2369 3101 in
2418 3062 2607 3099 eorum
2654 3046 3057 3101 confessionem
3092 3047 3433 3115 pertraheret
3469 3066 3481 3099 :

248 3132 402 3198 τρεῖς
455 3130 886 3201 δογματίζοντας
925 3136 1255 3198 ὑποστάσεις
1317 3140 1396 3201 είς
1450 3140 1551 3211 τὴν
1590 3130 1885 3195 ἐκείνωνο

1838 3130 1885 3190 C
1920 3152 2099 3207 neque
2139 3153 2366 3205 magnus
2393 3137 2626 3191 Basilius
2661 3136 2868 3191 foedera
2898 3138 3222 3202 concilians,
3248 3152 3363 3200 eos,
3391 3138 3483 3208 qui

252 3218 560 3285 ἆμολογίαν
593 3238 609 3252 ο
663 3220 786 3275 οὔτε
848 3225 874 3275 6
920 3224 1096 3293 μέγας
1147 3225 1425 3286 Βασίλειος
1504 3228 1585 3289 είς
1649 3243 1815 3279 σπον-

249 3312 348 3373 δὰς
406 3312 786 3367 καταλλάττων
857 3316 1144 3385 είρηνικάς
1225 3318 1351 3380 τούς
1406 3336 1462 3371 τε
1538 3319 1667 3372 Θεὸν
1734 3320 1823 3372 ἀν-

252 3405 627 3468 επισκιάστως
667 3405 728 3459 τδ
773 3406 996 3476 Πνεῦμα
1048 3410 1467 3479 ὁμολογοῦντας.
1540 3412 1635 3465 καὶ
1690 3414 1819 3473 τοὺς

256 3500 333 3563 μὴ
408 3495 541 3550 Θεδν
602 3498 736 3552 αὐτὸ
787 3498 1081 3568 λέγοντας,
1163 3503 1221 3554 ἐν
1272 3502 1460 3565 ἄλλαις
1510 3503 1566 3556 δέ
1615 3506 1821 3572 φωναῖς

249 3589 313 3641 τὸ
391 3590 505 3642 ἴσον
581 3591 968 3659 ἐμφαίνοντας,
1040 3594 1359 3665 συνηγορῶν
1416 3590 1485 3665 ἦν
1560 3600 1673 3659 τοῖς
1744 3598 1821 3665 μὴ

249 3683 468 3748 λέγουσι
498 3682 722 3751 Πνεῦμα
774 3687 929 3751 Θεὸν,
971 3684 1110 3739 ὥστε
1158 3688 1294 3757 πρὸς
1325 3689 1422 3755 τὴν
1450 3688 1618 3757 αὐτὴν
1664 3688 1821 3751 δόξαν

252 3775 346 3825 καὶ
381 3774 508 3835 τοὺς
544 3774 801 3840 λέγοντας
854 3778 1225 3844 μεταστῆσαν
1259 3778 1373 3831 ἀλλ’
1414 3780 1534 3832 οὐδὲ
1568 3780 1662 3848 τῆς
1703 3778 1823 3831 θεοο

248 3869 438 3934 λογίας
465 3867 768 3937 ἐπώνυμος,
800 3868 923 3935 τόγε
954 3871 1033 3931 είς
1068 3870 1228 3922 αὐτὸν
1260 3866 1414 3941 ἦχον,
1444 3873 1505 3923 τὸ
1556 3871 1822 3924 Ἰουδαίων

251 3961 689 4030 παραδεχόμενος
716 3959 889 4021 ἔθνος,
914 3962 962 4014 εί
987 3962 1090 4030 τὴν
1110 3961 1217 4015 τοῦ
1246 3962 1611 4031 εἰλημμένου
1640 3963 1822 4031 φωνὴν

248 4054 546 4122 δεξάμενον
585 4054 705 4107 ἀντὶ
742 4054 839 4123 τῆς
869 4055 1130 4125 Χριστοῦ,
1157 4056 1342 4124 ἠξίουν
1372 4056 1488 4123 μεθ’
1514 4057 1667 4125 ἡμῶν
1694 4059 1823 4111 τάτ-

248 4146 459 4207 τεσθαι,
490 4146 803 4213 συνηγορῶν
824 4147 914 4198 ἐπὶ
941 4150 1005 4215 τῇ
1037 4150 1186 4217 φωνῇ
1210 4148 1379 4219 ταύτῃ
1404 4151 1466 4218 τῇ
1492 4148 1595 4202 τοῦ
1618 4151 1822 4217 εἰλημ-

246 4236 459 4305 μένου,
491 4237 631 4289 ὥστε
655 4238 869 4289 πείθειν
923 4239 1018 4290 καὶ
1047 4239 1173 4301 τοὺς
1210 4241 1375 4308 μήπω
1409 4240 1665 4307 λέγοντας
1703 4258 1829 4309 μετ-

250 4330 444 4381 έπειτα
465 4327 698 4397 χρῆσθαι
718 4328 876 4397 αὐτῇ.
912 4331 1017 4382 Καὶ¹
1042 4331 1199 4399 ἡμεῖς
1223 4330 1399 4382 τοίνυν
1428 4334 1492 4400 τῇ
1530 4332 1829 4404 Ἐκκλησία.

248 4418 350 4485 τῆς
404 4416 624 4487 Ῥώμης
653 4419 1091 4490 συνηγοροῦντες
1144 4422 1235 4473 ἐπὶ
1290 4422 1544 4475 τοσοῦτον
1600 4441 1827 4491 συνηγο-

1921 3229 2100 3298 palam
2138 3239 2301 3297 atque
2353 3239 2539 3297 aperte
2599 3228 2861 3297 Spiritum
2922 3230 3091 3282 Deum
3146 3228 3485 3292 fatebantur,

1922 3336 2046 3374 cum
2109 3321 2178 3373 iis
2225 3321 2318 3387 qui
2349 3321 2601 3374 eumdem
2643 3319 2810 3374 Deum
2849 3336 2955 3373 non
3009 3319 3344 3385 fatebantur,
3394 3322 3489 3375 sed

1921 3412 2046 3466 aliis
2077 3412 2306 3466 vocibus
2343 3411 2546 3482 pariter
2594 3411 2986 3480 aequaliterque
3028 3412 3491 3481 respondentibus

1920 3504 2001 3557 sic
2038 3501 2424 3564 defendebant,
2461 3510 2521 3555 ut
2549 3502 2602 3555 in
2635 3516 2744 3555 non
2788 3503 3178 3563 asserentium.
3222 3501 3487 3572 Spiritum

1920 3612 2041 3652 esse
2070 3598 2261 3662 Deum,
2295 3597 2977 3661 sententiam,asserentes
3006 3614 3130 3653 eutn
3170 3597 3337 3653 Deum
3368 3614 3494 3653 esse

1922 3690 2232 3744 traduceret
2269 3692 2402 3745 :sed
2438 3705 2634 3758 neque,
2657 3693 2744 3745 cui
2776 3702 2805 3741 a
2843 3690 3110 3757 theologia
3152 3706 3348 3743 nomen
3384 3700 3491 3751 est.

1923 3792 2186 3851 quantum
2217 3783 2269 3835 in
2298 3798 2356 3837 se
2379 3792 2517 3846 erat,
2547 3784 2857 3839 inda-orum
2884 3796 3095 3853 gentem
3140 3784 3491 3851 amplectens,

1924 3876 1969 3927 si
2035 3874 2295 3939 auumpti
2346 3889 2536 3927 vocem
2573 3889 2675 3942 pro
2733 3873 2955 3928 Christo
3000 3873 3350 3941 accipientes.
3387 3886 3490 3924 una

1925 3981 2051 4020 cum
2082 3967 2239 4022 nobis
2275 3968 2553 4020 numerari
2604 3967 2824 4030 vellent,
2857 3977 3040 4034 partes
3083 3950 3270 4018 eorum
3329 3964 3402 4017 ita
3438 3964 3490 4015 iu

1926 4074 2058 4113 voce
2083 4060 2343 4126 assumpti
2376 4058 2591 4127 agebat,
2625 4069 2682 4111 ut
2711 4059 2922 4111 tandem
2941 4067 2995 4112 et
3019 4056 3148 4110 illud
3186 4071 3293 4109 non
3324 4072 3497 4109 ennu-

1928 4152 2153 4213 tiantes,
2187 4152 2239 4203 in
2298 4160 2573 4219 posterum
2632 4150 2922 4202 enuntiare
2968 4148 3318 4215 compelleret
3352 4165 3363 4199 :
3396 4163 3494 4201 nos

1927 4244 2113 4307 etiam,
2149 4250 2535 4295 cumtutamur
2570 4239 2867 4294 Romanam
2890 4239 3209 4303 Ecclesiam,
3252 4246 3495 4293 tantum-

1928 4333 2049 4387 dem
2096 4344 2360 4395 tutamur,
2420 4342 2480 4387 ut
2549 4347 2644 4385 eos
2702 4332 2794 4399 qui
2859 4350 2885 4383 ιι
2927 4331 3196 4400 principio
3258 4330 3327 4383 ad
3382 4332 3495 4383 haec

1931 4439 2105 4493 usque
2138 4430 2385 4491 tempora
2414 4422 2467 4475 in
2501 4421 2623 4476 fidei
2659 4420 2918 4492 Symbolo
2948 4421 3202 4485 reeitant,
3239 4437 3303 4474 ex
3338 4421 3495 4474 Patre

251 4510 477 4579 ροῦμεν,
512 4509 594 4575 ἐφ’
625 4511 749 4564 ὅσον
779 4513 1116 4579 μεταστῆσαι
1171 4516 1250 4575 εἰς
1280 4516 1342 4566 τὸ
1371 4516 1571 4581 λέγειν,
1616 4519 1679 4569 ἐκ
1715 4518 1828 4569 Πα-
1850 4498 1904 4557 D

1850 4498 1904 4557 Ῑ)
1934 4517 2196 4584 Spiritum
2256 4513 2590 4582 procedere,
2653 4514 3003 4571 adducamus.
3061 4520 3119 4565 ut
3159 4513 3387 4566 recitent
3431 4527 3493 4564 ex

248 4604 380 4669 τρὺς
406 4602 501 4655 καὶ
532 4602 660 4654 Υίοῦ
690 4602 750 4655 τδ
772 4602 927 4669 ἅγιον
972 4604 1370 4673 ἐκπορεύεσθαι
1424 4607 1666 4675 Πνεῦμα,
1699 4610 1824 4670 τοὺς

250 4694 493 4763 ἀρχῆθεν
538 4696 633 4746 καὶ
678 4696 734 4756 ἐς
777 4694 935 4763 δεῦρο
970 4698 1026 4747 ἐν
1060 4697 1138 4766 τῷ
1176 4697 1436 4768 Συμόό).ῳ
1472 4699 1568 4765 τῆς
1591 4700 1825 4762 πίστεως

251 4783 756 4850 ἀναγινώσκοντας,
803 4787 1240 4856 ἐκπορευόμενον
1294 4790 1423 4840 αὐτὸ
1475 4792 1538 4841 ἐκ
1592 4791 1822 4859 Πατρός.

262 4878 406 4929 Ἀλλ’
443 4876 520 4939 ὡς
558 4880 608 4930 οί
639 4878 736 4944 τῆς
770 4881 1094 4949 οἰκουμένης
1126 4882 1410 4949 φωστῆρες
1451 4886 1646 4936 ἐκεῖνοι
1690 4886 1823 4950 πρὸς

251 4973 314 5024 τὸ
343 4972 441 5041 τῆς
471 4972 678 5033 ἐννοίας
704 4971 996 5040 σύμφωνον
1022 4973 1335 5040 ἀφορῶντες
1361 4974 1522 5044 μέχρι
1553 4976 1649 5043 τῆς
1680 4978 1825 5043 εἱρήο

254 5080 352 5130 γης
382 5063 481 5131 τὴν
511 5063 609 5125 τῆς
636 5063 963 5133 συνηγορίας
986 5065 1222 5134 σπουδὴν
1245 5067 1626 5118 ἐπεδείκνυντο
1646 5084 1657 5096 “
1684 5067 1824 5119 οὕτω

255 5156 349 5208 καὶ
380 5155 540 5223 ἡμεῖς
566 5154 642 5216 ὡς
667 5154 909 5225 μαθηταὶ
926 5155 1267 5218 διδασκάλοις
1296 5157 1524 5220 ἐκείνοις
1540 5159 1820 5227 ἑπόμενοι,

256 5246 317 5296 οὐ
346 5247 412 5315 τῇ
448 5244 616 5309 λέξει,
645 5243 782 5297 ἀλλὰ
809 5246 875 5312 τῇ
904 5246 1083 5313 ἐννοίᾳ
1112 5246 1171 5296 τὸ
1209 5246 1317 5296 πᾶν
1340 5245 1435 5308 τῆς
1475 5246 1823 5316 καταλλαγῆς

256 5336 607 5406 χαριζόμενοι
642 5335 805 5403 μέχρι
828 5334 929 5403 τῆς
961 5337 1187 5405 είρήνης
1218 5339 1286 5406 τῆ
1323 5338 1420 5406 τῆς
1450 5338 1653 5405 Ρὼμης
1698 5338 1815 5389 ‘Er-

256 5428 458 5499 πλησία
512 5427 941 5497 συνηγοροῦμεν.
1015 5428 1155 5481 Ἀλλ’
1201 5430 1249 5481 οί
1295 5431 1393 5503 μὲν
1463 5434 1822 5497 συκοφαντεῖν

257 5523 489 5589 ἕτοιμοι,
521 5520 615 5572 καὶ
647 5518 956 5572 διαϐάλλειν
1008 5521 1256 5590 εὐχερεῖς
1304 5522 1501 5581 πάντα,
1549 5540 1823 5590 συκοφαν-

256 5611 541 5673 τείτωσαν,
594 5609 1055 5665 διαϐαλλέτωσαν,
1110 5613 1296 5663 Ἔστιν
1337 5615 1366 5664 ό
1408 5612 1645 5666 δικάσων
1667 5614 1819 5677 Θεός.

262 5706 417 5756 Ἐστι
458 5703 675 5764 πάντως
727 5702 938 5772 κριτὴς,
959 5707 1085 5771 παρ’
1112 5698 1173 5756 οὗ
1206 5706 1301 5765 τὰς
1336 5704 1562 5767 εὐθύνας
1591 5707 1684 5757 καὶ
1714 5706 1821 5758 τῶν

262 5793 458 5859 λόγων,
501 5791 589 5845 καὶ
629 5792 735 5844 τῶν
780 5792 994 5858 τρόπων
1040 5791 1571 5863 εἰσπραχθησόμεθα.
1622 5796 1821 5872 ’Ἡμεῖς

1932 4604 2090 4659 Patre
2123 4604 2369 4673 Filioque
2408 4604 2732 4672 procedere;
2764 4607 2858 4657 sed
2904 4602 3071 4657 veluti
3109 4602 3197 4656 illa
3226 4613 3494 4657 terrarum

1931 4700 2081 4753 orbis
2112 4697 2401 4750 luminaria
2455 4700 2519 4748 ad
2574 4696 2900 4749 concordem
2955 4695 3277 4750 sententiam
3324 4693 3497 4761 respi—

1929 4793 2173 4855 cientes,
2237 4788 2534 4842 conllandaa
2610 4796 2817 4840 tantum
2861 4788 2975 4856 paci
3034 4798 3131 4838 sua
3183 4782 3499 4837 defensione

1930 4884 2167 4938 Studium
2195 4882 2463 4950 ponebant
2507 4899 2520 4933 :
2559 4880 2637 4933 sic
2669 4888 2723 4932 et
2757 4894 2855 4931 nos
2883 4878 3046 4930 veluti
3084 4876 3345 4943 discipuli
3377 4892 3496 4929 ma-

1930 4974 2131 5042 gistros
2162 4974 2282 5025 illos
2310 4980 2620 5037 sequentes,
2647 4984 2756 5021 non
2791 4967 3036 5029 dictioni,
3085 4966 3177 5019 sed
3214 4967 3497 5019 sententia:

1931 5073 2102 5116 totum
2130 5062 2405 5130 negotium
2441 5062 2589 5128 pacis
2630 5058 2993 5127 indulgentes,
3032 5056 3249 5110 unionis
3284 5064 3494 5109 tantum

1929 5154 2101 5224 gratia
2139 5155 2393 5205 Romanae
2446 5150 2703 5203 Ecclesiae
2747 5161 2929 5217 partes
2983 5146 3348 5201 defendimus.
3388 5148 3495 5199 Sed

1930 5247 2021 5315 qui
2065 5246 2296 5315 prompti
2335 5254 2463 5296 sunt
2501 5242 2566 5295 ad
2620 5241 3090 5303 calumniandutn,
3138 5248 3191 5291 et
3240 5239 3305 5291 ad
3338 5252 3501 5290 accu-

1929 5339 2159 5391 sandum
2201 5337 2385 5389 omnia
2425 5334 2676 5402 propensi
2739 5331 3166 5397 ealumuientur,
3215 5340 3495 5383 accusent.

1934 5428 2046 5481 Erit
2081 5429 2170 5491 qui
2205 5426 2474 5495 judicabit
2532 5423 2694 5479 Deus.
2745 5422 2842 5477 Est
2902 5438 3129 5492 prorsus
3180 5420 3369 5490 judex,
3412 5419 3499 5472 cui

1929 5531 1981 5572 ιιι
2039 5534 2353 5573 sermonum
2415 5526 2469 5571 et
2504 5516 2623 5569 vita:
2680 5516 2946 5569 rationem
3012 5513 3324 5566 reddemus.
3388 5510 3499 5564 Nos

1932 5626 2093 5675 porro
2140 5612 2279 5665 hanc
2310 5610 2613 5679 apologiam
2640 5606 3031 5678 persolvimus,
3066 5619 3134 5659 ne
3179 5604 3307 5675 quid
3340 5619 3498 5657 scau-

1931 5702 2038 5755 dali
2075 5703 2401 5772 simplicium
2436 5700 2695 5755 cordibus
2756 5700 2982 5766 irrepat,
3040 5698 3136 5767 qui
3188 5696 3320 5751 nihil
3376 5696 3495 5749 sani

1928 5808 2234 5864 praeconum
2269 5810 2416 5849 more
2440 5792 2812 5863 pronuntiant,
2858 5790 3033 5857 vobis,
3063 5804 3202 5859 quos
3231 5802 3345 5841 mea
3378 5802 3492 5841 meo
