4214 6446
796 401 815 460 1
827 401 933 463 023

1852 407 2057 467 JOAN.
2104 406 2310 466 \‘ECCI
2356 405 2464 465 Cl’.
2510 402 3017 463 PATRIARCHE

3899 398 4047 464 1024

795 516 1089 572 fessionem
1128 520 1290 580 tueri,
1325 536 1485 573 unam
1534 537 1664 575 vero
1708 524 2091 583 asserentium,
2144 530 2361 591 propter

2467 515 2654 581 λογίας
2705 516 3065 569 ὗποστάσεων
3097 516 3485 584 ἀντεχόμενος,
3537 516 3634 584 τὴν
3664 515 3719 567 δὲ
3767 512 4046 566 καταλλα-

795 604 1101 674 bypostasis
1141 611 1286 662 varia
1341 610 1643 678 signiﬁcata
1681 612 1997 675 amicitiam,
2030 613 2235 679 absque
2275 628 2361 665 re-

793 696 1155 765 prehensione
1174 701 1540 769 amplexatum
1572 703 1762 767 fuisse,
1796 702 1939 773 quod
1972 702 2045 756 illi
2077 705 2362 757 sententia:

790 802 904 841 sua;
933 803 1040 841 non
1080 803 1462 859 repugnarent.

859 879 913 933 4.
945 880 1007 932 Et
1036 880 1178 935 lianc
1207 884 1424 951 quidem
1452 874 1812 940 teconomiam
1838 888 1997 956 primi
2030 889 2360 955 exemplaris

792 970 962 1024 nostri
983 987 1265 1030 sermones
1292 987 1635 1033 conservant.
1674 978 1920 1034 Secunda
1948 995 2047 1035 nec
2073 981 2356 1035 minimum

790 1062 1007 1129 quidem
1031 1064 1197 1119 distat
1230 1083 1260 1120 a
1291 1069 1486 1136 prima.
1525 1070 1656 1124 Nam
1718 1086 1784 1125 ex
1813 1073 1971 1126 Patre
2014 1088 2108 1139 per
2134 1071 2359 1133 Filium.

713 1150 715 1153 ’
790 1150 1019 1222 ideoque
1056 1172 1121 1210 ex
1160 1166 1389 1225 utroque
1433 1161 1807 1215 exsistentiam
1848 1161 2047 1215 viviﬁci
2091 1163 2356 1231 Spiritus,

786 1258 853 1297 ex
918 1247 1122 1314 scripto
1200 1250 1432 1313 traditis,
1496 1267 1634 1319 quas
1696 1268 1796 1307 nec
1880 1255 2178 1309 adversarii
2256 1256 2357 1323 ipsi

788 1334 1000 1390 inﬁcias
1034 1336 1253 1401 iverint,
1286 1342 1572 1397 sententiis
1611 1345 2076 1408 demonstrantes.
2120 1347 2359 1417 indeque

799 1427 1058 1483 Romanae
1119 1430 1373 1486 Ecclesia!
1409 1433 1745 1504 inculpatum
1778 1437 1969 1507 dogma
2019 1440 2357 1507 colligentes,

786 1532 855 1572 es
924 1534 1033 1572 una
1098 1535 1265 1592 causa
1347 1522 1507 1578 Patre
1569 1536 1625 1581 et
1694 1527 1829 1580 Filio
1911 1544 2033 1584 esse
2097 1530 2355 1598 Spiritum

785 1614 1121 1676 asserentis,
1198 1630 1305 1668 non
1394 1619 1571 1685 palam
1656 1619 1886 1673 similem
1974 1635 2163 1675 vocem
2216 1624 2357 1677 scri-

785 1710 878 1767 pto
946 1705 1314 1770 tradebamus,
1411 1710 1503 1763 sed
1559 1711 1612 1764 in
1696 1711 1968 1780 plerisque
2039 1723 2352 1769 nostrarum

785 1792 1139 1860 scriptionum
1174 1798 1439 1864 partibus,
1493 1802 1666 1857 dictas
1705 1803 1911 1871 scripto
1956 1806 2180 1860 traditas
2233 1796 2364 1861 seu;

2467 607 2571 676 γὴν
2598 608 2708 659 τῶν
2739 607 2871 676 μίαν
2913 608 3181 674 λεγόντων
3219 608 3523 659 ὑπόστασιν
3552 607 3640 659 διὰ
3688 604 3748 658 τὸ
3792 603 3903 657 ἀπὸ
3932 602 4043 654 τῶν

2466 698 2759 766 σημασιῶν
2782 699 2884 767 τῆς
2911 698 3262 761 ὑποστάσεως
3311 701 3406 751 ἐπὶ
3444 698 3719 767 συνδρομῇ
3749 696 3842 749 τοῦ
3865 694 4041 749 αὑτοῦ

2465 791 2817 859 φρονήματος
2849 778 3144 861 σύμφωνον
3174 791 3567 861 ἀνεπιλήπτως
3610 789 3965 858 ποιούμενος.

2530 882 2592 934 δ’.
2646 883 2877 951 Πρώτην
2934 885 3032 951 μὲν
3084 879 3180 937 οὖν
3241 882 3447 953 ταύτην
3493 882 3811 950 οἰκονομίαν
3851 882 3902 933 οἰ
3938 880 4042 946 τῆς

2464 974 2826 1043 πρωτοτύπου
2856 976 3015 1046 ήμῶν
3050 976 3233 1045 βίϐλου
3266 976 3451 1044 ἔχουσι
3485 976 3631 1042 λόγοι
3652 988 3666 1003 ⁸
3694 974 3959 1043 δευτέραν
3982 973 4043 1024 δι

2461 1065 2562 1132 τῆς
2621 1067 2844 1135 πρώτης
2903 1067 3244 1139 αποδέουσαν
3296 1067 3569 1135 οὐδαμῶς,
3628 1068 3712 1119 ὅτι
3745 1082 3807 1132 γε
3843 1064 3946 1132 τὴν
3976 1064 4043 1115 ιιι

2463 1154 2680 1222 Πατρὸς
2734 1154 2804 1208 δι’
2866 1154 3020 1218 Υἰοῦ,
3072 1156 3166 1207 καὶ
3222 1155 3363 1208 κατὰ
3417 1153 3576 1207 τοῦτο
3606 1156 3700 1206 καὶ
3733 1154 3792 1217 ὲξ
3831 1153 4043 1220 ἀμτοϊν

2463 1242 2703 1311 ὕπαρξιν
2732 1245 2828 1297 τοῦ
2854 1245 3171 1315 ζωαρχικοῦ
3204 1244 3545 1315 Πνεύματος,
3579 1244 3637 1308 ἐξ
3679 1237 3755 1302 ὧν
3806 1244 3855 1295 οἰ
3892 1243 4043 1293 ἀντι-

2461 1333 2746 1397 δικοῦντες
2773 1336 2927 1389 αὐτό.
2952 1338 3241 1407 γραφικῶν
3270 1337 3585 1406 ὡμολόγουν
3614 1333 4042 1391 ἀποδεικνύντες
4100 1375 4108 1383 .

2460 1428 2650 1497 ἡμεῖς,
2710 1428 3016 1481 κάντεῦθεν
3076 1428 3139 1480 τὸ
3188 1428 3286 1498 τῆς
3359 1427 3675 1496 Ῥωμαῖκῆς
3711 1424 4044 1492 Ἑκκλησίας

2464 1520 2718 1582 συνάγειν
2769 1518 2984 1590 ἔχοντες
3034 1520 3433 1589 ἀνεπίληπτον,
3488 1519 3548 1583 ἐξ
3592 1520 3711 1581 ἐνὸς
3741 1518 3919 1570 αἰτίου
3948 1515 4041 1567 τώ

2464 1611 2677 1679 Πατρός
2722 1628 2783 1663 τε
2826 1613 2927 1665 οκαὶ
2952 1612 3052 1665 τοῦ
3090 1613 3219 1665 Υίοῦ
3248 1613 3311 1664 τὸ
3344 1612 3569 1679 Πνεῦμα
3594 1611 3866 1681 λεγούσης
3899 1604 4042 1662 εἶναι

2459 1699 2521 1750 τὸ
2559 1699 2739 1768 ἅγιον,
2773 1702 2898 1772 ούχί
2924 1704 3140 1770 τρανῶς
3174 1703 3274 1771 τὴν
3300 1702 3561 1770 τοιαύτην
3624 1701 4040 1770 ἐλογογραφοῦ-

2466 1807 2564 1858 μεν
2623 1792 2832 1864 φωνὴν,
2901 1795 3017 1847 ἀλλ’
3071 1797 3128 1847 ιν
3173 1795 3390 1857 πολλοῖς
3433 1794 3545 1846 τῶν
3576 1795 3864 1863 ἡμετέρων
3905 1810 4045 1861 γρι-

785 1893 983 1939 tenttas
1005 1887 1333 1957 digerentes,
1370 1894 1628 1947 continuo
1676 1896 2080 1957 colligebamus.
2141 1914 2203 1950 ex
2248 1914 2359 1953 uno

2462 1882 2580 1949 φῶν
2623 1884 2815 1954 μέρεσι
2863 1887 2961 1950 τὰς
3020 1888 3316 1955 εἰρημένας
3352 1886 3873 1951 καταστρωννύντες
3905 1903 4044 1952 γρα-

782 1992 904 2031 esse
945 1977 1075 2042 Deo,
1123 1996 1285 2049 quam
1319 1998 1506 2036 vocem
1538 1986 1605 2038 ab
1644 1987 1896 2041 omnibus
1918 1987 2160 2042 hilariter
2181 1990 2359 2057 excipi

2463 1975 2630 2043 φικὰς
2685 1978 2874 2047 ῥήσεις
2934 1981 3312 2048 συμπέρασμα
3370 1978 3651 2047 πανταχοῦ
3709 1978 3803 2031 τοῦ
3853 1978 3931 2041 ὡς
3982 1978 4043 2042 ἐξ

782 2071 1269 2138 cognoscebamus.
1333 2074 1507 2138 Ouum
1545 2092 1704 2145 porro
1733 2078 1802 2131 ob
1830 2094 2051 2133 causam
2082 2080 2355 2149 negotium

2461 2068 2578 2131 ἐνὸς
2614 2070 2947 2140 ἐποιούμεθα
2976 2071 3135 2138 Θεοῦ,
3175 2073 3272 2127 ἆτε
3307 2072 3371 2143 δὴ
3404 2074 3610 2133 πάντας
3642 2076 3743 2141 τὴν
3772 2072 4040 2137 τοιαύτην

780 2159 861 2215 sic
892 2165 1370 2234 transigebamus?
1406 2166 1738 2223 (Economia
1774 2179 2010 2237 utentes,
2065 2188 2225 2240 quam
2272 2175 2356 2227 cui

2458 2156 2697 2227 δρῶντες
2764 2159 2967 2232 ίλαρῶς
3042 2166 3441 2234 προσιεμένους
3495 2164 3703 2233 φωνήν.
3756 2162 3825 2217 Τί
3880 2164 4045 2217 τοῦτο

782 2264 810 2302 a
856 2250 1128 2323 theologia
1184 2271 1379 2310 nomen
1431 2266 1533 2321 est,
1578 2275 1773 2329 magno
1822 2260 2023 2315 Basilio
2080 2266 2352 2327 vendicat,

780 2356 906 2395 cum
952 2343 1019 2397 de
1053 2344 1146 2399 illo
1199 2347 1409 2401 tradit:
1442 2347 1531 2402 Sic
1588 2352 1677 2403 ille
1732 2354 1786 2404 in
1836 2352 2047 2420 judicio
2096 2371 2357 2409 sermones

780 2450 903 2487 suos
923 2435 1198 2504 disponere
1224 2439 1527 2506 judicabat,
1551 2444 1849 2506 paululum.
1884 2462 1946 2498 ac
1976 2446 2099 2498 belli
2133 2456 2356 2514 tempus,

784 2534 834 2577 et
900 2526 1268 2581 luereticorum
1328 2532 1619 2599 potentiam
1672 2534 2059 2604 aliquantisper
2108 2543 2358 2597 tolerare.

779 2607 953 2679 quoad
988 2614 1253 2671 libertatis
1288 2619 1793 2689 tranquillitatisque
1824 2633 2025 2691 tempus
2073 2627 2359 2679 successis-

784 2715 881 2765 set,
928 2705 1258 2778 declissetque
1311 2710 1509 2781 lingua!
1579 2713 1975 2781 conﬁdentiam.
2036 2713 2172 2769 Cum
2212 2715 2357 2770 enim

780 2796 915 2850 nihil
967 2796 1181 2854 diﬁ‘erat
1235 2816 1299 2856 ex
1340 2819 1449 2856 uno
1477 2804 1606 2868 Deo,
1669 2805 1753 2857 vel
1784 2820 1848 2858 ex
1881 2822 1987 2859 una
2022 2822 2187 2860 causa
2234 2807 2357 2872 hoc,

780 2890 1041 2956 quidquid
1065 2902 1167 2958 est,
1206 2907 1329 2948 esse
1349 2909 1613 2961 asserere,
1660 2898 1705 2950 si
1751 2898 2016 2968 quidquid
2047 2915 2110 2953 es
2147 2900 2256 2955 Deo
2303 2910 2357 2955 et

781 2996 879 3050 per
911 2980 1077 3035 Deum
1107 2998 1227 3037 esse
1262 2985 1590 3052 afﬁrmatur,
1635 2991 2009 3043 tantummodo
2061 2993 2378 3045 secundum

784 3087 968 3127 causa:
1019 3074 1305 3141 rationem,
1369 3093 1467 3131 ncc
1509 3078 1738 3134 alterius
1772 3082 2074 3150 cujuspiam
2111 3082 2353 3137 dicitur:

2462 2251 2777 2315 ποιοῦντεςς
2816 2253 2925 2321 Τὴν
2953 2254 3268 2323 οἰκονομίαν
3295 2256 3599 2323 μετιόντες,
3629 2256 3696 2326 ἢν
3735 2258 3763 2308 6
3794 2257 3896 2324 τῆς
3934 2259 4044 2308 θεο-

2460 2341 2647 2407 λογίας
2680 2345 2966 2413 ἐπώνυμος
2997 2346 3073 2416 τῷ
3105 2348 3327 2417 μεγάλῳ
3356 2349 3621 2417 Βασιλείῳ
3675 2367 4041 2420 προσμαρτυ›

2475 2435 2560 2502 ρετ
2591 2436 2648 2484 ὲν
2683 2429 2763 2497 οἷς
2792 2436 2919 2503 περί
2951 2436 3116 2489 αὐτοῦ
3147 2454 3334 2507 φησιν·
3374 2439 3474 2503 Ὠς
3527 2437 3869 2506 οἰκονομεῖν
3902 2438 4043 2500 τοὺς

2457 2525 2686 2592 λόγους
2733 2525 2805 2579 ἐν
2856 2527 3047 2593 κρίσει
3085 2529 3203 2581 τῶν
3251 2529 3497 2583 δικαίων
3530 2528 3778 2596 ἐνόμιζε,
3818 2531 4041 2597 μικρὸν

2458 2614 2608 2669 ὅσον
2646 2618 2753 2669 τὸν
2787 2618 2892 2671 τοῦ
2919 2620 3187 2688 πολέμου
3218 2622 3513 2690 διαφέρων
3536 2624 3766 2688 καιρὸν,
3796 2623 3892 2673 καί
3930 2624 4043 2686 τὴν

2456 2706 2575 2759 τῶν
2616 2710 2928 2776 αίρετικῶν
2970 2711 3359 2777 δυναστείαν,
3413 2714 3525 2779 ἕως
3578 2716 3611 2767 ὀ
3658 2713 3768 2780 τῆς
3798 2715 4042 2767 ἐλευθε-

2449 2802 2589 2866 ρίας
2614 2801 2711 2853 καί
2744 2802 2854 2869 τῆς
2878 2804 3111 2869 αἰθρίας
3148 2804 3403 2870 ἐπιλάϐῃ
3442 2805 3672 2872 καιρὸς,
3704 2806 3805 2857 καὶ
3841 2806 3928 2869 δῷ
3968 2804 4041 2870 τῆ

2456 2894 2706 2961 γλώσσῃ
2734 2894 2849 2958 τὴν
2905 2896 3272 2963 παρρησίαν.
3320 2896 3474 2948 Ἐπεὶ
3508 2897 3619 2965 γὰρ
3643 2897 3897 2966 διαφέρει
3937 2914 4041 2963 μη-

2457 2981 2544 3034 δὲν
2562 2983 2618 3047 ἐξ
2640 2984 2757 3045 ἑνὸς
2778 2984 2937 3046 Θεοῦ,
2959 2986 2990 3054 ἣ
3017 2985 3073 3051 ἐξ
3098 2985 3212 3047 ἐνὸς
3239 2986 3435 3044 αἰτίου.
3454 2986 3573 3037 τόδε
3602 3004 3653 3039 τι
3671 2981 3813 3038 εἶναι
3832 2988 4039 3048 εἰπεῖν,

2452 3074 2571 3141 εἴγε
2603 3076 2713 3128 πᾶν
2740 3075 2800 3128 τὺ
2822 3077 2883 3128 ὲκ
2903 3075 3039 3129 Θεοῦ
3073 3076 3168 3129 καὶ
3190 3076 3280 3128 διὰ
3304 3075 3399 3129 τοῦ
3423 3076 3558 3129 Θεοῦ
3584 3072 3724 3130 εἶναι
3740 3078 4041 3145 λεγόμενον

780 3164 1120 3234 aduectoque
1155 3167 1262 3233 iam
1300 3171 1535 3224 orationi
1584 3186 1739 3235 mea).
1765 3172 2029 3241 reliquum
2070 3174 2354 3244 theologici

2464 3166 2604 3218 κατὰ
2635 3166 2796 3234 μόνον
2827 3166 2919 3219 τὸν
2955 3167 3055 3237 τῆς
3084 3168 3289 3231 αἰτίας,
3317 3170 3523 3238 ἥκιστα
3549 3172 3689 3221 κατὰ
3726 3169 3889 3236 λόγον
3917 3170 4043 3222 ἔτει

777 3260 931 3322 dicti.
950 3265 1403 3329 quemadmodum
1438 3281 1666 3334 magnus
1694 3268 1850 3323 Pater
1878 3281 2063 3324 noster
2087 3272 2354 3340 Bas'tius,

782 3361 836 3407 et
864 3356 1028 3412 rebus
1049 3359 1270 3425 agendis
1304 3360 1540 3415 eximius
1569 3379 1583 3415 :
1620 3362 1753 3415 Cum
1785 3366 2023 3420 veritatis
2054 3369 2226 3420 hostes
2259 3385 2356 3421 nu-

778 3448 901 3498 dam
936 3458 985 3500 et
1034 3460 1272 3516 apertam
1298 3450 1361 3504 de
1391 3450 1597 3521 Spiritu
1630 3472 1825 3519 vocem,
1855 3461 1993 3525 quod
2024 3470 2161 3513 esset
2191 3460 2353 3525 Deus,

782 3540 1059 3592 rriminari
1112 3551 1434 3610 satagerent,
1495 3547 1635 3613 quod
1683 3550 1894 3617 quidem
1929 3553 2141 3603 tametsi
2178 3569 2354 3606 verum

776 3641 913 3690 erat.
948 3632 1165 3699 impium
1202 3643 1373 3689 tamen
1397 3637 1461 3689 ab
1483 3638 1614 3695 illis.
1658 3651 1815 3706 atque
1871 3643 2031 3707 impio
2063 3644 2354 3712 impietatis

781 3726 1013 3777 antistiti
1061 3728 1428 3794 reputabatur.
1472 3731 1592 3783 hinc
1622 3733 1680 3783 in
1734 3732 1859 3785 aliis
1888 3735 2097 3802 quidem
2146 3737 2355 3792 vocibus

778 3817 976 3882 scripto
1031 3819 1265 3880 traditis.
1300 3828 1349 3873 et
1385 3824 1702 3875 testimoniis
1740 3826 1956 3878 minime
2016 3828 2213 3891 dubiis,
2261 3830 2354 3882 sed

784 3907 921 3961 idem
974 3912 1304 3975 sonantibus,
1360 3914 1435 3967 sic
1477 3915 1894 3972 contradicentes
1945 3922 2234 3985 coercebat,
2293 3932 2353 3975 ut

780 4011 963 4053 contra
991 4001 1190 4056 hiscere
1232 4020 1333 4056 non
1368 4006 1641 4067 auderent,
1666 4008 1756 4062 se'd
1790 4012 2017 4078 propriis
2042 4012 2125 4064 illi
2145 4014 2353 4066 vocibus

780 4092 1157 4161 colligerentur
1184 4111 1201 4147 :
1225 4098 1492 4163 propriam
1524 4108 1700 4151 autem
1739 4116 1910 4153 vocem
1947 4102 2000 4154 in
2036 4102 2187 4155 aliud
2218 4115 2353 4156 tem-

779 4200 877 4253 pus
905 4185 1204 4252 differebat,
1258 4186 1456 4239 nullum
1512 4188 1635 4241 inde
1682 4190 1922 4254 futurum
1962 4192 2353 4245 incommodum

778 4278 1114 4340 existimans,
1183 4280 1229 4333 si
1293 4296 1579 4350 parumper
1620 4283 1826 4335 vocibus
1885 4283 2207 4345 immutatis,
2266 4285 2352 4336 di-

777 4372 1038 4423 ctionibus
1105 4371 1229 4425 aliis
1310 4374 1447 4426 idem
1525 4373 1849 4427 edoceretur.
1926 4374 2080 4437 Quod
2137 4391 2239 4428 non
2297 4376 2351 4428 in

777 4462 942 4515 verbis
968 4464 1165 4529 potius,
1212 4480 1367 4531 quam
1396 4464 1451 4516 in
1488 4462 1639 4517 rebus
1670 4474 1852 4517 nostra
1886 4465 2031 4517 salus
2068 4466 2345 4519 consistat.

2464 3273 2559 3325 ρον
2604 3256 2822 3320 λέγεται
2848 3270 2863 3286 ⁸
2895 3258 3095 3327 καὶτῷ
3140 3258 3285 3328 λόγῳ
3332 3260 3431 3329 ἠδη
3472 3260 3809 3328 προστίθημι
3844 3261 3910 3313 τὸ
3942 3264 4044 3328 τῆς

2461 3344 2777 3417 θεολογικῆς
2800 3346 3085 3401 ἐπίλοιπον
3112 3350 3347 3417 ρήσεως,
3374 3348 3563 3416 ῶσπερ
3587 3350 3614 3401 6
3643 3350 3818 3417 μέγας
3848 3350 4042 3416 Πατὴρ

2457 3437 2617 3507 ὴμῶν
2674 3438 2953 3502 Βασίλειος
3000 3440 3029 3492 6
3089 3439 3255 3501 πολύς
3285 3458 3299 3472 ·
3331 3439 3453 3495 Τῶν
3476 3439 3588 3507 τῆς
3619 3441 3916 3507 ἀληθείας
3944 3442 4045 3509 ἐχ-

2461 3528 2621 3597 θρῶν
2659 3529 2993 3597 ζητούντων
3016 3531 3306 3586 λαϐέσθαι
3337 3531 3571 3600 γυμνῆς
3609 3533 3717 3599 τῆς
3748 3533 3887 3600 περὶ
3938 3531 4044 3587 τοῦ

2458 3622 2807 3690 Πνεύματος
2833 3621 3061 3690 φωνῆς,
3089 3621 3169 3686 ὡς
3193 3621 3287 3688 εἴη
3323 3624 3489 3687 Θεὸς,
3527 3622 3674 3689 ὅπερ
3699 3621 3773 3675 δν
3816 3624 4047 3688 ἀληθὲς

2457 3713 2671 3777 ἀσεϐὲς
2728 3713 2985 3777 ἐκείνοις
3030 3711 3510 3781 ὑπελαμϐάνετο,
3572 3713 3670 3765 καί
3723 3713 3806 3779 τῷ
3873 3715 4045 3777 κακῷ

2456 3806 2765 3874 προστάτῃ
2816 3806 2927 3874 τῆς
2962 3807 3265 3872 ἀσεϐείας,
3313 3806 3497 3871 αὐτὸς
3544 3808 3615 3860 ἐν
3657 3806 3884 3873 ἄλλοις
3926 3810 4046 3877 μὲν

2456 3898 2683 3968 φωναῖς
2704 3897 3039 3969 τραφικαῖς,
3070 3899 3169 3951 καί
3196 3900 3543 3967 μαρτυρίαις
3573 3900 4047 3967 ἀναμφιλέκτοις

2456 3994 2680 4046 ταυτὸν
2708 3992 3070 4060 δυναμέναις
3101 3992 3287 4056 οὕτως
3322 3989 3471 4059 ἦγχε
3505 3992 3647 4057 τοὺς
3687 3992 4046 4060 ἀντιλέγον-

2454 4101 2582 4149 τας,
2643 4084 2723 4149 ὡς
2777 4084 2915 4152 μηδ’
2974 4085 3339 4137 ἀντιϐαίνειν
3394 4085 4045 4152 ἔχειν,ἀλλ⁹οίκείαις

2455 4174 2811 4229 συνδεῖσθαι
2838 4175 3087 4243 φωναῖςο
3116 4175 3232 4240 τὴν
3258 4175 3327 4227 δὲ
3378 4178 3596 4242 κυρίαν
3630 4176 3848 4244 φωνὴν
3895 4177 4047 4243 τέως

2455 4270 2856 4335 ὑπερετίθετο,
2884 4268 3184 4336 μηδεμίαν
3215 4263 3368 4320 εἶναι
3421 4268 3632 4337 ζημίαν
3675 4269 4044 4336 ἡγούμενος,

2455 4360 2578 4428 sire
2605 4360 2823 4427 μικρὸν
2870 4359 2989 4413 τῶν
3036 4360 3266 4413 λέὲεων
3306 4360 3885 4428 ὑπαλλαττομένων,
3923 4381 4045 4429 φω-

2456 4452 2592 4517 ναῖς
2626 4452 2845 4517 ἇλλαις
2908 4454 2975 4505 τὸ
3019 4454 3160 4507 ίσον
3206 4452 3577 4507 διδάσκεται·
3635 4453 3726 4507 ὅτι
3788 4455 3930 4521 μηδ’
3977 4457 4045 4508 ἐν

781 4551 901 4605 Pari
934 4555 1144 4606 ratione
1184 4569 1283 4607 nos
1319 4569 1535 4624 quoque
1563 4554 1638 4608 nti
1662 4554 1889 4617 alumni,
1941 4565 1994 4607 et
2036 4555 2344 4609 administri

2457 4542 2673 4608 ῥήμασι
2699 4540 2943 4609 μᾶλλον
2991 4542 3029 4609 ἣ
3090 4542 3437 4612 πράγμασιν
3468 4544 3507 4609 ἡ
3543 4545 3813 4610 σωτηρία
3842 4518 3996 4613 i'Luis-
4030 4562 4044 4575 ·

780 4644 1026 4712 magistri
1059 4644 1375 4712 dominique
1404 4646 1585 4700 Basilii
1636 4646 1879 4715 vestigiis
1916 4645 2250 4708 insistentes,
2281 4663 2348 4700 ex

781 4749 888 4787 uno
925 4734 1033 4789 Deo
1082 4748 1464 4805 preponentes,
1505 4738 1648 4808 quod
1692 4737 1922 4792 faciliter
1977 4737 2116 4805 apud
2158 4738 2349 4791 adver-

781 4827 1154 4883 sarioslocum
1186 4830 1510 4893 inveniebat,
1562 4831 1704 4897 quod
1760 4846 1825 4884 ex
1861 4846 1966 4884 una
2001 4845 2165 4884 causa
2198 4845 2351 4886 asse-

781 4920 958 4983 rebat,
997 4923 1049 4976 in
1083 4924 1227 4977 aliud
1264 4933 1477 4994 tempus
1513 4924 1915 4986 deferebamns,
1958 4925 2086 4977 illud
2128 4939 2353 4991 prorsus

779 5014 949 5082 probe
976 5024 1239 5079 tenentes,
1292 5032 1418 5070 cum
1453 5029 1817 5086 opportunum
1855 5026 2067 5084 tempus
2119 5018 2350 5070 institis-

784 5116 887 5170 set,
928 5122 956 5160 a
1006 5106 1304 5161 dictionum
1355 5108 1404 5161 vi
1438 5108 1632 5175 :equali
1682 5108 1985 5175 eodemque
2041 5108 2348 5176 signiﬁcatu

784 5198 1142 5251 exhibendam
1171 5200 1325 5253 nobis
1362 5201 1687 5261 libertatem,
1727 5210 1779 5253 ct
1819 5197 2203 5253 conﬁdentiam
2258 5216 2356 5255 cx-

782 5290 970 5361 quisiti
1000 5291 1266 5358 dogmatis
1295 5293 1596 5345 asserendi.

857 5381 909 5435 5.
944 5382 1004 5434 Et
1039 5382 1278 5442 tandem.
1342 5383 1415 5435 uti
1447 5382 1884 5451 exspectabatur,
1939 5382 2137 5437 evenit.
2191 5380 2355 5434 Nam-

788 5488 894 5543 que
950 5489 1055 5528 non
1087 5474 1246 5544 longo
1281 5474 1561 5542 iuterjerto
1616 5475 1918 5537 intervallo,
1985 5483 2194 5541 tempus
2233 5488 2356 5526 vere

791 5565 943 5619 nobis
992 5567 1297 5621 serenitatis
1353 5581 1415 5619 ac
1446 5566 1705 5622 libertatis
1732 5565 1937 5619 nullum
1976 5565 2185 5625 incidit,
2212 5564 2354 5633 quod

792 5656 1075 5724 theologia:
1100 5660 1447 5725 cognominis
1479 5659 1746 5713 libertatis
1790 5670 1842 5712 et
1874 5657 2359 5712 conﬁdentitetem-

795 5764 895 5817 pus
932 5748 1299 5813 existimabat,
1347 5750 1534 5803 incidit
1584 5750 1960 5811 nihilominus,
2010 5747 2237 5817 quodet
2290 5761 2351 5799 ex

795 5850 1109 5908 tempestate
1144 5842 1194 5895 in
1244 5842 1359 5912 ipso
1405 5852 1611 5909 exorta,
1678 5852 1730 5898 et
1779 5844 1829 5897 in
1879 5843 1996 5912 ipso
2047 5851 2355 5912 potentatus

2454 4633 2597 4687 οὓτω
2634 4636 2730 4687 καὶ
2764 4635 2947 4704 ἡμεῖς,
2971 4636 3022 4688 οἰ
3062 4636 3135 4694 ὡς
3184 4636 3423 4705 μαθηταὶ
3478 4636 3573 4689 καὶ
3631 4635 3809 4688 δοῦλοι
3844 4639 3926 4704 τῷ
3966 4638 4046 4689 δι-

2455 4726 2716 4793 δασκάλῳ
2772 4730 2867 4779 καὶ
2920 4727 3155 4797 δεσπότῃ
3220 4727 3488 4793 Βασιλείῳ
3545 4726 3825 4794 ἑπόμενοι,
3898 4729 3959 4780 το
3986 4728 4045 4789 ἐξ

2459 4816 2577 4877 ἐνὸς
2604 4814 2740 4867 Θεοῦ
2771 4815 3169 4885 προτείνοντες,
3202 4814 3292 4868 διὰ
3323 4818 3383 4869 τὸ
3411 4816 3846 4884 εὖπαράδεκτον,
3892 4819 3956 4870 τὸ
3984 4817 4043 4882 ἐξ

2458 4908 2578 4972 ὲνδς
2608 4908 2785 4961 αἰτίου
2822 4909 3231 4975 ἀνεϐαλλόμεθα
3261 4908 3399 4977 πρὸς
3426 4909 3636 4979 καιρὸν,
3668 4910 3853 4961 ἐκεῖνο
3901 4912 4043 4963 πάν-

2459 5018 2567 5063 τως
2596 5002 2776 5063 καλῶς
2812 5000 3179 5069 λογιζόμενοι,
3213 5000 3310 5061 ὡς,
3343 5001 3482 5052 ἐπὰν
3512 5001 3540 5053 6
3563 5002 3861 5068 προσήκων
3904 5004 4044 5070 ἡμῖν

2460 5095 2682 5163 ἑνσταίη
2718 5094 2911 5164 καιρὸς
2936 5094 2996 5146 τὸ
3019 5092 3128 5144 τῶν
3156 5092 3356 5158 λέξεων
3392 5091 3716 5160 ίσοδύναμον
3760 5096 4042 5163 παράσχοι

2461 5185 2527 5239 ἂν
2558 5187 2692 5254 ἡμῖν
2723 5186 2819 5254 τὴν
2852 5186 2943 5237 ἐπὶ
2972 5185 3050 5254 τῷ
3073 5182 3295 5253 ἀκριϐεῖ
3344 5183 3440 5235 τοῦ
3491 5182 3764 5252 δόγματος
3816 5188 4043 5256 παρρη-

2460 5278 2600 5330 σίαν.

2530 5382 2591 5427 ε’.
2624 5375 2801 5443 Ὅπερ
2830 5369 2947 5433 οὗν,
2978 5373 3053 5435 ὼς
3085 5372 3475 5442 προσεδοκᾶτο,
3518 5371 3609 5421 καὶ
3669 5372 3925 5436 γέγονεν.
3960 5374 4033 5421 Οὐ

2460 5466 2596 5517 πολὺ
2633 5465 2738 5533 γὰρ
2779 5465 2839 5516 τδ
2894 5467 2952 5515 ὲν
2988 5465 3158 5533 μέσῳ,
3208 5464 3307 5516 καὶ
3341 5462 3535 5527 καιρὸς
3568 5462 3667 5529 μὲν
3696 5460 3920 5528 ἀληθῶς
3950 5465 4034 5513 αἱ·

2461 5558 2619 5626 θρίας
2648 5558 2741 5609 καὶ
2778 5555 3091 5625 ἐλευθερίας
3142 5557 3274 5625 ἡμῖν
3304 5554 3515 5621 ἐπέστη
3543 5553 3739 5615 οὐδεὶς,
3786 5552 3848 5604 δν
3887 5554 3915 5604 6
3940 5554 4036 5619 τῆς

2462 5652 2742 5718 θεολογίας
2766 5651 3057 5719 ἐπώνυμος
3088 5648 3280 5718 καιρ>.ν
3308 5642 3447 5701 εἶναι
3473 5646 3789 5716 παρρησίας
3825 5648 4032 5716 ἡγεῖτο,

2464 5750 2670 5813 ἐπέστη
2722 5745 2778 5796 δὲ
2822 5744 2973 5812 ὅμως
3018 5742 3045 5792 ὁ
3096 5742 3335 5809 μάλιστα
3388 5742 3492 5793 ὑπὸ
3520 5738 3612 5790 τοῦ
3652 5741 3707 5790 ἐν
3741 5738 3898 5807 αὑτῷ
3927 5756 4033 5807 xei-

2466 5840 2665 5909 μῶνος,
2701 5838 2794 5892 καὶ
2820 5836 2918 5905 τῆς
2962 5838 3017 5887 ὲν
3050 5834 3198 5903 αὐτῷ
3221 5831 3540 5893 δυναστείας
3566 5830 3736 5899 αὐτὴν
3761 5830 4026 5884 ἀπαιτῶν.
