4214 6446
194 398 334 462 1025

1512 391 1608 450 DE
1651 393 1716 452 L1
1730 393 1902 454 BRlS
1943 394 2134 455 SUlS.

3292 403 3425 468 1026

189 505 321 558 Ὅτε
368 504 466 572 μὲν
500 500 608 567 γάρ
659 498 728 552 τά
761 496 889 568 περὶ
941 499 1038 567 τῆς
1085 498 1554 567 ἐκκλησιαστικης
1581 501 1764 566 ἑλογο-
1793 512 1839 565 Α

1793 507 2208 574 Αόρροεοεεει.
2266 503 2402 561 Cum
2439 507 2584 559 enim
2645 509 2877 576 primum
2944 510 3011 564 de
3061 513 3428 568 ecclesiastica

187 595 457 667 γραφεῖτό
493 611 580 662 μοι
636 591 868 661 πρώτως
909 592 1162 661 εἰρήνης,
1200 591 1354 652 ὲλπίς
1382 609 1465 654 τις
1515 593 1610 645 ἐπὶ
1639 597 1752 657 τοῖς

188 688 537 753 ἀντιλέγουσι
593 683 1007 754 περιθάλπουσά
1061 701 1130 752 με
1195 682 1522 752 μετασολῆς.
1560 686 1618 733 ’0
1653 687 1762 753 γὰρ

189 779 384 844 ἀγαθῷ
421 775 684 830 συνειδότι
715 776 868 828 οὐδὲν
896 775 1040 827 οὕτω
1071 776 1258 846 ῥᾴδιον
1289 775 1430 844 ἔχων
1463 778 1542 836 εἰς
1575 775 1634 826 τὸ
1664 778 1765 829 πά-

193 887 295 938 σης
325 869 677 922 έθελοόοὑλου
712 866 1086 936 ίδιορῤυθμίας
1119 867 1218 937 τὴν
1248 868 1512 936 ἀλήθειαν
1565 868 1764 920 ἀνταλ-

189 961 501 1023 λάττεσθαι,
538 960 589 1010 τί
623 959 688 1010 ἂν
735 958 862 1010 ἄλλο
895 959 1022 1028 περὶ
1071 957 1177 1009 τῶν
1211 956 1387 1010 ἄλλων
1455 957 1765 1026 διανοηθείη

190 1054 354 1116 ποτέ;
414 1052 602 1120 ὥσπερ
629 1068 712 1112 τις
747 1050 928 1120 ἀγαθὴ
983 1049 1234 1103 ἀνέπειθε
1272 1050 1574 1118 σύμϐουλος
1625 1050 1754 1110 τῶν.

192 1145 268 1204 ὼς
327 1146 566 1214 εἴρηται,
598 1145 880 1211 πατρικῶν
925 1142 1241 1212 μεμνῆσθαι
1272 1143 1612 1211 οἰκονομιῶν,
1673 1143 1767 1195 καὶ

193 1239 358 1287 παντὶ
412 1235 590 1286 σθένει
623 1235 721 1296 τάς
775 1233 910 1302 πρὸς
945 1235 1070 1294 τοὺς
1121 1234 1499 1299 ἀντιλέγοντας
1550 1236 1768 1303 ὁμιλίας

191 1323 611 1393 ἐξομαλίζοντα,
643 1324 711 1375 δι’
746 1325 967 1376 ἐκείνων
995 1324 1191 1388 ταύτας
1225 1325 1332 1376 τῶν
1381 1325 1552 1392 λόγων
1595 1328 1767 1377 ποιεῖ-

189 1416 337 1477 σθαι,
389 1409 468 1477 οἷς
529 1415 852 1484 ἱλαρώτερον
899 1409 1043 1470 οὗτοι
1093 1420 1191 1478 τάς
1219 1417 1386 1478 ἀκοάς
1437 1417 1761 1484 προσέχουσι

193 1505 450 1573 μάλιστα.
487 1505 686 1557 Μέντοι
720 1523 781 1573 γε
805 1507 898 1558 καὶ
925 1505 1052 1569 τοὺς
1096 1505 1358 1578 ῥηθέντας
1389 1507 1766 1577 οἰκονομικοὺς

199 1598 424 1668 μετῄειν
465 1597 653 1665 λόγους
685 1597 817 1664 ἐγώ.

262 1823 337 1886 ς’.
371 1825 501 1876 Ὅτε
561 1823 617 1876 δὲ
657 1825 766 1876 τῶν
816 1827 1160 1894 πραγμάτιον
1218 1826 1641 1891 ἀλλοιωθέντων,
1695 1829 1763 1882 τά

188 1918 626 1986 ἐκκλησιαστικά
678 1917 797 1986 τὴν,
827 1917 902 1980 ὡς
946 1920 1150 1971 ἅπασιν
1177 1918 1466 1987 ἔγνωσται,
1498 1923 1764 1987 φαυλοτά-

190 2027 294 2079 την
330 2010 597 2077 σύγχυσιν
631 2010 922 2080 συνεχύθη,
959 2012 1054 2064 καὶ
1105 2013 1153 2064 οί
1201 2014 1294 2066 τοῦ
1346 2013 1575 2083 ψεύδους
1635 2016 1768 2082 ἡγε-

194 2102 358 2169 μόνες
390 2103 486 2152 καὶ
532 2103 768 2170 ἀρχηγοὶ
811 2105 950 2170 μετά
998 2102 1098 2171 τὴν
1133 2105 1190 2156 έν
1229 2106 1416 2171 μέσοις
1446 2105 1766 2173 ἀνακτόροις

191 2197 620 2262 ἀντιπρόσωπον
667 2194 825 2262 ἡμῶν
873 2195 1011 2264 πρὸς
1044 2196 1242 2257 αὐτοὺς
1298 2196 1554 2264 ἅμιλλαν,
1611 2197 1766 2248 τόσον

189 2286 286 2338 τοῦ
321 2286 553 2356 ἀληθοῦς
611 2285 1110 2355 κατηναιδεύσαντο
1167 2286 1454 2355 δόγματος,
1501 2286 1639 2339 ὥστε
1673 2290 1767 2339 καὶ

190 2379 441 2445 γραφαῖς
493 2379 563 2427 τὰ
615 2375 853 2445 πρόδηλα
912 2375 1014 2445 τῆς
1070 2376 1251 2429 αὐτῶν
1280 2377 1546 2447 αίρὲσεως
1587 2393 1766 2446 παρα-

189 2470 404 2532 δοῦναι,
425 2468 521 2522 καὶ
543 2467 738 2536 τόμους
763 2468 1042 2532 ἐκθέσθαι,
1065 2468 1314 2538 ἢστήλας
1339 2471 1640 2540 ἀναστῆσαι
1664 2469 1765 2538 τῆς

191 2561 377 2614 αὐτῶν
425 2559 702 2623 ἀσεϐείας,
736 2559 880 2611 εἴποι
935 2577 1018 2623 τις
1079 2561 1146 2613 ἂν
1177 2560 1511 2629 κυριώτερον
1573 2560 1764 2630 καιρὸν

192 2649 333 2705 εἶναι
389 2651 579 2705 τοῦτον
638 2651 738 2720 τῆς
771 2653 866 2703 ἐπὶ
931 2653 997 2719 τῇ
1053 2650 1310 2720 ἀκριϐείᾳ
1342 2651 1436 2703 τοῦ
1491 2649 1763 2717 δόγματος

197 2745 510 2817 παρρησίας
543 2746 705 2814 ἡμεῖς
740 2745 1112 2813 λογισάμενοι,
1153 2745 1213 2795 έν
1271 2743 1383 2812 ίδίῳ
1409 2759 1469 2796 τε
1514 2744 1665 2812 τόμῳ
1697 2745 1762 2794 τά

195 2841 434 2910 ῥηθέντα
471 2839 718 2907 δόγματα
765 2837 1108 2905 διελάὃομεν,
1140 2838 1248 2890 -καὶ
1277 2839 1305 2889 ό
1334 2837 1500 2905 τόμος
1532 2837 1624 2888 τὸν
1648 2835 1766 2906 τρίς

193 2950 289 2985 τον
320 2933 431 2985 τῶν
458 2937 553 2984 τοῦ
601 2931 847 3000 Κυπρίου
887 2932 1152 2998 αἱρέσεων
1178 2930 1488 2998 ἀναπληροῖ
1515 2928 1760 2997 ἔλεγχον,

196 3029 289 3077 καὶ
320 3027 422 3093 τὴν
456 3023 635 3091 βίϐλον
674 3026 983 3092 ἀντιγραφῇ
1025 3021 1358 3091 παραδοῦναι
1389 3022 1496 3073 τών
1537 3022 1766 3074 δεόντων

193 3119 520 3185 διέγνωμεν,
573 3117 646 3178 ὡς
676 3114 743 3168 ἂν
791 3118 818 3167 ὁ
853 3116 1018 3182 τόμος
1053 3107 1228 3177 οὗτος,
1271 3111 1371 3180 τῆς
1423 3113 1756 3180 ἀντιγράφου

1863 598 2084 660 unione,
2122 609 2174 649 et
2207 612 2335 666 pace
2358 601 2882 665 commentabamur,
2909 617 3032 671 spes
3059 613 3174 658 erat
3204 621 3305 660 nos
3318 606 3430 661 cir-

1871 687 2197 741 cumfovens
2219 702 2333 750 eos,
2359 689 2448 756 qui
2469 687 2737 741 contraria
2757 693 3082 755 asse.ehaut,
3107 706 3226 746 esse
3243 693 3436 744 immu-

1864 779 2075 830 tandos.
2128 775 2230 842 Qui
2260 780 2404 831 enim
2452 779 2619 845 proba
2669 781 3002 834 conscientia
3029 781 3079 834 id
3113 798 3280 834 uuutn
3329 783 3432 836 sibi

1870 870 2176 935 proposuit.
2233 867 2465 935 propria:
2498 879 2552 922 et
2586 869 2904 922 voluntaria:
2935 870 3176 937 opinioni
3213 871 3434 936 reliquis

1881 958 2210 1026 posthabitis
2281 963 2566 1011 veritatem
2632 974 2966 1027 praeponere,
3016 961 3143 1025 quid
3198 975 3438 1027 unquam

1872 1048 1936 1097 de
1970 1047 2092 1099 aliis
2129 1047 2532 1114 excogitasset?
2586 1048 2632 1100 Is
2673 1049 2835 1100 veluti
2883 1052 3054 1101 bonus
3092 1049 3436 1102 consil.ar.us

1868 1140 2150 1202 suasisset,
2180 1137 2554 1206 praedictarum
2588 1139 2810 1193 Patrum
2839 1142 3266 1193 (Bconominrum
3291 1157 3436 1191 tuen-

1872 1231 2071 1282 tioneut
2112 1231 2389 1292 inducere,
2426 1242 2478 1284 et
2517 1234 2663 1285 omni
2701 1234 2882 1286 studio
2919 1233 3178 1285 adversus
3212 1241 3432 1284 contra-

1869 1320 2134 1382 dicentes,
2168 1335 2293 1374 eum
2341 1322 2434 1390 qui
2468 1337 2589 1374 cum
2627 1325 2745 1375 aliis
2798 1323 2851 1374 in
2887 1324 3306 1377 collocutionem
3341 1340 3436 1376 ve-

1873 1411 1972 1473 nit,
2005 1426 2288 1464 sermones
2317 1412 2706 1476 emollientem,
2750 1429 2842 1481 per
2890 1431 2952 1468 ea
3012 1416 3082 1468 ita
3127 1415 3431 1468 orationem

1870 1501 2122 1570 dirigere,
2163 1504 2361 1563 quibus
2405 1502 2484 1555 illi
2512 1503 2874 1572 potissimum,
2913 1516 2965 1559 et
2999 1508 3171 1573 magis
3195 1506 3437 1558 hilariter

1868 1607 2029 1646 aures
2060 1595 2434 1658 praebuissent.
2471 1595 2703 1663 Ideoque
2725 1607 2776 1648 et
2813 1611 2973 1664 supra
3017 1597 3265 1650 laudatas
3292 1611 3436 1648 meo-

1871 1681 2176 1732 nomiarum
2221 1684 2460 1736 rationes
2493 1699 2607 1752 ipse
2640 1686 2989 1754 usurpabam.

1937 1819 1989 1873 6.
2043 1819 2179 1874 Cum
2226 1836 2356 1875 vero
2388 1823 2550 1878 rebus
2581 1825 2879 1879 immutatis
2911 1827 3123 1892 negotia
3163 1827 3428 1880 ecclesia-

1867 1914 2027 1977 stica,
2061 1914 2311 1982 pessima?
2351 1913 2680 1980 confusioni,
2728 1925 2785 1969 ut
2833 1931 3023 1972 omnes
3062 1927 3286 1982 norunt,
3332 1920 3434 1972 ob-

1869 2004 2030 2057 noxia
2093 2005 2234 2058 facta
2264 2015 2413 2069 sunt,
2455 2015 2510 2060 et
2561 2007 2829 2062 mendacii
2866 2007 3032 2062 duces
3071 2019 3127 2062 et
3163 2020 3432 2075 auctores,

1868 2105 1989 2163 post
2015 2106 2292 2148 certamen
2329 2112 2358 2150 a
2392 2098 2552 2152 nobis
2581 2100 2808 2152 adversa
2845 2099 2982 2153 facie
3015 2100 3066 2151 in
3104 2101 3281 2154 media
3313 2100 3434 2153 aula

1867 2203 1990 2240 cum
2050 2188 2161 2242 illis
2212 2189 2428 2252 initum,
2491 2191 2824 2244 tantumdem
2889 2193 2941 2244 in
2999 2207 3185 2244 verum
3238 2194 3434 2260 dogma

1869 2279 2235 2334 inverecunde
2278 2281 2595 2336 debacchati
2653 2293 2804 2349 sunt,
2846 2293 2904 2338 ut
2942 2286 3239 2354 scriptione
3270 2287 3433 2339 etiam

1869 2374 2113 2429 haeresim
2165 2378 2337 2444 palam
2385 2377 2584 2439 facere,
2629 2387 2681 2429 et
2717 2387 2894 2431 tomos
2934 2380 3192 2440 scribere,
3227 2381 3328 2442 vel,
3378 2391 3436 2432 ut

1865 2469 1987 2538 quis
2017 2472 2197 2538 aptius
2242 2472 2468 2534 diceret,
2512 2472 2819 2534 columnas,
2877 2481 2930 2525 et
2969 2473 3155 2541 cippos
3201 2475 3437 2544 proprim

1869 2559 2166 2626 impietatis
2200 2562 2430 2626 erigere.
2479 2561 2762 2624 auderent,
2799 2563 2900 2614 hoc
2936 2577 3055 2615 esse
3087 2574 3298 2630 tempus
3333 2579 3426 2615 ex-

1865 2648 2051 2716 quisiti
2097 2649 2363 2717 dogmatis
2415 2653 2713 2712 asserendi,
2762 2661 2817 2704 et
2869 2653 3122 2719 loquendi
3165 2654 3436 2706 libertatis

1866 2742 1988 2801 rati,
2013 2741 2270 2809 peculiari
2306 2751 2453 2794 tomo
2476 2743 2616 2794 dicta
2640 2744 2892 2811 dOgmata
2917 2746 3180 2812 complexi
3214 2761 3433 2808 sumus,

1863 2842 1916 2886 et
1961 2843 2141 2887 tomus
2205 2835 2422 2888 tertium
2471 2835 2653 2905 Cyprii
2720 2837 2996 2890 haereseon
3053 2846 3432 2906 argumentum

1866 2923 2116 2986 absolvit,
2149 2934 2202 2976 et
2230 2925 2478 2978 volumen
2532 2927 2960 2994 cxscriptorihus
2995 2929 3204 2980 tradere
3235 2945 3438 2982 neces-

1866 3016 2068 3068 sarium
2101 3028 2224 3067 esse
2259 3016 2534 3077 duximus,
2569 3027 2625 3068 ut
2661 3027 2839 3070 tomus
2884 3019 2982 3072 iste
3008 3019 3127 3071 libri
3163 3021 3422 3088 exscripsi

1867 3118 1994 3172 pars
2052 3101 2214 3166 facta,
2279 3106 2415 3158 satis
2473 3108 2792 3176 abundeque
2849 3110 3170 3174 insinuaret,
3211 3129 3314 3180 qua
3369 3115 3437 3169 de

196 3209 438 3276 γεγονὼς
494 3209 676 3278 μέρος,
712 3208 774 3260 τὸ
798 3207 982 3260 ίκανδν
1013 3208 1151 3275 πρὸς
1199 3206 1594 3282 ἐπισημείωσιν
1628 3206 1763 3270 ἕξει,
1789 3227 1835 3286 c

1789 3227 1835 3286 ϐ
1866 3209 2033 3248 causa
2065 3211 2183 3253 nos.
2226 3211 2346 3263 qua:
2393 3197 2445 3249 in
2512 3199 2780 3268 plerisque
2830 3204 3078 3269 partibus
3130 3206 3431 3272 primarum

199 3305 274 3352 ων
312 3303 476 3368 ἡμεῖς
510 3302 923 3368 μεταποιήσεων
951 3297 1044 3348 ἐπὶ
1080 3296 1296 3357 πολλοῖς
1332 3294 1441 3348 τῶν
1484 3295 1767 3364 προτέρων

198 3395 375 3459 λόγων
427 3393 581 3462 ἡμῶν
623 3392 998 3461 ἐποιησάμεθα
1052 3394 1294 3461 μέρεσιν.
1351 3390 1508 3441 Ἐστι
1543 3389 1642 3458 μὲν
1674 3386 1769 3441 οὖν

199 3484 306 3535 τῶν
338 3484 848 3551 οίκονομικωτέρως
882 3482 1191 3552 είρημένων
1248 3481 1450 3544 λέξεων
1478 3484 1574 3540 τάς
1607 3497 1768 3547 ακρι-

199 3577 460 3645 ϐεστὲρας
520 3576 1030 3643 ἀνταλλαττόμενοι,
1079 3574 1280 3626 ἔστιδὲ
1329 3567 1390 3626 οὗ
1421 3573 1514 3625 καὶ
1547 3588 1768 3642 περικο-

201 3672 306 3732 πάς
330 3671 458 3731 ὀλας
487 3669 666 3721 αὐτῶν
695 3668 1109 3737 διαγράφοντες.

272 3805 315 3870 ζ’
348 3808 419 3858 Συ
457 3805 608 3873 γοῦν,
643 3805 740 3873 τὴν
773 3805 952 3874 βίϐλον
981 3805 1187 3873 ταύτην
1211 3803 1524 3873 δεξάμενος,
1559 3805 1679 3860 ἐπεὶ
1701 3804 1766 3856 τά

204 3897 640 3969 προηγησάμενα
673 3896 765 3964 τῆς
799 3897 1158 3966 πρωτοτύπου
1189 3897 1496 3966 ἀντίγραφα
1532 3897 1584 3958 ἐς
1613 3896 1769 3948 τόσον

204 3994 410 4062 μέτρου
441 3991 722 4060 προελθεῖν
746 3985 911 4054 οἶδας,
935 3990 1008 4051 ώς
1036 3991 1093 4041 έν
1111 3989 1332 4050 πολλαῖς
1351 3989 1457 4041 τών
1481 3989 1768 4058 ἡμετέρων

201 4086 454 4148 ·,ενέσθαι
479 4084 617 4136 αὑτά
647 4085 869 4147 πόλεων,
900 4082 1005 4133 ίσθι
1035 4082 1132 4147 μὲν
1162 4084 1225 4151 τῇ
1254 4081 1346 4150 νέα
1376 4081 1547 4151 ταύτῃ
1573 4080 1769 4150 ἐπιψη-

203 4179 524 4246 φιζομένους
546 4180 690 4246 ἡμᾶς
708 4178 776 4228 τά
806 4179 1067 4245 πρωτεῖα,
1090 4177 1165 4246 μὴ
1182 4177 1362 4246 μέντοι
1383 4193 1445 4244 γε
1461 4177 1554 4228 καὶ
1570 4176 1768 4244 ἀργίαν

203 4271 432 4324 ἀπασῶν
465 4269 1018 4338 καταψηφιζομένους
1044 4271 1292 4322 ἐκείνων.
1322 4269 1382 4321 El
1411 4271 1520 4339 γάρ
1544 4269 1641 4321 καὶ
1663 4270 1770 4320 τῶν

202 4361 612 4430 ἀκριϐεστέρων
632 4361 992 4428 περιληπτικὴ
1021 4362 1165 4411 ἐστιν
1185 4359 1344 4428 αὕτη,
1366 4361 1482 4412 ἀλλ’
1509 4361 1540 4428 ἡ
1561 4366 1616 4411 εν
1633 4361 1768 4430 αὐτῇ

202 4451 606 4520 επισημείωσις
651 4451 757 4501 τών
795 4451 851 4500 ἐν
880 4449 1120 4510 ἐκείναις
1173 4452 1660 4518 οἰκονομικώτερον
1695 4451 1772 4500 εί-

1873 3297 2183 3341 nostrarum
2221 3288 2655 3343 lucubrationum
2694 3293 2826 3346 alias
2871 3294 3134 3358 diximus,
3173 3297 3430 3352 immuta-

1871 3380 2070 3433 vimus.
2108 3380 2353 3449 Namque
2400 3382 2452 3433 in
2487 3383 2763 3438 nonnullis
2796 3383 3084 3448 dictiones,
3120 3405 3258 3456 quas
3286 3404 3436 3444 (I200-

1871 3473 2063 3526 uomia:
2094 3474 2452 3536 attendentes,
2485 3476 2857 3542 apposuimus,
2891 3478 2944 3530 in
2995 3480 3116 3533 aliis
3158 3484 3436 3538 exactiore

1874 3566 2057 3619 studio
2090 3565 2219 3618 moti
2261 3566 2692 3630 immntavimus,
2734 3580 2787 3621 et
2828 3569 2881 3621 in
2907 3573 3186 3628 nonnullis
3231 3577 3440 3643 perico-

1871 3671 1970 3726 pas
2000 3671 2213 3724 quoque
2245 3657 2478 3727 integras
2502 3660 2884 3725 expunxinius.

1944 3819 1996 3871 7.
2039 3818 2120 3871 Tu
2171 3819 2334 3886 igitur
2380 3820 2577 3872 librum
2627 3823 2768 3874 hunc
2812 3823 3107 3891 accipiens,
3161 3843 3284 3880 cum
3311 3845 3433 3896 quae

1872 3919 2268 3980 praecesserunt
2322 3912 2481 3977 primi
2527 3913 2812 3978 originalis
2859 3916 3190 3983 exemplaria
3221 3918 3272 3970 in
3304 3937 3427 3973 eum

1873 4019 2159 4056 numerum
2187 4013 2564 4066 cxcreverunt,
2604 4004 2681 4057 uti
2711 4005 2845 4059 bene
2877 4006 3063 4070 calles,
3100 4018 3158 4063 ut
3184 4011 3250 4064 ad
3280 4016 3434 4066 mut-

1874 4103 1957 4149 tas
2000 4095 2164 4148 urbes
2199 4105 2413 4149 nostras
2470 4095 2668 4158 delata,
2718 4099 2972 4153 omnibus
3033 4116 3142 4167 prae
3184 4106 3435 4157 manibus

1873 4187 2005 4248 sint,
2059 4194 2220 4250 scito,
2279 4202 2378 4240 nos
2437 4189 2638 4241 recenti
2689 4188 2816 4243 huic
2868 4207 3118 4258 novoque
3173 4197 3434 4250 volumini

1876 4274 2120 4340 potiores
2145 4283 2325 4342 partes
2347 4271 2590 4341 deferre;
2631 4291 2803 4346 neque
2828 4290 3108 4348 propterea
3142 4281 3230 4334 illa
3252 4286 3435 4338 omnia

1875 4367 2223 4433 suspendere.
2264 4363 2412 4418 Licet
2451 4367 2594 4419 enim
2628 4366 2731 4419 hoc
2762 4371 3099 4424 accuratinra
3135 4375 3434 4438 contineat,

1875 4473 1996 4524 qua:
2043 4467 2224 4511 tamen
2279 4458 2330 4510 in
2377 4473 2442 4510 eo
2478 4471 2583 4522 est,
2617 4461 2680 4512 de
2727 4459 2812 4521 iis,
2869 4477 2989 4529 qua:
3019 4463 3072 4515 in
3126 4464 3233 4518 illis
3264 4469 3437 4535 magis

205 4545 463 4614 ρημένων
511 4543 772 4604 κάκείνας
807 4546 1081 4608 ἑπικυροῖ.
1123 4541 1278 4593 Ἐπεὶ
1335 4542 1428 4592 καὶ
1463 4540 1634 4592 πολλά
1665 4544 1773 4592 των
1805 4586 1851 4644 D

1763 4557 1773 4588 ν
1805 4586 1851 4644 D
1878 4548 2198 4602 oeconomia:
2230 4551 2575 4602 attendentes
2608 4550 2954 4617 scripsimus,
2997 4555 3427 4621 animadversio,

201 4636 636 4703 ἐκταδικώτερον
691 4635 748 4684 ὲν
802 4633 1038 4694 ἐκείναις
1097 4632 1501 4701 διειλημμένων
1554 4633 1689 4701 πρὸς
1714 4631 1772 4683 τὸ

203 4729 642 4797 συνεσταλμένον
703 4729 760 4776 έν
818 4725 990 4794 ταύτῃ
1043 4725 1191 4776 ἔστιν
1236 4726 1441 4791 εὑρεῖν
1489 4726 1580 4778 καὶ
1607 4726 1666 4776 οὐ
1694 4724 1774 4776 δεῖ

201 4823 424 4881 πάντως
458 4820 556 4889 τὴν
589 4818 853 4886 συστολὴν
887 4817 1094 4884 ταύτην
1121 4820 1198 4878 είς
1233 4817 1434 4885 ἀργίαν
1461 4815 1772 4884 λογίζεσθαί

200 4932 324 4967 τινα
387 4912 496 4965 τῶν
554 4913 836 4972 ἁπάντων,
899 4911 1034 4964 ἀλλά
1083 4911 1174 4962 τὸν
1231 4909 1391 4977 λόγον
1448 4912 1625 4964 εἰδότα
1676 4912 1772 4980 τῆς

203 5005 467 5074 συστολῆς
547 5007 646 5072 τῆς
724 5004 1000 5073 ἡμετέρας
1051 5002 1262 5071 καρπὸν
1311 5003 1550 5063 διανοίας
1618 5004 1773 5072 ἠγεῖ-

204 5098 348 5159 σθαι,
413 5097 499 5146 ἐπ’
562 5096 790 5162 οὐδεμιᾷ
845 5094 1258 5161 ἐναντιοφωνίᾳ,
1310 5095 1540 5159 καῖτάς
1573 5095 1629 5144 έν
1684 5088 1772 5153 αἷς

203 5192 367 5259 ἡμεῖς
398 5188 458 5239 τὸ
489 5187 908 5254 πλατυκώτερον
940 5185 1034 5237 τοῦ
1064 5187 1222 5253 λόγου
1251 5185 1586 5254 δεδώκαμεν.
1632 5186 1687 5236 ’0
1715 5185 1772 5238 δι

201 5276 302 5342 τῆς
343 5273 610 5342 συστολῆς
673 5275 846 5339 λόγος,
906 5274 986 5326 ὅτι
1043 5276 1180 5343 μετά
1243 5274 1302 5326 τὸ
1339 5275 1432 5335 τὰς
1487 5275 1624 5325 κατὰ
1663 5276 1776 5327 Φω-

202 5368 342 5430 τίου,
386 5368 482 5418 καὶ
521 5366 618 5440 τοῦ
649 5365 933 5434 Μεθώνης,
974 5366 1188 5435 Φουρνῆ
1232 5383 1310 5429 τε,
1361 5367 1451 5417 καὶ
1485 5367 1574 5417 τοὺ
1609 5367 1772 5418 Βουλ-

205 5459 526 5524 γαρίας,ετι
550 5458 605 5509 δὲ
638 5461 732 5510 καὶ
762 5458 858 5527 τῆς
889 5456 980 5510 τοῦ
1013 5459 1344 5528 Καματηροῦ
1385 5461 1569 5529 βίϐλου
1605 5459 1772 5520 ἰδίως.

207 5552 297 5599 καὶ
329 5549 398 5601 αὖ
429 5551 582 5617 παρὰ
615 5551 776 5619 μέρος
831 5555 967 5618 μετά
993 5552 1051 5603 τὸ
1084 5554 1180 5613 τὰς
1214 5555 1352 5605 κατά
1384 5573 1473 5606 του
1513 5555 1776 5623 Μοσχάμρ

205 5642 750 5711 παρ-λογογραφῇσαι
786 5645 930 5711 ἡμᾶς
989 5645 1360 5713 ἀντιρῤήσ;ις,
1393 5646 1569 5698 ἄλλων
1619 5649 1776 5700 πάλιν

201 5732 391 5799 ὧσπερ
425 5734 486 5798 ἐξ
520 5735 774 5804 ὑπαρχῆς
824 5736 1099 5804 πολεμίων
1129 5736 1226 5805 τῆς
1273 5737 1529 5806 ἀληθείας
1559 5743 1770 5805 ἀναφα-

205 5828 422 5886 νέντων,
451 5830 477 5878 ὁ
511 5828 754 5894 Κύπριος
793 5820 966 5892 οὗτος,
999 5829 1091 5881 καὶ
1120 5832 1166 5881 οἱ
1215 5831 1338 5897 περὶ
1371 5832 1458 5881 τίν’
1507 5833 1772 5900 κ’λτέρίονν

1878 4643 2038 4694 etiam
2078 4642 2189 4694 hac
2225 4642 2338 4709 ipsa
2371 4642 2705 4695 constabilit.
2752 4644 2887 4696 Cum
2923 4646 3088 4698 multa
3135 4647 3186 4698 iit
3218 4647 3322 4702 illis
3355 4649 3440 4701 l‘u-

1876 4731 1990 4784 sius
2027 4741 2370 4800 pertractata,
2401 4734 2911 4801 compendiosiusin
2947 4737 3050 4789 isto
3081 4739 3434 4806 digerantur:

1877 4837 2051 4888 neque
2103 4832 2384 4890 pr0pterea
2461 4824 2566 4876 isto
2633 4826 2959 4893 compendio
3022 4828 3114 4880 illa
3174 4833 3429 4895 suspendi

1877 4912 2151 4980 quispiam
2189 4913 2503 4978 existimet;
2561 4913 2653 4968 sed
2689 4918 3000 4984 compendii
3043 4919 3253 4973 ratione
3287 4936 3432 4975 com-

1878 5012 2028 5072 perte
2063 5011 2263 5067 teneat,
2295 5006 2464 5058 nostri
2501 5007 2807 5060 intellectus
2837 5010 2979 5061 hunc
3011 5009 3199 5073 fetum,
3235 5014 3438 5065 nullam

1879 5095 1932 5148 in
1962 5111 2020 5149 se
2049 5097 2488 5148 contrarietatem
2529 5097 2826 5159 continere,
2858 5099 3022 5152 etiam
3060 5101 3114 5154 in
3156 5102 3283 5166 illis,
3313 5119 3436 5172 qua:

1879 5188 1932 5238 in
2007 5188 2195 5255 primis
2250 5187 2423 5240 iusius
2475 5189 2943 5244 concinnavimus.
3013 5190 3076 5244 Et
3130 5197 3440 5262 compendii

1879 5291 2099 5330 causam
2141 5286 2342 5330 teneto.
2377 5277 2666 5346 Postquam
2711 5279 2975 5332 adversus
3010 5281 3285 5343 Photium,
3333 5284 3440 5336 Me-

1881 5372 2220 5431 thonunsem,
2276 5379 2330 5422 et
2379 5369 2647 5439 Bulgaria:
2675 5372 3168 5440 archiepiscopum,
3231 5389 3439 5429 necnon

1878 5463 2149 5516 Camnteri
2203 5463 2400 5516 librum
2433 5465 2686 5526 seorsim,
2731 5480 3034 5533 rursusque
3073 5467 3238 5518 etiam
3284 5481 3442 5534 sepa-

1882 5557 2038 5609 ratim
2081 5555 2528 5624 Mnschamparis,
2561 5559 3019 5611 contradictiones
3046 5573 3263 5612 nostras
3306 5563 3440 5612 seri-

1882 5651 2200 5718 psissemus,
2243 5650 2364 5703 aliis
2416 5661 2580 5718 atque
2613 5651 2732 5705 aliis
2761 5655 2938 5704 denuo
2969 5651 3212 5707 veritatis
3251 5651 3442 5703 adver-

1883 5741 2041 5792 sariis
2076 5742 2454 5808 deprehensis,
2509 5743 2706 5810 Cyprio
2737 5757 2947 5808 nempe,
2975 5752 3027 5794 et
3060 5743 3154 5809 qui
3186 5741 3441 5810 Cyprium

1886 5836 2265 5886 )POIIClMtIlllt.
2316 5847 2505 5884 mntra
2557 5848 2653 5887 eos
2683 5845 2955 5888 cettamen
2990 5849 3017 5885 a
3059 5831 3215 5886 nobis
3252 5834 3443 5886 merito
