4214 6446
815 375 953 438 1097

1849 381 2060 443 JOAN.
2102 383 2319 444 VECCI
2356 384 2468 444 CP.
2504 385 3016 451 PATRIABCIIE

3936 402 4070 467 1028

811 486 1067 552 extorsit,
1110 485 1285 558 longis
1318 501 1383 543 ac
1415 486 1648 558 prolixis
1711 486 2130 545 rcfutationibus
2160 489 2372 547 eosdem

2491 495 2519 546 ὁ
2564 497 2686 548 κατ’
2736 498 2923 553 αὐτῶν
2977 501 3130 569 ἀγὼν
3182 502 3332 574 ἡμᾶς
3385 505 3610 572 δικαίως
3676 508 3929 582 ἀπῄτησε
3983 514 4070 568 διὰ

823 574 1156 631 οαινειιετο.

877 756 931 811 8.
974 757 1043 811 Et
1098 772 1223 811 cum
1273 761 1328 813 in
1382 776 1514 825 uno,
1560 760 1655 830 qui
1712 776 1856 816 nunc
1886 760 1987 817 tibi
2034 766 2089 818 in
2126 765 2383 823 manibus

806 848 1059 912 traditur,
1093 848 1256 913 libro,
1288 860 1399 905 tum
1431 867 1555 920 quae
1579 863 1979 921 praeesserunt
2008 858 2213 916 omnia.
2261 866 2379 913 tum

804 955 928 1009 quae
974 951 1097 1009 post
1147 942 1368 996 modum
1398 943 1686 999 subsecuta
1728 953 1878 1006 sunt.
1916 949 2383 1015 comprehendere

807 1032 1212 1095 statuissemus,
1248 1035 1417 1087 multa
1447 1035 1500 1087 in
1540 1036 1681 1102 ipso,
1712 1038 2043 1091 necessitate
2071 1041 2270 1099 coacti,
2306 1057 2375 1095 ex

804 1123 913 1199 illis
965 1127 1369 1194 expunximus,
1429 1144 1662 1197 quorum
1738 1131 2138 1206 amputatione‘
2173 1132 2381 1187 nullum

806 1214 1250 1283 impedimentum
1322 1219 1511 1272 inferri
1575 1222 1787 1274 veritati
1849 1206 2313 1293 cognoscebanius
2366 1242 2379 1279 :

804 1305 931 1359 licet
972 1307 1114 1360 enim
1168 1310 1221 1361 in
1280 1309 1559 1375 Photium,
1601 1312 2038 1371 Methonensem.
2082 1315 2378 1381 Phurnem,

801 1398 1013 1449 necnon
1046 1395 1309 1467 Bulgaria:
1336 1402 1812 1471 archiepiscopum
1838 1406 2302 1461 contradictiones
2327 1408 2379 1460 in

800 1490 1188 1557 compendium
1225 1492 1557 1562 redegimus,
1608 1497 1742 1549 nihil
1775 1497 1917 1565 quod
1955 1499 2383 1553 demonstratio-

802 1582 890 1636 nis
930 1584 1037 1636 vim
1082 1585 1384 1650 obtineret,
1434 1590 1795 1658 negleximus,
1840 1607 1961 1658 quze
2013 1593 2135 1644 inde
2188 1595 2380 1648 subse-

799 1676 985 1739 quitur
1027 1676 1270 1730 veritatis
1298 1679 1607 1732 mutilatio?
1642 1680 1793 1747 Quoi
1833 1683 1877 1735 si
1934 1684 2195 1751 primum,
2252 1700 2378 1738 cum

798 1764 1073 1841 adversus
1089 1767 1435 1823 Camaterum
1474 1773 1959 1827 contradictionem
2006 1776 2371 1841 instituimus,

798 1856 1010 1937 tum-ad
1043 1859 1261 1910 verbum
1327 1860 1750 1927 disputationem
1791 1867 2160 1928 exaravimus,
2206 1883 2371 1937 quam

797 1946 887 1999 ille
918 1930 1203 2016 personam
1243 1949 1589 2019 imperatoris
1634 1954 1886 2018 induens,
1929 1972 2081 2024 quasi
2116 1957 2203 2010 illa
2234 1959 2373 2011 inter

795 2035 974 2104 ipsum
1025 2038 1430 2107 imperatorem,
1477 2052 1531 2096 et
1583 2044 1675 2108 qui
1728 2056 1839 2100 tum
1895 2046 2372 2118 Constantinopoli

796 2128 1040 2194 aderant,
1078 2146 1175 2199 pro
1220 2134 1500 2186 tractanda
1550 2150 1681 2201 pace
1723 2137 2092 2193 ecclesiastica
2124 2141 2374 2194 cardina-

795 2214 873 2271 les
909 2218 1150 2273 institnta
1193 2231 1359 2286 esset,
1407 2224 1691 2291 confinxit,
1747 2228 1908 2283 latius
1936 2239 2099 2298 atque
2147 2231 2371 2287 uberius

794 2308 1002 2376 scripto
1056 2310 1524 2375 demandaviinus,
1568 2314 1611 2368 si
1691 2317 1853 2381 hanc,
1916 2319 1967 2370 in
2020 2320 2177 2375 novis
2248 2321 2370 2375 libri

704 2420 714 2460 ,·
791 2403 1216 2473 exemplaribus,
1274 2405 1581 2461 universam
1617 2409 1953 2477 ahlcgantcs,
1992 2414 2370 2469 tantummodo

792 2496 1227 2573 testimoniorum
1264 2500 1672 2567 producturum,
1703 2512 1755 2555 et
1783 2502 1848 2555 de
1889 2501 2083 2557 iisdem
2116 2503 2369 2559 animad-

790 2588 1106 2648 versipuum
1161 2589 1305 2645 illius
1348 2591 1613 2644 rationem
1650 2592 1987 2647 habuimus:
2038 2596 2369 2667 pariterque,

791 2680 835 2734 si
871 2687 982 2732 tum
1015 2680 1259 2750 singulas
1312 2683 1674 2737 adductarum
1737 2688 2120 2740 auctoritatum
2160 2690 2373 2758 pericu-

791 2787 911 2841 pas,
952 2772 1119 2827 utille
1147 2773 1419 2842 exposuit,
1448 2788 1804 2845 apponentes,
1833 2794 1995 2848 quam
2038 2779 2127 2834 ille
2160 2780 2215 2833 in
2253 2782 2370 2836 sin-

789 2864 931 2932 gulis
959 2865 1120 2918 dictis
1165 2866 1688 2922 animadvcrsionem
1729 2871 2069 2934 adnectebat,
2119 2882 2365 2927 nostram

793 2952 1174 3008 refutationem
1230 2958 1618 3022 subdebanius,
1668 2960 2012 3027 postmodum
2040 2976 2104 3014 ex
2140 2962 2207 3017 iis
2232 2965 2371 3027 peri-

788 3045 939 3113 (opis
970 3047 1372 3113 aniputuvimus
1408 3061 1587 3115 partes
1627 3049 1766 3113 illas,
1796 3067 1916 3119 qua:
1946 3052 2179 3117 scilicet,
2219 3053 2364 3121 quod

788 3136 853 3186 ad
880 3139 1219 3204 propositum
1271 3150 1517 3192 nostrum
1562 3139 1786 3207 faceret,
1815 3142 1949 3195 nihil
1982 3144 2359 3205 continebant,

788 3229 910 3293 quis
946 3241 1227 3297 propterea
1261 3230 1428 3284 libros
1460 3231 1525 3285 de
1553 3234 1945 3287 contrarietate
1976 3234 2311 3288 insimulabit
2338 3235 2362 3288 ἲ

787 3316 906 3370 Non
936 3318 1043 3372 alio
1076 3322 1237 3388 modo
1288 3330 1342 3375 et
1391 3322 1444 3375 in
1497 3325 1870 3378 antirrbeticis
1910 3328 2174 3380 adversus
2211 3327 2364 3381 Mos-

796 3411 1148 3479 i-haci-parem
1204 3428 1305 3467 nos
1352 3414 1645 3483 gessimus,
1690 3427 1930 3470 nostram
1960 3419 2103 3471 enim
2139 3428 2364 3473 contra-

787 3502 1082 3557 dictionem
1134 3504 1397 3575 integriim
1438 3507 1581 3559 nulla
1621 3506 1705 3561 sui
1734 3518 1885 3575 parte
1938 3509 2279 3565 immutatam
2310 3511 2364 3566 in

788 3604 1018 3662 utroque
1064 3596 1361 3659 volumine,
1416 3600 1875 3667 quemadmodum
1938 3600 1993 3654 iu
2054 3601 2365 3669 Camatero,

785 3690 1254 3751 conservavimns,
1293 3699 1474 3755 partes
1500 3695 1736 3758 capitum
1767 3691 1933 3754 illius,
1967 3708 2086 3761 quae
2120 3708 2363 3749 tantum-

788 3780 948 3832 modo
976 3795 1111 3831 vana
1148 3781 1476 3847 loquacntate
1503 3781 1619 3834 sine
1661 3782 1769 3834 ullo
1792 3798 1892 3836 ttsu
1923 3793 1977 3838 et
2003 3795 2203 3840 temere
2235 3790 2365 3841 stri-

785 3869 1007 3932 debant,
1035 3880 1087 3921 et
1116 3870 1323 3922 nullum
1382 3870 1435 3922 in
1492 3886 1550 3924 se
1579 3885 1794 3935 sanum,
1837 3883 1889 3926 et
1926 3875 2009 3926 cui
2066 3876 2363 3931 contradici

784 3977 924 4029 opus
981 3970 1127 4015 esset
1176 3963 1551 4025 continebant,
1604 3963 1962 4020 abscidimus.
2025 3963 2203 4021 Habes
2251 3970 2362 4038 jam

783 4056 984 4107 claram
1023 4064 1408 4123 patentemque
1443 4057 1751 4112 universam
1781 4059 2167 4127 exscriptiouis
2192 4062 2363 4116 ratio-

786 4163 931 4205 nem.
958 4163 1121 4216 quam
1152 4164 1249 4201 nos
1275 4148 1375 4201 hac
1426 4159 1608 4203 nostra
1658 4149 1953 4219 scriptione
1982 4157 2048 4205 ad
2100 4162 2151 4205 te
2184 4163 2362 4209 trans-

789 4237 1095 4301 mittimus,
1165 4249 1217 4291 et
1274 4241 1409 4293 satis
1462 4250 1680 4307 aptam,
1726 4240 1791 4295 ad
1847 4243 2363 4310 constabiliendum,

784 4338 970 4382 nostra
1005 4333 1399 4384 commentaria
1425 4332 1569 4384 nulla
1607 4335 1658 4384 in
1686 4348 1743 4386 re
1774 4334 1877 4388 sibi
1902 4337 2182 4389 contraria
2214 4350 2362 4400 esse,

782 4420 1217 4473 observationem
1248 4436 1277 4474 a
1310 4426 1467 4476 nobis
1500 4426 1853 4491 persolutam.

2494 586 2840 660 πολυστίχων
2890 592 2988 645 καὶ
3029 593 3229 659 αὐτοὺς
3289 596 3591 669 ἀνατρέψαι
3642 600 3750 655 τῶν
3800 605 4065 678 ἀντιρρήσ-

2494 696 2653 735 σεων.

2561 771 2630 845 η’.
2668 775 2780 828 Καὶ
2832 778 2954 831 ἐπεὶ
2998 779 3057 831 ἐν
3103 783 3203 853 μιᾷ
3236 784 3301 854 τῇ
3354 783 3481 854 ἄρτι
3523 801 3606 839 σοι
3650 787 4071 866 ἔγχειριζομένῃ

2491 866 2589 939 νέᾳ
2622 867 2790 940 eam,
2827 873 3005 925 πάντα
3050 872 3188 943 ὁμοῦ
3221 876 3292 929 τά
3323 892 3381 928 τε
3418 878 3659 949 πρότερα
3687 881 3757 935 τά
3784 881 3833 932 θ’
3859 881 4067 954 ὕστερα

2491 958 2763 1013 διαλαδείν
2791 961 2901 1015 δετν
2930 963 3200 1033 ἔγνωμεν,
3244 965 3313 1018 τὰ
3346 967 3514 1021 πολλὰ
3543 968 3601 1019 ἐν
3647 972 3784 1041 αὐτῇ
3818 960 4073 1045 παρείδο-

2492 1070 2591 1115 μεν
2618 1053 2677 1118 ἐξ
2708 1054 2981 1126 ἀνάγκης,
3004 1053 3079 1111 ὧν
3110 1061 3175 1130 τῇ
3209 1060 3442 1129 ἐπιτομῇ
3477 1060 3673 1115 οὐδένα
3702 1065 3903 1117 ἐνεῖναι
3939 1083 4070 1119 συν-

2492 1147 2755 1216 εωρῶμεν
2812 1150 3154 1217 ἑμποδισμδν
3211 1154 3292 1213 είς
3346 1154 3447 1224 τὴν
3477 1154 3573 1207 τοῦ
3612 1155 3849 1225 ἀληθοῦς
3896 1176 4065 1213 κατα-

2488 1240 2695 1308 νόησιν.
2732 1243 2795 1296 Ei
2824 1246 2933 1312 γὰρ
2970 1245 3067 1306 τὰς
3099 1247 3240 1300 κατὰ
3265 1247 3496 1313 Φωτίου,
3530 1251 3624 1301 καὶ
3655 1247 3749 1303 τοῦ
3776 1252 4066 1323 Μεθώνης,

2486 1333 2694 1405 Φουρνῆ
2740 1354 2822 1401 τε,
2860 1340 2953 1391 καὶ
3000 1339 3095 1392 τοῦ
3150 1340 3494 1411 Βουλγαρίας
3551 1344 4069 1416 βραχυλογήσαντες

2488 1429 2856 1500 ἀντιρρήσεις,
2889 1433 3042 1485 οὐδὲν
3080 1434 3188 1485 τῶν
3218 1436 3315 1487 ὅσα
3355 1436 3415 1487 τὺ
3449 1438 3748 1505 ἀναγκαῖον
3779 1440 3880 1509 τῆς
3924 1440 4064 1492 ἀπο-

2484 1520 2700 1583 δείξεως
2748 1519 2892 1591 εἶχον
2924 1526 3275 1595 παρείδομεν,
3307 1528 3389 1590 τίς
3423 1528 3454 1598 ἠ
3484 1529 3738 1583 ἐντεῦθεν
3790 1532 3887 1599 τῆς
3931 1530 4064 1602 ἁλη-

2487 1610 2636 1673 θείας
2688 1614 3024 1682 κολόῦωσιςς
3064 1619 3123 1670 ΕΞ
3174 1619 3229 1671 δὲ
3286 1619 3378 1673 καὶ
3428 1621 3527 1691 τῆς
3565 1622 3662 1675 τοῦ
3722 1623 4065 1693 Καματηροῦ

2488 1703 2672 1772 βίϐλου
2704 1709 2803 1775 τὴν
2853 1710 3175 1778 ἀντίρρησιν
3234 1712 3520 1779 μετιόντες
3564 1714 3635 1765 τὰ
3679 1700 4064 1782 πρῶταξτότε

2412 1831 2452 1887 Β
2489 1797 2587 1864 μὲν
2636 1801 3155 1868 καταστρωννύντες
3211 1803 3494 1869 αὑτολεξεὶ
3539 1807 3645 1875 τὴν
3694 1806 3958 1871 διάλεξιν,
4001 1810 4067 1877 ἣν

2487 1888 2694 1949 ἐκεῖνος
2729 1888 2789 1939 τὸ
2841 1888 2935 1941 τοῦ
2966 1891 3373 1961 αὐτοκράτορος
3426 1894 3839 1963 ὑποδυσάμενος
3898 1899 4065 1964 προσ.

2489 1995 2660 2041 ωπον,
2692 1978 2770 2043 ὡς
2806 1982 2973 2049 μέσον
3000 1984 3162 2054 δῆθεν
3198 1987 3485 2053 προόᾱσαν
3535 1988 3705 2042 αὐτοῦ
3751 2006 3815 2043 τε
3847 1992 4063 2045 ἐκείνου

2484 2071 2578 2125 τοῦ
2607 2072 3028 2146 αὐτοκράτορος,
3063 2081 3156 2130 καὶ
3180 2078 3290 2130 τῶν
3318 2082 3445 2147 περὶ
3473 2081 3574 2150 τῆς
3597 2081 4066 2153 ἑκκλησιαστικῆς

2484 2166 2716 2235 εἰρήνης
2746 2166 3161 2239 ἐπιδημούντων
3189 2170 3312 2223 τότε
3341 2175 3410 2243 τῇ
3456 2174 3877 2227 Κωνσταντίνου
3916 2174 4063 2229 Καδ-

2482 2260 2753 2329 δηναλίων
2777 2261 3078 2325 ὶπλάσατο,
3105 2264 3530 2335 πλατυκώτερον
3559 2266 3736 2337 αὐτὴν
3757 2267 4069 2336 ἐλογογρα-

2484 2352 2762 2420 φήσαμεν.
2796 2351 2859 2407 Ei
2890 2354 2948 2406 δέ
3003 2372 3064 2423 γε
3111 2357 3180 2411 τὰ
3222 2359 3317 2411 νέα
3366 2357 3471 2426 τῆς
3520 2358 3707 2428 βίϐλου
3745 2362 4070 2433 ἀντίγραφα

2483 2446 2667 2500 πᾶσαν
2690 2447 2896 2519 ταύτην
2921 2450 3395 2523 παραιτησάμενοι
3426 2455 3602 2522 μόνων
3629 2454 3741 2509 τῶν
3770 2456 4071 2525 γραφικὼν

2482 2543 2646 2611 ἡμεῖς
2678 2544 2914 2613 ῥήσεων,
2948 2548 3042 2599 καὶ
3061 2546 3170 2598 τῶν
3202 2548 3295 2599 ἐπὶ
3348 2548 3472 2609 ταῖς
3509 2549 3708 2617 ρἠεσι
3752 2546 4060 2617 πεςρροντίο

2483 2650 2662 2706 καμεν
2684 2637 3022 2690 ἐπιστασιῶν
3043 2653 3059 2669 ⁶
3094 2636 3360 2702 ὡσαύτως
3388 2639 3455 2711 δὴ
3486 2641 3578 2693 καὶ
3602 2640 3659 2693 εί
3692 2656 3756 2708 γε
3782 2640 3911 2693 τότε
3962 2641 4066 2710 μιν

2484 2729 2726 2799 ἑκάστην
2783 2730 3091 2802 περικοπὴν
3149 2735 3429 2801 γραφικῆς
3484 2733 3718 2803 ρήσεως,
3758 2732 3839 2797 ὡς
3895 2732 4067 2797 αὐτὸς

2480 2822 2690 2884 ἐκεῖνος
2739 2820 2973 2888 ἐξέθετο,
3034 2823 3401 2892 ἐκτιθέμενοι,
3432 2828 3529 2877 καὶ
3565 2826 3634 2896 ἢν
3681 2825 3771 2894 ἐφ’
3816 2825 4066 2897 ἑκάστην

2480 2919 2592 2972 τῶν
2622 2918 2838 2987 ῥήσεων
2882 2917 3093 2971 οίκείαν
3139 2917 3304 2979 αὐτὸς
3357 2916 3678 2988 προσῆπτεν
3727 2919 4067 2971 ἐπιστασίαν

2475 3016 2569 3067 τὸν
2607 3013 2878 3084 ἡμέτερον
2906 3013 3190 3082 ἑπήγομεν
3227 3010 3474 3079 ἔλεγχον,
3530 3011 3830 3082 ἐσύστερον
3858 3012 3920 3064 δὲ
3951 3013 4066 3066 τῶν

2479 3092 2797 3178 περικοπῶν
2823 3122 2978 3168 τινας
3026 3108 3390 3175 ἐπετέμομεν,
3425 3108 3483 3160 ἐν
3534 3102 3618 3170 οἷς
3661 3106 3935 3177 δηλονότι.
3968 3108 4069 3176 μέ-

2471 3217 2591 3272 ρεσι
2617 3202 2891 3271 περιεῖχον
2925 3215 2979 3253 τι
3022 3200 3376 3266 αἱτοιαῦται,
3412 3202 3578 3269 μετὸν
3624 3201 3724 3269 τῆς
3756 3201 4066 3272 προκειμέ-

2472 3311 2568 3363 νης
2620 3297 2753 3365 ἡμῖν
2799 3294 3042 3366 σπουδῆς
3096 3295 3359 3365 οὐδαμοῦ,
3418 3295 3503 3357 τίς
3567 3295 3635 3349 ἂν
3688 3294 3802 3346 τῶν
3852 3294 4063 3364 βίϐλων

2472 3390 2773 3459 καταγνοίη
2809 3390 3197 3458 ἑναντιότητα;
3228 3388 3340 3459 Τὴν
3362 3388 3536 3460 αὐτὴν
3564 3388 3621 3442 δὲ
3651 3390 3745 3441 καὶ
3797 3389 3895 3441 ἐπὶ
3946 3391 4063 3453 ταῖς

2472 3483 2615 3537 κατὰ
2644 3482 2738 3535 τοῦ
2785 3483 3144 3552 Μοσχάμπαρ
3210 3483 3642 3552 ’Δντιρρητικοτς
3681 3480 4054 3550 ἑὸαδίααμεν,

2471 3577 2653 3629 πᾶσαν
2695 3573 2796 3644 μὶν
2840 3576 3120 3645 ἡμετέραν
3146 3575 3472 3646 ἀντίρρησιν
3515 3574 3941 3645 ἀπαραποίητον
3987 3576 4049 3629 ὲν

2469 3670 2709 3740 ἑκατέρᾳ
2734 3670 2842 3721 τῶν
2867 3669 3067 3737 βίσλων
3106 3672 3501 3739 τετηρηκότες,
3550 3671 3625 3730 ὼς
3679 3670 3738 3718 ὲν
3780 3670 3898 3729 τοῖς
3949 3666 4049 3720 τοῦ

2470 3760 2834 3833 Καματηροῦ,
2870 3761 3045 3813 ὁπόσα
3074 3761 3131 3814 δὲ
3173 3763 3314 3830 μέρη
3361 3760 3470 3813 τῶν
3519 3758 3689 3812 αὐτοῦ
3722 3759 4050 3827 κεφαλαίων

2471 3855 2643 3925 μόνην
2668 3857 2764 3923 τὴν
2793 3856 2852 3906 ὲν
2900 3855 3118 3925 ματαίῳ
3150 3849 3300 3924 εἶχον
3331 3854 3678 3921 πολυλογίαν,
3715 3854 3804 3922 ἐφ’
3835 3847 3924 3915 οἷς
3966 3855 4058 3906 οὑ-

2467 3947 2556 4001 δὲν
2614 3941 2752 3997 εἶναι
2812 3946 3031 4015 καίριον
3082 3946 3512 4014 διεγινώσκομεν
3559 3947 3640 4006 είς
3694 3946 4054 4015 ἀντίρρησιν,

2450 4041 2843 4109 .ὲπιτεμόντες.
2887 4039 3072 4108 Ἔχεις
3102 4039 3330 4099 ἐντελῶς
3359 4039 3459 4108 ἢδη
3507 4036 3933 4106 ἀπαγγελθέντα
3960 4054 4048 4089 σοι

2466 4133 2558 4185 τὸν
2587 4135 2685 4202 τῆς
2726 4132 3074 4203 ἀντιγραφῆς
3125 4133 3343 4185 ἅπαντα
3378 4132 3556 4199 λόγον,
3590 4130 3650 4182 ὃν
3693 4133 3861 4201 ἡμεῖς
3908 4131 4053 4192 tota;

2474 4228 2639 4295 τῆσδὲ
2671 4228 2769 4297 τῆς
2823 4229 2958 4297 πρὸς
2985 4227 3044 4279 σὲ
3082 4226 3301 4295 γραφῆς
3344 4225 3683 4295 ἠξιώσαμεν,
3715 4226 3915 4296 ἱκανὴν
3950 4225 4053 4279 τοῦ

2470 4323 2637 4392 μηδὲν
2664 4324 2762 4382 τὰς
2804 4322 3079 4391 ἡμετέρας
3114 4320 3332 4390 βίϐλους
3378 4320 3815 4385 ἐναντιοφωνείν,
3866 4334 4058 4389 πραγ-

2470 4418 2879 4485 ματευσάμενοι
2904 4414 3003 4484 τὴν
3032 4415 3454 4481 ἐπισημείωσιν.

1912 4745 2260 4879 ΤΟΥ
2350 4741 2925 4879 ΑΥΤΟΥ

2130 4992 2686 5081 ΔΙΑΘΗΚΗ.

1468 5321 2097 5439 EJUSDEM
2192 5328 3317 5447 TESTAMENTUM.

2068 5552 2493 5613 (Gracia-orthod.
2520 5562 2637 5606 tom.
2668 5556 2726 5619 Ι.)

853 5685 1001 5741 Multi
1030 5688 1082 5743 in
1110 5690 1302 5746 exsilio
1331 5700 1383 5746 et
1433 5708 1649 5749 carcere
1689 5710 1755 5752 ex
1784 5698 2063 5752 hominum
2101 5701 2208 5752 vita
2241 5701 2345 5755 mi-

2522 5703 2713 5756 Πολλοὶ
2747 5704 2858 5758 τῶν
2903 5706 3209 5777 ἀνθρώπων
3238 5710 3298 5760 ἑν
3341 5709 3582 5779 ὲξορίαις
3615 5709 3711 5764 καὶ
3760 5711 4035 5781 Quicni;

780 5790 1021 5847 grantcs,
1070 5795 1192 5836 cum
1235 5784 1372 5839 forte
1414 5785 1546 5840 nihil
1580 5796 1836 5856 praeterea
1869 5788 2101 5844 habeant
2132 5790 2198 5844 de
2236 5806 2344 5859 quo

2473 5798 2541 5849 τὸν
2583 5797 2710 5852 ἴδιον
2742 5798 3102 5863 καταλύοντες
3132 5798 3270 5870 βίον,
3302 5802 3353 5854 εἰ
3385 5805 3480 5857 καὶ
3535 5802 3707 5874 μηδεν
3739 5801 3878 5870 [auc
3915 5806 4039 5860 ιτε-
