4214 6446
151 482 286 547 1029

1470 467 2065 529 ΤΕΞΤΛΜΕΝΥΕΜ.

3258 463 3390 530 1030

146 608 237 661 ρον
290 587 526 658 ἔχουσιν,
556 584 639 653 ἐφ’
683 576 726 650 ᾧ
761 582 824 635 ἂν
875 581 969 633 iul.
1019 578 1335 641 διαθῶνται,
1372 577 1486 627 ἀλλ’
1537 578 1608 639 ὡς
1656 580 1712 629 ἐν

1822 586 2109 640 testentur.
2158 577 2517 632 nihilominus
2559 588 2662 632 sub
2706 577 3016 633 testamenti
3047 577 3221 632 forma
3258 580 3392 633 faei-

142 682 298 750 τύπῳ
329 678 458 748 γοῦν
489 678 755 745 διαθήκης
786 675 886 742 τὴν
907 672 1002 726 τοῦ
1028 671 1374 741 ιγκλήματος
1418 669 1710 738 ἐξαρνησιν

140 773 461 833 διατίθεται,
491 769 576 839 ἐφ’
603 763 647 835 ᾧ
677 768 742 822 ἄν
766 784 853 829 τις
883 764 1033 833 αύτῷ
1058 764 1150 816 καὶ
1184 763 1337 832 τύχοι
1371 762 1469 832 τῆν
1498 761 1715 831 ἐξορίαν

143 862 236 915 καὶ
264 860 513 929 φυλακὴν
546 855 967 917 καταδικασθείς
990 871 1005 886 ·
1048 852 1323 915 ἐντεῦθεν,
1350 845 1531 921 οἶμαι,
1563 853 1715 906 οὐδὲν

144 951 665 1022 πραγματευόμενοι
718 949 905 1018 ἕτερον
937 949 970 1018 ἢ
1010 948 1070 999 τὸ
1112 945 1211 1014 τῆς
1257 944 1619 1016 κακουργίας,
1647 945 1715 997 δι’

139 1046 208 1114 ἢν
248 1047 298 1098 oi
346 1043 530 1095 πολλοὶ
586 1043 685 1104 τὰς
712 1040 975 1101 τοιαύτας
1009 1037 1309 1098 καταδίκας
1368 1036 1713 1103 ὑφίστανται,

139 1137 563 1206 ἀποτριϐόμενοι
603 1134 825 1194 ὄνειδος.
875 1131 1032 1200 Ἐμοὶ
1087 1130 1145 1182 δέ
1205 1129 1281 1198 τῷ
1334 1126 1581 1196 ταπεινῷ
1618 1125 1716 1179 καὶ

138 1228 481 1297 ἁμαρτωλῷ,
506 1225 602 1279 τοῦ
650 1241 707 1277 τε
758 1223 971 1293 θρόνου,
1006 1221 1065 1274 δν
1102 1223 1219 1284 τοῖς
1269 1220 1533 1290 ἀρρήτοις
1578 1215 1715 1269 Θεοῦ

139 1322 406 1389 κρίμασιν
444 1318 663 1387 ἔλαχον,
691 1314 997 1383 διωχθέντι,
1027 1313 1124 1375 τάς
1166 1329 1224 1365 τε
1271 1313 1434 1381 μέχρι
1481 1310 1714 1364 Θανάτου

141 1410 357 1479 ἐξορίας
408 1405 903 1467 καταδικασθέντι,
965 1403 1061 1456 καὶ
1113 1400 1363 1471 φυλακὰς
1424 1400 1485 1451 ού
1555 1400 1716 1467 μόνον

142 1498 300 1565 μέλει
329 1497 480 1548 οὐδὲν
517 1498 575 1548 ἐν
611 1496 768 1565 χρείᾳ
798 1495 1041 1563 γεγονῦτι
1076 1493 1294 1562 πτωχῆς
1328 1491 1419 1545 καὶ
1452 1494 1715 1563 πενιχρᾶς

138 1587 413 1656 διαθήκης
442 1588 502 1639 τὸ
552 1590 759 1639 τούτων
809 1604 899 1654 μοι
935 1582 1223 1653 παραίτιον
1270 1584 1523 1653 ἔγκλημα
1556 1583 1717 1651 ἐξαρ-

138 1679 433 1748 νήσασθαι,
463 1679 601 1732 ἀλλὰ
632 1680 724 1731 καὶ
752 1678 910 1730 τόσον
946 1676 1037 1729 διὰ
1081 1673 1315 1743 σπουδῆς
1347 1675 1379 1743 ὴ
1424 1674 1713 1742 ὁμολογία,

136 1774 216 1823 ὅτι
284 1772 380 1823 καὶ
429 1774 528 1841 τὴν
582 1769 952 1824 ἐπιτελεύτιον
1017 1768 1238 1835 φθάνων
1299 1767 1569 1835 ἀνάγκην,
1622 1766 1716 1819 καὶ

134 1864 474 1931 διατίθεμαι,
517 1866 610 1913 καὶ
661 1861 928 1931 ὁμολογῶ.
991 1861 1076 1925 Ὠς
1108 1861 1215 1929 γὰρ
1260 1861 1374 1920 τοῖς
1416 1859 1597 1921 ἄλλοις
1633 1861 1714 1920 είς

133 1954 453 2021 αποσκευὴν
485 1953 720 2016 ὀνείδους
775 1951 869 2005 τοῦ
901 1954 991 2006 ἐπὶ
1031 1952 1337 2023 κακουργίᾳ⁵
1385 1951 1478 2004 τοῦ
1510 1952 1712 2019 ἐγκλή-

137 2061 310 2111 ματος
352 2046 385 2114 ή
432 2044 765 2114 ἀπάρνησις,
816 2044 992 2107 οὕτως
1037 2046 1160 2113 ἐμοὶ
1215 2044 1353 2112 πρὸς
1399 2046 1492 2097 τὸν
1547 2042 1713 2096 αὑτὸν

137 2138 343 2189 σκοπὸν
374 2140 408 2210 ii
448 2140 732 2206 ἀπολογία.
794 2138 948 2190 Ἐπεὶ
990 2138 1098 2208 γὰρ
1134 2138 1194 2191 τὸ
1241 2138 1340 2209 τὴν
1384 2142 1447 2191 ἐκ
1498 2138 1713 2207 Πατρδς

134 2230 201 2282 δι’
239 2231 378 2283 Υξοῦ
433 2233 761 2301 ἐκπὸρευσιν
804 2231 898 2284 τοῦ
942 2232 1255 2301 Πνεύματος
1293 2230 1387 2284 τοῦ
1448 2230 1606 2297 ἁγίου
1650 2235 1713 2284 ἐκ

138 2322 355 2391 Πατρὸς
398 2321 466 2373 δι’
522 2320 651 2373 Υίοῦ
695 2318 931 2389 ὕπαρξιν
974 2324 1210 2391 φρονεῖν,
1258 2321 1354 2373 καὶ
1384 2320 1714 2391 πρεσϐεύειν

134 2430 223 2479 με,
262 2414 520 2483 ἔγκλημα
568 2412 825 2481 ἐλογίσθη
865 2431 958 2483 μοι
1002 2414 1102 2480 τῆς
1147 2410 1243 2466 τοῦ
1305 2412 1712 2484 πατριαρχικοῦ

133 2504 467 2568 ἐκπτώσεως
506 2504 719 2574 θρόνου,
751 2504 976 2557 καὶτῶν
1006 2505 1101 2555 ἐπὶ
1127 2508 1299 2574 ταύτῃ
1329 2504 1435 2567 ἕως
1471 2504 1708 2557 θανάτου

130 2596 386 2665 ἐξοριών,
421 2596 514 2647 καὶ
540 2596 800 2663 φυλακῶν
827 2594 1000 2661 ἀξιον,
1032 2597 1092 2648 οὐ
1130 2598 1315 2665 φεύγω
1348 2598 1408 2649 τὸ
1437 2597 1713 2665 ἔγκλημα,

128 2689 229 2741 οὐκ
260 2687 621 2758 ἀπαρνοῦμαι
669 2687 742 2751 ὡς
797 2688 1008 2758 μῶμον,
1054 2688 1128 2752 ὡς
1177 2688 1381 2751 ὄνειδος
1425 2689 1527 2742 ούκ
1576 2691 1714 2741 ἁπο-

133 2779 501 2849 σκευάζομαι,
533 2780 635 2833 κάν
667 2797 771 2832 τινι
804 2782 1023 2846 ἐπάξιον
1065 2781 1297 2849 ὕϐρεως,
1334 2780 1445 2848 ἐγὼ
1469 2781 1713 2834 τοιοῦτον

133 2870 351 2937 ὕϐρεως
379 2869 645 2935 στέφανον
682 2869 999 2921 ἀναδεῖσθαι
1028 2871 1128 2923 ούκ
1156 2871 1560 2932 ἀπαναίνομαι.
1586 2871 1711 2936 Πῶς

131 2964 241 3032 γὰρ
296 2961 364 3013 ἂν
412 2962 507 3013 καὶ
563 2962 914 3031 ἀρνησαίμην
953 2961 1259 3031 ὀνειδισμὸν
1305 2964 1398 3013 ἐπὶ
1454 2962 1712 3032 δόγματι,

129 3057 269 3123 οπερ
300 3054 394 3105 καὶ
435 3055 515 3114 είς
547 3053 851 3120 ὀνειδισμὸν
879 3053 1045 3107 αὐτοῦ
1090 3055 1184 3107 τοῦ
1213 3053 1452 3123 Χριστοῦ
1482 3056 1531 3105 oi.
1567 3058 1713 3107 ἀντιο

132 3146 387 3211 λέγοντες
431 3146 564 3213 ἡμῖν
603 3144 1070 3213 περιτρέπουσιν;
1125 3144 1185 3195 Εἰ
1239 3143 1347 3212 γάρ
1402 3144 1715 3196 τινα’ὀνει-

129 3237 325 3307 δισμδν
378 3236 474 3289 τοῦ
529 3238 792 3307 Χριστοῦ,
826 3240 994 3307 φησιν
1046 3239 1080 3307 ὴ
1135 3238 1175 3289 Γ
1181 3240 1350 3307 ραφὴ,
1380 3237 1574 3292 τοῦτον
1612 3238 1713 3291 οὐκ

129 3328 295 3381 ἄλλον
325 3328 441 3395 ἐγώ
476 3346 623 3398 φημι
672 3329 765 3381 τὸν
811 3328 1056 3381 τοιοῦτον
1098 3326 1243 3382 εἶναι
1295 3329 1624 3399 ὁνειδισμὸν.
1651 3331 1715 3384 Oi

130 3422 243 3490 γὰρ
286 3420 394 3473 ὑπὸ
432 3421 530 3491 τῆς
573 3423 938 3491 στενοχωρίας
961 3420 1059 3474 τοῦ
1086 3422 1198 3474 τῶν
1221 3421 1457 3491 Γραφῶν
1486 3422 1712 3490 ἐλέγχου

130 3514 576 3585 ἀναγκαζόμενοι
624 3515 725 3582 τὴν
783 3515 852 3566 δι’
886 3513 1014 3567 Υίοῦ
1061 3516 1390 3585 ἐκπὸρευσιν
1445 3519 1713 3586 πατρικὸν

129 3603 277 3660 εἶναι
302 3608 481 3675 δόγμα
518 3606 827 3675 ὁμολογεῖν,
859 3608 953 3659 καὶ
996 3607 1133 3675 μηδέ
1174 3610 1254 3669 είς
1281 3608 1381 3679 τὴν
1412 3609 1514 3677 τῆς
1546 3612 1712 3662 ἐκπο-

133 3700 378 3767 ρεύαεως
432 3699 759 3765 ὁμωνυμίαν
817 3697 1260 3765 ὁρθοποδοῦντες,
1317 3700 1392 3763 ὡς
1447 3702 1557 3753 ἀπὸ
1611 3702 1711 3768 τῆς

130 3787 306 3856 αὐτῆς
355 3787 466 3837 τῶν
525 3787 761 3854 Γραφῶν
814 3788 1178 3856 στενοχωρίας
1233 3789 1555 3858 ἀγχόμενοι,
1600 3792 1710 3842 τῶν

133 3879 510 3949 ὑποστατικῆν
559 3880 651 3931 τοῦ
704 3880 911 3950 Πατρὸς
952 3880 1191 3950 ἰδιότητα
1243 3883 1341 3951 τὴν
1380 3883 1712 3951 ἐκπὸρευσιν

132 3972 579 4041 ἱιατρανουσῶψ
632 3974 779 4041 ὅμως
817 3974 1021 4040 μέντοι.
1059 3976 1122 4026 ἐκ
1164 3975 1324 4043 μόνου
1370 3976 1463 4028 τοῦ
1496 3978 1712 4046 Πατρδς

132 4065 625 4133 ἀναισχυντοῦντες
658 4066 837 4129 λέγειν
867 4064 929 4117 τό
962 4065 1183 4134 Πνεῦμα
1217 4067 1362 4136 ἔχειν
1394 4068 1492 4138 τὴν
1532 4070 1712 4136 ἄπαρ-

134 4159 217 4221 ξιν
254 4160 423 4209 παντί
456 4159 629 4209 σθένει
680 4160 922 4228 ἀνάγκης
953 4157 1338 4227 ἀποδεικτικῆς
1376 4161 1710 4231 ἀπελέγχον-

132 4264 220 4299 ται
274 4247 401 4299 κατ’
432 4247 601 4319 αὐτὴν
650 4249 748 4318 τὴν
796 4251 1145 4317 ἐκπόρευςιν,
1196 4254 1393 4304 ταυτὸν
1436 4252 1493 4303 δὲ
1535 4253 1710 4305 εἰπεῖν

133 4354 233 4411 την
296 4340 553 4411 ὓπαρξιν,
609 4344 692 4411 ἣν,
750 4342 824 4404 ὡς
880 4343 1033 4394 αὐτοί
1088 4360 1271 4408 φασιν,
1304 4344 1368 4395 ἐκ
1400 4345 1559 4410 μόνον
1608 4343 1705 4397 τοῦ

134 4436 350 4505 "ergo;
384 4437 444 4486 τὸ
476 4434 697 4504 Πνεῦμα
733 4435 875 4503 ἔχειν
907 4437 968 4486 τὸ
1006 4438 1159 4502 ἅγιον
1184 4436 1489 4505 ὁργανικῶς
1518 4438 1708 4509 διῆκον

132 4532 263 4580 αὐτὸ
292 4531 515 4596 φρονεῖν
561 4529 651 4580 δια
710 4526 860 4591 Υίοῦ,
893 4528 966 4588 ὡς
1010 4529 1279 4597 ἑπόμενον
1342 4530 1517 4598 τούτῳ
1586 4548 1708 4582 συνο

1819 685 1924 724 nus
1952 669 2243 739 abnegant,
2279 670 2348 723 ob
2381 671 2524 739 quod
2564 670 2616 723 in
2666 670 2941 735 exsilium,
2988 679 3083 723 aut
3113 683 3391 723 carcerem

1816 762 2034 817 deducti
2077 771 2227 823 sunt,
2277 777 2343 817 eo
2386 764 2734 817 solummodo
2792 778 2980 831 scopo,
3034 771 3095 816 ut
3141 762 3393 817 maleficii

1820 853 2100 921 probrum,
2141 852 2304 922 cujus
2341 866 2502 906 causa
2538 853 2691 906 multi
2734 851 2940 906 similes
2990 867 3181 920 pinnas
3212 853 3393 915 luunt,

1816 960 1882 998 ex
1906 959 2029 998 sese
2072 945 2354 1014 abjiciant.
2407 943 2535 997 Mihi
2563 960 2744 998 autem
2782 945 2970 997 humili
3003 954 3052 998 et
3089 945 3391 1012 peccaturi,

1817 1036 1992 1104 deque
2018 1036 2170 1097 sede,
2212 1050 2375 1104 quam
2424 1035 2680 1089 incflabili
2734 1037 2825 1089 Dei
2890 1036 3099 1103 judicio
3144 1039 3397 1091 obtinue-

1818 1142 1957 1190 rant,
1992 1127 2168 1195 pulso,
2212 1136 2266 1180 et
2304 1126 2535 1189 exsiliis,
2564 1136 2618 1180 et
2650 1128 2963 1181 carceribus
2992 1129 3058 1180 ad
3089 1136 3393 1180 extremum

1817 1232 1992 1287 usque
2044 1216 2294 1286 spiritum
2347 1218 2754 1277 condemnato,
2817 1225 3027 1270 tantum
3076 1219 3276 1278 abest,
3337 1228 3397 1269 ut

1817 1322 1963 1361 cura:
2021 1307 2131 1373 sit,
2191 1322 2316 1361 cum
2374 1308 2630 1361 miserum
2689 1322 2965 1377 egensque
3010 1317 3393 1362 testamentum

1817 1398 2085 1452 conficere
2135 1396 2388 1462 debeam,
2424 1407 2483 1451 ut
2534 1399 2801 1452 malorum
2858 1398 2989 1451 mihi
3045 1414 3289 1461 causam,
3324 1401 3397 1453 ob

1814 1487 1960 1558 quod
1991 1490 2042 1542 iii
2070 1490 2333 1558 judicium
2366 1505 2550 1554 vocor,
2585 1492 2791 1543 crimen
2823 1490 3109 1559 abnegem,
3142 1492 3385 1544 utetiam

1816 1580 1998 1633 studio
2030 1580 2080 1634 id
2111 1579 2393 1641 allirniem,
2427 1590 2481 1635 et
2531 1591 2775 1636 extrema
2825 1585 3017 1636 mortis
3068 1586 3399 1636 necessitate

1816 1687 2059 1742 pressus,
2112 1682 2282 1726 tester
2351 1684 2517 1742 atque
2586 1674 2869 1728 confitear.
2927 1673 3395 1739 Quemadmodum

1815 1765 1962 1819 enim
1996 1764 2119 1817 aliis
2145 1765 2210 1818 ad
2261 1766 2631 1819 amolitionem
2666 1766 2972 1828 dedecoris,
3019 1766 3275 1820 facinoris
3300 1768 3398 1819 ab—

1819 1858 2033 1928 negatio
2063 1858 2355 1927 plurimum
2383 1859 2548 1925 facit;
2584 1860 2663 1914 sic
2707 1861 2839 1912 mihi
2870 1860 2935 1912 ad
2975 1861 3229 1913 eumdem
3267 1872 3395 1913 sco-

1822 1965 1946 2018 pum
1982 1950 2263 2018 responsio
2288 1949 2537 2003 vertitur.
2590 1947 2821 2014 Quando
2859 1951 3003 2003 enim
3048 1964 3076 2001 a
3106 1949 3265 2002 Patre
3301 1963 3396 2016 per

1820 2040 2016 2097 Filium
2060 2042 2463 2112 processionein
2522 2043 2758 2111 Spiritus
2792 2049 2989 2106 sancti,
3036 2058 3066 2095 a
3108 2041 3265 2095 Patre
3301 2056 3397 2109 per

1823 2134 2013 2189 Filium
2073 2135 2451 2190 exsistentiam
2496 2136 2730 2195 sentire,
2763 2147 2816 2188 et
2864 2148 3111 2189 asserere
3137 2134 3395 2188 delicium

1821 2225 1973 2289 mihi,
2002 2240 2102 2294 pro
2136 2241 2246 2293 quo
2274 2241 2302 2277 c
2335 2225 2699 2294 patriarcliico
2719 2226 2857 2278 solio
2889 2224 3209 2292 depellerer,
3238 2230 3396 2293 appiv

1820 2328 1969 2374 ctum
2020 2329 2121 2383 est,
2158 2320 2493 2389 dignumque
2533 2320 2728 2374 exsilio
2796 2328 2850 2373 et
2899 2334 3143 2385 carcere,
3195 2319 3394 2388 quibus

1822 2416 2036 2468 tandem
2066 2428 2096 2467 e
2129 2415 2236 2467 vita
2271 2414 2523 2467 traderer
2558 2431 2571 2466 :
2616 2413 2823 2468 facinus
2855 2428 2966 2468 non
2993 2412 3260 2477 detrecto,
3287 2427 3393 2465 non

1823 2505 2031 2559 infieior
2062 2515 2119 2560 ut
2148 2506 2528 2576 opprobrium,
2571 2514 2624 2559 et
2648 2505 2882 2560 dedecus
2914 2521 3023 2559 non
3058 2505 3312 2568 amolior,
3338 2515 3392 2557 et

1821 2599 1865 2652 si
1913 2597 1965 2651 in
2016 2612 2292 2666 quoquam
2350 2596 2573 2650 infamia
2619 2597 2841 2665 dignum
2897 2605 3200 2665 reputatur,
3246 2597 3396 2649 illius

1821 2689 2058 2743 infamia
2123 2704 2327 2743 corona
2370 2690 2510 2759 cingi
2546 2691 2775 2744 minime
2828 2704 3042 2745 recuso.
3079 2689 3195 2754 Qua
3247 2690 3394 2743 enim

1822 2780 1937 2850 ipse
1961 2782 2172 2835 ratione
2195 2782 2432 2835 dedecus
2464 2796 2561 2849 pro
2588 2780 2843 2848 dogmate
2881 2794 3216 2845 recusarem,
3249 2781 3394 2849 quod

1819 2873 1873 2927 in
1904 2873 2140 2926 dedecus
2167 2872 2337 2940 ipsius
2371 2871 2572 2926 Christi
2608 2873 2763 2926 nobis
2796 2872 3146 2926 adversantes
3168 2887 3397 2926 conver-

1828 2972 1971 3019 tunt.
2005 2964 2220 3019 Etenim
2257 2965 2301 3019 si
2335 2963 2558 3033 aliquod
2602 2964 2840 3017 dedecus
2874 2962 3074 3018 Cilt'isli
3113 2963 3398 3032 Scriptura

1820 3056 2092 3119 enuntiat,
2147 3057 2250 3109 hoc
2297 3056 2411 3126 ipse
2454 3056 2667 3108 milium
2720 3056 2865 3108 aliud
2901 3071 3022 3110 esse
3051 3057 3279 3112 atlirm-i.
3316 3054 3395 3110 Illi

1821 3149 2022 3216 quippe
2050 3147 2141 3217 qui
2168 3162 2197 3200 a
2222 3148 2628 3216 Scripturaruni
2658 3149 2912 3201 examine
2950 3148 3113 3202 veluti
3141 3148 3194 3202 in
3226 3164 3398 3219 angu-

1821 3241 1957 3293 stias
1975 3239 2505 3305 redacti,co,;uiitur,
2532 3255 2623 3305 per
2638 3238 2838 3293 Filium
2860 3242 3266 3308 processiouem
3293 3240 3395 3295 Pa-

1820 3343 1962 3386 trum
1985 3348 2105 3387 esse
2125 3334 2451 3388 sententiam
2470 3331 2743 3387 amrniare
2773 3350 2784 3385 :
2810 3348 2913 3387 nec
2937 3345 3082 3387 recte
3103 3334 3156 3387 in
3180 3349 3401 3403 proces-

1820 3426 1994 3480 simiis
2030 3424 2378 3493 homonymia
2403 3425 2766 3488 ambulantes,
2805 3435 3066 3492 tanquam
3108 3426 3177 3479 ab
3206 3426 3395 3479 iisdem

1817 3505 2115 3585 Seripturis
2146 3517 2338 3569 arctati
2376 3516 2767 3584 liypostaticani
2803 3512 2978 3569 Patris
3013 3520 3393 3585 propriitatem

1814 3611 2218 3678 processioiiem
2244 3608 2605 3670 edicentibus,
2626 3624 2688 3660 ex
2717 3607 2833 3660 solo
2852 3607 3011 3661 Patre
3038 3608 3398 3662 inverecunde

1815 3702 1998 3762 nimis,
2014 3703 2391 3753 exsistentiam
2415 3698 2676 3767 Spiritum
2706 3701 2904 3751 habere
2918 3714 3024 3751 assi
3047 3710 3227 3752 rentes
3247 3699 3396 3752 omni

1813 3793 2138 3845 necessaria:
2165 3790 2649 3844 deiiiuiistrationis
2687 3792 2733 3841 vi
2773 3792 3174 3859 redarguuntur
3208 3805 3394 3843 contra

1815 3883 1987 3951 ipsam
2014 3886 2445 3952 processionem.
2475 3881 2618 3933 Ideni
2644 3884 2787 3934 enini
2824 3892 2905 3935 est
2930 3885 3109 3936 dicere
3135 3886 3395 3936 essisten-

1816 3956 2174 4041 tiam,quaiii,
2197 3984 2252 4026 ut
2279 3974 2378 4041 ipsi
2402 3974 2656 4032 aiunt,ex
2678 3975 2791 4026 solo
2810 3972 2967 4025 Patre
2987 3976 3142 4025 liabet
3161 3976 3395 4041 Spiritus

1815 4077 2059 4129 sanctus,
2084 4065 2571 4119 instrumentaliter
2590 4080 2682 4132 per
2702 4065 2895 4118 Filium
2924 4066 3214 4127 transiens,
3250 4068 3315 4120 ii‘t
3341 4077 3397 4119 ut

1816 4161 1957 4214 hanc
1977 4171 2311 4213 sententiam
2347 4160 2611 4227 (“Otiecqui
2639 4159 2909 4222 videatur,
2953 4161 3172 4214 eosdem
3218 4161 3395 4213 verbis

1815 4260 2022 4307 tantum
2069 4253 2229 4306 nudis
2278 4254 2550 4321 proiirium
2602 4248 2723 4306 Filii
2767 4252 3055 4322 Spiritum,
3110 4271 3166 4308 re
3216 4265 3393 4308 tamen

1815 4358 1941 4396 vera
1972 4382 1987 4406 ,
2048 4344 2116 4396 ab
2182 4344 2301 4411 ipso
2357 4344 2593 4395 alienum
2644 4346 3023 4408 constituere,
3073 4360 3197 4398 cum
3246 4346 3394 4400 nulla

1817 4436 1980 4489 fuerit
2033 4437 2194 4499 ratio,
2259 4452 2377 4503 quae
2437 4437 2669 4489 suadere
2725 4441 2921 4497 valeat,
2955 4438 3231 4506 proprium
3275 4454 3395 4490 esse

1816 4524 1960 4587 Filii,
2019 4525 2164 4593 quod
2194 4541 2255 4577 ex
2316 4526 2432 4592 ipso
2464 4541 2569 4578 non
2619 4536 2724 4584 est.
2774 4536 2866 4578 aut
2911 4543 3001 4593 per
3038 4526 3215 4594 ipsum
3271 4541 3397 4595 pro-

142 4619 547 4688 αναφαίνεσθαι
604 4618 681 4687 τῷ
729 4621 1060 4689 φρονήματι,
1112 4620 1212 4672 καὶ
1256 4623 1316 4673 τὸ
1343 4621 1504 4690 μέχρι
1537 4621 1709 4688 λόγων

1819 4619 1986 4685 priatii
2023 4618 2394 4670 exsistentiani
2426 4632 2532 4669 non
2567 4618 2749 4670 habet.
2778 4616 2901 4671 Ilaec
2934 4628 3115 4685 itaque
3146 4620 3255 4671 duo
3289 4619 3393 4672 ab-

129 4712 312 4777 ψιὴῖιν
349 4711 482 4762 ῖδιον
514 4709 666 4773 Υίοῦ,
712 4710 927 4779 ἀληθῶς
963 4711 1019 4763 δὲ
1046 4711 1325 4782 ἀλλότριον
1357 4712 1525 4764 αὑτοῦ
1574 4729 1709 4782 πρε-

132 4801 353 4853 σϐεύειν
412 4802 563 4854 αὑτό.
621 4801 772 4853 Ἐπεὶ
818 4802 975 4868 λόγος
1025 4803 1182 4854 ἐσται
1215 4805 1243 4853 ὀ
1278 4805 1483 4855 πείσων
1534 4803 1709 4865 οὐδεὶς

133 4892 265 4943 ιδιον
299 4887 438 4943 εἶναι
471 4890 599 4943 Υίοῦ
635 4892 695 4943 τὸ
727 4891 803 4961 μὴ
834 4892 892 4957 ἐξ
926 4893 1115 4957 αὑτοῦ,
1159 4894 1277 4963 ἦτοι
1319 4893 1386 4945 δι’
1421 4894 1588 4947 αὑτοῦ
1613 4895 1709 4965 τὴν

138 4983 392 5049 ὓπαρξιν
428 4982 551 5051 ἔχον
582 4982 683 5052 τὴν
716 4983 935 5036 ἐαυτοῦ.
966 4984 1087 5037 Ὀτι
1128 4984 1261 5053 γοῦν
1294 4989 1362 5039 τὰ
1405 4986 1499 5040 δύο
1537 4990 1711 5041 ταῦτα

133 5077 343 5124 ἐκτοπα
401 5072 477 5134 ὡς
530 5071 745 5141 ἀληθῶς
787 5072 1138 5143 ἀσεϐήματα,
1168 5076 1433 5144 ὀργανική
1472 5094 1529 5129 τε
1562 5080 1702 5147 om].

136 5166 294 5230 pcaia
322 5162 419 5215 τοῦ
469 5162 599 5215 Υίοῦ
639 5164 716 5231 τῷ
768 5164 942 5233 Πατρὶ
990 5166 1081 5217 ἐπὶ
1113 5169 1177 5235 τῇ
1236 5168 1566 5237 ἐκπορεύσει
1615 5167 1708 5221 τοῦ

134 5256 481 5322 ΙΙνεύματος,
513 5254 863 5325 ἀλλοτριότης
910 5271 969 5307 τε
1002 5255 1097 5308 τοῦ
1134 5257 1450 5327 Πνεύματος
1476 5260 1545 5327 ἐξ
1588 5260 1708 5312 rio-3

132 5346 554 5413 αιδαγκαστικῶς
604 5347 1045 5412 ἀποδείκνυνται,
1082 5348 1141 5412 ἐξ
1198 5344 1273 5401 ὦν
1329 5368 1497 5419 φασιν
1546 5355 1595 5404 οι
1646 5356 1709 5406 ἐκ

136 5438 302 5505 μόνου
357 5436 455 5489 τοῦ
504 5437 719 5507 [ἰατρὸς
773 5438 834 5490 τὸ
887 5439 1110 5509 Πνεῦμα
1140 5440 1286 5510 ἔχειν
1321 5444 1420 5508 τὴν
1451 5442 1708 5513 ὓπαρξιν,

134 5528 388 5595 λέγοντες
420 5530 512 5580 καὶ
542 5528 640 5595 τῆν
670 5524 737 5579 δι’
771 5527 899 5580 Υίοῦ
926 5529 1255 5599 ἐκπὸρευσιν
1294 5534 1436 5585 κατά
1466 5536 1565 5603 τὴν
1604 5534 1711 5587 ἀπὸ

132 5619 225 5669 τοῦ
276 5618 391 5671 τῶν
440 5618 674 5688 Γραφῶν
745 5619 975 5691 ἐλέγχου
1038 5624 1406 5695 στενοχωρίαν
1469 5630 1566 5679 σὺν
1632 5626 1709 5696 τῷ

136 5710 395 5775 ἰδιάζοντι
424 5712 522 5780 τῆς
554 5712 935 5782 ἐκπορεύσεως
962 5715 1326 5783 ἀπαρνεῖσθαι
1355 5719 1431 5789 μὴ
1468 5719 1707 5788 ἔχοντες,

138 5808 211 5866 εἰς
239 5803 547 5872 ὀνειδισμὸν
581 5803 691 5871 ἐγώ
720 5822 861 5875 φημι
892 5805 989 5859 τοῦ
1021 5808 1260 5875 Χριστοῦ
1286 5812 1385 5878 τὴν
1407 5813 1470 5861 ἐκ
1499 5812 1710 5877 Πατρδς

136 5893 199 5943 δι’
238 5890 368 5943 Υίσῦ
398 5890 724 5960 ἐκπόρευσιν
750 5897 1107 5963 περιτρέπειν
1134 5898 1353 5962 αὐτούς.
1401 5900 1464 5952 ΤΞ
1505 5905 1611 5971 γὰρ
1640 5902 1704 5953 ἂν

1813 4712 1977 4762 surda
2036 4724 2101 4763 ac
2138 4708 2329 4777 impia,
2387 4718 2446 4759 ut
2486 4723 2673 4762 verum
2725 4709 2923 4774 fatear,
2971 4712 3139 4774 dicta,
3183 4710 3393 4764 instru-

1815 4802 2045 4855 meiitale
2103 4801 2249 4854 Patri
2320 4805 2679 4857 ministerium
2743 4801 2866 4856 Filii
2922 4806 2973 4856 in
3037 4807 3392 4873 processionc

1813 4892 2073 4961 Spiritus,
2115 4904 2166 4946 et
2200 4893 2437 4963 Spiritus
2474 4910 2539 4947 ex
2578 4891 2716 4945 Filio
2748 4894 2998 4947 alienatio
3029 4932 3044 4955 ,
3076 4896 3381 4947 necessarie

1812 4985 2260 5038 demonstrantur
2309 5003 2375 5040 ex
2434 4987 2522 5050 iis,
2574 5000 2697 5054 qua:
2749 4988 2957 5049 dicunt,
3016 4986 3110 5054 qui
3162 5001 3228 5038 ei
3276 4986 3393 5038 soln

1812 5074 1972 5129 Patre
2021 5075 2280 5144 Spiritum
2339 5079 2713 5130 cxsistentiam
2767 5079 2967 5130 habere
3006 5084 3283 5138 asserunt,
3334 5084 3391 5129 et

1815 5181 1908 5235 per
1937 5167 2127 5219 Filium
2162 5169 2590 5235 proeeSsionem,
2625 5170 2844 5236 quando
2872 5168 2983 5235 jam
3016 5168 3067 5220 id
3097 5178 3391 5220 sententia-

1813 5274 1932 5311 rum
1966 5270 2157 5312 exacto
2189 5259 2440 5313 examine
2473 5259 2631 5312 fateri
2660 5268 2949 5327 coguntur,
2985 5275 3110 5330 cum
3144 5262 3382 5329 propriw

1816 5359 1926 5402 tate
1959 5352 2326 5418 processionis
2357 5351 2565 5405 inficias
2607 5352 2687 5404 ire
2738 5369 2843 5404 non
2899 5356 3164 5414 valentes,
3198 5353 3250 5404 in
3296 5370 3390 5419 op-

1813 5445 2114 5511 probrinm,
2137 5452 2195 5496 ut
2224 5458 2324 5512 ego
2359 5444 2500 5507 dico,
2532 5443 2733 5497 Christi
2769 5461 2833 5498 ex
2872 5444 3031 5497 Patre
3061 5461 3156 5512 per
3184 5443 3384 5497 Filium

1817 5538 2223 5603 processimiem
2280 5544 2626 5588 convertunt.
2691 5536 2832 5601 Quid
2870 5540 3015 5589 enim
3074 5538 3127 5589 in
3179 5536 3388 5589 Christi

1813 5633 2167 5696 Oppl'ubl‘lum
2222 5628 2491 5697 quispiam
2546 5629 2884 5697 excogitaret
2919 5630 3186 5697 iniquius,
3215 5641 3383 5697 quam

1816 5721 2096 5789 proprium
2126 5720 2297 5789 ipsius
2336 5719 2627 5788 Spiritum,
2671 5722 2764 5789 qui
2808 5736 2931 5774 vera
2956 5720 3127 5789 ipsius
3156 5731 3241 5775 est
3271 5721 3389 5789 glo-

1817 5815 1913 5875 ria,
1950 5824 2002 5863 tit
2037 5814 2148 5878 ipse
2179 5812 2373 5888 Patris,
2404 5813 2471 5865 ab
2502 5827 2567 5865 eo
2608 5812 2894 5867 alienare?
2934 5811 2998 5864 Et
3027 5813 3159 5879 quid
3205 5814 3257 5864 in
3295 5828 3397 5879 np.

1814 5907 2095 5972 probiiuni
2162 5903 2364 5958 Christi
2423 5906 2759 5959 comminisci
2813 5913 2996 5973 posset
3057 5904 3391 5961 immanius,
