4214 6446
153 390 282 458 lost
327 364 343 390 ⁴

1010 391 1104 451 DE
1149 388 1667 449 PROCESSIONE
1711 390 1767 449 S.
1818 389 2175 449 Sl’llilTUS
2214 390 2431 451 ORAT.
2479 393 2523 450 Ι.

3271 389 3403 455 1038

152 508 263 566 κῶς
294 505 416 557 οὑδὲ
452 503 761 573 φιλαληθὼς
798 504 939 555 κατά
971 503 1174 556 τούτων
1211 501 1579 568 συνέγραψαν.
1622 499 1734 550 Καὶ
1766 509 1803 560 Α

1766 509 1803 560 Α
1838 501 2425 563 demonstratinnibus,
2494 505 2571 556 rel
2616 503 2860 556 \‘cl‘ilttlis
2909 517 3096 556 amore
3143 504 3400 560 adversus

154 600 243 649 διὰ
278 597 438 649 τοῦτο
490 599 597 648 πᾶν
640 596 954 647 τούναντίον
987 594 1118 663 περὶ
1166 594 1345 645 αὑτῶν
1394 590 1728 661 φρονοῦντας

157 692 250 740 καὶ
296 689 580 754 λέγοντας,
626 686 954 738 σπείσασθαι
1002 685 1081 755 τῷ
1128 686 1265 744 τέως
1316 681 1732 753 παρασκευάζει

154 783 374 843 τούτοις
408 782 554 849 ἡμᾶς
592 781 682 833 ἐπὶ
726 779 1029 847 συμίάσεσι
1074 777 1241 846 μηδέν
1290 793 1341 826 τι
1376 777 1436 826 τὸ
1466 776 1732 845 παράπαν

155 872 651 935 ἐπικοινωνούσαις
677 874 787 932 τοῖς
813 873 977 939 ίεροίς
1017 870 1297 937 δόγμασιν.
1336 867 1452 919 Ίνα
1483 867 1535 918 τί
1576 868 1737 933 γένη-

157 982 273 1025 ται,
318 964 413 1016 καί¹
440 965 562 1016 τίνα
607 964 860 1035 τρυγήσῃ
907 961 1006 1029 τὴν
1034 958 1372 1027 ἐπικαρπίαν
1411 956 1679 1021 ἐντεῦθεν,
1708 959 1737 1009 6

159 1059 338 1108 πάντα
372 1056 629 1125 προνοίας
656 1057 878 1123 μέτροις
902 1051 1209 1104 ἐπιστατῶν
1240 1067 1254 1115 ;
1292 1050 1377 1102 ἵνα
1408 1048 1601 1116 καιροῦ
1637 1066 1738 1100 κα-

157 1146 406 1211 λοῦντος,
442 1145 707 1208 τοιούτοις
747 1146 825 1207 είς
851 1144 950 1213 τὴν
978 1144 1115 1211 πρὸς
1145 1142 1338 1202 αὐτοὺς
1380 1142 1528 1210 ἡμᾶς
1559 1140 1739 1191 λαῦὼν

164 1239 510 1307 ἡμερότητα,
560 1240 653 1288 καὶ
702 1238 798 1304 τὴν
845 1236 991 1286 ἔνδον
1039 1235 1283 1302 γαλήνην
1319 1233 1425 1284 τῶν
1463 1230 1740 1300 λογισμῶν

157 1327 246 1379 οἷα
282 1329 386 1396 τῆς
434 1329 573 1379 κατὰ
607 1327 814 1380 τούτων
844 1328 1072 1395 ἐνούσης
1097 1328 1230 1394 ἡμῖν
1264 1324 1495 1394 ἀρχαίας
1542 1324 1741 1384 κακίας

162 1418 745 1486 ἀποσκορακισοείσης
791 1416 1057 1481 τοτέλεον,
1106 1416 1305 1486 ῥᾳδίως
1342 1415 1605 1486 ὑπαγάγῃ
1632 1416 1745 1476 τοῖς

164 1509 507 1577 ἔμπροσθεν,
562 1509 657 1560 καὶ
696 1510 795 1575 τὴν
849 1508 967 1561 κατ’
1003 1508 1284 1559 εὐσέϐειαν
1331 1507 1507 1569 οὕτως
1550 1508 1747 1558 ἕνωσιν

164 1600 579 1669 ἀπεργάσηται,
611 1600 685 1657 τά,
716 1600 844 1669 περὶ
874 1599 966 1650 τοῦ
999 1599 1290 1666 δόγματος,
1340 1598 1414 1660 ῶς
1445 1600 1579 1667 ἔχει,
1608 1598 1749 1650 κατὰ

163 1690 363 1742 λεπτὸν
398 1694 481 1754 εἰς
512 1692 601 1743 τὸν
627 1693 897 1759 ἡμέτερον
928 1689 1051 1743 νοῦν
1083 1690 1360 1760 ὲμόαλὼν,
1394 1690 1453 1755 ἐξ
1482 1684 1555 1742 ῶν
1582 1691 1630 1742 oi
1652 1688 1747 1741 τοῦ

168 1783 304 1833 Ιινεύ
314 1800 484 1851 ματος
510 1784 567 1835 ὲν
594 1782 869 1852 διαφόροις
888 1799 956 1851 γρ
968 1784 1124 1849 αφαῖς
1150 1781 1327 1834 αὑτῶν
1377 1780 1749 1849 θεολογοῦντες

164 1877 589 1943 ὲςιλοσόφησαν.
1176 1942 1183 1949 ⁸

232 1966 297 2022 ε’.
328 1968 494 2021 Ταῦτ’
525 1968 633 2035 ἄρα
668 1969 761 2018 καὶ
784 1966 1039 2028 τοιαύτας
1065 1967 1091 2018 6
1115 1966 1220 2019 τῶν
1245 1966 1528 2034 ἡμετέρων
1556 1964 1749 2035 ψυχῶν

165 2060 452 2127 οἰκονόμος
484 2060 790 2129 πόρρωθεν,
816 2059 1005 2129 ῶσπερ
1037 2059 1125 2109 ἀεὶ
1147 2058 1308 2125 νόμος
1334 2057 1504 2125 αὑτῷ,
1540 2074 1751 2126 προκα-

168 2154 434 2205 ταϐάλλει
467 2153 565 2216 τὰς
598 2152 877 2223 ἀφορμάς,
915 2152 1008 2203 τὸν
1052 2150 1317 2219 θεοστειρῆ
1364 2152 1456 2202 καὶ
1497 2152 1751 2219 μέγιστον

166 2246 329 2312 ἡμῶν
364 2246 747 2314 αὐτοκράτορα
774 2242 868 2295 τοῦ
913 2241 1076 2312 ἔργου
1112 2241 1306 2293 τούτου
1365 2242 1567 2310 θερμὸν
1600 2243 1753 2294 ἀντι·

170 2338 424 2406 λήπτορα
461 2337 938 2403 προστησάμενος,
970 2333 1029 2394 ὃς
1059 2325 1171 2384 οἷον
1197 2332 1286 2383 τὸν
1322 2330 1486 2400 ζῆλον
1527 2333 1620 2383 καὶ
1652 2332 1752 2399 τὴν

168 2429 313 2497 ὑπὲρ
349 2428 446 2496 τῆς
484 2430 705 2498 εἰρήνης
740 2427 1049 2497 προθυμίαν
1091 2425 1183 2477 καὶ
1214 2425 1450 2494 σπουδὴν
1489 2423 1754 2489 ἐνεδείξα-

168 2539 251 2583 το,
287 2521 372 2582 τίς
411 2521 592 2583 ἱκανὸς
624 2520 704 2589 τῷ
737 2519 881 2589 λόγῳ
907 2516 1221 2587 περιλαϐεῖν
1250 2532 1266 2581 ;
1293 2517 1353 2567 οὑ
1386 2514 1493 2585 μὴν
1519 2515 1634 2568 ἀλλ’
1666 2517 1754 2568 οὑ-

164 2615 223 2665 δὲ
261 2615 362 2683 τὴν
406 2615 461 2664 ἑν
504 2611 714 2674 τούτοις
750 2612 889 2681 ὑπὲρ
922 2610 1207 2679 ἄνθρωπον
1244 2608 1412 2661 αὑτοῦ
1448 2608 1750 2677 καρτερίαν

167 2705 347 2757 οὐδενὶ
377 2703 485 2757 τῶν
510 2705 766 2757 ἁπάντων
798 2702 950 2770 ίσχὺς
982 2700 1132 2752 ἔσται
1167 2698 1475 2763 διεξελθεῖν.
1532 2700 1607 2750 Οὑ
1646 2698 1755 2770 γάρ

168 2795 310 2863 ἁμοῦ
348 2812 408 2846 τε
457 2795 770 2864 προσετάγη
802 2792 986 2846 θεόθεν
1017 2790 1359 2859 ὑπηρετῆσαι
1396 2788 1474 2859 τῷ
1516 2791 1757 2859 λειτουρ-

171 2887 411 2954 γήματι,
459 2887 553 2937 καὶ
589 2885 726 2954 ὁμοῦ
753 2885 863 2946 τοῖς
899 2882 991 2935 ὑπ’
1038 2882 1200 2933 αὑτὸν
1242 2880 1618 2948 ἐντειλάμενος
1656 2880 1755 2949 ἧρ-

168 2994 354 3043 κεσεν,
388 2978 575 3046 ῶσπερ
605 2980 672 3031 ἂν
710 2975 764 3028 εί
793 2993 877 3038 τις
910 2973 1174 3027 ὑπολάϐοι
1221 2972 1322 3043 τὴν
1358 2971 1567 3025 ἀνωθεν
1602 2971 1753 3041 αὑτῷ

168 3073 427 3123 δοθεῖσαν
468 3070 716 3134 ἐξουσίαν
746 3066 1098 3131 ἀποσκοπῶν,
1152 3065 1290 3117 ἀλλὰ
1329 3066 1537 3126 πάντας
1572 3064 1758 3133 σχεδὸν

174 3163 618 3231 ἀνθισταμένους
649 3159 853 3230 εὑρὼν,
883 3160 976 3211 καὶ
1007 3159 1089 3210 ὅτι
1124 3157 1314 3228 χρόνος
1340 3157 1549 3226 μακρὸς
1576 3156 1668 3225 ἀφ’
1692 3149 1755 3233 οὑ

173 3258 245 3308 1'3
273 3254 372 3308 τοῦ
408 3254 731 3324 σχίσματος,
765 3254 840 3316 ὠς
873 3254 1036 3323 νόμον
1065 3252 1124 3304 τὸ
1154 3249 1465 3320 παράλογον
1490 3250 1610 3312 ἔθος
1636 3248 1761 3302 τοῦ·

172 3365 235 3401 το
264 3347 561 3417 κρατύνειν
586 3346 889 3408 ἐθέλοντας,
921 3346 991 3414 τῇ
1021 3341 1227 3396 τούτων
1258 3342 1515 3411 ἀσθενείᾳ
1550 3357 1758 3410 συγκα-

172 3438 453 3499 ταεαίνει,
486 3436 582 3489 καὶ
610 3434 983 3505 μακροθύμως
1021 3432 1346 3501 μετέρχεται
1374 3434 1437 3484 τά
1458 3429 1554 3483 τοῦ
1587 3432 1762 3501 πράγ-

176 3547 374 3598 ματος.
449 3530 555 3581 Καὶ
627 3526 722 3579 νῦν
793 3525 892 3596 μὲν
958 3524 1164 3576 πείθειν
1233 3525 1260 3574 6
1325 3519 1577 3590 βασιλεὺς
1634 3522 1762 3585 τοὺς

182 3623 467 3691 ὑπηκόους
513 3620 804 3687 ἐπιχειρεῖ,
846 3617 939 3669 νῦν
959 3614 1003 3667 δ’
1038 3615 1291 3683 ἀνέχεται
1328 3613 1436 3664 τῶν
1458 3612 1563 3664 ὑπὸ
1606 3615 1760 3683 χεῖρα

180 3713 609 3784 μεγαλοφρόνως
633 3713 660 3763 6
685 3709 949 3775 δεσπότης
978 3706 1371 3772 ἀντιλεγόντων
1403 3704 1574 3776 αὐτῷ,
1605 3704 1763 3759 τοῦτο

187 3808 293 3875 μὲν
324 3808 391 3873 τῇ
440 3806 621 3872 οἰκεία
666 3802 943 3855 κανταῦθα
978 3800 1221 3869 συνήθως
1256 3798 1587 3868 χρηστότητι
1620 3800 1764 3872 χρώς

177 3914 369 3965 μενος,
401 3895 559 3947 τοῦτο
587 3894 642 3946 δὲ
678 3897 769 3945 καὶ
798 3894 1066 3962 διακρίσει
1114 3892 1283 3953 διδοῖ),
1321 3893 1532 3957 ἑαυτὸν,
1561 3888 1643 3955 οἷς
1682 3894 1764 3945 ὅτι

175 3989 239 4039 τὸ
270 3989 372 4054 τῆς
415 3987 611 4056 ἔχθρας
643 3988 961 4055 μεσότοιχον
1000 3983 1260 4046 πολπτές
1314 4001 1373 4035 τε
1420 3984 1518 4036 καὶ
1555 4001 1763 4054 μακρο-

175 4082 424 4152 χρόνιον,
454 4081 513 4143 ἐξ
536 4075 609 4131 ὠν
640 4080 734 4132 καὶ
760 4081 934 4132 πάντα
968 4078 1169 4148 τρόπον
1202 4078 1479 4145 ἐπείγεται
1508 4078 1763 4147 γενέσθαι

174 4175 277 4241 τῆς
318 4173 542 4239 εἰρήνης
572 4171 733 4237 ὑμᾶς.
763 4168 850 4220 Ἐν
866 4168 1038 4237 τούτῳ
1066 4167 1160 4220 τοῦ
1183 4168 1388 4220 σκοποῦ
1412 4168 1759 4237 διημερεύων

181 4266 295 4324 ἀεὶ,
325 4266 419 4315 καὶ
449 4265 647 4322 νύκτας
676 4261 799 4323 ὅλας
832 4261 1106 4328 ἄγρυπνος
1150 4259 1544 4330 διακαρτερῶν,
1576 4259 1679 4321 ἕως
1718 4264 1767 4313 εἰ

182 4371 284 4406 και
325 4355 401 4421 μὴ
440 4355 669 4414 πάντας,
722 4351 844 4402 ἐπεὶ
880 4349 1015 4419 μηδὲ
1062 4350 1284 4401 πάντων
1328 4351 1361 4418 ἡ
1400 4350 1622 4417 γνῶσις.
1671 4350 1767 4403 καὶ

182 4445 283 4496 τοῦ
333 4442 742 4505 λυσιτελοῦντος
781 4446 814 4513 η
852 4445 1179 4511 κατανόησις
1207 4458 1219 4470 ⁸
1251 4442 1311 4493 τὸ
1338 4441 1468 4509 γοῦν
1512 4443 1765 4493 πλεῖστον

182 4539 283 4587 καί
316 4538 613 4605 κράτιστον
654 4535 819 4605 μέρος
844 4533 938 4586 τοῦ
969 4533 1065 4602 τῆς
1108 4533 1432 4601 Ἐκκλησίας
1465 4532 1765 4601 πληρώμα-

181 4646 279 4691 τος
312 4628 640 4696 συναγαγὼν
668 4629 746 4689 είς
788 4629 972 4689 ταυτὸ,
1015 4627 1108 4679 καὶ
1152 4629 1282 4695 μιᾶς
1322 4627 1544 4696 γνώμης
1574 4643 1632 4677 τε
1669 4628 1763 4680 καὶ

185 4723 387 4792 βουλῆς
436 4723 654 4784 τούτους
696 4720 1158 4789 ἀπεργασάμενος
1196 4721 1262 4787 τῇ
1302 4719 1394 4771 τοῦ
1434 4720 1761 4788 είρηνάρχου

183 4815 430 4883 Χριστοῦ
476 4813 771 4883 συνεργείᾳ
814 4813 910 4865 καὶ
961 4815 1167 4882 χάριτι,
1217 4812 1316 4880 τὴν
1356 4812 1495 4879 μετὰ
1530 4811 1626 4879 τῆς
1657 4810 1764 4862 τῶν

194 4908 496 4975 Ῥωμαίων
536 4905 865 4975 Ἐκκλησίας
895 4908 1121 4975 εἰρήνην
1177 4902 1442 4969 θεοφιλῶς
1490 4902 1767 4955 ἐκτετελε-

186 5019 309 5053 κεν.
360 5000 522 5052 ’Δλλᾶ
549 5000 616 5051 τά
650 4998 751 5067 μὲν
795 4990 937 5050 κατὰ
982 4998 1075 5049 τὸν
1116 4996 1384 5064 ἡμέτερον
1423 4994 1765 5064 αὑσονάρχην

187 5094 286 5142 τὶν
316 5089 583 5157 θεοστεφῆ
636 5105 695 5140 τε
737 5088 830 5141 καὶ
887 5086 1340 5157 θεομεγάλυντον,
1376 5086 1526 5148 ὅπως
1565 5087 1766 5155 θερμό-

190 5198 337 5235 τατα
366 5181 486 5233 λίαν
515 5181 927 5248 ἀγωνισάμενος
958 5178 1077 5246 μεθ’
1111 5180 1241 5247 ὅσης
1272 5195 1331 5232 τε
1375 5179 1474 5249 τῆς
1508 5182 1646 5233 κατά
1670 5180 1769 5249 ψυ-

190 5274 298 5343 χὴν
328 5272 621 5341 διαπύρου,
664 5274 758 5323 καὶ
802 5271 1223 5338 συντομωτάτης
1270 5269 1470 5339 ὁρμῆς,
1504 5272 1597 5323 καὶ
1649 5273 1769 5340 μεθ’

188 5364 314 5422 οἵας
349 5363 450 5429 τῆς
486 5363 764 5431 ὑπομονῆς
800 5362 895 5414 καὶ
943 5361 1348 5432 μεγαλοψυχίας
1400 5363 1499 5432 τὴν
1547 5366 1769 5433 εἰρήνην

192 5453 591 5524 κατώρθωσεν,
626 5456 688 5507 οὑ
724 5453 815 5506 τοῦ
850 5455 1119 5521 παρόντος
1151 5453 1331 5521 λέγειν
1356 5454 1569 5525 καιροῦ.
1601 5456 1770 5516 Μόλις

189 5550 306 5613 γὰρ
352 5548 420 5597 ἂν
472 5548 565 5599 καὶ
619 5547 725 5616 ίδίᾳ
760 5563 843 5607 τις
893 5546 1249 5617 πραγματείᾳ
1286 5548 1349 5598 τά
1392 5548 1514 5615 περὶ
1564 5546 1768 5599 τούτων

191 5639 579 5706 παραστήσειε
616 5638 852 5708 τρανῶς.

1767 1871 1817 1930 Β

1834 590 2109 644 Roiuauos
2159 593 2579 657 concinnarunt,
2640 604 3035 662 proptereaque
3081 594 3389 661 appositum

1833 698 1994 736 omne
2041 684 2106 736 de
2150 684 2214 736 iis
2249 685 2567 747 sentientes,
2595 694 2648 738 et
2698 687 3074 755 obloqucntes,
3114 686 3268 755 prius
3297 688 3397 740 hos

1836 776 2116 827 nohismtm
2141 776 2205 827 ad
2235 777 2533 843 pactionem
2559 778 2725 844 adigit
2749 778 2813 831 iis
2839 778 3261 839 conditionibus.
3284 794 3404 848 qua:

1838 880 1959 917 cum
1997 882 2155 920 sacro
2186 865 2436 933 dogmate
2465 869 2595 921 nihil
2647 869 2909 922 haberent
2951 884 3263 922 commune.
3287 873 3406 935 Quo

1838 961 2054 1010 tandem
2086 974 2272 1028 scopo,
2304 968 2358 1013 et
2383 976 2543 1028 quem
2574 961 2696 1015 inde
2739 960 2973 1015 fructum
3023 962 3402 1028 deeerpturcs,

1840 1049 2022 1102 omnia
2052 1053 2404 1120 providentia'
2433 1066 2683 1105 mensura
2732 1054 3032 1121 gubernat?
3064 1052 3131 1107 Ut
3163 1067 3403 1124 tempore

1845 1143 2188 1209 postmodum
2218 1153 2549 1211 opportuno,
2577 1141 2649 1195 ita
2686 1142 2912 1198 allectos
2949 1159 3047 1197 nos
3096 1159 3405 1208 assumens,

1842 1233 1895 1285 in
1933 1241 2267 1287 mansuetam
2300 1244 2354 1287 et
2394 1235 2663 1287 internam
2710 1234 3101 1301 cogitationum
3141 1234 3411 1302 tranquil-

1844 1320 2074 1386 litatem,
2102 1333 2289 1375 nostro
2319 1324 2583 1378 adversus
2623 1341 2716 1379 eos
2747 1324 2975 1393 antiquo
3018 1325 3144 1377 odio
3189 1341 3411 1393 prorsus

1845 1414 2135 1478 diSsOlUlO,
2172 1414 2319 1468 facili
2367 1418 2585 1483 negotio
2636 1417 2948 1479 deduceret,
2994 1426 3049 1470 et
3088 1416 3167 1471 sic
3200 1418 3413 1486 pietatis

1848 1506 2104 1559 unionem
2129 1506 2456 1567 absolveret.
2480 1508 2640 1559 rebus
2677 1506 2969 1576 dogmatis,
3004 1509 3077 1562 uti
3098 1524 3157 1563 sc
3187 1510 3411 1571 habent,

1850 1596 2115 1664 paulatim
2168 1598 2220 1650 in
2254 1609 2491 1651 nostram
2521 1610 2755 1651 mentem
2808 1600 3092 1664 immissis,
3125 1601 3414 1654 occasione

1852 1698 2067 1755 sumpta
2099 1703 2162 1740 ex
2192 1689 2281 1752 iis,
2309 1703 2427 1757 quae
2450 1688 2676 1757 Spiritui
2700 1688 2863 1743 dediti
2888 1691 3276 1760 scriptionihus
3303 1692 3416 1745 snis

1855 1778 2019 1832 variis
2050 1780 2419 1849 philosophati
2460 1791 2608 1835 sunt.

1923 1964 1976 2018 5.
2013 1962 2136 2017 llaec
2194 1966 2393 2033 itaque,
2430 1980 2526 2019 nec
2559 1966 2836 2022 absimiies
2868 1978 3178 2023 nostrorum
3210 1971 3420 2025 animo-

1849 2070 1969 2107 rum
2017 2057 2383 2123 dispensator,
2441 2056 2679 2120 eminus,
2723 2060 2796 2109 uti
2829 2059 2940 2125 ipse
2989 2059 3183 2123 suerit,
3221 2072 3420 2111 causias

1850 2146 2087 2214 pmjicit,
2123 2161 2218 2213 per
2268 2146 2431 2199 Deum
2483 2158 2772 2210 coronato,
2830 2149 3175 2215 maximoque
3226 2159 3417 2203 nostro

1852 2234 2174 2301 imperatore
2208 2236 2435 2305 hujusce
2464 2239 2645 2305 (ψει-ῦς
2683 2238 2887 2291 fervido
2916 2249 3224 2306 protectore
3285 2255 3419 2294 con-

1854 2327 2066 2385 stituto,
2090 2328 2181 2395 qui
2252 2338 2511 2395 qttanttttn
2564 2334 2760 2392 iclum,
2793 2342 2838 2383 et
2865 2346 2963 2397 pro
2997 2346 3127 2395 [acc
3169 2331 3417 2385 ardorem

1851 2416 2168 2477 ostenderit,
2198 2424 2251 2470 et
2276 2432 2466 2470 curam
2498 2420 2763 2485 posuerit,
2790 2422 2912 2488 quis
2952 2423 3094 2489 polis
3122 2419 3282 2474 fuerit
3309 2436 3424 2475 ser-

1855 2522 2013 2561 mone
2043 2508 2391 2576 exprimere?
2422 2510 2535 2563 lino
2570 2511 2741 2580 ipsius
2782 2527 2944 2580 supra
2980 2513 3249 2567 humanas
3276 2514 3422 2568 vires

1854 2600 2071 2652 assidua
2104 2601 2280 2654 studia
2314 2601 2493 2655 verbis
2523 2605 2776 2672 prosequi
2810 2605 3010 2657 nemini
3039 2607 3282 2660 omnium
3339 2606 3422 2662 fas

1854 2689 2041 2744 fuerit.
2109 2689 2297 2762 Neque
2374 2696 2519 2747 enim
2577 2696 2742 2749 simul
2798 2696 3064 2752 divinitus
3128 2698 3422 2767 imperium

1855 2782 2088 2851 accepit,
2128 2794 2184 2836 ut
2209 2784 2515 2838 ministerio
2548 2786 2864 2846 asserviret,
2902 2797 2950 2839 et
2990 2788 3155 2842 simul
3190 2789 3424 2845 subditis

1857 2875 2203 2942 praecipiens,
2237 2875 2403 2929 veluti
2447 2876 2491 2930 si
2544 2878 2667 2945 quis
2720 2878 2772 2931 in
2817 2878 2996 2932 datam
3046 2882 3149 2935 sibi
3189 2882 3425 2953 desuper

1857 2969 2240 3021 auctoritatem
2290 2969 2606 3037 respiciens,
2660 2971 2912 3025 mandata
2959 2986 3247 3029 exsecutus
3292 2988 3420 3034 est:

1858 3057 1952 3111 sed
1988 3072 2111 3111 cum
2170 3074 2359 3112 omnes
2420 3058 2531 3113 fere
2572 3061 2675 3114 sibi
2727 3063 3003 3116 adversari
3049 3068 3425 3135 comperisset,

1857 3159 1933 3211 et,
1966 3151 2108 3218 quod
2140 3151 2252 3220 jam
2286 3162 2498 3220 tempus
2546 3155 2767 3222 longum
2801 3156 3174 3223 praeteriisset,
3196 3172 3263 3212 ex
3306 3174 3419 3229 quo

1862 3240 2147 3295 dissidium
2177 3252 2424 3296 exortum
2459 3242 2656 3309 fuerat,
2695 3246 2989 3301 absurdam
3024 3248 3164 3303 hanc
3193 3266 3429 3306 consue-

1864 3334 2106 3389 tudinem
2135 3350 2290 3405 aeque
2319 3346 2482 3405 atque
2510 3338 2679 3406 legem
2712 3339 2954 3394 stabilire
2984 3352 3337 3408 conarentur,
3364 3345 3431 3398 ad

1860 3439 2050 3479 eorum
2097 3426 2465 3481 infirmitatem
2506 3443 2569 3481 ac
2613 3437 2804 3482 nutum
2869 3440 3039 3484 totum
3084 3448 3140 3485 se
3185 3432 3336 3502 fingit
3379 3446 3432 3487 et

1863 3521 2263 3584 accommodat,
2294 3529 2350 3573 et
2381 3523 2672 3576 toleranter
2699 3522 2863 3576 nimis
2891 3525 3166 3592 negotium
3193 3528 3429 3581 coniicit.

1864 3608 1929 3661 Et
1962 3627 2107 3667 nunc
2150 3614 2368 3682 quidem
2423 3615 2526 3667 sibi
2564 3614 2833 3669 obnoxios
2892 3616 3185 3684 imperator
3238 3618 3435 3672 blande

1865 3703 2073 3758 illicere
2132 3707 2443 3772 aggreditur
2497 3722 2510 3759 :
2571 3722 2715 3761 nunc
2759 3724 2949 3762 eorum
2994 3710 3086 3777 qui
3135 3712 3238 3764 Sub
3289 3713 3433 3764 ξιιίμυ

1865 3806 2139 3865 potestate
2165 3806 2343 3861 erant,
2372 3798 2635 3853 Dominus
2658 3813 2764 3851 non
2798 3801 3004 3869 absque
3037 3800 3204 3853 animi
3233 3817 3437 3871 magm-

1870 3890 2060 3944 tudine
2086 3892 2347 3945 adversos
2376 3902 2607 3946 conatus
2632 3892 2888 3954 sustinet,
2923 3893 3115 3961 partim
3157 3896 3434 3963 pr0priam

1865 3985 2029 4036 etiam
2082 3985 2134 4037 in
2180 3984 2284 4038 hoc
2327 3998 2425 4053 pro
2464 3998 2617 4038 more
2662 3999 2763 4038 suo
2794 3984 3090 4039 bonitatem
3140 4001 3434 4056 usurpans,

1867 4078 2064 4149 partim
2096 4078 2426 4131 discretione
2468 4077 2637 4130 multa
2679 4077 2933 4141 metiens,
2968 4080 3113 4147 quod
3143 4080 3437 4138 simultatis

1867 4180 2031 4238 atque
2067 4169 2365 4222 inimicitiae
2414 4169 2766 4224 interstitium
2804 4186 2898 4239 per
2934 4172 3135 4225 multos
3167 4189 3341 4229 annos
3383 4183 3438 4229 et

1868 4260 2225 4314 diuturnitate
2255 4276 2352 4314 sua
2374 4260 2729 4315 obduruerat.
2758 4262 2939 4326 Quare
2972 4265 3148 4317 modis
3179 4266 3437 4322 omnibus

1866 4360 1921 4405 et
1971 4352 2163 4406 sedulo
2212 4352 2394 4406 studio
2448 4352 2514 4406 ad
2564 4355 2963 4409 conciliandam
3031 4358 3190 4411 nobis
3246 4376 3430 4428 pacem

1867 4444 2223 4507 convertitur,
2259 4447 2311 4497 in
2339 4446 2439 4497 hoc
2460 4445 2739 4513 preposito
2770 4448 3034 4502 continuo
3067 4453 3303 4521 integros
3321 4457 3437 4510 dies

1871 4535 2170 4601 insumcns,
2222 4546 2275 4589 et
2332 4548 2518 4590 noctes
2581 4539 2819 4607 integras
2880 4541 3155 4596 insomnes
3203 4545 3438 4611 ducens,

1869 4626 2063 4688 donec,
2112 4628 2211 4679 etsi
2248 4643 2355 4680 non
2409 4628 2582 4694 omni,
2610 4645 2785 4698 neque
2832 4634 2975 4685 enim
3040 4635 3283 4689 omnium
3338 4652 3435 4691 co-

1871 4719 2063 4787 gnitio,
2097 4734 2273 4789 neque
2317 4720 2466 4774 utilis
2516 4723 2934 4791 comprehensio
2962 4733 3085 4789 est,
3128 4727 3332 4797 majore
3378 4746 3441 4784 ac

1871 4810 2080 4877 potiore
2135 4812 2492 4866 ecilesiastici
2544 4815 2922 4882 cmnplementi
2983 4826 3133 4886 parte
3180 4820 3233 4873 in
3270 4836 3438 4875 unum

1874 4911 2083 4965 coacta,
2122 4912 2177 4957 et
2223 4903 2423 4957 Christi
2474 4906 2623 4972 pacis
2684 4908 2927 4961 auctoris
2994 4922 3097 4979 0pc
3154 4921 3207 4964 et
3267 4915 3441 4981 gratia

1875 5008 2064 5048 eorum
2095 4994 2340 5049 consiliis
2384 4995 2783 5065 sententiisque
2814 4998 2880 5052 ad
2911 5014 3066 5054 suam
3109 5004 3441 5061 voluntatem

1874 5087 2148 5149 adductis,
2201 5101 2323 5139 cum
2362 5086 2604 5140 Romana
2650 5087 2891 5144 Ecclesia
2945 5105 3155 5159 pacem,
3214 5095 3291 5148 uti
3334 5094 3444 5150 Deo

1876 5178 2174 5245 placuerat,
2226 5177 2478 5231 absolvit.
2531 5178 2634 5233 Sed
2673 5181 2948 5249 quomodo
3012 5184 3304 5254 imperator
3357 5189 3445 5243 hic

1878 5278 2083 5332 noster,
2139 5271 2231 5338 qui
2292 5285 2319 5321 a
2366 5268 2475 5324 Deo
2518 5284 2812 5329 coronatus
2869 5288 2972 5339 est,
3018 5291 3070 5331 et
3128 5293 3227 5332 sua
3271 5282 3445 5334 incre-

1880 5373 2057 5416 menta
2125 5364 2403 5433 suscepit,
2466 5364 2945 5421 vehementissima
3014 5370 3327 5427 incitatione
3393 5385 3446 5428 et

1880 5454 2071 5507 ardore
2136 5455 2390 5509 insatiato
2440 5456 2817 5521 decertat-crit,
2886 5470 2940 5513 et
2986 5477 3149 5530 quam
3182 5463 3443 5530 .fei-vido,

1880 5556 1933 5600 ct
1984 5548 2326 5601 contentioso
2372 5547 2539 5600 animi
2592 5549 2819 5618 impetu,
2870 5562 2924 5607 et
2982 5567 3084 5621 qua
3159 5553 3443 5609 tolerantia

1882 5648 1935 5693 et
2008 5640 2452 5710 magnanimitate
2521 5656 2711 5711 pacem
2774 5642 3107 5713 perfecerit,
3173 5662 3277 5701 non
3364 5658 3445 5701 est

192 5732 488 5800 praesentis
519 5737 775 5803 temporis
809 5736 1071 5790 scribere.
1103 5732 1197 5788 Vix
1237 5738 1386 5788 enim
1444 5746 1495 5790 et
1563 5734 1827 5804 singulari
1870 5737 2138 5804 quispiam
2195 5738 2261 5790 de
2304 5737 2453 5791 hisce
2513 5741 2860 5804 tractatione,
2918 5743 3098 5797 omnia
3153 5746 3447 5813 perspicue

189 5833 608 5883 memomrerit.
