4214 6446
243 420 369 483 Ῑθιίὶ

1092 429 1183 491 llE
1233 436 1749 499 PROCES‘SIONE
1790 441 1849 503 S.
1896 441 2257 505 SPlRlTUS
2289 446 2510 513 ORAT.
2550 445 2600 516 Ῐ.

3356 460 3488 527 1042

238 531 642 602 γνωριζόμενοι
686 540 988 607 πρόμαχον,
1048 545 1074 594 ὁ
1132 548 1390 616 προειδὼς
1457 552 1628 603 tam.
1695 558 1810 621 πρῑι

1924 556 2251 622 terminavit,
2308 562 2359 614 in
2414 562 2702 632 praesentia
2752 566 2830 620 uti
2890 568 3179 636 prtesulem
3243 570 3487 626 addecet.

238 624 505 687 γενέτεως
556 628 733 680 αὐτῶν
784 636 1090 703 προώρισεν
1156 640 1557 707 ἀρχιερατικῶς
1618 645 1675 693 ἐν
1736 646 1814 712 τῷ

239 714 471 784 παρόντι
508 720 808 791 προστῆναι
837 728 935 796 τῆς
982 731 1315 801 Ἐκκλησίας
1354 732 1541 799 αὐτοῦ,
1570 737 1663 789 καὶ
1691 737 1813 791 δοῦ-

237 824 330 857 ναι
375 810 559 861 πίστιν
606 817 736 883 περὶ
786 819 895 870 τῶν
944 825 1323 892 προκειμένων
1372 827 1500 895 ὑμῖν
1538 828 1595 895 ἐξ
1649 830 1815 899 ὕψους

238 897 698 967 ἁποκαλυφθέντα
748 909 849 976 τήν
882 927 939 963 τε
992 913 1234 966 διάνοιαν
1271 916 1364 967 καὶ
1417 918 1475 967 τὴ
1513 916 1672 985 βάθος
1710 918 1817 971 τῶν

240 986 406 1040 θείων
438 990 690 1059 Γραφῶν,
727 998 973 1068 ἀρχηγοῦ
1002 1004 1281 1057 κάνταῦθα
1312 1007 1405 1058 τοῦ
1438 1010 1814 1078 κραταρχοῦν-

236 1093 332 1140 τος
366 1080 522 1148 ήμῶν
551 1090 1012 1157 χρηματίσαντος,
1039 1094 1097 1156 ὃς
1132 1097 1346 1164 πρῶτος
1377 1102 1467 1149 καὶ
1498 1104 1655 1163 μόνος
1687 1100 1816 1152 ἔδα-

240 1184 343 1220 πτε
398 1170 498 1239 μὲν
531 1174 769 1243 ἀρχῆθεν
806 1180 906 1246 τῆς
962 1183 1222 1251 ἀληθείας
1256 1186 1448 1248 αὐτὸς,
1480 1188 1555 1250 ὡς
1603 1192 1667 1241 ἐκ
1708 1190 1816 1241 τῶν

239 1258 473 1328 ὕστερον
534 1265 741 1319 τούτων
802 1270 1144 1343 ἐγνώκαμεν,
1206 1277 1439 1336 οἴκοθεν,
1511 1280 1712 1347 μᾶλλον
1758 1281 1815 1334 δὲ

236 1350 427 1405 θεόθεν
485 1363 855 1428 μαρμαρυγάς
914 1381 1064 1428 τινας
1101 1370 1385 1437 φωτισμοῦ
1436 1373 1561 1441 περὶ
1611 1372 1817 1441 ταύτης

236 1441 551 1510 δεχόμενος,
602 1450 701 1502 οὐκ
738 1446 853 1520 εἶχε
899 1454 954 1507 δὲ
996 1459 1091 1508 καὶ
1126 1461 1237 1521 τοῖς
1278 1460 1458 1522 ἄλλοις
1504 1463 1682 1524 αὐτοῖς
1728 1466 1818 1515 ἐκ-

234 1533 452 1601 λάμψαι
506 1541 742 1606 τρανῶς,
778 1544 872 1595 ἆτε
934 1547 1057 1615 μηδ’
1107 1549 1357 1618 εὐπορῶν
1387 1552 1523 1612 ὅλως
1555 1552 1647 1604 τοῦ
1690 1570 1818 1621 συγ-

240 1626 565 1692 κροτοῦντος
604 1632 696 1683 ἐπὶ
748 1634 941 1704 τούτῳ,
982 1640 1075 1691 καὶ
1123 1644 1523 1711 συναρήγοντδς
1552 1660 1565 1675 ·
1622 1646 1815 1713 ἀμέλει

234 1732 318 1768 τοι
361 1720 454 1770 καὶ
488 1727 768 1791 γραφικάς
801 1728 1035 1796 ἀπορίας
1070 1734 1128 1782 ἐν
1167 1733 1238 1799 cf:
1284 1737 1434 1803 μέσῳ
1486 1737 1813 1805 προτείνων,

234 1811 331 1859 καὶ
381 1811 482 1873 τάς
521 1814 699 1867 αὐτῶν
753 1817 934 1883 λύσεις
999 1824 1265 1875 πάντοθεν
1326 1828 1809 1896 εἰσπραττόμενος,

232 1903 316 1953 ὅτι
379 1908 453 1972 μὴ
515 1907 604 1957 τὸν
661 1910 917 1978 ἰσχύοντα
981 1916 1340 1983 σνμϐιδάζειν
1395 1920 1485 1971 τὸν
1542 1920 1665 1973 νοῦν
1717 1919 1809 1974 τοῦ

233 1993 567 2060 γράμματος
595 1996 840 2068 εὕρισκε,
877 2002 971 2054 τοῦ
1003 2007 1100 2074 μὲν
1141 2011 1281 2061 κατά
1316 2010 1515 2062 σκοπὸν
1550 2011 1681 2081 πρὸς
1726 2031 1812 2082 μι-

233 2086 365 2154 κρὸν
394 2087 744 2157 ἀνεκόπτετο,
785 2095 882 2163 τῆς
920 2096 973 2148 δὲ
1018 2099 1122 2149 τῶν
1178 2101 1413 2169 Γραφῶν
1456 2104 1683 2174 ἐρεύνης
1716 2107 1813 2159 οὐκ

234 2177 505 2243 ἀφίστατο
539 2181 740 2245 τέλεον,
770 2185 863 2236 τοῦ
897 2188 1032 2239 Θεοῦ
1074 2191 1286 2252 πάντως
1337 2194 1499 2243 αὑτὸν
1530 2196 1609 2256 είς
1659 2195 1815 2247 τοῦτο

235 2268 729 2339 παραδιδάζοντος,
761 2277 842 2329 ἵνα
872 2282 932 2330 τὸ
962 2280 1166 2347 φέγγος
1191 2282 1286 2351 τῆς
1324 2284 1583 2353 ἀληθείας
1618 2287 1681 2337 ἐκ
1708 2286 1801 2339 τοῦ

235 2364 475 2432 συνεχῶς
506 2368 729 2432 ταύταις
765 2372 1175 2442 ἐνασχολείσθαι
1234 2378 1325 2428 καὶ
1360 2382 1472 2440 τοῖς
1528 2380 1633 2433 τῶν
1664 2383 1814 2433 ἀντι-

231 2454 504 2523 λεγόντων
530 2460 917 2531 ἐναστράψειεν
957 2464 1225 2534 ὄμμασιν,
1257 2469 1393 2539 ὅπερ
1426 2468 1561 2536 δῆτα
1591 2474 1683 2526 καὶ
1715 2475 1814 2526 οὐκ

230 2549 312 2607 εἰς
341 2551 558 2617 μακράν
591 2554 833 2620 γέγονεν.
916 2555 973 2608 '0
1006 2557 1112 2626 γάρ
1148 2575 1227 2610 τοι
1262 2560 1353 2611 τὸν
1392 2562 1582 2631 πρώην
1610 2568 1815 2619 ἐκεῖνον

232 2635 399 2705 ζῆλον
427 2641 593 2703 πολὺς
626 2645 761 2710 μετά
798 2644 969 2716 βραχὺ
1006 2649 1194 2702 θεόθεν
1222 2652 1316 2704 καὶ
1359 2655 1517 2717 αὐτὸς
1571 2659 1815 2724 ἐμπνευ-

233 2730 385 2792 σθεὶς
434 2733 531 2803 τὴν
559 2734 709 2788 θείαν
768 2740 1045 2807 ἐπιμελῶς
1117 2744 1530 2815 προτεθύμηται
1591 2750 1813 2821 Γραφὴν

230 2823 491 2888 διελθεῖν,
543 2830 611 2897 ῆν
652 2828 747 2881 καὶ
777 2831 868 2883 τὸν
916 2833 1117 2902 τρόπον
1146 2836 1333 2889 τοῦτον
1380 2840 1814 2912 ἐπισκεψάμενος

230 2915 504 2985 ἐπέστησε
530 2919 621 2971 τὸν
661 2921 784 2974 νοῦν
816 2924 1105 2995 πολλαχοῦ,
1136 2928 1229 2980 καὶ
1264 2932 1372 2993 τοῖς
1417 2932 1693 3003 λογισμοῖς
1718 2939 1815 3003 ἐμ-

230 3008 495 3075 σαθύνας,
541 3015 636 3082 τῆς
680 3033 739 3069 τε
781 3016 873 3071 τοῦ
917 3021 1186 3089 δόγματος
1234 3026 1523 3096 ἀκριϐείας
1571 3029 1810 3097 ἐφίκετο,

230 3104 330 3156 καὶ
358 3108 468 3168 τοῖς
512 3108 678 3161 πᾶσιν
704 3112 782 3173 είς
816 3114 1123 3182 τούμφανὲς
1161 3120 1258 3187 τὴν
1293 3121 1399 3172 τῶν
1431 3121 1641 3185 ἀδήλων
1670 3123 1812 3190 γνὼ-

1923 645 2174 701 lucclesise
2207 666 2320 705 suae
2344 656 2627 716 antistare,
2667 665 2719 710 et
2760 658 2825 710 de
2858 662 3153 728 propositis
3192 662 3372 723 nobis,
3424 680 3486 715 ex

1920 738 2027 793 alto
2050 750 2102 797 et
2133 748 2433 798 sententias
2465 756 2517 800 et
2548 750 2851 804 divinarum
2891 752 3298 822 Scripturarum
3347 771 3478 824 pro-

1921 827 2082 884 funda
2112 835 2364 887 edoctum
2404 838 2560 890 litlem
2600 839 2799 908 facere,
2847 843 2898 895 in
2935 842 3021 896 his
3056 860 3268 911 quoque
3304 857 3489 898 nosu-u

1921 922 2246 991 imperatore
2270 928 2565 996 principem
2597 932 2778 985 locum
2804 946 3128 1004 occupante,
3156 938 3245 1004 qui
3282 939 3489 1004 primus

1920 1017 2174 1082 solusque
2224 1033 2250 1071 a
2311 1022 2580 1089 principio
2635 1040 2743 1078 non
2782 1039 2930 1080 extra
3002 1031 3246 1083 veritatis
3294 1031 3490 1082 limitis

1920 1107 2218 1169 incedebat,
2256 1113 2331 1162 uti
2360 1129 2419 1164 ex
2459 1115 2522 1166 iis
2548 1132 2669 1182 qua:
2694 1130 2878 1170 secuta
2906 1130 3054 1179 sunt,
3085 1122 3398 1179 didicimus,
3430 1125 3494 1172 de

1921 1200 2175 1266 prepriis,
2203 1201 2312 1253 imo
2344 1218 2406 1255 ex
2470 1206 2705 1261 Numine
2746 1209 2931 1262 radios
2992 1214 3257 1279 quosdam
3293 1212 3494 1263 illumi-

1921 1292 2159 1345 nationis
2186 1307 2284 1361 pro
2309 1294 2409 1347 hac
2441 1296 2554 1362 ipsa
2592 1301 2892 1368 accipiens,
2932 1302 3056 1356 licet
3087 1304 3209 1356 aliis
3241 1305 3496 1370 prmclarc

1921 1381 2099 1435 lumen
2124 1384 2319 1439 addere
2367 1400 2472 1437 non
2501 1397 2705 1454 possut,
2759 1399 3018 1459 tanquam
3053 1393 3143 1460 qui
3178 1392 3231 1445 in
3268 1393 3371 1444 hoc
3403 1409 3498 1444 ne-

1921 1478 2086 1541 gotio,
2116 1475 2209 1543 qui
2267 1477 2368 1531 sibi
2394 1492 2552 1546 opem
2602 1481 2923 1550 auxiliaque
2974 1485 3225 1545 deferret,
3287 1484 3490 1536 nullum

1922 1566 2154 1620 habebat
2186 1586 2200 1621 :
2234 1570 2424 1622 scdulo
2459 1582 2639 1624 tamen
2675 1587 2741 1625 ex
2780 1575 3001 1642 scriptis
3041 1578 3234 1642 petitas
3258 1576 3489 1627 dillicul-

1920 1666 2056 1711 tates
2075 1673 2378 1727 proponens
2397 1662 2449 1712 in
2477 1662 2822 1729 inediogcaru
2835 1664 3305 1731 mquesolutiones
3325 1667 3491 1718 unde-

1922 1764 2136 1817 quaque
2186 1751 2534 1819 conquirens,
2586 1768 2707 1806 cum
2741 1754 2835 1823 qui
2888 1756 3215 1808 sententiam
3286 1758 3491 1825 scripto

1921 1839 2198 1907 adaplarct
2234 1855 2339 1893 non
2389 1843 2743 1910 reperiretur.
2786 1861 2814 1899 a
2849 1848 3127 1914 proposito
3178 1848 3278 1901 sibi
3332 1866 3494 1916 scopo

1921 1928 2207 1983 minimum
2244 1929 2585 1996 deflectebat,
2621 1935 2711 1986 sed
2744 1948 2773 1986 a
2831 1931 3243 2004 Scripturarum
3274 1937 3494 1989 investi—

1917 2022 2135 2087 gatione
2184 2035 2292 2073 non
2351 2022 2657 2085 recedebat,
2709 2022 2820 2077 Deo
2858 2040 3084 2094 prorsus
3136 2027 3313 2094 ipsum
3360 2027 3412 2080 in
3444 2030 3491 2080 id

1918 2125 2295 2184 promovente,
2334 2124 2393 2170 ut
2416 2118 2662 2172 veritatis
2697 2119 2883 2174 lumen
2909 2136 2971 2174 ex
3014 2121 3278 2175 continua
3307 2137 3493 2176 earum

1922 2207 2279 2275 inquisitione
2338 2211 2838 2265 contradicentium
2890 2214 3081 2268 oculos
3141 2214 3493 2271 illuminaret.

1918 2301 2060 2367 quod
2092 2300 2302 2353 tandem
2342 2316 2443 2355 nec
2500 2303 2671 2357 multo
2702 2315 2822 2372 poat
2877 2307 3079 2358 exitum
3129 2307 3336 2360 habuit.
3393 2306 3494 2370 Qui

1918 2405 2150 2459 namque
2199 2392 2372 2461 primo
2425 2392 2520 2447 illo
2545 2394 2664 2447 zelo
2715 2395 3106 2460 invalescebat,
3170 2399 3331 2465 paulo
3370 2409 3488 2464 post

1917 2481 2031 2550 ipse
2092 2497 2310 2552 quoque
2366 2482 2600 2540 Numine
2631 2485 2868 2551 amatus,
2921 2487 3159 2542 divinam
3210 2490 3483 2557 diligente:

1920 2573 2255 2643 Scripturam
2287 2591 2605 2645 percurrere
2638 2578 2741 2631 sibi
2786 2579 2837 2630 in
2871 2581 3056 2633 animo
3104 2582 3303 2648 posuit,
3333 2596 3493 2650 quam

1919 2679 1965 2717 et
2006 2666 2107 2718 hac
2134 2668 2345 2719 ratione
2392 2668 2686 2731 meditans,
2744 2670 2930 2723 multis
2992 2670 3043 2723 in
3080 2671 3213 2726 locis
3247 2675 3491 2727 animum

1920 2758 2055 2820 lixit,
2090 2758 2697 2813 etconsiderationibus
2722 2760 2990 2829 profunda
3027 2764 3341 2831 expiscans,
3400 2781 3496 2821 ac-

1919 2856 2162 2901 curatam
2200 2848 2467 2917 dogmatis
2530 2849 2776 2903 notitiam
2838 2852 3050 2918 habuit,
3078 2862 3131 2906 et
3154 2856 3411 2909 omnibus
3440 2856 3494 2910 iu

1918 2949 2161 3006 apertum
2229 2939 2370 2992 haud
2403 2939 2475 2993 ita
2521 2956 2702 2994 rerum
2752 2944 3051 3011 patentium
3121 2946 3492 3013 cognitionem

1918 3027 2361 3089 communicavit,
2396 3030 2571 3082 zelum
2635 3031 2687 3083 in
2716 3036 2993 3085 contraria
3059 3046 3405 3099 convertens,
3440 3046 3492 3088 et

1918 3134 1984 3173 eo
2026 3118 2370 3173 fervidiorem
2422 3121 2508 3173 hic
2566 3137 2729 3190 quam
2798 3124 2869 3177 ibi
2922 3134 3269 3191 consecutus,
3306 3142 3414 3195 quo
3440 3139 3493 3181 et

233 3214 322 3249 σιν
354 3199 709 3271 κατέστησεν,
740 3206 832 3259 τὸν
863 3208 1026 3276 ζῆλον
1062 3212 1291 3275 δεόντως
1337 3215 1470 3282 πρὸς
1504 3218 1810 3269 τούναντίον

1918 3212 2077 3281 longe
2128 3213 2361 3265 maxima
2415 3228 2477 3266 ex
2513 3214 2734 3282 scriptis
2767 3218 3099 3270 testimoniis
3163 3218 3492 3274 certitudino

232 3291 580 3359 μεταϐαλὼν,
617 3297 710 3349 καὶ
748 3298 1081 3370 θερμότερον
1132 3305 1369 3359 ἐνταῦθα
1422 3307 1609 3359 τοῦτον
1661 3309 1810 3378 ἢπερ

228 3386 413 3436 ἐκεῖσε
445 3388 810 3457 κτησάμενος,
841 3393 966 3446 ὅσον
1007 3398 1102 3449 καὶ
1145 3399 1407 3467 μεγίστην
1442 3400 1505 3451 ἐκ
1538 3400 1646 3453 τῶν
1671 3418 1810 3471 γρα-

229 3475 411 3545 φικῶν
464 3483 778 3551 μαρτυριῶν
808 3485 909 3553 τὴν
939 3488 1311 3560 πληροφορίαν
1342 3492 1663 3560 ἐπλούτησε.
1703 3495 1811 3548 Καὶ

229 3566 325 3616 νῦν
354 3566 465 3617 τῶν
522 3569 755 3637 λογικῶν
790 3576 1026 3644 Χριστοῦ
1071 3584 1358 3649 προϐάτων
1396 3586 1599 3653 ποιμὴν
1644 3604 1808 3655 γεγο-

230 3656 358 3723 νὼς,
413 3660 731 3729 διδάσκαλος
786 3669 883 3738 τῆς
929 3670 1187 3740 ἀληθείας
1220 3677 1350 3745 ἡμῖν
1407 3676 1806 3734 ἀναδείκνυται.

228 3753 307 3804 Δι’
345 3748 417 3806 οὗ
445 3758 531 3808 καὶ
567 3758 704 3827 πρὸς
736 3759 964 3830 ζήτησιν
1013 3765 1118 3817 τῶν
1181 3768 1339 3837 ἱερῶν
1372 3769 1568 3837 λογίων
1604 3772 1811 3836 πάντας

226 3843 353 3905 τοὺς
378 3844 656 3916 ὀλιγώρως
680 3851 859 3903 αὐτῶν
880 3854 937 3904 τὸ
966 3856 1231 3926 πρότερον
1259 3858 1481 3927 ἔχοντας
1511 3862 1804 3932 διεγείρας,

226 3939 256 3988 ό
283 3938 457 3989 ποιῶν
495 3944 672 3995 πάντα
701 3946 793 3996 καὶ
827 3948 1249 4013 μετασκευάζων
1275 3950 1404 4012 Θεὸς
1441 3954 1581 4023 πλὴν
1612 3954 1809 4022 ὀλίγων

225 4031 414 4095 τινῶν,
449 4033 634 4104 ἐπειδὴ
667 4040 761 4091 καὶ
818 4040 913 4105 τῆς
967 4042 1163 4104 κακίας
1215 4047 1397 4112 μεῖναι
1437 4048 1807 4118 κατάλειμμα,

226 4122 320 4171 καὶ
357 4122 414 4172 ἐν
456 4123 533 4191 τῷ
574 4128 800 4195 παρόντι
834 4130 895 4181 τὸ
950 4134 1056 4184 πᾶν
1085 4133 1181 4203 τῆς
1221 4137 1400 4203 ἰσχύος
1454 4140 1592 4211 αὐτῇ
1626 4142 1808 4195 πᾶσαν

226 4213 587 4270 θεόπνευστον
626 4220 866 4290 Γραφὴν,
922 4224 1018 4294 τὴν
1056 4228 1111 4286 ἐς
1151 4228 1312 4294 δεῦρο
1372 4231 1505 4301 μηδὲ
1547 4250 1811 4299 γινωσκοπ

227 4311 400 4377 μένην
433 4311 665 4377 πολλοῖς,
708 4315 756 4366 εἰ
790 4318 864 4385 μὴ
893 4318 957 4370 τά
1000 4320 1168 4372 πλείω
1206 4321 1409 4393 ταύτης
1442 4324 1641 4379 εἰδέναι
1673 4328 1805 4399 φαίη

222 4420 305 4462 τις
349 4403 409 4468 ἐξ
455 4404 740 4471 ὀνόματος,
774 4409 854 4470 είς
883 4410 943 4461 τὺ
980 4411 1143 4479 μέσον
1180 4414 1493 4483 παρήγαγε,
1537 4420 1630 4470 καὶ
1668 4422 1808 4489 παῤ-

226 4495 421 4563 ῥησίας
460 4498 664 4565 ταύτην
702 4502 998 4554 ἀπολαύειν
1046 4505 1301 4572 ἠξίωσεν.
1347 4506 1436 4572 ἘΞ
1493 4503 1560 4579 ἦς
1606 4512 1637 4580 ἡ
1694 4511 1805 4563 τῶν

236 4589 527 4656 Ῥωμαίων
584 4588 896 4661 Ἐκκλησία,
924 4594 1085 4662 βαΰαὶ
1112 4596 1218 4649 τῶν
1268 4598 1489 4665 ἀφάτων
1522 4600 1614 4652 τοῦ
1670 4601 1805 4655 θεοῦ

222 4678 445 4747 δωρεῶι
475 4682 487 4732 l
522 4680 823 4752 διεγνώσθη
854 4687 1177 4753 πρεσϐεύειν
1202 4688 1400 4757 ὀρθῶς,
1425 4693 1517 4743 καὶ
1544 4692 1684 4745 κατά
1712 4693 1806 4745 τὸν

220 4768 345 4822 νοῦν
376 4771 487 4821 τῶν
539 4772 710 4839 ἁγίων
770 4775 1027 4843 Πατέρων
1077 4782 1313 4845 φρονεῖν.
1353 4780 1546 4833 Ἔνθεν
1574 4800 1653 4835 τοι
1713 4785 1804 4836 καὶ

221 4864 375 4913 πᾶσα
412 4863 707 4916 σκανδάλου
740 4867 1017 4935 πρόφασις
1064 4871 1198 4937 ἡμῖν
1233 4871 1587 4942 περιῄρηται,
1628 4875 1800 4928 καθά-

220 4971 327 5023 περ
361 4956 507 5017 ἰστος
540 4957 780 5027 ἀράχνης
806 4959 1140 5028 διαλυθεῖσα,
1165 4965 1261 5016 καὶ
1287 4967 1365 5028 εἰς
1396 4966 1457 5017 τὸ
1483 4967 1650 5036 μηδὲν
1675 4985 1805 5019 κατ-

220 5050 531 5117 αντήσασα.
595 5051 675 5103 Τὰ
698 5051 757 5102 δὲ
785 5053 882 5120 τῆς
914 5055 1133 5124 εἰρήνης
1170 5058 1458 5127 περιπολεί
1483 5059 1798 5129 προςανῶς,

222 5140 499 5209 μηδεμίαν
555 5143 811 5214 ἀφορμὴν
859 5146 1067 5199 διδόντα
1122 5148 1456 5213 διαστάσεως
1509 5152 1801 5221 πρόξενον·

218 5228 455 5298 ἐπείπερ
501 5229 592 5293 οὓς
634 5235 1146 5305 ἐναντιογνωμονεϊν
1191 5239 1320 5308 ὑμῖν
1354 5241 1497 5294 κατά
1531 5242 1593 5294 τὸ
1641 5241 1804 5303 σέϐας

219 5321 353 5390 πρὶν
396 5323 794 5389 ὑποπτεύοντες
831 5326 906 5390 ὡς
947 5329 1174 5399 ἐχθροὺς
1213 5334 1508 5397 ἀσπόνδους
1554 5332 1806 5386 ἀπεσειό-

221 5413 386 5479 μεθα,
417 5413 645 5479 τούτους
682 5418 884 5488 ἀρτίως
914 5420 1206 5488 ὁμοδόξους
1233 5420 1369 5478 εἶναι
1404 5427 1803 5497 κατανενοηκόο

220 5523 330 5571 τες,
387 5510 477 5560 ναὶ
510 5509 619 5579 γὰρ
660 5512 947 5580 ὁμοδόξους
988 5518 1120 5585 ἡμῖν
1166 5519 1293 5581 τοὺς
1339 5520 1437 5589 τῆς
1481 5522 1805 5593 Ἐκκλησίας

218 5596 327 5650 τῶν
364 5597 653 5668 Ῥωμαίων
685 5604 855 5668 καλῶ,
888 5608 981 5657 καὶ
1010 5607 1191 5661 καλῶν
1214 5610 1467 5664 οὐδέποτε
1502 5613 1800 5686 παύσομαι,

221 5693 268 5742 εί
300 5691 397 5743 καί
429 5710 574 5756 τινες
607 5694 638 5764 ἢ
682 5698 850 5765 κακία
895 5701 1258 5769 στοιχοῦντες,
1286 5702 1318 5771 ἢ
1348 5705 1441 5757 καὶ
1486 5707 1679 5777 ἀγνοίᾳ
1706 5726 1802 5761 κα-

222 5784 596 5853 θυπαγόμενοι
624 5788 1045 5860 διαρρήγυνται,
1077 5795 1384 5866 στέργομεν
1412 5798 1487 5861 ὡς
1516 5799 1799 5867 ἀδελφοὺς,

226 5875 315 5927 καί
353 5874 602 5944 καθάπερ
654 5880 827 5932 οἰκεῖα
870 5884 1003 5954 μέλη
1043 5882 1235 5952 πρῶτά
1275 5901 1328 5938 τε
1360 5888 1451 5939 καὶ
1499 5885 1801 5957 τιμιώτερα

1914 3305 2200 3357 ditaretur.
2229 3303 2449 3358 Etnunc
2478 3307 2685 3359 ratione
2710 3308 3062 3376 prteditarum
3087 3308 3287 3362 Christi
3310 3311 3489 3364 ovium

1914 3405 2100 3465 pastor
2129 3395 2376 3459 eﬂ‘ertus,
2416 3397 2658 3450 veritatis
2694 3399 2948 3468 magister
2977 3400 3136 3454 nobis
3174 3401 3491 3465 innotcscit,

1916 3504 2010 3559 per
2038 3503 2198 3556 quem
2229 3495 2281 3541 et
2313 3490 2377 3541 ad
2416 3503 2699 3542 sacrorum
2728 3489 3085 3560 Eloquiorum
3118 3492 3492 3562 investigatio-

1913 3594 2035 3632 nem
2065 3594 2254 3633 omnes
2282 3619 2295 3643 ,
2326 3580 2413 3648 qui
2462 3581 2569 3634 illis
2624 3582 2999 3636 examinandis
3066 3598 3124 3637 se
3157 3585 3493 3653 negligenter

1915 3671 2223 3733 tradebant,
2257 3671 2526 3736 excitans,
2562 3673 2654 3742 qui
2688 3672 2815 3727 facit
2841 3676 3024 3727 omnia
3055 3683 3108 3729 et
3157 3686 3491 3731 transmutat

1913 3762 2077 3825 Deus,
2124 3764 2312 3829 paucis
2341 3766 2664 3833 quibusdam
2710 3768 2975 3836 exceptis,
3008 3770 3228 3837 quando
3282 3779 3336 3823 et
3385 3770 3492 3825 im-

1911 3857 2198 3926 probitatis
2231 3858 2486 3926 reliquias
2514 3874 2831 3926 permanere
2856 3870 3123 3929 oporteat,
3156 3872 3207 3914 et
3234 3864 3484 3930 praesenti

1914 3951 2017 4003 hoc
2049 3958 2292 4018 tempore
2331 3951 2437 4003 vim
2473 3952 2620 4006 illius
2650 3967 2868 4006 omnem
2896 3953 3243 4022 adapericns,
3270 3955 3491 4009 univer-

1913 4056 2028 4095 sam
2061 4042 2323 4095 divinitus
2348 4044 2663 4111 inspiratam
2694 4044 3035 4113 Scripturam
3063 4048 3127 4098 ad
3165 4047 3277 4101 haec
3314 4064 3488 4116 usque

1912 4144 2154 4201 tempora
2214 4135 2397 4189 multis
2455 4150 2562 4187 non
2595 4137 2856 4204 agnitum,
2923 4139 2974 4191 ni
3014 4139 3160 4192 illius
3223 4140 3484 4207 pleraque

1910 4228 2181 4295 quispiam
2212 4226 2351 4279 scire
2379 4227 2598 4281 nomine
2631 4237 2789 4282 tenus
2826 4230 3258 4298 praesumpserit,
3291 4230 3345 4283 in
3373 4246 3483 4284 me-

1911 4316 2059 4369 dium
2094 4317 2340 4381 adduxit,
2366 4316 2625 4387 fecitque,
2656 4329 2713 4373 ut
2748 4321 2835 4374 illa
2866 4314 3202 4376 conﬁdenter
3228 4331 3282 4375 et
3316 4324 3484 4377 libere

1912 4408 2051 4462 inter
2076 4408 2323 4463 homines
2358 4420 2683 4466 versaretur.
2722 4411 2841 4478 Qua
2901 4413 3146 4467 Romana
3208 4414 3477 4481 Ecclesia,

1911 4501 2530 4570 papaainenarrabilium
2574 4504 2663 4557 Dei
2698 4505 2968 4559 donorum
3004 4508 3015 4558 !
3073 4517 3219 4560 recte
3261 4507 3486 4568 sentire,

1912 4601 1968 4646 et
1992 4594 2057 4645 ad
2085 4602 2318 4648 mentem
2349 4606 2657 4650 sanctorum
2692 4594 2911 4651 Patrum
2980 4599 3272 4654 decernere
3294 4599 3490 4666 dijudi-

1910 4693 2028 4737 cata
2060 4693 2143 4737 est
2179 4702 2191 4737 :
2230 4685 2465 4754 indeque
2499 4688 2662 4741 totius
2688 4690 2930 4743 scandali
2957 4691 3174 4743 occasio
3199 4732 3213 4754 ,
3248 4691 3323 4744 uti
3366 4704 3488 4743 ara-

1909 4792 2023 4830 neae
2074 4777 2176 4831 tela
2211 4778 2477 4832 dissoluta
2509 4790 2562 4832 et
2594 4780 2660 4833 ad
2694 4781 2925 4834 nihilum
2961 4781 3189 4835 deducta
3222 4820 3235 4843 ,
3270 4783 3481 4837 sublata

1908 4877 2010 4931 est,
2047 4879 2099 4923 et
2125 4885 2230 4939 pax
2279 4882 2465 4939 aperte
2515 4872 3055 4942 lamiliarissimeque
3106 4875 3480 4943 congreditur,

1906 4963 2110 5017 nullam
2164 4962 2427 5019 exhibens
2469 4979 2713 5026 causam,
2772 4980 2892 5032 quae
2942 4965 3225 5019 dissidium
3268 4965 3480 5027 afferat,

1908 5069 2033 5108 cum
2066 5070 2202 5121 quos
2231 5055 2335 5108 alia
2379 5066 2542 5124 atque
2581 5071 2682 5109 nos
2714 5057 2856 5109 circa
2876 5056 3083 5110 cultum
3114 5068 3296 5111 tenere
3324 5067 3483 5111 antea

1907 5148 2190 5217 suspicati,
2245 5149 2402 5217 quasi
2475 5152 2657 5203 hostes
2711 5149 3197 5203 irreconoiliahiles
3243 5166 3273 5203 a
3330 5151 3488 5204 nobis

1908 5239 2327 5308 repellebamus,
2383 5255 2480 5295 eos
2528 5256 2673 5293 nunc
2709 5240 2951 5309 ejusdem
3011 5258 3133 5294 cum
3175 5244 3333 5296 nobis
3363 5259 3485 5295 esse

1908 5332 2191 5387 sententia:
2221 5342 2603 5402 agnoscentes,
2638 5335 2717 5387 sic
2751 5336 2894 5386 enim
2934 5333 3194 5388 Romana:
3228 5335 3483 5389 Ecclesiae

1909 5423 2149 5478 asseclas
2206 5438 2489 5491 nuncupo.
2542 5434 2596 5477 et
2624 5441 2837 5493 semper
2873 5427 2925 5477 in
2952 5433 3228 5494 posterum
3264 5442 3484 5479 nuncu-

1906 5516 2071 5584 pandi
2114 5516 2320 5569 nullum
2357 5519 2515 5569 linem
2546 5517 2765 5580 faciam,
2826 5519 2949 5570 licet
2982 5519 3225 5569 nonnulli
3254 5531 3347 5571 aut
3378 5520 3481 5571 ini-

1908 5610 2162 5681 probitati
2221 5611 2443 5675 addicti,
2478 5621 2569 5665 aut
2630 5612 2931 5679 ignorantia
2966 5614 3233 5677 distracti,
3273 5615 3478 5666 dirum~

1908 5714 2128 5771 patitur,
2189 5704 2267 5755 uti
2320 5701 2515 5756 fratres
2575 5704 2868 5772 diligimus,
2929 5716 2981 5757 et
3030 5707 3190 5758 veluti
3263 5707 3479 5775 prOpria

1908 5802 2149 5851 membra
2180 5798 2375 5857 prima,
2402 5806 2453 5849 et
2495 5797 2614 5853 aliis
2676 5798 3026 5850 honoratiora
3068 5800 3475 5865 ainplcrtinnn,

1909 5903 2099 5958 parum
2131 5898 2383 5944 curantes
2440 5889 2503 5944 d0
2541 5889 2627 5953 iis,
2655 5888 2744 5957 qui
2775 5905 2836 5943 cx
2877 5890 3107 5959 propriis
3133 5891 3196 5944 dc
3226 5892 3471 5957 dogmate
