4214 6446
219 439 360 512 1045

1074 448 1170 507 DE
1208 446 1723 506 PROCESSIONE
1766 449 1823 508 S.
1868 447 2226 507 SPlHlTUS
2266 448 2485 508 OHA'I‘.
2531 450 2578 507 I.

3332 446 3470 515 1046

214 570 319 605 τας
358 554 709 607 παντάπασιν
742 570 753 585 ·
794 554 845 608 οῑ
889 555 945 607 δὲ
995 555 1061 608 δι’
1094 559 1353 627 α’πειρίαν
1397 560 1530 621 ὅλως
1567 560 1798 630 Γραφῶν

1918 557 2003 609 \lii
2042 557 2449 626 Scripturarum
2484 556 2817 623 experientia
2849 555 3120 621 destituti,
3167 571 3266 610 nec
3299 559 3475 611 oculis

209 645 337 696 οὐδὲ
378 647 655 714 προσιδεῖν
690 647 839 715 ἡμᾶς
903 648 1211 714 στέγουσιν,
1270 650 1345 718 μή
1406 650 1488 702 τοί
1526 668 1588 717 γε
1624 668 1795 721 προσ-

210 735 488 804 ομιλῆσαι
560 738 653 789 καὶ
712 738 1061 807 διαλεχθῆναι
1118 741 1187 791 τὰ
1245 740 1432 791 εἰκότα
1503 741 1632 812 περὶ
1690 742 1796 795 τῶν

213 827 571 898 ζητουμένων
630 831 781 899 ἡμῖν.
844 832 980 901 Περὶ
1026 832 1133 902 γὰρ
1189 832 1296 884 τῶν
1352 833 1551 900 ἄλλων,
1609 836 1659 889 οῖ
1712 835 1799 887 διὰ,

212 923 421 973 κακίαν
471 924 566 975 καὶ
620 926 801 991 μῖσος,
863 925 974 976 εἰσὶ
1009 927 1140 993 γὰρ,
1172 926 1280 979 είσί
1326 945 1474 990 τινες
1533 928 1630 982 καὶ
1681 946 1797 982 τοι-

212 1010 395 1072 οῦτοι,
436 1012 529 1064 τοῦ
568 1014 744 1067 Σατὰν
788 1015 1203 1085 ἐνδεικνυμένου
1246 1019 1531 1073 κάνταῦθα
1578 1019 1679 1085 τὴν
1719 1022 1802 1073 οἰ-

214 1104 378 1154 κείαν
434 1104 737 1174 ἐνέργειαν,
796 1107 1093 1175 φεύγουσιν
1146 1111 1293 1179 ἡμᾶς
1365 1110 1799 1180 βδελυττόμενοι,

214 1195 273 1245 τί
331 1196 437 1265 χρὴ
490 1198 583 1248 καὶ
635 1197 836 1265 λέγειν,
872 1199 965 1261 οὓς
1029 1201 1447 1271 ἀνορθώσασθαι
1498 1204 1657 1273 μόνον
1708 1203 1801 1256 τοῦ

217 1286 349 1347 τοὺς
397 1286 626 1356 νεκροὺς
681 1288 1077 1354 ζωοποιοῦντος
1122 1292 1281 1357 Θεοῦ,
1340 1295 1527 1362 σαφῶς
1579 1294 1678 1364 ήδη
1728 1292 1806 1359 τῷ

218 1375 407 1446 φθόνῳ
436 1378 867 1443 καταπεσόντας,
906 1384 999 1433 καὶ
1028 1381 1487 1446 κινδυνεύσαντας
1516 1401 1533 1451 ;
1578 1378 1673 1446 Οἷς
1713 1383 1807 1436 καὶ

215 1465 439 1535 δάκρυα
499 1468 703 1537 μᾶλλον
764 1472 1116 1541 συμπαθείας
1176 1475 1515 1544 ἁρμόζουσιν
1569 1476 1601 1545 ἢ
1658 1475 1808 1543 λόγοι

220 1558 363 1624 πρδλς
394 1558 453 1608 τὸ
499 1562 748 1628 κρεῖττον
793 1562 1149 1631 μεθέλκοντες
1177 1582 1189 1596 ·
1225 1566 1308 1617 ὅτι
1357 1568 1491 1636 μηδὲ
1538 1567 1809 1631 πείσουσι,

218 1646 365 1696 κατὰ
395 1647 487 1700 τ’,ν
517 1649 735 1701 εἰπόντα
769 1650 955 1717 σοφὸν,
998 1653 1107 1705 οὐδ’
1138 1654 1202 1723 ἢν
1250 1654 1529 1709 πείσωσιν.
1568 1656 1725 1708 Οῦτω
1744 1659 1810 1726 τῇ

218 1736 361 1800 πρὸς
403 1739 460 1789 τὸ
514 1738 676 1792 καλὸν
730 1742 993 1812 μετουσίᾳ
1040 1744 1370 1815 τεθνήκασι,
1423 1750 1488 1816 τῇ
1541 1747 1813 1819 βασκανίᾳ

217 1825 323 1895 τὴν
354 1828 581 1897 γνώμην
613 1830 731 1882 κατ’
759 1830 939 1898 ὀλίγον
969 1833 1225 1896 τακέντες
1258 1837 1354 1887 καὶ
1406 1836 1578 1908 ταύτῃ
1626 1838 1810 1905 σαφῶς

1904 666 2005 705 nos
2034 650 2275 716 aspicere
2305 651 2595 709 sustinent,
2629 656 2837 701 tantum
2878 648 3053 712 abest,
3093 657 3150 700 ut
3178 659 3478 704 consuetu-

1900 741 2030 795 dine
2061 753 2244 795 nostra
2269 740 2625 802 delectentur,
2679 749 2733 792 et
2762 739 2828 791 de
2862 739 3023 793 rebus
3049 739 3236 793 dubiis
3269 740 3469 807 agitata

1905 834 1957 884 iu
1988 846 2276 886 commune
2308 830 2591 898 congressi
2630 828 2900 885 deferant.
2956 828 3031 883 De
3057 830 3179 885 aliis
3213 832 3357 884 enim
3383 832 3475 899 qui

1904 925 1975 979 ob
2008 922 2417 990 improbitatem
2456 930 2511 973 et
2538 922 2748 984 odium,
2781 930 2911 976 sunt
2942 920 3108 982 enim,
3166 930 3291 974 sunt
3314 922 3476 975 etiam

1906 1012 2151 1067 nonnulli
2193 1014 2267 1065 ita
2304 1011 2507 1074 aﬂ‘eCIi,
2546 1010 2638 1077 qui
2688 1010 2887 1063 Satana
2916 1008 3005 1063 hic
3044 1024 3263 1076 quoque
3317 1024 3479 1062 suam

1906 1105 2014 1158 vim
2050 1113 2535 1166 commonstrante,
2566 1116 2666 1155 nos
2709 1101 3062 1155 abhorrentes
3086 1099 3324 1169 fugiunt,
3346 1114 3482 1167 quos

1908 1198 2087 1266 plane,
2131 1195 2242 1262 jam
2274 1194 2571 1249 invidentia
2604 1206 2920 1262 oppressos,
2956 1201 3009 1245 et
3039 1191 3340 1245 infortunio
3387 1189 3484 1244 de-

1912 1301 2120 1341 tttersos
2166 1286 2219 1338 in
2282 1298 2469 1337 sanam
2524 1291 2758 1337 mentem
2818 1281 3099 1345 reducere,
3152 1281 3324 1335 solius
3391 1278 3481 1332 Dei

1915 1388 2161 1431 mortuus
2225 1373 2551 1428 viviﬁcamis
2598 1374 2786 1437 fuerit,
2836 1372 2967 1443 quid
3019 1372 3309 1425 dicendum
3363 1370 3486 1424 est?

1910 1466 2022 1522 llos
2054 1469 2305 1536 lacrymz:
2337 1465 2520 1533 potius
2551 1464 3042 1519 commiserationis
3074 1464 3290 1523 decent,
3320 1475 3484 1530 quam

1915 1564 1980 1611 ad
2018 1560 2244 1613 meliora
2280 1560 2571 1614 illicientes
2606 1570 2911 1619 sermones,
2950 1555 3092 1624 quod
3120 1570 3226 1608 non
3255 1567 3487 1623 persua-

1916 1654 2146 1711 debunt,
2183 1661 2241 1706 ut
2265 1652 2481 1721 sapiens
2513 1649 2603 1703 ille
2627 1646 2783 1712 dixit,
2818 1647 3033 1700 etiamsi
3074 1645 3435 1719 persuadeant
3472 1662 3483 1694 :

1914 1746 1994 1799 sic
2021 1745 2073 1795 in
2105 1743 2231 1796 boni
2267 1741 2655 1796 communione
2687 1739 2920 1793 emortui
2957 1746 3105 1797 sunt,
3161 1737 3327 1789 livore
3353 1750 3488 1804 pau-

1917 1837 2067 1890 latim
2099 1844 2278 1889 mente
2319 1833 2594 1895 tabefacti,
2640 1848 2814 1901 eoque
2863 1830 3022 1898 plane
3072 1829 3279 1882 reducti
3324 1826 3380 1880 in
3406 1827 3489 1880 ni-

220 1918 304 1980 εἱς
352 1918 413 1970 τὸ
443 1919 707 1981 παντελὲς
754 1921 1216 1994 ὐπορῤεύσαντες.
1276 1925 1415 1978 Ἀλλ’
1451 1928 1650 1980 ἐκεῖνοι
1709 1928 1807 1998 μὲν

1918 1929 2105 1983 hilum.
2150 1924 2255 1980 Sed
2296 1925 2386 1978 isti
2414 1924 2635 1993 quidem
2668 1937 2735 1977 ex
2766 1921 2866 1974 hac
2894 1919 3143 1974 oratimie
3181 1917 3340 1983 longe
3364 1930 3489 1983 pro—

222 2010 508 2081 ὲρρίφθων
546 2010 641 2064 τοῦ
674 2013 836 2080 λόγου
881 2015 1076 2069 τούτου
1135 2019 1373 2085 μακρὰν,
1431 2018 1507 2080 ὼς
1571 2021 1808 2085 ἀνιάτως

221 2102 325 2170 τῆς
365 2105 742 2173 προαιρέσεως
768 2104 984 2174 ἔχοντες
1014 2124 1028 2139 ο
1068 2108 1204 2179 πρὸς
1246 2110 1302 2162 δὲ
1328 2112 1456 2173 τοὺς
1488 2111 1664 2177 ἄλλως
1699 2115 1813 2167 δια-

222 2196 539 2263 κειμένους,
571 2197 619 2250 οἶ
649 2200 743 2251 καὶ
774 2201 874 2269 τὴν
906 2201 1209 2272 θεραπείαν
1250 2204 1331 2259 ἔτι
1378 2207 1545 2276 τυχὸν
1585 2210 1812 2277 προσδο-

223 2288 476 2356 κήσιμοι,
539 2291 634 2343 καὶ
685 2292 794 2360 γὰρ
848 2294 993 2355 είκὶις
1052 2295 1149 2365 ὀψὲ
1210 2298 1305 2350 καὶ
1366 2299 1519 2368 μόλις
1570 2298 1813 2369 ἅψασθαί

223 2395 281 2430 τι
316 2381 417 2449 τῆς
466 2381 648 2435 αὐτῶν
699 2385 929 2453 καρδίας
968 2386 1121 2456 ῥῆμα
1172 2390 1459 2459 σωτήριον,
1512 2391 1604 2443 τὸν
1658 2393 1813 2461 λόγον

225 2477 490 2544 ποιητέον
520 2478 676 2544 ἡμῖν,
733 2481 791 2530 ὲν
844 2473 889 2549 ᾧ
939 2482 1031 2534 καὶ
1101 2482 1202 2545 τὰς
1259 2483 1539 2553 γραφικὰς
1566 2485 1812 2555 χρήσεις,

229 2562 317 2629 αἷς
348 2567 665 2636 ἐντυχοῦσιν
690 2570 1031 2643 όδηγηθῆναι
1058 2574 1193 2642 πρὸς
1218 2574 1315 2645 τὴν
1346 2576 1606 2646 ἀλήθειαν
1640 2579 1815 2632 ἁπλα-

227 2659 338 2719 νῶς
364 2660 668 2729 ἐξεγένετο,
704 2665 1109 2732 κατατάξομεν,
1154 2670 1221 2718 τέι
1264 2668 1397 2736 παρ’
1450 2668 1661 2721 ἑαυτῶν
1694 2687 1815 2723 συν-

233 2747 502 2814 τιθέντες,
536 2752 631 2802 καὶ
673 2751 767 2803 τὸν
801 2751 927 2806 νοῦν
957 2755 1138 2807 αὐτῶν
1174 2755 1249 2819 ὡς
1281 2756 1514 2827 δύναμις
1543 2760 1820 2814 ἀναπτύσ-

240 2857 455 2903 σοντες.
491 2842 649 2895 Ἔστι
674 2842 720 2896 δ’
769 2843 905 2896 ὅπου
954 2847 1050 2898 καὶ
1109 2848 1177 2898 τὰ
1216 2848 1328 2901 τῶν
1363 2850 1619 2905 ἐναντίων
1652 2854 1816 2907 ἀνθυ-

230 2932 590 2999 ποφέροντες,
641 2934 734 2986 καὶ
779 2933 952 2988 ταῦτα
986 2934 1128 2988 κατὰ
1160 2938 1259 3007 τὴν
1292 2939 1350 2991 ιν
1378 2942 1509 3009 ἡμῖν
1545 2944 1818 3012 χορηγίαν

228 3022 330 3075 τοῦ
376 3023 694 3092 Πνεύματος
728 3024 971 3089 λύοντες,
1011 3028 1086 3091 ὡς
1135 3028 1201 3081 ἂν
1253 3031 1303 3082 oi
1342 3030 1441 3099 μὲν
1478 3029 1546 3085 δι’
1597 3034 1820 3103 ἄγνοιαν

234 3113 449 3165 τούτων
503 3115 891 3184 ἀποπηδῶντες
946 3116 1103 3185 ἡμῶν
1144 3119 1471 3190 διδαχθῶσιν
1524 3124 1655 3186 toto;
1709 3128 1819 3178 κάκ

1917 2021 2231 2081 trudautur,
2265 2026 2522 2085 tanquam
2555 2015 2645 2085 qui
2680 2012 2966 2068 insanabili
2995 2009 3210 2081 ingenio
3243 2017 3389 2071 sunt;
3421 2007 3486 2061 ad

1916 2117 2052 2172 alios
2075 2130 2205 2169 vero
2232 2114 2323 2182 qui
2353 2113 2508 2166 aliter
2537 2110 2714 2164 allecti
2747 2118 2877 2163 sunt
2909 2109 2974 2161 de
3003 2121 3236 2173 quorum
3261 2104 3491 2157 sanitate

1917 2225 2027 2263 non
2085 2209 2461 2276 desperamus,
2520 2204 2735 2257 tandem
2772 2202 2914 2254 enim
2977 2196 3274 2267 aliquando
3322 2194 3488 2249 corda

1917 2316 2108 2356 eorum
2139 2315 2167 2353 a
2193 2297 2398 2352 salubri
2435 2295 2603 2351 verbo
2640 2291 3034 2348 commovenda
3067 2290 3180 2343 fore
3210 2297 3489 2358 putamus,

1916 2390 2279 2449 convertenda
2341 2400 2528 2445 nostra
2559 2386 2736 2441 oratio
2771 2395 2874 2447 est,
2922 2386 3106 2452 inqua
3170 2395 3224 2435 et
3284 2380 3491 2450 scripto

1916 2485 2118 2541 tradita
2149 2481 2485 2545 testimonia,
2516 2481 2569 2533 in
2603 2494 2723 2548 quae
2750 2479 2879 2530 dum
2908 2492 3009 2529 nos
3054 2474 3369 2537 incidimus,
3405 2486 3495 2525 ve-

1919 2577 2135 2631 ritatem
2174 2575 2348 2642 ipsam
2395 2571 2603 2640 absque
2634 2585 2824 2623 errore
2878 2566 3113 2634 pcnitius
3166 2563 3498 2632 introspexia

1921 2689 2065 2735 mus,
2098 2672 2427 2741 digeremus,
2482 2677 2666 2722 nostra
2724 2672 3137 2734 componentes,
3193 2674 3519 2729 eorumque

1921 2763 2267 2827 sententiam,
2316 2761 2392 2816 uti
2424 2760 2540 2813 neri
2572 2767 2773 2829 potest,
2823 2763 3180 2825 exponentes,
3217 2750 3495 2806 nonnullis

1922 2856 2086 2911 etiam
2118 2855 2173 2908 in
2202 2854 2339 2909 locis
2372 2850 2820 2907 adversariorum
2870 2844 3335 2901 contradictiones
3365 2839 3497 2895 aﬂa-

1924 2959 2133 3012 rentes,
2176 2958 2382 3012 easque
2408 2944 2484 2996 uti
2514 2942 2673 2996 nobis
2700 2938 2964 2995 concedet
2999 2934 3262 3006 Spiritus,
3286 2930 3497 2986 dissol—

1920 3049 2130 3101 ventes,
2163 3044 2221 3091 ut
2250 3036 2343 3104 qui
2404 3042 2623 3104 propter
2652 3030 3045 3099 ignorationem
3100 3043 3129 3081 a
3162 3026 3320 3080 nobis
3348 3023 3497 3078 desi-

1923 3132 2085 3197 liunt,
2108 3133 2407 3185 doceantur
2446 3129 2523 3181 vel
2550 3142 2612 3181 cx
2647 3125 2765 3180 sola
2788 3124 3094 3176 divinarum
3115 3135 3306 3173 vocum
3340 3117 3498 3171 audi-

234 3204 415 3274 μόνης
443 3205 545 3273 τῆς
577 3207 689 3313 τῶν
731 3208 893 3260 θείων
920 3210 1111 3275 φωνῶν
1146 3213 1483 3281 ἀκροάσεως,
1520 3216 1595 3285 μὴ
1630 3217 1813 3285 φοϐεῖ·

1927 3224 2073 3277 tione
2095 3239 2159 3278 ex
2196 3237 2316 3276 sese
2338 3222 2619 3283 timorem,
2647 3218 2734 3269 ubi
2770 3215 2930 3268 timor
2963 3227 3069 3267 non
3105 3221 3211 3273 est.
3236 3209 3494 3278 abjicere,

235 3298 364 3350 σθαι
396 3299 584 3367 φόδον,
620 3295 681 3355 οὗ
722 3303 795 3370 μή
830 3303 945 3355 ἐστι
988 3304 1171 3369 φόϐος,
1208 3308 1349 3359 κατὰ
1380 3309 1467 3360 τὸν
1490 3309 1817 3380 ψαλμογρά-

232 3408 336 3457 φον
385 3391 638 3462 Δαυῖδ,ἢ
696 3395 898 3463 μᾶλλον
929 3398 1028 3468 τὴν
1076 3399 1370 3468 ἐπαινετὴν
1413 3400 1619 3454 δειλίαν
1671 3403 1817 3455 ἔνδον

234 3484 297 3534 ἐν
349 3483 551 3553 καρδίᾳ
598 3485 975 3550 συλλαϐόντες,
1025 3490 1117 3541 καὶ
1158 3488 1539 3560 ὼδινήσαντες,
1600 3494 1817 3565 πνεῦμα

236 3573 521 3640 σωτηρίας
574 3574 872 3641 ὲκτέκοιεν,
922 3578 979 3629 ἐν
1004 3577 1081 3647 τῷ
1132 3581 1501 3651 προσδραμεῖν
1558 3584 1816 3652 ἑτοίμως,

235 3666 337 3717 καὶ
392 3666 495 3727 τὰς
541 3665 722 3736 ψυχὰς
765 3670 938 3723 ὀπίσω
967 3672 1297 3742 κολληθῆναι
1348 3676 1456 3728 τῶν
1507 3680 1814 3747 ημιτέρων.

236 3758 301 3809 Ol
333 3757 388 3808 δὲ
424 3757 625 3820 ταύτας
658 3760 1138 3830 παρεξηγούμενοι
1165 3769 1285 3827 ταῖς
1313 3766 1505 3836 ὀρθαῖς
1537 3770 1692 3838 ήμῶν
1724 3772 1817 3823 καὶ

234 3848 603 3909 ἀδιαπτώτοις
662 3850 916 3915 ἐννοίαις,
968 3851 1034 3904 ἂν
1068 3853 1175 3922 ἄρα
1227 3855 1323 3909 καλ⁸
1380 3858 1818 3925 συγκαταθέσθαι

234 3938 517 4007 δυνηθεῖεν
569 3941 785 4005 αὐταῖς,
824 3944 920 4011 τῆς
970 3948 1246 4015 προτέρας
1284 3951 1647 4015 καταγνόντες
1693 3954 1819 4006 ἑαυ-

239 4031 351 4081 τῶν
386 4031 706 4103 ὑπολήψεως
748 4034 808 4087 τὸ
852 4021 1080 4106 ἀκριῦες
1116 4038 1210 4091 τοῦ
1252 4040 1522 4108 δόγματος
1572 4045 1819 4112 μεταμάο

238 4124 397 4186 (ωσι,
427 4126 524 4175 καὶ
557 4126 632 4195 μὴ
668 4126 910 4195 τολμῶσι
958 4128 1139 4196 λέγειν
1186 4130 1261 4193 ὡς
1306 4134 1414 4198 ἐγώ
1446 4152 1587 4197 τινος
1621 4136 1820 4187 ἐπυθό-

237 4232 352 4284 μην
404 4215 621 4280 αύτῶν,
679 4216 1063 4282 ἀϐασανίστως
1131 4220 1278 4289 ἡμᾶς
1336 4224 1433 4285 τὰς
1486 4225 1594 4277 τῶν
1649 4226 1820 4293 ἁγίων

239 4307 505 4376 Πατέρων
548 4308 878 4377 δεξαμένους
924 4312 1129 4380 φωνὰς,
1175 4314 1243 4365 τὰ
1293 4315 1516 4380 δόξαντα
1565 4320 1821 4383 συνάγειν

236 4396 451 4464 κακῶς,
484 4398 598 4451 ἀλλ’
627 4399 683 4452 ἓν
704 4402 796 4452 καὶ
826 4401 885 4453 τὸ
904 4402 1036 4455 αὐτὸ
1070 4403 1403 4473 φρονοῦντες
1427 4408 1668 4475 γένοιντο
1698 4410 1819 4480 μεθ’

237 4487 423 4556 ἡμῶν,
456 4491 551 4541 καὶ
599 4495 751 4559 κοινῇ
788 4495 886 4560 τὴν
930 4495 1136 4564 Τριὰδα
1180 4497 1517 4569 δοξάσωμεν,
1551 4504 1650 4571 τὴν
1688 4503 1819 4571 μίαν

1921 3316 1998 3370 uti
2033 3313 2370 3367 Psalmorum
2398 3312 2633 3375 scriptor
2664 3306 2831 3360 David
2865 3305 3137 3368 insinuat;
3168 3304 3283 3357 sive
3309 3299 3492 3370 potius

1925 3404 2181 3459 laudabili
2213 3403 2409 3456 timore
2441 3417 2541 3455 suo
2577 3399 2741 3452 corde
2791 3396 3147 3465 trepidantes,
3203 3402 3257 3446 et
3300 3392 3496 3446 salutis

1916 3499 2165 3569 spiritum
2207 3494 2603 3563 concipientes,
2641 3490 2808 3545 letum
2837 3488 3070 3552 etlicere,
3096 3487 3222 3539 dum
3250 3494 3499 3555 prompte

1918 3589 1987 3643 ad
2032 3603 2130 3642 nos
2187 3584 2553 3654 confugerint,
2619 3597 2683 3636 ex
2713 3582 2897 3634 animo
2930 3579 3095 3631 menti
3130 3585 3332 3629 nostra:
3366 3590 3497 3629 con-

1926 3681 2201 3752 glutinati.
2244 3678 2347 3744 Qui
2396 3691 2526 3732 vero
2560 3692 2622 3730 ea
2652 3688 2817 3743 prave
2843 3672 3296 3739 interpretantur,
3330 3665 3497 3720 rectis

1926 3774 2131 3829 nostris
2163 3788 2225 3826 ac
2251 3772 2425 3824 ﬁrmis
2466 3766 2913 3836 cogitationibus,
2948 3765 2993 3816 si
3029 3772 3211 3815 tamen
3269 3758 3375 3813 illis
3408 3774 3495 3813 as-

1921 3881 2145 3921 sensum
2213 3861 2451 3932 praebere
2515 3857 2804 3920 valuerint,
2856 3854 3038 3925 priore
3092 3869 3188 3907 sua
3238 3850 3497 3921 opinione

1919 3958 2232 4022 amandata,
2272 3963 2531 4009 accurata
2564 3950 2833 4021 dogmatis
2872 3948 3098 4003 scientia
3128 3948 3494 4007 instruantur,

1921 4067 2020 4107 nec
2069 4049 2309 4104 audeant
2334 4047 2537 4111 dicere,
2566 4054 2625 4098 ut
2651 4058 2751 4112 ego
2783 4057 2849 4096 ex
2900 4042 3086 4094 nescio
3121 4053 3229 4107 quo
3276 4053 3497 4090 eorum-

1921 4144 2043 4199 dem
2076 4142 2279 4205 audivi,
2312 4154 2413 4193 nos
2448 4138 2656 4203 absque
2687 4135 2797 4187 ullo
2825 4132 3075 4185 examine
3103 4131 3247 4183 dicta
3270 4127 3492 4181 Patrum

1921 4235 2276 4304 excipientes,
2329 4246 2453 4300 qua
2502 4229 2660 4282 nobis
2711 4227 2988 4288 videntur,
3045 4223 3187 4276 male
3216 4222 3492 4289 colligere,

1922 4327 2016 4380 sed
2046 4340 2212 4378 unum
2244 4332 2298 4376 et
2323 4322 2463 4374 idem
2495 4317 2795 4373 sentientes
2830 4315 3114 4369 nobiscum
3147 4312 3497 4380 depaciscau—

1923 4429 2033 4481 tur,
2078 4425 2133 4471 et
2163 4414 2326 4469 simul
2357 4427 2462 4466 una
2506 4426 2699 4464 omnes
2745 4408 3068 4463 Trinitatem
3102 4404 3494 4474 gloriﬁcemus,

1924 4507 2176 4560 deitatem
2230 4517 2395 4555 unam
2438 4508 2499 4554 et
2525 4506 2876 4568 potestatem,
2933 4495 3000 4548 de
3035 4508 3141 4561 qua
3200 4502 3491 4558 antequam

237 4578 474 4647 (λεέτητὰ
526 4597 587 4632 τε
640 4583 736 4633 καὶ
786 4582 1038 4653 δύναμιν,
1089 4588 1219 4655 περὶ
1270 4584 1336 4659 ἧς
1384 4590 1484 4660 ἤδη
1541 4594 1632 4643 καὶ
1692 4594 1813 4662 πρὶν

1928 4596 2282 4668 quaestionem
2330 4592 2501 4659 ipsam
2541 4590 2847 4658 aggrediar,
2883 4585 3117 4640 breviter
3147 4583 3355 4651 aliquid
3380 4583 3496 4634 dis-

234 4670 335 4720 τοῦ
390 4670 704 4740 ζητήματος
755 4675 1048 4739 εἰσϐαλεῖν,
1102 4680 1308 4748 βραχέα
1358 4682 1650 4746 διεξελθεῖν
1682 4688 1820 4755 ἡγη-

240 4761 478 4831 σάμενος
500 4763 633 4827 δεῖν,
664 4764 811 4818 οὕτω
845 4768 954 4838 γὰρ
993 4768 1059 4821 ἂν
1099 4772 1127 4823 ό
1171 4773 1328 4838 λόγος
1359 4774 1651 4845 εὑοδωθείη
1680 4778 1818 4847 πρὸς

238 4854 301 4905 τὸ
358 4856 742 4925 προκείμενον,
806 4860 977 4929 αὐτὴν
1029 4862 1245 4932 ἐκείνην
1299 4866 1668 4937 ἐπικαλοῦμαι
1722 4873 1819 4938 τὴν

238 4948 369 5010 τοὺς
402 4949 697 5011 ἀσυνέτους
726 4950 822 5002 καὶ
854 4951 1092 5031 ἀσόφους
1125 4956 1512 5018 συνετὶζουσαν
1545 4960 1636 5010 καὶ
1670 4961 1821 5026 σοφί-

240 5036 467 5101 ζουσαν,
512 5039 570 5090 ὲν
705 5042 904 5104 πάντες
946 5044 995 5094 οἱ
1040 5044 1141 5112 τῆς
1200 5047 1452 5113 γνώσεως
1510 5048 1819 5120 ἀπόκρυφοι

240 5130 510 5199 θησαυροὶ
566 5132 708 5183 κατά
752 5132 840 5183 τὸν
888 5134 1061 5203 μέγαν
1124 5137 1466 5202 Ἀπόστολον,
1513 5140 1669 5208 λόγον
1730 5160 1820 5210 μοι

240 5226 551 5292 παρασχεῖν
589 5224 647 5273 ὲν
685 5224 889 5290 ἀνοίξει
927 5226 1021 5279 τοῦ
1057 5227 1345 5294 στόματος,
1383 5229 1467 5281 ἵνα
1517 5231 1611 5281 τοῦ
1653 5248 1819 5301 προσο

239 5318 491 5383 ήκοντος,
539 5316 613 5379 ὼς
664 5312 774 5368 οἶόν
823 5334 883 5368 τε
930 5321 1367 5388 κατευστοχήσας
1409 5320 1694 5391 δυνηθείην
1740 5326 1821 5375 εἰ-

238 5409 366 5459 πεῖν
400 5424 452 5458 τι
482 5407 579 5476 τῆς
616 5406 763 5471 θείας
792 5408 1262 5479 μεγαλοπρεπείας
1292 5412 1533 5476 ἐπάξιον.

318 5505 370 5553 ι’.
413 5499 591 5553 Ἰλαθι
637 5501 693 5553 δέ
753 5518 843 5571 μοι
903 5503 962 5555 τὸ
1019 5502 1247 5573 φοϐερὸν
1295 5508 1406 5567 τοῖς
1456 5506 1620 5557 πᾶσιν
1653 5504 1822 5575 ὄνομα

240 5594 336 5644 καὶ
362 5596 612 5661 φρικτὸν,
656 5594 757 5646 Θεὲ
804 5597 897 5648 καὶ
947 5596 1118 5666 Κύριε
1163 5597 1254 5649 τοῦ
1306 5599 1525 5663 παντὸς,
1561 5598 1821 5668 ἀγέννητε

256 5686 461 5756 Πατὲρ,
503 5686 599 5739 Υίὲ
642 5687 949 5756 μονογενὲς,
984 5690 1080 5742 καὶ
1108 5691 1331 5759 Πνεῦμα
1356 5691 1603 5759 συμφυές
1634 5708 1692 5744 τε
1729 5690 1823 5745 καὶ

245 5779 562 5849 σύνθρονον,
596 5781 738 5850 ἡτῶν
766 5782 933 5833 ὅντων
974 5781 1311 5851 ὑπεράρχιος
1359 5783 1499 5853 ἀρχὴ
1530 5784 1621 5835 καὶ
1650 5784 1821 5853 ὑπέρ-

248 5889 462 5943 χρονος,
512 5874 575 5927 τὸ
626 5874 934 5944 τριλαμπὲς
983 5875 1181 5946 κράτος
1230 5878 1319 5929 καὶ
1356 5877 1644 5945 ἁμερὲς,ή
1695 5877 1823 5945 ὀμο-

1926 4689 2214 4745 serendum
2240 4698 2361 4738 esse
2390 4683 2736 4741 existimans,
2775 4680 2855 4733 sie
2882 4678 3029 4732 enim
3074 4676 3250 4730 oratio
3284 4674 3349 4727 ad
3380 4687 3492 4727 rem

1926 4779 2030 4833 sibi
2066 4775 2398 4845 propositam
2434 4772 2698 4825 concinne
2724 4770 3007 4837 dirigetur.
3040 4768 3287 4821 eamdem
3324 4768 3493 4833 ipsam

1924 4872 2140 4926 invoco,
2185 4882 2306 4933 qua:
2366 4864 2565 4917 stultus
2616 4871 2779 4931 atque
2814 4861 3133 4929 insipientes
3202 4858 3497 4927 prudentes

1923 4961 2303 5030 sapientesque
2350 4956 2500 5017 facit,
2552 4955 2603 5007 in
2643 4970 2750 5023 qua
2789 4968 2981 5006 omnes
3021 4950 3349 5020 cognitionis
3378 4949 3495 5003 the—

1923 5052 2093 5112 sauri,
2122 5048 2198 5101 sie
2231 5060 2459 5115 magnus
2507 5045 2581 5097 ait
2622 5042 2935 5110 Apostolus,
2998 5051 3147 5107 sunt,
3186 5040 3254 5093 ad
3313 5040 3495 5108 propi-

1926 5143 2164 5197 nandum
2223 5139 2356 5191 milii
2390 5138 2445 5191 in
2478 5136 2783 5205 aperitioue
2811 5136 2923 5188 oris
2978 5134 3162 5197 verba,
3204 5142 3263 5186 ut
3308 5134 3373 5186 ad
3415 5133 3493 5194 id,

1924 5234 2069 5305 quod
2101 5240 2522 5288 comentaneum
2551 5239 2660 5292 est,
2712 5228 2791 5281 sic
2824 5228 2899 5280 uti
2939 5226 3053 5279 fieri
3089 5236 3282 5294 potest,
3340 5224 3497 5278 colli.-

1925 5343 2102 5391 mans,
2145 5324 2369 5392 dignum
2402 5322 2600 5375 divinae
2631 5318 3023 5388 magnitudinis
3067 5317 3272 5385 aliquid
3314 5316 3495 5371 dicere

1922 5421 2151 5473 valeant.

2002 5511 2081 5563 tO.
2108 5509 2409 5580 Propitium
2440 5521 2568 5561 vero
2593 5504 2670 5560 sis
2694 5504 2848 5570 milii,
2884 5501 3220 5557 tremendum
3266 5499 3495 5552 horreu-

1929 5599 2170 5665 dumque
2196 5596 2451 5650 omnibus
2478 5608 2695 5652 nomen.
2730 5592 2871 5645 Deus
2904 5602 2957 5645 et
2978 5590 3199 5643 Domine
3228 5587 3492 5652 universi,

1927 5688 2084 5743 Pater
2114 5688 2374 5757 ingenite,
2428 5684 2527 5739 Fili
2562 5685 2761 5754 genite,
2800 5682 3035 5752 Spiritus
3084 5682 3331 5749 ejusdem
3361 5692 3487 5732 cum

1930 5781 2036 5833 illis
2075 5789 2307 5840 naturas.
2332 5787 2386 5831 et
2420 5777 2472 5831 in
2508 5776 2699 5830 eadem
2751 5776 2879 5829 sede
2915 5775 3234 5828 collocatus.
3292 5772 3491 5825 Rerum

1931 5890 2092 5943 supra
2124 5887 2281 5929 omne
2307 5868 2632 5941 principium
2663 5880 2715 5925 ct
2744 5882 2907 5938 supra
2930 5883 3087 5923 omne
3116 5878 3325 5935 tempus
3350 5868 3494 5935 ιιιὶιι·
