4214 6446
178 422 321 489 1049

1034 435 1128 494 DE
1174 437 1685 497 l'llOCESSlONE
1728 439 1786 496 S.
1834 436 2195 498 SPlRl'l‘US
2234 441 2459 501 DHA'I‘.
2506 443 2531 500 Ι

3294 434 3425 497 1050

174 540 275 589 καὶ
332 540 471 610 πρὸς
528 543 766 613 παντελῆ
809 544 901 596 τὸν
928 544 1238 616 ἀφανισμὸν
1292 550 1384 600 καὶ
1437 549 1535 615 τὴν
1587 546 1758 612 E5016-

1863 550 2238 619 pervenisscnt
2269 552 2334 605 ad
2373 553 2638 620 integram
2663 552 3021 621 perditionem
3058 560 3220 618 atque
3261 550 3432 603 inter-

179 629 431 699 θρευσιν,
474 631 728 704 καθάπερ
758 636 1004 697 εἰπόντες
1038 636 1283 709 ἔφθημεν
1323 639 1550 702 ἄνωθεν,
1598 642 1645 691 εἰ
1682 641 1757 707 μὴ

181 719 392 791 Κύριος
422 722 670 793 ἐναργῶς
701 725 857 795 ἡμῶν
888 725 1237 795 ἀντελάϐετο,
1269 729 1363 781 καὶ
1391 729 1485 781 νῦν
1525 730 1581 782 δὲ
1614 730 1758 797 μετὰ

178 811 283 881 τὴν
332 815 433 881 τῆς
485 815 742 886 ἀληθείας
785 817 1042 888 εὕρεσιν,
1086 822 1179 872 καὶ
1223 820 1547 889 κατάληψιν,
1590 821 1657 891 ἢν
1699 821 1761 872 τὸ

183 902 415 973 Πνεῦμα
456 904 520 956 16
558 906 717 973 ἅγιον
754 909 1083 980 ἐχορήγησε,
1132 910 1239 963 τῶν
1284 913 1571 980 ἡμετέρων
1618 910 1760 971 τινες

183 994 285 1063 τῆς
318 997 593 1065 προτέρας
623 996 849 1069 γνώμης
884 1003 978 1054 καὶ
1012 997 1078 1055 αὖ
1109 1002 1484 1071 ἀντεχόμενοι,
1517 1006 1761 1072 βλασφη-

189 1087 322 1153 μίαν
346 1089 462 1150 τοῖς
492 1091 557 1140 ἐκ
604 1090 700 1157 τῆς
738 1091 847 1142 τῶν
916 1091 1205 1162 Ῥωμαίων
1244 1094 1569 1161 Ἐκκλησίας
1598 1096 1763 1161 ιπεγ-

186 1176 439 1237 καλοῦσι.
476 1181 557 1232 ὅτι
590 1181 696 1233 κάκ
724 1182 818 1235 τοῦ
850 1182 977 1236 Υῐοῦ
1008 1186 1067 1237 τὸ
1094 1185 1319 1256 Πνεῦμα
1350 1186 1761 1254 πρεσϐεύουσιν,

187 1272 282 1321 καὶ
321 1270 418 1322 τδν
455 1273 597 1325 κατὰ
622 1273 754 1326 Θεὸν
784 1275 943 1343 ἡμῶν
969 1276 1279 1330 ἑνωθέντων
1313 1284 1526 1339 τούτοις
1579 1276 1764 1339 κακῶς

186 1361 600 1429 ἁποσχίζονται,
654 1365 949 1419 σκάνδαλον
998 1368 1329 1428 ὠς-ὲπίπαν
1375 1369 1469 1421 καὶ
1521 1368 1764 1439 ταραχὴν

184 1454 580 1524 οίκουμενικὴν
611 1457 916 1526 ἐμποιῆσαι
961 1459 1374 1523 σπουδάζοντες.
1409 1460 1628 1529 Γυμνῆς
1658 1463 1765 1530 γὰρ

189 1543 343 1608 απαξ
372 1548 470 1614 τῆς
504 1547 616 1600 ἄνω
651 1548 911 1618 ρηθείσης
946 1551 1307 1619 εὐαγγελικῆς
1340 1551 1630 1621 λαϐόμενοι
1673 1552 1765 1604 τοῦ

190 1636 449 1704 Σωτῆρος
474 1641 683 1708 φωνῆς,
718 1642 942 1711 ἁμέσως
975 1645 1038 1694 ἐκ
1072 1642 1167 1695 τοῦ
1207 1643 1418 1712 Πατρδς
1458 1644 1517 1695 τὸ
1546 1643 1769 1712 Πνεῦμα

189 1729 449 1797 λέγουσιν
478 1733 894 1800 ἐκπορεύεσθαι,
940 1736 1080 1814 μήτε
1123 1738 1188 1804 τῇ
1230 1738 1333 1805 πρὸ
1369 1738 1573 1807 ταύτης
1621 1739 1768 1806 πάσῃ

195 1824 477 1891 περικοπῇ
509 1824 597 1874 τὸν
635 1824 757 1876 νοῦν
787 1826 1194 1893 ὲφιστάνοντες,
1238 1828 1305 1879 δι’
1351 1824 1418 1897 ἧς
1448 1830 1563 1889 τοῖς
1599 1843 1771 1896 προσ-

1864 642 2171 706 necionem,
2227 650 2286 695 ut
2355 658 2518 712 supra
2568 642 3137 704 commemoravimus.
3193 640 3245 693 ni
3288 638 3429 693 Deus

1862 733 2006 786 clare
2042 732 2199 787 nobis
2245 734 2522 801 suppetias
2550 734 2784 788 tulisset.
2838 731 2901 785 Et
2936 742 3063 785 tunc
3088 731 3253 785 etiam
3306 736 3431 798 post

1864 834 2129 892 repertam
2155 823 2657 891 deprehensamque
2692 824 3003 883 veritatem,
3032 835 3201 889 quam
3250 818 3430 887 Spiri-

1865 923 1952 968 tus
1986 924 2210 968 sanctus
2238 915 2499 983 elargitus
2530 924 2633 976 est.
2667 928 2731 967 ex
2765 913 2969 967 nostris
2994 911 3238 965 nonnulli
3278 910 3429 977 prio-

1864 1022 1987 1061 rum
2012 1008 2335 1060 sentcntiam
2386 1015 2808 1075 propugnantes,
2870 1004 3128 1058 Romana:
3176 1001 3435 1055 Ecclesia:

1865 1098 2088 1153 asseclis
2122 1098 2470 1165 blasphemia
2496 1100 2707 1152 crimen
2738 1098 2985 1159 inurunt,
3020 1096 3163 1164 quod
3197 1109 3263 1147 ex
3297 1091 3436 1145 Filio

1865 1190 2124 1259 Spiritum
2147 1198 2424 1250 asserunt,
2455 1199 2554 1243 eta
2581 1189 2759 1253 nobis,
2792 1187 2884 1257 qui
2919 1188 3215 1240 secundum
3267 1183 3431 1237 Deum

1868 1282 1975 1334 illis
2006 1281 2357 1343 atlltaesimus,
2388 1281 2526 1333 male
2555 1280 2945 1338 dissociantur.
2966 1285 3021 1329 et
3047 1275 3361 1328 scandalum
3381 1281 3437 1326 et

1871 1372 2059 1426 turbas
2118 1372 2451 1425 universales
2511 1373 2830 1439 ingenerare
2871 1368 3228 1423 contendunt.
3282 1362 3436 1416 Nuda

1870 1463 2162 1532 siquidem,
2195 1479 2357 1533 quam
2389 1479 2552 1530 supra
2608 1464 2920 1531 posuimus,
2966 1458 3277 1533 evangelica
3313 1454 3437 1508 Sal-

1872 1556 2077 1609 vatoris
2113 1571 2242 1609 voce
2282 1556 2646 1624 apprehensa,
2685 1553 2999 1606 immediate
3023 1567 3084 1603 ex
3119 1548 3277 1602 Patre
3311 1545 3439 1614 Spi-

1872 1649 2037 1701 ritum
2064 1648 2251 1701 dicunt
2284 1646 2597 1714 procedere,
2632 1660 2807 1713 neque
2828 1644 2895 1698 ad
2948 1644 3256 1697 universam
3302 1655 3438 1707 pra:-

1872 1739 2155 1794 ccdentem
2190 1739 2499 1805 pericopem
2551 1737 2792 1789 animum
2821 1736 3188 1795 advertentes,
3225 1747 3331 1801 qua
3358 1732 3439 1785 vel

1876 1830 2374 1901 quomodocunque
2422 1828 2828 1881 attendcntibus
2879 1843 2985 1880 non
3039 1836 3192 1880 extra
3242 1824 3439 1878 Filium

195 1914 417 1983 ἔχουσιν
449 1918 696 1969 ὁπωσοῦν
755 1918 857 1970 οἰκ
894 1918 1048 1980 ἐκτὸς
1097 1919 1365 1988 ὑπάρχειν
1405 1918 1499 1971 τοῦ
1538 1918 1667 1971 Υίοῦ
1710 1919 1769 1971 τὸ

1837 1904 2116 1996 ιδρίτίιυιν.
2138 1923 2513 1979 cxsistcntiatn
2548 1938 2672 1977 esse
2720 1920 3184 1988 deprehenditur;
3221 1927 3275 1970 et
3321 1930 3444 1984 qua:

198 2007 431 2076 Πνεῦμα
483 2010 987 2079 καταλαμϐάνεται,
1047 2013 1143 2063 καὶ
1197 2013 1294 2072 τὰς
1350 2012 1472 2064 καθ’
1532 2011 1773 2079 ἑκάστην

195 2103 715 2170 ἀναγινωσκομένας
742 2104 834 2155 ἐπ’
873 2103 1201 2171 Ἑκκλησίας
1234 2105 1326 2156 τοῦ
1360 2104 1597 2173 μεγάλου
1628 2103 1775 2156 Παύ-

200 2191 319 2255 λου,
350 2193 444 2244 τοῦ
484 2195 581 2261 τῆς
629 2195 910 2259 εὐσεϐείας
958 2197 1285 2266 προστάτου,
1334 2198 1545 2266 ῥήσεις,
1594 2196 1649 2249 αἶ
1678 2197 1776 2263 τῆς

204 2285 378 2349 αὐτῆς
412 2286 648 2348 διανοίας
701 2289 837 2339 εἰσὶν
887 2290 1349 2357 παρατρέχοντες,
1404 2290 1500 2352 τὰς
1556 2290 1612 2341 δὲ
1648 2290 1778 2361 περὶ

206 2378 400 2431 τούτου
451 2380 561 2431 τῶν
613 2381 890 2449 Θεοφόρων
950 2372 1209 2451 Πατέρων
1270 2384 1514 2452 Γραφὰς,
1576 2387 1634 2435 ὲν
1690 2377 1776 2445 αἷς

204 2474 477 2541 ἀριδήλως
513 2470 651 2526 εἶναι
696 2474 784 2525 διὰ
814 2474 907 2527 τοῦ
936 2474 1066 2527 Υίοῦ
1096 2476 1157 2527 τὸ
1190 2476 1414 2543 Πνεῦμα
1448 2478 1778 2546 κηρύττεται

206 2566 476 2635 μηδαμῶς
507 2567 923 2635 μελετήσαντες.
955 2568 1069 2621 ἀλλ’
1100 2570 1313 2631 ἑαυτοῖς
1338 2568 1673 2635 κενοφωνίαν
1702 2572 1781 2631 εἰς

201 2657 508 2729 ἀρέσκειαν
536 2656 837 2727 ἀνθρώπων
862 2661 1268 2726 ἐπινοήσαντες.

280 2752 371 2820 ιβ’.
450 2752 640 2820 Ἡμεῖς
692 2752 749 2803 δὲ
814 2768 1033 2821 φαμεν,
1094 2755 1214 2814 ταῖς
1270 2750 1623 2820 θεοφθόγγοις
1676 2751 1785 2803 τῶν

205 2844 383 2911 ἁγίων
405 2844 721 2913 ἑρμηνείαις
754 2843 1042 2909 ἑπόμενοι,
1070 2841 1278 2894 τούτων
1308 2844 1363 2894 δὲ
1393 2843 1491 2909 τὴν
1520 2843 1578 2893 εν
1608 2842 1783 2907 Εὐαγ-

203 2935 410 3003 γελίοις
441 2936 541 2987 οὐκ
573 2934 731 3001 ὀλίγα
764 2933 857 2986 τοῦ
892 2933 1099 3002 Κυρίου
1149 2932 1353 3001 φωνὴν,
1399 2936 1491 2985 καὶ
1520 2936 1617 2993 τὰς
1648 2934 1787 2983 ἁπο-

208 3028 466 3086 στολικὰς
518 3026 707 3096 ῥήσεις
754 3025 852 3093 οὐχ
884 3020 1049 3092 ἦττον
1082 3022 1151 3075 δι’
1185 3024 1355 3091 αὐτῆς
1409 3020 1789 3074 ἂναπτύσσον·

208 3137 320 3181 σιν,
354 3119 421 3180 ἃς
456 3122 551 3170 καὶ
581 3118 864 3187 προίόντος
895 3116 990 3168 τοῦ
1010 3114 1176 3180 λόγου
1213 3113 1401 3182 σχεδὸν
1431 3111 1613 3173 πάσας
1643 3109 1786 3162 κατὰ

209 3210 408 3278 καιρὸν
435 3210 671 3277 ἑκάστην
702 3209 1030 3277 ἐκθήσομεν,
1073 3210 1155 3260 ὃτι
1199 3206 1260 3257 τὸ
1292 3204 1513 3271 Πνεῦμα
1544 3205 1606 3253 τδ
1632 3202 1786 3265 ἅγιον

207 3306 275 3357 εκ
296 3304 394 3358 τοῦ
424 3303 633 3372 Πατρὸς
669 3305 753 3356 διὰ
783 3304 875 3356 τοῦ
911 3303 1065 3364 Υἰοῦ,
1097 3302 1176 3354 διὸ
1205 3303 1298 3354 καὶ
1330 3300 1481 3368 παρὰ
1507 3296 1599 3349 τοῦ
1632 3292 1784 3359 Υίοῦ,

211 3394 290 3456 ὡς
316 3395 405 3446 διὰ
433 3392 529 3445 τοῦ
562 3393 693 3444 Υἰοῦ
719 3393 990 3461 λαμϐάνει
1020 3392 1119 3459 τὴν
1154 3388 1408 3457 ὓπαρξιν.
1458 3387 1517 3438 '0
1548 3385 1645 3454 μὲν
1677 3384 1788 3451 γὰρ

212 3486 346 3546 Υἱὸς
403 3486 625 3552 ἀμέσως
666 3484 913 3553 πρόεισιν
964 3483 1029 3534 ἐκ
1066 3480 1301 3550 Πατρὸς,
1356 3478 1417 3530 τὸ
1469 3478 1525 3530 δὲ
1572 3476 1792 3545 Πνεῦμα

210 3581 276 3629 16
329 3576 485 3643 ἆγιον
532 3576 620 3627 διὰ
664 3575 759 3626 τοῦ
791 3572 922 3626 Υίοῦ
950 3591 962 3604 ·
1016 3572 1112 3624 καὶ
1155 3571 1313 3622 τοῦτό
1341 3571 1456 3621 ἐστι
1507 3569 1566 3619 τὸ
1628 3568 1791 3634 μέσον

212 3670 426 3721 τούτων
480 3668 581 3737 τὴν
636 3668 899 3735 διαφορὰν
948 3664 1342 3736 ἐργαζόμενον,
1381 3660 1501 3713 καθ’
1534 3660 1601 3729 ἣν
1633 3661 1661 3711 6
1693 3658 1794 3725 μὲν

217 3765 347 3823 Υἱὸς
378 3763 635 3830 ὑπάρχει,
666 3761 761 3812 καὶ
789 3761 944 3828 μόνος
965 3760 1222 3824 γεννητὸς
1247 3754 1497 3807 ἐντεῦθεν
1517 3767 1795 3821 προσαγο-

223 3856 471 3923 ρεύεται,
522 3853 583 3905 16
627 3852 685 3903 δὲ
722 3850 867 3904 τοῦθ’
902 3854 1039 3918 ὅπερ
1072 3848 1321 3901 καλεῖται
1363 3845 1585 3915 Πνεῦμα
1642 3842 1793 3910 ἅγιόν

216 3948 337 3999 ὲστί
398 3962 479 4007 τε,
535 3946 631 3996 καὶ
688 3944 849 4012 μόνον
909 3939 1240 4009 ὲκπορευτὸν
1289 3937 1635 4007 ὀνομάζεται.
1688 3932 1796 3983 Καὶ

223 4038 497 4106 μαρτυρεῖ
535 4052 625 4105 μοι
660 4034 735 4103 τῷ
766 4035 908 4103 λόγῳ
962 4031 1261 4101 Γρηγὸριος
1310 4032 1337 4082 6
1383 4030 1525 4080 πάνυ
1560 4027 1656 4093 τῆς
1688 4025 1797 4075 τῶν

218 4131 521 4183 Νυσσαέων
590 4129 922 4195 Ἐκκλησίας
974 4127 1002 4176 6
1062 4126 1346 4194 πρόεδρος,
1396 4122 1478 4186 ὃς,
1522 4118 1609 4171 διὰ
1669 4118 1795 4185 μιᾶς

221 4225 437 4285 πόλεως
466 4222 671 4290 ταύτης
711 4222 892 4273 πάντα
940 4220 1008 4270 τὰ
1057 4216 1151 4270 τοῦ
1196 4216 1401 4284 κόσμου
1447 4215 1657 4281 πέρατα
1686 4212 1798 4271 τοῖς

223 4315 451 4374 οἰκείοις
484 4311 795 4381 περιλαϐὼν
820 4310 1108 4377 δόγμασιν,
1139 4312 1196 4361 ὲν
1229 4311 1293 4375 τῇ
1324 4306 1467 4376 πρὸς
1515 4302 1800 4355 Ἀϐλὰϐιον

225 4406 397 4460 αὑτοῦ
429 4404 680 4473 Θεολογίᾳ
706 4404 831 4456 τάδε
866 4404 1001 4471 φησι
1031 4418 1051 4434 σ
1082 4401 1162 4454 ’Τό
1193 4398 1661 4466 ἀπαράλλακτον
1690 4395 1800 4461 τῆς

225 4501 471 4567 φύσεως
501 4495 959 4565 ὁμολογοῦντες,
1014 4492 1131 4558 τὴν
1157 4491 1308 4543 κατὰ
1356 4491 1421 4541 τὸ
1470 4488 1665 4538 αἴτιον
1701 4486 1798 4536 καὶ

225 4593 499 4645 αἰτιατόν
554 4588 846 4654 διαφορὰν
905 4589 1013 4639 οὐκ
1042 4584 1401 4649 ἀιννούμεθα,
1430 4581 1499 4632 ἐν
1547 4571 1596 4644 ᾧ
1636 4578 1801 4645 μόνῳ

224 4684 635 4750 διακρίνεσθαι
680 4681 743 4733 τὸ
773 4679 977 4745 ἕτερον
1007 4678 1110 4731 τοῦ
1131 4676 1334 4741 ἐτέρου
1357 4670 1801 4741 καταλαμϐάνο-

226 4798 343 4849 μεν
376 4793 390 4806 ⁸
422 4776 504 4841 τῷ
536 4777 600 4828 τὸ
634 4776 749 4845 μὲν
774 4775 967 4826 αἴτιον
994 4770 1305 4825 πιστεύειν
1340 4764 1514 4830 εἶναι,
1547 4768 1609 4819 τὸ
1642 4766 1709 4817 δὲ
1734 4764 1801 4816 ἐκ

237 4874 344 4927 τοῦ
394 4873 607 4932 αἰτίου,
636 4868 730 4922 καὶ
760 4869 825 4919 τὸ
856 4867 922 4927 ἐξ
962 4866 1156 4917 αἰτίου
1187 4864 1255 4915 δὲ
1286 4863 1460 4926 ὄντος
1489 4862 1673 4913 πάλιν
1701 4860 1805 4910 ἄλ-

228 4971 352 5031 λην
377 4963 668 5029 διαφορὰν
698 4959 1045 5026 ἐννοοῦμεν.
1092 4957 1166 5009 Τὸ
1213 4955 1329 5022 μὲν
1360 4956 1468 5023 γὰρ
1496 4948 1805 5020 προσεχῶς

238 5059 307 5107 ἐκ
346 5054 455 5107 τοῦ
491 5054 746 5120 πρώτον,
787 5053 852 5104 τὸ
880 5050 947 5102 δὲ
986 5050 1082 5101 διὰ
1117 5048 1222 5101 τοῦ
1251 5046 1561 5113 προσεχῶς
1597 5047 1665 5097 ἐκ
1697 5042 1804 5095 τοῦ

234 5149 492 5215 πρώτου.
528 5147 633 5198 Καί
676 5144 847 5196 ταῦτα
877 5144 972 5210 μὲν
1026 5141 1322 5209 Γρηγόριος
1352 5140 1378 5189 6
1414 5138 1630 5205 Νύσσης
1664 5136 1804 5204 μάρ-

238 5258 333 5301 τυς
380 5240 491 5290 τῶν
521 5237 831 5305 εἰρημένων
872 5232 1076 5287 ἄνωθεν
1120 5233 1435 5299 ἀξιόχρεως,
1479 5229 1536 5292 ἐξ
1565 5222 1639 5279 ὧν
1675 5230 1804 5294 ἡμῖν

236 5328 560 5381 πιστεύεται
588 5328 684 5380 καὶ
720 5325 897 5386 καλῶς
954 5324 1015 5376 τὸ
1074 5324 1297 5392 Πνεῦμα
1357 5322 1637 5390 διαφέρειν
1670 5320 1803 5388 πρὸς

234 5421 328 5471 τὸν
367 5419 494 5470 Υἱὸν
522 5418 579 5469 ἐν
606 5416 686 5485 τῷ
722 5416 791 5468 δι’
839 5413 1005 5466 αὑτοῦ
1048 5414 1147 5481 τὴν
1200 5411 1436 5481 ὓπαρξιν
1478 5411 1620 5479 ἔχειν
1654 5408 1806 5477 παρὰ

237 5512 475 5580 Πατρός.
539 5509 799 5579 Ἐπείπερ
834 5510 881 5559 εἰ
913 5507 985 5576 μὴ
1016 5506 1194 5571 τοῦτο,
1223 5507 1436 5565 πάντως
1461 5504 1525 5556 ἂν
1572 5501 1638 5570 ἦν
1680 5502 1806 5564 Υἱὸς

238 5609 331 5657 καί
365 5606 523 5664 αὐτὸς
553 5602 831 5670 γεννητός.
868 5602 937 5653 Ἦ
974 5602 1054 5661 τίς
1078 5600 1105 5650 6
1140 5600 1293 5665 λόγος
1323 5596 1511 5650 τοῦτον
1546 5595 1644 5664 μὲν
1679 5594 1805 5646 Υίόν

240 5691 407 5758 εἶναι,
430 5694 491 5745 16
512 5695 567 5745 δὲ
607 5693 828 5759 Πνεῦμα
856 5694 949 5745 καὶ
978 5693 1075 5759 οὐχ
1120 5691 1245 5742 Υίόν
1272 5706 1286 5752 ;
1332 5689 1475 5740 Δότω
1504 5706 1585 5750 τις
1613 5688 1806 5754 ἑτέραν

248 5787 454 5852 μεταξὺ
475 5787 583 5853 τὴν
613 5784 898 5851 διαφορὰν,
932 5782 988 5846 ἐξ
1020 5777 1086 5849 ἧς
1122 5782 1213 5835 καὶ
1239 5782 1339 5840 τὰς
1367 5780 1586 5849 κλήσεις
1621 5779 1805 5843 διαφό-

248 5894 399 5946 ρους,
458 5876 531 5939 ὡς
583 5876 745 5941 εἰκὸς,
797 5874 999 5942 ἕξουσι,
1062 5875 1152 5926 καὶ
1218 5874 1377 5943 ἡμεῖς
1437 5876 1801 5944 σιωπήσομεν.

1812 3261 1861 3322 ο

1876 2020 2108 2089 singulis
2135 2018 2329 2071 diebus
2355 2017 2407 2070 in
2460 2014 2700 2068 Ecclesia
2728 2011 2908 2081 magni
2938 2009 3091 2064 Pauli
3120 2008 3335 2078 pietatis
3357 2022 3445 2059 as—

1876 2111 2105 2167 sertoris
2166 2109 2336 2170 dicta,
2397 2106 2645 2159 eamdem
2706 2102 3036 2156 sententiam
3108 2098 3442 2154 insinuantia

1878 2206 2150 2272 leguntur,
2183 2202 2283 2255 lcvi
2313 2214 2473 2253 manu
2503 2202 2904 2265 percurrentes,
2941 2208 3037 2246 nec
3070 2206 3179 2245 non
3241 2192 3309 2244 de
3345 2189 3446 2242 hac

1877 2297 2064 2353 eadem
2125 2311 2181 2350 re
2237 2294 2436 2360 scripta
2474 2290 2783 2344 divinarum
2824 2287 3080 2346 Patrum,
3138 2284 3190 2336 in
3239 2280 3445 2350 quibus

1879 2404 2040 2459 quam
2064 2385 2410 2457 apertissime
2464 2399 2559 2452 pcr
2616 2380 2837 2444 Filium,
2900 2386 2955 2432 et
3008 2392 3073 2431 ex
3137 2375 3275 2429 Filio
3326 2386 3449 2426 esse

1883 2482 2149 2553 Spiritum
2204 2478 2549 2548 praedicatur,
2590 2474 2740 2526 nullo
2795 2470 2958 2524 modo
3017 2467 3445 2527 considerantes,

1881 2589 2050 2628 novas
2079 2572 2180 2627 sibi
2213 2584 2394 2634 voces,
2423 2577 2478 2621 ut
2514 2565 2822 2621 hominibus
2857 2562 3131 2632 placeant,
3165 2559 3445 2626 etIingnnt.

1956 2768 2044 2821 12.
2094 2763 2205 2818 Nos
2236 2776 2398 2832 porro
2442 2759 2808 2827 diviniloquas
2831 2764 3146 2811 sanctorum
3183 2752 3450 2817 interpre-

1888 2859 2121 2913 tationes
2144 2861 2457 2921 sequentes.
2490 2862 2700 2902 necnon
2726 2843 3071 2904 eorumdem,
3125 2853 3179 2894 et
3208 2836 3451 2908 Apostoli

1886 2951 2030 3004 dicta
2064 2962 2172 3001 non
2216 2958 2389 3015 pauca
2414 2939 2781 3008 evangelicam
2820 2935 3035 2989 Domini
3070 2947 3253 2986 vocem
3283 2944 3455 2997 expo—

1891 3040 2097 3103 nentia,
2152 3052 2273 3105 quae
2308 3032 2638 3104 procedente
2695 3028 2944 3084 oratione
2976 3025 3088 3080 fere
3125 3022 3308 3077 omnia
3351 3035 3454 3075 suo

1889 3142 2134 3198 tempore
2161 3141 2525 3196 apponentus,
2557 3123 2814 3186 dicimus,
2883 3118 3148 3187 Spiritum
3202 3121 3452 3169 sanctum

1889 3239 1957 3278 ex
1997 3221 2155 3274 Patre
2183 3233 2278 3288 per
2326 3215 2543 3276 Filiunt,
2592 3213 2822 3278 ideoque
2870 3226 2935 3265 ex
2972 3207 3131 3273 Filio,
3175 3207 3332 3275 quasi
3362 3219 3457 3273 per

1895 3316 2091 3371 Filium
2144 3312 2389 3379 accipere
2425 3306 2827 3362 exsistentiam.
2879 3301 3051 3355 Filius
3079 3301 3223 3354 enim
3269 3299 3457 3351 itnnte.

1890 3410 2034 3462 diate
2060 3422 2125 3461 cs
2152 3404 2311 3456 Patre
2344 3399 2711 3470 progreditur,
2773 3395 3013 3463 Spiritus
3072 3408 3201 3445 vero
3231 3401 3456 3444 sanctus

1892 3515 1986 3570 per
2021 3498 2240 3560 Filium,
2269 3504 2325 3547 et
2359 3495 2461 3545 lioc
2492 3491 2728 3543 medium
2764 3488 2957 3541 horum
2988 3493 3094 3547 est,
3135 3483 3276 3551 quod
3309 3479 3461 3534 diffe-

1894 3590 2125 3643 rentiam
2151 3593 2429 3654 Operatur,
2473 3580 2773 3636 secundum
2811 3591 2974 3646 quam
3008 3574 3180 3628 Filius
3213 3571 3453 3632 exsistit,

1891 3691 1946 3733 et
1973 3679 2122 3733 solus
2156 3676 2369 3744 genitus
2394 3672 2518 3725 inde
2547 3668 2869 3738 appellatur,
2908 3668 3008 3719 hoc
3047 3677 3174 3717 vero
3195 3663 3286 3730 qui
3322 3676 3461 3714 nun-

1893 3777 2127 3835 cupatur
2185 3764 2423 3832 Spiritus
2453 3770 2679 3815 sanctus
2716 3768 2819 3821 est,
2860 3767 2914 3809 et
2966 3756 3116 3809 solus
3158 3752 3460 3823 procedens

1888 3860 2115 3913 dicitur.
2158 3855 2373 3909 Dictum
2428 3867 2607 3905 meum
2646 3849 2959 3903 testimonio
2986 3862 3086 3901 suo
3141 3844 3461 3912 comprobat

1897 3966 2123 4019 magnus
2155 3948 2409 4016 Nyssena:
2451 3943 2703 3997 Ecclesiae
2750 3940 2943 4009 pracsul
2991 3938 3309 4004 Gregorius,
3365 3934 3457 4003 qui

1896 4059 1962 4097 ex
2004 4058 2107 4095 una
2144 4041 2241 4092 ltac
2270 4038 2404 4091 urbe
2428 4050 2622 4089 omnes
2681 4033 2832 4086 orbis
2871 4043 3139 4084 terrarum
3178 4028 3315 4081 tinos
3348 4031 3461 4080 suis

1898 4131 2243 4201 dogmatibus
2263 4129 2577 4196 complevit,
2618 4127 2669 4178 in
2702 4125 2785 4178 liis
2819 4137 2940 4190 qua:
2972 4121 3038 4175 tle
3086 4120 3193 4174 Deo
3246 4118 3455 4179 scribit,

1900 4227 2126 4293 epistola
2167 4222 2234 4276 ad
2263 4220 2595 4273 Ablabiutn:
2648 4214 3038 4269 lmmutabilem
3076 4225 3125 4266 et
3161 4227 3251 4278 per
3284 4210 3462 4263 omnia

1902 4315 2130 4370 similem
2176 4324 2426 4365 naturam
2490 4308 2819 4375 conﬁtentes,
2865 4306 3148 4357 discrimen
3196 4316 3372 4353 causa:
3412 4307 3461 4352 et

1899 4409 2111 4475 e/I‘cctus
2148 4422 2249 4458 non
2273 4403 2602 4471 irt/iciamur,
2628 4402 2682 4452 in
2716 4415 2817 4467 quo
2845 4399 3013 4450 solum
3052 4395 3283 4462 disjungi
3335 4391 3466 4444 alte-

1903 4517 2021 4553 rum
2064 4500 2128 4551 ab
2158 4497 2326 4550 altera
2382 4494 2852 4561 deprehendimus;
2886 4506 3005 4542 cum
3039 4490 3315 4540 credamus
3370 4484 3466 4536 hoc

1837 4618 1879 4675 ι)
1905 4592 2115 4662 quidem
2155 4604 2371 4641 causam
2394 4602 2525 4649 esse,
2560 4584 2694 4637 illud
2732 4597 2796 4635 ex
2845 4597 3031 4643 causa,
3082 4588 3131 4632 et
3160 4578 3303 4630 illius
3332 4575 3468 4644 quod

1910 4700 1973 4735 ex
1997 4699 2158 4735 causa
2184 4691 2285 4741 est,
2336 4678 2485 4730 aliud
2516 4694 2699 4729 rursus
2730 4676 3014 4729 discrimen
3077 4667 3470 4737 comprehendi-

1912 4791 2026 4826 mus
2069 4789 2085 4825 :
2124 4787 2344 4838 namque
2381 4770 2476 4821 hoc
2511 4770 2719 4838 quidem
2761 4779 2835 4821 est
2882 4764 3181 4818 immediate
3213 4778 3243 4813 a
3276 4760 3469 4827 printo,

1912 4868 2006 4917 hoc
2031 4880 2148 4918 vero
2173 4879 2262 4931 per
2294 4861 2427 4913 illud
2484 4865 2619 4927 quod
2657 4860 2895 4927 contigue
2922 4867 2997 4908 est
3032 4869 3096 4906 ea:
3150 4854 3342 4920 primo.
3409 4851 3472 4901 lit

1914 4956 2026 5009 haec
2063 4954 2277 5022 quidem
2316 4954 2471 5004 testis
2503 4952 2940 5018 supradictornm
2973 4948 3075 4999 title
3113 4946 3308 5012 dignus
3343 4938 3449 5010 Nys

1914 5062 2079 5100 senus
2102 5043 2415 5111 Gregorius,
2446 5043 2645 5110 quibus
2673 5056 2702 5093 a
2732 5041 2889 5092 nobis
2920 5038 3158 5090 creditur
3189 5044 3243 5087 et
3282 5032 3470 5100 probe,

1911 5138 2167 5205 Spiritum
2209 5133 2425 5187 ditior-rc
2453 5150 2479 5184 ιι
2512 5132 2668 5193 Filio,
2703 5133 2845 5199 quod
2879 5146 2971 5197 per
3004 5130 3177 5196 ipsum
3208 5127 3475 5178 casistcno

1915 5230 2041 5280 tiam
2069 5226 2231 5279 liabet
2262 5241 2290 5277 a
2324 5226 2500 5277 Patre.
2535 5223 2980 5290 Quandoquidem
3014 5221 3056 5273 si
3082 5219 3130 5270 id
3175 5232 3281 5269 non
3308 5224 3470 5273 esset,

1915 5335 2137 5387 prorsus
2160 5325 2212 5369 et
2252 5319 2361 5384 ipsc
2387 5325 2531 5369 cssct
2583 5315 2754 5369 Filius
2786 5312 3021 5382 genitus.
3067 5309 3174 5361 Aut
3225 5320 3472 5375 quantam

1914 5409 2053 5462 ratio
2095 5407 2276 5469 fuerit,
2311 5408 2455 5460 hunc
2493 5405 2711 5474 quidem
2755 5403 2949 5456 Filium
2984 5417 3124 5461 esse,
3154 5401 3301 5451 illurn
3344 5412 3472 5449 vero

1915 5498 2173 5567 Spiritum
2197 5506 2249 5549 et
2282 5512 2390 5550 non
2424 5495 2658 5561 Filium?
2694 5493 2940 5547 Proferat
2982 5490 3250 5559 quispiam
3308 5488 3469 5541 aliam

1914 5593 2054 5644 inter
2086 5590 2205 5641 illos
2234 5588 2622 5650 diil‘erentiam;
2658 5602 2722 5639 cx
2756 5602 2862 5653 qua
2889 5593 2943 5637 et
2974 5582 3364 5651 appellationes
3388 5578 3475 5629 di-

1914 5697 2115 5743 versas,
2135 5693 2188 5734 ut
2210 5679 2539 5733 conveniens
2568 5687 2669 5741 est,
2695 5688 3081 5744 assequuntur,
3113 5684 3164 5724 ct
3199 5684 3299 5723 nos
3329 5680 3476 5723 tace-

1916 5775 2111 5826 liinius.
2155 5773 2457 5826 Scdnullus
2490 5771 2648 5823 aliam
2697 5769 2933 5837 [ποίει-νυ
2979 5780 3213 5834 unquam
3263 5763 3476 5832 poterit,

1915 5882 2198 5935 quousque
2230 5866 2451 5921 divinus
2485 5862 2572 5921 hic
2632 5864 2790 5918 Pater
2825 5864 2963 5926 apud
2993 5872 3182 5916 omittis
3217 5857 3476 5912 asscritur
