4214 6446
754 372 881 435 1051

1813 388 2320 453 CONSTANTINI
2364 399 2905 463 MELITENIOT/E

3873 408 4013 473 1052

750 508 997 561 veritatis
1031 523 1155 564 esse
1186 513 1469 581 magister,
1522 518 1613 583 qui
1652 517 1703 569 in
1732 518 1833 572 hoc
1875 521 1991 575 solo
2023 522 2319 579 discrimen
2356 556 2357 565 ι

2439 510 2580 563 Ἀλλ’
2611 512 2712 564 οὐκ
2762 514 2828 565 ἂν
2878 515 3154 582 ίσχύσειεν
3200 517 3463 586 οὐδεμίαν
3503 518 3673 589 ἀλλην
3714 518 3890 578 οὐδεὶς
3928 520 4015 581 ἑξ-

757 597 877 651 Filii
905 610 955 651 et
988 600 1222 667 Spiritus
1253 608 1557 668 constituit,
1585 611 1750 678 quod,
1774 612 1870 665 hoc
1889 616 2096 681 quidem
2123 629 2197 670 est
2229 618 2326 671 im-

752 692 980 743 mediate
1011 711 1039 743 η
1070 693 1252 753 Patre.
1306 697 1400 749 hoc
1436 715 1555 751 vero
1580 717 1671 767 per
1705 703 1860 764 illud.
1917 706 2054 774 quod
2084 709 2329 777 contigue

752 791 829 832 est
865 796 931 833 ea:
977 785 1168 850 primo,
1216 789 1357 855 quod
1393 790 1534 842 idem
1583 802 1665 845 est
1704 794 1908 856 dicere,
1966 812 2060 864 per
2108 796 2328 853 Filium.

752 868 878 925 Ha‘c
917 874 1097 939 itaque
1128 893 1248 929 cum
1283 878 1355 931 ita
1389 896 1446 933 se
1498 882 1753 947 habeant,
1798 900 1903 937 non
1956 888 2059 939 erit
2082 890 2169 955 qui
2197 905 2328 943 con-

758 971 837 1012 tra
871 978 929 1015 se
958 975 1220 1031 opponat,
1282 968 1326 1020 si
1367 971 1528 1022 modo
1557 973 1825 1040 sapientia
1878 978 2318 1041 commendatur,

753 1063 806 1105 et
834 1056 972 1121 sapit
1018 1056 1183 1122 pleno
1224 1070 1438 1127 pectore
1463 1062 1635 1126 ;alias
1664 1066 1988 1134 longissime
2011 1084 2037 1120 a
2066 1077 2209 1122 recta
2248 1069 2327 1123 via

760 1144 1094 1202 aberraverit

830 1423 913 1476 l3.
941 1424 1203 1491 Spiritum
1254 1445 1385 1491 vero
1409 1442 1657 1486 sanctum
1693 1450 1785 1503 per
1817 1435 2012 1491 Filium
2066 1442 2332 1496 exsistere

754 1529 816 1565 ex
852 1513 1010 1567 Patre
1046 1529 1239 1585 pra-ter
1283 1521 1385 1575 hoc
1413 1521 1670 1578 Ecclesia!
1698 1526 1902 1591 lumen,
1940 1528 2029 1594 qui
2058 1530 2112 1581 in
2148 1533 2331 1587 multis

757 1600 878 1657 aliis
930 1606 1046 1660 suis
1094 1610 1310 1677 scriptis
1344 1624 1527 1680 aperte
1588 1615 1702 1668 haec
1736 1616 1923 1669 eadem
1971 1617 2232 1685 decrevit,
2274 1632 2334 1676 ut

761 1695 1059 1759 prOcedetts
1123 1699 1303 1752 oratio
1358 1700 1754 1766 manifestabit,
1805 1706 1874 1758 ab
1916 1710 2169 1763 omnibus
2221 1710 2333 1766 fere

761 1788 968 1841 sanctis
1017 1787 1286 1853 Patribus,
1330 1809 1560 1859 quorum
1592 1801 1988 1851 commentaria
2016 1801 2092 1853 uti
2131 1802 2333 1871 lapides

758 1892 788 1930 a
824 1875 932 1931 Deo
955 1879 1154 1934 incisas
1184 1881 1275 1936 Dei
1308 1882 1548 1939 Ecclesia
1584 1897 1767 1943 tenere
1798 1891 2200 1955 determinavit,
2253 1893 2330 1947 si-

761 1971 875 2043 mili
916 1973 1128 2028 ratione
1169 1984 1561 2044 pertractatum
1599 1989 1683 2031 est
1723 1996 1736 2032 :
1780 1991 1833 2033 et
1860 1982 2055 2050 dogma
2084 1983 2185 2035 hoc
2215 1991 2332 2036 erat

758 2079 1049 2119 commune
1078 2077 1132 2119 et
1168 2066 1477 2121 universale
1506 2084 1533 2121 ε
1565 2069 1758 2137 priscis
1790 2072 2134 2141 temporibus
2165 2075 2330 2127 veluti

760 2157 815 2209 iu
862 2158 1116 2211 thesauro
1146 2160 1222 2212 illi
1290 2171 1690 2221 conservatum.
1756 2164 1879 2217 licet
1938 2180 2083 2218 nunc
2149 2167 2334 2220 nescio

760 2263 868 2315 qua
940 2265 1105 2303 causa
1155 2251 1311 2304 multi
1362 2253 1491 2305 illud
1569 2269 1677 2306 non
1752 2253 2071 2321 admittant,
2128 2267 2179 2311 et
2222 2259 2333 2311 hinc

760 2347 885 2408 post
966 2350 1170 2394 tantam
1239 2343 1484 2396 veritatis
1557 2344 1989 2413 inquisitionum,
2074 2348 2335 2416 illiusque

705 2432 1076 2486 .inventutn.
1152 2432 1213 2485 Et
1280 2435 1515 2503 primum
1593 2451 1825 2502 magnus
1890 2438 1941 2490 in
1996 2437 2156 2493 rebus
2185 2439 2337 2491 theo-

765 2524 951 2592 Iogicis
1006 2527 1404 2590 pertractandis
1486 2525 1743 2587 Basilius,
1810 2530 1895 2581 cui
1946 2529 2012 2581 ab
2077 2530 2334 2582 omnibus

762 2615 957 2667 omnia.
1000 2616 1394 2682 conceduntur,
1448 2620 1502 2671 in
1557 2634 1665 2672 uno
1707 2635 1774 2673 ex
1817 2621 1930 2673 suis
1965 2622 2029 2674 ad
2085 2632 2333 2673 sanctum

764 2706 1207 2774 Amphilochium
1259 2709 1551 2777 capitibus,
1624 2711 1738 2765 haec
1793 2712 1954 2765 habet
2000 2730 2013 2765 :
2061 2711 2337 2777 Quomodo

765 2798 928 2865 igitur
949 2800 1357 2865 separabantur,
1382 2817 1497 2869 qua:
1530 2804 1767 2869 separari
1798 2814 2076 2871 nequeunt,
2116 2804 2337 2857 Verbum

771 2888 885 2953 Dei,
921 2899 971 2943 et
1005 2889 1236 2958 Spiritus
1271 2908 1335 2945 ex
1372 2892 1479 2945 Deo
1516 2910 1606 2961 per
1638 2893 1882 2947 Filium?
1910 2895 2046 2960 Quis
2083 2912 2337 2964 magnum

766 2982 914 3035 hunc
948 2983 1167 3051 pietatis
1198 3000 1500 3052 praeconem
1534 2986 1785 3048 audiens,
1822 3002 1927 3040 non
1962 2990 2147 3040 statim
2177 2990 2338 3041 dictis

766 3076 1089 3137 assenserit,
1119 3076 1337 3133 illisque
1365 3076 1615 3129 addictus
1642 3086 2107 3145 consecratusque
2137 3080 2332 3145 dogma

2429 605 2607 655 ειπεῖν
2637 618 2650 633 ·
2678 603 2781 665 ἓως
2825 606 2891 658 ἂν
2926 609 2953 658 ὀ
2984 607 3272 672 θεσπέσιος
3320 604 3474 673 οὗτος
3519 611 3709 680 Πατὴρ
3736 611 3996 679 ὁμολογεῖ

2427 712 2516 747 ται
2543 696 2693 764 παρά
2755 698 2890 750 πᾶσι
2940 700 3039 765 τῆς
3086 701 3345 769 ἀληθείας
3399 698 3539 755 εἶναι
3583 702 3925 763 διδασκαλος,
3957 700 4016 763 ὃς

2428 788 2488 839 ιν
2512 788 2687 857 τούτῳ
2724 790 2871 856 μόνῳ
2923 790 3022 857 τὴν
3068 791 3335 860 διαφορὰν
3389 792 3522 846 Υἱοῦ
3570 793 3666 846 καὶ
3699 794 4016 860 Ιινεύματος

2430 880 2790 948 περιέστησεν
2822 884 2878 932 ὲν
2908 882 2982 949 τῷ
3029 883 3139 935 τὸν
3160 883 3279 951 μὲν
3311 867 3630 955 προσεχῶς
3671 881 3827 937 εἶναι
3854 884 4018 949 παρὰ

2430 973 2681 1037 Πατρός,
2698 972 2765 1025 τὸ
2790 973 2859 1024 δὲ
2882 973 2980 1025 διὰ
3009 976 3115 1028 τοῦ
3146 976 3481 1045 προσεχῶς,
3500 977 3699 1030 ταύτὸν
3720 977 3777 1029 δὲ
3810 979 4013 1039 εἰπεῖν,

2428 1062 2516 1113 διὰ
2543 1061 2640 1113 τοῦ
2665 1064 2816 1115 Tim“).
2851 1065 3020 1117 Ίόὖτο
3056 1067 3154 1135 μὲν
3195 1063 3291 1118 οὖν
3328 1068 3503 1131 οὕτως
3546 1069 3693 1137 ἕχον,
3731 1068 3833 1119 οὐκ
3867 1066 4018 1118 ἔστιν

2429 1154 2580 1215 ὅστις
2612 1154 2679 1207 ἂν
2727 1157 2977 1209 ἀντείποι
3037 1154 3148 1209 τῶν
3190 1158 3501 1211 εὐσυνέτων
3562 1161 3655 1211 καὶ
3697 1158 3759 1211 τὸ
3793 1158 4017 1227 φρονεῖν

2435 1247 2749 1315 σταθηρῶν,
2782 1249 2923 1319 πλὴν
2957 1252 3003 1301 εί
3043 1252 3115 1321 μή
3153 1268 3255 1304 που
3290 1251 3394 1318 τῆς
3427 1252 3642 1315 εὐθείας
3672 1252 3897 1322 μακρὰν
3928 1253 4020 1301 ὲκ-

2430 1338 2795 1405 δεδράμηκεν.

2508 1435 2594 1493 ιγ’.
2623 1429 2746 1482 Ὀτι
2782 1430 2838 1483 δὲ
2865 1429 2934 1483 δι’
2980 1431 3119 1484 Υίοῦ
3148 1433 3206 1485 τὸ
3252 1432 3476 1501 Πνεῦμα
3506 1432 3565 1485 τὸ
3594 1432 3751 1499 ἅγιον
3781 1432 4021 1502 ὑπάρχει

2434 1522 2585 1587 παρά
2618 1523 2829 1591 [ἰατρὸς
2859 1523 2996 1594 πρὸς
3037 1523 3116 1592 τῷ
3147 1524 3397 1594 ςωστῆρι
3443 1524 3618 1594 τούτῳ
3645 1527 3743 1591 τῆς
3790 1525 4022 1593 Ἐκκληα

2436 1614 2581 1675 σίας,
2613 1614 2671 1675 ὃς
2699 1616 2757 1666 ἐν
2797 1616 3012 1679 πολλοῖς
3047 1620 3145 1671 καλ⁸
3182 1618 3365 1678 ἄλλοις
3394 1618 3504 1669 τῶν
3536 1616 3704 1669 αὐτοῦ
3738 1618 3922 1679 λόγων
3952 1621 4019 1669 τὰ

2436 1706 2566 1771 περὶ
2593 1704 2785 1756 τούτου
2824 1708 3013 1774 σαφῶς
3058 1709 3441 1775 ἐδογμάτισεν,
3492 1708 3569 1770 ὠς
3599 1708 3968 1777 παρακατιὼν
3993 1712 4021 1761 δ

2438 1792 2597 1857 λόγος
2652 1793 2910 1863 δηλώσει,
2966 1796 3059 1846 καὶ
3110 1798 3225 1856 τοῖς
3276 1798 3410 1848 πᾶσι
3453 1796 3643 1865 σχεδὶν
3681 1795 3791 1847 τῶν
3847 1796 4021 1860 ἁγῖων

2368 1851 2405 1903 Β
2436 1851 2718 1953 Πατένρων,
2768 1879 2843 1937 ὧν
2900 1851 2973 1937 τὰ
3018 1851 3433 1954 συγγράμματα
3488 1851 3751 1955 ’καθάπερ
3802 1851 4020 1946 πλάκας

2435 1974 2774 2045 θεογράφους
2802 1978 2835 2045 ἡ
2892 1977 3193 2045 Ἐκκλησία
3239 1976 3374 2029 Θεοῦ
3409 1980 3666 2045 κατέχειν
3696 1979 4016 2046 διέγνωκεν,

2432 2064 2575 2116 οὕτω
2616 2064 3026 2135 τεθεολόγηται,
3063 2070 3149 2119 καὶ
3202 2068 3379 2137 δόγμα
3425 2069 3585 2121 τοῦτο
3615 2070 3798 2122 κοινὸν
3823 2066 3895 2141 ἦν
3930 2075 4020 2124 καὶ

2433 2154 2721 2207 καθολικὸν
2762 2157 3028 2210 ἀνέκαθεν
3068 2159 3677 2229 ἀποτεθησαυρισμένον
3709 2162 3871 2231 αὐτῇ,
3918 2163 4021 2215 κᾶν

2434 2247 2531 2300 νῦν
2568 2249 2668 2301 οὐκ
2717 2245 2833 2302 οἶδα
2872 2250 2926 2301 τί
2968 2251 3238 2313 παθόντες
3276 2253 3324 2303 oi
3356 2253 3541 2304 πολλοὶ
3568 2254 3676 2305 τῶν
3707 2253 4020 2323 ἀνθρώπων

2435 2340 2498 2391 οὐ
2526 2338 2926 2408 παραδέχονται
2973 2341 3065 2392 καὶ
3103 2341 3277 2393 ταῦτα
3314 2342 3455 2410 μετὰ
3486 2342 3587 2410 τὴν
3622 2344 3722 2409 τῆς
3756 2344 4022 2412 ἀληθείας

2434 2430 2704 2501 τοσαύτην
2749 2430 3023 2495 ἐξέτασιν,
3079 2435 3173 2484 καὶ
3227 2433 3489 2503 τοιαύτην
3554 2435 3869 2504 ἀνεύρεσιν.
3922 2437 4025 2487 Αὐ-

2435 2525 2564 2577 τίκα
2597 2524 2707 2593 γὰρ
2765 2526 2794 2577 δ
2838 2525 3007 2587 πολὺς
3060 2527 3129 2577 τά
3185 2526 3306 2578 Θεϊα
3353 2527 3663 2593 Βασίλειος,
3704 2520 3749 2594 ᾧ
3811 2528 3913 2581 καὶ
3963 2531 4024 2579 t3

2440 2619 2591 2687 παρὰ
2622 2620 2839 2670 πάντων
2871 2619 2928 2671 ὲν
2960 2619 3135 2672 ἆπασι
3170 2620 3617 2689 συγκεχωρηκὸς,
3677 2619 3735 2673 ἐν
3756 2637 3868 2674 τινι
3906 2618 4025 2676 τῶι

2440 2709 2577 2779 πρὸς
2604 2714 2697 2762 τὸν
2738 2709 2883 2776 ἱερὸν
2933 2712 3285 2782 ’Δμφιλόχιον
3317 2712 3484 2766 αὐτοῦ
3509 2712 3830 2780 κεφαλαίων
3874 2711 4023 2765 οὕτω

2440 2802 2574 2869 φησί
2603 2817 2618 2832 ’
2683 2799 2812 2866 Πῶς
2840 2801 2918 2855 ἂν
2948 2798 3064 2856 οὖν
3100 2802 3400 2872 χωρίζοιτο
3426 2804 3500 2858 τὰ
3531 2804 3861 2872 ἁχώριστα,
3910 2806 4026 2859 Λό-

2438 2908 2543 2958 Toc
2583 2892 2733 2945 Θεοῦ
2752 2894 2845 2945 καὶ
2872 2894 3115 2963 Πνεῦμα
3143 2894 3211 2948 ἐκ
3248 2895 3397 2949 Θεοῦ
3424 2896 3499 2948 δι’
3540 2897 3681 2949 Υιοῦ
3712 2914 3732 2962 ;
3765 2895 3867 2958 Τίς
3930 2899 4025 2949 τοῦ

2452 2984 2693 3053 μεγάλου
2725 2985 2924 3039 τούτου
2970 2988 3072 3055 τῆς
3115 2988 3398 3051 εὐσεϐείας
3457 2990 3699 3059 κήρυκος
3747 2990 4028 3043 κατακού-

2443 3094 2561 3139 σας,
2599 3079 2700 3130 οὐκ
2724 3078 2793 3131 ἂν
2850 3079 3019 3142 εὐθὺς
3053 3080 3324 3149 ἑφέψηται
3354 3084 3470 3143 τοῖς
3493 3080 3761 3151 ῥηθεῖσιν,
3793 3078 3871 3135 ὦν
3933 3083 4028 3134 καὶ

768 3181 870 3234 pro
901 3166 1111 3219 viribus
1142 3170 1591 3237 propugnaverit,
1640 3168 1760 3221 ﬁdei
1803 3184 1916 3223 suae
1949 3171 2142 3223 ducem
2182 3171 2336 3225 simi-

2441 3169 2739 3238 γενόμενος
2779 3168 2922 3232 ὅλος,
2970 3171 3384 3241 ἀντιποιήσαιτο
3429 3172 3525 3225 τοῦ
3582 3172 3859 3239 δόγματος
3925 3172 4025 3241 ὅση

770 3259 875 3313 lem
912 3272 1168 3326 sequens,
1200 3274 1361 3325 quem
1402 3260 1611 3325 magnis
1654 3259 1759 3313 illis
1795 3258 2047 3314 Patribus
2078 3276 2185 3314 non
2239 3262 2343 3314 mi-

770 3365 877 3403 nus
909 3349 1117 3402 Numen
1166 3352 1464 3404 honoribus
1512 3352 1804 3404 adauctum
1849 3352 2163 3415 illustravit,
2194 3355 2338 3420 quod

770 3455 1150 3509 sa'pcnumero
1174 3441 1404 3510 plurima
1432 3457 1527 3510 pro
1551 3442 1749 3510 pietate
1770 3444 2068 3496 certamina
2097 3444 2239 3505 iniit,
2268 3444 2348 3497 id-

769 3548 882 3602 que
910 3520 1215 3588 clarissime
1246 3536 1623 3588 demonstrant
1659 3534 1908 3602 ejusdem
1942 3534 2207 3589 adversus
2236 3536 2344 3588 ine-

777 3626 973 3680 reticos
1004 3628 1486 3688 contradictiones,
1519 3628 1730 3695 linguas
1751 3626 2039 3681 universas
2070 3628 2347 3695 improbas

777 3729 941 3786 atque
979 3721 1171 3788 impias
1202 3722 1581 3788 reprimentes,
1617 3720 1667 3772 in
1699 3722 1898 3789 quibus
1922 3722 2250 3789 Quandoque
2279 3722 2347 3775 de

778 3828 838 3867 re
871 3813 1028 3865 nobis
1070 3814 1347 3881 proposita
1388 3812 1630 3874 disserit,
1668 3821 1725 3863 ut
1755 3826 1820 3863 ex
1870 3812 1977 3863 alio
2010 3826 2228 3879 quoque
2260 3826 2349 3865 ca-

780 3906 887 3973 piti:
916 3906 1166 3972 Colligere
1194 3920 1502 3972 possumus.
1534 3904 1916 3956 Dubitantibus
1944 3904 2089 3956 enim
2127 3923 2138 3957 :
2172 3904 2350 3966 Quare

779 4013 885 4049 non
936 4007 985 4049 et
1033 3996 1262 4066 Spiritus
1301 4006 1514 4047 sanctus
1568 3994 1712 4062 ﬁlius
1764 3992 1942 4046 Filii?
1987 4010 2216 4063 magnus
2264 3995 2352 4049 hic

781 4091 1042 4147 occurrit,
1086 4103 1148 4140 ac
1182 4089 1225 4140 si
1276 4087 1351 4139 illi
1388 4101 1612 4153 prorsus
1650 4093 1982 4149 everterent,
2033 4086 2185 4138 illum
2225 4100 2347 4139 esse

782 4192 879 4243 per
925 4173 1144 4234 Filium,
1190 4182 1245 4226 et
1298 4173 1595 4226 absurdum
1652 4174 1796 4241 quod
1845 4172 1969 4225 inde
2014 4175 2352 4242 sequebatur

781 4268 1092 4325 dcslrueus,
1140 4266 1473 4334 respondet:
1512 4264 1633 4318 Non
1662 4266 1800 4334 quod
1851 4282 1954 4319 non
2006 4268 2076 4318 sit
2130 4282 2194 4319 ex
2244 4267 2350 4319 Deo

782 4376 876 4426 per
902 4358 1122 4420 Filium,
1155 4368 1206 4411 et
1238 4373 1457 4411 causam
1485 4360 1675 4410 addit:
1714 4358 1815 4411 Sed
1851 4375 1914 4411 ne
1942 4358 2227 4411 multitudo
2264 4360 2351 4411 in-

783 4468 1001 4504 numera
1036 4451 1286 4513 Trinitas,
1322 4460 1369 4501 et
1404 4450 1545 4517 ﬁlios
1596 4466 1660 4502 ea:
1685 4452 1838 4516 ﬁliis,
1872 4462 1928 4502 ut
1963 4452 2017 4503 in
2053 4451 2349 4504 hancinibus

786 4545 867 4611 ﬁt,
902 4542 1089 4595 habere
1131 4552 1481 4609 reputaretur.
1528 4542 1663 4595 Illud
1694 4558 1859 4610 porro
1884 4558 1975 4611 per
2004 4538 2209 4593 Filium
2244 4552 2353 4594 sta-

786 4637 983 4688 biliens
1030 4634 1323 4702 Scriptura?
1372 4650 1540 4688 sacra:
1590 4636 1963 4688 auctoritatem
2018 4632 2350 4701 subiungit:

785 4727 1069 4794 Propterea
1119 4742 1182 4778 ea:
1228 4726 1334 4778 Deo
1388 4726 1643 4793 Spiritum
1684 4741 1791 4779 esse
1830 4734 2010 4793 aperte
2052 4726 2356 4793 praedicavit

786 4823 1069 4891 Apostolus
1098 4824 1297 4882 dicens,
1332 4821 1587 4889 Spiritum
1614 4823 1705 4891 qui
1743 4837 1809 4874 ea:
1856 4821 1959 4873 Deo
2007 4830 2104 4880 est,
2149 4822 2354 4885 accepi-

789 4931 925 4973 mus.
950 4924 996 4966 et
1028 4930 1118 4980 per
1150 4913 1347 4966 Filium
1380 4929 1635 4982 apparere
1661 4912 1878 4982 planum
1906 4914 2047 4981 fecit,
2080 4928 2197 4964 cum
2229 4912 2357 4965 Filii

793 5007 1048 5073 Spiritum
1096 5007 1247 5059 illum
1288 5008 1626 5074 nuncupavit,
1659 5006 2101 5074 quemadmodum
2150 5006 2266 5066 Dei,
2308 5004 2364 5058 εί

793 5109 1011 5151 mentem
1039 5097 1237 5152 Christi
1278 5110 1447 5161 rocat,
1482 5100 1558 5150 uti
1588 5111 1635 5151 et
1665 5097 1758 5150 Dei
1794 5095 2073 5164 Spiritum,
2108 5098 2359 5165 quemad-

742 5253 748 5259 ‘
799 5194 1008 5242 modum
1047 5191 1296 5243 hominis.
1348 5188 1624 5254 Quasnam
1670 5190 1897 5240 insania:
1940 5190 2072 5240 lim-s
2116 5203 2222 5239 non
2261 5196 2377 5240 ex-'

795 5280 1041 5340 Cesserit,
1069 5279 1160 5346 qui
1194 5279 1355 5331 verba
1394 5279 1506 5331 haec
1539 5279 1766 5331 audiens
1797 5277 1850 5329 in
1894 5277 2089 5329 melius
2137 5286 2359 5329 senten-

798 5368 926 5419 tiam
971 5383 1076 5419 non
1098 5368 1318 5420 .tnutat?
1347 5375 1401 5420 et
1446 5368 1787 5434 potissimum
1830 5381 1952 5419 cum
2001 5382 2228 5433 magnus
2262 5368 2361 5420 iste

796 5458 955 5511 Pater
1010 5458 1260 5521 Paulum,
1324 5474 1387 5512 os
1439 5458 1666 5522 Christi,
1728 5472 1883 5510 suam
1942 5461 2360 5510 conﬁrmantem

802 5549 1126 5602 sententiam
1163 5548 1414 5611 adducat,
1446 5549 1575 5602 dum
1618 5550 1816 5601 dictata
1849 5549 1917 5600 ab
1948 5564 2014 5599 eo
2038 5549 2105 5600 de
2152 5546 2359 5615 Spiritu

801 5642 1016 5695 videtur
1076 5644 1463 5712 interpretari,
1516 5642 1738 5712 quibus,
1799 5654 1855 5694 ut
1907 5653 2067 5694 antea
2120 5641 2254 5704 dixi,
2310 5650 2363 5695 et

800 5735 1165 5803 cvangelicam
1206 5751 1393 5790 vocent
1440 5736 1783 5789 considerate
1822 5734 1911 5785 illa
1950 5734 2360 5801 pervestigand-

805 5826 902 5881 bus
956 5828 1235 5891 explanat,
1283 5829 1323 5883 si
1376 5828 1506 5883 nihil
1543 5826 1685 5881 aliud
1753 5827 1839 5881 illa
1891 5839 2053 5881 uuam
2093 5826 2289 5880 dictata
2333 5840 2361 5879 a

2443 3260 2697 3327 δύναμις,
2759 3259 3008 3313 τοιοῦτον
3058 3260 3207 3330 ἔχειν
3263 3263 3364 3330 τῆς
3401 3262 3641 3324 πίστεως
3663 3264 4030 3331 καθηγεμόνα

2448 3349 2795 3418 βουλόμενος,
2827 3350 2889 3403 δν
2918 3351 3132 3413 οὐδενὸς
3154 3347 3319 3423 ἦττον
3357 3353 3468 3405 τῶν
3514 3352 3656 3421 ὑπὲρ
3690 3353 3817 3405 λίαν
3842 3353 4030 3406 Πατέ-

2448 3455 2559 3507 ρων
2589 3438 2651 3490 τὸ
2676 3440 2831 3492 Θείον
2867 3440 3118 3504 ἐδόξασεν
3140 3479 3154 3501 .
3192 3440 3290 3494 ire
3353 3442 3526 3494 πολλά
3556 3442 3825 3505 πολλάκις
3889 3443 4037 3511 ὑπὲρ

2445 3530 2549 3597 τῆς
2588 3531 2877 3595 εὐσεϐείας
2902 3532 3339 3601 ἀγωνισάμενον,
3374 3534 3469 3587 καὶ⁵
3521 3534 3681 3588 τοῦτο
3711 3534 4032 3605 παριστῶσι

2446 3623 2658 3685 τρανῶς
2680 3625 2735 3675 αι
2768 3624 2903 3692 πρὸς
2936 3626 3063 3687 τοὺς
3084 3627 3392 3689 αἱρετικοὺς
3426 3626 3802 3697 ἀντιρρήσεις,
3830 3629 3891 3679 αἱ
3923 3629 4034 3680 πᾶ-

2451 3730 2552 3766 σαν
2573 3714 2829 3781 γλῶσσαν
2859 3717 3328 3787 ἀποστομίζουσαι
3363 3722 3615 3789 πονηρὰν
3650 3720 3751 3770 καὶ
3782 3721 4031 3790 παράνο-

2453 3823 2575 3875 μον,
2594 3807 2653 3858 ὲν
2675 3805 2763 3867 αἶς
2789 3808 2938 3860 ἔστιν
2961 3804 3023 3864 οὗ
3051 3812 3148 3864 καὶ
3202 3811 3333 3879 περὶ
3366 3810 3461 3863 τοῦ
3520 3810 3893 3880 προκειμένου
3953 3813 4037 3864 δι-

2451 3896 2674 3961 έξεισιν,
2706 3897 2783 3959 ὡς
2820 3899 2881 3950 ὲν
2910 3899 3086 3969 ἑτέρῳ
3110 3899 3217 3953 τῶν
3244 3900 3411 3952 αὐτοῦ
3440 3899 3756 3968 κεφαλαίων
3790 3899 4025 3952 δυνατὸν

2450 3990 2709 4042 κατιδεῖν.
2739 3991 2880 4057 Πρὸς
2914 3992 3021 4059 γὰρ
3077 3993 3204 4054 τοὺς
3260 3991 3544 4059 λέγοντας,
3608 3992 3774 4045 Atat!
3845 3994 3937 4061 μή
3965 3995 4034 4046 τὸ

2451 4081 2696 4149 Πνεῦμα
2720 4080 2980 4149 τὸᾶγιον
3027 4084 3159 4146 Υἱὸς
3222 4082 3330 4134 τοῦ
3390 4082 3577 4142 Tini);
3641 4082 3838 4149 φθάνει
3902 4099 4038 4147 προ-

2452 4173 2713 4225 απαντῶν
2776 4176 2803 4225 ό
2835 4174 3029 4242 μέγας,
3090 4174 3163 4236 ὠς
3213 4174 3376 4243 δῆθεν
3405 4174 3771 4243 ἀναιροῦντας
3793 4175 3856 4226 τὸ
3888 4172 4036 4227 εἶναι

2455 4266 2695 4325 συνόλως
2722 4265 2858 4317 αὐτὸ
2886 4265 2953 4317 δι’
3017 4265 3168 4323 Υίοῦ,
3194 4266 3291 4318 καὶ
3318 4268 3381 4318 τὸ
3412 4268 3614 4319 ἄτοπον
3658 4266 4037 4335 ἀπαγορεύων

2453 4357 2610 4426 φησί·
2650 4358 2731 4409 Οὐ
2766 4357 2952 4410 διὰτὸ
2981 4359 3069 4426 μὴ
3105 4355 3261 4411 εἶναι
3295 4359 3363 4411 ἐκ
3391 4358 3541 4412 Θεοῦ
3602 4359 3677 4412 δι’
3735 4360 3901 4423 Υἱοῦ,
3940 4364 4040 4413 καὶ

2450 4450 2550 4519 τὴν
2584 4451 2767 4504 αἰτίαν
2794 4451 3040 4516 ὲπάγων,
3074 4451 3220 4503 οὕτω
3279 4452 3671 4520 προστίθησιν
3733 4452 3894 4505 Ἀλλ’
3935 4450 4051 4505 Ira'

2379 4548 2431 4607 Ι)
2451 4543 2537 4610 μὴ
2563 4540 2826 4611 νομισθῇ
2865 4542 3100 4609 πλῆθος
3121 4542 3374 4609 ἄπειρον
3413 4544 3451 4611 ή
3487 4545 3679 4609 Τριίις,
3714 4545 3894 4609 υἱοὺς
3962 4546 4035 4609 ἐξ

2456 4633 2624 4698 υἱῶν,
2649 4635 2730 4697 ὡς
2754 4634 2852 4686 καὶ
2881 4634 2952 4686 ἐν
2978 4634 3332 4701 ἀνθρώποις,
3366 4635 3532 4702 ἔχειν
3554 4636 4034 4691 ὐποκτευθεῖσα.

2457 4724 2607 4777 Τὸδὲ
2641 4723 2716 4777 δι’
2771 4724 2910 4777 Υίοῦ
2949 4725 3081 4793 μετ’
3122 4725 3278 4791 ὀλίγα
3344 4727 3610 4795 συστῆσαι
3673 4726 3867 4789 θέλων,
3926 4730 4039 4780 ἀπὸ

2456 4817 2707 4884 χρήσεως
2737 4816 3016 4885 γραφικῆς
3046 4816 3299 4884 ἐπιφέρει
3323 4830 3339 4845 ⁸
3370 4817 3474 4870 Διὰ
3500 4816 3576 4884 δὴ
3602 4819 3781 4871 τοῦτο
3820 4822 3891 4872 τὸ
3915 4823 4040 4889 μὲν

2458 4907 2527 4958 ἐκ
2585 4907 2733 4959 Θεοῦ
2777 4908 2845 4958 τὸ
2906 4906 3146 4975 Πνεῦμα
3191 4904 3343 4960 εἶναι
3392 4907 3621 4975 τρανῶς
3649 4909 4020 4974 ἐκήρυξενό

2420 4996 2429 5005 ’
2473 4996 2867 5061 Ἀπόστολος,
2923 4996 3121 5064 λέγων
3174 4997 3264 5049 ὅτι
3305 4998 3372 5049 τό
3436 4998 3683 5067 Πνεῦμα
3723 5002 3791 5053 τὸ
3823 5003 3895 5054 ἐκ
3929 5003 4041 5055 τοῦ

2465 5089 2614 5142 Θεοῦ
2642 5089 2957 5155 ἐλάϐομεν.
2985 5088 3081 5141 καὶ
3101 5090 3168 5141 τὸ
3189 5089 3265 5142 δι’
3299 5089 3437 5143 Υἱοῦ
3479 5092 3815 5159 πεφηνέναι
3837 5098 4041 5162 σαφὲς

2462 5181 2809 5247 πεποίηκεν,
2830 5181 2970 5235 Υιοῦ
2992 5182 3233 5249 Πνεῦμα
3255 5182 3558 5251 ὀνομάσας
3587 5185 3749 5247 αὐτοὶ
3767 5188 4041 5254 καθάπερ

2464 5270 2637 5337 Θεοῦ,
2658 5274 2755 5325 καὶ
2778 5272 2895 5325 νῦν
2920 5274 3178 5341 Χριστοῦ
3210 5274 3557 5339 προσειπὼν
3607 5278 3875 5343 καθάπερ
3936 5282 4038 5331 καὶ

2466 5364 2614 5418 Θεοῦ
2637 5364 2881 5432 Πνεῦμα
2916 5363 2997 5427 ὠς
3021 5362 3127 5416 τοῦ
3180 5364 3517 5431 ἀνθρώπου.
3583 5368 3745 5428 Ποίας
3794 5370 3861 5420 ἂν
3904 5372 4041 5421 ἀπο»

2464 5460 2611 5511 λίποι
2677 5458 2875 5525 μανίας
2935 5456 3239 5528 ὑπερὸολὴν
3280 5458 3309 5509 δ
3347 5458 3460 5508 τῶν
3520 5459 3810 5527 παρόντων
3861 5463 4041 5528 ῥημάο

2464 5568 2571 5603 των
2621 5550 3066 5619 ἀκροασάμενος,
3112 5548 3304 5600 ἔπειτα
3366 5548 3442 5616 μὴ
3489 5549 3587 5618 τὴν
3656 5551 3885 5621 γνώμην
3946 5570 4016 5618 με

2464 5642 2759 5710 ταοέμενος
2813 5641 2949 5710 πρὸς
3002 5640 3063 5692 τὸ
3137 5640 3382 5709 βὲλτιον;
3446 5648 3538 5692 καί
3576 5641 3779 5707 μᾶλλον
3809 5644 4043 5711 ἐπείπερ

2466 5736 2496 5786 δ
2531 5735 2703 5803 μέγας
2753 5734 2942 5801 Πατὴρ
2991 5732 3085 5783 καὶ
3127 5730 3337 5784 Παῦλον
3376 5732 3437 5782 τὸ
3460 5732 3554 5783 τοῦ
3586 5734 3831 5800 Χριστοῦ
3861 5736 4042 5805 στόμα

2475 5824 2714 5884 modist
2772 5822 2867 5877 τὴν
2893 5820 3089 5875 ἑαυτοῦ
3152 5822 3489 5880 συνιστῶντα
3522 5822 3785 5877 διάνοιαν.
3842 5825 3902 5876 ὲν
3960 5823 4044 5887 οἷς
