4214 6446
774 358 910 422 1079

1800 358 2281 423 CONSTANTIN
2290 361 2316 421 Ι
2361 360 2703 423 MELITEN
2715 362 2908 423 IOTJ'E

3878 365 4020 433 1080

770 478 1083 530 universum
1110 476 1309 533 divine
1332 480 1521 550 synodi
1545 481 2018 549 complementum,
2043 481 2097 535 in
2137 479 2341 550 Spiritu
2372 482 2418 538 Α

2372 482 2418 538 Α
2446 478 2543 549 λὴν
2580 481 2927 551 ἐνεχάραξεν.
2974 481 3301 551 Ἐπειδήπερ
3331 480 3530 534 ἐκεῖνοι
3572 481 3783 550 ταύτην
3817 484 4016 535 ἀπεδέ-

769 576 962 621 sancto
996 570 1338 635 postmodum
1368 569 1561 625 Nicaeae
1582 584 1990 641 congregatum.
2030 570 2123 624 His
2139 574 2339 626 etenim

768 658 1112 714 audientibus
1140 661 1228 714 illa
1282 664 1510 731 epistola
1547 664 1802 731 perlecta,
1854 680 1977 717 cum
2039 664 2094 717 in
2128 663 2339 732 integro

770 750 874 803 illis
893 765 1015 804 esse
1048 752 1162 806 visa
1203 765 1388 809 essent
1418 758 1623 816 omnia,
1667 771 1773 810 una
1804 770 1993 810 omnes
2046 756 2336 819 sententia,

768 841 1039 903 plausere,
1064 852 1117 896 et
1147 854 1291 899 recte
1323 860 1443 898 eam
1497 846 1753 899 dictatam
1806 862 1945 907 esse,
1972 855 2025 898 et
2052 845 2119 898 ad
2151 843 2339 899 Eccle-

769 929 864 982 sia:
892 932 1087 997 placita
1122 934 1499 995 decernentes.
1566 940 1785 1005 pr0prio
1854 937 2065 1004 prolato
2114 937 2335 990 decreto

768 1019 1179 1084 ~subsignarunt.
1212 1020 1368 1075 Nulla
1397 1024 1579 1093 itaque
1610 1026 1933 1093 relinquitur
1954 1040 2084 1079 ansa
2119 1040 2187 1078 ne
2216 1042 2335 1079 om-

769 1126 883 1171 nes,
934 1112 1229 1165 dummodo
1261 1114 1448 1177 velint,
1478 1131 1542 1168 ex
1572 1115 1771 1168 divinis
1801 1115 1962 1167 dictis
1985 1116 2095 1181 jam
2132 1130 2333 1183 propo-

762 1202 883 1256 sitis
922 1203 1203 1257 veritatem
1264 1216 1581 1276 agnoscant,
1647 1217 1700 1260 et
1750 1206 2077 1260 deiferorutn
2135 1209 2328 1260 horum

763 1292 983 1348 Patrum
1019 1298 1620 1365 vestigiisinsisteutes,
1651 1299 1719 1352 ad
1748 1313 1867 1352 eam
1910 1308 2159 1367 prompte
2199 1315 2331 1353 con-

762 1398 985 1440 currant
1019 1405 1029 1439 :
1061 1404 1298 1457 namque
1322 1391 1551 1444 addecet
1580 1406 1693 1454 eos,
1753 1391 1847 1459 qui
1898 1400 2043 1445 metu
2083 1393 2328 1446 detinen-

762 1488 869 1541 tur,
899 1479 1125 1548 ideoque
1162 1483 1229 1534 ad
1280 1483 1547 1536 dictorum
1625 1485 2060 1552 acceptationem
2117 1484 2329 1538 claudi-

760 1580 911 1634 eant,
969 1574 1415 1628 contentionibus
1443 1577 1669 1644 posthac
1722 1576 1966 1639 omissis,
2012 1586 2221 1631 tantum
2275 1588 2330 1631 et

761 1663 993 1715 similem
1028 1664 1246 1719 Patrum
1282 1669 1591 1736 .catalogum
1623 1670 1757 1722 citra
1787 1670 2179 1724 dubitationem
2206 1685 2327 1723 om-

759 1766 880 1803 nem
913 1763 1203 1822 sequentes
1232 1757 1338 1810 illis
1368 1760 1636 1826 propriam
1689 1760 1918 1813 salutem
1960 1761 2323 1823 committere,

755 1855 986 1907 quorum
1019 1845 1316 1898 secundum
1346 1848 1707 1912 c0guitiouetn
1771 1850 2016 1903 veritatis
2052 1850 2319 1915 doctrina,

754 1940 810 1984 et
832 1934 1071 1988 melioris
1127 1936 1446 2005 dijudicatio
1476 1948 1560 1993 est
1596 1956 1727 1996 :eos
1777 1956 1926 2004 vero,
1978 1943 2069 2011 qui
2106 1952 2323 2010 propter

757 2022 1156 2090 improbitatem
1235 2044 1355 2083 sese
1384 2042 1684 2098 opp0nunt,
1723 2042 1979 2101 tanquam
2013 2035 2106 2102 qui
2132 2050 2319 2103 pacem

753 2128 876 2165 cum
920 2117 1074 2169 nobis
1102 2118 1287 2171 initam
1336 2120 1927 2184 declinant,all”ectibus
1970 2125 2318 2192 posthabitis,

753 2214 892 2266 quos
926 2204 993 2257 ad
1059 2206 1205 2261 hunc
1239 2210 1380 2264 diem
1447 2211 1722 2278 foverunt,
1788 2216 1979 2268 horum
2004 2226 2317 2270 sanctorqu

752 2294 1100 2350 divinissimo
1133 2302 1301 2353 choro
1324 2316 1519 2356 manus
1545 2304 1695 2367 dare,
1731 2320 1919 2359 eorum
1959 2306 2317 2360 olTensiouem

752 2386 1036 2452 reveritos,
1066 2405 1297 2457 quorum
1332 2401 1386 2445 et
1419 2392 1726 2449 facinorum
1790 2397 2033 2463 claritas,
2087 2407 2141 2451 ct
2198 2414 2319 2466 quae

752 2477 875 2533 itide
926 2491 1111 2535 secuta
1167 2491 1249 2536 est
1303 2484 1530 2562 gloriam
1611 2497 1863 2556 perpetue
1930 2489 2313 2542 immanentem

748 2573 1036 2626 continens
1084 2573 1323 2641 dignitas
1370 2586 1449 2631 est
1508 2578 1560 2631 in
1626 2580 1983 2632 admiratione
2030 2597 2044 2633 :
2088 2591 2317 2648 utroque.

752 2674 881 2712 vero
906 2662 1091 2728 vitatis
1115 2667 1315 2729 noxiis,
1365 2666 1606 2735 proﬁcua
1647 2669 1923 2737 amplecti,
1952 2678 2005 2723 et
2037 2670 2147 2724 Deo
2188 2686 2311 2725 cum

749 2750 948 2804 tutiore
977 2762 1127 2821 parte
1154 2757 1483 2827 melioraque
1510 2759 1783 2813 adhaerere
1807 2799 1819 2813 .

817 3032 908 3087 25.
952 3033 1030 3087 Ita
1075 3041 1175 3098 est,
1218 3035 1493 3105 inquiunt,
1527 3040 1620 3093 sed
1657 3040 1814 3094 valde
1849 3053 2063 3099 nostros
2092 3047 2310 3103 animos

2444 568 2602 633 ξαντό
2631 589 2711 633 τε,
2756 573 2850 624 καὶ⁵
2882 572 3103 633 πολλοῖς
3146 573 3451 641 ἐγκωμίοις
3499 573 4017 635 ἀντεπιστείλαντξς

2441 661 2693 731 ἔστεψαν.
2738 664 2971 733 Προσέτι
3005 665 3061 717 δὲ
3090 665 3183 717 καὶ
3216 664 3278 718 τὸ
3302 668 3402 734 τῆς
3431 664 3584 727 θείας
3619 665 3841 717 συνόδου
3876 666 4015 733 πλή-

2442 771 2601 822 ρωμα
2634 758 2741 807 πᾶν
2768 756 2827 807 τὸ
2854 755 3244 825 συναθροισθὲν
3281 759 3339 809 ἐν
3378 757 3523 825 ἁγίῳ
3570 756 3861 825 ῙΙνεύματι
3921 774 4014 823 με-

2441 844 2706 912 θύστερον
2730 848 2870 898 κατά
2906 846 3167 899 Νίκαιαν.
3200 847 3294 909 Εἰς
3318 846 3429 915 γάρ
3458 848 3697 914 ἐπήκοον
3736 849 3834 898 καὶ
3886 848 4011 899 τού-

2435 952 2543 987 των
2574 938 2673 1004 τῆς
2702 935 2957 1003 τοιαύτης
2986 936 3431 1006 ἀναγνωσθείσης
3464 937 3779 1004 ἐπιστολῆς,
3806 927 4010 1001 πάντές

2435 1023 2758 1092 ἀρεσθέντες
2791 1024 2986 1086 κοινῶς
3013 1024 3188 1096 ταύτῃ
3225 1026 3534 1086 συνέθεντο,
3564 1026 3657 1076 καὶ
3689 1025 3880 1085 καλῶς
3912 1026 4005 1075 αύ-

2432 1114 2530 1185 τὴν
2560 1114 2701 1183 ἔχειν
2742 1116 3156 1185 ἀποφηνάμενοι
3182 1158 3195 1177 ,
3234 1116 3303 1167 δι’
3350 1116 3559 1177 οἰκείας
3596 1115 3821 1184 γνώμης
3875 1116 4008 1165 ἐπε-

2437 1207 2750 1274 σφράγισεν
2806 1208 3056 1269 ἕκαστος.
3122 1207 3363 1275 Οὐδεμία
3400 1209 3584 1259 τοίνυν
3640 1207 4006 1259 ἀπολείπεται

2432 1296 2703 1363 πρόφασις
2719 1296 2844 1357 τοὺς
2869 1296 3101 1357 πάντας,
3119 1295 3184 1346 ἂν
3198 1296 3453 1361 ἐθέλοιεν,
3476 1299 3534 1362 ἐξ
3553 1291 3627 1348 ὧν
3650 1296 4005 1363 περεθέμεθα

2432 1387 2594 1439 θείων
2619 1388 2800 1457 ῥητῶν
2832 1387 2930 1457 τὴν
2952 1387 3215 1456 ἀλήθειαν
3241 1389 3466 1455 γνῶναι,
3500 1390 3595 1441 καὶ
3623 1388 4002 1457 προσδραμεῖν

2431 1478 2661 1546 ἑτοίμως
2690 1479 2858 1547 ἐαυτῇ
2896 1479 3008 1541 τῶν
3032 1478 3312 1549 θεοφὸρων
3355 1479 3561 1532 τούτων
3615 1479 3830 1549 ἀνδρῶν
3883 1479 4002 1529 κατ’

2432 1568 2575 1638 ἴχνια
2605 1570 2909 1639 βαίνοντας.
2938 1570 3133 1639 Χρεὼν
3182 1574 3293 1639 γάρ
3330 1573 3447 1623 ἐστι
3506 1574 3635 1634 τοὺς
3667 1574 3769 1641 μὲν
3827 1572 4000 1641 δειλίᾳ

2428 1661 2847 1731 κατεχομένους,
2878 1663 2973 1713 καὶ
3022 1661 3109 1713 διά
3138 1661 3299 1714 τοῦτο
3353 1662 3492 1729 πρὸς
3528 1664 3630 1731 τὴν
3682 1661 4001 1732 παραδοχὴν

2428 1752 2536 1803 τῶν
2570 1752 2880 1820 λεγομένων
2912 1754 3264 1816 ὀκλάζοντας,
3308 1753 3402 1806 τοῦ
3446 1757 3825 1822 γνιυσιμαχεῖν
3863 1757 4000 1824 ἀφε-

2436 1845 2629 1914 μένους
2668 1846 2894 1915 ἀπάρτι.
2921 1845 3163 1915 τοσούτῳ
3197 1846 3289 1898 καὶ
3308 1846 3540 1914 τοιούτῳ
3565 1846 3862 1916 καταλόγῳ
3893 1849 4000 1899 Πα-

2429 1939 2602 2009 τέρων
2620 1938 2911 2009 ἐπιτρέψαι
2932 1939 3031 2009 τὴν
3054 1940 3263 1993 οἰκείαν
3283 1940 3562 2009 σωτηρίαν
3582 1941 3999 2005 ἀνενδοιάστως,

2426 2034 2640 2096 τούτοις
2667 2032 3174 2102 ἀκολουθήσαντας,
3205 2028 3280 2084 ὧν
3307 2033 3337 2101 ἡ
3372 2032 3495 2083 κατ’
3538 2030 3846 2099 ἐπίγνωσιν
3902 2033 3999 2100 τῆς

2426 2124 2687 2195 ἀληθείας
2706 2122 3054 2185 διδασκαλία,
3086 2122 3181 2175 καὶ
3203 2122 3299 2174 τοῦ
3324 2122 3594 2191 βελτίονος
3618 2125 3651 2193 η
3686 2124 3957 2193 διάκρισις
3980 2139 3995 2153 ⁸

2425 2218 2551 2280 τοὺς
2582 2215 2639 2269 δέ
2670 2216 2762 2269 διὰ
2813 2216 3015 2269 κακίαν
3064 2214 3525 2283 ἀνθισταμένους,
3583 2214 3660 2275 ὡς
3723 2214 3824 2281 τὴν
3877 2215 3998 2283 μεθ’

2424 2310 2583 2378 ἡμῶν
2612 2310 2840 2379 εἰρήνην
2875 2306 3253 2370 ἐκκλίναντας,
3296 2306 3357 2358 τὸ
3398 2305 3571 2368 πάθος
3620 2307 3999 2376 ἀποϐαλλομέ-

2425 2420 2549 2466 νους
2574 2404 2633 2465 ἐς
2653 2401 2813 2471 δεῦρο
2831 2400 2910 2469 τῷ
2938 2400 3047 2453 τῶν
3065 2400 3234 2468 ἀγίων
3252 2400 3458 2451 τούτων
3486 2398 3703 2462 ὑπεῖξαι
3731 2400 3998 2469 θειοτάτῳ

2424 2494 2591 2563 χορῷ,
2617 2492 2951 2562 πτοηθέντας
2978 2492 3040 2544 τὸ
3059 2491 3426 2561 προσκρούειν
3454 2492 3661 2554 αὐτοῖς,
3678 2483 3755 2544 ὧν
3778 2492 3812 2560 ἡ
3855 2491 3999 2558 λαμ-

2424 2586 2631 2655 πρότης
2659 2584 2767 2637 τῶν
2798 2585 3000 2653 ἔργων,
3038 2583 3135 2636 καὶ
3168 2583 3229 2635 τὸ
3259 2582 3511 2635 ἐντεῦθεν
3539 2580 3784 2651 ἀξίωμα,
3814 2582 3878 2634 τὸ
3907 2581 3995 2635 δό-

2425 2678 2524 2742 ξαν
2556 2677 2679 2746 ἐχον
2718 2675 2794 2746 μὴ
2825 2675 3280 2744 μεταπίπτουσαν
3301 2690 3315 2705 ·
3351 2674 3654 2743 ἑκατέρους
3679 2674 3759 2736 δέ,
3790 2672 3994 2740 φυγόν-

2420 2786 2517 2831 τας
2547 2768 2608 2821 τδ
2642 2767 2905 2834 βλάπτον,
2939 2766 3001 2819 τὸ
3027 2764 3343 2819 λυσιτελοῦν
3387 2764 3850 2829 ἀνταλλάξασθαι,
3897 2767 3998 2817 καὶ

2420 2858 2539 2927 Θεῷ
2566 2859 2691 2926 γενέ
2703 2857 2826 2912 σθαι
2850 2857 2952 2927 τῆς
2979 2856 3403 2926 ἀσφαλεστάτης
3439 2856 3639 2927 μοίρας
3669 2858 3768 2908 καὶ
3805 2856 3995 2925 κρείτ.

2418 2968 2588 3013 τονος.

2489 3050 2585 3098 κε’.
2623 3042 2748 3107 Ναὶ,
2784 3044 2966 3110 φασὶν,
3006 3041 3142 3095 ἀλλά
3190 3041 3443 3119 ταράττει
3477 3041 3684 3109 σφόδρα
3714 3041 3813 3105 τὰς
3851 3043 3995 3111 ἠμε-

753 3124 941 3177 turbat
995 3142 1088 3194 per
1122 3127 1318 3181 Filium
1351 3130 1532 3184 dicere
1575 3147 1697 3186 esse
1742 3134 2003 3202 Spiritum
2038 3149 2310 3203 sanctmn,
2341 3156 2381 3211 ο

2341 3156 2381 3211 C
2417 3135 2578 3204 τέρας
2626 3134 2806 3203 ψυχάς
2861 3133 2924 3185 τὸ
2969 3133 3037 3185 δι’
3064 3133 3192 3185 Υἱοῦ
3248 3134 3425 3199 λέγειν
3475 3129 3615 3185 εἶναι
3672 3133 3731 3184 τὸ
3767 3132 3994 3200 Πνεῦμα

752 3233 818 3269 ne
852 3218 975 3285 quis
1027 3218 1151 3272 inde
1186 3220 1525 3289 imperfectio
1558 3222 1705 3278 Patri
1753 3226 2018 3282 inferatur
2054 3231 2106 3282 in
2139 3231 2309 3299 Spiri-
2409 3247 2416 3260 ·

2409 3228 2470 3280 τὸ
2520 3228 2695 3293 ἅγιον,
2753 3225 2827 3294 μή
2885 3225 3016 3277 ποτέ
3070 3242 3155 3287 τις
3213 3225 3462 3277 ἐντεῦθεν
3512 3223 3730 3277 ἀτέλεια
3781 3226 3990 3294 προσά-

752 3312 841 3359 tus
871 3305 1205 3362 exsistentia.
1239 3308 1302 3364 Et
1332 3310 1602 3365 undenam
1630 3313 1683 3366 id
1715 3315 1867 3370 vobis
1903 3317 2124 3379 accidit,
2159 3332 2214 3371 ut
2240 3322 2305 3373 ad
2409 3337 2416 3367 τ

2409 3335 2593 3370 πτοιτο
2645 3318 2725 3385 τῷ
2756 3317 2931 3385 Πατρὶ
2968 3317 3109 3369 κατά
3152 3316 3251 3386 τὴν
3306 3316 3403 3368 τοῦ
3439 3316 3751 3383 Πνεύματος
3811 3315 3992 3384 ὓπαρ-

750 3411 847 3449 eos
903 3411 1165 3454 conversa
1213 3402 1460 3455 oratione
1515 3405 1998 3474 interrogationem
2052 3411 2306 3478 dirigam,
2408 3419 2414 3459 t

2408 3408 2511 3473 ξιν.
2552 3407 2659 3458 Καὶ
2712 3406 2873 3459 πόθεν
2920 3408 3052 3475 ἡμῖν
3083 3406 3238 3458 τοῦτο
3262 3406 3527 3474 γέγονεν,’
3555 3407 3663 3469 ἵνα,
3703 3408 3839 3475 πρὸς
3891 3407 3991 3457 αύ-

747 3506 781 3541 υ
814 3490 1078 3557 sapientia
1105 3491 1312 3557 eximii,
1349 3494 1576 3559 ideoque
1601 3496 1950 3565 Evangeliunt
1979 3500 2309 3553 exhauricn-
2407 3518 2411 3531 ε

2407 3500 2530 3558 τοῦς
2584 3496 2734 3549 ἐνθεν
2796 3498 3088 3555 ἀποτείνας
3140 3497 3232 3549 τὸν
3294 3497 3473 3562 λόγον,
3500 3498 3818 3566 ποιήσωμαι
3874 3495 3980 3561 τὴν

744 3591 847 3645 tes,
880 3583 1112 3636 similem
1156 3585 1607 3641 absurdissimam
1660 3588 1992 3657 impietatem
2026 3593 2309 3660 concipere

2410 3586 2698 3657 ἐρώτησιν,
2730 3583 2775 3641 ὢ
2807 3588 3050 3657 περιττοὶ
3075 3588 3174 3656 τὴν
3215 3590 3431 3656 σοφίαν,
3489 3588 3582 3639 καὶ
3614 3586 3900 3649 κενοῦντες
3925 3590 3990 3638 ἐκ

746 3672 800 3722 in
854 3672 960 3724 illis
1010 3673 1216 3736 rebus,
1269 3674 1321 3727 in
1375 3678 1575 3745 quibus
1616 3680 1905 3748 praelucida
1952 3680 2305 3735 ecclesiastici
2407 3701 2410 3711 ί

2407 3680 2599 3732 τούτου
2634 3680 2696 3731 τὸ
2737 3680 3090 3747 Εὑαγγέλιον,
3122 3680 3181 3731 τὸ
3232 3680 3549 3746 λογίσασθαι
3579 3680 3780 3750 δηλαδὴ
3808 3682 3994 3733 τοιαύ·

747 3762 1072 3815 tirmamenti
1113 3765 1318 3818 lumina
1360 3782 1466 3819 non
1499 3768 1705 3836 absque
1746 3771 1936 3823 eodem
1972 3769 2171 3837 Spiritu
2214 3772 2307 3825 de-
2410 3793 2411 3799 η

2410 3788 2510 3837 την
2539 3772 2901 3839 ἀτοπωτάτην
2939 3770 3278 3834 δυσσέϐειαν,
3319 3772 3378 3823 ἐν
3410 3765 3490 3828 οἷς
3536 3773 3583 3823 οἰ
3620 3771 3864 3839 λαμπροὶ
3895 3773 3992 3823 τοῦ

743 3855 1071 3907 creverunt?
1103 3854 1147 3907 Ο
1184 3859 1325 3910 male
1371 3873 1556 3911 sanam
1596 3862 1863 3912 mentem!
1900 3860 1991 3927 qui
2032 3861 2212 3915 scelus
2252 3862 2304 3915 in

2412 3862 2511 3929 τῆς
2550 3861 2872 3931 Ἐκκλησίας
2901 3862 3281 3930 στερεώματος
3316 3860 3607 3929 φωστῆρες
3635 3862 3810 3913 εἰπεῖν
3849 3879 3992 3929 μετα

745 3948 831 4000 his
861 3963 983 4000 esse
1017 3958 1352 4016 reputantes,
1406 3951 1607 4003 dictam
1660 3951 2054 4018 blasphemiam
2098 3962 2307 4005 eructa-
2406 3974 2409 3985 λ

2406 3952 2497 4004 τοῦ
2517 3952 2831 4020 Πνεύματος
2854 3952 3094 4020 ἔφθασαν
3114 3969 3127 4015 ;
3144 3952 3255 4020 Τῆς
3274 3954 3569 4013 κακονοίας
3590 3954 3600 4003 !
3623 3954 3704 4003 ὅτι
3724 3969 3828 4022 περ
3850 3956 3991 4013 ὅλως

744 4038 868 4091 stis.
901 4038 1182 4103 Attamen,
1220 4052 1276 4091 ut
1311 4056 1405 4094 eos
1432 4040 1497 4093 ab
1524 4042 1623 4095 Ι.υο
1652 4044 1875 4095 crimine
1908 4053 1960 4095 ct
1995 4044 2303 4111 opprobrio,
2406 4073 2408 4088 ι

2406 4044 2641 4111 ἀνομίαν
2673 4045 2731 4093 ἐν
2758 4045 2964 4104 τούτοις
2996 4042 3353 4104 ὑπολαὸόντες
3388 4042 3487 4113 τὴν
3529 4043 3831 4111 εἰρημένην
3860 4045 3988 4097 δυσ-

744 4130 823 4179 υιί
879 4143 976 4195 par
1035 4140 1152 4190 cst,
1220 4130 1551 4194 liberemus,
1633 4148 1741 4185 non
1800 4133 2301 4201 imperfectiouem,

2408 4139 2617 4208 φημίαν
2672 4134 2996 4207 ἠρεύξασθε.
3054 4137 3199 4207 Πλὴν
3240 4138 3317 4200 ὡς
3353 4137 3421 4191 ἂν
3465 4137 3559 4190 τοῦ
3592 4140 3861 4208 παρόντος
3898 4143 3991 4205 ἐγ-

742 4240 774 4269 υ
815 4222 938 4283 viri,
974 4222 1022 4273 id
1070 4221 1122 4273 in
1168 4221 1326 4274 Patre
1379 4231 1563 4289 notat;
1605 4226 2063 4292 quemadmodum
2112 4244 2209 4281 nec
2254 4230 2303 4281 in

2406 4234 2705 4299 κλήματος,
2736 4230 2828 4281 καὶ
2853 4229 2946 4281 τοῦ
2979 4229 3168 4298 μώμου
3196 4229 3423 4291 δεόντως
3452 4228 3513 4291 ἐξ
3550 4230 3729 4281 αὐτῶν
3760 4231 3990 4283 ἐκείνων

736 4312 901 4365 rebus
946 4313 1160 4373 creatis,
1210 4312 1353 4380 quod
1404 4314 1507 4366 illa:
1552 4329 1650 4382 per
1694 4314 1891 4369 Filium
1944 4317 2100 4372 facta
2154 4329 2301 4380 sunt,

2408 4323 2602 4383 αὐτοὺς
2632 4320 3027 4388 ἀπαλλάξωμεν
3051 4337 3068 4355 ο
3102 4321 3201 4372 οὑκ
3232 4321 3503 4385 ἀτέλειαν,
3566 4314 3610 4372 ὦ
3638 4317 3805 4386 οὗτοι,
3827 4323 3991 4376 τοῦτα

738 4403 864 4456 hcet
912 4402 961 4454 in
1020 4403 1103 4457 his
1151 4404 1256 4457 alia
1322 4405 1462 4458 ratio
1511 4406 1604 4468 sit,
1653 4408 1753 4459 alia
1800 4408 1851 4461 in
1906 4409 2031 4472 illis,
2079 4420 2136 4463 ut
2177 4426 2302 4479 pro—

2408 4414 2706 4480 κατηγορεί
2732 4411 2825 4463 τοῦ
2850 4412 3079 4481 Πατρὸς,
3104 4410 3291 4479 ὥσπερ
3317 4412 3438 4462 οὐδὲ
3463 4411 3555 4461 ἐπὶ
3578 4412 3684 4462 τῶν
3724 4412 3991 4479 δημιουρ-

736 4494 961 4547 cedente
1005 4495 1253 4548 oratione
1288 4496 1823 4563 demonstrabimus;
1869 4501 1999 4567 quin
2052 4501 2303 4554 virtutem
2343 4496 2385 4549 D

2343 4496 2385 4549 D
2412 4504 2694 4570 γημάτων,
2727 4503 2809 4554 ὅτι
2839 4500 3011 4554 ταῦτα
3062 4501 3317 4567 γεγόνασι
3355 4498 3423 4550 δι’
3477 4499 3628 4564 Υἱοῦ,
3672 4500 3771 4552 κᾶν
3826 4501 3991 4563 ἄλλος

736 4585 938 4643 vivam.
987 4597 1039 4637 et
1072 4584 1123 4637 in
1162 4588 1435 4655 hypostasi
1487 4589 1871 4643 subsistentem
1904 4589 2100 4643 Filium
2150 4608 2300 4645 com-

2412 4588 2569 4654 οὒτος
2601 4593 2629 4643 ὁ
2677 4592 2850 4657 λόγος,
2901 4592 3149 4653 κάκεῖνος
3206 4591 3415 4658 ἕτερος,
3469 4592 3543 4651 ὼς
3581 4593 3864 4656 προϊόντες
3918 4607 3990 4642 τα

741 4688 1083 4740 monstrant,
1145 4678 1425 4744 magisque
1487 4695 1706 4733 causam
1784 4698 1850 4735 ex
1917 4681 2072 4735 Patre
2130 4684 2303 4736 decla-

2414 4686 2541 4749 περὶ
2597 4681 2801 4731 τούτων
2854 4680 3340 4746 διευκρινήσομενσ
3405 4679 3635 4748 δύναμιν
3688 4680 3746 4730 δέ
3804 4678 3990 4742 ζῶσαν

743 4775 863 4820 rant
893 4784 905 4819 :
935 4768 1098 4833 idque
1124 4779 1308 4834 aperte
1336 4768 1403 4821 de
1433 4771 1593 4823 rebus
1626 4771 1784 4825 factis
1835 4790 2061 4840 tnugnus
2088 4775 2305 4829 docebit

2412 4773 2507 4824 καὶ
2531 4770 2893 4822 ἐνυπόστατον
2926 4770 3175 4821 δείκνυσι
3202 4769 3291 4822 τὸν
3338 4768 3486 4827 Υίὸν.
3536 4771 3630 4820 καὶ
3660 4770 3761 4837 τὴν
3805 4770 3989 4822 αἰτίαν

739 4858 972 4911 Basilius
1005 4876 1018 4909 :
1058 4858 1189 4911 dicit
1216 4864 1362 4912 enim
1398 4861 1449 4914 in
1483 4873 1675 4917 octavo
1706 4866 1886 4932 capite
1917 4866 1982 4916 ad
2019 4867 2302 4934 Amphilo-

2414 4863 2613 4931 μᾶλλον
2647 4860 2936 4927 ἀναφαίνει
2975 4862 3073 4929 τὴν
3103 4862 3167 4911 ἐκ
3209 4860 3442 4928 Πατρός’
3502 4863 3596 4912 καὶ
3653 4859 3813 4912 τοῦτο
3850 4862 3993 4914 διδά-

737 4951 916 5003 chium
952 4968 964 5002 :
1002 4948 1127 5002 Ideo
1182 4951 1313 5003 dicit
1365 4952 1621 5007 Dominus
1672 4940 1698 5009 :.
1738 4976 1755 5005 ι
1797 4955 1991 5009 Omnia
2049 4974 2162 5008 mea
2212 4967 2303 5007 tua

2412 4954 2490 5017 ξει
2516 4952 2728 5023 τρανῶς
2780 4953 2870 5003 ἐπὶ
2912 4951 3021 5002 τῶν
3055 4950 3230 5019 ἔργων
3257 4951 3284 5001 ὁ
3325 4953 3501 5019 μέγας
3545 4951 3844 5013 Βασίλειος.
3884 4954 3990 5003 As-

737 5049 858 5093 sunt
882 5040 948 5102 ",
980 5059 999 5091 ι
1035 5051 1284 5111 tanquam
1314 5044 1381 5095 ad
1410 5045 1580 5111 ipsum
1611 5047 1757 5115 origo
1790 5049 2123 5098 conditarum
2167 5050 2302 5115 refe-

2410 5058 2494 5107 γει
2520 5044 2628 5110 γάρ
2652 5043 2708 5092 ἐν
2737 5040 2813 5106 τῷ
2862 5039 3031 5108 ὀγδόῳ
3063 5039 3172 5090 τῶν
3220 5039 3357 5107 πρὸς
3422 5038 3769 5107 Ἀμφιλόχιον
3809 5058 3986 5107 mea-

737 5134 896 5183 renda
926 5134 1017 5197 sit,
1052 5140 1102 5185 et
1150 5142 1241 5185 tua
1273 5150 1410 5197 mea,
1451 5136 1590 5202 quod
1627 5136 1725 5203 ipsi
1776 5153 1806 5187 α
1846 5136 2006 5188 Patre
2041 5138 2299 5189 condendi

2406 5132 2605 5185 λαίων·
2641 5128 2743 5181 Διὰ
2772 5129 2950 5181 τοῦτό
2988 5145 3182 5195 φησιν
3215 5130 3247 5181 ό
3281 5131 3495 5196 ΚίῬιος
3529 5132 3679 5196 πρὸς
3722 5132 3829 5182 τὸν
3867 5135 3988 5184 Da-

734 5226 1025 5277 «auctoritas
1064 5227 1317 5291 provenit.
1353 5226 1588 5291 Quorum
1637 5230 1774 5279 enim
1804 5229 2025 5296 wqualis
2075 5240 2149 5280 est
2201 5245 2295 5294 po-

2405 5224 2603 5288 τέρα,ζι
2643 5225 2713 5273 Τὰ
2730 5223 2839 5288 ἐμὰ
2856 5222 3052 5272 πάντα
3074 5220 3157 5273 σά
3174 5221 3367 5283 ἐστιν,
3394 5241 3411 5271 ι
3431 5223 3508 5285 ὡς
3530 5223 3621 5273 ἐπ’
3649 5224 3794 5275 αὐτὸ
3805 5241 3838 5273 ν
3876 5225 3984 5289 τῆς,-

736 5316 944 5379 tentia,
1005 5314 1190 5368 horum
1243 5316 1465 5385 aqualis
1511 5328 1585 5370 est
1639 5330 1685 5370 et
1744 5321 1998 5385 operatio.
2058 5317 2297 5372 Christus

2407 5313 2592 5381 ἀρχῆς
2642 5313 2759 5367 τῶν
2801 5312 3331 5380 διιμιοινργημάτων
3391 5315 3788 5383 ἀναγομένης,
3820 5335 3837 5366 ι
3876 5333 3974 5369 μαι

736 5405 991 5472 siquidem
1045 5404 1137 5457 Dei
1193 5407 1357 5458 rirtus
1399 5416 1496 5471 est,
1552 5419 1597 5459 et
1651 5407 1745 5459 Dei
1786 5409 2074 5475 sapientia,
2124 5418 2171 5460 et
2226 5409 2299 5460 sit;

2410 5406 2477 5456 τὰ
2500 5404 2583 5456 σὰ
2609 5404 2741 5471 ἐμὰ,
2774 5423 2791 5454 ι
2818 5404 2897 5465 ὡς
2920 5403 3153 5455 ἐκεῖθεν
3179 5402 3340 5469 αὐτῷ
3367 5404 3472 5469 τῆς
3512 5407 3705 5469 αἰτίας
3740 5408 3845 5458 τοῦ
3877 5408 3982 5473 δη-

736 5497 913 5547 omnia
953 5513 1043 5565 per
1077 5499 1250 5559 ipsum
1283 5498 1428 5566 facta
1476 5508 1619 5551 sunt.
1678 5499 1746 5552 Et
1789 5502 1978 5568 paucis
2024 5501 2298 5553 annexis:

2406 5495 2712 5566 μιουργεῖν
2766 5498 3170 5563 καθηκούσης.
3205 5490 3319 5549 Ὧν
3364 5496 3432 5548 δὲ
3482 5498 3516 5563 ἡ
3570 5497 3825 5564 δύναμις·
3850 5498 3981 5565 Ion,

739 5589 953 5641 Putrem
1001 5604 1088 5655 per
1122 5588 1315 5642 Filium
1364 5607 1565 5656 creare,
1610 5608 1770 5659 neque
1802 5593 2160 5660 imperfectam
2201 5590 2278 5643 Pa

2412 5592 2515 5657 ἴση
2549 5592 2781 5657 πάι-τως
2816 5599 2908 5645 καί
2958 5593 2994 5659 ἡ
3040 5592 3327 5660 ἐνέργεια.
3378 5594 3624 5659 Χριστὸς
3664 5592 3773 5660 γὰρ
3830 5594 3980 5647 Θεοῦ

809 5750 847 5778 ³⁵
873 5747 1027 5803 Joan.
1063 5765 1189 5809 xvu,
1220 5750 1301 5803 10.
