4214 6446
756 365 891 428 1079

1782 364 2298 427 CONSTANTINI
2342 364 2889 427 ΜΕΠΤΕΝΙΟΤᾸΞ

3856 366 4001 435 ιοεο

752 484 1064 536 universum
1091 482 1290 539 divina
1313 485 1503 555 synodi
1526 486 1999 555 complementum,
2025 485 2079 539 in
2118 483 2323 555 Spiritu
2354 486 2399 542 Α

2354 486 2399 542 Α
2427 482 2525 553 λὴν
2562 484 2909 555 ἐνεχάραξεν.
2954 483 3282 554 Ἐπειδήπερ
3312 482 3511 537 ἐκείνοι
3554 482 3764 552 ταύτην
3796 486 3998 536 ἀπεδέο

750 583 943 627 sancto
978 576 1320 641 postmodum
1350 575 1543 631 Nicaea:
1563 589 1972 645 congregatum.
2011 574 2105 629 His
2120 577 2321 630 etenim

749 665 1094 720 audientibus
1122 666 1209 720 illa
1263 669 1492 737 epistola
1529 668 1783 736 perlecta,
1836 685 1959 721 cum
2021 668 2076 721 in
2110 668 2321 736 integro

751 756 856 809 illis
875 772 997 810 esse
1029 758 1144 812 visa
1185 770 1370 814 essent
1400 762 1605 821 omnia,
1648 775 1756 815 una
1785 775 1975 815 omnes
2028 760 2318 823 sententia,

750 846 1020 910 plausere,
1046 858 1100 902 et
1129 859 1273 905 recte
1306 866 1425 904 eam
1479 851 1735 905 dictatam
1788 866 1927 912 esse,
1954 860 2007 903 et
2034 849 2101 903 ad
2133 847 2321 903 Eccle-

751 935 846 989 size
874 938 1069 1003 placita
1104 940 1481 1000 decernentes.
1548 945 1767 1010 proprio
1837 941 2048 1009 prolato
2096 941 2317 995 decreto

750 1025 1162 1091 subsiguarunt.
1194 1026 1349 1081 Nulla
1379 1030 1562 1098 itaque
1592 1030 1915 1098 relinquitur
1938 1044 2067 1084 ansa
2101 1045 2169 1082 ne
2199 1046 2317 1083 om-

752 1132 866 1178 nes,
916 1118 1211 1171 dummodo
1242 1120 1431 1183 velint,
1461 1136 1525 1174 ex
1554 1121 1753 1173 divinis
1783 1120 1945 1172 dictis
1968 1120 2078 1186 jam
2114 1134 2315 1187 prepo-

745 1209 865 1262 sitis
905 1209 1186 1263 veritatem
1246 1222 1563 1281 agnoscant,
1629 1222 1682 1266 et
1732 1211 2059 1265 deiferorum
2117 1213 2310 1265 horum

745 1299 966 1354 Patrum
1002 1303 1245 1371 vestigiis
1267 1304 1602 1369 insistentes,
1634 1304 1701 1357 ad
1730 1319 1850 1357 eam
1893 1312 2142 1372 prompte
2182 1319 2315 1357 con-

745 1404 967 1446 currant
1002 1411 1013 1445 :
1044 1410 1281 1463 namque
1304 1397 1533 1449 addecet
1562 1411 1676 1459 eos,
1736 1396 1830 1464 qui
1880 1405 2025 1450 metu
2066 1396 2311 1451 detinen-

744 1495 852 1547 tur,
882 1486 1109 1555 ideoque
1146 1489 1213 1539 ad
1263 1488 1530 1541 dicturum
1608 1490 2043 1557 acceptationem
2100 1488 2312 1543 claudi-

743 1586 895 1640 cant,
952 1579 1399 1633 contentionibus
1426 1582 1653 1650 posthac
1704 1582 1949 1643 omissis,
1995 1590 2205 1635 tantum
2258 1592 2313 1635 et

744 1669 977 1721 similem
1011 1670 1230 1725 Patrum
1266 1674 1575 1741 .eataloguni
1606 1675 1740 1727 citra
1770 1674 2162 1728 dubitationem
2189 1690 2310 1728 om-

742 1772 864 1810 nem
896 1770 1186 1828 sequentes
1216 1763 1322 1816 illis
1351 1765 1620 1831 propriam
1672 1765 1902 1818 salutem
1944 1765 2307 1828 committere,

738 1861 971 1913 quorum
1003 1850 1301 1903 secundum
1329 1853 1691 1918 cognitionem
1754 1855 2000 1907 veritatis
2036 1854 2303 1919 doctrina,

738 1947 794 1990 et
816 1940 1055 1994 melioris
1111 1941 1431 2011 dijudicatio
1460 1953 1544 1999 est
1579 1960 1711 2001 :eus
1761 1960 1911 2009 vero,
1962 1948 2053 2015 qui
2089 1956 2307 2015 prepter

740 2029 1141 2096 improbitatem
1220 2050 1340 2088 sese
1369 2047 1669 2104 opponunt,
1707 2046 1963 2106 tanquam
1998 2039 2090 2107 qui
2116 2054 2303 2107 pacem

737 2134 860 2171 cum
905 2123 1058 2175 nobis
1086 2124 1271 2177 irritant
1321 2126 1912 2189 declinant,aﬂ‘ectihus
1954 2129 2302 2197 posthabitis,

737 2221 876 2273 quos
911 2210 978 2263 ad
1044 2212 1189 2267 hunc
1223 2216 1365 2269 diem
1431 2217 1707 2283 foverunt,
1772 2220 1964 2273 horum
1988 2230 2301 2274 sanctorum

737 2300 1084 2356 divinissimo
1118 2308 1286 2359 choro
1309 2321 1503 2362 manus
1530 2308 1680 2371 dare,
1715 2324 1904 2363 eorum
1943 2310 2301 2364 oﬂensioncm

737 2392 1021 2458 reveritos,
1050 2411 1281 2463 quorum
1317 2407 1371 2451 et
1404 2397 1711 2454 facinorum
1774 2402 2018 2467 claritas,
2072 2411 2125 2456 ct
2182 2418 2303 2470 quae

737 2484 859 2539 itide
911 2497 1097 2541 secuta
1152 2496 1234 2541 est
1288 2490 1515 2568 gloriam
1596 2502 1849 2561 perpetue
1914 2494 2299 2546 immaneutem

733 2579 1021 2632 continens
1069 2579 1308 2647 dignitas
1355 2592 1434 2636 est
1492 2584 1546 2637 in
1612 2584 1968 2637 admiratione
2015 2601 2029 2638 :
2073 2596 2302 2652 utroque

736 2680 866 2719 vero
892 2668 1076 2735 vitatis
1100 2673 1300 2734 noxiis,
1350 2671 1593 2740 proﬁcua
1632 2674 1908 2742 amplecti,
1937 2682 1991 2728 et
2022 2674 2131 2729 Deo
2174 2690 2296 2729 cum

734 2756 933 2811 tutiore
962 2768 1112 2827 parte
1140 2762 1469 2832 melioreque
1495 2764 1769 2818 adhaerere
1792 2803 1805 2818 .

802 3038 893 3093 25.
938 3039 1016 3094 Ita
1060 3047 1161 3104 est,
1203 3041 1478 3111 inquiunt,
1512 3045 1607 3098 sed
1643 3046 1800 3099 valde
1835 3058 2048 3103 nostros
2078 3052 2295 3106 animos

2426 571 2584 637 ξαντό
2612 593 2693 637 τε,
2736 577 2831 628 καὶ
2863 574 3085 636 πολλοῖς
3127 575 3433 644 ἐγκωμίοις
3481 574 3998 636 ἀντεπιστείλαντες

2423 665 2675 735 ἔστεψαν.
2718 668 2953 736 Προσέτι
2986 668 3043 720 δὲ
3072 668 3166 720 καὶ
3198 667 3260 721 τὸ
3284 670 3384 737 τῆς
3412 666 3565 729 θείας
3601 667 3820 719 συνόδου
3855 668 3996 735 πλή-

2424 774 2584 826 ρωμα
2616 761 2723 811 πᾶν
2749 760 2809 810 τὸ
2836 758 3226 829 συναθροισθὲν
3263 762 3321 812 ἐν
3360 760 3504 827 ἀγίῳ
3552 757 3840 827 Πνεύματι
3900 775 3996 824 με·

2423 847 2688 916 θύστερον
2712 851 2851 901 κατὰ
2888 849 3149 903 Νίκαιαν.
3182 850 3277 911 Είς
3299 848 3411 917 γάρ
3440 850 3679 917 ἐπήκοον
3718 850 3813 900 καὶ
3866 849 3993 900 τούς

2417 956 2526 991 των
2556 942 2655 1008 τῆς
2685 938 2940 1006 τοιαύτης
2968 938 3412 1008 ἀναγνωσθείσης
3446 939 3761 1006 ἐπιστολῆς,
3786 927 3992 1002 πάντές

2418 1026 2740 1096 ἀρεσθέντες
2773 1027 2968 1089 κοινῶς
2995 1027 3170 1099 ταύτῃ
3208 1028 3516 1087 συνέθεντο,
3545 1028 3639 1078 καὶ
3672 1026 3860 1087 καλῶς
3892 1027 3988 1076 αὑο

2414 1117 2512 1189 τὴν
2543 1118 2683 1187 ἔχειν
2724 1119 3177 1188 ἀποφηνάμενοι,
3216 1118 3285 1169 δι’
3333 1118 3539 1179 οἰκείας
3578 1117 3801 1185 γνώμης
3855 1118 3991 1166 ἐπε-

2420 1210 2733 1277 σφράγισεν
2788 1210 3039 1272 ἕκαστος.
3104 1209 3345 1277 Οὐδεμία
3383 1210 3566 1261 τοίνυν
3622 1208 3989 1260 ἀπολείπεται

2415 1300 2686 1367 πρόφασις
2702 1300 2827 1360 τοὺς
2851 1300 3084 1360 πάντας,
3102 1298 3166 1349 ἂν
3180 1298 3436 1363 ἐθέλοιεν,
3458 1301 3516 1365 ἐξ
3535 1293 3609 1350 ὧν
3632 1297 3988 1365 πκρεθέμεθα

2414 1390 2577 1443 θείων
2602 1391 2783 1461 ῥητῶν
2814 1390 2913 1460 τὴν
2934 1390 3198 1458 ἀλήθειαν
3224 1391 3448 1457 γνῶναι,
3482 1392 3578 1443 καὶ
3606 1389 3985 1458 προσδραμεῖν

2414 1482 2645 1550 ἑτοίμως
2673 1482 2841 1550 ἑαυτῇ
2878 1482 2990 1545 τῶν
3014 1481 3295 1551 θεοφόρων
3338 1481 3544 1534 τούτων
3598 1480 3810 1550 ἀνδρῶν
3864 1479 3985 1530 κατ’

2415 1572 2558 1641 ἴχνια
2589 1574 2892 1641 βαίνοντας.
2920 1572 3116 1642 Χρεὼν
3165 1576 3275 1642 γάρ
3313 1576 3430 1626 ἐστι
3489 1576 3617 1635 τοὺς
3650 1575 3751 1642 μὲν
3808 1572 3983 1642 δειλίᾳ

2411 1664 2830 1734 κατεχομένους,
2861 1667 2956 1716 καὶ
3005 1664 3093 1716 διὰ
3120 1664 3281 1717 τοῦτο
3336 1664 3475 1731 πρὸς
3511 1666 3613 1733 τὴν
3666 1662 3985 1734 παραδοχὴν

2412 1756 2521 1807 τῶν
2554 1756 2863 1823 λεγομένων
2894 1756 3247 1818 ὀκλάζοντας,
3291 1756 3385 1808 τοῦ
3429 1758 3806 1824 γνωσιμαχεῖν
3845 1758 3984 1825 ἀφε-

2419 1848 2613 1918 μένους
2652 1850 2877 1918 ἀπάρτι,
2904 1848 3147 1918 τοσούτῳ
3180 1848 3273 1900 καὶ
3291 1848 3523 1916 τοιούτῳ
3548 1848 3843 1917 καταλόγῳ
3874 1850 3984 1900 Πα-

2413 1944 2586 2013 τέρων
2604 1942 2894 2013 ἐπιτρέψαι
2916 1943 3015 2012 τὴν
3037 1943 3246 1995 οἰκείαν
3266 1942 3545 2011 σωτηρίαν
3565 1942 3982 2005 ἀνενδοιάστως,

2411 2038 2624 2099 τούτοις
2651 2036 3157 2104 ἀκολουθήσαντας,
3189 2030 3321 2103 ὧνὴ
3356 2035 3478 2086 κατ’
3522 2032 3828 2100 ἐπίγνωσιν
3884 2034 3983 2101 τῆς

2411 2127 2671 2198 ἀληθείας
2690 2126 3038 2188 διδασκαλία,
3070 2124 3165 2177 καὶ
3187 2124 3282 2176 τοῦ
3308 2124 3578 2193 βελτίονος
3602 2127 3635 2195 η
3670 2125 3940 2195 διάκρισις
3963 2140 3978 2154 ο

2410 2222 2535 2283 τοὺς
2566 2219 2622 2273 δέ
2654 2220 2746 2273 διὰ
2797 2218 2998 2272 κακίαν
3048 2217 3510 2284 ἀνθισταμένους,
3568 2216 3644 2277 ὡς
3706 2215 3807 2283 τὴν
3861 2216 3981 2284 μεθ’

2408 2314 2567 2382 ἡμῶν
2596 2314 2824 2381 εἰρήνην
2859 2308 3237 2373 ἐκκλίναντας,
3280 2308 3342 2360 τὸ
3382 2307 3556 2370 πάθος
3604 2308 3983 2376 ἀποϐαλλομέ-

2410 2424 2533 2469 νους
2559 2408 2618 2468 ἐς
2637 2404 2798 2474 δεῦρο
2816 2403 2894 2473 τῷ
2922 2402 3031 2456 τῶν
3049 2403 3218 2470 ἁγίων
3237 2402 3442 2453 τούτων
3470 2400 3687 2464 ὑπεῖξαι
3715 2401 3980 2470 θειοτάτῳ

2408 2497 2575 2567 χορῷ,
2601 2496 2935 2565 πτοηθέντας
2962 2494 3024 2547 τὸ
3044 2493 3411 2563 προσκρούειν
3438 2493 3645 2555 αὐτοῖς,
3662 2485 3739 2545 ὧν
3763 2493 3796 2561 ἡ
3839 2492 3981 2558 λαμ-

2408 2590 2615 2659 πρότης
2644 2587 2752 2641 τῶν
2783 2588 2985 2657 ἔργων,
3023 2585 3120 2638 καὶ
3152 2585 3213 2637 τὸ
3244 2584 3496 2637 ἐντεῦθεν
3524 2582 3769 2652 ἀξίωμα,
3798 2583 3863 2635 τὸ
3892 2582 3978 2636 δό-

2410 2682 2508 2746 ξαν
2540 2680 2664 2749 ἐχον
2703 2678 2779 2749 μὴ
2810 2678 3265 2747 μεταπίπτουσαν
3285 2692 3300 2707 ο
3335 2676 3639 2745 ἑκατέρους
3665 2675 3744 2737 δὲ,
3775 2672 3977 2741 φυγόν-

2405 2790 2502 2834 τας
2531 2771 2593 2824 τὸ
2627 2770 2889 2838 βλάπτον,
2923 2769 2985 2821 τὸ
3012 2766 3328 2822 λυσιτελοῦν
3372 2765 3836 2830 ἀνταλλάξασθαι,
3882 2766 3980 2818 καὶ

2405 2862 2525 2931 Θεῷ
2551 2860 2811 2929 γενέσθαι
2836 2860 2937 2930 τῆς
2963 2859 3388 2928 ἀσφαλεστάτης
3424 2858 3624 2929 μοίρας
3653 2858 3753 2909 καὶ
3791 2856 3978 2925 κρείτ-

2403 2971 2574 3016 τονος.

2474 3054 2571 3100 κε’.
2608 3046 2734 3110 Ναὶ,
2769 3047 2951 3113 φασιν,
2992 3044 3127 3097 ἀλλά
3175 3044 3429 3121 ταράττει
3462 3043 3669 3110 σφόδρα
3700 3042 3799 3105 τὰς
3836 3044 3978 3112 ἠμε-

739 3130 926 3183 turbat
980 3148 1073 3201 per
1108 3132 1304 3188 Filium
1337 3135 1518 3189 dicere
1562 3153 1682 3192 esse
1727 3138 1988 3207 Spiritum
2023 3153 2295 3206 sanctum,
2326 3160 2367 3215 ο

2326 3160 2367 3215 C
2403 3138 2564 3208 τέρας
2612 3137 2792 3207 ψυχὰς
2847 3136 2909 3188 τὸ
2955 3136 3023 3187 δι’
3049 3136 3177 3188 Υἱοῦ
3233 3136 3410 3201 λέγειν
3460 3130 3602 3186 εἷναι
3657 3134 3717 3185 τὸ
3753 3133 3977 3201 Πνεῦμα

738 3240 803 3275 ne
838 3224 961 3291 quis
1012 3225 1137 3278 inde
1172 3226 1512 3295 ituperfectio
1545 3227 1691 3283 Patri
1738 3231 2004 3286 inferatur
2040 3235 2092 3286 in
2125 3235 2295 3303 δρίιί-

738 3319 827 3365 tus
856 3312 1191 3368 exsistentia.
1225 3314 1288 3369 Et
1318 3316 1589 3371 undeuatn
1616 3317 1669 3370 id
1701 3320 1854 3374 vobis
1888 3322 2110 3384 accidit,
2145 3335 2200 3376 ut
2226 3325 2291 3377 ad

735 3418 834 3456 eos
889 3418 1152 3459 conversa
1199 3408 1446 3460 oratione
1501 3410 1984 3479 interrogationem
2038 3415 2292 3482 dirigam,

733 3513 766 3546 υ
800 3497 1064 3564 sapientia
1092 3497 1299 3562 eximii,
1336 3499 1563 3564 ideoque
1588 3500 1937 3570 Evangelium
1966 3504 2295 3558 exhaurien-

731 3598 834 3651 tes,
866 3589 1099 3641 similem
1143 3590 1594 3646 absurdissimatn
1647 3593 1979 3661 impietatem
2012 3597 2295 3663 concipere

732 3678 787 3729 in
841 3678 947 3730 illis
997 3678 1204 3741 rebus,
1256 3680 1308 3733 in
1362 3683 1563 3749 quibus
1603 3684 1891 3752 praelucida
1939 3685 2292 3739 ecclesiastici

734 3769 1059 3820 tirmamenti
1100 3770 1305 3823 lumina
1347 3787 1454 3823 non
1486 3773 1692 3841 absque
1734 3775 1922 3827 eodem
1958 3773 2157 3842 Spiritu
2200 3776 2293 3829 deo

730 3860 1057 3912 creverunt?
1090 3859 1134 3913 Ο
1171 3864 1312 3915 male
1358 3878 1545 3916 sanam
1583 3866 1850 3917 tuentem!
1887 3864 1977 3932 qui
2018 3866 2199 3919 scelus
2238 3866 2291 3918 in

732 3954 818 4006 his
848 3969 970 4005 esse
1004 3963 1339 4021 reputantes,
1393 3956 1594 4007 dictam
1648 3955 2040 4023 blasphemiam
2085 3966 2294 4009 eructa-

731 4044 855 4098 stis.
888 4044 1169 4108 Attamen,
1207 4057 1263 4096 ut
1298 4061 1392 4099 eos
1419 4046 1485 4098 ab
1511 4047 1610 4099 Luc
1639 4049 1862 4099 crimine
1894 4057 1947 4100 et
1982 4048 2290 4115 opprobrio,

731 4135 811 4186 uti
866 4148 963 4200 par
1023 4145 1138 4196 est,
1207 4135 1538 4199 liberemus,
1619 4152 1728 4189 non
1786 4137 2288 4205 itnperfectionem,

729 4246 761 4275 υ
802 4228 925 4289 viri,
961 4227 1009 4279 id
1058 4226 1110 4278 in
1156 4226 1314 4279 Patre
1367 4236 1550 4294 nutat;
1592 4230 2050 4297 quemadmodum
2099 4248 2196 4286 nec
2241 4234 2290 4285 in

724 4318 888 4371 rebus
933 4319 1147 4379 creatis,
1198 4317 1339 4385 quod
1391 4319 1495 4371 illa:
1539 4335 1637 4387 per
1682 4319 1879 4374 Filium
1932 4322 2087 4376 facta:
2141 4332 2289 4384 sunt.

726 4409 851 4462 Ιιρυι
899 4408 949 4460 ἱιι
1007 4409 1089 4463 bis
1138 4410 1243 4462 alia
1310 4411 1449 4463 ratio
1498 4412 1591 4474 sit,
1640 4412 1740 4463 alia
1788 4413 1839 4465 in
1893 4414 2018 4476 illis,
2066 4424 2124 4467 ut
2164 4430 2289 4483 pro-

2394 3231 2456 3283 τὸ
2506 3231 2681 3296 ἀγιον,
2739 3228 2813 3297 μή
2870 3228 3001 3280 ποτέ
3056 3244 3140 3290 τις
3198 3226 3447 3279 ἐντεῦθεν
3498 3224 3715 3278 ἀτέλεια
3768 3227 3975 3295 προσά-

2395 3338 2579 3374 πτοιτο
2631 3321 2710 3387 τῷ
2743 3320 2916 3388 Πατρὶ
2955 3319 3095 3371 κατά
3138 3318 3237 3389 τὴν
3292 3317 3388 3370 τοῦ
3425 3317 3737 3384 Πνεύματος
3799 3315 3975 3384 ὓπαρ-

2394 3412 2497 3477 ξιν.
2538 3410 2646 3461 Καὶ
2698 3409 2859 3462 πόθεν
2906 3410 3038 3477 ἡμῖν
3068 3409 3225 3460 τοῦτο
3248 3408 3513 3476 γέγονεν,·
3540 3408 3649 3471 ἵνα,
3689 3409 3826 3476 πρὸς
3879 3407 3976 3457 αυ-

2393 3504 2516 3562 τοῦς
2570 3499 2720 3552 ἐνθεν
2782 3500 3075 3556 ἀποτείνας
3127 3499 3219 3551 τὸν
3280 3498 3459 3564 λόγον,
3486 3499 3806 3567 ποιήσωμαι
3862 3496 3964 3561 τὴν

2396 3590 2685 3660 ἐρώτησιν,
2717 3585 2761 3643 ὦ
2794 3590 3037 3659 περιττοὶ
3062 3590 3160 3657 τὴν
3201 3591 3417 3658 σοφίαν,
3474 3590 3568 3641 καὶ
3601 3586 3887 3649 κενοῦντες
3913 3590 3975 3638 ἐκ

2394 3684 2585 3735 τούτου
2620 3684 2683 3734 τὸ
2724 3682 3076 3749 Εὑαγγέλιον,
3108 3682 3167 3733 τὸ
3219 3682 3535 3748 λογίσασθαι
3565 3680 3768 3750 δηλαδὴ
3797 3682 3979 3733 τοιαὺ-

2396 3790 2497 3841 την
2526 3774 2887 3841 ἀτοπωτάτην
2926 3773 3265 3835 δυσσέόειαν,
3306 3774 3364 3824 ἐν
3397 3766 3476 3829 οἷς
3522 3774 3569 3823 oi
3606 3772 3852 3839 λαμπροὶ
3883 3773 3977 3823 τοῦ

2399 3865 2498 3932 τῆς
2537 3864 2858 3934 Ἐκκλησίας
2888 3863 3268 3932 στερεώματος
3303 3861 3595 3930 φωστῆρες
3622 3863 3799 3913 είπείν
3836 3865 3977 3929 μετα

2393 3954 2484 4007 τοῦ
2504 3954 2643 4007 Πνεύ
2652 3971 2818 4023 ματος
2842 3954 3081 4022 ἔφθασαν
3102 3970 3114 4017 ;
3131 3953 3242 4022 Τῆς
3261 3954 3555 4015 κακονοίας
3576 3955 3587 4005 ε
3610 3955 3692 4004 ὅτι
3712 3970 3817 4022 περ
3838 3956 3975 4014 ὅλως

2393 4046 2628 4114 ἀνομίαν
2660 4048 2718 4097 ἐν
2745 4047 2951 4107 τούτοις
2983 4044 3340 4105 ὑπολαϐόντες
3375 4043 3473 4115 τὴν
3516 4044 3819 4113 εἰρημένην
3848 4045 3973 4097 oua-

2396 4142 2604 4211 φημίαν
2660 4136 2983 4209 ἡρεῦξασθε.
3041 4139 3185 4209 Πλὴν
3227 4140 3304 4202 ὡς
3341 4138 3408 4192 ἂν
3452 4137 3546 4191 τοῦ
3580 4140 3847 4209 παρόντος
3886 4143 3977 4205 ἐγ-

2393 4237 2693 4301 κλήματος,
2724 4233 2816 4284 καὶ
2841 4230 2934 4283 τοῦ
2966 4231 3155 4300 μώμου
3183 4230 3410 4292 δεόντως
3440 4230 3500 4292 ἐξ
3538 4231 3718 4282 αὐτῶν
3748 4232 3975 4283 ἐκείνων

2395 4326 2590 4387 αὖτοὺς
2619 4322 3014 4391 ἀπαλλάξωμεν
3038 4339 3056 4356 ·
3090 4323 3189 4373 οὐκ
3219 4322 3491 4386 ἀτέλειαν,
3554 4315 3599 4373 ὦ
3626 4318 3795 4386 οὗτοι,
3816 4323 3977 4376 τοῦτο

2396 4417 2693 4483 κατηγορεί
2719 4413 2813 4465 τοῦ
2838 4414 3067 4483 Πατρος,
3091 4411 3278 4481 ὥσπερ
3305 4412 3426 4463 οὐδὲ
3451 4412 3543 4462 ἐπὶ
3565 4412 3673 4463 τῶν
3712 4412 3977 4480 δημιουρ-

724 4500 948 4553 cedente
992 4501 1240 4553 oratione
1275 4502 1810 4567 demonstrabimus;
1856 4505 1988 4571 quin
2041 4506 2291 4558 virtutem
2331 4500 2373 4552 D

2331 4500 2373 4552 ὓ
2400 4507 2682 4573 γημάτων,
2714 4505 2796 4557 ὅτι
2826 4502 2999 4555 ταῦτα
3049 4502 3305 4569 γεγόνασι
3343 4500 3410 4551 δι’
3465 4500 3617 4564 Υίοῦ,
3660 4500 3761 4552 κᾶν
3816 4501 3976 4563 ἄλλος

724 4591 926 4649 vivam,
974 4590 1111 4643 etin
1150 4594 1423 4661 hypostasi
1474 4594 1858 4647 subsistentem
1892 4593 2087 4647 Filium
2138 4612 2287 4649 com-

729 4694 1070 4745 monstraut,
1132 4684 1413 4750 magisque
1474 4700 1694 4738 causam
1773 4702 1839 4739 ex
1905 4686 2060 4739 Patre
2117 4687 2291 4739 decla-

731 4781 850 4826 rant
880 4790 893 4825 :
924 4774 1087 4840 idque
1112 4784 1297 4840 aperte
1324 4774 1390 4826 de
1421 4776 1581 4828 rebus
1614 4776 1773 4829 iactis
1823 4794 2049 4844 magnus
2076 4779 2294 4833 docebit

727 4864 960 4917 Basilius
993 4882 1006 4915 :
1046 4864 1177 4917 dicit
1205 4869 1350 4917 enim
1386 4866 1437 4919 in
1471 4878 1663 4921 octavo
1695 4871 1874 4936 capite
1906 4870 1970 4920 ad
2008 4871 2291 4938 Amphilo-

725 4957 904 5009 chium
941 4974 952 5008 :
990 4954 1115 5008 Ideo
1170 4957 1301 5009 dicit
1353 4957 1610 5011 Dominus
1661 4944 1687 5013 :.
1727 4980 1743 5010 ι
1786 4959 1979 5013 Omnia
2038 4978 2151 5012 mea
2201 4970 2292 5011 tua

726 5055 846 5099 sunt
870 5046 936 5107 ",
969 5065 987 5097 ι
1023 5057 1273 5117 tanquam
1302 5049 1369 5100 ad
1399 5050 1568 5116 ipsum
1600 5052 1747 5119 origo
1780 5052 2111 5102 conditarum
2156 5053 2290 5118 refe-

726 5140 883 5189 renda
915 5140 1006 5203 sit,
1040 5146 1090 5190 et
1138 5147 1230 5190 tua
1262 5155 1399 5201 mea,
1439 5140 1579 5207 quod
1616 5140 1714 5207 ipsi
1766 5157 1795 5191 α
1835 5140 1996 5192 Putre
2031 5141 2287 5192 condendi

722 5231 1014 5282 auctoritas
1053 5232 1306 5297 provenit.
1342 5230 1577 5295 Quorum
1626 5234 1764 5284 enim
1794 5232 2014 5301 wqualis
2064 5244 2139 5283 est
2190 5248 2284 5298 pa-

725 5322 932 5385 tentia,
994 5320 1179 5373 Itorum
1232 5321 1454 5390 aqualis
1500 5332 1574 5374 est
1628 5334 1675 5375 et
1734 5325 1988 5389 operatio.
2048 5320 2286 5375 Clu-istas

724 5410 980 5477 siquidem
1034 5410 1127 5463 Dei
1182 5412 1346 5463 tirtus
1389 5421 1485 5475 est,
1542 5423 1587 5463 et
1641 5411 1735 5463 Dei
1776 5412 2063 5479 sapientia,
2113 5420 2161 5463 et
2215 5411 2289 5463 sit;

726 5502 901 5553 unmia
942 5518 1032 5570 per
1066 5504 1240 5564 ipsum
1272 5503 1418 5571 facta
1466 5512 1609 5555 sunt.
1669 5503 1737 5555 Et
1779 5505 1968 5571 paucis
2014 5504 2287 5556 annexis:

729 5594 942 5646 Putrem
990 5610 1077 5659 per
1111 5593 1305 5647 Filium
1354 5611 1555 5661 creare,
1599 5612 1761 5663 neque
1793 5596 2150 5663 imperfectam
2191 5592 2268 5646 Pa

800 5755 837 5783 ³³
862 5752 1017 5807 Joan.
1053 5754 1291 5813 xvu.10.

2399 4591 2558 4657 οὗτος
2588 4596 2617 4646 ὁ
2665 4594 2838 4660 λόγος,
2889 4594 3137 4654 κάκεῖνος
3193 4592 3402 4659 ἕτερος,
3457 4593 3531 4651 ὼς
3570 4593 3854 4657 προϊόντες
3907 4606 3977 4641 τα

2402 4689 2529 4752 περὶ
2585 4683 2790 4733 τούτων
2842 4682 3327 4747 διευκρινήσομεν·
3393 4680 3625 4749 δύναμιν
3677 4680 3735 4730 δὲ
3794 4679 3976 4741 ζῶσαν

2400 4776 2496 4827 καὶ
2518 4772 2881 4824 ἐνυπόστατον
2914 4772 3162 4823 δείκνυσι
3189 4770 3280 4823 τὸν
3326 4768 3475 4828 Υίὸν,
3525 4772 3619 4821 καὶ
3649 4770 3749 4837 τὴν
3794 4770 3975 4822 αἰτίαν

2402 4865 2601 4934 μᾶλλον
2635 4863 2924 4929 ἀναφαίνει
2963 4863 3062 4931 τὴν
3091 4863 3155 4912 ἐκ
3196 4861 3431 4929 Πατρός·
3490 4864 3585 4912 καί
3643 4860 3802 4912 τοῦτο
3839 4861 3980 4914 διδά-

2401 4956 2479 5021 ξει
2505 4954 2716 5024 τρανῶς
2768 4955 2858 5005 ἐπὶ
2900 4952 3010 5003 τῶν
3043 4951 3218 5021 ἔργων
3245 4952 3273 5002 ό
3314 4954 3488 5019 μέγας
3534 4951 3833 5013 Βασίλειος.
3871 4954 3977 5003 Λε-

2398 5062 2483 5109 γει
2508 5046 2617 5113 γὰρ
2640 5045 2697 5095 ἐν
2725 5042 2801 5109 τῷ
2850 5040 3020 5109 ὀγδόῳ
3051 5040 3161 5091 τῶν
3208 5040 3346 5109 πρὸς
3411 5039 3757 5107 Ἀμφιλόχιον
3798 5056 3974 5106 uagat-

2395 5134 2594 5187 λαίων⁸
2630 5130 2732 5184 Διὰ
2762 5132 2938 5184 τοῦτό
2977 5146 3170 5197 φησιν
3203 5131 3235 5181 ό
3270 5131 3483 5196 Κύριος
3518 5131 3668 5195 πρὸς
3712 5132 3819 5181 τὸν
3857 5134 3975 5182 Πα-

2395 5226 2592 5290 τέρα,ζι
2632 5227 2701 5276 Τὰ
2718 5225 2827 5290 ἐμὰ
2845 5223 3040 5273 πάντα
3062 5221 3145 5273 σά
3162 5222 3356 5284 ἐστιν,
3383 5241 3399 5271 ι
3420 5223 3497 5284 ὡς
3520 5222 3611 5272 ἐπ’
3639 5222 3829 5275 αὐτὸν
3864 5223 3975 5287 τῆς

2396 5315 2581 5383 ἀρχῆς
2630 5314 2748 5367 τῶν
2790 5312 3320 5382 διιμιουργημάτων
3380 5315 3775 5381 ἀναγομένης,
3810 5334 3827 5364 ι
3864 5324 3963 5368 και

2399 5408 2465 5458 τὰ
2489 5405 2571 5457 σὰ
2598 5405 2730 5473 ἐμὰ,
2762 5424 2780 5456 ι
2807 5406 2887 5467 ὡς
2909 5404 3142 5457 ἐκεῖθεν
3167 5403 3329 5469 αὐτῷ
3356 5403 3461 5469 τῆς
3500 5407 3694 5468 αἰτίας
3728 5406 3833 5457 τοῦ
3864 5406 3971 5470 δη-

2396 5496 2701 5568 μιουργεῖν
2755 5498 3159 5565 καθηκούσης.
3194 5490 3308 5550 Ὧν
3353 5495 3421 5548 δὲ
3470 5497 3505 5563 ἡ
3560 5497 3813 5563 δύναμις·
3840 5496 3971 5563 Ian,

2401 5594 2505 5659 ἴση
2538 5593 2771 5658 πάντως
2806 5599 2897 5645 καὶ
2947 5594 2983 5659 ἠ
3029 5592 3316 5660 ἐνέργεια.
3368 5592 3613 5658 ngre;
3654 5591 3761 5659 γὰρ
3820 5593 3971 5645 Θεοῦ
