4214 6446
204 429 339 496 n97

1060 428 1156 487 DE
1198 419 1718 485 PROCESSIONE
1758 422 1823 485 S.
1867 423 2224 486 SPIRITUS
2262 422 2488 483 ORAT.
2536 422 2579 483 Ι.

3320 418 3457 484 1098

198 556 379 621 ἂγιον,
418 544 502 612 οτς
531 548 691 618 ὑμεΐς
740 546 816 609 ὡς
860 544 1077 613 ὁδηγοῖς
1115 542 1399 607 εὐσεϐείας
1427 540 1787 595 ἀκολουθοῦν-

1890 540 2149 597 cordibus
2201 542 2318 597 suis
2367 539 2508 593 rotas
2567 535 2982 594 circumierunt.
3037 534 3145 591 Nos
3185 546 3364 591 autem
3391 555 3459 593 ιιι

196 662 315 708 τες,
367 644 492 706 ταῖς
550 638 733 693 αὐτῶν
777 635 1150 697 διδασκαλίαις
1180 636 1271 687 καὶ
1325 638 1437 697 τοῖς
1474 634 1651 701 λόγοις
1685 634 1782 701 ιμ-

203 734 473 804 μένομεν.
498 730 562 783 Οῐ
591 728 645 781 δὲ
672 724 768 780 iit-iv
790 724 1030 791 θεολόγοι
1054 723 1219 776 πόθεν
1235 722 1332 775 οὐκ
1352 716 1469 775 οἶδα
1496 719 1781 799 μαθόντες,

201 830 425 886 πάντως
457 822 565 875 ἀπὸ
608 820 820 881 κοιλίας
853 817 1036 870 αὐτῶν
1085 816 1264 885 μάτην
1297 812 1455 883 ἡμῶν
1503 811 1782 881 καταψεύ-

200 919 406 976 δονται,
437 915 578 968 κατὰ
612 910 881 982 γραμμὴν
905 908 1123 961 εὐθεῖαν
1156 907 1486 967 πλάττοντες
1539 903 1779 957 νοεῖσθαι

202 1007 413 1077 ταύτην
446 1007 600 1075 ἡμῖν.
634 1003 697 1055 Οἳ
730 1002 822 1054 καὶ
852 999 1013 1069 δῆθεν
1042 1001 1154 1060 τοῖς
1177 997 1474 1066 ἡμετέροις
1506 992 1781 1048 ἐναντιού-

207 1115 387 1167 μενοι,
440 1094 770 1164 διαγράφειν
832 1093 1037 1162 ἑτέρως
1102 1087 1400 1156 πειρῶνται
1450 1085 1551 1156 τὴν
1585 1084 1784 1154 ἀπερί-

203 1207 455 1262 γραπτον
478 1206 490 1219 ’
523 1187 617 1240 καί
649 1202 782 1252 φασι
810 1185 953 1237 κατὰ
976 1181 1164 1250 σχῆμα
1185 1180 1440 1248 δεύτερον
1464 1179 1609 1247 ἔχειν
1642 1175 1781 1229 ταύ-

207 1299 313 1349 την
345 1283 378 1350 ἢ
416 1281 558 1334 κατὰ
591 1278 879 1347 τρίγωνον.
923 1274 1109 1325 Ἀλλοι
1146 1272 1203 1326 δὲ
1232 1271 1325 1325 καὶ
1356 1270 1591 1329 κύκλους
1633 1268 1784 1331 τινας

204 1374 633 1445 παρεισάγουσι,
663 1367 967 1439 συρφετούς
992 1382 1145 1428 τινας
1176 1364 1377 1426 πάντες
1408 1360 1627 1415 ἐννοιῶν
1649 1361 1784 1413 ἁπο-

206 1465 499 1525 πτύοντες,
520 1463 611 1525 οὒς
641 1463 757 1523 ταῖς
790 1458 1037 1527 καρδίαις
1068 1456 1250 1510 αὐτῶν
1276 1454 1663 1525 ἐπισυρόμενοι
1686 1468 1784 1505 πε-

208 1557 548 1626 ριφέρουσιν.
592 1555 786 1623 Ἡμεῖς
810 1552 866 1605 δὲ
900 1550 1069 1623 μηδὲν
1101 1550 1237 1603 ῐδιον
1261 1549 1445 1615 λέγειν
1478 1545 1785 1615 τολμῶντες

201 1651 349 1701 κατὰ
376 1648 475 1719 τὴν
509 1646 762 1712 θεολόγον
802 1648 1008 1714 φωνὴν,
1058 1642 1422 1711 Ἀμέριστος,
1481 1638 1682 1711 φαμὲν,
1715 1638 1787 1691 ἐν

194 1743 529 1812 μεριστοῖς,
558 1743 611 1794 ei
645 1738 741 1792 δεῖ
770 1742 1086 1805 συντόμως
1114 1735 1325 1798 εἰπεῖν,
1356 1735 1394 1802 ἠ
1422 1734 1654 1798 θεότης,
1685 1730 1786 1784 καὶ

200 1830 335 1888 οἶον
366 1834 435 1887 ἐν
480 1833 679 1899 ἠλίοις
731 1829 929 1897 τρισὶν
973 1825 1286 1896 ἐχομένοις
1331 1824 1627 1891 ἀλλήλων
1679 1822 1790 1892 μία

200 1926 310 1977 τοῦ
330 1925 529 1993 φωτὸς
559 1923 918 1991 σύγκρασις,
951 1921 1215 1985 ἀπείρων
1243 1933 1307 1970 τε
1335 1915 1513 1985 τριῶν
1539 1915 1786 1983 ἄπειρος

1894 634 2129 705 propriis
2156 634 2292 688 nihil
2317 631 2562 702 proferre
2603 631 2867 686 audentes
2925 629 3229 685 secundum
3280 625 3462 684 Theo-

1889 727 1998 797 logi
2063 741 2273 792 vocem,
2335 725 2600 788 lndiuisa,
2641 723 2897 785 dicimus,
2930 723 2983 776 in
3034 721 3187 776 rebus
3241 720 3461 784 divisis,

1889 818 1935 870 si
1964 815 2103 868 brevi
2134 831 2370 869 sermone
2410 814 2725 868 absolvenda
2766 828 2845 866 res
2868 822 2969 874 est,
3004 810 3209 877 Deitas,
3234 823 3285 865 et
3310 813 3464 883 quasi

1892 907 1945 959 in
1972 908 2136 960 tribus
2182 907 2381 961 solibus
2428 916 2610 960 mutuo
2669 905 3056 959 adhatrentibus
3097 921 3203 958 una
3246 904 3465 960 luminis

1890 1000 2089 1063 mistio,
2141 1010 2191 1053 et
2250 1000 2586 1069 inﬁnitarum
2635 1000 2795 1052 trium
2840 997 3052 1067 inﬁnita
3104 999 3326 1052 caucasio
3374 1014 3467 1069 per

1885 1090 2062 1143 omnia
2097 1099 2145 1143 et
2177 1104 2335 1157 super
2364 1089 2546 1143 omnia
2584 1104 2701 1143 uere
2729 1090 3051 1157 perueniens.
3095 1086 3466 1143 Nihilominus

1886 1180 2048 1236 etiam
2091 1180 2194 1235 hoc
2249 1180 2433 1246 modo,
2472 1189 2532 1233 ut
2575 1180 2752 1234 saneti
2784 1178 3150 1243 tradiderunt,
3196 1180 3468 1250 principio

1885 1273 2037 1328 dives
2063 1282 2168 1335 est,
2199 1282 2252 1326 et
2283 1272 2522 1325 medium
2553 1272 2745 1340 jactat,
2778 1280 2832 1326 et
2872 1272 3019 1339 quod
3050 1272 3175 1325 inde
3221 1273 3467 1342 sequitur

1886 1378 1993 1418 non
2028 1362 2256 1433 respuit,
2275 1364 2457 1417 omnia
2482 1362 2642 1416 modo
2668 1360 2876 1416 divino.
2907 1358 3037 1417 Post
3061 1360 3301 1416 Verbum
3337 1379 3467 1418 vero

1887 1454 2150 1525 Spiritum
2170 1463 2416 1509 sanctum
2441 1452 2689 1525 intelligi,
2714 1453 2865 1508 testis
2880 1462 2961 1507 est
2986 1467 3214 1524 magnus
3236 1453 3469 1507 Basilius

1888 1547 2136 1602 oratione
2160 1546 2213 1599 in
2238 1546 2461 1599 fratrem
2491 1542 2790 1614 Nyssenum
2817 1543 3140 1611 Gregorium
3166 1560 3180 1596 :
3210 1544 3468 1613 Spiritus,

1889 1642 2089 1712 inquit,
2120 1642 2257 1695 hanc
2291 1641 2553 1694 notionem
2585 1649 2636 1693 et
2690 1639 3035 1710 eognoscibile
3081 1641 3290 1710 signum
3324 1640 3468 1708 ejus,

1888 1747 2006 1801 quin
2049 1729 2334 1785 secundum
2377 1730 2705 1800 hypostasim
2755 1739 2857 1793 est,
2911 1729 3249 1796 proprietatis
3294 1728 3467 1792 habet,

1890 1840 1993 1894 quo
2030 1833 2145 1893 post
2175 1820 2401 1888 Filium,
2427 1831 2476 1876 et
2504 1838 2625 1875 cum
2661 1818 2805 1875 Filio
2840 1821 3000 1874 simul
3031 1830 3080 1875 et
3120 1823 3232 1890 ipse
3261 1838 3314 1877 se
3339 1822 3469 1892 facit

1894 1915 2202 1969 internosci.

199 2016 482 2084 συμφυΐα
502 2010 814 2081 πανταχοῦ
841 2010 940 2065 καί
964 2011 1114 2078 ὑπὲρ
1144 2011 1209 2062 τὸ
1232 2007 1356 2063 πᾶν
1385 2005 1463 2072 τῷ
1527 2006 1655 2061 ὄντι
1722 2005 2044 2075 διήκουσα.
2086 2007 2232 2077 ῐιλῆν
2300 2008 2398 2061 καὶ
2470 2006 2613 2061 οὕτω
2672 2004 2978 2060 πλουτοῦσα
3037 2006 3177 2061 κατά
3226 2005 3326 2079 τὴν
3359 2005 3468 2058 τῶν

200 2111 379 2178 ἀχέων
435 2107 730 2175 παράδοσιν
784 2103 883 2175 τὴν
954 2104 1149 2172 ἀρχὴν,
1209 2101 1272 2154 τό
1335 2116 1395 2153 τε
1461 2100 1624 2169 μέσον
1693 2099 1956 2170 αὐχοῦσα,
2009 2099 2101 2151 καὶ
2168 2098 2230 2150 τὸ
2270 2099 2415 2168 μετὰ
2485 2099 2643 2150 τοῦτο
2705 2097 2997 2168 δεχομένη,
3031 2097 3099 2149 τὰ
3129 2097 3305 2149 πάντα
3349 2097 3465 2149 θεο-

201 2200 458 2269 πρεπῶς.
489 2197 597 2250 Τοῦ
628 2197 684 2249 δὲ
724 2197 866 2265 μετὰ
893 2194 986 2245 τὸν
1013 2190 1260 2279 λόγοντὸ
1293 2189 1516 2259 Πνεῦμα
1541 2188 1779 2242 νοεῖσθαι
1818 2190 1881 2242 τὸ
1914 2188 2069 2255 ἆγιον
2134 2187 2345 2257 μάρτυς
2378 2190 2405 2239 ὁ
2473 2188 2646 2256 μέγας
2697 2186 2999 2248 Βασίλειος.
3030 2185 3090 2245 ὃς
3121 2188 3178 2239 tv
3207 2185 3286 2256 τῷ
3330 2187 3463 2256 πρὸς,

200 2296 297 2347 τὸν
336 2294 538 2344 οἱκείυν
583 2290 812 2357 ἀδελφὺν
844 2288 1144 2358 Γρηγόριον
1172 2278 1289 2338 τὸν
1344 2284 1566 2354 Νύσσης
1598 2286 1762 2354 λόγῳ,
1810 2284 1880 2337 Τὸ
1948 2282 2213 2352 Πνεῦμα,
2259 2283 2413 2351 φησὶ,
2460 2282 2526 2335 τὸ
2560 2279 2958 2350 γνωριστικόν
3005 2278 3116 2349 τῆς
3148 2280 3298 2335 κατὰ
3353 2283 3469 2349 τὴν

201 2388 552 2442 ὑπόστασιν
584 2380 877 2445 ἰδιότητος
901 2377 1155 2447 σημεῖον
1183 2378 1307 2446 ἔχει
1352 2377 1420 2431 τὸ
1467 2378 1619 2447 μετὰ
1670 2376 1778 2429 τὸν
1814 2375 1951 2429 Υιὸν
1980 2375 2078 2429 καί
2113 2375 2235 2429 σὺν
2264 2375 2427 2441 αὑτῷ
2455 2373 2861 2445 γνωρίζεσθαι.

278 2477 383 2547 λβ’.
418 2477 639 2528 Ίόἱτων
684 2474 860 2538 οὕτως
912 2475 1147 2544 ἐχόντων
1195 2476 1292 2526 οὐκ
1324 2474 1506 2542 ἀγνοῶ
1537 2490 1599 2541 γε
1639 2473 1779 2540 τάχα

1958 2470 2048 2526 32.
2095 2471 2217 2526 llaec
2269 2472 2343 2526 ita
2393 2486 2451 2526 se
2505 2471 2728 2536 habent,
2777 2481 2961 2541 etego
3006 2486 3129 2542 qua:
3194 2474 3467 2543 pradit-tis

209 2571 308 2625 κ;ὶ
352 2571 424 2623 τὰ
470 2566 730 2621 δοκοῦντα
762 2568 873 2630 τοῖς
926 2565 1019 2619 νῦν
1070 2564 1282 2636 ῥηθεῖσι
1339 2563 1780 2633 προσίστασθαιο

205 2663 401 2730 διόπερ
434 2658 620 2711 ὲνῡάδε
649 2660 877 2710 κάκεῖνα
933 2658 1153 2729 προθεὶς
1205 2657 1307 2726 τὴν
1357 2654 1785 2709 ἀνακύπτουσαν

211 2754 275 2819 ἐξ
312 2751 496 2806 αὐτῶν
551 2748 884 2817 ἀμφιϐολῑαν
936 2748 1010 2808 ὼς
1060 2741 1172 2801 οἷόν
1229 2764 1288 2800 τε
1318 2745 1568 2800 διαλῦσαι
1597 2744 1788 2815 πειρά-

210 2862 405 2912 σομαι,
441 2845 539 2912 τῆς
572 2840 833 2909 ἀληθείας
888 2838 1030 2891 κατὰ
1061 2838 1291 2908 δύναμιν
1346 2837 1785 2905 ἁντιποιησάμεο

1889 2566 2173 2620 adversari
2227 2566 2483 2619 videntur
2533 2564 2694 2635 plane
2740 2580 3016 2635 cognosco
3071 2585 3085 2621 :
3134 2578 3467 2638 quapropter

1888 2658 1997 2713 illis
2049 2658 2138 2713 hic
2168 2660 2388 2729 positis,
2427 2674 2546 2729 quae
2591 2674 2656 2715 ex
2693 2661 2830 2730 ipsis
2887 2660 3051 2715 dubia
3102 2662 3374 2728 oriuntur,
3410 2674 3468 2719 ut

1885 2751 2032 2806 vires
2085 2751 2418 2817 concedunt,
2463 2752 2765 2808 dissolvere
2824 2753 3093 2817 conabor,
3134 2754 3378 2821 veritati,
3410 2766 3469 2812 ut
3533 2776 3549 2797 ι

1888 2842 2003 2897 ﬁeri
2048 2853 2244 2913 potest,
2303 2842 2550 2899 innixus.
2604 2844 2840 2899 Sanetus
2892 2844 3036 2898 enim
3069 2844 3230 2899 Pater
3279 2857 3467 2902 noster
3541 2877 3546 2882 -

207 2954 321 2997 νος.
360 2933 420 2986 Ὀ
449 2933 547 3003 μὲν
580 2933 691 3001 γὰρ
721 2933 777 2983 ὲν
809 2931 982 2999 ἁγίοις
1024 2931 1212 3000 Πατὴρ
1265 2928 1424 2999 ἡμῶν
1469 2927 1787 2990 Ἀθανὰσιος

1886 2934 2225 2989 Athanasius
2257 2934 2310 2989 iu
2362 2943 2558 2991 octavo
2598 2935 2995 3004 quinquaginta
3031 2935 3297 3005 capitum,
3327 2953 3469 3007 quo-

208 3028 271 3079 ὲν
319 3026 493 3094 ὀγδόῳ
526 3025 634 3077 τῶν
665 3025 1000 3092 πεντήκοντα
1032 3021 1365 3089 κεφαλαίων,
1396 3013 1471 3073 ὧν
1499 3024 1598 3088 τὴν
1628 3018 1786 3072 ἐκθε-

211 3136 295 3172 σιν
327 3122 393 3171 ὲκ
429 3116 748 3187 μαρτυριῶν
804 3115 1106 3184 ἐποιήσατο
1136 3111 1447 3182 γραφικῶν,
1506 3110 1600 3164 ἐπὶ
1653 3111 1787 3164 πᾶσι

205 3215 279 3263 τὰ
312 3210 454 3262 αὐτὰ
501 3209 786 3276 προσεῖναι
842 3205 921 3273 τῷ
976 3205 1152 3274 Πατρὶ
1204 3206 1296 3256 καὶ
1336 3202 1412 3274 τῷ
1442 3202 1584 3273 ἁγίῳ
1617 3197 1784 3256 Πνεῦ·

212 3317 347 3371 ματι
383 3298 759 3370 παραστῆσαι,
793 3298 890 3350 καὶ
925 3295 1020 3349 τοῦ
1056 3295 1377 3363 Πνεύματος
1414 3295 1476 3346 τὸ
1510 3294 1785 3364 καθῆσθαι

207 3392 499 3456 τεικνύων,
531 3391 721 3459 ὥσπερ
752 3387 966 3442 καὶτοῦ
998 3388 1210 3459 Πατρὺς
1242 3390 1335 3439 καὶ
1370 3385 1463 3439 τοῦ
1502 3384 1655 3449 rios,
1710 3386 1786 3456 μὴ

213 3488 381 3552 μόνον
409 3484 464 3538 δὲ
492 3484 629 3537 ἀλλὰ
664 3482 758 3535 καὶ
782 3482 844 3533 τὸ
876 3480 1279 3549 συγκαθῆσθαι,
1306 3481 1430 3533 τάδε
1479 3481 1612 3549 πρὶς
1660 3480 1789 3542 ἔπος

208 3578 594 3644 διαλαμϐάνων
618 3575 751 3644 φησί
775 3591 789 3606 ·
836 3573 943 3628 ποῦ
986 3573 1215 3640 Πατρός
1248 3572 1354 3626 τοῦ
1384 3571 1608 3640 Κινέου
1640 3572 1790 3639 πρὸς

209 3670 316 3723 τὸν
333 3669 619 3734 Ἰωάννην
640 3667 945 3735 λέγοντος,
963 3666 1090 3733 Ἐφ’
1115 3665 1186 3717 ὃν
1210 3664 1285 3718 ἂν
1299 3665 1450 3731 ἴδοις
1468 3665 1534 3717 τὸ
1551 3665 1789 3731 Πνεῦμα

210 3758 577 3813 καταϐαῖνον
604 3759 701 3811 καὶ
726 3759 918 3828 μένον
943 3759 1011 3810 ἐν
1043 3758 1225 3822 αὐτῷ,
1263 3761 1295 3810 ό
1343 3758 1557 3825 Κύριος
1583 3753 1752 3811 εἶπεν
1772 3770 1786 3788 ⁸

211 3856 281 3907 Ei
310 3853 379 3905 δὲ
408 3856 440 3905 ό
476 3854 677 3918 Πατὴρ
790 3852 860 3904 ἐν
889 3850 1019 3920 ἐμοὶ
1057 3852 1261 3921 μένων
1292 3824 1475 3917 αὐτὸς
1524 3852 1682 3904 ποιεῖ
1719 3852 1791 3906 τὰ
1818 3824 1859 3882 C

212 3947 377 4015 ἔργα.
409 3944 557 3998 Εἰπὲ
584 3941 698 3999 οὖν
745 3945 893 3997 κατὰ
950 3945 1056 4009 τὰς
1104 3945 1459 4013 μαρτυρίας,
1496 3946 1529 3997 ό
1588 3942 1791 4011 Πατὴρ

214 4036 313 4088 καί
351 4038 417 4089 τὸ
442 4036 686 4103 Πνεῦμα
711 4035 1007 4103 μένουσιν
1033 4035 1104 4086 ἐν
1138 4034 1216 4099 τῷ
1250 4032 1357 4098 Υἱῴ
1391 4033 1429 4101 ἢ
1461 4033 1569 4097 ob;
1609 4032 1789 4099 Φησὶ,

213 4127 550 4182 Μένουσιν.
591 4129 657 4178 Ei
689 4121 804 4180 οὖν
830 4126 899 4178 ὲν
927 4123 1007 4188 τῷ
1042 4124 1168 4188 Υἱῷ,
1200 4125 1497 4192 μένουσιν
1527 4127 1557 4177 ό
1590 4123 1793 4191 Πατὴρ

214 4221 312 4272 καὶ
350 4220 418 4270 τὸ
465 4218 728 4284 Πνεῦμα,
780 4217 888 4271 τοῦ
956 4219 1094 4269 Υἰοῦ
1131 4217 1519 4280 καθίσαντος,
1555 4216 1790 4283 ἀνάγκη

214 4307 837 4375 πᾶσαλσυγ-καθῆσθαι
882 4306 1169 4369 αὐτῷκαὶ
1214 4306 1355 4370 τοὺς
1395 4307 1691 4373 μένοντας
1722 4306 1793 4360 ἐν

214 4399 396 4463 αὐτῷ.
434 4400 549 4453 Καὶ
593 4401 708 4468 μετ’
739 4400 895 4466 ὀλίγα
920 4415 932 4429 ο
969 4396 1057 4461 Τῷ
1084 4398 1200 4465 μὲν
1231 4396 1341 4461 Υίῲ
1369 4397 1548 4465 ἴσμεν
1579 4398 1793 4465 ἀφωρι-

214 4496 452 4562 σμένην
473 4492 706 4545 dictetur
723 4492 790 4544 ἐκ
821 4488 1035 4553 δεξιῶν
1056 4488 1156 4541 τοῦ
1188 4487 1433 4554 Πατρὲς,
1459 4487 1659 4553 ὥσπερ
1681 4484 1794 4544 οὖν

217 4585 370 4651 πρὸς
405 4586 512 4636 τὸν
560 4581 779 4635 ἑαυτοῦ
828 4582 964 4633 Υίόν
1008 4575 1158 4640 εἶπε,
1192 4597 1210 4629 ι
1244 4579 1441 4632 Κάθου
1472 4576 1539 4630 ἐκ
1582 4577 1794 4640 δεξιῶν

219 4694 357 4746 μου·
385 4694 403 4727 ι
423 4677 489 4729 ἐκ
526 4674 594 4727 δὲ
617 4674 723 4727 τοῦ
746 4674 987 4726 καθίσαι
1009 4674 1073 4724 ἐκ
1096 4668 1310 4731 δεξιῶν
1340 4671 1443 4723 τὸν
1470 4670 1602 4723 Υἰὸν
1624 4670 1795 4724 ἔστιν

214 4767 536 4831 ἐπινοῆσαι
569 4766 599 4817 ὃ
632 4764 757 4816 κατ’
788 4762 1120 4830 ἐπιτροπὴν
1149 4758 1280 4814 εἶπε
1322 4762 1415 4814 καί
1464 4762 1541 4826 τῷ
1575 4762 1793 4817 ἐαυιοῦ

215 4861 544 4928 Πνεύματι.
566 4856 765 4910 Κάθου
788 4853 857 4918 ἐξ
878 4855 1199 4922 εὐωνύμων
1218 4872 1336 4922 μου
1356 4870 1369 4884 ·
1392 4853 1495 4907 τοῦ
1530 4853 1597 4905 δὲ
1617 4858 1794 4923 καθη-

212 4950 404 5020 μένου
426 4951 465 5017 ἠ
490 4944 1203 5016 προσηγορίᾱάξιὼματός
1218 4945 1347 4998 ἐστι
1362 4946 1655 5014 σημασία.
1686 4945 1795 4999 Καὶ

216 5043 396 5097 ταῦτα
431 5041 586 5112 μὲνιὸ
619 5040 898 5101 θειότατος
939 5038 1254 5100 Ἀθανάσιος
1284 5040 1342 5090 tv
1377 5032 1457 5099 οἷς
1494 5039 1559 5091 ὲκ
1604 5038 1795 5103 δεξιῶν

1889 3038 2009 3078 rum
2062 3027 2461 3096 expositionem
2513 3041 2577 3081 ex
2622 3026 2828 3096 scripto
2871 3026 3089 3081 traditis
3135 3029 3467 3085 testimoniis
3534 3088 3537 3091 _

1890 3131 2178 3187 aggressus
2216 3127 2321 3181 est,
2359 3118 2412 3172 in
2466 3109 2721 3172 oi'r'inihus
2755 3117 2944 3171 eadem
2997 3118 3176 3174 inesse
3218 3119 3363 3174 Patri
3414 3132 3469 3174 et

1890 3208 2029 3264 Filio
2060 3219 2113 3265 et
2143 3210 2370 3280 Spiritui
2414 3222 2606 3263 saneto
2640 3209 2870 3278 probare
2905 3208 3117 3275 volens,
3147 3220 3199 3265 et
3226 3209 3467 3281 Spiritus

1890 3302 2189 3358 sessionem
2238 3317 2385 3369 esse,
2414 3302 2879 3370 quemadmodum
2934 3312 2986 3356 et
3036 3302 3213 3379 Patris
3244 3314 3297 3358 et
3346 3303 3465 3357 Filii

1891 3394 2291 3457 demonstrans,
2319 3407 2418 3448 nec
2447 3393 2624 3448 Solum
2647 3392 2720 3456 id,
2742 3393 2836 3447 sed
2862 3396 3025 3446 etiam
3053 3393 3215 3472 simul
3254 3396 3465 3460 sedere,

1892 3486 2006 3538 haec
2033 3486 2098 3539 ad
2133 3486 2358 3539 verbum
2392 3486 2571 3554 inquit
2610 3503 2623 3539 :
2664 3483 2825 3539 Patre
2862 3464 3170 3540 Domini‘ad
3202 3485 3465 3540 Joannem

1891 3577 2128 3630 dicente:
2162 3576 2327 3643 Super
2357 3592 2508 3645 quem
2540 3578 2732 3630 videris
2768 3576 3025 3645 Spiritum
3047 3578 3464 3643 descendentem,

1891 3677 1939 3721 et
1970 3678 2262 3721 manentem
2293 3671 2346 3721 in
2374 3668 2489 3733 illo,
2521 3667 2772 3722 Dominus
2806 3669 2943 3722 dixit
2969 3685 2986 3721 :
3010 3667 3067 3723 Si
3097 3667 3262 3723 Pater
3290 3671 3380 3741 qui
3412 3674 3464 3724 in

1894 3772 1973 3809 me
2010 3765 2208 3821 manet,
2260 3758 2369 3825 ipse
2409 3758 2537 3827 facit
2585 3772 2765 3823 opera.
2810 3757 3110 3811 Secundum
3152 3759 3328 3828 itaque
3357 3761 3467 3812 lia'c

1895 3849 2194 3903 testimonia
2222 3851 2403 3913 dicito,
2442 3847 2602 3903 Pater
2628 3858 2673 3902 et
2707 3848 2935 3915 Spiritus
2963 3860 3172 3904 manent
3207 3851 3261 3903 in
3296 3848 3467 3915 Filio,

1894 3940 1973 3994 vel
1990 3956 2092 3993 non
2110 3941 2245 4007 L’Ait,
2273 3939 2509 3995 Manent.
2533 3939 2591 3995 Si
2613 3942 2791 4010 itaque
2818 3943 2873 3994 in
2898 3940 3040 3995 Filio
3068 3951 3276 3996 manent
3308 3941 3469 3997 Pater

1893 4041 1941 4084 et
1971 4030 2224 4100 Spiritus,
2273 4050 2392 4086 cum
2420 4034 2607 4086 sederit
2643 4032 2811 4086 Filius
2860 4034 3153 4087 necessario
3207 4044 3252 4087 et
3283 4035 3363 4087 illi
3396 4035 3471 4087 sic

1894 4124 2008 4176 mul
2044 4123 2318 4188 sedebunt,
2379 4126 2467 4192 qui
2504 4137 2713 4177 manent
2754 4126 2807 4178 in
2836 4142 2917 4179 eo.
2970 4126 3039 4179 Et
3081 4136 3203 4195 post
3245 4141 3414 4195 pauca
3450 4147 3464 4182 :

1894 4214 2027 4269 Filio
2050 4216 2244 4268 scimus
2278 4217 2643 4285 pratscriplum
2696 4232 2803 4269 esse
2844 4215 3016 4270 locum
3070 4234 3099 4269 ιι
3124 4218 3324 4272 dextris
3357 4206 3467 4273 Pa.-

1896 4309 2015 4363 tris.
2044 4308 2496 4373 Quemadmodum
2548 4310 2683 4361 enim
2719 4307 2788 4361 ad
2835 4325 2989 4362 suum
3040 4307 3242 4363 Filium
3284 4312 3420 4364 dixit
3448 4328 3466 4365 :

1902 4420 1921 4453 ι
1959 4402 2093 4458 Sede
2126 4421 2156 4456 a
2181 4403 2382 4457 dextris
2422 4405 2546 4457 meis
2566 4406 2631 4456 '0.
2687 4422 2704 4454 ι
2738 4402 2870 4456 Cum
2903 4420 3018 4457 vero
3049 4405 3242 4459 sederit
3288 4425 3319 4460 a
3344 4407 3471 4460 dea:-

1900 4495 1995 4547 tris
2032 4492 2231 4557 Filius,
2265 4495 2424 4547 datur
2451 4496 2591 4548 nobis
2623 4494 2869 4564 intelligi,
2903 4495 3242 4550 mandantem
3262 4498 3463 4554 dixisse

1894 4596 1943 4641 et
1967 4603 2064 4641 suo
2084 4587 2312 4654 Spiritui
2335 4605 2352 4641 :
2373 4588 2506 4642 Sede
2538 4605 2569 4640 a
2591 4589 2823 4643 sinistris
2853 4589 3017 4642 meis:
3041 4589 3267 4643 sedentis
3293 4601 3469 4646 autem

1897 4678 2182 4746 appellatio
2217 4678 2498 4748 dignitatis
2530 4691 2605 4731 est
2657 4679 2888 4747 signum.
2942 4676 3003 4732 Et
3032 4679 3149 4733 haee.
3189 4681 3470 4737 divinissi-

1898 4783 2018 4822 mus
2047 4769 2377 4822 Athanasius
2401 4782 2524 4820 cum
2554 4778 2779 4832 asserat,
2798 4766 2995 4823 Filium
3015 4786 3043 4822 a
3067 4768 3275 4825 dextris
3291 4769 3471 4826 Patris

1897 4860 2128 4927 sedisse,
2152 4867 2207 4914 et
2251 4860 2398 4915 sedis
2438 4875 2466 4914 a
2505 4859 2745 4915 sinistris
2772 4869 2992 4931 prapler
3030 4859 3293 4931 Spiritum
3320 4880 3470 4920 men-

1898 4953 2098 5005 tionem
2134 4952 2377 5016 inducat,
2432 4952 2648 5007 videtur
2676 4951 3077 5021 quodammodo
3100 4954 3316 5010 Patrem
3351 4973 3470 5010 me-

1896 5042 2047 5096 dium
2077 5043 2215 5096 inter
2247 5040 2441 5095 Filium
2473 5052 2528 5097 et
2560 5041 2823 5111 Spiritum
2864 5054 3111 5097 sanctum
3144 5044 3468 5099 decrevisse.

219 5136 495 5207 καθῆσθαι
543 5134 641 5187 τοῦ
690 5133 907 5203 Πατρὸς
943 5132 1034 5185 τὸν
1078 5132 1204 5184 Υἱόν
1260 5131 1520 5201 εἰρηκὼς,
1552 5133 1647 5185 καὶ
1694 5131 1793 5202 τῆς

1900 5133 1967 5187 Ει
1995 5133 2084 5200 qui
2121 5133 2174 5187 in
2208 5133 2478 5203 theologia
2506 5133 2804 5202 praecelluit
2827 5132 3118 5202 Gregorius
3149 5136 3393 5189 oratione
3419 5138 3471 5189 in

219 5233 283 5297 ἐξ
310 5227 611 5299 εὐωνύμων
640 5227 697 5279 δὲ
728 5226 998 5295 καθέδρας
1038 5224 1128 5277 διὰ
1183 5224 1243 5277 τὸ
1274 5224 1499 5295 Πνεῦμα
1532 5224 1794 5295 μνησθεὶς

217 5318 471 5373 ὁπωσοῦν
494 5320 640 5369 ἔοικε
669 5317 761 5373 τὸν
790 5315 1005 5384 Πατέρα
1046 5316 1212 5383 μέσον
1246 5309 1384 5366 εἶναι
1417 5314 1620 5367 τούτων
1650 5315 1790 5367 ἀπο-

223 5412 563 5483 φηνάμενος.
606 5410 667 5461 '0
697 5408 744 5461 δ’
778 5410 834 5460 ὲν
866 5406 1119 5476 θεολογὶα
1144 5406 1459 5476 διαλάμψας
1493 5406 1795 5477 Γρηγόριος

223 5505 284 5557 ἐν
309 5504 409 5572 μὲν
434 5501 514 5573 τῷ
542 5502 686 5570 λόγῳ
713 5500 791 5571 τῷ
821 5501 902 5563 εἰς
935 5501 1034 5568 τὴν
1069 5498 1176 5551 τῶν
1216 5504 1290 5566 ρν⁹
1313 5499 1629 5551 ἐπισκόπων
1654 5514 1796 5568 παρ-

223 5595 417 5649 ουσίαν
462 5593 688 5646 τοιαῦτα
750 5593 891 5644 κατὰ
946 5592 1095 5661 ῥῆμα
1155 5589 1430 5653 διέξεισιν·
1494 5592 1679 5658 φύσις
1728 5591 1797 5644 δὲ

223 5686 350 5752 τοῖς
399 5684 558 5753 τρισὶ
599 5684 734 5749 μία·
783 5682 995 5746 ἓνωσις
1036 5682 1105 5734 δὲ
1139 5685 1169 5734 ό
1217 5680 1443 5748 Πατὴρ,
1474 5680 1542 5745 ἐξ
1596 5678 1667 5738 οὗ
1698 5684 1797 5737 καὶ

302 5844 349 5872 ²⁰
372 5839 519 5895 Ρδίιέ.
548 5853 659 5901 Ctx,
692 5839 742 5891 Ι.

552 5934 823 5990 ΡΑτιιοι.
864 5931 903 5989 G
919 5949 978 5989 ιι.
1019 5927 1223 5989 CXLI.

1904 5225 2007 5280 150
2022 5226 2402 5295 episcoporum
2438 5227 2731 5281 adventum
2760 5226 3033 5296 ipsissitna
3064 5226 3231 5283 verba
3272 5229 3469 5282 habet:

1907 5315 2122 5370 Natura
2142 5328 2317 5371 autem
2339 5318 2505 5371 tribus
2528 5334 2668 5372 una:
2691 5319 2815 5371 unio
2841 5334 2964 5374 vero
2996 5318 3181 5383 Pater,
3199 5334 3263 5372 ea:
3297 5335 3398 5389 quo
3422 5330 3471 5372 et

1902 5406 1971 5459 ad
2026 5423 2179 5476 quem
2241 5407 2561 5475 referuntur,
2618 5424 2735 5478 qua
2787 5406 3193 5477 subsequuntur.
3239 5407 3473 5463 Medium

1901 5507 1954 5553 et
1986 5500 2100 5570 ipse
2154 5497 2370 5553 Patrem
2437 5500 2650 5554 videtur
2714 5500 3117 5566 quodammodo
3184 5500 3472 5555 collocare.

1904 5590 2101 5644 Eorum
2131 5590 2277 5645 enim
2324 5605 2445 5661 qua
2492 5592 2753 5645 uniuutur
2785 5591 3019 5645 medium
3052 5591 3302 5661 estquod
3335 5593 3476 5657 unit,

1902 5693 1956 5739 et
1988 5682 2136 5738 unio.
2174 5682 2242 5737 Et
2271 5683 2324 5739 in
2354 5683 2707 5740 antirrhetico
2745 5682 2815 5740 de
2870 5681 3074 5754 Spiritu
3109 5693 3321 5749 sancto,
3352 5684 3475 5755 Spi-

2990 5931 3064 5993 35
