4206 6452
729 362 857 428 1151

1748 371 2257 435 CONSTANTINI
2304 369 2851 431 ΜΕΙᾸἹῈΝΙΟΤΕ

3857 368 4001 435 Πδῖ

726 477 953 529 tissime.
1005 475 1067 528 Et
1098 487 1354 532 sexcenta
1390 479 1496 532 alia
1530 480 1786 535 similiter
1811 483 2137 550 conspictct,
2170 482 2296 552 qui-

2427 494 2485 540 rte
2520 477 2611 543 ἂν,
2643 493 2742 540 τας
2777 476 2889 530 τῶν
2917 476 3091 544 ἁγίων
3123 477 3401 548 ἐπιμελῶς
3432 478 3705 545 ἀνελίξεις,
3739 481 3891 550 ίερὶς
3919 481 3996 549 βί-

727 582 945 634 (ῚΙΙΙιμΙΘ
977 568 1264 634 diligenter
1291 580 1605 624 sanctorum
1657 586 1849 628 sacros
1877 573 2048 627 libros
2084 573 2316 628 revolvit

725 666 778 709 et
817 657 1106 725 percurrit,
1159 673 1283 728 quae
1326 662 1509 714 omnia
1552 661 1719 716 Deum
1755 659 1994 718 Verbum
2028 671 2084 717 et
2121 662 2315 718 Domi-

727 767 859 803 num
913 752 1214 805 secundum
1267 755 1564 807 essentiam
1609 770 1705 823 per
1755 770 1975 826 semper
2032 756 2312 828 Virginem

729 838 831 892 Mai
849 840 953 892 iam
968 843 1234 910 genitum,
1256 843 1530 896 hominem
1565 843 1808 897 induisse
1827 859 1891 898 ex
1915 845 2104 899 eadem
2133 855 2317 914 aperte

731 931 1065 999 significant.
1115 931 1218 985 l’er
1264 933 1438 1000 ipsam
1475 948 1599 987 vere
1630 933 1723 989 Dei
1776 931 2017 989 Verbum
2053 935 2309 988 naturali-

728 1030 810 1074 ter
865 1020 1168 1075 secundum
1227 1037 1451 1083 carnem
1511 1025 1754 1094 genitum
1801 1039 1948 1092 esse,
2012 1040 2206 1079 rursus
2263 1025 2315 1078 lii

733 1113 895 1166 iidem
930 1112 1060 1175 illis,
1094 1129 1219 1181 qua:
1251 1115 1305 1167 in
1329 1115 1454 1169 aliis
1491 1117 1607 1170 suis
1637 1117 2051 1172 commentariis
2078 1117 2316 1184 scripse-

733 1211 882 1265 runt,
924 1204 1332 1273 signiﬁeabunt.
1393 1204 1506 1259 Sed
1561 1217 1686 1259 ante
1737 1221 1930 1262 omnes
1988 1207 2320 1276 signiﬁcabit

735 1297 1052 1364 expressius
1081 1297 1193 1350 bare
1226 1298 1416 1352 eadem
1447 1297 1750 1367 explanatis
1780 1314 2012 1370 magnus
2053 1299 2316 1355 Basilius.

738 1385 886 1439 Inter
911 1402 1007 1442 eos
1037 1388 1309 1458 siquidem
1347 1389 1569 1444 divinus
1598 1405 1662 1445 ac
1695 1393 2034 1446 venerandus
2077 1391 2316 1462 Cyrillus

739 1479 792 1531 in
841 1479 1004 1546 paulo
1054 1488 1182 1533 ante
1219 1482 1437 1536 laudata
1490 1484 1723 1552 epistola
1755 1485 1820 1537 ad
1853 1484 2163 1538 Nestorium
2205 1485 2318 1538 haec

739 1570 905 1625 liabet
931 1588 944 1626 :
981 1569 1083 1627 Sed
1110 1572 1247 1642 forte
1279 1574 1436 1638 illud,
1460 1591 1490 1628 ο
1528 1574 1799 1639 Nestorie,
1827 1578 1966 1629 dices
1992 1593 2011 1629 :
2044 1575 2219 1631 Dicito
2246 1593 2321 1631 er-

738 1680 802 1732 go
861 1665 1012 1728 mihi,
1052 1666 1346 1720 divinitatis
1389 1678 1559 1722 mater
1600 1669 1813 1737 factane
1858 1679 1938 1724 est
1989 1668 2195 1739 Virgo."
2237 1670 2319 1724 Ad

742 1759 838 1807 hoc
871 1755 1123 1824 dicimus,
1167 1759 1222 1811 in
1258 1759 1496 1827 confesso
1540 1777 1653 1814 esse.
1690 1763 1919 1831 genitum
1947 1777 2057 1816 esse
2085 1777 2150 1815 ea:
2203 1763 2320 1830 ipsa

2417 568 2576 626 δλονς
2611 569 2708 622 καὶ
2744 566 3038 632 ἀναγνοὺς,
3073 568 3236 623 ἅτινα
3269 570 3443 624 πάντα
3471 570 3569 638 τὴν
3604 572 3880 634 ούσιωδῶς
3912 573 4004 626 διὰ

2415 659 2517 728 τῆς
2554 660 2927 728 ἁειπαροένου
2962 661 3183 730 Μαρίας
3216 661 3276 713 ἑν
3322 660 3538 730 σώματι
3572 663 3836 731 τεχθέντα
3865 663 4006 716 Θεὸν

2417 750 2590 818 Λόγον
2612 751 2706 802 καὶ
2735 750 2961 819 Κύριον,
2993 749 3183 804 τοῦτον
3216 752 3614 805 ἐπενδύσασθαι
3646 753 4003 823 διατρανοῦσι

2416 845 2477 896 τδ
2507 844 2853 914 ἀνθρώπινον
2876 843 2935 907 ἐξ
2968 843 3163 913 αὐτῆς.
3197 843 3320 896 Ὀτι
3349 843 3404 896 δὲ
3439 845 3528 897 διὰ
3567 844 3772 914 ταύτης
3821 847 3850 898 ὁ
3905 845 4004 900 tot":

2416 934 2554 989 Θεοῦ
2591 935 2763 1002 Λόγος
2799 935 3043 1003 φυσικῶς
3068 935 3206 987 κατὰ
3231 936 3410 1003 σάρκα
3440 936 3792 1006 γεγέννηται,
3821 937 3999 1006 δηλώ-

2422 1041 2578 1078 σουσι
2620 1025 2718 1094 μὲν
2774 1025 2868 1078 καὶ
2923 1025 3088 1078 πάλιν
3146 1027 3206 1091 ἐξ
3255 1020 3331 1078 ὧν
3365 1027 3672 1095 γράφοντες
3709 1030 3766 1079 ὲν
3814 1027 3995 1088 ἄλλοις

2419 1114 2787 1184 ὲθεολόγησαν
2815 1117 2871 1168 οί
2903 1116 3058 1169 αύτοί
3084 1132 3098 1146 ο
3132 1116 3365 1187 δηλώσει
3403 1118 3458 1170 δὲ
3487 1119 3740 1186 κρεῖττον
3767 1117 4000 1186 ἐξηγού-

2424 1229 2585 1282 μενος
2620 1214 2690 1265 τὰ
2719 1213 2849 1282 περὶ
2883 1211 3074 1264 τούτου
3101 1211 3370 1279 λαμπρῶς
3418 1212 3446 1262 ὁ
3493 1213 3663 1278 μέγας
3698 1210 3999 1273 Βασίλειος,

2429 1303 2687 1356 Ἐκείνων
2722 1305 2830 1372 γὰρ
2862 1305 2890 1355 ὁ
2925 1302 3024 1372 μὲν
3066 1301 3250 1364 ἔνθεος
3292 1301 3386 1352 καὶ
3415 1299 3608 1361 σεπτὸς
3637 1299 3902 1364 Κύριλλος
3945 1303 4002 1350 ἐν

2418 1396 2486 1464 τῇ
2529 1393 2728 1462 μικρὸν
2753 1391 2961 1446 ἄνωθεν
2989 1384 3351 1461 διαληςθείσῂ
3379 1391 3514 1461 πρὸς
3546 1390 3847 1459 Νεστόριον
3877 1391 3998 1443 ἐπι-

2423 1481 2583 1551 στολῇ
2617 1483 2741 1534 τάδε
2775 1485 2941 1552 φησίν
2961 1499 2972 1509 ·
3025 1483 3178 1535 Ἀλλ’
3217 1483 3367 1546 Ῐσως
3389 1481 3587 1534 έκεῖνο
3629 1481 3806 1547 ἐρεῖς,
3834 1475 3879 1533 ὦ
3905 1481 4005 1531 Νε-

2420 1574 2652 1641 στόριε·
2679 1569 2801 1641 Ἆρ’
2830 1569 2961 1636 οὖν,
2993 1573 3124 1627 εἰπέ
3150 1591 3270 1642 μοι,
3299 1575 3587 1639 Θεότητος
3611 1573 3812 1641 μήτηρ
3836 1571 4004 1638 γέγο-

2420 1681 2534 1718 νεν
2560 1664 2598 1731 ἠ
2627 1664 3102 1733 Παρθένος;Κα)
3131 1666 3283 1732 πρός
3327 1680 3394 1732 γε
3433 1664 3611 1716 τοῦτό
3649 1681 3870 1732 φαμεν,
3919 1662 4005 1714 ὅτι

2420 1757 2774 1823 γεγέννηται
2816 1757 2933 1824 μὲν
2973 1754 3474 1824 ὁμολογουμένως
3525 1757 3593 1819 ἐξ
3661 1753 3858 1821 αὐτῆς
3901 1753 4007 1819 τῆς

737 1848 964 1900 essentia
1023 1844 1118 1901 Dei
1157 1859 1204 1902 et
1260 1849 1466 1912 Patris.
1516 1853 1688 1905 vivens
1744 1853 2134 1923 subsistensque
2175 1851 2319 1905 illius

2427 1847 2640 1911 οὐσίας
2670 1847 2777 1900 τοῦ
2806 1846 2956 1900 Θευῦ
2989 1847 3089 1899 καί
3141 1848 3369 1912 Πατρός
3411 1844 3526 1907 ζῶν
3559 1863 3624 1899 τε
3653 1847 3752 1900 καὶ
3789 1848 4010 1900 srmo.

753 1937 1012 2002 Verbum;
1043 1943 1322 2008 postremis
1346 1959 1466 1997 vero
1500 1944 1681 1997 seculi
1712 1946 2029 2012 temporibus
2062 1961 2176 1998 cum
2197 1961 2320 1997 caro

740 2030 935 2098 factum
969 2033 1056 2094 sit,
1093 2032 1190 2085 hoc
1217 2043 1294 2086 est
1329 2037 1477 2087 carni
1510 2035 1748 2088 animam
1774 2037 1998 2089 rationis
2029 2047 2320 2102 compotem

740 2120 955 2174 habenti
985 2124 1324 2190 coniunctum
1357 2137 1456 2190 est,
1483 2137 1668 2180 natum
1696 2143 1815 2181 esse
1844 2128 2040 2180 dicitur
2065 2143 2131 2182 ea:
2164 2144 2322 2182 carne

739 2224 834 2278 per
864 2211 1161 2266 mulierem.
1210 2213 1276 2267 Et
1309 2214 1500 2282 paucis
1531 2219 1764 2271 annexis
1797 2235 1809 2272 :
1847 2217 2074 2282 Quando
2107 2234 2319 2269 carnem

739 2319 1035 2368 assumens,
1095 2306 1282 2374 [uitet
1333 2305 1506 2360 Filius
1541 2308 1790 2373 hominis,
1845 2310 2198 2362 necessarium
2243 2320 2320 2364 est

735 2396 997 2465 proﬁteri,
1045 2414 1166 2452 eum
1225 2413 1413 2453 natum
1463 2416 1575 2454 esse
1635 2403 1923 2455 secundum
1962 2417 2174 2455 carnem
2230 2418 2322 2470 per

744 2491 1044 2545 mulierem.
1094 2489 1226 2545 ltetu
1265 2508 1278 2545 :
1317 2490 1401 2544 Ex
1432 2491 1541 2545 Deo
1593 2491 1757 2546 Patre
1796 2491 2021 2547 Verbum
2051 2496 2105 2547 in
2151 2495 2322 2564 forma

739 2583 1006 2650 Genitoris
1033 2586 1312 2647 exsistens,
1338 2586 1594 2640 habitavit
1619 2588 1673 2639 in
1692 2588 1901 2641 homine
1929 2604 2023 2655 per
2046 2589 2323 2643 mulierem

735 2676 934 2745 genito.
960 2673 1023 2730 Et
1043 2677 1231 2744 paucis
1256 2675 1482 2745 adjectis
1506 2693 1520 2731 :
1549 2675 1651 2730 Sed
1684 2677 1822 2747 forte
1852 2680 2120 2748 quispiam
2175 2679 2323 2735 dixe-

741 2770 813 2820 rit
845 2782 864 2820 :
897 2767 1054 2834 Quod
1087 2769 1186 2822 erit
1210 2768 1492 2821 discrimen
1517 2771 1654 2823 inter
1683 2771 1952 2824 (.‘hristum
1985 2781 2034 2825 et
2079 2771 2320 2843 Moysen,

737 2861 786 2914 si
815 2859 972 2913 ambo
1003 2863 1243 2930 generati
1300 2871 1425 2913 sunt
1475 2878 1567 2930 per
1603 2863 1852 2916 mulieres
1879 2864 1904 2916 .7
1934 2863 2045 2918 Nec
2081 2864 2239 2919 aliter
2267 2865 2322 2919 in

738 2953 993 3006 oratione
1033 2951 1457 3022 prosphonetiea
1511 2954 1579 3006 ad
1635 2954 2020 3024 imperatorem
2069 2954 2324 3010 Theodoo

736 3044 903 3109 slum,
963 3045 1126 3114 cujus
1184 3059 1353 3114 supra
1413 3046 1768 3101 meminimus
1804 3063 1818 3100 :
1851 3043 1936 3099 Ea:
1987 3044 2096 3100 Deo
2157 3045 2322 3102 Patre

745 3132 973 3189 Verbum
1018 3137 1418 3205 manifestatum
1452 3150 1529 3192 est
1555 3139 1609 3191 in
1641 3153 1803 3192 carne
1829 3154 1850 3202 ς
1885 3139 2123 3208 genitum
2182 3141 2322 3195 enim

738 3238 815 3282 est
880 3244 973 3296 per
1019 3238 1263 3283 sanctam
1314 3241 1363 3286 et
1396 3230 1682 3300 Deiparam
1740 3231 2035 3304 Virginem,
2090 3233 2322 3300 formam

739 3321 875 3375 serti
908 3322 1192 3392 accipiens.
1216 3323 1280 3377 Et
1305 3335 1426 3393 post
1455 3325 1753 3379 nonnulla:
1783 3324 2011 3394 Opinari
2037 3340 2160 3378 vero
2189 3341 2322 3378 non-

737 3413 915 3468 nullos
943 3432 1008 3469 ea:
1042 3415 1147 3469 Deo
1209 3415 1435 3471 Verbum
1482 3420 1718 3488 genitum
1743 3423 2159 3490 generationem,
2205 3437 2324 3492 qua

739 3507 840 3575 fuit
886 3525 980 3576 per
1019 3521 1262 3563 sanctam
1334 3510 1602 3581 Virginem
1655 3529 1919 3581 respuere,
1979 3516 2324 3568 oeconomiam

736 3600 1115 3668 infamantium
1147 3612 1244 3657 est.
1285 3605 1350 3657 Et
1391 3605 1640 3672 pluribus
1691 3606 1938 3675 adjectis,
1977 3608 2124 3675 quod
2155 3622 2184 3661 a
2238 3622 2324 3662 me

739 3707 868 3750 ante
905 3695 1141 3762 positum
1166 3705 1249 3749 est
1270 3695 1474 3749 dictum
1501 3706 1848 3766 prosecutus,
1891 3713 2106 3764 nempe,
2135 3697 2324 3752 Annon

739 3788 968 3839 dicimus
995 3801 1060 3839 ea:
1091 3787 1310 3840 muliere
1340 3789 1572 3856 genitum
1604 3803 1714 3842 esse
1757 3787 2155 3844 Emmanuelem
2184 3792 2320 3845 .’aut

737 3871 998 3938 quomodo
1037 3871 1297 3935 ascendit,
1355 3871 1442 3924 ubi
1496 3889 1608 3926 esse
1660 3874 1771 3941 ipse
1805 3874 1978 3929 dicit?
2011 3874 2319 3931 subinlert:

740 3959 886 4013 Licet
939 3962 1114 4028 genito
1164 3977 1259 4030 per
1286 3973 1530 4015 sanctam
1597 3962 1883 4034 Virginem,
1917 3966 2057 4036 quod
2089 3977 2206 4020 erat
2242 3968 2322 4022 illi

739 4052 967 4112 unitum,
1001 4068 1241 4121 corpore.
1269 4051 1332 4106 Et
1360 4052 1731 4110 Daniaseenns
1753 4058 1973 4125 sapiens
1999 4057 2240 4114 Joannes
2265 4059 2320 4113 in

742 4143 1107 4198 immaculata:
1148 4142 1388 4213 Virginis
1428 4145 1681 4202 laudibus
1711 4163 1904 4206 rursus
1940 4150 2142 4206 clamat
2172 4169 2184 4204 :
2213 4149 2324 4204 Per

741 4246 810 4298 te,
839 4235 1009 4290 Mater
1073 4233 1255 4306 Virgo,
1315 4237 1491 4292 lumen
1542 4248 1718 4294 ortum
1770 4250 1848 4296 est
1900 4243 2145 4298 universo
2207 4244 2323 4297 orbi

736 4328 1096 4396 splendidum.
1131 4329 1197 4383 Et
1230 4329 1343 4384 haec
1369 4330 1589 4397 quidem
1626 4333 1704 4398 bi,
1739 4343 1794 4389 et
1840 4334 2011 4388 multa
2049 4351 2156 4389 non
2213 4335 2308 4390 dis

743 4421 948 4474 similia
982 4421 1248 4489 praconis
1294 4438 1444 4476 more
1474 4423 1719 4488 edicunt,
1765 4443 2002 4496 quorum
2055 4429 2320 4498 potiorem

2424 1956 2649 2004 στατος
2673 1940 2865 1994 αὑτοῦ
2894 1943 3105 2008 Λόγος,
3128 1938 3198 1991 ἐν
3218 1938 3502 2007 ἐσχάτοις
3533 1938 3601 1991 δὲ
3643 1937 3751 1991 τοῦ
3788 1938 4011 2005 aitEn-cc

2427 2030 2680 2099 καιροῖς,
2722 2030 2934 2095 ἐπειδὴ
2971 2031 3184 2099 γέγονε
3216 2029 3397 2096 σὰρξ,
3450 2030 3774 2084 τουτέστιν
3802 2031 4009 2096 sis-dion

2424 2123 2628 2190 σαρκὶ,
2653 2123 2869 2192 ψυχὴν
2892 2123 3128 2190 ἐχούσῃ
3153 2123 3268 2190 τὴν
3289 2123 3573 2191 λογικὴν,
3603 2123 4010 2199 γεγεννῆσθαι

2419 2214 2654 2285 λέγεται
2713 2215 2811 2268 και
2867 2213 3174 2283 σαρκικῶς
3211 2213 3308 2267 διὰ
3353 2218 3661 2284 γυναικός.
3709 2217 3819 2268 Kal
3871 2219 4012 2285 μετὰ

2423 2308 2665 2378 βραχέαη
2701 2307 2946 2375 Ἐπειδὴ
2991 2306 3191 2374 σάρκα
3231 2307 3436 2360 λαϐὼν
3473 2305 3875 2376 κεχρημάτικε
3913 2307 4013 2359 καὶ

2423 2401 2550 2464 Υἱὸς
2578 2401 2921 2468 ἀνθρώπου,
2951 2380 3283 2469 ἀναγκαῖονἰ
3311 2400 3632 2469 ὁμολογεῖν
3668 2401 3761 2454 ὅτι
3802 2401 4012 2470 γεγένο

2422 2507 2598 2558 νηται
2628 2489 2778 2544 κατὰ
2831 2489 3029 2556 σάρκα
3076 2488 3176 2542 διὰ
3212 2491 3521 2558 γυναικός.
3564 2492 3674 2545 Kal.
3713 2492 3914 2546 πάλινο
3961 2491 4014 2544 '0

2423 2582 2493 2635 ἐκ
2537 2582 2689 2636 Θεοῦ
2715 2583 2949 2650 Πατρός
2981 2582 3173 2652 Λόγος
3214 2583 3287 2636 ἐν
3324 2582 3531 2652 μορφῇ
3572 2583 3680 2638 τοῦ
3728 2601 4014 2654 γεγεννη-

2424 2673 2599 2739 κότος
2623 2671 2935 2742 ὑπάρχων,
2962 2671 3322 2740 κατῴκησεν
3355 2673 3426 2726 έν
3460 2672 3756 2743 ἀνθρώπῳ
3789 2689 4016 2743 ferru-

2425 2767 2589 2822 θέντι
2626 2765 2726 2819 διὰ
2773 2767 3086 2835 γυναικός.
3124 2767 3237 2820 Kal.
3285 2767 3428 2836 μετά
3466 2783 3590 2820 τινα
3616 2783 3629 2796 ο
3671 2767 3838 2821 Ἀλλ’
3864 2767 4016 2831 ίσως

2423 2860 2572 2928 φαίη
2599 2875 2688 2924 τις
2705 2858 2804 2922 ἂν,
2840 2857 2938 2923 Τίς
2964 2857 3000 2924 ἠ
3033 2856 3290 2926 διαφορὰ
3312 2858 3575 2924 Χριστοῦ
3599 2859 3701 2912 καί
3727 2859 4014 2925 Μωσέως,

2424 2952 2596 3020 ειπερ
2639 2952 2817 3021 ἄμφω
2860 2951 3146 3020 γεγόνασι
3202 2949 3301 3004 διὰ
3335 2949 3640 3020 γυναικῶν
3663 2968 3684 3016 ;
3734 2950 4014 3014 Ὡσαύτως

2425 3046 2484 3099 ὲν
2527 3044 2606 3114 τῷ
2659 3045 2796 3112 πρὸς
2851 3043 2942 3097 τὸν
2995 3042 3393 3096 εύσεῦέστατον
3445 3042 3676 3114 βασιλέα
3729 3043 4017 3098 Θεοδόσιον

2427 3134 2876 3206 προσφωνητικῷ
2903 3134 2982 3205 τῷ
3003 3134 3110 3204 πρὸ
3139 3133 3373 3205 βραχέος
3412 3134 3636 3206 ῥηθέντι
3671 3152 3764 3205 μοι
3786 3153 3800 3168 ’
3851 3135 3905 3188 '0
3948 3137 4017 3189 ἐκ

2427 3228 2578 3284 Θεοῦ
2608 3228 2842 3296 Πατρός
2877 3229 3070 3297 Λόγος
3102 3228 3450 3297 ἐφανερώθη
3473 3228 3547 3284 ἐν
3573 3231 3756 3297 σαρκί
3771 3246 3785 3260 ·
3813 3233 4016 3300 gerer-

2426 3338 2604 3388 νηται
2636 3322 2746 3390 γὰρ
2771 3321 2870 3374 διὰ
2892 3319 3004 3390 τῆς
3040 3321 3218 3390 ἁγίας
3247 3321 3348 3374 καὶ
3369 3323 3656 3376 θεοτόκου
3679 3323 4016 3390 Παρθένου,

2423 3411 2671 3482 μορφὴν
2707 3411 2940 3466 δούλου
2980 3409 3200 3465 λαϐὼν.
3243 3413 3357 3464 Καὶ
3409 3410 3555 3480 μετά
3609 3428 3773 3465 τιναο
3827 3412 3898 3464 Τὸ
3951 3411 4019 3464 δὲ

2430 3503 2665 3559 οίεσθαί
2701 3520 2872 3569 τινας
2900 3503 3007 3556 τὸν
3038 3501 3107 3554 έκ
3154 3503 3305 3556 Θεοῦ
3337 3503 3535 3572 φύντα
3556 3503 3754 3572 Λόγον
3781 3501 3900 3571 τὴν
3919 3502 4019 3556 διὰ

2430 3595 2542 3666 τῆς
2559 3597 2733 3664 ἁγίας
2757 3595 3067 3664 Παρθένου
3083 3592 3428 3660 ἀνήνασθαι
3448 3595 3745 3665 γέννησιν
3779 3595 4021 3664 δυσφη-

2419 3690 2698 3758 μούντων
2739 3689 2874 3742 ἐστὶ
2911 3689 3027 3756 τὴν
3080 3690 3464 3756 οἰκονομίαν.
3500 3690 3610 3742 Καὶ
3664 3688 3808 3758 μετὰ
3846 3689 4019 3742 πολλὰ

2425 3781 2486 3834 τὸ
2531 3781 2860 3851 πῳεκτιθέν
2923 3798 3013 3848 μοι
3058 3780 3224 3852 ῥητὸν
3280 3781 3356 3844 ὡς
3425 3780 3538 3850 ἔχει
3581 3778 3886 3844 διαλαϐὼν,
3936 3781 4020 3844 τὸ,

2429 3875 2576 3940 Οὐχί
2624 3872 2896 3942 τετέχθαι
2946 3871 3148 3941 φαμέν
3183 3873 3253 3926 ἐκ
3302 3871 3594 3942 γυναικὸς
3637 3873 3745 3925 τὸν
3790 3872 4014 3942 Ἐμμαο

2424 3965 2652 4031 rami};
2689 3964 2722 4032 ἢ
2747 3964 2872 4031 πῶς
2898 3966 3296 4032 ἀναϐέϐηκεν,
3324 3965 3471 4018 ἔνθα
3509 3979 3620 4032 περ
3641 3959 3800 4017 εἷναί
3821 3981 4020 4033 φησιν

2423 4056 2607 4120 αὑτός
2629 4072 2649 4119 ;
2673 4055 2870 4124 ἐπάγει
2894 4071 2909 4088 ο
2945 4055 3151 4110 Καίτοι
3197 4057 3519 4124 τεχθέντος
3546 4053 3647 4108 διὰ
3687 4052 3797 4123 τῆς
3839 4055 4021 4124 ἁγίας

2425 4148 2734 4218 Παρθένου
2784 4146 2894 4201 τοῦ
2925 4146 3258 4213 ένωθέντος
3301 4145 3466 4212 αὐτῷ
3504 4145 3806 4217 σώματος.
3870 4148 3932 4203 ’0
3964 4149 4023 4202 δὲ

2429 4240 2783 4310 Δαμασκόθεν
2815 4239 2978 4307 σοφὸς
3023 4239 3284 4309 Ἰωάννης
3337 4239 3526 4308 ὑμνῶν
3565 4240 3667 4310 τὴν
3706 4240 4024 4311 ὑπέραγνον

2427 4331 2582 4393 αὖθις
2617 4331 2752 4401 βοᾷ·
2800 4329 2904 4382 Διὰ
2941 4329 3085 4396 σοῦ,
3135 4326 3338 4396 Μῆτερ
3375 4327 3666 4396 Παρθένε,
3713 4326 3843 4395 φῶς
3873 4327 4024 4397 εὐνέ-

2428 4429 2587 4478 τειλε
2615 4423 2796 4494 πάσῃ’
2814 4421 2888 4491 τῇ
2926 4421 3248 4491 οίκουμένῃ
3274 4420 3551 4490 φαιδρόν.
3579 4419 3688 4474 Καὶ
3714 4417 3891 4473 ταῦτα
3923 4422 4025 4488 μὲν

745 4522 954 4580 partem
980 4513 1160 4567 oratio
1191 4523 1411 4582 propter
1434 4516 1740 4572 satietatem
1775 4520 2069 4590 praeteriit,
2090 4521 2322 4575 Verum-

2431 4511 2602 4581 οὗτοι,
2637 4519 2731 4570 καὶ
2762 4517 2927 4586 ἕτερα
2957 4515 3184 4570 τοιαῦτα
3216 4513 3610 4583 κηρύττουσιν,
3640 4505 3717 4567 ὧν
3754 4512 3825 4566 τὰ
3853 4513 4026 4569 πλείω

742 4613 926 4658 tamen
958 4604 1335 4660 divinissimus
1359 4605 1596 4662 Basilius
1618 4609 1733 4664 haec
1779 4609 1970 4664 eadem
2006 4611 2323 4680 plenissime

731 4697 1046 4763 explanatis
1076 4699 1262 4752 tradit.
1299 4697 1543 4769 Namque
1586 4699 1643 4754 in
1673 4699 1759 4756 bis
1785 4699 1967 4772 {allato
1998 4717 2093 4772 per
2119 4719 2203 4756 me
2233 4717 2326 4758 su-

750 4806 844 4858 pta
892 4791 1066 4858 capite
1111 4791 1306 4858 quinto
1346 4792 1412 4844 ad
1460 4791 1910 4862 Amphilochium
1951 4793 2016 4846 de
2057 4793 2141 4847 his
2189 4809 2328 4862 prie-

749 4885 1112 4951 positionibns
1178 4901 1488 4940 sermonem
1540 4887 1772 4952 habens,
1831 4904 1940 4955 qua
1994 4888 2205 4942 ratione
2272 4890 2326 4942 in

733 4974 1046 5032 divinitatis
1097 4980 1336 5048 principe
1395 4980 1590 5036 Triade
1658 4981 2007 5036 desumenda:
2065 4993 2214 5044 sunt,
2262 4983 2328 5036 al

746 5081 868 5126 tuto
926 5073 1176 5143 dogmata
1245 5075 1594 5142 stabilienda,
1654 5089 1721 5129 ex
1779 5075 2201 5129 auctoritatibus
2265 5082 2332 5129 ut

750 5166 1046 5234 plurimum
1093 5168 1270 5237 magni
1305 5167 1457 5222 Pauli
1511 5170 1857 5233 corroborat,
1899 5177 1954 5222 et
1986 5184 2111 5222 cum
2147 5184 2333 5223 exent-

751 5257 838 5324 plo
861 5272 1014 5326 ,opus
1051 5269 1215 5323 esset,
1251 5277 1438 5316 vocem
1480 5261 1625 5316 illam
1652 5262 2128 5324 commemoravit,
2164 5276 2328 5328 quam

739 5352 901 5405 ~orliis
966 5362 1234 5405 tt-rrarum
1288 5355 1545 5424 magister
1605 5352 1698 5408 Dei
1773 5354 2205 5408 incarnationem
2263 5369 2329 5405 ex

753 5444 881 5507 Virg
907 5457 973 5499 ne
1035 5447 1193 5514 plane
1245 5455 1300 5499 et
1333 5446 1616 5514 perspicue
1641 5447 1854 5507 dicens,
1902 5444 2081 5499 Natus
2111 5461 2175 5497 ex
2219 5461 2331 5497 mn-

750 5540 898 5604 bere,
936 5543 1193 5606 intonuit,
1218 5543 1320 5595 lioc
1345 5541 1549 5595 dictum
1578 5541 1796 5595 divinus
1830 5542 1929 5594 iste
1960 5541 2119 5594 Pater
2154 5538 2333 5592 decla-

761 5650 885 5688 rans
916 5651 1017 5702 pec
1052 5651 1117 5687 eo
1153 5634 1296 5702 quod
1346 5645 1428 5690 est
1483 5649 1577 5703 per
1628 5635 1912 5687 mulierem
1965 5633 2229 5692 asseruit.
2279 5644 2332 5685 et

747 5730 1004 5781 't‘umdcttl
1051 5728 1297 5782 divinum
1351 5743 1652 5796 praeconem
1706 5727 1932 5780 Paulum
1970 5741 2081 5779 sua:
2116 5734 2336 5778 senten-

753 5819 845 5872 tiae
873 5817 1221 5887 intetptelom
1256 5817 1398 5873 illico
1433 5817 1734 5887 suljunxit,
1769 5818 2008 5872 addens:
2049 5813 2163 5870 Hoc
2197 5817 2334 5869 enim

2435 4609 2728 4664 κατέλιπεν
2755 4611 2782 4662 ὁ
2812 4610 2970 4676 λόγος
3007 4608 3095 4660 διὰ
3129 4606 3187 4658 τὸ
3214 4607 3550 4676 προσκορές.
3587 4605 3649 4659 ’0
3675 4606 3732 4659 δὶ
3765 4605 3935 4668 πολὺς
3957 4607 4026 4658 τὰ

2436 4703 2551 4756 Osi:
2597 4703 2878 4765 Βασίλειος
2914 4700 2983 4754 τὰ
3013 4700 3143 4768 περὶ
3178 4698 3384 4751 τούτων
3412 4697 3796 4768 ἐναργέστατα
3825 4699 4023 4753 διασα-

2435 4794 2550 4865 φῶν
2577 4795 2966 4863 παραίίδωσιν.
3021 4792 3110 4844 Ἐν
3145 4792 3251 4861 γὰρ
3282 4789 3360 4856 τῷ
3391 4789 3471 4852 δὶς
3501 4790 3891 4860 προγραφέντι
3932 4808 4024 4861 μοι

2438 4889 2675 4958 πέμπτῳ
2694 4887 2805 4938 τῶν
2840 4885 2975 4954 πρὸς
3003 4884 3277 4953 μακάριον
3319 4881 3681 4950 Ἀμφιλόχιον
3703 4882 4025 4950 κεφαλαίων

2438 4983 2567 5052 περὶ
2599 4981 2708 5033 τῶν
2737 4976 3000 5032 τοιούτων
3028 4974 3343 5048 προθέσεων
3367 4973 3458 5025 τὸν
3480 4972 3640 5038 λόγον
3667 4973 4021 5044 ποιούμενος,

2437 5073 2586 5135 ὅπως
2640 5071 2812 5132 αὑτὰς
2865 5065 3312 5136 ἐκλαμϐάνεσθαι
3381 5066 3448 5135 τῇ
3507 5063 3782 5134 θεαρχικῇ
3826 5065 4023 5132 Τριὰδι

2437 5165 2616 5238 χρεὼν
2675 5165 2768 5216 ἐπὶ
2799 5163 2860 5215 τὸ
2892 5160 2987 5215 τοῦ
3026 5161 3302 5229 δόγματος
3361 5157 3608 5228 ἀσφαλὲς
3671 5160 3738 5211 ὲκ
3770 5161 4024 5230 χρήσεων

2439 5261 2500 5313 τὸ
2527 5257 2691 5311 πλέον
2722 5254 2816 5309 τοῦ
2849 5254 3087 5325 μεγάλου
3122 5253 3338 5306 Παύλου
3391 5251 3733 5319 συνίστησιν,
3774 5255 3854 5314 εἰς
3887 5255 4022 5306 ὑπό-

2437 5353 2634 5420 δειγμι
2665 5349 2723 5402 δὲ
2775 5349 3041 5413 κάκείνης
3095 5344 3477 5414 ἐμνημόνευσε
3514 5343 3608 5409 τῆς
3647 5341 3864 5410 φωνῆς,
3895 5344 3964 5412 ἦν
3996 5344 4024 5395 ὁ

2440 5443 2537 5511 τῆς
2569 5439 2895 5509 οἰκουμένης
2925 5434 3247 5495 διδάσκαλος
3280 5434 3378 5504 τὴν
3402 5436 3467 5484 ὲκ
3492 5433 3774 5502 Παρθένου
3802 5433 4025 5502 σάρκω.

2443 5554 2529 5589 σιν
2559 5535 2651 5587 τοῦ
2686 5531 2821 5585 Θεοῦ
2853 5532 3032 5597 Λόγου
3071 5527 3271 5596 δηλῶν,
3311 5524 3686 5594 γεννώμενος
3713 5525 3783 5578 ἐκ
3815 5543 4024 5594 γυναι·

2441 5628 2568 5693 κδς,
2603 5625 2880 5693 ὲξεὸύησε,
2939 5625 3040 5693 τὴν
3099 5619 3364 5689 τοιαύτην
3410 5618 3574 5689 ῥῆσιν
3608 5620 3638 5671 ὁ
3678 5619 3824 5683 Baio;
3869 5612 4023 5680 οὗτος

2444 5721 2633 5788 Πατὴρ
2657 5714 3069 5788 ὲρερμηνεύων,
3098 5715 3221 5767 ἀντὶ
3241 5714 3356 5773 τοῦ,
3383 5711 3474 5764 διὰ
3491 5711 3777 5777 γυναικὸς,
3808 5714 4021 5781 εἴρηκε·

2442 5817 2538 5867 καὶ
2563 5812 2652 5866 τὸν
2688 5811 2850 5864 αὐτὸν
2886 5809 3198 5877 θεοκὴρυκα
3226 5803 3433 5860 Παῦλον
3471 5802 3746 5873 ἐξηγητὴν
3771 5803 3872 5872 τῆς
3901 5805 4022 5856 ἑαυ-
