4206 6452
157 406 181 472 1
198 404 291 471 ιει

1006 406 1103 470 DE
1142 404 1658 469 PROCESSIONE
1698 403 1760 466 S.
1801 402 2166 465 SPIRITUS
2204 401 2424 463 ORAT.
2470 399 2551 460 ll.

3272 384 3408 454 1162

152 522 527 596 διηὶιγξαμεν
550 519 834 593 ἀμυδρῶς,
865 519 927 576 τὸ
952 520 1139 575 πλεῖον
1182 520 1283 590 τῆς
1311 520 1617 587 ιξιτάσεως
1649 519 1731 581 εις

1862 526 1920 571 :et
1988 516 2224 570 tenuiter
2270 509 2791 574 demonstraximus,
2867 507 3131 579 potiorem
3200 514 3408 574 partem

155 618 217 669 τὸ
248 616 380 685 ἑξῆς
422 614 918 686 παραπέμψαντες,
960 613 1111 666 δοκεῖ
1159 629 1252 683 μοι
1288 612 1385 666 καὶ
1418 612 1481 665 τὸ
1518 610 1734 679 λογίζε-

156 706 280 759 σθαι
315 707 607 776 περιττόνο
643 706 862 777 ἀνάγκη
897 705 1032 775 γοῦν
1088 704 1235 758 οὕτω
1271 706 1363 758 τὸν
1400 704 1601 765 όλικῶς
1643 704 1736 756 εὑ-

158 798 379 861 σεσείας
408 796 882 868 ἀντιποιούμενον,
919 782 1021 850 καὶ
1062 799 1285 867 φρονεῖν
1338 796 1738 865 βεόουλημένον

156 889 295 954 όρθα
326 887 654 959 πρεσϐεύειν
674 886 954 951 οὺσιωδῶς
980 888 1254 958 ὑπάρχειν
1282 886 1372 940 διὰ
1396 886 1489 939 τοῦ
1516 884 1647 939 Υίοῦ
1676 884 1739 937 τὸ

160 982 388 1050 Πνεῦμα
425 981 484 1034 τὸ
546 979 722 1048 ἅγιον.
786 979 991 1033 Τούτου
1049 980 1108 1033 δὲ
1149 980 1435 1047 φανέντος,
1476 979 1585 1030 κάκ
1642 974 1738 1029 τοῦ

160 1074 294 1125 Υίοῦ
331 1075 555 1135 πάντως
598 1072 771 1133 ἐστὶν,
798 1070 895 1125 he
928 1071 1180 1141 φυσικῶς
1208 1073 1301 1125 ἐπὶ
1337 1073 1404 1139 τῇ
1440 1068 1538 1122 τοῦ
1568 1068 1739 1122 Πνεύ-

162 1183 334 1234 ματος
366 1167 521 1236 παρὰ
541 1166 755 1236 Πατρὸς
783 1165 1016 1234 ὑπάρξει
1049 1164 1144 1217 τοῦ
1179 1162 1311 1216 Υῑοῦ
1334 1162 1737 1232 μεσιτεύοντος.

163 1258 273 1308 Καὶ
311 1253 477 1307 τοῦτο
504 1254 937 1324 τεθεολογήκασι
962 1253 1162 1324 μικροῦ
1184 1255 1387 1316 πάντες
1413 1254 1461 1305 οἱ
1483 1254 1581 1321 τῆς
1610 1255 1745 1308 άπο-

162 1346 429 1415 στολικῆς
492 1346 821 1415 Ἐκκλησίας
874 1344 1281 1407 διδασκαλικῶς
1335 1345 1744 1414 ιξηγησάμενοι

160 1439 311 1492 κατὰ
334 1437 635 1505 διαφόρους
666 1437 922 1507 καιροὺς,
956 1429 1032 1490 ὧν
1059 1437 1269 1507 άπάρτι
1304 1436 1469 1489 καλὸν
1498 1438 1744 1491 ικθεῐναι

161 1530 260 1583 καὶ
293 1530 365 1582 τὰ
394 1530 560 1599 ῥητά,
588 1528 799 1582 τούτων
841 1527 966 1581 κατ’
992 1529 1169 1599 ὖνομα
1226 1530 1569 1597 μνησθέντας
1595 1530 1745 1600 ἡμᾶς

161 1623 244 1683 είς
275 1620 560 1684 ἀπόδειξιν
605 1620 703 1673 τοῦ
732 1621 1100 1691 προκειμένου
1152 1619 1492 1690 ζητήματος.
1557 1622 1647 1683 Ὠς
1678 1622 1746 1674 ἂν

160 1713 349 1765 τοίνυν
378 1712 482 1782 ὁδῷ
516 1713 615 1766 καὶ
632 1712 786 1776 τάξει
804 1715 1145 1782 χρησάμενοι
1178 1712 1319 1767 κάπὶ
1340 1713 1556 1777 τούτοις
1584 1714 1747 1784 ἡμεῖς

162 1800 336 1866 ἀξίως
360 1802 543 1855 αὐτῶν
568 1804 956 1868 πεποιηκέναι,
984 1802 1081 1855 καὶ
1096 1803 1169 1867 ὡς
1195 1803 1395 1873 χρεὼν,
1422 1804 1745 1875 νομισθείη-

166 1912 299 1963 μεν,
326 1894 637 1964 καταρχὰς,
655 1893 731 1956 ὡς
754 1894 1059 1964 ἐμφέρεται
1081 1895 1194 1958 τοῖς
1224 1896 1548 1962 πρακτικοῖς
1568 1894 1664 1963 τῆς
1690 1896 1747 1946 ὲν

164 1986 380 2055 Nimia
440 1985 665 2056 πρώτης
712 1986 959 2045 συνόδου,
1015 1987 1156 2051 πρὸς
1188 1986 1282 2037 τὸν
1336 1984 1631 2053 φιλόσοφον
1696 1986 1747 2037 οἱ

165 2078 427 2148 θεοφόροι
453 2078 695 2147 Πατέρες
723 2077 814 2130 διὰ
836 2076 930 2129 τοῦ
951 2077 1259 2129 ἐπισκόπου
1282 2075 1540 2130 Λεοντίου
1558 2076 1746 2144 φασινο

160 2170 429 2238 Εὕρηται
464 2169 529 2223 τὸ
577 2168 822 2236 Πνεῦμα
850 2169 1338 2237 ἐκπορευόμενον
1384 2168 1503 2238 μὲν
1533 2169 1602 2221 ἐκ
1642 2168 1750 2222 τοῦ

166 2263 432 2331 Πατρός,
494 2262 653 2316 ιδιον
703 2260 773 2314 δὲ
823 2261 934 2315 τοῦ
970 2260 1107 2314 Υιοῦ
1142 2261 1239 2315 καί
1285 2261 1354 2324 ἐξ
1384 2260 1575 2316 αὐτοῦ
1608 2261 1752 2314 ἀνα-

168 2356 417 2416 ϐλύζον.
474 2356 677 2424 Ἤρκει
725 2357 843 2418 τοῖς
878 2356 1196 2424 εὐγνώμοσι
1230 2355 1339 2407 τῶν
1392 2354 1681 2422 ἀκροατῶν
1715 2356 1749 2422 ἡ

169 2448 434 2517 παροῦσα
467 2448 561 2500 καὶ
610 2448 750 2518 μόνη
810 2447 1035 2519 χρῆσις,
1080 2447 1155 2512 ὡς
1196 2450 1259 2500 ἐκ
1312 2447 1524 2500 πολλῶν
1582 2448 1753 2515 ἁγίων

169 2541 308 2610 ὁμοῦ
348 2540 598 2609 egeam,
638 2539 814 2593 καὶτὸ
845 2539 1174 2609 ἀδιασλητον
1206 2540 1380 2603 οὕτως
1411 2541 1631 2609 ἔχουσα,
1659 2540 1753 2593 καὶ

172 2635 383 2701 μᾶλλον
432 2635 515 2687 ὄτι
556 2650 661 2701 περ
707 2634 856 2705 ἀρχὴ
894 2636 987 2687 καὶ
1021 2634 1273 2704 θεμέλιος
1324 2633 1424 2703 τῆς
1470 2634 1750 2704 όρθοδὸξου

174 2727 415 2790 πίστεως
446 2720 593 2779 οὗτοι
621 2728 882 2795 γεγόνασι
916 2727 1101 2781 θεόθεν
1123 2728 1277 2796 ἡμῖν,
1316 2728 1523 2795 πρῶτοι
1550 2728 1618 2780 τὰ
1644 2728 1753 2779 τῶν

170 2818 472 2888 αἱρετικῶν
508 2819 913 2882 καταϐαλόντες
950 2821 1289 2890 φρυάγματα
1345 2822 1488 2875 κατὰ
1526 2820 1757 2891 γνώμην

172 2913 371 2981 κοινὴν
418 2913 513 2966 καὶ
553 2912 896 2966 συνέλευσιν.
933 2912 1049 2965 Νῦν
1084 2913 1141 2967 δέ
1172 2930 1235 2981 γε
1270 2914 1366 2967 καὶ
1397 2914 1605 2983 συχνῶν
1638 2915 1757 2966 ἐτέ-

176 3023 287 3084 pinv
318 3006 382 3059 τὸ
418 3006 643 3075 βέὸαιον
674 3004 942 3057 πάντοθεν
963 3006 1206 3074 ἐχουσῶν
1237 3003 1587 3073 εὐποροῦμεν
1618 3022 1757 3075 μαρ-

171 3097 405 3166 τυριῶν,
437 3094 504 3158 ἃς
540 3113 676 3148 ποτε
721 3095 831 3148 τῶν
891 3096 1157 3163 Πατέρων
1211 3097 1401 3165 σχεδὸν
1439 3099 1487 3150 οἱ
1538 3098 1757 3160 πλείους

1838 607 2109 662 examinis
2130 607 2184 661 in
2209 604 2493 676 sequentia
2519 602 2882 666 remittentes,
2919 601 3000 656 vel
3034 607 3217 654 meme
3242 599 3407 652 etiam

1838 699 2045 767 agitare
2079 709 2547 770 supervacaneum
2596 697 2759 748 duco.
2815 693 3051 747 Necesse
3091 699 3179 745 est
3228 689 3412 755 itaque

1839 804 1964 845 eum
1999 790 2090 858 qui
2131 790 2281 844 omni
2307 803 2371 841 ex
2399 794 2551 855 parte
2580 782 2766 854 pietati
2792 782 3067 836 addicitur
3111 789 3167 835 et
3200 788 3409 832 rectam

1840 880 2168 935 sententiam
2211 877 2416 941 ambit,
2451 884 2638 929 tenere
2690 871 3052 927 essentialiter
3079 885 3171 937 per
3215 866 3412 921 Filium

1844 971 2104 1043 Spiritum
2140 982 2388 1025 sanctum
2411 969 2697 1023 exsistere.
2731 965 2785 1019 Id
2828 963 2920 1018 ubi
2982 960 3322 1022 inclaruerit,
3347 974 3414 1010 ex

1841 1064 1981 1118 Filio
2016 1077 2235 1132 quoque
2263 1065 2486 1116 omnino
2511 1059 2635 1124 erit,
2671 1073 2795 1111 cum
2847 1054 3171 1110 naturaliter
3198 1053 3250 1104 in
3288 1049 3415 1117 Spi-

1843 1156 1985 1211 ritus
2021 1171 2051 1209 a
2075 1156 2234 1209 Patre
2268 1154 2591 1209 exsistentia
2649 1148 2822 1204 Filius
2846 1148 3060 1203 medius
3091 1147 3181 1201 sit.
3215 1141 3279 1198 Et
3317 1143 3420 1195 hoc

1844 1255 2052 1301 tantum
2087 1260 2193 1300 non
2227 1259 2422 1301 omnes
2484 1244 2793 1303 decrevere,
2825 1240 2920 1308 qui
2973 1234 3293 1306 apostolica
3320 1232 3422 1285 Ec-

1844 1338 2022 1394 clesia;
2051 1337 2217 1392 veluti
2249 1338 2503 1390 doctores
2539 1335 2663 1389 aliis
2686 1342 2854 1403 atque
2895 1330 3023 1384 aliis
3077 1325 3419 1396 temporibus

1844 1430 2142 1500 praefuere,
2180 1443 2413 1498 quorum
2466 1433 2624 1481 nunc”
2667 1427 2835 1490 dicta,
2866 1435 3057 1478 eorum
3087 1420 3214 1473 item
3242 1420 3421 1487 nomi-

1846 1522 2007 1578 nibus
2060 1519 2526 1583 commemoratis,
2554 1518 2619 1571 ad
2649 1517 2985 1587 propositam
3055 1512 3421 1582 quaestionem

1846 1614 2328 1670 demonstrandam
2365 1610 2452 1665 hic
2490 1609 2739 1680 digerere
2788 1622 2898 1663 non
2957 1606 3062 1660 erit
3099 1606 3424 1672 inopportu-

1847 1720 2003 1759 num.
2035 1701 2107 1757 Ut
2136 1717 2267 1771 ergo
2323 1700 2585 1756 methodo
2632 1698 2936 1769 ordinequo
2988 1696 3042 1749 in
3096 1695 3180 1748 his
3210 1706 3430 1763 quoque

1849 1797 2084 1854 servatis
2110 1810 2209 1866 pro
2237 1796 2501 1866 dignitate
2559 1808 2753 1848 eorum
2811 1808 2926 1845 rem
2953 1796 3348 1859 pertractasse,
3378 1800 3433 1838 et

1859 1891 1936 1945 uti
1994 1889 2244 1952 addecet,
2300 1888 2705 1949 existimemur,
2744 1884 2864 1953 ipso
2903 1884 3091 1938 statim
3133 1881 3313 1944 initio,
3352 1882 3430 1931 uti

1859 1982 1911 2035 in
1940 1981 2077 2035 actis
2110 1978 2344 2035 Nica-nie
2377 1977 2571 2047 prima:
2604 1975 2794 2047 synodi
2849 1974 3102 2036 habetur,
3133 1971 3303 2025 divini
3356 1970 3433 2025 illi

1857 2071 2044 2127 Patres
2088 2073 2153 2127 ad
2217 2071 2605 2140 philosophum
2672 2084 2765 2137 per
2796 2067 3083 2121 Leontium
3114 2066 3433 2133 episcopum

1858 2163 2229 2233 reSpondent:
2264 2159 2539 2214 Invenitur
2593 2159 2825 2227 Spiritus
2890 2168 3107 2210 sanctus
3158 2155 3437 2223 procedere

1858 2251 2063 2321 quidem
2087 2265 2151 2303 es
2190 2249 2368 2313 Patre,
2414 2252 2658 2317 proprius
2692 2263 2811 2302 uero
2876 2246 3003 2300 Filii
3048 2262 3181 2308 esse,
3212 2256 3263 2297 et
3291 2260 3355 2297 ea:
3378 2260 3438 2294 ea

1856 2358 2134 2397 emanans.
2160 2342 2358 2412 Equis
2391 2342 2738 2396 auditoribus
2760 2347 2898 2394 satis
2922 2350 3071 2393 esset
3113 2339 3194 2391 vel
3258 2338 3437 2391 solum

1860 2438 1964 2489 hoc
1984 2436 2212 2500 dictum,
2244 2445 2509 2504 tanquam
2526 2433 2671 2503 quod
2708 2448 2770 2486 ex
2801 2432 2994 2486 multis
3013 2431 3275 2484 Patribus
3311 2446 3441 2498 νιο-

1861 2528 2171 2582 nuntiatum
2203 2536 2326 2593 est,
2355 2530 2589 2596 ideoque
2643 2526 2712 2579 ab
2742 2525 2891 2579 omni
2933 2526 3208 2579 calumnia
3253 2538 3439 2577 exem-

1863 2634 2043 2693 ptum,
2077 2632 2131 2677 et
2162 2621 2505 2691 putissimmn
2538 2622 2680 2689 quod
2736 2622 3052 2673 orthodoxae
3093 2619 3214 2672 fidei
3237 2620 3443 2687 princ:-

1863 2717 2012 2787 pium
2058 2730 2121 2769 ac
2168 2715 2579 2769 fundamentum
2628 2729 2659 2769 a
2718 2714 2829 2767 Deo
2856 2713 3013 2767 nobis
3050 2714 3232 2766 traditi
3295 2730 3441 2777 sum,

1863 2809 1957 2879 qui
1988 2809 2148 2879 primi
2188 2809 2566 2863 haereticorum
2606 2808 2785 2863 fastus
2813 2807 3098 2861 communi
3132 2818 3258 2862 voto
3279 2817 3444 2876 atque

1861 2915 2162 2972 cungressu
2184 2901 2543 2970 disiecerunt.
2590 2899 2747 2955 Nunc
2796 2916 2922 2954 vero
2957 2911 3011 2953 ut
3065 2900 3447 2970 frequentibus

1864 2997 1988 3051 aliis
2014 2995 2180 3050 certis
2215 3004 2378 3064 atque
2427 2994 2745 3047 indubitatis
2810 2991 3142 3047 testimoniis
3202 2994 3448 3047 abunda.

1866 3103 2011 3155 mus,
2046 3102 2169 3157 quas
2197 3090 2376 3156 potior
2416 3101 2542 3154 pars
2572 3084 2816 3151 Patrum,
2855 3088 3237 3156 unusquisque
3270 3104 3361 3156 per
3390 3105 3450 3139 su

171 3186 415 3251 ἕκαστος
450 3187 547 3258 τὴν
586 3186 785 3240 ἑαυτοῦ
825 3187 1310 3257 συγγραψάμενος,
1360 3188 1394 3259 ἢ
1426 3186 1523 3243 καὶ
1551 3189 1756 3242 τούτων

1869 3184 2158 3255 proprium
2189 3179 2540 3248 conscripsit,
2575 3179 2879 3234 authorum
2914 3182 3159 3250 quaedam
3189 3182 3446 3251 peivatim

173 3279 336 3341 τινας
368 3278 621 3332 κατιδίαν
646 3279 881 3343 ἐξέθετο.
914 3281 1270 3351 ιίαραχρῆμα
1310 3282 1404 3334 καὶ
1454 3282 1563 3351 γὰρ
1597 3285 1623 3335 ὁ
1658 3283 1759 3351 τῆς

177 3370 488 3433 ἀθανασίας
529 3370 845 3440 ἐπώνυμος,
895 3370 956 3433 ὃς
983 3373 1078 3423 καὶ
1125 3372 1269 3425 κατὰ
1322 3372 1532 3443 ταύτην
1561 3372 1626 3443 δὴ
1658 3373 1759 3440 τὴν

176 3460 411 3532 πρώτην
446 3460 668 3514 σύνοδον
698 3464 871 3531 μέγας
908 3464 1009 3529 τὴν
1046 3464 1260 3535 ὑψηλὴν
1289 3467 1384 3517 καὶ
1418 3466 1534 3519 ἄνω
1559 3468 1760 3535 φέρου-

178 3567 281 3603 σαν
318 3552 518 3618 σοφίαν
548 3553 907 3622 ὲγνωρίζετο,
947 3555 1045 3606 καὶ
1067 3554 1238 3615 πολὺς
1273 3556 1332 3607 ἐν
1382 3555 1461 3624 τῷ
1496 3556 1626 3624 περὶ
1658 3554 1760 3624 τῆς

178 3645 460 3710 ἑνσάρκου
489 3645 821 3711 ἐπιφανείας
851 3646 948 3699 τοῦ
977 3646 1116 3699 Θεοῦ
1159 3647 1305 3716 λόγῳ
1332 3649 1547 3714 τρανῶς
1583 3648 1761 3711 οὕτως

178 3735 526 3801 ἀπαγγέλλει
554 3737 681 3806 περὶ
715 3736 811 3789 τοῦ
846 3737 1165 3807 Πνεύματος
1186 3755 1198 3767 ·
1232 3739 1431 3805 Αὐτὸς
1463 3743 1572 3809 γὰρ
1611 3740 1762 3793 αὐτὸ

176 3827 415 3881 ἀνωθεν
440 3828 714 3897 ἔπεμπεν
743 3830 827 3895 ὡς
884 3830 1051 3896 Θεὸς,
1084 3832 1186 3886 και
1229 3831 1411 3899 αὐτὸς
1464 3834 1613 3887 αὐτὸ
1653 3831 1761 3887 κά-

176 3920 372 3971 τωθεν
406 3918 740 3987 ὑπεδέχετο
788 3920 868 3987 ὡς
898 3920 1236 3990 ἅνθρωπος.
1287 3922 1387 3986 Ἐξ
1416 3922 1607 3977 αὑτοῦ
1649 3918 1765 3978 οὖν

178 4013 272 4077 εἰς
299 4011 492 4065 αὑτὸν
525 4011 754 4080 κατῄει,
775 4013 845 4066 ἐι
873 4011 984 4081 τῆς
1014 4015 1296 4082 θεότητος
1320 4014 1509 4069 αὑτοῦ
1537 4018 1625 4083 εις
1648 4018 1766 4085 τὴν

180 4102 619 4171 ἁνθρωπότητα
649 4102 861 4158 αὐτοῦ.
895 4106 1009 4158 Καὶ
1059 4106 1088 4158 ό
1115 4104 1355 4175 χρυσοῦς
1386 4106 1487 4177 τὴν
1518 4106 1766 4175 γλῶτταν

182 4196 246 4245 ιν
272 4194 352 4261 τῷ
392 4197 526 4263 περὶ
576 4196 687 4247 τῶν
740 4195 836 4247 δύο
870 4195 1161 4266 Διαθηκῶν
1192 4196 1359 4266 λόγῳ,
1413 4197 1516 4249 Διὰ
1550 4198 1660 4266 γὰρ
1699 4198 1768 4253 τὸ

181 4290 469 4354 γενέσθαι,
514 4292 668 4339 ναὸν
701 4286 812 4353 τῆς
858 4290 1043 4351 θείας,
1073 4290 1409 4361 διαγορεύει,
1457 4291 1768 4359 δυνάμεως

182 4383 253 4429 τὸ
284 4376 460 4445 σῶμα
492 4378 596 4430 τοῦ
627 4381 847 4447 Κυρίου
899 4380 967 4432 τὸ
1014 4382 1327 4447 θεοφόρον,
1376 4382 1516 4452 γίνῃ
1542 4384 1641 4434 καὶ
1686 4384 1767 4437 σὺ

181 4472 335 4534 ναὸς
376 4473 505 4523 καθ’
544 4473 832 4539 ὁμοίωσιν
860 4472 1050 4525 αὐτοῦ
1076 4488 1092 4502 ·
1135 4472 1283 4541 δέχῃ
1332 4474 1443 4541 γὰρ
1469 4475 1769 4543 ἐκπεμπό-

1867 3275 2163 3344 evulgavit.
2223 3271 2470 3342 Namque
2503 3273 2716 3341 primus
2776 3283 2905 3327 ante
2933 3273 3094 3337 alios,
3126 3276 3214 3327 cui
3241 3274 3309 3327 ab
3339 3275 3447 3327 im-

1868 3368 2200 3423 mortalitate
2231 3380 2432 3419 nomen
2457 3373 2562 3431 est,
2611 3375 2665 3421 et
2692 3367 2784 3435 qui
2820 3366 2871 3418 in
2911 3366 3025 3434 ipsa
3086 3367 3257 3435 prima
3285 3383 3452 3438 syno-

1866 3464 1959 3526 do,
2010 3460 2233 3514 sublimi
2320 3467 2376 3512 et
2431 3473 2554 3527 qua
2592 3456 2661 3512 ad
2717 3459 3011 3528 superiora
3056 3460 3317 3514 conducit
3355 3477 3451 3514 sa-

1867 3554 2067 3624 pientia
2100 3551 2444 3621 praecelebris
2471 3550 2774 3605 habebatur
2798 3558 2964 3621 atque
3022 3554 3283 3616 eximius,
3317 3568 3446 3605 ora-

1870 3648 2019 3701 tione
2048 3644 2117 3698 de
2139 3644 2484 3713 apparitione
2525 3642 2618 3695 Dei
2661 3643 2714 3697 in
2768 3655 2940 3698 carne
3011 3656 3201 3713 aperte
3248 3646 3362 3699 hzee
3384 3647 3452 3699 de

1872 3737 2074 3808 Spiritu
2114 3738 2434 3807 pronuntiat
2465 3752 2480 3790 :
2510 3735 2628 3804 Ipse
2648 3737 2787 3789 enim
2820 3736 2974 3789 illum
3013 3738 3236 3807 desuper
3270 3741 3451 3791 mine-

1869 3832 1957 3884 bat
1992 3832 2069 3885 uti
2097 3830 2253 3894 Deus,
2286 3838 2334 3883 et
2360 3830 2470 3899 ipse
2499 3844 2618 3883 eum
2649 3831 2703 3882 in
2733 3830 2838 3882 into
2869 3830 3195 3901 excipiebat,
3251 3833 3329 3885 uti
3358 3832 3452 3882 lio-

1869 3938 1974 3978 mo.
2007 3922 2092 3977 Ex
2125 3923 2238 3990 ipso
2282 3923 2460 3992 itaque
2484 3921 2539 3975 in
2578 3920 2752 3990 ipsum
2807 3921 3178 3990 descendebat,
3237 3939 3303 3978 ea;
3339 3924 3449 3977 dei.

1871 4024 1979 4071 tate
2003 4016 2170 4085 ipsius
2202 4017 2256 4071 in
2297 4015 2681 4070 humanitatem
2745 4014 2937 4083 ipsius.
2973 4013 3037 4070 Et
3073 4017 3256 4088 lingua
3282 4034 3451 4074 aurea

1870 4106 2131 4176 prteditus
2186 4107 2432 4161 oratione
2463 4106 2529 4161 de
2566 4104 2783 4161 duobus
2831 4103 3199 4163 Testamentis
3234 4123 3253 4163 :
3287 4108 3451 4177 Prup-

1872 4208 2014 4252 terea
2045 4197 2184 4251 enim
2225 4199 2364 4267 quod
2395 4196 2597 4265 factum
2630 4207 2707 4250 est
2734 4198 2929 4251 divina:
2948 4199 3162 4252 virtutis
3197 4198 3447 4267 templum

1871 4303 2059 4355 corpus
2098 4286 2307 4339 Domini
2350 4286 2634 4353 dei/erum,
2678 4286 2746 4354 ﬁs
2778 4298 2829 4340 et
2885 4298 2941 4341 tu
2975 4291 3226 4356 templum
3261 4308 3450 4345 secun-

1870 4382 1995 4429 dum
2032 4378 2176 4429 illius
2206 4376 2611 4429 similitudinem
2641 4394 2658 4431 :
2687 4378 2881 4443 accipis
2908 4380 3045 4431 enim
3083 4382 3149 4432 ab
3183 4381 3295 4449 ipso
3327 4382 3452 4435 mis-

1872 4486 1987 4522 sum
2021 4468 2306 4538 Spiritum.
2339 4468 2577 4523 Omnino
2610 4470 2740 4523 illud
2771 4472 2834 4523 ab
2880 4472 3011 4540 ipso,
3043 4472 3186 4527 idem
3219 4484 3302 4529 est
3326 4490 3451 4528 cunt

178 4578 377 4630 μενον
405 4562 542 4629 παρ’
591 4562 780 4615 αὐτοῦ
815 4565 882 4615 τὸ
928 4565 1193 4632 Πνεῦμα.
1240 4566 1465 4628 Πάντως
1494 4567 1573 4628 τὸ,
1628 4569 1756 4634 παρ

1879 4562 1972 4615 illo
2023 4576 2087 4614 ex
2113 4562 2253 4631 ipso.
2290 4559 2356 4613 Et
2390 4574 2551 4613 nemo
2593 4561 2731 4611 adeo
2775 4560 2955 4614 infans
2974 4569 3137 4629 atque
3190 4563 3453 4631 insipiens

184 4652 592 4719 αὑτοῦ,,τοῦτο
643 4657 844 4707 ταυτὸν
898 4657 1135 4726 ὑπάρχει
1184 4657 1262 4727 τῷ
1293 4658 1362 4720 ἐξ
1410 4660 1621 4714 αὑτοῦ.
1660 4661 1769 4712 Καὶ

186 4748 369 4807 οὐδεὶς
407 4748 499 4797 ἐπὶ
530 4745 785 4799 τοεοῦτον
815 4748 1035 4816 ἀμαθὴς
1066 4752 1161 4800 καὶ
1191 4750 1439 4820 ἀνόητος,
1475 4751 1549 4814 ὡς
1574 4752 1767 4819 διαφο-

190 4839 292 4907 ρὰν
321 4840 419 4907 τὴν
453 4838 725 4909 τυχοῦσαν
773 4842 917 4893 νοεῖν
952 4842 1047 4892 ἐπὶ
1092 4841 1301 4895 τούτων
1333 4843 1396 4907 δὴ
1432 4843 1543 4895 τῶν
1575 4848 1770 4913 προθέ-

190 4947 353 4982 σεων.
392 4930 551 4983 Ἀλλὰ
580 4930 752 4983 ταῦτα
781 4932 880 4999 μὲν
909 4932 938 4983 ὅ
990 4948 1049 4983 τε
1097 4935 1273 5000 μέγας
1320 4934 1643 4997 ’Δθανάσιος
1675 4939 1771 4988 καὶ

186 5021 216 5072 ὁ
248 5019 391 5081 θεῖος
421 5020 811 5087 Χρυσόστομος
837 5037 851 5051 ·
882 5023 911 5072 ό
954 5022 1011 5073 δὲ
1044 5022 1526 5093 δογματικώτατος
1567 5028 1770 5096 Κύριλ-

186 5113 281 5172 λο;
313 5113 372 5162 ἐν
404 5113 620 5174 πολλοῖς
648 5114 758 5166 τῶν
790 5114 957 5165 αὑτοῦ
985 5115 1161 5182 λόγων
1210 5119 1305 5168 καὶ
1341 5108 1609 5182 πολλάκις
1638 5122 1769 5185 περὶ

187 5204 387 5256 τούτου
413 5204 693 5268 διέξεισιν.
736 5205 951 5258 Οὐκοῦν
981 5208 1049 5258 ὲν
1085 5207 1183 5275 μὲν
1219 5206 1297 5277 τῷ
1332 5208 1477 5276 λόγῳ
1510 5210 1586 5277 τῷ
1632 5212 1770 5280 πρὸς

189 5298 495 5363 Νεστόριον
520 5314 534 5328 ο
567 5298 637 5348 El
670 5298 767 5351 καὶ
801 5299 936 5351 ἐστι
964 5299 1030 5350 τὸ
1059 5299 1299 5367 Πνεῦμα
1329 5302 1400 5352 ἐν
1432 5305 1765 5356 ὑποστάσει

193 5387 382 5455 ιὸικῇ,
434 5389 536 5441 καὶ
584 5387 661 5453 δὴ
698 5390 797 5441 καὶ
848 5389 1077 5441 νοεῖται
1146 5392 1275 5443 καθ’
1312 5391 1515 5451 ἑαυτὸ,
1558 5396 1685 5445 καθ’
1739 5394 1770 5445 ὃ

194 5478 444 5546 Πνεῦμὰ
470 5481 605 5533 ἐστι
629 5481 737 5533 καί.
759 5483 872 5548 οὐχ
922 5482 1088 5546 Υἱός’
1126 5482 1267 5535 ἀλλ’
1306 5478 1424 5535 οὖν
1458 5484 1630 5535 ἐστιν
1663 5487 1773 5537 οὐκ

191 5574 525 5640 ἀλλότριον
551 5572 761 5625 αὐτοῦ.
796 5573 1041 5640 Πνεῦμα
1070 5576 1180 5641 γὰρ
1213 5576 1503 5641 ἀληθείας
1544 5575 1770 5644 ὠνόμα-

192 5680 360 5726 σται,
392 5665 493 5716 καὶ
520 5662 654 5716 ἐστι
682 5665 936 5731 Χριστὸς
961 5664 999 5731 ὴ
1039 5665 1314 5731 ἀλήθεια,
1350 5666 1447 5719 καὶ
1469 5668 1772 5736 προχεῖται

194 5756 334 5822 παρ’
373 5756 566 5808 αὐτοῦ
602 5755 872 5823 καθάπερ
902 5756 1109 5819 ἀμέλει
1142 5756 1241 5811 καὶ
1270 5758 1340 5809 ἐκ
1374 5759 1481 5811 τοῦ
1520 5764 1769 5825 Πατρόςυ

192 5848 254 5898 ἐν
290 5847 347 5899 δὲ
404 5847 481 5912 τῷ
523 5849 661 5915 πρὸς
701 5848 794 5898 τὸν
846 5846 1073 5914 βασιλέα
1102 5848 1386 5901 Θεοδόσιον
1411 5866 1424 5880 ·
1470 5850 1773 5904 Ἀπολύων

478 5944 744 6003 Ριτιιοιη
796 5947 910 6003 Gn.
940 5945 1131 6004 CXLI

1875 4654 2059 4716 fuerit,
2094 4654 2186 4722 qui
2215 4654 2295 4707 vel
2326 4655 2606 4708 minimam
2625 4654 2989 4708 differentiam
3019 4657 3161 4711 inter
3184 4657 3283 4712 has
3309 4674 3448 4727 pra:-

1873 4748 2173 4816 positiones
2236 4747 2643 4816 excoigitaverit.
2706 4746 2771 4799 Et
2806 4749 2916 4801 hinc
2948 4750 3169 4816 quidem
3220 4765 3451 4820 magnus

1873 4839 2209 4893 Athanasius
2244 4849 2298 4892 et
2336 4838 2557 4893 divinus
2632 4840 3064 4909 Chrysostomns
3093 4858 3104 4893 :
3145 4852 3197 4892 at
3229 4843 3281 4894 in
3310 4846 3443 4913 dog-

1874 4932 2115 4986 matibus
2144 4930 2514 5001 dijudicandis
2540 4932 3079 4998 pracellentissimus
3097 4932 3360 5004 Cyrillus,
3394 4939 3445 4988 in

1874 5024 2061 5079 multis
2087 5023 2202 5078 suis
2231 5023 2576 5078 orationibus
2599 5032 2653 5078 et
2681 5025 2982 5093 saepissime
3012 5026 3077 5079 de
3107 5027 3210 5079 hoc
3238 5040 3449 5080 sanno-

1875 5131 1998 5170 nem
2030 5116 2242 5184 digerit.
2282 5114 2344 5167 Et
2374 5116 2623 5169 oratione
2673 5128 2861 5169 contra
2899 5113 3209 5171 Nestorium
3250 5137 3262 5170 :
3297 5117 3446 5171 Licet

1878 5211 2115 5277 Spiritus
2145 5212 2199 5261 in
2229 5211 2449 5278 propria
2482 5209 2755 5277 [typostusi
2788 5210 2879 5273 sit,
2908 5222 2956 5264 et
3000 5212 3159 5264 etiam
3206 5228 3297 5281 per
3348 5214 3443 5267 sei-

1874 5320 2026 5371 psum
2078 5305 2412 5369 intelligatur
2438 5342 2452 5365 ,
2500 5303 2708 5355 ratione
2759 5319 2862 5370 qua
2895 5302 3126 5370 Spiritus
3161 5317 3235 5358 est
3269 5316 3317 5357 et
3349 5322 3451 5358 non

1880 5394 2078 5459 Filius,
2109 5393 2450 5446 nihilominus
2493 5409 2595 5447 non
2631 5404 2707 5448 est
2766 5396 2971 5448 alienus
3004 5396 3069 5447 ab
3097 5412 3177 5450 eo.
3214 5396 3448 5461 {Spiritus

1877 5489 2013 5541 enim
2064 5487 2307 5539 veritatis
2338 5486 2515 5540 dictus
2548 5497 2649 5550 est,
2681 5498 2724 5540 et
2761 5498 2835 5539 est
2881 5487 3126 5541 Christus
3153 5493 3365 5550 ναυτίας,
3401 5502 3449 5542 (ἰ

1873 5577 2166 5645 εΙῙιηιάίιυν
2192 5576 2257 5627 nb
2291 5577 2424 5643 ipso,
2458 5593 2517 5629 eo
2544 5577 2700 5629 modo
2739 5592 2841 5645 quo
2869 5584 2919 5628 et
2969 5592 3033 5629 ετ
3066 5574 3245 5629 Patre.
3290 5577 3352 5629 Et
3382 5580 3447 5629 ad

1877 5669 2257 5736 imperatorem
2314 5665 2699 5727 .Theodosium
2755 5684 2769 5721 :
2826 5666 3082 5720 Liberans
3136 5685 3169 5720 α
3218 5671 3448 5737 pctcatis

1875 5776 2015 5823 eum,
2041 5760 2129 5827 qui
2155 5759 2256 5821 ipsi
2277 5760 2534 5821 adliceret,
2568 5760 2780 5826 proiirio
2836 5759 3072 5825 deinceps
3103 5763 3252 5828 ungit
3315 5760 3446 5824 Syt-

1878 5853 2008 5918 ritu,
2055 5867 2204 5920 quem
2240 5852 2487 5904 immittit
2538 5853 2709 5921 ipsum
2752 5859 3006 5919 tanquam
3054 5869 3117 5905 ea:
3156 5852 3256 5908 Deo
3291 5852 3449 5906 Patre

2915 5948 2989 6011 37
