4206 6452
742 384 881 448 1167

1774 382 2284 446 CONSTANTINI
2327 383 2870 446 MELITENIOTzE

3856 386 3993 449 1153

732 516 856 569 quae
887 498 1039 554 nullo
1071 500 1230 552 modo
1290 496 1461 553 refelli
1498 507 1754 569 possunt,
1818 511 1871 555 et
1912 499 2308 554 dubitationem

2430 501 2778 553 παντάπασιν
2812 500 3023 562 οὔσαις,
3042 499 3134 551 καὶ
3163 498 3297 569 πρὸς
3331 497 3495 569 μηδὲν
3524 496 3760 568 ὁρώσαις
3785 498 3996 567 ἀμ’ξιεο

736 605 954 644 onmem
983 589 1251 644 eximunt.
1306 587 1441 654 Quis
1474 606 1536 643 ex
1576 589 1906 645 adversariis
1954 591 2123 660 igitur
2150 591 2313 644 etiam

734 681 849 735 haec
885 681 937 734 in
982 693 1136 735 suam
1171 678 1503 733 sententiam
1548 679 1843 745 invertere,
1892 679 2120 743 etsuis,
2178 693 2316 746 quas

742 774 859 843 ipse
893 772 945 824 in
991 785 1049 825 se
1082 773 1277 833 nutrit,
1312 771 1745 841 cogitationibus
1778 772 2035 839 adaptare
2086 772 2314 825 conabi-

733 863 869 915 tur?
894 860 1139 933 Namque
1186 865 1275 918 his
1309 879 1431 919 sese
1465 879 1745 935 opponere
1768 875 2137 935 praeterquam
2170 864 2313 933 quod

733 954 936 1010 frustra
961 971 1180 1025 operam
1234 957 1531 1022 insumere,
1572 958 1810 1010 maxime
1864 957 1913 1009 id
1958 959 2122 1010 etiam
2172 964 2318 1011 esset

735 1050 986 1117 proiecta:
1010 1049 1272 1114 audaciae,
1294 1048 1734 1118 quandoquidem
1761 1048 1837 1101 illi
1868 1058 1992 1101 sunt
2009 1047 2317 1117 apostolica:

739 1139 989 1194 Ecclesia:
1053 1142 1273 1195 nemine
1344 1156 1571 1209 prorsus
1650 1140 2001 1210 discrepante
2076 1141 2317 1195 illustres

738 1229 1003 1309 magistri,
1039 1242 1439 1302 proptereaque
1463 1233 1597 1297 illis,
1632 1229 1893 1302 tanquam
1927 1232 2017 1301 qni
2053 1232 2317 1285 continuo

734 1339 859 1377 cum
907 1323 1115 1392 Spiritu
1172 1325 1552 1394 eloquuntur,
1613 1338 1845 1393 prorsus
1902 1323 2315 1377 assentiendum

733 1425 836 1469 est.
881 1415 985 1470 Sed
1020 1417 1072 1469 hi
1104 1417 1321 1486 quidem
1349 1416 1448 1470 hac
1480 1417 1696 1470 ratione
1730 1417 1941 1487 digesta
1974 1424 2133 1469 antea
2170 1414 2315 1469 dicta

736 1506 925 1575 robur,
953 1505 1191 1575 illudque
1224 1506 1360 1559 citra
1398 1519 1619 1559 omnem
1649 1505 2085 1561 controversiam
2113 1505 2317 1560 habere

714 1598 839 1651 'suu
866 1598 1179 1651 testimonio
1208 1598 1627 1653 conﬁrmarunt.

807 1678 896 1741 H.
959 1687 1030 1742 Ut
1082 1704 1233 1754 vero,
1278 1690 1423 1758 quod
1486 1706 1628 1744 nunc
1673 1691 1942 1761 quaeritur
2000 1705 2028 1742 a
2092 1690 2314 1758 multis,

2420 593 2746 662 ὁητήσιμον.
2774 594 2867 655 Τίς
2895 592 3004 644 τῶν
3022 590 3431 660 ἀνθεστηκότων
3462 586 3645 643 λοιπὸν
3672 590 3998 659 διαστρέψαι

2420 684 2766 754 πειράσεται,
2794 685 2885 735 καὶ
2916 682 3117 745 ταύτας
3144 684 3281 751 πρὸς
3330 682 3391 735 τὸ
3422 681 3613 734 δοκοῦν
3667 684 3864 752 ἑαυτῷ,
3898 686 3997 735 καὶ

2418 779 2549 839 τοῖς.
2580 772 2691 839 οἷος
2732 776 2891 838 αὐτὸς
2922 776 3062 845 ἔχων
3118 774 3244 828 νοῦν
3279 776 3415 837 ὅλως
3447 776 3541 827 καὶ
3572 774 3819 845 λογισμῷ
3863 776 4001 828 διο.-

2418 869 2682 939 κούμενος
2709 885 2723 935 ;
2758 870 2830 920 Τὸ
2870 869 2978 938 γὰρ
3019 869 3296 922 ἀντειπεῖν
3327 869 3437 929 τοῖς
3466 867 3716 936 είρηκόσι
3742 868 3877 936 πρὸς
3915 869 3996 936 τῷ

2418 961 2594 1030 πάντη
2628 961 2913 1030 τυγχάνειν
2936 960 3199 1026 ἀνήνυτον
3222 958 3318 1011 καὶ
3345 957 3466 1009 λίαν
3497 958 3639 1009 ἔοικε
3675 958 3953 1027 τολμηρόν
3976 975 3992 988 ·

2418 1052 2649 1119 ἐπείπερ
2707 1052 2806 1121 τῆς
2848 1050 3223 1119 ἀποστολικῆς
3279 1049 3611 1116 Ἑκκλησίάς
3672 1053 3998 1117 περιφανεῖς

2417 1140 2866 1209 ὁμολογουμένως
2890 1140 3199 1192 διδάσκαλοι
3224 1154 3236 1166 ·
3273 1138 3356 1190 διὸ
3374 1140 3516 1191 κάπὶ
3541 1140 3675 1190 πᾶσι
3710 1138 3997 1189 πείθεσθαι

2417 1231 2631 1294 τούτοις
2660 1231 2787 1293 τοὺς
2824 1232 3034 1293 πάντας
3069 1229 3269 1300 χρεὼν,
3307 1224 3396 1282 οἷα
3440 1229 3706 1300 διηνεκῶς
3757 1227 3998 1295 φθεγγοο

2423 1323 2604 1394 μένοις
2656 1322 2793 1392 μετὰ
2826 1321 2920 1374 τοῦ
2953 1322 3293 1391 Πνεύματος.
3356 1320 3498 1372 Ἀλλ’
3553 1319 3697 1371 οὕτω
3727 1319 3827 1387 μὲν
3850 1315 4000 1372 οὗτοι

2418 1415 2517 1477 τὰς
2545 1414 2970 1485 προεκτεθείσας
3019 1415 3291 1482 πατρικὰς
3315 1416 3539 1483 χρήσεις
3562 1413 3626 1464 τὸ
3653 1412 3871 1480 ἰσχυρὸν
3904 1416 4002 1464 καὶ

2419 1506 2823 1574 ἀναμφίλεκτον
2876 1505 3020 1575 ἔχειν
3054 1505 3396 1558 ιόεϐαίωσαν
3434 1504 3525 1558 διὰ
3575 1506 3685 1557 τῶν
3728 1503 3995 1555 ’τοιούτων

2425 1597 2760 1668 μαρτυριῶν.
2790 1616 2793 1617 ⁷

2494 1696 2583 1744 ια’.
2620 1690 2740 1744 Ἵνα
2766 1689 2822 1742 δὲ
2847 1690 2940 1742 καὶ
2965 1688 3026 1742 τὸ
3054 1688 3388 1760 ζητούμενον
3440 1689 3593 1759 παρὰ
3644 1690 3753 1741 τῶν
3781 1691 3965 1743 πολλῶ
3983 1711 4000 1740 ι

735 1780 1039 1834 absolutius
1099 1794 1290 1833 rursus
1350 1793 1444 1849 per
1493 1780 1702 1849 scripto
1753 1782 1949 1835 tradita
2006 1780 2315 1833 testimonia

2426 1778 2750 1847 τελεώτερον
2775 1778 2864 1831 διὰ
2903 1778 3193 1848 γραφικῶν
3231 1774 3387 1839 αὖθις
3428 1780 3680 1848 χρήσεων
3712 1782 4004 1849 παραστή-

736 1874 1217 1935 demonstremus,
1276 1872 1785 1941 perspicacissimus
1851 1872 2194 1942 Epiphanius
2256 1870 2308 1923 in

2426 1885 2616 1937 τωμεν,
2640 1870 2668 1921 ὁ
2691 1868 2793 1951 μὲν
2815 1868 3271 1939 διορατικώτατος
3305 1867 3623 1936 Ἐπιφάνιος
3640 1871 3695 1921 ἐν
3717 1870 3794 1939 τῷ
3812 1872 4004 1939 οἰκείῳ

738 1963 953 2032 prepria
995 1964 1263 2023 oratione.
1298 1964 1384 2015 cui
1414 1978 1611 2017 nomen
1661 1972 1744 2017 est
1797 1965 2094 2035 Ancyroto,
2140 1963 2315 2031 Spiri-

2426 1960 2558 2027 λὸγῳ
2587 1958 2665 2030 τῷ
2688 1961 2836 2037 οὕτω⁸
2862 1977 2981 2021 πως
3007 1960 3329 2030 καλουμένῳ
3369 1960 3720 2030 ’Λγκυρωτιῖ›,
3753 1962 4004 2028 Πνεῦμα

738 2066 822 2105 tus
878 2063 1112 2115 sanctus,
1173 2053 1287 2115 ait,
1337 2069 1437 2121 non
1487 2053 1675 2122 fratris
1717 2053 1927 2121 frater,
1990 2071 2092 2108 non
2134 2053 2317 2109 Patris

2426 2051 2609 2120 ἅγιον,
2645 2051 2829 2123 φησὶν,
2863 2053 2936 2105 οὐ
2964 2051 3377 2119 συνάδελφον,
3431 2054 3506 2105 οὐ
3550 2052 4001 2120 narpddelgor,

738 2146 925 2214 frater,
960 2143 1049 2196 sed
1087 2158 1151 2195 ea:
1196 2145 1312 2212 ipsa
1367 2146 1595 2197 essentia
1638 2143 1826 2197 Patris
1869 2155 1915 2197 et
1956 2144 2132 2208 Filii;
2176 2156 2229 2200 et
2263 2148 2317 2201 in

2426 2142 2558 2196 ἀλλ’
2578 2142 2647 2195 ἐκ
2670 2142 2783 2210 τῆς
2818 2140 3007 2208 αὐτῆς
3038 2143 3254 2208 οὐσίας
3277 2143 3508 2210 Πατρός
3540 2143 3638 2197 καὶ
3666 2144 3800 2197 flat":
3835 2159 3848 2172 ·
3883 2147 3913 2195 ὁ

737 2237 901 2291 rebus
930 2236 1133 2291 divinis
1179 2237 1495 2305 praecellens
1547 2236 1784 2305 Cyrillus
1816 2239 1869 2290 in
1924 2252 2033 2291 uno
2090 2237 2316 2292 secundi

736 2310 1143 2382 Thesa‘urorum
1172 2330 1347 2397 capite
1380 2329 1491 2382 ait:
1549 2329 1863 2382 Decernenta
1885 2331 2060 2398 itaque
2087 2329 2315 2394 Christo,

720 2417 789 2474 .in
839 2420 953 2489 ipso
989 2432 1035 2474 et
1101 2434 1167 2474 ea:
1230 2422 1343 2489 ipso
1399 2422 1714 2474 naturaliter
1766 2422 2019 2474 exsistere
2060 2420 2320 2489 Spiritum

736 2521 891 2559 suum
921 2508 1174 2563 decernit.
1198 2508 1511 2577 Iteruntque
1540 2510 1593 2561 in
1626 2508 1735 2563 alio
1758 2508 1825 2562 de
1858 2510 2059 2578 Spiritu
2089 2520 2317 2564 sancto:

741 2594 829 2649 Uti
860 2606 923 2650 ea:
957 2599 1183 2651 essentia
1209 2600 1464 2652 exsistens
1498 2600 1864 2653 distribuentis
1896 2600 2032 2652 illud
2075 2600 2316 2665 Sanctis,

738 2687 933 2751 Christi
967 2689 1189 2743 scilicet.
1236 2688 1302 2742 Et
1336 2690 1389 2744 in
1413 2690 1558 2744 alio:
1594 2688 1819 2744 Necesse
1858 2700 1935 2744 est
1966 2690 2134 2760 igitur
2163 2690 2325 2758 fateri

737 2778 893 2832 illum
925 2794 1038 2833 esse
1086 2794 1151 2832 ex
1206 2782 1436 2833 essentia
1462 2778 1595 2833 Filii
1653 2792 1700 2833 et
1758 2779 1878 2843 Dei,
1915 2796 2120 2833 omnem
2168 2779 2320 2831 illius

737 2871 1047 2939 facultatem
1070 2884 1118 2926 et
1151 2873 1509 2941 operationem
1539 2872 1914 2939 possidentem.
1940 2873 2071 2926 Item
2102 2872 2156 2926 in
2183 2872 2322 2925 alio:

745 2962 971 3016 Nullum
1014 2965 1189 3033 itaque
1246 2962 1451 3017 Paulus
1486 2974 1691 3018 natum
1748 2964 2036 3018 discrimen
2095 2962 2228 3017 Filii
2276 2972 2327 3017 et

741 3054 975 3125 Spiritus
1027 3058 1198 3109 sancti
1244 3057 1480 3125 agnoscit
1518 3099 1534 3123 ,
1596 3058 1684 3111 sed
1746 3054 1905 3111 veltiti
1940 3072 2004 3111 ea:
2042 3058 2157 3125 ipso
2185 3066 2235 3110 et
2273 3057 2329 3108 in

2421 2238 2490 2289 τὰ
2524 2234 2644 2287 Θεϊα
2682 2236 2843 2304 σοφὸς
2896 2235 3166 2306 Κύριλλος
3196 2237 3253 2288 ὲν
3298 2237 3378 2287 ἐνὶ
3408 2235 3518 2287 τῶν
3561 2235 3877 2304 κεφαλαίων
3906 2235 4003 2286 τεῦ

2422 2329 2677 2398 δευτέρου
2702 2327 2848 2396 λέγει
2870 2328 2978 2381 τῶν
3006 2328 3312 2397 Θησαυρῶν
3332 2344 3346 2358 ·
3374 2330 3673 2396 Νομοθετο
3684 2330 3862 2392 ῦντος
3886 2346 3977 2379 τοι

2425 2420 2650 2488 ταροῦν
2682 2420 2790 2472 τοῦ
2838 2420 3119 2487 Χριστοῦ,
3162 2421 3239 2483 ὠς
3275 2420 3346 2471 ἐν
3376 2418 3540 2484 αὐτῷ
3572 2419 3670 2471 καί
3701 2419 3769 2483 ἐξ
3812 2420 4005 2472 αὐτοῦ

2424 2509 2699 2579 φυσικῶς
2733 2510 3012 2579 ὑπάρχον
3048 2510 3115 2562 τὸ
3158 2510 3405 2579 Πνεῦμα
3437 2511 3624 2563 αὺτοῦ
3674 2509 4002 2578 νομοθετεῖ.

2427 2604 2534 2656 Καὶ
2564 2603 2726 2655 πάλιν
2778 2606 2835 2655 ὲν
2883 2603 3027 2673 ἄλλῳ
3054 2603 3185 2671 περὶ
3221 2604 3313 2655 τοῦ
3352 2604 3665 2671 Πνεύματος
3690 2618 3704 2631 ⁸
3746 2602 3845 2669 Ὧς
3896 2605 4007 2672 γὰρ

2426 2695 2537 2764 τῆς
2568 2697 2786 2762 οὐσίας
2810 2697 3091 2765 ὑπάρχον
3122 2695 3232 2763 τῆς
3285 2696 3392 2750 τοῦ
3428 2696 3835 2766 χορηγοῦντος
3878 2696 4007 2761 τοῖς

2426 2789 2640 2857 ἁγίοις,
2669 2788 2926 2854 Χριστοῦ
2950 2787 3212 2854 δηλαδή.
3246 2788 3356 2840 Καὶ
3397 2790 3456 2839 ὲν
3490 2789 3661 2857 ὲτέρτρ
3689 2804 3701 2816 ·
3743 2786 4006 2853 Ἀνάγκη

2426 2880 2646 2933 λοιπὸν
2674 2882 2742 2933 ἐκ
2778 2878 2888 2945 τῆς
2923 2881 3140 2944 οὐσίας
3178 2878 3475 2947 ὑπάρχειν
3508 2878 3827 2947 ὁμολογεῖν
3851 2880 4006 2929 αὐτο

2427 2970 2539 3038 τῆς
2592 2971 2699 3024 τοῦ
2752 2971 2890 3023 Υιοῦ
2932 2972 3028 3023 καὶ
3062 2970 3231 3033 Θεοῦ,
3295 2970 3504 3021 πᾶσαν
3540 2969 3729 3023 αἰετοῦ
3772 2967 3887 3032 τήν
3942 2984 4005 3018 τε

2426 3062 2686 3132 δύναμιν
2714 3063 2813 3115 καὶ
2848 3060 2964 3128 τὴν
2995 3060 3303 3129 ἐνέργειαν
3332 3061 3498 3130 ἕχον,
3535 3062 3644 3112 Καὶ
3677 3059 3741 3112 αὖ
3764 3061 3822 3113 ἐν
3856 3059 4005 3127 ἄλλῳ

739 3148 854 3215 ipso
917 3147 1236 3200 naturaliter
1276 3148 1616 3201 exsistentem
1667 3148 2047 3202 dominationis
2113 3149 2323 3201 nomine

2428 3156 2630 3227 φησίνο
2674 3155 2975 3222 οὐδεμίαν
3004 3155 3120 3221 ἄρα
3167 3155 3410 3222 φύσεως
3448 3150 3613 3207 οἶδεν
3658 3156 3692 3206 ό
3757 3153 4007 3217 Παῦλος

737 3239 975 3309 insignit.
1010 3236 1117 3292 Nec
1159 3254 1265 3292 non
1300 3240 1354 3292 in
1384 3241 1491 3325 alio
1525 3258 1539 3295 :
1573 3238 1753 3308 Igitur
1810 3254 1874 3293 es:
1918 3240 2145 3293 essentia
2184 3239 2318 3292 Filii

2426 3222 2718 3317 διαφορὰν
2774 3246 2884 3314 τῆς
2942 3245 3049 3299 τοῦ
3100 3245 3234 3298 Υέοῦ
3267 3246 3363 3298 καὶ
3406 3246 3579 3314 ἁγίου
3630 3247 4004 3314 Πνεῦματος,

741 3332 997 3397 Spiritus.
1036 3333 1183 3384 Idem
1234 3334 1289 3384 in
1316 3332 1658 3402 expositione
1698 3332 1974 3402 Evangelii
2011 3331 2314 3387 secundum

2426 3342 2556 3396 ἀλλ’
2606 3341 2688 3405 ὠς
2715 3338 2784 3403 ἐξ
2818 3338 3009 3392 αὐτοῦ
3043 3339 3141 3391 καὶ
3178 3338 3248 3390 ἐν
3291 3337 3449 3402 αὐτῷ
3498 3336 3772 3407 φυσικῶς
3816 3338 4009 3391 ὑπιὲο-

739 3423 1026 3487 Joannem,
1080 3425 1132 3477 in
1166 3425 1317 3488 illud,
1372 3443 1390 3475 t
1432 3423 1555 3478 Non
1599 3425 1848 3495 loquetur
1895 3442 1929 3478 a
1961 3429 2260 3495 semetipsa.
2294 3445 2311 3478 s

744 3515 1027 3579 Propterea
1052 3515 1147 3567 hoc
1188 3515 1462 3579 adnexuit,
1505 3512 1732 3568 Ventura
1774 3516 2113 3568 annuntiabit
2143 3516 2319 3571 vobis:

742 3605 995 3669 Prorsus,
1020 3608 1211 3676 inquit,
1232 3624 1296 3661 ea:
1323 3623 1437 3660 mea
1453 3608 1680 3662 essentia
1712 3605 1942 3677 Spiritus
1964 3616 2062 3670 est,
2088 3617 2138 3662 et
2170 3610 2323 3678 quasi

742 3714 887 3751 mens
919 3715 1035 3751 mea
1066 3710 1166 3760 est,
1199 3701 1274 3752 ita
1327 3709 1382 3752 ut
1415 3702 1686 3754 annuntiel
1733 3716 1877 3769 aeque
1913 3712 2068 3771 atque
2108 3718 2200 3771 ego
2227 3703 2316 3771 fu-
2348 3712 2351 3717 ‘

746 3801 886 3843 tura.
940 3789 1014 3842 Ex
1049 3791 1133 3844 his
1161 3790 1324 3845 dictis
1354 3791 1523 3845 divini
1555 3791 1741 3862 Cyrilli
1775 3793 1982 3846 nullum
2014 3802 2133 3857 est,
2169 3793 2315 3855 quod

744 3884 1087 3952 expositione
1139 3884 1398 3953 indigeat.
1459 3884 1555 3939 His
1603 3886 1749 3939 enim
1813 3886 2068 3941 omnibus
2132 3898 2317 3955 aperte

744 3976 1156 4039 demonstravit,
1213 3974 1476 4045 Spiritum
1542 3987 1793 4032 sanetum
1840 3992 1961 4032 esse
2015 3979 2184 4033 etiam
2250 3992 2315 4031 ex

753 4065 1068 4136 Unigenito,
1103 4066 1464 4136 Epiphanium
1503 4067 1701 4136 pietate
1729 4068 1990 4140 inclytum
2029 4070 2323 4138 prudenter

745 4175 1004 4227 sequens,
1033 4161 1190 4230 cujus
1219 4162 1427 4215 dictum
1452 4162 1536 4215 uti
1580 4176 1639 4217 se
1676 4161 1839 4217 habet
1873 4164 2111 4232 propriis
2139 4162 2323 4218 verbis

746 4268 908 4321 supra
946 4254 1325 4306 recitavimus.

2421 3452 2534 3505 χον
2564 3434 2642 3497 τῷ
2670 3431 2783 3500 τῆς
2813 3432 3166 3499 κυριότητος
3195 3431 3439 3498 ὀνόματι
3472 3430 3663 3485 καλεῖ.
3698 3432 3806 3483 Καὶ
3838 3430 4008 3482 πάλιν

2422 3528 2480 3578 ὲν
2512 3525 2725 3592 ὲτέρῳο
2774 3520 3019 3574 Οὐκοῦν
3055 3523 3125 3574 ἐκ
3181 3520 3293 3588 τῆς
3342 3523 3560 3588 οὐσίας
3598 3522 3706 3575 τοῦ
3770 3523 3906 3575 Υἱοῖ-
3940 3528 4007 3575 το

2425 3616 2689 3685 Πνεῦμα.
2733 3615 2793 3667 '0
2817 3616 2980 3676 αὐτὸς
3011 3616 3069 3668 ἐν
3099 3616 3165 3684 τῇ
3200 3615 3472 3684 ἑρμηνεία
3510 3614 3605 3666 τοῦ
3639 3616 3781 3667 κατᾶ
3819 3616 4012 3669 Ἰωαν-

2425 3727 2524 3778 νην
2553 3707 2890 3775 Εὑαγγελίου
2921 3708 2999 3769 είς
3028 3707 3107 3766 τὸ,
3145 3724 3164 3756 ι
3207 3709 3290 3758 Οὐ
3316 3707 3426 3774 γὰρ
3452 3707 3716 3770 λαλήσει
3742 3706 3837 3773 ἐφ’
3865 3706 4006 3758 ἐαυ-

2423 3800 2529 3853 τοῦ
2563 3814 2580 3831 ·
2624 3819 2643 3851 s
2702 3799 2804 3850 Διά
2842 3798 2954 3867 γάρ
3000 3814 3090 3850 τοι
3115 3796 3291 3849 τοῦτο
3322 3797 3752 3864 προστέθεικεν
3787 3798 3877 3849 ὅτι
3921 3801 4003 3851 Ta

2424 3892 2718 3959 ἐρχόμενα
2740 3888 3063 3959 ἀναγγελεῖ
3101 3889 3275 3958 ἡμῖν·
3310 3889 3397 3941 ὅτι
3420 3888 3494 3957 δὴ
3533 3888 3769 3954 πάντως
3793 3889 3863 3942 ἐκ
3894 3888 4009 3955 τῆς

2421 3983 2573 4050 ἐμῆς
2599 3983 2818 4047 οὐσίας
2857 3983 2925 4032 τὸ
2957 3981 3201 4049 Πνεῦμά
3221 3981 3373 4044 ἐστι,
3407 3980 3503 4032 καὶ
3550 3976 3680 4033 οἷον
3705 3982 3847 4048 ἐμός
3873 3981 4011 4032 ἐστι

2424 4076 2593 4142 νοῦς,
2630 4075 2710 4141 τῷ
2745 4074 2906 4142 ἐρεῖν
2944 4074 3133 4128 αὑτὸν
3154 4075 3228 4127 τὰ
3255 4075 3543 4142 ἐσόμενα,
3569 4072 3835 4140 καθάπερ
3867 4074 4008 4141 ἐμὲ).

2428 4168 2652 4221 Τούτων
2705 4168 2860 4220 οὐδὲν
2892 4167 3124 4230 οὑδὸλως
3170 4166 3431 4235 δεόμενον
3466 4167 3768 4235 σαφηνείας
3793 4166 3948 4227 τινος
3986 4169 4015 4217 ὁ

2432 4256 2722 4319 θεσπέσιος
2750 4252 2872 4309 εἷπε
2903 4256 3197 4323 Κύριλλος.
3234 4254 3334 4306 Διά
3381 4254 3490 4323 γὰρ
3536 4254 3754 4308 πάντων
3791 4254 4016 4320 άπεφή.

749 4358 880 4394 νατο
907 4342 1162 4413 καθαρῶς
1199 4340 1338 4397 εἶναι
1377 4345 1437 4397 τὸ
1461 4347 1621 4413 ἅγιον
1652 4345 1878 4415 Πνεῦμα
1938 4348 2049 4398 κάκ
2081 4343 2178 4397 τοῦ
2231 4345 2593 4417 Μονογενοῦς,
2653 4347 3034 4418 ἀκολουθήσας
3092 4345 3280 4408 καλῶς
3329 4344 3635 4416 Ἐπιφανίῳ
3699 4343 3777 4413 τῷ
3812 4344 4017 4410 κλεισίῳ

746 4435 869 4489 κατ’
900 4436 1201 4492 εὐσέὸειαν.
1221 4430 1281 4489 οὗ
1300 4435 1397 4506 τὴν
1430 4438 1589 4507 ῥῆσιν
1608 4436 1682 4500 ὡς
1703 4437 1793 4489 ἐπ’
1813 4437 1985 4506 αὐτῆς
1999 4438 2098 4507 τῆς
2123 4436 2320 4502 λέξεως
2358 4439 2471 4510 ἔχει
2497 4442 2595 4492 καὶ
2625 4437 3083 4509 προτεθείκαμεν.

822 4528 909 4581 12.
945 4527 1085 4581 Sunt
1115 4529 1472 4583 nihilominus
1495 4544 1563 4584 ex
1601 4529 1929 4584 adversariis
1966 4529 2167 4597 nostris
2189 4529 2319 4615 "plu-

2448 4600 2451 4601 ν
2496 4531 2591 4601 ιβ’.
2626 4532 2817 4602 Ὅμως
2870 4533 2917 4586 δ’
2962 4533 3056 4587 οὖν
3116 4533 3221 4586 κάν
3254 4532 3469 4593 τούτοις
3515 4530 3654 4583 είσὶν
3700 4529 3833 4582 ἔνιοι
3896 4530 4017 4581 τῶι

749 4620 899 4683 rimi,
931 4620 1025 4689 qui
1055 4622 1391 4674 contentiose
1414 4621 1575 4676 nimis
1601 4630 1767 4692 atque
1797 4621 2163 4676 inverecunde
2192 4621 2328 4676 adeo

750 4721 1027 4782 patentem
1082 4713 1367 4766 veritatem
1393 4724 1733 4782 oppugnant,
1760 4712 2060 4781 dicuntque
2081 4713 2328 4767 divinum

751 4804 901 4858 hunc
927 4802 1166 4865 Patrem,
1208 4804 1510 4873 sapientem
1541 4820 1733 4875 nempe
1773 4805 2067 4876 Cyrillum,
2098 4806 2158 4859 in
2211 4804 2328 4874 ple-

751 4899 940 4967 risque
966 4897 1050 4951 his
1081 4899 1195 4951 suis
1218 4896 1376 4951 dictis
1405 4911 1469 4950 ea:
1486 4898 1709 4949 essentia
1734 4896 1886 4961 Filii,
1921 4897 1989 4949 ad
2037 4894 2330 4965 Epiphanii

751 5000 991 5047 mentem
1049 4989 1226 5058 palam
1277 4991 1672 5058 pronuntiare,
1735 4988 2001 5043 exsistere
2061 4985 2326 5055 Spiritum

753 5092 1025 5147 sanctum,
1062 5082 1156 5136 sed
1209 5082 1261 5135 in
1301 5082 1499 5149 quibus
1540 5080 1803 5149 reperitur
1841 5079 1911 5133 de
1944 5076 2087 5131 Filio
2122 5091 2333 5132 sermo-

753 5190 879 5231 nem
908 5174 1107 5229 habere
1149 5190 1338 5230 rursus
1372 5176 1689 5228 naturaliter
1740 5173 1940 5227 addere
1974 5190 1988 5225 :
2036 5186 2213 5241 neque
2241 5172 2330 5224 in-

754 5265 928 5320 veniri
960 5264 1220 5334 Spiritum
1258 5275 1507 5320 sanctum
1536 5263 1857 5333 simpliciter
1889 5261 2110 5315 nonnisi
2136 5260 2327 5314 addito

754 5358 1075 5413 naturaliter
1100 5359 1394 5412 decernere
1421 5372 1487 5411 ex
1518 5354 1684 5418 Filio,
1717 5363 1774 5408 et
1803 5370 1869 5408 ex
1893 5353 2135 5408 essentia
2162 5352 2330 5423 illius,

756 5450 834 5504 uti
889 5451 1094 5503 dictum
1165 5456 1287 5512 est,
1344 5447 1399 5501 in
1447 5446 1638 5515 majori
1684 5455 1844 5517 parte
1901 5446 2103 5499 horum
2153 5446 2332 5499 dicto-

752 5555 875 5597 rum
904 5542 1171 5595 enuntiat.
1214 5538 1432 5594 Scimus
1453 5553 1619 5608 porro
1647 5553 1840 5593 omnes
1861 5536 2110 5605 ejusdem
2144 5551 2333 5591 essen-

754 5634 843 5689 tia:
880 5642 1039 5702 atque
1085 5641 1297 5687 natura:
1326 5633 1464 5687 citra
1496 5631 1666 5685 ullum
1707 5631 2002 5685 discrimen
2037 5645 2163 5684 cum
2188 5628 2333 5683 Filio

753 5739 875 5780 esse
903 5722 1166 5793 Spiritum
1196 5731 1468 5787 sanctum,
1499 5733 1554 5776 et
1577 5724 1679 5776 hoc
1700 5736 1823 5776 esse
1853 5720 2054 5790 dogma
2096 5719 2332 5775 catholi-

756 5829 880 5873 cum
908 5818 1000 5891 ab_
1022 5818 1251 5887 antiquo
1284 5826 1527 5886 tempore
1558 5814 1815 5871 Ecclesiae
1842 5804 2123 5869 traditum.
2168 5812 2335 5880 Igitur

2432 4623 2686 4676 πλεῖστον
2718 4625 2891 4687 ἀδεῶς
2923 4624 3324 4690 ἀντικειμένων
3369 4624 3525 4691 ἡμῖν,
3581 4620 3631 4673 οἳ
3684 4618 4019 4687 φιλονείκως

2432 4715 2569 4785 πρὸς
2600 4718 2845 4786 φανερὰν
2872 4715 3046 4778 οὕτως
3072 4715 3337 4785 ἀλήθειαν
3376 4712 3808 4783 ἀναισχυντοῦσι
3842 4723 4019 4781 μαχο-

2437 4824 2610 4878 μενοι,
2645 4809 2740 4860 καί
2770 4825 2937 4877 φασιν
2960 4807 3035 4873 ὡς
3068 4809 3096 4860 ὁ
3129 4807 3273 4870 Θεῖος
3309 4806 3501 4877 Πατὴρ
3558 4799 3737 4868 οὗτος,
3784 4808 3813 4857 ὁ
3850 4810 4018 4871 σοφὸς

2430 4900 2674 4969 δηλονότι
2709 4900 3003 4970 Κύριλλος,
3035 4903 3094 4953 ὲν
3126 4899 3226 4970 μέν
3247 4916 3330 4951 τοι
3359 4900 3472 4961 τοίς
3496 4897 3707 4950 πλείοσι
3741 4896 3854 4948 τῶν
3885 4897 4019 4949 ἑαυ-

2432 4993 2526 5044 τοῦ
2562 4993 2769 5045 τούτων
2795 4993 2982 5063 ῥητῶν
3037 4993 3106 5045 ὲκ
3165 4991 3276 5060 τῆς
3303 4990 3527 5054 οὐσίας
3557 4988 3665 5042 τοῦ
3703 4988 3841 5041 Υίοῦ
3874 4993 4019 5040 κατὰ

2430 5085 2524 5136 τον
2594 5086 2907 5155 μακαρίτην
2969 5085 3288 5153 Ἐπιφάνιον
3372 5081 3739 5148 καταγγέλλει
3798 5083 4019 5148 τρανῶς

2432 5173 2698 5242 ὑπάρχειν
2724 5174 2783 5224 τὸ
2820 5173 3043 5242 Πνεῦμα
3074 5175 3134 5226 τὸ
3162 5173 3318 5241 ἆγιον
3346 5188 3360 5203 ⁸
3386 5177 3444 5225 ὲν
3462 5173 3611 5232 ὅσοις
3631 5170 3675 5223 δ’
3696 5171 4019 5239 supinant

2432 5261 2608 5329 λέγων
2635 5264 2701 5314 ἐκ
2725 5262 2820 5314 τοῦ
2850 5263 2979 5314 Υἱοῦ
3010 5263 3170 5316 πάλιν
3190 5265 3253 5315 τὸ
3275 5261 3551 5331 φυσικῶς
3580 5264 3758 5314 ὲκείσε
3791 5264 4021 5331 προστί-

2435 5353 2596 5423 θησιν
2621 5352 2791 5412 ὀὔτε
2830 5354 2888 5407 δὲ
2913 5354 3166 5423 φαίνεται
3199 5354 3261 5406 τὸ
3296 5353 3521 5423 Πνεῦμα
3546 5352 3604 5403 τὸ
3633 5352 3791 5418 ἆγιον
3830 5350 4023 5411 ἁπλῶς

2431 5446 2776 5513 δογματίζων
2808 5448 2874 5499 ἐκ
2934 5445 3030 5499 τοῦ
3080 5444 3212 5498 Υίοῦ
3260 5444 3384 5513 δίχα
3428 5442 3525 5495 τοῦ
3566 5438 3869 5511 φυσικῶς,
3905 5442 4020 5493 κάκ

2434 5539 2531 5608 τῆς
2565 5539 2753 5600 οὐσίας
2791 5538 2982 5604 αὐτοῦ,
3010 5539 3262 5608 καθάπερ
3307 5536 3550 5608 εἴρηται,
3580 5534 3745 5586 τοῦτο
3770 5534 4021 5600 θεολογεί

2435 5634 2548 5694 τοῖς
2568 5631 2678 5683 τῶν
2701 5630 2960 5684 τοιούτων
2986 5630 3168 5701 ῥητῶν
3199 5629 3465 5682 ττλείοσιν,
3504 5629 3693 5696 Ἰσμεν
3718 5627 3778 5678 δὲ
3813 5625 4020 5686 πάντες

2434 5724 2537 5793 τῆς
2560 5723 2727 5793 αὐτῆς
2761 5723 2951 5786 οὐσίας
2991 5726 3087 5776 καὶ⁵
3121 5738 3343 5791 φυσεως
3390 5718 3840 5790 ἀπαραλλάκτως
3872 5714 3937 5770 δν
3960 5716 4021 5766 τὸ

2440 5812 2663 5882 Πνεῦμα
2720 5812 2783 5865 τὸ
2832 5811 2992 5881 ἅγιον
3046 5810 3126 5881 τῷ
3185 5810 3319 5881 Υίῷ,
3367 5811 3463 5864 καὶ
3511 5807 3672 5861 τοῦτο
3722 5804 4022 5861 καθολικὸν
