4206 6452
710 369 845 432 1183

1732 364 1869 426 CUN
1886 365 2149 424 STANTI
2166 365 2246 421 fil
2284 362 2830 424 ΜΕΙΛΤΕΝΙΟΤΑΞ

3825 358 3961 421 1184

707 477 846 529 ritus
895 472 1189 542 Gregorius
1246 470 1432 524 dicens
1501 469 1576 523 nil
1643 471 1811 536 aliud,
1867 473 1961 525 sed
2018 471 2279 539 Spiritum

2394 471 2493 525 τινι
2530 469 2617 539 μὴ
2667 470 2817 524 Θεὸν
2856 469 3138 523 ἀπολέσω
3166 469 3266 522 διὰ
3319 468 3429 534 τῆς
3474 469 3691 538 ὗσρεως
3725 474 3821 524 καὶ
3856 473 3963 540 τῆς

710 562 1054 630 proportione
1094 561 1440 627 signiﬁcavit:
1495 570 1548 613 et
1581 562 1805 628 hujusce
1851 561 2116 614 indicium
2171 570 2274 624 est,

702 655 850 719 quod
884 652 1043 721 paulo
1074 660 1199 705 ante
1226 653 1279 704 in
1311 652 1501 705 eadem
1537 654 1797 721 pericupe
1836 652 2157 716 insinuavit,
2190 652 2276 704 ubi

2390 566 2606 619 ἀδίκου
2640 560 3003 631 κατατομῆς,
3038 561 3075 625 ἢ
3102 562 3209 613 τὸν
3256 561 3397 614 Υίὸν
3433 561 3665 628 τέμνων
3702 565 3821 617 ἀπὸ
3856 568 3964 620 τοῦ

2383 654 2635 721 Πατρός,
2662 652 2699 719 ἢ
2733 652 2851 705 ἀπὸ
2887 652 2995 705 τοῦ
3030 650 3167 704 Υίοῦ
3195 652 3311 719 τὴν
3358 654 3579 706 οὐσίαν
3625 653 3731 707 τοῦ
3770 658 3962 709 Uret}-

704 747 771 796 de
804 744 939 797 Eilio
988 758 1297 796 sermonem
1358 743 1563 797 habens
1596 742 1792 795 Filium
1833 758 1941 796 non
1994 742 2141 795 illius
2190 756 2279 795 es-

2394 761 2586 808 ιιατος.
2636 743 2903 796 Ἐνταῦθα
2938 743 3037 812 τὴν
3069 742 3166 795 τοῦ
3202 743 3527 811 Πνεύματος
3557 746 3747 797 οὐσίαν
3790 747 3963 798 εἰπὼν

706 838 934 890 sentiam
984 836 1377 905 pronuntiavit.
1438 833 1550 888 Hac
1584 835 1797 889 ratione
1827 834 2150 887 ﬁrmamenti
2176 831 2277 886 Ee-

707 928 888 979 rlesim
922 925 1261 979 lucidissima
1321 940 1385 978 ac
1418 924 1860 993 splendidissima
1895 924 2122 986 lumina,
2160 936 2282 990 qua:

707 1018 910 1069 divinis
943 1018 1060 1070 suis
1098 1017 1287 1069 verbis
1312 1032 1375 1069 ac
1405 1017 1694 1071 sententiis
1722 1024 1965 1069 extrema
2000 1015 2186 1069 mundi
2221 1014 2284 1068 il.

710 1112 1036 1173 lustrarunt,
1072 1110 1127 1162 in
1164 1111 1313 1164 hisce
1340 1110 1599 1163 omnibus
1618 1123 1839 1175 prorsus
1879 1108 2167 1163 indivisam
2192 1123 2281 1162 es-

705 1180 935 1257 sentiam
967 1202 1036 1255 ab
1062 1203 1345 1271 bypostasi
1375 1202 1779 1255 intellexerunt.
1812 1200 2279 1266 Quemadmodum

710 1291 995 1357 igiturhic
1045 1308 1106 1344 ex
1144 1295 1232 1355 iss,
1293 1308 1430 1361 quos
1484 1291 2071 1353 commemoravimus,
2121 1306 2283 1343 nemo

702 1382 998 1434 essentiam
1041 1382 1246 1450 absque
1286 1382 1561 1452 nypostasi
1594 1383 1832 1450 excepit,
1854 1386 1967 1451 pari
1999 1382 2159 1435 modo
2232 1392 2281 1435 et

677 1474 762 1523 -in
807 1486 969 1540 supra
1004 1474 1236 1525 addictis
1264 1473 1595 1525 testimoniis
1622 1471 1866 1537 Patrum,
1900 1471 1952 1525 in
1986 1471 2186 1539 quibus
2217 1486 2282 1523 ex

706 1548 945 1615 essentia
974 1572 1026 1616 et
1058 1573 1249 1615 natura
1276 1562 1395 1615 Filii
1425 1561 1689 1632 Spiritum
1720 1574 1971 1617 sanctum
2004 1581 2129 1619 esse
2178 1576 2284 1619 tra-

705 1655 966 1719 debatur,
1004 1655 1096 1723 qui
1144 1671 1239 1723 per
1273 1655 1493 1725 propria
1520 1656 1663 1710 dicta
1698 1656 1799 1709 hoc
1830 1656 2008 1725 palam
2046 1658 2287 1712 inculca-

624 1806 629 1809 _
708 1747 858 1809 baut,
900 1761 1061 1802 nemo
1099 1748 1244 1800 ullus
1277 1746 1400 1809 fuit,
1471 1748 1563 1816 qui
1602 1748 1898 1802 essentiam
1937 1757 1991 1802 ct.
2031 1759 2284 1803 naturam

706 1837 773 1889 ab
814 1836 1095 1905 hypostasi
1148 1812 1627 1906 St'jllllgerel.—Sed
1656 1854 1845 1891 omnes
1885 1839 1956 1892 ibi
1986 1840 2281 1892 essentiam
2321 1812 2358 1869 Β

704 1937 758 1980 et
807 1941 1060 1981 natumut
1117 1931 1374 1982 direntes
1416 1927 1721 1998 Unigeuiti,
1772 1930 2048 1999 integrum
2099 1931 2281 2000 ipsum

708 2020 1115 2088 corn-ipiebant,
1153 2030 1448 2074 essentiam
1496 2037 1691 2090 nempe
1725 2032 1779 2077 et
1810 2034 2059 2076 naturam
2097 2024 2149 2076 itt
2189 2024 2281 2093 Ity-

708 2113 932 2178 postasi.
992 2113 1226 2181 Indeque
1261 2128 1387 2167 vere
1438 2114 1838 2184 proﬁtebantur
1867 2116 2027 2169 etiam
2060 2131 2123 2168 ex
2166 2115 2283 2183 ipso

707 2203 971 2273 Spiritum
1009 2217 1259 2258 sanetum
1297 2206 1673 2259 exsistentiam
1703 2207 2024 2276 Epossidere,
2076 2209 2284 2262 nullum

707 2306 1069 2375 agnoscentes
1102 2295 1423 2356 discrimen.
1462 2312 1639 2366 neque
1686 2308 1865 2352 mente
1896 2314 2123 2368 prorsus
2155 2314 2289 2354 con-

705 2390 968 2457 cipientes
992 2389 1393 2443 distinctionem
1428 2390 1692 2459 aliquam,
1769 2390 1912 2444 inter
1940 2391 2070 2444 illud
2110 2408 2174 2444 ex
2200 2408 2286 2445 es-

707 2483 975 2563 sentiaet
1029 2494 1223 2536 natura
1250 2500 1381 2547 esse,
1428 2492 1481 2537 ct
1522 2483 1675 2551 illud,
1730 2501 1840 2539 esse
1874 2500 1938 2537 ea:
1993 2485 2290 2554 hypostasi,

707 2590 833 2628 rum
882 2574 1027 2629 nulla
1063 2576 1455 2645 propemodum
1488 2576 1578 2639 sit.
1623 2592 1798 2644 neque
1826 2591 1949 2631 esse
1989 2577 2197 2648 possit.

2382 839 2410 889 ὁ
2436 835 2759 905 Γρηγὸριος,
2793 835 2892 886 οὐκ
2926 834 3054 887 ἄλλο
3081 852 3157 899 τι,
3186 834 3246 887 τὸ
3268 834 3326 886 δὲ
3352 835 3578 904 Πνεῦμα
3611 837 3734 888 κατ’
3765 838 3963 890 ἀναλο-

2383 926 2508 994 γίαν
2541 929 2808 995 ὲσήμανε.
2836 926 2945 978 Καὶ
2973 925 3166 978 τούτου
3200 925 3509 995 μαρτύριον
3547 926 3732 994 ὀλίγον
3752 928 3964 981 ἄνωθεν

2384 1017 2442 1068 ὲν
2463 1018 2529 1086 τῇ
2564 1016 2787 1086 τοιαύτῃ
2811 1019 3084 1087 περικοπῇ
3112 1018 3440 1087 προφθάσας
3461 1018 3648 1083 αὐτὸς,
3679 1020 3809 1073 ἔνθα
3836 1020 3963 1091 περὶ

2386 1106 2482 1159 τοῦ
2513 1107 2640 1160 Υἱοῦ
2669 1108 3020 1177 διελάμϐανε,
3044 1109 3136 1162 τὸν
3169 1110 3318 1174 Υἱὸν,
3352 1111 3415 1162 οὐ
3447 1112 3547 1182 τὴν
3572 1112 3764 1165 οὐσίαν
3796 1112 3965 1165 αὑτοῦ

2388 1197 2763 1266 διηγόρευσεν.
2799 1196 2989 1260 Οῦτως
3045 1198 3096 1250 0!
3131 1198 3227 1251 τοῦ
3270 1200 3653 1270 στερεώματος
3695 1203 3796 1273 τῆς
3845 1204 3968 1254 Ἐκ-

2387 1286 2613 1355 κ).ησίας
2646 1287 3025 1359 περίλαμπροι
3058 1290 3355 1361 φωστῆρες
3390 1286 3543 1345 οὑτοι
3579 1294 3674 1345 καὶ
3697 1294 3964 1361 διαυγεῖς,

2386 1379 2435 1430 oi.
2466 1379 2927 1449 καταλάμψαντες
2956 1381 3051 1436 τοῦ
3082 1382 3291 1453 κόσμου
3318 1386 3386 1438 τά
3411 1384 3623 1454 πέρατα
3657 1389 3772 1449 τοῖς
3800 1387 3968 1449 θείοις

2390 1472 2635 1540 ῥήμασιν
2662 1472 2873 1526 ἑαυτῶν
2906 1477 3002 1527 καὶ
3050 1467 3348 1547 νοήμασιν,
3379 1478 3438 1529 ὲν
3471 1480 3605 1531 πᾶσι
3647 1478 3713 1549 δὴ
3752 1479 3967 1540 τούτοις

2387 1562 2699 1633 ἀδιαίρετον
2745 1565 3091 1632 ἁπαξαπλῶς
3141 1569 3438 1640 νενοήκασι
3496 1569 3596 1641 τὴν
3643 1570 3834 1623 οὐσίαν
3867 1572 3968 1638 τῆς

2388 1655 2765 1720 ὑποστάσεως.
2803 1658 3017 1726 Ὥσπερ
3044 1661 3343 1728 τοιγαροῦν
3379 1662 3569 1714 ἐνθάδε
3600 1661 3710 1714 τῶν
3738 1661 3837 1715 νῦν
3856 1662 3970 1715 δια-

2388 1747 2707 1815 ληφθέντων
2733 1748 2913 1812 οὐδεὶς
2943 1750 3045 1821 τὴν
3101 1752 3298 1806 οὐσίαν
3353 1754 3646 1818 ὲξελάῦετο
3695 1756 3826 1825 δίχα
3867 1756 3967 1824 τῆς

2389 1838 2763 1905 ὑποστάσεως,
2806 1843 3209 1911 παραπλησίως
3249 1846 3354 1898 κάν
3382 1848 3496 1908 τοῖς
3520 1846 3732 1900 ἄνωθεν
3760 1848 3965 1913 λόγοις,

2389 1928 2624 2001 ἔνθαπερ
2650 1933 2714 1983 ὲκ
2746 1932 2844 2000 τῆς
2874 1933 3065 1997 οὐσίας
3096 1937 3195 1989 καὶ⁵
3246 1938 3345 2007 τῆς
3398 1938 3619 2006 φύσεως
3675 1938 3969 2007 τυγχάνειν

2391 2021 2607 2088 ἐλέγετο
2631 2025 2691 2076 τὸ
2714 2023 2937 2092 Πνεῦμα
2968 2027 3027 2077 το
3054 2026 3213 2095 ἆγιον
3233 2028 3327 2081 τοῦ
3362 2028 3520 2093 Υίοῦ,
3554 2030 3664 2081 τῶν
3679 2031 3966 2099 ιίατέρωκθ,

2390 2113 2438 2166 οἶ
2464 2113 2531 2166 δι’
2562 2114 2783 2169 οίκείων
2819 2117 3073 2186 χρήσεων
3095 2120 3257 2171 τοῦτο
3309 2120 3526 2190 τρανῶς
3568 2121 3967 2191 άνεκήρυττον,

2390 2206 2567 2269 οὐδεὶς
2624 2206 2723 2278 τὴν
2777 2208 2967 2261 οὐσίαν
3020 2211 3356 2281 ἀπεμέριζε,
3410 2214 3507 2266 καὶ
3554 2214 3652 2283 τὴν
3686 2212 3852 2282 φύσιν
3878 2211 3973 2276 τῆς

2393 2298 2778 2362 ὑποστάσεως.
2823 2299 2936 2370 Τὴν
2993 2301 3183 2354 οὐσίαν
3218 2302 3275 2355 δὲ
3316 2304 3521 2367 πάντες
3584 2306 3702 2357 ἐκεῖ
3738 2305 3836 2357 καὶ
3870 2305 3968 2371 τὴν

2392 2390 2557 2460 φύσιν
2599 2390 2856 2459 λέγοντες
2885 2392 2980 2446 τοῦ
3011 2394 3379 2465 Μονογενοῦς,
3409 2397 3531 2450 ὅλον
3562 2396 3729 2448 αὐτὸν
3764 2396 3971 2458 ἐνόουν,

2391 2482 2585 2535 οὐσίαν
2632 2482 2837 2555 δηλαδὴ
2869 2487 2967 2541 καὶ
3015 2487 3179 2555 φύσιν
3227 2488 3623 2543 ὲνυπόστατον.
3654 2486 3974 2541 Κάντιῦθεν

2392 2576 2609 2649 ἀληθῶς
2643 2577 2979 2651 ἐπρέσϐευον
3034 2582 3128 2636 καὶ
3177 2582 3239 2649 ἐξ
3293 2580 3463 2636 αὑτοῦ
3520 2582 3583 2635 τὸ
3639 2580 3870 2649 Πνεῦμα
3915 2581 3975 2633 τὸ

624 2686 627 2687 ⁷
706 2670 863 2739 ἅγιον
906 2673 1210 2743 κεκτῆσθαι
1238 2674 1339 2743 τὴν
1367 2672 1625 2744 ὓπαρξιν,
1703 2674 1985 2746 μηδεμίαν
2030 2674 2307 2746 διαφορὰν
2346 2674 2573 2740 ειδότες,
2603 2676 2731 2747 μηδ’
2760 2678 2819 2731 ἑν
2850 2677 2928 2748 νῷ
2995 2677 3339 2764 λογιζόμενοι
3361 2679 3422 2731 τὸ
3450 2679 3720 2750 παράπαν
3753 2680 3975 2733 διαστο·

706 2768 807 2837 λὴν
840 2766 932 2820 τοῦ
960 2770 1023 2822 ἐκ
1054 2767 1160 2836 τῆς
1188 2771 1405 2836 οὐσίας
1436 2771 1535 2824 καί
1572 2768 1685 2839 τῆς
1744 2770 1987 2839 φύσεως
2014 2767 2170 2826 εἷναι
2226 2768 2323 2824 τοῦ
2365 2768 2524 2837 Υίοῦ,
2556 2769 2720 2825 τοῦτο
2757 2772 2853 2827 καὶ
2880 2771 2976 2825 τοῦ
3011 2771 3081 2825 ἐκ
3141 2772 3254 2841 τῆς
3284 2771 3710 2839 ὑποστάσεως,
3733 2773 3820 2825 ὅτι
3845 2772 3970 2843 μηδ’

707 2866 847 2930 ἐστι,
890 2867 1027 2937 μηδὲ
1058 2869 1323 2936 πέφυκεν.

780 2956 869 3011 18.
910 2956 1017 3011 Sed
1070 2972 1168 3028 age
1224 2972 1392 3022 nunc,
1442 2959 1757 3030 quicunque
1807 2960 2030 3017 tandem
2091 2960 2287 3027 fueris,

706 3052 801 3121 qui
866 3048 1438 3110 hiscecontradicere
1478 3051 1684 3116 studes,
1720 3052 1799 3105 uti
1851 3052 2073 3108 subtilis
2128 3054 2288 3107 theo-

2472 2956 2565 3027 ιη’.
2602 2957 2665 3010 Εί
2693 2955 2740 3010 δ’
2765 2956 2866 3025 ἄγε
2894 2954 3014 3022 νῦν,
3056 2958 3084 3009 ὁ
3112 2956 3251 3026 πρὸς
3296 2956 3470 3009 ταῦτα
3516 2957 3977 3027 προθυμούμενος

2396 3049 2745 3115 ἀντιτείνειν,
2777 3043 2889 3112 οἷός
2923 3065 3025 3118 περ
3059 3048 3167 3118 ἄρα
3198 3050 3291 3100 καὶ
3316 3047 3406 3120 ᾖς,
3445 3049 3864 3120 λεπτούργησον
3898 3054 3975 3117 ὠς

707 3143 860 3210 logus
899 3138 1183 3193 subtiliora
1250 3147 1412 3207 atque
1491 3140 1793 3196 minutiora
1844 3141 2195 3213 investigato,
2238 3150 2295 3197 ut

2398 3142 2597 3205 λεπτὸς
2625 3141 2879 3209 θεολόγος
2909 3139 3163 3211 ὲφευρὼν
3183 3140 3421 3193 ἐνταῦθα
3442 3141 3711 3212 διαφοράν
3736 3143 3978 3207 οίκοθεν,

707 3246 773 3284 ex
838 3230 943 3283 tuis
994 3228 1231 3297 propriis
1274 3227 1595 3294 discrimen,
1628 3232 1673 3286 si
1730 3230 1811 3285 fas
1862 3242 1967 3296 est,
2004 3232 2293 3288 commini-

708 3322 904 3384 scaris,
946 3329 1001 3373 ct
1056 3320 1180 3373 inde
1248 3321 1596 3389 postmodum
1660 3322 1942 3393 splendide
2010 3325 2065 3380 in
2121 3326 2294 3395 ipsius

711 3412 949 3481 Spiritus
998 3411 1173 3465 sancti
1220 3411 1575 3467 oﬂensionem
1616 3415 1867 3479 incidas,
1914 3423 2173 3487 tanquam
2200 3418 2293 3489 qui

712 3509 846 3559 male
866 3508 921 3561 in
946 3521 1011 3561 eo
1032 3506 1389 3560 differentiam
1416 3508 1752 3563 exsistentia:
1786 3509 2092 3566 introdueis
2124 3530 2138 3578 ;
2167 3527 2293 3566 cum

713 3612 801 3664 ille
839 3626 939 3662 non
979 3608 1155 3663 solum
1180 3614 1246 3660 ex
1274 3610 1468 3655 natura
1500 3607 1554 3653 et
1583 3601 1824 3655 essentia
1846 3600 2115 3672 Unigeniti
2146 3617 2176 3656 a
2201 3617 2296 3656 ve-

716 3702 976 3761 nerandis
1031 3700 1285 3753 Pati-ilius
1328 3713 1452 3753 esse
1500 3693 1741 3761 dicatur,
1792 3695 2076 3764 nmltoque
2123 3693 2299 3749 fusius

716 3794 1060 3863 postmodum
1102 3793 1447 3860 apertissime
1504 3806 1599 3859 per
1656 3789 1755 3843 ltos
1794 3788 2016 3843 eosdem
2066 3788 2299 3842 demon-

715 3883 1602 3953 strabimusetiameglinigenito,
1619 3882 1711 3949 qui
1736 3880 1963 3932 omnino
1987 3880 2298 3949 Itypostasis

715 3988 821 4032 est.
868 3978 930 4030 Et
963 3978 1118 4043 plane.
1153 3977 1244 4045 qui
1296 3977 1593 4031 discrimen
1631 3974 1966 4028 essistetttim
2002 3974 2055 4026 in
2091 3975 2297 4043 Spiritu

718 4078 907 4123 sancto
940 4070 1237 4122 introducit
1272 4069 1444 4137 ipsius
1477 4068 1833 4122 oﬂ‘ensiouem
1870 4068 2152 4120 incurrere
2183 4081 2300 4120 om-

721 4180 817 4217 nes
847 4173 1070 4225 norunt.
1104 4163 1196 4230 qui
1232 4162 1415 4228 aliquo
1439 4160 1777 4227 diguotionis
1806 4158 2006 4227 Spiritu
2038 4173 2147 4210 non
2179 4157 2301 4210 des-

722 4258 1016 4320 tituuntur,
1056 4264 1109 4308 ct
1142 4269 1295 4307 mens
1332 4267 1521 4305 eorum
1560 4250 1737 4303 modis
1760 4249 2017 4303 omnibus
2056 4263 2166 4300 non
2205 4246 2303 4300 ob-

718 4358 971 4400 caecatur.
1010 4344 1145 4411 Quis
1175 4360 1240 4397 ex
1280 4345 1385 4409 bis,
1423 4344 1580 4394 aliter
1614 4357 1679 4394 ex
1737 4342 1975 4395 essentia
2007 4349 2061 4393 et
2104 4349 2301 4393 natura

722 4436 1018 4508 linigeniti,
1071 4436 1232 4488 aliter
1272 4438 1394 4486 item
1432 4450 1495 4487 cx
1547 4432 1827 4503 ltypostasi
1880 4446 2001 4484 esse
2036 4430 2299 4500 Spiritum

724 4538 974 4582 sanctum
1026 4528 1276 4590 audiens,
1330 4541 1437 4580 non
1496 4526 1702 4585 statim,
1764 4539 1885 4593 qua:
1926 4524 2052 4577 inde
2100 4523 2299 4588 oritur,

723 4620 1138 4689 lduspltemiam.
1177 4634 1340 4688 quam
1361 4619 1585 4671 diversa:
1608 4625 1724 4670 ista:
1764 4616 1933 4670 amba:
1968 4614 2299 4670 exsisteutiae

723 4720 1110 4784 pregenerant,
1145 4708 1512 4763 intellexerit?
1542 4707 1647 4761 Sed
1686 4708 1798 4760 hac
1832 4722 1929 4760 nec
1960 4715 2140 4759 mente
2173 4706 2301 4776 qui-

721 4806 843 4856 dem
902 4802 1214 4869 concipere,
1275 4808 1483 4853 tantum
1536 4799 1713 4864 abest,
1776 4808 1835 4851 ut
1868 4798 1935 4852 de
1990 4798 2098 4852 illts
2134 4798 2299 4851 verba

727 4894 905 4947 facere
959 4894 1162 4946 bonum
1224 4892 1313 4953 sit,
1347 4900 1605 4960 tanquam
1657 4905 1800 4958 qum,
1851 4898 1910 4943 ut
1961 4904 2080 4943 mea
2113 4888 2301 4959 opinio

727 4989 850 5045 t'ert.
883 5000 988 5037 non
1028 4998 1259 5052 parvum
1298 4983 1391 5036 scd
1446 4984 1723 5050 ingentem
1760 4982 1971 5045 lapsum
2009 4981 2093 5035 vel
2124 4992 2303 5035 mente

725 5075 1057 5143 roncipienti
1089 5074 1407 5127 conciliant.
1443 5072 1635 5142 Opera:
1668 5072 1897 5141 pretium
1931 5087 2091 5142 porro
2120 5072 2299 5137 fuerit,

726 5167 855 5219 dum
901 5181 1022 5220 sese
1074 5168 1460 5235 opponentium
1498 5163 1812 5233 opinionem
1846 5178 1944 5233 pro
1977 5164 2183 5218 viribus
2212 5179 2299 5217 re-

728 5243 1028 5317 tundimus,
1051 5254 1222 5307 solam
1257 5269 1437 5306 veram
1467 5267 1687 5307 causam
1722 5268 2017 5321 exponere,
2046 5255 2115 5305 ob
2136 5269 2300 5322 quam

727 5358 791 5400 ex
818 5346 1052 5400 essentia
1088 5356 1141 5400 ct
1176 5354 1367 5398 natura
1405 5342 1526 5398 Filii
1575 5344 1838 5413 Spiritum
1893 5356 2169 5406 sanctum.
2196 5361 2302 5399 non

730 5454 857 5491 \cro
915 5453 981 5492 ex
1042 5436 1314 5507 ltypostasi
1372 5437 1562 5490 Patres
1619 5436 1997 5490 decreverunt.
2065 5434 2305 5490 Dicimus

733 5532 915 5596 itaque
951 5528 1235 5582 catholica:
1278 5526 1537 5581 Ecclesia:
1568 5536 1933 5597 mystagogos,
1976 5536 2028 5581 et
2069 5543 2192 5581 vero
2228 5527 2310 5579 iu-

732 5620 983 5674 lalltbiles
1051 5628 1104 5672 et
1139 5620 1427 5687 praeclaros
1465 5619 1633 5672 hosce
1667 5633 1945 5687 praecones
1980 5634 2085 5670 non
2123 5618 2307 5672 omnia

732 5726 877 5762 επιιπι
922 5709 1045 5762 ﬁdei
1082 5711 1301 5780 proprio
1336 5720 1484 5765 motu
1524 5710 1683 5765 nobis
1718 5709 2029 5773 tradidisse,
2065 5710 2155 5764 sed
2191 5724 2307 5763 ma-

728 5800 899 5868 jorem
941 5815 1128 5855 eorum
1162 5810 1391 5871 .partem
1452 5818 1576 5856 cum
1628 5802 1844 5872 pietatis
1892 5802 2140 5859 hostibus
2175 5818 2309 5858 con-

2401 3236 2491 3290 ἶνα
2528 3235 2622 3289 καὶ
2676 3234 2815 3305 πρὸς
2872 3234 3007 3288 αὐτὸ
3052 3232 3444 3304 προσκρούσῃς
3471 3234 3532 3287 τὸ
3561 3234 3718 3302 ἆγιον
3754 3236 3983 3305 Πνεῦμα

2397 3326 2738 3398 περιφανῶς,
2764 3327 3018 3396 καθάπερ
3050 3324 3238 3387 κακῶς
3269 3326 3328 3377 ὲν
3355 3326 3535 3395 τούτῳ
3562 3327 3831 3397 διαφορὰν
3863 3331 3982 3381 είσ-

2397 3421 2548 3489 ἀγων
2577 3418 2868 3487 ὑπάρξεως
2890 3435 2902 3447 ·
2932 3418 3123 3486 ἐπειδὴ
3154 3417 3232 3486 μὴ
3269 3416 3435 3487 μόνον
3496 3417 3564 3470 ὲκ
3621 3418 3724 3486 τῆς
3760 3419 3983 3487 φύσεως

2398 3512 2621 3581 καὶτῆς
2644 3511 2839 3573 οὐσίας
2868 3510 3008 3579 πρὸς
3050 3510 3160 3561 τῶν
3197 3509 3416 3562 σεπτῶν
3450 3509 3714 3579 Πατέρων
3764 3510 3987 3577 λέγεται

2398 3602 2695 3671 τυγχάνειν
2726 3602 2825 3670 τῆς
2869 3598 2964 3651 τοῦ
2996 3597 3364 3667 Μονογενοῦς,
3408 3598 3589 3666 πολλῷ
3610 3599 3667 3651 δὲ
3708 3600 3875 3652 πλέον
3912 3600 3989 3662 ὡς

2399 3694 2651 3763 ἐναργῶς
2693 3694 2781 3747 διὰ
2812 3692 3017 3746 τούτων
3048 3690 3301 3760 δείξομεν
3355 3690 3413 3744 ὲν
3466 3690 3720 3761 ὑστέροις
3754 3692 3866 3744 κάκ
3892 3691 3985 3744 τοῦ

2400 3785 2769 3854 Μονογενοῦς,
2828 3787 2887 3849 ὃς
2918 3787 3036 3838 ἐστι
3084 3786 3307 3848 πάντως
3357 3784 3682 3845 ὑπόστασις.
3721 3785 3835 3837 Καὶ
3880 3788 3987 3853 μὴν

2400 3879 2568 3931 ὅτιτὸ
2595 3876 2862 3948 διαφορὰν
2893 3875 3182 3947 ὑπάρξεως
3210 3875 3304 3928 ἐπὶ
3342 3874 3435 3928 τοῦ
3469 3875 3627 3943 ἁγίου
3659 3875 3984 3945 Πνεύματος

2402 3970 2654 4039 εἰσάγειν
2687 3973 2769 4031 εἰς
2800 3968 2933 4021 αὐτὸ
2966 3968 3339 4039 προσκρούειν
3383 3968 3502 4021 ἐστὶ
3536 3968 3743 4031 πάντες
3780 3969 3987 4029 ἴσασιν,

2402 4064 2549 4124 ὅσοις
2598 4062 2844 4131 οἰκουρεί
2877 4059 3105 4130 Πνεῦμά
3150 4077 3203 4111 τι
3236 4057 3606 4127 διαγνώσεως,
3635 4060 3730 4111 καὶ
3784 4057 3862 4128 μὴ
3892 4076 3990 4110 τυ-

2403 4153 2637 4222 φλώττει
2668 4154 2852 4205 τέλεον
2887 4153 3075 4214 αὐτοῖς
3108 4154 3139 4220 ἡ
3168 4152 3396 4206 διάνοια.
3425 4152 3521 4214 Τίς
3548 4150 3664 4203 τῶν
3697 4151 3987 4215 τοιούτων,

2334 4292 2347 4299 -
2403 4246 2500 4299 καὶ
2548 4246 2663 4313 ,γὰρ
2706 4245 2881 4307 ἄλλως
2912 4244 3012 4314 μὲν
3040 4247 3105 4297 ἐκ
3137 4246 3238 4312 τῆς
3270 4244 3459 4305 οὐσίας
3496 4244 3593 4296 καὶ
3653 4243 3867 4312 φύσεως
3890 4242 3989 4294 τοῦ

2404 4338 2774 4405 Μονογενοῦς,
2796 4339 2975 4400 ἄλλως
3008 4337 3056 4389 δ’
3090 4335 3157 4390 αὑ
3189 4338 3255 4390 ὲκ
3285 4337 3381 4405 τῆς
3418 4336 3781 4398 ὑποστάσεως
3810 4336 3989 4403 ὑπάρ-

2406 4448 2523 4501 χειν
2552 4428 2806 4500 άκηκοὼς
2837 4430 2894 4480 τδ
2938 4428 3163 4497 ίινεῦμα
3185 4427 3246 4481 τὸ
3272 4428 3456 4497 ἅγιον,
3487 4428 3589 4481 οὐκ
3622 4421 3732 4480 οἶδε
3769 4428 3981 4488 συνιεὶς

2334 4532 2377 4588 D
2405 4525 2464 4575 τὸ
2504 4524 2638 4592 τερος
2670 4520 2829 4573 τοῦτο
2861 4520 3148 4590 δύσφημον
3190 4520 3495 4588 πσνρευθύς,
3528 4520 3655 4571 ὅσον
3691 4519 3750 4585 ἐξ
3804 4519 3990 4571 αὐτῶν

2401 4612 2510 4665 τῶν
2563 4611 2841 4681 δ.αφι3ρων
2888 4612 3093 4680 ἀμφοῖν
3150 4610 3482 4680 ὑπάρξεωνς
3531 4607 3696 4659 Ἀκλέι
3728 4607 3792 4659 τὰ
3855 4612 3989 4676 περὶ

2403 4700 2595 4755 τούτου
2624 4705 2719 4771 μὲν
2745 4702 2864 4753 οὐδὲ
2893 4700 3247 4765 διανοεῖσθαι,
3285 4700 3360 4770 μὴ
3382 4700 3467 4752 ὅτι
3492 4716 3525 4765 γ
3572 4700 3766 4761 ,ποσῶς
3796 4699 3992 4765 λέγειν

2403 4793 2589 4856 καλὸν,
2620 4793 2715 4846 ἆτε
2740 4797 2829 4845 καὶ
2860 4792 3009 4862 αὐτῷ
3034 4792 3527 4862 τῴδιανοουμὲνῳ,
3554 4790 3721 4860 φημὶ,
3748 4791 3990 4860 φέροντα

2406 4888 2483 4955 μὴ
2522 4886 2743 4955 μικρὸν,
2792 4886 2966 4954 μέγαν
3002 4884 3047 4936 δ’
3080 4883 3320 4937 ὄλισθον.
3368 4884 3578 4953 Πρέποι
3611 4884 3658 4937 δ’
3685 4884 3752 4936 ἂν
3779 4900 3992 4934 τοαπο-

2402 4976 2557 5029 τοῦδε
2587 4977 2685 5045 τὴν
2709 4975 2958 5030 διάνοιαν
2984 4974 3253 5046 τῶνὴμίν
3294 4975 3875 5045 ἀντικαθισταμένων,
3913 4974 3996 5038 ὡς

2406 5064 2715 5135 ἐγχωροῦν,
2753 5064 3139 5132 διελέγξαντας
3167 5064 3269 5134 τὴν
3305 5064 3478 5133 μόνην
3509 5063 3773 5132 ἀληθινὴν
3800 5064 3995 5117 αἰτίαν

2405 5159 2605 5222 εἰπεῖν,
2640 5156 2765 5209 ὅτου
2797 5154 2863 5226 δὴ
2890 5155 3051 5226 χάριν
3080 5156 3143 5208 ὲκ
3169 5155 3267 5224 τῆς
3304 5153 3518 5223 φὺσεως
3550 5154 3770 5224 καὶτῆς
3801 5154 3997 5219 etiam;

2405 5251 2499 5302 τοῦ
2538 5249 2669 5303 Υίοῦ
2704 5251 2767 5301 τὸ
2800 5250 3025 5318 Πνεῦμα
3044 5249 3105 5300 τὸ
3132 5250 3291 5316 άγιον
3320 5249 3369 5301 οί
3398 5248 3649 5318 Πατέρες
3691 5246 3995 5317 ὲθεολόγη-

2408 5359 2531 5406 σαν,
2566 5343 2627 5393 οὐ
2674 5342 2781 5411 μὴν
2807 5342 2871 5392 ὲκ
2907 5340 3008 5410 τῆς
3041 5341 3420 5401 ὑποστάσεως.
3467 5340 3663 5410 Φαμὲν
3700 5339 3886 5392 τοίνυν
3915 5339 3997 5399 ὡς

2409 5435 2456 5484 οί
2486 5431 2585 5500 τῆς
2619 5432 2917 5499 καθολικῆς
2957 5431 3290 5501 Ἑκκλησίας
3347 5430 3730 5501 μυσταγωγοὶ,
3762 5430 3858 5482 καὶ
3892 5432 3997 5499 τῆς

2409 5522 2690 5585 εὐσεϐείας
2715 5522 2979 5591 ἀσφαλεῖς
2999 5521 3168 5581 ὅντως
3220 5522 3315 5573 καὶ
3333 5522 3523 5588 σαφεῖς
3548 5516 3697 5573 οὗτοι
3726 5521 3995 5588 κήρυκες,

2412 5618 2471 5669 οὐ
2527 5618 2701 5667 πάντα
2736 5616 2807 5667 τά
2849 5614 2948 5682 τῆς
3004 5611 3193 5681 ὑγιοῦς
3231 5613 3469 5675 πίστεως
3531 5614 3662 5683 ἡμῖν
3718 5611 3999 5677 ἐξέδωκαν

2414 5708 2723 5779 κινηθέντες
2755 5706 2847 5776 ἀφ’
2882 5706 3115 5767 ἑαυτῶν,
3150 5706 3414 5776 ἄντικρυς
3442 5705 3498 5758 δὲ
3528 5706 3593 5759 τὰ
3628 5704 3798 5756 πλείω
3823 5704 3999 5773 μαχόο

2418 5822 2569 5874 μενοι
2602 5801 2736 5871 πρὸς
2767 5800 2895 5862 τοὺς
2930 5797 3345 5862 άντιὸικοῦντας
3380 5799 3563 5861 αὐτοῖς
3594 5796 3992 5867 ὲδογμάτισανσ
