4206 6452
242 409 381 474 1185

1084 410 1180 472 DE
1227 410 1747 472 PROCESSIONE
1788 409 1849 467 S.
1893 406 2257 468 SPIItlTUS
2299 407 2523 468 ORAT.
2570 407 2654 467 ΙΙ.

3371 408 3508 474 H86

238 521 541 592 ἐπειδήπερ
567 518 705 573 κατὰ
734 520 862 582 τοὺς
886 521 1067 574 αὐτῶν
1096 521 1322 573 ἒκείνων
1350 527 1577 591 καιροὺς
1605 521 1823 574 ἅπαντα

1934 520 2213 572 tendentes
2267 518 2605 582 decrevisse,
2660 517 3102 587 quandoquidem
3148 535 3336 574 eorum
3388 533 3506 577 tuo

239 611 661 683 παρεισεφθάρη
706 613 773 663 τὰ
820 611 930 665 τῶν
973 615 1262 679 αἱρέσεων,
1316 613 1468 682 ὃλην,
1509 613 1584 675 ὡς
1620 615 1818 675 εἰπεῖν,

237 704 547 774 τηνικαῦτα
591 703 936 767 κενώσαντες
974 707 1116 757 κατὰ
1152 707 1253 771 τῆς
1306 705 1572 775 ἀληθείας
1602 704 1695 758 τοῦ
1730 707 1822 774 ὲχ-

242 778 378 865 θροῦ
409 798 509 865 τὴν
544 798 833 865 φαρέτραν
868 796 1062 861 αὐτοῦ,
1098 800 1193 848 καὶ
1227 797 1428 858 κακίας
1477 797 1643 866 μηδὲν
1675 795 1817 860 εἶδος

242 892 378 959 ἡμῖν
406 889 818 957 ύπολιπομένου
865 890 981 951 τοῖς
1022 890 1359 959 μεθύστερον
1413 891 1636 959 ἀφορῶν
1682 890 1819 960 πρὸς

240 981 586 1045 δυσσέϐειαν,
608 982 702 1034 ᾰτε
731 984 867 1050 πρὸς
890 984 1302 1048 ἀνταγωνιστὰς
1328 982 1543 1050 ἔχοντος
1569 984 1824 1051 ἰσχυροὺς

244 1074 346 1125 καὶ
377 1072 806 1141 πεφραγμένους
830 1072 917 1123 ἀεὶ
953 1076 1065 1134 τοῖς
1109 1072 1296 1135 ὅπλοις
1330 1076 1422 1139 τῆς
1456 1072 1717 1135 πίστεως.
1760 1072 1827 1125 Οἵ

246 1179 312 1231 γε
342 1163 405 1231 δὴ
432 1162 530 1215 καὶ
567 1163 805 1233 μάλιστα
829 1162 917 1215 διὰ
954 1163 1123 1217 ταῦτα
1163 1164 1383 1232 βρεφῶν
1408 1162 1647 1231 τρώσεις
1680 1162 1827 1232 λογι-

246 1254 487 1322 σάμενοι
514 1254 613 1317 τὰς
660 1254 858 1307 ’τούτου
907 1254 1089 1322 βολὰς,
1134 1256 1315 1307 τέλεον
1351 1255 1611 1307 καθεῖλον
1638 1256 1822 1319 αὑτὸν,

242 1346 348 1408 τὰς
386 1347 670 1415 μεθοδείας
700 1347 812 1398 τῶν
847 1348 1114 1416 αἱρέσεων
1166 1348 1357 1400 πασῶν
1388 1348 1822 1418 ἀνατρέψαντες,

250 1435 331 1500 ὣς
377 1436 580 1501 ἐξεῖναι
626 1438 866 1499 καὶτοῖς
903 1439 1387 1506 μεταγενεστέροις
1444 1440 1575 1506 ήμῖν
1618 1439 1826 1507 ἀπροσ-

247 1513 472 1590 κόπτιος
527 1528 640 1581 τῶν
672 1527 851 1597 ὀρθῶν
881 1528 1171 1597 δογμάτων
1199 1528 1543 1598 ἀντέχεσθαι.
1602 1529 1709 1581 Καί
1736 1547 1827 1598 μοι

246 1618 398 1670 δοκεῖ
426 1616 503 1687 τῷ
534 1618 796 1688 κηδεμόνι
836 1618 994 1670 τουτὶ
1032 1618 1142 1673 τῶν
1190 1619 1478 1689 ἡμετέρων
1516 1619 1698 1682 καλῶς
1746 1622 1827 1672 οί-

252 1710 627 1779 κονομηθῆναι
661 1710 874 1779 ψυχῶν,
926 1712 989 1763 τό
1034 1728 1093 1763 τε
1150 1712 1251 1780 τῆς
1301 1712 1559 1778 γνώσεως
1602 1711 1827 1775 ἀσθενὲς

250 1802 349 1853 καὶ
376 1800 476 1869 τὴν
503 1801 630 1870 περὶ
680 1804 742 1853 τὰ
774 1804 987 1871 χρηστὰ
1018 1801 1302 1873 ῥᾳστώνην
1355 1802 1510 1871 ἡμῶν
1552 1803 1826 1871 προγινώ-

1927 612 2164 667 haereses
2192 625 2383 665 omnes
2416 612 2796 680 obrepserunt.
2817 628 2938 663 cum
2978 612 3312 675 universam,
3344 622 3402 665 ut
3433 615 3504 667 ita

1927 703 2126 763 dicam,
2161 717 2225 754 eo
2277 710 2518 769 tempore
2564 702 2825 754 adversus
2877 706 3160 755 veritatem
3198 698 3503 768 pltat-etram

1927 794 2134 847 dmmon
2157 794 2516 858 exhausisset,
2550 794 2682 847 adeo
2722 802 2780 848 ut
2808 794 2895 846 ille
2928 795 3138 848 nullum
3168 795 3387 848 malitia
3418 811 3507 857 αε-

1927 900 2027 938 nus
2084 885 2243 939 nobis
2272 884 2632 954 postmodum
2664 884 2863 939 futuris
2906 885 3176 953 reliquum
3216 886 3406 939 fecerit
3440 892 3504 941 ad

1928 977 2283 1045 impietatem,
2330 977 2459 1030 dum
2514 992 2637 1029 cum
2686 979 2924 1031 robustis
2965 987 3017 1030 et
3081 993 3294 1046 semper
3343 980 3510 1032 armis

1930 1069 2050 1122 tidei
2088 1069 2374 1123 instructis
2404 1069 2736 1123 adversariis
2790 1070 3116 1129 decertaret,
3154 1070 3245 1136 qui
3300 1072 3379 1123 vel
3438 1086 3504 1125 eo

1930 1158 2165 1211 maxime
2200 1172 2499 1225 puerorum
2538 1160 2761 1211 vulnera
2799 1159 2945 1211 illius
2990 1160 3126 1211 irtus
3177 1169 3506 1227 reputantes,

1930 1245 2172 1302 funditus
2225 1263 2346 1299 eum
2403 1260 2814 1317 oppresserunt,
2876 1252 3160 1305 fratulibus
3195 1265 3247 1306 et
3298 1254 3509 1307 artibus

1928 1341 2305 1395 universarum
2329 1341 2606 1394 haereseou
2636 1343 2863 1405 eversis,
2889 1353 2946 1396 ut
2977 1344 3088 1411 jam
3129 1346 3283 1397 nobis
3318 1363 3506 1400 eorum

1929 1435 2162 1498 posteris
2198 1433 2376 1492 liceat.
2413 1433 2615 1501 absque
2646 1436 2757 1487 ullo
2789 1436 3178 1504 impedimento
3227 1450 3388 1505 atque
3423 1441 3511 1492 in-

1930 1524 2217 1578 commodo
2247 1526 2411 1578 rectis
2428 1524 2772 1593 dogmatibus
2802 1530 3064 1582 tenaciter
3103 1530 3498 1585 adlidat-escere.

1931 1612 1997 1664 Et
2030 1614 2158 1665 mihi
2192 1610 2406 1667 videtur
2428 1617 2528 1669 hoc
2555 1629 2696 1670 recte
2718 1620 3036 1687 probequca
3063 1632 3368 1697 nostrorum
3394 1624 3510 1675 ani-

1932 1718 2143 1757 morum
2179 1718 2430 1761 curatore
2462 1720 2657 1763 rostrr
2686 1712 3012 1778 cognitionis
3056 1715 3508 1775 imbecillitatem.
3540 1772 3541 1775 η

1933 1802 1983 1847 ct
2010 1795 2153 1848 circa
2190 1796 2325 1847 bona
2353 1800 2634 1865 Srgnitiem
2665 1804 3019 1889 praividente,
3047 1803 3182 1857 bene
3209 1806 3506 1859 admodum

254 1908 466 1945 σκοντι.
502 1893 611 1945 Καὶ
668 1892 779 1961 γὰρ
811 1894 863 1945 εῖ
901 1910 985 1956 τις
1020 1897 1254 1962 αἵρεσις,
1288 1894 1510 1947 ἀπέστω
1540 1894 1596 1947 δὲ
1649 1894 1828 1959 τοῦτο,

1934 1891 2246 1944 ordinatum
2313 1902 2478 1961 atque
2538 1875 2865 1950 instructum
2932 1899 3119 1965 fuisse,
3186 1902 3331 1953 utsi
3389 1918 3511 1971 quae

247 1983 415 2035 ποθὲν
434 1982 642 2054 ἀνειρύη
664 1984 800 2051 πρὸς
823 1985 881 2037 τὸ
904 1986 1100 2056 πιρὸν,
1130 1987 1182 2037 τί
1202 1984 1323 2038 ποτ’
1352 1985 1417 2037 ἂν
1445 1984 1831 2054 ἐνεδειξάμεθα

245 2078 497 2143 γενναῖον
521 2077 618 2128 καὶ
648 2076 1102 2145 πεπαιδευμένων
1130 2078 1343 2147 φρενῶν
1377 2077 1529 2141 ἄξιον
1556 2096 1567 2140 ;
1604 2078 1750 2140 ὅπως
1772 2078 1831 2131 δὲ

249 2169 549 2231 συστάντες
587 2168 1033 2241 διεμαχεσάμεθα
1068 2172 1206 2240 πρὸς
1239 2171 1432 2238 αὐτὴν,
1470 2170 1644 2230 οὕτως
1677 2171 1827 2239 ἁμα-

248 2260 361 2322 θῶς
384 2262 747 2331 παρατάξεων
790 2262 1032 2331 λογικῶν
1062 2262 1323 2331 ἔχοντεςς
1356 2264 1465 2314 Καὶ
1498 2262 1666 2314 πόθεν
1697 2261 1829 2331 ἐθη-

252 2351 531 2421 ρεύσαμεν
576 2353 636 2404 τὸ
701 2355 1092 2422 κεκρυμμένον
1160 2354 1585 2422 ἀνιχνεύσαντες
1658 2354 1714 2403 ἐν
1753 2352 1832 2423 τῷ

253 2442 411 2512 βάθει
437 2442 531 2495 τοῦ
563 2442 879 2515 ζητήματος
911 2444 1133 2515 ἀληθὲς,
1166 2444 1330 2498 ὁπότε
1363 2444 1422 2497 τὸ
1451 2445 1694 2512 ἀσφαλὲς
1723 2442 1832 2495 τῶν

252 2518 530 2602 κειμένωῦ
555 2535 691 2603 ἡμῖν
720 2535 1010 2604 δογμάτων
1036 2534 1106 2587 δι’
1135 2533 1430 2603 ἀμέλειαν,
1473 2529 1830 2585 ούδοπωσοῦν

252 2627 634 2694 ἐπιστάμεθας
665 2627 848 2690 καθὼς
877 2629 975 2698 τὴν
995 2627 1135 2698 πρὸς
1165 2627 1342 2679 ταῦτα
1371 2626 1573 2697 πολλὴν
1599 2625 1832 2695 ἀπορίαν

251 2720 414 2788 ήμῶν
479 2713 636 2779 οὗτος
689 2721 717 2773 δ
763 2721 955 2789 καιρὸς
988 2720 1301 2787 ἀπελέγξας
1356 2719 1423 2772 τὰ
1480 2720 1575 2770 νῦν
1608 2717 1830 2781 ἔδειξεν,

252 2809 420 2878 ἡνίκα
455 2810 684 2878 μηδενὸς
738 2808 1071 2879 λαληθέντος
1146 2809 1340 2863 καινοῦ
1392 2811 1713 2863 παντάπασι
1772 2806 1832 2859 τὸ

254 2904 479 2973 φρονεῖν
538 2903 943 2973 ισαλεύθημεν.
994 2904 1105 2957 Καὶ
1157 2904 1277 2957 δέον
1313 2904 1668 2965 ἀκούσαντας
1725 2901 1832 2953 τῶν

252 2995 566 3064 λεγομένων
613 2997 883 3068 μηδαμῶς
930 2998 1276 3067 ταραχθῆναι
1311 2997 1405 3048 τὸν
1466 2997 1613 3061 νοῦν,
1660 2994 1830 3064 γινώ-

254 3105 500 3152 σκοντας
535 3090 645 3142 ἀπὸ
674 3090 786 3143 τῶν
812 3089 976 3142 θείων
1004 3088 1240 3158 Γραφῶν
1297 3088 1397 3157 τὴν
1429 3088 1529 3157 τῆς
1571 3086 1832 3155 ἀληθείας

254 3178 581 3243 ἀνάπτυξιν,
600 3181 765 3248 ἡμεῖς
788 3177 1044 3232 τοσοῦτον
1068 3180 1372 3248 κατεσχέθη
1383 3194 1482 3247 μεν
1514 3179 1618 3231 ὑπὸ
1642 3178 1826 3243 ζάλης,

254 3268 345 3336 ὑφ’
374 3265 442 3340 ἦς
474 3270 567 3320 καὶ
596 3268 891 3338 διέττημεν
920 3271 1001 3332 είς
1027 3268 1185 3336 δόξας
1207 3269 1379 3331 ἀδεῶς
1400 3268 1830 3338 ἐμπεπτωκότες

251 3359 483 3425 πολλὰς,
507 3358 649 3413 ὥστε
683 3360 778 3413 καὶ
804 3359 1076 3430 βάλλομεν
1098 3358 1386 3430 ἀλλήλους,
1423 3359 1524 3427 φεῦ
1553 3358 1654 3427 τῆς
1678 3360 1836 3411 ἀναι-

254 3450 514 3521 σθησίαςί
550 3450 625 3514 ὡς
651 3450 717 3503 ἂν
747 3452 805 3502 ἐν
838 3452 1154 3521 σκοτομήνῃ
1180 3450 1308 3511 τινὶ,
1342 3451 1435 3502 καὶ
1466 3448 1556 3501 ὑπ’
1590 3445 1834 3515 ἀλλήλων

257 3542 596 3614 βαλλόμεθα,
635 3543 773 3611 μήτε
816 3543 879 3593 τὸ
923 3541 1021 3594 τοῦ
1051 3541 1327 3610 δόγματος
1358 3538 1591 3608 ἀκριϐὲς
1627 3538 1832 3599 εἰδότες

254 3632 317 3696 ἐξ
348 3630 717 3699 ἀναγνώσεως
750 3631 935 3683 αὐτῶν
964 3635 1074 3683 τῶν
1120 3629 1283 3682 θείων
1315 3628 1571 3701 Γραφῶν,
1600 3630 1694 3679 καὶ⁸
1727 3626 1834 3679 τῶν

256 3729 317 3779 ὲν
348 3726 575 3787 ταύταις
609 3724 774 3794 ιερῶν
803 3723 1027 3791 λογίων,
1058 3722 1116 3775 εί
1148 3722 1227 3784 τίς
1252 3740 1355 3774 που
1390 3724 1687 3791 προφέρει,
1729 3736 1838 3788 μη-

254 3818 468 3871 δοτιοῦν
503 3817 818 3880 ἐπαΐοντες,
850 3815 926 3877 ὡς
952 3814 1183 3876 δικαίως
1218 3812 1615 3884 κληρώσασθαι
1647 3812 1744 3865 καὶ⁸
1775 3811 1835 3864 τὸ

261 3909 428 3979 ῥηθὲν
454 3910 605 3977 παρά
642 3924 738 3959 του
769 3908 878 3960 τῶν
909 3906 1152 3979 θύραθεν
1178 3905 1451 3975 ποιητῶν,
1482 3905 1545 3959 τὸ
1577 3904 1714 3974 πρὸς
1732 3904 1835 3971 τὴν

257 4000 526 4070 ἀλήθειαν
566 4001 779 4069 ἀχρεῖοι
799 3998 1005 4068 δηλαδὴ
1027 4001 1124 4051 καὶ
1153 3993 1411 4050 εἶναικαὶ
1444 3997 1833 4066 ὀνομάζεσθαι.

260 4089 519 4142 Τοιοῦτον
559 4091 620 4141 τὸ
647 4091 922 4159 ἡμέτερον
950 4087 1047 4141 νῦν
1083 4090 1146 4140 ἐκ
1181 4086 1482 4157 διαμέτρου
1511 4091 1625 4149 τοῖς
1659 4087 1836 4139 ἐκπα-

259 4182 373 4236 λαι,
400 4183 512 4234 Καὶ
535 4182 641 4233 οὐκ
667 4182 848 4248 ἀγνοῶ
870 4181 930 4233 τὸ
960 4178 1367 4251 προσίστασθαι
1391 4179 1600 4241 τούτοις
1620 4176 1837 4240 δοκοῦν,

258 4277 400 4345 ὅπερ
440 4274 505 4328 ἄν
542 4289 629 4336 τις
665 4273 828 4342 τυχὸν
877 4275 958 4335 είς
1004 4272 1067 4324 τὸ
1120 4271 1288 4341 μέσον
1310 4271 1672 4343 προτείνειεν,
1705 4269 1781 4332 ὡς
1810 4271 1838 4322 ὁ

259 4368 389 4429 τοὺς
419 4366 559 4419 κατὰ
581 4366 675 4417 τὸν
710 4363 904 4433 κλιρδν
945 4364 1159 4415 ἐκεῖνον
1206 4361 1443 4431 δύναμιν
1499 4360 1837 4430 περιζώσας,

261 4460 361 4512 καὶ
392 4459 462 4511 τὰ
497 4460 634 4528 πρὸς
672 4457 958 4509 εὐσέϐειαν
1016 4453 1358 4516 καθοπλίσας
1394 4454 1550 4517 Θεὸς,
1580 4454 1741 4522 εἰπερ
1771 4449 1839 4522 ἦν

1935 1982 2177 2047 haeresis,
2220 1986 2363 2053 quod
2402 1985 2565 2049 absit,
2605 1989 2825 2043 aliunde
2874 1991 2976 2043 hoc
3034 1992 3293 2060 temporis
3327 1994 3509 2045 exori-

1933 2083 2102 2136 retur,
2133 2082 2445 2141 suppeteret
2472 2091 2793 2143 generosum
2850 2079 3128 2148 quidpiam
3184 2092 3235 2133 et
3281 2083 3513 2136 eruditis

1934 2164 2208 2217 mentibus
2230 2165 2474 2233 dignum,
2498 2183 2606 2235 quo
2629 2169 2931 2222 cculirmati
2966 2174 3357 2241 constitutique
3390 2190 3511 2229 eum

1933 2251 2397 2323 Oppuguaremus,
2433 2259 2524 2325 qui
2566 2272 2745 2311 rerum
2778 2259 3187 2314 dialecticarum
3247 2273 3509 2330 apparatu

1933 2344 2188 2398 instructi
2243 2347 2469 2402 minime
2525 2365 2739 2403 sumus.
2801 2352 2865 2404 Et
2918 2355 3188 2405 nudenatn
3232 2356 3511 2408 veritatem

1933 2439 2261 2492 occultatam
2319 2442 2373 2493 in
2412 2443 2684 2511 profundo
2734 2445 3062 2512 quaestionis
3118 2446 3512 2515 investigantcs

1931 2532 2251 2599 explicaturi
2290 2548 2557 2596 essemus.
2619 2536 2713 2605 qui
2747 2539 3073 2589 traditorum
3107 2539 3264 2590 nobis
3295 2538 3517 2607 dogma~

1934 2628 2046 2672 tum
2099 2621 2450 2675 securitatem
2490 2626 2560 2677 ob
2590 2626 2974 2695 negligentiam
3026 2628 3175 2680 nullo
3212 2629 3371 2681 modo
3412 2639 3507 2681 co-

1934 2715 2275 2788 gnoscimus,
2310 2716 2384 2769 uti
2421 2716 2694 2787 ingentem
2730 2730 2971 2773 nostrain
3014 2721 3079 2772 ad
3120 2721 3317 2773 similia
3351 2723 3517 2774 insci-

1935 2808 2064 2860 tiam
2098 2807 2200 2861 hoc
2236 2815 2451 2877 tempus
2484 2824 2789 2879 eoarguens
2816 2812 3230 2875 demonstravit,
3260 2813 3388 2866 dum
3418 2808 3515 2868 no?

1932 2913 2061 2951 vum
2096 2913 2204 2951 non
2260 2899 2353 2963 sit,
2388 2899 2533 2967 quod
2586 2900 2639 2952 in
2682 2915 2936 2955 sermooe
2992 2902 3275 2956 hominum
3320 2903 3511 2967 fertur,

1932 2998 1988 3042 et
2020 3003 2121 3043 nos
2150 2989 2218 3042 de
2249 2998 2431 3043 mente
2462 2990 2787 3057 decidimus,
2821 3002 2875 3045 et
2904 3009 3024 3047 cum
3063 3010 3200 3062 opus
3227 3006 3372 3049 esset
3398 3007 3515 3050 stn-

1936 3079 2066 3133 tutis
2115 3078 2505 3149 obsequentes,
2542 3091 2598 3135 et
2630 3094 3026 3151 cognoscentes
3073 3102 3139 3138 ex
3188 3085 3390 3140 divinis
3425 3088 3519 3139 lit-

1938 3171 2070 3224 teris
2117 3172 2363 3228 veritatis
2420 3176 2842 3241 expositionem,
2893 3192 2923 3229 a
2976 3188 3154 3231 mente
3200 3194 3304 3231 non
3338 3178 3518 3231 dimo-

1936 3261 2071 3324 veri,
2130 3277 2231 3316 nos
2256 3265 2588 3318 tantumdem
2616 3264 2973 3333 opprimimur
3009 3265 3378 3328 ﬂuctuatione,
3409 3284 3516 3337 qua

1934 3355 2237 3411 scindimur
2285 3365 2339 3409 et
2384 3357 2437 3407 in
2480 3355 2681 3409 multas
2719 3355 3004 3424 Opiniones
3056 3359 3315 3411 audacter
3346 3367 3400 3411 et
3458 3360 3517 3411 li-

1936 3461 2122 3502 center
2159 3449 2479 3512 iucidimus,
2518 3458 2578 3500 ut
2631 3457 2847 3501 nosmet
2906 3458 3096 3502 mutuo
3146 3451 3517 3518 percutiamus

1936 3542 2066 3607 (lien
2088 3540 2413 3609 stuporem!)
2436 3541 2599 3593 veluti
2631 3540 2683 3592 in
2713 3540 2979 3608 profunda
3003 3541 3258 3610 caligine,
3278 3552 3331 3594 et
3358 3545 3519 3595 viris-

1935 3631 2036 3684 sim
2082 3634 2476 3698 percutiamur,
2537 3644 2713 3697 neque
2750 3633 3075 3700 exquisitam
3108 3633 3376 3699 dogmatis
3427 3649 3515 3684 rn—

1936 3723 2137 3776 tionem
2173 3731 2443 3787 tenentes,
2476 3738 2597 3790 quae
2632 3722 2792 3776 nobis
2819 3739 2883 3775 ex
2938 3723 3171 3777 lectione
3202 3725 3511 3777 divinarum

1938 3812 2435 3882 Scripturarum,et
2455 3829 2520 3867 ex
2552 3814 2658 3868 illis
2673 3830 2794 3883 qua:
2822 3816 2953 3868 inibi
2975 3818 3353 3885 sunteloquia,
3374 3832 3514 3881 sug—

1936 3905 2164 3974 geritur,
2198 3913 2251 3958 et
2284 3905 2326 3957 si
2351 3904 2476 3972 quis
2497 3905 2550 3957 in
2586 3907 2825 3958 medium
2858 3907 3062 3975 aliquid
3101 3908 3323 3975 profert,
3354 3911 3419 3961 ad
3452 3911 3516 3962 it-

1938 3998 2049 4051 lum
2076 3996 2407 4050 audiendum
2436 4000 2652 4051 animos
2686 4014 2791 4051 non
2821 4000 3107 4068 erigimus,
3138 4009 3195 4053 ut
3225 4004 3415 4054 merito
3448 4005 3515 4056 de

1939 4088 2097 4142 nobis
2128 4088 2237 4141 diei
2268 4090 2462 4157 possit,
2504 4089 2648 4157 quod
2680 4104 2709 4141 a
2745 4100 2900 4157 poeta
2931 4100 3085 4144 extra
3115 4092 3319 4145 Christi
3353 4095 3516 4145 ει-Ιιο-

1940 4181 2044 4235 lam
2087 4181 2501 4249 pronuntiatum
2549 4190 2654 4245 est,
2693 4182 2759 4235 ad
2798 4183 3079 4252 veritattuu
3109 4187 3512 4253 agrosccndam

1940 4270 2155 4339 ineptos
2195 4285 2297 4325 nos
2324 4272 2535 4325 scilicet
2567 4288 2691 4327 esse
2720 4282 2775 4326 et
2820 4278 3124 4342 nuncupari
3158 4274 3180 4327 ί
3209 4274 3300 4328 Sic
3333 4282 3517 4329 noster

1942 4363 2031 4418 hic
2065 4374 2118 4418 et
2148 4365 2405 4434 antiquus
2434 4373 2606 4418 status
2631 4375 2684 4418 et
2713 4366 2977 4430 conditio,
3010 4369 3418 4435 perpendiculo,
3440 4371 3515 4423 uti
3596 4382 3608 4391 ‘

1942 4456 2119 4521 aiunt,
2171 4455 2313 4509 inter
2368 4470 2425 4509 se
2475 4456 2705 4509 distant.
2762 4456 2868 4511 Nec
2900 4474 2987 4511 me
3015 4458 3163 4521 latet,
3195 4462 3339 4527 quod
3371 4461 3518 4527 ipsos

262 4552 422 4621 χρεία
456 4552 552 4602 καὶ
583 4549 726 4601 κατὰ
744 4547 803 4599 τὸ
824 4544 1001 4615 παρὸν
1027 4544 1288 4597 τοιούτων
1309 4544 1522 4614 ἀνδρῶν
1557 4545 1833 4613 μεγάλων,

1943 4547 2235 4599 obﬁrmare.
2293 4546 2529 4609 videtur,
2561 4557 2616 4600 et
2654 4549 2800 4616 quod
2845 4564 3125 4603 nonnemo
3170 4550 3223 4603 in
3282 4552 3515 4603 medium

258 4645 290 4695 ὁ
319 4642 479 4702 αὐτὸς
504 4641 726 4701 πάντως
763 4637 829 4689 ἂν
865 4637 1033 4690 πάλιν
1084 4635 1385 4701 ἀνέδειξεν.
1415 4634 1563 4705 Πλὴν
1592 4632 1710 4687 οἶδα
1741 4651 1837 4688 σα-

261 4733 383 4802 φῶς
424 4735 519 4784 καὶ
555 4732 635 4782 ὅτι
697 4730 949 4799 βούλεται
990 4727 1360 4798 προηγεῖσθαι
1407 4726 1663 4795 σώφρονα
1701 4725 1836 4795 βίον,

260 4818 342 4885 οἷς
377 4822 565 4891 μέλλει
594 4820 694 4890 τὴν
724 4819 922 4872 ἑαυτοῦ
952 4819 1113 4889 χάριν
1143 4818 1710 4888 ὲπιδαψιλεύσασθαι,
1744 4818 1841 4870 καὶ

264 4914 488 4984 σεμνόν.
524 4912 728 4965 Τούτου
760 4912 818 4964 δὲ
860 4913 965 4965 κᾶν
1019 4912 1070 4963 οἱ
1124 4910 1312 4963 καὶτὸ
1355 4912 1530 4980 πέρας
1570 4909 1629 4974 ἐξ
1675 4908 1839 4962 αὑτοῦ

264 5009 374 5068 τοῖς
419 5004 665 5074 μετιοῦσι
698 5003 1061 5075 βραϐεύηται,
1093 5005 1228 5065 τέως
1260 5004 1305 5056 δ’
1330 5002 1424 5056 οῦν
1452 5005 1515 5056 τό
1547 5019 1609 5069 γε
1635 5004 1841 5072 κατάρ·

264 5098 460 5164 ξασθαι
490 5096 793 5165 προθύμως
815 5097 916 5163 τῆς
945 5096 1343 5165 προαιρέσεως,
1377 5094 1443 5165 ἢν
1466 5086 1675 5147 ’ἐκεῖνος
1707 5098 1842 5164 κτη-

265 5189 519 5255 σάμενοι,
560 5186 766 5255 μᾶλλον
802 5186 859 5239 δὲ
899 5185 1349 5255 πεπλουτηκότες
1383 5185 1526 5238 κατὰ
1553 5184 1711 5246 Θεὸν,
1748 5186 1842 5236 ἐπὶ

262 5280 425 5330 τόσον
454 5279 657 5347 ἀρετῆς
688 5271 827 5347 ἧκον
856 5276 958 5345 τὴν
1004 5276 1271 5346 πρόθεσιν
1296 5276 1465 5328 αὑτοῦ
1513 5274 1841 5327 τελειώσανο

262 5387 376 5433 τος,
408 5369 483 5429 ὡς
540 5371 635 5421 καὶ
685 5369 869 5438 λύχνοι
902 5368 1090 5421 λοιπὸν
1115 5367 1458 5438 χρηματίσαι.
1494 5369 1841 5437 περιφανεῖς,

264 5461 427 5528 λόγον
455 5461 601 5529 ζωῆς
631 5435 805 5512 ἅπασι
839 5462 950 5523 τοῖς
976 5435 1166 5522 ἄλλοις
1207 5435 1501 5528 ἐπέχοντες
1523 5476 1537 5491 ο
1574 5435 1651 5512 εὖ
1679 5435 1876 5529 χάρινΙ

268 5562 362 5612 καὶ
390 5560 487 5628 τῆς
513 5559 722 5611 ἄνωθεν
750 5558 941 5627 σοφίας
976 5558 1176 5620 αὐτοὺς
1216 5559 1245 5608 ό
1291 5558 1451 5626 μόνος
1504 5556 1667 5623 σοφὸς
1702 5555 1846 5607 κατὰ

268 5648 433 5715 φύσιν
464 5648 753 5718 ἐνέπλησε,
790 5647 861 5701 δι’
912 5643 980 5718 ἦς
1021 5647 1116 5701 τοῦ
1162 5646 1340 5699 δολίου
1391 5648 1488 5700 καὶ
1531 5648 1843 5715 ἀρχεκάκου

267 5742 563 5811 δράκοντος
594 5740 997 5804 καταϐαλόντες
1023 5741 1094 5793 τὰ
1119 5739 1590 5810 πανουργεύμιτα
1616 5739 1711 5790 καὶ
1744 5737 1845 5800 τὰς

272 5832 548 5900 μηχανὰς,
575 5829 721 5898 λέγω
747 5831 853 5893 τὰς
878 5830 1234 5893 παντοδαπὰς
1258 5832 1525 5900 αἱρέσεις,
1551 5828 1619 5892 ἃς
1652 5827 1844 5898 ἐξεῦρε

1944 4636 2084 4691 forte
2137 4637 2478 4706 produxerit,
2529 4639 2785 4691 eumdem
2844 4654 3037 4707 nempe
3094 4641 3293 4708 ipsum,
3327 4644 3517 4709 quieo

1945 4741 2185 4797 tempore
2219 4729 2342 4783 illos
2372 4729 2699 4783 fortitudine
2729 4731 3133 4794 circumciuxit,
3169 4742 3223 4784 et
3252 4732 3315 4784 ad
3351 4734 3519 4798 pieta-

1945 4831 2050 4875 tem
2083 4824 2317 4876 armavit
2350 4824 2540 4887 Deum,
2572 4826 2617 4877 si
2656 4826 2709 4877 in
2742 4825 2995 4893 praesenti
3023 4825 3185 4878 etiam
3220 4828 3518 4879 necessitas

1946 4924 2185 4983 urgeret,
2209 4923 2262 4967 et
2297 4916 2569 4969 similibus
2605 4918 2819 4985 magnis
2846 4917 3159 4970 hominibus
3190 4933 3327 4985 opus
3378 4929 3523 4971 esset

1944 5008 2167 5060 omnino
2222 5007 2419 5061 iterum
2470 5019 3047 5063 commonstratutunt.
3111 5014 3358 5063 Attamen
3404 5012 3525 5078 pla-

1945 5113 2014 5151 ne
2042 5099 2159 5167 ipse
2185 5099 2336 5163 novi,
2370 5099 2535 5153 vitam
2572 5104 2918 5169 prudentem,
2965 5110 3020 5155 et
3050 5118 3077 5155 a
3122 5104 3265 5155 vitiis
3299 5118 3520 5156 vacuam

1946 5190 2140 5257 praeire
2198 5205 2422 5245 necesse
2474 5208 2596 5246 esse
2646 5193 2697 5245 in
2753 5194 2883 5257 illis,
2934 5195 3155 5262 quibus,
3196 5195 3314 5260 ejus
3348 5205 3521 5262 gratia

1946 5281 2225 5335 afﬂuenter
2253 5283 2601 5335 concedenda
2639 5293 2744 5338 cst.
2801 5284 2973 5351 llujus
3009 5296 3187 5337 autem
3227 5287 3344 5337 linis
3401 5286 3524 5339 licet

1947 5371 2335 5426 exercentibus
2364 5372 2615 5435 dedatur,
2656 5374 3019 5429 nihilominus
3060 5387 3309 5443 prompto
3339 5376 3523 5426 animo

1948 5464 2214 5532 prepositi
2271 5464 2705 5532 aggressionem,
2760 5479 2881 5518 cum
2947 5465 3021 5517 illi
3077 5464 3309 5517 Numine
3360 5472 3522 5515 etiam

1948 5569 2107 5621 opem
2147 5554 2355 5608 ferente
2385 5556 2605 5608 abunde
2642 5559 3036 5624 possedissent,
3080 5558 3131 5608 in
3175 5564 3383 5607 tantum
3416 5556 3525 5603 vir-

1948 5647 2082 5700 tutis
2131 5660 2446 5714 pervenere,
2478 5647 2769 5702 consilium
2824 5650 3114 5717 providens
3161 5647 3522 5707 absolventes,

1952 5748 2091 5792 utet
2147 5739 2381 5793 lucerna:
2422 5737 2476 5791 in
2512 5751 2789 5807 posterum
2841 5742 3266 5807 praeclarissime
3297 5738 3519 5790 exstite-

1955 5831 2082 5895 rint,
2122 5832 2242 5885 vita:
2283 5830 2550 5884 rationem
2598 5831 2719 5887 aliis
2751 5833 3005 5887 omnibus
3043 5832 3374 5893 exhibentes,
3396 5844 3521 5897 ptu-
