4206 6452
189 407 324 471 1193

1034 415 1129 475 DE
1170 414 1690 478 PROCESSIONE
1732 416 1790 473 S.
1837 414 2197 476 SPIRITUS
2237 414 2459 475 ORul‘l‘.
2506 415 2589 474 Ιῐ.

3295 412 3433 475 1194

180 518 383 584 slaves;
424 518 476 569 εἴ
510 535 559 570 τι
597 517 757 588 ῥητὸν
787 519 894 574 τῶν
939 522 1090 592 παρὰ
1128 523 1353 595 γνώμην
1393 524 1597 588 αὐτοῖς,
1634 525 1754 585 ταῖς

1873 522 2045 578 leratc
2072 533 2125 577 et
2166 523 2414 586 licentcr,
2447 523 2542 576 sed
2573 520 2679 575 alia
2705 534 2926 592 quoque
2957 518 3193 590 plurima
3240 523 3424 578 turbu-

178 608 237 661 δὲ
273 607 523 662 τοιοῦτον
581 610 771 679 ἕτερον
808 614 945 684 πρὸς
1000 614 1063 667 τὸ
1116 615 1307 669 δοκοῦν
1340 616 1556 679 τούτοις
1590 633 1760 687 μετα-

180 702 536 771 ποιῄσαντες,
577 697 651 758 ὧν
686 704 965 769 ἁπάντων,
997 706 1073 769 ὡς
1115 707 1360 775 ἐφικτὸν,
1406 710 1544 761 κατὰ
1577 709 1762 778 χώραν

184 791 596 862 μνησθήσομαι.

253 1065 363 1139 κβ’.
398 1069 503 1121 Καὶ
529 1067 582 1120 τί
626 1067 770 1136 λέγω
812 1070 944 1139 περὶ
972 1064 1047 1123 ὧν
1082 1072 1435 1142 μετέγραψαν
1470 1072 1673 1143 βίϐλων
1705 1075 1765 1129 ἔν

180 1161 296 1219 τοῖς
329 1159 539 1213 ἑαυτῶν
562 1160 785 1215 ἔκαστοι
808 1161 916 1213 τῶν
942 1162 1349 1233 διαληφθέντων
1374 1168 1608 1236 καιροῖς,
1632 1167 1766 1223 ὅπου

183 1264 250 1316 τε
280 1249 491 1303 τούτων
524 1250 706 1303 αὐτῶν
726 1250 860 1305 ἔνιοι
883 1252 977 1306 καὶ
1013 1254 1121 1306 τῶν
1169 1257 1232 1307 ἐκ
1263 1255 1492 1309 παλαιοῦ
1524 1274 1765 1328 γεγραμ-

188 1341 369 1407 μὲνων
402 1341 713 1411 ὁλοσχερῶς
751 1343 853 1396 οὐκ
880 1344 1211 1414 ὲιρείσαντο;
1251 1347 1375 1399 Τῶν
1414 1347 1671 1401 τοιούτων
1720 1348 1766 1402 δ’

185 1434 381 1497 ἁπλῶς
411 1435 559 1487 ἔστιν
587 1435 652 1497 ἃς
691 1435 910 1502 ἔξεσαν,
956 1439 1081 1492 τινα
1125 1440 1534 1509 μεταϐαλόντες
1564 1444 1676 1497 τῶν
1710 1445 1767 1496 ἐν

185 1526 406 1590 αὐτοῖς,
462 1528 598 1582 ἄλλα
624 1527 668 1581 δ’
723 1528 793 1583 αὖ
829 1528 1152 1595 ἐκϐαλόντες
1202 1534 1468 1589 τοτέλεον.
1513 1534 1621 1588 Καί
1678 1552 1769 1605 μοι

187 1623 394 1683 παντὸς
425 1621 519 1673 τοῦ
548 1624 708 1692 λόγου
744 1624 1046 1695 μαρτύριον
1084 1626 1337 1693 ἀψευδὲς,
1366 1628 1506 1698 ὅπερ
1539 1630 1768 1698 γενόμε-

190 1729 357 1782 μενον
395 1715 482 1783 ἐφ’
521 1714 681 1784 ἡμῶν
736 1717 1145 1786 ἀναπέφανται.
1193 1719 1313 1771 Τῶν
1347 1720 1627 1790 ἀρχόντων
1658 1720 1768 1791 γὰρ

184 1806 331 1875 ἁνήρ
363 1823 445 1869 τις
482 1807 591 1858 τῶν
626 1808 1129 1876 ἑκκλησιαστικῶν,
1159 1811 1524 1881 ἀντεχόμενος
1561 1812 1763 1881 κομιδῆ

184 1896 255 1949 τὰ
279 1897 474 1966 πρῶτα
501 1896 593 1950 τοῦ
630 1898 952 1969 σχίσματος,
974 1901 1066 1955 τὸν
1087 1902 1187 1970 μὲν
1213 1904 1269 1954 ὲν
1303 1903 1512 1965 τούτοις
1540 1904 1769 1973 βαθμὸν,

184 1989 285 2039 καὶ
325 1989 424 2058 τὴν
455 1989 607 2055 τάξιν
634 1993 694 2043 οὐ
725 1991 1040 2055 πολλοστὸς,
1080 1992 1184 2047 κᾶν
1214 1994 1327 2053 τοῖς
1366 1992 1545 2063 λόγοις
1574 1996 1631 2048 δὲ
1662 1997 1772 2049 τῶν

184 2080 491 2134 δοκούντων
550 2077 634 2143 εἷς
680 2082 1116 2152 γνωριζόμενος,
1167 2085 1404 2156 ἀρχαίαν
1435 2103 1495 2140 τε
1523 2088 1619 2140 καὶ
1652 2087 1772 2152 ἀξι-

185 2170 415 2224 έπαινον
462 2172 645 2225 δέλτον
676 2173 750 2237 ὡς
784 2175 1006 2245 ἀληθῶς
1064 2177 1161 2231 τοῦ
1190 2178 1492 2232 Νυσσαέων
1538 2180 1771 2251 ἔχουσαν

185 2260 492 2331 Γρηγορίου
529 2266 1179 2337 σνγγράμματα,διχόθεν
1212 2286 1274 2323 το
1302 2271 1581 2335 παντελῶς
1614 2274 1772 2327 ἀδιά-

184 2352 386 2423 ϐλητον
449 2360 814 2429 κεκτημένην,
846 2364 940 2412 καὶ
992 2361 1053 2414 τὸ
1114 2363 1330 2429 πιστὸν,
1376 2364 1440 2417 ἐκ
1480 2382 1537 2419 τε
1569 2366 1771 2438 δηλαδὴ

184 2444 279 2497 τοῦ
328 2448 632 2501 ἀπταίστον
662 2454 757 2504 καὶ
798 2454 898 2522 τῆς
928 2452 1039 2506 τῶν
1096 2456 1328 2528 ἡμερῶν
1361 2459 1726 2529 παλαιότητος
1752 2477 1767 2492 ο

182 2540 393 2609 ταύτην
449 2540 578 2609 γοῦν
614 2544 641 2595 ὁ
675 2546 920 2608 τοιοῦτος
961 2548 1079 2601 κατ’
1120 2551 1293 2619 ἀρχὰς
1353 2551 1452 2620 τῆς
1488 2551 1773 2616 διενέξεως

188 2634 416 2705 μετιὼν,
441 2635 514 2701 ὡς
549 2638 629 2699 εἰς
656 2637 755 2705 τὴν
800 2639 1008 2694 ἄνωθεν
1061 2644 1384 2698 ἐκτεθεῖσαν
1413 2644 1507 2697 τοῦ
1558 2646 1773 2717 ΙΙ.τρδς

187 2731 351 2799 ῥῆσιν
387 2732 719 2802 κατήντησε,
757 2732 921 2804 ζῆλόν
971 2752 1096 2789 τινα
1143 2738 1239 2792 καὶ
1282 2739 1444 2800 αὐτὸς
1486 2742 1533 2792 εἰ
1562 2742 1655 2793 καὶ
1694 2742 1771 2813 μὴ

187 2823 312 2876 κατ’
364 2826 665 2893 ἐπίγνωσιν
718 2826 864 2897 σχὼν
897 2825 1048 2893 ἔξεσε
1085 2831 1185 2899 τὴν
1236 2832 1329 2884 ἐπὶ
1357 2834 1449 2885 τοῦ
1483 2834 1612 2887 Υιοῦ
1656 2854 1774 2888 κει.

191 2916 363 2984 μένην
398 2917 467 2970 ἐκ
493 2918 776 2987 πρόθεσιν,
801 2918 868 2989 ην
901 2921 1215 2989 ἐντυχόντες
1246 2923 1433 2976 πολλοὶ
1456 2928 1521 2995 τῇ
1550 2926 1775 2999 τοιαύτῃ

192 3006 506 3077 δογματικῇ
556 3009 723 3080 βίϐλῳ
759 3012 818 3063 τὸ
856 3014 1007 3081 πρὶν,
1044 3013 1269 3076 οἰκείοις
1312 3015 1622 3085 ὀφθαλμοῖς
1675 3020 1771 3088 ἰγ-

186 3101 591 3170 γεγραμμένην
639 3102 855 3172 τρανῶς
907 3104 1085 3177 ταύτῃ
1121 3107 1467 3178 κατείδομεν,
1520 3111 1617 3164 καὶ
1662 3113 1764 3181 τῆς

1797 1861 1847 1921 Β

1863 613 1995 668 lenti
2054 614 2301 668 homines
2331 613 2728 675 adulterarnnt,
2762 627 2827 667 ex
2860 613 2945 667 his
3001 611 3226 682 quidem
3285 614 3439 668 aure-

1866 710 2063 762 rentes.
2101 702 2145 755 si
2184 703 2312 770 quid
2344 702 2605 771 scriptum
2630 710 2779 756 esset
2818 702 2961 771 quod
2996 702 3128 769 ipsis
3150 716 3259 756 non
3299 703 3440 757 arri-

1864 794 2037 859 deret,
2062 792 2116 848 in
2148 794 2265 848 aliis
2293 796 2441 847 aliud
2463 793 2662 855 simile,
2699 803 2757 846 ut
2790 794 2901 849 illis
2934 795 3222 849 videbatur
3265 810 3439 866 appo-

1865 892 2078 948 ncntes,
2112 900 2233 953 qua:
2262 884 2469 948 omnia,
2503 884 2581 938 uti
2604 883 2748 939 vires
2779 885 3171 958 concesserint,
3195 892 3443 955 tempore

1867 985 2169 1046 opportuno
2196 978 2657 1034 commemorabo.
3383 968 3392 972 ’

1938 1066 2031 1123 22.
2073 1066 2138 1119 Et
2164 1067 2293 1136 quid
2322 1066 2411 1120 hic
2435 1066 2657 1136 inquam
2680 1067 2749 1122 de
2768 1066 3113 1137 transcriptis
3141 1067 3211 1121 ab
3237 1067 3444 1122 eisdem

1868 1154 1974 1209 alio
2013 1165 2175 1225 atque
2222 1155 2330 1210 alio
2366 1163 2610 1224 tempore
2639 1157 3033 1221 voluminibus,
3065 1157 3193 1211 dum
3250 1171 3443 1213 eorum

1870 1248 2121 1302 nonnulli
2152 1262 2252 1304 nec
2275 1250 2343 1303 ab
2372 1248 2499 1313 illis,
2537 1264 2659 1319 quae
2684 1250 2753 1303 ab
2777 1252 3006 1318 antiquo
3038 1256 3281 1317 tempore
3309 1264 3447 1305 exa-

1870 1345 1985 1393 rata
2016 1347 2193 1404 erant,
2256 1354 2451 1395 manus
2476 1340 2913 1395 abstinuerunt?
2947 1342 3001 1396 in
3036 1341 3239 1411 quibus
3275 1342 3442 1396 multa

1869 1440 2179 1495 eraserunt,
2216 1430 2342 1486 aliis
2373 1432 2494 1487 loco
2522 1446 2713 1486 eorum
2748 1433 3071 1502 suppositis,
3112 1434 3447 1502 quibusdam

1869 1523 2032 1578 etiam
2084 1538 2312 1593 prorsus
2363 1524 2605 1579 abolitis.
2665 1524 2729 1579 Et
2753 1524 2959 1579 dictum
2996 1541 3177 1579 meum
3229 1525 3449 1580 abunde

1868 1615 2181 1674 conﬁrmat.
2218 1615 2365 1683 quod
2427 1624 2615 1670 nostra
2667 1618 2771 1669 hac
2826 1623 2984 1670 aetate
3032 1615 3240 1670 factum
3279 1615 3451 1672 fuisse

1868 1716 2210 1774 compertum
2244 1714 2348 1761 est.
2381 1704 2457 1759 Ex
2512 1707 2853 1776 principibus
2893 1708 3036 1761 enim
3101 1708 3231 1763 viris
3276 1708 3451 1763 eccle-

1870 1798 2110 1854 siasticis
2140 1812 2302 1862 unus.
2331 1798 2567 1868 primum
2599 1801 2818 1868 quidem
2849 1800 3136 1855 scltismati
3167 1816 3330 1870 quam
3356 1802 3452 1855 ad-

1874 1889 2231 1955 dictissimus,
2260 1892 2355 1945 sed
2387 1890 2563 1957 gradu
2601 1900 2655 1946 et
2699 1892 2893 1946 ordine
2923 1892 3065 1947 inter
3088 1907 3183 1947 eos
3214 1909 3357 1948 unus
3382 1895 3450 1949 dc

1876 1983 2087 2050 multis,
2121 1984 2224 2039 etsi
2257 1982 2311 2038 in
2344 1984 2558 2038 dicendi
2606 1993 2724 2039 arte
2749 2000 2859 2040 non
2897 1984 3183 2054 imperitus
3214 1987 3447 2041 habere-

1876 2085 1983 2140 tur,
2014 2078 2268 2131 volumen
2294 2076 2428 2131 satis
2465 2083 2739 2131 vetustum
2770 2088 2826 2132 et
2850 2092 2975 2133 vere
2992 2079 3450 2144 commendabile,

1875 2162 2126 2235 Gregorii
2156 2164 2388 2235 Nysseni
2438 2169 2864 2223 commentarios
2886 2170 3195 2233 continens,
3244 2168 3451 2240 duplici

1875 2270 1941 2309 ex
1979 2248 2157 2327 capite
2194 2256 2328 2310 nulli
2364 2256 2656 2313 calumniae
2703 2258 3027 2323 obnoxium,
3053 2267 3106 2313 et
3134 2259 3297 2314 ﬁdem
3344 2259 3449 2313 sibi

1876 2349 2254 2403 inconcussam
2282 2348 2546 2411 retinens,
2579 2349 2723 2417 quod
2755 2350 2921 2405 nullis
2954 2350 3170 2405 mendis
3191 2359 3340 2406 esset
3370 2350 3453 2405 itt-

1876 2455 2151 2512 spersum,
2178 2450 2235 2495 et
2263 2450 2534 2496 vetustate
2584 2444 2847 2512 temporis
2891 2452 3037 2497 esset
3065 2445 3450 2514 conspicuum.

1878 2537 1994 2590 Hoc
2024 2535 2189 2605 igitur
2224 2535 2314 2589 ille
2346 2535 2399 2589 in
2447 2536 2721 2606 principio
2766 2536 2981 2593 dissidii
3019 2552 3366 2607 percurrens,
3392 2550 3454 2595 ut

1878 2630 1946 2683 ad
1976 2642 2141 2697 supra
2202 2628 2478 2683 laudatum
2524 2627 2703 2685 Patris
2756 2631 2963 2685 dictum
3004 2634 3277 2700 pervenit,
3333 2633 3452 2688 zelo

1874 2720 2112 2790 quodam
2148 2720 2428 2790 abreptus,
2480 2722 2585 2775 etsi
2648 2738 2753 2776 non
2809 2723 3108 2778 secundum
3146 2725 3453 2789 scientiam,

1874 2811 2044 2865 erasit
2068 2812 2413 2880 praepositam
2470 2810 2610 2865 Filio
2640 2814 3083 2882 praepositionem
3142 2830 3231 2880 ex,
3287 2831 3456 2885 quam

1877 2909 2034 2956 antea
2088 2903 2335 2972 plerique
2383 2913 2629 2958 nostrum
2664 2905 2718 2958 in
2751 2906 2844 2958 illo
2868 2906 3182 2975 dogmatico
3222 2915 3454 2962 tractatu

1874 3007 1999 3046 cum
2032 2993 2283 3048 volumen
2324 2994 2729 3049 involvercmus
2760 3000 2995 3066 propriis
3033 3001 3210 3055 oculis
3259 3015 3457 3055 exara-

1876 3095 1985 3140 tam
2010 3087 2298 3156 perspicue
2354 3101 2838 3158 conspexerauius,
2870 3100 2926 3146 et
2970 3093 3038 3145 ah
3070 3093 3283 3163 integro
3311 3094 3458 3149 dicto

186 3192 317 3262 ὅλης
354 3196 569 3263 ρήσεως
608 3196 882 3262 amem;
912 3198 1010 3266 τὴν
1043 3200 1111 3253 ἐκ
1141 3200 1353 3271 ἀφῆκεν
1386 3203 1557 3272 αὐτὴν
1593 3203 1768 3268 οὕτως

1873 3194 1939 3232 ex
1971 3178 2224 3244 eradens,
2285 3184 2613 3237 sententiam
2646 3182 2718 3237 ita
2770 3184 2873 3256 legi
2911 3187 3127 3257 reliquit
3159 3205 3174 3242 :
3223 3187 3458 3255 Spiritus

188 3289 669 3355 ἀναγινώσκεσθαι
693 3306 706 3319 ·
744 3291 814 3344 Τὸ
842 3290 910 3343 δὲ
941 3291 1117 3362 ἅγιον
1144 3292 1392 3363 Πνεῦμα
1437 3295 1535 3348 καὶ
1570 3296 1636 3348 ἐκ
1664 3295 1773 3349 τοῦ

186 3382 422 3447 Ματρὸς
448 3382 709 3451 λέγεται,
740 3382 842 3437 καὶ
869 3385 976 3438 τοῦ
1027 3384 1165 3439 γ’ἱοῦ
1196 3380 1351 3440 εἶναι
1387 3400 1772 3457 πρῖσμαρτυ·

175 3473 397 3547 ρεῑται.
432 3475 540 3527 Καὶ
571 3474 689 3527 τότε
725 3478 827 3545 μὲν
866 3476 1266 3547 διαφερόμενος
1306 3475 1462 3543 οὗτος
1492 3482 1625 3550 ἡμῖν
1656 3480 1773 3550 ὲχό-

188 3581 329 3633 μενα
369 3566 467 3631 τῆς
497 3566 692 3618 ἑαυτοῦ
720 3569 953 3638 γνώμης
982 3572 1314 3638 εἰργάσατο·
1360 3572 1456 3624 τοῦ
1486 3573 1677 3641 χρόνου
1712 3574 1770 3626 δὲ

184 3654 493 3724 προϊόντος,
536 3657 728 3726 ἐπειδὴ
786 3659 1123 3730 μεθύστερον
1152 3662 1247 3728 τῆς
1277 3663 1505 3731 εἰρήνης
1553 3665 1772 3729 ἐγένετο

183 3749 279 3796 καὶ
312 3745 497 3809 αὐτὸς,
549 3741 638 3798 οἷα
674 3747 1043 3818 πληττόμενος
1081 3750 1188 3803 ὑπδ
1217 3750 1313 3804 τοῦ
1346 3752 1669 3816 συνειδότος,
1694 3752 1770 3816 ὡς

182 3837 354 3900 ἔοικε,
386 3839 449 3890 τὸ
491 3838 745 3893 τελεσθὲν
774 3842 1153 3912 ἀπεκάλυψεν.
1200 3844 1420 3914 Ἀμέλει
1474 3846 1771 3914 τοιγαροῦν

182 3929 281 3981 καὶ
312 3927 655 3998 ζητήσαντες
687 3932 970 4001 ἐπιμελῶς
1002 3936 1104 4003 τὴν
1156 3934 1340 4004 βίϐλον
1368 3936 1552 4004 ἡμεῖς,
1580 3937 1771 4007 δμμα-

186 4033 271 4069 σιν
323 4018 506 4080 αὐτοῖς
563 4020 933 4091 ἑωράκειμεν,
980 4024 1119 4094 ὅπερ
1167 4025 1305 4094 ἀκοῇ
1359 4026 1767 4097 παρελάϐομεν.

184 4112 297 4163 Καὶ
324 4109 419 4164 νῦν
452 4115 485 4182 ὴ
532 4113 633 4181 μὲν
664 4114 868 4181 δέλτος,
915 4115 990 4180 ὡς
1043 4117 1216 4181 εἰκὸς,
1270 4117 1424 4189 μένει
1460 4120 1555 4172 καὶ
1605 4120 1772 4173 καθέ-

185 4218 357 4272 στηκε
397 4205 533 4274 παρ’
566 4208 702 4275 ἡμῖν
723 4208 816 4259 τὸν
845 4209 1012 4261 τόπον
1042 4210 1140 4279 τῆς
1172 4210 1242 4263 ἐκ
1290 4212 1605 4280 προθέσεως
1652 4212 1773 4276 ὲξε-

184 4295 384 4361 σμένον
414 4296 510 4347 καὶ
567 4297 724 4349 κενὸν
757 4281 999 4368 φέρουσα
1025 4316 1037 4329 ο
1067 4301 1137 4352 τα
1164 4301 1221 4354 δέ
1244 4317 1307 4369 γε
1335 4302 1429 4369 τῆς
1462 4303 1771 4367 ὑποθέσεως

182 4385 571 4456 σημειωθέντα
603 4393 792 4460 γραφῇ
846 4391 1125 4461 παρεδόθη
1156 4395 1297 4446 κατὰ
1333 4393 1630 4461 διάγνωσιν
1675 4396 1772 4449 καὶ

179 4479 363 4548 κρίσιν
390 4480 700 4552 συνοδικὴν,
734 4484 885 4547 ὅπως
936 4485 1001 4537 ἂν
1028 4485 1205 4553 ἔχοιεν
1248 4485 1448 4539 ειδέναι
1479 4485 1547 4539 δι’
1592 4486 1770 4555 ἀσφά-

1874 3289 1990 3327 rero
2016 3283 2231 3330 sanctus
2263 3287 2311 3328 et
2334 3290 2397 3330 ex
2431 3274 2597 3330 Patre
2625 3278 2845 3342 dicitur,
2874 3287 2924 3333 et
2958 3279 3088 3335 Filii
3118 3298 3229 3337 esse
3261 3285 3460 3337 astrui-

1874 3372 1981 3419 tur.
2012 3364 2077 3418 Et
2102 3374 2215 3420 tum
2250 3381 2280 3421 a
2313 3367 2469 3423 nobis
2501 3368 2593 3423 ille
2619 3369 2892 3427 dissidens
2919 3388 3035 3427 suae
3068 3375 3311 3443 opinioni
3337 3392 3461 3445 per-

1879 3459 2229 3513 accommoda
2315 3464 2664 3530 pertentavit.
2731 3463 2835 3518 Sed
2902 3466 3153 3523 elabente
3216 3481 3460 3540 tempore

1873 3551 2129 3605 unionem
2163 3552 2467 3623 amplexus,
2504 3564 2559 3610 et
2584 3557 2947 3623 conscientia,
2983 3562 3058 3614 uti
3090 3578 3186 3629 par
3229 3577 3330 3627 cst,
3366 3581 3457 3619 vc-

1870 3653 2053 3709 xatus,
2083 3642 2285 3701 factum
2316 3647 2592 3703 rcvelavit.
2639 3649 2821 3715 Quare
2874 3666 2975 3706 nos
3029 3653 3323 3725 diligenter
3363 3674 3458 3712 von

1872 3734 2083 3790 lumine
2110 3737 2446 3808 conquisite,
2487 3739 2622 3808 ipsis
2666 3743 2843 3798 oculis
2884 3744 3252 3813 inspeximus,
3307 3748 3457 3817 quod

1874 3826 2064 3880 auditu
2100 3840 2591 3895 'usurpaveramus.
2630 3830 2695 3883 Et
2726 3845 2875 3885 nunc
2930 3835 3207 3896 volumen,
3248 3836 3325 3887 uti
3362 3834 3458 3887 ad-

1873 3916 2048 3983 decet,
2078 3919 2347 3987 persistit,
2403 3928 2458 3973 et
2518 3933 2881 3978 conservatur
2910 3924 3053 3992 apud
3108 3940 3241 3987 nos,
3273 3925 3456 3979 locum

1872 4019 1936 4057 ea:
1968 4005 2373 4075 praepositionis
2403 4022 2623 4063 erasum
2661 4025 3008 4080 vacuumque
3036 4013 3291 4069 deferens
3325 4035 3335 4071 :
3373 4019 3453 4071 rei

1874 4107 2054 4152 autem
2094 4109 2477 4167 argumentum
2512 4102 2885 4171 obsignatum,
2917 4107 3169 4160 examine
3212 4119 3266 4162 et
3313 4108 3456 4178 judi-

1875 4189 1959 4244 cio
1993 4191 2253 4259 synodico
2282 4191 2505 4262 scriptis
2539 4195 2803 4249 traditum
2824 4206 2924 4260 est,
2959 4207 3017 4251 ut
3044 4201 3250 4267 posteri
3280 4202 3349 4254 ob
3370 4202 3457 4257 ssi

1875 4281 2220 4337 securitatem
2278 4283 2397 4339 haec
2436 4285 2574 4354 ipsa,
2615 4287 2691 4340 uti
2724 4297 2945 4359 peracta
2984 4300 3141 4355 sunt,
3198 4307 3456 4364 recogno-

1875 4388 2031 4430 scere
2062 4375 2303 4446 possint.
2331 4377 2401 4432 Et
2427 4379 2533 4433 hoc
2559 4368 2707 4435 nunc
2736 4390 2923 4437 actum
2954 4392 3061 4449 est,
3097 4398 3223 4439 cum
3255 4401 3452 4442 ontriec

1876 4467 1990 4524 fere
2022 4470 2137 4540 paci
2164 4480 2217 4525 et
2246 4471 2435 4526 unioni
2465 4472 2825 4541 adltaasinius,
2858 4478 2953 4530 sed
2983 4478 3311 4535 universalis
3342 4481 3457 4535 dis-

180 4569 335 4623 λειαν
363 4572 579 4634 πάντως
632 4574 726 4626 καὶ
766 4575 816 4626 οἱ
862 4577 1317 4648 μεταγενέστεροι
1352 4577 1548 4641 ταῦτα,
1590 4578 1768 4642 καθὼς

1879 4562 2005 4617 sidti
2039 4562 2435 4634 discordiaque
2467 4573 2715 4635 tempore
2739 4577 2898 4622 erant
2945 4569 3104 4637 plane
3130 4570 3201 4624 ob
3225 4583 3420 4629 conten
3441 4604 3459 4618 ο

182 4662 280 4713 καὶ
312 4663 650 4733 προέϐησαν.
696 4665 859 4719 Ἀλλὰ
909 4667 1070 4720 τοῦτο
1102 4668 1201 4737 μὲν
1222 4670 1427 4737 ἀρτίως
1474 4671 1695 4723 ἐπειδὰν
1718 4674 1767 4725 oi

181 4754 387 4815 πάντες
409 4754 609 4824 μικροῦ
634 4757 736 4825 τῆς
771 4756 1019 4822 ἑνώσεως
1044 4761 1137 4812 καὶ
1164 4762 1259 4830 τῆς
1289 4762 1544 4831 ὁμονοίας
1575 4763 1764 4833 ἐσμὲν,

180 4846 305 4897 κατ’
336 4848 543 4899 ἐκεῖνον
572 4848 631 4902 δὲ
662 4849 753 4901 τὸν
785 4850 880 4920 τῆς
908 4850 1173 4921 διχονοίας
1214 4853 1314 4922 τῆς
1344 4854 1642 4925 καθολικῆς
1674 4855 1769 4926 δη-

178 4934 357 4988 λονότι
389 4938 583 5007 καιρὸν
621 4940 713 4992 καὶ
747 4941 845 5009 τῆς
874 4941 1211 5007 διαστάσεως
1244 4942 1387 5016 ἦσαν
1420 4947 1519 5014 μὲν
1549 4946 1618 5000 δι’
1650 4946 1767 5017 ἔριν

179 5025 295 5078 τῶν
355 5026 517 5097 ιερῶν
552 5027 752 5097 βίϐλων
787 5031 1067 5100 λυμεῶνες
1124 5051 1290 5101 τινες,
1337 5038 1366 5089 ὁ
1396 5037 1451 5090 δὲ
1494 5037 1768 5102 ἐξετάζων

181 5116 360 5179 οὐδεὶς
394 5120 460 5171 τα
511 5119 644 5190 περ)⁵
693 5122 903 5175 τούτων
936 5125 1031 5176 καὶ
1079 5128 1499 5195 σημειούμενος.
1550 5129 1671 5181 ’Ὁτι
1709 5128 1768 5181 δὲ

180 5206 487 5274 τηνικαῦτα
513 5212 953 5282 παρεφυάρησαν
984 5215 1163 5268 αὐτᾶν
1194 5214 1294 5269 οὐκ
1327 5217 1504 5286 ὀλίγαι
1528 5221 1630 5273 κᾶν
1648 5221 1767 5281 ταῖς

186 5302 594 5369 μεταγραφαῖς,
642 5301 895 5356 ἐντεῦθεν
950 5304 1187 5373 μάλιστα
1226 5307 1483 5375 φανερόν.
1531 5306 1620 5359 Ἐν
1658 5308 1767 5374 γὰρ

183 5390 262 5460 τῷ
290 5391 390 5453 τὰς
425 5391 640 5461 βίϐλους
678 5394 829 5465 ἡμᾶς
876 5393 1056 5458 πάσας
1086 5396 1404 5466 ἁνερευνᾷν,
1438 5398 1533 5450 καὶ
1586 5395 1767 5465 βίϐλον

182 5484 278 5539 τοῦ
309 5484 479 5539 αὑτοῦ
506 5485 814 5557 Γρηγορίου
871 5488 1162 5555 πονήματα
1197 5487 1326 5556 μίαν
1356 5487 1613 5558 εὕρομεν,
1644 5489 1767 5558 ἣτις

182 5580 240 5631 ὲν
270 5578 414 5631 κατὰ
431 5578 523 5630 τὸν
558 5578 696 5648 πρὸς
731 5577 1017 5632 ’Δϐλάϐιον
1046 5577 1202 5647 λόγον
1227 5578 1376 5649 ρητῴ
1404 5579 1481 5647 τῷ
1510 5580 1639 5649 περὶ
1671 5578 1767 5632 τοῦ

182 5670 359 5724 αἰτίου
407 5670 505 5723 καὶ
537 5670 632 5723 τοῦ
668 5668 915 5725 αἰτιατοῦ
960 5673 1246 5739 φάσκοντι,
1295 5674 1356 5725 τό
1385 5672 1443 5726 δέ
1484 5674 1655 5737 ἐστιν,
1684 5674 1767 5726 ὅτι

186 5765 257 5816 Τὸ
278 5761 752 5832 ἀπαράλλακτον
776 5762 881 5832 τῆς
902 5764 1145 5833 φύσεως
1168 5767 1623 5835 ὁμολογοῦντες,
1650 5767 1764 5835 τὴν

180 5852 331 5907 κατὰ
362 5854 427 5906 τὸ
474 5852 672 5908 atrior
708 5854 807 5907 καί
854 5857 1123 5910 αίτιατὸι·
1173 5855 1466 5924 διαφορὰν
1521 5858 1630 5911 οὐκ
1664 5857 1765 5924 ἀρ-

433 5948 699 6010 ΡΑτιιοι.
731 5951 849 6010 GR.
888 5950 1086 6011 CXLI.

1881 4656 2083 4711 tionem
2111 4672 2395 4713 sacrorum
2457 4660 2799 4716 voluminum
2832 4674 3181 4731 corruptores
3211 4668 3455 4735 quidam,

1877 4749 1971 4816 qui
1998 4764 2124 4803 vero
2143 4766 2206 4803 ea
2230 4752 2626 4815 exaininarent,
2646 4753 3071 4825 nbsignaretque
3099 4758 3313 4826 nullus;
3338 4768 3453 4815 tum

1877 4854 2008 4896 vero
2041 4842 2210 4897 multa
2257 4859 2449 4899 eorum
2500 4846 2685 4901 vitiata
2734 4861 2857 4905 esse
2896 4864 2961 4903 ex
3012 4864 3201 4905 eorum
3244 4856 3455 4908 exscri-

1877 4934 2062 5003 ptione
2095 4934 2271 5004 palam
2308 4936 2366 4989 ﬁt
2400 4938 2775 4995 manifestum.
2811 4938 3060 5010 Namque
3109 4958 3233 4997 cum
3264 4950 3452 5001 omn'a

1877 5027 2152 5082 volumina
2186 5029 2662 5098 conquireremus,
2689 5032 2931 5102 ejusdem
2957 5033 3206 5106 Gregorii
3256 5048 3457 5093 tracta-

1880 5127 1968 5173 tus
1998 5118 2285 5174 continens
2319 5136 2486 5175 unum
2517 5122 2849 5187 invenimus,
2872 5124 3018 5194 quod
3050 5126 3104 5179 in
3151 5126 3297 5181 dicto
3327 5144 3456 5184 ora-

1879 5210 2044 5264 tionis
2082 5210 2149 5264 sd
2190 5212 2479 5267 Ablabinm
2524 5213 2592 5269 de
2644 5229 2808 5270 causa
2841 5226 2895 5271 et
2928 5216 3126 5273 eﬂ‘ectu
3194 5218 3450 5277 dicente:

1876 5302 2268 5358 Immutabiiem
2291 5316 2341 5358 et
2373 5307 2550 5361 omnia
2574 5308 2800 5363 similem
2839 5319 3091 5363 naturam
3123 5312 3451 5377 conﬁtentes,

1875 5396 2159 5451 discrimen
2199 5413 2373 5452 causa
2403 5411 2450 5452 et
2497 5399 2711 5468 effectus
2753 5417 2856 5455 non
2910 5402 3236 5471 inﬁciamur,
3283 5406 3450 5473 paulo

1878 5488 2019 5544 infra
2056 5504 2181 5545 cum
2213 5489 2465 5545 effectum
2512 5493 2829 5557 subdividit,
2869 5505 3074 5562 partem
3117 5496 3267 5551 illius
3320 5498 3453 5550 alte-

1879 5595 2020 5643 ram,
2054 5594 2270 5651 nempe,
2300 5584 2398 5634 hoc
2419 5584 2627 5652 quidem
2654 5585 2964 5640 immediate
2997 5602 3030 5640 a
3058 5587 3255 5655 primo,
3294 5587 3372 5642 uti
3398 5596 3455 5641 et

1877 5673 1980 5727 alia
2016 5673 2224 5743 reliqua
2256 5673 2535 5731 volumina
2562 5677 2616 5731 in
2646 5693 2705 5733 se
2721 5679 3037 5734 continebat
3064 5718 3080 5744 ,
3113 5679 3303 5746 altera,
3331 5695 3453 5749 qua

1877 5768 2185 5822 necessario
2214 5772 2588 5840 consequitur,
2620 5785 2747 5827 cum
2776 5772 2829 5827 in
2869 5772 2993 5830 aliis
3025 5774 3280 5828 omnibus
3303 5774 3444 5842 lega-

1879 5865 1989 5933 tur,
2023 5857 2123 5914 hoc
2142 5865 2243 5922 est,
2278 5856 2373 5914 hoc
2397 5876 2515 5917 vero
2543 5876 2634 5930 per
2656 5864 2957 5935 contiguum
2980 5883 3012 5917 (ι
3036 5867 3226 5933 primo,
3263 5866 3313 5919 in
3344 5864 3453 5923 hoc

2995 5959 3068 6019 33
