4206 6452
235 393 368 461 i201

1094 413 1191 474 DE
1232 413 1745 476 PBOCESSIONE
1786 416 1847 476 S-
1890 418 2251 483 SPlRiTUS
2290 423 2512 484 ORAT.
2558 425 2643 486 Ιῐ.

3349 429 3487 496 i202

230 513 421 575 αότοῖς
454 515 545 567 καὶ
591 518 876 588 ὁμότιμον,
923 521 1106 587 ἁπλῶς
1165 526 1342 580 πάντα
1385 527 1669 593 πλουτοῦν,
1712 528 1797 580 ὅσα

1917 539 1971 584 et
1999 530 2052 585 in
2077 545 2290 588 summa
2345 535 2576 590 ditatum
2617 537 2898 600 omnibus,
2943 551 2972 591 a
3004 537 3266 609 dignitate
3299 541 3480 596 divina

229 602 432 666 θεῖκῶς
460 607 552 658 καὶ
583 607 702 660 κατ’
733 611 920 664 οὐσίαν
954 615 980 666 6
1007 613 1194 684 Πατὴρ
1229 617 1445 684 σύναμα
1476 620 1568 670 καὶ
1595 619 1621 669 ό
1659 618 1804 683 Υἱὸς,

227 695 371 764 πλὴν
401 698 508 749 τῶν
533 701 658 754 καθ’
683 701 914 758 ἕκαστον
940 707 1122 762 αὐτῶν
1167 710 1465 780 ίδιοτήτων,
1521 713 1614 765 καὶ
1666 713 1721 765 εί
1753 713 1805 765 τί

226 803 335 840 που
372 791 582 844 τούτοιν
618 794 824 862 ἀμφοῖν
859 799 974 850 ἑστι
1010 801 1339 872 πρόσφορον.
1377 805 1533 859 Οὕτω
1558 810 1682 877 περὶ
1711 807 1804 861 τοῦ

229 877 334 971 τῆς
367 879 664 951 Θεαρχικῆς
704 884 932 954 Τριάδος
983 889 1122 955 ἑνὸς,
1153 891 1246 943 τοῦ
1280 896 1546 962 παναγίου
1603 898 1804 971 δηλαδὴ

227 967 567 1037 Πνεῦματος,
604 975 962 1046 Θεολογοῦμεν
997 982 1176 1050 ἡμεῖς.
1206 984 1460 1038 Τοιοῦτον
1506 988 1636 1041 αὐτὸ
1685 967 1804 1054 ταῖς

223 1058 320 1150 τοῦ
353 1063 594 1128 μεγάλου
617 1066 829 1137 Πατρδς
884 1069 1169 1126 Βασιλεξου
1203 1079 1397 1143 σοφαῖς
1449 1079 1801 1150 εἰσηγήσεσιν

226 1149 718 1243 ἐξακολουθοῦντες
753 1163 1154 1232 πρεσϐεύομεν.
1201 1167 1294 1218 Διὸ
1319 1171 1410 1221 καὶ
1461 1168 1522 1222 τὸ
1565 1172 1798 1243 ἀξίωμα,

224 1242 349 1317 παρ’
362 1243 389 1293 ὃ
409 1244 749 1315 δευτερεύειν
767 1251 983 1320 λέγεται
1002 1257 1060 1308 τὸ
1075 1257 1298 1329 Πνεῦμα
1313 1264 1374 1314 τὸ
1389 1262 1541 1329 ἅγιον
1557 1263 1649 1316 τοῦ
1675 1242 1800 1319 Υίοῦ

223 1332 334 1386 τῶν
355 1337 860 1411 ἀναγεγραμμένων
873 1349 894 1398 ὲ
906 1347 1341 1420 κλαμϐανόμενοι
1364 1356 1483 1406 κατ’
1500 1357 1673 1423 οὐδὲν,
1703 1359 1798 1412 ἅτε

223 1426 364 1476 πολὺ
394 1433 688 1498 φερίντων,
711 1436 766 1487 τὸ
788 1435 1091 1507 δύσφημον,
1119 1442 1198 1504 τὸ,
1218 1446 1554 1512 παράὐτοῦ
1572 1450 1632 1500 τὸ
1647 1447 1799 1505 εἶναι

222 1514 395 1609 ἕχον,
429 1521 522 1573 καὶ
549 1523 686 1591 παρ’
719 1528 909 1580 αὑτοῦ
933 1533 1244 1599 ,λαμϐάνον
1285 1537 1382 1590 καί
1417 1539 1800 1609 ἀναγγέλλων

222 1608 393 1702 ἡμῖν,
434 1616 528 1668 ναὶ
561 1616 718 1683 ὅλως
744 1621 988 1688 ἐκείνης
1022 1625 1132 1691 τῆς
1187 1629 1379 1694 αἰτίας
1415 1608 1756 1702 ἐξημμένον
1781 1654 1794 1667 ·

221 1699 326 1767 τῆς
355 1703 617 1768 ἐκδόσεως
655 1709 822 1762 αὑτοῦ
849 1712 943 1764 τοῦ
972 1713 1233 1785 θεηγόρου
1269 1720 1479 1790 ΠατρΕς
1511 1699 1796 1782 Βασιλείου

223 1791 557 1889 πὶστειξομεν
585 1798 994 1874 ἀναντιρῤήτως
1023 1809 1224 1876 τελεῖν,
1267 1813 1342 1875 ὥς
1396 1816 1794 1889 ἐξηγουμένου,

223 1881 343 1944 πῶς
367 1885 557 1955 εἴρηκε
581 1889 923 1960 δευτερεύειν
958 1899 1232 1970 ἀξιώματι
1261 1905 1351 1958 τοῦ
1389 1881 1517 1962 Υἱοδ
1549 1881 1615 1963 τό
1633 1881 1802 1968 [Ῑνεῦζ

224 1989 303 2039 μα
339 1976 400 2026 τὸ
447 1978 621 2045 ἅγιον,
667 1983 748 2037 ὅτι
779 1989 944 2054 φησὶν
984 1991 1055 2055 ὡς
1089 1995 1230 2064 παρ’
1279 1999 1469 2054 αὑτοῦ
1528 2003 1594 2054 τὸ
1644 2001 1801 2060 εἷναι

217 2064 386 2163 E‘zo-r,
412 2071 512 2163 καί
545 2075 683 2163 ,παρ’
716 2079 904 2132 αὐτοῦ
932 2084 1262 2150 λαμϐάνον,
1289 2092 1389 2144 καὶ
1419 2093 1801 2163 ἀναγγέλλον

218 2154 391 2252 tif-sig,
419 2158 517 2210 καὶ
551 2160 708 2228 ὅλως
738 2165 978 2236 ἐκείνης
1027 2173 1140 2241 τῆς
1169 2178 1373 2243 αἰτίας
1431 2154 1795 2252 ἐξημμένον.

222 2243 296 2295 Ἦ
334 2245 577 2342 δότωσαν
604 2255 654 2305 oi
684 2257 820 2324 πρὸς
864 2260 1020 2314 τοῦτο
1057 2265 1383 2336 προθέμενοι
1427 2243 1800 2342 τήν-ἐναντίαν

218 2339 539 2430 παντάπασι
571 2342 809 2412 βαδίζειν
838 2351 970 2418 ἡμῖν
1001 2353 1196 2424 ἑτέραν
1219 2361 1429 2414 ἔννοιαν
1457 2369 1574 2428 ταῖς
1622 2371 1704 2430 εἰς
1737 2373 1797 2424 τὸ

216 2426 588 2529 Θεῖονέόρθαῖς
623 2439 921 2510 ὑπολήψεσι
947 2446 1051 2499 τῶν
1075 2449 1334 2520 Πατέρων
1370 2426 1794 2529 συντρέχουσαν,

217 2520 343 2570 καθ’
374 2522 441 2592 ἢν
491 2528 828 2600 δευτερεύειν
857 2537 1124 2607 ἀξιώματι
1155 2543 1249 2596 τοῦ
1301 2544 1428 2599 λ’ίοῦ
1470 2550 1529 2600 τὸ
1573 2520 1796 2624 ὴνεῦμα

216 2612 280 2663 τὸ
335 2615 489 2681 ἆγιον
545 2623 795 2692 εἰρῆσθαι
866 2633 1199 2699 νομίζουσιν.
1261 2637 1346 2702 Ὦς
1395 2642 1541 2695 ἐστιν
1597 2612 1796 2699 ἄτοπον

218 2704 482 2806 Estis-xm;
513 2714 715 2782 ταύτην
759 2721 857 2786 μὲν
903 2723 1327 2796 ἀποδοκιμάζειν
1360 2733 1576 2797 αὐτοὺς,
1631 2736 1796 2806 ἀλλην

217 2797 275 2894 δὲ
334 2803 607 2894 μηδεμίαν
663 2810 772 2864 τῶν
825 2816 1064 2871 εὐσεϐῶν
1126 2822 1372 2888 εἰσάγειν
1438 2797 1796 2894 μηδοπωσοιῖίν

214 2891 500 2986 δόνασθαι,
541 2898 710 2952 Πόθεν
741 2919 754 2966 ;
790 2904 967 2960 Ὅπου
990 2927 1049 2976 γε
1071 2911 1170 2978 τῆς
1195 2891 1450 2982 ἀληθείας
1470 2891 1564 2971 ἐπὶ
1596 2926 1796 2986 παντὸς

215 2980 378 3083 λόγοι)
426 2991 518 3083 καὶ
557 2993 876 3063 πράγματος
899 2997 1066 3069 οῦσης
1100 3006 1250 3072 μιᾶς,
1284 2980 1496 3080 ἀνάγκη
1533 3013 1596 3083 δὴ
1618 2980 1797 3069 πατιᾷ

215 3076 395 3130 τελεῖν
417 3080 544 3146 μίαν
593 3086 714 3138 τινὰ
755 3091 847 3141 καὶ
883 3093 1116 3147 ἐνταῦθα
1139 3096 1238 3163 τὴν
1263 3102 1522 3174 ἀληθινὴν
1561 3107 1794 3164 ἔννοιαν.

1911 622 2136 679 minimc
2187 625 2448 694 alienum,
2479 627 2682 698 quibus
2738 630 3105 684 essentialiter
3156 631 3318 685 simul
3369 649 3477 688 una

1909 713 2072 771 Pater
2102 727 2156 772 et
2208 716 2379 773 Filius
2415 721 2775 786 adornantur,
2839 723 3081 790 exceptis
3135 724 3476 795 singulorum

1907 811 2358 882 proprietatibus,
2393 823 2449 868 et
2481 815 2524 870 si
2564 815 2696 884 quid
2727 827 2809 869 est
2860 815 3004 870 aliud
3035 819 3179 882 quod
3211 818 3482 874 ambobus

1907 903 2026 958 istis
2056 908 2364 960 conveniat.
2397 903 2509 960 Hoc
2551 907 2710 962 modo
2740 908 2808 962 de
2834 923 2941 962 uno
2972 907 3190 963 Deitatis
3217 909 3481 980 principis

1906 994 2141 1058 Triadis,
2203 997 2558 1053 sanctissimo
2609 1013 2802 1067 nempe
2850 997 3083 1068 Spiritu,
3137 1001 3481 1054 decernimus

1905 1102 2026 1142 nos.
2059 1085 2248 1142 Talem
2302 1088 2453 1143 illum
2501 1089 3012 1159 providentissimas
3073 1090 3478 1160 magniPatris

1903 1177 2088 1234 Basilii
2147 1180 2543 1234 instructiones
2604 1190 2893 1248 sequentes
2925 1191 3191 1236 tenemus.
3228 1179 3481 1249 Propter-

1901 1286 2074 1341 eaque
2128 1281 2182 1326 et
2232 1271 2572 1341 dignitatem,
2633 1290 2738 1344 qua
2795 1275 3070 1329 secundus
3116 1290 3234 1330 esse
3269 1290 3296 1328 a
3344 1274 3494 1329 Filio

1902 1361 2100 1416 dicitur
2148 1361 2386 1430 Spiritus
2442 1374 2682 1429 sanctus,
2754 1380 2819 1420 ex
2869 1366 2978 1434 jam
3028 1380 3192 1434 supra
3258 1365 3479 1434 scriptis

1902 1454 2128 1508 minime
2146 1455 2461 1525 eripientes,
2492 1471 2559 1510 ne
2591 1457 2644 1510 in
2672 1457 2936 1511 immanes
2968 1457 3333 1527 btasplnemias
3359 1471 3482 1526 pro-

1902 1546 2166 1610 labatnur,
2204 1545 2358 1610 illud,
2387 1562 2451 1600 ea:
2477 1547 2590 1616 ipso
2614 1563 2723 1600 esse
2749 1548 3124 1615 possidentem,
3175 1559 3222 1602 et
3258 1551 3322 1600 ab
3368 1549 3479 1616 ipso

1899 1638 2236 1706 accipientem
2266 1648 2314 1692 et
2353 1639 2753 1693 denuntiantem
2794 1640 2964 1702 nobis,
3010 1648 3061 1692 et
3093 1641 3146 1692 in
3172 1655 3379 1693 summa
3414 1644 3477 1693 ab

1900 1728 1996 1782 illa
2026 1745 2188 1782 causa
2229 1730 2623 1798 dependentem,
2673 1745 2738 1784 ex
2771 1730 2978 1785 calamo
3026 1745 3310 1801 manuque
3345 1733 3481 1785 divi-

1901 1820 2106 1887 niloqni
2135 1821 2428 1890 magnique
2474 1821 2659 1876 Basilii
2690 1823 3028 1890 processisse
3076 1823 3216 1875 citra
3261 1831 3482 1876 contra-

1903 1914 2196 1969 dictionem
2231 1915 2524 1979 credimus,
2573 1915 2758 1985 aliquo
2786 1914 2950 1968 modo
2980 1915 3332 1982 exponentis.
3368 1931 3473 1982 qua

1904 2005 2119 2057 ratione
2184 2002 2405 2067 dixerit,
2452 2003 2714 2072 dignitate
2773 2002 3075 2058 secundum
3105 2016 3228 2057 esse
3262 2017 3290 2056 a
3343 2002 3479 2058 Filio

1908 2095 2172 2163 Spiritum
2197 2102 2467 2160 sanctum,
2509 2108 2702 2162 nempe
2742 2094 2884 2162 quod
2916 2093 2982 2146 ab
3010 2095 3122 2160 ipso
3145 2110 3256 2147 esse
3296 2093 3475 2158 habet,

1899 2198 1946 2239 et
1980 2185 2044 2238 ab
2088 2187 2201 2254 ipso
2245 2186 2439 2252 accipit
2481 2193 2529 2237 et
2560 2186 2842 2237 annuntiat
2903 2185 3076 2250 nobis,
3115 2194 3164 2237 et
3194 2187 3246 2237 in
3271 2201 3479 2238 summa

1899 2280 1966 2333 ab
1992 2279 2086 2332 illa
2135 2295 2297 2332 causa
2327 2277 2576 2346 dependet
2618 2295 2631 2331 ε
2666 2287 2755 2330 aut
2791 2278 2884 2346 qui
2919 2277 3022 2331 sibi
3053 2287 3478 2346 proposuerunt,

1898 2373 2059 2425 aliam
2086 2372 2353 2440 nobisque
2384 2372 2716 2426 contrariam
2758 2371 2973 2424 calcare
3040 2369 3206 2434 viam,
3260 2379 3476 2424 senten-

1899 2465 2026 2519 tiam
2087 2464 2276 2528 aliam,
2321 2465 2472 2518 sanis
2530 2462 2752 2516 Patrum
2785 2461 2853 2516 de
2889 2460 3126 2515 Numine
3172 2461 3477 2530 apprehen-

1899 2554 2147 2610 sionibns
2178 2553 2507 2610 concordem
2553 2554 2859 2620 insinuent,
2893 2554 2964 2607 ob
3009 2567 3172 2623 quam
3207 2553 3476 2624 Spiritum

1899 2658 2150 2718 sanctum
2185 2664 2216 2702 a
2250 2647 2390 2702 Filio
2413 2646 2711 2702 secundum
2753 2647 2961 2701 dictum
3014 2660 3136 2700 esse
3159 2645 3472 2715 opinantur.

1901 2741 2080 2808 Quare
2125 2743 2422 2796 absurdum
2467 2751 2551 2797 est
2607 2739 2772 2810 plane
2823 2740 2963 2794 hanc
3022 2739 3169 2808 ipsos
3222 2738 3472 2806 rejicere,

1899 2835 2063 2889 aliam
2115 2850 2242 2890 vero
2305 2833 2537 2898 nullam,
2569 2849 2716 2902 'qua:
2758 2842 2904 2887 recta
2933 2833 3026 2896 sit,
3068 2831 3263 2885 atl‘erre
3325 2829 3474 2884 nullo

1909 2925 2071 2979 modo
2101 2941 2283 2994 posse.
2347 2923 2668 2980 Undenam?
2703 2923 2839 2979 Cum
2871 2940 2978 2978 una
3012 2925 3063 2977 in
3107 2937 3165 2977 re
3197 2935 3478 2976 sermone-

1897 3028 2004 3084 que
2049 3015 2229 3069 omnis
2263 3015 2464 3070 veritas
2523 3015 2616 3080 sit,
2662 3015 2750 3068 hic
2779 3014 2939 3067 etiam
2964 3027 3125 3066 unam
3179 3025 3473 3079 veramque

1897 3109 2224 3164 sententiam
2272 3123 2412 3162 esse.
2457 3105 2582 3161 Herc
2636 3121 2764 3159 vero
2805 3105 2992 3170 fuerit;
3041 3107 3085 3160 si
3146 3108 3469 3175 compendio

215 3166 368 3275 .3511;
397 3172 452 3275 δὲ
485 3174 700 3275 πάντως
719 3181 1083 3275 παρέστηκεν,
1116 3192 1162 3242 εί
1193 3192 1273 3243 δεῖ
1302 3166 1582 3267 σνντόμως
1599 3203 1797 3275 εἰπεῖν1

1913 3216 2001 3256 res
2040 3200 2376 3268 expedienda
2406 3208 2509 3261 est,
2561 3214 2726 3266 quam
2759 3213 2788 3251 a
2827 3212 3023 3266 niagno
3068 3198 3173 3250 hoc
3218 3198 3471 3251 instructi

317 3262 453 3329 πρδς
491 3266 585 3363 τοῦ
629 3272 884 3363 *μεγάλου
936 3277 1280 3349 διδαχθέντες
1344 3260 1790 3363 ἀποδεδώκαμεν.

218 3352 450 3452 ioca-rep
468 3360 599 3452 γὰρ,
627 3360 714 3414 ἵνα
738 3367 861 3417 κατ’
894 3369 1059 3424 αὑτὸν
1085 3372 1150 3425 τὰ
1177 3374 1296 3428 θεῖα
1317 3378 1483 3432 πολὺν
1518 3385 1614 3435 καὶ
1638 3352 1793 3452 αὖθις

215 3445 347 3547 inti),
380 3451 542 3514 τάξει
574 3455 671 3508 καὶ
700 3457 985 3528 ἀξιώματι
1012 3465 1117 3519 τοῦ
1148 3472 1379 3537 Πατρός
1405 3472 1578 3530 ἐστιν
1599 3480 1633 3531 ό
1662 3445 1793 3547 Υἱὸςἰ

215 3535 516 3630 δεύτερος,
541 3547 631 3598 ὅτι
653 3553 792 3616 παρ’
820 3556 1010 3609 αὑτοῦ
1037 3535 1320 3627 κέκτηται
1353 3535 1471 3630 μεθ’
1505 3562 1580 3622 ὧν
1617 3535 1793 3626 ἄλλων

217 3629 458 3726 πλουτεῖ,
488 3637 586 3688 καὶ
622 3637 736 3704 τὴν
760 3643 958 3696 αἰτίαν
986 3650 1081 3700 καὶ
1115 3651 1227 3716 τὴν
1255 3629 1455 3723 ἀρχὴν
1499 3659 1611 3726 τῆς
1675 3666 1791 3716 ὐπ-

215 3719 551 3822 άρξεφς,-οὐ
584 3730 706 3780 κατ’
729 3730 937 3788 ἔννοιαν
985 3739 1177 3809 ἑτέραν
1205 3719 1448 3801 τινα-τοῦ
1485 3719 1790 3822 ἀξιιίιματός

215 3829 276 3864 τε
311 3817 536 3885 καὶτῆς
587 3822 792 3888 τάξεως
831 3826 1103 3896 οὐδααῶς,
1153 3834 1452 3904 ἐπειδήπερ
1487 3841 1543 3893 ai
1607 3817 1791 3899 λοιπαί

218 3908 387 3959 πᾶσαι
417 3913 583 4009 {mpii
607 3917 809 4009 ταύτης
825 3921 1187 3993 ἀποφέρονται
1221 3929 1356 3980 πολύ
1381 3949 1432 3985 τι
1462 3935 1522 3987 τὸ
1546 3933 1790 4009 βλάσφη-

219 4020 319 4068 μον
355 4019 366 4030 ·
399 4005 542 4059 οὕτω
567 3998 819 4079 δεύτερον
847 4011 1019 4077 τάξει,
1046 4018 1140 4069 καὶ
1174 4019 1319 4071 τοῦτ’
1350 4023 1484 4078 aint

216 4095 377 4162 γόρου
413 4098 648 4166 Πατρὸς,
705 4102 799 4153 καὶ
856 4104 1126 4174 ἀξιώματι
1173 4110 1232 4162 τὸ
1269 4112 1488 4185 Πνεῦμα
1523 4119 1582 4172 τὸ
1635 4095 1789 4184 ἅγιον

214 4187 337 4237 κατ’
397 4187 656 4258 οὐδεμίαν
699 4193 878 4246 αὐτῶν
932 4196 1159 4262 ἔννοιαν,
1191 4203 1307 4255 ἀλλ’
1354 4204 1384 4274 ἢ
1423 4209 1630 4277 πέφυκε
1694 4216 1788 4268 τοῦ

213 4276 576 4376 Μονογενοιῖςἶ
614 4281 751 4353 πλὴν
781 4285 865 4338 ὅτι
891 4303 972 4341 τοι
1017 4293 1148 4361 παρ’
1177 4295 1342 4349 αὐτοῦ
1394 4299 1456 4352 τὸ
1484 4276 1621 4356 εἶναι
1649 4305 1785 4376 ἔχει,

213 4371 306 4465 παὶ
341 4371 470 4465 παρ’
517 4373 681 4427 αὐτοῦ
722 4377 986 4443 λαμϐάνει
1035 4384 1127 4435 καὶ
1166 4386 1482 4455 ἀναγγέλλει
1519 4371 1788 4465 ἡμὴ-παῖ

211 4460 350 4558 ὃλῳς
377 4463 594 4558 εκείνης
647 4467 746 4536 τῆς
778 4472 958 4534 αἰτίας
990 4474 1245 4545 ἐξῆπται,
1295 4485 1435 4536 κατὰ
1625 4460 1786 4558 σοφὸν

1900 3293 2301 3350 tradididimus.
2330 3292 2786 3358 Quemadmodum
2812 3294 2970 3355 enim,
2999 3304 3055 3345 ut
3087 3307 3211 3343 cum
3241 3291 3471 3346 divinis-

1897 3387 2036 3442 simo
2067 3387 2172 3440 isto
2201 3400 2392 3439 rursus
2433 3387 2677 3454 eloquar,
2719 3385 2902 3436 ordine
2930 3392 2980 3436 et
3007 3383 3267 3452 dignitate
3299 3381 3474 3436 Filius

1894 3488 1967 3532 est
1986 3477 2242 3532 secundus
2268 3495 2299 3529 a
2324 3476 2504 3542 Patre,
2522 3477 2659 3545 quod
2684 3477 2747 3526 ab
2775 3476 2885 3543 ipso
2909 3477 3197 3543 possideat,
3219 3490 3341 3528 cum
3374 3475 3473 3528 bo-

1898 3572 1983 3625 nis
2020 3570 2252 3639 reliquis
2287 3569 2487 3639 quibus
2515 3569 2902 3637 locupietatur,
2937 3578 2984 3620 et
3011 3583 3226 3620 causam
3255 3575 3302 3619 et
3327 3569 3474 3634 prin-

1893 3663 2088 3729 cipium
2113 3677 2224 3716 suae
2251 3662 2595 3726 exsistentiw,
2632 3676 2737 3713 non
2773 3661 2879 3714 alio
2914 3675 3140 3729 prorsus
3161 3661 3470 3727 signiﬁcatu

1895 3753 2178 3822 dignitatis
2212 3762 2266 3808 et
2309 3753 2558 3816 ordinis,
2628 3752 2758 3805 dum
2807 3752 3014 3820 reliqua
3068 3753 3271 3814 omnia,
3297 3766 3465 3805 unum

1895 3845 1999 3899 hoc
2053 3845 2101 3900 si
2156 3844 2424 3914 excipias,
2485 3843 2714 3897 immani
2761 3843 3094 3911 blasphemia
3160 3844 3466 3895 horreant:

1891 3937 1976 3990 sic
2006 3944 2060 3989 et
2096 3934 2336 4006 Spiritus
2379 3946 2608 3989 sanctus
2643 3936 2919 3990 secundus
2951 3943 3034 3987 est
3064 3949 3091 3984 a
3136 3933 3274 3986 Filio
3303 3943 3356 3986 et
3381 3933 3469 3987 di-

1891 4022 2102 4092 gnitate
2128 4029 2183 4075 et
2233 4022 2448 4086 ordine,
2508 4038 2616 4075 non
2651 4031 2711 4076 ut
2749 4022 2862 4091 ipsi
2901 4024 3215 4090 Opinantur,
3269 4022 3362 4077 sed
3413 4034 3469 4076 ut

1892 4115 2115 4169 exsistit
2160 4115 2228 4168 ab
2267 4114 2584 4183 Unigenito,
2650 4126 2863 4170 tantum
2917 4116 3044 4184 quia
3080 4117 3148 4168 ab
3181 4117 3467 4183 ipso‘esse

1895 4209 2078 4272 habet,
2108 4218 2162 4264 et
2210 4209 2278 4264 ab
2315 4211 2432 4278 ipso
2473 4210 2694 4278 accipit,
2735 4220 2787 4263 et
2819 4211 3113 4262 annuntiat
3169 4211 3353 4276 nobis,
3411 4220 3466 4263 et

1893 4299 1947 4352 in
1973 4315 2186 4352 summa
2233 4300 2302 4352 ab
2335 4300 2424 4354 illa
2472 4315 2644 4354 causa
2689 4301 2908 4369 pendet,
2960 4302 3035 4352 uti
3096 4302 3311 4367 sapiens
3347 4317 3463 4353 ina-

1893 4406 2137 4459 gnusque
2179 4389 2420 4445 Basilius
2452 4393 2719 4446 decernit.
2788 4391 2883 4446 His
2913 4394 3257 4461 pmissimum
3305 4392 3463 4445 volu-

1895 4483 2039 4536 mina
2077 4484 2284 4546 omnia,
2341 4485 2396 4538 in
2438 4485 2637 4553 quibus
2687 4485 2890 4538 dictum
2949 4485 3126 4537 simile
3181 4495 3461 4545 εχει-σιω.

213 4555 304 4603 και
340 4557 512 4624 μέγαν
562 4560 856 4617 Βασίλειον.
914 4567 1008 4620 Ἐκ
1036 4569 1238 4624 τούτων
1267 4575 1362 4627 καλ⁵
1409 4579 1641 4644 μάλιστα
1689 4555 1786 4646 τὰς

1898 4572 2187 4642 genuinam
2225 4573 2679 4640 pulchritudinem
2704 4572 2880 4628 Patris
2907 4575 3138 4628 retinere
3179 4588 3463 4628 asset-era-

213 4645 448 4713 βὶὅλους,
485 4645 573 4714 αἶς
607 4652 851 4720 ἔγκειται
889 4659 950 4711 τὸ
979 4662 1218 4717 τοιοῦτον
1246 4669 1427 4738 ῥητὸν,
1477 4650 1785 4738 ἀποσώζειν

300 4742 520 4809 γνήσιον
569 4746 760 4808 κάλλος
793 4749 885 4802 τοῦ
919 4752 1128 4823 [ἰατρὸς
1156 4758 1614 4832 διαϐεϐαιούμεθα
1642 4784 1655 4796 ⁶
1687 4770 1784 4831 τὰς

208 4829 265 4881 δὲ
293 4832 483 4897 λοιπὰς
500 4836 652 4900 ὅσαις
678 4841 858 4904 ποσῶς
885 4841 1132 4911 ἔγκειται
1167 4849 1372 4919 δηλαδὴ
1405 4829 1646 4911 τὸῠνόθον
1691 4829 1785 4916 καῖ

210 4925 644 4994 παρέγγραπτον
674 4933 821 5004 ἔχειν
848 4940 1287 5009 ἀποφαινόμεθα.

282 5016 378 5072 κε’.
449 5021 588 5090 Πρὸς
641 5023 676 5077 ἃ
701 5028 793 5080 καὶ
833 5029 906 5099 μὴ
957 5031 1237 5097 σθένοντες
1280 5037 1581 5107 ἀντιλέγειν
1614 5045 1662 5095 οἱ
1697 5044 1782 5097 διά

212 5110 410 5201 παντὸς
431 5113 552 5166 κατ’
588 5114 765 5182 ὄρεξιν
793 5119 856 5189 δὴ
883 5121 1050 5192 μόνην
1081 5127 1172 5178 καὶ
1199 5125 1410 5198 θέλημα
1442 5132 1542 5201 τῆς
1567 5135 1782 5199 οἰκείας

208 5199 383 5269 ψυχῆς
411 5204 720 5273 ἡγούμενοι,
758 5209 915 5264 τοῦτο
937 5215 1148 5282 τρυφὴν
1208 5218 1436 5287 φήσαιεν
1495 5199 1560 5275 ἂν
1630 5227 1779 5290 ἴσως,

209 5295 302 5385 tu}
327 5296 384 5346 τὸ
413 5297 576 5366 ῥητὸν
594 5299 687 5350 τοῦ
716 5303 1010 5357 Νυσσαέων
1037 5307 1426 5378 ἀρχιποίμενος
1455 5313 1780 5385 Γρηγορίου,

209 5382 300 5434 τοῦ
358 5387 469 5446 τοῖς
506 5386 738 5456 δόγμασι
792 5390 1077 5462 διαόοήτου
1124 5382 1610 5470 μεταπηδήσαντες
1641 5382 1780 5459 πατὰ

207 5475 336 5537 τοὺς
383 5477 626 5541 ἀγεννεῖς
673 5479 781 5534 τῶν
833 5486 1266 5542 καταὸαινόντων
1327 5492 1406 5553 εἰς
1452 5493 1511 5544 τὸ
1569 5497 1781 5549 στάδιον

209 5567 480 5638 ἀθλητῶν,
523 5573 717 5637 οἵτινες
742 5575 890 5630 ἔττιν
926 5571 986 5630 οὗ
1018 5581 1278 5648 γέμοντες
1307 5585 1580 5650 ἀναιδείας
1644 5590 1779 5658 ὁμοῦ

211 5661 302 5712 καὶ
328 5663 707 5733 φρονήματος,
742 5669 960 5721 ἐπειδὰν
996 5673 1268 5743 ἡττηθῶσι
1307 5677 1427 5728 καθ’
1470 5679 1527 5729 ἓν
1583 5673 1779 5749 ἀγώνι-

213 5769 347 5820 σμα,
382 5757 525 5823 φημὶ
551 5757 647 5826 τὴν
677 5761 848 5828 πάλην
882 5763 1060 5830 τυχὸν,
1107 5764 1297 5833 ἁθρόον
1355 5770 1445 5819 καὶ
1506 5772 1779 5840 παρευϐἰλς

215 5842 453 5912 Θρασέως
484 5865 597 5912 πως
638 5855 1019 5921 μεταπηδῶσιν
1069 5857 1152 5926 ἐφ’
1216 5860 1418 5929 ἕτερον,
1469 5865 1603 5932 μήτε
1653 5868 1771 5929 τοὺς

1892 4679 2035 4725 mus.
2063 4665 2274 4734 reliqua
2315 4666 2524 4728 omnia,
2563 4667 2614 4719 in
2647 4666 2842 4733 quibus
2887 4679 2993 4718 non
3027 4665 3240 4735 legitur,
3277 4666 3462 4732 spuria

1890 4766 2054 4824 atque
2084 4757 2388 4812 adulterata
2419 4773 2540 4814 esse
2567 4758 2933 4814 decernimus.

1958 5039 2046 5091 25.
2086 5038 2252 5093 Dictis
2287 5055 2408 5093 cum
2436 5041 2816 5095 contradicere
2842 5053 3134 5108 nequeant.
3172 5043 3263 5110 qui
3294 5043 3458 5097 rebus

1887 5131 1939 5184 in
1970 5133 2224 5185 omnibus
2252 5133 2394 5202 quod
2424 5135 2687 5187 voluntati
2714 5144 2766 5187 et
2787 5135 2995 5187 libidini
3029 5151 3141 5189 suae
3185 5137 3456 5190 obsecun-

1887 5224 2000 5284 dat,
2029 5226 2191 5294 idque
2229 5228 2458 5294 propriae
2509 5229 2705 5281 animae
2742 5229 2968 5284 delicias
2999 5240 3162 5298 atque
3203 5231 3457 5284 oblecta-

1889 5327 2068 5370 menta
2099 5327 2372 5386 reputant,
2408 5321 2592 5375 dicent
2623 5319 2880 5387 fortasse,
2913 5322 2965 5375 in
3013 5324 3215 5376 dictant
3253 5324 3457 5392 Grego-

1887 5409 1954 5462 rii
1991 5407 2359 5477 Nyssenorum
2399 5412 2681 5478 antistitis,
2714 5413 2765 5465 in
2788 5415 3132 5482 dogmatibus
3153 5418 3457 5470 statuendis

1886 5501 2249 5565 celeberrimi,
2291 5505 2616 5570 resilientes,
2652 5506 2730 5559 uti
2785 5508 2960 5576 ignavi
3026 5507 3320 5562 luctatores
3355 5511 3454 5563 de-

1885 5593 2204 5647 scendentes
2231 5594 2286 5647 in
2315 5596 2572 5660 stadium,
2593 5599 2688 5666 qui
2718 5598 3052 5666 impudentia
3078 5598 3450 5667 jactantiaque

1886 5687 2053 5752 pleni,
2086 5702 2208 5740 cum
2252 5687 2303 5740 in
2347 5704 2456 5741 uno
2495 5690 2817 5751 certamine,
2869 5690 3011 5745 lucta
3048 5707 3242 5760 nempe
3285 5707 3450 5761 supe-

1887 5778 2009 5839 rati,
2042 5780 2222 5830 statim
2267 5794 2330 5831 ac
2390 5787 2608 5846 repente
2642 5782 2691 5831 in
2751 5781 2897 5832 aliud
2969 5780 3304 5839 transiliunt.
3357 5795 3455 5832 nec

1885 5871 2168 5924 minimum
2199 5871 2418 5937 quidem
2465 5883 2794 5940 spectatores
2849 5873 3084 5938 retenti,
3120 5875 3169 5927 in
3216 5886 3450 5943 quorum
