4206 6452
770 368 787 427 l
800 368 903 431 203

1784 371 2296 436 CONSTANTINI
2338 371 2890 440 MELITENIOT/E

3885 372 4019 434 1204

766 482 1054 560 praesentia
1101 498 1165 538 os
1225 497 1335 553 pra:
1401 482 1611 553 pudore
1658 483 1912 539 obvelare
1942 481 2225 545 deberent,
2282 481 2336 535 in
2366 484 2414 542 Α

2366 484 2414 542 Α
2445 480 2641 546 θεατὰς
2679 486 3059 560 αἰσχυνόμενοι
3095 487 3155 541 τὺ
3209 487 3488 556 παράπαν,
3518 484 3605 552 ἐφ’
3646 481 3725 547 οἷς
3782 482 4019 549 ἐγκαλύ-

763 575 1081 629 eorumdem
1108 583 1333 644 aspectu
1363 576 1706 645 impudenter
1732 584 1793 630 ut
1845 576 2140 645 plurimum
2170 583 2334 640 atque

767 662 1174 718 inconsiderate
1215 678 1365 719 more
1393 664 1653 735 juvenum
1716 678 1839 719 sese
1866 672 2079 734 gerunt.
2112 658 2193 715 Ob
2223 660 2336 714 haec

767 756 951 823 itaque
993 753 1137 810 forte
1162 756 1366 821 dicent,
1420 756 1511 825 qui
1552 755 1721 810 semei
1773 763 1975 810 temere
2024 752 2337 823 frustraque

771 847 1034 903 adversus
1052 863 1153 903 nos
1172 848 1533 917 objectionem
1555 848 1889 918 concipiunt,
1917 846 2056 914 Quid
2090 860 2251 915 porro
2272 846 2338 901 de

764 937 913 991 dicto
963 937 1213 1007 Gregorii
1266 939 1639 1008 Nyssenorum
1688 937 1815 991 olim
1869 935 2124 1004 praesulis
2162 934 2333 999 dices,

766 1029 912 1097 quod
962 1033 1403 1100 przepositionem
1438 1047 1501 1083 ea:
1540 1030 1592 1083 in
1640 1028 1917 1084 nonnullis
1965 1026 2336 1082 voluminibus

767 1118 835 1172 de
860 1118 997 1177 Filio
1032 1120 1247 1184 retinet,
1282 1118 1333 1173 in
1362 1120 1641 1188 plerisque
1676 1134 1807 1173 vero
1824 1117 1969 1180 aliis.
1996 1126 2054 1171 ut
2081 1125 2190 1172 tute
2220 1117 2337 1188 ipse

768 1224 879 1263 non
909 1210 1249 1278 indiligenter
1284 1210 1637 1280 conspexisti,
1684 1209 1833 1263 nullo
1863 1210 2062 1264 modo?
2091 1207 2207 1274 Qua
2240 1222 2339 1277 pa-

769 1302 901 1356 tenti
929 1303 1147 1371 seqncla
1185 1316 1305 1357 eam
1344 1317 1466 1356 cum
1512 1301 1649 1356 Filio
1675 1300 2011 1369 compones?
2042 1300 2184 1353 unde
2213 1313 2333 1353 eam

767 1392 1001 1446 orationi
1043 1392 1283 1461 adaptari
1320 1393 1433 1461 ipsa
1471 1390 1725 1446 dictionis
1774 1390 1916 1445 serie
1940 1388 2339 1445 conﬁrmabis?

767 1482 1013 1553 Namque
1039 1499 1139 1538 nos
1167 1483 1320 1550 illud,
1360 1493 1408 1536 et
1455 1482 1586 1537 Filii
1641 1500 1754 1538 esse
1788 1485 2078 1549 astruitur,
2129 1484 2337 1555 ample-

771 1584 978 1631 ctentes
1007 1577 1071 1631 de
1106 1575 1310 1645 Spiritu
1364 1586 1576 1641 sancto,
1610 1584 1663 1630 et
1691 1576 2026 1631 voluminum
2055 1576 2135 1631 sic
2158 1576 2337 1647 legen-

771 1666 907 1720 tium
957 1668 1199 1734 vesligiis
1233 1667 1546 1722 insistentes
1580 1667 1630 1720 id
1659 1676 1847 1738 aperte
1865 1683 1930 1722 ex
1968 1682 2181 1722 anncxo
2209 1684 2340 1738 apo-

769 1757 963 1811 stolico
989 1756 1299 1811 tesdmonio
1335 1757 1472 1811 bene
1498 1771 1558 1813 se
1597 1757 1819 1821 habere,
1850 1766 1905 1812 et
1935 1768 2142 1814 certum
2176 1769 2338 1830 atque

769 1846 1132 1902 indubitatum
1182 1848 1401 1903 retineri
1438 1848 1850 1904 conﬁrmamus.
1891 1849 2027 1904 Cum
2071 1850 2188 1920 ipse
2221 1866 2335 1905 ma-

767 1937 948 1991 ximus
979 1936 1272 2008 Gregorius
1313 1955 1505 2009 nempe
1543 1940 1888 1995 continenter
1931 1941 2332 2012 subjunxerit:

768 2026 980 2081 Etenim
1034 2048 1050 2081 ι
1086 2030 1131 2083 si
1171 2032 1285 2099 quis
1330 2031 1594 2100 Spiritum
1628 2030 1828 2087 Christi
1870 2050 1975 2088 non
2016 2035 2195 2100 habet,
2250 2036 2335 2090 hic

769 2135 869 2173 non
903 2130 980 2174 est
1013 2122 1126 2188 ejus
1152 2122 1286 2175 “7-”.
1316 2140 1339 2174 ι
1376 2122 1510 2179 Illud
1542 2139 1669 2179 vero
1702 2142 1716 2180 :
1750 2124 1819 2179 Et
1842 2142 1907 2180 ea:
1934 2125 2078 2181 Filio
2110 2144 2221 2181 esse
2246 2144 2335 2181 as-

768 2213 988 2278 truitur,
1011 2213 1241 2269 aliorum
1266 2215 1598 2272 voluminum
1649 2218 1881 2274 lectione
1913 2228 1967 2275 tu
2000 2221 2333 2290 approbatis,

766 2306 872 2361 hoc
900 2307 1048 2362 nulla
1076 2309 1285 2364 ratione
1299 2310 1679 2368 demonstrare
1710 2314 1915 2383 poteris
1946 2328 2070 2370 cum
2101 2329 2334 2385 sequen-

767 2397 913 2453 tibus
938 2402 1218 2469 componi,
1256 2401 1389 2471 quin
1421 2412 1476 2458 et
1501 2405 1870 2474 potissimum,
1930 2406 2022 2476 qui
2051 2406 2105 2461 in
2127 2406 2336 2460 exami-

764 2491 961 2546 nandis
992 2492 1191 2547 adsunt
1225 2495 1448 2551 meliore
1468 2507 1672 2562 mente,
1705 2514 1770 2554 ex
1799 2500 1885 2555 his
1917 2500 2046 2570 ipsis
2075 2500 2333 2571 reproba-

765 2591 879 2634 tum
938 2584 1394 2655 repndiatumque
1453 2603 1678 2645 manere
1730 2590 1984 2646 dixerint.
2055 2590 2147 2645 Hae
2201 2600 2332 2647 sunt

762 2672 1204 2729 adversariorum
1258 2677 1612 2747 objectiones,
1667 2688 1726 2735 ut
1758 2697 1822 2735 ex
1867 2682 1952 2737 bis
2001 2698 2123 2750 quae
2193 2683 2332 2738 alias

762 2778 905 2833 saepe
939 2763 1297 2834 conjecitnus,
1322 2778 1375 2822 et
1397 2784 1542 2826 nunc
1570 2771 1915 2841 conjicimus.
1943 2772 2054 2844 Ego
2078 2790 2221 2829 vero
2244 2775 2331 2829 in-

763 2871 927 2926 quam
974 2858 1179 2912 dictum
1218 2876 1231 2913 :
1277 2859 1358 2913 Ex
1377 2862 1515 2917 Filio
1537 2879 1646 2918 esse
1677 2868 1958 2933 astruitur,
1978 2884 2042 2923 ex
2098 2884 2333 2938 sequen-

763 2951 910 3003 tibus
964 2960 1171 3006 tantum
1225 2954 1418 3011 abesse
1476 2965 1535 3011 ut
1591 2959 1880 3014 revellatur
1911 2970 1964 3016 et
1996 2963 2326 3029 destruatur,

761 3051 820 3096 ut
864 3043 1025 3098 etiam
1086 3047 1258 3101 multo
1294 3050 1488 3119 magis,
1525 3048 1732 3106 diceret
1773 3054 1947 3122 quiin
1982 3054 2175 3110 intima
2198 3070 2328 3111 sen-

2438 575 2673 628 πτεσθαι
2691 577 2911 641 τούτους
2948 580 3138 649 ἐχρῆν,
3174 580 3268 633 καὶ
3311 578 3511 647 μᾶλλον
3556 576 3783 630 ἐνώπιον
3832 576 4017 627 αὐτῶν

2437 665 2879 737 ἀνερυθριάστως
2929 668 3005 733 ὡς
3063 671 3132 724 τὰ
3185 670 3358 723 πολλὰ
3423 669 3846 735 νεανιευόμενοι.
3919 666 4021 718 Διὰ

2436 760 2604 815 ταῦτα
2634 760 2765 828 γοῦν
2802 762 3034 831 φήσαιεν
3066 761 3131 815 ἂν
3168 761 3301 823 ἴσως
3337 761 3386 813 οἱ
3418 761 3516 827 τὴν
3551 759 3819 812 ἀντίθεσιν
3847 757 4023 808 καθά-

2437 851 2547 915 παξ
2601 852 2723 921 είκῆ
2762 854 2855 906 καὶ
2888 854 3078 923 ιμάτην
3126 851 3402 911 ὠδίνοντες
3451 850 3587 919 πρὸς
3652 848 3820 916 ἡμᾶς.
3853 845 3920 898 Τί
3964 844 4023 897 δὲ

2438 942 2687 1011 περὶτῆς
2728 944 2937 1012 ῥήσεως
2971 944 3143 1005 εῐποις
3200 941 3266 996 ἂν
3301 941 3340 992 Γ
3345 937 3601 1009 ρηγορίου
3627 937 3718 990 τοῦ
3749 954 3878 988 ποτε
3918 938 4022 1003 τῆς

2436 1032 2660 1101 Νύσσης
2692 1034 3088 1103 ἀρχιερατικῶς
3110 1032 3595 1103 προεδρεύσαντος,
3618 1030 3739 1097 ἥτις
3771 1028 4012 1097 εὕρηται

2435 1126 2535 1195 τήν
2563 1125 2630 1178 ἐκ
2658 1125 2914 1196 πρόθεσιν
2945 1126 3003 1178 ἐν
3047 1125 3145 1195 μὲν
3175 1124 3380 1194 βίϐλοις
3417 1123 3561 1176 τισὶν
3620 1121 3821 1191 ἔχουσα
3876 1117 4021 1171 κάπὶ

2438 1218 2531 1271 τοῦ
2563 1217 2716 1281 Υίοῦ,
2747 1220 2867 1281 ταῖς
2888 1217 2945 1271 δὲ
2972 1219 3213 1272 πλείοσιν
3242 1219 3333 1270 ἐπὶ
3383 1216 3597 1276 τούτου,
3636 1212 3822 1275 καθὼς
3862 1208 4016 1274 οἶδας

2436 1312 2516 1376 είς
2536 1310 2818 1381 ἀκρίσειαν
2847 1311 2943 1365 καὶ⁵
2970 1310 3152 1374 αὐτὸς,
3174 1309 3471 1379 οὖμενουν;
3503 1309 3599 1361 Ἐκ
3625 1307 3781 1367 ποίας
3807 1321 4025 1374 προφα-

2438 1401 2561 1465 νοῦς
2582 1402 2902 1463 ἀκολουθίας
2930 1400 3009 1471 τῷ
3044 1401 3158 1469 Υἱῷ
3184 1400 3590 1471 προσαρμόσοις
3635 1399 3849 1466 αύτήν;
3894 1394 4022 1448 ὅθεν

2436 1510 2495 1548 τι
2530 1495 2904 1564 παραστήσεις
2959 1493 3347 1563 προσήκουσαν
3397 1492 3475 1561 τῷ
3529 1490 3673 1559 λόγῳ
3720 1489 3867 1542 κατὰ
3921 1486 4023 1555 τὴν

2439 1585 2751 1656 σύμφρασιν
2779 1602 2794 1650 ;
2823 1583 2895 1638 Τὸ
2933 1585 3031 1654 μὲν
3061 1584 3170 1655 γὰρ
3199 1584 3296 1637 καί
3324 1584 3432 1637 τοῦ
3472 1582 3609 1636 Υἱοῦ
3638 1576 3795 1634 εἶναι
3827 1593 4023 1645 xpec-

2432 1676 2835 1747 μαρτυρεῖται,
2873 1675 3149 1745 δεχόμενοι
3193 1673 3443 1745 περὶτοῦ
3493 1673 3648 1742 ἁγίου
3703 1670 4025 1739 Πνεύματος

2438 1770 2580 1823 κατὰ
2611 1768 2709 1831 τὰς
2731 1766 2962 1838 ἐχούσας
2996 1766 3197 1819 οὑτωσὶ⁵
3248 1765 3462 1835 βίϐλους
3492 1767 3669 1834 ἡμεῖς,
3706 1762 3868 1816 τοῦτο
3929 1778 4025 1815 σα·

2440 1857 2555 1927 φῶς
2609 1858 2674 1911 ὲκ
2715 1857 2811 1926 τῆς
2860 1857 3209 1926 ὲπαγομένης
3281 1854 3645 1923 άποστολικῆς
3712 1852 4025 1923 μαρτυρίας

2436 1946 2771 2015 πιστούμεοα
2804 1945 3016 1999 κεῖσθαι
3042 1946 3243 2010 καλῶς,
3273 1946 3461 2015 φέρειν
3486 1960 3544 1996 τε
3566 1944 3622 1997 τὸ
3646 1942 3896 2010 ἀσφαλὲς
3928 1942 4025 1994 καὶ

2434 2034 2495 2088 τὸ
2532 2034 2767 2104 βέϐαιον.
2809 2034 3071 2105 Ἐπείπερ
3117 2034 3281 2098 αὐτὸς
3313 2036 3581 2101 ἐπήνεγκε
3638 2033 3952 2103 προσεχῶς,
3992 2033 4023 2083 ὁ

2440 2126 2695 2197 μέγιστος
2714 2126 2957 2194 δηλονότι
2980 2123 3279 2196 Γρηγόριος
3303 2139 3319 2155 ο
3352 2124 3424 2176 Ei
3455 2121 3565 2191 γάρ
3618 2140 3707 2186 τις
3761 2118 4017 2188 Πνεῦμα

2435 2216 2693 2284 xpeto?)
2711 2216 2822 2269 οὐκ
2847 2214 2992 2283 ἔχει,
3022 2214 3206 2284 φησὶν,
3236 2208 3417 2278 οὗτος
3446 2213 3559 2265 οὐκ
3594 2211 3766 2264 ἐστιν
3806 2206 4021 2263 αὐτοῦ.

2435 2308 2508 2362 Τὸ
2530 2308 2608 2375 δὲ,
2643 2306 2745 2361 καί
2785 2306 2855 2360 ἐκ
2915 2305 3021 2360 τοῦ
3084 2305 3221 2360 Υιοῦ
3250 2299 3403 2358 εἶναι
3443 2300 4023 2373 προσιιαρτυρεῖτιιι,

2435 2399 2574 2453 κατὰ
2604 2399 2702 2463 τὰς
2731 2398 2925 2462 λοιπὰς
2966 2396 3181 2467 βίϐλους
3211 2398 3573 2469 προσιέμενος
3613 2397 3701 2457 σὺ,
3730 2396 3792 2445 τὸ
3840 2391 4023 2444 10:06-

2433 2508 2525 2545 τον
2556 2490 2731 2545 οὐδενὶ
2778 2490 2921 2560 λόγῳ
2953 2490 3134 2553 ποσῶς
3183 2489 3387 2559 δυνήσῃ
3439 2490 3549 2550 τοῖς
3584 2486 3708 2553 ἑξῆς
3731 2483 4020 2547 ἀποδεῖξαι

2436 2583 2925 2656 συμϐιὸαζόμενον,
2980 2582 3028 2633 εί
3066 2580 3157 2660 μὴ,
3183 2580 3277 2634 καὶ
3311 2583 3417 2641 πᾶς
3468 2580 3704 2648 μάλιστα
3753 2581 4019 2646 νουνεχής

2433 2680 2497 2731 ὲκ
2523 2676 2727 2730 τούτων
2760 2673 2937 2728 αὐτῶν
2974 2673 3416 2743 ἀνατρεπόμενον
3442 2672 3508 2725 ἂν
3540 2672 3683 2724 εἴποι
3732 2670 3829 2722 καὶ
3858 2671 4018 2722 ἀναι-

2434 2770 2717 2841 ρούμενον.
2743 2766 2978 2823 Τοιαῦτα
3023 2766 3123 2836 μὲν
3146 2768 3214 2819 τὰ
3233 2766 3385 2837 παρά
3414 2765 3523 2818 τῶν
3581 2762 4023 2830 ἀντιδιατιθεμέο

2434 2879 2538 2915 νων
2568 2863 2719 2932 ἡμῖν,
2752 2860 2874 2913 ὅσον
2898 2856 2957 2924 ἐξ
2994 2852 3068 2912 ὧν
3114 2857 3379 2921 πολλάκις
3414 2858 3739 2925 εἰκάσαμεν,
3794 2857 4018 2908 είκάσαι

2432 2954 2525 3008 νῦν
2558 2953 2789 3006 ἔπεισιν.
2819 2951 2961 3020 Ἐγὼ
2994 2950 3051 3003 δέ
3079 2967 3223 3021 φημι
3255 2950 3472 3023 πρῶτον
3508 2950 3605 3019 μὲν
3627 2950 3699 3011 ὡς
3738 2949 3841 3017 οὐχ
3866 2949 4017 3010 ὅπως

2430 3046 2513 3109 τὸ,
2537 3044 2639 3100 καί
2672 3046 2741 3099 ἐκ
2775 3044 2884 3100 τοῦ
2924 3044 3059 3099 Υιοῦ
3076 3041 3229 3099 εῖναι
3257 3042 3821 3112 προσμαρτυρεῒται,
3852 3041 4020 3109 ῥητὸν

760 3134 1051 3189 tentiarum
1090 3138 1231 3205 potis
1270 3146 1352 3193 est
1396 3152 1703 3211 penetrare,
1757 3143 1812 3197 id
1866 3145 2220 3200 conﬁrmetur
2273 3155 2327 3201 et
2355 3152 2397 3209 C

2358 3152 2397 3209 ο
2432 3139 2530 3191 οὐκ
2558 3138 3005 3208 ἅνατρεπόμενον
3038 3138 3102 3189 ὲκ
3133 3137 3243 3190 τῶν
3271 3137 3420 3203 ἑξῆς,
3466 3135 3575 3187 οὐδ’
3618 3134 4019 3204 ἀναιρούμενον

761 3225 1185 3281 demonstretur.
1233 3227 1372 3293 Quia
1397 3230 1543 3284 enim
1579 3231 1872 3299 Apostolus
1924 3234 2184 3302 Spiritum
2206 3251 2330 3292 san-

761 3327 910 3371 ctum
946 3333 1147 3373 sonora
1180 3335 1314 3375 voce
1354 3322 1592 3376 intonuit
1628 3322 1894 3393 Spiritum
1932 3326 2162 3394 Christi,
2197 3344 2326 3399 pro-

767 3419 949 3477 pterea
980 3409 1281 3480 Grcgmius
1306 3412 1359 3466 in
1384 3414 1735 3485 dogmatibus
1764 3419 2078 3474 asserendis
2100 3421 2327 3490 praecla-

761 3500 1036 3566 rissimus,
1064 3518 1130 3555 ea:
1158 3502 1316 3574 Filio.
1336 3505 1487 3560 illum
1515 3507 1689 3576 palam
1749 3509 1938 3563 edixit.
1966 3509 2194 3577 Quando
2227 3513 2327 3566 ali~

759 3594 916 3662 cujus
950 3596 1177 3664 spiritus
1201 3598 1376 3652 modis
1402 3600 1659 3655 omnibus
1689 3616 1754 3656 eo
1783 3611 1868 3656 est
1900 3602 2060 3671 cujus
2102 3604 2327 3672 spiritus

758 3696 866 3751 est,
890 3687 1160 3757 ltujusque
1177 3689 1369 3745 doctor
1386 3701 1676 3747 accuratus
1694 3694 1902 3749 accedit
1921 3710 2153 3764 magnus
2168 3697 2221 3751 in
2242 3712 2326 3752 re-

761 3779 863 3832 bus
880 3780 1082 3834 divinis
1097 3784 1493 3849 pertraclandis
1506 3782 1762 3853 Basilius,
1781 3789 1873 3856 qui
1890 3789 1945 3842 in
1969 3804 2077 3842 uno
2095 3804 2161 3845 ex
2178 3793 2327 3862 capi-

760 3869 902 3923 tibus
926 3872 991 3924 ad
1010 3886 1254 3925 sanetum
1273 3875 1730 3943 Amphilochium,
1748 3893 1872 3933 cum
1887 3879 2114 3936 dixisset
2128 3884 2195 3938 de
2209 3884 2328 3953 Spi-

758 3956 864 4012 ritu
888 3970 1098 4025 sancto,
1128 3975 1249 4015 eum
1267 3978 1329 4017 ex
1365 3961 1474 4017 Deo
1491 3980 1628 4029 esse,
1647 3977 1701 4023 et
1724 3968 2038 4037 Apostolum
2065 3973 2327 4030 Ecclesia:

758 4062 1033 4105 oratorem
1067 4052 1119 4105 in
1155 4062 1343 4107 testem
1381 4054 1719 4123 adduxisset,
1770 4076 1789 4109 ι
1824 4059 2106 4129 Spiritum,
2134 4066 2323 4121 dicen-

759 4150 890 4205 tem,
915 4157 979 4195 ez
1007 4138 1113 4195 Deo
1138 4145 1429 4212 accepimus
1460 4146 1529 4210 ”,
1562 4166 1579 4197 ι
1616 4149 1681 4202 ad
1714 4150 1825 4205 haec
1858 4154 2324 4223 comprobandum

762 4234 953 4297 utitur,
1015 4234 1165 4295 illum
1219 4252 1311 4304 per
1364 4236 1565 4293 Filium
1621 4257 1731 4294 esse
1766 4247 2211 4313 sapientissime,
2272 4260 2325 4305 at

759 4325 941 4378 verbis
977 4324 1130 4380 hisce
1166 4328 1434 4396 expeditis
1467 4334 1901 4402 enuntiatisque,
1926 4347 1974 4391 et
2003 4354 2095 4407 per
2124 4338 2327 4393 Filium

758 4430 1011 4483 apparere
1060 4418 1372 4483 declaravit,
1402 4420 1663 4489 Spiritum
1694 4424 1818 4479 Filii
1844 4430 2018 4497 ipsum
2052 4432 2324 4500 appellans

759 4509 1197 4574 quemadmodum
1267 4511 1387 4565 Dei.
1447 4513 1616 4570 Plane
1686 4534 1849 4573 nemo
1911 4521 2041 4576 dicti
2099 4525 2325 4593 hujusce

760 4602 1107 4670 expositione
1133 4604 1374 4672 indiget;
1411 4606 1699 4662 manifesta
1736 4610 2008 4679 siquidem
2038 4622 2145 4681 est,
2172 4630 2330 4683 aper-

764 4703 926 4762 taque
987 4694 1131 4748 illius
1174 4711 1349 4749 mens.
1406 4696 1578 4760 lianc,
1634 4709 1691 4752 ut
1750 4710 1901 4769 puto,
1958 4711 2011 4755 et
2067 4702 2324 4772 Cyrillus,

763 4794 1040 4839 rectorum
1068 4786 1379 4855 dOgmatum
1415 4790 1866 4847 accuratissimus
1905 4802 2094 4849 custos
2122 4804 2176 4849 et
2211 4812 2327 4848 ma-

763 4874 954 4941 gister,
1013 4888 1254 4937 secutus,
1320 4877 1484 4931 veluti
1528 4879 1852 4950 diviniloqui
1895 4881 2076 4937 Patris
2134 4882 2322 4938 Basilii

766 4968 1013 5036 vestigiis
1048 4984 1143 5037 per
1171 4971 1355 5023 omnia
1389 4971 1677 5037 insistens,
1713 4974 1766 5028 in
1809 4975 2153 5044 expositione
2193 4976 2328 5030 dicti

764 5059 1063 5129 evangelici
1107 5061 1385 5131 divinique
1431 5065 1731 5118 secundum
1782 5064 2070 5131 Joannem,
2122 5067 2325 5127 Christi

758 5151 995 5203 amicum
1044 5166 1254 5216 verum,
1296 5164 1349 5207 et
1372 5154 1463 5221 qui
1516 5155 1567 5208 in
1605 5164 1822 5225 pectore
1867 5158 2011 5213 illius
2051 5160 2325 5224 recubuit,

758 5241 990 5297 dicentis
1025 5261 1039 5295 :
1076 5242 1208 5297 Cum
1239 5247 1431 5299 venerit
1472 5245 1778 5301 Paracletus
1805 5250 1869 5311 ⁸ο,
1922 5251 2065 5304 ltunc
2107 5251 2159 5303 in
2208 5266 2324 5304 m0-

761 5337 890 5388 dutn
924 5337 1199 5407 eloquitur
1234 5357 1245 5393 :
1285 5339 1420 5394 Ecce
1453 5344 1611 5405 enim,
1642 5360 1757 5395 ecce
1805 5342 2034 5411 Spirizus
2067 5344 2325 5409 veritatis,

759 5431 855 5481 hac
894 5439 993 5494 est,
1044 5432 1401 5498 suimetipsius
1458 5432 1799 5488 Paracletum
1835 5450 1953 5487 cum
2003 5435 2242 5499 dixisset,
2294 5452 2327 5487 ιι

765 5518 923 5572 Patre
988 5522 1263 5584 procedere
1315 5524 1461 5576 dicit.
1526 5524 1984 5588 Quemadmodum
2052 5527 2189 5577 enim
2248 5535 2323 5579 est

759 5612 1002 5679 proprius
1032 5610 1160 5665 Filii
1196 5613 1445 5681 Spiritus,
1477 5617 1795 5668 ualuraliter
1827 5634 1878 5668 ιη
1910 5618 2017 5681 ipso
2047 5617 2322 5679 exsistens,

833 5767 897 5793 “'
935 5767 950 5791 ”
988 5766 1141 5821 Iiom.
1192 5785 1300 5831 vm,
1335 5771 1382 5821 9.
1465 5772 1549 5824 "l
1584 5772 1705 5824 (Lor.
1750 5790 1803 5834 'l,
1853 5774 1929 5825 l2.
2029 5773 2222 5826 ’ἊΙνιιιι

2436 3227 2582 3281 ἔστιν
2602 3230 2795 3294 εἰπεῖν,
2828 3227 2943 3280 ἀλλ’
2984 3228 3049 3281 ἐκ
3067 3226 3271 3281 τούτων
3308 3227 3401 3279 καὶ
3432 3224 3609 3294 πολλῷ
3645 3224 3831 3288 πλέον,
3876 3225 4019 3293 φαίη

2433 3339 2517 3384 τις
2567 3322 2633 3375 ἂν
2701 3322 2808 3372 τῶν
2881 3319 3157 3390 βαθύτητα
3219 3318 3665 3395 καταλαμᾷάνειν
3735 3320 4015 3386 νοήματος

2433 3412 2840 3481 ἐπισταμένων,
2865 3411 3413 3481 κατασκευαζόμενον
3430 3410 3560 3463 αὐτὸ
3576 3411 3669 3463 καὶ
3689 3408 4017 3462 ἀποδεικνύ-

2437 3520 2616 3573 μενον.
2641 3502 2759 3555 Ὅτι
2798 3504 2906 3571 γὰρ
2944 3502 3319 3565 ὀἋπόστολος
3363 3501 3424 3555 τὸ
3468 3500 3689 3569 Πνεῦμα
3737 3502 3799 3553 τὸ
3856 3502 4016 3569 ἅγιον

2436 3594 2833 3664 μεγαλοφώνως
2892 3595 3127 3665 ἐκήρυξε
3164 3594 3387 3663 Πνεῦμα
3419 3595 3677 3664 Χριστοῦ,
3702 3594 3792 3647 διὰ
3852 3594 4015 3647 τοῦτο

2434 3687 2731 3757 Γρηγόριος
2780 3688 2807 3740 ὁ
2838 3686 3147 3755 διαλάμψας
3202 3684 3259 3738 εν
3298 3686 3561 3756 δόγμασιν
3608 3686 3679 3739 ἐκ
3732 3686 3841 3739 τοῦ
3874 3686 4014 3740 Ποῦ

2430 3777 2588 3830 τοῦτο
2648 3778 2857 3848 τρανῶς
2914 3779 3156 3848 εἴρηκεν.
3217 3778 3434 3848 Ἐπειδὴ
3482 3779 3544 3832 τὸ
3593 3778 3814 3847 πνεῦμά
3864 3795 4012 3842 τινος

2434 3870 2649 3932 πάντως
2680 3869 2737 3934 ἐξ
2771 3868 2935 3921 αὐτοῦ
2971 3869 3180 3937 πέφυκε
3217 3884 3230 3899 ’
3265 3872 3359 3923 καὶ
3391 3870 3581 3923 τούτου
3607 3872 3807 3940 κομιδῆ
3853 3871 4010 3924 διδά-

2432 3961 2625 4025 σκαλος
2656 3961 2887 4032 ἀκριόὴς
2912 3963 2938 4015 ὁ
2969 3962 3141 4031 μέγας
3192 3963 3286 4016 καὶ
3336 3963 3502 4026 πολὺς
3539 3963 3607 4016 τὰ
3656 3963 3778 4016 θεῖα
3839 3963 4008 4015 Βασί-

2430 4055 2593 4117 λειος,
2646 4052 2705 4115 ὃς
2768 4054 2826 4107 ἐν
2881 4070 2985 4105 τινι
3036 4053 3143 4105 τῶν
3194 4053 3329 4123 πρὸς
3378 4056 3468 4106 τὶν
3531 4055 3675 4124 ἱερὸν
3744 4055 4006 4125 Ἀμφιλό-

2430 4164 2543 4215 χιον
2576 4144 2885 4214 κεφαλαίων
2915 4144 3085 4201 εἰπὼν
3114 4147 3240 4217 περὶ
3266 4144 3359 4199 τοῦ
3396 4147 3553 4215 ἁγίου
3580 4146 3900 4215 Πνεύματος
3930 4148 4005 4211 ὡς

2429 4240 2577 4292 ἐστιν
2603 4242 2666 4292 ἐκ
2688 4238 2783 4292 τοῦ
2815 4240 2973 4304 Θεοῦ,
2998 4241 3091 4293 καὶ
3128 4241 3220 4293 τὸν
3260 4241 3585 4295 Ἀπὸστολον
3612 4242 3703 4293 τὸν
3724 4244 3826 4307 τῆς
3876 4242 4005 4295 Ἐκο

2431 4333 2660 4404 κλησίας
2688 4333 2891 4403 ῥήτορα
2915 4332 3253 4403 παραγαγὼν
3298 4334 3572 4403 μάρτυρα,
3599 4334 3704 4386 «Τὸ
3733 4334 4005 4403 Πνεῦμα,

2430 4431 2678 4499 λέγοντα,
2712 4430 2777 4482 τὸ
2803 4430 2871 4483 ἐκ
2903 4430 3008 4482 τοῦ
3036 4428 3185 4482 Θεοῦ
3212 4427 3529 4495 ἐλάϐομεν,
3559 4448 3577 4479 ι
3631 4430 3808 4498 τούτῳ
3872 4432 4008 4498 πρὸς

2433 4527 2693 4580 σύστασιν
2722 4526 2918 4594 χρῆται
2949 4524 3044 4574 καὶ
3072 4520 3165 4573 τοῦ
3203 4518 3280 4572 δι’
3311 4522 3446 4574 Υἱοῦ
3470 4519 3798 4589 τυγχάνειν
3829 4522 4005 4583 αὐτὸ,

2426 4618 2712 4685 σοφώτατα
2745 4614 2885 4667 κατὰ
2930 4614 3079 4682 ῥῆμα
3105 4611 3374 4664 διαλαϐὼν
3406 4612 3575 4663 ταῦτα
3613 4613 3703 4664 καὶ
3735 4613 4007 4679 φάμενος,

2426 4713 2525 4766 καί
2586 4710 2650 4763 τὸ
2691 4707 2765 4760 δι’
2828 4703 2967 4759 Υἱοῦ
2993 4704 3322 4772 πεφηνέναι
3375 4703 3572 4771 σαφὲς
3648 4705 4003 4769 πεποίηκεν,

2428 4802 2563 4857 Υίοῡ
2611 4797 2855 4865 Πνεῦμα
2923 4794 3231 4863 ὀνομάσας
3292 4795 3440 4848 αὐτὸ
3501 4792 3772 4860 καθάπερ
3829 4793 4003 4847 Θεοῦ.

2430 4895 2651 4953 Πάντως
2724 4888 2897 4949 οὐδεὶς
2961 4886 3269 4956 ἐξηγήσεως
3343 4884 3533 4955 χρῄζει
3603 4885 3745 4948 τινὸς
3807 4887 3866 4938 ἐν
3927 4886 4006 4956 τῷ

2428 4984 2655 5052 παρόντι
2684 4979 2831 5051 ρητῷ
2850 4994 2864 5008 ·
2895 4977 3029 5047 δήλη
3059 4978 3167 5045 γὰρ
3194 4978 3326 5029 πᾶσι
3358 4979 3449 5027 καὶ
3492 4977 3699 5044 φανερὰ
3730 4976 4005 5045 καθέστη-

2428 5094 2521 5129 κεν
2552 5078 2583 5145 ή
2609 5075 2794 5126 τούτου
2842 5072 3066 5123 διάνοια.
3109 5068 3315 5139 Ταύτῃ,
3347 5067 3631 5132 δοκῶ,’καὶ
3666 5068 3938 5136 Κύριλλος
3975 5070 4004 5122 6

2427 5166 2534 5217 τῶν
2558 5162 2734 5232 ὀρῦὦν
2763 5164 3045 5229 δογμάτων
3084 5159 3473 5229 ἀκριϐέστατος
3523 5156 3698 5225 φύλαξ
3738 5159 3837 5210 καὶ
3894 5176 3997 5227 μυο

2432 5252 2710 5320 σταγωγὸς
2731 5249 3183 5316 ὲξακολουθήσας,
3218 5247 3362 5299 ὦσαν
3391 5246 3483 5298 τοῦ
3505 5246 3771 5314 Θεηγόρου
3790 5245 4003 5314 Πατρὸς

2432 5343 2712 5395 Βασιλεὶου
2745 5341 2863 5393 κατ’
2905 5341 3051 5409 ἴχνια
3078 5338 3273 5408 βαίνων
3324 5336 3671 5404 παναληθῶς,
3700 5338 3758 5387 ἐν
3793 5337 3858 5403 τῇ
3909 5337 4002 5403 ἑρ-

2434 5435 2627 5504 μηνεία
2648 5433 2739 5485 τοῦ
2762 5432 2898 5484 κατὰ
2924 5431 3012 5483 τὸν
3042 5429 3353 5498 ἐπιστήθιον
3401 5428 3674 5496 Ἰωάννην,
3711 5426 3809 5479 καὶ
3864 5426 4001 5495 Χρι-

2433 5524 2558 5577 στοῦ
2602 5524 2752 5591 φίλον
2781 5524 3002 5593 γνήσιον
3031 5519 3386 5589 εὐαγγελικοῦ
3424 5520 3517 5572 καὶ
3552 5518 3696 5572 θείου
3717 5517 3887 5586 ῥητοῦ
3908 5516 4000 5570 τοῦ

2430 5618 2678 5682 λέγοντος
2715 5632 2725 5641 ο
2757 5616 2941 5667 Ὅταν
2991 5608 3103 5669 οὖν
3131 5612 3277 5680 ἔλθῃ
3314 5616 3345 5667 ό
3384 5610 3797 5682 Παρὰχλητος,
3833 5608 4002 5672 οὕτως

2285 5791 2370 5835 xv.
2405 5776 2493 5828 ‘36.
