4206 6452
259 407 398 474 1205

1109 410 1207 471 DE
1252 399 1778 468 PROCESSIONI
1820 406 1882 467 Β.
1925 405 2288 470 SPlRlTUS
2329 405 2554 469 OliAT.
2592 406 2674 468 Ιῐ.

3387 393 3527 459 1206

252 527 493 596 ἔφησεν·
548 527 704 582 Ἰδοὺ
750 528 884 596 reip,
911 527 1040 582 ίδοὺ
1086 526 1333 595 Πνεῦμα
1382 523 1489 593 τῆς
1539 527 1843 593 ἀληθείας,

1959 539 2006 580 et
2035 544 2126 596 per
2151 530 2318 596 ipsum
2363 529 2722 596 progrediens,
2753 526 2828 578 ita
2869 531 2917 576 et
2961 521 3164 575 Patris.
3199 519 3336 586 Quia
3376 518 3520 572 enim

253 615 574 671 τουτέστιν
598 617 820 673 ἑαυτοῦ
855 618 965 672 τὸν
1014 617 1416 686 Παράκλητον
1439 617 1644 680 είπὼν,
1687 617 1846 685 παρὰ

251 715 364 767 τοῦ
408 715 642 782 Πατρός
691 714 1133 783 ἐκπορεύεσθαι
1181 729 1392 784 φησιν.
1456 713 1688 781 Ὠσπερ
1735 712 1847 782 γάρ

249 806 428 858 ἐστιν
463 805 622 860 ιδιον
659 806 903 876 Πνεῦμα
927 807 1036 860 τοῦ
1077 806 1213 861 Υίοῦ
1246 807 1524 876 φυσικῶς
1567 806 1637 859 ἐν
1687 805 1848 872 αὐτῷ

251 913 320 948 τε
365 895 663 966 ὑπάρχον,
701 897 800 952 καί
833 898 906 951 δι’
936 898 1128 953 αὑτοῦ
1153 897 1386 966 προὶὶδν,
1415 899 1570 953 οὕτω
1614 898 1709 952 καὶ
1739 896 1846 952 τοῦ

258 990 515 1056 Πατρός.
546 989 668 1041 Ὀτι
705 991 812 1058 γὰρ
843 985 997 1042 εἷπεν
1031 991 1059 1041 ὁ
1086 989 1320 1060 Χριστὸς
1355 990 1444 1044 τδν
1484 990 1844 1061 Παρακλητον

251 1080 484 1150 Πνεῦμα
509 1081 612 1150 τῆς
649 1082 906 1151 ἀληθείας
959 1082 1200 1152 είρηκὼς
1233 1073 1388 1143 οὗτος
1426 1081 1518 1133 καὶ
1560 1079 1842 1149 προσθεὶς,

252 1173 538 1225 τουτέστιν
561 1171 805 1237 ἑαυτοῦ,
838 1172 958 1226 κατ’
991 1175 1219 1236 ἐκεῖνον,
1266 1171 1424 1226 ἴδιον
1445 1171 1689 1238 Πνεῦμα
1728 1169 1839 1225 τοῦ

260 1264 400 1318 Υιοῦ
422 1265 693 1333 φυσικῶς
722 1266 794 1320 ἐν
821 1263 982 1329 αὐτῷ
1011 1279 1074 1318 τε
1104 1265 1402 1331 ὑπάρχον,
1434 1261 1531 1316 καί
1551 1261 1625 1315 δι’
1657 1260 1845 1316 αὑτοῦ

248 1355 469 1421 προϊὸν
500 1357 904 1427 ὲφηρμήνευσε,
937 1357 1030 1408 τὸν
1085 1352 1182 1407 τοῦ
1232 1354 1378 1407 θείου
1412 1351 1625 1420 Πατρδς
1681 1351 1847 1405 Βασι-

247 1447 396 1500 hinc
438 1448 648 1515 ’σαφῶς
703 1447 954 1520 δηλώσας
998 1446 1202 1500 σκοπὸν
1252 1446 1324 1499 δι’
1355 1445 1546 1514 ἐτέρας
1596 1443 1655 1497 τὸ
1709 1443 1845 1496 αὐτὸ

251 1537 630 1608 σημαινούσης
670 1539 820 1609 ἱερᾶς
849 1539 1119 1609 χρήσεως.
1159 1535 1358 1590 Τοῦτον
1407 1534 1470 1604 δὴ
1500 1534 1592 1586 τὸν
1648 1533 1847 1598 τρόπον

249 1627 348 1677 καὶ
414 1626 720 1698 Γρηγόριος
765 1629 812 1680 δ’
848 1627 990 1680 πάνυ
1049 1626 1174 1696 περὶ
1225 1624 1318 1678 τοῦ
1374 1626 1692 1696 Πνεύματος
1748 1623 1844 1677 τοῦ

249 1719 543 1785 παναγίου,
569 1719 670 1772 καὶ
688 1720 756 1773 ἐκ
786 1720 892 1774 τοῦ
929 1719 1068 1773 Υίοῦ
1095 1715 1249 1773 εἶναι
1300 1717 1846 1788 προσμαρτυρεῖται

252 1810 393 1878 μετὰ
427 1810 624 1880 πολλῆς
650 1813 960 1883 παρρησίας
1001 1813 1192 1878 εἰπὼν,
1236 1815 1485 1883 ἐπήγαγε
1540 1811 1842 1882 παρευθὺς,

1773 1898 1803 1930 κ
1880 1877 1919 1930 Β

256 1905 360 1957 «Εἰ
378 1903 490 1972 γάρ
525 1920 611 1969 τις
637 1905 882 1973 Πνεῦμα
907 1906 1167 1972 Χριστοῦ
1183 1907 1293 1960 οὐκ
1323 1905 1472 1974 ἔχει,
1493 1905 1705 1973 φησιν,
1728 1903 1835 1958 οὗ·

248 2011 357 2060 τος
378 1997 493 2050 οὐκ
524 1997 699 2050 ἐστιν
718 1997 928 2060 αὐτοῦ,
961 2017 979 2049 ι
1019 1998 1118 2068 τὴν
1145 2000 1452 2070 μαρτυρίαν
1483 1997 1575 2052 τοῦ
1602 1998 1838 2062 Χριστο.

249 2089 500 2156 κήρυκος
533 2088 745 2141 Παύλου
782 2091 922 2143 κατὰ
948 2092 1052 2143 τὸν.
1079 2093 1247 2144 πολὺν
1294 2094 1388 2144 καὶ
1440 2093 1611 2160 μέγαν
1675 2088 1835 2141 Βασί-

247 2179 416 2239 λεον,
454 2181 548 2232 καὶ
604 2181 798 2251 ἑτέραν
829 2182 1254 2251 ἀπολεξάμενος.
1304 2181 1564 2236 Ἐνταῦθα
1613 2179 1846 2250 φανερὸν

245 2267 331 2319 ὅτι
377 2269 621 2339 μερικῶς
663 2273 1142 2326 συναποδέδεικται
1202 2272 1412 2334 τούτοις
1471 2270 1604 2340 μηδὲ
1656 2269 1750 2340 τὴν
1775 2270 1844 2322 ἐκ

245 2357 546 2429 διαφέρειν,
590 2363 684 2416 καὶ
716 2363 810 2431 τὴν
837 2363 935 2418 διὰ
960 2365 1076 2424 τοῖς
1104 2364 1194 2415 ἐπὶ
1219 2364 1316 2431 τῆς
1341 2363 1618 2431 θεολογίας
1659 2362 1840 2434 ὀρθῶς

246 2451 344 2500 καὶ
372 2451 511 2518 πρὸς
541 2453 841 2521 ἀσφάλειαν
871 2455 977 2508 τῶν
1007 2455 1172 2523 ἱερῶν
1197 2455 1481 2524 δογμάτων
1528 2455 1695 2519 αὑτὰς
1749 2457 1842 2508 ὲκ-

1952 618 2204 675 Cliristus
2271 622 2507 684 dixerat,
2566 617 2903 672 Paracletum
2954 613 3218 684 Spiritum
3275 612 3524 669 veritatis

1949 728 2294 781 nuncupatis,
2326 711 2371 767 is
2403 713 2633 776 addens,
2670 712 2774 765 hoc
2803 719 2887 765 est
2912 708 3292 776 suimetipsius,
3318 711 3378 759 ut
3413 704 3520 767 ille,

1947 805 2219 873 proprium
2266 804 2391 858 Filii
2439 803 2696 870 Spiritum
2741 803 3064 857 naturaliter
3107 801 3164 853 in
3221 798 3336 866 ipso
3386 797 3528 848 exsi-

1948 904 2191 956 stentem,
2245 905 2292 949 et
2339 912 2430 964 per
2478 895 2630 948 illum
2672 892 3094 964 progredientem
3133 890 3526 954 interpretatus

1948 995 2052 1050 εει,
2097 988 2262 1041 divini
2293 989 2469 1044 Patris
2520 989 2702 1043 Basilii
2742 997 2926 1059 aperte
2980 1000 3203 1054 scopum
3250 982 3524 1046 indicans,

1951 1077 2059 1130 alio
2090 1078 2141 1131 id
2170 1077 2345 1145 ipsum
2380 1077 2718 1133 insinuantia
2758 1091 2918 1131 sacro
2955 1075 3126 1130 dicto.
3163 1071 3285 1126 Pari
3315 1071 3534 1125 ratione

1950 1177 2003 1222 et
2034 1185 2264 1238 magnus
2292 1167 2590 1236 Gregorius
2628 1169 2696 1225 de
2729 1169 3084 1224 sanctissimo
3121 1164 3352 1232 Spiritu,
3381 1172 3428 1218 et
3463 1176 3530 1214 ea:

1949 1259 2084 1315 Filio
2108 1278 2219 1315 esse
2246 1263 2530 1325 astruitur,
2562 1277 2684 1316 cum
2714 1261 3054 1317 conﬁdenter
3081 1256 3369 1312 admodum
3402 1268 3532 1323 pro-

1949 1354 2284 1418 nuntiasset,
2315 1355 2503 1410 statim
2542 1354 2856 1415 subnexuit,
2897 1370 2914 1403 ι
2950 1349 3008 1405 Si
3042 1351 3157 1420 quis
3189 1349 3325 1402 enim
3353 1344 3531 1415 Spiri-

1951 1449 2060 1494 tum
2092 1442 2294 1497 Christi
2328 1461 2430 1498 non
2461 1445 2635 1508 habet,
2667 1445 2765 1507 ait,
2803 1443 2884 1496 hic
2917 1459 3020 1496 non
3044 1447 3121 1493 est
3141 1438 3281 1507 ejus,
3317 1454 3335 1487 ι
3371 1433 3527 1490 testi-

1949 1534 2197 1588 monium
2233 1534 2438 1591 Christi
2481 1536 2753 1607 prrecouis
2787 1534 2939 1589 Pauli
2974 1549 3039 1589 ex
3068 1545 3269 1602 magno
3305 1527 3528 1590 Basilio,

1951 1633 2006 1679 et
2034 1626 2181 1681 aliud
2231 1627 2395 1683 etiam
2429 1627 2651 1683 aliunde
2685 1627 2914 1698 petitum
2965 1638 3261 1694 usurpans.
3295 1621 3390 1675 llic
3415 1620 3528 1690 jam

1954 1719 2308 1775 manifestum
2369 1729 2488 1788 est,
2544 1736 2608 1775 ex
2659 1731 2811 1789 parte
2864 1717 3300 1772 demonstratum
3362 1714 3534 1768 fuisse

1956 1809 2102 1865 inter
2137 1810 2554 1880 praepositiones
2588 1826 2652 1864 ea:
2701 1818 2754 1863 et
2786 1825 2900 1876 per,
2933 1821 3054 1861 cum
3093 1820 3180 1861 res
3215 1801 3539 1874 theologicae

1948 1908 2381 1969 pertractantur,
2413 1901 2556 1970 apud
2586 1915 2704 1966 eos,
2730 1901 2824 1969 qui
2856 1910 3049 1952 secure
3083 1905 3339 1962 recteque
3369 1907 3530 1946 sacra

1944 1994 2196 2064 dogmata
2247 1993 2540 2056 deﬁniunt,
2593 1993 2807 2046 nullum
2855 2005 2976 2046 esse
3031 1988 3326 2044 discrimen
3359 2000 3528 2040 zeum

1957 2088 2012 2140 in
2037 2085 2239 2155 quibus
2275 2086 2350 2141 illi
2378 2087 2546 2156 probe
2579 2101 2671 2153 per
2696 2084 3045 2154 adaptarunt,
3081 2081 3242 2134 divus
3274 2078 3362 2132 hic
3393 2077 3532 2132 Gre—

1957 2179 2144 2248 gorius
2193 2194 2257 2233 ea:
2295 2178 2571 2249 apposuit.
2616 2176 2683 2232 Et
2719 2179 2835 2230 haec
2869 2174 3090 2244 quidem
3143 2171 3402 2241 primum,
3454 2169 3531 2220 uti

1955 2272 2006 2324 iu
2064 2273 2358 2342 praesentis
2408 2268 2862 2326 contradictionis
2908 2267 3066 2320 initio
3100 2264 3238 2329 dixi,
3274 2262 3535 2316 adversa-

1954 2364 2161 2418 riorum
2205 2364 2311 2419 tela
2359 2373 2509 2428 sunt,
2548 2362 2746 2432 quibus
2795 2358 3269 2425 illiauxiliaribus
3305 2355 3534 2408 uteban-

1953 2463 2063 2520 tur,
2097 2455 2150 2508 in
2181 2454 2403 2510 eosdem
2440 2452 2658 2509 fortiter
2700 2469 2730 2508 a
2774 2467 2860 2507 me
2907 2458 3178 2507 contorta.

244 2541 637 2611 λαμϐάνουσιν.
677 2545 939 2618 Ἐπείπερ
967 2549 1022 2599 ὲν
1048 2541 1128 2610 οἷς
1163 2547 1359 2600 ἐκεῖνοι
1387 2529 1562 2610 καλῶς
1604 2547 1915 2618 παρέλαϐον
1946 2550 2044 2615 τὴν
2078 2547 2196 2610 διὰ,
2228 2547 2478 2600 τέθεικεν
2537 2548 2564 2600 ὁ
2605 2545 2745 2607 θεῖος
2777 2543 3078 2615 Γρηγόριος
3149 2534 3304 2603 οὗτος
3329 2540 3428 2610 τὴν
3460 2540 3528 2593 ἐκ

245 2633 529 2704 πρόθεσιν.
567 2637 678 2690 Καὶ
745 2637 917 2691 ταῦτα
951 2641 1048 2708 μὲν
1094 2641 1151 2691 ὲν
1201 2638 1440 2709 πρώτοις
1492 2639 1678 2702 καθὼς
1747 2637 2055 2718 ἀρξάμενος
2101 2640 2201 2708 τῆς
2250 2637 2536 2708 παρούσης
2590 2636 2918 2696 ἀντιθέσεως
2995 2632 3270 2688 διαλαϐεῖν
3321 2630 3527 2700 ἔφθην.

247 2729 394 2795 (frmi.
425 2728 774 2798 περιτρέπων
805 2729 1038 2799 ἰσχυρῶς
1062 2730 1184 2791 τοὺς
1215 2729 1480 2792 ἐναντίους
1530 2731 1586 2796 ἐξ
1618 2724 1691 2783 ὢν
1752 2730 1830 2790 εἰς
1869 2728 2077 2780 οἰκείαν
2099 2728 2254 2781 αὐτοὶ
2309 2727 2679 2798 προύϐάλοντο
2702 2727 2866 2796 δῆθεν
2892 2724 3166 2796 βοήθειαν.

360 2819 440 2885 ς’.
495 2820 556 2873 Εἰ
589 2820 647 2874 δὲ
679 2820 761 2873 δεῖ
789 2838 856 2890 με
905 2822 1004 2890 τῆς
1045 2821 1357 2890 περικοπῆς
1406 2821 1714 2891 μνησθέντα
1755 2840 1844 2889 μι-

247 2912 381 2980 κρὸν
413 2910 620 2964 ἄνωθεν
650 2911 896 2981 ἀκριϐῶς
927 2911 1180 2975 ἐξετάσαι
1219 2915 1288 2964 τι
1337 2911 1456 2963 κατ’
1491 2910 1682 2980 αὐτὴν,
1716 2907 1840 2978 τάχ’

247 3003 312 3054 ἂν
345 3003 455 3053 κὰκ
485 3000 596 3053 τῶν
630 3003 896 3070 πρότερον
919 3003 1171 3069 φανεῖται
1206 3002 1304 3071 τὴν
1330 3001 1398 3053 ἐκ
1434 3002 1462 3054 δ
1498 3000 1672 3070 μέγας
1703 3001 1841 3052 κάπὶ

2018 2818 2109 2872 26.
2154 2819 2306 2884 Quod
2338 2818 2407 2885 si,
2436 2821 2659 2889 repetita
2687 2817 2972 2886 pericope,‘
2987 2815 3148 2885 paulo
3183 2815 3349 2872 altius
3383 2816 3436 2870 iu
3465 2831 3528 2870 ca

1952 2917 2352 2985 comprehensa
2421 2911 2791 2967 examinanda
2841 2917 2993 2972 sunt,
3053 2907 3193 2963 forte
3256 2922 3324 2963 ex
3385 2919 3531 2962 ante-

1947 3007 2274 3062 cedentibus
2324 3005 2770 3075 praepositionem
2822 3017 2886 3055 ea:
2927 3017 3160 3072 magnus
3211 3002 3300 3056 liic
3334 3003 3416 3055 vir
3465 3002 3534 3055 dc

247 3093 341 3146 τοῦ
374 3092 508 3146 Υἱοῦ
537 3093 712 3160 λέγων
747 3111 806 3146 τε
835 3095 929 3146 καὶ
958 3093 1261 3161 τιθέμενος.
1309 3093 1461 3145 Ἐπεὶ
1486 3092 1612 3162 περί
1644 3109 1700 3144 τε
1728 3109 1841 3145 κοι-

1948 3102 2086 3156 Filio
2123 3099 2329 3154 dixisse
2378 3097 2819 3167 apposuisseque
2867 3098 3253 3163 comperietur.
3292 3092 3524 3160 Quando

246 3185 355 3236 νῶν
389 3184 486 3237 καὶ
518 3184 686 3252 ἰδίων,
740 3184 815 3248 ὡς
850 3184 1138 3254 προλαϐὼν
1187 3187 1428 3254 εἰρήκειν
1489 3184 1597 3237 τῶν
1661 3186 1719 3238 ὲν
1776 3187 1841 3254 τῇ

1949 3193 2015 3247 de
2050 3191 2287 3262 propriis
2320 3202 2374 3245 et
2422 3187 2831 3252 communibus,
2876 3198 2932 3241 ιιι
2963 3187 3126 3256 paulo
3173 3196 3302 3240 ante
3350 3186 3530 3248 innui,

247 3277 516 3347 θεαρχικῇ
572 3277 764 3346 Τριάδι
821 3277 1077 3342 διεξιὼν,
1142 3279 1286 3331 οὕτω
1336 3277 1644 3345 διαλέγεται
1703 3277 1843 3329 κατὰ

248 3371 401 3440 ῥῆμα
441 3369 708 3436 θεολογῶν
747 3369 976 3435 τούτοις,
1013 3370 1108 3423 καὶ
1141 3370 1217 3440 τῷ
1247 3371 1480 3439 δόγματι
1539 3368 1846 3439 προσηκόν-

248 3481 356 3526 τως
384 3461 866 3532 ὲμπλατυνόμενος
901 3479 915 3492 ·
946 3463 1010 3514 ’Ὀ
1056 3478 1119 3515 τε
1150 3463 1261 3530 τὰρ
1311 3463 1444 3526 Υἱὸς
1466 3462 1534 3514 ἐκ
1585 3461 1692 3514 τοῦ
1727 3463 1845 3514 [Ia-

247 3555 388 3619 τίιὸς
443 3552 688 3620 ἐξῆλθε,
753 3554 948 3620 καθώς
1014 3570 1206 3623 φησιν
1259 3554 1299 3622 ἡ
1343 3554 1575 3622 Γραφὴ,
1633 3552 1732 3606 καὶ
1777 3551 1844 3606 τὸ

248 3647 495 3714 Πνεῦμα
518 3647 583 3698 ἐκ
617 3646 726 3699 τοῦ
767 3645 915 3699 Θεοῦ
967 3647 1065 3699 καὶ
1105 3647 1264 3714 παρὰ
1304 3646 1413 3700 τοῦ
1469 3648 1701 3714 Πατρός
1741 3646 1842 3698 ἐκ·

249 3739 585 3804 πορεύεται.
632 3737 798 3791 Ἀλλ’
826 3737 1031 3807 ὥσπερ
1063 3740 1127 3792 τὸ
1158 3739 1306 3792 ἄνευ
1333 3739 1528 3804 αἰτίας
1553 3735 1705 3791 εἶναι
1735 3739 1843 3807 [(0'-

249 3848 360 3883 νου
424 3830 533 3884 τοῦ
585 3832 818 3898 Πατρὸς
878 3831 972 3895 ὃν,
1014 3830 1094 3895 τῷ
1146 3830 1256 3895 Υἱῷ
1307 3831 1404 3884 καὶ
1442 3831 1520 3896 τῷ
1546 3833 1846 3901 Πνεύματι

249 3921 709 3989 ἐφαρμςσθῆναι
755 3924 826 3974 οὐ
850 3922 1102 3975 δύναται
1127 3938 1141 3952 ο
1175 3922 1331 3974 οὕτω
1371 3921 1437 3974 τό
1473 3921 1737 3988 ἔμπαλιν
1778 3924 1845 3976 τὸ

249 4017 317 4078 ἐξ
354 4015 551 4079 αἰτίας
575 4009 754 4080 εἶναι,
791 4015 938 4081 ὅπερ
967 4013 1120 4068 ἴδιόν
1141 4015 1276 4068 ἐστι
1305 4016 1413 4069 τοῦ
1451 4017 1588 4070 Υίοῦ
1613 4018 1710 4070 καὶ
1737 4016 1844 4071 τοῦ

252 4105 627 4173 Πνεύματος,
670 4103 750 4170 τῷ
780 4107 960 4174 [lath
984 4105 1456 4175 ἐπιθεωρηθῆιάι
1489 4110 1680 4176 φύσιν
1730 4111 1845 4162 οὐκ

250 4196 400 4263 ἔχει.
432 4197 651 4250 Κοινοῦ
686 4196 756 4250 δὲ
784 4197 962 4263 ὄντος
995 4197 1077 4263 τῷ
1131 4197 1239 4262 Υίῷ
1271 4199 1488 4264 καὶτῷ
1545 4201 1845 4268 Πνεύματι

249 4287 356 4342 τοῦ
377 4288 460 4354 μὴ
486 4287 829 4357 ἁγεννήτως
856 4286 1033 4354 εἶναι,
1057 4290 1137 4355 ὠς
1166 4289 1246 4343 ἂν
1283 4290 1368 4358 μή
1402 4308 1488 4356 τις
1542 4292 1845 4362 σύγχυσις

250 4377 385 4443 περὶ
449 4377 514 4428 τὸ
571 4379 977 4446 ὑποκείμενον
1027 4381 1371 4447 θεωρηθείη,
1426 4381 1614 4436 πάλιν
1669 4383 1846 4437 ἐστιν

1950 3299 2073 3353 qua:
2101 3284 2154 3336 in
2185 3281 2414 3336 Deitatis
2455 3280 2704 3350 principe
2741 3278 2940 3335 Triade
2977 3287 3130 3342 sunt,
3162 3286 3528 3347 pertractans,

1951 3376 2137 3430 verbis
2171 3390 2278 3429 non
2335 3374 2459 3428 aliis
2496 3373 2668 3426 utitur
2715 3371 2783 3426 de
2816 3371 2923 3426 illis
2967 3370 3312 3432 discernens,
3364 3378 3418 3423 et
3451 3369 3530 3423 uti

1945 3482 2045 3537 par
2098 3477 2181 3522 εει
2223 3465 2426 3520 iusiore
2476 3466 2722 3520 oratione
2773 3466 2968 3532 dogma
3018 3462 3357 3532 explanans:
3393 3460 3529 3517 Cum

1946 3557 2124 3613 Filius
2157 3574 2219 3612 ea:
2253 3559 2417 3612 Patre
2446 3560 2626 3621 exivit,
2674 3567 2728 3610 ut
2771 3557 3046 3624 Scriptura
3076 3558 3186 3620 ait,
3216 3566 3265 3608 et
3299 3555 3530 3625 Spiritus

1945 3669 2010 3706 ea:
2063 3652 2172 3705 Deo
2218 3661 2266 3706 et
2313 3667 2376 3705 ea;
2428 3651 2591 3704 Patre
2635 3651 2889 3719 procedit.
2947 3650 3053 3705 Sed
3091 3650 3531 3718 quemadmodum

1947 3747 2142 3816 absque
2187 3761 2352 3798 causa
2396 3761 2528 3807 esse,
2570 3744 2735 3798 solius
2785 3743 2964 3798 Patris
3014 3761 3132 3796 cum
3183 3745 3251 3796 sit
3285 3740 3431 3796 Filio
3479 3753 3529 3795 et

1946 3837 2177 3906 Spiritui
2208 3837 2459 3906 adoptari
2510 3837 2709 3905 nequit,
2765 3839 2842 3889 sic
2889 3846 3073 3888 contra
3118 3851 3182 3888 ea:
3218 3852 3383 3888 causa
3422 3851 3533 3889 esse

1945 3931 2085 4000 quod
2113 3939 2192 3985 est
2222 3932 2493 3999 proprium
2520 3928 2650 3982 Filii
2682 3939 2730 3982 et
2768 3928 3004 3997 Spiritus
3043 3930 3238 3993 sancti,
3271 3929 3334 3982 de
3371 3927 3532 3982 Patre

1945 4024 2275 4078 considerari
2319 4023 2552 4076 alienum
2601 4032 2678 4075 est
2712 4039 2744 4074 a
2784 4029 3002 4074 natura.
3040 4021 3173 4076 Cum
3219 4037 3338 4074 vero
3383 4036 3530 4073 com-

1945 4132 2102 4170 mune
2149 4117 2221 4170 δίε
2271 4113 2416 4170 Filio
2455 4126 2504 4168 et
2554 4113 2779 4182 Spiritui
2829 4114 3088 4182 ingenitas
3141 4129 3244 4166 non
3293 4128 3423 4174 esse,
3468 4129 3530 4166 ne

1945 4207 2188 4277 confusio
2247 4209 2389 4260 circa
2440 4207 2731 4274 subjectum
2777 4205 3158 4272 consideretur,
3217 4220 3401 4258 rursus
3454 4211 3529 4256 est

1946 4300 2106 4370 facile
2145 4317 2328 4355 eorum
2363 4302 2415 4353 in
2445 4300 2859 4369 proprietatibus
2887 4301 3173 4353 discrimen
3202 4298 3528 4361 adinvenire,

1945 4406 2002 4446 ut
2034 4403 2083 4447 et
2113 4409 2384 4446 commune
2415 4403 2768 4458 conservetur,
2791 4404 2841 4446 et
2864 4394 3140 4461 praprium
3167 4408 3272 4443 non
3298 4392 3528 4459 confun—

249 4468 508 4537 ἁμικτον
542 4470 658 4536 τὴν
685 4471 756 4524 ἐν
787 4471 912 4538 τοῖς
953 4471 1273 4542 ίδιώμασιν
1313 4475 1513 4528 αὐτῶν
1549 4476 1843 4547 διαφορὰν

1950 4488 2130 4540 datur.
2171 4487 2296 4538 Haec
2343 4483 2642 4554 Gregorius
2698 4485 2788 4539 hic
2841 4485 2896 4538 in
2946 4483 3268 4554 theologicis
3316 4498 3379 4537 ac
3428 4485 3532 4537 doc

249 4560 544 4628 ἐξευρεῖν,
571 4563 650 4628 ὡς
681 4563 758 4615 ἂν
791 4564 887 4618 καὶ
919 4564 984 4617 τὸ
1027 4567 1234 4619 κοινὸν
1257 4570 1621 4636 φυλαχθείη,
1648 4568 1747 4624 καὶ
1776 4570 1842 4623 τὸ

252 4656 412 4708 lator
466 4654 551 4722 μὴ
597 4659 955 4726 συγχυθειή.
1018 4659 1206 4713 Ταῦτα
1268 4661 1570 4732 Γρηγόριος
1611 4654 1769 4725 οὗτος
1817 4664 1845 4716 δ

253 4745 424 4807 πολὺς
473 4748 532 4797 ἐν
583 4745 834 4818 θεολογίᾳ
871 4749 966 4800 καὶ
1007 4748 1245 4819 δόγμασι
1319 4751 1704 4821 διαλαμϐάνων
1751 4753 1845 4806 καὶ

254 4837 547 4900 συντιθεὶς,
597 4838 658 4890 τὸ
713 4840 952 4892 ἀναίτιόν
1013 4856 1073 4892 τε
1133 4843 1227 4892 καὶ
1277 4842 1339 4894 τδ
1385 4842 1444 4907 ἐξ
1485 4843 1662 4906 αἰτίας
1692 4821 1842 4914 ἐν’τῇ

253 4929 524 5000 θεαρχικῇ
549 4930 738 5000 Τριάδι
765 4931 1027 4999 διαφορὰν
1053 4933 1223 5001 μόνην
1250 4931 1456 4991 δίδωσι.
1498 4934 1557 4985 τὺ
1623 4935 1721 5004 μὲν
1762 4937 1843 4988 αἱ·

251 5021 375 5084 τίας
405 5022 576 5091 χωρὶς
610 5023 934 5092 προσνέμων
958 5025 1035 5093 τῷ
1077 5027 1273 5094 Πατρὶ,
1305 5024 1382 5095 τῷ
1404 5026 1447 5078 δ’
1481 5027 1540 5091 ἐξ
1566 5031 1744 5092 αἰτίας
1768 5029 1846 5099 τῷ

254 5113 372 5184 Υίῷ
411 5115 506 5166 καὶ
528 5115 606 5184 τῷ
639 5114 938 5182 [ινεύματι.
993 5117 1164 5171 Πάλιν
1189 5117 1244 5169 δὲ
1275 5119 1369 5169 καὶ
1407 5118 1617 5181 τούτοις
1650 5120 1724 5183 ὼς
1777 5121 1844 5173 ἂν

255 5207 490 5274 ἄμικτον
542 5205 770 5274 παρέξει
816 5207 1100 5278 διαφορὰν,
1126 5207 1422 5261 κάντεῦθεν
1447 5209 1508 5261 τὸ
1556 5211 1842 5280 Τριαδικὺν

253 5300 558 5368 φυλαχθείη
592 5297 700 5350 τῶν
730 5300 1084 5352 ύποστάσεων
1126 5303 1205 5361 εἰς
1255 5300 1352 5353 δύο
1383 5302 1607 5371 διαιρῶν
1660 5302 1722 5354 τὸ
1785 5301 1844 5366 ἐξ

253 5392 433 5452 αἰτίας
490 5391 837 5461 θεοπρεπῶς,
903 5391 1044 5443 οὕτω
1116 5391 1410 5461 φθέγγεται
1436 5394 1533 5464 τὴν
1579 5395 1844 5464 διαφορὰν

251 5483 622 5552 ἐξηγούμενος
653 5501 666 5515 ·
715 5485 768 5535 Ὀ
805 5483 913 5551 γὰρ
938 5485 1278 5553 μονογενὴς
1319 5485 1448 5550 Υἱὸς
1477 5488 1547 5539 ὲκ
1594 5487 1700 5540 τοῦ
1726 5491 1844 5540 Πα-

253 5576 390 5641 τρός
438 5577 598 5642 παρὰ
627 5575 728 5642 τῆς
784 5577 958 5644 ἁγίας
1000 5576 1248 5644 Γραφῆς
1314 5578 1683 5645 ὀνομάζεται,
1747 5581 1844 5632 καὶ

244 5672 421 5734 μέχρι
445 5668 660 5721 τούτου
699 5671 732 5720 ό
770 5671 950 5736 λόγος
981 5669 1230 5732 ἵστησιν
1285 5669 1444 5734 αὐτῷ
1496 5671 1564 5724 τὸ
1613 5672 1841 5740 ἰδίωμα.

254 5758 332 5812 Te
365 5759 434 5810 δὲ
456 5757 630 5828 ἅγιον
670 5761 909 5827 Πνεῦμα
945 5761 1039 5812 καὶ
1077 5762 1145 5812 ἐκ
1181 5761 1284 5813 τοῦ
1320 5765 1548 5829 Harpr
1581 5764 1838 5832 λέγεται,

250 5851 344 5904 καὶ
377 5851 445 5904 ea
488 5850 591 5907 τοῦ
633 5852 765 5906 Υἱοῦ
803 5849 955 5906 εἶναι
983 5854 1541 5919 προσμαρτιιρεῖται.
1609 5860 1669 5909 ’l'i
1719 5863 1835 5912 τού-

1947 4585 2128 4648 gmate
2157 4577 2517 4647 conspicuus,
2554 4585 2820 4641 tractans,
2863 4585 2918 4631 et
2943 4591 3285 4645 componens
3320 4575 3530 4644 absque

1946 4682 2114 4722 causa
2151 4682 2296 4731 esse,
2327 4678 2380 4722 et
2411 4682 2474 4720 cx
2509 4682 2678 4722 causa
2703 4681 2828 4721 esse
2862 4666 2915 4720 in
2940 4665 3249 4720 divinitatis
3283 4667 3529 4734 principe

1947 4761 2145 4815 Triade
2209 4760 2578 4814 differentiam
2632 4761 2803 4814 solam
2859 4760 3130 4827 agnoscit,
3188 4759 3320 4812 illud
3380 4759 3527 4826 quod

1947 4855 2158 4923 absque
2192 4868 2359 4908 causa
2411 4863 2496 4908 est
2541 4853 2688 4908 Patri
2720 4852 3054 4915 attribuens,
3082 4850 3230 4921 quod
3261 4867 3327 4906 ex
3362 4865 3526 4906 causa

1946 4955 2053 5008 est,
2089 4946 2228 4999 Filio
2255 4954 2311 4997 et
2346 4944 2600 5012 Spiritui.
2642 4943 2970 5010 Rursusque
3007 4943 3092 4996 liis
3121 4943 3435 5010 postremis,
3472 4953 3530 4995 ut

1948 5034 2289 5091 inconiusam
2320 5033 2681 5090 differentiam
2727 5036 3002 5096 exhibeat,
3049 5043 3102 5087 et
3133 5033 3257 5088 inde
3287 5033 3529 5088 Trinitas

1949 5130 2316 5202 hypostaseou
2365 5139 2743 5189 conservetur,
2790 5127 2922 5180 illud
2957 5126 3104 5195 quod
3133 5143 3199 5180 ex
3226 5141 3389 5180 causa
3421 5135 3526 5190 est,

1948 5232 2007 5274 ut
2051 5232 2231 5275 tamen
2281 5220 2394 5274 Deo
2429 5221 2707 5284 convenit,
2756 5221 3136 5283 subdividens,
3170 5227 3223 5272 et
3271 5219 3528 5273 ditisrcn-

1950 5316 2080 5368 tiam
2139 5329 2442 5382 exponens,
2504 5314 2579 5367 ita
2627 5314 2990 5381 pronuntiat:
3024 5311 3334 5381 Unigenitus
3386 5314 3527 5364 enim

1956 5403 2126 5457 Filius
2177 5419 2239 5457 ea:
2269 5403 2433 5458 Putre
2481 5421 2512 5456 a
2542 5405 2722 5456 divina
2758 5403 3040 5471 Scriptura
3076 5404 3271 5455 dicitur
3309 5413 3358 5457 et
3391 5404 3525 5456 hanc

1948 5498 2322 5566 proprietatem
2358 5498 2531 5548 oratio
2563 5513 2662 5548 non
2709 5497 2931 5550 excedit.
2985 5495 3216 5561 Spiritus
3246 5512 3362 5549 vero
3395 5513 3528 5548 san-

1949 5600 2065 5643 ctus
2121 5602 2166 5644 et
2202 5605 2268 5643 ea:
2299 5587 2464 5643 Patre
2489 5589 2708 5652 dicitur,
2737 5597 2788 5642 et
2819 5604 2882 5641 ex
2917 5588 3051 5642 Filio
3098 5605 3210 5642 esse
3239 5589 3522 5641 astruitur.

1947 5682 2088 5746 Quid
2117 5681 2323 5737 clarius
2361 5680 2468 5735 dici
2497 5683 2676 5750 potuit
2730 5681 2802 5734 iis
2836 5681 2927 5748 qui
2976 5691 3156 5734 mente
3214 5695 3322 5733 non
3357 5681 3524 5733 \acil—

1951 5773 2102 5826 iant?
2147 5773 2288 5838 Quid
2330 5787 2514 5843 miluos
2547 5789 2666 5827 sese
2708 5774 2965 5825 exhibere
3014 5788 3119 5824 non
3172 5772 3526 5825 renuentibus

1947 5866 2220 5922 alicuius?
2245 5865 2585 5937 Unigenilus.
2608 5865 2701 5918 ait.
2731 5863 2895 5917 I'ilius
2922 5878 2981 5916 ex
3007 5863 3121 5914 >0|0
3148 5861 3524 5916 l'.nredtcitur
