4206 6452
692 396 826 461 1207

1705 404 2220 468 CONSTANTINI
2263 410 2815 472 MELITENIOT/E

3798 416 3936 482 1208

690 527 719 564 a
761 510 1045 577 Scriptura
1078 511 1282 575 divina,
1315 514 1419 567 hoc
1463 515 1606 569 enim
1636 518 1816 586 palam
1865 519 2047 575 innuit
2071 521 2203 577 illud
2238 543 2252 578 :
2287 531 2335 590 Α

2287 531 2335 590 Α
2363 543 2471 580 των
2495 527 2824 598 σαφέστερον
2855 530 2966 590 τοτς
2993 525 3152 598 ὀρθὸν
3194 527 3419 600 φάρουσι
3446 531 3539 584 τὸν
3591 531 3823 597 σκοπόνς
3871 532 3937 584 Τί

695 600 765 653 Et
797 602 930 654 lianc
976 603 1347 670 proprietatem
1394 605 1570 659 oratio
1611 623 1711 660 non
1757 609 1980 670 excedit.
2026 607 2258 678 Spiritus

691 707 808 744 vero
855 701 1070 746 sanctus
1112 701 1162 744 et
1209 708 1273 745 ea:
1324 692 1483 748 Patre
1519 694 1729 758 dicitur,
1778 709 1827 752 et
1868 715 1932 753 ex
1969 699 2105 754 Filio
2152 719 2262 756 esse

694 784 982 847 astruitur,
1034 785 1135 836 hoc
1167 785 1461 840 discrimen
1496 788 1637 841 inter
1668 804 1726 843 se
1767 801 1820 845 et
1849 791 2042 847 Filium
2085 794 2263 864 possi-

693 876 852 939 dens,
891 875 1036 944 quod
1088 891 1153 930 ex
1189 870 1331 932 Filio
1363 893 1581 947 quoque
1625 882 1865 938 exsistit.
1915 883 1981 938 Et
2020 884 2135 940 haec
2183 895 2267 940 est

695 965 971 1018 sententia
1009 965 1240 1034 hujusce
1289 978 1470 1024 mente
1511 970 1694 1026 divina
1725 974 1935 1043 praediti
1970 975 2168 1030 Patris.
2201 975 2268 1030 Et

697 1065 756 1109 ut
786 1057 989 1110 clarius
1025 1057 1398 1127 innzgentibus
1453 1062 1741 1131 explicem,
1786 1066 1830 1120 si
1877 1066 1956 1120 uti
1999 1067 2170 1123 Filius
2200 1084 2265 1122 ex

697 1153 815 1204 solo
846 1149 1006 1208 Patre
1049 1153 1120 1203 ita
1153 1162 1205 1206 et
1237 1152 1476 1221 Spiritus
1523 1165 1747 1211 sanctus
1775 1166 1940 1223 esset,
1986 1160 2073 1214 hic
2101 1161 2266 1214 etiam

696 1250 844 1296 esset
906 1245 1122 1310 genizus
1177 1245 1254 1296 uti
1319 1245 1515 1308 Filius,
1561 1261 1671 1301 non
1735 1248 1972 1316 Spiritus
2021 1261 2265 1307 sanctus.

696 1330 858 1387 Nunc
890 1348 1019 1388 vero
1054 1349 1161 1387 non
1209 1335 1356 1389 aliud
1393 1337 1534 1391 inter
1579 1337 1681 1392 hos
1727 1341 1919 1395 ambos
1949 1340 2266 1409 discrimen,

700 1425 797 1480 sed
824 1426 931 1481 hoc
961 1428 1310 1484 solummodo
1342 1431 1705 1499 dignoscitur,
1742 1448 1851 1503 quo
1881 1434 2059 1489 modis
2089 1436 2268 1490 omni-

702 1515 808 1569 bus
857 1515 945 1570 hic
984 1520 1289 1586 appellatur
1319 1528 1373 1574 et
1405 1529 1489 1573 est
1523 1520 1718 1586 Filius,
1754 1522 1843 1576 ille
1877 1539 2006 1578 vero
2049 1525 2271 1594 proprie

702 1605 943 1675 Spiritus
973 1615 1194 1665 sanctus
1219 1623 1448 1666 vocatur
1475 1622 1527 1668 et
1558 1624 1676 1678 est;
1705 1615 1849 1683 quod
1887 1615 2262 1671 exsistentiam

703 1698 876 1756 Filius
922 1701 1140 1769 quidem
1198 1705 1441 1772 possidet
1492 1721 1554 1760 ex
1613 1708 1731 1762 solo
1777 1707 1956 1775 Patre,
2010 1725 2075 1764 ex
2113 1707 2274 1765 Patre

703 1805 834 1845 vero
864 1792 1024 1847 simul
1057 1803 1112 1848 et
1148 1794 1289 1848 Filio
1317 1796 1556 1864 Spiritus
1583 1807 1828 1852 sanctus.

703 1905 828 1948 ται,

2362 618 2419 671 δὲ
2443 620 2554 683 τοῖς
2586 619 2865 673 ἐθέλουσιν
2884 619 3250 690 εὐγνωμονεῖν
3274 622 3656 693 ὲκδηλότερον;
3696 623 3755 675 'O
3783 639 3940 692 μονο-

2362 710 2544 780 γενὴς,
2575 713 2759 779 φησιν,
2790 711 2919 773 Υίδς
2944 713 3006 764 ὲκ
3042 714 3204 782 μόνου
3235 714 3330 766 τοῦ
3359 716 3577 784 Πατρδς
3599 716 3935 785 ὀνομάζεται

2367 801 2516 871 παρά
2540 800 2640 870 τῆς
2668 801 2828 869 ἁγίας
2854 801 3096 872 Γραφῆς.
3140 802 3313 855 Τοῦτο
3371 803 3466 858 καὶ
3531 804 3640 874 γὰρ
3680 801 3942 872 σημαίνει

2365 893 2573 964 τρανῶς
2613 893 2673 946 τό
2712 907 2727 922 ⁸
2755 893 2864 946 Καὶ
2889 893 3066 962 μέχρι
3091 895 3305 949 τούτου
3353 898 3387 949 ὁ
3439 896 3623 964 ,λόγος
3692 895 3944 963 ιστησιν

2366 982 2525 1048 αὐτῷ
2551 984 2619 1037 τὸ
2660 983 2887 1052 ίδίωμα.
2923 986 2994 1039 Τὸ
3031 985 3099 1038 δὲ
3125 985 3294 1054 ἅγιον
3319 989 3562 1055 Πνεῦμα
3589 987 3688 1040 καί
3714 988 3783 1040 ἐκ
3832 989 3944 1042 τοῦ

2369 1077 2604 1143 Πατρὸο
2635 1075 2894 1144 λέγεται,
2925 1075 3027 1130 καὶ
3059 1077 3128 1131 ἐκ
3160 1077 3267 1132 τοῦ
3287 1080 3420 1132 Ποῦ
3447 1076 3603 1133 εἶναι
3637 1094 3947 1148 προσμαρο

2367 1167 2648 1236 τυρεῖται,
2672 1166 2876 1237 ταύτην
2899 1167 3163 1237 διαφορὰν
3198 1169 3318 1240 ἔχον
3354 1169 3489 1240 πρὸς
3540 1170 3633 1222 τὸν
3656 1171 3809 1234 Υίδν,
3863 1171 3947 1223 ὅτι

2369 1261 2476 1314 κάκ
2503 1260 2597 1312 τοῦ
2651 1259 2785 1313 Υίοῦ
2813 1260 2971 1313 τοῦτο
3023 1261 3404 1331 καθέστηκενρ
3434 1259 3604 1327 Οὗτος
3630 1266 3658 1317 6
3699 1262 3793 1316 τοῦ
3832 1261 3951 1315 θεό-

2371 1369 2567 1423 φρονος
2596 1352 2788 1406 τούτου
2820 1353 3064 1421 πέφυκεν
3108 1346 3210 1407 ὧδε
3243 1355 3387 1418 νοῦς.
3412 1355 3530 1409 Ἵνα
3557 1356 3615 1408 δὲ
3638 1357 3790 1408 τόνδε
3827 1355 3951 1424 βέλ-

2368 1461 2481 1497 τιον
2535 1445 2872 1513 παραστήσω
2921 1448 3032 1508 τοῖς
3087 1444 3401 1516 χρῄζουσιν,
3463 1449 3620 1519 είπερ
3673 1449 3816 1501 κατᾶ
3857 1447 3952 1500 τδν

2370 1533 2500 1586 Υξδν
2522 1535 2584 1587 ὲκ
2611 1535 2770 1604 μόνου
2795 1535 2890 1588 τοῦ
2915 1537 3126 1607 Πατρδς
3157 1538 3249 1589 καὶ
3271 1538 3332 1589 τὸ
3357 1539 3577 1608 Πνεῦμα
3604 1539 3663 1592 τὸ
3687 1539 3844 1604 ἅγιον
3860 1535 3952 1605 ἦν,

2369 1620 2437 1694 ἦν
2465 1625 2528 1677 ἂν
2557 1626 2649 1678 καὶ
2672 1626 2828 1679 τοῦτο
2859 1629 3117 1695 γεννητὸς
3136 1629 3257 1683 κατ’
3283 1631 3488 1682 ἐκεῖνον
3509 1630 3656 1695 Υἱὸς,
3684 1631 3744 1682 οὑ
3783 1628 3956 1681 Πνεῦ-

2377 1717 2453 1782 μά
2492 1731 2553 1782 γε
2610 1716 2716 1784 μὴν
2759 1717 2935 1793 ἆγιον.
2973 1719 3088 1772 Νῦν
3115 1720 3158 1772 δ’
3201 1721 3301 1774 οὑκ
3347 1723 3480 1793 ἄλλη
3528 1740 3611 1785 τις
3642 1720 3956 1790 ἀναμεταξῦ

2375 1803 2585 1856 τούτοιν
2628 1807 2850 1874 ἀμφοῖν,
2882 1807 3022 1879 αὕτη
3055 1810 3110 1862 δὲ
3141 1811 3374 1881 διαφορὰ
3403 1816 3496 1866 καὶ
3523 1814 3660 1882 μόνη
3691 1811 3960 1877 γινώσκε-

912 1887 1036 1940 καθ’
1081 1891 1146 1960 ἢν
1191 1891 1409 1955 πάντως
1455 1895 1482 1944 6
1517 1895 1616 1962 μὲν
1676 1896 2141 1966 προσαγορεύεται
2180 1897 2275 1949 καὶ
2320 1898 2465 1953 ἔστιν
2500 1900 2649 1967 Υίδς,
2671 1903 2733 1955 1:6
2792 1903 2848 1956 δὲ
2871 1905 3073 1974 κυρίως
3096 1906 3249 1974 ἆγιον
3310 1907 3533 1974 Πνεῦμα
3569 1908 3834 1968 καλεῖται,
3863 1905 3962 1956 καὶ

709 1981 967 2048 πέφηνεν.
1025 1979 1104 2044 οἷς
1150 1983 1247 2054 τὴν
1303 1985 1536 2056 ὕπαρξιν
1581 1990 1608 2039 6
1655 1989 1752 2057 μὲν
1811 1989 1938 2053 Υἱὸς
1993 1990 2056 2043 ὲκ
2111 1990 2273 2059 μόνου
2314 1993 2579 2064 κέκτηται
2646 1997 2740 2050 τοῦ
2773 1999 3002 2068 Πατρὸς,
3061 2001 3126 2052 ὲκ
3192 1999 3249 2052 δὲ
3287 1999 3380 2053 τοῦ
3412 2001 3623 2071 Πατρὺς
3679 2001 3797 2068 ἅμα
3851 1997 3964 2048 κάκ

707 2076 803 2130 τοῦ
833 2077 962 2130 Υίοῦ
997 2080 1058 2131 τὸ
1082 2081 1304 2152 Πνεῦμα
1327 2084 1388 2135 τὸ
1420 2083 1594 2151 ἅγιον.

781 2180 872 2235 27.
917 2181 1022 2237 Sed
1065 2200 1169 2238 non
1207 2185 1524 2254 praetigitur,
1561 2185 1818 2255 inquiunt
1845 2186 1937 2256 qui
1972 2186 2274 2256 oppositam
2311 2187 2358 2247 Β

2311 2187 2358 2247 Β
2456 2185 2558 2250 κζ’.
2602 2187 2743 2238 Ἀλλ’
2796 2186 2855 2239 οὑ
2893 2188 3088 2245 κεῖται,
3129 2186 3290 2254 φασὶν
3332 2188 3382 2239 οἱ
3441 2186 3536 2256 τῆς
3576 2186 3961 2255 ἀντικειμένης

711 2283 922 2342 partem
971 2283 1297 2344 sequuntur,
1349 2276 1400 2328 in
1461 2277 1743 2330 nonnullis
1789 2277 2165 2332 voluminibus
2214 2290 2279 2327 ex

714 2366 1034 2433 prmpositio
1087 2367 1247 2430 Filio,
1302 2377 1698 2436 proptereaque
1742 2366 2106 2422 differentiam
2158 2366 2282 2421 Filii

713 2467 780 2513 eL
803 2457 1042 2526 Spiritus
1094 2460 1265 2513 sancti
1317 2474 1436 2514 eam
1490 2459 1694 2514 dixisse
1741 2459 1979 2514 fatemur
2027 2460 2284 2514 divinilo-

715 2565 883 2618 quum
917 2549 1262 2618 Gregorium,
1297 2548 1441 2619 quod
1479 2548 1805 2620 Unigenitus
1850 2566 1912 2604 ex
1949 2549 2106 2604 Patre
2137 2548 2287 2603 οκδὶο

718 2651 869 2696 stens
911 2656 1019 2695 non
1067 2650 1151 2694 est
1184 2649 1277 2693 aut
1313 2640 1424 2694 ullo
1471 2642 1638 2695 modo
1695 2641 1894 2695 dicitur
1941 2640 2195 2709 Spiritus,
2228 2650 2286 2693 ut

721 2735 808 2788 hic
841 2734 957 2802 ipse
992 2733 1214 2802 Sapiens
1256 2732 1515 2802 magister
1542 2734 1870 2802 procedente
1917 2734 2165 2789 oratione
2201 2748 2288 2787 so-

725 2841 855 2880 nora
893 2841 1025 2880 voce
1059 2825 1281 2880 instruit
1304 2835 1358 2879 et
1393 2826 1659 2880 enuntiat.
1708 2827 1942 2896 Spiritus
1974 2841 2101 2881 vero
2129 2841 2288 2880 sanc-

726 2929 816 2972 tus
861 2927 914 2970 et
961 2917 1076 2986 ipse
1130 2916 1400 2971 exsistens
1449 2931 1515 2972 ex
1560 2917 1720 2972 Patre
1773 2918 2037 2973 astruitur
2075 2931 2294 2985 quoque

727 3008 847 3062 Filii
895 3023 1016 3062 esse
1065 3008 1367 3063 secundum
1419 3009 1759 3063 consortium
1815 3018 1867 3063 et
1921 3009 2292 3065 testimonium

733 3102 877 3170 quod
913 3101 1089 3166 aiiert,
1139 3109 1191 3156 et
1238 3101 1585 3155 continenter
1639 3103 1766 3157 huic
1799 3103 1943 3157 dicto
1983 3102 2294 3173 apponitur,

729 3196 1012 3247 sententiae
1058 3194 1424 3262 adaptamus.
1484 3195 1704 3263 quando
1759 3196 1872 3264 ipse
1932 3197 2035 3250 hac
2085 3197 2298 3248 ratione

732 3287 1153 3341 subintulitzb'i
1201 3288 1316 3355 quis
1389 3289 1527 3340 enim
1601 3285 1857 3354 Spiritum
1919 3285 2118 3340 Christi
2197 3299 2298 3336 non

733 3376 906 3444 habet,
942 3380 1134 3446 inquit,
1167 3379 1247 3431 hic
1279 3396 1379 3431 non
1411 3389 1486 3432 est
1515 3380 1648 3447 ejus.
1684 3399 1702 3430 ι
1739 3377 1947 3432 Pariter
1988 3378 2300 3432 insistentes

735 3473 852 3526 suis
915 3453 1302 3535 i'olurninibus,
1360 3471 1452 3539 qui
1515 3469 1926 3524 contradicendi
1982 3468 2161 3523 studio
2212 3482 2302 3537 ge-

2383 2273 2514 2342 ήμϊν
2551 2275 2789 2343 μερίδος,
2821 2274 2876 2328 ἐν
2915 2293 3023 2328 τισι
3053 2276 3254 2345 βίϐλοις
3281 2278 3314 2345 ἡ
3344 2277 3410 2329 ἐκ
3447 2276 3701 2346 πρόθεσις
3748 2277 3841 2328 ἐπὶ
3871 2274 3968 2328 τοῦ

2385 2364 2538 2429 Υίοῦ,
2576 2366 2665 2421 διὰ
2714 2367 2873 2421 τοῦτο
2921 2369 3011 2421 καὶ
3078 2368 3346 2438 διαφορὰν
3393 2369 3484 2421 τοῦ
3535 2369 3665 2421 Υἱοῦ
3720 2372 3816 2420 καὶ
3866 2367 3962 2419 τοῦ

2385 2456 2700 2524 Πνεύματος
2725 2459 2927 2529 ταύτην
2956 2459 3187 2528 λέγομεν
3208 2462 3384 2512 εἰπεῖν
3409 2460 3500 2510 τὸν
3520 2459 3780 2528 θεηγόρον
3811 2459 3957 2528 Γρη-

2385 2549 2587 2618 γόριον.
2637 2547 2723 2611 Ὠς
2765 2549 2792 2599 6
2823 2550 3006 2618 μέντοι
3073 2551 3386 2620 Μονογενὴς
3431 2550 3693 2618 ὑπάρχων
3753 2551 3818 2601 ὲκ
3874 2548 3971 2605 τοῦ

2386 2639 2602 2708 Πατρὸς
2652 2639 2752 2692 οὑκ
2808 2639 2993 2706 ἐστιν,
3049 2641 3168 2692 οὐδὲ
3224 2639 3443 2707 λέγεται
3503 2639 3682 2701 ποσῶς
3715 2640 3812 2692 καὶ
3873 2638 3971 2690 τοῦ

2393 2731 2728 2800 Πνεὺματος,
2771 2731 2953 2794 καθὼς
2986 2727 3141 2792 οὗτος
3174 2735 3199 2782 6
3238 2732 3398 2799 σοφὸς
3423 2731 3744 2794 δ.δασκαλος
3787 2748 3974 2800 παρα·

2393 2821 2594 2875 κατιὼν
2624 2822 2892 2892 διατράνῳ
2917 2824 3142 2892 στόματι
3175 2824 3526 2892 μυσταγωγεῖ
3567 2823 3661 2874 καὶ
3726 2821 3973 2886 διέξεισι.

2394 2917 2467 2968 T6
2492 2915 2547 2967 δὲ
2568 2916 2718 2982 ἅγιον
2745 2915 2965 2984 Πνεῦμα
2984 2916 3078 2968 καὶ
3100 2915 3229 2968 αὑτὸ
3253 2915 3515 2983 τυγχάνον
3539 2916 3601 2965 ὲκ
3617 2914 3708 2965 τοῦ
3736 2914 3975 2982 Πατρός,

2399 3009 2901 3077 προσμαρτυρείται
2960 3006 3092 3075 γοῦν
3160 3003 3301 3059 εἶναι
3356 3007 3448 3059 καὶ
3512 3005 3604 3058 τοῦ
3664 3005 3798 3057 Υίοῦ
3855 3005 3976 3055 κατ’

2398 3098 2670 3149 οἰκείωσιν
2708 3115 2723 3128 ·
2759 3097 2852 3148 καὶ
2888 3096 2985 3166 τὴν
3018 3096 3324 3166 μαρτυρίαν
3366 3095 3434 3164 ἦν
3468 3096 3745 3163 ἐπιφέρων
3794 3094 3980 3159 τίθησι

2403 3189 2640 3257 συνεχῶς
2700 3189 2873 3257 τούτῳ
2925 3187 3000 3256 τῷ
3035 3188 3182 3257 ῥητῷ
3237 3188 3381 3241 κατὰ
3402 3187 3493 3237 τὸν
3555 3185 3799 3236 τοιοῦτον
3851 3184 3981 3235 νοῦν

2404 3275 2874 3346 προσαρμόζομεν.
2915 3277 3237 3345 Ἐπειδήπερ
3265 3277 3426 3336 αὑτὸς
3449 3273 3622 3336 οὕτως
3647 3275 3979 3341 ἐπήνεγκεν·

2404 3370 2472 3423 El
2514 3368 2621 3435 γάρ
2683 3384 2772 3432 τις
2827 3367 3067 3435 Πνεῦμα
3123 3366 3381 3434 Χριστοῦ
3429 3369 3539 3419 οὐκ
3585 3366 3730 3431 ἔχει,
3791 3369 3978 3432 φησιν,

2405 3455 2584 3524 οὗτος
2635 3460 2746 3512 οὐκ
2802 3461 2975 3512 ἔστιν
3049 3460 3257 3513 αὑτοῦ.
3325 3459 3492 3512 Πάλιν
3574 3457 3984 3526 ἑπερειδόμενοι

736 3566 928 3625 stiunt,
973 3573 1134 3630 atque
1191 3562 1456 3614 continuo
1510 3560 1832 3622 incitantur,
1885 3559 1951 3611 ad
2008 3526 2374 3612 testimoniic

2331 3526 2374 3583 ο
2409 3555 2528 3612 ταῖς
2556 3552 2764 3604 ἑαυτῶν
2805 3552 3005 3621 piem;
3047 3555 3095 3604 οἱ
3130 3553 3258 3620 περὶ
3285 3551 3379 3619 τὴν
3429 3550 3750 3619 ἀντίρρησιν
3780 3552 3986 3614 ἐπτοη-

736 3654 1157 3720 expositionem,
1193 3654 1270 3706 uti
1307 3653 1372 3705 ad
1407 3654 1638 3705 validam
1673 3665 2036 3721 magnamque
2064 3651 2144 3703 sui
2174 3663 2304 3717 pro-

740 3745 901 3816 positi
951 3745 1328 3800 defensionem
1376 3745 1722 3813 confugiunt,
1773 3753 1826 3796 et
1882 3752 2069 3811 aperte
2125 3742 2306 3810 magni

743 3840 928 3892 Basilii
972 3837 1304 3907 expositioni
1337 3850 1497 3890 aures
1539 3837 1815 3905 sapienter
1846 3834 2070 3888 minime
2103 3831 2310 3902 patefa-

743 3933 896 3986 ciunt
939 3946 1100 4000 quam
1136 3929 1356 3984 divinus
1389 3929 1648 4001 Cyrillus,
1700 3937 1759 3982 ut
1809 3944 1916 3982 non
1973 3929 2144 3983 multo
2186 3938 2311 3982 ante

744 4021 1264 4081 detnonstravimus,
1319 4021 1385 4072 ab
1436 4035 1498 4073 ea
1543 4035 1654 4072 non
1705 4017 2042 4072 dissentiens
2091 4027 2313 4070 secutus

749 4124 852 4177 est,
885 4115 1132 4181 quinimo
1188 4112 1252 4163 ad
1298 4125 1454 4165 suam
1487 4110 1799 4178 opinionem
1829 4107 2208 4161 stabiliendum
2245 4120 2310 4158 ex

753 4207 992 4277 propriis
1023 4207 1317 4258 discrimen
1353 4203 1759 4272 excoigitarunt.
1795 4200 1867 4255 Ut
1894 4215 2022 4253 vero
2052 4212 2195 4252 nunc
2225 4213 2312 4251 re-

752 4300 1116 4370 spondeamus
1166 4297 1232 4350 ad
1279 4297 1455 4366 ipsum
1507 4294 1826 4358 discrimen,
1885 4292 1954 4346 de
2001 4290 2317 4345 testimonio

753 4393 1022 4460 siquidem
1059 4390 1272 4442 abunde
1299 4391 1432 4442 satis
1459 4387 1585 4449 illis,
1615 4386 1707 4454 qui
1749 4399 1867 4438 sese
1901 4392 2135 4437 attentos
2173 4398 2316 4451 pra:-

756 4485 909 4542 bent,
970 4497 1132 4549 supra
1194 4478 1597 4548 respondimus,
1659 4491 1820 4543 quam
1878 4473 1948 4526 ob
2004 4486 2226 4526 causam
2274 4469 2319 4524 si

763 4575 922 4632 beato
971 4571 1180 4626 doctori
1232 4573 1298 4623 de
1346 4571 1575 4624 relativo
1602 4567 1918 4621 discrimine
1965 4579 2145 4618 sermo
2180 4572 2318 4624 erat,

759 4665 907 4718 nullo
970 4666 1130 4716 modo
1185 4663 1346 4714 ullam
1402 4661 1774 4714 exsistentiam
1832 4664 2188 4718 connotante,
2245 4662 2305 4706 ut

762 4759 1058 4814 adversarii
1091 4760 1534 4826 interpretantur,
1581 4769 1689 4807 non
1723 4763 1775 4806 et
1807 4767 1837 4805 a
1865 4751 2022 4803 Patre
2056 4747 2319 4816 Spit-itum

765 4861 1016 4905 sanctum
1076 4849 1345 4902 exsistere
1399 4857 1554 4900 antea
1608 4847 1764 4908 dixit,
1813 4843 1942 4896 dum
1991 4853 2112 4893 cum
2168 4837 2326 4890 Patre

2413 3643 2563 3709 μένοι
2593 3642 2853 3711 διηνεκῶς
2887 3642 2977 3693 ἐπὶ
3003 3641 3101 3710 τὴν
3131 3640 3346 3693 ἔκθεσιν
3398 3639 3497 3706 τῆς
3550 3637 3858 3706 μαρτυρίας
3915 3635 3994 3694 ὡς

2410 3736 2490 3796 εἰς
2516 3734 2799 3802 ἀντίληψιν
2843 3733 3068 3804 ίσχυρέιν
3097 3733 3188 3784 καὶ
3237 3730 3478 3800 μεγάλην
3530 3730 3650 3780 τινα
3705 3725 3988 3793 καταφεύ-

2412 3842 2592 3892 γουσι,
2624 3828 2760 3894 μήτε
2790 3827 2855 3894 τῇ
2894 3825 3164 3893 προφανεῖ
3193 3823 3395 3891 ταύτης
3451 3824 3592 3873 κατὰ
3629 3820 3719 3869 τὸν
3789 3817 3990 3870 σεπτὸν

2414 3917 2694 3968 Βασίλεςον
2745 3916 3010 3985 ἑρμηνείᾳ
3043 3915 3220 3982 σοφῶς
3259 3914 3587 3982 ὑποσχόντες
3643 3912 3739 3972 τὰς
3801 3911 3990 3967 ἀκοὰς.

2415 4004 2555 4082 ᾗτινι
2584 4009 2676 4059 καὶ
2709 4009 2738 4058 6
2769 4006 2908 4070 θεῖος
2949 4005 3232 4077 Κύριλλος,
3258 4003 3443 4068 καθὼς
3499 4001 3734 4071 ἐγγύθεν
3778 4000 3996 4054 ἁπεδείο

2419 4100 2609 4167 ξαμεν,
2637 4096 2814 4159 καλῶς
2850 4098 3141 4166 στοιχήσας
3187 4095 3615 4164 ἐπηκολούθησε,
3657 4093 3753 4145 καὶ⁵
3810 4092 3996 4160 μέντοι

2420 4192 2554 4262 πρὸς
2582 4191 2838 4242 σύστασιν
2872 4189 2972 4256 τῆς
3021 4188 3178 4257 δόξης
3219 4187 3400 4240 αὑτῶν
3451 4186 3664 4238 οἴκοθεν
3722 4182 3998 4250 διαφορὰν

2418 4284 2789 4352 ὲννοήσαντες.
2835 4279 2921 4342 Ὠς
2953 4280 3019 4333 ἂν
3063 4279 3122 4330 δὲ
3179 4279 3274 4347 τὴν
3327 4277 3629 4345 ἀπάντησιν
3694 4275 3774 4335 είς
3831 4274 4000 4339 αὑτὴν

2420 4377 2626 4446 ἀρτίως
2681 4372 3038 4441 ποιησώμεθα
3096 4371 3194 4439 τὴν
3235 4370 3520 4437 διατορᾶν,
3581 4371 3710 4434 περὶ
3752 4368 3864 4433 γὰρ
3905 4367 4002 4432 τῆς

2431 4465 2736 4535 μαρτυρίας
2769 4463 2969 4524 ἱκανῶς
2993 4463 3105 4523 τοῖς
3142 4461 3472 4529 προσέχουσι
3502 4459 3631 4527 πρὶν
3672 4457 4005 4522 ἀπολελογή-

2427 4557 2585 4626 μεθα,
2618 4557 2760 4616 τίνος
2784 4555 2991 4613 ἕνεκεν,
3018 4555 3065 4604 εἰ
3100 4553 3191 4603 καὶ
3227 4556 3353 4620 περί
3383 4549 3638 4620 σγετικῆς
3670 4549 3697 4599 6
3745 4549 3905 4615 λόγος
3938 4565 4006 4614 ην

2425 4649 2502 4718 τῷ
2535 4649 2786 4715 μακαρίῳ
2814 4645 3096 4714 διαφορᾶς,
3118 4643 3312 4696 οὐκοῦν
3343 4639 3689 4694 οὑδοπωσοῦν
3735 4639 4008 4707 δηλςύσης

2428 4740 2660 4809 ὓπαρξιν
2690 4739 2830 4791 κατὰ
2885 4739 2984 4804 τὴν
3041 4737 3147 4788 τῶν
3197 4733 3532 4789 ὑπεναντίων
3592 4733 3889 4800 ὑφήγησιν,
3937 4733 4010 4798 μὴ

2430 4835 2521 4885 καὶ
2559 4830 2652 4883 τοῦ
2686 4829 2894 4897 Πατρὸς
2933 4829 2994 4881 τὸ
3045 4826 3268 4895 Πνεῦμα
3316 4827 3375 4878 τὸ
3415 4828 3570 4891 ᾰγιον
3611 4825 3880 4891 ὑπάρχειν
3933 4823 4011 4873 εί-

768 4943 964 4996 Filiutn
1002 4950 1056 4995 ct
1097 4940 1358 5010 Spiritum
1406 4947 1655 4994 sanctum
1683 4933 2092 4992 considerabat,
2126 4930 2217 4982 sed
2263 4942 2327 4981 ex
2365 4895 2406 4948 θ

2365 4895 2406 4948 D
2435 4941 2570 4994 ρηκε
2630 4895 2938 4990 προλαθὼν,
2961 4920 3047 4970 ὅτε
3075 4919 3214 4988 μετὰ
3248 4917 3343 4970 τοῦ
3380 4916 3594 4986 Πατρδς
3656 4916 3886 4966 ἐσκόπει
3920 4915 4011 4965 τὸν

769 5037 926 5090 i‘atrc
979 5035 1127 5089 illum
1175 5048 1297 5087 esse
1354 5030 1517 5096 dixit,
1567 5030 1711 5099 quod
1768 5040 1993 5096 prorsus
2035 5021 2329 5076 discrimen

770 5129 1146 5185 euistentiam
1176 5127 1456 5193 importat.
1496 5122 1680 5189 Neque
1707 5120 1851 5173 enim
1878 5114 2174 5184 quispiam,
2210 5113 2334 5164 licet

772 5222 997 5275 audacia
1036 5231 1207 5285 eaque
1259 5215 1500 5284 proiecta
1560 5214 1816 5273 emineat,
1848 5204 2069 5268 dixerit,
2111 5217 2235 5256 eum
2280 5210 2336 5254 et

777 5315 934 5367 Pater
967 5314 1037 5366 sit
1079 5311 1401 5374 dicaturque
1453 5304 1708 5372 Spiritus,
1745 5300 1879 5354 sitis
1932 5296 2100 5349 fuisse
2139 5307 2335 5360 magno

778 5403 1240 5474 comprehendere
1292 5399 1362 5452 ibi
1407 5397 1581 5451 solum
1633 5388 1968 5447 exsistentizn
2016 5385 2336 5444 discrimen,

777 5498 924 5567 quod
965 5497 1197 5549 fortasse
1233 5506 1338 5544 non
1371 5490 1540 5560 probe
1573 5486 1838 5548 dicerent,
1867 5482 1959 5547 qui
1997 5480 2050 5532 in
2081 5476 2338 5531 omnibus

781 5592 940 5645 nobis
966 5586 1349 5642 contradicere
1385 5583 1623 5649 denique
1651 5578 1863 5632 animos
1899 5573 2207 5626 intendunt.
2242 5568 2340 5621 Hic

781 5698 911 5735 vero
948 5680 1094 5749 quod
1130 5679 1336 5731 nullum
1373 5673 1594 5727 haberet
1630 5668 1927 5724 secundum
1964 5659 2339 5719 exsistentiam

777 5770 1101 5831 discrimen,
1157 5767 1300 5836 quod
1361 5762 1658 5818 secundum
1719 5757 2035 5812 relationem
2091 5761 2196 5813 est,
2251 5764 2339 5803 as-

789 5863 1042 5924 sumpsit.
1077 5862 1170 5917 γει
1201 5863 1320 5916 hoc.
1383 5857 1541 5908 veluti
1576 5852 1755 5919 potius
1787 5858 1842 5905 et
1875 5847 2044 5908 magis
2117 5845 2347 5898 honora-

2434 5019 2560 5069 Υίδν
2594 5015 2687 5066 καὶ
2711 5012 2772 5063 τὸ
2801 5010 3026 5078 Πνεῦμα
3059 5013 3117 5062 τὸ
3163 5011 3338 5077 ἅγιον,
3399 5008 3517 5062 ἀλλ’
3580 5009 3645 5059 ἐκ
3661 5005 3756 5058 τοῦ
3801 5007 4014 5072 Πατρδς

2435 5108 2604 5176 ἔφησε
2629 5102 2786 5157 τοῦτο
2813 5101 3007 5165 τελεῖν,
3046 5103 3074 5153 ὃ
3109 5101 3322 5161 πάντως
3349 5100 3439 5153 καὶ
3487 5099 3722 5167 διαφορὰ
3754 5099 4017 5166 τυγχάνει

2439 5200 2559 5251 καθ’
2585 5198 2857 5268 ὑπαρξιν;
2898 5199 2970 5249 Οὑ
3013 5205 3122 5263 γὰρ
3161 5194 3224 5262 δὴ
3269 5191 3378 5244 τῶν
3423 5192 3565 5257 ἄγαν
3601 5189 3895 5257 τολμηρῶν
3931 5191 4021 5237 καὶ

2441 5289 2684 5359 θρασέων
2712 5289 2847 5358 φαίη
2878 5305 2961 5349 τις
2993 5285 3077 5346 ἂν,
3123 5286 3227 5345 ὅτι,
3254 5283 3374 5334 ἐπεὶ
3413 5283 3506 5334 καὶ
3551 5281 3580 5331 6
3608 5281 3797 5347 Πατὴρ
3825 5279 3941 5330 ἔστι
3965 5294 4020 5327 τε

2447 5382 2540 5434 καὶ
2573 5380 2818 5432 καλεῖται
2861 5377 2956 5429 τοῦ
3011 5377 3349 5443 Πνεύματος,
3399 5373 3556 5442 ἤρκει
3593 5364 3872 5422 διαλαϐεῖν
3935 5372 4022 5420 τιν

2450 5476 2622 5542 μέγαν
2644 5475 2754 5527 ἐκεί
2781 5472 2881 5538 τὴν
2906 5470 3028 5522 καθ’
3058 5465 3294 5537 ὓπαρξιν
3328 5467 3494 5534 μόνην
3528 5464 3814 5531 διαφορὰν,
3859 5462 3889 5514 ὃ
3950 5467 4020 5530 μὴ

2451 5566 2664 5625 πάντως
2700 5565 2905 5615 εἴποιεν
2937 5561 3000 5613 ἂν
3041 5561 3171 5620 ἴσως
3194 5561 3243 5609 οί
3289 5558 3346 5609 τὸ
3390 5557 3497 5608 πᾶν
3541 5554 3844 5617 ἀντιλέγειν
3891 5554 4022 5619 πρὸς

2454 5657 2601 5722 ἡμᾶς
2634 5653 2888 5720 καθάπαξ
2941 5649 3329 5711 σπουδάζοντες
3382 5645 3584 5706 καλῶς.
3645 5641 3913 5695 Ἐνταῦθα
3973 5641 4025 5690 δὲ

2451 5746 2539 5797 διὰ
2570 5750 2629 5795 τὸ
2660 5744 2735 5814 μὴ
2763 5743 2879 5795 καθ’
2912 5739 3146 5810 ὓπαρξιν
3197 5736 3460 5806 μηδαμῶς
3516 5735 3682 5804 ἒχτιν,
3745 5730 4021 5796 παρέλαει

2453 5840 2552 5900 τὴν
2586 5837 2724 5890 κατὰ
2748 5834 2931 5894 σχέσιν
2961 5833 3244 5888 διαφορὰν.
3281 5830 3311 5884 ἢ
3357 5830 3556 5884 ταύτην
3607 5827 3681 5880 ὡς
3741 5824 4024 5884 κρείττονα
