4206 6452
758 364 884 424 1211

1775 371 2194 431 CONSTANT]
2208 372 2290 432 NI
2331 375 2876 438 MELITENIOT/E

3857 385 3996 454 1912

753 475 1003 535 addecet,
1042 476 1127 528 lue
1162 475 1512 530 recitabimus
1541 495 1552 529 :
1586 487 1642 530 ut
1672 478 1829 546 c0pia
1859 481 2062 548 scripto
2095 481 2314 533 tradita-

2423 483 2661 554 θήσομεν
2689 525 2703 548 ,
2726 487 2802 544 ὡς
2822 486 2902 538 -ἂν
2927 485 2992 539 ἑκ
3023 486 3340 556 περιουσίας
3389 488 3496 542 τῶν
3532 492 3818 560 γραφικῶν
3864 494 3993 547 τοῦ·

751 579 870 618 rum
914 568 1301 619 auctoritatum
1346 566 1783 621 adwrsariorum
1826 585 1920 622 ora
1950 585 2179 640 prorsus
2213 585 2314 641 op-

750 655 1068 723 primamus.
1104 654 1323 711 Primus
1351 659 1530 726 Itaque
1564 658 1822 712 Ecclesiae
1846 659 2026 714 lumen
2049 659 2312 729 Joannes,

748 748 964 800 eminus
993 747 1287 815 splendens
1333 765 1395 800 ac
1425 752 1581 818 ignea
1621 766 1798 811 mens.
1840 751 2019 820 lingua
2067 753 2316 809 simulet

750 838 908 892 labiis
947 855 1169 903 aureus,
1220 850 1332 892 tum
1388 843 1634 894 oratione
1674 844 1739 894 de
1786 842 2162 897 lncaruationc
2205 845 2314 899 Do-

747 928 902 989 mini,
969 939 1023 984 et
1083 933 1132 982 in
1179 932 1307 983 illud
1346 949 1358 983 :
1393 931 1454 983 In
1505 933 1728 1001 singulis
1787 935 2084 1002 regionibus
2140 937 2314 1005 angeli

745 1020 1017 1083 astabant,
1076 1021 1156 1074 sic
1209 1022 1399 1074 s-riliit
1445 1040 1457 1074 :
1508 1024 1738 1076 Accessit
1783 1022 2025 1080 Christus
2077 1028 2146 1080 ad
2199 1046 2313 1083 nos.

745 1109 901 1162 Dedit
963 1112 1111 1164 nobis
1167 1113 1256 1180 qui
1311 1129 1375 1166 ea:
1427 1115 1538 1181 ipso
1606 1126 1716 1178 est,
1765 1115 2060 1184 Spiritum,
2117 1126 2166 1171 et
2227 1138 2318 1174 as-

741 1203 968 1267 sumpsit
1037 1212 1276 1254 nostrum
1364 1221 1606 1274 corpus;
1692 1216 1800 1260 tum
1883 1208 1938 1262 in
2014 1210 2121 1264 alio
2197 1226 2315 1265 ser-

746 1306 905 1363 mone
947 1294 1348 1371 prmceptorio,
1417 1301 1509 1363 qui
1570 1304 1622 1350 et
1683 1298 1856 1367 prima
1910 1301 2314 1369 propliylactica

741 1384 918 1435 oratio
948 1384 1263 1438 inscribitur
1300 1404 1314 1441 :
1356 1385 1422 1438 Et
1451 1388 1526 1439 sic
1559 1404 1650 1441 nos
1677 1399 1864 1450 servat,
1896 1391 1970 1444 ait
1999 1434 2014 1456 ,
2060 1390 2314 1460 Spiritus,

740 1474 831 1542 qui
857 1491 888 1525 a
910 1475 1114 1527 Christo
1138 1487 1232 1540 est,
1262 1479 1312 1527 in
1335 1479 1419 1529 die
1450 1479 1647 1544 futura
1673 1480 2071 1549 redemptionis.
2099 1482 2195 1536 lllo
2223 1500 2318 1539 eo-

739 1565 864 1618 dem
890 1574 1131 1635 tempore
1164 1567 1673 1634 perspicacissimus
1716 1571 2051 1639 Epiphanius
2070 1575 2318 1627 oratione

741 1656 1016 1724 Ancerto
1045 1656 1207 1713 dicta,
1252 1659 1426 1724 palam
1463 1669 1755 1729 aperteque
1787 1661 1999 1729 inquit:
2025 1665 2114 1714 Ait
2143 1664 2317 1731 itaque

741 1744 919 1797 beatus
953 1743 1135 1797 Petrus
1180 1737 1265 1808 iis,
1299 1749 1387 1815 qui
1443 1749 1582 1800 circa
1621 1749 1881 1802 Aminiam
1931 1761 2118 1805 erant:
2149 1771 2166 1803 ι
2205 1752 2315 1806 Cur

2416 591 2523 625 των
2551 573 2866 644 μαρτυριῶν
2891 575 3199 646 ὁλοκλήρως
3232 578 3300 631 τὰ
3354 580 3594 647 στόματα
3645 583 3753 634 τῶν
3793 584 3992 636 art-.8:-

2419 662 2658 715 κοὺντων
2690 665 3086 736 ὲμφράξωμεν.
3121 667 3326 721 Λύτίκα
3356 669 3486 736 γοῦν
3536 672 3564 721 6
3605 670 3706 740 τῆς
3765 673 3994 743 Ἐκκλη-

2419 753 2538 816 aia;
2569 755 2795 824 φωστὴρ
2839 755 3111 825 Ἰωάννης,
3136 757 3228 808 τὸν
3256 757 3499 826 τηλαυγῆ
3525 758 3667 824 λέγω
3705 761 3798 812 καὶ
3828 761 3991 829 πύρι-

2416 862 2502 896 νον
2525 844 2669 909 νοῦν,
2695 846 2786 897 τὸν
2811 846 2910 916 τὴν
2944 847 3188 914 γλῶτταν
3213 847 3348 916 ὁμοῦ
3382 849 3476 901 καὶ
3521 850 3588 901 τὰ
3639 851 3792 918 χείλη
3856 867 3992 919 χρυ·

2418 933 2563 998 σοῦν,
2591 936 2648 988 ὲν
2678 937 2775 1004 μὲν
2801 936 2877 1004 τῷ
2907 937 3071 1006 λόγῳ,
3102 939 3178 1005 τῷ
3207 940 3284 999 είς
3313 938 3411 1006 τὴν
3429 939 3875 1009 Ἐνανθρώπησιν
3899 940 3992 992 τοῦ

2417 1025 2642 1093 Κυρίου,
2663 1026 2755 1077 καὶ
2780 1026 2860 1087 εἰς
2883 1027 2963 1090 τὸ,
3011 1029 3262 1096 Κλίματι
3285 1027 3520 1093 ἑκάστῳ
3561 1029 3800 1098 ἄγγελοι
3829 1029 3992 1097 εει-εις

2416 1115 2767 1182 στήκεσαν,
2819 1117 2990 1179 οὕτως
3048 1119 3312 1188 εἴρηκενο
3361 1115 3590 1174 *Ηλθεν
3642 1123 3676 1173 d
3739 1122 3992 1186 Χριστὸς

2417 1205 2566 1272 πρὸς
2623 1207 2802 1277 ἡμᾶς,
2842 1208 3064 1261 ἔδωκεν
3095 1210 3240 1277 ἡμῖν
3287 1210 3352 1263 τὸ
3386 1211 3456 1275 ἐξ
3479 1211 3664 1264 αὐτοῦ
3723 1211 3988 1280 Πνεῦμα,

2417 1295 2514 1346 καὶ
2579 1297 2906 1349 ἀνελάϐετο
2961 1298 3025 1350 τὸ
3089 1299 3380 1368 ἡμέτερον
3437 1302 3628 1368 σῶμα.
3685 1302 3820 1354 Καθ’
3875 1302 3992 1352 ἓτε-

2422 1401 2510 1453 ρον
2541 1384 2595 1435 δέ
2626 1401 2687 1451 γε
2717 1385 2822 1438 τῶν
2849 1388 3012 1440 αὑτοῦ
3045 1388 3219 1456 λόγων
3245 1391 3352 1441 τῶν
3367 1390 3781 1454 διδασκαλικῶν,
3801 1391 3858 1452 ὃς
3894 1391 4019 1462 καὶ,

2417 1474 2562 1528 οὕτω
2595 1492 2711 1539 πως
2761 1477 2976 1546 πρῶτος
3032 1479 3479 1546 προφυλακτικδς
3531 1481 3986 1548 ἐπιγέγραπται·

2423 1567 2529 1620 Kal
2579 1568 2766 1632 οὕτως
2805 1567 2963 1634 ἡμᾶς
2996 1570 3280 1636 φυλάξω,
3336 1571 3490 1641 φησι,
3546 1570 3613 1623 τὸ
3643 1570 3805 1635 παρὰ
3851 1572 3989 1636 Χρι-

2418 1657 2570 1710 στοῦ
2631 1659 2871 1728 Πνεῦμα
2914 1662 3001 1724 εἰς
3039 1661 3156 1726 τὴν
3204 1661 3431 1729 ἡμέραν
3482 1660 3591 1728 τῆς
3633 1661 3991 1728 μελλούσης

2417 1749 2913 1817 ἀπολυτρώσεως.
2947 1750 3057 1804 Τοῦ
3099 1752 3266 1805 αὑτοῦ
3299 1753 3493 1823 χρόνου
3559 1753 3651 1805 καὶ
3688 1755 3715 1805 6
3748 1753 3991 1820 διορατι-

740 1837 958 1887 tentavit
1012 1852 1096 1888 vos
1128 1835 1359 1890 Satanas
1381 1876 1396 1900 ,
1427 1841 1652 1892 'mentiri
1697 1839 1926 1907 Spiritui
1969 1853 2151 1896 sancto
2171 1845 2256 1898 ⁸³2
2287 1863 2305 1895 ι

2417 1844 2506 1903 κὸς
2547 1842 2863 1910 Ἐπιφάνιος
2895 1842 2970 1896 ὢν
2997 1845 3054 1896 ἐν
3074 1845 3150 1913 τῷ
3176 1844 3320 1913 λόγῳ
3343 1844 3422 1908 τῷ
3462 1843 3798 1911 ’Δγκυρωτῷ
3834 1844 3992 1912 διαρ-

740 1929 918 1997 aitque
957 1942 974 1979 .'
1007 1925 1163 1980 «Non
1195 1945 1245 1980 es
1285 1932 1535 1983 mentitus
1571 1933 1891 1996 hominibus,
1923 1935 2011 1986 sed
2039 1933 2148 1987 Deo
2168 1934 2236 1988 ".
2283 1953 2302 1984 υ

742 2017 882 2087 Ergo
917 2019 1056 2072 Deus
1091 2037 1155 2072 ea:
1211 2020 1376 2072 Patre
1413 2031 1461 2072 et
1513 2020 1655 2074 Filio
1686 2021 1942 2086 Spiritus.
1988 2027 2071 2077 cui
2107 2025 2310 2077 mentiti

738 2119 883 2173 sunt,
904 2112 993 2178 qui
1018 2120 1356 2178 seposuerant
1388 2112 1488 2163 sibi
1541 2113 1603 2165 de
1634 2116 1822 2179 pretio.
1872 2114 2003 2167 item
2030 2157 2044 2179 ,
2079 2115 2309 2182 Spiritus

737 2211 950 2252 sanctus
981 2215 1045 2253 ea:
1081 2199 1244 2254 Patre
1298 2211 1347 2255 et
1394 2201 1537 2254 Filio
1594 2206 1776 2256 tertius
1817 2207 2188 2273 appellatione.
2245 2207 2312 2260 Et

740 2292 930 2344 multis
995 2293 1352 2360 interjectis:
1405 2293 1632 2363 Uterque
1687 2296 1948 2349 inltabitat
1999 2299 2052 2351 in
2105 2300 2312 2353 homine

731 2382 899 2450 justo,
929 2381 1171 2436 Christus
1217 2393 1264 2436 et
1308 2381 1540 2449 Spiritus
1584 2388 1769 2453 ipsius.
1817 2387 1875 2441 Si
1909 2405 2025 2442 vero
2068 2389 2308 2445 Christus

734 2491 799 2528 ea:
850 2476 1012 2529 Patre
1063 2478 1300 2529 creditur
1345 2477 1480 2529 Deus
1543 2494 1605 2530 ea:
1663 2480 1805 2542 Deo,
1863 2491 1912 2535 et
1973 2480 2202 2550 Spiritus
2245 2500 2308 2536 ex

736 2567 988 2631 Christo,
1043 2579 1135 2621 aut
1189 2586 1251 2622 ea:
1311 2583 1568 2639 utroque,
1631 2581 1688 2624 ut
1725 2569 1967 2626 Christus
2017 2575 2304 2628 insinuat:

740 2681 758 2710 ι
797 2661 898 2724 Qui
946 2675 1011 2713 ex
1062 2660 1220 2714 Patre
1280 2664 1602 2730 procedit,“
1648 2683 1664 2713 ι
1709 2674 1758 2716 et
1809 2683 1822 2717 :
1863 2684 1881 2716 ι
1926 2665 2026 2718 llic
2082 2667 2146 2719 de
2193 2683 2306 2720 meo

734 2751 1034 2818 accipiet“.
1081 2771 1098 2802 ι
1134 2751 1244 2805 lloc
1264 2769 1483 2822 quoque
1506 2754 1708 2807 dictum
1746 2755 1800 2808 in
1836 2756 2162 2824 quibusdam
2195 2773 2309 2811 ιο·-

735 2841 1031 2895 luminibus
1062 2841 1433 2896 irautlutenter
1465 2843 1536 2895 ita
1578 2853 1862 2898 exaratum
1896 2855 1979 2899 est
2028 2862 2044 2898 :
2084 2847 2145 2899 Si
2187 2863 2305 2900 vero

739 2934 981 2987 Christus
1011 2949 1075 2986 ea:
1105 2934 1309 3000 Spiritu
1353 2936 1586 2988 credita?
1622 2936 1757 2989 Deus
1794 2953 1859 2990 ea:
1904 2937 2033 3001 Deo,
2060 2950 2108 2993 et
2133 2937 2304 3007 Spiri-

737 3036 819 3078 tus
842 3041 905 3079 ex
937 3026 1167 3091 Christo,
1196 3037 1289 3080 aut
1344 3043 1406 3080 ex
1440 3038 1681 3097 utroque.
1741 3030 1807 3083 Et
1836 3029 1988 3083 fraus
2017 3031 2303 3085 manifesta

736 3128 844 3184 est,
877 3129 929 3172 ct
958 3121 1269 3188 cuicunque
1298 3121 1635 3187 depreliensu
1664 3122 1891 3176 minime
1911 3123 2167 3187 dillicilis,
2192 3140 2300 3177 non

2415 1933 2586 2002 ρήδην
2616 1933 2707 1984 καὶ
2737 1933 2952 2002 τρανῶς
3007 1934 3306 2001 φθέγγεται
3333 1950 3348 1963 ⁸
3387 1936 3587 2002 Φησὶν
3626 1930 3742 1989 οὖν
3799 1937 3832 1987 d
3876 1949 3991 2002 μα-

2413 2023 2616 2088 κάριος
2661 2025 2882 2091 Πέτρος
2914 2024 3038 2090 τοῖς
3065 2027 3199 2091 περὶ
3259 2028 3366 2079 τὸν
3417 2027 3711 2090 Ἁνανίαν,
3748 2044 3766 2076 ι
3809 2026 3869 2078 Tt’
3899 2025 3988 2077 ὅτι

2411 2114 2735 2180 ἐπείρασεν
2758 2113 2912 2183 ὑμᾶς
2939 2116 2971 2168 ὁ
2997 2116 3269 2181 Σατανᾶς
3286 2119 3628 2184 ψεύσασθαι
3652 2117 3716 2169 τὸ
3743 2116 3989 2183 Πνεῦμα

2411 2205 2476 2257 τὸ
2503 2206 2715 2274 agr-tor;
2748 2225 2768 2258 ι
2807 2208 2914 2259 Καί
2946 2225 3132 2278 φησιν,
3171 2227 3189 2260 ι
3229 2213 3351 2262 Οὐκ
3390 2209 3676 2276 ἀνθρώπῳ
3720 2209 3987 2275 ἐψεύσω,

2409 2297 2572 2349 ἀλλὰ
2605 2295 2746 2361 Θεῷ.
2797 2315 2817 2350 s
2858 2298 3007 2365 'Apa
3045 2299 3189 2364 Θεὸς
3246 2301 3316 2352 ὲκ
3349 2302 3578 2367 Πατρὸς
3610 2301 3707 2351 καὶ
3744 2299 3883 2352 Ποῦ
3922 2297 3988 2350 τὸ

2409 2388 2671 2455 Πνεῦμα,
2724 2383 2772 2456 ᾦ
2829 2389 3171 2458 ἐψεύσαντο
3217 2393 3272 2444 ol
3327 2393 3446 2445 ἀπὸ
3504 2391 3611 2444 τοῦ
3655 2391 3987 2458 τιμήματος

2409 2480 2866 2548 νοσφισάμενοι.
2911 2483 3020 2536 Καὶ
3068 2483 3256 2546 αὖθις·
3312 2483 3381 2538 1'6
3421 2483 3662 2551 Πνεῦμα
3697 2483 3762 2535 τὸ
3807 2481 3985 2548 ἅγιον

2407 2571 2475 2623 ἐκ
2503 2572 2610 2624 τοῦ
2644 2573 2871 2640 Πατρός
2898 2573 2994 2626 καὶ
3023 2574 3126 2628 τοῦ
3151 2575 3283 2628 Υιοῦ
3323 2577 3525 2642 τρίτον
3553 2573 3627 2642 τῇ
3651 2573 3974 2641 ὀνομασίᾳ.

2411 2661 2520 2713 Καὶ
2550 2662 2688 2728 μετὰ
2725 2663 2893 2715 πολλά
2919 2664 3080 2715 πάλιν
3100 2677 3114 2693 ⁶
3169 2665 3484 2734 Ἀμφότερα
3514 2664 3781 2718 κατοικεῖ
3806 2665 3877 2716 ὲν
3905 2660 3985 2725 τῷ

2409 2753 2698 2820 ἀνθρώπῳ
2722 2752 2803 2817 τῷ
2846 2755 3074 2820 δικαίῳ,
3109 2759 3142 2808 ό
3189 2758 3444 2823 Χριστὸς
3492 2756 3590 2808 καὶ
3621 2756 3688 2808 τὸ
3737 2753 3984 2822 Πνεῦμα

2407 2844 2613 2897 αὐτοῦ.
2641 2847 2708 2897 El
2741 2845 2809 2897 δὲ
2841 2847 3094 2913 Χριστὸς
3123 2847 3189 2899 ἐκ
3231 2848 3337 2900 τοῦ
3367 2849 3597 2914 Πατρός
3633 2848 3982 2900 πιστεύεται

2409 2933 2552 2998 Θεὸς
2586 2934 2654 2986 ἐκ
2697 2933 2867 2999 Θεοῦ,
2907 2935 3005 2987 καὶ
3059 2936 3126 2989 τὸ
3161 2935 3403 3004 Πνεῦμα
3427 2937 3496 2989 ἐκ
3553 2935 3662 2988 τοῦ
3695 2933 3978 3005 Χριστοῦ.

2406 3026 2445 3090 ἢ
2484 3027 2620 3091 παρ’
2658 3025 3026 3093 ἀμφοτέρων,
3059 3027 3140 3093 ὥς
3187 3044 3379 3095 φησιν
3414 3031 3446 3081 ό
3511 3028 3788 3095 Χριστὸς,
3849 3046 3868 3078 ι
3913 3028 3981 3080 '0

2407 3119 2565 3184 παρὰ
2598 3119 2705 3172 τοῦ
2734 3120 2966 3188 Πατρός
3011 3119 3418 3188 ἐκπορεύεται,
3463 3139 3483 3172 s
3528 3119 3668 3182 καὶ,
3714 3138 3733 3171 ι
3792 3114 3980 3185 Οὗτος

735 3221 943 3266 tantum
977 3213 1119 3280 quod
1155 3213 1375 3265 omnino
1404 3214 1736 3282 inopinabile
1764 3223 1849 3269 est
1875 3216 2152 3268 Christum
2183 3231 2302 3269 esse

2412 3209 2472 3260 ἐκ
2506 3209 2610 3262 τοῦ
2651 3209 2798 3278 ἐμοῦ
2830 3209 3110 3277 λήψεται.
3141 3229 3161 3263 ι
3205 3213 3314 3265 Καὶ
3345 3211 3404 3264 τὸ
3427 3209 3521 3262 νῦν
3550 3210 3706 3264 τοῦτο
3733 3211 3898 3280 ῥητὸν
3925 3212 3982 3261 ὲν

737 3319 801 3356 ex
845 3302 1078 3371 Spiritu,
1132 3318 1256 3355 cum
1307 3319 1468 3357 nemo
1500 3305 1746 3358 omnium
1800 3319 1929 3358 vere
1963 3305 2015 3358 id
2050 3307 2306 3372 opinatus

733 3391 922 3457 fuerit,
949 3394 1040 3447 sed
1074 3394 1218 3462 quod
1272 3395 1505 3448 alterum
1539 3396 1606 3448 ab
1637 3397 1812 3448 altero
1863 3411 1985 3449 esse
2018 3395 2306 3449 absurdis-

735 3485 933 3537 simum
967 3485 1210 3536 omnium
1253 3495 1557 3552 reputatur.
1609 3485 1857 3551 Quonam
1912 3501 2043 3540 vero
2075 3487 2128 3539 in
2181 3486 2304 3540 loco

735 3576 1010 3644 quispiam
1046 3576 1288 3644 posuerit
1328 3577 1472 3644 quod
1527 3577 1652 3629 inde
1681 3577 1858 3630 oritur
1898 3577 2144 3629 malum?
2193 3575 2306 3631 Hac

735 3667 1000 3736 siquidem
1060 3667 1273 3720 ratione
1322 3678 1377 3720 et
1433 3666 1672 3736 Spiritus
1711 3683 1777 3722 ex
1839 3669 2132 3735 semetipso
2183 3681 2306 3720 esse

733 3757 1188 3824 deprehendetur.
1245 3757 1733 3822 Quomodo?Cuin
1790 3759 1982 3813 beatus
2036 3759 2302 3812 dixisset:

732 3860 781 3902 et
823 3848 1056 3916 Spiritus
1110 3864 1174 3902 ea:
1207 3847 1438 3908 Christo.
1495 3851 1841 3916 postmodum
1870 3849 2123 3904 ocissime
2169 3853 2303 3905 sub-

736 3941 954 3997 inlulit:
990 3951 1081 3993 aut
1118 3956 1180 3992 ea:
1221 3951 1460 4009 utroque.
1489 3940 1546 3994 Si
1579 3943 1760 4010 itaque
1793 3940 1873 3995 sic
1907 3941 1980 3994 ibi
2045 3943 2298 4010 habetur,

735 4033 976 4087 Christus
996 4050 1060 4086 ea:
1083 4031 1305 4102 Spiritu,
1343 4049 1470 4095 non,
1503 4049 1566 4086 ea:
1591 4032 1774 4096 Patre,
1796 4035 1938 4102 quod
1969 4037 2091 4088 inde
2114 4039 2299 4105 sequi-

736 4140 824 4182 tur
877 4128 1129 4196 colligat,
1190 4128 1500 4195 quicunque
1567 4143 1709 4182 nunc
1761 4129 1877 4182 haec
1931 4129 2104 4183 audit.
2167 4129 2303 4195 Quis

735 4228 1019 4288 propterea
1053 4235 1182 4272 usus
1208 4219 1370 4272 fuerit
1412 4219 1740 4289 evangelica:
1764 4219 2067 4290 divinaeque
2107 4221 2305 4276 dictio-

736 4313 844 4370 nis,
875 4325 1038 4378 quam
1090 4311 1272 4363 statim
1319 4311 1371 4362 in
1399 4311 1773 4364 testimonium
1809 4312 2088 4366 adducens
2127 4313 2304 4382 appli-

733 4413 841 4462 cat,
871 4400 1060 4454 dicens
1093 4418 1105 4453 :
1141 4400 1206 4453 Ut
1240 4403 1315 4453 ait
1349 4400 1636 4455 Christus:
1677 4420 1694 4453 ι
1735 4404 1838 4467 Qui
1867 4422 1897 4456 a
1937 4403 2093 4456 Patre
2116 4421 2302 4472 proce-

733 4496 810 4546 dit
847 4497 873 4548 1’
920 4513 938 4546 ι
995 4493 1410 4562 Supervacanra
1478 4510 1706 4562 prorsus
1763 4505 1845 4549 est
1882 4505 1936 4549 et
1976 4498 2298 4566 incongrua.

735 4585 857 4639 llaec
885 4586 1120 4639 absurda
1148 4587 1331 4638 omnia
1361 4586 1506 4640 dicto
1538 4590 1838 4657 contigere,
1870 4590 2012 4655 quod
2047 4589 2301 4642 iunnnta-

735 4687 847 4730 tnm
903 4678 974 4730 sit
1018 4677 1189 4731 illud:
1231 4692 1294 4730 ea:
1352 4677 1552 4744 Putre,
1596 4680 1648 4731 in
1709 4682 1837 4732 illud
1895 4698 1907 4730 :
1955 4696 2018 4733 ex
2074 4680 2299 4748 Spiritu.

738 4768 1019 4823 Uudenam
1057 4784 1203 4830 vero,
1244 4779 1296 4822 et
1330 4785 1357 4822 a
1395 4771 1592 4836 quibus
1669 4771 1721 4823 id
1755 4771 1957 4824 factum
2015 4771 2140 4825 est?
2193 4787 2300 4825 non

737 4871 820 4915 est
855 4875 883 4912 ιι
923 4861 1081 4914 nobis
1113 4861 1551 4916 discernendum.
1607 4861 1953 4917 Manifestum
2001 4864 2144 4916 enim
2196 4871 2300 4926 est,

737 4952 805 5006 ab
847 4953 1172 5005 adversariis
1202 4952 1426 5021 hujusce
1468 4969 1610 5006 nunc
1648 4955 2003 5007 demonstrati
2033 4955 2302 5022 dogmatis

736 5040 939 5094 factum
1003 5041 1209 5105 fuisse,
1293 5044 1434 5111 quod
1497 5043 1714 5110 quidem
1771 5043 2092 5097 facillimum
2158 5044 2296 5109 init,

736 5133 904 5186 unius
968 5133 1137 5186 solius
1188 5134 1439 5188 litterulae
1495 5134 1873 5187 immutatione
1903 5143 1955 5187 et
1991 5134 2298 5188 variatione.

737 5223 1083 5293 Propositum
1140 5242 1298 5291 vero,
1367 5227 1512 5296 quod
1565 5241 1689 5280 cum
1749 5228 1905 5280 nobis
1964 5227 2296 5281 credendum

737 5330 847 5369 non
871 5327 1034 5381 esset,
1058 5317 1129 5368 ita
1158 5333 1250 5370 eos
1276 5333 1304 5370 a
1339 5329 1488 5372 recto
1519 5319 1770 5387 dogmate
1799 5319 2088 5382 excidisse,
2132 5328 2188 5371 ut
2218 5319 2302 5386 pie

739 5417 1008 5472 tenerent,
1032 5409 1312 5463 Christum
1359 5428 1422 5464 ex
1472 5411 1674 5481 Spiritu
1729 5427 1883 5474 esse,
1944 5413 2178 5466 fortasse
2231 5413 2302 5464 ob

738 5498 878 5552 lianc
925 5501 1172 5552 eamdem
1246 5503 1509 5554 rationem
1563 5503 1788 5571 etquod
1846 5503 2117 5571 reliquum
2168 5512 2299 5564 est,

742 5603 955 5658 netnpc,
986 5601 1032 5643 et
1064 5589 1294 5658 Spiritus
1316 5609 1379 5645 ea:
1407 5592 1636 5657 Christo,
1673 5593 1746 5645 uti
1781 5609 1887 5647 non
1931 5596 2066 5647 bene
2095 5593 2299 5649 dictum

1255 5776 1298 5805 ⁶²
1323 5775 1450 5828 11ι1ι1.
1487 5776 1530 5827 ί.

813 5769 853 5798 ⁶¹
890 5771 1008 5829 Αςι.
1048 5788 1098 5837 ν,
1128 5773 1177 5825 5.
1255 5776 1298 5805 ⁶²
1323 5775 1450 5828 11ι1ι1.
1487 5776 1530 5827 ί.
1616 5776 1656 5802 ⁵³
1685 5773 1838 5830 Joan.
1876 5791 1958 5838 xt',
1988 5772 2074 5829 26.

2411 3300 2612 3368 βίϐλοις
2651 3303 2790 3354 τισὶν
2821 3302 3049 3371 εὕρηται
3083 3302 3410 3372 κακούργως
3453 3303 3652 3354 οὑτωσὶ
3681 3302 3940 3369 κείμενον
3960 3318 3974 3332 ο

2405 3393 2476 3442 Et
2525 3390 2594 3442 δὲ
2647 3393 2903 3457 Χριστὸς
2957 3393 3025 3446 ἐκ
3073 3391 3179 3445 τοῦ
3241 3393 3588 3460 Πνεύματος
3636 3392 3981 3444 πιστεύεται

2407 3482 2552 3547 Θεὸς
2575 3483 2644 3535 ἐκ
2680 3483 2849 3546 Θεοί,
2880 3484 2978 3536 καὶ
3009 3485 3075 3536 τὸ
3099 3482 3338 3552 Πνεῦμα
3371 3483 3439 3536 ἐκ
3484 3483 3592 3537 τοῦ
3620 3482 3904 3550 Χριστοῦ,
3941 3482 3979 3549 ἢ

2407 3575 2547 3639 παρ’
2574 3575 2943 3642 ἀμφοτέρων.
2978 3574 3047 3631 Ἦ
3075 3575 3131 3628 δὲ
3164 3575 3473 3646 κακουργία
3503 3576 3702 3645 σαφὴς,
3737 3575 3832 3627 καὶ
3864 3577 3980 3636 τοῖς

2408 3667 2576 3716 πᾶσιν
2609 3663 2943 3734 εὐφώρατος,
2975 3667 3072 3736 οὐχ
3112 3668 3192 3720 ὅτι
3215 3667 3310 3720 καὶ
3354 3667 3516 3732 μόνον
3548 3667 3737 3729 ἄδοξον
3773 3665 3979 3728 ὑλικῶς

2411 3757 2472 3809 τὺ
2500 3756 2791 3826 τυγχάνειν
2833 3757 2924 3809 τὸν
2951 3758 3184 3828 Χριστὸν
3211 3761 3274 3810 ὲκ
3309 3758 3404 3811 τοῦ
3459 3759 3796 3827 [Ινεύματος.
3828 3758 3979 3811 ἐπεί-

2411 3866 2516 3916 περ
2547 3850 2724 3910 οὐδεὶς
2757 3850 2867 3902 τῶν
2901 3851 3120 3903 πάντων
3151 3851 3225 3912 ὡς
3247 3851 3485 3920 ἀληθῶς,
3535 3852 3684 3914 ὅστις
3709 3853 3861 3903 τουτὶ
3893 3867 3977 3903 το-

2411 3941 2678 4010 παράπαν
2737 3942 3008 4005 ὲδόξασεν,
3045 3941 3158 3994 ἀλλ’
3186 3943 3265 3994 ὅτι
3300 3944 3391 3995 καὶ
3427 3943 3485 3994 τὸ
3514 3942 3689 3994 τελεῖν
3720 3944 3780 4006 ἐξ
3810 3942 3978 4010 ἀλλή-

2406 4032 2514 4085 λων
2543 4035 2683 4087 αὐτὰ
2723 4034 2830 4086 τῶν
2883 4035 3366 4105 παραλογωτὰτων
3413 4036 3592 4103 πάντη
3640 4035 3975 4104 καθέστηκε.

2409 4125 2517 4177 Ποῦ
2545 4125 2600 4178 δέ
2623 4143 2707 4186 τις
2732 4127 2826 4178 καὶ
2874 4125 3029 4196 θήσει
3065 4128 3125 4179 τὸ
3157 4127 3534 4195 ἀναφυόμενον
3593 4125 3848 4178 ἐντεῦθεν
3882 4144 3978 4176 κα·

2405 4220 2535 4279 κόνς
2577 4216 2649 4269 Τὸ
2677 4216 2902 4284 Πνεῦμα
2933 4220 3040 4286 γὰρ
3093 4217 3235 4270 οὕτω
3271 4220 3366 4272 καὶ
3401 4218 3459 4282 ἐξ
3511 4218 3677 4270 αὐτοῦ
3710 4220 3976 4286 τυγχάνον

2406 4312 2732 4378 φανήσεται.
2802 4309 2960 4374 Πῶς;
3009 4309 3070 4360 '0
3105 4311 3376 4377 μακάριος
3420 4308 3594 4370 οὕτως
3636 4307 3832 4370 εἰπὼν,
3871 4308 3976 4360 Καὶ

2404 4401 2473 4452 τὸ
2509 4402 2750 4469 Πνεῦμα
2786 4401 2855 4454 ἐκ
2886 4401 2992 4454 τοῦ
3015 4401 3291 4466 Χριστοῦ,
3329 4401 3660 4468 μεθύστερον
3688 4402 3761 4462 ὡς
3787 4403 3973 4470 τάχος,

2407 4493 2444 4558 ἦ
2500 4494 2632 4559 παρ’
2659 4493 3027 4560 ἀμφοτέρων,
3054 4495 3351 4559 ἐπήγαγεν.
3385 4493 3444 4544 Ei
3504 4491 3635 4559 γοῦν
3661 4492 3834 4553 οὕτως
3864 4492 3980 4543 ἐκεῖ

2407 4581 2582 4632 κεῖται
2621 4580 2858 4647 Χριστὸς
2896 4581 2960 4630 ὲκ
2985 4582 3080 4631 τοῦ
3138 4581 3474 4649 Πνεὺματος,
3511 4582 3611 4633 οὐκ
3644 4583 3706 4633 ὲκ
3735 4579 3826 4632 τοῦ
3871 4580 3979 4632 Πα-

2407 4671 2558 4739 τρδς,
2595 4672 2877 4739 συναγέτω
2904 4673 2962 4723 τὸ
2993 4671 3117 4740 ἑξῆς
3149 4671 3425 4739 τοῦλόγου
3457 4675 3565 4734 πᾶς
3593 4674 3620 4724 6
3673 4673 3847 4725 ταῦτα
3883 4671 3980 4725 νῦν

2411 4763 2789 4832 ἀκροώμενος.
2820 4765 2956 4817 Ποία
2983 4764 3039 4815 δὲ
3090 4766 3285 4834 χρῆσις
3317 4765 3410 4816 καὶ
3464 4764 3563 4833 τῆς
3615 4763 3978 4833 εὖαγγελικῆς

2409 4859 2506 4910 καὶ
2533 4857 2684 4919 θείας
2720 4859 2929 4926 φωνῆς,
2986 4856 3165 4926 ἥνπερ
3209 4857 3484 4925 παρευθὺς
3550 4859 3631 4918 εἷς
3668 4855 3979 4924 μαρτυρίαν

2411 4949 2748 5016 παραλαϐὼν
2781 4949 2985 5017 τίθησι,
3028 4947 3220 5014 λέγων,
3258 4948 3360 5011 Ὠς
3411 4951 3658 5016 φησινό
3695 4948 3977 5014 Χριστὸς.

2410 5057 2428 5088 ι
2472 5042 2541 5089 '0
2576 5042 2734 5106 παρὰ
2769 5040 2875 5092 τοῦ
2930 5040 3158 5106 Πατρός
3188 5040 3620 5106 erumpent-rtus;
3661 5059 3681 5090 ι
3733 5041 3979 5109 Περιοαὴ

2404 5130 2622 5191 πάντως
2655 5130 2827 5195 ἐστὶν,
2868 5131 3101 5193 obiicitur;
3143 5131 3427 5199 ἁρμόδιος.
3479 5131 3641 5183 Ἀλλὰ
3698 5131 3871 5183 ταῦτα
3910 5133 3980 5183 τὰ

2407 5220 2582 5272 ἄτοπα
2615 5221 2794 5273 πάντα
2836 5220 3153 5290 συμϐέϐηκε
3203 5221 3279 5290 τῷ
3330 5223 3562 5290 τοιούτῳ
3593 5221 3764 5290 ῥητῷ,
3799 5221 3888 5274 διὰ
3918 5221 3982 5273 τδ

2413 5311 2816 5381 μεταϐληθῆναι
2863 5313 2931 5363 τὶ»
2977 5313 3043 5364 ἐκ
3092 5311 3319 5379 Πατρός
3350 5315 3427 5375 εἰς
3465 5314 3527 5364 τὸ
3557 5313 3624 5365 ἐκ
3654 5313 3760 5365 τοῦ
3790 5312 3982 5365 Πνεύ-

2404 5421 2612 5471 ματος.
2647 5404 2816 5455 Πᾶὓεν
2872 5405 2928 5455 δὲ
2967 5403 3124 5456 τοῦτο
3170 5405 3360 5470 γέγονε
3417 5405 3512 5457 καὶ
3568 5406 3720 5473 παρὰ
3764 5404 3931 5456 τινων
3966 5419 3980 5466 ;

2408 5497 2615 5566 ἥκιστα
2660 5501 2883 5548 σκοπεῖν
2921 5498 3202 5566 προσῆκον
3249 5498 3417 5566 ἡμᾶς.
3457 5497 3693 5565 Εὔδηλον
3745 5497 3854 5564 γὰρ
3907 5496 3984 5556 ὡς

2417 5592 2550 5658 πρὸς
2586 5589 2694 5640 τῶν
2723 5589 2996 5656 πολεμίων
3029 5587 3122 5642 τοῦ
3155 5591 3286 5659 παρ’
3321 5587 3475 5657 ἡμῶν
3501 5585 3856 5655 δεικνυμένου
3889 5587 3984 5638 νῦν

2153 5774 2195 5802 ⁸⁸
2221 5770 2376 5826 loan.
2410 5788 2518 5837 ut,
2561 5773 2642 5826 14.
