4206 6452
216 385 351 450 1213

1059 382 1156 443 DE
1197 379 1711 443 PROCESSIONE
1753 380 1810 443 S.
1856 381 2214 446 SPIRITUS
2253 383 2474 444 ORAT.
2525 384 2609 444 ΙΙ.

3338 385 3475 444 12H

209 504 484 568 δῡγματος
510 513 525 530 ⁸
561 497 655 552 καὶ
693 497 756 550 τὸ
808 495 1044 568 πρᾶγμα
1078 496 1265 566 ῥᾴδιον
1297 496 1392 548 καὶ
1426 494 1535 549 τῶν
1561 495 1775 564 εὐχερε‹

1898 496 2296 565 repudiaretur,
2353 496 2584 565 ideoque
2612 510 2768 551 error
2800 494 2854 548 in
2893 493 3295 563 exscriptorem
3341 495 3473 565 reji-

210 594 430 644 στατων
491 587 797 651 καταπολὺ,
846 587 1119 656 στοιχείου
1169 586 1495 655 παραλλαγή
1530 603 1613 648 τις
1668 585 1787 647 ἐνὸς

208 682 374 751 μόνον
424 682 516 734 καὶ
543 680 924 749 μεταποίησις.
966 681 1025 731 '0
1055 678 1111 733 δὲ
1140 680 1365 746 σκοπὸς,
1398 680 1481 733 ὅτι
1513 678 1587 747 μὴ
1612 676 1789 746 χρεὼν

206 774 491 825 πιστεύειν
524 774 673 842 ἡμᾶς
698 771 871 834 οὕτως
914 773 1172 825 ἐκπεσεῖν
1215 771 1466 833 ἐκείνους
1507 770 1601 823 τοῦ
1624 769 1787 839 ὀρθοῦ

206 866 508 933 δόγματος,
535 864 611 925 ὼς
642 864 737 917 καὶ
772 862 1102 933 πρεσϐεύειν
1136 862 1379 925 εὐσεϐῶς
1427 863 1519 916 τὸν
1549 863 1786 932 Χριστὸν

203 957 269 1009 ὲκ
304 955 401 1007 τοῦ
436 955 779 1024 Πνεύματος,
827 955 915 1007 ίνα
942 955 1102 1025 τυχὸν
1130 956 1196 1007 bis
1239 954 1427 1007 τούτου
1470 957 1564 1007 καὶ
1596 955 1655 1005 τὸ
1678 955 1788 1008 λοι·

204 1046 495 1116 πὸν,δπερ
526 1048 664 1113 ἐστὶ,
704 1046 804 1100 καί
846 1047 912 1100 τὸ
969 1046 1214 1113 Πνεῦμα
1246 1046 1314 1099 ἐκ
1357 1044 1463 1100 τοῦ
1502 1047 1782 1112 Χριστοῦ,

203 1139 335 1209 δόξῃ
362 1138 547 1200 κακῶς
579 1138 726 1209 ἔχειν
751 1154 766 1168 ·
794 1138 877 1190 διὸ
932 1142 1028 1191 καὶ
1064 1140 1312 1206 πταῖσμα
1352 1138 1415 1190 τὸ
1448 1138 1559 1190 πᾶν
1619 1154 1777 1206 νομι-

210 1228 369 1293 σθείη
400 1228 493 1281 τοῦ
549 1228 1023 1299 μεταγράψαντος.
1082 1228 1230 1301 Πλὴν
1272 1231 1425 1297 ὅμως
1472 1230 1783 1299 ἐσφάλησαν

200 1320 299 1371 τοῦ
340 1319 589 1373 τοιούτου
638 1319 869 1383 σκοποῦ,
909 1320 1078 1389 μηδέν
1109 1337 1162 1374 τι
1198 1321 1563 1390 κερδάναντες
1597 1314 1781 1391 ὧνπερ

200 1412 497 1478 ὑπέλαϐον,
518 1414 591 1482 μὴ
619 1413 782 1481 μόνον
811 1408 893 1476 οἷς
919 1413 1018 1482 τὴν
1051 1414 1357 1482 σκαιωρίαν
1384 1414 1565 1467 αὐτῶν
1582 1415 1782 1485 ἀρτίως

196 1507 274 1570 ὡς
308 1507 430 1558 ινὸν
461 1505 848 1574 διηλέγξαμεν,
897 1505 1035 1559 ἀλλὰ
1059 1504 1121 1556 τὸ
1152 1506 1355 1574 μεῖζον,
1393 1498 1477 1567 οἷς
1516 1505 1613 1575 τὴν
1637 1506 1784 1570 ἀξιο-

202 1596 432 1651 πιστίαν
465 1596 577 1649 τῶν
631 1596 843 1649 πολλῶν
877 1596 1077 1663 λογίων
1112 1596 1222 1649 τῶν
1254 1596 1348 1649 τοῦ
1379 1598 1592 1665 [ἰατρὸς
1621 1600 1655 1667 ή
1683 1598 1783 1667 τῆς

201 1693 337 1752 uti;
386 1693 600 1756 ρήσιως
653 1688 837 1743 νοθεία
885 1689 980 1741 καὶ
1003 1688 1343 1757 παραφθορὰ
1396 1690 1614 1751 πάντως
1677 1690 1779 1743 οὐκ

197 1784 599 1853 ἀφαιρήσεται.
634 1782 743 1834 Καὶ
778 1779 969 1848 παρεῶ
999 1780 1180 1848 λέγειν
1230 1783 1309 1843 εἰς
1348 1782 1633 1834 δικαίωσιν
1683 1780 1780 1833 νῦν

196 1847 262 1925 τέ
301 1847 366 1939 γε
397 1847 510 1927 τῶν
549 1872 754 1926 λοιπῶν
790 1847 1014 1941 βιϐλίων
1064 1847 1377 1924 ἀνόθευτον.
1416 1871 1456 1922 Τ
1465 1873 1549 1923 ἕνα
1598 1871 1655 1923 δὲ
1688 1872 1779 1925 καὶ
1807 1847 1854 1906 Β

198 1966 332 2017 ποια
364 1966 430 2018 τὰ
462 1964 638 2017 πολλὰ
660 1964 818 2031 λόγια
843 1964 974 2033 περὶ
1012 1955 1088 2016 ὧν
1122 1962 1339 2032 ἔφημεν
1389 1963 1485 2016 τοῦ
1528 1964 1778 2033 Πατρός,

198 2056 339 2123 Ἤδη
372 2057 472 2124 μὲν
499 2058 562 2108 ὲκ
590 2056 797 2108 τούτων
830 2056 1026 2124 μικρὸν
1054 2056 1262 2109 ἀνωθεν
1293 2056 1449 2124 ὀλίγα
1488 2059 1613 2110 τινὰ
1646 2077 1782 2129 προ-

193 2146 548 2214 τεθείκαμεν,
585 2146 655 2198 τὰ
688 2146 746 2199 δὲ
775 2145 951 2199 πλείω
974 2147 1108 2215 πρὸς
1142 2148 1204 2200 τὸ
1237 2149 1413 2216 παρὸν
1445 2150 1587 2202 κατὰ
1627 2150 1782 2214 τάξιν

193 2237 573 2306 προθήσομεν.
618 2238 775 2291 Μετὰ
809 2237 1018 2307 βραχέα
1076 2238 1185 2308 γὰρ
1231 2238 1326 2291 τοῦ
1390 2241 1781 2311 προλεχθὲντος

194 2329 368 2398 ρητοῦ
400 2330 662 2393 διέξεισιν
684 2326 753 2381 αὖ
775 2331 920 2382 οὕτω
959 2329 1415 2399 διιιανικώίιςερον⁹
1469 2335 1631 2387 Ἀλλ’
1659 2334 1784 2401 ἐρεῖ

194 2436 308 2483 τις,
344 2420 587 2473 Οὐκοῦν
622 2437 821 2489 φαμεν
869 2420 979 2475 δύο
1021 2417 1175 2475 εἶναι
1238 2426 1413 2489 Υιούς
1439 2442 1453 2456 ’
1502 2427 1601 2479 καί
1654 2427 1780 2493 πῶς

192 2512 578 2579 μονογενής;
628 2511 938 2583 Μενοῦνγε
984 2514 1066 2568 σὺ
1123 2516 1216 2581 τίς
1247 2513 1357 2569 eid
1406 2517 1778 2587 ἁντιλογιζό-

190 2618 384 2670 μενος
425 2598 506 2665 τῷ
556 2602 720 2665 Θεῷ;
759 2606 826 2656 Ei
868 2605 979 2671 γὰρ
1018 2606 1128 2659 τὸν
1168 2608 1307 2659 Υὶὸν
1360 2609 1539 2661 καλεῖ
1572 2611 1679 2663 τεν
1709 2611 1779 2673 ἐξ

192 2694 407 2754 αὐτοῦ,
445 2692 513 2747 τὸ
542 2693 612 2747 δὲ
639 2694 812 2764 ἅγιον
868 2697 1112 2765 Πνεῦμα
1159 2699 1222 2751 τὸ
1255 2699 1401 2765 παρ’
1429 2694 1779 2771 ἀμφοτέρων

191 2785 230 2838 ἆ
255 2789 452 2852 μόνον
464 2789 667 2840 πίστει
690 2791 988 2855 νοούμενα
1010 2790 1127 2844 ὑπὸ
1150 2789 1268 2842 τῶν
1284 2792 1470 2859 ἁγίων
1497 2796 1777 2862 φωτεινὰ,

192 2879 532 2946 φωτόδοτα,
593 2880 896 2946 φωτεινὴν
941 2881 1059 2947 τὴν
1115 2883 1430 2949 ἐνέρνειαν
1486 2886 1630 2953 ἔχει.
1666 2887 1778 2940 Καὶ

195 2974 337 3036 μετά
372 2989 495 3023 τινα
515 2987 531 3003 ο
561 2971 804 3038 Πνεῦμα
836 2970 1010 3039 ἅγιον
1040 2972 1282 3040 Πνεῦμα
1305 2973 1594 3041 ἀληθείας
1617 2976 1774 3043 ἐστὶ,

189 3064 318 3133 φῶς
351 3066 554 3132 τρίτον
584 3066 743 3132 παρὰ
773 3066 1004 3132 Πατρὸς
1026 3068 1123 3120 καὶ
1163 3067 1323 3124 Υὶοῦ.
1344 3069 1454 3122 Καὶ
1478 3072 1598 3139 μετ’
1618 3072 1777 3139 ὀλίγα

1897 598 2199 644 cererelur.
2231 588 2602 642 Nihilominus
2654 588 2813 656 longe
2844 603 2872 641 a
2910 587 3196 656 proposito
3244 586 3469 639 aberra.

1898 692 2051 745 runt,
2076 698 2199 736 cum
2237 682 2373 738 nihil
2409 682 2536 736 inde
2566 682 2816 736 utilitatis
2841 691 3126 751 pratensm
3152 683 3470 747 accesserit,

1894 790 2005 829 non
2063 784 2276 829 tantum
2326 775 2476 845 quod
2529 790 2722 829 eorum
2777 776 3038 830 malitiam
3102 790 3199 844 pro
3262 774 3472 829 viribus

1888 866 2218 929 detesimus,
2258 868 2521 937 sedquod
2560 867 2732 935 magis
2762 880 2865 923 est.
2908 869 3206 922 multorum
3243 867 3457 934 eloqui-

1891 969 2049 1009 orum
2112 955 2342 1024 hujusce
2398 956 2581 1010 Panis
2637 956 2795 1009 iidem
2844 967 3046 1011 certam
3117 958 3283 1011 unius
3335 956 3467 1010 dicti

1888 1046 2218 1101 adulteratio
2242 1056 2296 1101 et
2324 1047 2605 1117 corruptio
2644 1046 2787 1101 haud
2822 1046 3103 1115 infringat.
3142 1048 3203 1100 Et
3235 1058 3464 1116 prmtcr-

1886 1154 1953 1196 eo
1999 1141 2066 1194 ad
2111 1140 2225 1194 haec
2278 1139 2394 1209 ipsa
2435 1140 2806 1194 conﬁrmanda
2858 1139 3193 1207 reliquorum
3238 1142 3466 1194 volumi-

1888 1247 2017 1286 num
2066 1233 2354 1288 lectionem
2386 1248 2704 1303 germanam
2766 1233 2820 1287 in
2868 1234 3110 1286 medium
3144 1238 3441 1300 producere

1885 1322 2148 1389 Quanam
2182 1340 2311 1379 vero
2351 1334 2481 1379 sunt
2518 1323 2695 1378 Patris
2746 1324 2916 1379 multa
2964 1324 3053 1377 illa
3088 1325 3302 1392 eloquia
3350 1326 3462 1393 jam

1884 1416 2358 1470 commemorata?
2386 1413 2465 1469 Ex
2497 1415 2581 1467 his
2613 1415 2774 1483 paulo
2801 1424 2926 1468 ante
2952 1416 3211 1467 nonnulla
3236 1414 3465 1482 digessi-

1883 1520 2029 1570 mus,
2060 1515 2113 1560 et
2146 1507 2300 1576 plura
2325 1506 2377 1558 in
2412 1505 2703 1573 praesentia
2748 1520 2851 1558 suo
2883 1505 3077 1560 ordine
3126 1506 3463 1572 digeremus.

1882 1595 2012 1651 Post
2037 1612 2210 1667 pauca
2284 1597 2554 1666 siquidem
2610 1597 2927 1661 prmlaudati
2979 1598 3146 1658 dicti,
3209 1597 3353 1651 hunc
3411 1597 3463 1650 in

1884 1691 2124 1751 modum.
2159 1690 2316 1755 quasi
2366 1689 2508 1757 apud
2547 1690 2764 1757 juilices
2818 1704 3037 1743 causam
3074 1698 3278 1756 ageret,
3317 1689 3466 1744 edis-

1883 1790 2054 1836 serit:
2117 1778 2223 1833 Sed
2262 1782 2459 1834 dixerit
2522 1780 2788 1849 quispiam
2840 1795 2859 1833 :
2890 1779 3128 1832 Dicimus
3182 1795 3302 1849 ergo
3330 1779 3464 1833 duos

1882 1890 1993 1928 esse
2019 1872 2222 1935 Filios;
2264 1883 2313 1927 et
2340 1875 2606 1943 quomodo
2656 1873 3011 1942 unigenitus?
3054 1874 3213 1941 Atqui
3253 1884 3308 1924 tu
3346 1876 3462 1941 quis

1880 1981 1957 2027 es,
1987 1967 2075 2032 qui
2100 1981 2163 2018 ea:
2192 1966 2409 2019 aduerso
2444 1966 2785 2017 ratiocinaris
2817 1981 2935 2016 cum
2965 1964 3114 2020 Deo?
3155 1964 3360 2017 Etenim
3418 1964 3462 2016 si

1882 2054 2087 2109 Filium
2109 2066 2256 2110 vocat
2281 2057 2373 2126 qui
2407 2070 2471 2107 ex
2501 2057 2613 2123 ipso
2649 2066 2747 2118 est,
2778 2055 3042 2122 Spiritum
3078 2072 3195 2108 vero
3217 2066 3462 2110 sanctum

1880 2146 1970 2212 qui
1993 2147 2056 2199 ab
2087 2156 2326 2215 utroque,
2361 2160 2478 2213 qua:
2503 2145 2869 2198 tantummodo
2918 2156 3087 2199 mente
3126 2146 3397 2199 intellecta
3429 2164 3463 2199 α

1880 2238 2077 2290 sanctis
2112 2238 2422 2306 splendida,
2481 2237 2657 2289 lumen
2706 2237 3093 2303 impertientta,
3144 2238 3461 2292 luminosam

1879 2328 2236 2396 operationem
2269 2328 2480 2380 habent.
2508 2327 2573 2381 Et
2623 2336 2746 2395 post
2781 2342 2951 2396 pauca
2988 2345 3000 2381 :
3040 2326 3279 2393 Spiritus
3331 2346 3462 2382 san-

1879 2431 1993 2472 ctus
2030 2419 2267 2487 Spiritus
2321 2419 2557 2473 veritatis
2603 2430 2699 2481 est,
2737 2422 2911 2473 lumen
2956 2422 3169 2473 tertium
3220 2438 3252 2473 a
3302 2419 3463 2475 Patre

1876 2521 1925 2566 et
1964 2510 2123 2564 Filio.
2178 2512 2498 2579 Rursusque
2535 2511 2723 2578 paucis
2777 2511 3006 2565 annexis
3046 2528 3061 2565 :
3099 2511 3464 2575 Quemadmo-

1878 2602 2003 2654 dum
2057 2604 2195 2653 enim
2241 2617 2389 2653 nemo
2424 2602 2566 2653 novit
2604 2600 2835 2664 Patrem,
2879 2601 2986 2654 nisi
3062 2599 3262 2662 Filius,
3301 2618 3463 2670 neque

1880 2693 2070 2748 Filium
2106 2696 2208 2748 nisi
2246 2693 2447 2760 Pater;
2470 2697 2545 2748 sic
2580 2696 2748 2748 audeo
2785 2697 2980 2759 dicere,
3006 2714 3169 2765 neque
3200 2698 3461 2766 Spiritum

1877 2788 1980 2839 nisi
2013 2787 2176 2841 Pater
2203 2799 2251 2841 et
2276 2788 2465 2853 Filius,
2485 2806 2516 2840 a
2539 2805 2640 2857 quo
2663 2789 2920 2856 procedit,
2948 2798 2999 2841 et
3030 2806 3060 2841 a
3094 2807 3195 2860 quo
3228 2792 3458 2859 accipit:

1877 2896 2039 2949 neque
2064 2880 2266 2934 Filium
2318 2892 2368 2934 et
2405 2881 2621 2935 Patrem
2671 2884 2774 2936 nisi
2819 2880 3049 2949 Spiritus
3091 2894 3330 2945 sanctus,
3370 2886 3462 2953 qui

1874 2988 1989 3026 uere
2016 2972 2301 3041 glori/icui,
2333 2974 2423 3041 qui
2474 2974 2649 3027 omnia
2683 2976 2922 3037 instruit,
2953 2976 3043 3043 qui
3084 2992 3148 3029 ea:
3197 2973 3361 3029 Pa're
3409 2984 3460 3029 et

1880 3061 2048 3116 Filio.
2087 3062 2251 3118 llisce
2300 3064 2631 3134 astipulatur
2685 3066 3093 3135 concor-datque
3160 3067 3345 3121 multis
3402 3067 3457 3121 in

192 3159 357 3209 πάλιν
382 3175 396 3187 ·
432 3161 540 3209 Ὃν
566 3160 677 3226 γὰρ
715 3161 938 3224 τρόπον
963 3158 1168 3224 οὐδεὶς
1203 3159 1357 3228 ἔγνω
1388 3161 1496 3214 τὸν
1539 3164 1774 3229 Πατέρα

1878 3155 2012 3210 locis
2066 3165 2404 3210 secretorum
2458 3156 2697 3224 Spiritus
2761 3158 3028 3226 interpres
3080 3158 3338 3227 Cyrillus,
3372 3160 3458 3212 di-

188 3250 241 3299 ei
268 3248 355 3315 μή
383 3252 413 3299 ὁ
444 3248 597 3311 Υἱὸς,
636 3248 778 3302 οὐδὲ
802 3250 909 3301 τὸν
954 3250 1084 3304 Υίὸν
1114 3252 1165 3303 εί
1195 3250 1282 3319 μὴ
1308 3254 1341 3305 d
1366 3253 1591 3320 Πατὴρ,
1620 3255 1775 3308 οὕτω

1876 3261 2006 3300 cens
2050 3256 2162 3299 tum
2210 3246 2261 3297 in
2316 3247 2661 3314 expositione
2698 3247 2750 3299 in
2798 3244 3003 3301 Joelem
3037 3250 3355 3316 prephetam
3403 3251 3458 3303 in

188 3337 394 3406 τολμῶ
430 3340 637 3407 λέγειν
660 3340 749 3391 ὅτι
780 3340 923 3393 οὐδὲ
944 3340 1009 3392 τὸ
1044 3340 1287 3409 Πνεῦμα
1321 3345 1373 3395 εί
1393 3344 1478 3411 μὴ
1512 3347 1545 3397 ό
1570 3347 1774 3413 Πατὴρ

187 3430 293 3482 καὶ
344 3434 379 3483 ὀ
437 3430 592 3498 Υἱὸς.
629 3430 767 3497 παρ’
808 3426 880 3486 οὗ
926 3432 1335 3499 ἐκπορεύεται,
1385 3434 1486 3485 καὶ
1529 3434 1664 3503 παρ’
1700 3432 1771 3491 οὗ

184 3523 503 3588 λαμϐάνει,
532 3521 676 3575 οὐδὲ
727 3521 833 3575 τὸν
896 3523 1033 3576 Υίὸν
1079 3524 1175 3576 καί
1207 3523 1315 3575 τὸν
1346 3524 1577 3591 Πατέρα
1610 3528 1660 3579 εί
1686 3526 1772 3596 μὴ

184 3614 255 3664 τὸ
292 3615 537 3681 Πνεῦμα
576 3615 640 3667 τὸ
670 3615 861 3682 ἅγιον,
916 3617 979 3668 τὸ
1016 3615 1272 3678 δοξάζον
1298 3617 1560 3683 ἀληθῶς,
1592 3620 1659 3672 τὸ
1688 3620 1775 3672 δι-

182 3707 425 3760 δάσκον
445 3710 518 3762 τὰ
551 3708 769 3772 πάντα,
798 3708 829 3761 ὃ
857 3709 1019 3775 παρὰ
1049 3708 1154 3762 τοῦ
1184 3710 1415 3777 Πατρός
1444 3711 1543 3764 καὶ
1571 3712 1637 3763 ἐκ
1664 3713 1771 3766 τοῦ

184 3798 349 3851 Γλοῦ.
403 3797 633 3861 Τούτοις
714 3800 926 3868 συνῳίὰ
985 3799 1297 3867 διαγορεύει
1360 3802 1453 3852 καὶ
1502 3802 1772 3871 σύμφωνα.

189 3888 466 3956 πολλακοῦ
533 3891 624 3941 καὶ
666 3892 693 3941 ὁ
745 3890 853 3942 τῶν
919 3888 1016 3941 τοῦ
1072 3890 1388 3960 Πνεῦματος
1449 3892 1771 3963 μυστηρίων

186 3980 433 4047 ἑρμηνεὺ
494 3980 790 4051 Κύριλλος,
822 3981 997 4047 λέγων
1027 3983 1084 4034 ὲν
1120 3984 1219 4049 μὲν
1247 3984 1312 4050 δὴ
1335 3985 1398 4051 τῇ
1426 3983 1684 4054 ἐξηγήσει
1704 3988 1769 4056 τῇ

184 4074 267 4133 είς
298 4072 393 4122 τὸν
419 4075 708 4141 προφήτην
749 4074 903 4142 Ἰωὴλ
930 4073 1075 4126 κατὰ
1098 4076 1197 4141 τὴν
1226 4074 1393 4145 ῥῆσιν
1415 4074 1538 4144 τὴν,
1575 4094 1591 4125 ι
1641 4076 1770 4127 Ἐκ-

180 4162 304 4232 xeo
334 4164 452 4216 ἀπὸ
499 4163 605 4215 τοῦ
647 4165 998 4231 Πνεύματός
1028 4182 1167 4232 μου,
1219 4183 1238 4216 s
1304 4167 1657 4233 φάσκουσαν·
1690 4163 1773 4221 Ἦ

178 4256 300 4324 μὲν
334 4259 443 4323 γάρ
476 4256 610 4308 ἐστι
651 4258 797 4322 Θεὸς
842 4257 911 4310 ἐκ
947 4258 1096 4311 Θεοῦ
1144 4259 1294 4311 κατὰ
1333 4260 1525 4327 φύσιν
1548 4263 1580 4312 ό
1614 4261 1766 4325 Υἱὸς.

178 4347 536 4414 γεγέννηται
571 4348 682 4415 γὰρ
706 4349 775 4400 ἐκ
809 4348 915 4401 τοῦ
951 4348 1102 4401 Θεοῦ
1143 4350 1241 4401 καὶ
1304 4349 1556 4417 Πατρός,
1611 4349 1769 4403 ιδιον

177 4440 374 4492 αὑτοῦ
396 4456 460 4492 τε
491 4442 589 4492 καί
637 4442 709 4492 ἐν
756 4440 918 4503 αὐτῷ
947 4441 1044 4493 καί
1072 4440 1141 4503 ἐξ
1174 4440 1366 4494 αὐτοῦ
1408 4443 1476 4494 τὸ
1521 4442 1767 4510 Πνεῦμα

1875 3338 2080 3391 dictum
2118 3357 2132 3391 :
2167 3356 2185 3388 ι
2228 3337 2517 3405 ΕΙῙιιηάαηι
2551 3338 2615 3391 de
2654 3337 2861 3405 Spiritu
2893 3357 3026 3402 meo,
3060 3360 3078 3391 ι
3117 3339 3185 3394 Ut
3215 3342 3350 3394 enim
3380 3352 3459 3396 est

1878 3427 2017 3483 Deus
2057 3440 2104 3483 et
2140 3445 2206 3483 ea:
2233 3430 2339 3482 Deo
2373 3444 2569 3483 natura
2599 3428 2802 3493 Filius,
2834 3434 3037 3500 genitus
3071 3433 3208 3485 enim
3251 3447 3314 3484 ex
3353 3432 3457 3485 Dec

1872 3534 1921 3575 et
1960 3520 2142 3585 Patre,
2168 3523 2414 3590 proprius
2457 3523 2626 3586 illius,
2661 3532 2709 3575 et
2736 3524 2786 3574 in
2819 3524 2937 3587 illo,
2969 3533 3019 3575 et
3063 3538 3128 3576 ea:
3158 3523 3251 3575 illo
3281 3523 3456 3591 Spiri-

1875 3624 1959 3665 tus
1989 3622 2092 3675 est,
2126 3630 2187 3665 ea
2225 3617 2340 3681 ipsa
2382 3614 2607 3675 ratione,
2651 3630 2755 3680 qua
2798 3624 2845 3666 et
2892 3614 2957 3665 ab
2994 3615 3105 3681 ipso
3142 3615 3460 3682 intelligitur

1878 3703 1983 3756 Deo
2031 3714 2082 3756 et
2134 3702 2312 3757 Patre.
2357 3703 2493 3756 Tum
2532 3704 2596 3756 ad
2661 3704 3048 3767 imperatorem
3085 3701 3457 3757 Theodosium

1874 3798 2125 3852 Oratione
2155 3815 2167 3848 ι
2192 3796 2594 3863 Baptisantem,
2620 3797 2719 3857 ait,
2745 3795 2928 3849 Iesum
2957 3798 3008 3848 in
3032 3797 3148 3865 igne
3173 3807 3222 3849 et
3252 3796 3459 3865 Spiritu

1874 3901 2079 3954 sancto,
2119 3907 2223 3942 non
2252 3890 2483 3943 alienant
2535 3890 2820 3956 baptizatis
2869 3889 3241 3941 immittentem
3283 3888 3461 3957 Spiri-
3497 3934 3511 3945 .

1875 3993 1988 4033 tum
2018 3982 2153 4034 servi
2182 3981 2337 4033 modo
2382 3990 2429 4034 et
2464 3981 2800 4043 administri,
2828 3980 2918 4033 sed
2969 3988 3023 4032 ut
3066 3992 3261 4032 natura
3297 3980 3460 4033 Deum

1872 4090 1995 4127 cum
2026 4090 2274 4143 suprema
2300 4074 2643 4133 auctoritate,
2664 4072 2755 4140 qui
2783 4088 2847 4124 ea:
2877 4072 2989 4139 ipso
3016 4081 3113 4135 est,
3138 4082 3184 4124 et
3213 4074 3458 4140 proiirius

1872 4164 2060 4231 ipsius.
2098 4162 2345 4231 Itemque
2393 4162 2447 4215 in
2493 4177 2602 4214 uno
2627 4176 2692 4214 ex
2739 4160 3012 4229 capitibus
3056 4162 3284 4215 secundi
3324 4159 3459 4213 Tlte-

1871 4270 2159 4310 saurorum
2207 4253 2499 4308 manifeste
2535 4253 2870 4316 ostenditur,
2934 4270 3036 4306 non
3080 4253 3314 4306 alienum
3348 4270 3457 4307 esse

1873 4348 2007 4403 Filii
2054 4347 2314 4411 Spiritum
2363 4356 2633 4411 sanciunt,
2667 4345 2757 4400 sed
2804 4347 2856 4398 in
2886 4347 3000 4415 ipso
3036 4357 3082 4399 et
3116 4363 3180 4399 ea:
3213 4348 3347 4415 ipso.
3391 4348 3458 4400 Et

1871 4443 1924 4496 in
1975 4442 2323 4511 expositione
2364 4438 2642 4507 Evangelii
2703 4440 3003 4491 secundum
3050 4436 3338 4502 Joannem,
3401 4440 3456 4492 in

177 4534 331 4585 ἐστι.
364 4532 634 4598 καθάπερ
660 4532 870 4597 ἀμέλει
898 4534 999 4586 καὶ
1045 4533 1139 4587 ἐπ’
1177 4533 1367 4587 αὑτοῦ
1402 4535 1624 4589 νοεῖται
1659 4534 1764 4587 τοῦ

1875 4538 2077 4589 dictum
2120 4553 2133 4587 :
2176 4554 2193 4586 ι
2238 4532 2304 4585 Et
2330 4542 2567 4603 suggeret
2605 4532 2744 4584 vobis
2764 4532 2944 4584 omnia
2985 4547 3307 4600 quaecunque
3343 4532 3459 4584 dixi

180 4623 336 4677 Θεοῦ
403 4627 499 4676 καὶ
564 4627 831 4691 Πατρόςο
886 4627 942 4677 ὲν
993 4625 1053 4676 δὲ
1100 4624 1177 4693 τῷ
1226 4627 1360 4695 πρὸς
1418 4627 1765 4695 τὸνβασιλέα

175 4715 463 4767 θεοὸόσιον
512 4714 693 4784 λόγῳ,
737 4713 1126 4779 Βαπτίζοντα,
1169 4717 1297 4786 ἔφη,
1356 4718 1464 4770 τὸν
1528 4719 1768 4784 Ἰησοῦν

174 4808 247 4860 ἐν
278 4808 425 4873 πυρί
456 4808 554 4862 καὶ
579 4809 726 4876 ἁγίῳ
754 4810 1076 4877 Πνεῦματι,
1101 4813 1173 4862 οὺ
1204 4811 1270 4863 τὸ
1294 4812 1616 4879 ἀλλότριον
1641 4812 1767 4877 τοῖς

172 4899 346 4961 ﬁant
372 4895 641 4963 ζομένοις
694 4897 933 4950 ἐνιέντα
1009 4899 1256 4967 Πνεῦμα
1328 4900 1760 4968 δουλοπρεπῶς

178 4991 278 5041 καὶ
314 4986 710 5054 ὑπηρετικῶς,
741 4988 880 5042 ἀλλ’
918 4990 999 5054 ὡς
1036 4994 1187 5044 Θεὸν
1230 4994 1381 5045 κατὰ
1414 4996 1605 5062 φύσιν
1630 4997 1760 5065 μετ’

176 5081 468 5145 ἐξουσίας
521 5079 633 5145 τῆς
661 5080 942 5145 ᾀνωτάτω
987 5084 1053 5135 τὸ
1091 5083 1161 5148 ἐξ
1206 5086 1399 5139 αὐτοῦ
1455 5088 1553 5139 καὶ
1599 5089 1757 5143 ἴδιον

175 5168 391 5223 αὐτοῦ.
426 5170 596 5222 Πάλιν
626 5175 683 5223 ἐν
707 5171 808 5238 μὲν
837 5172 918 5224 ἑνὶ
962 5174 1069 5224 τῶν
1096 5176 1408 5241 κεφαλαίών
1443 5177 1536 5230 τοῦ
1576 5179 1757 5232 δευτέ-

180 5274 280 5330 ρου
315 5259 451 5335 τῶν,
483 5262 817 5330 Θιισαυρῶν
850 5264 1128 5318 δείκνυται
1177 5270 1365 5333 σαφῶς
1403 5272 1513 5323 οὐκ
1569 5272 1754 5325 ἀλλό-

173 5370 343 5419 τριον
390 5356 497 5407 τοῦ
541 5357 680 5411 Υἱοῦ
728 5359 793 5410 τὸ
823 5359 1069 5428 Πνεῦμα
1131 5360 1207 5413 τὸ·
1236 5362 1432 5430 ἅγιον,
1488 5366 1631 5418 ἀλλ’
1688 5366 1758 5419 ἐν

179 5447 342 5512 αἱ·τῷ
374 5451 469 5501 καὶ
499 5450 569 5513 ἐξ
615 5450 825 5505 αὑτοῦ.
868 5452 958 5505 Ἐν
984 5454 1043 5505 δὲ
1092 5457 1159 5524 τῇ
1193 5456 1462 5526 ἑρμηνείᾳ
1490 5457 1585 5508 τοῦ
1614 5460 1756 5513 κατὰ

186 5539 444 5609 Ἰωάννην
492 5541 831 5610 Εὑαγγε).ίου
887 5548 968 5608 είς
1003 5547 1063 5599 τὸ
1100 5549 1266 5617 ῥητὸν
1296 5548 1380 5611 τὸ,
1417 5567 1436 5600 ι
1487 5551 1754 5617 Ἐκεῖνος

170 5631 518 5701 ὑπομνήσει
552 5633 705 5702 ὑμᾶς
738 5636 933 5690 πάντα
953 5635 1178 5692 ᾶεῖπον
1212 5640 1345 5709 ἐγὼ,
1378 5658 1395 5692 ι
1435 5642 1757 5711 διαπρύσιον

240 5789 286 5821 ⁸⁵
315 5787 477 5844 Joan.
517 5805 625 5852 xw,
666 5791 752 5846 26.
844 5795 888 5825 υ
920 5791 1075 5849 Joan.
1115 5811 1223 5860 xiv,
1260 5796 1350 5852 ‘25.

1874 4628 2022 4681 vobis
2044 4628 2129 4691 “,
2170 4646 2187 4678 ν
2242 4628 2390 4679 clara
2454 4641 2589 4677 voce
2656 4623 3035 4691 pronuntiavit
3072 4639 3087 4677 :
3127 4621 3318 4691 Itaque
3378 4624 3456 4674 uti

1875 4721 2041 4773 sciens
2073 4734 2390 4786 qutrcunque
2427 4718 2478 4768 in
2524 4716 2795 4769 voluntate
2827 4713 3097 4783 Unigeniti
3126 4725 3273 4779 sunt,
3316 4714 3456 4768 vobis

1873 4812 2211 4865 annuntiabit
2271 4810 2528 4883 Spiritus,
2566 4826 2667 4861 non
2716 4823 2782 4862 ea:
2816 4809 3103 4875 disciplina
3145 4808 3340 4860 habens
3370 4826 3457 4860 co-

1866 4906 2176 4973 gnitionem,
2213 4918 2272 4955 ne
2298 4901 2881 4955 videaturadministri
2913 4900 3150 4951 ordinem
3175 4898 3451 4965 complere,

1865 4995 1957 5048 sed
2002 5006 2057 5047 ut
2091 4992 2324 5059 Spiritus
2372 4992 2537 5059 ipsius
2579 5002 2623 5043 et
2651 4990 2822 5043 sciens
2854 4990 3034 5041 omnia
3085 5003 3191 5040 non
3238 4988 3452 5040 edoctus

1866 5088 2036 5146 illius,
2067 5100 2131 5137 ex
2159 5100 2282 5153 quo,
2317 5094 2363 5136 et
2395 5085 2444 5136 in
2476 5098 2576 5151 quo
2612 5091 2711 5134 est.
2744 5080 2877 5134 Item
2928 5082 3178 5133 oratione
3220 5090 3451 5147 septima

1866 5177 1933 5228 ad
1994 5175 2267 5229 Hermiam
2301 5174 2414 5226 haec
2466 5173 2660 5227 scribit
2707 5188 2721 5224 :
2763 5168 2938 5241 Igitur
2976 5169 3233 5223 Dominus
3267 5180 3449 5222 noster

1865 5267 2020 5322 Iesus
2072 5268 2336 5328 Christus,
2377 5268 2441 5319 de
2488 5265 2771 5330 omnibus,
2815 5276 2872 5317 ut
2927 5266 3132 5331 opinor,
3201 5264 3449 5333 ﬁdi-libus

1865 5363 2110 5432 bonisque
2146 5364 2220 5415 ait
2258 5379 2275 5415 .'
2310 5380 2326 5411 ι
2380 5358 2653 5413 Veniamus
2685 5376 2778 5429 ego
2813 5371 2863 5411 et
2903 5356 3082 5423 Pater,
3113 5367 3161 5410 et
3211 5357 3449 5408 mansio-

1864 5476 1978 5513 nem
2006 5462 2147 5527 apud
2177 5477 2295 5515 eum
2330 5460 2589 5527 faciemus
2611 5458 2679 5513 “.
2725 5476 2744 5508 ι
2786 5456 2853 5509 Et
2885 5458 2936 5510 in
2964 5460 3059 5510 hoc
3086 5458 3448 5527 cognoscimus

1864 5552 1919 5603 in
1955 5552 2101 5604 nobis
2131 5566 2241 5604 esse
2267 5564 2331 5601 ea:
2366 5548 2596 5617 Spiritu,
2638 5564 2790 5619 quem
2824 5548 3048 5600 tradidit
3078 5547 3227 5600 nobis
3255 5562 3274 5599 :
3304 5547 3449 5599 inco—

1865 5643 1972 5697 lant
1993 5645 2130 5697 enim
2171 5654 2217 5697 et
2248 5641 2632 5697 inhabitantem
2659 5642 2941 5709 possidebit
2963 5657 3103 5706 cum,
3135 5641 3225 5708 qui
3251 5652 3445 5692 natura
