4206 6452
830 396 960 462 2231

1856 404 2365 468 CONSTANTINI
2408 410 2951 473 MELITENIOT/E

3943 416 4083 479 1232

815 522 943 561 cum
979 507 1113 561 nihil
1143 510 1272 573 sint,
1304 524 1332 562 a
1366 508 1635 577 pestiferis
1672 522 1724 565 et
1755 513 2156 583 superstitiosis
2210 516 2372 568 humi

2494 519 2585 573 καὶ
2621 538 2756 592 πριε
2782 518 3001 592 ἀσφαλῆ
3026 520 3185 593 βασιν
3220 524 3313 577 καὶ
3364 524 3591 594 βεϐαίαν
3634 528 4078 597 ἐπερειδόμενος.

815 599 978 651 nibus
1043 598 1095 651 in
1145 598 1369 652 deorum
1418 616 1702 654 numerum
1757 604 1911 658 relati
1961 614 2123 667 sunt,
2182 614 2234 658 et
2268 620 2388 674 qua:

818 688 907 743 Diri
947 702 1071 743 sunt
1100 691 1340 759 propria,
1388 692 1456 744 ab
1488 691 1682 746 iisdem
1713 695 1995 749 constituti
2040 703 2169 749 sunt
2202 696 2383 750 vocari

815 781 1251 849 nuncuparique,
1295 784 1592 837 secundum
1650 785 1796 839 hunc
1864 804 2087 841 sensum
2134 787 2385 841 Salvator

811 874 984 926 solum
1022 888 1206 926 verum
1273 872 1438 926 Deum
1477 872 1693 928 Patrem
1727 876 2041 945 appellavit,
2095 879 2384 932 universos

809 970 947 1021 alios
1003 982 1096 1034 per
1135 969 1274 1021 hanc
1308 969 1601 1023 dictionem
1633 970 1772 1023 falso
1814 972 1946 1025 deos
1981 971 2159 1026 dictos
2200 988 2229 1025 a
2256 986 2384 1025 \ero

810 1061 919 1115 Deo
942 1060 1101 1129 longe
1132 1062 1419 1130 repellens.
1450 1063 1581 1115 Illud
1620 1078 1818 1131 porro:
1852 1064 1925 1116 De
1953 1065 2036 1117 uie
2060 1076 2232 1117 autem
2260 1064 2379 1127 illo,

806 1156 912 1207 sive
953 1154 1081 1206 hora
1130 1170 1277 1207 nemo
1324 1157 1461 1208 nouit
1499 1155 1600 1207 nisi
1652 1154 1795 1208 solus
1849 1154 2040 1218 Pater,
2079 1156 2379 1210 secundum

807 1248 967 1301 alam
994 1258 1228 1301 mentem
1258 1248 1322 1301 ad
1364 1247 1756 1302 deSLruendam
1790 1264 2011 1302 onmem
2066 1259 2376 1303 creatorum

806 1340 1171 1411 rognitioncm
1212 1341 1416 1394 dictum
1442 1349 1544 1403 est,
1575 1350 1834 1410 tanquam
1864 1357 1985 1411 qua:
2022 1343 2076 1394 in
2102 1342 2378 1395 similibus

805 1436 962 1503 plane
989 1450 1130 1488 circa
1159 1435 1248 1498 sit,
1285 1449 1458 1503 neque
1507 1437 1685 1489 valeat
1710 1436 2020 1489 futurorum
2059 1436 2163 1490 sibi
2199 1436 2379 1491 scien-

805 1527 932 1578 tiam
969 1526 1265 1579 vindicare.
1322 1524 1447 1579 Haec
1494 1527 1678 1596 itaque
1714 1529 1779 1581 de
1815 1528 2054 1581 dictione
2082 1526 2229 1579 solus
2268 1541 2375 1579 non

802 1622 936 1671 citra
986 1618 1263 1671 veritatem
1323 1620 1632 1673 emuninata
1703 1632 1868 1683 sunt,
1921 1620 2014 1674 sed
2077 1635 2198 1689 qua:
2246 1635 2377 1689 pro-

805 1714 888 1764 bis
923 1710 1206 1779 aequisque
1266 1711 1608 1764 auditoribus
1665 1712 1731 1763 ad
1776 1711 1922 1765 illius
1964 1711 2373 1779 intelligentiam

801 1804 1016 1857 abunde
1069 1803 1406 1856 sullecerint.
1450 1801 1604 1868 Quod
1641 1803 1685 1856 si
1716 1804 1959 1856 nonnulli
2010 1804 2125 1856 haec
2173 1802 2373 1856 animis

2494 606 2654 663 Ὥστε
2695 611 2984 679 τοιγαροῦν
3010 613 3171 677 μόνος
3198 617 3227 666 ό
3268 615 3455 686 Πατὴρ
3509 617 3682 671 ταῦτα
3715 617 3939 683 λέγεται
3984 622 4083 670 καί

2490 702 2655 765 ἔστιν,
2691 705 2752 756 οὐ
2792 707 2923 775 πρὶς
2949 707 3227 777 ἀναὶρεσιν
3278 707 3371 760 τοῦ
3419 707 3571 772 Υἱοῦ,
3627 709 3880 780 καθάπερ
3939 710 4076 762 ῦπος

2488 795 2848 863 λαμϐάνουσι,
2906 798 3038 866 πρὸς
3094 800 3151 853 δὲ
3196 801 3409 855 τελείαν
3462 803 3775 874 ἀνατροπὴν
3825 806 3940 857 τῶν
3979 808 4079 856 οὐκ

2486 888 2655 942 ὄντων
2692 892 2808 958 μὲν,
2845 893 3215 961 νομιζομένων
3249 895 3303 947 δὲ
3341 903 3630 966 τυγχάνειν
3658 898 3817 959 θεῶν,
3876 900 4079 961 οἵτινες

2484 982 2545 1033 τὸ
2571 982 2739 1050 μηδὲν
2777 983 2929 1045 ὀντες
2961 985 3066 1036 ὑπὸ
3094 986 3299 1056 λοιμῶν
3349 989 3438 1042 καὶ
3498 989 3917 1056 δεισιδαιμόνων
3974 993 4040 1043 ἀν
4061 1022 4073 1029 -

2483 1074 2623 1143 δρῶν
2652 1074 3086 1153 ἀνεοπλασθησαν,
3125 1080 3216 1130 καὶ
3247 1080 3313 1132 τὰ
3342 1080 3569 1133 τοιαῦτα
3604 1082 3885 1151 θεοπρεπῆ
3917 1088 4073 1151 παρὰ

2483 1166 2687 1219 τούτων
2718 1166 2898 1220 αὐτῶν
2925 1167 3234 1237 ἐτάχθησαν
3266 1172 3452 1233 κακῶς
3486 1172 3768 1225 καλεῖσθαι
3807 1191 3904 1227 και
3958 1176 4070 1228 ὀνο-

2486 1260 2777 1329 μάζεσθαι.
2838 1263 2995 1314 Κατὰ
3039 1262 3246 1333 ταύτην
3302 1267 3398 1329 τὴν
3449 1264 3705 1318 ἔννοιανὸ
3737 1267 3933 1336 Σωτὴρ
3979 1270 4073 1321 καὶ

2485 1354 2645 1422 μόνον
2676 1353 2930 1423 ἀληθινὸν
2956 1356 3126 1424 ἔφησε
3158 1362 3248 1408 τὸν
3277 1357 3499 1427 Πατέρα
3522 1359 3674 1421 Θεὸν,
3704 1360 3885 1412 πάντα
3944 1361 4070 1412 τινὰ

2478 1445 2564 1499 διὰ
2599 1448 2696 1516 τῆς
2728 1448 2986 1518 τοιαύτης
3014 1448 3198 1517 φωνῆς
3225 1448 3581 1518 ψευδώνυμον
3603 1451 3737 1504 Θεὸν
3759 1451 3855 1504 τοῦ
3908 1450 4069 1512 ὄντος

2479 1542 2965 1609 ἀποπεμπόμενος.
2994 1539 3066 1593 Τὸ
3090 1542 3169 1603 δὲ,
3205 1560 3222 1591 ι
3247 1540 3384 1608 Περὶ
3408 1540 3519 1610 τῆς
3548 1542 3775 1611 ἡμέρας
3797 1545 4066 1609 ἐκείνης.

2477 1632 2516 1701 ἢ
2551 1631 2659 1701 τῆς
2695 1631 2852 1700 ὥρας
2872 1633 3071 1699 οὐδεὶς
3098 1631 3281 1699 οἷδὲν,
3316 1636 3369 1687 εί
3388 1634 3475 1703 μὴ
3518 1637 3699 1701 μόνος
3731 1640 3764 1689 ό
3793 1640 4057 1705 Πατὴρ.)

2477 1724 2634 1778 τοῦτο
2665 1728 2806 1778 κατὰ
2837 1725 2958 1779 νοῦν
2989 1725 3175 1795 ἕτερον
3204 1727 3292 1777 ἐπ’
3323 1728 3603 1793 ἀναιρέσει
3657 1727 3910 1783 λιλεκται
3958 1732 4065 1783 πάι

2481 1834 2577 1887 σης
2617 1817 2714 1885 τῆς
2737 1818 2846 1869 τῶν
2873 1818 3149 1887 γεννητῶν
3176 1818 3429 1887 γνώσεως
3458 1819 3533 1881 ὡς
3578 1820 3924 1890 ὲξαργούσιις
3968 1826 4065 1877 αὑ-

798 1896 995 1950 alicnis
1026 1894 1461 1960 fastidiunt,«hos
1486 1896 1833 1963 persuadebit
1857 1896 2025 1948 dictio
2052 1895 2219 1959 solus,
2243 1910 2367 1947 cum

2476 1908 2574 1977 τῆς
2608 1909 2664 1959 ὲν
2690 1910 2801 1970 τοῖς
2833 1908 3094 1970 τοιούτοις
3121 1910 3447 1978 ὁλοσχερῶς,
3479 1910 3570 1961 καὶ
3634 1911 3707 1979 μὴ
3747 1911 4063 1979 δυναμένης

799 1990 943 2043 nude
976 1989 1064 2042 illa
1101 1989 1308 2057 prolata
1343 1990 1408 2040 de
1442 1986 1577 2040 Filio
1625 1997 1971 2056 agnoSCetur.
2009 1987 2196 2056 Neque
2226 1986 2373 2040 enim

800 2094 913 2135 tum
971 2080 1245 2148 quispiam
1306 2081 1501 2146 poterit
1554 2079 1945 2142 contradicere,
1998 2093 2122 2131 cum
2170 2092 2265 2147 per
2312 2092 2375 2131 ea

798 2173 1009 2242 quibus
1025 2170 1284 2235 decertat,
1305 2168 1515 2223 Patrem
1539 2170 1799 2223 destruet.
1832 2168 1895 2222 Et
1921 2184 2156 2237 quonam
2178 2169 2231 2221 in
2253 2167 2374 2223 loco

797 2266 849 2319 id
876 2265 1110 2336 positum
1144 2264 1215 2317 sit
1241 2264 1263 2315 ?
1291 2263 1561 2331 inquiunt.
1584 2263 1639 2314 In
1664 2263 1998 2330 propheticis
2023 2263 2129 2316 illis
2152 2261 2369 2315 verbis:

795 2359 896 2413 Hic
931 2358 1087 2421 Deus,
1113 2364 1161 2408 et
1187 2370 1288 2408 non
1328 2355 1659 2423 reputabitur
1711 2353 1850 2405 alim
1887 2365 2078 2421 prwter
2109 2354 2279 2419 ipsum
2305 2351 2371 2406 ⁷⁸.

798 2448 897 2504 llic
924 2449 1054 2502 illud
1089 2466 1104 2501 :
1134 2445 1201 2499 Et
1247 2462 1351 2499 non
1394 2445 1720 2512 reputabitur
1761 2444 1896 2497 alius
1941 2452 2122 2512 prtem
2176 2443 2370 2510 ipsum,

794 2544 974 2597 solum
1008 2540 1232 2595 indicat.
1269 2540 1340 2592 De
1375 2536 1515 2590 Filio
1554 2552 1679 2590 vero
1711 2551 2020 2590 sermonem
2052 2550 2191 2601 esse,
2223 2534 2371 2603 quod

795 2633 1043 2705 sequitur
1084 2630 1529 2685 manifestissime
1584 2629 1838 2683 ostendit.
1896 2627 2138 2695 Namque
2183 2626 2372 2680 subdi-

798 2740 922 2782 tur:
960 2724 1026 2779 !u
1070 2735 1212 2779 terra
1252 2722 1499 2791 apparuit
1556 2722 1873 2785 hominibus,
1922 2728 1970 2773 et
2029 2737 2148 2772 cum
2203 2718 2371 2771 homi-

800 2820 952 2874 iiibus
992 2825 1328 2872 conversatus
1368 2826 1445 2868 est
1474 2815 1540 2867 ⁷⁸.
1587 2813 1722 2867 Cum
1760 2815 1941 2882 itaque
1977 2814 2111 2867 satis
2166 2818 2368 2881 pateat,

796 2916 848 2967 id
884 2914 1087 2968 dictum
1115 2925 1236 2965 esse
1272 2909 1338 2963 de
1366 2907 1522 2973 Filio,
1555 2908 1622 2961 de
1648 2923 1757 2976 quo
1786 2908 1995 2959 nullum
2026 2906 2169 2974 apud
2198 2906 2373 2959 ullum

795 3005 876 3061 vel
902 3000 1450 3071 tninimumdubium
1485 3008 1589 3064 est,
1630 3014 1753 3052 cum
1790 2999 1875 3051 hic
1906 2998 2019 3065 ipse
2053 3000 2144 3062 sit,
2176 2997 2268 3066 qui
2309 2997 2363 3048 in

794 3113 961 3156 carne
987 3099 1039 3151 in
1067 3106 1207 3151 terra
1228 3094 1477 3165 apparuit
1503 3102 1557 3146 et
1582 3108 1705 3147 cum
1726 3091 2037 3144 hominibus
2061 3091 2114 3143 in
2140 3104 2369 3159 corpore

2478 2001 2663 2069 αὐχεῖν
2693 2000 3002 2069 ἐπιστήμην
3027 1999 3122 2053 τοῦ
3148 2001 3451 2070 μέλλοντος.
3477 1999 3658 2054 Ταῦτα
3684 2005 3784 2070 μὲν
3815 2003 3910 2055 οῦν
3937 2007 4065 2072 περὶ

2476 2095 2569 2148 τοῦ
2598 2096 2787 2164 μόνος
2818 2096 2949 2166 ἡμῖν
2982 2096 3120 2165 μετά
3150 2095 3249 2164 τῆς
3290 2095 3548 2165 ἀληθείας
3580 2096 3896 2167 ἐξήτασται,
3926 2100 4061 2150 πᾶν·

2475 2208 2582 2253 τως
2606 2190 2663 2244 δὲ
2722 2192 2832 2252 τοῖς
2882 2189 3191 2258 εὐγνώμοσι
3235 2187 3345 2241 τῶν
3394 2190 3678 2260 ἀκροατῶν
3731 2191 4064 2260 ἀποχρῶντα

2477 2280 2612 2349 πρὸς
2647 2287 2745 2349 την
2767 2279 2931 2332 αὐτοῦ
2959 2280 3307 2348 κατανόησιν.
3366 2281 3426 2332 El
3471 2281 3528 2334 δέ
3556 2298 3698 2343 τιιες
3726 2282 3835 2333 τῶν
3884 2282 4063 2343 ἄλλως

2475 2368 2707 2442 ἑχόντων
2739 2374 2875 2424 είσὶν
2907 2371 3408 2436 ἀποδυσπετοῦντες
3460 2375 3597 2444 πρὶς
3657 2374 3723 2428 τὰ
3763 2374 4060 2443 λεγόμενα,

2472 2467 2781 2535 δυσωπήοει
2815 2468 2952 2533 πρὸς
3005 2463 3177 2517 πειθὼ
3207 2464 3431 2529 τούτους
3480 2465 3611 2517 αὐτὸ
3640 2466 3699 2517 τὸ
3726 2467 3923 2535 μόνος
3964 2485 4059 2534 γυ-

2478 2559 2607 2627 μνὸν
2634 2558 2799 2628 ἡνίκα
2823 2557 3075 2625 κείμενον
3112 2558 3203 2609 ἐπὶ
3257 2558 3355 2610 τοῦ
3410 2558 3539 2610 Υίοῦ
3594 2559 4057 2628 γνωρισθήσεται.

2475 2651 2581 2703 Καὶ
2615 2654 2723 2717 γὰρ
2750 2652 2847 2717 οὐχ
2875 2648 2991 2712 ἕξει
3017 2666 3097 2707 τις
3137 2636 3437 2715 τηνικαῦτα
3484 2649 3546 2700 τὸ
3607 2648 3827 2700 σύνολον
3875 2653 4061 2701 ἀντει-

2472 2745 2596 2795 π.ἶν
2624 2760 2638 2772 ·
2666 2742 2896 2809 ἐπείπερ
2935 2740 3126 2793 ἀπολεῖ
3155 2744 3245 2793 τῖιν
3294 2741 3516 2811 Πατέρα
3545 2741 3612 2794 δι’
3650 2736 3725 2793 ὧν
3779 2743 4057 2807 ἀγωνίσε-

2471 2850 2577 2887 ται.
2617 2834 2728 2886 Καὶ
2775 2831 2875 2884 ποῦ
2921 2831 3080 2883 τοῦτο
3112 2831 3349 2883 τέθειται
3381 2847 3395 2893 ;
3430 2830 3651 2899 ζητοῦσι
3694 2832 3912 2899 μαθεῖν.
3966 2832 4057 2883 Ἐν

2470 2928 2697 2989 ἐκείνοις
2725 2929 2836 2988 τοῖς
2873 2926 3234 2994 προφητικοίς
3277 2928 3537 2994 ῥήμασιν,
3561 2922 3785 2991 «Οὗτος
3815 2928 3848 2979 ό
3882 2927 4052 2990 Θεὸς,

2471 3022 2570 3075 καὶ
2617 3022 2690 3074 οὐ
2726 3019 3159 3088 λογισθήσεται
3184 3020 3389 3088 ἕτερος
3418 3022 3567 3087 πρὸς
3598 3023 3804 3073 αὐτόν.
3866 3040 3884 3071 ι
3934 3024 4049 3073 Ἕν-

2471 3113 2643 3167 ταῦθα
2671 3114 2751 3175 τὸ,
2788 3132 2805 3164 ι
2842 3116 2923 3165 Οὐ
2937 3112 3363 3180 λογισθήσεται
3389 3113 3589 3179 ἕτερος
3607 3113 3755 3180 πρὸς
3786 3116 3927 3166 αι’τί
3941 3132 3999 3175 ν,
4031 3134 4049 3164 ι

795 3199 1153 3247 conversatus
1192 3198 1299 3253 est,
1330 3189 1394 3241 de
1416 3187 1655 3240 dictione
1688 3184 1832 3238 solus
1876 3199 1969 3252 per
1993 3199 2094 3237 nos
2125 3184 2363 3249 explica-

2476 3207 2531 3257 τὸ
2562 3207 2717 3274 μόνος
2748 3205 2915 3273 δηλοῖ,
2950 3205 3022 3256 Τὸ
3062 3205 3106 3256 δ’
3144 3197 3282 3256 εἶναι
3310 3206 3438 3271 περὶ
3466 3204 3561 3256 τοῦ
3613 3203 3738 3256 Υἱοῦ
3770 3205 3863 3255 τὸν
3894 3206 4057 3271 λόγον

798 3288 866 3340 tis
897 3285 1209 3351 quicunque
1239 3279 1577 3343 suadebitur,
1608 3276 1712 3330 nisi
1751 3286 1928 3329 mente
1961 3276 2239 3342 deperdita
2276 3292 2367 3327 vo-

798 3373 956 3427 luerit
989 3372 1190 3424 damno
1238 3384 1344 3421 non
1388 3366 1677 3421 tolerando
1710 3365 1929 3419 Patrem
1979 3368 2192 3418 allicere
2227 3365 2368 3433 apud

797 3480 962 3519 sanos
997 3462 1407 3531 prudentesque
1433 3458 1703 3518 hoinines.
1740 3458 2011 3527 etquibus
2049 3456 2189 3509 Filio
2215 3455 2367 3517 favit,

798 3559 905 3610 illis
937 3556 1129 3608 iisdem
1152 3553 1457 3621 periculum
1489 3550 1758 3613 omnium,
1786 3565 1906 3618 qua:
1931 3564 2170 3618 unquam
2196 3550 2367 3610 fuere,

798 3650 1205 3702 atrocissimum
1243 3661 1308 3699 ac
1337 3643 1868 3697 miserabilissimum
1895 3640 2041 3693 Patri
2077 3643 2366 3694 intentare.

800 3741 1030 3795 Possum
1049 3741 1212 3792 etiam
1234 3753 1297 3791 ex
1324 3737 1434 3791 alio
1452 3736 1749 3803 Scripturze
1767 3748 1795 3787 a
1812 3733 1923 3787 Deo
1942 3733 2226 3802 inspirata:
2251 3732 2368 3785 loco

798 3834 966 3885 solum
986 3833 1049 3884 de
1069 3828 1209 3883 Filio
1232 3829 1437 3881 dictum
1465 3826 2027 3894 demonstrare,qnod
2049 3823 2175 3877 dum
2203 3838 2365 3893 quant

801 3925 1046 3994 proxime
1074 3921 1415 3993 propositum
1439 3934 1664 3983 scopum
1700 3919 1949 3987 attingat,
1983 3917 2216 3970 validius
2250 3917 2367 3970 bel-

801 4024 911 4071 tum
938 4016 1098 4071 nobis
1118 4014 1413 4069 inferentes
1432 4013 1673 4079 impetct,
1689 4020 1745 4065 et
1763 4011 1872 4064 illis
1895 4010 2109 4064 fortiter
2130 4010 2366 4064 resisret.

800 4110 967 4177 idque
1006 4104 1150 4176 apud
1198 4120 1334 4160 sano
1388 4104 1551 4158 tnodo
1595 4118 1684 4157 res
1731 4102 2117 4171 intelligentes,
2153 4100 2365 4154 Patrem

796 4201 1118 4268 neutiquam
1150 4195 1483 4259 vulnerabit,
1514 4206 1568 4248 et
1599 4207 1870 4249 summam
1902 4192 2107 4246 Christi
2140 4192 2367 4262 gloriam

798 4291 1055 4344 munibus
1117 4302 1319 4343 sonore
1368 4286 1774 4355 deprmdicabtt.
1808 4283 1912 4338 Sed
1938 4285 2050 4349 jam
2096 4285 2367 4351 scriptura

802 4382 1083 4437 recitanda
1114 4390 1225 4443 est,
1254 4389 1307 4432 et
1335 4379 1464 4433 dicti
1494 4386 1705 4441 auctor,
1740 4388 1793 4429 et
1818 4376 2039 4429 eﬂ'alutn
2080 4378 2278 4444 ipsum,
2312 4384 2371 4427 ut

801 4475 925 4527 imle
961 4487 1181 4541 quoque
1214 4472 1373 4524 nobis
1393 4470 1459 4523 de
1487 4483 1545 4522 re
1576 4468 1855 4536 proposita
1894 4468 2050 4520 fidem
2087 4478 2370 4534 compares

2470 3297 2527 3348 τὸ
2559 3295 2686 3363 ἑξῆς
2714 3296 3018 3363 τρανότατα
3045 3294 3305 3347 δείκνυσι.
3338 3294 3488 3346 Μετά
3515 3294 3672 3346 τοῦτο
3694 3297 3800 3365 γάρ
3846 3313 4013 3363 φησιν
4039 3312 4053 3325 ⁸

2476 3405 2494 3439 ι
2548 3388 2677 3440 Ἐπί
2713 3382 2823 3453 τῆς
2865 3385 2979 3454 γῆς
3008 3384 3196 3453 ὤφθη.
3228 3388 3323 3437 καὶ
3355 3385 3479 3449 τοῖς
3534 3386 3868 3453 ἀνθρώποις
3898 3404 4053 3439 cvr-

2468 3477 2842 3543 ανεστρὰφη.
2880 3493 2898 3525 ι
2926 3473 3169 3543 Φανεροῦ
3222 3477 3404 3525 τοίνυν
3448 3475 3807 3542 ὑπάρχοντος,
3860 3478 3942 3527 ὅτι
3998 3478 4054 3527 τὸ

2469 3571 2765 3638 λεγόμενον
2798 3568 3047 3638 περὶτοῦ
3093 3567 3246 3627 Υἲοῦ.
3299 3570 3388 3618 καὶ
3430 3569 3570 3619 κατὰ
3609 3567 3769 3619 τοῦτο
3820 3570 4053 3636 μιβενὲς

2468 3663 2577 3715 τῶν
2605 3659 2861 3714 ἁπάντων
2901 3658 3256 3729 μηδυπωσοῦν
3302 3658 3757 3726 ἀμφιεάλλοντος,
3817 3660 4051 3727 ἐπείπερ

2471 3755 2637 3817 αὐτὸς
2668 3747 2818 3815 οὗτος
2845 3755 2872 3805 ὁ
2902 3749 3179 3822 σαρκικῶς
3211 3751 3361 3802 κάτω
3391 3752 3601 3816 φανεὶς,
3639 3748 3734 3801 καὶ
3786 3752 3900 3811 τοῖς
3952 3753 4053 3803 ἀνη

2472 3846 2710 3916 θρώποις
2740 3843 3209 3912 συναναστραφεὶς
3251 3840 3388 3907 μετὰ
3438 3839 3710 3906 σώματος,
3760 3843 3875 3898 τοίς
3924 3844 4052 3908 περὶ

2470 3938 2565 3992 τοῦ
2619 3941 2811 4007 μόνος
2869 3932 3000 4004 παρ’
3065 3934 3222 4003 ἡμῶν
3285 3934 3645 3999 ἐγνωσμένοις
3696 3932 4051 4000 πεισθήσεται

2471 4031 2598 4093 πᾶς.
2623 4030 2671 4081 εί
2701 4028 2778 4098 μὴ
2811 4026 2997 4096 μέλλοι
3028 4022 3407 4094 φρενοϐλαὸῶς
3442 4024 3535 4074 τὶν
3562 4022 3778 4091 Πατέρα
3830 4022 4048 4092 ζημιω-

2471 4119 2733 4191 θήσεσθαι
2786 4117 2989 4187 ζημίαν
3035 4117 3097 4169 οὗ
3160 4114 3403 4184 φορητὴν
3450 4115 3761 4176 τοῖς·τέως
3817 4129 3882 4180 γε
3926 4114 4051 4166 νοῦν

2470 4212 2676 4281 ἔχουσι,
2705 4211 2797 4262 καὶ
2830 4208 2897 4262 δι’
2920 4202 2995 4261 ὧν
3026 4207 3427 4260 κατεσπούδασε
3469 4207 3561 4259 τοῦ
3594 4205 3744 4271 Υίοῦ,
3805 4207 3923 4258 me
3936 4224 4050 4258 nev

2469 4299 2564 4353 τοῦ
2598 4298 2809 4368 Πατρδς
2866 4296 3293 4367 ὑποστήσεσθαι.
3354 4295 3620 4350 κινδύνων
3664 4297 3775 4349 τῶν
3826 4296 4048 4349 πώποτε

2471 4394 2775 4461 γενομένων
2856 4394 3000 4443 τισὶν
3067 4390 3428 4460 ὲλεεινότερόν
3499 4407 3557 4441 τε
3636 4391 3728 4441 καὶ
3794 4388 4049 4443 ἀθλιώτε-

2476 4502 2587 4556 ρον.
2638 4484 2787 4552 Ἐχω
2818 4484 2913 4535 καὶ
2951 4478 3184 4550 ἀλλαχοῦ
3210 4480 3306 4547 τῆς
3332 4479 3687 4532 θεοπνεύστου
3718 4479 3755 4530 Γ
3762 4480 3939 4547 pagi};
3993 4479 4048 4530 τὸ

803 4582 943 4619 mus.
1015 4563 1197 4617 Prima
1266 4563 1530 4616 adversus
1592 4563 1826 4615 Atla’lOS
1875 4562 2158 4622 oratione,
2222 4558 2371 4612 orbis

2476 4573 2661 4646 μόνος
2690 4575 2781 4627 ἐπὶ
2800 4573 2893 4627 τοῦ
2920 4571 3043 4626 Γίοῦ
3070 4572 3239 4635 δεῖξαι
3265 4573 3534 4640 κείμενον,
3554 4571 3687 4637 ὅπερ
3712 4570 3785 4630 ὡς
3820 4570 4044 4635 ἔγγιστα

804 4670 1069 4711 terrarum
1094 4656 1277 4710 lumen
1304 4656 1635 4708 Athanasius
1661 4655 1849 4707 scribit
1875 4693 1886 4704 .
1918 4651 2090 4704 Filius
2118 4665 2237 4703 vero
2264 4650 2375 4703 vice

801 4764 950 4805 versa
1000 4749 1139 4801 Deus
1184 4765 1302 4800 cum
1341 4750 1431 4808 sit,
1477 4758 1524 4799 et
1576 4747 1794 4814 imperio
1836 4745 2020 4798 Patris
2055 4760 2258 4813 semper
2292 4760 2376 4797 rc-

802 4856 991 4914 gnans,
1041 4853 1088 4895 et
1136 4840 1364 4910 Spiritus
1416 4842 1587 4892 sancti
1634 4840 1779 4891 solus
1822 4837 2000 4890 dator.
2050 4839 2169 4903 Quo
2209 4851 2374 4891 sensu

803 4939 945 4991 solus
996 4937 1128 4990 illud
1185 4936 1487 5003 accipietur
1544 4936 1676 4993 hic,
1736 4949 1865 5002 erga
1921 4948 2019 4986 vos
2070 4932 2374 4985 orationem

806 5040 979 5083 incam
1041 5030 1094 5081 in
1142 5028 1395 5094 praesenti
1448 5036 1725 5080 converto.
1788 5023 2227 5092 Spoliahitnusne
2271 5021 2375 5075 Pa-

806 5129 942 5169 trem
981 5115 1218 5185 Spiritus
1245 5117 1484 5177 datione,
1538 5130 1597 5169 ut
1632 5115 1732 5168 soli
1766 5115 1841 5167 illi
1878 5116 2155 5183 processio
2208 5112 2371 5165 lueri-

807 5209 933 5263 fiat?
973 5208 1163 5262 Absit!
1210 5216 1263 5261 et
1306 5209 1351 5263 sl
1397 5208 1564 5261 multa
1606 5217 1770 5276 atque
1818 5206 2061 5275 ingentia
2088 5190 2212 5275 qua:
2245 5206 2372 5259 inde

818 5301 1142 5355 exoriuntur
1174 5299 1430 5362 absurda,
1465 5309 1519 5353 et
1552 5312 1747 5368 magno
1768 5299 2093 5369 prolixoque
2122 5312 2375 5352 sermone

806 5393 1068 5462 indigent,
1116 5391 1488 5460 praetereunda
1535 5406 1563 5443 a
1602 5391 1763 5446 nobis
1806 5402 2013 5445 essent.
2062 5392 2189 5444 Hec
2246 5406 2373 5443 vero

805 5488 983 5538 omnia
1014 5485 1214 5538 nemini
1237 5500 1344 5539 non
1372 5496 1497 5539 nota
1525 5496 1709 5555 patent
1731 5486 2009 5538 omnibus.
2041 5484 2139 5548 Ne,
2160 5500 2367 5554 qnteso,

803 5591 929 5643 erga
963 5575 1194 5639 l’atrem,
1246 5575 1504 5645 Spiritus,
1562 5577 1807 5645 inquam,
1850 5575 2079 5637 fontem,
2132 5587 2367 5628 tantum-

806 5674 925 5725 dem
957 5668 1187 5736 improbi
1220 5670 1586 5737 negotiatores
1621 5670 1815 5734 simus,
1857 5679 1912 5722 ιιι
1949 5671 2185 5739 primum
2226 5670 2372 5723 illius

875 5826 921 5858 ⁷⁸
943 5826 1151 5883 Barucit
1186 5843 1267 5895 ιιι,
1307 5827 1397 5882 36.
1473 5828 1515 5859 '*
1543 5827 1674 5882 ibid.
1711 5828 1799 5883 58.

2477 4668 2571 4725 τοῦ
2598 4667 2965 4736 προκειμένου
2997 4662 3201 4716 σκοποῦ
3235 4662 3431 4732 βάλλον
3478 4662 3823 4729 ἰσχυρότερον
3863 4662 3921 4712 ὃν
3955 4663 4044 4710 :‘n-

2476 4758 2855 4827 τιστρατεύσει
2901 4758 3013 4816 τοῖς
3062 4754 3209 4822 ἡμᾶς
3260 4752 3580 4821 πολεμοῦσι,
3626 4753 3719 4803 καὶ
3771 4750 4045 4819 κραταιῶς

2476 4848 2879 4916 ἀντιστήσεται.
2906 4844 3049 4913 Πλὴν
3066 4841 3188 4896 οὔτε
3200 4842 3531 4910 λυμανεττὸν
3553 4841 3772 4908 Πατέρα
3792 4841 3901 4895 τοῖς
3922 4839 4045 4890 αῦτῦ

2478 4941 2788 5009 δεχομένοις
2813 4937 3009 5008 ὀρθῶς,
3032 4936 3124 4989 καὶ
3161 4935 3258 5004 τὴν
3283 4934 3459 5003 ἄκραν
3495 4930 3589 4983 τοῦ
3620 4930 3857 4999 Χριστοῦ
3892 4930 4045 4992 δόξαν

2479 5031 2695 5102 τρανῶς
2736 5026 3074 5098 ἀναγηρύξει
3105 5027 3223 5086 τοῖς
3255 5024 3451 5077 ἅπασι.
3478 5023 3585 5076 Καὶ
3620 5022 3685 5090 δὴ
3711 5021 3930 5073 λεκτέον
3954 5023 4044 5085 τὴν

2482 5122 2721 5192 γραῳὴν,
2754 5122 2844 5173 τὸν
2886 5119 3130 5181 εἰπόντα,
3181 5114 3276 5168 καὶ
3316 5115 3377 5167 τὸ
3428 5115 3614 5185 ῥητὸν,
3661 5116 3804 5173 ὅπως
3846 5112 3913 5165 ἀι
3956 5115 4044 5161 καὶ

2479 5213 2613 5282 περὶ
2642 5213 2829 5265 τούτου
2852 5209 2910 5263 τὶ
2941 5211 3131 5262 πιστὸν
3159 5208 3300 5277 ἔχειν
3328 5206 3589 5276 δόξωμεν.
3626 5206 3713 5257 Ἐν
3743 5205 3818 5274 τῷ
3849 5208 4042 5270 πρώτῳ

2479 5306 2624 5357 κατὰ
2653 5301 2945 5373 Ἀρειανῶν
2966 5300 3110 5371 λόγῳ
3138 5300 3301 5367 φησιν
3325 5300 3351 5350 ό
3369 5300 3464 5364 τῆς
3486 5296 3805 5367 οἰκουμένης
3825 5299 4041 5365 φωστὴρ

2491 5399 2808 5458 Ἀθανάσιος
2834 5413 2850 5427 ⁶
2895 5395 2959 5447 '0
2986 5394 3055 5446 δὲ
3100 5394 3229 5458 Υἱὸς
3256 5396 3321 5445 τὸ
3352 5392 3615 5459 ἔμπαλιν
3648 5390 3789 5456 Θεὸς
3817 5390 3925 5449 ὢν,
3953 5391 4037 5441 ναί

2480 5489 2553 5555 τῇ
2584 5490 2738 5553 ,ϐασι
2756 5491 2871 5554 λείᾳ
2912 5488 3019 5541 τοῦ
3050 5487 3280 5554 Πατρός
3320 5485 3411 5537 ἀεὶ
3442 5484 3816 5547 βασιλεύων.
3856 5483 3958 5535 τοῖο
3991 5496 4042 5531 re

2482 5582 2828 5648 ΙΙνεύματος
2859 5577 2964 5631 τοῦ
2998 5580 3169 5647 ἁγίου
3212 5577 3394 5639 αὐτὸς
3426 5572 3512 5627 ὢν
3545 5575 3803 5644 χορηγὸς
3842 5576 4041 5641 μόνος.

2485 5672 2607 5734 ηὼς
2637 5672 2693 5727 τὸ
2727 5672 2916 5740 μόνος
2946 5672 3228 5739 νοήσωμεν
3250 5668 3545 5731 κάνταῦθα,
3583 5670 3715 5736 πρὸς
3754 5666 3899 5734 ὑμᾶς
3936 5666 4043 5720 τοὺς
