4206 6452
264 416 404 481 1245

1119 426 1215 483 DE
1259 426 1769 487 PROCESSIONE
1812 430 1871 488 S.
1916 430 2278 490 SPIRITUS
2318 432 2542 494 ()RAT.
2586 432 2670 492 ΙΙ.

3374 432 3508 494 1946

264 529 413 591 Τέως
453 530 533 593 ὡς
575 530 642 582 ἂν
696 532 1200 603 ἑπεξεργασὰμενοι
1234 536 1294 588 τὸ
1344 538 1625 606 συντόμως
1678 541 1836 608 ῥηθὲν

1950 553 2139 597 nentes
2170 542 2465 611 perfectius
2504 554 2748 598 nostram
2800 544 2869 597 de
2916 545 3018 600 boc
3058 547 3383 600 Selllt'lllialll
3420 563 3520 603 ex.

258 625 589 691 τελεώτερον
616 624 705 676 τὸν
736 626 894 693 ἡμῶν
920 628 980 677 ὲν
1009 626 1184 696 τούτῳ
1213 628 1338 681 νοῦν
1366 635 1831 701 παραστήσωμεν.

254 716 373 766 Οὐκ
401 714 722 783 ἀνατρέπων
752 718 812 798 τδ
840 717 1093 779 λέγεσθαι
1117 722 1173 773 τῦ
1204 722 1425 789 Πνεῦμα
1453 724 1512 776 τὸ
1552 724 1709 792 ἅγιον
1740 727 1836 778 καὶ

253 807 323 859 ἐκ
357 805 452 857 τοῦ
478 805 629 868 Υίοῦ,
651 807 750 876 τὴν
777 809 937 877 ῥῆσιν
966 810 1088 877 τὴν,
1122 812 1223 864 Ἐκ
1250 813 1355 867 τοῦ
1384 814 1515 869 Υιοῦ
1542 814 1611 868 δὲ
1637 818 1709 869 οὐ
1735 816 1832 870 λέ-

257 910 472 961 γομεν,
522 889 679 948 εἶπεν
714 897 744 949 6
796 900 1199 967 χαριτώνυμος.
1253 902 1518 975 Ἐπείπερ
1569 904 1713 958 οὕτω
1770 923 1836 974 γε

255 986 482 1046 πάντως
510 986 540 1053 ἢ
575 986 676 1049 τὰς
706 988 976 1053 τοσαύτας
1009 995 1194 1057 φωνὰς
1223 993 1332 1046 τῶν
1360 994 1709 1064 Θεοφοόγγων
1738 999 1835 1051 καὶ

255 1074 483 1127 σεπτών
510 1077 775 1145 Πατέρων
810 1080 987 1145 ἔδοξεν
1014 1084 1251 1147 ἀγνοεῖν,
1289 1086 1383 1139 καὶ
1416 1091 1567 1150 ποῖος
1604 1088 1671 1142 ἂν
1704 1088 1834 1143 ταύ-

253 1179 357 1223 τας
398 1163 587 1234 ἕτερος
617 1161 779 1246 εἶδεν,
828 1169 877 1220 εί
908 1168 983 1239 μὴ
1032 1170 1164 1237 φαίη
1202 1189 1286 1233 τις
1314 1173 1406 1225 τὸν
1453 1174 1706 1228 τοσοῦτον
1734 1176 1835 1246 τὴν

255 1255 367 1305 τῶν
402 1256 565 1320 ιερῶν
617 1244 900 1325 δογμάτων
947 1260 1230 1327 ὲξέτασιν;
1267 1264 1298 1333 ἢ
1354 1266 1659 1332 γινώσκων,
1696 1244 1834 1339 προς

255 1347 545 1415 ἀναίρεσιν
594 1352 689 1400 καὶ
744 1351 956 1404 τελείαν
1000 1355 1311 1422 ἀνασκευὴν
1358 1356 1563 1411 τούτων
1614 1361 1834 1428 χωρεῖν.

259 1438 372 1489 Καὶ
407 1441 514 1507 μὴν
554 1441 677 1503 τοὺς
710 1443 962 1507 πλείονας
1004 1446 1183 1498 αὐτῶν
1218 1450 1545 1521 γεννήτορας
1586 1454 1672 1504 ἐπ’
1715 1453 1840 1505 Ἐκ-

256 1529 493 1599 κλησίας
521 1530 750 1600 ὕμνησε.
802 1534 1104 1607 Τοιγαροῦν
1143 1540 1244 1593 οὐκ
1273 1542 1597 1612 ἀνατρέπων
1625 1547 1708 1609 τὸ,
1736 1546 1836 1599 καὶ

253 1621 319 1673 tas
380 1621 488 1676 τοῦ
558 1624 879 1695 ricinum
942 1628 1330 1697 διαληφθεῖσαν
1380 1636 1408 1685 6
1462 1635 1625 1704 σοφὸς
1678 1639 1836 1707 ῥῆσιν

256 1710 486 1777 ἔφησεν,
524 1713 659 1767 ἀλλὰ
685 1717 744 1768 τὺ
778 1717 1105 1785 πρεσϐεύειν
1130 1721 1193 1771 ἐκ
1223 1722 1316 1775 τοῦ
1349 1720 1477 1775 Υίοῦ
1519 1725 1578 1775 τὸ
1611 1724 1837 1793 Πνεῦμα

253 1801 313 1851 τὸ
343 1801 521 1866 ἆγιον,
570 1803 645 1866 ὡς
671 1806 740 1857 ἐκ
789 1806 1015 1875 πρώτης
1047 1809 1240 1878 ἀρχῆς,
1273 1812 1413 1880 ὅπερ
1461 1812 1568 1864 τῶν
1600 1814 1835 1867 ἔκπαλαι

256 1906 399 1942 τισιν
453 1894 711 1964 ἐνομίσθη
766 1898 972 1958 κακῶς.
1025 1900 1277 1953 ἐντεῦθεν
1325 1904 1830 1974 ἁποπεμπόμενεςο

250 1984 341 2035 διὰ
374 1984 536 2038 τοῦτο
567 1986 673 2055 γὰρ
710 1989 933 2057 εἴρηκεν
959 1991 1027 2043 ἐκ
1054 1992 1159 2045 τοῦ
1197 1993 1354 2055 Υὶοῦ,
1396 1996 1470 2066 μὴ
1509 1997 1691 2065 μέντοι
1713 1998 1829 2052 κάκ

252 2074 361 2127 τοῦ
406 2076 541 2130 Flor”:
592 2079 961 2152 διηγόρευσεν.
1012 2082 1166 2137 Ἐπεὶ
1215 2086 1370 2139 τοῦτο
1418 2089 1684 2159 πολλαχοῦ
1738 2092 1831 2144 καὶ

250 2162 410 2230 οὗτος
459 2169 567 2228 τῷν
610 2171 957 2240 δογματικῶν
1011 2177 1324 2244 κεφαλαίων
1378 2181 1565 2244 αὐτοῦ,
1608 2185 1830 2251 προσέτι

248 2259 304 2310 δὲ
336 2260 434 2313 καὶ
468 2261 579 2314 τῶν
608 2264 824 2317 οἰκείων
851 2265 1029 2335 μελῶν
1058 2268 1204 2320 ἔστιν
1237 2264 1298 2324 οὗ
1331 2272 1610 2341 προδήλως
1638 2276 1834 2343 ἐκήρυ-

249 2350 368 2415 ξεν,
406 2353 464 2403 ἐν
493 2352 638 2414 ὅσοις
665 2353 865 2425 δηλαδὴ
896 2356 1100 2409 τούτων
1134 2357 1228 2411 διὰ
1274 2359 1375 2414 τοῦ
1415 2361 1550 2415 Υὶοῦ
1585 2362 1649 2415 τὸ
1678 2380 1831 2415 παν-

250 2441 427 2510 ἁγ-ιον
470 2445 708 2514 Πνεῦμα
749 2446 1154 2518 τεθεολόγηκεν,
1192 2452 1273 2504 ὅτι
1320 2453 1516 2508 ταυτὸν
1547 2455 1609 2506 τό
1648 2471 1705 2508 τε
1736 2455 1832 2508 διὰ

250 2531 363 2584 τοῦ
393 2533 528 2587 Υἱοῦ
556 2534 715 2588 τοῦτο
747 2537 841 2589 καὶ
887 2538 949 2591 τὸ
978 2540 1092 2593 κάκ
1124 2541 1231 2595 τοῦ
1266 2541 1403 2595 Υιοῦ
1442 2545 1555 2606 τοῖς
1594 2546 1735 2598 κατά
1768 2560 1828 2611 γε

250 2621 354 2691 τὴν
396 2624 604 2679 ἔννοιαν
633 2628 741 2680 τῶν
770 2629 1027 2684 τοιούτων
1059 2632 1251 2699 φωνῶν
1294 2633 1679 2702 ἐμϐαθύνουσι.
1720 2636 1832 2687 Κα-

254 2717 436 2785 θάπερ
486 2723 595 2787 γὰρ
646 2721 936 2789 ὁμολογίαν
987 2724 1083 2788 τῆς
1125 2726 1607 2795 προκαταρκτικῆς
1656 2728 1834 2791 αἰτίας

253 2809 417 2879 αὐχεῖ
446 2811 586 2863 κατὰ
630 2812 723 2864 τὸν
751 2812 925 2881 μέγαν
959 2812 1234 2867 Βασίλειον
1283 2815 1345 2868 τὸ
1375 2815 1473 2869 διὰ
1521 2818 1628 2870 τοῦ
1675 2817 1831 2880 Υιοῦ,

256 2900 352 2956 τὸν
405 2902 590 2972 ὅμοιον
637 2906 838 2975 τρόπον
899 2908 990 2959 καὶ
1022 2908 1084 2959 τὸ
1141 2908 1210 2960 ἐκ
1262 2906 1370 2962 τοῦ
1436 2906 1575 2961 Υιοῦ
1634 2910 1836 2979 ταύτην

255 2993 518 3057 δείκνυσι,
554 2996 649 3048 καὶ
690 2998 824 3068 πρὸς
861 2999 1031 3070 αὐτὴν
1062 3002 1173 3062 τοῖς
1211 3001 1565 3069 εὐεπηϐὀλοις
1595 3002 1685 3056 τὸν
1713 3002 1837 3055 νοῦν

258 3085 615 3157 ἀναφέρεται.
649 3088 723 3140 Τδ
764 3090 819 3143 δὲ
849 3090 919 3143 ἐκ
957 3090 1064 3145 τοῦ
1116 3092 1274 3155 Υιοῦ,
1307 3094 1412 3148 κᾶν
1457 3095 1515 3148 αἱ
1552 3094 1837 3164 προθέσεις

258 3177 427 3247 ἔχωσι
448 3180 509 3231 τὸ
530 3179 708 3251 πάντη
737 3182 954 3245 ταυτὸν,
984 3182 1058 3245 ὼς
1083 3183 1376 3253 ἀρχόμενοι
1394 3185 1487 3238 τοῦ
1513 3186 1670 3253 λόγου
1698 3187 1837 3239 κατὰ

258 3269 319 3320 τὸ
353 3268 559 3337 ἀρκοῦν
611 3273 1057 3343 παρεστήσαμεν,
1106 3275 1255 3343 ὅμως
1284 3275 1330 3327 δ’
1374 3271 1467 3329 οὖν
1497 3278 1557 3329 τὸ
1602 3277 1839 3330 νοεῖσθαι
1867 3253 1909 3310 c

258 3362 352 3412 τὸν
403 3361 531 3414 Υἰδν
570 3362 795 3431 πρώτην
840 3365 1015 3433 ἀρχὴν
1042 3366 1278 3435 ὑποψίαν
1327 3369 1576 3422 ὁπωσοῦν
1611 3370 1842 3439 παρέχει

258 3451 353 3502 καὶ
386 3450 590 3504 δίδωσι.
625 3452 733 3504 Καὶ
762 3454 834 3521 μή
866 3470 956 3522 μοι
983 3454 1187 3522 λεγέτω
1217 3473 1300 3520 τις
1333 3461 1668 3527 παραυτίκα,
1707 3458 1841 3528 πρὸς

258 3539 535 3592 ἀντίθεσιν
572 3542 743 3610 μόνην
774 3543 922 3609 ὀξὺς,
954 3546 1034 3597 ὅτι
1066 3549 1159 3600 καὶ
1184 3549 1213 3599 6
1244 3548 1341 3601 καὶ
1369 3548 1662 3618 σύνδεσμος
1687 3546 1839 3612 οὗτος

257 3630 495 3698 δήλωσιν
528 3633 710 3701 ἀρχῶν
743 3635 835 3686 δύο
870 3637 1153 3707 κέκτηται.
1182 3639 1292 3692 Καὶ
1319 3640 1424 3710 γὰρ
1456 3642 1835 3710 συντιθέμενος

265 3722 405 3787 μετὰ
439 3723 532 3775 τοῦ
558 3723 687 3776 Υίοῦ
719 3726 959 3794 πέφευγε
985 3728 1190 3797 ταύτην
1215 3728 1312 3799 τὴν
1340 3734 1583 3801 πονηρὰν
1606 3733 1835 3797 ἔννοιαν,

257 3812 449 3883 ἐπειδὴ
508 3814 651 3868 κατὰ
702 3814 801 3883 τὴν
830 3816 1006 3870 αίτίαν
1038 3818 1287 3889 οὐδαμῶς
1320 3819 1553 3891 ἄναρχος
1596 3824 1623 3875 6
1675 3824 1793 3886 re;
1818 3864 1833 3888 ,

258 3902 395 3968 πρὸς
424 3903 599 3974 ἀρχὴν
623 3905 700 3970 δέ,
743 3907 885 3974 φημὶ
911 3908 1001 3960 τὸν
1032 3910 1271 3978 Πατέρα,
1301 3913 1543 3979 φυσικῶς
1568 3915 1837 3984 ἀναγόμε-

257 4012 368 4056 νος.
404 3993 477 4045 Τὸ
514 3996 584 4049 ἐκ
631 3998 734 4052 τοῦ
764 3999 898 4053 Υιοῦ
928 4002 1106 4052 τοίνυν
1148 4003 1223 4063 ὡς
1268 4002 1506 4057 ὕποπτον
1536 4004 1593 4057 δν
1622 4006 1649 4057 6
1697 4006 1833 4069 θεῖος

261 4086 451 4155 Πατὴρ
492 4087 731 4141 διδάσκει
767 4088 840 4159 μὴ
889 4091 1165 4154 λέγεσθαι.
1195 4093 1267 4145 Τὸ
1317 4095 1375 4147 δὲ
1406 4094 1503 4148 διὰ
1535 4096 1639 4149 τοῦ
1676 4096 1832 4161 Υιοῦ,

256 4175 418 4228 τοῦτο
447 4176 504 4229 δὲ
540 4178 682 4231 κατὰ
714 4180 813 4248 τὴν
844 4183 1125 4250 προσᾶσαν
1151 4184 1426 4247 ἀπόδειξιν
1448 4180 1641 4238 ταυτὸν
1668 4186 1833 4249 ὅντως

256 4266 334 4334 τῷ
364 4268 465 4320 καὶ
489 4270 558 4322 ἐκ
595 4270 701 4323 τοῦ
734 4270 888 4335 Ποῦ,
925 4274 1182 4338 πολλάκις
1214 4276 1287 4337 ὡς
1326 4279 1461 4345 ἡμῖν
1490 4277 1828 4348 προείρηται,

257 4356 351 4409 καὶ
374 4351 527 4421 ὦτος
569 4360 628 4411 ἐν
659 4362 767 4423 τοῖς
799 4361 1146 4430 δογματικοῖς
1182 4366 1495 4433 κεφαλαίοις
1539 4368 1701 4421 αὑτοῦ
1753 4370 1831 4421 δι-

256 4450 556 4517 ετρὰνωσε,
592 4453 731 4520 πρὸς
769 4453 823 4507 δὲ
857 4457 949 4505 καὶ
976 4456 1061 4506 ἐπ’
1102 4457 1423 4525 Ἐκκλησίας
1443 4461 1610 4522 αὐτῆς
1637 4461 1830 4530 ψάλλε-

1941 633 2231 701 pliccmus.
2294 633 2410 687 Non
2447 634 2702 691 refellens
2754 633 2908 699 illud,
2967 634 3229 701 Spiritum
3268 648 3519 691 sanctum

1939 724 2101 780 etiam
2122 739 2186 778 es
2221 722 2361 779 Filio
2388 724 2520 789 dici,
2560 725 2783 781 eﬂatum
2822 726 2952 780 illud
2986 744 2999 780 :
3037 726 3121 782 Ea:
3165 726 3309 781 Filio
3342 742 3518 782 autem

1940 831 2043 867 non
2068 816 2297 870 dicimus
2319 854 2335 877 .
2365 816 2454 870 cui
2487 832 2516 870 a
2546 817 2717 886 gratia
2752 832 2951 872 nomen
2984 825 3091 881 est,
3126 821 3521 887 pronuntiavit.

1942 910 2081 965 Tum
2120 911 2392 980 siquidem
2450 918 2530 966 tot
2558 910 3023 979 diviniloquorum
3048 958 3049 961 η
3076 926 3141 966 ac
3179 915 3518 967 venerando-

1941 1019 2061 1057 rum
2098 987 2322 1058 Patrum
2355 1017 2517 1057 voces
2545 1003 2828 1073 ignorasse
2853 1004 3160 1067 videretur,
3192 1006 3518 1073 etquisnam

1940 1094 2078 1149 alius
2113 1109 2178 1149 eo
2209 1095 2507 1171 perfectius
2543 1095 2665 1150 illas
2706 1094 2963 1161 tenuerit,
2990 1096 3090 1149 nisi
3115 1096 3387 1165 quispiam
3429 1112 3520 1151 as-

1940 1187 2197 1252 seruerit,
2230 1176 2379 1240 hunc
2410 1195 2622 1241 tantum
2658 1201 2943 1240 sacrorum
2968 1186 3281 1257 dogmatunt
3309 1187 3519 1241 exami-

1943 1286 2219 1339 natorem,
2257 1292 2351 1332 eas
2411 1287 2729 1333 noscentem
2782 1277 2849 1333 ad
2891 1292 3079 1331 earum
3120 1279 3385 1347 integram
3430 1277 3522 1331 de-

1938 1375 2293 1429 structionem
2324 1372 2702 1436 processisse;
2736 1378 2789 1422 et
2820 1377 3003 1422 tamen
3042 1382 3230 1421 earum
3264 1376 3520 1421 auctores

1941 1465 2130 1531 majori
2164 1480 2231 1517 ex
2258 1472 2411 1531 parte
2441 1475 2627 1516 coram
2659 1459 2901 1513 Ecclesia
2935 1458 3154 1527 hymnis
3186 1456 3353 1511 editis
3402 1458 3521 1510 lau-

1938 1555 2105 1610 davit.
2138 1555 2321 1622 Itaque
2344 1567 2451 1606 non
2486 1551 2779 1605 destruens
2821 1548 2978 1613 illud,
3036 1548 3199 1602 etiam
3229 1564 3296 1601 ea:
3338 1546 3508 1615 Filio,

1937 1647 2158 1715 sapiens
2215 1645 2303 1699 hic
2346 1643 2430 1696 vir
2454 1642 2687 1696 adducta
2720 1640 2885 1695 verba
2949 1639 3326 1708 pronuntiavit
3355 1677 3371 1700 .
3425 1642 3520 1693 sed

1936 1736 2253 1803 opinionem
2303 1748 2367 1786 ex
2403 1730 2541 1785 Filio
2583 1744 2706 1785 esse
2742 1737 3002 1797 tanquam
3042 1742 3106 1780 ex
3162 1724 3340 1795 primo
3368 1725 3524 1795 prin-

1937 1826 2079 1897 cipio
2109 1823 2372 1896 Spiritum
2410 1831 2685 1886 sanctum,
2717 1821 2863 1888 quod
2900 1818 3045 1872 inter
3076 1817 3340 1886 antiquos
3382 1831 3523 1870 non-

1937 1918 2067 1973 nulli
2117 1930 2376 1988 perverse
2407 1920 2746 1975 tenuerunt,
2803 1910 2963 1978 longe
3005 1910 3130 1963 hinc
3185 1906 3520 1981 amandavit.

1935 2019 2329 2081 proptereaque
2376 2021 2442 2060 ea:
2476 2003 2638 2069 Filio,
2676 2018 2784 2058 non
2820 2011 2999 2055 autem
3045 2000 3207 2053 etiam
3257 2013 3320 2051 ea:
3356 1996 3519 2055 Filio.

1933 2104 2175 2171 scripsit.
2219 2097 2674 2168 Quandoquidem
2742 2095 2873 2148 illud
2932 2094 3022 2146 hic
3057 2094 3175 2161 ipse
3220 2092 3424 2157 szepius
3457 2091 3512 2141 in

1933 2194 2209 2262 capitibus
2259 2191 2591 2262 dogmaticis
2646 2188 2788 2249 suis,
2845 2196 2899 2240 et
2947 2185 3000 2239 in
3045 2184 3233 2237 multis
3292 2196 3516 2252 quoque

1933 2288 2168 2342 canticis
2205 2285 2506 2355 aliquando
2555 2281 2843 2352 perspicue
2877 2276 3176 2333 admodum
3216 2274 3521 2339 concinuit,

1936 2376 1987 2432 in
2017 2379 2216 2447 quibus
2247 2392 2439 2445 nempe
2462 2391 2553 2442 per
2585 2371 2797 2427 Filium
2835 2369 3102 2439 Spiritum
3131 2378 3377 2421 sanctum
3398 2381 3524 2420 esse

1934 2469 2192 2523 decrevit.
2242 2467 2387 2521 Idem
2418 2466 2564 2519 enim
2595 2473 2698 2528 est,
2745 2478 2837 2531 per
2864 2459 3085 2523 Filium,
3119 2469 3195 2523 et,
3229 2461 3391 2512 etiam
3442 2471 3508 2509 ea:

1949 2557 2117 2619 Filio,
2150 2555 2292 2624 apud
2344 2569 2439 2608 eos
2478 2551 2571 2622 qui
2613 2553 2666 2605 in
2703 2551 2895 2604 barum
2941 2563 3137 2601 vocum
3190 2547 3517 2600 sententiam

1940 2653 2273 2725 profundius
2327 2658 2639 2718 penetrant.
2682 2643 3154 2711 Quemadmodum
3210 2644 3355 2695 enim
3414 2642 3523 2709 pri-

1940 2748 2127 2802 maria:
2191 2758 2379 2800 causa!
2439 2740 2849 2797 confessionem
2907 2738 2962 2791 in
3026 2752 3084 2790 se
3112 2734 3523 2804 comprehendit

1938 2851 2161 2894 auctore
2190 2851 2386 2905 magno
2416 2832 2628 2888 Basilio
2663 2831 2821 2891 illud,
2848 2846 2939 2898 per
2970 2827 3199 2889 Filium,
3238 2840 3392 2895 aqua
3432 2840 3521 2878 ra-

1941 2934 2089 2984 tione
2116 2938 2172 2985 et
2202 2926 2358 2991 illud,
2393 2941 2459 2979 ea:
2490 2922 2633 2977 Filio
2664 2922 2915 2979 eamdem
2944 2921 3119 2990 ipsam
3150 2919 3518 2977 demonstrat.

1940 3032 1992 3075 et
2024 3020 2093 3073 ad
2110 3033 2243 3073 eam
2275 3016 2484 3086 judicio
2513 3014 2713 3067 mentis
2748 3019 3061 3081 compotum
3097 3008 3355 3063 refertur.
3384 3005 3521 3060 Illud

1943 3126 2106 3180 porro
2137 3125 2201 3164 ea:
2234 3107 2402 3173 Filio,
2469 3107 2597 3161 licet
2624 3104 3042 3175 praepositiones
3072 3114 3287 3169 semper
3309 3107 3363 3153 et
3406 3098 3523 3152 ubi-

1942 3220 2048 3271 que
2082 3202 2387 3270 :equalibus
2446 3198 2661 3252 viribus
2711 3195 2977 3265 polleant,
3014 3200 3074 3246 ut
3128 3191 3288 3247 initio
3350 3192 3518 3246 nistri

1943 3297 2227 3349 discursus
2282 3290 2500 3347 abunde
2542 3288 2682 3344 satis
2734 3287 3110 3356 probavimus,
3159 3284 3521 3339 nihilominus

1947 3386 2188 3455 primum
2258 3381 2590 3452 principium
2642 3379 2747 3432 dici
2800 3377 2866 3431 de
2916 3375 3097 3439 Filio,
3153 3375 3517 3444 suspicionem

1941 3472 2344 3541 quodammodo
2414 3469 2636 3539 ingerit.
2709 3466 2778 3521 Et
2849 3480 3012 3521 nemo
3077 3466 3208 3519 mihi
3270 3466 3520 3533 protinus

1942 3565 2183 3634 replicet,
2218 3560 2427 3616 tantum
2474 3560 2541 3613 ad
2584 3557 3069 3614 contradicendum
3110 3562 3324 3614 acutus.
3377 3554 3519 3607 hanc

1942 3654 2385 3725 praepositionem
2449 3650 2688 3704 duorum
2773 3646 3172 3716 principiorum
3252 3644 3514 3699 indicium

1940 3761 2050 3814 prae
2080 3759 2138 3797 se
2170 3743 2329 3799 ferre.
2394 3740 2640 3809 Namque
2701 3739 2966 3807 applicata
3060 3735 3200 3790 Filio
3276 3735 3513 3789 similem

1938 3836 2316 3905 cegitationem
2369 3832 2598 3894 vitavit,
2668 3845 2794 3884 cum
2857 3832 3067 3883 ratione
3135 3842 3315 3881 causae
3366 3843 3513 3880 nun-

1936 3941 2099 3996 quam
2158 3924 2365 3994 absque
2414 3921 2681 3993 principio
2716 3919 2883 3974 Filius
2912 3928 3013 3981 est,
3063 3919 3191 3972 dum
3246 3917 3314 3971 ad
3368 3918 3514 3985 prin-

1936 4016 2139 4085 cipium
2202 4011 2415 4068 Patrem
2479 4010 2802 4066 naturaliter
2880 4007 3169 4062 referatur.
3239 4005 3316 4060 Ex
3374 4005 3513 4060 Filio

1936 4109 2141 4175 itaque,
2175 4104 2324 4174 quod
2364 4104 2575 4171 absque
2614 4101 2932 4170 suspicione
2988 4109 3234 4161 ηοω-εει,
3294 4098 3512 4151 divinus

1936 4197 2023 4250 hic
2053 4194 2210 4249 Pater
2240 4194 2464 4247 minime
2486 4191 2588 4244 dici
2620 4194 2799 4245 docet.
2821 4188 2954 4243 Illud
2982 4202 3144 4256 porro
3170 4203 3262 4257 per
3282 4184 3509 4257 Filium,

1933 4286 2113 4352 quod,
2170 4294 2231 4338 ut
2316 4285 2668 4337 antecedente
2753 4279 3225 4334 demonstratione
3308 4277 3507 4347 proba.

1935 4384 2048 4430 tum
2080 4382 2185 4438 est,
2222 4390 2345 4429 cum
2379 4373 2520 4427 idem
2550 4380 2699 4426 notet
2728 4380 2892 4440 atque
2927 4370 3080 4435 illud,
3133 4371 3295 4423 etiam
3325 4385 3389 4423 ea:
3413 4364 3509 4425 Fi-

1932 4469 2029 4530 lio,
2065 4475 2122 4519 ut
2155 4466 2355 4534 sxpius
2380 4479 2409 4518 a
2446 4464 2605 4518 nobis
2627 4474 2786 4516 antea
2817 4463 3020 4515 dictum
3054 4470 3156 4521 est.
3190 4462 3280 4514 hic
3304 4461 3422 4529 ipse
3452 4460 3506 4513 in

258 4540 383 4592 σθαι
432 4542 569 4609 πρὸς
618 4545 837 4596 πάντων
872 4546 1174 4615 παρέδωκε.
1217 4548 1387 4603 Τοῦτο
1437 4553 1529 4604 καὶ
1564 4552 1827 4619 Κύριλλος

1938 4556 2263 4626 dogmaticis
2320 4554 2437 4609 suis
2484 4553 2758 4621 capitibus
2788 4551 3108 4614 declaravit,
3153 4561 3205 4603 et
3260 4552 3421 4603 etiam
3454 4550 3506 4602 in

256 4630 283 4679 6
335 4628 601 4699 θεηγόρος
659 4632 833 4701 δηλῶν
870 4638 926 4686 ὲν
975 4640 1087 4697 τοῖς
1144 4638 1278 4705 πρδς
1329 4640 1621 4692 Παλλάδιον
1661 4641 1833 4704 οὕτως

257 4718 575 4785 ἐφθέγξατοο
598 4721 739 4789 Τρεπ
750 4723 855 4775 τὸν
872 4724 946 4789 δὴ
965 4727 1035 4778 οὗ
1053 4728 1272 4781 τοίπου
1296 4729 1359 4780 τὸ
1379 4730 1619 4793 Ιινεῦιιά
1640 4731 1832 4792 ἐστιν,

260 4809 293 4874 ἢ
316 4809 483 4877 εἴπερ
501 4812 566 4863 τὸ
588 4813 907 4879 τρέπεσθαι
928 4818 1102 4869 νοσεῖ
1115 4819 1206 4870 ἐπ’
1229 4819 1424 4885 αὐτὴν
1454 4824 1484 4873 d
1496 4820 1693 4889 μῶμος
1722 4821 1835 4888 τὴν

255 4901 421 4953 θείαν
470 4903 890 4973 ἀναδραμεῖται
924 4908 1132 4974 φύσιν,
1164 4910 1330 4975 εἴπερ
1379 4911 1508 4964 ἐστὶ
1543 4912 1647 4965 τοῦ
1684 4914 1833 4966 Θεοῦ

256 4990 355 5042 καὶ
387 4990 637 5058 Πατρός,
680 4993 777 5046 καὶ
818 4994 945 5062 μὴν
976 4997 1076 5049 καί
1125 4998 1230 5050 τοῦ
1265 4999 1399 5051 ΥΙοῦ
1431 5000 1495 5051 τὸ
1530 5001 1832 5068 οὐσιωδῶς

253 5082 325 5144 ἐξ
362 5081 605 5151 ἀμφοῖν,
636 5082 829 5153 ἤγουν
858 5087 925 5139 ἐκ
968 5090 1196 5154 Πατριλς
1233 5089 1305 5141 δι’
1344 5090 1479 5143 Υίοῦ
1510 5096 1830 5160 προχεόμε-

255 5189 365 5225 νον
401 5171 666 5242 Πνεῦμα.
706 5176 1035 5252 Πλειστάκις
1058 5180 1086 5230 6
1120 5180 1390 5242 θειότατος
1426 5184 1594 5234 εἰπὼν
1628 5185 1829 5252 Κύριλ-

256 5258 346 5322 λος
374 5264 459 5315 ὅτι
501 5263 562 5314 τὺ
600 5264 758 5332 ἅγιον
804 5266 1028 5335 Πνεῦμα
1071 5268 1155 5319 διὰ
1179 5268 1274 5320 τοῦ
1318 5269 1471 5331 Υἱοῦ,
1504 5272 1827 5335 τοσαυτάκις

253 5350 310 5404 δὲ
346 5354 440 5406 καὶ
496 5354 577 5407 ὅτι
614 5356 725 5408 κάκ
775 5356 869 5410 τοῦ
913 5358 1056 5422 Υίινῦ,
1086 5363 1182 5420 τὰς
1236 5361 1291 5413 δὲ
1339 5363 1529 5431 ῥήσεις
1584 5366 1686 5417 γάν
1717 5369 1827 5427 τοῖς

254 5443 373 5495 δυσὶ
396 5443 575 5512 λόγοις
599 5446 927 5517 τεθείκαμεν
948 5468 961 5480 ·
986 5450 1217 5522 ἐπείπερ
1241 5452 1309 5516 ἐξ
1329 5453 1548 5523 ἀμφοῖν
1573 5456 1825 5521 ἐνταῦθα,

252 5533 345 5585 τοῦ
385 5534 599 5602 Πατρὺς
625 5537 864 5605 δηλονότι
899 5542 989 5591 καὶ
1022 5540 1116 5593 τοῦ
1159 5542 1308 5609 Υίοῦ,
1351 5543 1563 5615 γλώττῃ
1596 5546 1824 5616 λαμπρᾷ

251 5626 344 5675 καὶ
375 5624 577 5695 χείλεσι
615 5630 813 5697 κομιδῆ
854 5630 1159 5699 διατράνοις
1189 5634 1334 5702 ὲρεῖν
1366 5635 1620 5704 ἔφθασεν,
1652 5639 1829 5709 ἑρμη-

249 5715 443 5777 νεύων,
485 5717 561 5780 ὡς
590 5720 689 5771 οὐκ
718 5720 778 5784 ἐξ
808 5721 981 5789 ἀρχῆς
1009 5740 1140 5793 φησι
1175 5723 1397 5796 πρώτης
1430 5729 1492 5781 ὲκ
1530 5729 1621 5780 τοῦ
1649 5729 1776 5784 Υᾶού
1806 5745 1820 5759 ⁶

249 5806 382 5875 πρὸς
427 5806 555 5871 ἔπος
601 5810 899 5879 ἐπήγαγεν,
928 5812 1067 5881 ἠώς
1098 5816 1170 5870 δι’
1219 5818 1352 5873 Υίοῡ
1397 5823 1818 5891 προχεόμενον.

1938 4648 2186 4705 Ecclesia
2219 4647 2286 4701 ab
2313 4644 2570 4699 omnibus
2626 4643 2841 4699 concini
2871 4642 3113 4696 tradidit.
3152 4639 3265 4695 Hoc
3290 4655 3507 4711 quoque

1945 4738 2321 4806 diviniluquus
2349 4736 2585 4807 Cyt'illus
2606 4735 2658 4788 in
2691 4734 2758 4787 iis
2780 4749 2902 4802 qua:
2922 4732 2988 4786 ad
3036 4724 3334 4786 Palladium
3368 4730 3507 4786 scri-

1936 4832 2062 4899 psit,
2096 4830 2169 4883 ita
2210 4830 2503 4883 declaravit
2539 4844 2553 4881 :
2589 4826 2861 4879 Mutabilis
2894 4842 3011 4878 vero
3033 4842 3291 4895 nusquam
3328 4822 3503 4891 Spiri-

1936 4930 2016 4972 tus
2044 4929 2147 4981 est;
2168 4918 2304 4986 quod
2333 4919 2379 4971 si
2409 4918 2691 4970 mutationi
2721 4918 2980 4971 obnoxius
3003 4928 3100 4980 est,
3128 4918 3181 4969 in
3213 4916 3383 4982 ipsam
3408 4930 3506 4967 ua-

1935 5021 2110 5062 turant
2153 5010 2388 5062 divinam
2443 5010 2761 5077 vituperatio
2803 5021 3058 5070 recurret,
3112 5009 3157 5061 si
3201 5017 3278 5061 est
3311 5006 3407 5059 Dei
3452 5018 3499 5060 et

1934 5099 2135 5163 Patris,
2185 5110 2235 5153 et
2296 5103 2459 5154 etiam
2537 5101 2667 5156 Filii
2719 5102 3071 5156 essentialiter
3116 5116 3180 5154 ea:
3228 5101 3502 5174 ambobus,

1932 5207 2110 5260 nempe
2148 5208 2210 5246 ea:
2239 5191 2399 5245 Patre
2460 5208 2551 5259 per
2588 5192 2782 5246 Filium
2809 5191 3040 5261 Spiritus
3078 5194 3300 5260 effusus.
3362 5192 3503 5249 Cum

1931 5284 2167 5337 dixisset
2242 5284 2443 5352 saepius
2507 5285 2884 5339 divinissimus
2930 5285 3180 5355 Cyrinus
3234 5283 3503 5353 Spiritum

1930 5385 2177 5428 sanctum
2203 5390 2297 5445 per
2315 5375 2536 5439 Filium,
2560 5376 2720 5430 toties
2744 5376 2906 5430 etiam
2936 5386 2989 5428 et
3017 5390 3082 5430 ex
3114 5374 3252 5429 Filio
3280 5391 3499 5441 quoque

1928 5468 2320 5534 pronuntiavit.
2361 5467 2512 5521 Dicta
2546 5468 2691 5522 illius
2717 5468 2771 5520 in
2794 5467 3009 5522 duabus
3042 5468 3191 5521 hisce
3221 5468 3488 5527 orationi-

1926 5558 2026 5610 bus
2052 5559 2333 5613 attulimus
2376 5577 2391 5613 :
2443 5558 2884 5629 quandoquidem
2951 5559 3040 5612 hic
3091 5575 3156 5612 ea:
3218 5551 3493 5629 ambobus,

1926 5648 2084 5704 Patre
2114 5652 2319 5705 scilicet
2351 5662 2403 5705 et
2441 5651 2593 5717 Filio,
2632 5653 2774 5707 clara
2807 5667 2937 5705 voce
2967 5660 3020 5705 et
3050 5651 3267 5707 sonoris
3299 5653 3490 5706 admo-

1925 5747 2051 5798 dum
2120 5743 2282 5797 labiis
2375 5745 2535 5807 ilisit,
2612 5746 2992 5814 interpretans,
3073 5761 3179 5799 non
3272 5747 3346 5800 uti
3428 5762 3490 5800 ex

1927 5834 2097 5902 prima
2158 5848 2321 5891 causa
2382 5836 2535 5901 Filio,
2601 5839 2760 5892 verba
2824 5834 2911 5891 illa
2964 5836 3262 5908 subjunxit,
3313 5854 3493 5909 nempe
