4206 6452
682 314 816 378 1247

1722 317 2063 377 CONSTAN
2078 317 2234 378 I‘lNl
2278 318 2331 377 Μ
2344 315 2829 377 ΕΜΤΕΝΙΟΤΕ

3829 307 3973 375 1248

680 447 770 494 per
820 428 1019 487 Filium
1069 432 1286 499 e/fusus.
1337 428 1453 482 Non
1495 429 1599 484 alia
1673 441 1854 484 mente
1902 429 2274 484 Damascenus

2395 427 2539 480 Κατὰ
2582 426 2786 498 ταύτην
2812 428 2913 497 τὴν
2942 428 3154 481 ἔννοιαν
3202 427 3294 481 καὶ
3317 429 3344 480 6
3384 425 3739 496 Δαμασχόθεν
3776 427 3965 490 σοφὸς·

677 524 926 591 Sapiens,
964 543 982 575 ι
1012 523 1098 576 Ex
1123 522 1284 587 Filio,
1320 523 1517 592 inquit,
1544 523 1619 578 uti
1654 539 1721 577 ex
1756 524 1933 593 prima
1968 538 2129 577 causa
2153 537 2259 575 non

686 615 948 669 dicimus.
987 634 1006 668 ι
1038 615 1170 669 Illud
1209 631 1373 685 porro
1409 617 1571 669 etiam
1607 632 1672 669 ex
1724 615 1883 677 Filio,
1921 616 2025 670 hoc
2058 623 2141 670 est
2171 630 2265 683 per

687 704 888 758 Filium
921 707 1251 762 mediantem
1318 708 1661 771 naturaliter,
1701 709 1811 763 hoc
1840 707 1952 762 fere
1990 711 2058 763 al)
2082 709 2264 762 omni-

684 798 787 850 bus
817 794 1061 865 Spiritus
1091 797 1280 851 afﬂatu
1320 796 1674 865 loquentibus
1706 796 1963 851 Patribus
2002 796 2263 851 traditum

690 887 964 957 nobisque
996 904 1103 941 non
1141 890 1324 942 minus
1352 890 1519 944 variis
1554 904 1742 943 eorum
1774 888 1999 957 scriptis
2037 887 2265 940 relatum

685 980 849 1034 etiam
886 981 942 1033 in
974 980 1215 1035 Ecclesia
1261 981 1380 1050 ipsa
1436 981 1610 1049 magis
1671 994 1873 1035 sonore
1917 979 2266 1033 decantatum

687 1081 790 1126 est.
822 1070 911 1125 Sic
949 1081 1139 1140 aperte
1170 1071 1263 1129 hic
1297 1088 1519 1143 quoque
1562 1071 1781 1126 divinus
1827 1071 2074 1125 Melodus
2107 1069 2271 1124 simili

688 1161 932 1231 dogmati
981 1165 1164 1231 potius
1198 1163 1532 1232 patrocinari
1564 1164 1796 1227 videtur,
1851 1172 2058 1215 tantum
2120 1161 2275 1214 abest

694 1267 753 1308 ut
788 1256 878 1310 ille
924 1255 994 1310 ad
1052 1256 1185 1311 illud
1217 1255 1595 1321 evertendum,
1641 1266 1700 1309 ut
1730 1253 2029 1310 adversarii
2082 1253 2275 1307 existi-

692 1359 870 1411 mant,
905 1336 1114 1412 tendat,

769 1439 857 1495 37.
882 1439 1070 1495 Solum
1106 1441 1234 1497 item
1271 1439 1488 1495 Patrem
1545 1456 1769 1497 causam
1797 1455 1937 1503 esse,
1981 1442 2145 1498 etiam
2174 1442 2277 1495 hoc

696 1531 877 1603 ipsum
910 1547 939 1587 a
976 1530 1213 1588 Numine
1240 1534 1512 1587 instructo
1558 1533 1677 1586 viro
1727 1533 1813 1603 pie
1857 1534 2273 1607 pronuntiatum

697 1633 941 1687 est,non
972 1640 1037 1679 eo
1072 1638 1241 1693 scopo
1261 1639 1489 1693 prorsus
1522 1634 1581 1678 ut
1604 1625 1875 1691 destruat,
1918 1638 2015 1679 aut
2045 1633 2277 1691 evertat,

698 1716 925 1787 intelligi
957 1717 1120 1772 etiam
1149 1709 1212 1771 ex
1248 1716 1388 1772 Filio
1438 1715 1707 1787 Spiritan
1772 1728 2049 1774 sanctum.
2074 1718 2277 1774 Rerum

703 1808 978 1877 siquidem
1041 1807 1311 1863 factarum
1365 1823 1531 1863 causa
1590 1813 1742 1865 solus
1779 1810 1942 1865 Pater
1990 1810 2275 1872 asseritur,

674 1901 676 1903 ’
705 1902 831 1956 licet
880 1902 1021 1970 apud
1050 1917 1244 1956 omnes
1266 1902 1318 1955 in
1354 1901 1611 1958 confesso
1650 1911 1746 1963 stt.
1780 1917 1876 1958 eas
1895 1904 2058 1958 etiam
2090 1920 2153 1959 ex
2187 1903 2278 1957 Fi-

700 1994 774 2047 lio
812 1994 1260 2049 constitutionem
1319 1994 1623 2062 possidere.
1671 1994 1737 2051 Ut
1779 2009 1907 2051 vero
1959 2012 2026 2051 ne
2056 1998 2123 2052 de
2150 2012 2280 2052 voce

700 2090 845 2141 solus
901 2102 1101 2142 rursus
1127 2100 1440 2141 sermonem
1498 2087 1817 2154 instituens,
1857 2092 2052 2158 saepius
2088 2090 2277 2145 eadem

702 2191 978 2250 repetens,
1031 2187 1247 2248 tempus
1300 2180 1600 2244 insumam,
1643 2191 1699 2236 et
1737 2183 1928 2237 eadem
1958 2184 2289 2240 rit-eumve]-

702 2286 856 2333 rens.
891 2272 1110 2326 modum
1156 2272 1422 2327 excedere
1465 2271 1675 2336 videar,
1708 2274 1855 2342 quod
1909 2275 2182 2344 praecipue
2228 2276 2282 2329 in

704 2363 993 2418 antedictis
1018 2364 1235 2434 longius
1284 2375 1613 2434 prosecutus
1648 2381 1788 2431 sum,
1847 2382 2077 2437 magnus
2124 2367 2283 2423 Basi-

706 2458 812 2511 lms
870 2455 1103 2510 aﬂirmat
1162 2457 1426 2512 adversus
1465 2458 1792 2512 liuuomium
1846 2460 1987 2513 libro
2019 2461 2285 2522 secundo.

708 2551 853 2601 hunc
893 2548 947 2602 in
1008 2549 1231 2604 modum
1302 2565 1613 2605 sermonem
1666 2552 1954 2606 instituens
2006 2562 2060 2606 et
2097 2553 2286 2622 dispo-

709 2650 844 2688 nens
875 2651 889 2688 :
923 2635 1078 2701 Quod
1120 2655 1153 2691 a
1189 2635 1332 2691 Filio
1381 2638 1583 2707 factum
1619 2642 1898 2706 asseritur,
1954 2642 2026 2694 ad
2054 2644 2283 2711 primam

713 2741 928 2777 (ausam
955 2727 1220 2794 refertur;
1252 2729 1382 2781 adeo
1412 2738 1467 2781 ut
1495 2731 1593 2782 etsi
1621 2732 1798 2783 omnia
1830 2747 1922 2798 per
1954 2731 2115 2784 Deum
2165 2732 2288 2785 Ver-

710 2817 832 2868 bum
863 2820 1122 2885 producta
1151 2835 1264 2873 esse
1292 2822 1590 2885 credamus,
1620 2825 1709 2877 sed
1742 2839 1957 2877 causam
1983 2835 2286 2883 cunctorum

710 2906 875 2959 Deum
918 2924 1030 2962 esse
1060 2925 1164 2963 non
1189 2910 1519 2980 denegemus.
1553 2912 1848 2966 Considera
1897 2914 2137 2981 interim,
2165 2918 2290 2985 qni-

710 3014 933 3067 cunque
986 3001 1040 3054 in
1089 3005 1383 3071 praesentia
1447 3020 1761 3061 sermonem
1794 3016 2042 3061 nostrum
2102 3010 2286 3071 audis,

2371 536 2391 571 ι
2414 521 2513 572 Ἐκ
2533 518 2641 572 τοῦ
2672 518 2827 579 Υίοῦ,
2850 518 3132 589 φησὶνιώς
3156 520 3213 585 ἐξ
3234 519 3410 588 ἀρχῆς
3445 519 3670 587 πρώτης
3705 517 3770 569 οὖ
3804 516 3970 582 λέγο-

2372 628 2492 681 μεν.
2512 612 2614 664 »Τὸ
2648 612 2704 665 δὲ
2731 611 2830 665 καὶ
2853 612 2921 665 ἐκ
2954 610 3062 665 τοῦ
3098 611 3257 675 Υίοῦ,
3283 598 3526 663 τουτέστι
3553 609 3653 663 διὰ
3676 607 3786 661 τοῦ
3825 608 3969 661 Υίοῦ

2373 707 2751 778 μεσιτεύοντος
2791 707 3058 775 φυσικῶς,
3087 705 3244 759 τοῦτο
3295 705 3480 774 σχεδὸν
3515 705 3607 758 καὶ
3638 706 3751 767 τοῖς
3793 720 3969 755 πνευο

2375 800 2781 871 ματοφθόγγοις
2809 799 2984 852 ἅπασι
3007 800 3257 867 Πατράσι
3277 796 3681 865 τεοεολόγηται,
3710 796 3809 849 καὶ
3831 798 3866 865 ἡ
3876 797 3969 861 μίν

2375 892 2433 944 ὲν
2467 891 2749 962 διαφόροις
2783 893 3220 962 συγγράμμασιν
3254 890 3406 943 οὐδὲν
3439 886 3603 961 ἦττον
3634 889 3803 960 ῥηθὲν
3874 889 3970 942 ἀνι

2373 983 2637 1053 ύμνηται,
2692 984 2827 1038 κάπὶ
2876 986 2976 1051 τῆς
3041 982 3369 1052 Ἐκκλησίας
3397 983 3567 1048 αὐτῆς
3621 979 3970 1051 διαπρύσιον.

2375 1074 2532 1128 Οὕτω
2564 1074 2749 1143 σαφῶς
2775 1075 2870 1128 καὶ
2898 1068 3051 1136 οὗτος
3080 1075 3109 1126 6
3136 1073 3424 1134 θεσπέσιος
3459 1072 3700 1143 μελῳδὸς
3734 1071 3817 1143 τῷ
3844 1073 3974 1138 δόγ-

2381 1185 2510 1238 ματι
2548 1167 2723 1235 τούτῳ
2768 1166 3089 1236 συνηγορῶν
3133 1166 3333 1235 μᾶλλον
3366 1165 3640 1233 φαίνεται,
3672 1167 3747 1235 μὴ
3782 1165 3972 1235 μέντοι

2380 1257 2515 1325 πρὸς
2541 1257 2820 1326 ἀναίρεσιν
2846 1257 3038 1315 τούτου
3068 1256 3263 1329 χωρῶν
3287 1256 3428 1310 κατὰ
3449 1255 3548 1327 τὴν
3572 1256 3680 1309 τῶν
3706 1257 3973 1309 ἐναντίων
4032 1298 4035 1305 ,

2381 1347 2672 1418 ὑπόληψιν.

2452 1441 2555 1506 λζ’.
2591 1441 2717 1495 Ὀτι
2749 1441 2806 1495 δὲ
2848 1441 2945 1494 καὶ
2981 1444 3144 1511 μόνος
3190 1440 3337 1492 ἐστὶν
3367 1440 3542 1502 αἴτιος
3568 1440 3597 1491 6
3629 1438 3841 1509 Πατὴρ,
3875 1439 3973 1491 καὶ

2381 1531 2526 1585 τοῦτ’
2562 1533 2695 1586 αὐτὸ
2727 1532 2805 1601 τῷ
2836 1532 3083 1601 θεοσόφῳ
3108 1530 3289 1592 καλῶς
3316 1531 3556 1599 εἴρηται,
3587 1528 3727 1599 πλὴν
3757 1530 3859 1583 οὐκ
3885 1528 3973 1581 ἐπ’

2385 1623 2663 1693 ἀναιρέσει
2689 1622 2752 1675 τὸ
2776 1620 3017 1685 σύνολον,
3043 1620 3157 1674 οὐδ’
3183 1621 3465 1690 ἀνατροπῇ
3489 1618 3585 1671 τοῦ
3615 1619 3855 1672 νοεῖσθαι
3878 1619 3973 1672 καὶ

2387 1714 2449 1768 ὲκ
2474 1713 2569 1768 τοῦ
2603 1713 2733 1768 Υἱοῦ
2772 1714 2834 1766 τὸ
2868 1712 3095 1783 Πνεῦμα
3126 1712 3188 1766 τὸ
3229 1711 3407 1780 ἅγιον.
3444 1711 3559 1770 Καὶ
3584 1710 3695 1763 τῶν
3729 1711 3971 1779 κτισμά-

2383 1822 2493 1859 των
2520 1806 2631 1876 γαρ
2662 1806 2880 1874 λέγεται
2912 1806 3072 1875 μόνος
3099 1806 3271 1866 αἴτιος
3303 1806 3331 1858 6
3360 1804 3573 1875 Πατὴρ,
3604 1802 3973 1872 ὁμολογουμέ-

2384 1915 2491 1959 νως
2521 1900 2631 1951 κάκ
2676 1896 2772 1951 τοῦ
2816 1896 2948 1949 Υἱοῠ
2985 1895 3360 1953 πλουτούντων
3386 1894 3487 1964 τὴν
3529 1891 3816 1947 σύστασιν.
3854 1892 3968 1945 Ἱυσ

2383 1986 2438 2040 δὲ
2478 1987 2555 2056 μὴ
2609 1986 2773 2040 πάλιν
2826 2004 2878 2039 τι,
2908 1986 3038 2053 περὶ
3088 1984 3183 2038 τοῦ
3232 1988 3423 2055 μόνος
3467 1986 3664 2048 εἰπὼν,
3700 1982 3880 2052 λέγων
3909 1984 3973 2036 τὰ

2385 2080 2527 2134 αύτὰ
2556 2078 2817 2141 πολλάκις
2853 2078 3278 2148 ὲνδιατρίὸοιμι,
3323 2079 3420 2131 καὶ
3449 2078 3563 2140 τοῖς
3598 2077 3783 2136 αὐτοῖς
3818 2073 3974 2136 αὖθις

2382 2171 2763 2228 ἑπεισκυκλῶν
2791 2169 2937 2231 οὕτω
2989 2172 3243 2242 περιττὸς
3278 2172 3413 2225 πᾶσι
3441 2170 3682 2239 δόξαιμι,
3718 2170 3852 2239 περὶ
3905 2164 3966 2222 οὗ

2387 2268 2625 2336 μάλιστα
2652 2266 2810 2335 λόγον
2866 2264 3059 2335 συχνὸν
3104 2267 3162 2317 ὲν
3195 2266 3309 2327 τοῖς
3355 2263 3691 2334 προλαὸοὖσι
3740 2263 3976 2315 κατέϐα-

2382 2359 2496 2425 λον,
2546 2360 2575 2417 6
2611 2357 2785 2428 μέγας
2815 2356 3096 2420 Βασίλειος
3127 2354 3287 2409 τοῦτό
3317 2372 3483 2425 φησιν
3513 2358 3572 2409 ὲν
3618 2356 3695 2424 τῷ
3732 2356 3977 2422 δευτέρῳ

2381 2452 2492 2505 τῶν
2524 2451 2661 2523 πρὸς
2697 2449 2988 2519 Εὐνόμιον,
3031 2448 3410 2518 τοιουτρόπως
3448 2447 3723 2501 διαλαϐὼν
3758 2448 3850 2500 τὸν
3886 2448 3973 2499 λό-

2386 2562 2483 2612 γον
2534 2545 2629 2597 καὶ
2674 2542 3029 2612 διαθέμενος’
3086 2542 3156 2595 Τὸ
3201 2544 3361 2608 παρὰ
3391 2540 3500 2594 τοῦ
3554 2542 3693 2594 Υίοῦ
3733 2540 3980 2609 τεγενῆο

2388 2640 2535 2691 σθαι
2595 2635 2930 2704 λεγόμενον
2958 2634 3110 2701 πρός
3164 2631 3280 2697 τὴν
3323 2631 3567 2700 πρώτην
3605 2632 3808 2686 αἰτίαν
3866 2633 3981 2696 τὴν

2387 2726 2703 2796 ἀναφορὰν
2732 2726 2890 2793 ἔχει’
2952 2724 3131 2787 ὥστε.
3167 2723 3285 2779 κᾶν
3332 2723 3534 2777 πάντα
3569 2727 3656 2789 είς
3705 2724 3772 2777 τὸ
3824 2721 3977 2777 εἶναι

2387 2820 2689 2891 παρῆχθαι
2726 2818 2825 2871 διὰ
2855 2816 2962 2872 τοῦ
2996 2817 3145 2872 Θεοῦ
3171 2818 3368 2886 Λόγου
3395 2819 3785 2888 πιστεύομεν,
3817 2820 3984 2873 άλλά

2389 2913 2455 2965 τὸ
2491 2911 2737 2965 πάντων
2774 2910 2973 2963 αἴτιον
3002 2910 3159 2964 εἶναι
3199 2910 3307 2963 τὸν
3340 2911 3489 2963 Θεὸν
3517 2909 3637 2963 τῶν
3677 2911 3839 2964 ὅλων
3868 2912 3983 2963 οὐκ

2388 3005 2817 3075 ἀφαιρούμεθα.
2870 3003 3071 3056 Σκόπει
3107 3002 3339 3072 μεταξὺ,
3373 3003 3600 3069 σύμπας
3637 3006 3663 3056 6
3697 3003 3806 3055 τῶν
3842 3005 3985 3057 κατὰ

716 3098 829 3143 tum
864 3091 1013 3146 illius
1047 3111 1078 3146 α
1128 3094 1285 3155 Filio,
1346 3104 1460 3149 tum
1519 3096 1662 3151 illius
1699 3115 1791 3164 per
1838 3098 2004 3153 Deum
2062 3100 2285 3155 Verbum

2395 3098 2451 3149 τὸ
2505 3100 2679 3166 παρὸν
2709 3095 3019 3166 λεγομένων
3066 3095 3383 3165 ἀκροατὴς,
3424 3095 3518 3149 τοῦ
3549 3114 3608 3148 τε
3668 3097 3828 3164 παρὰ
3878 3097 3986 3150 τοῦ

716 3182 847 3242 vim,
910 3193 968 3235 ut
1020 3184 1147 3239 inde
1186 3187 1347 3239 rebus
1382 3186 1434 3240 in
1471 3191 1729 3243 omnibus
1759 3190 2044 3247 ambarum
2095 3196 2287 3250 harum

715 3276 1159 3345 praepositionum
1195 3278 1338 3333 vires
1369 3282 1609 3346 :ttquales
1642 3298 1911 3350 agnoscas
1940 3302 1955 3338 ;
2007 3298 2295 3354 praaterea—

717 3384 825 3435 que
860 3378 986 3425 ante
1038 3371 1141 3424 hoc
1209 3372 1440 3439 inspice,
1482 3389 1588 3443 qua
1643 3376 1855 3428 ratione
1914 3388 2292 3433 creaturarum

720 3458 964 3527 ipsarum
1009 3462 1160 3516 solus
1185 3461 1346 3516 l’ater
1375 3480 1499 3518 vere
1545 3479 1711 3519 causa
1766 3466 2005 3532 exsistit,
2032 3470 2292 3537 quoniam

719 3552 857 3615 quod
904 3556 1103 3622 factum
1150 3570 1261 3607 esse
1289 3556 1490 3608 dicitur
1521 3572 1553 3609 a
1590 3554 1757 3621 Filio,
1793 3558 1863 3610 ad
1905 3560 2157 3627 primam,
2191 3563 2288 3624 ait,

718 3658 933 3694 causam
981 3646 1226 3712 relertur,
1274 3646 1405 3699 adeo
1466 3655 1523 3698 ut
1592 3649 1692 3700 etsi
1753 3665 1845 3717 per
1908 3648 2111 3703 Filium
2172 3668 2296 3721 pro-

716 3732 881 3782 ducta
916 3748 1028 3785 €8.18
1076 3735 1378 3799 credamus,
1408 3740 1498 3787 sed
1551 3749 1866 3791 umerorum
1918 3756 2138 3794 causam
2188 3758 2300 3796 esse

725 3823 886 3874 Deum
911 3840 1024 3877 esse
1048 3840 1149 3877 non
1193 3826 1523 3895 demgemus.
1575 3828 1680 3883 Sed
1725 3845 1793 3884 ne
1846 3832 2099 3886 turbetur
2140 3833 2299 3904 quis-

723 3912 865 3979 piam
916 3913 997 3967 vel
1056 3915 1340 3969 minimum
1397 3932 1485 3970 me
1530 3920 1583 3970 in
1638 3921 1943 3989 exemplum
2006 3922 2299 3978 adduxisse

722 4007 1059 4061 creationem
1095 4009 1160 4062 ad
1194 4010 1395 4071 similia
1430 4011 1879 4068 demonstranda.
1908 4012 2154 4085 Namque
2185 4018 2294 4071 col-

725 4099 970 4166 loquium
999 4099 1300 4156 Orthodoxi
1328 4112 1381 4157 et
1413 4104 1664 4165 Anommi
1700 4105 1987 4174 cujusdam
2023 4122 2302 4178 exponens

726 4190 950 4244 divinus
973 4190 1153 4255 Pater,
1220 4191 1313 4246 cui
1360 4192 1429 4246 ab
1482 4186 1896 4255 immortalitate
1929 4211 2125 4252 nomen
2177 4199 2301 4267 fuit,

727 4284 843 4336 hac
867 4282 1026 4336 habet
1053 4301 1067 4337 :
1099 4282 1280 4339 Causa
1312 4294 1391 4337 est
1429 4284 1528 4338 Dei
1560 4294 1778 4353 natura,
1798 4298 1846 4341 et
1875 4286 2027 4353 Filii,
2056 4300 2102 4343 et
2128 4288 2304 4359 Spiri-

727 4386 810 4427 tus
833 4375 1031 4441 sancti,
1090 4376 1249 4429 etiam
1312 4377 1569 4430 universa:
1626 4388 1904 4439 creatura’.
1992 4378 2094 4433 Sed
2181 4382 2307 4434 Filii

2406 3191 2545 3245 Υίοῦ
2579 3190 2770 3243 τούτου
2805 3191 2900 3244 καὶ
2945 3189 3039 3242 τοῦ
3066 3189 3165 3242 διὰ
3208 3188 3315 3243 τοῦ
3349 3189 3500 3243 Θεοῦ
3535 3191 3729 3258 Λόγου
3760 3191 3860 3255 τὴν
3892 3190 3987 3241 δύ-

2396 3300 2583 3353 ναμιν,
2614 3282 2690 3345 ὼς
2729 3282 2796 3337 ἂν
2830 3280 3118 3335 κάνταῦθα
3160 3281 3221 3334 τὸ
3251 3282 3393 3335 κατὰ
3428 3284 3537 3335 πᾶν
3567 3283 3753 3351 γνοίης
3785 3286 3989 3335 ταυτίν

2398 3373 2727 3445 ἀμφοτέρων
2760 3391 2823 3442 γε
2858 3374 2967 3426 τῶν
2995 3373 3253 3426 τοιούτων
3282 3372 3626 3442 προθέσεων·
3656 3375 3757 3443 δρα
3782 3375 3838 3425 δὲ
3882 3376 3990 3441 τρὸ

2398 3466 2587 3519 τούτου
2621 3465 2738 3528 πῶς
2767 3465 2860 3518 καὶ
2886 3465 2994 3516 τῶν
3026 3465 3350 3533 ποιημάτων
3378 3467 3561 3518 αὐτῶν
3596 3465 3753 3532 μόνος
3799 3467 3827 3515 ὁ
3863 3468 3985 3517 Πα-

2398 3559 2503 3627 τὴρ
2555 3559 2897 3627 καθέστηκεν
2946 3555 3168 3625 άληθῶς
3220 3556 3432 3619 αῖτιος,
3477 3557 3707 3624 ἐπειδὴ,
3766 3559 3835 3609 Τὸ
3899 3575 3990 3623 γε-

2400 3648 2693 3718 γενῆσθαι
2750 3651 3081 3718 λεγόμενον
3113 3648 3277 3716 παρὰ
3328 3648 3435 3702 τοῦ
3493 3649 3630 3703 Υίοῦ
3668 3654 3815 3717 πρές
3877 3650 3993 3714 τῖεν

2402 3741 2662 3810 πρώτην,
2707 3744 2895 3811 φησιν,
2926 3741 3127 3794 αἰτίαν
3164 3740 3280 3805 τὴν
3309 3741 3625 3809 ἀναφορὰν
3666 3744 3989 3807 κέκτηται·

2399 3832 2492 3885 διὸ
2527 3833 2629 3886 καὶ
2688 3833 2885 3886 πάντα
2945 3833 3314 3896 πιστεύομεν
3362 3833 3481 3899 μὲν
3531 3830 3836 3901 παρῆχθαι
3892 3833 3993 3886 διὰ

2400 3925 2508 3980 τοῦ
2534 3926 2689 3996 Υίοῦ,
2724 3926 2952 3980 τούτων
2977 3926 3047 3979 δὲ
3087 3926 3277 3979 πάλιν
3308 3926 3503 3978 αιτιον
3547 3927 3655 3978 τὸν
3685 3924 3839 3979 Θεὸν
3874 3925 3995 3978 τῶν

2403 4017 2564 4072 ὅλων
2613 4018 3011 4087 γινώσκομεν.
3061 4018 3227 4070 Ἀλλὰ
3277 4019 3352 4087 μὴ
3383 4018 3676 4089 θροησατω
3720 4017 3840 4070 τινὰ
3882 4018 3994 4069 τῶν

2406 4110 2663 4162 ἁπάντων
2723 4108 3083 4180 μηδοπωσοῦν
3131 4109 3190 4162 τὸ
3219 4110 3318 4175 τὴν
3363 4110 3541 4161 κτίσιν
3571 4111 3630 4160 ὲν
3657 4109 3871 4173 τούτοις
3926 4129 3992 4178 με

2410 4201 2744 4271 παραλαϐεῖν
2790 4205 2871 4264 είς
2927 4202 3300 4271 παράδειγμα.
3354 4201 3463 4252 Καὶ
3513 4200 3625 4269 γὰρ
3692 4200 3995 4270 ἐκθέμενος

2419 4293 2729 4363 Ὀρθοδόξου
2759 4293 2995 4359 διάλεξιν
3033 4295 3126 4347 καὶ
3164 4294 3444 4363 Ἀνομοίου
3478 4293 3622 4357 τινὸς
3648 4296 3675 4346 6
3708 4294 3854 4357 θεῖος
3885 4296 3999 4347 Πα-

2409 4386 2511 4456 τὴρ
2560 4391 2587 4438 6
2635 4387 2739 4453 τῆς
2794 4387 3093 4446 ἀθανασίας
3149 4386 3439 4454 ἐπώνυμος
3492 4385 3667 4449 οὕτως
3724 4387 3995 4457 εἴρηκενν

728 4468 809 4520 ιιιί
863 4466 1018 4521 Verbi
1050 4484 1069 4521 :
1107 4488 1125 4519 ι
1164 4466 1230 4521 In
1283 4470 1546 4539 principio
1594 4470 1731 4523 enim
1793 4484 1906 4525 erat
1980 4471 2206 4527 Verbum
2232 4491 2289 4539 ,‘l

2404 4480 2570 4532 Λίτιά
2600 4479 2774 4531 ἐστὶν
2800 4481 2835 4545 ἡ
2868 4479 3157 4532 τοῦθεοῦ
3200 4480 3387 4546 φύσις
3426 4477 3525 4531 καὶ
3575 4478 3682 4532 τοῦ
3721 4478 3864 4532 Υίοῦ
3898 4481 3999 4533 καὶ

730 4557 966 4626 Spiritus
1001 4575 1141 4623 vero,
1178 4570 1233 4613 ut
1262 4561 1426 4630 ﬂatus
1451 4576 1469 4615 :
1496 4560 1723 4615 «Fletus
1754 4566 1892 4616 enim
1924 4563 2307 4633 Omnipotentis

727 4652 817 4717 qui
856 4650 1035 4703 docuit
1068 4666 1170 4715 me;
1199 4653 1485 4706 creationis
1522 4668 1663 4717 vero,
1685 4655 1764 4705 uti
1788 4668 1962 4705 rerum
1986 4664 2308 4721 crealarum,

729 4759 794 4796 ex
826 4744 1017 4813 quibus
1052 4746 1392 4813 proportione
1419 4747 1651 4815 quadam
1686 4762 1869 4798 eorum
1909 4747 2147 4799 conditor
2192 4748 2311 4815 dig-

731 4839 986 4890 m-scitur.
1026 4836 1123 4891 Hic
1164 4853 1330 4891 unam
1386 4847 1437 4891 ct
1486 4838 1792 4892 divinitatis
1825 4846 2175 4891 causatarum
2212 4839 2309 4910 hy-

732 4940 1047 4995 postaseun,
1078 4938 1133 4984 et
1168 4930 1437 4984 universa:
1477 4938 1744 4985 creatura:
1774 4944 1995 4983 causam
2028 4931 2215 4994 tradit,
2247 4932 2311 4987 Ii-

730 5031 820 5074 eet
853 5036 977 5075 mox
1016 5021 1182 5085 illius,
1242 5028 1295 5074 et
1342 5035 1705 5090 personarum
1748 5020 1973 5075 deitatis
2012 5021 2311 5076 discrimen

733 5130 896 5182 quam
936 5113 1237 5167 maximum
1290 5112 1673 5182 assignaverit.
1726 5110 1909 5177 Quare
1954 5128 2062 5167 non
2111 5114 2313 5167 incern-

736 5207 895 5261 mode
925 5221 1025 5276 ego
1059 5205 1225 5260 etiam
1251 5220 1408 5275 opem
1446 5206 1680 5259 orationi
1710 5205 1898 5259 fert-us
1948 5222 2115 5271 nunc,
2164 5222 2316 5260 crea-

740 5302 942 5354 tionem
976 5300 1029 5353 in
1070 5299 1381 5368 exemplum
1409 5298 1691 5365 usurpavi.
1725 5299 1794 5350 At
1836 5313 2067 5368 magnus
2093 5299 2182 5354 hic
2208 5314 2313 5352 non

680 5412 685 5417 -
741 5394 921 5447 minus
957 5406 1010 5447 et
1040 5394 1145 5447 alia
1171 5408 1390 5463 quoque
1422 5393 1637 5447 ratione
1667 5392 1735 5447 de
1767 5402 1958 5445 nostro
1992 5391 2171 5461 priore
2198 5408 2317 5446 sco-

743 5504 809 5552 po
841 5501 1144 5540 sermonem
1183 5487 1498 5548 instituens,
1543 5484 1595 5538 in
1629 5484 1713 5539 liis
1768 5500 1889 5553 qum
1933 5484 2071 5538 dixit
2120 5500 2311 5553 rroce-

743 5581 905 5645 dente
967 5580 1218 5632 oratione
1278 5578 1517 5647 perfecte
1570 5578 1726 5631 nobis
1780 5576 2059 5645 suppetias
2110 5577 2314 5629 tulerit.

746 5673 989 5741 Namun
1012 5674 1121 5741 jam
1162 5674 1305 5727 dicta
1337 5673 1686 5736 continuatis,
1738 5671 1850 5724 luet:
1881 5669 2168 5738 perspicue
2203 5686 2319 5723 rur-

748 5767 1032 5827 susttndit
1075 5783 1088 5820 :
1142 5764 1319 5835 ,τρίτης
1359 5783 1549 5830 sermo,
1582 5768 1669 5834 qui
1718 5765 2005 5831 pro/citur,
2038 5777 2128 5828 per
2162 5779 2313 5816 rora-

2415 4570 2522 4624 τοῦ
2562 4571 2736 4639 ἁγίου
2790 4572 3135 4639 Πνεύματος
3188 4570 3284 4622 καί
3326 4569 3437 4635 τῆς
3484 4571 3739 4637 κτίσεως
3767 4570 3996 4636 πάσης.

2427 4662 2613 4715 Ἀλλὰ
2652 4661 2757 4715 τοῦ
2788 4663 2908 4729 μὲν
2963 4661 3095 4715 Υίοῦ
3125 4662 3203 4726 ὡς
3236 4662 3451 4730 Λόγου,
3485 4680 3503 4712 ι
3554 4662 3659 4714 Ἐν
3694 4661 3857 4731 ἀρχῇ
3891 4665 3999 4731 γὰρ

2413 4750 2492 4823 ἦν
2524 4756 2735 4823 Λόγος,
2759 4774 2776 4805 ι
2817 4754 2922 4807 τοῦ
2950 4754 3018 4806 δὲ
3048 4756 3389 4823 Πνεύματος
3417 4755 3496 4820 ὠς
3524 4754 3742 4822 πνοῆς,
3780 4774 3798 4806 ι
3831 4755 3998 4820 Ili-oh

2414 4845 2526 4914 γὰρ
2585 4845 3091 4913 Παντοκράτορος,
3147 4844 3186 4911 ἠ
3220 4844 3523 4908 διδάξασά
3567 4862 3667 4914 με,
3711 4865 3731 4898 ι
3767 4844 3882 4912 τῆς
3934 4846 4000 4898 δὲ

2416 4938 2671 5003 κτίσεως
2709 4938 2789 5000 ὡς
2826 4935 3190 5005 κτισμάτων,
3224 4935 3293 4998 ἐξ
3323 4926 3411 4987 ὧν
3434 4936 3747 5004 ἀναλόγως
3777 4939 3809 4990 d
3839 4952 4002 5005 γενε-

2416 5028 2701 5096 σιουργὸς
2735 5027 2935 5081 αὐτῶν
2967 5026 3285 5096 θεωρεῖται.
3323 5028 3470 5081 Μίαν
3498 5027 3563 5097 δὴ
3588 5031 3683 5079 καὶ
3703 5020 3864 5090 οὗτος
3894 5031 4001 5081 τῶν

2415 5122 2514 5189 τῆς
2549 5120 2800 5191 θεότητος
2840 5120 3103 5172 αἱτιατῶν
3139 5121 3500 5173 ὑποστάσεων
3548 5121 3645 5172 καὶ
3683 5120 3868 5191 πάσης
3906 5124 4001 5191 τῆς

2418 5211 2646 5269 κτίσεως
2677 5211 2857 5263 αἰτίαν
2880 5211 3031 5281 φησι,
3070 5208 3172 5262 κᾶν
3199 5210 3399 5263 αὐτίκα
3432 5211 3533 5280 τὴν
3560 5210 3829 5282 διαφορὰν
3871 5214 3999 5265 ταύο

2420 5321 2517 5373 της
2542 5319 2601 5355 τε
2631 5304 2725 5355 καὶ
2771 5302 2877 5355 τῶν
2926 5302 3183 5356 τοιούτων
3230 5303 3537 5373 θεαρχικῶν
3584 5303 3901 5372 προσώπων
3931 5304 4001 5366 ὠς

2423 5396 2681 5465 πλείστην
2705 5396 3113 5466 ἐπεσημήνατο.
3159 5396 3359 5449 Λοιπὸν
3385 5396 3483 5447 οὐκ
3521 5395 3739 5457 ἀτόπως
3772 5397 3997 5449 ἐπεκού-

2424 5505 2565 5558 ρησα
2587 5487 2662 5557 τῷ
2688 5486 2830 5555 λόγῳ
2857 5486 3030 5553 κάγὼ,
3058 5485 3463 5555 παραδείγματι
3490 5486 3624 5554 πρὸς
3652 5486 3713 5537 τὺ
3738 5489 3921 5555 παρὸν
3944 5487 4001 5553 τῇ

2423 5579 2597 5633 κτίσει
2648 5578 3011 5649 χρησάμενος.
3056 5576 3118 5630 ὐ
3163 5579 3217 5630 δὲ
3252 5576 3425 5649 μέγας
3473 5576 3625 5629 οὐδὲν
3659 5576 3883 5629 ἔλαττον
3917 5578 4003 5627 καὶ

2424 5674 2600 5735 ἄλλως
2650 5672 2744 5723 τοῦ
2794 5671 2913 5725 καθ’
2944 5671 3089 5740 ἡμᾶς
3141 5671 3415 5740 ἁψάμενος
3463 5668 3728 5738 προτέρου
3779 5667 4001 5734 σκοποῦ,

2427 5770 2527 5821 πᾶν
2552 5768 2725 5835 τούτῳ
2776 5764 2840 5817 δι’
2872 5757 2945 5818 ὧν
2988 5763 3351 5833 ὗπηγόρευσε,
3402 5759 3758 5830 παρακατιὼν
3788 5759 4005 5823 τελείως
