4206 6452
745 379 875 446 1251

704 581 706 583 ’
744 587 788 641 si
822 599 989 641 et-am
1021 603 1087 640 ex
1123 584 1268 639 Filio
1308 585 1545 654 Spiritus
1568 598 1794 639 sanctus
1824 595 1929 651 est,
1962 584 2320 653 quemadmo-

743 681 873 733 tlum
902 688 987 735 est
1008 694 1191 732 rerum
1245 677 1515 733 factarum
1549 679 1826 743 conditor,
1876 680 2021 748 quod
2063 680 2225 732 etiam
2253 693 2319 733 ex

741 769 887 825 Fil.o
917 771 1100 825 omnia
1143 774 1411 840 producta
1461 780 1590 825 sunt
1630 789 1647 826 :
1683 779 1740 825 et
1773 772 2043 826 bonorum
2073 771 2317 824 omnium

751 862 1153 931 suppeditatur,
1207 864 1351 932 quod
1382 862 1567 915 omnia
1598 862 1762 916 etiam
1795 878 1861 915 ex
1893 860 2034 916 Filio
2060 863 2313 931 suppedi-

746 963 952 1010 tantur.
986 952 1119 1008 Etsi
1162 954 1212 1007 id
1235 953 1511 1020 fuerit,uti
1539 954 1712 1010 Filius
1741 962 1984 1023 generat,
2017 953 2097 1007 sic
2128 966 2321 1007 neces-

739 1047 886 1103 sario
914 1056 971 1101 et
1027 1046 1267 1113 Spiritus
1294 1055 1520 1103 sanctus
1542 1055 1786 1116 generat.
1823 1044 1983 1111 Quod
2007 1045 2154 1100 enim
2188 1060 2318 1114 pro-

742 1137 856 1205 prie
877 1138 945 1192 de
976 1138 1088 1192 Deo
1111 1140 1494 1193 consideratur
1521 1154 1548 1191 a
1591 1138 1750 1193 nobis
1782 1147 1835 1193 et
1867 1138 2091 1205 dicitur,
2122 1149 2213 1190 aut
2235 1148 2320 1193 est

741 1242 1035 1282 commune
1061 1228 1238 1283 beatae
1265 1239 1319 1284 et
1345 1229 1467 1284 vita:
1489 1228 1755 1300 principis
1785 1229 2019 1293 Triadis,
2048 1236 2145 1282 aut
2167 1228 2319 1282 illius

740 1320 1176 1375 venerandarum
1213 1321 1588 1391 hypostaseon
1622 1324 1712 1375 uni
1750 1323 2067 1392 proprium,
2087 1323 2235 1392 quod
2263 1322 2316 1376 in

740 1412 829 1466 illa
865 1413 1247 1469 tantummodo
1278 1424 1374 1469 aut
1411 1414 1682 1471 naturalia
1731 1422 1826 1468 aut
1872 1415 2177 1485 personalia
2224 1430 2319 1484 ag-

739 1515 1061 1569 noscantur,
1089 1507 1293 1587 quibus
1331 1508 1475 1577 apud
1537 1508 1820 1577 theologos
1854 1505 2207 1575 conjungitur
2262 1516 2317 1560 et

734 1597 1090 1663 discernitur,
1121 1608 1178 1655 et
1204 1616 1315 1670 prae
1343 1601 1429 1655 his
1484 1600 1696 1654 nullum
1754 1600 1902 1653 aliud
1947 1598 2314 1668 deprehendi-

736 1698 844 1741 tur.
881 1686 1064 1754 Quare
1114 1706 1237 1744 cum
1304 1692 1472 1745 Deum
1513 1700 1735 1760 generet
1778 1689 1957 1755 Pater,
2009 1699 2067 1744 ut
2123 1703 2316 1745 omnes

736 1785 999 1845 fatentur,
1022 1783 1069 1837 si
1100 1783 1273 1837 Deum
1295 1792 1580 1851 generaret
1618 1791 1671 1836 et
1702 1781 1894 1844 Filius,
1933 1790 1989 1835 et
2023 1797 2132 1835 non
2167 1790 2316 1836 esset

735 1874 786 1927 id
823 1873 971 1929 Patri
1009 1875 1317 1943 proprium,
1350 1888 1577 1929 necesse
1611 1881 1759 1928 esset
1787 1881 1860 1938 ,ει
1886 1871 2155 1943 Spiritum
2191 1888 2317 1927 san-

735 1972 884 2020 ttum
916 1981 1204 2037 generare,
1240 1975 1297 2020 et
1343 1966 1423 2021 sic
1448 1966 1820 2036 quodcunque
1849 1976 1996 2020 esset
2032 1966 2087 2020 in
2110 1964 2314 2019 Triade

737 2059 1111 2112 venerandum
1146 2074 1241 2127 per
1286 2075 1389 2113 nos
1422 2059 1721 2114 tolleretur.
1768 2058 1835 2112 Et
1888 2057 2183 2128 qualenam
2232 2074 2313 2113 es-

739 2150 1012 2219 set,quod
1041 2150 1112 2204 ab
1146 2153 1266 2219 ipso
1290 2150 1667 2206 exsistentiam
1701 2151 1945 2216 haberet,
1988 2151 2035 2205 si
2057 2151 2113 2204 in
2162 2164 2316 2219 quae-

744 2240 925 2296 stione
950 2242 1363 2296 immorandum
1401 2251 1507 2306 est,
1540 2257 1640 2297 nec
1674 2242 1977 2310 ultra,illud
2006 2255 2185 2311 neque
2212 2244 2315 2295 mi-

735 2332 964 2395 nimum.
1010 2333 1077 2387 ad
1118 2334 1433 2388 evitandum
1490 2332 1819 2387 inﬁnitatem
1875 2333 2116 2387 examini
2184 2335 2314 2387 huic

734 2424 1027 2493 procedere
1072 2425 1239 2479 licet?
1292 2423 1421 2479 Haec
1464 2424 1756 2480 contraria:
1782 2423 2040 2480 factionis
2066 2425 2315 2479 homines

734 2516 895 2572 nobis
930 2525 1301 2587 preponentes
1326 2516 1651 2572 existimant
1680 2532 1746 2570 eo
1786 2515 2059 2571 deducere
2102 2515 2310 2568 oratio-

734 2622 859 2663 nem
888 2602 1157 2673 nostram,
1214 2619 1275 2664 ut
1337 2625 1516 2679 neque
1543 2610 1651 2663 vim
1706 2607 2017 2678 argumenti
2053 2606 2313 2676 ell‘ugere,

735 2715 913 2770 neque
943 2712 1137 2755 contra
1164 2700 1371 2772 aliquid
1396 2715 1675 2771 opponere
1713 2700 1911 2757 valeat.
1981 2699 2097 2754 Nos
2151 2714 2316 2769 porro

735 2803 795 2847 nt
838 2793 1032 2849 ordine
1056 2808 1154 2864 per
1188 2794 1339 2864 ipsos
1384 2794 1551 2848 allata
1582 2793 1910 2857 refutemus,
1946 2806 2056 2861 qua
2103 2792 2314 2846 ratione

735 2884 934 2939 l-‘ilium
961 2888 1126 2940 etiam
1155 2887 1322 2940 Deum
1348 2899 1609 2955 generare
1632 2885 1845 2950 dicunt,
1877 2886 2021 2953 quod
2046 2883 2212 2937 etiam
2243 2899 2311 2938 ex

734 2975 873 3032 Filio
898 2977 1137 3048 Spiritus
1154 2988 1380 3034 sanctus
1408 2977 1537 3032 est?
1565 2975 1631 3030 Et
1652 2985 1832 3030 tamen
1861 2973 2100 3045 Spiritus
2122 2990 2187 3029 ex
2216 2973 2313 3028 Pa-

743 3077 826 3122 tre
868 3068 1253 3140 principaliter
1283 3067 1557 3132 subsistit,
1580 3081 1755 3135 neqne
1773 3075 2057 3136 propterea
2083 3080 2114 3120 a
2150 3066 2311 3121 nobis

747 3158 908 3213 Pater
943 3176 1207 3228 generare
1233 3161 1401 3215 Deum
1427 3158 1647 3221 dicitur,
1681 3159 1773 3212 sed
1807 3156 2152 3213 solummodo
2184 3172 2313 3226 pro-

735 3264 854 3319 pter
891 3253 1233 3322 unigenitum
1289 3251 1490 3305 Filium
1548 3250 1642 3319 qui
1686 3251 1755 3304 ah
1815 3250 1934 3319 ipso
1996 3263 2310 3319 generatur.

734 3346 890 3410 Quod
921 3346 967 3400 si
1027 3344 1195 3399 Deum
1251 3358 1515 3415 generare
1552 3341 1717 3397 Pater
1762 3341 2051 3407 asseritur,
2101 3351 2160 3395 ut
2211 3341 2313 3410 ipsi

654 3464 658 3469 -
734 3439 910 3501 aiunt,
939 3438 1086 3507 quod
1118 3452 1183 3491 ex
1214 3436 1332 3505 ipso
1365 3433 1609 3505 Spiritus
1630 3444 1860 3487 sanctus
1878 3443 1980 3496 est,
2017 3448 2087 3486 en
2114 3440 2170 3486 et
2198 3432 2315 3502 ipse

738 3528 1015 3583 secundus
1054 3526 1150 3582 Dei
1207 3525 1380 3582 Filius
1432 3524 1621 3591 fuerit,
1679 3524 1913 3593 indeque
1974 3523 2313 3592 unigenitum

734 3618 1083 3687 deperdetur.
1128 3615 1285 3671 Unde
1317 3618 1464 3670 enim
1499 3613 1671 3669 Filius
1724 3629 1969 3682 unquam
2023 3623 2317 3669 vocaretur

736 3708 1074 3779 unigenitus,
1129 3722 1257 3763 cum
1310 3705 1487 3761 Filius
1532 3704 1765 3775 exsistat
1811 3703 2120 3756 adorandus
2149 3704 2313 3757 etiam
2357 3761 2363 3768 _

736 3801 823 3856 hic
850 3799 1139 3871 Spiritus?
1181 3797 1287 3854 Sed
1327 3799 1552 3853 minime
1610 3798 1809 3850 mirum
1850 3805 1956 3859 est,
1988 3811 2108 3857 eos.
2150 3796 2321 3867 simili

735 3908 924 3948 errore
956 3892 1250 3961 implicari,
1277 3892 1407 3945 dum
1432 3890 1602 3946 Deum
1641 3904 1905 3959 generare
1930 3883 2315 3967 univ'ersOrum

741 3985 905 4039 Deum
938 3986 1146 4050 opinati
1181 3993 1329 4047 sunt,
1361 3983 1508 4053 quod
1531 3996 1600 4037 ex
1636 3983 1751 4052 ipso
1797 3971 2042 4050 Spiritus
2089 3982 2315 4035 sanctus
2350 3975 2355 3983 ”

732 4086 839 4143 est,
869 4077 963 4147 qui
984 4078 1247 4130 luntinum
1284 4073 1503 4128 Patrem
1533 4089 1660 4127 eum
1694 4075 2028 4127 vocitantem
2072 4070 2317 4141 Scriptu~

735 4186 850 4225 rain
895 4170 1205 4235 audientes,
1270 4170 1477 4224 lumina
1514 4167 1715 4245 Filium
1777 4175 1833 4220 et
1870 4166 2134 4234 Spiritum
2189 4181 2317 4218 san-

733 4273 880 4317 ctum
909 4277 1017 4316 non
1046 4263 1255 4331 absque
1298 4260 1455 4331 gravi
1501 4274 1692 4313 errore
1746 4259 2193 4326 interpretantur.
2253 4259 2316 4311 Et

738 4359 853 4409 haec
886 4370 994 4408 non
1022 4355 1075 4409 in
1106 4355 1248 4408 hanc
1291 4352 1619 4408 sententiam
1654 4349 1855 4417 accipi,
1912 4349 2166 4419 exemplo
2192 4362 2316 4403 esse

734 4458 932 4517 potest,
966 4448 1113 4516 quod
1139 4446 1310 4500 Deum
1367 4442 1580 4497 Patrem
1610 4441 2097 4495 misericordiarum
2130 4443 2317 4509 appel—

1799 380 2309 441 CONSTAN'I‘INI
2360 384 2905 442 ΜΕΗΪΕΝΙΟΤΕ

932 494 1136 564 Itaque,
1165 492 1427 560 inferunt,
1448 492 1617 547 Filius
1632 507 1851 561 quoque
1868 492 2036 547 Deum
2065 502 2285 563 generat
2309 512 2320 545 :
2356 507 2395 559 Α

3871 383 4011 447 1952

2500 492 2598 562 λη’.
2633 493 2840 546 (ὶὺκοῦν
2884 494 3025 555 ἐστι,
3064 494 3212 557 φασὶ,
3247 494 3496 561 θεογόνος
3543 493 3637 546 καὶ
3674 493 3701 544 ὁ
3742 492 3893 557 Υἱὸς,
3928 496 4009 544 εἴ-

2432 602 2535 654 περ
2565 587 2657 637 καὶ
2704 588 2767 637 ὲκ
2819 585 2909 637 τοῦ
2944 586 3073 638 Υὶοῦ
3125 588 3185 637 τὸ
3221 585 3443 653 Πνεῦμα
3483 587 3544 638 τὸ
3590 584 3766 651 ἅγιον,
3819 585 4011 651 ὥσπερ

2428 674 2764 743 δημιουργὸς
2794 676 2900 728 τῶν
2923 682 3231 744 γενομένων
3264 677 3469 736 αὐτῶν,
3498 676 3579 728 ὅτι
3609 678 3713 728 κάκ
3747 676 3843 728 τοῦ
3878 676 4009 728 Γέοῦ

2430 782 2493 817 τα
2530 768 2708 820 πάντα
2750 769 3083 837 συνέστηκεν
3114 784 3127 799 ’
3163 771 3258 820 καὶ
3301 771 3578 839 παροχεὺς
3605 770 3866 823 ἁπάντων
3897 770 4009 822 τῶν

2429 859 2673 926 ἀγαθῶν,
2700 860 2781 912 ὅτι
2815 861 2921 912 κάκ
2965 860 3060 912 τοῦ
3093 860 3224 912 Υἱοῦ
3266 860 3442 914 ταῦτα
3474 861 3756 929 νέμονται.
3809 862 3923 913 Καὶ
3962 865 4011 914 εὶ

2429 952 2606 1014 τοῦτο,
2658 954 2798 1005 κατὰ
2830 954 2921 1004 τὶν
2974 952 3100 1005 Υἰὸν
3150 951 3365 1022 ἀνάγκη
3414 953 3589 1004 τελεῖν
3633 952 3885 1019 θεογόνον
3916 956 4011 1005 καὶ¹

2429 1044 2560 1096 ait?)
2593 1045 2652 1096 τὸ
2686 1043 2909 1112 Πνεῦμα
2944 1044 3003 1094 τὸ
3033 1043 3207 1111 ἅγιον.
3236 1043 3418 1096 Ἀπαν
3453 1042 3680 1113 καὶγὰρ
3708 1045 3769 1096 τὸ
3802 1046 4014 1113 κυρὶως

2430 1138 2521 1188 ἐπὶ
2577 1135 2711 1189 Θεοῦ
2764 1136 3140 1207 θεωρούμενον
3168 1139 3300 1206 ἡμῖν
3351 1142 3445 1189 καὶ
3498 1136 3795 1205 λεγόμενον
3826 1137 3857 1200 ἦ
3910 1138 4012 1202 τῆς

2428 1231 2707 1299 μανηαρὶας
2763 1232 2855 1283 καὶ
2906 1230 3219 1301 ζωαρχικῆς
3275 1229 3502 1301 Τριάδος
3556 1230 3751 1292 κοινὸν,
3809 1230 3842 1299 ἢ
3903 1230 4015 1281 τῶν

2424 1323 2628 1392 ταύτης
2663 1324 2886 1377 σεπτῶν.
2911 1326 3265 1378 ὑποστάσεων
3299 1326 3428 1394 μιᾶς
3470 1325 3636 1378 ῐδιον·
3684 1324 3766 1376 ὅτι
3798 1326 4014 1392 φυσικὰ
4044 1392 4045 1395 η

2429 1416 2588 1479 μόνον
2615 1417 2701 1467 ἐπ’
2726 1416 2899 1487 αὐτῆς
2929 1417 3153 1486 οἴδαμεν
3184 1419 3282 1469 καὶ
3305 1417 3659 1487 προσωπικὰ,
3682 1416 3807 1468 καθ’
3830 1414 3866 1468 Et
3894 1418 4013 1477 τοῖς

2426 1505 2771 1574 θεολογοῦσιν
2806 1507 3009 1577 ἥνωται
3033 1525 3092 1561 τε
3125 1509 3219 1560 καὶ
3248 1507 3611 1576 διακέκριται.
3646 1507 3804 1575 Παρὰ
3830 1503 4013 1557 ταῦτα

2424 1596 2469 1649 δ’
2506 1598 2658 1650 οὐδὲν
2702 1598 2830 1652 ἄλλο
2877 1598 3242 1669 γινώσκομεν.
3277 1598 3425 1652 Ὥστ’
3465 1598 3651 1667 ἐπειδὴ
3697 1597 3951 1665 θεογὸνος
3983 1597 4013 1647 ὁ

2426 1688 2615 1758 Πατὴρ
2644 1690 3092 1760 ὁμολογουμένως
3124 1693 3293 1754 ἐστὶν,
3324 1695 3373 1743 εἰ
3402 1691 3651 1758 θεογόνος
3680 1691 3773 1742 καί
3802 1690 3829 1740 ό
3856 1688 4011 1750 Υἱδις,

2426 1780 2518 1830 zrl.
2553 1779 2710 1833 τοῦτο
2739 1782 2834 1834 τοῦ
2859 1783 3071 1851 Πατρός
3103 1784 3255 1845 ἴδιον,
3302 1783 3514 1851 ἀνάγκη
3543 1783 3607 1851 δὴ
3646 1783 3896 1847 θεογόνον
3924 1798 4015 1833 τε·

2350 1852 2396 1907 Β
2423 1871 2532 1940 λείν
2563 1873 2659 1924 καὶ
2712 1874 2772 1925 τὸ
2804 1873 3028 1943 Πνεῦμα
3073 1875 3137 1926 τὸ
3182 1875 3357 1941 ᾶγιον,
3405 1877 3501 1927 καὶ
3537 1876 3599 1926 τὸ
3646 1875 3743 1941 τῆς
3774 1874 4015 1945 Τριάδος

2429 1963 2625 2031 σεμνὸν
2656 1964 2780 2016 ὅσον
2805 1965 2866 2019 τὸ
2896 1966 2974 2026 εἰς
3003 1964 3147 2033 ὑμᾶς
3186 1965 3418 2035 οἴχεται.
3457 1964 3602 2034 Πλὴν
3634 1967 3785 2017 ποῖον
3821 1965 3919 2016 καὶ
3949 1964 4013 2015 τὸ

2423 2053 2484 2118 ἐξ
2513 2054 2679 2109 αὑτοῦ
2710 2059 3049 2128 κεκτημένον
3075 2061 3172 2127 τὴν
3207 2058 3462 2129 ὓπαρξιν,
3497 2060 3545 2109 ει
3572 2058 3768 2127 μέχρις
3792 2055 4012 2107 ἐκείνου

2424 2148 2602 2216 χρεὼν
2634 2149 2825 2220 στῆναι
2848 2151 2918 2204 τὰ
2959 2151 3060 2219 τῆς
3102 2152 3403 2221 ζητήσεως,
3439 2152 3533 2202 καὶ
3574 2152 3649 2219 μὴ
3692 2147 4013 2217 περαιτέρω

2426 2237 2718 2306 προϐῆναι,
2764 2239 2886 2310 μηδ’
2919 2240 3171 2294 ὁπωσοῦν
3198 2242 3295 2311 τὴν
3323 2239 3572 2304 ἐξέτασιν
3603 2239 3809 2308 ταύτην
3835 2240 3925 2290 διὰ
3951 2237 4017 2289 τὸ

2422 2332 2681 2400 ἄπειρον;
2719 2332 2958 2386 Τοιαῦτα
2986 2333 3241 2401 λέγοντες
3265 2335 3312 2387 oi
3336 2334 3437 2403 τῆς
3479 2332 3673 2403 μοίρας
3698 2332 3821 2401 τῷν
3855 2332 4014 2384 ἀντι-

2424 2425 2811 2497 διατιθεμένων
2842 2430 2996 2498 ἡμῖν,
3022 2432 3101 2492 εἰς
3133 2430 3379 2499 ἀνάγκην
3404 2427 3644 2496 ἄφυκτον
3677 2428 3835 2495 ἄγειν
3862 2422 4015 2479 οἴον-

2424 2535 2513 2571 ται
2561 2520 2650 2571 τὸν
2696 2520 2850 2586 λόγον
2902 2520 2997 2573 καὶ
3042 2520 3457 2591 ά.αντίρῤητον.
3498 2518 3685 2590 Ἡμεῖς
3721 2518 3766 2572 δ’
3808 2520 3901 2572 ἵνα
3929 2518 4013 2571 ’τὰ

2430 2614 2557 2679 παρ’
2588 2612 2768 2665 αὐτῶν
2827 2613 2967 2664 κατὰ
2996 2612 3152 2677 τάξιν
3208 2614 3541 2683 ὲλέγξωμεν,
3593 2614 3713 2675 πῶς
3754 2613 4015 2679 θεογὸνον

2426 2705 2519 2752 καὶ
2538 2704 2625 2752 τὸν
2658 2702 2782 2755 Υξον
2805 2698 2943 2756 εἷναί
2972 2721 3157 2771 φασιν,
3179 2705 3260 2757 ὃτι
3286 2707 3393 2758 κάκ
3419 2704 3515 2758 τοῦ
3544 2704 3673 2756 Tia-3
3699 2704 3758 2755 τὸ
3781 2703 4014 2770 Πνεῦμα

2425 2794 2483 2844 τὸ
2514 2794 2704 2861 am»;
2739 2798 2845 2849 Καὶ
2884 2797 2992 2868 μὴν
3040 2798 3379 2867 καθέστηκεν
3414 2798 3545 2850 αὐτὸ
3579 2799 4016 2867 προηγουμένως

2425 2888 2489 2937 ἐκ
2520 2886 2615 2937 τοῦ
2644 2888 2878 2956 Πατρός,
2910 2890 2969 2940 οὐ
2995 2888 3079 2942 διὰ
3110 2888 3272 2941 τοῦτο
3300 2890 3344 2941 δ’
3374 2891 3508 2959 ἡμῖν
3546 2888 3797 2956 θεογόνος
3830 2889 3858 2940 ό
3890 2889 4009 2941 Ih-

2426 2979 2529 3045 τηρ
2559 2977 2795 3047 εἴρηται,
2824 2978 2910 3031 διὰ
2934 2979 2992 3031 δὲ
3015 2979 3103 3033 τὸν
3138 2980 3403 3049 μονογενῆ
3433 2982 3651 3043 πάντως
3680 2981 3827 3043 Υεὸν,
3854 2980 4013 3043 ὅστις

2427 3068 2485 3132 ἐξ
2524 3069 2688 3121 αὑτοῦ
2749 3071 3006 3139 τυγχάνει
3037 3072 3429 3141 γεννώμενος.
3488 3072 3552 3125 Εἰ
3583 3072 3639 3125 δὲ
3694 3072 3946 3141 θεογόνος
3981 3077 4013 3124 ό

2429 3158 2618 3228 Πατὴρ
2649 3160 2865 3227 λέγεται
2892 3162 3014 3215 κατ’
3045 3163 3265 3228 αὐτοὺς,
3298 3164 3597 3233 ἐπειδήπερ
3627 3164 3687 3228 ἐξ
3714 3164 3882 3217 αὑτοῦ
3909 3165 4009 3217 καὶ

2367 3250 2389 3274 ⁴
2421 3250 2481 3303 τὸ
2513 3251 2738 3321 Πνεῦμα
2774 3254 2833 3305 τὸ
2884 3257 3064 3321 ἅγιον,
3125 3256 3237 3308 ἰδοὺ
3295 3257 3389 3309 καὶ
3427 3256 3583 3309 τοῦτο
3630 3256 3881 3326 δεύτερός
3920 3274 4011 3321 τις

2420 3345 2573 3411 γόνος
2605 3346 2765 3401 Θεοῦ.
2798 3347 3108 3401 Κάντεῦθεν
3144 3349 3205 3401 τὸ
3234 3349 3521 3417 μονογενὲς
3546 3350 3861 3421 suam“.
3890 3352 4010 3403 Καὶ

2419 3433 2526 3504 γὰρ
2563 3435 2725 3487 πόθεν
2746 3437 2773 3488 ὀ
2805 3436 2929 3497 Υἱὸς
2961 3437 3024 3490 ἄν
3051 3453 3185 3489 ποτε
3219 3436 3443 3507 κληθείη
3478 3437 3793 3508 μονογενὴς,
3827 3439 4009 3507 ὑπάρ-

2419 3542 2604 3594 χοντος
2631 3528 2789 3593 γόνου
2832 3531 2924 3581 καὶ
2965 3528 3059 3582 τοῦ
3103 3528 3479 3598 προσκυνητοῦ
3519 3529 3712 3582 τούτου
3746 3531 4008 3598 Πνεῦμα-

2420 3631 2543 3680 τοες
2589 3615 2727 3667 Ἀλλ’
2785 3618 2846 3669 οὐ
2880 3617 3181 3687 θαυμάζειν
3224 3618 3305 3670 δεῖ
3347 3623 3406 3671 τὸ
3438 3620 3700 3688 παράπαν
3748 3621 3919 3687 ἡμᾶς,
3954 3622 4004 3671 εἰ

2421 3708 2625 3777 ταύτην
2657 3709 2812 3763 αὐτοὶ
2844 3710 2943 3776 τὴν
2973 3710 3179 3779 πλάνην
3212 3712 3607 3778 πεπλάνηντειι,
3637 3712 3887 3778 θεογόνον
3913 3711 4002 3764 66-

2421 3800 2610 3863 ξαν-τες
2639 3805 2729 3856 τὸν
2759 3804 2866 3856 τῶν
2909 3804 3167 3857 ἁπάντων
3197 3805 3349 3865 Θεὸν,
3377 3802 3494 3857 ἀνθ’
3520 3799 3705 3873 ὦνπερ
3734 3804 3791 3867 ἐξ
3825 3804 3999 3856 αὑτοῦ

2422 3894 2515 3947 καὶ
2553 3895 2612 3946 τὸ
2644 3895 2867 3965 Πνεῦμα
2893 3899 2954 3948 τὸ
2988 3898 3166 3963 ἅγιον,
3198 3896 3246 3947 οἳ
3272 3898 3367 3949 καὶ
3396 3896 3515 3949 τῶν
3534 3899 3745 3964 φώτων
3774 3897 4006 3949 ἀκούον-

2418 4004 2506 4049 τες
2545 3988 2775 4056 Πατέρα
2810 3992 2905 4059 τῆς
2933 3990 3153 4058 Γραῳῆς
3198 3989 3463 4060 λεγούσης
3487 3990 3671 4050 αὑτὸν,
3703 3988 3869 4057 φῶτα
3906 3990 4001 4042 τδν

2425 4082 2548 4135 Υἱόν
2578 4082 2902 4152 ἐξηγοῦνται
2931 4083 3211 4154 σφαλερῶς
3248 4086 3341 4137 καὶ
3369 4084 3432 4136 τὸ
3479 4083 3703 4153 Πνεῦμα
3736 4084 3795 4135 τὸ
3820 4085 4005 4151 ἅγιον.

2422 4174 2531 4226 Καὶ
2558 4174 2731 4227 ταῦτα
2767 4175 3118 4246 παράδειγμα
3146 4174 3239 4229 τοῦ
3285 4175 3359 4245 μὴ
3389 4174 3531 4228 κατά
3571 4174 3819 4228 τοιοῦτον
3846 4164 4006 4242 λέγξ-

2421 4265 2544 4317 σθαι
2583 4264 2740 4318 τοῦτο
2796 4265 2940 4329 νοῦν⁹
2991 4264 3179 4318 καὶτὸ
3224 4264 3458 4333 Πατέρα
3509 4262 3627 4316 τῶν
3680 4262 4005 4331 οἰκτιρμῶν·

2418 4355 2780 4425 ὀνομάζεσθαι
2829 4360 2937 4411 τὸν
2982 4358 3132 4411 Θεὸν
3168 4356 3408 4427 ἔχοντες.
3453 4356 3561 4409 Καὶ
3600 4356 3709 4426 γὰρ
3741 4354 4002 4424 καθάπερ

2420 4449 2624 4517 Πατὴρ
2659 4450 2902 4504 καλεῖται
2948 4449 3067 4502 τῶν
3097 4448 3435 4517 οἰκτιρμῶν,
3468 4450 3543 4510 ὡς
3590 4450 3760 4509 αἴτιος
3790 4449 4003 4517 οἰκτιρ-

735 4546 872 4595 laut.
927 4539 1178 4607 Namque
1236 4537 1315 4591 uti
1352 4533 1518 4589 Pater
1542 4532 2034 4588 misericordiam»:
2063 4542 2313 4595 vocatur,

2427 4542 2539 4609 μῶν
2571 4542 2834 4611 ὑπάρχων
2876 4543 2971 4594 καὶ
3000 4541 3289 4611 πρύτανις,
3315 4539 3460 4591 οὕτω
3511 4539 3605 4592 καὶ
3648 4538 3853 4604 Πατὴρ
3880 4538 3998 4589 τῶν

737 4634 886 4703 quod
916 4647 1082 4689 causa
1109 4633 1182 4687 sit
1209 4628 1716 4685 misericordiarum
1748 4635 1801 4681 et
1833 4626 2202 4694 dispensator,
2234 4627 2315 4679 sie

734 4736 791 4780 ct
820 4725 986 4780 Pater
1019 4708 1281 4777 Iuntinu‘m
1311 4722 1587 4776 exsistens
1617 4720 1723 4772 hoc
1753 4718 1935 4787 ipsum
1967 4716 2135 4771 etiam
2167 4731 2311 4769 \OCl-

734 4829 904 4873 tatur.
939 4814 1166 4869 Lumina
1195 4828 1425 4885 prorsus
1459 4811 1616 4883 sunt;
1645 4810 2099 4873 illutninatioues,
2145 4817 2313 4863 caele-

737 4913 843 4967 stia
878 4911 1063 4964 omnia
1092 4910 1235 4962 dona
1274 4894 1409 4970 haec,
1442 4913 1502 4958 ut
1527 4903 1811 4973 Scriptura
1852 4903 2038 4966 tradit,
2067 4911 2120 4955 et
2157 4903 2313 4955 bona:

732 5008 1005 5069 dationes,
1029 5016 1084 5058 et
1109 5000 1350 5072 perfecta
1396 5014 1585 5054 revera
1618 5013 1869 5054 munera.
1902 4995 2107 5049 Horum
2129 5005 2310 5049 autem

736 5100 1118 5153 universorum
1185 5094 1330 5148 Deus
1395 5093 1609 5164 genitor
1641 5100 1745 5155 est,
1822 5098 1875 5143 et
1904 5088 2084 5151 dator,
2145 5089 2311 5164 etiam

732 5192 1015 5252 oninihus,
1069 5206 1192 5258 quae
1258 5204 1425 5257 supra
1483 5186 1744 5240 mundum
1781 5194 1930 5247 sunt,
1992 5182 2309 5261 virtutibus.

733 5289 1103 5343 Nihilominus
1135 5287 1189 5340 hi
1228 5302 1257 5339 a
1290 5284 1592 5354 Scriptura:
1636 5289 1817 5335 mente
1845 5280 2007 5347 longe
2044 5277 2307 5333 deciden-

736 5394 843 5442 tes,
869 5378 1076 5432 lumina
1132 5376 1527 5431 intellexerunt
1571 5373 1770 5428 Filium
1800 5379 1855 5423 et
1878 5368 2144 5438 Spiritum
2182 5381 2311 5422 san-

730 5485 906 5531 ctum.
929 5488 1156 5543 prorsus
1187 5487 1292 5525 uon
1331 5469 1706 5537 coneipientes
1728 5464 1921 5518 eadem
1971 5462 2185 5516 ratione
2241 5461 2311 5513 ab

733 5566 867 5635 ipsis
896 5564 1005 5621 dici
1036 5563 1237 5619 Filium
1276 5574 1332 5618 et
1362 5563 1540 5632 ipsum
1579 5558 1841 5629 Spiritum
1889 5566 2166 5611 sanetum.
2194 5552 2298 5619 Qui

730 5673 918 5728 itaque
960 5660 1129 5714 etiam
1183 5657 1239 5712 in
1277 5656 1383 5712 hoc
1435 5672 1464 5710 a
1502 5670 1626 5709 vera
1661 5650 1935 5708 sententia
1986 5650 2310 5704 aberrarunt

729 5751 888 5811 adeo,
941 5761 1001 5804 ut
1034 5750 1203 5805 Deum
1247 5747 1510 5804 adorandi
1567 5744 1811 5816 Spiritus
1842 5741 2060 5797 Patrem
2091 5756 2305 5795 assere-

731 5853 874 5907 rent,
890 5853 1287 5911 consequenter
1302 5843 1461 5895 etiam
1480 5843 1531 5895 in
1553 5840 1657 5893 hoc
1681 5838 1819 5908 quod
1839 5837 1983 5891 hunc
2008 5837 2058 5889 itt
2079 5849 2306 5890 examen

2419 4633 2628 4700 φώτων
2656 4633 2752 4693 ὢν,
2780 4636 2873 4686 καὶ
2899 4632 3057 4686 τοῦτο
3087 4631 3542 4701 κατονομάζεται.
3576 4628 3746 4683 Φῶτα
3771 4629 3830 4681 δὲ
3864 4630 4005 4681 πάν-

2419 4743 2523 4787 τως
2549 4729 2603 4777 αἱ
2637 4727 2929 4794 alid-(war;
2954 4727 3083 4785 εἰσὶ,
3108 4725 3175 4777 τὰ
3197 4726 3423 4794 οὐράνια
3452 4724 3630 4777 πάντα
3677 4723 4003 4791 χαρίσματα

2419 4796 2613 4879 ταῦτα,
2642 4816 2782 4869 κατὰ
2812 4818 2910 4882 τὴν
2940 4816 3187 4886 Γραφὴν,
3213 4814 3309 4867 καὶ
3335 4814 3513 4876 δόσεις
3542 4812 3767 4880 ἀγαθαὶ,
3791 4812 3885 4865 καὶ
3915 4813 4005 4865 τὲ-

2419 4908 2538 4961 λεια
2571 4912 2637 4979 τῇ
2693 4907 2922 4979 ἀληθείᾳ
2971 4907 3303 4977 δωρήματα,
3330 4904 3554 4960 Τούτων
3590 4905 3646 4958 δὲ
3701 4906 3924 4958 πάντων
3972 4908 4001 4956 ὁ

2417 5001 2549 5064 Θεὸς
2577 5002 2802 5069 γενέτης
2830 5002 2925 5052 καὶ⁸
2970 5000 3204 5069 χορηγὸς
3256 4998 3351 5073 και
3374 4996 3601 5077 ,πάσαις
3651 4998 3843 5058 αὐταῖς
3875 5000 3999 5055 ταῖς

2418 5091 2807 5160 ὑπερκοσμίοις
2832 5091 3149 5160 δυνάμεσιν.
3172 5090 3361 5160 Ὅμως
3380 5088 3426 5141 δ’
3452 5087 3616 5156 οὖνὀῑ
3639 5087 3871 5141 τοιοῦτοι
3899 5089 3996 5140 τοῦ

2416 5188 2515 5254 τῆς
2547 5187 2765 5255 Γραφῆς
2797 5186 3121 5247 ἐκπεσόντες
3147 5185 3374 5248 σκοποῦ.
3393 5184 3548 5253 φῶτα
3578 5185 3669 5238 τὸν
3691 5183 3819 5236 Υἱὸν
3846 5184 4000 5251 ἐνόη-

2420 5294 2516 5329 σαν
2551 5278 2644 5328 καὶ
2673 5277 2735 5329 τὴ
2766 5275 2989 5347 Πνεῦμα
3020 5277 3083 5328 τὸ
3114 5277 3291 5342 ἅγιον,
3334 5276 3409 5347 μὴ
3468 5276 3740 5338 συνιέντες
3772 5274 3837 5327 τὸ
3869 5275 4001 5326 σύν-

2414 5371 2555 5434 ολον,
2582 5370 2656 5430 ὡς
2706 5370 3134 5439 τοιουτοτρόπως
3168 5369 3294 5431 Υἱὸς
3344 5368 3492 5438 παρὰ
3518 5367 3728 5430 τούτοις
3768 5366 3997 5434 λέγεται

2416 5464 2508 5514 καὶ
2534 5462 2665 5516 αὐτὸ
2693 5462 2754 5515 τὸ
2801 5462 3024 5532 Πνεῦμα
3054 5462 3115 5515 τδ
3147 5462 3324 5531 ᾶγιον.
3374 5463 3443 5517 Οἱ
3470 5461 3570 5530 τῆς
3617 5462 3826 5523 ἑννοίας
3862 5458 3998 5526 γοῦν

2414 5556 2835 5624 ἁμαρτήσαντες
2867 5556 2969 5607 κάν
2999 5553 3177 5623 τούτῳ
3221 5552 3319 5621 τῆς
3354 5550 3610 5613 ἀληθοῦς.
3636 5550 3712 5613 ὡς
3738 5552 3836 5602 καὶ
3877 5549 3996 5601 ﬂa-

2415 5652 2545 5716 τέρα
2576 5645 2666 5698 τὸν
2706 5646 2836 5699 Θεὸν
2870 5646 3049 5714 λέγειν
3073 5644 3169 5698 τοῦ
3217 5641 3597 5714 προσκυνητοῦ
3650 5638 3997 5710 Πνεῦματος,

2415 5739 2723 5801 ἀκολούθως
2766 5740 2902 5791 κάπὶ
2958 5737 3053 5790 τοῦ
3099 5737 3233 5806 πρὸς
3286 5736 3532 5795 ἐξέτασιν
3588 5734 3996 5804 προσκειμένου

2414 5834 2507 5885 νῦν
2540 5834 2635 5903 τῆς
2676 5831 2931 5902 άληθεέας
2963 5827 3117 5892 αὖθις
3162 5833 3255 5883 καὶ
3298 5828 3393 5898 τῆς
3433 5827 3599 5897 ὀρθῆς
3648 5823 3860 5884 ἐννοίας
3916 5820 4001 5874 ει-
