4206 6452
177 410 314 474 1253

1037 409 1134 468 DE
1176 405 1693 468 PROCESSIONE
1736 407 1798 467 S.
1843 407 2208 468 SPlltlTUS
2248 406 2474 467 ORAT.
2519 408 2601 469 ll.

3308 409 3444 473 1254

170 526 447 591 ήμαρτον,
483 524 604 575 ἐπεὶ
629 523 875 590 θεογόνος
937 522 963 570 ὀ
1022 518 1233 586 Πατὴρ,
1276 519 1397 569 ἐπεὶ
1427 516 1768 584 γεννώμενος

1875 519 2216 586 proponitur,
2257 532 2285 571 a
2320 524 2547 572 veritate
2583 525 2840 587 rectaque
2883 520 3152 574 sententia
3213 523 3443 593 delapsi.

170 618 228 680 ἐξ
262 615 430 668 αὑτοῦ
470 617 717 677 πέφυκεν
759 617 785 666 ὁ
819 613 966 670 Υἱὸς,
1003 611 1102 678 οὑχ
1135 609 1214 660 ὅτι
1258 608 1311 660 δὲ
1347 611 1594 677 πρόεισιν
1635 607 1756 676 ἕχον

169 707 268 774 τὴν
301 705 538 776 ὓπαρξιν
573 709 631 766 ἐξ
666 704 833 758 αὑτοῦ
884 703 979 754 καὶ
1007 699 1330 768 τὸ,Πνεῦμα
1367 700 1426 752 τὸ
1475 700 1651 765 ἆγιον.
1697 696 1757 749 ὐ

169 800 226 849 δὲ
263 798 390 860 Υἱὸς
437 799 500 850 οὑ
543 797 788 864 θεογόνος
842 793 1050 861 σαφῶς,
1103 790 1403 859 καθότιπερ
1459 789 1590 856 μηδέ
1632 789 1758 840 Υἰὸν

170 893 463 959 κέκτηται.
491 892 690 944 Λοιπὸν
730 890 790 940 οὑ
827 886 1073 952 θεογόνων
1107 884 1245 936 κατὰ
1277 882 1366 933 τὸν
1400 882 1524 934 Υἰὸν
1553 878 1752 932 οῦκουν

169 983 282 1034 οὐδ’
316 983 452 1035 αὐτὸ
487 984 547 1034 τὸ
577 981 805 1049 Πνεῦμα.
834 979 895 1031 τὸ
922 979 1077 1044 ἆγιον
1101 994 1113 1004 ·
1152 978 1247 1026 καὶ
1275 973 1421 1026 ἐστιν
1453 975 1582 1024 ἴδιον
1604 972 1762 1024 τοῦτο

176 1073 415 1141 μάλιστα
464 1072 559 1124 τοῦ
619 1070 853 1139 Πατρὸς,
917 1070 1009 1121 καὶ
1057 1065 1154 1132 τῆς
1189 1066 1540 1124 ὑποστάσεως
1590 1063 1757 1115 αὑτοῦ

173 1168 295 1217 κατ’
334 1165 634 1232 ἐξαίρετον.
673 1162 928 1214 Τοιοῦτον
963 1159 1020 1210 τὸ
1051 1158 1173 1209 καθ’
1199 1158 1357 1226 ἡμῶν
1384 1157 1479 1208 καὶ
1507 1155 1604 1223 τῆς
1633 1159 1766 1224 ἁλη-

174 1258 330 1318 θείας
369 1259 536 1326 αὐτῆς
572 1263 723 1327 παρά
756 1257 862 1309 τῶν
901 1253 1239 1306 ὑπεναντίων
1270 1250 1612 1306 ἀναπλασθὲν
1642 1251 1767 1304 ἄτο-

175 1362 298 1397 π·.ν.
333 1345 496 1398 υῦτω
537 1348 637 1415 τῆς
671 1348 843 1416 ἀρχῆς
882 1345 1237 1413 ὑποτεθείσ-ης
1274 1341 1528 1411 ψευδοῦς,
1576 1343 1667 1393 καὶ
1705 1343 1768 1393 τὸ

176 1446 556 1511 συμπέρασμα
581 1441 779 1511 ψεῦδος
807 1439 1168 1508 καθέστηκεν.

249 1640 351 1693 λθ’.
387 1635 513 1692 Οἷον
546 1640 601 1694 δὲ
635 1642 875 1702 κάκεῖνο,
920 1639 989 1691 δι’
1018 1634 1077 1694 οῦ
1107 1639 1264 1692 τοῦτο
1315 1639 1605 1704 συνάγουσι
1637 1637 1763 1690 συλ-

178 1728 529 1794 λογιστικῶς,
579 1730 716 1797 ὅπερ
744 1730 837 1780 καὶ
891 1727 1134 1781 τιθέασιν
1183 1727 1258 1790 ὡς
1313 1730 1380 1779 ἀν
1410 1727 1624 1796 ἀξίωμα
1675 1729 1768 1779 καὶ

181 1820 372 1889 κοινὴν
430 1821 680 1880 ἔννοιανς
715 1821 918 1884 Ἀπαν,
974 1820 1129 1888 φασὶ,
1163 1819 1225 1872 τὸ
1273 1821 1477 1890 κυρίως
1503 1821 1595 1872 ἐπὶ
1628 1819 1766 1873 Θεοῦ

1866 609 1920 660 in
1950 610 2312 662 maximarum
2335 622 2514 660 rerum
2533 608 2873 677 ignoratione
2906 612 3104 665 versati
3135 621 3284 664 sunt.
3327 612 3448 667 Ideo

1861 698 2008 752 enim
2026 701 2193 772 Deum
2208 699 2596 771 generatPater
2610 700 2754 768 quod
2771 702 2982 768 genitus
2994 718 3058 756 ex
3079 717 3146 756 eo
3162 702 3330 756 Filius
3345 714 3449 766 est,

1869 807 1975 844 non
1992 793 2134 860 quod
2155 794 2527 862 pregreditur,
2562 807 2628 846 ex
2657 793 2777 861 ipso
2814 795 3188 848 exsistentiam
3243 796 3448 850 habens

1869 881 2109 949 Spiritus
2128 893 2375 937 sanctus.
2411 882 2585 937 Filius
2611 891 2792 936 autem
2835 883 2924 936 Dei
2947 887 3156 951 genitor
3200 901 3306 938 non
3343 895 3446 949 est,

1864 987 1989 1025 cum
2020 971 2156 1027 Filio
2193 983 2378 1028 careat
2413 977 2527 1031 :sic
2556 991 2655 1029 nec
2689 975 2783 1029 Dei
2805 977 3019 1043 genitor
3035 989 3140 1040 est,
3172 979 3247 1032 uti
3273 994 3451 1047 nequc

1871 1066 2049 1123 Filius
2083 1078 2162 1122 est
2202 1068 2442 1137 Spiritus
2473 1081 2722 1124 sanctus.
2761 1067 2824 1121 Et
2854 1081 2937 1122 est
2962 1069 3064 1122 hoc
3096 1073 3447 1138 proprium'et

1871 1163 2205 1230 pracipuutn
2234 1159 2433 1224 Patris,
2467 1172 2522 1215 et
2553 1161 2864 1232 hypostasis
2897 1161 3046 1215 illius
3076 1163 3447 1216 excellentiori

1871 1257 2107 1323 quodam
2137 1255 2320 1310 modo.
2357 1253 2422 1308 Et
2457 1256 2619 1324 hujus
2652 1265 2845 1309 contra
2885 1269 2984 1309 nos
3014 1264 3065 1309 et
3101 1253 3273 1323 ipsam
3309 1257 3449 1308 wri-

1869 1355 2036 1398 tatem
2114 1346 2183 1400 ab
2269 1346 2610 1401 adversariis
2684 1346 2913 1400 absurdi
2992 1345 3258 1411 conlicti,
3325 1362 3448 1400 cum

1874 1435 2202 1505 principium
2263 1434 2462 1489 falsum
2554 1444 2940 1503 supponatur,
3034 1434 3450 1489 conclusionem

1875 1528 2002 1581 item
2072 1528 2416 1582 mendacium
2462 1527 2745 1581 continere
2809 1542 3033 1582 necesse
3061 1535 3164 1583 est.

1947 1619 2038 1675 59.
2067 1621 2238 1688 Quale
2271 1621 2403 1675 item
2432 1630 2538 1686 est,
2573 1622 2717 1689 quod
2754 1621 2831 1675 illi
2867 1621 3258 1676 ratiocinantes
3305 1621 3453 1675 colli-

1875 1723 2031 1783 gunt,
2075 1725 2127 1768 et
2153 1716 2229 1766 uti
2287 1715 2702 1782 pronuntiatum
2738 1721 2794 1766 et
2826 1726 3176 1767 communem
3236 1724 3454 1768 senten-

1879 1808 2009 1858 tiam
2042 1804 2403 1874 proponunt?
2448 1803 2749 1871 Quidquid,
2797 1803 3078 1871 inquiunt,
3128 1804 3348 1874 proprie
3386 1811 3454 1858 de

182 1911 563 1980 θεωρούμενον
609 1913 741 1980 ἡμῖν
794 1914 890 1965 καὶ
933 1912 1226 1979 λεγόμενον
1273 1913 1442 1981 ἥτῆς
1493 1913 1771 1982 μακαρίας

1880 1898 1988 1952 Deo
2017 1897 2405 1951 consideratur
2438 1912 2466 1950 a
2501 1895 2662 1949 nobis
2696 1906 2750 1950 et
2803 1896 3025 1961 dicitur,
3059 1907 3154 1950 aut
3193 1907 3276 1951 est
3322 1897 3452 1949 bea-

183 2002 279 2052 καὶ
307 2000 624 2068 ζωαρχικῆς
652 2001 878 2070 Τριάδος
909 2001 1107 2065 κοινὸν,
1139 2001 1170 2070 ἢ
1193 2001 1302 2052 τῶν
1323 2002 1526 2072 ταύτης
1557 2002 1771 2054 σεπτῶν

184 2092 545 2143 ὑποστάσεων
583 2092 711 2159 μιᾶς
746 2091 899 2155 ἴδιον,
927 2092 1000 2153 ὡς
1033 2093 1315 2158 ἀναγκαία
1340 2110 1422 2154 τις
1456 2096 1488 2162 ὴ
1520 2093 1770 2163 παροῦσα

185 2182 284 2234 νῦν
317 2184 465 2246 θέσις
501 2181 703 2236 αὐτῶν.
744 2184 938 2235 Ἔνθεν
977 2201 1059 2236 τοι
1089 2187 1184 2236 καὶ
1224 2185 1612 2238 ἀναπόδεικτον
1638 2187 1773 2238 ταύ-

183 2292 287 2342 την
326 2276 685 2346 προφέρουσι.
713 2275 860 2346 Πλὴν
895 2277 1032 2346 πρὸς
1070 2275 1266 2328 τούτου
1302 2278 1651 2345 ὲρωτήσομεν
1679 2279 1772 2331 δύο

183 2367 340 2430 τινὰς
369 2371 666 2437 ἐρωτήσεις
695 2371 878 2438 ἡμεῖς,
925 2369 1021 2420 ἐὰν
1048 2369 1154 2438 ἄρα
1199 2367 1464 2422 δύνωνται
1503 2371 1640 2439 πρὸς
1674 2371 1771 2441 τὴν

180 2460 447 2528 δευτέραν
478 2459 901 2528 ἀποκρίνασθαι.
942 2459 1018 2511 Τὸ
1059 2461 1305 2514 αίτιατδν
1355 2461 1612 2528 λέγεσθαι
1637 2477 1769 2529 τυγ-

182 2553 373 2619 χάνειν
426 2553 519 2604 ἐπὶ
554 2550 688 2603 Θεοῦ
738 2551 955 2612 πάντως
1004 2550 1070 2603 ἂν
1123 2553 1266 2606 κατά
1313 2555 1413 2613 τὰς
1458 2551 1566 2603 τῶν
1601 2552 1772 2619 ἁγίων

182 2645 372 2712 φωνὰς
427 2645 644 2711 φαίητε.
704 2642 878 2694 Τοῦτο
928 2643 983 2695 δὲ
1038 2645 1272 2713 πότερον
1319 2643 1420 2712 τῆς
1473 2642 1775 2717 θεαρχικῆς

181 2719 416 2803 τριάδος
448 2732 648 2791 κοινὸν.
679 2732 713 2802 ἢ
757 2733 868 2785 τῶν
916 2731 1122 2803 ταύτης
1155 2732 1371 2786 σεπτῶν
1419 2733 1774 2787 ὑποστάσεων

189 2827 323 2892 μιᾶς
358 2823 487 2876 ἴδιον
515 2838 532 2888 ;
575 2823 664 2885 Ὠς
687 2823 822 2894 ὁρῶ,
855 2826 1116 2894 κεχήνασι
1142 2825 1203 2877 τδ
1242 2825 1415 2895 παρὸν
1457 2826 1773 2889 ἀτονοῦντες

186 2917 326 2984 πρὸς
371 2915 469 2984 τὴν
516 2917 846 2984 ἀπόκρισιν·
887 2916 1120 2984 ἐπείπερ
1173 2917 1274 2969 οὑκ
1326 2919 1540 2987 ἔχουσιν
1590 2919 1772 2970 εἰπεῖν

184 3005 462 3073 οῦμενουν
492 3006 700 3058 τούτων
732 3005 1038 3075 οὐδέτερον.
1071 3007 1144 3057 Τὸ
1179 3007 1288 3077 γὰρ
1335 3007 1775 3072 αίτιατδν’δντως

184 3097 280 3148 ἐπὶ
305 3095 445 3147 Θεοῦ
476 3095 864 3166 καθορώμενον
893 3096 1030 3166 ὁμοῦ
1062 3097 1156 3149 καὶ
1187 3097 1481 3167 λεγόμενον
1521 3101 1646 3152 οὗτε
1674 3102 1775 3166 τῆς

186 3186 504 3254 ζωαρχικῆς
536 3187 742 3254 πέφηνε
771 3187 1000 3278 Τριάδος
1030 3189 1229 3254 κοινὸν,
1265 3189 1390 3242 οὔτε
1429 3192 1539 3242 τῶν
1570 3190 1774 3260 ταύτης
1803 3222 1844 3278 c

186 3278 545 3330 ὑποστάσεων
577 3279 711 3346 μιᾶς
759 3277 912 3343 ἴδιον,
943 3280 1050 3330 τῶν
1098 3279 1194 3332 δύο
1246 3281 1302 3332 δὲ
1339 3283 1539 3349 μόνων,
1583 3283 1658 3346 ὡς
1709 3285 1776 3336 ἂν

183 3369 333 3420 εῐποι
376 3385 486 3430 τις,
519 3369 653 3421 ῐδιον
685 3371 779 3421 καὶ
830 3371 1032 3432 κοινὸν,
1077 3373 1327 3424 τουτέστι
1357 3373 1453 3426 τοῦ
1502 3374 1634 3426 Υίοῦ
1681 3378 1778 3429 καὶ

183 3459 278 3511 τοῦ
312 3457 462 3511 θείου
509 3462 603 3511 καὶ
639 3461 985 3530 παντουργοῦ
1027 3463 1366 3531 Πνεύματος.
1437 3467 1598 3520 Ὥστε
1649 3484 1781 3519 κατ-

196 3549 406 3618 εελήθη
437 3549 531 3602 νῦν
549 3553 609 3600 τὸ
641 3551 844 3602 τούτων
873 3552 1113 3622 ἀξίωμα,
1143 3555 1239 3606 καὶ
1256 3555 1317 3606 τὸ
1350 3555 1450 3623 τῆς
1481 3557 1667 3623 κοινῆς
1697 3561 1780 3608 εν-

185 3645 336 3703 νοίας
364 3643 546 3694 αὑτῶν
580 3643 733 3710 παρὰ
785 3643 1003 3695 πάντων
1038 3647 1522 3711 καταπεπάτηται.
1562 3648 1684 3709 Πῶς
1711 3650 1776 3700 ἄν

186 3751 319 3786 ποτε
365 3732 620 3801 τοιαύτην
675 3732 944 3802 σύντομον
995 3734 1152 3803 νίκην
1185 3737 1426 3804 νικήσειέ
1472 3755 1579 3800 τις,
1617 3741 1666 3790 εί
1701 3740 1778 3808 μὴ

185 3825 422 3894 δυνάμει
439 3825 537 3876 τοῦ
559 3825 893 3892 ἐμπνέοντος
919 3824 1014 3876 καὶ
1041 3827 1151 3886 τοῖς
1184 3830 1396 3896 νεκροῖς
1425 3829 1774 3898 Πνεῦματος;

193 3918 295 3978 Ὠς
339 3917 407 3968 ἄν
454 3915 509 3966 δὲ
540 3916 626 3968 διὰ
659 3916 870 3968 πολλῶν
920 3917 1012 3968 τὸν
1059 3918 1216 3985 λόγον
1270 3921 1650 3990 ουστήσωμεν,
1684 3923 1777 3974 καὶ

191 4011 395 4075 μᾶλλον
443 4009 625 4061 αὐτῶν
674 4008 783 4060 τῶν
827 4008 1054 4076 ἔγγιστα
1085 4009 1179 4061 τοῦ
1230 4011 1434 4062 σκοποῦ
1465 4013 1531 4062 τά
1589 4016 1778 4082 πιρρω

186 4104 286 4153 καὶ
335 4100 406 4152 τὰ
456 4101 676 4168 μακράν
709 4099 1161 4167 καταλείψαντες,
1214 4101 1275 4152 τὸ
1331 4103 1687 4157 ἀποστέλλειν
1716 4105 1779 4157 τὸ

188 4195 348 4261 ἆγιον
381 4192 603 4260 Πνεῦμα
647 4191 739 4244 τοῦ
785 4193 997 4261 [ἰατρὸς
1031 4195 1150 4262 ἃμα
1181 4195 1274 4246 καὶ
1311 4195 1404 4245 τοῦ
1449 4194 1615 4246 Υίοῦο
1651 4196 1775 4248 τού-

189 4303 286 4336 του
343 4285 400 4336 δὲ
451 4286 544 4335 τοῦ
599 4283 744 4334 θείου
804 4283 1124 4353 Πνεύματος
1184 4285 1282 4337 οὐκ
1326 4285 1474 4337 ἔστιν
1528 4287 1778 4356 οὐδαμῶς

187 4377 313 4428 οὐδὲ
355 4375 596 4442 λέγεται,
634 4375 722 4427 διὰ
757 4375 816 4427 τὸ
851 4375 925 4444 μὴ
953 4375 1014 4428 τὸ
1052 4375 1184 4428 αὑτὸ
1224 4377 1480 4442 καθάπαξ
1515 4380 1778 4449 ἐγχωρεῖν

187 4471 522 4526 ἁποστέλλον
572 4471 748 4522 τελεῖν
796 4471 890 4523 καὶ
945 4471 1448 4538 ἀποστελλόμενονο
1502 4473 1609 4524 οὐδ’
1644 4475 1777 4526 ἀπο-

1875 2003 1941 2047 ta:
1985 1990 2218 2059 vitaeque
2256 1990 2519 2058 principis
2551 1988 2769 2044 Triatlis
2814 2004 3133 2055 commune,
3167 2001 3260 2043 aut
3288 1992 3451 2044 unius

1875 2085 2202 2139 veneranda:
2233 2084 2548 2153 hypostasis
2589 2081 2894 2151 proprium.
2946 2081 3013 2136 Et
3059 2085 3197 2136 hanc
3227 2084 3452 2149 positio-

1876 2190 1999 2227 nem
2030 2173 2197 2227 veluti
2228 2173 2597 2226 necessariam
2624 2173 2833 2239 absque
2857 2171 2966 2224 ulla
2987 2172 3455 2227 demonstratione

1876 2271 1931 2321 in
1973 2266 2213 2320 medium
2285 2264 2594 2334 proferunt.
2651 2261 2760 2318 Nos
2810 2264 3169 2320 nihilominus
3224 2266 3456 2336 hujusce

1877 2374 2041 2414 causa
2068 2360 2180 2413 duo
2213 2359 2283 2412 ab
2309 2358 2442 2425 ipsis
2473 2365 2744 2426 petemus,
2768 2358 2814 2410 si
2841 2366 3021 2411 tamen
3049 2358 3117 2412 ad
3150 2362 3450 2414 secundum

1876 2464 2068 2504 eorum
2098 2448 2433 2517 respondere
2458 2457 2745 2517 poterunt:
2770 2449 3069 2504 Causatum
3090 2467 3212 2506 esse
3236 2453 3290 2505 in
3321 2452 3451 2518 Deo,

1878 2543 1923 2596 si
1961 2551 2285 2597 sanctorum
2321 2554 2486 2594 voces
2521 2540 2674 2608 sequi
2713 2556 2821 2595 non
2865 2542 3128 2606 abnuitis,
3167 2542 3271 2598 hoc
3303 2555 3455 2599 esltte

1881 2633 2188 2687 divinitatis
2237 2631 2502 2701 principis
2547 2631 2763 2686 Triadis
2819 2649 3131 2697 commune.
3189 2653 3255 2690 an
3298 2653 3451 2690 rem.

1882 2726 2062 2780 renda:
2091 2725 2241 2780 illius
2273 2725 2587 2796 ltypostasis
2609 2727 2780 2780 unius
2813 2729 3141 2796 proprium?
3169 2728 3239 2783 Ut
3274 2730 3453 2791 video.

1875 2821 1988 2888 jam
2049 2828 2242 2888 aperto
2280 2833 2376 2871 ore
2414 2819 2589 2883 hiant,
2640 2822 2986 2889 responsioni
3032 2823 3291 2890 impares,
3329 2839 3450 2878 cum

1878 2920 2132 2965 neutrum
2185 2910 2368 2964 dicere
2399 2912 2638 2964 valeant.
2679 2909 2926 2980 Namque
2967 2923 3246 2967 causatum
3305 2918 3450 2983 quod

1883 3017 2008 3056 vere
2046 3004 2100 3055 in
2143 3002 2256 3058 Deo
2307 3004 2672 3072 conspicitur,
2721 3012 2777 3058 et
2810 3006 2877 3058 de
2916 3020 2984 3058 eo
3010 3006 3232 3073 dicitur,
3278 3024 3454 3076 neque

1880 3089 2004 3142 vita:
2033 3091 2296 3158 principis
2344 3090 2560 3145 Triadis
2599 3108 2892 3147 commune
2925 3105 3033 3156 est,
3084 3112 3260 3166 neque
3293 3103 3458 3151 utrius

1879 3181 2023 3233 illius
2058 3182 2420 3250 hypostaseon
2449 3186 2766 3252 proprium;
2797 3189 2889 3238 sed
2923 3189 3174 3249 duarum,
3209 3199 3268 3241 ut
3304 3193 3451 3258 quis.

1881 3275 2021 3340 piam
2051 3273 2282 3336 diceret,
2317 3275 2599 3342 proprium
2635 3286 2689 3328 et
2727 3291 3039 3342 commune,
3091 3278 3214 3334 Filii
3262 3299 3455 3352 nempe

1879 3374 1930 3416 et
1962 3363 2132 3420 divini
2162 3367 2458 3433 omniaque
2490 3367 2770 3434 oper-antis
2801 3366 3065 3437 Spiritus.
3096 3370 3278 3435 Quare
3306 3391 3451 3427 nunc

1879 3471 2068 3509 eorum
2110 3457 2525 3523 pronuntiatum
2585 3474 2859 3524 eversum,
2900 3469 2953 3514 et
3003 3466 3314 3519 communis
3356 3482 3453 3519 eo-

1881 3547 2130 3600 rumdem
2216 3550 2484 3602 sententia
2541 3550 2608 3604 ab
2668 3554 2926 3606 omnibus
2977 3557 3296 3610 conculcata
3349 3573 3454 3613 εει.

1882 3637 2132 3702 Quanam
2197 3639 2409 3692 ratione
2464 3640 2602 3694 adeo
2662 3641 3111 3710 compendiosam
3168 3648 3452 3702 victoriam

1881 3730 2178 3797 quispiam,
2207 3731 2310 3784 nisi
2337 3731 2601 3800 Spiritus,
2634 3734 2725 3801 qui
2765 3734 2930 3787 etiam
2955 3735 3255 3793 demortuis
3277 3739 3454 3809 inspi-

1880 3834 1983 3884 rat,
2038 3821 2298 3877 facultate
2365 3826 2855 3891 eonsequeretttr?
2913 3827 2979 3880 Ut
3029 3843 3156 3882 vero
3211 3832 3458 3899 pluribus

1879 3914 2181 3966 orationem
2204 3915 2648 3979 eorroboremus,
2680 3918 2746 3970 iis
2784 3920 3130 3986 potissimum
3183 3940 3304 3990 qua:
3333 3941 3458 3994 pru-

1882 4006 2057 4074 posito
2092 4004 2339 4070 proxima
2389 4015 2540 4067 sunt,
2572 4015 2625 4058 et
2654 4022 2773 4074 qua:
2823 4008 2980 4078 longe
3017 4014 3322 4082 proculque
3356 4014 3454 4068 ab-

1880 4106 2025 4160 sunt,
2070 4097 2353 4165 neglectis,
2407 4107 2623 4151 mttere
2693 4099 2954 4167 Spiritum
2992 4113 3243 4156 sant-tum
3275 4107 3462 4159 Patris

1880 4198 1934 4242 et
1963 4186 2084 4240 Filii
2110 4198 2210 4247 est,
2234 4188 2462 4256 hujusce
2493 4205 2619 4242 vero
2645 4189 2884 4260 Spiritus
2910 4196 3086 4248 sancti
3115 4196 3263 4249 nullo
3289 4199 3457 4251 modo

1879 4292 1982 4345 est,
2019 4296 2194 4350 neque
2221 4281 2444 4346 dicitur,
2481 4284 2627 4350 qttod
2664 4285 2782 4338 lieri
2836 4289 3045 4356 nequit,
3085 4299 3146 4342 ut
3201 4291 3342 4345 idem
3382 4293 3456 4346 sit

1883 4376 2102 4429 mittens
2132 4388 2184 4427 et
2220 4375 2420 4430 missus
2451 4393 2465 4440 ;
2509 4391 2686 4445 neque
2723 4377 2869 4431 aliud
2923 4380 3200 4448 quidpiam
3240 4386 3457 4439 mittere

1883 4481 2109 4535 prorsus
2175 4465 2461 4534 gloriatur,
2526 4468 2672 4536 qttod
2742 4470 2986 4537 ejusdem
3018 4473 3091 4525 sit
3127 4489 3251 4526 cum
3302 4491 3368 4529 eo
3401 4486 3457 4529 et

196 4561 444 4615 στέλλειν
474 4562 659 4629 ἕτερόν
685 4578 735 4612 τι
761 4560 819 4612 τὸ
846 4561 1110 4630 παράπαν
1141 4563 1316 4630 αὐχεῖ,
1349 4561 1616 4631 τυγχάνον
1642 4563 1771 4633 ὁμό-

1880 4559 2062 4627 glorizc
2089 4568 2143 4612 et
2172 4558 2416 4612 honoris.
2465 4557 2603 4624 Quid
2643 4561 2746 4613 hoc
2782 4562 2848 4614 ad
2887 4579 3048 4630 quem
3086 4566 3217 4618 mihi
3246 4567 3314 4620 ab
3350 4569 3456 4621 ini-

187 4653 344 4718 δοξον
379 4653 474 4703 καὶ
502 4653 766 4719 ὁμότιμον
794 4652 984 4705 αὑτοῦ.
1015 4652 1080 4705 Τί
1112 4670 1200 4720 μοι
1224 4653 1285 4704 τὸ
1312 4655 1485 4722 παρὸν
1516 4656 1650 4724 πρὸς
1679 4656 1770 4706 τὸν

189 4742 435 4813 ἀρχῆθεν
474 4743 710 4805 «:3:on;
747 4742 983 4811 ἐχόμενα
1014 4743 1206 4795 τούτου
1237 4745 1330 4795 καὶ
1362 4744 1765 4816 πλησιαίτερον.

189 4838 333 4890 Δὺτὸ
386 4838 610 4906 Πνεῦμα
677 4838 738 4888 τὸ
775 4836 931 4904 ἅγιον
986 4837 1207 4906 πνεῦμα
1255 4839 1349 4890 τοῦ
1406 4840 1616 4909 Ila-cpe;
1676 4843 1770 4893 καὶ

189 4930 412 4998 πνεῦμα
456 4929 549 4982 τοῦ
585 4930 735 4992 Υίοῦ,
781 4929 999 4998 πνεῦμα
1027 4930 1084 4981 δὲ
1136 4929 1230 4981 τοῦ
1286 4931 1605 4999 Πνεύματος
1643 4932 1766 4984 οὔτε

188 5025 457 5089 πέφυκεν,
486 5019 609 5072 οὔτε
646 5021 755 5089 μὴν
801 5020 1146 5088 ὀνομάζεται,
1176 5020 1266 5072 διὰ
1292 5021 1353 5073 τὸ
1402 5023 1538 5092 μηδὲ
1585 5024 1768 5094 ὑπάρ-

187 5134 306 5184 χειν
355 5112 570 5172 ἑαυτοῦ,
625 5111 746 5181 μηδ’
791 5111 1142 5180 εὑρίσκεσθαι
1192 5111 1350 5164 τοῦτο
1408 5100 1766 5183 κᾶλούμενον.

188 5208 327 5259 υἱιδὲ
363 5207 524 5259 πάλιν
571 5206 910 5274 καθέστηκεν
940 5203 1033 5256 τοῦ
1065 5200 1379 5274 Πνεύματος
1407 5206 1536 5259 ἄλλο
1564 5224 1640 5269 τι,
1664 5209 1768 5276 τῆς

183 5302 442 5368 θεότητος
486 5299 776 5366 ἱσταμένης
810 5301 866 5347 εν
911 5300 1091 5365 τρισὶν
1126 5298 1510 5352 ὑποστάσεσιν.
1566 5301 1769 5352 Λοιπὸν

186 5394 280 5443 καὶ
326 5393 425 5459 τὴν
459 5389 691 5458 ὓπαρξιν
741 5388 1004 5441 πλουτοῦν
1052 5389 1113 5439 τὸ
1162 5389 1386 5456 Πνεῦμα
1416 5392 1476 5442 τὸ
1520 5392 1676 5459 ἅγιον
1702 5394 1767 5445 ἐκ

181 5485 275 5536 τοῦ
311 5484 521 5552 Πατρὶς
550 5482 668 5550 ἅμα
703 5485 797 5533 καὶ
827 5480 922 5532 τοῦ
952 5479 1106 5545 Υίοῦ,
1145 5483 1354 5548 ταύτην
1384 5484 1446 5535 οὐ
1478 5485 1766 5555 κέκτηται,

188 5577 284 5628 καὶ
316 5576 448 5645 παρ’
491 5574 680 5626 ἑαυτοῦ
713 5575 773 5625 τὸ
805 5572 1025 5626 σύνολον
1076 5575 1195 5626 οὑδὲ
1227 5577 1369 5644 ἔχειν
1402 5579 1512 5640 τοῖς
1549 5582 1764 5641 πιστοῖς

185 5666 649 5734 καταγγέλλεται·
684 5666 817 5717 διότι
849 5665 982 5734 μηδὲ
1025 5667 1271 5728 δυνατὸν,
1317 5667 1441 5734 μηδ’
1479 5668 1765 5744 ἐνδεχόμε-

184 5778 274 5814 νον
305 5759 577 5824 ὁπωσοῦν,
608 5759 766 5811 τοῦτο
794 5761 891 5827 τῆς
926 5759 1212 5825 ὑπάρξεως
1257 5761 1352 5828 τῆς
1385 5761 1588 5823 οἰκείας
1621 5759 1762 5817 εἶναι

185 5853 498 5926 παραίτιον.
531 5854 642 5923 Tr};
689 5853 746 5906 δὲ
779 5851 1005 5922 Τριάδος
1060 5854 1120 5903 τὸ
1165 5851 1370 5905 τέλειον
1404 5857 1675 5924 φερούσης
1707 5859 1764 5911 ἐν

1881 4651 1958 4703 tio
1986 4664 2212 4719 scopum
2266 4663 2659 4718 proposueram
2685 4649 2710 4702 7
2745 4652 2970 4721 propius
2994 4654 3061 4711 ad
3100 4654 3275 4722 ipsum
3301 4672 3459 4712 accc-

1879 4743 2093 4798 damus.
2134 4743 2368 4812 Spiritus
2395 4753 2628 4798 sanctus
2649 4745 2877 4813 spiritus
2907 4744 3106 4809 Patris,
3145 4759 3199 4802 et
3232 4750 3462 4817 spiritus.

1881 4833 2026 4899 Filii,
2053 4835 2276 4903 spiritus
2299 4849 2432 4889 vero
2462 4835 2698 4903 Spiritus
2725 4852 2898 4906 neque
2919 4847 3004 4892 est
3039 4829 3215 4907 neque
3254 4843 3459 4896 vociza-

1883 4937 1992 4990 tur,
2025 4927 2167 4996 quod
2207 4942 2315 4981 non
2359 4936 2444 4981 est
2475 4929 2559 4982 sui
2613 4928 2809 4996 ipsius,
2843 4945 3018 5000 neque
3045 4933 3354 5000 reperiatur
3383 4939 3461 5004 ita

1881 5028 2251 5088 nuncupatus.
2271 5018 2460 5088 Neque
2488 5037 2680 5074 rursus
2707 5020 2853 5074 aliud
2887 5024 3165 5091 quidpiam
3209 5027 3456 5093 assigna~

1882 5121 1970 5164 tur
2001 5112 2099 5178 ipsi
2124 5110 2369 5179 Spiritui,
2399 5125 2522 5165 cum
2547 5111 2731 5165 Deitas
2768 5112 2821 5165 in
2860 5114 3037 5168 tribus
3070 5117 3455 5185 hypostasibns

1879 5203 2160 5257 consistat.
2201 5201 2383 5267 Quare
2410 5218 2536 5256 Clltll
2573 5203 2948 5257 exsistentiam
2980 5207 3180 5260 habeat
3212 5204 3460 5274 Spiritus

1880 5302 2105 5345 sanctus
2135 5308 2198 5346 ex
2239 5291 2397 5348 Patre
2425 5294 2586 5347 simul
2629 5304 2683 5347 et
2714 5293 2872 5355 Filio,
2908 5311 3028 5349 eam
3060 5313 3166 5350 non
3207 5299 3456 5366 pOSSidt-—

1880 5389 1958 5441 bit
1990 5387 2213 5441 omnino
2267 5389 2431 5440 etiam
2491 5405 2520 5440 a
2558 5390 2876 5456 sunetipso,
2942 5405 3118 5458 neque
3186 5391 3391 5444 habere
3423 5407 3450 5440 tt

1881 5481 2127 5534 Iidelibus
2191 5481 2600 5548 pronuntiatur,
2654 5482 2799 5549 quod
2855 5483 2972 5535 lteri
3023 5483 3228 5550 nequit,
3276 5497 3453 5551 neque

1875 5576 2098 5630 omnino
2126 5574 2285 5628 liceat
2307 5574 2415 5627 ullo
2438 5573 2621 5635 modo.
2674 5575 2819 5627 hunc
2868 5575 3202 5629 exsistentite
3223 5577 3454 5644 promite

1877 5683 2098 5724 causam
2132 5681 2276 5720 esse.
2305 5665 2440 5719 Cum
2482 5680 2612 5718 vero
2642 5665 2797 5720 Trias
2827 5667 3218 5735 perfectionem
3253 5686 3363 5737 pra
3389 5685 3456 5721 se"

1875 5763 2013 5815 {erat
2045 5760 2207 5813 rebus
2229 5757 2486 5811 omnibus
2516 5757 2569 5810 itt
2605 5757 2832 5818 Deitate,
2871 5774 3104 5826 persona
3142 5761 3242 5812 alia
3269 5774 3452 5813 essen-

1879 5855 2078 5909 tialiter
2106 5866 2168 5905 ex
2203 5850 2495 5919 semetipsa
2522 5866 2626 5904 non
2651 5850 2854 5920 prodit,
2889 5851 2956 5906 ad
2979 5854 3120 5920 quod
3155 5851 3446 5907 absurdum
