4206 6452
223 418 356 479 1237

1075 413 1172 472 DE
1219 409 1741 471 PROCESSIONE
1782 410 1844 467 S.
1891 406 2255 465 SPlRlTUS
2297 404 2519 463 ORAT.
2571 403 2653 462 II.

3355 399 3490 461 1238

216 532 243 581 ὁ
272 531 431 596 λόγος
465 532 493 580 ὁ
545 528 603 580 τὸ
657 528 818 597 ῥητὸν
872 527 1011 597 ἔχων
1058 525 1517 594 ἀναγινώσκεται.
1564 525 1812 595 Κάπειδὴ

1928 532 2107 576 noster
2179 536 2491 576 sermonem
2561 520 2828 581 haberet,
2885 516 3243 585 prasentibus
3303 515 3491 569 multis

220 618 377 670 τοῦτο
410 618 688 671 διαλαθεῖν
717 618 839 678 τοὺς
872 618 1082 679 πάντας
1113 618 1213 669 οὐκ
1250 613 1339 686 ἦν,
1377 616 1499 668 οὐδὲ
1523 616 1803 686 διαδρᾶναι

215 709 342 783 κατ’
379 710 549 779 αὐτὴν
579 710 675 777 τὴν
710 710 1040 775 ἀνάγνωσιν,
1068 711 1180 771 τοῖς
1212 708 1322 762 τῶν
1360 710 1536 764 ἄλλων
1577 711 1805 762 ἐπιστα-

215 802 540 869 τικωτέροις
590 801 688 870 τὴν
740 801 981 853 διάνοιαν
1032 800 1277 870 εὑρεθὲν,
1322 802 1398 863 ὡς
1429 802 1601 872 δῶρόν
1628 820 1681 856 τι
1727 803 1805 874 τῷ

217 893 647 962 θεομεγαὶύντῳ
680 892 895 963 βασιλεῖ
923 895 1381 963 προσενήνεκται.
1423 896 1577 949 Κατὰ
1601 896 1807 965 ταύτην

216 985 271 1037 δὲ
309 986 410 1054 τὴν
439 985 651 1053 ἡμέραν
685 985 780 1037 καὶ
811 985 946 1054 πρός
968 1002 1088 1039 τινα
1116 987 1348 1056 μοναχὸν
1366 986 1465 1056 τῆς
1491 990 1805 1059 συμμορίας

218 1078 405 1127 αὐτῶν
447 1077 604 1144 ἔτυχε
657 1075 988 1145 ποιήσασθαι
1046 1076 1202 1143 λόγον
1232 1078 1326 1137 τὸν
1358 1075 1614 1147 θεόσοφον
1650 1080 1808 1149 ήμῶν

218 1170 601 1236 αὐτοκράτορα
658 1171 756 1221 σὺν
794 1168 1006 1237 ἑτέροις
1035 1167 1234 1221 οὐκοῦν
1270 1168 1541 1232 πλείστοις
1585 1171 1807 1241 κομιδῆ,

223 1262 316 1309 καὶ
352 1261 410 1311 τὸ
435 1260 676 1312 τοιοῦτον
700 1260 863 1329 ῥητὸν
906 1261 1150 1321 εἰπόντος
1177 1261 1272 1314 τοῦ
1308 1261 1594 1332 Θεόφρονος
1636 1263 1810 1316 Abeo--

222 1355 447 1419 νάρίον,
482 1355 574 1403 καὶ
610 1352 744 1421 ὁμοῦ
779 1352 1069 1415 δείξαντος,
1088 1355 1295 1417 ἐκεῖνος
1344 1354 1512 1423 μηδὲν
1566 1353 1809 1425 μελήσας

228 1443 587 1512 μηδηπωεοῦν
640 1443 973 1512 senatus“
1022 1445 1188 1497 αὐτοῦ
1235 1446 1295 1497 τὸ
1346 1448 1680 1518 ἀπόρρητον,
1718 1449 1814 1501 καὶ

224 1535 291 1585 δι’
342 1536 505 1603 ὅρκου
558 1537 1087 1604 προπιστωσάμενος
1132 1538 1223 1590 τὸν
1270 1538 1428 1603 λόγον
1478 1540 1666 1603 αὑτοῦ,
1718 1542 1814 1595 Μὰ

232 1628 348 1692 τὴν
390 1630 693 1695 σωτηρίαν
716 1646 859 1696 μου,
894 1630 1015 1682 κατ’
1059 1629 1179 1692 ἑθος
1212 1630 1321 1681 τῶν
1371 1632 1622 1701 μοναχῶν
1658 1633 1815 1701 εἴρη-

230 1737 349 1784 κεν,
383 1722 463 1785 ὡς
499 1722 604 1773 τὸν
630 1722 779 1785 ,ϐίον
805 1721 912 1775 τοῦ
935 1722 1205 1791 μάκαρος
1244 1725 1567 1779 Διονυσίου
1596 1726 1816 1793 καινῶς

232 1813 347 1876 τὴν
369 1811 637 1880 σήμερον
672 1812 765 1864 ἐπ’
787 1814 1123 1880 ἐκκλησίας
1158 1816 1671 1887 ἁνεγινώσκομεν,
1709 1821 1816 1872 τὸν

1911 611 2053 674 aliis,
2094 610 2256 679 idque
2288 612 2498 665 dictum
2534 610 2797 664 recitante
2828 609 3009 662 divina
3040 616 3221 661 incute
3262 606 3493 676 prmdito

1916 703 2269 770 imperatore,
2306 710 2359 756 et
2391 702 2556 756 simul
2598 701 2944 765 ostendente,
2986 700 3074 752 ille
3124 699 3267 752 nulla
3314 700 3493 766 posita

1914 807 2065 846 mora
2101 793 2317 847 occulta
2366 791 2569 847 mentis
2610 791 2891 853 revelavit,
2932 799 2987 843 et
3012 789 3377 859 jurejurando
3414 788 3497 841 di-

1916 898 2005 941 cta
2060 884 2407 940 conﬁrmavit
2444 904 2457 940 :
2495 884 2601 938 Per
2648 900 2819 937 meam
2890 883 3153 946 salutent,
3200 885 3281 937 sic
3346 898 3497 935 more

1917 976 2317 1030 monachorum
2361 977 2599 1039 locutus,
2633 976 2761 1028 dum
2792 975 2975 1029 statim
3005 974 3165 1026 vitam
3196 974 3333 1027 beati
3368 972 3491 1025 Dio-

1916 1069 2055 1138 nysii
2103 1068 2309 1137 publice
2349 1069 2502 1122 hodie
2542 1070 2595 1121 in
2630 1068 2851 1121 ecclesia
2903 1066 3203 1134 legebamus
3227 1105 3241 1129 ,
3274 1078 3497 1119 mentem

1919 1157 2080 1225 ﬁgens
2143 1156 2319 1210 nescio
2376 1171 2478 1223 quo
2535 1154 2691 1206 modo
2754 1157 2805 1205 in
2864 1156 3197 1223 assignatum
3253 1154 3498 1213 dictum,

1917 1249 2163 1303 volumen
2218 1250 2301 1301 ira
2346 1250 2606 1301 exardens
2646 1246 2756 1315 igni
2806 1246 3015 1297 tradere
3066 1243 3396 1306 studueram,
3452 1251 3498 1290 rt

1920 1341 2056 1409 {crte
2112 1351 2169 1394 ut
2227 1342 2310 1393 ira
2365 1339 2842 1401 subministrabat,
2895 1352 3004 1391 rem
3063 1337 3397 1404 peregissem,
3453 1350 3499 1387 et

1921 1431 2089 1485 animi
2141 1430 2369 1483 consilia
2420 1429 2576 1497 ﬁnem
2614 1428 2935 1489 habuissent,
2994 1423 3101 1477 nisi
3154 1422 3366 1489 plenum
3405 1438 3497 1473 no-

1921 1535 2095 1579 strum
2135 1524 2313 1576 orbem
2353 1531 2497 1574 terra
2532 1521 2769 1587 marique
2798 1518 3052 1571 similium
3095 1516 3355 1571 librorum
3396 1529 3505 1566 esse

1922 1615 2220 1668 scivissem.
2284 1612 2496 1666 Similia
2565 1611 2814 1663 narranti
2878 1624 3001 1678 quae
3059 1609 3138 1661 rei
3195 1606 3502 1677 ignorantia

1923 1704 2292 1760 attribuetur?
2323 1702 2497 1769 Quam
2557 1716 2753 1756 rursus
2807 1698 3179 1768 improbitatis
3229 1710 3502 1751 summam

1929 1814 2037 1852 non
2089 1796 2426 1852 excesserit?
2481 1793 2753 1861 Conspexi
2809 1794 2925 1861 ipsc
2971 1805 3189 1861 quoque
3239 1789 3496 1842 volumen

230 1904 386 1955 νοΐ-ν
438 1905 803 1971 ἐπιστήσας,
844 1904 972 1971 πῶς
1019 1908 1131 1959 οὐκ
1183 1903 1319 1960 οἶδα
1373 1909 1470 1962 καί
1523 1911 1706 1976 αὐτὸς
1740 1910 1820 1977 τῷ

1928 1892 2061 1946 satis
2098 1890 2381 1958 antiquum
2429 1896 2593 1957 atque
2642 1896 2938 1949 vetustum,
2988 1882 3175 1936 multis
3211 1880 3505 1948 capitibus,

229 1995 559 2061 δηλωθέντι
599 1996 786 2063 ῥητῷ,
826 1998 893 2051 τὸ
941 1997 1208 2061 βιϐλίον,
1252 2000 1357 2053 τοῦ
1388 2001 1581 2069 θυμοῦ
1612 2000 1821 2063 ζέσαν-

228 2104 356 2149 τος,
386 2088 527 2154 πυρὶ
561 2087 939 2155 παραδοῦναι
977 2088 1413 2160 βεϐούλευμαι,
1445 2093 1544 2145 καί
1587 2094 1716 2163 τάχ’
1746 2093 1824 2149 ἂν

229 2179 311 2243 ὡς
334 2180 705 2247 ὑπηγόρευεν
717 2184 748 2233 ό
769 2183 958 2248 θυμὸς
970 2180 1405 2252 διεπραξάμην,
1425 2186 1523 2238 καί
1545 2190 1633 2252 είς
1646 2191 1826 2259 ἔργον

232 2271 469 2321 τέλειον
484 2272 657 2336 ἐξέϐη
678 2272 749 2323 τὰ
764 2270 864 2338 τῆς
883 2272 1148 2341 βουλῆς,
1164 2277 1215 2327 ει
1228 2275 1314 2343 μὴ
1335 2275 1539 2344 πλήρη
1557 2278 1676 2332 τῶν
1694 2265 1821 2336 κατ’

229 2367 299 2416 αι’
315 2368 377 2416 τὸ
407 2365 643 2427 βίϐλων
665 2365 865 2417 τελεῖν
885 2366 1239 2436 ἠπιστάμην
1261 2368 1377 2435 τὴν
1397 2371 1526 2425 καθ’
1550 2372 1710 2442 ἡμᾶς
1742 2376 1827 2428 οι-

230 2455 703 2522 κουμένηνπρύς
734 2455 850 2523 γῆν
873 2456 971 2510 καὶ
1007 2460 1158 2525 πρὸς
1184 2460 1506 2517 θάλατταν.
1537 2464 1722 2517 Ταῦτα
1746 2464 1824 2535 τῷ

233 2549 474 2615 φήσαντι
510 2548 671 2600 ποίαν
696 2547 921 2615 ἄγνοιαν
951 2549 1354 2619 ἐπιμαρτυρεῖς
1388 2554 1553 2616 Ποίας
1578 2553 1633 2607 δὲ
1662 2556 1824 2609 πάλιν

235 2638 546 2709 ὑπερϐολὴν
578 2640 773 2701 κακίας
805 2639 1142 2704 ἀπέλειπενς
1190 2638 1343 2694 Εἶδον
1376 2643 1487 2710 ἐγὼ
1518 2648 1612 2698 καὶ
1644 2647 1826 2717 βίϐλον

231 2730 360 2780 τινά
404 2729 513 2780 τῶν
556 2729 798 2798 ἀρχαίων
849 2730 942 2781 καὶ
976 2729 1224 2783 παλαιῶν
1272 2731 1623 2804 πολλαχόθεν,
1660 2736 1732 2799 ὡς
1766 2738 1826 2789 τὸ

234 2822 404 2885 εἰκὸς,
445 2822 784 2875 πλουτοῦσαν
821 2824 883 2875 τὸ
909 2822 1241 2891 ἀξιόπιστον,
1270 2826 1392 2897 ἥτις
1422 2828 1480 2879 ὲν
1523 2828 1620 2896 μὲν
1650 2830 1825 2885 ἆπανυ

235 2930 291 2964 τι
321 2915 518 2983 τουτῳὶ
573 2914 653 2982 τῷ
702 2914 869 2983 λόγῳ,
917 2914 1102 2977 καθὼς
1145 2915 1280 2984 δῆτα
1313 2919 1416 2969 κάν
1459 2921 1570 2982 τοῖς
1598 2919 1824 2984 λοιποῖς,

235 3004 361 3063 οὐδὲ
393 3005 624 3074 κεραίαν
678 3007 865 3073 σχεδὸν
895 3005 1216 3075 ἐξεσμένην,
1251 3008 1325 3077 μή
1359 3008 1439 3061 τοί
1465 3026 1528 3076 γε
1562 3014 1825 3081 στοιχεῖον

235 3090 307 3163 ἦν
339 3094 559 3164 ἔχουσα,
614 3098 754 3148 κατὰ
805 3096 966 3165 μόνον
1005 3096 1059 3148 δὲ
1088 3098 1149 3151 τδ
1203 3099 1464 3162 πολλάκις
1512 3103 1641 3171 παρ’
1668 3102 1825 3173 ἡμῶν

238 3184 475 3237 ἐνταῦθα
520 3185 814 3254 διαληφθὲν
874 3188 1199 3258 άδιάῦλητον
1232 3191 1365 3242 πᾶσι
1414 3192 1577 3259 ῥητὸν
1603 3190 1827 3263 ἐξεσμέ-

239 3293 332 3329 νον
368 3277 529 3345 ἔφερὲ
560 3295 609 3328 τι
637 3278 838 3347 χωρίον
873 3278 1076 3347 μεταξὺ
1103 3279 1195 3333 τοῦ
1224 3282 1709 3351 ἐκπορευόμενον
1732 3287 1827 3339 καὶ

238 3369 343 3437 τῆς
380 3369 570 3423 αὑτοῦ
606 3369 825 3435 λέξεως,
879 3372 935 3422 ὲν
969 3364 1121 3441 ᾧπερ
1163 3372 1473 3442 ἐγέγραπτο
1510 3374 1585 3427 δι’
1610 3391 1623 3405 ο
1668 3375 1829 3431 τοῦτο

238 3461 299 3513 δέ
333 3462 551 3521 πάντως
605 3462 886 3530 πρόθεσις.
938 3463 1047 3515 Καὶ
1089 3464 1196 3534 γὰρ
1228 3465 1328 3535 τὴν
1374 3465 1689 3520 τελευταίαν
1731 3468 1827 3522 τοῦ

238 3553 726 3621 ἐκπορευόμενον
746 3555 1040 3626 συλλαϐὴν,
1063 3556 1304 3625 δηλονότι
1328 3557 1389 3610 τὸ
1409 3576 1540 3622 νον,
1561 3562 1826 3630 πρότερον

241 3644 505 3713 κειμένην
558 3645 726 3698 αὑτοῦ
758 3646 919 3711 ξένας
965 3664 1049 3709 τις
1085 3647 1332 3716 ὕστερον,
1386 3650 1602 3703 καὶτοῦ
1643 3652 1827 3721 στίχου

242 3738 355 3795 θεὶς
385 3738 612 3799 ἄνωθεν,
633 3737 707 3800 ὡς
736 3740 829 3791 καὶ
858 3741 1134 3808 μακρόθεν
1158 3743 1183 3793 ὁ
1204 3742 1493 3813 χαρακτὴρ
1515 3743 1625 3795 τῶν
1650 3760 1829 3816 γραμ-

246 3831 433 3898 μάτων
484 3830 807 3898 ὑπὲεραινεν,
860 3831 1019 3889 ἄλλος
1063 3831 1139 3884 ὢν
1174 3834 1321 3903 παρὰ
1356 3836 1447 3886 τὸν
1480 3836 1707 3905 ἀρχαῖον
1737 3838 1830 3891 καὶ

244 3922 495 3984 παλαιὸν,
546 3922 639 3973 καί
669 3938 721 3972 τι
770 3922 1019 3991 φανερῶς
1065 3924 1161 3976 καὶ
1210 3924 1429 3988 ἀπόζων
1473 3928 1743 3996 νεότητος,
1769 3931 1830 3983 τὸ

241 4010 431 4080 λεχθὲν
477 4010 649 4075 οὕτως
700 4012 908 4082 ἔγραψε
960 4013 1035 4066 δι’
1070 4014 1318 4082 Θρασέως
1368 4017 1463 4069 καὶ
1515 4019 1827 4089 τολμηρῶς,

242 4100 364 4155 εἶτα
396 4104 491 4155 καὶ
518 4104 865 4172 ἁπόστροφον
897 4105 977 4167 εἰς
1008 4104 1067 4157 τὸ
1094 4105 1285 4157 αὑτοῦ
1315 4107 1660 4178 διεχάραξεν,
1688 4109 1829 4167 ὥστε

245 4198 323 4263 μὴ
378 4195 519 4246 κατὰ
559 4196 657 4263 τὴν
696 4197 1006 4265 ἔμπροσθεν
1053 4198 1201 4249 Οέσιν
1246 4198 1305 4250 τὸ
1349 4200 1831 4271 ἐκπορευόμενον

241 4286 472 4351 αὑτοῦ,
524 4288 583 4340 τὸ
646 4287 701 4340 δὲ
755 4288 1239 4357 ἐκπορευόμενον
1289 4291 1366 4346 δι’
1422 4295 1611 4348 αὐτοῦ
1671 4294 1832 4350 τοῦτο

243 4378 741 4443 ἀναγινώσκεσθαι.
793 4379 903 4449 Τὴν
947 4381 1204 4451 τοιαύτην
1256 4386 1706 4458 μεταφραττικὴν
1742 4387 1828 4458 βί-

243 4469 372 4518 ϐλον
422 4473 519 4519 σιν
574 4470 701 4536 ἐμοὶ
755 4470 849 4521 καὶ
893 4468 1002 4521 τῶν
1059 4470 1329 4538 ἐκκρίτων
1384 4474 1681 4528 ﬁda-ruta
1731 4478 1830 4544 τῆς

1929 1983 2005 2036 uti
2050 1997 2147 2049 par
2181 1990 2325 2044 erat,
2365 1979 2523 2033 [idem
2574 1978 2676 2032 sibi
2724 1977 3050 2039 concilians,
3086 1975 3231 2043 quod
3282 1974 3335 2026 in
3386 1975 3505 2026 uni—

1930 2089 2086 2127 versa
2150 2072 2252 2125 bac
2309 2072 2579 2133 oratione,
2635 2069 2711 2122 uti
2768 2070 2820 2122 in
2872 2066 3103 2136 reliquis
3156 2067 3281 2120 aliis
3332 2080 3506 2133 neque

1926 2171 2208 2223 minimam
2245 2166 2522 2229 liueolam,
2556 2174 2765 2219 tantum
2799 2165 2950 2217 abest
2984 2174 3043 2215 ut
3090 2163 3323 2214 litteram
3348 2200 3365 2219 .
3404 2160 3505 2213 ba-

1936 2254 2090 2315 bcr'et
2121 2274 2361 2322 orasam,
2400 2259 2494 2312 sed
2530 2258 2584 2312 iu
2624 2259 2728 2311 hoc
2762 2274 2788 2309 s
2840 2256 2961 2323 pius
2993 2270 3021 2307 a
3053 2254 3217 2307 nobis
3262 2252 3504 2317 laudato,

1928 2350 2193 2418 nulloque
2241 2350 2460 2402 crimini
2499 2347 2742 2400 obnoxio
2780 2345 2931 2399 dicto
2977 2357 3200 2397 erasum
3234 2341 3501 2397 referebat

1926 2441 2163 2508 spatium
2196 2442 2338 2496 inter
2368 2441 2622 2510 procedit,
2649 2448 2705 2494 et
2732 2454 2797 2493 ea:
2826 2439 2940 2508 ipso
2975 2436 3269 2499 dictiones,
3306 2434 3363 2490 in
3398 2450 3509 2504 quo

1933 2538 2198 2604 scriptum
2222 2533 2454 2598 erat.6t’,
2479 2549 2601 2603 quae
2632 2532 2857 2587 omnino
2871 2529 3183 2600 praepositio
3204 2539 3325 2596 est;
3354 2544 3509 2583 nam-

1927 2642 2033 2697 que
2051 2639 2380 2698 postremam
2406 2623 2669 2681 dictionis
2687 2625 2885 2693 ⁴ὲκπορε
2895 2622 3234 2692 υόμενον,ιιιιὶ
3248 2622 3508 2691 procedit,

1930 2720 2221 2791 syllabam,
2256 2736 2344 2772 vov
2377 2733 2596 2787 nempe,
2630 2716 2785 2786 prius
2817 2715 3013 2769 ibidem
3048 2714 3356 2783 appositam
3387 2727 3509 2767 era-

1927 2813 2063 2868 dens
2093 2814 2366 2882 quispiam
2399 2818 2682 2881 postea,et
2705 2822 2872 2878 supra
2900 2808 3101 2861 lineam
3128 2820 3411 2877 apponens
3453 2814 3511 2858 ut

1930 2904 2094 2973 longe
2143 2906 2309 2957 etiam
2369 2898 2684 2969 iuspicieuti
2726 2908 2867 2952 nota:
2904 2898 3210 2952 litterarum
3258 2897 3509 2966 designa-

1928 2998 2085 3059 bant,
2121 3012 2245 3051 cum
2291 3002 2481 3050 essent
2532 2991 2605 3046 ab
2636 2990 2883 3059 antiquis
2922 2989 3028 3043 illis
3071 2998 3240 3058 atque
3280 2988 3511 3042 vetustis

1929 3092 2183 3155 diversae,
2220 3098 2270 3142 et
2323 3085 2685 3141 recentiorem
2736 3098 2957 3136 manum
2994 3082 3169 3151 palam
3226 3078 3507 3150 praesel'er-

1934 3190 2078 3245 rent,
2130 3181 2338 3235 dictum
2381 3179 2454 3231 ita
2507 3178 2755 3231 exaravit
2793 3174 2883 3238 δι’,
2934 3175 3198 3228 audacter
3238 3174 3403 3228 nimis
3448 3187 3511 3227 ac

1938 3273 2251 3331 temerarie.
2280 3281 2394 3325 tum
2428 3270 2778 3340 postmodum
2812 3266 3209 3335 apostrophum
3245 3268 3505 3335 superad-

1927 3366 2069 3420 didit
2117 3366 2191 3419 illi
2247 3362 2409 3418 αὐτοῦ
2454 3377 2517 3415 ea:
2573 3363 2895 3428 ipso:adeo
2947 3366 3005 3412 ut
3049 3374 3157 3412 non
3209 3360 3507 3413 secundum

1930 3460 2169 3529 positum
2202 3457 2383 3527 primo
2412 3452 2844 3523 ἐκπορευόμενον
2868 3449 3055 3515 αὑτοῦ,
3090 3451 3184 3505 sed
3216 3451 3512 3522 ἐκπορευό-

1935 3568 2095 3621 μενον
2135 3549 2203 3603 δι’
2234 3547 2401 3601 αὑτοῦ
2453 3548 2579 3601 inde
2633 3547 2927 3615 legeretur.
2979 3543 3092 3598 lloc
3125 3543 3513 3614 Metapbrasta:

1932 3645 2185 3697 volumen
2218 3657 2323 3695 una
2354 3655 2564 3693 mecum
2589 3655 2654 3692 ex
2684 3639 3062 3692 ecclesiastico
3088 3650 3231 3691 cmtu
3262 3638 3511 3690 homines

1934 3734 2179 3803 primarii
2226 3733 2383 3788 multi
2428 3740 2857 3801 conspexerunt,
2895 3739 3023 3784 ante
3058 3744 3188 3782 vero
3239 3744 3431 3783 omnes
3458 3740 3513 3782 et

1937 3840 2064 3880 cum
2102 3826 2359 3879 omnibus
2410 3838 2605 3878 norma
2652 3833 2705 3876 et
2752 3821 2938 3893 regula
2991 3821 3308 3891 dogmatum
3351 3836 3515 3875 vene-

1934 3919 2141 3973 randus
2200 3925 2388 3971 noster
2439 3915 2755 3985 patriarcha
2816 3914 3052 3968 intuitus
3103 3922 3206 3967 est.
3267 3914 3346 3967 Ex
3401 3929 3512 3981 quo

1936 4024 2166 4078 prorsus
2199 4009 2506 4063 ostenditur
2556 4016 2609 4062 et
2643 4006 3036 4075 quoquomodo
3083 4006 3509 4067 attendentibus.

1933 4110 1988 4155 et
2022 4109 2215 4154 contra
2270 4115 2373 4153 nos
2420 4097 2763 4167 improbitati
2820 4096 3049 4151 minime
3096 4096 3320 4156 deditis,
3357 4096 3510 4154 illud.

1933 4208 2001 4248 ex
2058 4191 2202 4246 Filio
2256 4206 2475 4260 quoque
2531 4188 2804 4259 Spiritum
2857 4189 3172 4259 procedere,
3228 4200 3355 4242 ante
3414 4205 3513 4241 nos

1934 4287 2103 4343 etiam
2168 4285 2466 4340 nonnullos
2514 4298 2626 4338 non
2682 4297 2989 4337 recusasse.
3026 4282 3265 4349 ideoque
3300 4282 3393 4349 qui
3446 4296 3511 4333 ex

1937 4381 2242 4436 schismate
2273 4387 2454 4440 erant,
2490 4391 2599 4429 nou
2640 4376 2827 4430 minus
2875 4376 2961 4429 his
2988 4374 3080 4441 qui
3122 4388 3269 4427 nunc
3302 4374 3514 4436 vivunt,

1937 4485 2037 4540 pro
2085 4470 2347 4523 facultate
2387 4482 2488 4521 sua
2530 4468 2771 4535 quisque
2812 4466 3110 4518 immutare
3143 4473 3197 4517 et
3243 4464 3513 4515 invertere

258 4559 591 4627 Ἐκκλησίας
644 4560 850 4623 πολλοὶ,
889 4563 994 4613 ποδ
1038 4563 1259 4615 πάντων
1297 4564 1355 4615 δὲ
1380 4567 1477 4617 καὶ
1518 4568 1658 4632 μετά
1690 4567 1827 4619 πάνυ

1939 4564 2120 4617 conati
2158 4568 2313 4614 sunt.
2370 4558 2463 4613 Sic
2498 4558 2678 4628 palam
2729 4557 2834 4610 hoc
2869 4554 3214 4610 conﬁrmavit
3250 4555 3515 4609 adversus

242 4669 352 4705 των
388 4654 415 4703 ὁ
444 4653 622 4703 κανὼν
666 4654 773 4705 τῶν
822 4654 1132 4724 δογμάτων,
1180 4658 1208 4708 ὀ
1243 4652 1437 4718 astro;
1484 4650 1643 4721 οὗτος
1669 4658 1826 4728 ἡμῶν

248 4742 593 4813 πατριάρχης
633 4744 897 4813 ἑώρακεν,
942 4747 1031 4810 Ἐξ
1060 4740 1128 4817 ἦς
1177 4747 1397 4810 πάντως
1425 4748 1702 4802 δείκνυται
1732 4755 1825 4804 καὶ

242 4836 355 4894 τοῖς
399 4833 649 4886 ὁπωσοῦν
707 4835 1083 4902 ἐπιϐάλλουσι,
1134 4840 1229 4890 καὶ
1276 4839 1349 4909 μὴ
1399 4843 1823 4912 συνεσχημένοις

242 4924 379 4993 ὁμοῦ
413 4928 581 4994 κακίᾳ
611 4929 675 4995 τῇ
722 4926 845 4979 καθ’
877 4929 1055 4995 ἡμῶν,
1085 4931 1167 4981 ὅτι
1193 4930 1254 4981 τὸ
1299 4932 1733 5001 ἐκπορευόμενον
1760 4935 1825 4987 ὲκ

245 5017 336 5067 τοῦ
379 5015 508 5066 Υἱοῦ
562 5016 784 5083 Πνεῦμα
836 5019 933 5071 xal.
979 5017 1089 5069 τῶν
1138 5020 1243 5087 πρὸ
1284 5020 1442 5089 ἡμῶν
1482 5023 1613 5075 ἔνιοι
1641 5024 1821 5091 λέγειν
1859 5023 1918 5076 τὸ
1971 5022 2137 5093 ῥητὸν
2187 5020 2497 5089 νενοήκασι.

1938 4669 2062 4709 sese
2097 4662 2436 4722 opponentes
2467 4650 2667 4711 oratio,
2708 4647 3077 4718 processionis
3111 4646 3351 4699 dictione
3380 4660 3519 4699 non-

1938 4748 2117 4801 nullos
2174 4756 2397 4800 sanctos
2447 4759 2578 4797 usos
2632 4741 2823 4805 fuisse,
2884 4757 3009 4795 cum
3073 4738 3337 4808 Spiritum
3386 4754 3516 4793 sun-

1936 4849 2083 4895 ctum
2120 4838 2284 4892 etiam
2335 4852 2398 4889 ex
2430 4834 2569 4890 Filio
2610 4834 2987 4889 exsistentiam
3033 4834 3235 4886 habere
3264 4833 3515 4886 decreve-

1935 4940 2083 4984 runt.

2577 5014 2677 5067 Διὰ
2759 5014 2917 5068 τοῦτο
2957 5016 3066 5087 γὰρ
3128 5017 3371 5070 κάκεῖνοι
3425 5017 3521 5070 τοῦ

245 5109 545 5177 σχίσματος
577 5106 729 5170 ὅντες
749 5108 902 5160 οὐδὲν
940 5102 1102 5179 ἦττον
1131 5111 1239 5162 τῶν
1264 5112 1380 5176 νῦν,
1443 5114 1518 5177 ὡς
1553 5110 1719 5185 εἶχον,
1759 5116 1891 5168 αὐτὸ
1935 5113 2325 5185 μεταποιῆσαι,
2379 5111 2474 5164 καὶ
2527 5109 2852 5181 μεταϐαλεῖν
2908 5110 3301 5181 ἐπειράθησαν.
3355 5110 3514 5163 υῡω

243 5201 458 5270 τρανῶς
489 5203 833 5269 παρέστησεν
858 5202 887 5254 ὁ
916 5199 1070 5269 λόγος
1100 5206 1212 5266 τοῖς
1273 5205 1642 5261 ἀντιδαίνουσι
1666 5209 1727 5261 τὸ
1780 5209 1977 5277 παρὸν.
2050 5205 2125 5268 ὠς
2156 5208 2250 5259 καὶ
2296 5206 2365 5276 τῇ
2416 5204 2807 5273 ἐκπορεύεται
2854 5202 2996 5268 λέξει
3038 5204 3176 5264 τινες
3208 5204 3318 5256 τῶν
3351 5205 3522 5272 ἁγίαν

246 5296 581 5363 ἐχρήσαντο,
612 5295 673 5346 τὸ
699 5294 923 5365 Πνεῦμα
951 5298 1011 5349 τὸ
1045 5297 1202 5365 ἆγιον
1228 5301 1323 5351 καὶ
1357 5301 1419 5352 ὲκ
1448 5301 1542 5354 τοῦ
1577 5301 1711 5355 Υἱοῦ
1738 5302 1837 5373 τὴν
1878 5300 2113 5371 ὓπαρξιν
2142 5299 2286 5369 ἔχειν
2326 5298 2773 5365 Θεολογήσαντες.

316 5385 411 5440 λό⁹.
462 5386 602 5439 Ἀλλ’
649 5389 838 5455 ἐπειδὴ
891 5390 987 5441 καὶ
1039 5391 1101 5442 τὸ
1150 5390 1485 5461 ζητούμενον
1537 5394 1833 5463 εὑρηκότες

246 5479 412 5548 ἡμεῖς
459 5477 558 5548 τὴν
604 5479 837 5550 ἀπορῖαν
889 5483 1068 5543 αὐτοῖς
1116 5485 1197 5545 εἰς
1251 5482 1404 5544 τέλος
1442 5484 1828 5554 διελυσάμεθα,

246 5570 384 5638 φέρε
417 5570 603 5624 λοιπὸν
634 5570 912 5625 κάνταῦθα
948 5575 1274 5644 προθέμενοι
1324 5576 1528 5646 βραχέα
1564 5579 1689 5647 περὶ
1733 5578 1832 5646 τῆς

247 5663 449 5727 λέξεως
504 5664 706 5732 ταύτης
756 5668 953 5730 εἰπεῖν,
996 5668 1219 5738 ἴδωμεν,
1276 5670 1323 5721 εξ
1378 5671 1545 5734 δοκεῖ,
1595 5669 1832 5739 πρῶτον,

252 5755 373 5820 πῶς
402 5756 432 5810 ὁ
479 5757 897 5830 Χρυσορῤήμων
944 5760 1111 5829 αὐτὴν
1165 5761 1417 5827 Ἰωάννης
1467 5762 1831 5831 ἡρμήνευσενο

256 5850 410 5917 "On,
475 5853 661 5920 φησὶν,
727 5850 870 5920 οἶδε,
916 5854 1014 5924 τὴν
1056 5854 1418 5925 εὐαγγελικὴν
1469 5854 1836 5926 ἐξηγούμενος

2018 5394 2108 5448 54.
2152 5390 2261 5446 Sed
2289 5391 2508 5459 quando
2536 5392 2838 5461 quaestione
2860 5400 3139 5460 comperta
3170 5406 3272 5445 nos
3301 5392 3521 5447 dubita-

1943 5487 2147 5541 tionem
2192 5486 2412 5539 illorum
2450 5484 2824 5550 dissolvimus,
2859 5498 2959 5555 age
3011 5500 3159 5538 nunc
3192 5486 3356 5538 etiam
3410 5486 3520 5547 hic,

1944 5596 2070 5635 cum
2130 5580 2346 5634 animus
2406 5578 2478 5633 sit
2537 5593 2711 5648 pauca
2762 5579 2829 5632 de
2870 5578 3111 5632 dictione
3164 5578 3268 5632 hac
3313 5579 3519 5638 dieeo.

1948 5674 2257 5733 videamus,
2291 5673 2335 5723 si
2374 5672 2577 5740 placet,
2611 5673 2848 5740 primum
2884 5671 3159 5741 quomodo
3192 5685 3312 5724 eam
3354 5686 3518 5725 auus

1944 5767 2126 5833 lingua
2165 5763 2405 5819 Joannes
2448 5766 2840 5834 interpretatus
2885 5774 2969 5819 cst
3001 5784 3016 5819 :
3046 5762 3199 5829 Quod
3241 5764 3401 5823 novit,
3449 5765 3524 5817 ait

1946 5855 2323 5925 evangelicam
2360 5870 2545 5911 vocem
2580 5870 2885 5927 exponens,
2918 5865 2966 5910 et
2992 5856 3255 5925 profunda
3296 5854 3425 5920 Dci;
3468 5863 3521 5909 et
