4206 6452
231 426 368 489 1245

1084 428 1179 486 DE
1223 426 1733 487 PROCESSIONE
1776 429 1834 486 S.
1880 426 2242 486 SPlRlTUS
2282 427 2506 488 ΟΗᾹΤ.
2551 426 2634 485 ΙΙ.

3336 421 3472 482 1266

232 538 377 598 Πινς
416 537 499 599 ὡς
540 536 606 588 ἂν
660 537 1164 607 ίπεξεργασάμενοι
1198 538 1258 590 τὸ
1310 539 1589 607 συντόμως
1643 540 1807 607 ῥηθὲν

1915 549 2104 594 nentes
2136 538 2430 607 perfectius
2468 547 2713 591 nostram
2766 536 2833 589 de
2880 537 2982 591 hoc
3023 537 3348 591 sententiam
3384 552 3484 591 ex-

227 633 554 697 τελεώτερον
581 630 670 682 τὸν
701 631 859 698 ἡμῶν
884 632 945 681 ὲν
974 629 1149 698 τούτῳ
1178 630 1303 683 νοῦν
1331 635 1796 701 παραστήσωμεν.

223 724 337 774 υὺκ
367 722 688 790 ἀνατρέπων
718 723 778 803 το
806 721 1059 783 λέγεσθαι
1082 724 1139 775 τ³›
1170 723 1390 791 Πνεῦμα
1419 724 1478 777 τὸ
1518 724 1674 791 ἆγιον
1706 726 1801 777 καὶ

222 816 287 867 ἐκ
321 812 417 865 τοῦ
444 812 596 873 Υἱοῦ,
618 812 716 882 τὴν
744 814 903 882 ῥῆσιν
932 813 1054 881 τήν,
1087 815 1189 867 Ἕκ
1216 814 1321 868 τοῦ
1350 814 1481 869 Υιοῦ
1509 814 1577 868 δὲ
1604 817 1675 868 οὐ
1701 815 1797 869 λό-

226 918 439 969 γομεν.
491 896 646 954 εἶπεν
680 903 711 955 6
763 904 1166 971 χαριτώνυμος.
1219 904 1485 975 Ἐπείπερ
1535 904 1679 957 οὕτω
1737 922 1803 973 γε

225 994 451 1053 πάντως
478 992 508 1059 ἦ
543 992 643 1055 τὰς
673 993 943 1057 τοσαύτας
977 998 1161 1061 φωνὰς
1190 995 1299 1047 τῶν
1328 995 1676 1065 θεοφθόγγων
1706 998 1803 1049 καὶ

226 1082 451 1135 σεπτῶν
480 1084 744 1151 Πατέρων
778 1085 955 1150 ἔδοξεν
982 1087 1218 1150 ἀγνοεῖν,
1256 1087 1351 1140 καὶ
1384 1092 1535 1149 ποῖος
1572 1087 1639 1141 ἂν
1671 1087 1802 1141 ταύ-

226 1188 325 1231 τας
367 1170 555 1241 ἕτερος
585 1167 748 1236 εἶδεν,
797 1174 845 1225 εί
877 1172 952 1242 μὴ
1001 1172 1133 1240 φαίη
1170 1190 1254 1235 τις
1283 1174 1374 1227 τὸν
1422 1174 1674 1227 τοσοῦτον
1703 1175 1803 1244 τὴν

227 1264 337 1313 τῶν
372 1264 535 1328 ιερῶν
586 1250 869 1330 δογμάτων
916 1264 1199 1329 ὲξέτασινς
1236 1265 1267 1335 ἢ
1323 1266 1628 1332 γινώσκων,
1665 1268 1803 1337 πρὸς

228 1355 516 1422 ἀναίρεσιν
564 1357 659 1407 καὶ
715 1356 926 1408 τελείαν
969 1357 1280 1424 ἀνασκευὴν
1327 1356 1533 1411 τούτων
1583 1360 1803 1427 χωρεῖν.

232 1447 343 1497 Καὶ
377 1449 485 1515 μήν
525 1448 649 1509 τοὺς
681 1448 932 1511 πλείονας
974 1450 1153 1501 αὐτῶν
1188 1451 1515 1521 γεννήτορας
1556 1453 1642 1504 ιη’
1685 1452 1811 1503 Ἐκ-

229 1538 465 1607 adquia;
493 1537 722 1606 ὕμνησε.
773 1540 1075 1610 Τοιγαροῦν
1114 1542 1215 1595 οὐκ
1244 1544 1568 1613 ἀνατρέπων
1596 1546 1679 1608 τὸ,
1707 1544 1806 1598 καὶ

227 1630 291 1682 ὲκ
353 1629 461 1683 τοῦ
530 1630 850 1700 Υίοῦ,ἐὴν
914 1631 1301 1699 διαληφθείσαν
1351 1637 1380 1686 6
1433 1635 1596 1703 σοφὸς
1649 1638 1807 1705 ῥῆσιν

231 1719 459 1785 ἔφησεν,
497 1719 631 1773 ἀλλὰ
658 1722 717 1773 τὸ
750 1720 1078 1789 πρεσῦεὐειν
1102 1724 1165 1774 ὲκ
1195 1723 1287 1776 τοῦ
1321 1721 1449 1775 Υίοῦ
1491 1725 1550 1775 τὸ
1582 1722 1808 1791 Πνεῦμα

228 1810 288 1860 τὸ
318 1809 494 1874 ἆγιον,
543 1810 618 1871 ὡς
644 1811 713 1862 tu
761 1812 987 1880 πρώτης
1020 1811 1213 1880 ἀρχῆς,
1245 1813 1386 1881 ὅπερ
1434 1813 1541 1864 τῶν
1572 1812 1807 1865 ἔκπαλαί

232 1914 373 1951 τισιν
427 1901 685 1970 ἑνομίσθη
739 1902 945 1962 κακῶς,
998 1902 1250 1955 ἐντεῦθεν
1298 1904 1803 1975 ἀποπεμπόμενες·

228 1992 318 2043 διὶ
351 1992 510 2046 τοῦτο
540 1992 647 2061 γὰρ
685 1994 907 2061 εἴρηκεν
933 1994 1000 2047 ἐκ
1028 1994 1132 2048 τοῦ
1170 1995 1327 2056 Υὶοῦ,
1370 1996 1444 2066 μὴ
1483 1996 1665 2065 μέντοι
1688 1996 1802 2051 κάκ

230 2082 339 2136 τοῦ
382 2084 515 2137 Υὶοῦ
566 2086 936 2157 διπ-,γόρξυσεἉ
986 2086 1141 2140 Ἐπεὶ
1189 2087 1345 2141 τοῦτο
1392 2089 1658 2158 πολλαχοῦ
1713 2090 1805 2143 καὶ

229 2170 385 2237 οὗτος
434 2175 543 2233 τῶν
585 2177 931 2245 δογματικῶν
986 2180 1298 2247 κεφαλαίων
1353 2181 1540 2243 αὑτοῦ,
1582 2183 1805 2251 προσέτι

228 2268 283 2319 δὲ
314 2268 411 2320 καὶ
445 2268 554 2321 τῶν
583 2270 799 2322 οἰκείων
826 2269 1004 2339 μελῶν
1034 2270 1179 2323 εστιν
1212 2266 1274 2325 οὗ
1306 2272 1585 2342 προδήλως
1613 2274 1809 2341 ἐκήρυ-

230 2358 347 2423 ξεν,
384 2361 441 2410 ἐν
470 2360 614 2420 ὅσοις
642 2358 841 2430 δηλαδὴ
872 2360 1075 2412 τούτων
1110 2359 1205 2413 διὰ
1250 2360 1351 2416 τοῦ
1392 2362 1526 2416 Υὶοῦ
1562 2362 1625 2415 τὸ
1654 2379 1807 2414 πονο

230 2450 404 2518 ἀγιον
447 2451 685 2520 Πνεῦμα
725 2451 1131 2521 τεθεολόγηκεν,
1169 2454 1249 2507 ὅτι
1296 2453 1492 2509 ταυτὸν
1524 2454 1586 2506 τό
1625 2471 1681 2507 τε
1713 2454 1808 2507 διὰ

231 2539 343 2591 τοῦ
372 2540 506 2593 Υιοῦ
533 2540 693 2594 τοῦτο
725 2542 817 2595 καὶ
864 2542 926 2595 τὸ
955 2544 1069 2596 κάκ
1101 2542 1208 2597 τοῦ
1244 2542 1380 2596 Υίοῦ
1419 2545 1532 2606 τοῖς
1571 2544 1712 2597 κατά
1744 2559 1805 2610 γε

231 2630 336 2699 τὴν
374 2632 582 2685 ἔννοιαν
611 2634 719 2686 τῶν
748 2633 1005 2687 τοιούτων
1037 2635 1229 2702 φωνῶν
1271 2634 1656 2703 ἐμϐαθύνουσι.
1698 2635 1810 2686 Κα-

234 2725 416 2793 θάπερ
464 2730 574 2794 γὰρ
624 2726 914 2795 ὁμολογίαν
964 2727 1061 2792 τῆς
1104 2726 1585 2797 προκαταρκτικῆς
1634 2727 1812 2789 αἰτίας

235 2817 397 2887 αὐχεῖ
427 2818 565 2870 κατὰ
609 2819 702 2869 τὸν
729 2817 904 2886 μέγαν
937 2816 1213 2870 Βασίλειον
1261 2816 1323 2869 τὸ
1354 2816 1451 2870 διὰ
1500 2818 1607 2870 τοῦ
1654 2816 1809 2878 Υίοῦ,

238 2908 334 2964 τὸν
385 2909 570 2978 ὅμοιον
616 2911 817 2980 τρόπον
878 2912 969 2963 καὶ
1001 2912 1064 2962 τὸ
1120 2910 1190 2963 ἐκ
1242 2908 1349 2963 τοῦ
1415 2907 1554 2961 Υιοῦ
1613 2909 1816 2977 ταύτην

237 3001 499 3063 δείκνυσι,
535 3003 629 3055 καὶ
670 3002 804 3073 πρὸς
841 3002 1011 3073 αὐτὴν
1042 3005 1152 3065 τοῖς
1191 3002 1545 3071 εὐεπηϐὁλοις
1574 3002 1665 3056 τὸν
1693 3001 1817 3054 νοῦν

240 3094 597 3164 ἀναφέρεται.
630 3094 703 3146 Τὸ
744 3094 800 3147 δὲ
829 3095 899 3147 ἐκ
937 3094 1044 3148 τοῦ
1096 3095 1255 3157 Υίοῦ,
1288 3095 1393 3148 κᾶν
1438 3096 1495 3149 ai
1532 3093 1818 3163 προθέσεις

242 3186 409 3255 ἔχωσι
430 3186 491 3239 τὸ
513 3186 689 3256 πάντη
719 3186 935 3249 ταυτδν,
965 3185 1039 3248 ὼς
1064 3185 1357 3256 ἀρχόμενοι
1375 3186 1468 3239 τοῦ
1494 3186 1650 3253 λόγου
1680 3186 1818 3238 κατὰ

241 3277 303 3328 τὸ
337 3275 540 3345 ἀρκοῦν
593 3277 1039 3348 παρεστήσαμεν,
1088 3278 1237 3345 ὅμως
1266 3276 1312 3328 δ’
1355 3272 1449 3330 οῦν
1479 3279 1538 3329 τὸ
1584 3276 1820 3330 νοεῖσθαι

1906 630 2195 698 plicemus.
2259 628 2375 681 Non
2412 628 2667 684 refellens
2720 625 2873 689 illud,
2932 625 3193 691 Spiritum
3233 636 3483 679 sanetum

1905 722 2066 776 etiam
2088 736 2152 775 es
2187 717 2327 775 Filio
2354 719 2485 783 dici,
2527 718 2749 774 effatum
2787 718 2917 772 illud
2951 736 2965 772 :
3002 717 3086 772 Ea:
3131 715 3274 770 Filio
3308 730 3483 771 autem

1906 828 2009 865 non
2035 812 2263 865 dicimus
2286 850 2301 872 .
2331 810 2420 865 cui
2453 827 2482 865 a
2514 811 2683 880 gratia
2719 824 2917 863 nomen
2950 816 3057 871 est,
3092 809 3487 877 pronuntiavit.

1908 907 2048 961 Tum
2088 906 2359 976 siquidem
2416 913 2497 959 tot
2525 904 2989 971 diviniloquorum
3043 916 3108 956 ac
3146 903 3484 955 venerando-

1908 1016 2029 1055 rum
2065 982 2289 1055 Patrum
2322 1011 2485 1052 voces
2512 996 2795 1066 ignorasse
2820 996 3127 1057 videretur,
3158 1002 3215 1048 et
3233 994 3485 1062 quisnam

1908 1091 2047 1147 alius
2082 1105 2146 1144 eo
2177 1089 2475 1165 perfectius
2512 1089 2633 1143 illas
2674 1086 2931 1151 tenuerit,
2958 1087 3058 1139 nisi
3083 1086 3355 1155 quispiam
3397 1100 3488 1138 as-

1909 1183 2165 1247 seruerit,
2198 1184 2347 1235 hunc
2379 1190 2591 1235 tantum
2627 1193 2911 1233 sacrorum
2936 1177 3250 1247 dogmatum
3278 1174 3488 1229 exami-

1912 1282 2188 1334 natorem,
2226 1288 2320 1327 eas
2380 1280 2699 1327 noscentem
2751 1269 2818 1324 ad
2860 1283 3049 1323 earum
3090 1269 3354 1337 integram
3398 1266 3491 1318 de-

1908 1372 2263 1425 structionem
2294 1365 2671 1430 processisse;
2705 1370 2759 1415 et
2789 1369 2972 1414 tamen
3011 1372 3199 1412 earum
3234 1365 3489 1410 auctores

1910 1462 2101 1528 majori
2134 1476 2201 1513 ex
2228 1467 2382 1527 parte
2411 1468 2597 1509 coram
2629 1451 2871 1505 Ecclesia
2905 1448 3124 1518 hymnis
3156 1446 3323 1500 editis
3373 1446 3490 1497 lall-

1909 1552 2076 1606 davit.
2109 1552 2291 1617 Itaque
2315 1561 2422 1600 non
2456 1545 2750 1599 destruens
2792 1539 2949 1604 illud,
3007 1538 3169 1593 etiam
3200 1553 3267 1590 ex
3309 1534 3479 1598 Filio,

1908 1644 2129 1712 sapiens
2186 1641 2274 1694 hic
2318 1638 2401 1690 vir
2426 1636 2658 1689 adducta
2691 1632 2857 1687 verba
2921 1628 3297 1699 pronuntiavit
3326 1666 3342 1688 .
3396 1630 3491 1681 sed

1909 1732 2225 1800 opinionem
2276 1744 2340 1781 ex
2374 1725 2513 1779 Filio
2554 1737 2677 1777 esse
2714 1729 2974 1788 tanquam
3014 1733 3077 1771 es
3134 1714 3312 1785 primo
3339 1713 3495 1783 prin—

1909 1823 2051 1893 cipio
2081 1819 2345 1891 Spiritum
2383 1825 2657 1879 sanctum,
2689 1812 2835 1880 quod
2872 1810 3017 1863 inter
3048 1807 3312 1875 antiquos
3354 1819 3495 1858 nou-

1910 1915 2040 1970 nulli
2091 1926 2349 1983 perverse
2381 1914 2719 1967 tenuerunt,
2776 1902 2936 1969 longe
2978 1900 3103 1953 hinc
3158 1894 3493 1969 amandavit.

1908 2016 2303 2077 proptereaque
2349 2015 2415 2054 ea:
2450 1997 2612 2063 Filio,
2650 2010 2758 2050 non
2793 2003 2972 2047 autem
3018 1990 3180 2043 etiam
3230 2002 3293 2040 ea:
3329 1984 3492 2043 Filio.

1907 2100 2149 2168 scripsit.
2193 2091 2648 2163 Quandoquidem
2715 2086 2847 2140 illud
2907 2084 2996 2137 hic
3032 2084 3149 2151 ipse
3193 2081 3398 2146 saepius
3431 2078 3485 2129 in

1908 2190 2183 2259 capitibus
2234 2184 2565 2257 dogmaticis
2621 2181 2762 2241 suis.
2820 2188 2874 2232 et
2922 2176 2975 2229 in
3020 2173 3207 2228 multis
3266 2184 3490 2240 quoque

1908 2284 2143 2339 canticis
2181 2280 2481 2350 aliquando
2530 2274 2818 2345 perspicue
2852 2267 3151 2324 admodum
3191 2262 3496 2327 concinuit,

1912 2373 1963 2429 in
1993 2376 2191 2444 quibus
2223 2386 2414 2440 nempe
2438 2384 2528 2437 per
2561 2364 2772 2419 Filium
2810 2360 3077 2431 Spiritum
3107 2366 3353 2410 sanctum
3373 2369 3500 2408 esse

1911 2465 2168 2520 decrevit.
2219 2462 2363 2517 Idem
2395 2460 2540 2513 enim
2571 2466 2675 2521 est,
2722 2470 2813 2524 per
2840 2450 3061 2514 Filium,
3095 2458 3171 2513 et,
3205 2448 3366 2501 etiam
3418 2458 3484 2497 ex

1926 2554 2094 2615 Filio,
2126 2550 2269 2620 apud
2321 2564 2416 2603 eos
2455 2545 2547 2615 qui
2589 2546 2643 2598 in
2681 2544 2871 2596 harum
2918 2554 3113 2592 vocum
3168 2536 3494 2589 sententiain

1919 2650 2251 2723 profundius
2304 2652 2617 2712 penetrant.
2659 2634 3132 2704 Quemadmodum
3187 2634 3333 2685 enim
3392 2630 3500 2697 pri-

1918 2722 2105 2799 maria:
2169 2753 2357 2795 causa:
2417 2734 2827 2790 confessionem
2884 2729 2939 2783 in
3004 2742 3062 2781 se
3091 2722 3501 2793 comprehendit

1916 2848 2139 2891 auctore
2168 2847 2365 2900 magno
2394 2826 2607 2882 Basilio
2642 2824 2799 2883 illud,
2827 2837 2917 2890 per
2948 2817 3177 2879 Filium,
3216 2829 3371 2884 aequa
3410 2828 3499 2866 ra-

1920 2932 2068 2982 tione
2096 2934 2151 2981 et
2180 2922 2337 2986 illud,
2373 2936 2439 2973 ea:
2470 2917 2613 2971 Filio
2644 2914 2894 2971 eamdem
2922 2912 3099 2981 ipsam
3130 2908 3498 2966 demonstrat,

1920 3029 1973 3072 et
2004 3016 2223 3070 all-eam
2255 3011 2464 3081 judicio
2492 3007 2692 3061 mentis
2728 3010 3041 3072 compotum
3077 2997 3335 3053 refertur.
3365 2993 3501 3048 Illud

1923 3123 2087 3178 porro
2118 3121 2182 3160 ea:
2214 3102 2382 3168 Filio,
2450 3101 2577 3155 licet
2604 3096 3022 3168 prapositiones
3052 3104 3268 3159 semper
3289 3096 3344 3142 et
3386 3086 3503 3141 nbi-

1923 3217 2029 3269 que
2062 3198 2367 3267 :equalibus
2427 3192 2641 3246 viribus
2693 3188 2959 3257 polleant,
2995 3191 3055 3237 ut
3108 3181 3269 3237 initio
3331 3180 3499 3234 tnstri

1925 3294 2209 3347 discursus
2264 3284 2481 3342 abunde
2524 3282 2664 3338 satis
2716 3278 3092 3349 probavimus,
3141 3273 3502 3328 nihilominus

242 3370 335 3421 τὸν
386 3368 513 3420 Υἱὸν
552 3367 777 3438 πρώτην
823 3369 997 3438 ἀρχὴν
1025 3369 1260 3437 ὑποψίαν
1310 3370 1559 3422 ὁπωσοῦν
1593 3369 1810 3438 παρέχει

1930 3384 2170 3452 primum
2240 3375 2572 3447 principium
2624 3372 2729 3425 diei
2782 3369 2848 3423 de
2899 3366 3079 3429 Filio,
3135 3364 3500 3433 suspicionem

243 3458 337 3510 καὶ
371 3457 574 3511 δίδωσι.
608 3458 717 3510 Καὶ
745 3459 817 3527 μή
849 3474 939 3527 μοι
966 3458 1170 3525 λεγέτω
1200 3475 1283 3521 τις
1317 3461 1651 3528 παριυτίκα,
1690 3457 1823 3527 πρὸς

245 3547 519 3599 ἀντίθεσιν
556 3548 727 3616 μόνην
758 3548 906 3613 ὀξὺς,
937 3551 1018 3601 ὅτι
1050 3552 1142 3603 καὶ
1168 3552 1197 3602 6
1228 3550 1324 3603 καὶ
1353 3550 1644 3618 σύνδεσμος
1670 3545 1822 3610 οὗτος

244 3638 480 3706 δήλωσιν
513 3640 695 3707 ἀρχῶν
728 3640 819 3691 δύο
853 3641 1137 3711 κέκτηται.
1166 3641 1275 3695 Καὶ
1302 3641 1408 3711 γὰρ
1440 3642 1819 3709 συντιθέμενος

251 3730 392 3795 μετᾶ
425 3729 517 3781 τοῦ
542 3729 672 3782 Υίοῦ
704 3730 944 3798 πέφευγε
970 3731 1175 3800 ταύτην
1199 3731 1297 3801 τήν
1325 3734 1567 3802 πονηρὰν
1590 3733 1819 3796 ἔννοιαν,

245 3820 436 3889 ἐπειδὴ
495 3820 637 3874 κατὰ
688 3820 786 3888 τὴν
815 3821 991 3874 αίτίαν
1023 3822 1273 3892 οὐδαμῶς
1306 3821 1538 3893 ἄναρχος
1582 3824 1609 3875 6
1659 3823 1779 3885 Υἱὸς
1804 3862 1819 3886 ,

246 3911 383 3977 πρὸς
412 3911 586 3981 ἀρχὴν
609 3911 687 3976 δέ,
729 3912 870 3979 φημὶ
896 3912 987 3965 τὸν
1018 3914 1257 3981 Πατέρα,
1288 3914 1529 3981 φυσικῶς
1553 3916 1822 3984 ἀναγόμε-

245 4020 356 4065 νος.
394 4001 465 4053 Τὸ
502 4003 571 4055 ἑκ
617 4004 721 4057 τοῦ
751 4004 884 4058 Υιοὗ
914 4006 1093 4056 τοίνυν
1135 4006 1209 4066 ὡς
1255 4005 1493 4058 ὕποπτον
1523 4004 1579 4058 ὃν
1608 4006 1635 4056 6
1683 4004 1820 4068 θεῖος

250 4094 441 4162 Πατὴρ
481 4094 718 4147 διδάσκει
754 4094 828 4164 μὴ
876 4095 1152 4158 λέγεσθαι.
1182 4096 1253 4147 Τὸ
1304 4096 1361 4149 δὲ
1392 4096 1489 4149 διὰ
1522 4096 1625 4149 τοῦ
1663 4096 1819 4160 Υιοῦ,

246 4183 407 4236 τοῦτο
437 4184 493 4236 δὲ
528 4185 669 4237 κατὰ
701 4185 801 4253 τὴν
832 4187 1113 4254 προσᾶσαν
1139 4186 1414 4249 ἀπόδειξιν
1436 4180 1628 4239 ταυτὸν
1655 4186 1820 4248 ὅντως

245 4275 324 4343 τῷ
355 4276 455 4327 καὶ
480 4276 547 4329 ἐκ
583 4276 689 4329 τοῦ
721 4275 877 4339 Υιοῦ,
913 4278 1170 4341 πολλάκις
1202 4279 1275 4339 ὡς
1314 4281 1449 4346 ἡμῖν
1478 4277 1817 4349 προείρηται,

247 4364 343 4418 καὶ
366 4359 518 4427 ,οὗτος
558 4366 617 4419 ἐν
648 4368 755 4429 τοῖς
788 4366 1134 4435 δογματικοῖς
1171 4368 1483 4436 κεφαλαῖοις
1528 4368 1689 4421 αὑτοῦ
1742 4369 1820 4420 δι·-

248 4458 546 4525 ετράνωσε,
582 4459 721 4526 πρὸς
758 4459 812 4511 δὲ
846 4461 938 4510 καὶ
966 4460 1050 4510 ἐπ’
1091 4460 1412 4528 Ἐκκλησίας
1432 4462 1599 4522 αὐτῆς
1626 4461 1819 4529 ψάλλε-

1924 3468 2327 3539 quodammodo
2397 3463 2619 3533 ingerit.
2693 3460 2761 3514 Et
2832 3472 2994 3513 nemo
3061 3456 3190 3509 mibi
3253 3454 3503 3522 protinus

1926 3562 2167 3631 replieet,
2201 3556 2410 3611 tantum
2457 3554 2524 3608 ad
2568 3549 3052 3607 contradicendum
3094 3552 3308 3603 acutus.
3360 3544 3502 3595 hanc

1926 3650 2369 3723 praepositionem
2433 3644 2671 3698 duorum
2757 3639 3155 3709 principiorum
3235 3632 3498 3687 indicium

1926 3758 2035 3811 prae
2065 3756 2123 3794 se
2155 3739 2313 3793 ferre.
2378 3734 2624 3803 Namque
2685 3731 2951 3800 applicata
3044 3726 3184 3780 Filio
3260 3725 3497 3779 similem

1923 3832 2301 3901 cogitationem
2354 3826 2584 3888 vitavit,
2653 3837 2779 3877 cum
2842 3823 3052 3874 ratione
3120 3832 3300 3871 causae
3352 3831 3498 3869 nun-

1922 3938 2085 3993 quam
2144 3920 2350 3989 absque
2399 3915 2667 3987 principio
2702 3912 2869 3966 Filius
2898 3920 2999 3971 est,
3048 3910 3176 3962 dum
3232 3906 3299 3960 ad
3354 3906 3499 3973 prin-

1922 4013 2125 4083 cipium
2188 4007 2401 4063 Patrem
2466 4003 2789 4060 naturaliter
2867 3998 3155 4053 referatur.
3225 3994 3302 4049 Ex
3360 3993 3499 4048 Filio

1923 4108 2128 4173 itaque,
2162 4099 2311 4170 quod
2352 4098 2563 4166 absque
2601 4093 2919 4162 suspicione
2975 4098 3221 4151 nntdest,
3280 4087 3499 4139 divinus

1924 4194 2010 4248 hic
2040 4191 2197 4246 Pater
2228 4189 2452 4242 minime
2474 4184 2575 4238 dici
2607 4188 2786 4237 docet.
2808 4180 2941 4235 illud
2969 4192 3131 4246 porro
3156 4192 3249 4246 per
3270 4174 3495 4245 Filium,

1921 4284 2101 4350 quod,
2158 4290 2218 4335 ut
2304 4279 2655 4332 antecedente
2741 4269 3213 4326 demonstratione
3296 4266 3495 4336 proba-

1924 4382 2037 4428 tum
2069 4380 2174 4435 est,
2211 4386 2333 4425 cum
2368 4368 2508 4421 idem
2538 4373 2687 4419 notet
2716 4372 2880 4432 atque
2915 4361 3069 4425 illud,
3121 4360 3283 4413 etiam
3313 4374 3377 4412 es:
3402 4352 3497 4412 Fi-

1921 4467 2018 4527 lio,
2054 4472 2111 4517 ut
2144 4462 2344 4530 sepius
2368 4474 2398 4512 a
2436 4458 2593 4512 nobis
2616 4466 2775 4508 antea
2806 4454 3010 4506 dictum
3043 4460 3145 4511 est,
3179 4451 3268 4503 hic
3294 4450 3411 4518 ipse
3442 4449 3495 4501 in

250 4549 375 4600 σθαι
424 4549 559 4616 πρὸς
608 4552 827 4602 πάντων
862 4551 1164 4620 παρέδωκε.
1206 4551 1377 4604 Τοῦτο
1427 4554 1518 4605 καὶ
1554 4551 1810 4619 Κύριλὶος

1928 4552 2253 4624 dogmaticis
2309 4549 2426 4604 suis
2474 4546 2748 4615 capitibus
2777 4541 3097 4604 declaravit,
3142 4550 3195 4593 et
3249 4539 3495 4592 etiamin

248 4638 277 4687 6
328 4636 592 4706 θεηγόρος
650 4638 824 4707 δηλῶν
861 4643 917 4691 ὲν
967 4645 1077 4701 τοῖς
1134 4641 1269 4708 πρδς
1320 4641 1612 4693 Παλλάδιον
1652 4640 1822 4703 οὕτως

251 4726 567 4793 ἑφθέγξατω
589 4727 847 4795 Τρεπτὸν
864 4729 938 4794 δὴ
957 4732 1026 4783 οὔ
1044 4732 1263 4784 τοίπου
1288 4731 1350 4782 τὸ
1370 4730 1611 4794 Ιινεῦμά
1631 4732 1823 4791 ἐστιν,

254 4818 287 4883 ἧ
310 4818 477 4885 εἴπερ
494 4818 558 4871 τὸ
581 4820 899 4886 τρέπεσθαι
920 4822 1093 4874 νοσεῖ
1107 4823 1197 4873 ἐπ’
1221 4822 1416 4887 αὐτὴν
1446 4825 1475 4875 ὀ
1489 4821 1685 4891 μῶμος
1714 4820 1826 4887 τήν

250 4910 415 4962 θείαν
465 4910 883 4979 ἀναδραμεῖται
917 4913 1125 4979 φύσιν,
1157 4913 1322 4977 εἴπερ
1371 4912 1501 4965 ἐστὶ
1536 4912 1639 4965 τοῦ
1676 4913 1825 4965 Θεοῦ

251 4999 351 5050 καὶ
382 4998 631 5065 Πατρός,
673 4999 771 5052 καὶ
811 5000 939 5067 μὴν
970 5001 1069 5053 καὶ
1118 5001 1223 5053 τοῦ
1257 5002 1393 5054 Υιοῦ
1424 5002 1487 5053 τὸ
1523 5000 1824 5067 οὐσιωδῶς

249 5092 320 5153 ἐξ
357 5089 599 5158 ἀμφοῖν,
631 5089 823 5159 ἤγουν
852 5092 920 5144 ἐκ
962 5094 1189 5159 Πατριλς
1227 5092 1299 5144 δι’
1338 5092 1473 5145 Υἱοῦ
1504 5096 1823 5160 προχεόμε-

251 5198 363 5235 sror
396 5179 660 5250 Πνεῦμα.
700 5183 1029 5257 Πλειστάκις
1053 5184 1081 5234 6
1115 5183 1384 5244 θειότατος
1420 5184 1588 5235 sit:th
1622 5184 1823 5252 Κύριλο

253 5268 344 5331 λος
372 5272 456 5323 ὅτι
497 5270 558 5323 τὸ
594 5272 753 5339 ἅγιον
799 5272 1023 5341 Πνεῦμα
1066 5272 1149 5324 διὰ
1174 5270 1269 5324 τοῦ
1313 5272 1465 5331 Υἰοῦ,
1498 5272 1821 5333 τοσαυτάκις

251 5360 307 5414 δὲ
344 5362 439 5414 καὶ
492 5362 574 5415 ὅτι
610 5363 721 5416 κάκ
770 5361 865 5416 τοῦ
908 5363 1052 5426 rm.
1081 5366 1178 5423 τὰς
1232 5364 1287 5415 δὲ
1334 5365 1524 5433 ῥήσεις
1580 5366 1681 5417 γάν
1712 5368 1822 5426 τοῖς

252 5453 372 5505 δυσὶ
394 5451 572 5519 λόγοις
596 5454 923 5523 τεθείκαμεν
944 5473 957 5485 ο
982 5455 1213 5526 ἐπείπερ
1236 5455 1305 5519 ἐξ
1324 5456 1544 5525 ἀμφοῖν
1569 5456 1821 5521 ἐνταῦθα,

252 5542 345 5595 τοῦ
384 5543 596 5610 Πατρδς
622 5544 861 5613 δηλονότι
895 5547 985 5597 καὶ
1018 5544 1112 5597 τοῦ
1156 5545 1304 5611 Υίοῦ,
1348 5545 1560 5615 γλώττῃ
1592 5546 1821 5615 λαμπρᾷ

251 5635 344 5685 καὶ
375 5633 576 5704 χείλεσι
613 5637 810 5704 κομιδῆ
851 5636 1157 5705 διατράνοις
1186 5637 1330 5706 ἐρεῖν
1362 5638 1617 5706 ἔφθασεν,
1650 5640 1825 5708 ἑρμη-

249 5723 443 5785 νεύων,
485 5725 559 5788 ὡς
588 5728 687 5779 οὐκ
716 5726 775 5791 ἐξ
806 5726 978 5795 ἀρχῆς
1006 5746 1138 5798 φησι
1173 5726 1394 5799 πρώτης
1427 5730 1490 5783 ἐκ
1529 5730 1618 5781 τοῦ
1647 5730 1773 5783 Υᾶοῦ
1804 5745 1817 5759 ’

249 5814 383 5885 πρὸς
428 5814 554 5879 ἔπος
600 5818 897 5886 ἐπήγαγεν,
926 5818 1065 5886 ἢὼς
1095 5821 1169 5874 δι’
1218 5822 1351 5876 Υιοῡ
1396 5825 1817 5892 προχεόμσνον.

1928 4645 2176 4703 Ecclesia
2209 4643 2277 4696 ab
2304 4639 2561 4694 omnibus
2616 4635 2832 4692 concini
2861 4633 3102 4687 tradidit.
3142 4629 3255 4684 Hoc
3280 4643 3498 4700 quoque

1936 4735 2312 4802 diviniluquus
2340 4730 2575 4801 Cyrillus
2596 4728 2648 4782 in
2682 4726 2749 4779 iis
2771 4740 2893 4794 qua:
2912 4724 2979 4777 ad
3026 4712 3325 4777 Palladium
3359 4719 3498 4774 scri-

1928 4831 2053 4897 psit,
2088 4828 2160 4880 ita
2201 4824 2495 4879 declaravit
2531 4838 2544 4875 :
2581 4818 2853 4872 Mutabilis
2885 4832 3002 4869 vero
3024 4830 3282 4884 nusquam
3320 4811 3494 4879 Spiri-

1928 4928 2008 4970 tus
2036 4925 2139 4979 est;
2160 4914 2296 4983 quod
2326 4914 2371 4967 si
2401 4912 2682 4964 mutationi
2714 4910 2971 4963 obnoxius
2994 4918 3092 4970 est,
3120 4908 3173 4958 in
3206 4905 3375 4971 ipsum
3400 4919 3498 4956 ita-

1928 5020 2103 5061 turam
2146 5006 2381 5058 divinam
2436 5003 2753 5071 vituperatio
2795 5012 3050 5061 recurret,
3104 4998 3149 5050 si
3193 5006 3270 5050 est
3304 4994 3399 5048 Dei
3444 5006 3492 5047 et

1927 5098 2129 5160 Putris,
2179 5106 2228 5150 et
2290 5098 2453 5149 etiam
2530 5095 2659 5149 Filii
2712 5092 3064 5148 essentialiler
3109 5106 3173 5144 ex
3221 5089 3494 5155 ambobus,

1926 5205 2103 5257 nempe
2142 5204 2205 5243 ea:
2234 5188 2393 5241 Patre
2454 5203 2545 5254 per
2582 5186 2777 5240 Filium
2803 5183 3034 5253 Spiritus
3072 5183 3294 5250 eﬂ'usus.
3355 5180 3496 5237 Cum

1926 5282 2161 5333 dixisset
2237 5279 2438 5347 sapius
2502 5278 2878 5333 divinissimus
2924 5276 3174 5345 -Cyrillus
3228 5271 3497 5342 Spiritum

1925 5382 2172 5425 sanctum
2198 5386 2292 5441 per
2311 5370 2531 5433 Filium,
2555 5370 2715 5423 toties
2739 5368 2902 5422 etiam
2931 5377 2984 5419 et
3012 5380 3077 5421 ex
3109 5364 3247 5419 Filio
3275 5379 3494 5429 quoque

1924 5464 2316 5532 pronuntiavit.
2357 5462 2508 5516 Dicta
2542 5462 2687 5516 illius
2713 5461 2767 5513 in
2790 5459 3004 5513 duabus
3038 5459 3187 5511 hisce
3216 5457 3483 5510 orationi-

1924 5556 2022 5608 bus
2048 5555 2329 5609 attulimus
2373 5572 2387 5609 :
2439 5551 2880 5622 quandoquidem
2948 5550 3036 5604 hic
3087 5565 3152 5603 ea;
3214 5547 3489 5616 antbobus,

1924 5646 2081 5702 Patre
2110 5648 2316 5701 scilicet
2348 5656 2400 5700 et
2438 5646 2591 5711 Filia,
2629 5646 2771 5700 clara
2804 5658 2933 5697 voce
2964 5650 3017 5696 et
3047 5640 3263 5696 senoris
3296 5642 3487 5694 admo-

1923 5746 2049 5796 dum
2118 5740 2279 5793 labiis
2373 5740 2533 5802 tlixit,
2609 5740 2989 5807 interpretans,
3070 5751 3176 5789 non
3268 5736 3343 5788 uti
3425 5750 3487 5787 ex

1926 5832 2096 5901 peima
2157 5844 2319 5887 causa
2380 5831 2533 5896 Filio,
2598 5832 2758 5885 verba
2822 5827 2909 5883 illa
2963 5826 3260 5899 sulijunxit,
3312 5842 3491 5896 nempe
