4206 6452
632 371 765 435 1247

1672 373 2013 433 CONSTAN
2028 373 2184 434 l‘l.\'l
2228 371 2779 433 MELITENIOT£

3776 362 3913 431 1248

629 503 720 552 per
770 485 969 544 Filium
1019 489 1235 556 effusus.
1286 484 1403 539 Non
1444 486 1549 539 alia
1623 498 1804 541 meme
1852 485 2225 541 Damascenus

2347 483 2488 536 ἰατά
2531 482 2735 553 ταύτην
2762 483 2863 553 τὴν
2892 483 3105 537 ἔννοιαν
3153 482 3245 537 καὶ
3268 483 3295 535 6
3335 480 3689 551 Δαμασκόθεν
3724 482 3909 547 σοφὺςο

625 580 876 648 sapiens,
914 599 932 632 ι
963 580 1047 633 Ea:
1073 578 1234 644 Filio,
1269 580 1466 649 inqttit,
1493 579 1569 634 uti
1604 595 1671 633 ex
1706 581 1884 649 prima
1918 594 2079 634 causa
2102 593 2209 631 non

636 672 898 726 dicimus.
937 691 955 725 ι
988 672 1121 726 111υά
1159 687 1322 741 porro
1358 673 1522 726 etiam
1557 688 1622 726 ea:
1675 671 1834 733 Filio.
1871 673 1975 727 hoc
2008 680 2092 726 est
2121 686 2214 739 per

636 762 837 815 Filium
872 764 1201 818 mediantem
1267 765 1611 827 naturaliter,
1651 765 1761 819 hoc
1791 764 1902 819 fere
1940 767 2009 819 ab
2031 765 2213 818 omni-

635 855 737 907 lms
767 851 1010 922 Spiritus
1041 854 1230 908 all'latu
1270 853 1623 922 loquentibus
1656 853 1913 908 Patribus
1952 852 2213 908 traditum

640 945 915 1015 nobisque
946 961 1053 998 non
1090 946 1275 999 minus
1302 946 1469 1001 variis
1505 960 1693 999 corum
1725 943 1949 1013 scriptis
1986 943 2215 997 relatum

635 1038 799 1091 etiam
836 1038 892 1091 in
924 1036 1165 1092 Ecclesia
1211 1038 1330 1107 ipsa
1386 1037 1560 1105 magis
1621 1050 1823 1091 sonore
1868 1036 2216 1089 decantatum

637 1138 740 1183 est.
773 1128 862 1182 Sic
900 1138 1088 1197 aperte
1120 1128 1213 1185 hic
1247 1145 1469 1200 quoque
1512 1128 1731 1182 divinus
1777 1126 2025 1181 Melodus
2057 1125 2221 1180 simili

638 1219 882 1287 dogmati
931 1222 1115 1288 potius
1148 1219 1482 1289 patrocinari
1513 1220 1747 1282 videtur,
1801 1228 2008 1271 tantum
2070 1217 2225 1270 abeSt

644 1323 703 1365 ut
738 1313 829 1367 ille
874 1312 943 1367 ad
1002 1312 1135 1368 illud
1168 1312 1546 1377 evertendum,
1591 1322 1650 1365 ut
1680 1309 1979 1367 adversarii
2032 1308 2225 1364 existi-

642 1416 821 1467 mant,
854 1393 1065 1469 tendat,

719 1496 808 1552 37.
832 1495 1020 1551 Solum
1056 1498 1184 1553 item
1222 1496 1438 1552 Patrem
1496 1512 1720 1553 causam
1747 1512 1888 1559 esse,
1931 1498 2095 1554 etiam
2125 1498 2228 1551 hoc

646 1589 827 1660 ipstim
860 1603 889 1644 a
927 1587 1162 1644 Numine
1191 1591 1462 1643 instructo
1509 1590 1627 1642 viro
1677 1590 1763 1659 pie
1807 1591 2223 1660 pronuntiatum

647 1666 891 1744 cst,.non
922 1696 988 1736 eo
1022 1695 1192 1749 scopo
1212 1695 1439 1749 prorsus
1472 1690 1531 1734 ut
1555 1681 1825 1747 destruat,
1868 1694 1965 1735 aut
1995 1688 2227 1747 evertat,

648 1773 876 1844 intelligi
907 1773 1071 1829 etiam
1099 1765 1163 1827 ex
1199 1772 1339 1828 Filio
1389 1771 1658 1844 Spiritum
1723 1784 1999 1830 sanctum.
2025 1774 2228 1830 Rerum

654 1865 929 1934 siquidem
992 1864 1263 1920 factarum
1315 1880 1481 1920 causa
1540 1868 1692 1921 solus
1728 1867 1893 1921 Pater
1940 1866 2226 1928 asseritur.

655 1958 781 2013 licet
830 1959 971 2027 apud
1000 1973 1195 2013 omnes
1217 1959 1269 2012 in
1304 1958 1561 2014 confesso
1601 1967 1696 2019 sit.
1731 1973 1827 2014 eas
1846 1960 2009 2014 etiam
2040 1976 2104 2015 ex
2138 1958 2229 2013 Fi-

650 2051 725 2103 lio
763 2050 1211 2105 constitutionem
1270 2050 1574 2119 possidere.
1622 2050 1688 2107 Ut
1730 2066 1858 2108 vero
1910 2068 1976 2107 ne
2007 2054 2074 2107 de
2100 2068 2231 2107 voce

651 2146 796 2199 solus
852 2159 1051 2198 rursus
1078 2157 1391 2198 sermonem
1449 2144 1768 2210 instituens,
1807 2148 2003 2214 sa'pius
2038 2146 2228 2201 eadem

653 2249 929 2306 repetens,
982 2244 1199 2306 tempus
1250 2237 1551 2300 insumam,
1594 2247 1649 2293 et
1687 2239 1879 2293 eadem
1908 2240 2240 2297 circumvol-

653 2343 807 2390 vens.
841 2328 1061 2382 modum
1107 2328 1374 2384 excedere
1415 2328 1626 2392 videar,
1659 2330 1806 2398 quod
1860 2330 2133 2400 praecipue
2179 2331 2233 2385 in

655 2419 943 2475 antedictis
968 2420 1187 2490 longius
1235 2431 1564 2491 prosecutus
1598 2437 1739 2487 sum,
1798 2438 2028 2493 magnus
2076 2423 2234 2479 Basi-

656 2515 763 2568 lius
821 2511 1055 2567 afﬁrmat
1113 2514 1377 2569 adversus
1416 2514 1742 2568 liuuomium
1796 2516 1938 2570 libro
1969 2517 2236 2578 secundo.

659 2607 804 2658 hunc
844 2605 898 2659 in
960 2606 1183 2660 modum
1253 2622 1564 2662 sermonem
1617 2609 1904 2662 instituens
1957 2618 2011 2663 et
2047 2609 2237 2678 dispo-

660 2707 795 2745 nens
826 2708 840 2745 :
874 2692 1029 2757 Quod
1071 2711 1104 2748 a
1139 2691 1284 2748 Filio
1333 2694 1535 2763 factum
1570 2698 1849 2762 asseritur,
1905 2698 1977 2751 ad
2005 2700 2233 2767 primam

664 2798 879 2834 causam
907 2784 1171 2850 refertur;
1203 2784 1334 2837 adeo
1363 2794 1419 2838 ut
1446 2786 1545 2838 etsi
1572 2788 1750 2839 omnia
1782 2803 1874 2853 per
1904 2786 2066 2839 Deum
2116 2788 2239 2841 Ver-

661 2875 783 2925 bum
814 2876 1073 2941 producta
1103 2891 1216 2929 esse
1245 2877 1542 2941 credamus,
1572 2880 1661 2932 sed
1694 2895 1908 2932 causam
1933 2891 2237 2939 cunctorum

661 2963 827 3047 [tcum
869 2981 981 3019 esse
1011 2982 1115 3019 non
1140 2966 1471 3037 denegemus.
1505 2968 1800 3022 Considera
1849 2969 2088 3036 interim,
2114 2973 2242 3040 qui-

661 3070 884 3124 cunque
937 3057 992 3110 in
1040 3060 1335 3127 praesentia
1399 3076 1713 3117 sermonem
1745 3072 1993 3117 nostrum
2054 3065 2238 3127 audis,

2320 592 2341 627 ι
2364 577 2463 628 Ἐκ
2482 574 2591 628 τοῦ
2621 575 2777 635 Υίοῦ,
2800 574 3083 643 φησὶν,ηώς
3107 575 3164 640 ἐξ
3185 574 3361 643 ἀρχῆς
3397 573 3620 643 πρώτης
3656 572 3718 625 οὐ
3752 572 3911 638 λέγο-

2321 685 2441 736 μεν.
2461 668 2564 719 »Τὸ
2598 668 2654 721 δὲ
2680 666 2780 721 καὶ
2802 668 2872 720 ἐκ
2904 666 3013 720 τοῦ
3049 666 3207 730 Υίοῦ,
3234 654 3477 718 τουτέστι
3505 664 3604 717 διὰ
3626 662 3733 716 τοῦ
3772 663 3912 716 Υίοῦ

2322 763 2701 834 μεσιτεύοντος
2740 762 3009 831 φυσικῶς,
3038 760 3195 814 τοῦτο
3247 760 3431 830 σχεδὸν
3466 759 3558 812 καὶ
3589 761 3700 822 τοῖς
3740 775 3913 810 πνευ-

2324 856 2730 927 ματοφθόγγοις
2759 854 2934 907 ἅπασι
2957 854 3208 922 Πατράσι
3228 850 3632 920 τεθεολόγηται,
3660 852 3758 903 καὶ
3780 851 3913 920 ἡμῖν

2325 948 2383 999 ὲν
2417 947 2699 1017 διαφόροις
2733 948 3171 1017 συγγράμμασιν
3205 945 3357 998 οὐδὲν
3390 941 3554 1016 ἦττον
3585 943 3752 1015 ῥηθὲν
3819 944 3915 997 άν-

2323 1039 2587 1109 ύμνηται,
2642 1040 2778 1093 κάπὶ
2826 1042 2926 1106 τῆς
2992 1037 3321 1108 Ἐκκλησίας
3347 1038 3518 1103 αὐτῆς
3573 1034 3915 1106 διαπρύσιον.

2325 1130 2482 1184 Οὕτω
2513 1130 2699 1199 σαφῶς
2725 1131 2820 1184 καὶ
2848 1123 3002 1192 οὗτος
3031 1130 3059 1182 6
3087 1129 3375 1189 θεσπέσιος
3410 1127 3650 1199 μελῳδὸς
3686 1126 3764 1198 τῷ
3792 1128 3920 1193 δόγ-

2331 1240 2461 1293 ματι
2498 1222 2673 1291 τούτῳ
2718 1220 3039 1291 συνηγορῶν
3083 1222 3284 1291 μᾶλλον
3318 1221 3591 1289 φαίνεται,
3622 1221 3697 1290 μὴ
3730 1220 3918 1290 μέντοι

2330 1312 2466 1381 πρὸς
2491 1313 2771 1381 ἀναίρεσιν
2796 1312 2988 1370 τούτου
3019 1311 3214 1384 χωρῶν
3237 1312 3379 1374 κατὰ
3400 1310 3499 1383 τὴν
3522 1311 3630 1365 τῶν
3656 1312 3920 1365 ἐναντίων
3982 1353 3989 1359 .

2330 1404 2360 1457 ὑ
2370 1402 2622 1473 πόληψιν.

2402 1496 2505 1562 λζ’.
2541 1497 2667 1550 ’Ότι
2698 1496 2756 1550 δὲ
2798 1496 2896 1550 καὶ
2932 1499 3095 1566 μόνος
3141 1495 3289 1547 ἐστὶν
3319 1495 3493 1557 αίτιος
3519 1495 3547 1547 6
3580 1493 3790 1564 Πατὴρ,
3822 1493 3922 1546 καὶ

2331 1587 2476 1641 τοῦτ’
2512 1589 2646 1642 αὐτὸ
2678 1587 2755 1657 τῷ
2786 1587 3034 1657 θεοσόφῳ
3058 1585 3241 1648 καλῶς
3268 1586 3507 1654 εῐρηται,
3539 1583 3678 1654 πλὴν
3706 1585 3808 1637 οὐκ
3831 1583 3923 1635 ἐπ’

2335 1678 2613 1749 ἀναιρέσει
2639 1676 2702 1730 τὺ
2726 1676 2967 1740 σύνολον,
2994 1676 3108 1729 οὐδ’
3134 1676 3417 1745 ἀνατροπῇ
3439 1673 3535 1727 τοῦ
3567 1674 3804 1727 νοεῖσθαι
3824 1673 3924 1727 καὶ

2337 1770 2399 1824 ὲκ
2424 1769 2519 1823 τοῦ
2553 1769 2683 1823 Υίοῦ
2722 1770 2784 1822 τὸ
2819 1768 3046 1839 Πνεῦμα
3077 1767 3139 1821 τὸ
3180 1766 3358 1835 ἅγιον.
3395 1766 3511 1825 Καὶ
3535 1765 3645 1818 τῶν
3679 1765 3923 1834 κτισμάο

2334 1878 2443 1914 των
2471 1862 2581 1931 γάρ
2613 1862 2831 1929 λέγεται
2862 1861 3023 1931 μόνος
3049 1861 3222 1921 αἴτιος
3254 1861 3283 1913 6
3312 1858 3525 1930 Πατὴρ,
3554 1857 3925 1927 ὀμολογυυμέο

2334 1970 2441 2015 νως
2472 1955 2582 2007 κάκ
2626 1952 2723 2006 τοῦ
2766 1952 2899 2005 Υίοῦ
2936 1950 3312 2007 πλουτούντων
3338 1950 3438 2019 τὴν
3481 1947 3763 2001 σύστασιν.
3802 1947 3920 1999 Ἵνα

2333 2042 2389 2095 δὲ
2428 2042 2506 2112 μὴ
2559 2042 2723 2096 πάλιν
2777 2060 2828 2095 τι
2858 2042 2989 2108 περὶ
3039 2039 3133 2094 τοῦ
3183 2044 3374 2110 μόνος
3418 2041 3615 2103 εἰπὼν,
3651 2037 3827 2107 λέγων
3856 2038 3926 2091 τὰ

2336 2135 2477 2189 αὐτὰ
2507 2134 2769 2196 πολλάκις
2804 2133 3229 2203 ὲνδιατρίόοιμι,
3275 2134 3371 2187 καὶ
3400 2134 3515 2195 τοῖς
3548 2131 3731 2191 αὐτοῖς
3766 2128 3927 2192 αὖθις

2333 2227 2714 2284 ὲπεισκυκλῶν
2742 2225 2888 2287 οὕτω
2940 2227 3195 2297 περιττὸς
3228 2227 3364 2280 πᾶσι
3392 2225 3633 2293 δόξαιμι,
3668 2224 3799 2295 περὶ
3850 2219 3917 2277 οὗ

2339 2324 2576 2392 μάλιστα
2604 2322 2761 2390 λόγον
2816 2320 3010 2390 συχνὸν
3054 2322 3113 2373 ἐν
3146 2322 3261 2383 τοῖς
3306 2318 3643 2389 προλαϐοῦσι
3689 2318 3931 2371 κατέϐα-

2333 2415 2447 2481 λον,
2497 2415 2526 2472 6
2561 2413 2736 2483 μέγας
2766 2412 3047 2476 Βασίλειος
3078 2410 3238 2465 τοῦτό
3268 2428 3435 2480 φησιν
3464 2413 3523 2464 ὲν
3570 2410 3647 2479 τῷ
3682 2410 3929 2478 δευτέρῳ

2332 2507 2443 2561 τῶν
2475 2506 2612 2578 πρὸς
2649 2504 2940 2575 Εὐνόμιον,
2982 2503 3362 2574 τοιουτρόπως
3400 2502 3673 2556 διαλαϐὼν
3708 2503 3799 2555 τὸν
3832 2503 3927 2554 λό-

2337 2617 2435 2667 γον
2485 2600 2580 2652 καὶ
2625 2597 2980 2667 διαθέμενος·
3037 2597 3107 2650 Τὸ
3152 2599 3312 2663 παρὰ
3342 2595 3451 2650 τοῦ
3507 2597 3644 2653 Υίοῦ
3683 2596 3935 2664 γεγενῆ-

2339 2695 2486 2746 σθαι
2546 2691 2881 2760 λεγόμενον
2910 2690 3061 2757 πρὸς
3115 2686 3232 2753 τὴν
3276 2687 3518 2755 πρώτην
3557 2688 3757 2741 αἰτίαν
3816 2688 3935 2751 τὴν

2338 2782 2655 2852 ἀναφορὰν
2684 2780 2842 2848 ἔχει’
2903 2779 3082 2843 ὥστε,
3118 2779 3237 2834 κᾶν
3284 2779 3485 2833 πάντα
3521 2782 3608 2845 εις
3655 2779 3723 2833 τὸ
3774 2776 3931 2833 εἶναι

2338 2875 2641 2945 παρῆχθαί
2677 2873 2776 2927 διὰ
2807 2873 2914 2927 τοῦ
2948 2873 3096 2927 Θεοῦ
3122 2874 3320 2941 Λόγου
3347 2875 3736 2943 πιστεύομεν,
3768 2875 3937 2929 ἀλλὰ

2340 2968 2406 3021 τὸ
2442 2966 2688 3020 πάντων
2725 2965 2924 3019 αἴτιον
2954 2966 3110 3019 εἶναι
3149 2965 3259 3019 τὸν
3292 2966 3440 3019 Θεὸν
3468 2964 3589 3019 τῶν
3628 2966 3790 3020 ὅλων
3818 2968 3935 3019 οὐκ

2339 3060 2769 3131 ἀφαιρούμεθα.
2822 3058 3024 3111 Σκόπει
3059 3057 3291 3127 μεταξὺ,
3325 3058 3551 3124 σύμπας
3589 3062 3615 3111 6
3648 3058 3757 3110 τῶν
3791 3060 3939 3112 κατά

667 3155 780 3200 tum
815 3148 964 3202 illius
998 3167 1029 3202 ιι
1080 3150 1237 3211 Filio,
1297 3160 1412 3205 tum
1470 3152 1615 3206 illius
1651 3170 1743 3220 per
1792 3154 1956 3208 Deum
2012 3156 2237 3211 Verbum

2347 3154 2403 3205 τὸ
2456 3155 2630 3222 παρὸν
2661 3151 2971 3221 λεγομένων
3018 3151 3335 3220 ἀκροατὴς,
3376 3151 3469 3204 τοῦ
3501 3169 3560 3203 τε
3621 3152 3778 3220 παρὰ
3828 3152 3939 3205 τοῦ

668 3239 799 3299 vim,
860 3250 919 3292 ut
971 3241 1098 3294 inde
1137 3243 1299 3295 rebus
1333 3242 1385 3296 in
1423 3247 1681 3299 omnibus
1710 3246 1995 3302 ambarum
2046 3252 2238 3305 harum

665 3332 1110 3401 praepositionum
1147 3334 1289 3389 vires
1321 3338 1560 3402 aequales
1593 3353 1863 3405 agnoscas
1892 3357 1906 3393 :
1959 3354 2247 3410 praeterea-

667 3440 775 3492 que
812 3434 938 3481 ante
989 3428 1093 3480 hoc
1160 3428 1391 3494 inspice,
1433 3445 1540 3498 qua
1593 3431 1806 3483 ratione
1865 3443 2243 3488 creaturarum

671 3515 915 3584 ipsarum
960 3518 1111 3572 solus
1136 3517 1297 3572 Pater
1326 3535 1451 3573 vere
1496 3535 1662 3574 causa
1717 3521 1957 3588 exsistit,
1984 3525 2244 3592 quoniam

670 3608 808 3673 quod
855 3613 1054 3679 factum
1102 3626 1212 3664 esse
1241 3612 1441 3664 dicitur
1472 3628 1505 3665 a
1541 3610 1708 3676 Filio,
1744 3614 1815 3665 ad
1857 3615 2108 3682 primam,
2142 3618 2239 3680 ait.

669 3715 884 3751 causam
932 3702 1177 3768 refertur,
1225 3702 1357 3755 adeo
1417 3711 1474 3755 ut
1543 3705 1644 3756 etsi
1704 3720 1797 3772 per
1858 3703 2062 3758 Filium
2123 3723 2248 3776 pro-

667 3788 831 3838 ducta
867 3805 980 3842 esse
1027 3792 1329 3855 credamus,
1359 3796 1449 3843 sed
1502 3804 1817 3847 cunctorum
1870 3812 2089 3850 causam
2140 3813 2252 3851 esse

676 3880 837 3931 Deum
863 3896 975 3933 esse
1000 3897 1101 3934 non
1145 3882 1475 3952 denegemus.
1527 3884 1631 3939 Sed
1676 3900 1744 3939 ne
1798 3887 2050 3942 turbetur
2092 3889 2250 3960 quis-

673 3968 817 4036 piam
867 3970 948 4023 vel
1008 3971 1291 4025 minimum
1348 3988 1436 4027 me
1480 3976 1534 4027 in
1589 3976 1895 4045 exemplum
1958 3976 2251 4034 adduxisse

674 4063 1011 4118 creationem
1046 4066 1112 4119 ad
1146 4066 1346 4120 similia
1380 4067 1831 4123 demonstranda.
1860 4068 2105 4141 Namque
2136 4073 2245 4126 col—

676 4156 922 4223 lnquium
950 4155 1251 4213 Orthodoxi
1279 4168 1332 4214 et
1363 4159 1616 4221 Anomoei
1652 4162 1940 4230 cujusdam
1974 4177 2254 4233 exponens

677 4247 901 4301 divinus
924 4247 1105 4311 Pater,
1171 4249 1264 4303 cui
1310 4249 1380 4302 ab
1432 4240 1847 4312 immortalitate
1880 4267 2077 4307 nomen
2130 4254 2253 4322 fuit,

679 4341 794 4393 haec
818 4339 978 4393 habet
1004 4358 1018 4395 :
1050 4339 1232 4396 Causa
1264 4350 1342 4395 est
1380 4341 1479 4395 Dei
1512 4350 1730 4409 natura,
1750 4353 1799 4396 et
1827 4341 1979 4409 Filii,
2007 4355 2054 4399 et
2080 4344 2256 4415 Spiri-

679 4443 762 4484 tus
784 4433 982 4499 sancti,
1041 4433 1200 4485 etiam
1264 4434 1520 4486 universae
1577 4444 1856 4494 creatum.
1944 4434 2047 4489 Sed
2133 4437 2259 4490 Filii

2357 3246 2497 3301 Υίοῦ
2531 3246 2722 3299 τούτου
2756 3246 2852 3299 καὶ
2896 3244 2991 3297 τοῦ
3018 3245 3116 3298 διὰ
3160 3243 3266 3299 τοῦ
3300 3244 3453 3298 Θεοῦ
3488 3246 3679 3313 Λόγου
3711 3246 3810 3310 τὴν
3842 3245 3939 3296 δύα

2348 3355 2535 3409 ναμιν,
2565 3338 2642 3401 ὼς
2680 3338 2747 3392 ἂν
2781 3336 3070 3391 κάνταῦθα
3112 3336 3172 3389 τὸ
3203 3337 3345 3391 κατὰ
3380 3339 3489 3390 πᾶν
3519 3339 3704 3406 γνοίης
3736 3340 3942 3390 ταυτὶν

2349 3429 2679 3501 ἀμφοτέρων
2712 3446 2774 3497 γε
2810 3429 2919 3481 τῶν
2947 3428 3205 3482 τοιούτων
3234 3427 3578 3498 προθέσεων·
3608 3430 3709 3498 ὅρα
3732 3430 3788 3480 δὲ
3832 3431 3943 3497 τρὸ

2350 3522 2539 3574 τούτου
2572 3521 2690 3583 πῶς
2718 3520 2812 3574 καὶ
2838 3521 2946 3572 τῶν
2978 3521 3302 3589 ποιημάτων
3330 3522 3513 3573 αὐτῶν
3548 3521 3704 3588 μόνος
3749 3521 3777 3570 ὀ
3812 3522 3939 3573 Πα-

2350 3614 2454 3683 τὴρ
2506 3614 2849 3683 καθέστηκεν
2898 3611 3120 3682 άληθῶς
3172 3612 3384 3675 αίτιος,
3429 3613 3658 3680 ἐπειδὴ,
3717 3614 3784 3665 Td
3848 3631 3943 3679 γε-

2352 3704 2645 3773 γενῆσθαι
2701 3707 3033 3775 λεγόμενον
3065 3703 3229 3771 παρὰ
3280 3704 3387 3757 τοῦ
3444 3705 3582 3759 ΥΙοῡ
3620 3710 3765 3771 πρδς
3826 3705 3947 3768 τῖεν

2352 3797 2614 3866 πρώτην,
2659 3800 2847 3866 φησὶν,
2878 3797 3079 3849 αἰτίαν
3115 3796 3232 3861 τὴν
3260 3796 3577 3865 ἀναφορὰν
3618 3799 3899 3863 κέκτηται
3925 3814 3942 3829 ο

2350 3888 2444 3941 διὸ
2479 3889 2580 3942 καὶ
2639 3889 2838 3942 πάντα
2897 3888 3266 3953 πιστεύομεν
3313 3888 3432 3955 μὲν
3483 3886 3785 3957 παρῆχθαι
3841 3888 3947 3942 διὰ

2352 3980 2459 4035 τοῦ
2485 3982 2641 4051 Υίοῦ,
2676 3982 2904 4036 τούτων
2928 3982 3000 4035 δὲ
3039 3982 3229 4036 πάλιν
3260 3982 3455 4034 αἴτιον
3498 3984 3607 4034 τὸν
3636 3980 3788 4035 Θεὸν
3824 3980 3949 4033 τῶν

2354 4072 2516 4127 ὅλων
2565 4073 2964 4143 γινώσκομεν.
3014 4074 3179 4127 Ἀλλά
3229 4076 3305 4143 μὴ
3335 4074 3628 4144 θροησάτω
3670 4072 3789 4125 τινά
3830 4073 3947 4124 τῶν

2358 4164 2616 4218 ἁπάντων
2675 4163 3035 4236 μηδοπωσοῦν
3084 4165 3143 4218 τὸ
3171 4166 3270 4231 τὴν
3315 4166 3493 4217 κτίσιν
3522 4166 3581 4216 ὲν
3608 4164 3819 4227 τούτοις
3875 4182 3946 4233 με

2361 4256 2697 4327 παραλαϐεῖν
2743 4261 2824 4319 είς
2880 4257 3252 4327 παράδειγμα.
3307 4257 3415 4308 Καὶ
3464 4255 3576 4324 γάρ
3642 4255 3950 4324 ἐκθέμενος

2371 4349 2681 4418 Ὀρθοδόξου
2711 4350 2947 4416 διάλεξιν
2987 4350 3079 4402 καὶ
3116 4350 3396 4418 ’Λνομοίου
3430 4348 3572 4411 τινὸς
3598 4352 3625 4401 6
3659 4349 3803 4411 θεῖος
3835 4350 3952 4402 [Ια-

2361 4441 2464 4511 τηρ
2513 4446 2539 4494 6
2587 4442 2691 4510 τῆς
2747 4443 3045 4501 ἀθανασίας
3101 4441 3391 4509 ἐπώνυμος
3444 4440 3618 4504 οὕτως
3674 4441 3947 4512 εἴρηκεν·

679 4525 760 4577 ιιιί
814 4523 1020 4578 Verbi:
1057 4545 1076 4577 ι
1116 4523 1181 4578 In
1235 4526 1497 4594 principio
1545 4526 1682 4599 enim
1745 4540 1857 4581 erat
1932 4527 2158 4582 Verbum
2185 4547 2240 4595 ,‘l

2356 4535 2523 4587 Αίτία
2553 4533 2727 4587 ἐστὶν
2752 4537 2788 4600 ἡ
2821 4535 2925 4587 τοῦ
2960 4535 3109 4587 Θεοῦ
3154 4534 3339 4602 φύσις
3378 4532 3477 4587 καὶ
3526 4533 3633 4587 τοῦ
3673 4534 3813 4587 Υίοῦ
3848 4536 3953 4588 καὶ

681 4614 917 4683 Spiritus
952 4633 1092 4680 vero,
1129 4627 1185 4669 ut
1213 4617 1377 4686 ﬂatus
1402 4632 1420 4671 :
1448 4616 1674 4678 «Fletus
1706 4622 1844 4672 enim
1876 4619 2259 4689 Omnipotentis

678 4709 768 4774 qui
807 4707 987 4760 docuit
1019 4724 1121 4772 me;
1151 4709 1437 4763 creationis
1473 4724 1615 4773 vero,
1637 4710 1716 4761 uti
1740 4724 1913 4761 rerum
1937 4720 2260 4777 creaturam,

681 4816 745 4853 ex
778 4801 968 4869 quibus
1002 4802 1343 4871 proportione
1371 4803 1604 4871 quadam
1639 4818 1820 4855 earum
1860 4804 2099 4855 conditor
2144 4804 2263 4871 dig-

682 4895 938 4947 noscitur.
977 4892 1075 4948 llic
1116 4910 1281 4947 uuam
1338 4903 1389 4947 ct
1437 4894 1744 4948 divinitatis
1777 4902 2126 4948 causatarum
2164 4895 2261 4965 by-

684 4996 999 5052 postaseon,
1029 4995 1084 5040 et
1120 4986 1388 5040 universae
1429 4994 1696 5039 creaturae
1727 5000 1947 5039 causam
1980 4987 2167 5050 tradit,
2199 4987 2263 5042 Ii-

681 5086 771 5130 cct
804 5092 928 5131 mox
968 5077 1134 5141 illius,
1194 5084 1248 5131 et
1295 5091 1657 5145 personarum
1700 5076 1925 5131 deitatis
1964 5077 2263 5132 discrimen

685 5185 848 5237 quant
888 5168 1189 5222 maximum
1242 5168 1625 5238 assignaverit.
1678 5167 1860 5233 Quare
1906 5184 2015 5223 non
2063 5170 2265 5223 incom-

688 5263 847 5317 mode
877 5277 977 5332 ego
1011 5261 1178 5316 etiam
1203 5276 1361 5331 opem
1397 5262 1632 5315 orationi
1662 5261 1850 5316 fert-us
1900 5278 2067 5327 nunc,
2116 5278 2268 5317 crea-

692 5358 894 5410 tionem
928 5355 981 5408 in
1022 5354 1334 5424 exemplum
1362 5354 1644 5421 usurpavi.
1678 5354 1746 5406 At
1788 5369 2019 5424 magnus
2045 5355 2135 5410 hic
2160 5371 2264 5408 non

634 5468 637 5471 λ
693 5450 873 5504 minus
909 5461 962 5503 et
992 5449 1097 5503 alia
1123 5463 1343 5518 quoque
1375 5448 1590 5502 ratione
1620 5448 1687 5502 de
1720 5457 1911 5501 nostro
1944 5447 2123 5516 priore
2150 5463 2270 5502 sco—

694 5561 761 5610 po
793 5558 1096 5596 sermonem
1136 5542 1450 5605 instituens,
1496 5539 1548 5594 in
1582 5540 1666 5595 his
1720 5555 1841 5610 quae
1885 5540 2024 5593 dixit
2073 5556 2264 5608 procc-

694 5639 857 5701 dntte
918 5636 1171 5688 oratione
1231 5634 1470 5703 perfecte
1522 5634 1679 5687 nobis
1732 5632 2011 5701 suppetias
2062 5632 2267 5685 tulerit.

698 5731 941 5799 Namque
964 5732 1073 5798 jam
1115 5731 1258 5783 dicta
1289 5729 1638 5790 continuatis,
1690 5726 1803 5780 lnut:
1834 5724 2121 5794 perspicue
2156 5742 2272 5779 rur-

699 5824 985 5886 sustradit
1027 5840 1041 5877 ;
1092 5820 1272 5891 .‘u'etync
1313 5839 1502 5886 sermo,
1536 5824 1622 5889 qui
1670 5820 1958 5887 profertur,
1990 5833 2081 5885 per
2115 5834 2267 5871 rora-

2366 4625 2474 4679 τοῦ
2515 4626 2689 4695 ἁγίου
2742 4627 3087 4694 Πνεύματος
3141 4625 3237 4678 καὶ
3279 4624 3389 4690 τῆς
3436 4626 3689 4692 κτίσεως
3718 4624 3949 4691 πάσης.

2378 4717 2565 4771 Ἀλλὰ
2604 4716 2710 4771 τοῦ
2741 4718 2860 4785 μὲν
2915 4717 3047 4770 Υἱοῦ
3077 4717 3155 4781 ὡς
3189 4717 3404 4785 Λόγου,
3438 4735 3455 4768 t
3506 4718 3610 4769 Ἕν
3645 4716 3805 4785 ἀρχῇ
3841 4719 3953 4786 γὰρ

2364 4806 2444 4879 ἦν
2476 4812 2688 4879 Λόγος,
2713 4830 2729 4861 ι
2770 4809 2874 4862 τοῦ
2902 4809 2970 4861 δὲ
3000 4812 3343 4879 Πνεύματος
3370 4810 3450 4875 ὡς
3476 4809 3692 4878 πνοῆς,
3730 4829 3749 4860 ι
3780 4810 3951 4875 [Iron

2366 4901 2478 4971 γὰρ
2538 4900 3044 4969 Παντοκρὰτορος,
3100 4898 3139 4966 ὴ
3174 4900 3476 4963 διδάξασὰ
3519 4917 3619 4969 με,
3663 4920 3682 4953 s
3718 4899 3830 4967 τῆς
3881 4900 3955 4954 δὲ

2368 4994 2624 5059 κτίσεως
2662 4994 2742 5055 ὠς
2779 4990 3143 5059 κτισμάτων,
3177 4990 3246 5054 ἐξ
3276 4981 3364 5042 ὧν
3388 4991 3698 5059 ἀναλόγως
3727 4994 3760 5044 ὁ
3787 5007 3956 5059 Tere-

2368 5084 2654 5153 σιουρτὸς
2688 5082 2887 5137 αὐτῶν
2919 5081 3239 5151 θεωρεῖται.
3276 5084 3422 5137 Μίαν
3450 5082 3515 5152 δὴ
3540 5085 3635 5134 καὶ
3654 5074 3814 5144 οὗτος
3842 5085 3956 5135 τῶν

2367 5179 2466 5245 τῆς
2501 5176 2753 5247 θεότητος
2791 5175 3056 5228 αἰτιατῶν
3091 5176 3452 5228 ὑποστάσεων
3500 5175 3597 5227 καὶ
3635 5175 3817 5245 πάσης
3853 5177 3956 5245 τῆς

2371 5268 2598 5326 κτίσεως
2630 5267 2809 5319 αἰτίαν
2832 5266 2984 5338 φησι,
3022 5264 3125 5318 κᾶν
3151 5266 3352 5319 αὐτίκα
3385 5266 3485 5335 τὴν
3514 5265 3780 5337 διαφοράν
3820 5267 3953 5319 ταύ-

2372 5377 2470 5429 της
2494 5376 2554 5411 τε
2583 5360 2677 5411 καὶ
2724 5358 2830 5411 τῶν
2878 5358 3136 5411 τοιούτων
3182 5358 3489 5428 θεαρχικῶν
3537 5358 3848 5427 προσώπων
3878 5358 3957 5420 ὡς

2375 5452 2633 5522 πλείστην
2658 5453 3066 5521 ἐπεσημήνατο.
3111 5452 3312 5505 Λοιπὸν
3338 5451 3436 5503 οὐκ
3473 5450 3691 5511 ἀτόπως
3722 5451 3955 5503 ὲπεκούσ

2376 5561 2518 5615 ρησα
2540 5543 2614 5614 τῷ
2640 5543 2783 5611 λόγῳ
2809 5541 2983 5607 κάγὼ,
3010 5540 3415 5611 παραδείγματι
3442 5540 3577 5609 πρὸς
3605 5541 3666 5591 τὸ
3689 5543 3867 5608 παρὸν
3891 5542 3957 5607 τῇ

2376 5635 2550 5689 κτίσει
2600 5634 2963 5706 χρησάμενος.
3009 5632 3071 5685 ὐ
3115 5634 3169 5685 δὲ
3204 5631 3377 5704 μέγας
3425 5631 3578 5684 οὐδὲν
3612 5631 3832 5683 ἔλατ-τον
3866 5632 3961 5681 καὶ

2377 5730 2552 5791 ἄλλως
2602 5727 2697 5779 τοῦ
2747 5726 2866 5780 καθ’
2896 5726 3042 5795 ἡμᾶς
3093 5726 3368 5795 ἁψάμενος
3416 5723 3679 5792 προτέρου
3730 5722 3961 5789 σκοποῦ,

2380 5826 2479 5876 κὰν
2505 5824 2678 5890 τούτῳ
2728 5820 2793 5873 δι’
2824 5813 2898 5874 ὧν
2941 5818 3303 5888 ὑπηγόρευσε,
3354 5814 3709 5885 παρακατιὼν
3739 5813 3964 5878 τελείως
