4206 6452
176 409 312 473 1253

1036 408 1132 468 DE
1175 406 1692 467 PROCESSIONE
1735 406 1796 467 S.
1842 407 2206 467 Sl’llllTUS
2247 406 2473 466 ORAT.
2518 409 2599 469 ll.

3306 410 3442 474 1254

167 525 446 590 ήμαρτον,
482 523 604 574 ἐπεὶ
629 522 874 588 θεογόνος
935 521 962 570 ὁ
1021 517 1233 585 Πατὴρ.
1276 518 1396 568 ἑπεί
1426 516 1767 584 γεννώμενος

1873 519 2214 586 proponitur,
2255 532 2284 570 a
2320 524 2545 571 veritate
2583 525 2839 586 rectaque
2882 520 3151 575 sententia
3211 523 3442 594 delapsi.

167 617 224 679 ἐξ
257 614 428 666 αὑτοῦ
470 616 715 676 πέφυκεν
757 617 784 665 ὁ
817 611 964 670 Υἱὸς,
1002 611 1101 677 οὐχ
1133 609 1212 659 ὃτι
1256 608 1309 660 δὲ
1346 610 1592 676 πρόεισιν
1635 607 1756 676 ἔχον

167 706 264 774 τὴν
297 704 537 775 ὓπαρξιν
572 708 629 766 ἐξ
665 704 832 758 αὐτοῦ
883 703 978 754 καὶ
1007 698 1329 768 τδ,Πνεῦμα
1366 699 1425 751 τὸ
1474 699 1650 764 ἆγιον.
1696 696 1756 749 ὐ

167 799 222 848 δὲ
257 797 389 860 Υἱὸς
435 799 498 849 οὑ
542 797 787 864 θεογόνος
840 793 1049 860 σαφῶς,
1102 790 1402 859 καθότιπερ
1458 789 1590 856 μηδὲ
1631 789 1756 839 Υἱὺν

168 891 462 958 κέκτηται.
490 891 689 942 Λοιπὸν
728 889 788 939 οὑ
825 885 1072 952 θεογόνων
1105 884 1244 935 κατὰ
1276 882 1365 933 τὸν
1400 881 1523 933 rem
1551 877 1750 932 οὔκουν

168 982 279 1033 οὐδ’
313 983 450 1034 αὐτὸ
487 984 546 1033 τὸ
576 980 804 1048 Πνεῦμα
832 978 894 1030 τὸ
921 979 1076 1043 ἅγιον
1100 993 1112 1004 ·
1151 978 1245 1026 καὶ
1273 973 1420 1025 ἔστιν
1452 973 1580 1024 ἴδιον
1603 971 1760 1024 τοῦτο

175 1072 414 1139 μάλιστα
463 1071 558 1123 τοῦ
619 1069 852 1138 Πατρὸς,
915 1070 1008 1120 καὶ
1055 1065 1153 1131 τῆς
1188 1066 1539 1123 ὑποστάσεως
1589 1063 1756 1114 αὑτοῦ

173 1167 293 1216 κατ’
333 1163 634 1232 ἐξαίρετον.
672 1161 926 1213 Τοιοῦτον
962 1159 1019 1210 τὸ
1050 1158 1171 1208 καθ’
1197 1157 1356 1225 ἡμῶν
1383 1157 1477 1207 καὶ
1506 1155 1602 1222 τῆς
1631 1159 1764 1223 ἁλη-

174 1257 329 1318 θείας
367 1258 536 1326 αὐτῆς
571 1262 722 1326 παρὰ
754 1257 861 1308 τῶν
899 1253 1237 1306 ὑπεναντίων
1269 1250 1610 1305 ἀναπλασθὲν
1640 1251 1764 1303 ἄτο-

175 1361 296 1396 π-εν.
333 1345 496 1397 Οὓτω
536 1347 636 1414 τῆς
670 1347 842 1416 ἀρχῆς
880 1344 1235 1412 ύποτεθείσης
1273 1340 1526 1411 ψευδοῦς,
1574 1343 1665 1392 καὶ
1703 1341 1766 1393 τὸ

177 1447 555 1511 συμπέρασμα
580 1440 777 1511 ψεῦδος
806 1438 1166 1508 καθέστηκεν.

248 1639 350 1692 λθ’.
385 1634 511 1691 Οἷον
543 1640 599 1693 δὲ
633 1641 874 1702 κάκεῖνο,
919 1638 987 1691 δι’
1016 1633 1075 1693 οὗ
1106 1638 1262 1691 τοῦτο
1313 1639 1603 1704 συνάγουσι
1635 1637 1762 1690 συλ-

178 1728 528 1792 λογιστικῶς,
577 1729 715 1796 ὅπερ
743 1729 836 1780 καὶ
889 1727 1133 1780 τιθέασιν
1181 1727 1256 1789 ὡς
1311 1729 1378 1779 ἀν
1409 1726 1623 1796 ἀξίωμα
1672 1728 1766 1778 καὶ

179 1819 371 1887 κοινὴν
428 1820 678 1879 ἔννοιαύς
714 1820 916 1882 Ἀπαν,
971 1820 1127 1887 φασὶ,
1161 1819 1223 1871 τὸ
1271 1821 1474 1889 κυρίως
1502 1821 1593 1871 ἐπὶ
1625 1819 1763 1872 Θεοῦ

1864 608 1918 660 in
1949 610 2311 662 maximarum
2334 608 2872 677 rerumignoratione
2905 613 3102 665 versati
3133 621 3282 665 sunt.
3327 612 3446 666 Ideo

1860 697 2006 751 enim
2026 701 2191 772 Deum
2206 698 2594 770 generatPater
2609 700 2752 768 quod
2770 703 2980 768 genitus
2993 719 3057 756 ex
3078 717 3144 755 eo
3161 703 3328 757 Filius
3343 713 3447 766 est,

1868 807 1973 844 non
1990 793 2132 860 quod
2153 794 2526 862 prOgreditur,
2561 807 2626 846 ex
2655 793 2775 861 ipso
2812 795 3187 849 exsistentiam
3242 795 3447 850 habens

1868 881 2107 949 Spiritus
2127 893 2373 937 sanctus.
2410 881 2583 937 Filius
2609 891 2790 936 autem
2833 883 2922 936 Dei
2946 887 3155 951 genitor
3199 901 3304 938 non
3342 896 3444 949 est,

1862 987 1987 1025 cum
2019 971 2155 1027 Filio
2192 984 2376 1028 careat
2411 977 2525 1031 :sic
2555 991 2653 1030 nec
2687 974 2781 1029 Dei
2804 977 3018 1043 genitor
3033 989 3139 1040 est,
3171 979 3246 1033 uti
3272 994 3449 1047 neque

1868 1066 2046 1122 Filius
2081 1078 2160 1122 est
2201 1068 2441 1136 Spiritus
2472 1081 2720 1124 sanctus.
2759 1067 2822 1121 Et
2853 1081 2935 1122 est
2961 1069 3062 1122 hoc
3094 1073 3446 1138 proprium'et

1869 1162 2203 1230 praecipuum
2233 1159 2432 1224 Patris,
2466 1172 2520 1214 et
2551 1161 2862 1232 hypostasis
2895 1161 3045 1215 illius
3075 1163 3446 1216 excellentiori

1869 1256 2105 1323 quodam
2135 1255 2319 1309 modo.
2355 1253 2419 1308 Et
2455 1257 2617 1324 hujus
2650 1265 2843 1309 contra
2883 1269 2982 1309 nos
3013 1265 3064 1309 et
3100 1254 3270 1323 ipsam
3308 1257 3447 1308 vteri-

1868 1355 2034 1398 tatem
2112 1345 2182 1399 ab
2268 1346 2608 1401 adversariis
2682 1346 2910 1400 absurdi
2991 1345 3257 1411 conﬁcti,
3324 1362 3446 1400 cum

1872 1435 2200 1505 principium
2262 1434 2460 1488 falsum
2552 1444 2939 1503 supponatur,
3033 1435 3448 1490 conclusionem

1874 1528 2000 1580 item
2070 1527 2414 1582 mendacium
2460 1527 2743 1581 continere
2807 1543 3030 1582 necesse
3060 1535 3163 1583 est.

1945 1619 2036 1674 39.
2066 1620 2236 1687 Quale
2269 1620 2401 1674 item
2430 1629 2536 1686 est,
2572 1623 2715 1688 quod
2752 1621 2828 1675 illi
2865 1621 3257 1676 ratiocinantes
3304 1621 3452 1675 colli-

1873 1723 2030 1782 gunt,
2072 1715 2227 1768 etuti
2285 1714 2700 1781 pronuntiatum
2736 1721 2791 1766 et
2824 1727 3174 1768 communem
3234 1724 3452 1768 senten-

1877 1808 2006 1858 tiam
2040 1804 2400 1873 proponunt?
2447 1803 2747 1871 Quidquid,
2795 1804 3076 1871 inquiunt,
3127 1804 3346 1874 proprie
3385 1811 3452 1858 de

181 1910 560 1979 θεωρούμενον
607 1913 740 1980 ἡμῖν
792 1913 888 1964 καὶ
932 1911 1224 1979 λεγόμενον
1271 1912 1440 1981 ἢτῆς
1491 1912 1769 1981 μακαρίας

1878 1898 1986 1952 Deo
2016 1897 2403 1950 consideratur
2436 1911 2464 1949 a
2499 1895 2660 1949 nobis
2694 1907 2748 1950 et
2801 1896 3024 1961 dicitur,
3057 1906 3152 1950 aut
3192 1907 3274 1951 est
3319 1897 3451 1949 bea-

182 2001 278 2050 καὶ
307 1999 622 2068 ζωαρχικῆς
650 2000 877 2069 Τριὰδος
907 2000 1105 2064 κοινὸν,
1137 2001 1300 2070 ἢτῶν
1321 2001 1524 2071 ταύτης
1555 2001 1769 2054 σεπτῶν

182 2091 543 2142 smmum
582 2092 710 2158 μιᾶς
744 2091 898 2154 ἴδιον,
925 2092 998 2153 ὡς
1031 2092 1313 2156 ἀναγκαία
1338 2109 1420 2154 τις
1455 2095 1486 2161 ἠ
1518 2094 1768 2163 παροῦσα

185 2181 284 2233 νῦν
316 2183 464 2245 θέσις
499 2181 702 2235 αὐτῶν.
743 2183 936 2235 Ἔνθεν
974 2200 1058 2236 τοι
1087 2187 1181 2236 καὶ
1222 2184 1610 2237 ἀναπόδεικτον
1636 2186 1770 2238 ταύ-

181 2291 286 2342 την
324 2275 684 2345 προφέρουσι.
711 2274 859 2345 Πλὴν
893 2276 1030 2345 πρὸς
1068 2275 1263 2327 τούτου
1300 2277 1648 2344 ὲρωτήσομεν
1676 2279 1770 2330 δύο

181 2366 339 2428 τινας
367 2371 664 2436 ἐρωτήσεις
693 2370 876 2437 ἡμεῖς,
924 2368 1019 2420 ἐὰν
1046 2368 1153 2438 ἄρα
1197 2367 1462 2421 δύνωνται
1501 2371 1637 2439 πρὸς
1672 2371 1769 2440 τὴν

180 2459 446 2527 δευτέραν
476 2458 900 2528 ἀποκρίνασθαι.
940 2458 1016 2510 re
1057 2460 1303 2513 αῖτιατὺν
1353 2460 1609 2528 λέγεσθαι
1635 2477 1766 2528 τυγ-

182 2553 371 2618 χάνειν
425 2553 517 2603 ἐπὶ
552 2550 687 2603 Θεοῦ
736 2550 952 2612 πάντως
1002 2549 1068 2603 ἂν
1122 2552 1264 2604 κατά
1311 2555 1411 2612 τὰς
1456 2551 1563 2602 τῶν
1599 2551 1770 2618 ἁγίων

182 2645 370 2710 φωνὰς
425 2644 643 2710 φαίητε.
702 2641 877 2694 Τοῦτο
926 2643 982 2694 δὲ
1036 2644 1270 2712 πότερον
1316 2643 1418 2712 τῆς
1471 2641 1772 2716 θεαρχικῆς

182 2718 414 2801 Τριάδος
446 2732 646 2790 κοινὸν.
678 2731 711 2802 ἢ
755 2732 865 2784 τῶν
914 2731 1120 2801 ταύτης
1153 2731 1368 2785 σεπτῶν
1417 2733 1772 2786 ύποστάσεων

189 2825 321 2890 μιᾶς
356 2823 486 2874 ῖδιον
514 2837 531 2888 ;
573 2823 662 2884 Ὠς
686 2823 820 2893 ὁρῶ,
853 2825 1114 2893 κεχήνασι
1139 2825 1202 2876 τδ
1241 2824 1413 2894 παρὸν
1454 2826 1770 2888 ἀτονοῦντες

185 2916 326 2984 πρὸς
369 2915 468 2983 τὴν
514 2916 844 2983 ἀπόκρισινο
885 2915 1118 2983 ἐπείπερ
1171 2916 1272 2969 οὐκ
1324 2918 1538 2986 ἔχουσιν
1588 2918 1769 2970 εἰπεῖν

183 3004 459 3073 οῦμενουν
490 3005 698 3057 τούτων
730 3005 1037 3074 οὐδέτερον.
1070 3006 1141 3056 Τὸ
1177 3007 1286 3076 γὰρ
1333 3007 1773 3071 αίτιατδν·δντως

183 3097 279 3147 επὶ
305 3094 442 3146 θεοῦ
474 3094 862 3165 καθορώμενον
891 3095 1027 3165 ὁμοῦ
1059 3096 1154 3148 καὶ
1185 3097 1480 3166 λεγόμενον
1519 3100 1643 3150 οὕτε
1672 3102 1773 3165 τῆς

185 3185 502 3253 ζωαρχικῆς
534 3185 740 3253 πέφηνε
768 3187 998 3254 Τριὰδος
1028 3188 1226 3253 κοινὸν,
1263 3188 1388 3241 οὔτε
1427 3191 1537 3241 τῶν
1567 3190 1771 3260 ταύτης
1801 3221 1841 3277 c

186 3277 543 3328 ὑποστάσεων
575 3278 709 3345 μιᾶς
757 3276 910 3341 τδιον,
940 3280 1048 3330 τῶν
1096 3279 1192 3331 δύο
1243 3280 1300 3332 δὲ
1336 3281 1537 3348 μόνων,
1581 3283 1656 3346 ὠς
1706 3284 1773 3334 ἂν

182 3369 331 3420 εἴποι
374 3385 483 3430 τις,
517 3369 650 3420 ῖδιον
683 3370 777 3421 καὶ
827 3370 1029 3432 κοινὸν,
1075 3372 1324 3424 τουτέστι
1355 3372 1451 3425 τοῦ
1500 3373 1632 3425 Υίοῦ
1679 3377 1775 3428 καὶ

182 3458 278 3510 τοῦ
311 3457 458 3510 θείου
507 3461 601 3511 καὶ
637 3461 983 3529 παντουργοῦ
1025 3463 1364 3530 Πνεύματος.
1435 3466 1595 3518 Ὥστε
1646 3483 1779 3519 κατ-

195 3548 404 3617 εὸλήθη
434 3549 528 3600 νῦν
546 3551 607 3600 τὸ
638 3550 842 3602 τούτων
871 3551 1110 3621 ἀξίωμα,
1140 3554 1315 3605 καὶτὸ
1347 3554 1448 3622 τῆς
1478 3557 1664 3622 κοινῆς
1695 3561 1778 3608 ὲν-

184 3643 335 3703 νοίας
362 3642 543 3693 αὐτῶν
577 3643 730 3710 παρὰ
782 3643 1000 3694 πάντων
1035 3646 1520 3710 καταπεπὰτηται.
1560 3647 1682 3708 Πῶς
1709 3649 1773 3700 ἇν

186 3750 318 3784 ποτε
363 3731 618 3800 τοιαύτην
673 3731 941 3801 σύντομον
992 3733 1150 3802 νίκην
1182 3737 1424 3804 νικήσειε
1469 3754 1576 3799 τις,
1615 3741 1664 3790 εί
1699 3739 1776 3808 μὴ

183 3825 420 3893 δυνάμει
437 3824 534 3875 τοῦ
557 3824 890 3892 ἐμπνέοντος
917 3824 1011 3875 καὶ
1038 3827 1149 3886 τοῖς
1181 3829 1394 3895 νεκροῖς
1423 3828 1772 3898 Πνεῦματος;

193 3917 294 3978 Ὠς
337 3917 404 3967 ἄν
452 3914 507 3966 δὲ
537 3915 624 3967 διὰ
656 3916 868 3968 πολλῶν
917 3916 1010 3968 τὸν
1057 3916 1214 3984 λόγον
1267 3920 1646 3990 συστήσωμεν,
1682 3923 1774 3973 καὶ

189 4010 392 4074 μᾶλλον
442 4008 622 4060 αὐτῶν
671 4007 780 4058 τῶν
823 4007 1052 4074 ἔγγιστα
1082 4009 1176 4061 τοῦ
1228 4011 1432 4062 σκοποῦ
1463 4012 1529 4062 τὰ
1586 4016 1775 4081 πιόῥρω

185 4102 286 4152 καὶ
333 4099 404 4150 τὰ
454 4100 673 4167 μακρὰν
706 4099 1158 4167 καταλείψαντες,
1211 4101 1273 4152 τδ
1329 4103 1684 4156 ἀποστέλλειν
1713 4105 1776 4156 τὸ

187 4194 347 4260 ἆγιον
379 4191 600 4260 Πνεῦμα
644 4190 736 4242 τοῦ
781 4192 994 4260 Πατρὸς
1028 4193 1147 4260 ἅμα
1178 4195 1272 4245 καὶ
1309 4194 1401 4245 τοῦ
1447 4193 1613 4246 Υίοῦ·
1648 4196 1773 4247 τού-

189 4301 285 4335 του
342 4284 398 4335 δὲ
448 4285 541 4334 τοῦ
596 4282 741 4334 θείου
801 4282 1122 4352 Πνεύματος
1181 4285 1280 4336 οὐκ
1325 4285 1472 4337 ἔστιν
1525 4287 1775 4356 οὐδαμῶς

186 4375 312 4427 οὐδὲ
353 4375 594 4442 λέγεται,
631 4374 719 4426 διὰ
754 4374 814 4426 τὸ
849 4375 922 4443 μὴ
951 4375 1012 4427 τὸ
1049 4374 1181 4427 αὐτὸ
1221 4376 1478 4442 καθάπαξ
1513 4379 1775 4449 ἐγχωρεῖν

186 4471 519 4525 ἁποστέλλον
569 4469 746 4521 τελεῖν
793 4471 887 4522 καὶ
941 4470 1446 4538 ἀποστελλόμενον·
1500 4473 1606 4524 οὐδ’
1641 4475 1774 4526 ἀπο-

1874 2003 1939 2047 tze
1983 1990 2217 2058 vitaque
2254 1990 2517 2058 principis
2550 1988 2768 2044 Triatlis
2812 2005 3131 2055 commune,
3165 2001 3259 2043 aut
3287 1993 3449 2044 unius

1874 2084 2199 2138 veneranda:
2232 2083 2546 2152 hypostasis
2587 2081 2892 2151 proprium.
2944 2081 3010 2136 Et
3057 2086 3195 2136 hanc
3225 2085 3450 2149 positio-

1874 2190 1997 2227 nem
2028 2173 2195 2226 veluti
2227 2173 2595 2226 necessariam
2622 2172 2831 2239 absque
2855 2171 2963 2224 ulla
2985 2172 3454 2228 demonstratione

1874 2270 1928 2320 in
1971 2266 2210 2320 medium
2283 2264 2592 2333 proferunt.
2650 2261 2757 2318 Nos
2808 2264 3167 2320 nihilominus
3222 2266 3454 2336 hujusce

1875 2375 2039 2413 causa
2066 2359 2178 2412 duo
2211 2359 2280 2411 ab
2307 2357 2440 2424 ipsis
2472 2365 2742 2425 petemus,
2766 2357 2812 2410 si
2839 2367 3019 2411 tamen
3047 2359 3114 2412 ad
3148 2362 3448 2414 secundum

1875 2464 2066 2504 eorum
2096 2448 2430 2517 respondere
2456 2457 2742 2516 poterunt:
2768 2449 3066 2504 Causatum
3088 2467 3210 2506 esse
3235 2452 3287 2505 in
3319 2452 3449 2518 Deo,

1875 2542 1921 2596 si
1959 2551 2282 2596 sanctorum
2319 2554 2483 2593 voces
2518 2540 2671 2608 sequi
2711 2556 2819 2595 non
2863 2541 3126 2606 abnuitis,
3164 2543 3268 2598 hoc
3301 2556 3453 2599 estne

1880 2633 2185 2686 divinitatis
2234 2631 2500 2700 principis
2545 2632 2761 2686 Triadis
2817 2649 3129 2696 commune.
3187 2653 3253 2690 an
3296 2653 3448 2690 reve-

1879 2726 2060 2779 rendae
2089 2725 2239 2780 illius
2271 2725 2585 2795 hypostasis
2607 2727 2779 2780 huius
2811 2729 3139 2796 proprium?
3169 2728 3236 2783 Ut
3272 2730 3450 2791 video,

1872 2820 1986 2888 jam
2047 2828 2239 2888 aperto
2278 2833 2373 2870 ore
2413 2820 2586 2883 hiant,
2638 2822 2983 2889 responsioni
3031 2823 3288 2891 impares,
3327 2840 3448 2878 cum

1876 2920 2130 2964 neutrum
2183 2910 2366 2963 dicere
2398 2912 2635 2964 valeant.
2677 2909 2924 2980 Namque
2965 2923 3244 2967 eausatum
3303 2917 3448 2983 quod

1880 3017 2006 3056 vere
2043 3004 2097 3055 iu
2142 3002 2254 3057 Deo
2306 3004 2670 3072 conspicitur,
2720 3005 2874 3058 etde
2913 3021 2982 3058 eo
3008 3006 3229 3073 dicitur,
3275 3024 3453 3076 neque

1878 3089 2002 3141 vitae
2031 3090 2294 3157 principis
2343 3089 2558 3145 Triadis
2597 3107 2890 3146 commune
2923 3105 3031 3157 est,
3082 3112 3258 3166 neque
3291 3103 3455 3151 unius

1877 3180 2021 3233 iilius
2055 3181 2418 3250 hyposmseou
2447 3185 2763 3252 proprium;
2795 3189 2886 3238 sed
2921 3189 3172 3250 duarum,
3207 3199 3265 3241 ut
3302 3193 3448 3258 quis~

1878 3274 2019 3339 piam
2049 3272 2280 3336 diceret,
2314 3275 2597 3342 proprium
2632 3287 2687 3328 et
2724 3291 3037 3343 commune,
3089 3278 3211 3334 Filii
3260 3299 3452 3352 nempe

1876 3373 1927 3416 et
1960 3363 2130 3420 divini
2160 3367 2456 3432 omniaque
2488 3367 2768 3434 operantis
2799 3366 3062 3437 Spiritus.
3094 3370 3276 3435 Quare
3303 3391 3449 3427 nunc

1876 3470 2066 3508 eorum
2109 3458 2522 3523 pronuntiatum
2582 3474 2857 3524 eversum,
2898 3469 2951 3515 et
3001 3466 3311 3519 communis
3354 3483 3450 3519 eo-

1878 3547 2127 3600 rumdem
2214 3550 2482 3602 sententia
2538 3550 2606 3603 ab
2666 3554 2923 3606 omnibus
2976 3557 3292 3610 conculcata
3347 3573 3451 3614 εει.

1879 3637 2129 3701 Quanam
2195 3639 2406 3692 ratione
2462 3640 2599 3694 adeo
2660 3641 3108 3710 compendiosam
3165 3649 3450 3702 victoriam

1879 3730 2175 3797 quispiam,
2205 3731 2308 3784 nisi
2336 3731 2599 3800 Spiritus,
2631 3734 2722 3801 qui
2763 3734 2927 3787 etiam
2953 3735 3252 3793 demortuis
3275 3739 3452 3809 inspi-

1878 3835 1980 3885 rat,
2035 3821 2296 3877 facultate
2363 3826 2852 3891 consequeretur?
2911 3827 2976 3880 Ut
3026 3843 3154 3881 vero
3209 3832 3455 3899 pluribus

1877 3913 2178 3966 orationem
2202 3914 2645 3979 corroboremus,
2677 3918 2744 3970 iis
2782 3920 3127 3986 potissimum
3181 3940 3301 3991 quae
3330 3941 3456 3994 pro-

1879 4006 2054 4073 posito
2090 4004 2337 4069 proxima
2388 4015 2538 4067 sunt,
2570 4015 2623 4058 et
2651 4023 2771 4074 quae
2820 4008 2978 4077 longe
3015 4014 3319 4082 proculque
3354 4015 3452 4068 ab-

1878 4106 2022 4160 sunt,
2068 4097 2351 4164 neglectis,
2405 4107 2621 4151 mttere
2690 4099 2952 4167 Spiritum
2989 4114 3240 4156 satu-tum
3272 4107 3460 4160 Patris

1877 4197 1931 4241 et
1962 4186 2082 4240 Filii
2108 4198 2208 4247 est,
2232 4188 2460 4256 hujusce
2491 4205 2616 4242 vero
2643 4189 2881 4259 Spiritus
2907 4196 3084 4248 sancti
3112 4196 3260 4249 nullo
3286 4199 3454 4252 modo

1876 4292 1980 4346 est,
2017 4296 2192 4349 neque
2219 4281 2441 4346 dicitur,
2479 4284 2624 4350 quod
2662 4285 2778 4338 tieri
2833 4289 3042 4356 nequit,
3083 4299 3142 4342 ut
3198 4292 3339 4345 idem
3379 4293 3454 4346 sit

1880 4375 2100 4429 mittens
2130 4388 2181 4426 et
2218 4375 2418 4429 missus
2449 4393 2463 4440 ;
2507 4390 2684 4445 neque
2720 4377 2866 4431 aliud
2920 4381 3197 4448 quidpiam
3237 4387 3454 4440 mittere

1881 4481 2106 4535 prorsus
2172 4465 2459 4534 gloriatur,
2524 4468 2670 4535 quod
2739 4470 2983 4537 ejusdem
3016 4473 3088 4525 sit
3125 4489 3249 4526 cum
3300 4491 3365 4530 eo
3399 4487 3455 4529 et

196 4560 441 4614 στέλλειν
471 4562 656 4628 ἔτερόν
683 4577 733 4612 τι
758 4560 817 4611 τὸ
843 4561 1108 4630 παράπαν
1139 4562 1314 4630 αὐχεῖ,
1347 4561 1613 4630 τυγχάνον
1639 4563 1769 4632 ὀμό-

1877 4559 2059 4626 gloriue
2087 4567 2140 4611 et
2169 4558 2414 4612 honoris.
2462 4557 2601 4623 Quid
2641 4561 2743 4613 hoc
2780 4562 2846 4614 ad
2885 4579 3045 4630 quem
3083 4567 3215 4618 mihi
3244 4568 3312 4620 ab
3347 4569 3453 4622 ini-

187 4652 342 4717 δοξον
377 4652 471 4702 καὶ
500 4652 763 4718 ὁμότιμον
791 4651 982 4704 αὐτοῦ.
1013 4652 1078 4705 Τί
1110 4669 1198 4720 μοι
1221 4653 1283 4703 τὸ
1310 4655 1483 4722 παρὸν
1514 4656 1647 4724 πρὸς
1677 4655 1767 4706 τὸν

189 4741 433 4812 ἀρχῆθεν
471 4742 708 4804 σκοπόνς
743 4741 980 4810 ἐχόμενα
1011 4742 1203 4794 τούτου
1235 4745 1328 4794 καὶ
1359 4744 1763 4815 πλησιαίτερον.

187 4837 330 4890 Αὐτὸ
385 4836 608 4906 Πνεῦμα
673 4837 736 4888 τὸ
773 4836 928 4904 ἅγιον
984 4837 1204 4905 πνεῦμα
1253 4837 1347 4889 τοῦ
1403 4839 1613 4908 Πατρὸς
1673 4842 1768 4892 καὶ

189 4930 409 4998 πνεῦμα
453 4928 546 4981 τοῦ
581 4929 732 4990 Υῖοῦ,
778 4928 996 4998 πνεῦμα
1024 4929 1081 4980 δὲ
1133 4929 1228 4981 τοῦ
1262 4930 1602 4998 ¹Πνεύματος
1641 4931 1764 4984 οὔτε

187 5025 454 5089 πέφυκεν,
483 5018 606 5072 οὔτε
643 5020 753 5088 μὴν
798 5019 1144 5087 ὀνομάζεται,
1173 5019 1263 5072 διὰ
1290 5021 1351 5072 τὸ
1399 5023 1535 5091 μηδὲ
1582 5023 1765 5093 ὑπάρο

187 5133 303 5182 χειν
353 5111 566 5172 ἑαυτοῦ,
622 5111 744 5180 μηδ’
788 5110 1139 5180 εὑρίσκεσθαι
1189 5110 1348 5164 τοῦτο
1406 5099 1764 5183 κᾶλούμενον.

187 5207 325 5258 mea.
360 5205 520 5258 πάλιν
567 5205 908 5273 καθέστηκεν
937 5203 1030 5255 τοῦ
1063 5203 1376 5273 [ινεύματος
1405 5205 1533 5257 ἄλλο
1561 5223 1637 5269 τι,
1662 5208 1766 5275 τῆς

182 5301 439 5368 θεότητος
483 5298 773 5366 ἱσταμένης
807 5301 863 5347 ὲν
908 5300 1088 5364 τρισὶν
1123 5297 1508 5351 ὑποστάσεσιν.
1563 5301 1766 5351 Λοιπὸν

185 5392 278 5442 καὶ
323 5391 422 5459 τὴν
456 5388 688 5458 ὕπαρξιν
739 5388 1001 5440 πλουτοῦν
1049 5388 1110 5438 τὸ
1160 5388 1384 5455 Πνεῦμα
1414 5391 1473 5441 τὸ
1518 5391 1674 5458 ἅγιον
1699 5393 1764 5444 ἐκ

181 5484 274 5535 τοῦ
308 5483 518 5552 Πατρσῖις
547 5481 665 5549 ἅμα
700 5484 794 5532 καὶ
824 5479 919 5531 τοῦ
949 5478 1103 5544 Υίοῦ,
1142 5482 1351 5547 ταύτην
1381 5483 1444 5534 οὐ
1475 5483 1763 5554 κέκτηται,

187 5575 281 5626 καὶ
313 5575 445 5644 παρ’
488 5573 678 5625 ἑαυτοῦ
711 5574 770 5624 τὺ
802 5571 1022 5625 σύνολον
1073 5574 1192 5625 οὐδὲ
1224 5575 1365 5643 ἔχειν
1399 5578 1509 5639 τοῖς
1546 5581 1761 5640 πιστοῖς

186 5664 647 5732 καταγγέλλεται·
681 5665 814 5717 διότι
847 5665 980 5733 μηδὲ
1022 5665 1268 5728 δυνατὸν,
1314 5666 1438 5734 μηδ’
1475 5667 1762 5738 ἐνδεχόμε-

184 5777 272 5813 νον
301 5759 574 5822 ὁπωσοῦν,
605 5759 763 5810 τοῦτο
791 5760 888 5825 τῆς
923 5759 1210 5824 ὑπάρξεως
1255 5761 1349 5827 τῆς
1382 5761 1585 5822 οἰκείας
1618 5758 1759 5816 εἶναι

185 5853 494 5926 παραίτιον.
528 5853 639 5922 Tr};
687 5852 744 5905 δὲ
777 5851 1002 5922 Τριάδος
1057 5853 1116 5902 τὸ
1163 5850 1368 5904 τέλειον
1401 5855 1671 5923 φερούσης
1703 5859 1761 5910 ἐν

1878 4650 1954 4702 tio
1984 4663 2209 4718 secpum
2264 4663 2657 4718 proposueram
2683 4650 2707 4702 Ἰ
2743 4652 2968 4721 propius
2993 4654 3059 4710 ad
3098 4654 3273 4722 ipsum
3298 4672 3457 4712 acce-

1876 4743 2090 4797 damus.
2132 4742 2366 4812 Spiritus
2392 4753 2626 4798 sanctus
2647 4745 2874 4812 spiritus
2906 4744 3104 4809 Patris,
3143 4759 3196 4802 et
3230 4751 3458 4818 spiritus

1879 4833 2023 4898 Filii,
2050 4835 2274 4902 spiritus
2297 4849 2428 4888 vero
2459 4835 2696 4903 Spiritus
2723 4852 2896 4906 neque
2917 4846 3001 4892 est
3037 4830 3212 4907 neque
3252 4843 3456 4896 voci:a-

1880 4936 1990 4989 tur,
2022 4927 2164 4995 quod
2205 4942 2314 4980 non
2357 4936 2441 4980 est
2473 4929 2556 4981 sui
2611 4928 2807 4996 ipsius,
2840 4945 3017 4999 neque
3042 4933 3352 5000 reperiatur
3381 4939 3460 5004 ita

1878 5029 2248 5087 nuncupatus.
2269 5017 2457 5087 Neque
2485 5036 2677 5074 rursus
2705 5019 2850 5074 aliud
2885 5024 3163 5091 quidpiam
3206 5027 3453 5093 assigna-

1879 5121 1966 5163 tur
1999 5112 2096 5177 ipsi
2122 5110 2367 5178 Spiritui,
2396 5125 2520 5164 cum
2545 5111 2728 5165 Deitas
2766 5112 2818 5165 in
2858 5114 3034 5168 tribus
3068 5116 3452 5184 liypostasibus

1877 5202 2158 5256 consistat.
2199 5201 2381 5267 Quare
2408 5218 2533 5255 cum
2570 5203 2945 5256 exsistentiam
2978 5206 3177 5260 habeat
3209 5204 3457 5274 Spiritus

1877 5301 2102 5345 sanctus
2132 5308 2196 5344 ex
2236 5291 2395 5347 Patre
2423 5293 2583 5347 simul
2627 5304 2680 5347 et
2712 5292 2870 5354 Filio,
2906 5311 3025 5349 cam
3058 5312 3163 5350 non
3204 5299 3453 5365 possido—

1877 5387 1954 5440 bit
1987 5386 2210 5440 omnino
2265 5388 2428 5439 etiam
2488 5404 2517 5440 a
2556 5390 2873 5456 Semetipso,
2940 5405 3115 5458 neque
3183 5391 3447 5443 habere.

1878 5481 2124 5533 lidelibus
2188 5480 2597 5547 pronuntiatur,
2652 5482 2797 5548 quod
2852 5483 2969 5535 lieri
3021 5482 3226 5551 nequit,
3274 5497 3450 5552 neque

1873 5574 2096 5628 omnino
2125 5573 2283 5628 liceat
2305 5573 2413 5626 ullo
2436 5572 2618 5635 modo,
2672 5575 2816 5626 hunc
2865 5575 3200 5628 exsistentiu:
3221 5577 3452 5644 propria:

1875 5683 2095 5724 causam
2129 5681 2274 5720 esse.
2303 5665 2438 5719 Cum
2480 5680 2610 5718 vero
2639 5665 2795 5720 Trias
2825 5667 3215 5734 perfectionem
3250 5686 3360 5737 pne
3387 5685 3454 5721 se

1873 5763 2011 5814 lerat
2042 5759 2204 5812 rebus
2227 5757 2484 5810 omnibus
2513 5757 2566 5809 in
2602 5757 2830 5817 Deitate,
2870 5774 3102 5826 persona
3139 5761 3240 5811 alia
3267 5774 3450 5813 essen-

1876 5854 2075 5908 tialiter
2103 5865 2166 5904 ex
2201 5850 2492 5918 semetipsa
2519 5847 2623 5903 non
2649 5850 2850 5920 prodit,
2886 5851 2953 5905 ad
2977 5854 3118 5920 quod
3153 5852 3445 5907 absurdum
