4206 6452
177 428 312 494 1261

1032 433 1128 494 DE
1171 432 1686 494 PROCESSIONE
1729 433 1785 494 S.
1833 433 2194 494 SPIRITUS
2233 431 2455 493 ORAT.
2498 432 2584 492 Ῑῐ.

3296 426 3433 491 1262

171 542 268 595 θεν
303 539 690 609 προτεθείσαις
719 541 871 612 ἡμῖν.
905 541 1108 604 αῖτινες
1140 544 1440 611 ἀναφακδδν
1470 543 1762 612 κυρὺττου-

1869 558 2056 610 quam,
2097 544 2188 612 qui
2224 543 2359 597 alios
2388 540 2655 610 sapientia
2689 551 2971 611 superant,
3005 550 3056 594 et
3089 541 3140 593 iu
3187 540 3400 608 Scriptu

171 651 261 684 σιν
317 633 589 702 (strip/etv
623 635 730 686 κάκ
781 633 876 686 τοῦ
939 634 1068 687 Υίσῦ
1099 636 1158 688 τὸ
1215 638 1439 705 Πνεῦμα
1486 637 1546 690 τὸ
1582 637 1754 703 ἅγιον.

1865 637 1941 690 ris
1977 634 2367 705 dignoscendis
2411 634 2531 704 plus
2582 633 2704 687 aliis
2749 633 2954 696 valent,
3002 632 3095 686 sed
3149 632 3213 684 iis
3246 633 3434 696 etiam,

170 725 454 792 Τοιαύτην
491 727 552 779 τὸ
584 727 754 794 παρὸν
803 728 981 796 δόγμα
1027 729 1134 780 κάκ
1167 729 1277 781 τῶν
1327 729 1507 798 ῥητῶν
1555 729 1759 782 τούτων

1855 728 1954 798 qui
2013 730 2160 782 circa
2216 741 2508 780 sermones
2547 740 2740 793 segnes
2777 735 2942 794 atque
2991 724 3211 778 hebetes
3257 735 3431 778 sum:

169 816 270 868 νῦν
314 817 440 885 ἔσχε
475 819 572 887 τὴν
627 821 901 884 ἀπόδειξιν
933 821 1048 890 ἀμα
1083 823 1177 874 καὶ
1227 821 1325 888 τὴν
1377 820 1758 890 συγκρότησιν,

170 911 314 975 ὅπερ
348 911 444 961 καὶ
478 912 582 978 πρὸ
623 911 802 963 αὐτῶν
841 914 1022 965 πᾶσαν
1068 913 1167 983 τὴν
1200 912 1457 982 ἀλήθειαν
1493 912 1637 982 ἔχειν
1685 913 1760 976 ὡς

172 1001 343 1067 ὀρθὸν
387 1003 687 1055 ἀπταιστόν
716 1021 773 1056 τε
807 1005 900 1057 καὶ
930 1006 1166 1072 ἀσφαλὲς
1207 1004 1295 1059 διὰ
1330 1005 1596 1056 πλείστων
1625 1003 1756 1074 χρή-

173 1109 317 1144 σεων
343 1094 546 1163 ἑτέρων
575 1097 856 1164 πατρικῶν
884 1097 1250 1164 ἀποχρώντως
1275 1096 1369 1149 καὶ
1395 1096 1592 1158 ἱκανῶς
1621 1113 1762 1164 παρ-

169 1185 516 1252 εστήσαμεν,
596 1185 865 1255 μηδαμῶς
905 1187 1222 1256 ἐξηγήσεως
1275 1187 1544 1255 δεομένων
1592 1188 1758 1250 τινὸς,

175 1277 304 1344 μηδ’
362 1277 655 1346 ἑρμηνείας
693 1279 964 1347 μηδεμιᾶς
999 1279 1076 1341 είς
1135 1279 1465 1348 κατάληψιν,
1508 1279 1568 1331 οὑ
1617 1279 1762 1345 λέγω

172 1369 287 1426 τοῖς
328 1368 439 1418 τῶν
478 1367 682 1418 πολλῶν
715 1368 1126 1438 ὑπερκειμένοις
1177 1370 1266 1422 τὸν
1296 1369 1441 1431 νοῦν,
1481 1372 1571 1422 καὶ
1598 1370 1762 1422 πλέον

175 1460 234 1508 ὲν
270 1462 394 1520 ταῖς
445 1460 686 1529 Γραφαῖς
735 1461 841 1512 τῶν
871 1461 1046 1514 ἀλλων
1077 1461 1456 1528 γινώσκουσιν,
1509 1463 1643 1515 ἀλλὰ
1671 1463 1760 1515 κα)⁵

173 1554 288 1612 τοῖς
325 1553 676 1622 ἀμελετήτως
709 1553 895 1622 ἔχουσι
933 1555 1042 1607 τῶν
1069 1555 1239 1622 λόγων
1266 1558 1448 1617 αὐτοῖς
1476 1571 1492 1586 ⁸
1537 1558 1763 1619 καὶτοῖς

173 1643 444 1706 τοιούτοις
480 1646 587 1714 γὰρ
641 1647 695 1697 αἱ
750 1647 967 1709 πλείους
1017 1651 1314 1718 σαφηνείας
1366 1650 1425 1700 οὐ
1479 1649 1758 1719 νρῄζουσι.

175 1734 398 1796 Ταύτας
432 1736 488 1787 δὲ
520 1735 906 1806 συλλεξάμενοι
941 1738 1073 1805 παρ’
1120 1739 1256 1792 ὅλων
1289 1738 1625 1804 ἁπαξαπλῶς
1652 1739 1762 1791 τῶν

174 1825 276 1891 τῆς
314 1823 596 1886 εὐσεὸείας
650 1826 1032 1894 μυσταγωγῶν
1082 1826 1536 1896 προτεθείκαμεν.
1574 1827 1762 1893 Οὕτως

1862 820 2064 873 horum
2122 817 2398 886 siquidem
2434 815 2636 885 potiori
2667 815 2805 884 parti
2842 814 3117 883 expositio
3148 828 3286 881 opus
3329 827 3434 867 non

1866 910 2050 965 fuerit.
2098 909 2161 962 Et
2206 909 2322 963 haec
2381 910 2608 961 collecta
2658 923 2722 960 ex
2766 907 3023 960 omnibus
3076 907 3186 959 fere
3223 905 3437 972 pietatis

1864 1001 2196 1072 mystagngis
2232 1001 2647 1069 proposuimus.
2689 996 2816 1051 llmc
2875 1011 3066 1051 omnes
3111 995 3433 1068 diviniloqui

1864 1102 1915 1146 et
1950 1091 2185 1144 Numine
2217 1091 2380 1144 afflati
2417 1090 2608 1145 Patres
2659 1090 2854 1152 nostri,
2904 1088 3106 1158 quibus
3149 1103 3435 1142 sacrorum

1866 1183 2412 1254 venerandorumque
2459 1183 2773 1252 dogmatum
2822 1197 3053 1238 examen
3105 1194 3254 1234 curm
3310 1179 3435 1241 fuit,

1865 1278 2090 1332 stabiles
2155 1277 2452 1347 solidaeque
2494 1276 2752 1331 Ecclesia:
2805 1278 3099 1337 columnre,
3143 1283 3198 1327 et
3247 1273 3440 1326 incon.

1864 1385 2023 1424 cussa
2044 1385 2106 1424 ac
2139 1369 2453 1425 firmissima
2494 1368 2738 1424 veritatis
2772 1367 3203 1437 propugnacula,
3236 1364 3436 1434 saepius

1867 1462 1920 1515 in
1954 1461 2070 1516 suis
2107 1463 2524 1517 commentariis
2566 1462 2949 1522 decreverunt,
2981 1469 3034 1513 et
3065 1468 3310 1528 patenter
3340 1458 3442 1510 ad-

1867 1555 2114 1613 modum,
2149 1555 2317 1607 etiam
2349 1570 2414 1607 ex
2448 1553 2588 1608 Filio
2622 1554 2998 1608 exsistentiam
3027 1543 3231 1606 habere
3265 1550 3440 1619 Spiri-

1865 1654 1980 1700 tum
2026 1656 2297 1712 sanctum,
2327 1647 2529 1716 quibus
2559 1646 2742 1714 plane,
2785 1656 2841 1698 ut
2874 1645 2926 1698 in
2963 1645 3086 1699 aliis
3117 1642 3440 1712 theologicis

1865 1753 2057 1792 corum
2089 1739 2273 1803 dictis,
2309 1753 2502 1792 omnes
2534 1737 2694 1791 fidem
2727 1739 2889 1792 etiam
2929 1737 2982 1789 in
3017 1737 3121 1789 hoc
3151 1734 3438 1795 adhibere,

1867 1841 1918 1886 et
1969 1833 2296 1886 sententiam
2347 1832 2499 1900 sequi
2544 1831 2790 1894 addecet,
2836 1844 2959 1884 cum
3016 1828 3147 1898 ipsis
3194 1826 3248 1880 in
3296 1841 3432 1886 uno,

177 1915 426 1980 ἅπαντες
465 1919 511 1968 οἱ
547 1917 798 1986 θεηγόροι
831 1919 924 1971 καὶ
955 1895 1272 1988 θεόφθογγοι
1303 1921 1543 1990 Πατέρες
1586 1922 1760 1990 ἡμῶν,

1868 1923 1936 1976 de
1963 1937 2074 1991 quo
2107 1937 2252 1976 nunc
2285 1895 2520 1992 agimus,
2553 1921 2951 1985 contradicere,
2990 1895 3049 1972 in.
3085 1917 3343 1972 omnibus
3373 1917 3442 1969 ab

176 2006 332 2070 ὅσοις
363 2009 397 2078 ἡ
429 2009 537 2061 τῶν
595 2010 756 2080 ιερῶν
790 2010 1026 2082 ἐμέλησε
1081 2013 1174 2064 καὶ
1217 2012 1429 2065 σεπτῶν
1480 2013 1764 2082 δογμάτων

176 2100 454 2165 ἐξέτασις,
485 2102 543 2153 οῖ
573 2106 671 2170 τῆς
711 2103 1035 2172 Ἐκκλησίας
1064 2107 1279 2176 στερροὶ
1309 2105 1489 2158 στῦλοι
1515 2107 1608 2159 καὶ
1633 2124 1765 2176 κρα-

176 2194 349 2254 ταιοὶ,
382 2193 451 2246 τὰ
485 2195 797 2263 ἀκράδαντα
828 2196 928 2264 τῆς
955 2197 1212 2267 ἀληθείας
1247 2197 1584 2268 προπύργια,
1631 2201 1763 2252 πολ-

178 2285 346 2348 λάκις
373 2288 430 2339 ὲν
478 2289 589 2350 τοῖς
626 2289 806 2342 αὐτῶν
834 2289 1008 2358 λόγοις
1057 2291 1439 2360 ὲδεγμάτισαν,
1473 2294 1565 2345 καὶ
1605 2309 1758 2361 περι·-

181 2377 397 2443 φανῶς,
431 2378 512 2429 ὅτι
561 2381 668 2432 κάκ
707 2379 801 2432 τοῦ
854 2379 984 2433 Υίοῦ
1021 2381 1080 2434 τὺ
1112 2380 1336 2451 Πνεῦμα
1365 2381 1426 2434 τδ
1468 2383 1620 2449 ἅγιον
1651 2380 1764 2452 ἔχει

179 2468 285 2537 τὴν
323 2470 574 2540 ὓπαρξιν,
605 2467 686 2535 οἷς
719 2473 876 2543 δῆτα,
921 2473 1102 2536 καθὼς
1144 2475 1202 2528 ὲν
1252 2475 1453 2537 πάσαις
1498 2478 1620 2539 ταῖς
1652 2475 1761 2529 λοι·

182 2562 318 2622 παῖς
347 2561 648 2631 θεολογίαις
682 2565 886 2630 αὐτῶν,
919 2567 1043 2629 τοὺς
1075 2567 1282 2630 πάντας
1317 2567 1599 2621 πείθεσθαι
1632 2569 1762 2622 κάν·

181 2654 366 2707 ταῦθα
403 2659 494 2708 καὶ
524 2658 938 2712 κατακολουθεῖν
963 2660 1170 2714 δίκαιον
1200 2675 1214 2689 ·
1247 2661 1437 2730 ἐπειδὴ
1465 2663 1524 2714 τὸ
1553 2662 1764 2728 τούτοις

184 2749 375 2811 αὐτοῖς
403 2750 704 2818 ἀντιλέγειν
729 2755 786 2806 ὲν
813 2754 918 2816 svi,
945 2754 1192 2806 τουτέστι
1221 2753 1299 2822 τῷ
1323 2752 1436 2817 νῦν,
1465 2754 1522 2806 ἐν
1556 2754 1761 2808 ἅπασιν

1865 2013 2068 2068 eisdem
2100 2013 2327 2067 Deitatis
2376 2013 2726 2082 dogmatibus
2773 2011 3155 2065 contradicere
3211 2010 3303 2064 sit.
3336 2007 3442 2073 Qui

1868 2117 2049 2162 autem
2117 2109 2220 2163 hoc
2279 2108 2532 2177 peragit,
2583 2107 2740 2176 plane
2801 2115 2993 2161 sancto
3053 2104 3444 2172 adorandoque

1869 2199 2122 2270 Spiritui,
2155 2217 2184 2253 a
2223 2217 2331 2270 quo
2377 2209 2437 2253 ut
2470 2201 2790 2269 plurimum.
2827 2198 3074 2267 quinimo
3125 2196 3442 2251 indesinen-

1873 2301 1955 2346 ter
2017 2291 2228 2360 agitati,
2288 2301 2342 2344 et
2396 2298 2457 2344 ut
2511 2290 2692 2358 aptius
2741 2288 2945 2352 dicam,
3003 2287 3191 2351 amati,
3255 2286 3442 2341 divina

1873 2397 2145 2452 sacraque
2199 2391 2363 2437 rectm
2399 2381 2519 2435 fidei
2559 2380 2817 2452 dOgmata
2863 2381 3020 2435 nobis
3071 2381 3441 2449 exponebant,

1872 2475 2113 2538 obsistit,
2149 2474 2199 2528 id
2246 2475 2430 2529 multis
2475 2475 2727 2528 amentiae
2778 2476 3020 2542 signum,
3054 2472 3281 2526 insania:
3320 2471 3441 2524 aliis

1875 2569 2140 2625 indicium
2179 2579 2284 2635 est,
2322 2567 2466 2638 quod
2497 2584 2564 2624 ne
2603 2569 2880 2638 patiamur
2916 2567 2968 2621 in
3019 2565 3178 2619 linem
3217 2564 3445 2632 supplex

1872 2678 2066 2729 exoro,
2100 2679 2277 2733 neque
2307 2663 2454 2733 quod
2487 2663 2611 2716 inde
2640 2662 2888 2716 imminet
2916 2659 3112 2714 animae
3143 2656 3440 2728 periculum

1873 2762 2190 2811 subeamus.

185 2841 495 2910 ἀντιλέγειν
544 2846 660 2896 ἐστὶ
691 2846 803 2907 τοῖς
845 2844 1086 2916 ῥηθεῖσιν
1131 2846 1222 2898 ὑπ’
1260 2845 1444 2898 αὐτῶν
1491 2846 1774 2916 δόγμασιν.
1830 2848 1888 2901 '0
1917 2849 1978 2902 δὲ
2049 2849 2209 2901 τοῦτο
2240 2848 2407 2900 ποιῶν
2450 2849 2766 2901 ἀντιπίπτει
2803 2846 2987 2915 σαφῶς
3033 2845 3112 2914 τῷ
3164 2845 3303 2914 ἁγίῳ
3332 2843 3428 2896 καὶ

189 2939 556 3010 προσκυνητῷ
609 2941 909 3009 Πνεῦματι,
943 2943 1076 3012 παρ’
1111 2936 1172 2995 οὗ
1217 2942 1293 2994 τίδ’
1346 2940 1508 2994 πλέον
1557 2942 1960 3013 ὲνεργούμενοι,
2030 2945 2234 3012 κυρίως
2268 2943 2312 2996 δ’
2378 2944 2573 3008 εἰπεῖν,
2601 2941 2963 3012 ἐμπνεόμενοι
3014 2940 3340 3009 καὶμᾶλλον
3367 2940 3428 2989 τὸ

193 3034 306 3085 πᾶν
343 3034 410 3086 τὰ
455 3033 572 3086 θεῖα
625 3035 720 3086 καὶ
760 3033 883 3105 ἱερὰ
929 3037 1029 3104 τῆς
1074 3034 1243 3103 ὀρθῆς
1295 3037 1492 3089 ἐκεῖνοι
1539 3036 1774 3100 πίστεως
1817 3038 2088 3100 ἐξετίθουν
2115 3039 2251 3107 ἡμῖν
2285 3037 2531 3107 δόγματα
2557 3051 2572 3066 ο
2603 3035 2664 3087 τὸ
2732 3035 2787 3087 δὲ
2823 3033 3250 3102 παραφρῡσύνης
3284 3032 3423 3098 γνώ-

192 3141 367 3193 ρισμα
395 3127 503 3186 τοῖς
547 3125 780 3189 πολλοῖς,
824 3126 1023 3194 μανίας
1052 3125 1112 3178 δέ
1153 3143 1294 3180 τισιν
1323 3128 1532 3196 ἀφάτου
1560 3129 1884 3198 τεκμήριον,
1915 3130 1943 3182 ὅ
2005 3131 2100 3182 καὶ
2132 3131 2206 3198 μὴ
2236 3129 2527 3198 πάθοιμεν,
2596 3127 2841 3196 ἀδελφοὶ,
2909 3126 2997 3179 διὰ
3026 3126 3236 3188 τέλους,
3269 3139 3452 3194 παρα-

190 3222 365 3285 καλῶ,
423 3222 558 3292 μηδὲ
591 3221 682 3275 τὸν
729 3223 977 3293 ἐντεῦθεν
1029 3223 1406 3292 ὑποσταίημεν
1443 3225 1542 3293 τῆς
1590 3225 1770 3294 ψυχῆς
1802 3225 2068 3280 κίνδυνον.

268 3323 378 3386 μα’.
410 3317 606 3386 Τρέπω
635 3316 743 3386 γὰρ
770 3318 972 3386 ἀπάρτι
997 3318 1175 3381 καλῶς
1201 3319 1264 3369 τδ
1292 3319 1385 3370 τοῦ
1416 3319 1574 3385 λόγου
1606 3321 1770 3387 πρόσ⁴
1799 3323 1846 3383 C

188 3427 338 3462 ωπον
389 3410 524 3479 πρὸς
568 3410 732 3476 ὑμᾶς,
778 3409 906 3471 τοὺς
974 3412 1139 3480 μέχρι
1187 3409 1281 3463 τοῦ
1337 3409 1432 3464 νῦν
1478 3410 1614 3480 πρὸς
1663 3410 1763 3478 τὴν

193 3499 456 3568 ἀλήθειαν
505 3499 692 3561 κακῶς
748 3497 1172 3562 ἀντιδαίνοντας,
1203 3499 1412 3569 οῦσπερ
1451 3499 1559 3552 οὐδ’
1617 3499 1766 3552 ἀδελ-

194 3591 331 3656 φοὺς
362 3589 690 3658 αἰσχύνομαι
720 3591 817 3643 καὶ
839 3591 1001 3644 πάλιν
1027 3594 1236 3657 καλεῖν,
1273 3593 1375 3645 κᾶν
1398 3594 1488 3644 ἐπὶ
1513 3595 1767 3646 τοσοῦτον

193 3679 355 3747 ἡμῶν
393 3681 488 3732 καὶ
522 3682 724 3750 ταύτης
766 3683 1030 3746 διέστητε.
1071 3685 1526 3754 Προσοικειοῦμαι
1573 3686 1628 3738 δὲ
1667 3688 1767 3755 μά-

194 3771 352 3826 λιστα
388 3775 483 3826 καὶ
523 3775 584 3826 τὸ
615 3776 786 3838 πάθος
817 3776 992 3844 ὑμῶν,
1041 3779 1140 3847 οὐχ
1171 3773 1332 3847 ἦττον
1367 3781 1422 3832 δὲ
1455 3780 1548 3832 καὶ
1588 3780 1678 3831 τὸν
1705 3782 1768 3832 ἐκ

195 3862 388 3916 τούτου
415 3865 644 3933 ψυχικὸν
672 3865 916 3936 ὄλεθρον,
944 3868 1094 3936 νόμῳ
1121 3869 1221 3936 τῆς
1250 3865 1316 3940 ἧς
1346 3869 1478 3938 πρὸς
1509 3870 1768 3940 ἀλλήλους

196 3951 485 4019 ὀφείλομεν
516 3955 736 4020 ἀγάπης
767 3958 816 4007 οἱ
847 3959 1348 4028 προσαγορεύεσθαι
1376 3961 1631 4030 λαχόντες
1663 3961 1769 4012 ἀπὸ

197 4043 458 4111 Χριστοῦ,
492 4046 582 4095 καὶ
609 4046 708 4114 τῆς
743 4048 1015 4117 προτέρας
1060 4049 1472 4119 κατ’ἐξαίρετόν
1518 4053 1664 4104 ἐστιν
1713 4055 1771 4103 ἐν

198 4131 280 4197 οἷς
312 4136 420 4188 ἀπὸ
450 4137 666 4189 πάντων
694 4139 848 4206 ὑμῶν
874 4140 1054 4204 φιλίας
1087 4144 1180 4193 καὶ
1206 4142 1496 4204 διαθέσεως
1514 4159 1528 4172 ·
1557 4145 1650 4197 καὶ
1675 4163 1774 4198 κα·

197 4227 440 4280 ταλείπω
482 4229 580 4298 τὴν
615 4229 802 4301 κοινὴν
841 4230 1004 4298 φύσιν
1038 4233 1215 4302 ἡμῶν,
1261 4235 1380 4302 ἥτις
1422 4235 1528 4304 πρὸ
1571 4237 1772 4290 τούτων

201 4321 333 4372 αὐτὸ
361 4321 732 4389 παραδίδωσιν
759 4339 773 4351 ο
809 4321 888 4376 ἔτι
919 4323 982 4376 τὸ
1013 4325 1148 4394 πρὸς
1176 4328 1272 4394 τῆς
1307 4327 1458 4394 ἱερᾶς
1496 4327 1773 4398 κολυμϐή-

202 4410 335 4480 θρας
359 4413 583 4482 γνήσιον
615 4414 863 4483 περιέπω
893 4417 988 4469 καὶ
1012 4418 1270 4483 συγγενές
1288 4434 1304 4450 ο
1327 4418 1406 4470 ἔτι
1431 4418 1529 4488 τὴν
1555 4419 1772 4488 ὁμιλίαν

201 4497 276 4556 ῶν
301 4503 439 4573 ἔφην
470 4503 727 4575 αἰδοῦμαι
759 4507 901 4560 κατὰ
927 4508 987 4559 τὸ
1005 4508 1150 4570 εἰκὸς
1177 4510 1271 4562 καὶ
1291 4509 1600 4578 συνήθειαν,
1637 4509 1772 4578 μέλη

202 4595 263 4647 τὸ
314 4597 444 4665 πρὶν
476 4598 745 4667 ἡμέτερα,
801 4600 892 4651 καὶ
927 4600 977 4651 εί
1026 4599 1354 4670 διετμήθητε
1407 4601 1515 4669 πρὸ
1555 4601 1773 4666 πολλοῦ,

208 4686 340 4756 μέλη
390 4689 520 4740 ποτὲ
573 4691 751 4758 τίμια,
792 4691 884 4744 καὶ
919 4694 967 4743 εί
1011 4693 1118 4743 ἀπὸ
1172 4691 1383 4761 μακροῦ
1429 4691 1778 4762 διεφθάρητε.

205 4781 296 4844 Τίς
325 4781 534 4848 δαίμων
590 4782 792 4851 τελχὶν,
835 4785 985 4844 ποῖος
1020 4783 1112 4836 τοῦ
1145 4782 1312 4836 καλοῦ
1365 4784 1458 4836 καὶ
1488 4785 1586 4854 τῆς
1622 4785 1776 4854 είρή-

205 4889 300 4957 γης
349 4871 539 4934 δεινῶς
600 4872 880 4944 βασκήνας
931 4876 1076 4943 ἡμᾶς
1131 4875 1224 4927 τοῦ
1259 4874 1510 4944 σώματος
1552 4877 1651 4946 τῆς
1684 4877 1776 4930 τοῦ

208 4966 442 5032 Χριστου
494 4964 642 5025 θείας
691 4965 990 5033 καθολῑκῆς
1063 4966 1395 5036 Ἐκκλησίας
1447 4967 1776 5030 διέσπασεν,

207 5057 341 5110 ὥστε
365 5057 507 5109 κατὰ
531 5057 621 5109 τίον
649 5057 944 5110 ἀπόστολον
985 5057 1191 5111 Παῦλον
1217 5057 1402 5110 λοιπὸν
1419 5060 1483 5111 τὸ
1510 5060 1780 5112 σύνολον

208 5147 275 5213 τῇ
308 5148 550 5214 ἀλεθείᾳ
593 5149 680 5216 μὴ
713 5151 1064 5214 πει’θεσθαι;
1111 5151 1245 5202 Πότε
1279 5150 1780 5220 συγκολληθήσεσθε

209 5242 367 5293 πάλιν
403 5241 553 5309 αὑτῴ
580 5258 594 5306 ;
633 5240 762 5310 πότε
788 5241 966 5310 τούτῳ
995 5241 1633 5311 συναρμολογηθήσεσθε,
1661 5241 1782 5293 δόν-

206 5347 292 5392 τες
327 5332 554 5394 ἑαυτοὺς
611 5331 836 5401 ὁμονοίᾳ
872 5334 938 5401 τῇ
975 5333 1110 5400 πρὸς
1143 5332 1310 5398 ἡμᾶς,
1355 5333 1447 5384 καὶ
1473 5332 1651 5385 τέλεον
1681 5332 1782 5400 τῆς

209 5421 463 5491 ἀληθείας
509 5425 834 5492 γενόμενοι;
867 5423 1088 5487 Τούτοις
1140 5425 1205 5494 δὴ
1239 5424 1514 5486 πείθεσθε,
1546 5425 1639 5476 καὶ
1687 5443 1783 5477 κα-

208 5514 582 5568 τακολουθεῖτε
617 5519 729 5578 τοῖς
760 5517 863 5585 πρὸ
894 5520 924 5585 η
936 5517 1070 5586 μῶν,
1107 5519 1323 5580 οἵτινες,
1351 5517 1425 5578 ὼς
1456 5513 1600 5585 εἶχον
1622 5517 1783 5570 δυνιεὶ⁴

212 5626 378 5677 μεως,
404 5610 658 5664 ἀντεῖπον
687 5610 764 5678 τῷ
799 5611 1051 5678 δόγματι,
1081 5610 1281 5676 καλῶς,
1309 5610 1428 5666 εἷπε
1440 5627 1471 5682 ρ
1496 5611 1649 5662 αὐτοὶ
1678 5611 1786 5662 πά-

209 5701 290 5752 λιν
321 5702 622 5763 ἑπείθοντο,
663 5704 756 5755 καὶ
807 5703 1242 5773 κατηκολούθουν
1285 5706 1394 5767 τοῖς
1440 5707 1545 5774 πρὸ
1587 5706 1782 5770 αὐτῶν,

293 5877 338 5910 ³⁸
357 5875 532 5931 Galat.
570 5895 618 5938 ν,
657 5877 707 5930 7.

1951 3319 2042 3372 41.
2088 3319 2366 3372 Converto
2411 3316 2680 3386 siquidem
2737 3328 2883 3368 nunc
2931 3315 2997 3367 ad
3045 3327 3142 3367 vos
3185 3312 3452 3366 orationis

1881 3411 2099 3474 faciem,
2147 3410 2215 3463 ad
2267 3409 2372 3463 hoc
2409 3424 2585 3478 usque
2631 3419 2845 3476 tempus
2880 3407 3129 3475 improbe
3166 3405 3448 3458 veritatem

1881 3511 2286 3570 oppugnantes,
2324 3516 2466 3569 quos
2495 3500 2692 3554 fratres
2724 3499 3053 3566 compellare
3077 3513 3290 3559 rursus,
3326 3496 3453 3549 licet

1880 3595 2220 3646 tantumdem
2268 3609 2297 3646 a
2352 3592 2508 3646 nobis
2559 3601 2616 3646 et
2669 3595 2738 3645 ab
2795 3592 2906 3659 ipsa
2956 3588 3305 3655 dissociatos,
3341 3605 3448 3642 non

1887 3687 2074 3752 pudet.
2132 3684 2358 3739 Vestros
2413 3699 2540 3738 vero
2595 3685 2727 3738 mihi
2789 3683 3037 3746 affectus,
3089 3698 3188 3736 nec
3247 3684 3450 3743 minus,

1881 3791 2006 3844 qum
2025 3791 2090 3830 ex
2118 3777 2220 3830 hoc
2249 3777 2426 3830 oritur
2459 3775 2656 3828 animae
2687 3774 2982 3848 perniciem
3016 3788 3178 3840 opere
3207 3774 3452 3826 maximo

1882 3867 2102 3922 vindico
2157 3868 2272 3937 lege
2330 3867 2618 3920 charitatis
2660 3881 2779 3934 quae
2833 3866 2971 3918 iuter
3021 3879 3123 3918 nos
3157 3880 3186 3917 a
3232 3863 3454 3918 Christo

1884 3976 2082 4014 nomen
2145 3961 2371 4014 sortitos
2430 3958 2767 4014 intercedere
2831 3957 3012 4018 debet.
3075 3965 3129 4010 et
3180 3955 3454 4025 praecipuo

1885 4053 2130 4106 omniurn
2177 4053 2433 4106 amicitiae
2506 4060 2562 4105 et
2613 4050 3029 4110 benevolentia,
3080 4058 3136 4102 et
3190 4055 3456 4116 praeterea

1888 4159 2237 4198 communem
2273 4154 2551 4205 naturam,
2585 4158 2704 4210 qua:
2735 4151 2864 4195 ante
2899 4141 3004 4194 alia
3037 4139 3087 4192 iil
3137 4140 3293 4192 nobis
3323 4138 3456 4191 insi-

1887 4245 2158 4297 nuat,tum
2187 4245 2314 4288 ante
2339 4247 2558 4303 propter
2583 4249 2800 4288 sacrum
2831 4234 3110 4285 lavacrum
3136 4245 3454 4299 germanum

1887 4337 2050 4396 atque
2089 4325 2272 4394 aliine,
2324 4337 2438 4380 tum
2488 4325 2829 4381 consortium
2879 4334 2934 4379 et
2981 4322 3455 4383 consuetudinem,

1887 4434 2076 4472 eorum
2103 4433 2240 4484 quos
2275 4427 2334 4472 ut
2360 4418 2472 4471 dixi
2507 4433 2782 4483 revereor,
2819 4417 3060 4471 membra
3088 4425 3296 4478 nostra,
3332 4415 3460 4467 licet

1892 4510 2120 4564 nmltum
2154 4520 2282 4563 aute
2329 4517 2547 4578 tempus
2598 4509 2834 4572 abscisa,
2880 4512 3125 4563 membra
3167 4506 3460 4576 aliquando

1890 4597 2232 4663 honoranda,
2267 4597 2370 4652 etsi
2406 4598 2562 4666 longe
2597 4608 2722 4651 ante
2783 4597 3084 4666 deperdita.
3119 4595 3253 4661 Quis
3289 4594 3462 4648 male-

1816 4658 1857 4712 D
1890 4693 2024 4746 licus
2054 4692 2289 4753 dazmon,
2320 4692 2445 4759 quis
2477 4692 2674 4745 bonum
2701 4705 3002 4760 pacemque
3039 4690 3190 4744 vobis
3225 4688 3462 4741 maxime

1889 4782 2138 4835 invidens
2187 4796 2216 4833 a
2273 4795 2501 4851 corpore
2553 4789 2757 4834 sancta:
2818 4779 3210 4847 cstholiemque
3256 4776 3460 4832 Christi

1886 4872 2146 4927 Ecclesiae
2204 4871 2480 4938 distraxit,
2545 4871 2615 4924 ita
2675 4879 2756 4933 ut,
2815 4884 2937 4924 eum
2995 4870 3239 4938 apostolo
3277 4868 3461 4922 .Pauln

1887 4965 2130 5033 loquor,
2207 4980 2424 5029 prorsus
2496 4962 2710 5015 veritati
2777 4977 2880 5015 non
2957 4961 3319 5029 obtemperetis
3367 4963 3460 5012 9‘?

1887 5055 2119 5122 Quando
2148 5056 2345 5109 iterum
2384 5055 2484 5124 ipsi
2517 5051 3068 5123 conglutinabimini,
3102 5051 3320 5120 quando
3356 5051 3457 5119 ipsi

1887 5147 2320 5216 conjungemini,
2363 5146 2724 5212 vosmetipsos
2755 5143 3062 5196 concordiae
3112 5153 3310 5195 nostra:
3346 5148 3460 5192 tra-

1885 5241 2077 5293 dentes
2125 5249 2180 5293 et
2231 5237 2468 5307 perfecte
2528 5237 2814 5290 veritatem
2879 5233 3153 5302 amplexi?
3204 5233 3305 5285 Eos
3362 5247 3458 5284 vos

1889 5333 2091 5387 auditis
2150 5343 2202 5385 et
2261 5330 2589 5400 sequimini,
2646 5329 2736 5398 qui
2803 5337 2930 5380 ante
2995 5341 3129 5390 vos,
3192 5326 3267 5378 ttti
3328 5326 3459 5393 ipsis

1893 5427 2125 5480 facultas
2179 5425 2302 5488 fuit,
2353 5426 2548 5494 dogma
2616 5431 3039 5491 oppugnai'uut;
3091 5429 3345 5486 recteque
3408 5417 3461 5470 iil

1894 5518 2148 5587 ageretis,
2206 5517 2250 5570 si
2306 5516 2409 5586 ipsi
2462 5530 2656 5576 rursus
2706 5515 2961 5568 audirent
3006 5520 3056 5564 et
3103 5517 3463 5576 sequerentur

1894 5611 2251 5679 antiquiores,
2298 5609 2389 5677 qui
2437 5605 2684 5674 ampliori
2752 5619 3005 5660 mensura
3057 5611 3106 5656 et
3158 5600 3314 5654 rebus
3345 5601 3468 5663 alii;

1897 5703 2152 5756 omnibus
2214 5702 2556 5770 apertissime
2609 5702 2768 5754 hosce
2819 5705 3161 5764 exsuperant,
3225 5705 3462 5763 quorum
