4206 6452
793 426 929 490 1968

1807 431 2322 496 CONSTANTINI
2364 434 2904 498 MELITENIOT/E

3905 436 4040 506 1264

791 540 902 593 vita
934 551 1211 592 sermones
1238 541 1576 607 comprobat.
1609 551 1662 595 et
1688 556 1972 597 sermones
2003 543 2169 616 vitam
2205 557 2353 596 com—

2466 545 2660 608 οἴτινες
2692 546 2870 616 πολλῷ
2898 547 2974 616 τῷ
3009 546 3210 618 μέτρῳ,
3239 549 3329 602 καὶ
3363 550 3497 603 κατὰ
3522 551 3626 601 πᾶν
3654 547 3853 601 τούτων
3877 549 4040 615 ἐναρο

799 629 1084 696 mendant,
1120 631 1214 700 qui
1268 633 1561 686 multorum
1595 633 1818 686 deorum
1868 633 2103 688 tenebris
2135 634 2360 701 dissipa-

794 721 887 784 tis,
916 729 972 775 et
1012 720 1288 775 hereseon
1333 722 1588 776 universa
1624 722 1856 790 caligine
1886 723 2136 792 disjecta,
2171 723 2361 778 solari-

795 821 898 869 bus
934 813 1102 869 radiis
1144 814 1196 868 in
1226 815 1433 869 mundo
1463 815 1758 870 dilucidius
1793 815 2194 883 praefulserunt,
2225 816 2362 873 adeo

795 915 854 960 ut
889 905 957 960 de
1006 915 1239 974 utroque
1283 904 1537 960 Satanam
1577 907 1853 976 puduerit,
1903 922 2092 961 eorum
2138 908 2244 961 vim
2305 907 2360 962 in

793 995 944 1051 hisee
980 995 1434 1066 conspicientem,
1479 1006 1533 1050 et
1568 1012 1710 1066 quos
1745 998 2114 1067 augelicarum
2167 999 2363 1052 cohor-

792 1086 926 1139 tiutn
968 1085 1108 1140 ordo
1138 1087 1378 1156 probans
1413 1087 1610 1141 mirum
1657 1089 1710 1142 in
1746 1089 1968 1142 modum
2000 1099 2113 1144 tum
2145 1097 2352 1158 propter

791 1175 845 1229 in
893 1187 1126 1245 utroque
1162 1174 1471 1230 ﬁrmitatem
1518 1178 1793 1242 eximiam,
1837 1189 1952 1232 tum
2001 1188 2222 1248 propter
2253 1179 2360 1232 im-

792 1283 1034 1322 mensam
1064 1267 1446 1324 fortitudinem
1481 1270 1783 1325 admiratus
1831 1281 1935 1327 est.
1969 1271 2033 1325 Et
2069 1273 2214 1340 quod
2241 1271 2357 1342 jam

790 1360 934 1415 dicta
987 1360 1168 1414 omnia
1214 1369 1456 1430 superat,
1509 1371 1561 1416 et
1626 1370 1883 1432 tanquam
1940 1376 2130 1416 eorum
2187 1363 2358 1434 magis

792 1454 1072 1525 proprium
1102 1455 1154 1508 in
1189 1455 1344 1510 laude
1375 1457 1618 1526 ponitur,
1659 1472 1846 1510 eorum
1878 1456 2269 1512 commentaria
2303 1464 2358 1510 et

789 1544 996 1613 scripta
1055 1543 1219 1598 veluti
1272 1542 1537 1600 Hosaicas
1591 1544 1804 1600 tabulas
1857 1554 1910 1600 et
1974 1560 2098 1599 vere
2146 1544 2360 1599 divinas

793 1648 952 1689 voces
1018 1633 1138 1702 Dei,
1194 1635 1436 1692 Ecclesia
1467 1637 1751 1705 excipiens
1803 1635 2130 1691 reverendas
2198 1636 2358 1690 nobis

789 1728 1303 1799 exosculandasque
1354 1729 1716 1785 concredidit.
1771 1728 1827 1784 Si
1883 1729 1984 1784 hos
2036 1728 2200 1799 igitur
2260 1743 2360 1782 au-

787 1819 997 1875 dientes
1028 1834 1412 1891 sequerentur,
1448 1823 1526 1876 uti
1569 1838 1668 1893 par
1706 1830 1812 1886 est,
1843 1822 2130 1877 addeceret
2167 1835 2356 1875 rursus

787 1922 841 1968 et
890 1927 989 1969 nos
1027 1927 1218 1970 omnes
1247 1914 1468 1970 eosdem
1499 1915 1761 1984 sequLet
1788 1927 1982 1969 eorum
2025 1913 2191 1968 dictis
2223 1927 2354 1968 sua.

788 2003 906 2059 deri
935 2013 989 2059 et
1017 2006 1259 2061 credere.
1288 2004 1355 2060 Et
1385 2007 1487 2061 hoc
1516 2020 1740 2076 prorsus
1771 2015 1928 2061 antea
1962 2004 2116 2060 nullo
2154 2011 2358 2075 puncto

789 2097 1053 2165 temporis
1093 2097 1408 2153 intermisso
1452 2112 1578 2152 eum
1613 2097 1768 2153 vobis
1803 2098 2134 2168 peregimus,
2183 2097 2357 2152 donec

784 2187 1064 2243 contraria
1107 2188 1162 2242 bi
1212 2199 1542 2255 asserentes,
1586 2189 1963 2243 communium
1997 2187 2218 2243 Patrum
2262 2203 2355 2242 ve-

787 2279 968 2350 stigiis
1029 2279 1284 2336 insistere
1335 2282 1710 2352 cognovimus.
1765 2279 2152 2337 Verumtamen
2209 2295 2357 2336 nunc

784 2379 933 2425 esset
972 2369 1262 2427 manifesta
1293 2371 1522 2428 dimotio
1556 2371 1777 2437 mentis,
1817 2381 1872 2427 et
1920 2381 2110 2443 aperta
2143 2373 2353 2442 cegita-

783 2461 996 2517 tionum
1059 2462 1351 2530 alienatio,
1409 2463 1455 2520 si
1517 2473 1740 2521 sanctos
1796 2466 2074 2519 communi
2139 2465 2354 2521 calculo

781 2563 1034 2624 receptos
1070 2555 1404 2622 deserentes,
1436 2554 1588 2627 ipsos
1615 2571 1990 2626 sequeremur,
2021 2555 2114 2627 qui
2149 2556 2218 2611 ob
2255 2555 2355 2612 do-

783 2645 1053 2700 minandi.
1083 2645 1367 2701 libidinem
1397 2685 1412 2713 ,
1468 2658 1524 2702 et
1559 2648 1721 2717 quod
1774 2645 2036 2703 Romanas
2087 2647 2354 2704 Ecclesia:

782 2739 1067 2810 privilegia
1100 2740 1408 2811 antiquitus
1432 2753 1489 2796 et
1515 2756 1612 2811 per
1632 2756 1795 2797 omne
1820 2753 2034 2813 tempus
2062 2757 2350 2807 concessa,

758 2827 863 2886 mi
906 2847 1024 2888 mos
1066 2842 1173 2898 est,
1225 2846 1524 2903 agnoscere
1568 2842 1831 2898 renuunt,
1879 2834 2060 2890 omnia
2119 2833 2353 2890 confun-

780 2923 976 2978 dentes
1009 2932 1064 2977 et
1121 2925 1411 2982 temerarie
1443 2926 1849 2996 perturbantes,
1877 2925 2352 2989 contradixerunt,

779 3015 925 3084 quod
957 3016 1164 3070 utinam
1201 3015 1408 3072 factum
1455 3031 1563 3072 non
1595 3017 1811 3084 fuisset,
1838 3027 1890 3072 et
1922 3018 2158 3088 dogmati
2193 3030 2352 3072 rectas

779 3107 993 3178 piaeque
1029 3118 1230 3164 nostra!
1272 3109 1398 3164 ﬁdei
1426 3111 1613 3166 sensui
1648 3110 1840 3165 inuixo
1867 3110 2182 3165 scandalum
2216 3109 2343 3164 uni-

2464 635 2578 704 γῶς
2609 637 3047 705 ὑπερϐαίνουσιν,
3072 631 3148 692 ὧν
3177 642 3205 690 ό
3239 639 3352 708 βίος
3385 639 3481 708 μὲν
3511 639 3585 707 τῷ
3612 639 3752 707 λόγῳ
3784 655 4040 706 συμμαρ-

2462 732 2638 798 τυρεῖ,
2687 732 2781 783 καὶ
2823 734 2851 783 ό
2891 730 3047 799 λόγος
3084 731 3139 784 δὲ
3174 732 3263 785 τὸν
3297 731 3414 800 βίον
3459 731 3790 800 συνίστησιν,
3833 727 3915 793 οἷς
3947 731 4040 782 καὶ

2462 821 2572 873 τῶν
2604 819 2752 890 ⁴ἡλίου
2786 822 3168 892 μαρμαρυγῶν
3212 823 3464 894 ἔλαμψαν
3491 827 3548 877 ἑν
3590 827 3779 895 κόσμῳ
3811 825 4038 892 φαιδρό-

2461 929 2654 982 τερον,
2715 915 2896 968 πᾶσαν
2943 913 3368 983 ἐξαφανίσαυτες
3426 917 3526 985 τὴν
3588 917 3686 984 τῆς
3743 916 4039 977 πολυθεῒας

2460 1005 2650 1074 ἀχλὺν,
2684 1006 2781 1058 καὶ
2809 1006 2902 1058 τὸν
2935 1005 3100 1076 ζόφον
3126 1007 3233 1060 τῶν
3259 1008 3520 1077 αἱρέσεων
3547 1009 3722 1061 πάντα
3750 1009 4040 1061 διασκεδα-

2465 1112 2677 1159 σαντες,
2707 1095 2784 1159 ῶς
2819 1097 3174 1167 αἰσχυνθῆναι
3210 1102 3304 1151 καὶ
3335 1100 3453 1152 κατ’
3479 1101 3785 1168 ἀμφότερον
3809 1100 3902 1151 τὶν
3935 1100 4038 1150 Σε-

2462 1187 2583 1251 τὰν,
2615 1188 2714 1259 τὴν
2744 1191 2803 1242 ἐν
2825 1187 3036 1252 τούτοις
3066 1189 3295 1260 δύναμιν
3333 1190 3509 1243 αὑτῶν
3541 1191 3901 1259 θεασάμενον,
3942 1191 4036 1253 οῦς

2460 1281 2828 1351 διαφερόντως
2861 1281 2955 1334 καὶ
2989 1281 3096 1333 τῶν
3120 1281 3426 1350 ἀγγελικῶν
3451 1285 3745 1350 ταγμάτων
3775 1285 3807 1350 ή
3844 1283 4035 1334 διακό-

2462 1387 2663 1441 σμησις
2711 1371 3030 1441 ἀγασαμένη
3075 1373 3212 1425 κάπὶ
3251 1375 3385 1426 πολὺ
3435 1377 3533 1443 τῆς
3583 1373 4035 1442 ὑπερϐαλλούσης

2463 1463 2817 1533 στερρότητος
2855 1464 2912 1516 ἐν
2966 1465 3266 1532 ἑκατέροις,
3301 1464 3392 1517 καὶ
3443 1465 3544 1532 τῆς
3578 1464 3890 1534 ὑπερφυοῦς
3938 1466 4036 1517 ἁμ-

2458 1554 2612 1624 δρίας
2641 1554 3085 1624 ὑπερεθαύμασε.
3121 1555 3194 1607 Τὸ
3225 1557 3442 1609 πάντων
3479 1556 3734 1624 μέγιστον
3785 1555 3894 1608 τῶν
3933 1558 4037 1623 ρη-

2459 1645 2660 1700 θέντων
2703 1647 2819 1713 νῦν,
2847 1649 2940 1700 καὶ
2997 1647 3058 1700 τδ
3093 1648 3294 1718 μᾶλλον
3337 1647 3516 1700 αὑτῶν
3559 1646 3913 1717 κυριώτερον,
3959 1640 4035 1699 ὧν

2456 1737 2526 1790 τὰ
2554 1738 2961 1808 συγγράμματα
2992 1738 3085 1791 καὶ
3118 1739 3244 1802 τοὺς
3272 1738 3462 1806 λόγους
3518 1737 3595 1801 ῶς
3624 1755 3773 1798 τινας
3804 1737 4036 1790 Mensa?-

2459 1828 2561 1893 κάς
2592 1829 2806 1891 πλάκας
2836 1829 3116 1900 ἄντικρυς,
3148 1829 3242 1881 καὶ
3267 1828 3417 1892 Θείας
3450 1829 3632 1898 φωνὰς
3660 1830 3693 1898 ἡ
3733 1828 4035 1894 ’Ἐκκλησία

2459 1919 2554 1972 τοῦ
2603 1918 2739 1973 Θεοῦ
2792 1918 3061 1990 δεξαμένη
3099 1918 3424 1983 σεδάζεσθαι
3471 1920 3563 1972 καὶ
3597 1919 3842 1988 κατέχειν
3898 1921 4036 1986 ἡμῖν

2461 2011 2794 2084 παρέδωκεν.
2827 2013 2890 2066 Ei
2939 2014 3050 2075 τοῖς
3093 2013 3357 2075 τοιούτοις
3387 2010 3480 2064 οῦν
3523 2005 3669 2064 οῦτοι
3714 2012 4033 2063 πειοόιιενοι

2458 2104 2914 2174 κατηκολούθουν,
2954 2104 3029 2167 ὡς
3056 2104 3115 2157 τὸ
3147 2105 3312 2167 είκὸς,
3337 2104 3455 2157 δέον
3485 2099 3552 2175 ἦν
3588 2102 3738 2163 αὖθις
3759 2105 3851 2156 καὶ
3882 2104 4035 2170 ἡμᾶς

2458 2195 2662 2259 πάντας
2691 2195 3110 2248 κατακολουθεῖν
3139 2194 3352 2257 τούτοις
3386 2195 3480 2247 καὶ
3527 2193 3831 2246 πείθεσθαι.
3867 2190 3947 2245 Τὸ
3977 2193 4033 2243 δέ

2454 2287 2674 2349 πάντως
2704 2288 2765 2340 οὑ
2797 2286 3114 2356 διελίπομεν
3158 2285 3440 2350 τελοῦντες
3477 2286 3593 2354 μεθ’
3641 2284 3796 2355 ὑμῶν
3835 2285 4035 2352 πρότε-

2457 2398 2550 2451 ρον
2573 2382 2665 2434 καὶ
2699 2380 2877 2444 αὑτοὶ,
2910 2379 3100 2449 μέχρις
3128 2376 3195 2432 ἂν
3221 2376 3481 2431 τάναντία
3517 2377 3774 2445 λέγοντας
3803 2375 4034 2436 τούτους

2452 2477 2564 2538 τοῖς
2593 2476 2794 2538 κοινοῖς
2822 2474 3100 2542 Πατράσιν
3129 2471 3472 2541 ἐγνώκαμεν.
3497 2471 3610 2525 Νῦν
3640 2470 3696 2522 δέ
3716 2486 3776 2534 γε
3814 2485 4034 2537 apag;-

2452 2564 2550 2636 νὴς
2579 2565 2832 2626 ἔκστασις
2866 2564 2974 2616 τῶν
3006 2563 3240 2634 φρενῶν,
3275 2564 3366 2616 καὶ
3401 2561 3702 2629 κατάδηλος
3731 2563 4034 2629 παραπλη-

2453 2657 2542 2722 ξία
2572 2657 2678 2710 τῶν
2720 2655 3019 2725 λογισμῶν,
3052 2659 3109 2709 εί
3131 2659 3261 2719 τοὺς
3291 2654 3754 2724 ὁμολογουμένους
3781 2652 4035 2704 καταλεί-

2451 2746 2653 2816 ψαντες
2684 2745 2870 2812 ἁγίους
2907 2744 3091 2807 αὐτοῖς
3124 2745 3336 2806 τούτοις
3368 2742 3827 2811 ἀκολουθήσομεν,
3865 2741 3914 2793 οἳ
3942 2740 4033 2793 διὰ

2454 2837 2746 2907 φιλαρχίαν
2778 2839 2872 2890 καὶ
2923 2837 2984 2890 τὸ
3036 2837 3110 2906 μὴ
3146 2836 3431 2906 βούλεσθαι
3465 2835 3534 2887 τὰ
3577 2836 3673 2902 τῆς
3712 2832 4032 2902 Ῥωμαῖκῆς

2464 2928 2792 2999 Ἑκκλησίας
2819 2929 3088 2981 ἀνέκαθεν
3120 2928 3386 2998 πρεσϐεῖα
3433 2927 3520 2980 διὰ
3551 2928 3770 2989 παντὸς,
3804 2927 3879 2984 ῶς
3907 2925 4030 2987 ἔθος

2450 3016 2538 3090 ἦν,
2570 3021 2864 3089 ἀπονέμειν
2895 3020 3031 3089 αὑτῇ
3071 3019 3396 3087 συγχέαντες
3427 3017 3496 3070 τε
3529 3018 3727 3080 πάντα,
3763 3017 3859 3069 καὶ
3896 3033 4031 3082 συγ-

2451 3113 2790 3181 κυκήσαντες
2820 3111 3012 3174 ἀδεῶς,
3046 3111 3323 3173 ἀντεῖπον,
3359 3111 3433 3171 ὡς
3470 3110 3544 3178 μὴ
3579 3109 3801 3177 ὤφελον,
3837 3109 3930 3159 καὶ
3952 3108 4029 3176 τῷ

775 3201 1012 3264 versale,
1050 3201 1349 3270 turbasque
1381 3201 1640 3256 omnibus
1675 3201 1986 3257 hominibus
2024 3215 2346 3256 communes

2451 3204 2569 3257 κατ’
2601 3203 2766 3273 ὀρθὴν
2814 3202 3060 3256 διάνοιαν
3117 3201 3217 3270 τῆς
3271 3199 3528 3263 εὑσεδοῦς
3572 3200 3728 3270 ημῶν
3784 3199 4030 3258 πίστεως

776 3303 1158 3360 procurantes,
1209 3302 1264 3348 et
1310 3303 1503 3348 contra
1555 3292 1688 3347 illud
1747 3303 2070 3363 pugnantes,
2133 3293 2341 3346 nullum

778 3382 939 3436 ﬁnem
971 3382 1245 3449 fecerunt,
1296 3385 1657 3440 absurdarum
1700 3385 2099 3440 sententiarum
2145 3400 2344 3440 causas

782 3474 1178 3546 contingentes,
1231 3476 1407 3530 donec
1425 3477 1726 3531 dissidium
1771 3477 1913 3532 inter
1935 3478 2131 3532 ambas
2161 3477 2346 3532 Eccle-

775 3569 909 3630 sias,
958 3568 1012 3620 in
1061 3568 1487 3623 destructionem
1537 3569 1752 3638 generis
1791 3571 1988 3637 nostri,
2025 3586 2105 3624 va:
2170 3572 2339 3625 mihi!

775 3659 1222 3724 alisseminarunt,
1281 3668 1334 3714 et
1381 3661 1678 3715 multorum
1713 3661 2007 3728 inscitiam,
2047 3663 2128 3717 vel
2165 3663 2343 3732 potius

775 3751 1088 3805 divinarum
1127 3751 1532 3822 Scripturarum
1585 3753 1984 3822 ignorationem
2025 3754 2096 3809 ad
2137 3755 2241 3810 hoc
2287 3755 2340 3808 iu

775 3843 1042 3898 auxilium
1097 3843 1203 3897 sibi
1260 3855 1649 3909 assumentes,
1697 3854 1751 3899 et
1808 3847 2012 3916 proprii
2076 3847 2341 3916 propositi

775 3937 958 3991 socias
1009 3936 1111 3990 sibi
1167 3936 1550 4007 adjungentes,
1614 3939 1776 4007 cujus
1839 3953 2026 4002 causa,
2093 3948 2154 3994 ut
2207 3939 2341 3993 mihi

776 4029 947 4098 probe
995 4028 1223 4091 suadeo.
1270 4030 1455 4086 onmia
1506 4044 1607 4083 nos
1659 4032 2010 4098 postmodum
2057 4032 2215 4085 noxia
2246 4031 2340 4085 illa

774 4134 1115 4190 Oppressere.
1174 4128 1235 4174 ut
1291 4121 1547 4175 delictum
1607 4122 1674 4175 ab
1731 4121 1860 4186 illis,
1913 4123 2008 4192 qui
2065 4131 2188 4176 ante
2239 4138 2341 4178 nos

776 4213 947 4279 luere,
991 4218 1250 4266 audacter
1297 4212 1350 4265 in
1397 4210 1608 4267 Numen
1658 4212 1986 4268 intentatum
2030 4214 2339 4267 vindicare-

775 4313 883 4359 tur.
941 4302 1269 4357 Dominandi
1334 4317 1498 4372 porro
1565 4303 1845 4360 libidinem
1897 4316 1949 4360 et
2007 4303 2339 4359 desiderium

775 4410 899 4451 sese
932 4410 1158 4464 prorsus
1195 4410 1228 4448 a
1259 4395 1466 4465 judicio
1501 4395 1647 4450 illius
1690 4396 1960 4451 esimendi
2001 4397 2340 4465 tempestatis

779 4488 945 4557 hujus
983 4502 1360 4556 sacrorumque
1391 4487 1652 4542 ﬁuctuum
1695 4503 1917 4544 causam
1949 4487 2144 4548 fuisse.
2172 4501 2340 4557 (ruam

2449 3292 2688 3362 ἐχομένῳ
2713 3293 2944 3361 δόγματι
2967 3292 3140 3358 τούτῳ
3165 3289 3460 3343 σκάνδαλον
3483 3290 3860 3356 οἱκουμενικίιν
3885 3305 4030 3352 παγ-

2448 3382 2672 3454 κόσμιόν
2701 3399 2758 3435 τε
2789 3382 3032 3451 ταραχὴν
3061 3380 3309 3434 ἐντεῦθεν
3347 3382 3890 3450 πραγματευόμενοι,
3930 3380 4030 3431 καὶ

2423 3476 2570 3529 ,κατ’
2627 3474 2791 3527 αὑτοῦ
2845 3472 3210 3541 πολεμοῦντες
3255 3473 3355 3525 οὑκ
3410 3471 3721 3525 ἐπαύσαντο
3769 3471 3839 3523 δι’
3901 3471 4028 3523 ξλου

2449 3568 2773 3627 πλάττοντες
2809 3565 2902 3617 καὶ
2936 3565 3262 3635 παραλόγων
3283 3565 3503 3618 ἐννοιῶν
3537 3565 3718 3616 τέλεον
3744 3566 4024 3631 ἀφορμὰς,

2447 3662 2548 3722 ἕως
2577 3653 2639 3713 οῦ
2672 3661 2873 3730 σχίσμα
2907 3659 3114 3728 μεταξὺ
3151 3659 3260 3712 τῶν
3306 3658 3635 3727 ἀμφοτέρων
3682 3656 4028 3723 Ἐκκλησιῶν

2445 3755 2532 3805 ἐπ’
2559 3752 2824 3823 ἀπωλείᾳ,
2857 3750 2993 3820 φεῦί
3032 3749 3126 3803 τοῦ
3169 3751 3356 3817 γένους
3390 3750 3548 3819 ἡμῶν
3580 3748 4023 3818 κατεπράξαντο.

2448 3846 2542 3898 καὶ
2570 3846 2669 3912 τὴν
2703 3843 2810 3895 τῶν
2845 3843 3056 3895 πολλῶν
3083 3841 3346 3911 ἀμαθίαν,
3375 3842 3408 3911 ἢ
3437 3842 3639 3910 μᾶλλον
3669 3840 3768 3910 τὴν
3800 3842 4027 3906 ἄγνοιαν

2445 3935 2543 4004 τὴν
2583 3931 2724 3986 κατὰ
2777 3933 2876 3995 τὰς
2932 3933 3084 3995 θείας
3135 3931 3357 4002 Γραφὰς
3402 3933 3694 4002 ἐπίκουρον
3731 3935 3810 3993 εἰς
3865 3929 4025 3984 τοῦτο

2447 4025 2883 4095 προσλαϐόμενοι
2913 4023 3006 4077 καλ⁸
3029 4025 3296 4093 συνεργὸν
3317 4022 3417 4090 τῆς
3443 4023 3651 4084 οἰκείας
3685 4021 4022 4091 προθέσεως,

2445 4117 2506 4170 οῦ
2537 4117 2717 4188 χάριν,
2755 4097 2828 4178 ὡς
2874 4115 3118 4182 ἀκριῦῶς
3151 4114 3476 4184 πέπεισμαι,
3515 4117 3608 4168 καὶ
3647 4120 3824 4167 παντα
3859 4116 4026 4166 κατέ-

2445 4207 2608 4260 λαϐεν
2639 4209 2789 4277 ἡμᾶς
2819 4207 3152 4278 μεθύστερον
3186 4209 3366 4260 ἐκεῖνα
3405 4207 3473 4259 τὰ
3524 4208 3736 4276 χαλεπᾶ
3766 4207 3903 4275 πρὸς
3939 4209 4027 4258 ὲκ-

2447 4314 2586 4350 τισιν
2615 4297 2708 4350 τοῦ
2740 4296 3176 4367 σκαιωρηθέντος
3205 4298 3316 4358 τοῖς
3346 4297 3450 4364 πρὸ
3470 4298 3502 4365 ὴ
3513 4295 3628 4364 μῶν
3659 4299 3868 4357 τούτοις
3901 4295 4022 4346 τολ·

2450 4387 2640 4457 μηρῶς
2675 4387 2754 4449 είς
2807 4388 2870 4440 τὸ
2907 4387 3062 4439 Θεῖον
3099 4387 3230 4438 αὑτὸ
3268 4386 3760 4454 πλημμελήματος.
3797 4385 3921 4438 Ὀτι
3967 4385 4025 4437 δέ

2445 4479 2708 4549 φιλαρχία
2746 4479 2841 4531 καὶ
2881 4479 2942 4530 τὸ
2976 4477 3263 4547 βούλεσθαι
3294 4478 3518 4539 τούτους
3551 4476 3829 4538 παντελῶς
3883 4479 4021 4530 ἁνα-

778 4591 831 4634 et
876 4581 1126 4646 specioso
1180 4578 1403 4634 nomine
1460 4579 1750 4644 adornant,
1801 4587 1860 4633 ut
1920 4579 2149 4647 posteris
2233 4593 2341 4632 non

2451 4573 2737 4641 νακρίτους
2786 4569 3054 4623 διατελεῖν
3087 4571 3185 4639 τῆς
3239 4569 3494 4637 τοιαύτης
3528 4571 3862 4637 ἐχρημάτισε
3909 4585 4028 4636 1;:-

781 4672 989 4741 absque
1033 4671 1246 4725 ratione
1276 4669 1485 4726 factum
1523 4680 1887 4740 reputaretur,
1925 4671 2088 4739 hujus
2118 4672 2345 4740 dogma-

781 4765 850 4818 tis
878 4761 1216 4817 eversionem
1242 4777 1366 4817 cum
1399 4763 1521 4818 aliis
1554 4764 1734 4818 noxiis
1765 4764 2006 4833 aggressi
2035 4774 2183 4826 sunt,
2221 4771 2346 4815 ante

782 4854 1048 4924 plurimos
1101 4869 1277 4908 annos
1330 4864 1491 4909 atate
1542 4854 1720 4909 Photii
1767 4855 2087 4923 patriarchae
2132 4853 2347 4907 facinus

782 4955 962 5010 atros,
992 4947 1255 5001 steutoris
1287 4948 1458 5002 instar
1505 4962 1696 5015 magna
1730 4962 1864 5002 voce
1911 4946 2116 5009 reboat,
2154 4945 2346 5000 diluci-

783 5039 958 5106 deque
999 5049 1418 5094 commonstrat.
1469 5040 1570 5092 Hic
1624 5040 1826 5093 etenim
1887 5053 1996 5091 non
2048 5038 2211 5091 aliam
2276 5038 2347 5089 ob

784 5144 1003 5184 causam
1052 5130 1216 5200 primi
1260 5131 1573 5186 schismatis
1613 5139 1807 5185 auctor
1836 5130 2037 5191 factus,
2091 5138 2147 5183 et
2180 5128 2344 5184 simili

785 5220 1027 5289 dogmati
1059 5235 1182 5274 cum
1220 5220 1343 5274 aliis
1371 5235 1470 5289 pro
1503 5219 1711 5274 viribus
1761 5219 2172 5283 contradicens,
2218 5232 2345 5272 cum

784 5326 974 5366 eorum
1015 5311 1082 5367 de
1111 5312 1312 5382 quibus
1342 5327 1375 5366 a
1416 5311 1662 5367 Romana
1690 5309 1933 5366 Ecclesia
1957 5308 2344 5371 accusabatur,

785 5419 906 5472 qua:
949 5403 1038 5459 ille
1085 5413 1243 5459 antea
1286 5399 1343 5458 in
1378 5403 1525 5458 illam
1560 5405 1928 5464 commiserat,
1967 5403 2033 5456 ad
2071 5401 2345 5456 Constan-

786 5497 1204 5565 tinopolitanum
1263 5496 1563 5550 maximum
1629 5497 1882 5550 thronum
1941 5494 2343 5560 obtinendum,

783 5589 891 5644 ﬁne
936 5589 1122 5644 litibus
1169 5590 1350 5658 posito
1407 5591 1620 5643 veniam
1677 5587 2036 5647 obtinuisset.
2090 5595 2146 5641 et
2196 5597 2344 5655 post-

780 5682 1002 5736 modum
1034 5683 1373 5752 heniguitate
1405 5683 1698 5751 praesulum
1749 5679 2030 5749 propriam
2067 5679 2118 5731 in
2157 5680 2339 5732 sedun

781 5771 1070 5827 restitutus
1102 5772 1314 5839 fuisset,
1347 5774 1604 5828 omnibus
1650 5772 1869 5825 silentio
1921 5768 2201 5834 involutis,
2235 5783 2336 5823 nec

778 5862 893 5918 ullo
947 5864 1015 5918 de
1069 5863 1323 5934 dogmate
1376 5865 1541 5920 simili
1595 5876 1848 5918 sermone
1910 5863 2131 5928 habito,
2191 5863 2341 5917 omni

2453 4664 2652 4731 κυμίας
2687 4663 2780 4716 καὶ
2810 4660 2904 4713 τοῦ
2938 4660 3209 4722 κλύδωνος
3233 4659 3326 4712 τοῦ
3358 4661 3600 4712 τοιούτου
3635 4661 3696 4711 το
3730 4661 3923 4717 αἴτιον,
3969 4659 4027 4722 ἐξ

2451 4751 2528 4810 ὧν
2560 4754 2698 4807 κατὰ
2735 4755 3009 4821 πρόφασιν
3037 4753 3288 4822 εὐπρεπῆ
3313 4751 3496 4822 δῆθεν,
3525 4751 3933 4818 εὐαπολόγητον
3965 4769 4023 4804 τε

2450 4850 2562 4911 τοῖς
2593 4847 2710 4917 μετ’
2740 4847 2959 4910 αὐτοὺς,
2985 4845 3080 4898 καὶ
3104 4845 3238 4915 πρὸς
3270 4844 3369 4914 τὴν
3394 4844 3489 4896 τοῦ
3520 4847 3782 4910 παρόντος
3816 4845 4022 4913 δόγμαο

2450 4957 2538 5001 τος
2572 4939 2886 5009 ἀνατροπὴν
2927 4938 3025 4990 σὺν
3056 4939 3165 4999 τοῖς
3195 4936 3373 4998 ἄλλοις
3408 4938 3598 4998 κακοῖς
3640 4935 3928 5005 ὥρμησαν,
3966 4938 4027 4990 τὶ

2453 5031 2664 5099 συμϐὰν
2688 5031 2782 5082 ἐπὶ
2809 5031 3015 5082 θωτίου
3048 5028 3143 5082 τοῦ
3168 5028 3704 5099 πατριαρχεύσαντος
3735 5031 3839 5096 πρὸ
3867 5031 4022 5081 πλείο

2453 5140 2593 5176 στων
2622 5121 2762 5175 ἐτῶν
2794 5121 3080 5189 στέντορος
3129 5119 3288 5187 δίκην
3336 5122 3540 5188 ἀναϐοᾷ
3593 5120 4022 5188 μεγαλοφὼνως,

2451 5217 2545 5268 καὶ
2577 5213 2850 5284 λαμπρῶς
2889 5212 3182 5265 δείκνυσιν.
3218 5213 3388 5274 Οοτος
3436 5214 3529 5265 καὶ
3571 5211 3678 5282 γὰρ
3731 5211 3818 5264 διὰ
3848 5211 4025 5264 ταῦτα

2448 5307 2740 5376 γενόμενος
2789 5304 2887 5356 τοῦ
2919 5303 3138 5374 πρώτου
3191 5306 3490 5373 σχίσματος
3521 5305 3782 5373 ἀρχηγὸς,
3819 5305 3913 5355 καὶ
3943 5304 4019 5372 τῷ

2447 5398 2677 5466 τοιούτῳ
2724 5396 2956 5465 δόγματι
3013 5395 3151 5465 μετὰ
3183 5396 3292 5448 τῶν
3341 5394 3517 5448 ἀλλων
3556 5397 3825 5448 ἀντειπὼν
3872 5398 4018 5448 κατὰ

2445 5489 2695 5558 δύναμιν,
2728 5469 2959 5557 ἐπείπερ
2991 5485 3076 5554 ἐφ’
3111 5481 3191 5549 οἷς
3224 5486 3531 5538 ἐνεκαλεῖτο
3563 5487 3711 5555 παρὰ
3733 5486 3835 5554 τῆς
3876 5485 4018 5538 Ῥω-

2453 5581 2652 5649 μαῖκῆς
2691 5576 3018 5644 Ἐκκλησίας
3049 5575 3484 5646 διαπραξάμενος
3512 5579 3587 5637 εἰς
3619 5578 3707 5627 τὸν
3735 5577 3829 5643 τῆς
3863 5575 4022 5628 Κων-

2449 5671 2729 5724 σταντίνου
2769 5669 3023 5738 μέγιστον
3061 5667 3250 5737 θρόνον
3277 5669 3336 5719 τὸ
3371 5668 3500 5737 πρὶν
3541 5666 3871 5737 συγγνώμης
3895 5669 4021 5719 έτυο

2446 5783 2575 5836 χεν,
2617 5765 2674 5816 ἐν
2738 5764 2986 5834 ὑστέροις
3049 5761 3107 5827 ἐξ
3164 5764 3333 5832 αὑτῆς
3394 5762 3637 5833 ταύτης,
3717 5765 3810 5816 καὶ
3876 5765 4023 5815 κατιδ-

2452 5855 2860 5925 συγκατὰϐασιν
2916 5855 3230 5925 ἀρχιερεῦσι
3273 5856 3653 5926 προσήκουσαν
3706 5854 4020 5924 παραδοχῆς
