4206 6452
242 428 382 490 1265

1093 430 1189 490 DE
1230 430 1744 493 I‘RCCESSIONE
1784 436 1845 495 ὃ.
1882 436 2240 496 SPllllTUS
2278 435 2499 494 ORA'].
2547 432 2627 493 Ii.

3376 425 3510 488 1266

238 539 599 607 κατηξίωται.
659 540 975 593 καταλιπὼνΔ
1012 540 1077 593 τὲι
1131 542 1328 607 πάντα,
1388 543 1482 596 καὶ
1534 545 1668 615 μηδὲ
1704 545 1833 611 περὶ

1937 554 2135 602 conatu
2166 561 2230 601 ac
2261 546 2453 600 sedulo
2485 544 2669 601 studio
2700 543 2767 597 ad
2798 542 2978 597 fmdus
3029 540 3177 597 illico
3214 552 3509 608 pacemque

236 628 333 683 τοῦ
373 632 645 698 δόγματος
672 633 862 685 τούτου
886 631 1255 702 ποιησάμενος
1289 634 1446 702 λόγον
1483 637 1629 703 τινὰ,
1660 636 1828 710 Ιπάσῃ

238 724 452 792 σπουδῇ
491 724 585 776 καὶ
614 723 891 795 προθυμίᾳ
936 724 1072 795 πρὸς
1106 725 1204 794 τὴν
1254 726 1599 798 καταλλαγὴν
1634 728 1829 799 ἀθρόον

239 818 335 867 καὶ
360 816 461 885 τὴν
484 817 708 887 είρήνην
732 816 998 889 ἐχώρησε.
1025 819 1132 875 Καὶ
1159 820 1571 892 παρατρέχωτά
1598 827 1718 893 μετ’
1742 825 1827 877 ai-

239 908 370 971 δοῦς
416 909 514 962 καὶ
560 908 902 978 σεϐάσματος
934 911 1073 983 πρὸς
1109 913 1200 964 τὸν
1247 914 1507 982 τηνικάδε
1561 915 1827 985 πρόεδρον

239 996 340 1049 τοῦ
372 996 738 1051 ἀποστολικοῦ
778 998 967 1069 Θρόνου
1016 1000 1323 1071 γράμματα
1367 1002 1558 1056 τούτου
1608 1005 1705 1059 καὶ
1730 1005 1829 1069 τὰς

242 1087 564 1153 ἐπιστολὰς,
601 1088 727 1141 ἔνθα
784 1090 985 1159 πολλὴν
1014 1090 1207 1163 ἐκείνῳ
1258 1098 1697 1165 προσμαρτυρῶν
1729 1096 1828 1168 τὴν

245 1178 587 1249 ἁγιωσύνην,
625 1180 863 1249 συνεχῶς
911 1181 1170 1250 εὔχεσθαι
1214 1184 1305 1236 καὶ
1342 1186 1483 1256 ὑπὲρ
1519 1187 1681 1240 αὑτοῦ
1714 1189 1823 1240 δέε-

243 1285 356 1330 ται,
396 1268 578 1331 καθὼς
616 1274 730 1332 τοῖς
778 1272 1085 1339 φιλοπόνοις
1137 1274 1452 1345 ἐξήτασται.
1504 1276 1696 1332 Καίτοι
1726 1280 1828 1331 πού

244 1358 462 1411 δίκαιον
520 1360 792 1413 συνελθεῖν
850 1363 1163 1433 ἀνθρώποις
1213 1366 1375 1419 αὐτὸν
1432 1368 1491 1419 ἐν
1548 1368 1830 1431 εὐσεϐείας

246 1452 684 1521 προσπταίουσιν
733 1454 867 1517 ὅλως
917 1456 1165 1527 δόγματι,
1223 1457 1296 1528 μὴ
1351 1458 1509 1511 τοῦτο
1567 1461 1830 1531 πρότερον

248 1544 719 1614 ἀποϐαλλομένοις
756 1547 938 1609 καλῶς
971 1548 1065 1601 καὶ
1114 1550 1211 1619 τὴν
1254 1551 1464 1621 αἵρεσιν
1495 1552 1673 1605 αὐτῶν
1702 1553 1833 1606 ἀνα-

249 1636 583 1707 οεματίσασι
612 1654 627 1705 ;
658 1639 767 1692 Καὶ
809 1639 917 1709 μὴν
948 1640 1059 1693 οὐδ’
1089 1640 1198 1711 ἔχει
1223 1659 1305 1706 τις
1338 1642 1505 1708 δεῖξαι
1537 1644 1709 1698 πολλά
1734 1662 1832 1711 μο-

250 1730 433 1798 γήσας
465 1732 585 1784 κατ’
619 1730 849 1801 ἔρευναν
878 1733 972 1785 καὶ
1004 1733 1219 1803 καμὼν,
1245 1736 1320 1799 ὡς
1364 1736 1647 1807 διόρθωσιν
1676 1732 1833 1802 οὗτός

249 1838 378 1875 τινα.
404 1822 498 1876 τοῦ
530 1823 848 1894 σφάλματος
878 1826 1087 1879 ἐκεῖθεν
1112 1828 1417 1899 ἀπῄτησεν,
1442 1829 1564 1882 οὔτε
1591 1830 1831 1883 λίϐελλον

249 1914 460 1985 δηλαδὴ
487 1916 725 1981 πίστεως
754 1918 1033 1985 εύσεόοὖς,
1056 1918 1179 1973 οὗτε
1212 1922 1271 1974 τὸ
1306 1922 1642 1993 βραχύτατον
1674 1925 1836 1993 ψιλὴν
1872 1902 1911 1956 Β

250 2009 358 2063 κᾶν
395 2009 692 2080 ὑπόσχεσιν
718 2026 733 2042 ’
764 2013 846 2067 ὅτι
872 2013 930 2067 δι
976 2016 1145 2085 μόνην
1172 2016 1269 2087 τὴν
1301 2017 1643 2089 καταλλαγὴν
1678 2019 1836 2089 ἔσχεν

251 2102 461 2171 εὑρεῖν,
495 2104 1076 2178 ἀπολυπραγμονήτως
1118 2108 1281 2173 εὐθὺς
1314 2111 1518 2180 ταύτην
1564 2113 1834 2184 ἥρπασεν.

249 2193 415 2247 Οὕτω
460 2195 665 2261 Φάκιος
695 2200 723 2251 ὁ
776 2215 872 2251 του
912 2198 1131 2271 πρώτου
1177 2201 1475 2271 σχίσματος
1511 2204 1772 2274 ἀρχηγὸς,
1808 2207 1837 2257 ό

254 2288 470 2341 τούτων
501 2290 644 2345 κατά
698 2291 832 2344 πολὺ
876 2293 943 2345 τά
972 2295 1029 2356 ἐς
1076 2294 1268 2363 λόγους
1318 2294 1646 2367 σοφώτερος,
1700 2297 1838 2367 πρὸς

254 2379 397 2448 ἔριν,
431 2382 491 2434 οὐ
519 2384 656 2453 πρὸς
694 2384 952 2455 ἀλήο-ιαν
985 2385 1182 2439 οὔκουν
1215 2388 1580 2454 ούδοπωσοῦν,
1613 2391 1836 2443 ἀντεῖπε

252 2472 354 2525 καὶ
379 2473 460 2543 τῷ
490 2476 672 2533 καλῶς
704 2477 882 2547 ἔχοντι
928 2479 1105 2549 τούτῳ
1139 2480 1392 2551 δόγματι.
1426 2482 1538 2551 Τῆς
1568 2482 1696 2550 γοῦν
1735 2499 1840 2535 τοι-

253 2566 431 2636 αὐτης
449 2567 635 2621 ἕνεκεν
660 2570 839 2633 αἰτίας
864 2572 955 2624 καὶ
980 2572 1029 2626 οί
1060 2575 1178 2643 μετ’
1202 2575 1363 2629 αὑτὸν
1386 2576 1600 2647 χρόνοις
1623 2578 1839 2645 συχνοῖς

252 2654 426 2725 οὗτοι,
463 2660 589 2730 περὶ
640 2655 713 2715 ὧν
745 2662 869 2730 ἄρτι
920 2664 1123 2735 φαμὲν,
1156 2668 1255 2738 τὴν
1301 2669 1431 2739 μίαν
1474 2670 1838 2741 ἀποστολικὴν

256 2752 425 2819 ἁγίαν
460 2755 551 2806 καὶ
588 2754 881 2826 καθολικὴν
924 2757 1250 2829 Ἐκκλησίαν
1291 2760 1602 2833 διέρρηξαν,
1638 2762 1732 2816 καὶ
1761 2764 1840 2825 εἰς

255 2845 406 2912 μέρη
426 2847 742 2916 κατέτεμον,
767 2847 957 2915 λόγους
987 2853 1231 2920 μακροὺς
1258 2853 1564 2921 ὲκοέμενοι,
1590 2854 1685 2907 καὶ
1710 2854 1839 2907 πολ-

257 2936 391 2999 λοὺς
416 2939 550 3005 μετὰ
575 2937 683 2990 τῶν
712 2940 887 2994 ἄλλων
918 2944 1122 3007 κακῶν,
1160 2945 1256 2997 καὶ
1281 2946 1421 2999 κατά
1443 2946 1539 2999 τοῦ
1571 2946 1839 3017 παρόντος

260 3030 403 3096 πρὸς
434 3027 713 3082 εὐσέϐειαν
737 3032 1012 3099 ἀσφαλοῦς
1039 3034 1331 3105 δόγματος,
1373 3034 1452 3099 οἷς
1488 3039 1618 3101 ῖσως
1641 3038 1671 3089 ό
1706 3038 1838 3101 Θεὸς

256 3120 356 3171 τοῦ
391 3121 740 3190 ἐγκλήματος
770 3124 862 3175 καὶ
899 3125 1117 3189 τούτοις
1146 3128 1428 3190 ἀποδιδοὺς
1458 3128 1561 3199 τῆς
1604 3130 1838 3194 ἀτοπίας

253 3214 572 3280 ἀνεν;γκεῖν
598 3215 801 3283 ταύτης
836 3216 1035 3279 αὐτοὺς
1080 3219 1179 3272 οὐκ
1218 3220 1523 3291 ηὐδόκησεν
1547 3236 1561 3251 “
1588 3222 1669 3275 ὅτι
1702 3221 1836 3293 μηδὲ

256 3306 589 3359 κλέπτεσθαι
639 3309 899 3373 πολλάκις
938 3312 1103 3379 φιλεῖ,
1135 3311 1239 3366 κᾶν
1270 3314 1319 3365 εί
1367 3313 1676 3385 καθέστηκε
1715 3314 1836 3369 λίαν

264 3402 665 3473 φιλάνθρωπος.
695 3406 770 3457 Ού
800 3406 943 3474 λέγω
986 3406 1041 3459 δὲ
1074 3406 1282 3472 πάντας
1312 3407 1439 3471 τοὺς
1461 3409 1598 3463 κατὰ
1625 3408 1717 3462 τδν
1743 3408 1836 3463 τοῦ

259 3496 562 3565 σχίσματος
592 3498 751 3561 ὄντας
780 3498 987 3568 καιρὸν,
1023 3498 1322 3570 ἐπειδήπερ
1361 3500 1483 3553 οὐδὲ
1513 3504 1838 3572 κατηγορεῖν

258 3591 482 3642 πάντων
510 3590 575 3661 δὴ
610 3590 817 3643 τούτων
845 3592 1019 3657 ἀξιον.
1060 3592 1184 3645 Elui
1207 3594 1315 3664 γάρ
1343 3610 1508 3659 τινες,
1538 3596 1697 3661 εἰσὶν,
1721 3596 1837 3663 οἵγε

255 3682 355 3735 τοῦ
386 3682 507 3735 κατ’
538 3684 737 3747 αὐτοὺς
772 3684 976 3748 πάθους
1002 3685 1266 3756 ἀνώτεροι
1310 3686 1567 3755 φανέντες
1605 3691 1681 3751 ὡς
1710 3688 1839 3758 ἀλη-

253 3774 385 3837 θῶς.
426 3774 505 3844 τῷ
530 3776 756 3847 τοιούτῳ
788 3778 1017 3847 δόγματι
1054 3779 1417 3849 συνηγοροῦσι
1451 3779 1733 3851 κραταιῶς
1778 3782 1835 3834 ὲν

258 3866 534 3935 διαφόροις
567 3867 747 3920 αὐτῶν
794 3871 1243 3938 συγγράμμασιν,
1276 3871 1324 3923 οἱ
1375 3871 1474 3940 μὲν
1504 3870 1838 3942 ἀπερικαλύ-

255 3977 410 4020 πτως
438 3960 529 4011 καὶ
564 3960 814 4031 φανερῶς
845 3962 939 4015 ita
973 3962 1331 4033 τυγχάνονῑες
1360 3963 1495 4027 ὅλως
1523 3964 1616 4017 τοῦ
1664 3964 1837 4018 Ilvati-

258 4067 454 4120 ματος,
506 4052 555 4103 οί
605 4052 662 4104 δὲ
704 4054 1201 4120 συνεσκιασμένως,
1253 4056 1429 4108 είπεῖν
1482 4056 1539 4109 δὲ
1595 4056 1833 4123 κάλλιον,

252 4145 634 4213 οἰκονομικῶς,
670 4142 757 4197 οἷα
801 4147 895 4199 καὶ
934 4147 1087 4199 αὐτοὶ
1118 4147 1289 4210 πάθος
1336 4146 1694 4218 ἀνθρώπινον,
1726 4148 1836 4201 δει-

253 4234 377 4289 λίαν
407 4236 571 4305 φημὶ,
620 4237 941 4307 πάσχοντες.
977 4240 1094 4292 Ὶνα
1139 4239 1196 4292 δὲ
1228 4239 1686 4309 παραδηλώσαιμι
1733 4238 1836 4293 πᾶα

258 4343 344 4377 σιν
372 4330 505 4396 ἡμῖν
539 4329 633 4381 καὶ
673 4331 775 4394 τὴν
802 4330 1119 4396 οἰκονομίαν
1158 4330 1351 4401 αὐτὴν,
1382 4332 1440 4383 ὲν
1484 4333 1836 4401 προσχήματι

254 4419 506 4486 δαλόγου
536 4421 1005 4492 παρῤησιάζονται
1046 4425 1261 4493 τρανῶς
1307 4425 1407 4494 τὴν
1435 4425 1711 4495 ἀλήθειαν,
1742 4426 1837 4490 οὓς

256 4513 600 4583 ἀμφοτέρους
635 4512 731 4565 ἴδοι
756 4529 839 4575 τις
868 4514 935 4567 ἂν
964 4516 1027 4567 ὲκ
1057 4515 1165 4568 τῶν
1195 4513 1570 4569 θεοπνεύστων
1600 4516 1835 4587 Γραφῶν

1864 3263 1906 3320 C

1936 640 2205 695 cucurrit.
2245 637 2311 691 Et
2353 648 2618 707 prmtereo
2650 651 2789 707 quas
2831 634 2919 690 ille
2969 641 3294 689 reverenter
3318 630 3513 686 admo~

1936 729 2065 785 dum
2114 730 2500 797 submissoque
2532 737 2645 782 tum
2681 726 2747 781 ad
2785 724 3099 795 apostolicae
3129 723 3276 778 sedis
3323 722 3510 792 praesi-

1934 822 2058 879 dem
2099 822 2360 890 epistolas
2387 820 2702 889 scriptaque
2734 817 2903 880 dedit,
2949 815 3041 870 ubi
3097 814 3324 869 multam
3363 813 3512 867 illius

1935 916 2278 972 sanctitatem
2335 920 2679 976 contestans,
2728 921 2788 966 ut
2820 912 2887 965 de
2929 924 2997 964 eo
3031 922 3223 978 preces
3271 905 3513 961 ell‘undat

1938 1009 2223 1071 continue,
2260 1005 2553 1077 supplicat,
2587 1002 2749 1058 sicuti
2777 1003 2847 1057 ab
2874 1000 3161 1056 industriis
3197 999 3515 1053 hominibus

1936 1094 2309 1149 examinatum
2359 1102 2462 1149 est.
2505 1091 2570 1147 Et
2616 1101 2799 1147 tamen
2842 1106 2952 1161 quo
2997 1090 3119 1160 jure
3170 1090 3261 1145 illc
3303 1098 3511 1159 poterat

1938 1202 2063 1244 cum
2151 1185 2466 1241 hominibus
2548 1186 2601 1240 in
2678 1184 2901 1254 pietatis
2962 1184 3213 1252 dogmate
3289 1198 3509 1252 prorsus

1933 1277 2328 1336 abc‘rrantibus
2367 1276 2682 1343 convenire,
2736 1275 2790 1329 ni
2840 1275 2993 1344 prius
3040 1273 3170 1327 illud
3218 1274 3385 1342 probe
3430 1290 3514 1327 re-

1934 1370 2223 1437 jccissmt,
2266 1379 2323 1423 et
2357 1367 2608 1422 ba'resim
2643 1368 2920 1436 propriam
2950 1365 3286 1419 anathemati
3330 1364 3516 1433 subje-

1936 1463 2188 1518 cisscnt?
2247 1471 2297 1516 et
2356 1460 2721 1514 nihilominus
2778 1461 2906 1513 licet
2950 1459 3223 1527 quispiam
3279 1458 3511 1511 multum

1932 1555 2264 1610 laboraverit
2313 1563 2365 1609 et
2414 1551 2778 1622 perquirendo
2824 1550 3174 1613 delassetur,
3236 1565 3511 1619 nunquam

1934 1647 2169 1717 reperiet
2214 1661 2339 1699 eum
2392 1645 2631 1715 aliquam
2686 1644 2892 1698 erroris
2939 1643 3343 1698 correctionem
3392 1642 3515 1695 inde

1934 1740 2350 1809 espostnlasse,
2407 1753 2583 1809 neque
2640 1736 2883 1791 libellum
2940 1736 3043 1804 piro
3109 1734 3274 1796 fidei,
3342 1748 3518 1803 neque

1936 1828 2084 1898 quod
2137 1828 2427 1883 minimum
2473 1836 2592 1880 erat
2643 1824 2847 1880 nudam
2900 1826 2977 1879 rei
3010 1825 3514 1895 pollicitationem:

1941 1921 2033 1976 sed
2092 1920 2211 1975 sola
2272 1916 2726 1973 reconciliatione
2794 1917 3061 1981 obtenta,
3143 1916 3283 1969 citra
3348 1914 3515 1968 ullum

1940 2028 2169 2067 examen
2220 2010 2404 2065 statim
2458 2008 2605 2063 illam
2652 2008 2908 2078 arripuit.
2963 2006 3054 2061 Sic
3098 2004 3323 2060 Pbotius
3356 2006 3517 2075 primi

1939 2104 2253 2162 Schismatis
2310 2112 2507 2157 auctor
2588 2102 2743 2156 hisce
2790 2100 2984 2165 multo,
3039 2099 3083 2154 si
3132 2098 3347 2153 dicendi
3404 2097 3512 2153 vim

1941 2197 2284 2259 consideres,
2335 2194 2662 2266 sapientior,
2700 2193 3052 2249 Contentione
3093 2206 3157 2245 ac
3210 2190 3515 2257 simultate,

1940 2306 2049 2346 non
2087 2289 2339 2345 veritatis
2382 2303 2570 2343 amore
2629 2292 2741 2341 ulto
2786 2285 2975 2350 modo,
3020 2286 3155 2339 bene
3208 2299 3267 2338 se
3298 2284 3515 2337 habenti

1947 2383 2077 2437 huic
2107 2380 2351 2451 dogmati
2382 2379 2606 2435 restitit.
2653 2379 2807 2434 lianc
2848 2377 3015 2448 igitur
3060 2380 3128 2431 ob
3173 2390 3399 2429 causam
3425 2375 3516 2442 qui

1939 2493 2063 2533 eum
2108 2473 2461 2547 postmodum
2510 2471 2793 2528 subsecuti
2855 2479 2986 2525 sunt
3034 2472 3240 2524 mullos
3270 2480 3389 2538 post
3423 2483 3511 2521 οπ-

1942 2585 2068 2633 nos,
2124 2568 2193 2624 de
2250 2567 2453 2637 quibus
2507 2581 2656 2621 nunc
2716 2565 3016 2634 loquimur,
3053 2580 3217 2617 unam
3271 2572 3512 2617 sanctam

1941 2660 2271 2718 catholicam
2307 2669 2361 2715 et
2405 2657 2763 2729 apostolicam
2811 2655 3113 2710 Ecclesium
3152 2655 3514 2709 disciderunt.

1939 2764 1995 2811 et
2038 2755 2094 2810 in
2141 2761 2323 2824 partes
2359 2752 2793 2818 discerpserunt,
2826 2748 3040 2803 diffusis
3074 2746 3371 2819 multisque
3411 2760 3519 2813 pra-

1940 2847 2064 2903 aliis
2147 2845 2345 2909 malis,
2431 2851 2623 2898 contza
2691 2852 2868 2897 tntum
2956 2840 3064 2895 hoc
3149 2854 3520 2908 securumque

1939 2942 2138 3008 dogma
2171 2938 2496 2993 tractatibus
2540 2935 2721 3000 editis,
2759 2934 2961 3005 quibus
3007 2933 3240 2988 fortasse
3274 2932 3416 2987 Deus
3448 2943 3517 2986 ot.

1941 3032 2049 3086 hoc
2105 3033 2313 3085 crimen
2374 3040 2577 3084 temere
2629 3037 2896 3080 trutatum
2963 3027 3273 3081 retribuens
3327 3040 3519 3095 poenas

1943 3123 2189 3193 infligere
2244 3138 2353 3177 non
2417 3121 2510 3177 diu
2564 3120 2812 3182 distulit;
2868 3134 3045 3189 neque
3092 3118 3235 3175 enim
3299 3118 3514 3188 culpam

1940 3217 2221 3272 remittere
2266 3215 2573 3285 smpissime
2625 3214 2787 3276 solet,
2836 3212 2965 3268 licet
3008 3212 3385 3283 perhumanus
3423 3212 3515 3266 sit.

1944 3308 2133 3379 Neque
2182 3308 2248 3363 de
2295 3307 2555 3362 omnibus
2596 3306 2818 3375 loquor,
2854 3306 2947 3374 qui
3005 3305 3324 3361 schismatis
3382 3314 3503 3357 tem-

1942 3416 2073 3472 pore
2103 3398 2357 3465 fuerunt,
2400 3413 2525 3453 cum
2559 3398 2666 3452 illis
2697 3398 2955 3453 omnibus
2986 3397 3197 3453 crimen
3224 3396 3517 3468 appingere

1940 3512 2123 3567 neque
2177 3495 2479 3559 decorum,
2541 3508 2717 3564 neque
2762 3493 2971 3562 justum
3022 3503 3126 3548 est.
3185 3494 3338 3548 Sunt
3369 3496 3514 3549 enim

1939 3590 2185 3661 quidam,
2239 3598 2370 3643 sunt
2400 3589 2582 3657 plane,
2616 3587 2709 3659 qui
2744 3586 2911 3642 simili
2962 3585 3160 3641 aﬂectu
3204 3588 3511 3657 superiores

1939 3698 2102 3755 quam
2134 3683 2421 3738 verissime
2448 3680 2601 3747 facti,
2639 3680 2806 3750 hujus
2833 3680 3109 3752 dogmatis
3145 3681 3319 3736 valide
3351 3682 3517 3734 variis

1940 3778 2059 3832 suis
2084 3775 2483 3847 scriptionibus
2514 3773 2886 3845 patrocinium
2925 3772 3254 3843 suscipiunt,
3293 3773 3515 3842 quidam

1939 3869 2118 3924 nalam
2175 3878 2473 3938 aperteque
2531 3876 2795 3937 tanquam
2844 3867 2936 3937 qui
3002 3882 3235 3937 prorsus
3288 3866 3516 3937 Spiritui

1939 3962 2297 4025 addicuntur,
2350 3959 2576 4030 quidam
2630 3959 2995 4023 subobscure,
3040 3960 3122 4014 vel
3185 3970 3244 4015 ut
3313 3960 3513 4015 clarius

1940 4055 2141 4118 dicam,
2185 4054 2418 4125 tempori
2465 4069 2588 4110 sese
2621 4054 2874 4109 humanae
2913 4054 3038 4108 vitae
3080 4053 3376 4123 fragilitate
3425 4069 3518 4108 ac—

1939 4147 2375 4204 commodantes.
2414 4146 2488 4203 Ut
2515 4160 2645 4202 vero
2694 4146 2852 4201 vobis
2901 4147 3157 4201 omnibus
3188 4148 3361 4214 ipsam
3395 4160 3517 4201 sese

1938 4238 2389 4295 accommodandi
2447 4237 2680 4308 tempori
2738 4237 3008 4291 rationem
3069 4236 3354 4305 aperiam,
3412 4236 3515 4288 sub

1939 4332 2121 4400 specie
2151 4330 2352 4401 dialogi
2389 4330 2682 4400 perspicue
2710 4328 2993 4399 publicant
3025 4328 3337 4390 veritatem,
3374 4343 3516 4397 quos

1938 4431 2204 4493 utrosque
2240 4422 2514 4491 quispiam
2554 4436 2619 4474 es
2651 4420 2914 4475 divinitus
2948 4420 3232 4487 inspiratis
3274 4418 3517 4484 Scriptu-

1938 4516 2017 4571 ris
2074 4515 2182 4569 hoc
2240 4514 2435 4580 dogma
2505 4513 2956 4567 demonstrantes
3014 4520 3067 4561 et.
3122 4510 3513 4563 continuantes

251 4603 711 4668 ἀποδεικνύοντας
752 4605 884 4658 αὐτὸ
919 4607 979 4658 τὸ
1015 4606 1193 4672 δόγμα
1243 4607 1339 4659 καὶ
1387 4608 1828 4669 συνιστάνοντας.

1939 4608 2309 4677 conspexerit.
2345 4606 2449 4671 Qui
2478 4620 2609 4659 vero
2646 4620 2712 4659 ex
2745 4604 3047 4659 schismate
3071 4613 3201 4657 sunt
3238 4604 3513 4657 contraria

251 4698 315 4749 υἱ
350 4697 406 4749 δέ
456 4714 518 4761 γε
550 4696 644 4749 τοῦ
700 4698 1000 4767 σχίσματος
1056 4698 1365 4752 τούναντίον
1409 4699 1832 4769 διαπράττονται

254 4790 385 4853 πᾶν,
416 4792 477 4840 ὲκ
521 4790 620 4857 τῆς
677 4787 884 4850 κοιλίας
930 4788 1106 4842 αύτῶν
1136 4791 1233 4853 τὰς
1270 4790 1578 4858 ἀντιλογίας
1627 4792 1833 4861 προφέ-

252 4898 462 4950 ρουσιν,
499 4880 706 4942 οἰκείας
732 4879 1057 4944 πλάττοντες
1086 4881 1178 4933 ἐπὶ
1202 4880 1303 4951 τῆς
1328 4882 1607 4950 Θεολογίας
1634 4884 1826 4953 ἀρχάς,

252 4976 362 5025 κάκ
393 4972 596 5025 τούτων
648 4974 727 5035 είς
757 4972 933 5027 ἄτοπα
964 4972 1134 5026 πολλά
1181 4973 1273 5027 τὸν
1314 4974 1471 5042 λόγον
1503 4975 1830 5043 ἀπάγοντες.

252 5065 377 5124 Τοῖς
410 5062 670 5123 τοιούτοις
706 5061 1001 5133 τοιγαροῦν
1031 5062 1370 5133 προσέξομεν
1400 5064 1560 5134 ἡμεῖς
1606 5064 1831 5134 ὲρευγου

252 5156 439 5225 μένοις
474 5155 569 5223 ἀφ’
606 5156 838 5217 ἑαυτῶν,
872 5154 1137 5221 παρέντες
1179 5156 1305 5216 τοὺς
1338 5157 1551 5219 κοινοὺς
1584 5156 1829 5225 Πατέρας

250 5243 411 5312 ἡμῶν
446 5244 571 5305 τοὺς
602 5241 1010 5312 φθεγγομένους
1046 5241 1187 5311 μετά
1217 5241 1312 5295 τοῦ
1343 5244 1693 5315 Πνεύματος;
1736 5246 1827 5316 Μὴ

249 5334 385 5402 πρὸς
414 5333 513 5402 τῆς
543 5333 776 5395 ἐλπίδος,
808 5332 874 5402 ἢν
914 5332 1227 5402 ἐλπίζομεν,
1273 5333 1533 5398 δυσωπῶ,
1562 5335 1700 5405 πρὸς
1728 5336 1827 5404 τῆς

247 5424 503 5495 Τριάδος,
553 5424 613 5475 τὸ
649 5424 907 5493 μέγιστον
956 5418 1387 5496 ᾖλατρεύομενθ
1445 5428 1518 5496 ιιὴ
1556 5427 1687 5498 περὶ
1729 5429 1827 5497 τὴν

248 5515 449 5585 εὐχερῆ
488 5513 692 5585 ταύτην
724 5513 983 5585 ἐπιλογὴν
1016 5515 1159 5567 οὕτω
1198 5514 1484 5585 γενώμεθα
1520 5520 1679 5569 κακοὶ
1712 5517 1829 5571 διας

247 5612 554 5681 γνώμονες,
585 5611 659 5672 ὡς
685 5612 974 5680 προκρῖναι
1003 5612 1129 5673 τοὺς
1151 5614 1403 5679 γηγενεῖς
1434 5613 1539 5663 τῶν
1572 5614 1828 5682 ἄντικρυς

247 5704 517 5773 οὐρανίων
550 5702 782 5773 ἀνδρῶν,
814 5703 909 5754 καὶ
935 5702 1043 5755 τῶν
1076 5704 1209 5755 νόων
1239 5706 1560 5774 αἰτόχρημα
1587 5706 1710 5768 τοὺς
1743 5708 1829 5757 λο-

249 5795 573 5864 γιζομένους
622 5796 742 5847 κατ’
778 5794 1084 5866 ἄνθρωπον.
1133 5796 1320 5864 Δῶμεν
1367 5798 1494 5850 ποτὲ
1529 5797 1827 5867 προθύμως

249 5889 345 5952 τὰς
397 5888 562 5952 ἀκοὰς
604 5890 722 5951 τςιῖς
762 5888 865 5942 τῶν
915 5889 1083 5959 ἁγίων
1134 5890 1303 5960 ίερλῖς
1340 5891 1591 5961 κρήσεσι.
1628 5892 1692 5945 Τί
1734 5892 1826 5947 καὶ

1945 4713 2162 4753 summo
2203 4698 2337 4752 nixu
2374 4696 2699 4759 moliuntur,
2732 4710 2795 4749 ex
2830 4704 3019 4748 ventre
3047 4694 3515 4747 contradictiones

1942 4789 2253 4854 afferentes,
2297 4789 2524 4859 propria
2561 4788 2615 4841 in
2664 4787 2829 4841 rebus
2879 4785 3215 4855 theologicis-
3248 4784 3515 4854 principia

1942 4882 2341 4951 contingentes,
2374 4897 2438 4935 ex
2465 4881 2670 4949 quibus
2717 4879 2769 4933 in
2802 4879 3043 4934 absurda
3080 4892 3364 4932 mnumera
3393 4891 3519 4929 ora-

1944 4976 2147 5029 tionem
2180 4972 2490 5042 impellunt.
2526 4970 2687 5025 llisce
2725 4971 2894 5041 igitur
2922 4984 3024 5024 nos
3058 4969 3299 5022 animum
3325 4968 3511 5021 adven-

1939 5076 2116 5122 temus
2141 5064 2234 5135 qui
2265 5080 2329 5119 ex
2362 5064 2599 5134 propriis
2655 5064 2857 5117 similia
2900 5070 3175 5125 eructant,
3208 5060 3513 5115 communi-

1941 5160 2045 5214 bus
2094 5156 2299 5212 nostris
2352 5156 2636 5222 Patribus,
2668 5156 2920 5225 quicum
2970 5153 3180 5223 Spiritu
3214 5153 3515 5222 loquuntur

1940 5251 2240 5322 ttcglectis?
2291 5247 2370 5303 Nc
2406 5264 2499 5319 per
2545 5264 2722 5317 spem,
2760 5260 2925 5317 quam
2976 5262 3285 5317 speramus,
3324 5260 3512 5309 exoro,

1939 5359 2031 5412 per
2060 5341 2318 5397 Triadcm
2348 5356 2475 5409 erga
2518 5353 2685 5409 quam
2716 5337 3071 5408 potissimum
3106 5348 3295 5391 noster
3329 5337 3513 5390 cultus

1936 5443 2054 5497 est;
2102 5449 2167 5487 ne
2218 5432 2360 5487 circa
2396 5429 2613 5484 facilem
2679 5437 2824 5482 nunc
2853 5427 3147 5491 delectum,
3184 5429 3319 5481 adeo
3350 5426 3510 5479 noxia

1937 5525 2328 5594 dijudicemns,
2375 5532 2432 5577 ut
2469 5522 2770 5591 terrigenas
2814 5536 2941 5576 vere
2973 5520 3293 5576 cmlestibus
3328 5521 3509 5573 hami--

1939 5618 2121 5682 nibus,
2157 5626 2207 5670 et
2241 5616 2485 5668 humano
2516 5628 2669 5668 more
2715 5614 3107 5669 ratiocinantes
3142 5612 3286 5667 veris
3314 5611 3514 5664 intelli-

1938 5710 2139 5779 gentiis
2191 5722 2602 5777 prmponamus.
2684 5707 2884 5762 Demus
2936 5704 3156 5760 tandem
3214 5704 3514 5774 aliquando

1938 5802 2106 5855 alacri
2140 5801 2322 5855 animo
2356 5816 2516 5856 aures
2553 5800 2725 5853 sacris
2753 5806 3072 5853 sanctorum
3113 5796 3300 5852 dictis.
3342 5794 3510 5863 Quid,

1938 5896 2093 5965 quasi
2135 5894 2307 5961 ipsam
2359 5891 2694 5947 audientiam
2750 5904 3095 5960 respiramus,
3146 5890 3358 5944 vultum
3411 5889 3501 5942 ob~
