4206 6452
741 377 872 448 ΙΞΠ

1773 389 2285 451 CONSTANTINI
2327 384 2876 450 MELITENIOTXE

3862 382 3996 448 1272

735 504 937 566 Quodsi
974 502 1024 554 id
1053 502 1319 564 abnttitis,
1356 518 1502 558 nunc
1534 517 1730 560 omnes
1759 503 1854 560 Dei
1887 505 2109 576 angelos
2134 502 2302 559 vestri

2424 503 2728 574 igtoppovto;
2765 501 2858 556 τὸν
2892 500 3116 572 Κύριον.
3152 500 3213 552 El
3245 501 3300 554 δέ
3340 500 3437 568 μὴ,
3471 501 3862 570 μαρτυρόμεθα
3901 502 3994 560 νῦν

735 611 922 648 utram
975 598 1228 662 gerentes
1274 596 1327 649 in
1377 597 1752 652 tesumonium
1805 601 2031 662 advoco,
2076 606 2132 651 et
2183 606 2310 648 ante

733 695 828 734 eos-
888 684 1064 753 ipsum
1132 684 1419 739 Dominum
1487 697 1781 751 nostrum,
1846 692 1936 754 qui
2003 688 2054 741 in
2111 686 2310 742 Triade

732 776 987 845 religiose
1016 777 1216 830 colitur
1238 818 1253 845 ,
1299 793 1399 832 nos
1428 787 1692 848 quantum
1728 780 1781 833 in
1815 779 1970 834 nobis
2001 789 2105 843 est,
2154 779 2313 832 inno-

735 880 921 921 tentes
962 883 1109 929 esse.
1145 874 1293 938 quod
1347 870 1588 925 debitum
1620 871 1978 925 cxsolvimus.
2027 871 2154 926 ﬂare
2188 880 2312 940 post

738 964 906 1014 Deum
961 961 1070 1016 illis
1118 963 1405 1026 edicimus,
1450 963 1654 1031 quibus
1699 963 1880 1018 adhuc
1921 964 2044 1017 vita:
2099 964 2310 1032 aliquid

735 1061 1034 1121 superest:
1086 1055 1240 1107 vobis
1275 1092 1290 1117 ,
1349 1054 1568 1122 inquam
1604 1095 1619 1118 ,
1667 1055 1760 1124 qui
1823 1054 2112 1110 aﬂeetibus
2165 1054 2312 1108 haud

737 1147 963 1199 obnoxii
1017 1148 1070 1199 in
1141 1147 1403 1200 similium
1466 1148 1970 1217 conquirendorum
2037 1149 2311 1203 sententia

738 1240 1010 1293 ttrmiores
1049 1240 1183 1293 estis
1211 1281 1224 1304 ,
1284 1242 1726 1311 quandoquidem
1772 1241 1973 1310 quibus
2021 1242 2312 1295 cbaritatis

737 1333 940 1384 bonum
987 1332 1216 1384 omnino
1275 1333 1566 1401 refriguit,
1623 1341 1678 1386 et
1742 1333 1831 1397 qui
1893 1332 1964 1385 ob
2014 1345 2143 1399 erga
2209 1344 2310 1384 nos

738 1423 1140 1491 improbitatem
1179 1425 1378 1477 mortui
1429 1433 1579 1485 sunt,
1609 1423 1676 1475 ad
1718 1421 1819 1473 bos
1856 1435 2106 1491 quaenam
2144 1421 2310 1474 verba

740 1516 1061 1584 usurpanda
1113 1515 1380 1578 venerint,
1420 1529 1543 1583 quae
1592 1511 1845 1579 consilia,
1909 1528 2032 1585 quae
2079 1516 2308 1578 monita,

740 1621 976 1674 quorum
1035 1605 1367 1660 resurrectio
1406 1615 1461 1660 et
1492 1605 1762 1660 correctio
1803 1605 1961 1674 plane
2004 1605 2177 1659 solius
2213 1603 2307 1658 Dei

738 1700 936 1753 fuerit?
987 1707 1041 1752 et
1081 1707 1397 1753 nostrarum
1446 1699 1513 1751 ad
1549 1697 1718 1752 Deum
1751 1711 1972 1767 precum
2015 1694 2310 1764 perfectio-

739 1810 861 1848 rum
891 1804 946 1848 et
973 1793 1375 1849 absolutiorum
1405 1808 1566 1862 opus.

813 1971 902 2026 4‘2.
945 1970 1050 2026 Sed
1087 1985 1208 2025 eum
1240 1969 1352 2038 jam
1399 1968 1614 2022 animus
1643 1968 1735 2032 sit,
1786 1969 1840 2022 in
1893 1967 1999 2022 (ine
2027 1972 2096 2023 de
2150 1968 2314 2022 rebus

740 2067 944 2120 nostris
996 2064 1207 2118 laudem
1259 2073 1313 2117 et
1363 2061 1664 2133 gratiarum
1716 2061 1990 2116 actionem
2041 2061 2312 2115 bonorum

740 2156 919 2212 datori
949 2155 1306 2225 largitorique
1332 2154 1555 2218 referre,
1591 2156 1753 2222 gestit
1777 2154 2105 2222 subsilitque
2135 2153 2314 2207 ell'un-

737 2251 994 2318 diturqne
1055 2248 1218 2303 latius
1270 2247 1490 2310 oratio,
1551 2256 1604 2300 et
1664 2247 1718 2299 in
1775 2246 1886 2309 iis,
1929 2261 2051 2315 quze
2102 2247 2156 2300 in
2213 2259 2314 2302 nos

741 2343 1060 2408 admiranda
1107 2350 1367 2410 operatus
1424 2348 1529 2404 est,
1589 2338 1868 2392 immorari
1925 2348 2168 2408 exoptat;
2219 2339 2312 2394 sed

737 2438 859 2491 vice
896 2451 1048 2490 tersa
1095 2449 1218 2488 cum
1267 2431 1612 2486 tractationis
1664 2431 2041 2501 propositique
2094 2447 2182 2486 res
2227 2431 2311 2485 in-

741 2538 904 2582 lentu:
931 2527 1092 2581 tinem
1124 2525 1442 2591 habuerint,
1471 2525 1524 2578 id
1565 2526 1619 2577 iu
1654 2525 1907 2593 praesenti
1943 2538 2050 2578 non
2086 2523 2315 2594 permit-

739 2631 884 2684 tunt,
936 2620 1080 2690 quod
1126 2617 1222 2674 Dei
1269 2620 1323 2672 in
1383 2632 1483 2673 nos
1540 2618 1861 2672 admiranda
1917 2618 2168 2686 praesenti
2215 2618 2316 2672 hoc

741 2722 1006 2783 tantoque
1038 2721 1362 2783 argumento
1415 2726 1605 2766 reVera
1640 2710 1926 2766 diﬂ‘usiora
1973 2720 2122 2766 sunt.
2175 2709 2314 2764 llinc

740 2825 869 2880 erga
899 2810 1103 2878 ipsum,
1138 2816 1199 2864 ut
1230 2809 1316 2863 vel
1349 2808 1528 2863 solum
1566 2809 1734 2863 animi
1763 2807 2308 2863 nostridesiderium

744 2903 1103 2971 explicemus,
1149 2901 1202 2956 id
1245 2901 1568 2957 conﬁtentes
1621 2903 1957 2972 aientesque,
2009 2901 2314 2955 orationem

739 2997 796 3050 in
843 2996 1298 3066 supplicationem
1364 2996 1715 3051 addecentem
1759 2996 1825 3051 ad
1877 2997 2183 3051 satietatem
2235 2997 2316 3048 vi.

739 3091 964 3144 taudam
1015 3090 1289 3153 llniemus,
1343 3097 1402 3143 ut
1455 3090 1617 3158 paulo
1649 3098 1774 3143 ante
1823 3090 2202 3160 promisimus.
2250 3088 2320 3144 Ut

2414 597 2624 657 πάντας
2660 595 2786 656 τοὺς
2827 593 3298 662 προστατεύοντας
3331 592 3488 661 ἡμῶν
3540 593 3804 658 ἀγγέλους
3837 593 3994 652 Θεοῦ,

2413 689 2508 741 καὶ
2537 687 2643 758 πρὸ
2689 687 2897 741 τούτων
2933 686 3098 740 αὑτὸν
3146 685 3236 738 τὸν
3285 684 3566 753 Δεσπότην
3595 685 3776 736 αὐτῶν
3821 687 3913 737 τὸν
3942 687 3996 736 ἐν

2412 782 2605 854 Τριὰδι
2659 782 2871 854 σεπτῶς
2927 779 3428 850 προσκυνούμενον,
3484 778 3562 841 ὡς
3604 779 3770 832 ἁθῶοι
3825 779 3885 830 τὸ
3918 781 3997 840 εἰς

2413 850 2558 943 ὑμᾶς
2595 850 2763 944 μέρος
2791 874 2977 942 ἡμεῖς,
3016 870 3132 924 ἀνθ’
3161 864 3348 938 ὦνπερ
3385 871 3484 937 τὴν
3531 869 3753 938 ὀφειλὴν
3788 869 3997 937 πεπλη-

2414 967 2695 1039 ρῶκαμεν.
2747 966 2934 1020 Ταῦτα
2967 965 3109 1034 μετά
3157 964 3292 1017 Θεὸν
3331 964 3467 1034 πρὸς
3500 966 3743 1024 ἐκείνους
3792 964 3994 1030 φαμὲν,

2413 1061 2546 1128 παρ’
2575 1053 2654 1121 οἷς
2681 1075 2732 1110 τι
2762 1059 2854 1110 καὶ
2882 1056 3114 1121 ζωτικὸν
3164 1057 3545 1124 ὑποφαίνεται,
3584 1055 3644 1106 τὸ
3679 1055 3813 1122 πρὸς
3850 1057 3997 1122 ἡμᾶς

2412 1151 2556 1218 λέγω
2584 1151 2710 1213 τοὺς
2762 1151 3108 1218 ὑγιαίνοντας
3137 1148 3311 1210 οὕτως
3359 1147 3737 1217 ἀπροσπαθές,
3773 1149 3869 1199 καὶ
3901 1147 3998 1217 την

2413 1242 2664 1295 ἐντεῦθεν
2689 1241 3050 1312 ἐρευνητικὴν
3075 1241 3184 1294 τῶν
3221 1241 3475 1292 τοιούτων
3506 1241 3766 1292 διάνοιαν.
3812 1238 3996 1290 thimi-

2413 1353 2516 1406 περ
2547 1329 2628 1398 οἷς
2660 1336 2722 1388 τὸ
2757 1337 2853 1404 τῆς
2880 1337 3103 1407 ἀγάπης
3133 1333 3440 1404 ὁλοσχερῶς
3476 1333 3652 1402 eccm
3685 1333 3871 1393 καλὸν,
3906 1334 3997 1390 καὶ

2411 1429 2527 1496 οἶγε
2553 1429 2870 1481 παντάπασι
2900 1431 2966 1498 τῇ
3017 1427 3139 1481 καθ’
3175 1427 3334 1496 ἡμῶν
3379 1426 3550 1496 κακία
3603 1425 3995 1490 νενέκρωνται,

2411 1519 2548 1588 πρὸς
2577 1518 2799 1580 τούτους
2859 1518 3056 1578 αὐτοὺς
3093 1517 3256 1568 τινων
3309 1515 3389 1569 δεῖ
3443 1515 3709 1586 ῥημάτων
3763 1511 3992 1570 ἀπλώςς

2413 1610 2570 1671 ποίας
2607 1611 2663 1663 δὲ
2696 1609 3008 1679 συμῦουλῆς
3035 1625 3096 1661 τε
3121 1609 3215 1660 καὶ
3249 1607 3646 1678 παραινέσεως,
3678 1604 3768 1665 οὓς
3800 1602 3993 1670 pomi;

2413 1703 2600 1771 σαφῶς
2627 1705 2839 1770 πέφυκε
2868 1702 2961 1754 τοῦ
2993 1700 3128 1754 Θεοῦ
3167 1698 3526 1769 διαναστῆσαι
3557 1697 3651 1750 καὶ
3689 1695 3996 1763 διορθῶσα-

2416 1797 2540 1850 σθαι
2569 1814 2583 1864 ;
2621 1798 2674 1850 τὸ
2697 1797 2753 1850 δέ
2791 1797 3007 1858 πάντως
3041 1795 3209 1866 εὐχῆς
3241 1793 3402 1865 ἔργον
3449 1795 3581 1862 ἡμῖν
3611 1792 3711 1859 τῆς
3735 1788 3998 1842 τελεωτέ-

2419 1907 2518 1959 ρας
2548 1891 2643 1942 καὶ
2687 1889 2954 1959 μείζονος.

2490 1979 2602 2052 μβὀ
2650 1981 2789 2034 Ἀλλ’
2827 1982 2929 2052 ἤδη
2980 1981 3288 2050 βουλομένῳ
3330 1996 3420 2049 μοι
3466 1980 3560 2032 καὶ
3591 1976 3670 2046 τῷ
3721 1975 3864 2027 τέλει
3899 1974 4001 2042 τὴν

2418 2073 2558 2143 ὑπὲρ
2599 2074 2756 2144 ἡμῶν
2791 2074 2998 2127 αἴνεσιν
3030 2076 3123 2126 καὶ
3175 2072 3533 2142 εὐχαριστίαν
3582 2066 3998 2138 ἀφοσιώσασθαι

2415 2165 2493 2236 τῷ
2528 2165 2752 2237 χορηγῷ
2779 2166 2874 2218 καὶ
2899 2165 3086 2233 δοτῆρι
3115 2164 3223 2217 τῶν
3267 2162 3514 2230 ἀγαθῶν,
3549 2161 3688 2213 ῐεται
3725 2163 3819 2212 καὶ
3853 2159 4000 2228 πηεᾷ

2418 2258 2700 2310 κάνταῦθα
2739 2257 2874 2326 πρὸς
2937 2255 3254 2326 πλατυσμὺν
3307 2255 3336 2307 ό
3381 2255 3559 2321 λόγος,
3613 2256 3708 2306 καὶ
3758 2255 3872 2312 τοὶς
3920 2253 4001 2312 εἰς

2417 2352 2565 2421 ἡμᾶς
2598 2349 2692 2402 νῦν
2723 2349 3112 2419 γεγενημένοις
3147 2349 3238 2400 ὑπ’
3277 2346 3444 2399 αὑτοῦ
3480 2345 3803 2414 Θαυμασίοις
3835 2346 4002 2412 ἐμφι-

2417 2442 2676 2513 λοχωρετν
2721 2442 3158 2511 προτεθύμηται.
3197 2440 3365 2494 Πάλιν
3399 2440 3454 2493 δὲ
3489 2440 3556 2491 τά
3603 2438 3703 2504 τῆς
3735 2452 4002 2506 πραγμα-

2416 2538 2565 2597 τείας
2599 2537 2693 2588 καὶ
2743 2534 2840 2586 τοῦ
2893 2533 3099 2586 σκοποῦ
3134 2534 3309 2602 πέρας
3353 2532 3544 2602 ἔχοντα
3591 2531 3653 2582 τὸ
3702 2533 3872 2596 παρὸν
3903 2528 4005 2580 ούκ

2419 2629 2656 2697 ἀνίησιν,
2708 2629 2789 2680 ὅτι
2821 2628 2917 2680 καὶ
2951 2627 3264 2698 μακρότερα
3311 2627 3382 2678 τὰ
3433 2625 3542 2677 τῶν
3584 2624 3839 2676 τοιούτων
3873 2625 4005 2692 ἡμῖν

2417 2725 2719 2795 τεραστίων
2747 2723 2882 2777 Θεοῦ
2916 2724 3015 2790 τῆς
3057 2723 3338 2793 παρούσης
3379 2721 3686 2789 καθέστηκε
3734 2717 4005 2784 τοσαύτης

2419 2816 2495 2878 ὡς
2542 2816 2759 2884 ἀληθῶς
2789 2815 3114 2876 ὑποθέσεως.
3155 2814 3345 2867 Ἔνθεν
3395 2831 3476 2866 τοι
3519 2813 3654 2881 πρτλς
3687 2811 3848 2864 αὑτὸν
3878 2811 4008 2861 ὅσον

2420 2907 2757 2972 ἐνδείξασθαι
2803 2908 2897 2961 καὶ
2939 2907 3102 2976 μόνον
3145 2908 3244 2976 τὴν
3291 2906 3550 2974 πρόθεσιν
3594 2906 3692 2973 τῆς
3725 2903 4008 2974 ἡμετέρας

2418 3000 2595 3070 ψυχῆς
2631 2999 3215 3070 ἀνθομολογησάμενος
3250 2999 3346 3050 καὶ
3375 2997 3567 3058 εἰπὼν,
3613 2997 3705 3047 τὸν
3735 2996 3894 3061 λόγον
3927 2998 4007 3055 εἰς

2420 3093 2590 3165 εὐχὴν
2616 3092 2724 3145 τῶν
2753 3090 3068 3162 ἀνηκόντων
3097 3091 3185 3144 διὰ
3211 3091 3272 3143 τὸ
3300 3089 3605 3160 προσκορές
3635 3087 4003 3148 καταπαύσω,

741 3193 893 3241 Vero,
942 3180 1019 3234 uti
1072 3196 1169 3249 par
1220 3191 1323 3243 est,
1379 3189 1433 3234 et
1483 3196 1584 3234 nos
1629 3181 1909 3244 debemus,
1945 3180 2312 3236 laudationem

2424 3185 2605 3248 καθὼς
2636 3186 2704 3238 τε
2729 3184 2830 3253 τῆς
2857 3183 3205 3252 ὑποσχέσεως
3234 3182 3346 3252 ἔχει
3390 3182 3589 3250 μικρὸν
3621 3180 3842 3233 ἀνωθεν.
3886 3180 4010 3232 “lu:

741 3273 1019 3337 exordiar,
1055 3274 1198 3327 sacri
1228 3273 1471 3327 cantoris
1514 3273 1738 3327 Davidis
1763 3289 1930 3343 quam
1961 3274 2315 3343 opportunis-

741 3365 881 3419 sime
911 3379 1075 3420 voces
1118 3373 1403 3418 mutuatus
1453 3379 1560 3418 non
1598 3365 1834 3420 absin-ili
1872 3366 1941 3420 ab
1977 3380 2043 3420 eo
2091 3375 2315 3435 stupore

743 3458 810 3511 ad
832 3455 1177 3510 Altissimum
1209 3467 1464 3510 contenta
1489 3471 1618 3510 voce
1647 3456 1828 3510 clamo
1854 3474 1867 3510 :
1906 3457 2078 3519 Quam
2111 3456 2316 3526 magni-

744 3552 904 3616 βίαια
935 3560 1056 3602 sunt
1090 3565 1251 3617 opera
1297 3557 1414 3613 tua,
1451 3547 1719 3601 Domine!
1759 3549 1935 3601 omnia
1960 3551 2013 3602 in
2050 3549 2314 3617 sapientia

743 3642 918 3708 fecisti
942 3640 1027 3705 ";
1063 3655 1169 3694 non
1203 3639 1545 3693 solummodo
1587 3657 1708 3709 qua:
1758 3640 1810 3693 in
1843 3640 2112 3709 principio
2139 3656 2202 3694 ex
2251 3655 2317 3695 eo

744 3732 892 3802 quod
928 3747 1037 3785 nou
1083 3742 1220 3796 erat,
1259 3732 1323 3784 ad
1363 3731 1413 3784 id
1457 3731 1602 3800 quod
1647 3741 1786 3796 erat,
1834 3731 2162 3801 produxisti,
2219 3731 2316 3787 sed

744 3843 866 3894 qua:
917 3827 1080 3879 etiam
1127 3827 1294 3879 certis
1344 3824 1682 3895 diversisque
1725 3827 2065 3894 temporibus
2115 3827 2170 3879 in
2213 3827 2316 3880 bu-

745 3935 904 3973 mana
939 3920 1227 3973 commoda
1263 3918 1571 3984 absolvisti,
1611 3919 1688 3971 uti
1721 3933 1780 3973 se
1804 3919 1964 3973 habet
1994 3929 2048 3973 et
2079 3935 2319 3988 praesens

743 4027 869 4079 erga
919 4026 1017 4064 nos
1049 4025 1209 4079 opus,
1244 4009 1385 4078 quod
1427 4020 1480 4063 et
1530 4011 1827 4064 maximqu
1861 4023 1914 4064 et
1950 4010 2004 4064 in
2052 4011 2319 4080 Sapientia

744 4102 1042 4172 perri-risu.
1073 4102 1210 4156 Cum
1255 4105 1400 4156 enim
1435 4117 1545 4156 non
1592 4112 1740 4158 esst‘t
1781 4118 1958 4172 neque
2006 4102 2321 4156 miserentis

747 4211 924 4265 neque
971 4197 1022 4247 iu
1061 4197 1360 4249 ltutnanum
1392 4209 1561 4264 genus
1609 4195 2024 4264 propcttsissimi
2072 4193 2188 4256 Dei,
2225 4193 2319 4261 qui

745 4288 859 4340 sola
897 4302 993 4338 sua
1027 4288 1269 4340 bonitate
1296 4302 1467 4354 genus
1503 4297 1750 4341 nostrum
1775 4287 1846 4341 ab
1878 4287 2031 4340 initio
2056 4285 2322 4349 condidit,

747 4393 896 4433 tuam
935 4381 985 4432 in
1035 4379 1192 4432 linem
1239 4380 1542 4433 Ecclesiam
1583 4380 1866 4433 discissam
1922 4388 1975 4432 et
2019 4378 2324 4432 miserrime

749 4473 1092 4524 laborantem
1152 4472 1586 4539 praetermittere
1645 4485 1707 4524 ae
1763 4471 2079 4539 negligere,
2153 4484 2319 4538 quam

2424 3279 2482 3331 δὲ
2515 3277 2834 3346 πρεπόντως
2860 3276 2952 3328 καὶ
2979 3275 3053 3333 ὼς
3082 3273 3260 3344 χρεὼν
3284 3274 3382 3342 τῆς
3406 3271 3718 3353 δοξολογξας
3744 3269 4010 3339 ἀπάρξω-

2428 3386 2546 3432 μαι,
2566 3368 2660 3421 τοῦ
2689 3369 2731 3419 ιε
2742 3368 3004 3437 ροψάλτου
3026 3364 3411 3433 δανεισάμενος
3435 3362 3600 3415 Δαυῒῦ
3620 3361 4011 3431 ἁρμοδῶτατα

2422 3459 2523 3530 τὴν
2561 3459 2745 3529 φωνὴν
2779 3457 2917 3528 μετὰ
2950 3458 3049 3526 τῆς
3073 3457 3281 3509 ἐκείνου
3308 3455 3444 3524 πρὸς
3474 3455 3564 3507 τὸν
3597 3455 3864 3522 ’Υψιστον
3901 3452 4014 3522 βοῶ

2422 3550 2758 3623 διαπρυσίως
2789 3549 3105 3617 ἐκπλήξεως
3127 3563 3142 3578 ·
3174 3565 3192 3598 ι
3241 3547 3338 3611 Ὠς
3358 3548 3734 3614 ἐμεγαΙύνύη
3768 3544 3836 3596 τὰ
3867 3546 4015 3612 ἔργα

2425 3660 2563 3705 σου,
2603 3643 2799 3711 Κύριε.
2833 3642 3036 3695 Πάντα
3064 3641 3133 3693 ἐν
3159 3641 3347 3708 cossic
3375 3639 3695 3707 ἐποίησας,
3733 3657 3752 3689 ι
3786 3639 3886 3706 οὐχ
3912 3641 4015 3690 ὅσα

2425 3737 2628 3808 δηλαδὴ
2669 3737 2833 3806 μόνον
2857 3735 3138 3806 καταρχὰς
3161 3734 3230 3784 ἐκ
3251 3732 3345 3784 τοῦ
3381 3733 3455 3801 μὴ
3488 3731 3640 3793 ὄντος
3669 3733 3748 3793 εις
3774 3732 3834 3782 τὸ
3868 3727 4014 3784 εἶναι

2429 3830 2756 3900 παρήγαγες
2801 3823 3234 3897 δημιουργικῶς,
3275 3823 3411 3876 ἀλλά
3456 3823 3552 3874 καὶ
3583 3823 3682 3873 ὅσα
3717 3822 3858 3872 κατὰ
3891 3837 4016 3871 και·

2433 3927 2558 3995 ρους
2589 3923 2880 3992 διαφόρους
2914 3919 3008 3973 τοῦ
3039 3920 3147 3971 τῶν
3183 3919 3489 3987 ἀνθρώπων
3517 3916 3703 3968 ἕνεκεν
3731 3915 4017 3984 διεπράξω

2432 4017 2822 4086 συμφέροντος,
2864 4013 2938 4076 ὡς
2973 4013 3068 4065 καὶ
3098 4011 3258 4066 τοῦτο
3286 4011 3346 4062 τὸ
3375 4008 3470 4063 νῦν
3516 4010 3675 4079 ἔργον
3703 4007 3818 4076 ἔχει
3849 4010 3910 4059 τὸ
3937 4011 4018 4071 εἰς

2431 4109 2600 4177 ἡμᾶς,
2637 4107 2774 4174 ὅπερ
2829 4107 3086 4174 μέγιστον
3115 4106 3207 4155 καὶ
3241 4105 3297 4155 ἐν
3346 4101 3508 4169 σοφία
3552 4099 3866 4161 τετέλεκας.
3908 4101 4018 4150 Καὶ

2432 4203 2541 4270 γὰρ
2586 4199 2886 4269 ἐπειδήπερ
2925 4199 3026 4250 οὐκ
3055 4194 3122 4266 ἦν
3154 4195 3248 4249 τοῦ
3283 4194 3723 4264 φιλοικτίρμονός
3770 4209 3868 4244 σου
3923 4193 4019 4243 καὶ

2434 4295 2817 4366 φιλανθρώπου
2841 4292 2976 4346 Θεοῦ
3009 4291 3100 4344 τοῦ
3127 4291 3192 4343 δι’
3223 4289 3533 4358 ἀγαθότητα
3563 4289 3727 4356 μόνην
3755 4287 4020 4355 ἀπαρχῆς

2433 4386 2672 4455 τὸγένος
2727 4387 2887 4456 ἡμῶν
2936 4384 3489 4453 πλαστουργήσαντος
3531 4381 3593 4432 τὸ
3638 4379 3734 4448 τὴν
3780 4380 4018 4447 Ἐκκλη-

2436 4479 2555 4531 σίαν
2583 4479 2847 4548 περιιδεῖν
2876 4476 2957 4538 εἰς
2995 4475 3148 4537 τέλος
3187 4476 3288 4544 τὴν
3322 4474 3420 4542 σὴν
3458 4471 3890 4542 διερρηγμένην,
3923 4473 4020 4523 καὶ

754 4565 1070 4634 umgcnittts
1136 4572 1191 4617 ct
1237 4575 1544 4619 ceteteruus
1593 4562 1765 4618 Filius
1803 4573 1858 4616 et
1894 4563 2130 4616 Verbum
2173 4572 2322 4615 tuum

2434 4570 2503 4622 τὰ
2529 4570 2734 4639 ἔσχατα
2764 4567 2954 4630 δεινῶς
2981 4568 3317 4636 κάμνουσαν,
3347 4570 3414 4635 ἧν
3443 4567 3471 4617 ό
3505 4563 3800 4633 μονογενής
3827 4579 3891 4614 τε
3922 4564 4021 4614 καὶ

749 4659 928 4712 l’atrts
977 4657 1346 4724 potentissimi
1400 4667 1620 4727 propter
1675 4658 1882 4710 viscera
1929 4656 2152 4708 inﬁnita:
2197 4670 2326 4726 erga

753 4767 855 4807 nos
905 4751 1290 4806 misericordiae
1341 4759 1468 4814 tuae,
1528 4765 1747 4802 carnem
1792 4763 2084 4804 assumens
2137 4747 2330 4802 huma-

754 4861 901 4909 nam,
933 4845 1560 4898 immaculatissimarum
1609 4852 1664 4896 et
1697 4843 2169 4896 sanctissimarutn
2204 4855 2333 4894 sua-

755 4954 876 4993 rum
913 4953 1172 4991 ntanuntn
1193 4937 1506 4992 extensione
1528 4950 1557 4989 e
1581 4946 1740 4988 terra:
1769 4934 1972 4988 ﬁnibus
2018 4933 2072 4986 in
2105 4947 2328 4987 crucem

752 5031 1070 5099 collegerat,
1119 5031 1336 5097 sibique
1388 5043 1455 5082 ex
1505 5027 1718 5081 viviﬁco
1771 5034 1825 5080 et
1870 5025 2116 5096 pretioso
2161 5026 2332 5078 latere

753 5125 1018 5193 sanguine
1064 5122 1288 5192 profuso
1336 5124 1625 5183 asciverat,
1661 5122 1804 5173 hanc
1855 5118 2103 5172 eamdem
2139 5133 2331 5170 rursus

755 5218 810 5269 in
855 5232 1022 5269 ttnum
1067 5218 1356 5270 convenire
1401 5223 1560 5268 mtate
1615 5215 1714 5266 hac
1767 5221 1980 5276 nostra,
2033 5223 2089 5264 et
2136 5210 2333 5264 vulnus

756 5311 993 5378 pessime
1034 5327 1091 5365 se
1129 5310 1358 5370 habens,
1395 5308 1540 5376 quod
1569 5308 1844 5360 malorum
1892 5304 2048 5374 origo
2103 5314 2155 5359 ct
2185 5303 2333 5357 frau.

756 5411 884 5463 dttm
922 5409 1254 5462 architectus
1303 5422 1445 5476 aegre
1493 5405 1673 5459 ferens
1726 5403 1869 5456 illam
1920 5401 2332 5471 adprospcrari,

759 5502 1020 5570 impegit,
1095 5499 1470 5570 conglutinare
1532 5497 1625 5550 tibi
1689 5495 2093 5562 complacuisti.
2168 5493 2334 5561 Igitur

760 5603 887 5647 ante
931 5593 1112 5647 omnia
1163 5594 1215 5646 in
1248 5591 1361 5646 sola
1399 5590 1548 5660 pacis
1593 5597 1758 5657 atque
1811 5586 2066 5640 amicitia:
2099 5583 2331 5644 fwdera,

759 5702 880 5754 opus
937 5695 1026 5740 tua
1078 5695 1161 5740 cst
1218 5700 1400 5738 rerum
1454 5685 1810 5738 humanarum
1867 5677 2174 5748 dispositio,
2235 5691 2336 5730 nos

829 5864 878 5898 "
899 5862 1045 5921 Psal.
1084 5879 1197 5932 cm,
1235 5863 1326 5921 24.

2437 4663 2706 4724 συναῖδιος
2742 4661 2867 4723 Υἱὸς
2895 4660 2990 4712 καὶ
3035 4659 3208 4724 Λόγος
3236 4675 3330 4710 σου
3362 4656 3458 4709 τοῦ
3497 4656 3775 4724 πανάρχου
3807 4656 4022 4723 Πατρὶς

2436 4755 2525 4809 διὰ
2553 4754 2838 4823 σπλάγχνα
2865 4750 2960 4804 τοῦ
2987 4751 3362 4819 ὑπεραπείρου
3388 4750 3515 4819 περὶ
3541 4749 3686 4817 ἡμᾶς
3711 4747 3897 4808 ἐλέους
3926 4763 4020 4798 σου

2441 4846 2755 4918 μορφωθεὶς
2784 4848 2843 4898 τὸ
2867 4845 3234 4916 ἀνθρώπινον,
3267 4847 3332 4913 τῇ
3366 4843 3474 4896 τῶν
3504 4842 3798 4909 πανάγνων
3819 4839 4021 4894 ἑαυτοῦ

2437 4939 2532 4990 καὶ
2565 4936 2960 5006 παναχράντων
2991 4935 3190 5004 χειρῶν
3225 4935 3446 4988 ἐκτάσει
3482 4934 3792 5000 συνήγαγεν
3830 4935 3898 4983 ἐκ
3928 4947 4023 4982 πε-

2442 5029 2618 5099 ράτων
2664 5029 2758 5080 ἐπὶ
2798 5025 3055 5096 σταυροῦ,
3097 5028 3193 5079 καὶ
3233 5026 3657 5094 περιεποιήσατο
3688 5023 3768 5092 τῷ
3816 5023 3917 5089 τῆς
3945 5022 4024 5074 oi-

2439 5121 2590 5183 κείας
2621 5119 2945 5189 ἐκρεύσαντι
2987 5113 3252 5180 ζωοποιοῦ
3299 5116 3393 5167 καὶ
3432 5113 3622 5183 τιμίας
3662 5113 3908 5181 πλευρᾶς
3940 5112 4022 5164 αἰ-

2444 5231 2595 5284 ματι,
2629 5213 2728 5282 τὴν
2763 5209 3020 5281 τοιαύτην
3053 5207 3325 5261 συνελθεῖν
3353 5210 3447 5259 καὶ
3472 5206 3632 5259 πάλιν
3660 5207 3738 5267 εἰς
3774 5205 3832 5255 ἓν
3866 5205 4023 5273 ηὐδό-

2443 5322 2617 5374 κησας
2659 5303 2745 5372 ἐφ’
2802 5301 2981 5371 ὴμῶν,
3039 5301 3135 5353 καὶ
3194 5296 3596 5364 συνουλωθῆναι
3648 5298 3906 5349 τὸ“πὰνυ
3961 5311 4021 5361 γε

2444 5400 2692 5468 χαλεπῶς
2732 5398 2854 5467 ἔχον
2884 5396 2976 5448 τοῦ
3009 5394 3345 5464 πνεύματος,
3370 5393 3506 5459 ὅπερ
3532 5393 3560 5442 ὁ
3584 5390 3898 5460 ἀρχέκακος
3931 5391 4022 5439 καὶ

2444 5491 2737 5557 δολιόφρων
2768 5487 2958 5557 ἐχθρὸς
2985 5485 3060 5556 μὴ
3082 5485 3263 5555 φέρων
3287 5485 3418 5553 ὁρᾷν
3436 5479 3828 5549 εὐδοκιμοῦσαν
3861 5479 4024 5548 πρού-

2450 5582 2688 5647 ξένησιν.
2721 5580 2930 5632 υύκοῦν
2958 5581 3016 5630 ἐν
3047 5579 3284 5648 πρώτοις
3315 5577 3394 5638 εἰς
3423 5575 3650 5636 σπονδὰς
3678 5574 3849 5640 μόνας
3877 5574 4023 5645 εἰρη-

2446 5677 2596 5736 νικὰς
2629 5675 2719 5728 καὶ
2746 5671 2930 5740 φιλίας
2970 5667 3331 5740 οῐκονομικῶς
3360 5667 3655 5728 συνελάσας
3689 5667 3857 5735 ἡμᾶς,
3898 5684 3914 5715 ι
3957 5665 4022 5716 Ὠ
