4220 6444
755 381 891 449 1283

1761 389 2068 452 ἘΟΝΤΒΑ
2113 394 2493 456 MAXIMUM
2534 394 2974 459 PLANUDEM.

3875 393 4019 460 1284

753 506 914 560 riora.
973 501 1390 559 Generationem
1425 517 1554 558 vero
1595 503 1680 560 hic
1716 515 1770 560 et
1813 507 1883 560 ibi
1913 522 2008 574 per
2063 509 2313 563 eamdem
2348 514 2368 567 Ι

2433 513 2695 580 Ράνσεως,
2722 513 2790 567 ἵν’
2821 514 2993 577 οὕτως
3016 513 3175 578 εῐπω,
3205 512 3355 583 ἢτῆς
3387 513 3522 582 πρὸς
3539 510 3742 581 ἄλληλα
3769 507 4028 578 σχέσεως

754 594 902 648 verbi
945 594 1329 663 prolationem,
1393 603 1447 646 et
1483 594 1627 662 quod
1673 596 1744 649 ibi
1796 597 1950 658 dixit,
1992 600 2324 652 emissionem

754 683 840 737 liic
865 698 1216 754 pregressrtm,
1248 684 1396 738 hisce
1445 684 1676 749 duobus,
1731 703 1891 741 unam
1925 690 2328 756 processionem

757 775 1100 843 signiﬁcavit.
1149 775 1208 830 In
1241 777 1611 836 Antirrhetice
1641 793 1770 843 vero
1805 780 1871 833 de
1909 779 2141 848 Spiritu,
2173 783 2329 836 emis-

757 868 972 928 sionem,
993 877 1048 920 et
1070 884 1424 939 progressum,
1466 881 1520 924 et
1550 873 1934 940 apparitionem
1970 876 2330 947 nuncupavit.

759 961 850 1014 Sic
879 963 1028 1015 enim
1082 964 1383 1017 orationem
1444 966 1706 1033 disponit,
1752 969 1925 1035 _quasi
1985 971 2331 1024 adversarius

755 1054 1072 1122 loqueretur
1104 1071 1118 1108 :
1156 1074 1174 1104 i
1212 1054 1350 1119 Quid
1376 1059 1552 1125 itaque
1576 1068 1657 1110 est
1688 1059 1831 1127 quod
1886 1061 2039 1113 deest
2074 1058 2327 1130 Spiritui,

754 1159 822 1197 ne
855 1144 1024 1197 Filius
1070 1146 1189 1198 sit?
1221 1146 1429 1200 Etenim
1457 1147 1501 1200 si
1551 1147 1687 1201 nihil
1723 1150 2000 1213 deﬁceret,
2025 1150 2193 1204 Filius
2221 1151 2332 1205 uti-

753 1251 858 1305 que
881 1244 1067 1302 esset;
1113 1256 1130 1288 ι
1168 1246 1279 1291 tum
1307 1238 1493 1292 subdit
1550 1254 1564 1292 :
1624 1257 1643 1289 ι
1687 1239 1802 1294 Non
1829 1240 2020 1296 deesse
2052 1243 2283 1296 fatemur
2313 1259 2328 1296 :

756 1345 932 1397 neque
971 1332 1118 1384 enim
1171 1329 1314 1384 Deus
1371 1330 1724 1398 imperfectus
1778 1341 1880 1387 est.
1940 1332 2332 1387 Verumtamen

755 1422 1137 1490 apparitionis,
1177 1432 1235 1477 ut
1282 1423 1352 1475 ita
1396 1423 1601 1484 dicam,
1657 1424 1739 1477 vel
1794 1425 2074 1479 relationis
2132 1437 2334 1478 mutua:

756 1513 1076 1576 diversitas,
1097 1515 1370 1568 diversam
1395 1531 1609 1582 quoque
1631 1515 2052 1584 appellationem
2084 1516 2281 1569 eﬂ'ecit.
2309 1534 2327 1566 ι

757 1601 1044 1657 Manil‘esto
1071 1606 1220 1658 enim
1249 1620 1315 1658 cx
1347 1606 1564 1659 diverso
1612 1607 1774 1659 modo
1811 1607 2168 1669 exsistentiae,
2208 1623 2335 1676 pro-

756 1698 1006 1751 cessione
1039 1699 1262 1761 scilicet,
1293 1715 1453 1766 quam
1483 1703 1872 1770 apparitionem
1915 1702 2002 1754 hic
2033 1710 2333 1774 nuncupat.

760 1788 996 1857 Spiritus
1034 1786 1199 1840 Filius
1244 1804 1350 1842 non
1387 1805 1510 1843 esse
1537 1792 1868 1859 agnoscitur,
1912 1801 1964 1844 et
1995 1791 2125 1845 hinc
2154 1793 2336 1860 appul-

706 1908 709 1909 ν
763 1880 1026 1934 lationnm
1047 1880 1332 1934 diversitas
1366 1881 1654 1944 indicatur,
1680 1891 1734 1935 et
1767 1898 1921 1950 :eque
1949 1892 2113 1952 atque
2139 1883 2332 1938 fratres

759 1974 1039 2041 conjungi,
1083 1972 1160 2025 uti
1221 1973 1457 2026 lucretici
1513 1974 1808 2035 somniant.
1845 1976 2042 2043 rejicit.
2101 1975 2254 2030 Unde
2279 1987 2333 2031 et

764 2061 1003 2116 Ecclesia
1028 2065 1210 2116 omnia
1260 2065 1369 2132 jam
1400 2064 1546 2118 dicta
1603 2081 1859 2135 sequens,
1920 2075 2219 2123 concinens
2275 2070 2331 2123 in

762 2156 1002 2210 Canticis
1024 2157 1268 2208 clamat:
1308 2176 1324 2206 i
1363 2158 1582 2227 Absque
1613 2158 1900 2227 principio,
1939 2170 1993 2214 et
2032 2161 2338 2230 generatio-

760 2261 850 2312 ne,
887 2259 937 2301 ct
959 2264 1267 2318 progressu,
1298 2249 1509 2302 Patrem
1537 2252 1705 2303 adoro
1726 2262 2100 2320 generantem,
2134 2253 2331 2306 Filium
2363 2314 2367 2316 Ἴ

760 2338 1004 2406 gloriﬁco
1048 2347 1386 2407 generatum,
1454 2340 1669 2408 hymnis
1706 2342 2032 2394 concelebro
2066 2340 2332 2410 Spiritun

761 2440 1032 2494 sanctum,
1053 2431 1146 2499 qui
1197 2447 1304 2484 una
1334 2447 1458 2485 cum
1497 2431 1653 2486 Patre
1676 2441 1730 2486 et
1761 2431 1900 2486 Filio
1930 2433 2120 2487 eluxit.
2159 2454 2178 2487 ι
2209 2435 2335 2489 Haec

762 2521 837 2575 ita
884 2536 1008 2575 cum
1037 2538 1094 2576 se
1121 2523 1379 2584 habeant,
1435 2524 1576 2576 etin
1617 2523 1780 2577 rebus
1831 2525 2154 2596 theologicis
2218 2527 2336 2580 viro

764 2635 872 2673 non
908 2618 1317 2673 contemnendo
1342 2618 1410 2672 de
1468 2619 1649 2672 verbis
1689 2631 1744 2674 et
1775 2619 2109 2684 nominibus,
2141 2635 2261 2690 qua
2283 2622 2336 2674 in

761 2712 966 2767 divinis
996 2713 1340 2781 dagmatibus
1365 2715 1788 2781 exponendis‘ac
1811 2715 2157 2784 proterendis
2177 2731 2339 2769 usuro

762 2814 983 2873 pantur,
1015 2803 1347 2856 decernente
1380 2820 1396 2856 :
1437 2823 1456 2854 i
1495 2803 1680 2872 Neque
1713 2806 1858 2858 enim
1913 2805 1983 2860 de
2023 2807 2339 2862 nominibus

765 2896 1185 2957 contendemus,
1212 2895 1507 2951 dummodo
1536 2897 1784 2950 eamdem
1800 2899 2125 2952 sententiam
2147 2913 2336 2952 eorum

765 2987 985 3058 syllabae
1033 2987 1363 3055 exprimant,
1393 3007 1412 3038 ι
1475 2988 1854 3058 interrogatio,
1905 2991 1972 3044 de
2024 3005 2131 3058 qua
2192 3006 2339 3045 nunc

765 3078 960 3147 Igitur,
987 3078 1257 3146 quomodo
1289 3077 1572 3140 subsistet,
1633 3078 1678 3131 si
1713 3094 1838 3148 qua:
1875 3080 1962 3132 Illa
1998 3083 2338 3147 processionis

769 3167 988 3221 nomine
1020 3168 1278 3235 colligere
1297 3169 1597 3233 contendit,
1624 3169 1712 3222 illa
1743 3165 1955 3232 cadent,
1979 3173 2267 3240 eteﬂ'usi'on
2289 3188 2334 3237 ε,
2364 3192 2407 3251 c

767 3272 823 3314 et
838 3276 1163 3331 progressus,
1178 3262 1556 3325 etemiisionis,
1576 3271 1632 3316 et
1661 3265 2006 3330 apparitionis
2021 3267 2338 3321 nominibus

766 3352 1133 3419 colliguntur?
1163 3351 1268 3405 Sed
1303 3368 1427 3406 cum
1462 3355 1514 3406 in
1545 3369 1744 3422 genere
1771 3356 1988 3422 quidem
2021 3356 2335 3421 relellimus,

766 3460 861 3514 per
893 3453 1078 3512 partes
1105 3446 1270 3498 etiam
1305 3461 1418 3498 rem
1461 3448 1859 3502 examinemus.
1896 3447 2184 3510 Processio,
2217 3466 2338 3519 quin

766 3537 820 3591 in
864 3537 1290 3606 interrogatione
1319 3547 1425 3602 est,
1456 3538 1570 3592 sive
1599 3555 1922 3609 progressus,
1963 3550 2022 3594 ut
2065 3557 2166 3595 nos
2197 3543 2336 3596 dici-

767 3644 912 3691 mus,
935 3643 1112 3695 neque
1131 3631 1276 3681 enim
1299 3628 1366 3682 de
1392 3631 1663 3682 sententia
1684 3631 2061 3697 contenditur,
2086 3647 2151 3686 ex
2177 3631 2338 3686 Patre

764 3728 821 3774 et
853 3718 987 3771 Filio
1017 3719 1255 3787 Spiritus
1291 3719 1486 3782 sancti,
1509 3720 1734 3789 simplex
1763 3731 1848 3774 est
1882 3737 2123 3792 unaque.
2151 3733 2206 3778 et
2226 3740 2337 3778 non

772 3813 995 3882 duplex,
1029 3812 1157 3865 licet
1188 3811 1532 3881 interrogans
1582 3827 1703 3866 eam
1746 3814 2044 3882 simplicem
2075 3832 2194 3870 esse
2229 3833 2339 3870 non

769 3918 929 3972 posse
960 3917 1027 3955 cx
1053 3902 1269 3970 iluplari
1300 3918 1530 3956 numero
1565 3902 1890 3972 redarguere
1938 3919 2190 3968 conetur,
2222 3922 2334 3962 ex-

766 3995 945 4063 emplo
979 3997 1187 4048 numeri
1217 3994 1282 4046 ad
1318 3993 1525 4047 dictum
1575 4009 1735 4047 suum
1767 3996 2200 4052 conﬁrmandum
2238 4014 2337 4052 as-

768 4096 1010 4156 sumpto.
1044 4084 1434 4140 Verumtamen
1483 4086 1537 4138 in
1582 4088 1904 4156 theologicis
1966 4106 2121 4144 mens
2187 4093 2337 4163 vigil,

768 4193 893 4231 cum
925 4179 1174 4244 exemplo
1209 4193 1372 4246 supra
1404 4193 1567 4231 omne
1607 4181 1939 4258 principium
1977 4181 2232 4237 Triadem
2281 4186 2338 4238 in

769 4285 828 4324 se
857 4270 968 4337 ipsa
993 4269 1068 4322 uti
1101 4269 1286 4330 habet,
1315 4271 1619 4338 exprimere
1653 4273 1824 4339 cupit,
1879 4274 2074 4328 clamat.
2124 4294 2139 4330 :
2201 4295 2219 4326 i
2246 4277 2338 4330 1ιὶ-

769 4369 857 4413 cet
889 4359 1188 4414 similitudo
1233 4359 1479 4426 quaedam
1527 4361 1854 4428 reperiatur,
1899 4364 2045 4430 quod
2090 4365 2209 4432 plus
2253 4376 2339 4419 est

770 4452 925 4520 fugit,
977 4451 1295 4518 relinquens
1343 4465 1428 4503 me
1461 4449 1602 4504 infra
1655 4467 1777 4506 cum
1831 4456 2100 4522 exemplo,
2151 4475 2169 4506 ι
2224 4466 2336 4511 tum

766 4543 1029 4610 deinceps
1070 4542 1262 4605 solem,
1293 4542 1501 4595 radium
1542 4552 1594 4596 et
1643 4544 1845 4608 lumen,
1878 4547 2342 4610 oculum,l'ontem

770 4643 826 4686 ct
871 4633 1117 4690 ﬂuvium,
1162 4634 1376 4700 aliaque
1437 4635 1617 4687 tenuis
1664 4636 2037 4690 similitudinis
2095 4641 2342 4706 exempla

771 4725 1048 4792 proponit.
1082 4723 1147 4776 Et
1185 4725 1276 4791 qui
1312 4740 1477 4778 aurea
1510 4726 1689 4796 lingua
1722 4729 1979 4796 prmditns
2011 4739 2124 4793 est,
2155 4731 2205 4783 in
2241 4732 2344 4784 Ex-

775 4815 1043 4885 positione
1101 4814 1473 4878 Psalinorum,
1525 4835 1543 4866 i
1591 4816 1784 4884 Radix,
1830 4821 1926 4881 ait,
1980 4821 2102 4874 lidei
2159 4821 2340 4885 Pater,

775 4922 959 4961 ramus
1004 4908 1468 4960 iminarccscibilis
1514 4907 1725 4973 Filius,
1772 4911 1980 4966 fructus
2019 4914 2343 4968 immortalis

774 4999 1011 5066 Spiritus
1054 5007 1296 5050 sanctus.
1330 5018 1348 5049 ι
1386 4999 1451 5052 Et
1482 5016 1548 5054 ex
1583 5002 1782 5056 divinis
1810 5002 2059 5058 Pati-ibus
2091 5006 2180 5058 alii
2229 5008 2343 5061 hac

769 5093 983 5152 eadem,
1022 5091 1107 5144 vel
1152 5092 1252 5143 alia
1302 5093 1452 5145 hisce
1507 5109 1616 5147 non
1669 5096 1977 5157 dissimilia,
2013 5111 2083 5150 ne
2128 5098 2343 5165 singula

774 5199 1090 5237 recenseam
1120 5225 1134 5248 ,
1181 5185 1382 5254 quibus
1415 5186 1600 5239 divi-na
1647 5198 1827 5242 mente
1865 5191 2076 5258 prmditi
2120 5190 2342 5255 Patres,

775 5267 848 5327 uti
878 5289 946 5329 cx
974 5279 1085 5328 sole
1117 5291 1209 5343 per
1237 5278 1448 5331 radium
1480 5278 1690 5340 lumen,
1721 5294 1788 5333 ex
1821 5280 1976 5333 Patre
2015 5296 2112 5349 per
2143 5279 2342 5334 Filium

774 5364 1006 5433 Spiritus
1033 5368 1428 5434 apparitionem
1465 5369 1798 5436 exprimunt,
1833 5371 1907 5423 uti
1941 5387 2008 5424 ex
2046 5372 2207 5424 oculo
2237 5372 2342 5425 llu-

772 5455 918 5508 vium
947 5471 1042 5522 per
1067 5456 1294 5519 fontem,
1316 5459 1389 5512 uti
1419 5474 1484 5512 ex
1515 5459 1700 5513 radice
1724 5475 1819 5527 per
1843 5476 2053 5514 ramum
2076 5461 2337 5516 fructum:

775 5548 856 5600 sic
883 5550 1048 5602 etiam
1096 5563 1160 5603 ex
1197 5549 1351 5604 radio
1399 5565 1694 5620 possumus
1742 5552 1948 5618 dicere,
1991 5569 2096 5608 nec
2128 5569 2239 5607 non
2278 5569 2342 5608 ex

776 5653 948 5701 ramo,
979 5649 1034 5693 et
1072 5656 1138 5694 ex
1176 5640 1346 5708 fonte,
1385 5648 1450 5699 de
1475 5659 1543 5698 eo
1571 5645 1716 5712 quod
1757 5645 2088 5721 exprimitur
2123 5661 2219 5714 per
2253 5644 2349 5699 Fi-

776 5732 910 5785 lium
940 5741 991 5784 et
1023 5748 1088 5786 ex
1121 5733 1279 5798 Filio,
1317 5749 1439 5790 cum
1482 5740 1653 5792 ambae
1702 5738 1786 5792 lia:
1833 5739 2244 5808 praepositiones
2289 5739 2344 5791 in

781 5822 1016 5877 naturali
1067 5824 1386 5896 progressus
1434 5830 1804 5896 mcdiatione,
1862 5831 1935 5884 uti
2019 5830 2342 5900 diviniloqul

2430 605 2708 672 διάφορον,
2740 605 2998 675 διάφορον
3041 604 3136 658 καὶ⁵
3161 605 3259 673 τὴν
3294 604 3485 672 κλῆσιν
3544 603 3722 656 αὐτῶν
3765 601 4017 665 πεποίη-

2430 711 2546 748 κεν.
2581 714 2600 747 ι
2651 695 2942 765 Ἀριδήλως
2975 696 3084 765 γάρ
3113 697 3175 748 ὲκ
3204 692 3298 747 τοῦ
3341 693 3600 762 διαφόρου
3650 692 3858 760 τρόπου
3923 685 4021 739 τοῦ

2431 787 2529 855 τῆς
2565 786 2876 856 ὑπάρξεως,
2899 787 2953 850 δς
2983 791 3015 856 ἡ
3056 788 3402 856 ἔκπόρευσις,
3433 786 3501 854 ἢν
3531 785 3794 851 ἑκφανσιν
3821 780 4019 832 ἐνθάδε

2431 880 2605 939 καλεῖ,
2637 880 2710 948 μὴ
2751 879 2812 932 τὸ
2837 880 3060 946 Πνεῦμα
3099 878 3226 931 Υίὺν
3251 875 3387 930 εἶναι
3413 876 3761 946 γνωρίζεται,
3825 875 3924 924 καὶ
3959 872 4022 922 τδ

2433 969 2537 1022 τῶν
2567 970 2812 1037 κλήσεων
2846 971 3096 1024 ἐντεῦθεν
3128 970 3419 1041 τρανοῦται
3471 970 3753 1037 διάφορον,
3810 967 3912 1017 καὶ
3957 964 4021 1015 τὸ

2431 1062 2741 1131 ἀδελφικῶς
2775 1062 2943 1132 ἄμφω
2969 1062 3210 1131 ἡνῶσθαι
3255 1062 3398 1113 κατὰ
3446 1059 3575 1120 τοὺς
3637 1057 4020 1126 αἱρετίζοντας

2431 1155 2848 1221 ἀποπέμπεται.
2881 1152 3045 1206 Ὅθεν
3078 1158 3168 1206 καὶ
3201 1156 3234 1223 ἡ
3282 1151 3580 1219 Ἐκκλησία
3604 1151 3714 1212 τοῖς
3771 1148 4020 1218 ῥηθεῖσιν

2433 1244 2635 1298 ἅπασιν
2681 1246 2921 1315 ἑπομένη
2977 1246 3253 1314 ψάλλουσα
3295 1242 3640 1313 μελῳδικῶς,
3678 1237 4013 1306 ἀνακράζει,

2440 1353 2458 1386 i
2508 1338 2751 1405 Ἀνάρχῳ
2803 1341 2898 1389 καὶ
2952 1337 3203 1407 γεννήσει
3259 1352 3318 1388 τε
3368 1335 3460 1386 καὶ
3524 1332 3735 1400 προόδῳ
3790 1329 4017 1394 Πατέρα

2435 1427 2727 1494 προσκυνῶ
2754 1427 2844 1480 τὸν
2866 1427 3229 1496 γεννήσαντα.
3265 1424 3396 1476 Υίὸν
3437 1422 3646 1486 δοξάζω
3694 1420 3786 1472 τδν
3819 1434 4034 1485 γεννη--

2436 1518 2618 1578 θέντα,
2647 1519 2802 1588 ὕμνῶ
2838 1519 2899 1570 τὸ
2922 1516 3321 1585 συνεκλάμψαν
3354 1516 3531 1584 “arpi.
3564 1514 3658 1567 καὶ
3693 1511 3808 1580 Υίῷ
3836 1508 4014 1563 [Ινεῦ-

2439 1627 2512 1679 μα
2537 1609 2713 1677 ἇγιον.
2750 1629 2768 1660 ι
2806 1610 2916 1663 Kal
2935 1611 3140 1662 τούτων
3163 1607 3337 1669 οὕτως
3356 1607 3607 1676 ἑχόντων,
3643 1603 3734 1656 τοῦ
3768 1601 3814 1654 τ’
3848 1601 4017 1669 ἀκρέ-

2441 1721 2598 1772 μονος
2635 1706 2692 1756 ὲν
2723 1702 3023 1770 θεολογίαις
3052 1701 3144 1753 ἐπί
3194 1719 3253 1753 τε
3293 1700 3574 1769 ῥημάτων,
3611 1699 3706 1750 καὶ
3735 1696 4020 1762 ὀνομάτων

2439 1797 2498 1848 ἐν
2530 1797 2644 1858 τοῖς
2679 1799 2756 1856 εἰς
2783 1795 2842 1846 τὸ
2865 1795 3019 1846 Θείον
3043 1793 3306 1860 δόγμασιν
3335 1789 3522 1851 ἁπλῶς
3556 1790 3651 1840 καὶ
3679 1789 3874 1855 φωνῆμ
3887 1801 4013 1838 ασιν

2368 1860 2408 1913 Β
2437 1885 2895 1953 ἀποφαινομένου,
2930 1903 2947 1935 i
2986 1883 3120 1935 Οὐδὲ
3147 1883 3251 1952 γὰρ
3284 1883 3412 1950 περὶ
3464 1879 3569 1931 τῶν
3595 1878 3880 1947 ὀνομάτων
3920 1876 4018 1938 ζυ-

2435 1977 2843 2043 γομαχήσομιν,
2878 1973 2983 2034 ἕως
3012 1973 3077 2025 ἂν
3111 1974 3188 2033 είς
3218 1973 3316 2042 τὴν
3345 1972 3514 2040 αὐτὴν
3552 1971 3757 2024 ἔννοιαν
3801 1970 3858 2020 αἱ
3893 1967 4021 2018 συὶ-

2435 2067 2598 2119 λαϐαὶ
2619 2068 2909 2135 φέρωσιν,δ
2932 2068 2965 2134 ἡ
2986 2065 3116 2134 περὶ
3134 2061 3200 2134 ἦς
3217 2065 3412 2131 ὀλόγος
3434 2063 3699 2134 ἐρώτησις
3721 2061 3886 2113 ποίαν
3907 2057 4021 2120 ἔξει

2435 2157 2532 2226 τὴν
2555 2157 2836 2220 σύστασιν,
2870 2155 3350 2226 είπεράσυνάγειν
3382 2153 3664 2221 ἐπείγεται
3689 2151 3805 2217 τὴν·
3833 2150 4020 2202 ἐκπό-

2429 2263 2666 2318 ρευσιν,
2689 2247 2860 2302 ταῦτα
2876 2249 2969 2302 καὶ
2996 2249 3294 2317 πρόχυσις
3317 2247 3601 2315 συναγάγῃ
3622 2246 3716 2297 καὶ
3732 2241 4021 2310 πρόοδος,

2434 2342 2751 2407 ἕκπεμψις,
2809 2341 3127 2406 πηγασμός
3199 2354 3257 2390 τε
3295 2337 3412 2390 καὶ
3459 2337 3779 2405 ἐκφανσις.
3855 2333 4023 2386 Ἀλλὰ

2437 2430 2668 2482 καθόλου
2691 2433 2780 2480 τὸν
2808 2429 3024 2499 ἔλεγχον
3048 2429 3345 2498 στήσαντες
3389 2429 3481 2480 καὶ
3506 2427 3644 2479 κατά
3687 2426 3853 2504 μέρος
3879 2423 4023 2474 διέλ-

2441 2523 2641 2590 θωμεν.
2684 2521 3074 2587 Ἐκπόρειισις
3108 2523 3140 2590 ἠ
3170 2520 3288 2572 κατ’
3321 2518 3611 2587 ἐρώτησιν,
3641 2517 3672 2585 ἦ
3701 2514 4021 2583 πρόοδοςὴ

2440 2613 2563 2666 καθ’
2598 2614 2763 2681 ήμᾶξ,
2801 2610 3106 2680 ζυγομαχία
3128 2611 3235 2679 γὰρ
3269 2608 3496 2678 οὐδεμία
3519 2607 3656 2660 κατὰ
3685 2607 3953 2662 διάνοιαν,
3989 2605 4021 2672 ἡ

2440 2707 2505 2757 ὲκ
2539 2703 2752 2771 Πατρδς
2805 2703 2898 2756 καὶ
2937 2702 3061 2753 Υίοῦ
3112 2701 3206 2752 τοῦ
3266 2699 3422 2768 ἁγίου
3475 2699 3813 2767 Πνεύματος,
3867 2697 4023 2761 ἁπλῆ

2439 2799 2554 2849 ἐστι
2589 2798 2678 2848 καὶ
2705 2795 2902 2855 ἐνιαία,
2936 2797 3031 2848 καὶ
3072 2794 3132 2846 οὐ
3165 2793 3352 2859 διπλῆ.
3419 2792 3607 2857 Ὅμως
3633 2793 3660 2841 ὁ
3707 2789 3930 2858 ἐρωτῶν
3963 2787 4025 2837 τὸ

2443 2889 2519 2956 μὴ
2551 2882 2691 2938 εἶναι
2737 2885 2997 2938 δύνασθαι
3029 2884 3235 2937 ἁπλοῦν
3263 2886 3326 2935 ἐκ
3352 2883 3558 2944 δυάδος,
3588 2882 3667 2941 είς
3699 2877 4024 2946 ἀνατροπὴν

2440 2978 2732 3047 λαμϐάνει,
2767 2978 3177 3047 παραδείγματι
3197 2975 3275 3045 τῷ
3297 2975 3391 3028 τοῦ
3426 2973 3661 3043 ἀριθμοῦ
3702 2973 3780 3032 εἰς
3811 2970 4026 3021 uiaru-

2441 3089 2526 3124 σιν
2556 3073 2854 3141 χρώμενος.
2889 3073 2947 3123 Ὀ
2974 3071 3102 3139 γοῦν
3126 3073 3183 3124 ἐν
3210 3070 3458 3139 θεολογία
3483 3069 3754 3138 γρήγορος
3775 3066 3901 3126 νοῦς
3923 3063 4024 3132 τὴν

2441 3165 2775 3236 ὕπεράρχιον
2805 3165 3009 3234 Τριάδα
3043 3164 3209 3215 θέλων
3247 3164 3512 3214 είκονίσαι
3543 3161 3677 3230 πρὸς
3718 3157 3926 3224 ἑαυτὴν
3948 3159 4025 3218 ὡς

2440 3256 2576 3325 ἔχει,
2611 3257 3021 3326 προαναφωνῶν
3053 3257 3246 3324 φθάνει
3272 3271 3287 3286 ⁸
3319 3273 3336 3305 i
3369 3255 3490 3306 Κᾶν
3513 3253 3774 3321 ὁμοίωσίς
3803 3268 3888 3311 τις
3929 3248 4023 3301 su-

2444 3348 2594 3417 ρεθῇ,
2629 3347 2822 3414 φεύγει
2854 3348 2914 3400 τὸ
2940 3348 3100 3399 πλέον
3129 3347 3265 3416 ἀφέν
3293 3363 3359 3414 με
3397 3346 3554 3418 κάτω
3581 3342 3827 3412 μετάτοῦ
3878 3344 4024 3394 ὑπο-

2439 3438 2750 3506 δείγματος,
2790 3457 2808 3490 ι
2870 3439 2963 3491 καὶ
3014 3439 3248 3508 καθεξῆς
3295 3437 3469 3506 ἥλιον,
3504 3437 3699 3488 ἀκτῖνα
3738 3435 3832 3486 καὶ
3869 3432 4019 3499 φῶς,

2439 3532 2742 3599 ὀφθαλμὸν,
2778 3535 2963 3603 πηγήν
2995 3550 3054 3585 τε
3089 3535 3183 3585 καὶ
3215 3533 3481 3601 ποταμὸν,
3513 3533 3607 3584 καὶ
3639 3530 3802 3582 λοιπά
3837 3546 4026 3597 παρα-

2441 3624 2645 3692 πλήσια
2657 3624 2754 3691 τῆς
2773 3625 3024 3692 ἀμυδράς
3039 3624 3355 3693 ὁμοιώσεως
3370 3626 3554 3694 τίθησι
3572 3622 4023 3692 παραδείγματα.

2443 3717 2511 3768 '0
2541 3733 2598 3769 τε
2627 3717 2863 3784 χρυσοῦς
2893 3715 2993 3785 τὴν
3042 3716 3293 3784 γλῶσσαν
3327 3719 3385 3768 ἐν
3417 3716 3736 3787 ἑρμηνείαις
3759 3717 3880 3775 ταῖς
3917 3713 4028 3764 τῶν

2441 3808 2712 3876 Ψαλμῶν,
2747 3825 2765 3858 i
2804 3808 2981 3872 Ῥίζα,
3017 3810 3174 3878 φησὶ,
3219 3808 3458 3870 πίστεως
3502 3809 3530 3860 ό
3586 3805 3798 3875 Πατὴρ,
3827 3803 4028 3864 κλάδος

2442 3902 2758 3970 ἀμάραντος
2789 3903 2816 3953 ό
2850 3901 2998 3964 Υίδς,
3032 3901 3244 3968 καρπὸς
3272 3901 3539 3960 ἀθάνατος
3569 3901 3630 3951 τδ
3676 3897 3905 3963 Πνεῦμα
3967 3894 4029 3945 τὸ

2442 3993 2617 4063 ἅγιον.
2656 4011 2674 4044 r
2705 3994 2816 4046 Καὶ
2848 3992 2954 4044 τῶν
2987 3992 3334 4061 θεοφορήτων
3383 3992 3535 4044 ἄλλοι
3569 3991 3636 4043 τὰ
3666 3990 3829 4050 αὐτὰ,
3856 3985 4030 4054 ἕτερά

2440 4106 2499 4140 τε
2527 4087 2734 4148 τούτοις
2774 4086 3129 4155 παρεμφερῆ,
3164 4085 3250 4136 ἵνα
3275 4084 3348 4154 μὴ
3375 4083 3749 4152 ἀπαριθμοίην
3781 4081 4029 4133 καθὲκα-

2444 4195 2564 4238 στα,
2598 4178 2658 4240 ἐξ
2689 4172 2764 4229 ῶν
2798 4178 2848 4228 oi.
2895 4177 3206 4244 θεόφρονες,
3262 4175 3336 4238 ὡς
3370 4177 3432 4227 ὲκ
3463 4174 3557 4227 τοῦ
3609 4174 3763 4244 ἡλίου
3799 4173 3891 4224 διὰ
3927 4172 4030 4240 τῆς

2443 4275 2661 4334 ἀκτῖνος
2688 4271 2748 4323 τὸ
2780 4269 2914 4337 φῶς,
2935 4271 3032 4338 τὴν
3060 4271 3122 4322 ὲκ
3152 4269 3367 4338 [ἰατρὸς
3392 4268 3457 4321 δι’
3486 4267 3612 4321 1⁸ίοῦ
3643 4267 3736 4318 τοῦ
3764 4265 4030 4333 Πνεύμα·

2441 4380 2532 4425 τος
2562 4360 2922 4424 είκονίζουσιν
2956 4361 3239 4428 ἓκφανσιν,
3291 4360 3367 4423 ὡς
3393 4362 3455 4412 ἐκ
3485 4359 3579 4412 τοῦ
3610 4358 3898 4425 ὀφθαλμοῦ
3933 4357 4028 4408 τὸν

2449 4455 2696 4524 ποταμὸν
2741 4454 2828 4507 διά
2862 4453 2962 4521 τῆς
3009 4453 3212 4521 πηγῆς,
3247 4453 3324 4514 ῶς
3355 4454 3418 4503 ὲκ
3450 4453 3544 4520 τῆς
3602 4451 3754 4522 ῥίζης
3807 4450 3894 4502 διὰ
3931 4448 4027 4500 τοῦ

2376 4527 2419 4582 D
2449 4548 2644 4601 κλάδον
2677 4548 2768 4600 τὸν
2815 4547 3028 4616 καρπόν
3049 4561 3062 4577 ο
3125 4545 3263 4597 ἀλλὰ
3316 4545 3409 4596 καὶ
3441 4547 3503 4595 ὲκ
3531 4545 3625 4613 τῆς
3658 4545 3875 4603 ἀκτῖνος
3909 4542 4026 4593 ἔστι

2445 4639 2643 4706 λέγειν,
2675 4642 2737 4690 ὲκ
2770 4639 2862 4690 τοῦ
2899 4638 3095 4691 manu
3131 4654 3190 4689 τε
3250 4637 3345 4688 καὶ
3375 4640 3438 4688 ἐκ
3469 4637 3566 4702 τῆς
3605 4636 3809 4702 πηγῆς,
3843 4635 3936 4685 ὲττί
3967 4649 4025 4684 τε

2445 4732 2537 4784 τοῦ
2572 4730 2972 4798 εἰκονιζομένου
3002 4729 3068 4780 δι’
3097 4729 3228 4781 Υἱοῦ
3260 4745 3317 4780 τε
3349 4731 3438 4778 καὶ
3467 4728 3523 4792 ἐξ
3562 4725 3692 4778 Υίοῦ
3739 4726 4024 4795 ἑκατέρων

2445 4822 2585 4874 κατά
2605 4823 2727 4880 τοὺς
2759 4821 3060 4888 θεηγόρους
3097 4818 3409 4889 προθέσεων
3444 4820 3534 4870 ἐπὶ
3563 4821 3630 4885 τῇ
3671 4820 3872 4883 φυσικῇ
3921 4833 4023 4884 με-

2449 4914 2621 4982 σιτείᾳ
2654 4913 2753 4980 τῆς
2788 4911 3017 4979 προόδου
3061 4911 3122 4961 τὸ
3174 4909 3577 4976 ταυτοδύναμον
3621 4908 3882 4976 ἐχουσῶν.
3913 4906 4023 4959 Τοῦ

2451 5005 2635 5073 μέντοι
2664 5022 2735 5071 γει
2764 5004 3076 5072 ἐρωτῶντος
3108 5005 3236 5071 μήτ’
3269 5006 3328 5055 ἐν
3359 5003 3561 5066 ἄλλοις,
3596 5002 3722 5070 μήτ’
3760 5005 3819 5051 ὲν
3845 5019 4023 5069 παρα-

2445 5097 2701 5164 δείγμασι
2761 5098 2872 5156 τοῖς
2910 5098 2971 5146 ἐκ
3021 5095 3130 5145 τῶν
3173 5094 3358 5146 θεόθεν
3389 5095 3714 5163 προηγόρων
3740 5094 3839 5160 τῆς
3871 5093 4025 5144 εὐσε-

2447 5189 2598 5251 ϐείας
2641 5186 3011 5257 ἐνασμενίζειν
3042 5187 3266 5256 βεϐουλη
3278 5188 3458 5254 μένου.
3485 5190 3596 5248 τοῖς
3622 5186 3666 5238 δ’
3690 5186 3905 5237 οἴκοθεν
3927 5186 4022 5236 καὶ

2445 5279 2507 5330 τὸ
2543 5279 2806 5345 σφέτερον
2834 5277 2898 5346 δὴ
2928 5276 3084 5329 τοῦτο
3115 5277 3356 5344 δειχθείη
3391 5275 3465 5346 μὴ
3499 5277 3635 5346 πρὸς
3662 5275 3852 5337 αὑτοῦ,
3886 5279 4024 5345 πρὲς

2445 5367 2501 5420 δὲ
2533 5369 2632 5436 τῆς
2680 5367 2941 5436 ἀληθείας
2990 5365 3259 5434 ὑπάρχον,
3321 5366 3396 5425 ib;
3453 5359 3599 5418 οὗτοι
3649 5364 4021 5434 φωτοϐολοῦσι

2449 5460 2746 5526 φανότατα.
2795 5455 3054 5525 Ἀριθμὸς
3100 5457 3196 5526 μὶν
3221 5458 3330 5524 γάρ
3367 5454 3461 5508 τοῦ
3493 5455 3858 5523 διωρισμένου
3889 5455 4021 5524 παρ’

2448 5545 2510 5605 οὗ
2539 5551 2804 5619 πέφυκεν,
2861 5551 2923 5601 οὐ
2981 5548 3078 5601 τοῦ
3113 5547 3391 5618 συνεχοῦς,
3443 5539 3536 5599 καὶ
3566 5546 3706 5598 κατά
3736 5546 4021 5615 διορισμδν

2453 5641 2755 5712 μοναδικῶς
2780 5640 3050 5709 πρόεισιν,
3079 5639 3200 5707 οὐχὶ
3223 5639 3364 5690 κατὰ
3391 5636 3660 5698 σύνθεσιν,
3703 5637 3766 5688 ὲκ
3790 5636 4018 5704 μονάδος

2450 5737 2603 5797 δυάς,
2634 5735 2730 5787 καὶ
2760 5735 2822 5786 ἐκ
2849 5733 3040 5795 δυάδος
3067 5732 3225 5801 τριὰς
3255 5731 3316 5782 οὔ
3347 5729 3787 5796 συντεθειμένης,
3823 5727 3937 5779 ἀλλ’
3959 5733 4018 5779 ἑκ

2451 5827 2636 5890 δυάδος
2669 5826 2746 5890 ῶς
2777 5827 2915 5896 πρὸς
2959 5822 3161 5894 μονάδι
3182 5824 3281 5895 τὴν
3313 5822 3417 5894 πρὸ
3450 5822 3641 5890 αὐτῆς,
3689 5821 3722 5892 ἢ
3749 5823 3810 5872 ἐκ
3859 5820 4018 5889 μονά-
