4220 6444
132 443 287 510 1285

1355 440 1673 505 GEORGII
1720 438 2177 506 METOCHI'LE

3258 437 3394 501 1286

122 556 223 618 δος
267 558 357 610 διὰ
388 556 581 619 δυάδος
595 555 789 625 ἁπλῆς.
816 554 1073 613 Ἐπιὶοῖν
1094 560 1152 613 rb
1172 560 1324 613 Θεῖον
1348 560 1405 614 ἓν
1441 562 1535 614 καὶ
1555 561 1788 631 τριάς“Α

1722 565 1789 623 Ἀ
1819 558 2002 615 Patres
2033 561 2371 616 asseverant,
2408 556 2594 609 eadem
2624 554 2671 609 vi
2716 554 2975 624 polleant.
3024 553 3233 609 Etenim
3266 571 3388 610 cum

128 649 284 711 ἐστι,
305 650 399 700 καὶ
423 648 495 709 ὡς
532 648 627 713 μὲν
660 650 718 701 ἓν
762 652 1141 721 άπαράδεκτὸν
1172 654 1287 705 ἐστι
1339 654 1431 706 καὶ
1462 651 1719 721 ἀριθμοῦ,

127 741 234 791 καὶ
273 740 600 807 μεσίτητος,
626 742 719 793 καὶ
748 742 976 806 τάξεως,
1013 742 1109 795 καὶ
1135 745 1243 795 τῶν
1290 742 1575 795 τοιούτων·
1619 743 1722 795 ποῦ

128 831 251 895 γὰρ
277 828 358 896 τῷ
391 828 471 880 ἐνὶ
507 831 581 897 τῷ
605 832 743 901 ὑπὲρ
768 835 875 885 πᾶν
905 832 961 883 ἓν
995 832 1107 885 ὄντι
1129 834 1291 885 ποσὸν
1315 834 1404 885 καὶ
1439 834 1600 902 μέσον
1628 836 1723 887 καὶ

126 920 296 983 τάξις
326 924 382 971 ἐν
407 922 651 974 πλείοσιν
686 923 717 990 ἢ
756 924 900 991 τρισὶ
932 925 1282 993 τούλάχιστον
1306 926 1460 975 τςυτὶ
1496 925 1724 995 θεωρούι

132 1027 282 1077 μενα
306 1028 320 1071 ;
341 1012 414 1073 ὡς
433 1012 487 1064 δὲ
512 1013 633 1079 τρία
654 1013 859 1065 τούτων
886 1017 1002 1067 ἐστι
1020 1015 1073 1067 δε
1085 1015 1290 1075 κτικὲν,
1314 1016 1451 1083 πὶὴν
1472 1016 1562 1067 καὶ
1581 1016 1722 1068 οὕτω

130 1104 602 1171 θεοπρεπῶς,καὶ
638 1110 757 1166 ταῖς
786 1109 910 1177 περὶ
930 1107 1065 1161 Θεοῦ
1098 1109 1446 1177 καταλλήλως
1470 1112 1719 1171 ἐννοίαις,

130 1198 238 1245 καὶ
284 1197 349 1247 rb
373 1196 467 1247 τοῦ
520 1197 751 1267 ἀριθμοῦ
812 1201 1160 1268 παράδειγμα
1216 1201 1308 1255 τοῦ
1366 1203 1722 1271 διωρισμένου

128 1286 313 1337 ποσοῦ
335 1290 602 1357 τυγχάνον
635 1293 715 1350 εἰς
745 1292 1001 1345 εἰκασίαν
1028 1292 1542 1363 παραληρθήσεται.
1574 1293 1715 1345 καθὸ

128 1378 235 1427 καὶ
268 1378 302 1445 ὴ
333 1377 504 1446 rma;
543 1379 860 1448 διορίζεται,
882 1384 999 1443 ταῖς
1028 1382 1169 1434 κατὰ
1196 1383 1295 1452 τὴν
1329 1384 1554 1453 πρόοδον
1594 1384 1723 1435 ὑπο-

130 1472 434 1530 στατικαῖς
467 1469 711 1537 ἰδιότησι.
766 1474 1069 1538 Διαιρεῖται
1102 1475 1209 1542 γὰρ
1242 1476 1591 1544 άδιαιρέτως,
1628 1477 1719 1527 καὶ

125 1561 483 1611 συνάπτεται
516 1560 862 1631 διῃρημένοις
884 1564 957 1631 τῷ
991 1566 1281 1633 παραδόξῳ
1313 1564 1410 1632 τῆς
1440 1564 1593 1627 θείας
1621 1584 1719 1634 με·

129 1649 522 1718 γαλειέτητος.
582 1652 689 1705 Τοῦ
736 1654 928 1706 λοιποῦ
989 1659 1225 1727 πρόσχες
1288 1658 1421 1723 πρὶς
1481 1659 1615 1711 Θεοῦ
1692 1662 1721 1713 ὁ

128 1741 443 1808 ἀκροατής.
469 1744 811 1811 Προθίμενος
835 1749 861 1797 ὁ
892 1748 1131 1816 ιρωτῶν,
1154 1750 1240 1810 ὡς.
1259 1749 1713 1821 διαπορούμενος,

131 1831 261 1893 πῶς
280 1836 346 1884 ὲκ
373 1834 470 1902 τῆς
488 1836 654 1888 asto»
672 1836 862 1900 δυάδος
882 1838 942 1891 rb
960 1838 1015 1891 ἐν
1036 1836 1177 1892 εἶναι
1195 1841 1440 1904 δύναται,
1464 1846 1556 1895 καὶ
1581 1860 1719 1912 παρ-

1829 648 2191 713 inlerrogans,
2225 659 2401 714 neque
2468 645 2588 697 aliis
2624 660 2800 715 neque
2830 643 3111 711 exemplis,
3134 645 3234 711 qui
3268 660 3391 698 eum

1826 747 2246 806 prmcesscrunt,
2294 737 2601 789 divinorum
2655 737 2867 804 pietatis
2912 736 3258 805 principum,
3300 738 3395 790 sed

1827 830 2064 898 propriis
2095 828 2328 891 insistat,
2372 841 2562 880 eorum
2590 843 2805 895 quoque
2840 830 2981 882 dicta
3016 845 3121 882 non
3151 829 3218 891 ab
3248 829 3394 897 ipso,

1826 921 1920 973 sed
1959 936 1987 974 a
2022 922 2251 974 veritate
2286 920 2619 979 emanantia,
2655 920 2733 971 uti
2770 920 2844 972 illi
2890 921 3223 975 lucidtssime
3256 921 3395 975 irra-

1824 1013 1993 1078 diare,
2032 1013 2511 1066 dentonstraliitur.
2545 1010 2814 1064 Numerus
2846 1013 2990 1064 enim
3015 1014 3171 1066 divisi
3202 1022 3306 1077 est,
3329 1031 3393 1070 ex

1822 1120 1932 1173 quo
1965 1105 2258 1166 enascitur,
2296 1119 2402 1155 non
2432 1103 2699 1166 continui,
2730 1113 2785 1155 et
2832 1105 3128 1157 secundum
3169 1106 3395 1162 divisio-

1824 1210 1947 1248 nem
1997 1194 2342 1265 singulariter
2376 1194 2650 1261 provenit,
2684 1209 2791 1246 non
2825 1194 3125 1247 secundum
3171 1211 3395 1264 compo-

1824 1288 2097 1349 sitionem,
2131 1303 2195 1340 ex
2233 1287 2441 1339 unitate
2477 1286 2730 1347 dualitas,
2762 1297 2814 1339 et
2847 1302 2910 1339 ex
2941 1288 3201 1340 dualitate
3241 1290 3395 1350 trias,

1823 1394 1929 1431 non
1960 1393 2077 1447 qua:
2128 1386 2510 1445 componatur.
2545 1377 2638 1431 sed
2690 1394 2755 1431 ex
2801 1379 3059 1432 dualitate
3110 1380 3276 1433 veluti
3327 1382 3395 1438 ad

1823 1469 2087 1521 unitatem
2115 1510 2129 1530 ,
2159 1483 2278 1536 qttre
2308 1476 2433 1520 ante
2464 1468 2633 1536 ipsam
2667 1477 2770 1531 est,
2806 1476 2897 1520 aut
2936 1484 3000 1523 ex
3046 1469 3254 1523 unitate
3298 1484 3397 1540 per

1823 1559 2137 1612 dualitatcm
2166 1559 2492 1629 simplicem.
2526 1560 2755 1623 Quando
2790 1560 2953 1631 igitur
2980 1561 3120 1615 Deus
3150 1579 3314 1616 unum
3342 1572 3397 1618 et

1820 1650 2035 1701 trinitas
2065 1659 2168 1711 est,
2197 1659 2253 1702 et
2305 1658 2363 1701 ut
2411 1665 2600 1710 unum,
2639 1666 2820 1719 neque
2854 1667 3181 1713 numerum,
3217 1668 3395 1718 neque

1822 1741 2081 1804 medium,
2128 1756 2304 1808 neque
2362 1742 2636 1807 ordinem,
2665 1758 2843 1811 neque
2902 1743 3099 1796 similia
3146 1744 3394 1812 suscipit.

1822 1832 2108 1887 Undenam
2156 1833 2301 1886 enim
2353 1834 2406 1887 in
2460 1850 2589 1898 uno,
2617 1836 2760 1905 quod
2803 1852 2966 1903 supra
3011 1851 3172 1891 omne
3223 1852 3392 1890 unum

128 1924 305 1983 5220');
337 1928 434 1996 τὴν
461 1929 640 1980 αἰτίαν
670 1930 967 1997 ἐπαγαγὼν
996 1932 1092 1983 τοῦ
1126 1933 1199 2003 μὴ
1237 1933 1483 1993 δυνατδν,
1515 1933 1593 2002 τῷ
1618 1934 1716 2003 τὴν
1746 1922 1792 1981 Β

1746 1922 1792 1981 Β
1820 1934 1921 1985 est,
1967 1935 2021 1978 et
2063 1926 2338 1994 quantitas
2380 1934 2434 1980 et
2469 1927 2708 1981 medium
2745 1937 2799 1983 et
2839 1929 2975 1982 ordo
3026 1929 3081 1982 in
3121 1929 3394 1999 pluribus,

136 2018 353 2085 μονάδα
374 2018 551 2071 αἰτίαν
568 2016 812 2074 εἶναικαὶ
838 2025 898 2075 οὗ
916 2022 1105 2089 δυάδα,
1124 2025 1198 2088 ὡς
1219 2027 1416 2077 ἐθέλων
1436 2026 1521 2078 διὰ
1546 2027 1720 2095 μέσης

134 2112 474 2175 προτάσεως
501 2112 617 2180 τῆς,
636 2114 720 2166 ὅτι
747 2114 806 2166 ἒν
823 2114 883 2167 rb
918 2117 1087 2168 αἴτιον
1108 2118 1198 2169 καὶ
1214 2120 1275 2169 οὗ
1299 2116 1410 2181 δὺο,
1428 2134 1491 2169 συ
1503 2122 1717 2187 μπερά-

134 2218 233 2252 ναι
258 2202 324 2254 τὸ
354 2202 429 2271 μὴ
462 2206 527 2256 ὲκ
559 2204 668 2257 τῶν
697 2206 791 2257 δύο
828 2207 889 2258 τὸ
914 2205 974 2259 ἓν
1003 2204 1173 2260 εἶναι·
1204 2209 1361 2262 τοῦτο
1384 2212 1490 2279 γάρ
1521 2212 1719 2281 ἀπῄτει

133 2291 203 2344 τὸ
239 2294 517 2361 προταθὲν
548 2298 606 2361 ἐξ
628 2298 874 2367 ἀνάγκης
898 2313 912 2328 ⁶
939 2302 965 2351 ὁ
988 2299 1041 2352 δὲ
1063 2301 1149 2354 διὰ
1178 2302 1286 2353 τῶν
1318 2302 1520 2369 μεταξὺ
1547 2302 1721 2367 λόγων

137 2382 283 2435 αὐτὸ
323 2384 524 2451 μᾶλλον
554 2390 999 2454 κατασκευάσας,
1034 2390 1089 2441 ὲν
1113 2385 1193 2453 οἷς
1222 2407 1387 2459 φησιο
1424 2394 1589 2459 μονὰς
1614 2393 1722 2460 γάρ

137 2476 224 2535 εἱς
250 2474 422 2528 δυάδα
448 2480 700 2541 κινεῖται,
727 2480 981 2531 κάκεῖθεν
1010 2481 1088 2541 είς
1128 2480 1358 2546 Τριάδα,
1390 2478 1548 2533 τοῦτο
1576 2480 1630 2532 δὲ
1668 2481 1721 2533 τί

139 2565 304 2631 ἄλλο,
338 2568 372 2636 ἢ
397 2570 479 2620 ὅτι
508 2570 574 2621 ἐκ
622 2572 849 2638 μονάδος
886 2573 1038 2640 δυάς,
1080 2574 1173 2625 καὶ
1199 2575 1263 2624 ὲκ
1294 2572 1484 2635 δυάδος
1541 2571 1720 2641 τριὰς,

138 2656 288 2726 ὅπερ
320 2658 381 2708 rb
430 2657 487 2709 ἐν
537 2660 678 2712 κατὰ
729 2660 790 2713 rb
815 2662 1173 2733 διωρισμένον
1212 2662 1305 2716 τοῦ
1360 2664 1619 2733 ἀριθμοῦ,
1648 2663 1722 2727 ὼς

141 2747 451 2817 ἐλέγομενς
481 2748 510 2802 δ
536 2754 629 2804 καὶ
652 2753 679 2803 ὁ
713 2753 1044 2822 περίπυστος
1078 2756 1135 2807 ὲν
1164 2755 1413 2826 θεολογίᾳ
1445 2744 1721 2825 συντίθησι

140 2839 416 2905 φάσκων·
451 2858 470 2891 t
531 2843 711 2903 Μονὰς
755 2846 865 2911 γὰρ
898 2846 977 2906 είς
1022 2846 1188 2898 δυάδα
1237 2848 1519 2914 κινηθεῖσα
1562 2849 1722 2915 μέχρι

142 2928 386 2998 Τριάδος
416 2931 545 2999 ἔστη
567 2949 581 2961 ο
612 2950 631 2983 ι
668 2934 998 3003 συνεπέρανε
1019 2935 1079 2987 rb
1108 2935 1181 3005 μὴ
1211 2936 1279 2987 τὰ
1294 2936 1385 2988 δύο
1406 2936 1554 2988 αἴτια
1585 2934 1723 2990 εἶναι

141 3020 243 3071 τοῦ
280 3020 416 3084 ένὸς,
472 3023 607 3075 ἀλλὰ
656 3025 716 3075 rb
750 3023 809 3074 ἓν
844 3026 950 3077 τῶν
977 3025 1091 3078 δύο.
1152 3026 1307 3078 Ἐστι
1335 3027 1392 3079 δὲ
1428 3028 1601 3079 αἴτιον
1631 3026 1721 3079 τοῦ

140 3110 529 3173 ἀνακολούθως
554 3111 713 3176 οὕτω,
744 3113 839 3165 καὶ
871 3113 949 3183 μὴ
978 3115 1119 3166 κατὰ.
1142 3114 1201 3166 rb
1242 3114 1723 3184 προσληματισθὲν

141 3200 206 3252 rb
248 3202 622 3272 συμπέρασμα
658 3204 869 3268 θέσθαι,
925 3205 986 3257 τὸ
1019 3206 1225 3259 οἴεσθαι
1274 3207 1367 3259 δύο
1412 3208 1558 3260 αίτια
1608 3208 1721 3259 εἰσο

143 3294 331 3361 άγειν,
370 3296 414 3346 εί
446 3294 593 3362 λέγει
623 3313 709 3359 τις
738 3298 803 3349 ἐκ
837 3297 947 3349 τῶν
970 3298 1063 3351 δύο
1087 3299 1145 3351 rb
1175 3299 1255 3354 ἓν.
1289 3300 1457 3352 Τοῦτο
1487 3301 1543 3352 δὲ
1567 3301 1723 3353 οὖία-
1748 3264 1791 3326 c

144 3386 301 3454 μῶς.
339 3387 495 3440 Ἐστι
526 3388 627 3456 μὲν
658 3389 770 3459 γὰρ
811 3391 875 3442 ὲκ
898 3391 1089 3453 δυάδος
1118 3392 1177 3443 rb
1204 3390 1281 3454 ἓν,
1311 3394 1374 3444 ὲκ
1409 3391 1502 3444 δύο
1523 3391 1723 3461 δηλαδὴ

148 3477 401 3545 μονάδων
432 3480 588 3549 τρίτη
620 3482 807 3547 μονάς.
849 3482 910 3533 Εἰ
943 3483 1038 3551 μὲν
1062 3479 1155 3536 οὖν
1189 3486 1253 3535 ὲκ
1286 3482 1379 3535 δύο
1407 3484 1725 3553 άντιδιηρη-

149 3572 338 3641 μένων
369 3569 455 3642 ἦν,
487 3574 518 3642 ἦ
566 3574 910 3644 διῃρημὶνων
962 3574 1156 3637 οὕτως,
1206 3574 1279 3637 ὡς
1312 3575 1372 3626 rb
1432 3576 1617 3644 ἕτερον
1649 3576 1724 3645 μὴ

146 3666 289 3730 rrpb;
318 3666 377 3717 rb
397 3666 581 3733 ἕτερον
606 3668 998 3737 ἀναφέρεσθαι,
1029 3670 1153 3738 μήτ’
1178 3670 1235 3734 ἐξ
1258 3669 1467 3721 ἐκείνου
1499 3669 1561 3721 rb
1585 3666 1722 3723 εἶναι

144 3754 323 3821 ἔχειν,
362 3758 495 3822 μήτε
526 3756 796 3825 μεσότητα
822 3757 921 3825 τὴν
952 3758 1094 3809 κατὰ
1122 3760 1216 3827 τὴν
1250 3758 1503 3827 πρόοδον*
1615 3760 1724 3829 γάρ

146 3846 222 3898 ἂν
263 3841 329 3915 ἦν
350 3845 509 3908 οὕτω,
537 3848 630 3899 καὶ
660 3848 722 3897 rb
758 3847 940 3916 τρίτον
975 3849 1037 3901 οὐ
1070 3849 1269 3917 τρίτον,
1295 3849 1430 3901 ά).ὶά
1474 3849 1723 3918 δεύτερον

148 3937 439 4006 ἑκατέρων
466 3936 618 3991 ἔνθεν
652 3939 745 3991 καὶ
770 3937 923 3991 ἐνθεν
954 3938 1363 4009 θεωρουμένων,
1384 3942 1476 3993 καὶ
1500 3942 1559 3993 οὐ
1585 3944 1725 3995 κατὰ

145 4030 253 4097 τὴν
293 4030 416 4098 ἑξῆς
450 4029 775 4098 τοπαράπαν
805 4028 1125 4097 προέλευσιν
1145 4048 1159 4062 ·
1202 4033 1428 4094 εἰκότως
1478 4033 1545 4086 ἂν
1574 4035 1601 4085 6
1624 4034 1725 4101 τῆς

144 4119 439 4187 δ-ηδαρχίας,
500 4120 595 4171 καὶ
650 4121 751 4189 τῆς
797 4119 992 4188 διπλῆς
1039 4120 1219 4181 αἰτίας
1248 4121 1401 4188 λόγος
1432 4123 1719 4192 είσήγετοο

145 4212 280 4263 ἐπεὶ
307 4210 366 4263 δὲ
392 4208 565 4263 ταῦτα
594 4210 737 4263 κατὰ
764 4211 823 4263 rb
856 4210 1116 4276 ἔμπαλιν,
1152 4211 1246 4264 καὶ
1282 4214 1315 4283 η
1346 4214 1502 4284 τρίτη
1552 4216 1722 4283 μονὰς

143 4303 239 4355 διὰ
276 4302 373 4371 τῆς
411 4303 582 4370 μέσης
633 4301 858 4371 μονάδος
884 4303 947 4354 ὲκ
975 4301 1075 4370 τῆς
1110 4302 1331 4370 πρώτης
1363 4302 1455 4355 καὶ
1487 4303 1725 4373 ἀρχικῆς

145 4396 212 4447 rb
246 4389 387 4445 εἶναι
417 4392 655 4457 πλουτεῖ,
706 4393 828 4447 ὅθεν
876 4394 972 4446 καὶ
1009 4394 1043 4463 ἡ
1077 4392 1214 4463 μέση
1250 4394 1454 4463 μονάς’
1514 4396 1723 4448 ἐκεῖθεν

145 4486 263 4554 ἄρα
296 4488 390 4536 καὶ
422 4486 521 4555 τὴν
550 4486 729 4539 αἰτίαν
767 4486 936 4549 ἕλκει,
968 4485 1228 4553 κάκείνην
1272 4487 1450 4556 ἀρχὴν
1478 4480 1588 4540 οἶδε
1629 4487 1722 4539 καὶ

1819 2025 1915 2069 aut
1944 2017 2115 2070 tribus
2146 2018 2429 2072 minimum
2476 2018 2951 2075 considerat-eris?
2990 2020 3074 2075 Uti
3121 2036 3246 2076 vero
3293 2021 3393 2074 tria

1823 2106 1957 2169 lucc,
1991 2106 2083 2159 sed
2118 2106 2304 2160 divino
2338 2108 2575 2176 quodam
2626 2110 2809 2172 modo,
2858 2120 2915 2165 et
2965 2112 3395 2182 cogitationibus

1821 2196 1931 2250 Deo
1973 2198 2089 2266 ipso
2130 2198 2523 2253 adtlecentibus
2560 2201 2817 2264 admittit,
2851 2211 2906 2255 et
2938 2205 3250 2272 exemplum
3290 2220 3396 2257 nu-

1823 2288 1981 2349 meri,
2012 2289 2103 2356 qui
2145 2287 2524 2344 deterntinata:
2556 2292 2878 2359 quantitatis
2912 2302 2997 2348 est
3037 2295 3091 2347 in
3138 2295 3396 2349 similitu-

1820 2378 2003 2431 dinem
2049 2392 2376 2442 assumetnr,
2428 2396 2549 2435 cum
2601 2392 2655 2435 et
2685 2382 2921 2437 Trinitas
2969 2386 3395 2454 preprietatibus

1821 2471 2121 2525 secundum
2152 2488 2500 2543 progressum
2536 2474 2967 2541 determinetur;
2997 2492 3231 2545 namque
3257 2478 3397 2531 indi-

1821 2562 1936 2617 vise
1964 2562 2245 2629 dividitur,
2287 2574 2339 2617 et
2374 2564 2547 2619 divise
2578 2565 2891 2621 admirabili
2925 2568 3123 2623 divinae
3151 2570 3397 2637 magniﬁ-

1822 2655 2022 2709 centia:
2062 2656 2223 2710 modo
2275 2657 2646 2727 conjnngitur.
2696 2657 2915 2712 Interim
2955 2668 3163 2715 attento
3213 2662 3397 2717 animo

1822 2745 1897 2799 sis
1930 2761 2026 2815 per
2061 2747 2248 2809 Deum,
2277 2762 2309 2801 ο
2334 2749 2564 2803 auditor.
2591 2748 2726 2805 Cum
2756 2750 3102 2819 interrogans
3134 2752 3235 2805 sibi
3267 2769 3394 2823 pro-

1823 2839 2116 2907 posuisset,
2154 2840 2310 2908 quasi
2353 2841 2698 2905 addubitans,
2724 2858 2829 2911 qua
2856 2846 3064 2898 ratione
3096 2860 3159 2898 ex
3202 2846 3397 2899 imma-

1825 2930 2021 2983 teriato
2059 2931 2271 2997 duplari
2320 2946 2547 2986 numero
2578 2950 2745 2988 ttnum
2797 2950 2920 2988 esse
2973 2936 3164 3005 possit,
3212 2947 3266 2992 et
3301 2955 3398 3008 per

1824 3035 1983 3089 quam
2014 3021 2196 3073 subito
2223 3037 2438 3075 causam
2474 3024 2770 3079 adnectens
2812 3025 2924 3078 ﬁeri
2976 3041 3083 3081 non
3130 3042 3306 3096 posse,
3339 3037 3398 3084 ut

1825 3111 2005 3165 unitas
2034 3126 2194 3164 causa
2229 3112 2319 3174 sit,
2352 3121 2407 3166 et
2429 3129 2536 3167 non
2566 3114 2744 3168 dualis
2770 3131 3051 3182 numerus,
3082 3118 3239 3185 quasi
3280 3120 3397 3173 vel-

1825 3201 1898 3256 let
1939 3218 2034 3271 per
2074 3202 2306 3257 mediam
2346 3205 2796 3274 prepositionem,
2846 3222 3013 3261 unum
3047 3224 3242 3278 nempe
3275 3226 3397 3266 esse

1825 3311 2046 3349 causam
2090 3306 2146 3351 et
2188 3312 2297 3350 non
2328 3299 2459 3359 duo,
2496 3298 2821 3353 concludere
2856 3316 3023 3353 unum
3073 3317 3139 3355 es
3183 3302 3396 3359 duobus

1825 3402 1932 3441 non
1963 3402 2122 3441 esse:
2156 3388 2257 3443 hoe
2286 3390 2557 3458 siquidem
2591 3389 2732 3458 quod
2760 3393 3039 3458 preposuit
3075 3396 3393 3449 necessario

1827 3479 2153 3546 requirebat,
2187 3480 2300 3549 ipse
2333 3481 2688 3535 nihilominus
2724 3497 2821 3551 per
2850 3482 3203 3551 interpositas
3228 3490 3393 3539 ratio-

1825 3586 1924 3625 nes
1954 3570 2005 3625 id
2034 3573 2207 3639 ipsutn
2230 3574 2398 3642 magis
2421 3574 2729 3637 conﬁrmat,
2755 3589 2880 3627 cum
2914 3574 2987 3629 ait
3009 3575 3223 3631 :Unitas
3245 3578 3391 3633 enim

1827 3662 1879 3714 in
1918 3662 2233 3717 dualitatctn
2271 3674 2537 3728 movetur,
2583 3664 2815 3734 indeque
2851 3667 2905 3720 in
2952 3668 3287 3733 trinitatem,
3338 3668 3395 3725 id

1828 3769 1957 3807 vero
1988 3754 2115 3823 quid
2143 3764 2225 3809 est
2252 3754 2395 3807 .tliud
2426 3772 2586 3823 quant
2620 3770 2683 3809 ex
2719 3756 2923 3811 unitate
2950 3757 3203 3823 dualitas,
3242 3769 3295 3813 et
3324 3775 3394 3813 ex

1826 3846 2085 3899 dualitate
2114 3846 2353 3911 trinitas,
2383 3847 2526 3915 quod
2557 3858 2640 3900 est
2677 3863 2843 3900 unum
2886 3850 3184 3904 secundum
3215 3851 3396 3904 deter-

1826 3935 2089 3989 minatum
2127 3952 2431 3999 numerum,
2465 3945 2523 3989 ut
2557 3937 2912 3991 dicebamus?
2942 3946 2995 3992 et
3035 3940 3090 3992 in
3125 3939 3394 4009 theologia

1827 4027 2168 4096 [meceIebris
2202 4027 2513 4091 concordat,
2546 4044 2671 4082 eum
2699 4030 2893 4098 inquit,
2954 4049 2973 4082 ‹
3032 4031 3221 4086 Uuitas
3247 4033 3393 4085 enim

1828 4122 1880 4174 in
1906 4120 2218 4174 dualitatem
2253 4133 2423 4185 mota,
2458 4121 2510 4175 in
2535 4121 2799 4177 Trinitate
2825 4124 3093 4191 subsistit,
3120 4141 3140 4179 ι
3171 4127 3396 4180 conclu-

1827 4211 1918 4273 sit,
1942 4212 2059 4265 duo
2082 4212 2242 4267 unius
2265 4229 2485 4266 causam
2520 4229 2627 4267 non
2659 4229 2802 4278 esse,
2828 4216 2921 4269 sed
2951 4232 3115 4269 unum
3138 4217 3392 4273 duorum.

1826 4302 2000 4357 causa
2024 4319 2153 4357 vero
2188 4317 2291 4365 est.
2315 4302 2451 4358 adeo
2481 4306 2961 4375 inconsequenter,
2990 4317 3041 4361 et
3066 4324 3175 4362 non
3202 4314 3397 4363 sceno-

1825 4392 1952 4447 dum
1986 4394 2326 4462 propositum
2364 4394 2641 4463 problems
2674 4396 3081 4451 conclusionem
3117 4400 3391 4469 colligere,

1826 4485 1969 4552 quod
1994 4486 2266 4553 opinetur,
2294 4486 2430 4539 duas
2455 4501 2648 4540 causas
2673 4488 3039 4555 introducere,
3071 4492 3113 4544 si
3147 4493 3270 4559 quis
3312 4494 3397 4546 di-

145 4575 329 4645 ρίςαν,
362 4575 436 4637 ὡς
462 4575 589 4644 μίαν
614 4571 751 4627 εἶναι
778 4574 1076 4642 διαφανῶς.
1110 4574 1340 4642 ’Ῑδωμεν
1366 4576 1565 4629 οὐκοῦν
1600 4571 1717 4629 οἷά·
1754 4596 1797 4648 ο

1754 4596 1797 4648 υ
1827 4578 1983 4643 xerit,
2033 4593 2099 4631 ex
2139 4576 2352 4632 duobus
2399 4594 2565 4631 unum
2614 4594 2757 4633 esse.
2806 4580 2913 4634 Sed
2960 4580 3009 4632 id
3048 4584 3197 4635 nullo
3234 4584 3394 4640 modo

147 4687 259 4737 περ
282 4671 333 4721 οἱ
382 4670 489 4722 τῶν
526 4670 685 4723 θείων
708 4670 1041 4739 ὲκφάντορες
1069 4670 1130 4722 rb
1173 4670 1410 4739 πρῶτον,
1438 4672 1497 4723 rb
1534 4674 1717 4738 μέσον,

145 4763 210 4813 rb
240 4762 444 4829 τρίτον,
467 4761 526 4813 rb
552 4760 610 4818 ἐξ
642 4763 844 4830 ἀμφοῖν
895 4762 988 4814 ἐπὶ
1015 4762 1122 4814 τῶν
1150 4761 1461 4830 θεαρχικῶν
1508 4762 1722 4831 λαμϐά-

146 4869 335 4913 νοντες
371 4851 720 4904 ὑποστάσεων
767 4852 1090 4920 θεοὶογικῶς
1138 4853 1537 4905 ἐκδιδάσκουσι.
1613 4855 1721 4907 Καὶ

148 4943 373 5011 πρῶτος
430 4941 591 5003 αὐτὸς
642 4943 672 4998 ὀ
719 4942 819 5011 τὴν
850 4944 1051 5012 μονάδα
1087 4945 1403 5013 κινηθεῖσαν
1438 4946 1517 5007 εἰς
1555 4945 1721 4998 δυάδα

151 5036 322 5105 μέχρι
350 5035 578 5103 Τριάδος
632 5035 824 5102 στῆναι
887 5036 1283 5105 φθεγξάμενος,
1336 5020 1373 5089 ¹δ
1424 5038 1574 5090 καὶὸ
1624 5040 1721 5107 τὴν

148 5126 422 5197 ἐρώτησιν
475 5129 769 5196 προφέρων
823 5127 1073 5193 φαίνεται
1133 5129 1490 5195 διαγγέλλων,
1550 5132 1607 5181 ἐν
1640 5127 1719 5192 οἷς

104 5282 109 5287 _
148 5218 380 5288 ήρωῖξει
407 5220 505 5279 τὰς
535 5218 669 5286 πρὸς
698 5217 999 5287 παρθένους
1033 5218 1333 5288 ὑποθήκας,
1368 5219 1511 5272 οὓτω
1536 5221 1719 5289 φησίν-

154 5329 172 5361 ι
211 5306 305 5371 Εἷς
328 5308 460 5371 Θεὸς
502 5311 566 5361 ἑκ
604 5311 831 5377 γενέταο
857 5309 924 5362 δι’
949 5309 1106 5371 Υίέος
1139 5310 1300 5379 ἔστη·
1347 5330 1366 5362 ι
1414 5313 1550 5379 μετά
1579 5329 1719 5373 τινα,

154 5421 173 5452 ι
223 5401 539 5469 Ἱσταμένης
599 5402 851 5470 θεότητος
902 5402 983 5454 ἑνὶ
1014 5402 1266 5469 ⁸τελέοισι
1313 5402 1543 5471 τελείης.
1582 5422 1600 5453 ι
1662 5404 1721 5453 ὐ

150 5494 419 5563 σύμφρων
442 5495 635 5544 τούτου
661 5496 755 5545 καὶ
805 5492 1093 5561 ὁμώνυμος
1120 5494 1418 5546 Νυσσαέων
1459 5495 1721 5564 λαμπτὴρ

151 5586 213 5636 ἰν
243 5582 323 5651 τῷ
355 5585 478 5652 περὶ
516 5582 609 5635 τοῦ
643 5584 799 5651 ἁγίου
848 5585 1165 5653 Πνεῦματος
1213 5586 1353 5637 κατὰ
1386 5586 1721 5638 Μακεδονικ-

150 5674 259 5725 νῶν
284 5672 426 5741 λόγῳ
449 5673 611 5741 φησίν
638 5690 651 5705 ο
702 5692 719 5723 ι
761 5671 877 5740 Ἐφ’
902 5668 977 5726 ὧν
1008 5677 1114 5744 γὰρ
1170 5676 1202 5743 ἡ
1234 5675 1375 5726 κατὰ
1430 5675 1489 5726 rb
1520 5676 1718 5741 ἀγαθδν

152 5765 404 5833 ινέργεια
436 5766 692 5833 οὐδεμίαν
739 5767 1054 5825 ἐλάττωσιν,
1107 5767 1139 5835 ἢ
1196 5766 1549 5835 παραλλαγὴν
1581 5767 1715 5833 ἔχει,

154 5854 272 5916 πῶς
305 5856 449 5909 ἐστιν
480 5856 699 5925 εὔλογον
726 5860 820 5922 τὴν
849 5859 984 5911 κατὰ
1020 5860 1105 5913 τδν
1136 5857 1365 5928 ἀριθμὸν
1388 5860 1536 5925 τάξιν
1564 5859 1717 5913 ἔλατ-

1824 4678 1928 4731 est,
1960 4684 2197 4738 namque
2224 4679 2303 4723 cst
2332 4686 2397 4724 ex
2432 4670 2693 4724 dualitate
2726 4686 2916 4732 unum,
2951 4686 3016 4725 ex
3053 4674 3265 4727 duabus
3292 4677 3397 4729 sci-

1826 4760 1950 4813 licet
1987 4761 2284 4815 unitatibus
2318 4762 2475 4815 tertia
2510 4762 2711 4815 unitas.
2742 4762 2909 4831 Igitur
2944 4764 2987 4817 si
3023 4780 3092 4818 ex
3121 4767 3335 4825 duobus
3365 4784 3393 4819 a

1823 4865 1882 4904 se
1913 4850 2200 4919 disiunctis
2230 4865 2373 4906 esset
2396 4861 2488 4906 aut
2532 4852 2607 4906 ita
2633 4854 2842 4917 divisis,
2877 4862 2934 4908 ut
2966 4871 3134 4908 unum
3165 4857 3228 4910 ad
3260 4859 3396 4911 alte-

1822 4956 1940 4994 rum
1971 4957 2080 4995 non
2111 4939 2423 5004 referretur,
2454 4958 2630 5010 neque
2664 4943 2733 4996 ab
2764 4944 2852 4996 illo
2881 4944 3188 5008 exsisteret,
3219 4962 3395 5016 neque

1824 5033 2060 5085 medium
2102 5042 2246 5087 esset
2274 5034 2325 5085 in
2364 5050 2673 5103 progressu,
2712 5035 2781 5095 si,
2824 5034 3069 5102 inquam,
3107 5037 3209 5090 hoc
3234 5040 3393 5093 modo

1824 5138 1884 5176 se
1911 5124 2155 5187 haberet,
2189 5132 2245 5178 et
2277 5126 2499 5178 tertium
2539 5140 2645 5178 non
2678 5125 2923 5190 tertium,
2962 5127 3055 5180 sed
3091 5130 3392 5182 secundum

1823 5216 1951 5269 hinc
1982 5224 2035 5268 et
2065 5215 2187 5269 biuc
2217 5215 2359 5269 inter
2388 5217 2547 5270 ambo
2576 5216 3039 5279 consideraretur,
3071 5228 3126 5273 et
3169 5234 3279 5274 non
3311 5236 3397 5275 se-

1822 5304 2057 5358 cundum
2091 5306 2250 5360 seriei
2283 5308 2672 5362 assentientem
2700 5310 3070 5377 egressionem
3098 5351 3112 5373 ,
3146 5326 3254 5364 non
3306 5313 3391 5364 in-

1820 5412 2057 5465 congrue
2100 5397 2332 5453 duorum
2375 5399 2791 5467 principiorum,
2842 5410 2896 5455 et
2934 5402 3166 5471 duplicis
3214 5418 3392 5457 causa:

1822 5490 1959 5541 ratio
1991 5490 2446 5545 introduceretur.
2475 5489 2863 5546 Verumtamen
2896 5508 3018 5547 cum
3056 5496 3169 5547 hate
3200 5510 3265 5548 ex
3298 5493 3393 5551 ad-

1822 5592 1981 5630 verso
2011 5591 2069 5631 se
2098 5578 2348 5638 habeant,
2380 5586 2433 5630 et
2476 5579 2630 5632 tertia
2670 5580 2850 5634 unitas
2880 5596 2978 5649 per
3004 5582 3239 5636 mediam
3269 5584 3393 5637 uui-

1823 5678 1981 5723 tatein
2015 5684 2079 5722 ex
2113 5684 2282 5737 prima
2315 5678 2370 5723 et
2403 5670 2688 5739 principali
2717 5671 2969 5737 monade,
2995 5674 3138 5741 quod
3172 5674 3244 5727 sit
3273 5689 3395 5741 pos-

1822 5761 2015 5825 sideat,
2054 5760 2178 5813 inde
2211 5775 2339 5830 ergo
2368 5768 2423 5815 et
2472 5761 2647 5815 media
2699 5763 2880 5815 unitas
2924 5779 3146 5818 causam
3200 5766 3389 5826 trahit,

1821 5856 2075 5925 illamque
2109 5853 2430 5925 principium
2463 5863 2622 5925 atque
2648 5853 2909 5925 originem
2940 5858 3019 5910 sui
3057 5856 3314 5927 agnoscit,
3335 5865 3390 5913 ut
