4220 6444
723 383 859 452 i283

1726 391 2038 454 CONTRA
2080 396 2461 459 MAXIMUM
2502 397 2943 461 PLANUDEM.

3837 397 3980 465 ιεει

721 508 882 562 riora.
941 503 1358 561 Generationem
1393 520 1522 560 vero
1561 505 1648 562 hic
1684 518 1738 562 et
1781 509 1850 562 ibi
1881 524 1976 577 per
2031 511 2281 566 eamdem
2315 517 2340 570 Α

2400 515 2664 582 ράνσεως,
2691 516 2760 569 ἶν’
2790 516 2962 579 οὕτως
2985 516 3145 580 εἴπω,
3175 515 3325 586 ἢτῆς
3356 515 3491 586 πρὸς
3508 513 3711 584 iunia
3737 511 3989 582 σχέσεως

721 595 869 650 verbi
913 596 1296 666 prolationem,
1361 605 1414 648 et
1451 597 1595 664 quod
1641 598 1713 651 ibi
1764 599 1918 662 dixit,
1961 602 2292 655 (minioan

721 685 807 739 hic
832 700 1183 756 progressum,
1215 686 1363 740 hisce
1413 686 1644 752 duobus,
1699 705 1860 743 unam
1893 693 2296 758 processionem

725 778 1068 845 signiﬁcavit.
1116 778 1176 832 ln
1209 779 1579 838 Antirrhetico
1609 796 1738 835 vero
1773 783 1838 835 de
1877 781 2109 851 Spiritu,
2140 786 2296 838 emis—

725 871 940 931 siomm,
961 879 1015 923 et
1038 887 1392 941 progressum,
1433 883 1487 927 et
1517 876 1902 942 apparitione":
1937 879 2298 950 nuncupavit.

727 963 818 1016 Sic
847 965 995 1017 enim
1050 967 1351 1019 orationem
1411 968 1674 1035 disponit,
1719 971 1893 1038 _quasi
1953 973 2299 1027 adversarius

722 1056 1039 1124 laqtteretur
1072 1073 1086 1110 :
1123 1076 1142 1106 ι
1180 1056 1318 1122 Quid
1343 1062 1520 1127 itaque
1543 1071 1625 1112 est
1655 1062 1798 1130 quod
1853 1063 2006 1115 deest
2042 1061 2295 1132 Spiritui,

722 1162 790 1200 ne
824 1146 992 1200 Filius
1037 1147 1156 1200 sit?
1188 1147 1396 1202 Etenim
1425 1149 1469 1202 si
1518 1151 1654 1203 nihil
1691 1152 1968 1215 deficeret,
1993 1152 2161 1206 Filius
2189 1153 2300 1207 uti-

721 1253 826 1306 que
848 1246 992 1291 esset
1019 1256 1034 1304 ;
1081 1258 1098 1290 ι
1135 1248 1246 1293 tum
1275 1240 1461 1294 subdit
1517 1256 1532 1294 :
1592 1259 1611 1292 ι
1654 1242 1771 1296 Non
1797 1242 1989 1298 deesse
2020 1245 2251 1298 fatemur
2281 1261 2296 1298 :

723 1346 900 1399 neque
939 1333 1086 1386 enim
1139 1331 1282 1386 Deus
1338 1333 1691 1401 imperfectus
1746 1343 1848 1389 est.
1907 1334 2300 1389 Verumtamen

722 1424 1104 1491 apparitionis,
1145 1434 1203 1478 ut
1250 1425 1320 1478 ita
1364 1425 1568 1486 dicam,
1625 1427 1708 1478 vcl
1763 1427 2042 1481 relationis
2099 1439 2302 1481 mutuae

723 1514 1043 1578 diversitas,
1065 1517 1337 1570 diversam
1364 1533 1578 1584 quoque
1599 1517 2020 1586 appellationem
2051 1518 2248 1572 effecit.
2277 1536 2295 1568 ι

724 1602 1012 1659 Manifesta
1039 1607 1188 1660 enim
1217 1621 1284 1660 ex
1314 1607 1532 1661 diverso
1580 1609 1742 1661 modo
1779 1608 2136 1670 exsistentiie,
2175 1625 2304 1678 pro-

724 1699 973 1753 cessione
1007 1700 1230 1763 sciliCet,
1261 1716 1420 1768 quain
1451 1703 1841 1772 apparitionem
1883 1704 1970 1756 hic
2001 1712 2301 1777 nuncupat,

727 1789 963 1859 Spiritus
1001 1788 1167 1842 Filius
1211 1805 1318 1843 non
1355 1806 1478 1844 esse
1505 1794 1836 1861 agnoscitur,
1879 1803 1932 1846 et
1963 1793 2093 1847 hinc
2122 1796 2304 1862 appul-

731 1882 994 1935 lationum
1014 1882 1300 1935 diversitas
1334 1883 1622 1946 indicatur,
1648 1893 1702 1936 et
1736 1900 1888 1953 aeque
1917 1894 2080 1954 atque
2107 1885 2299 1941 fratres

726 1976 1007 2042 conjungi,
1051 1974 1127 2027 uti
1188 1976 1425 2028 lueretici
1481 1976 1776 2036 somniant.
1813 1978 2010 2044 reiicit.
2068 1977 2222 2032 Unde
2246 1989 2301 2033 et

732 2063 970 2118 [Ecclesia
996 2067 1178 2118 omnia
1227 2066 1337 2133 jam
1368 2066 1515 2120 dicta
1571 2084 1828 2137 sequens,
1888 2075 2187 2125 concinens
2243 2072 2299 2125 in

729 2158 970 2211 (Ianticis
993 2158 1192 2210 clamat
1224 2177 1235 2210 :
1276 2177 1292 2208 ι
1330 2159 1550 2229 Absque
1581 2160 1868 2228 principio,
1907 2172 1961 2216 et
2000 2162 2305 2231 generatio-

727 2262 818 2314 ne,
853 2260 906 2303 ct
926 2266 1235 2320 progressu,
1266 2251 1477 2304 Patrem
1504 2254 1673 2305 adoro
1693 2263 2068 2322 generantem.
2102 2255 2299 2308 Filium

727 2340 972 2409 gloriﬁm
1015 2348 1354 2409 generatum,
1421 2342 1637 2410 hymnis
1674 2344 2000 2396 concelebro
2034 2341 2300 2412 Spiritun

728 2443 999 2496 sanctum,
1021 2433 1113 2501 qui
1165 2448 1271 2486 una
1302 2449 1427 2486 cum
1465 2433 1622 2488 Patre
1643 2443 1698 2488 et
1729 2433 1867 2488 Filio
1898 2435 2088 2489 eluxit.
2126 2456 2146 2489 ι
2177 2437 2303 2491 Haac

729 2524 803 2578 ita
851 2538 975 2577 cutn
1005 2540 1061 2578 se
1088 2525 1346 2586 habeant,
1403 2533 1458 2578 et
1489 2526 1544 2578 in
1584 2525 1748 2579 rebus
1798 2527 2122 2597 theologicis
2186 2529 2305 2582 viro

731 2637 839 2676 neu
875 2620 1285 2674 contemnendo
1309 2620 1377 2674 de
1436 2621 1616 2675 verbis
1656 2633 1711 2676 et
1743 2621 2076 2686 nominibus,
2109 2637 2229 2691 qua
2251 2625 2304 2676 in

728 2715 933 2769 divinis
963 2715 1307 2783 dagmatibus
1332 2717 1755 2782 exponendis'ac
1778 2716 2126 2786 proferendis
2145 2733 2307 2771 usur-

728 2815 950 2875 paritur.
981 2805 1315 2859 decernente
1347 2823 1364 2859 :
1405 2825 1424 2856 ι
1462 2805 1648 2874 Neque
1681 2808 1826 2860 enim
1881 2808 1951 2862 de
1991 2809 2306 2865 nominibus

731 2898 1152 2959 eontendemus,
1178 2897 1474 2953 dummodo
1503 2899 1752 2952 eamdem
1767 2901 2092 2954 sententiam
2115 2916 2304 2956 eorum

621 3007 626 3012 ·
732 2990 952 3060 syllabae
1000 2989 1330 3057 exprimant,
1361 3009 1379 3040 ι
1442 2990 1822 3060 interrogatio,
1873 2993 1940 3045 de
1992 3008 2098 3062 qua
2160 3009 2307 3048 nunc

731 3079 927 3149 agitur,
953 3081 1225 3147 quomodo
1256 3080 1539 3142 subsistet,
1601 3081 1645 3134 si
1681 3096 1806 3150 quae
1843 3082 1930 3134 Illa
1967 3086 2306 3150 processiouis

736 3169 955 3222 nomine
987 3170 1246 3238 colligere
1264 3171 1565 3236 contendit,
1591 3171 1680 3225 illa
1711 3169 1923 3234 eadem,
1946 3183 2000 3227 et
2017 3175 2234 3242 eﬂ'ust'on
2257 3191 2302 3240 ε,
2332 3195 2374 3253 c

734 3274 790 3317 et
805 3279 1130 3334 progressus,
1145 3264 1524 3328 etemiuionis,
1543 3274 1599 3318 et
1628 3268 1974 3333 apparitionis
1989 3270 2306 3324 nominibus

733 3355 1100 3422 colliguntur?
1131 3353 1236 3408 Sed
1271 3370 1394 3408 cum
1429 3357 1480 3408 in
1512 3371 1713 3425 genere
1739 3358 1955 3425 quidem
1988 3359 2303 3424 refellimus,

733 3462 828 3516 per
860 3455 1045 3514 partes
1073 3449 1238 3501 etiam
1273 3464 1384 3501 rem
1429 3451 1826 3505 examinemus.
1863 3451 2152 3514 Processio,
2184 3469 2306 3521 qua

733 3540 787 3593 in
832 3539 1258 3609 interrogatione
1286 3549 1392 3604 est,
1423 3540 1537 3594 sive
1565 3558 1889 3612 progressus,
1931 3554 1990 3596 ut
2033 3560 2133 3598 nos
2165 3545 2303 3599 dici-

734 3647 879 3694 mus,
903 3645 1080 3697 neque
1098 3634 1244 3683 enim
1266 3631 1333 3684 de
1359 3633 1630 3684 sententia
1651 3633 2029 3700 contenditur,
2054 3650 2118 3689 ex
2144 3634 2306 3689 Patre

731 3731 789 3776 et
820 3720 954 3774 Filio
985 3721 1223 3789 Spiritus
1258 3722 1452 3785 sancti,
1475 3723 1700 3791 simplex
1731 3733 1815 3776 est
1849 3740 2090 3795 unaque.
2118 3736 2174 3780 et
2193 3743 2304 3780 non

739 3815 963 3884 duplex,
997 3815 1125 3867 licet
1155 3814 1500 3884 interrogans
1549 3829 1669 3867 eam
1713 3816 2012 3884 simplicem
2043 3835 2163 3872 esse
2197 3836 2306 3873 non

736 3921 896 3975 posse
928 3920 995 3958 ex
1021 3905 1236 3972 duplari
1267 3921 1497 3958 numero
1532 3905 1858 3974 redarguere
1905 3921 2158 3970 conetur,
2190 3924 2300 3964 ex-

733 3998 913 4066 emplo
946 3999 1154 4050 numeri
1183 3997 1250 4049 ad
1285 3996 1492 4050 dictum
1542 4012 1702 4050 suum
1733 3998 2168 4054 conﬁrmandum
2205 4017 2304 4055 as-

735 4099 977 4159 sumpto.
1013 4087 1401 4142 Verumtamen
1449 4090 1503 4142 in
1549 4090 1872 4159 theologicis
1933 4107 2089 4146 mens
2154 4095 2304 4165 vigil,

735 4197 860 4234 cum
892 4182 1142 4248 exemplo
1176 4196 1339 4249 supra
1369 4196 1533 4234 omne
1574 4183 1906 4261 principium
1944 4184 2199 4239 Triadem
2249 4188 2304 4240 in

736 4288 795 4328 se
824 4273 935 4340 ipsa
960 4273 1036 4326 uti
1068 4273 1252 4335 habet,
1281 4274 1586 4342 exprimere
1619 4276 1791 4342 cupit,
1845 4277 2042 4331 clamat
2092 4297 2107 4333 :
2168 4299 2186 4330 ι
2213 4280 2306 4333 1ιὶ-

736 4372 824 4417 cet
856 4362 1154 4417 similitudo
1200 4363 1445 4430 qutedam
1493 4364 1821 4432 reperiatur,
1866 4367 2012 4433 quod
2057 4368 2176 4435 plus
2221 4379 2307 4423 est

737 4454 892 4523 fugit,
944 4454 1261 4521 relinquens
1309 4470 1394 4507 me
1428 4453 1568 4508 inira
1619 4470 1743 4508 cum
1797 4459 2067 4526 exemplo,
2119 4477 2137 4510 ι
2191 4469 2304 4515 tum

2398 607 2676 675 διάφορον,
2708 607 2966 678 διάφορον
3010 607 3105 660 καὶ
3130 607 3228 676 τὴν
3263 607 3454 675 κλῆσιν
3514 606 3693 658 αὐτῶν
3733 603 3980 668 πεποῑηο

2398 714 2514 751 κεν.
2550 717 2569 750 ι
2619 697 2911 768 Ἀριδήλως
2943 699 3052 768 γὰρ
3082 700 3144 750 ὲκ
3173 694 3268 750 τοῦ
3311 696 3569 765 διαφόρου
3620 695 3824 762 τρόπου
3886 689 3984 742 τοῦ

2399 789 2497 857 τῆς
2534 789 2845 858 ὑπάρξεως,
2868 790 2922 852 ὃς
2952 794 2984 860 ή
3025 791 3371 858 ὲκπόρευσις,
3403 789 3470 857 ἢν
3501 787 3761 854 ἐκφανσιν
3789 783 3984 835 ἐνθάδε

2399 883 2574 942 καλεῖ,
2605 883 2678 951 μὴ
2719 882 2780 934 τὸ
2805 883 3029 949 Πνεῦμα
3068 881 3196 934 Yth
3220 878 3356 933 εἷναι
3381 879 3729 949 γνωρίζεται,
3792 879 3887 928 καὶ
3923 875 3986 926 τὸ

2401 972 2505 1025 τῶν
2536 973 2781 1040 κλήσεων
2815 973 3064 1026 ἐντεῦθεν
3097 972 3388 1044 τρανοῦται
3439 972 3721 1040 διάφορον,
3778 970 3876 1020 καὶ
3921 967 3985 1018 τὸ

2398 1065 2709 1134 ἀδελφικῶς
2744 1065 2912 1134 ἄμφω
2937 1065 3179 1134 ἡνῶσθαι
3224 1065 3367 1117 κατά
3416 1063 3544 1124 τοὺς
3606 1060 3985 1129 αἱρετίζοντεῑς

2399 1157 2817 1224 ἀποπέμπεται.
2849 1155 3013 1209 Ὅθεν
3047 1161 3137 1209 καὶ
3170 1159 3203 1226 ἠ
3251 1154 3548 1222 Ἐκκλησία
3572 1155 3683 1215 τοῖς
3737 1151 3985 1221 ῥηθεῖσιν

2401 1246 2603 1300 ἅπασιν
2650 1249 2890 1318 ἑπομένη
2945 1249 3222 1318 ψάλλουσα
3264 1245 3608 1316 μελῳδικῶς,
3646 1241 3977 1310 ἀνακράζει,

2407 1356 2426 1389 ι
2476 1340 2720 1411 Ἀνάρχῳ
2771 1343 2867 1392 καὶ
2920 1341 3171 1410 γεννήσει
3227 1355 3287 1390 τε
3336 1338 3429 1389 καὶ⁵
3492 1335 3704 1404 προόδῳ
3757 1333 3981 1398 Πατέρα

2402 1429 2695 1497 προσκυνῶ
2723 1430 2812 1482 τὸν
2836 1431 3197 1499 γεννήσαντα.
3235 1427 3365 1479 Υῐδν
3406 1425 3614 1489 δοξάζω
3663 1424 3752 1475 τδν
3785 1437 4001 1488 γεννη--

2403 1520 2586 1580 θέντα,
2616 1521 2770 1589 ὕμνῶ
2807 1521 2868 1573 τὸ
2891 1519 3289 1588 συνεκλάμψαν
3322 1519 3500 1587 Πατρὶ
3532 1517 3626 1570 καὶ
3660 1515 3774 1584 Υἱῷ
3803 1512 3979 1566 Πνεῦο

2407 1630 2481 1681 μα
2505 1612 2680 1679 ἅγιον.
2719 1631 2736 1662 i
2773 1613 2884 1665 Καὶ
2904 1613 3109 1665 τούτων
3132 1610 3304 1672 οὕτως
3324 1611 3575 1679 ἑχόντων,
3611 1607 3703 1660 τοῦ
3736 1605 3781 1658 τ’
3815 1605 3984 1673 ἀκρέο

2409 1723 2567 1774 μονος
2603 1709 2659 1758 ὲν
2692 1704 2992 1772 θεολογίαις
3021 1704 3112 1755 ἐπε
3163 1721 3222 1755 τε
3261 1703 3543 1772 ῥημάτων,
3578 1702 3674 1753 καὶ
3703 1699 3985 1766 ὀνομάτων

2407 1799 2466 1850 ἐν
2499 1800 2612 1860 τοῖς
2647 1801 2725 1859 εἰς
2751 1798 2810 1848 τὸ
2834 1797 2988 1848 Θεῖον
3012 1795 3274 1863 δόγμασιν
3303 1792 3491 1854 ἁπλῶς
3524 1793 3619 1842 καὶ
3648 1792 3978 1859 φωνήμασιν

2337 1863 2375 1914 Β
2405 1887 2863 1956 ἀποφαινομένου,
2898 1905 2916 1937 ι
2955 1885 3090 1938 Οὐδὲ
3115 1885 3220 1954 γάρ
3253 1885 3381 1952 περὶ
3433 1881 3538 1934 τῶν
3564 1881 3844 1950 ὀνομάτων
3882 1878 3983 1941 Cu-

2403 1978 2811 2046 γομαχήσομεν,
2847 1976 2952 2036 ἕως
2980 1975 3046 2027 ἂν
3079 1976 3157 2036 εἰς
3187 1976 3285 2045 τὴν
3313 1975 3482 2044 αὐτὴν
3521 1974 3725 2026 ἔννοιαν
3768 1973 3824 2022 αἱ
3857 1971 3986 2021 συ).-

2403 2069 2566 2122 λαδαὶ
2587 2070 2878 2137 φέρωσιν,ι
2901 2070 2932 2136 ἡ
2955 2068 3084 2136 περὶ
3102 2064 3168 2136 ἧς
3186 2067 3381 2134 ὁλόγος
3403 2065 3666 2136 ἐρώτησις
3689 2064 3850 2115 ποίαν
3870 2060 3986 2123 ’ἔξει

2403 2159 2500 2228 τὴν
2523 2160 2804 2222 σύστασιν,
2837 2158 3317 2228 εῐπεράσυνάγειν
3350 2155 3632 2224 ἐπείγεται
3657 2154 3772 2220 τὴν
3800 2153 3985 2205 ἐλιπό-

2396 2266 2634 2320 ρευσιν,
2657 2249 2828 2304 ταῦτα
2844 2252 2937 2304 καὶ
2964 2252 3262 2320 πρόχυσις
3285 2249 3568 2318 συναγάγῃ
3590 2249 3684 2299 καὶ
3701 2244 3985 2314 πρόοδος,

2403 2343 2719 2409 ἔκπεμψις,
2777 2344 3096 2409 πηγασμός
3167 2357 3225 2393 τε
3263 2340 3381 2393 καὶ
3427 2340 3746 2408 ἕκςρανσις.
3821 2336 3987 2389 Ἀλλὰ

2405 2432 2636 2485 καθόλου
2659 2436 2748 2484 τὸν
2775 2431 2992 2502 ἔλεγχον
3016 2432 3313 2501 στήσαντες
3357 2432 3450 2483 καὶ
3475 2431 3611 2483 κατά
3655 2429 3821 2508 μέρος
3845 2426 3988 2478 διέλ-

2409 2524 2610 2592 θωμεν.
2652 2523 3043 2590 Ἐκπόρεινσις
3077 2525 3108 2592 ὴ
3138 2524 3256 2574 κατ’
3289 2521 3578 2590 ἐρώτησιν,
3609 2520 3639 2588 ἦ
3669 2517 3984 2586 πρόοδοςή

2408 2614 2532 2668 καθ’
2565 2616 2731 2683 ἡμᾶς,
2769 2613 3074 2683 ζυγομαχία
3097 2613 3203 2683 γὰρ
3237 2611 3464 2681 οὐδεμία
3487 2611 3625 2664 κατὰ
3653 2611 3916 2666 διάνοιαν,
3952 2609 3984 2677 ἡ

2408 2709 2474 2760 ὲκ
2507 2705 2720 2774 Πατρδς
2773 2706 2866 2758 καὶ
2904 2704 3030 2756 Υἱοῦ
3081 2704 3175 2756 τοῦ
3233 2703 3390 2771 ἁγίου
3443 2703 3780 2771 Πνεύματος,
3835 2701 3986 2766 ἀπὶῆ

2407 2801 2523 2852 ἐστι
2557 2800 2647 2851 καὶ
2673 2798 2870 2859 ἑνιαία,
2904 2800 3000 2851 καὶ
3040 2798 3101 2849 οὺ
3135 2796 3320 2863 διπλῆ.
3386 2797 3574 2861 Ὅμως
3602 2797 3629 2846 ό
3675 2792 3893 2862 ἐρωτῶν
3925 2791 3988 2842 τὸ

2411 2891 2488 2960 μὴ
2520 2885 2660 2941 εἶναι
2705 2889 2966 2941 δύνασθαι
2998 2889 3203 2941 ἀπλοῦν
3231 2890 3294 2939 ὲκ
3320 2887 3526 2949 δυάδος,
3557 2886 3636 2946 εἰς
3667 2881 3987 2950 ἀνατροπὴν

2408 2981 2700 3050 λαμϐάνει,
2735 2981 3146 3051 παραδείγματι
3166 2979 3243 3049 τῷ
3265 2979 3360 3032 τοῦ
3395 2977 3629 3048 ἀριθμοῦ
3670 2979 3748 3037 εἰς
3779 2975 3987 3025 nisti.)-

2409 3092 2494 3126 σιν
2524 3075 2823 3144 χρώμενος.
2857 3077 2916 3126 Ὀ
2942 3075 3071 3143 γοῦν
3095 3077 3152 3128 ἐν
3178 3074 3426 3143 θεολογεᾳ
3451 3073 3722 3141 γρήγορος
3744 3070 3865 3130 νοῦς
3886 3067 3987 3136 τὴν

2410 3167 2743 3238 ὑπερὰρχιον
2773 3167 2977 3238 Τριάδα
3011 3167 3178 3218 θέλων
3215 3167 3480 3218 εἰκονίσαι
3511 3164 3646 3233 πρὸς
3687 3161 3888 3228 ἑαυτὴν
3911 3163 3988 3222 ῶς

2408 3258 2544 3327 ἔχει,
2579 3260 2989 3328 προαναφωνῶν
3022 3259 3214 3327 φθάνει
3240 3274 3255 3289 ⁸
3287 3275 3304 3308 ι
3337 3259 3458 3309 Κᾶν
3481 3257 3742 3325 όμοίωσές
3769 3271 3855 3315 τις
3892 3251 3987 3304 εὑ-

2412 3351 2562 3419 ρεθῇ,
2597 3349 2791 3417 φεύγει
2823 3351 2883 3402 τὸ
2909 3351 3068 3402 πλέον
3097 3350 3233 3418 ἁφέν
3262 3365 3327 3417 με
3365 3349 3522 3421 κάτω⁸
3548 3346 3687 3416 μετά
3704 3345 3794 3398 τοῦ
3844 3347 3988 3398 ὑποι-

2406 3441 2718 3509 δείγματος,
2759 3459 2776 3492 i
2839 3441 2932 3493 καὶ
2982 3441 3216 3510 καθεξῆς
3263 3440 3437 3510 ἥλιον,
3472 3440 3668 3491 ἀκτῖνα
3707 3438 3799 3490 καὶ⁵
3836 3435 3983 3503 φῶς,

2406 3535 2710 3602 ὀφθαλμὸν,
2746 3537 2932 3605 πηγήν
2964 3553 3022 3587 τε
3057 3537 3152 3588 καὶ
3184 3536 3449 3604 ποταμὸν,
3481 3536 3574 3587 καὶ
3607 3534 3768 3586 λοιπά
3803 3550 3990 3601 παρα·

2408 3627 2613 3695 πλήσια
2625 3627 2722 3694 τῆς
2741 3628 2992 3696 ἀμυδράς
3009 3627 3323 3696 ὁμοιώσεως
3338 3629 3521 3697 τίθησι
3540 3625 3986 3695 παραδείγματα.

2410 3719 2478 3771 '0
2509 3736 2566 3772 τε
2595 3719 2831 3787 χρυσοῦς
2861 3718 2962 3788 τὴν
3010 3719 3262 3787 γλῶσσαν
3296 3722 3353 3771 ἐν
3385 3720 3704 3791 ἑρμηνείαις
3727 3721 3848 3779 ταῖς
3880 3716 3991 3769 τῶν

2409 3811 2680 3880 Ψαλμῶν,
2715 3829 2733 3860 ι
2772 3811 2949 3875 Ῥίζα,
2986 3813 3142 3881 φησι,
3187 3811 3426 3873 πίστεως
3470 3812 3498 3863 ὁ
3554 3809 3764 3879 Πατὴρ,
3793 3807 3992 3868 κλάδθς

2409 3905 2726 3973 ἀμάραντος
2756 3905 2784 3956 ό
2817 3903 2966 3967 Υἱὸς,
3000 3903 3213 3971 καρπὸς
3241 3904 3508 3964 ἀθάνατος
3538 3904 3599 3955 τδ
3646 3901 3871 3967 Πνεῦμα
3929 3899 3992 3950 τὸ

2409 3995 2584 4065 ἅγιον.
2623 4015 2642 4047 i
2673 3997 2783 4049 Καὶ
2815 3996 2922 4047 τῶν
2955 3995 3302 4065 θεοφορήτων
3352 3996 3503 4048 ἄλλοι
3538 3994 3604 4046 τὰ
3636 3994 3795 4054 αὐτὰ,
3823 3989 3994 4058 ἕτερά

2407 4108 2467 4142 τε
2494 4089 2702 4151 τούτοις
2741 4089 3097 4158 παρεμφερῆ,
3133 4088 3218 4139 ἵνα
3243 4087 3317 4157 μὴ
3343 4087 3718 4156 ἀπαριθμοξην
3749 4085 3994 4137 καθέκα-

2412 4199 2531 4240 στα,
2565 4180 2625 4242 ἐξ
2656 4175 2732 4233 ὧν
2765 4181 2815 4231 oi
2862 4179 3174 4247 θεόφρονες,
3231 4178 3304 4241 ὡς
3339 4181 3401 4231 ὲκ
3432 4178 3526 4231 τοῦ
3578 4178 3732 4248 ἡλίου
3767 4177 3858 4228 διὰ
3890 4177 3994 4245 τῆς

2410 4277 2628 4337 ἀκτῖνος
2655 4275 2715 4327 τὸ
2747 4272 2882 4340 φῶς,
2902 4275 3000 4341 τὴν
3028 4274 3089 4326 ἐκ
3121 4273 3336 4341 [ἰατρὸς
3359 4272 3426 4324 δι’
3455 4271 3580 4325 Υἱοῦ
3612 4271 3705 4322 τοῦ
3733 4269 3994 4338 [laetitia-

2408 4383 2500 4429 τος
2529 4363 2890 4427 εἰκονίζουσιν
2924 4364 3208 4431 ἔκφανσιν,
3259 4363 3336 4426 ὡς
3362 4365 3423 4416 ἐκ
3453 4363 3548 4415 τοῦ
3578 4361 3863 4430 ὀφθαλμοῦ
3895 4361 3993 4413 τὸν

2416 4458 2664 4526 ποταμὸν
2709 4458 2795 4510 διά
2829 4456 2929 4524 τῆς
2976 4457 3180 4524 πηγῆς,
3215 4456 3292 4517 ῶς
3324 4457 3387 4506 ἐκ
3419 4457 3513 4523 τῆς
3571 4455 3724 4526 ῥίζης
3773 4454 3859 4505 διὰ
3893 4452 3992 4504 τοῦ

733 4546 996 4613 deinceps
1037 4546 1228 4609 solem,
1259 4546 1466 4598 radium
1507 4555 1560 4599 et
1609 4547 1812 4611 lumen,
1845 4551 2309 4613 oculum,fontem

2416 4551 2611 4604 κλάδον
2644 4551 2735 4602 τὸν
2782 4550 2996 4619 καρπόν
3016 4565 3030 4580 ·
3093 4549 3232 4601 ἀλλά
3285 4549 3378 4600 καλ⁸
3410 4550 3472 4600 ὲκ
3499 4549 3595 4617 τῆς
3627 4549 3842 4606 ἀκτῖνος
3873 4545 3991 4596 ἐστι

737 4646 792 4689 ct
838 4635 1083 4694 ﬂuvium,
1128 4638 1342 4704 aliaque
1402 4638 1582 4690 tenuis
1630 4639 2005 4693 similitudinis
2063 4644 2308 4709 exempla

737 4728 1014 4796 proponit.
1048 4726 1113 4779 Et
1151 4728 1242 4795 qui
1277 4743 1442 4781 aurea
1476 4729 1655 4798 lingua
1689 4731 1946 4799 przeditus
1978 4743 2091 4795 est,
2123 4734 2172 4786 in
2209 4735 2311 4788 Ex-

740 4819 1009 4888 positione
1066 4817 1439 4881 Psalmorutn,
1491 4837 1510 4869 ι
1558 4819 1751 4886 liadix,
1797 4824 1894 4883 ait,
1947 4824 2069 4877 fidei
2126 4824 2307 4888 Pater,

741 4926 925 4964 ramus
969 4911 1435 4963 immarcescibilis
1481 4909 1692 4976 Filius,
1739 4913 1948 4970 fructus
1987 4917 2310 4972 immortalis

739 5003 976 5070 Spiritus
1019 5010 1262 5054 sanctus.
1296 5020 1314 5052 ι
1353 5001 1418 5055 Ει
1449 5017 1516 5056 ex
1549 5004 1750 5059 divinis
1778 5005 2026 5061 Pati-ibus
2059 5009 2148 5061 alii
2197 5012 2311 5064 hate

734 5097 948 5156 eadem,
987 5095 1073 5148 vel
1117 5095 1218 5146 alia
1268 5095 1418 5148 hisce
1475 5111 1583 5149 non
1635 5098 1944 5159 dissimilia,
1981 5114 2050 5154 ne
2095 5102 2309 5169 singula

739 5203 1055 5242 recenseam
1086 5229 1100 5252 ,
1147 5189 1350 5257 quibus
1382 5189 1567 5242 divina
1615 5201 1794 5245 mente
1832 5194 2044 5261 pnediti
2088 5193 2309 5258 Patres,

739 5272 812 5332 uti
843 5293 911 5334 cx
938 5283 1051 5332 sole
1083 5295 1176 5347 per
1203 5281 1416 5334 radium
1448 5281 1657 5344 lumen,
1688 5297 1754 5336 ex
1788 5283 1944 5337 Patre
1983 5299 2080 5353 per
2109 5283 2309 5338 Filium

738 5369 971 5438 Spiritus
999 5371 1396 5438 apparitionem
1433 5372 1766 5439 exprimunt,
1800 5374 1875 5426 uti
1908 5391 1976 5427 ex
2014 5376 2174 5428 oculo
2205 5375 2310 5428 llu-

736 5460 883 5514 vium
912 5475 1008 5527 per
1033 5460 1262 5522 fontem,
1284 5462 1357 5515 uti
1387 5477 1452 5515 ex
1484 5462 1668 5516 radice
1691 5478 1786 5530 per
1810 5480 2020 5518 ramum
2044 5465 2304 5520 fructum:

738 5553 821 5606 sic
847 5554 1014 5606 etiam
1063 5567 1127 5606 ex
1165 5553 1318 5607 radio
1367 5568 1662 5623 possumus
1709 5555 1914 5621 dicere,
1959 5572 2064 5611 nec
2096 5572 2206 5611 non
2245 5573 2309 5612 ex

740 5657 913 5706 ramo,
944 5653 1001 5697 et
1039 5659 1106 5697 ex
1144 5644 1315 5711 fonte,
1353 5652 1419 5702 de
1443 5662 1511 5701 eo
1539 5647 1685 5715 quod
1725 5649 2056 5722 exprimitur
2090 5665 2186 5718 per
2221 5648 2315 5702 Fi-

742 5736 875 5790 lium
905 5745 957 5788 et
990 5751 1056 5789 ex
1089 5736 1248 5801 Filio,
1285 5753 1408 5793 cum
1450 5742 1621 5795 amba
1670 5741 1752 5795 ba:
1799 5742 2212 5811 praepositiones
2256 5741 2311 5793 in

746 5826 983 5882 naturali
1035 5827 1355 5899 progreséus
1402 5833 1770 5899 mcdiatione,
1828 5833 1901 5887 uti
1985 5831 2309 5901 diviniloqul

2411 4643 2610 4710 λέγειν,
2642 4644 2704 4692 ἐκ
2737 4642 2830 4693 τοῦ
2866 4642 3063 4694 κλάδυυ
3100 4657 3158 4692 τε
3218 4641 3312 4693 καὶ
3343 4644 3405 4692 ἐκ
3437 4641 3534 4707 τῆς
3573 4639 3776 4705 πηγῆς,
3809 4638 3900 4688 ὲττί
3932 4653 3990 4686 τε

2411 4735 2504 4787 τοῦ
2539 4733 2940 4802 εἰκονιζομὲνου
2970 4733 3036 4784 δι’
3066 4733 3196 4785 Υἱοῦ
3228 4749 3286 4784 τε
3317 4735 3406 4783 καὶ
3434 4733 3491 4796 ἐξ
3531 4729 3660 4782 Υἱοῦ
3707 4729 3990 4798 ἑκατέρων

2413 4826 2552 4877 κατά
2572 4827 2694 4884 τοὺς
2726 4824 3028 4892 θεηγὸρους
3065 4823 3377 4893 προθέσεων
3412 4824 3501 4873 ἐπὶ
3531 4824 3598 4888 τῇ
3639 4823 3840 4888 φυσικῇ
3886 4836 3990 4887 με-

2416 4917 2588 4986 σιτεῖᾳ
2621 4917 2720 4984 τῆς
2754 4915 2985 4983 προόδου
3029 4915 3090 4965 τὸ
3142 4913 3544 4980 ταυτοδύναμον
3589 4911 3848 4980 ἐχουσῶν.
3879 4909 3990 4963 Τοῦ

2419 5009 2602 5076 μέντοι
2631 5026 2694 5075 γε
2731 5008 3044 5075 ἐρωτῶντος
3076 5008 3204 5075 μήτ’
3237 5009 3295 5058 ὲν
3326 5006 3528 5069 ἄλλοις,
3563 5006 3688 5074 μήτ’
3728 5008 3784 5056 ὲν
3811 5023 3991 5074 παρι-

2412 5101 2668 5168 δείγμασι
2729 5102 2840 5160 τοῖς
2877 5101 2938 5149 ἐκ
2989 5099 3098 5148 τῶν
3140 5098 3325 5149 θεόθεν
3357 5098 3681 5166 προηγόρων
3707 5098 3805 5164 τῆς
3837 5097 3992 5148 εὐσε-

2414 5193 2566 5254 ϐείας
2608 5189 2977 5260 ὲνασμενίζειν
3009 5190 3426 5258 βεϐουλημένον.
3452 5193 3564 5251 τοῖς
3589 5190 3635 5241 δ’
3657 5190 3870 5241 οἴκοθεν
3893 5190 3991 5240 καὶ

2412 5283 2474 5334 τὸ
2509 5282 2772 5348 σφέτερον
2801 5280 2864 5349 δὴ
2894 5278 3052 5332 τοῦτο
3082 5280 3324 5348 δειχθείη
3358 5279 3433 5350 μὴ
3467 5281 3603 5349 πρὸς
3630 5278 3818 5342 αὑτοῦ,
3853 5283 3992 5349 πρὶς

2413 5371 2468 5423 δὲ
2500 5373 2598 5439 τῆς
2647 5369 2907 5439 ἀληθείας
2957 5368 3225 5437 ὑπάρχον,
3289 5369 3364 5427 ὡς
3420 5363 3567 5421 οὗτοι
3615 5368 3991 5438 φωτοδολοῦσι

2417 5463 2712 5529 φανότατα.
2762 5459 3020 5528 Ἀριθμὸς
3066 5459 3162 5528 μὶν
3187 5461 3296 5527 γὰρ
3333 5457 3429 5511 τοῦ
3462 5459 3824 5527 διωρισμένου
3856 5459 3992 5528 παρ’

2415 5548 2476 5608 οὗ
2505 5554 2771 5621 πέφυκεν,
2827 5553 2890 5604 οὐ
2947 5550 3043 5603 τοῦ
3079 5550 3358 5621 συνεχοῦς,
3411 5543 3503 5602 καὶ
3534 5550 3674 5602 κατά
3703 5550 3993 5619 διορισμὸν

2419 5644 2721 5715 μοναδικῶς
2746 5641 3016 5711 πρόεισιν,
3044 5641 3167 5710 οὐχὶ
3190 5641 3331 5694 κατά
3358 5639 3628 5702 σύνθεσιν,
3670 5641 3734 5692 ὲκ
3759 5640 3990 5708 μονάδος

2415 5739 2569 5799 δυὰς,
2600 5737 2695 5789 καὶ
2726 5738 2788 5788 ἐκ
2815 5734 3007 5797 δυάδος
3033 5735 3191 5804 τριὰς
3223 5734 3283 5786 οὐ
3314 5733 3755 5800 συντεθειμένης,
3788 5731 3902 5784 ἀλλ’
3928 5738 3992 5785 ἐκ

2417 5829 2602 5892 δυάδος
2635 5828 2712 5891 ῶς
2743 5829 2881 5898 πρὸς
2925 5825 3128 5896 μονάδι
3149 5827 3248 5898 τὴν
3280 5826 3384 5898 πρὸ
3417 5825 3609 5894 αὐτῆς,
3658 5825 3690 5897 ἢ
3717 5827 3779 5877 ἐκ
3826 5826 3994 5894 μονὰ-
