4220 6444
164 437 306 503 1285

1378 432 1696 498 GEORGII
1743 430 2200 498 METOCHITA!

3282 428 3417 493 1286

155 551 244 611 6o;
284 551 383 603 διὰ
412 548 812 619 δυάδιςάπλῆς.
838 548 1097 606 Ἐπειοῧν
1117 552 1175 605 τδ
1195 553 1347 606 Θείον
1371 553 1429 607 ἓν
1464 555 1558 607 καὶ
1578 554 1745 623 τριάς·

1852 551 2026 608 Patres
2056 552 2394 607 asseverant,
2432 547 2617 601 eadem
2647 546 2695 601 vi
2740 546 2999 616 polleant.
3048 544 3257 600 Etenim
3290 562 3413 602 cum

159 643 304 705 ἐστι,
326 644 423 693 καὶ
448 642 518 702 ὡς
556 641 651 707 μὲν
684 643 741 694 ἓν
784 644 1165 714 άπαράδεκτὸν
1194 647 1311 698 ἐστι
1362 647 1455 699 καὶ
1486 644 1743 714 ἀριθμοῦ,

159 735 253 784 καὶ
292 734 624 801 μεσῦτητος,
650 735 742 786 καὶ
771 735 999 799 τάξεως,
1036 735 1132 788 καὶ
1158 737 1267 788 τῶν
1314 735 1599 788 τοιούτων·
1643 736 1745 788 τιοῦ

158 825 269 889 γὰρ
297 822 383 890 τῷ
416 821 495 873 ἑνὶ
531 824 605 891 τῷ
629 824 767 894 ὑπὲρ
791 828 898 878 πᾶν
928 825 985 877 ἓν
1018 825 1131 878 ὄντι
1152 828 1315 879 ποσὸν
1340 827 1428 878 καὶ
1463 827 1624 895 μέσον
1652 829 1747 880 καὶ

157 914 317 976 τάξις
352 918 407 964 ἐν
432 915 674 968 πλείοσιν
710 916 740 984 ἢ
779 916 924 984 τρισὶ
955 918 1305 987 τούλάχιστον
1330 918 1484 968 ταυτὶ
1520 918 1747 986 θεωρού-

164 1021 304 1070 μενα
330 1022 345 1065 ;
368 1005 439 1067 ὼς
457 1006 510 1057 δὲ
536 1006 657 1073 τρία
678 1006 883 1059 τούτων
910 1010 1026 1059 ἐστὶ
1043 1008 1314 1068 δεκτικὸν,
1338 1008 1475 1077 πλὴν
1496 1009 1587 1059 καὶ
1605 1008 1747 1061 οὕτω

161 1097 627 1165 θεοπρεπῶς,καὶ
661 1103 780 1159 ταῖς
810 1102 935 1169 περὶ
954 1100 1089 1154 Θεοῦ
1121 1102 1471 1170 καταλλήλως
1494 1105 1743 1165 ἐννοίαις,

160 1192 258 1239 καὶ
306 1191 374 1241 16
398 1189 491 1241 τοῦ
545 1190 775 1261 ἀριθμοῦ
836 1194 1184 1261 παράδειγμα
1240 1194 1332 1247 τοῦ
1390 1196 1747 1265 διωρισμένου

159 1280 339 1331 ποσοῦ
360 1283 627 1350 τυγχάνον
659 1286 738 1343 εἰς
770 1285 1027 1338 εἰκασίαν
1052 1285 1566 1356 παραληφθήσεται.
1598 1285 1740 1338 καθὸ

160 1371 256 1421 καὶ
293 1372 329 1439 ἡ
359 1371 528 1440 Τριὰς
567 1372 885 1441 διορίζεται,
906 1377 1023 1436 ταῖς
1053 1376 1194 1427 κατα
1220 1376 1319 1445 τὴν
1353 1376 1579 1446 πρόοδον
1618 1377 1747 1428 ὑπο-

162 1464 458 1523 στατικαῖς
490 1462 735 1531 ἰδιότησι.
790 1467 1094 1531 Διαιρεῖται
1126 1468 1233 1535 γάρ
1267 1468 1615 1537 άὸιαιρέτως,
1652 1469 1744 1520 καὶ

157 1555 508 1605 συνάπτεται
541 1553 887 1625 διῃρημένοις
908 1556 982 1625 τῷ
1016 1558 1305 1625 παραδόξῳ
1338 1557 1434 1625 τῆς
1465 1556 1617 1619 θείας
1646 1577 1743 1627 με·

161 1643 547 1711 γαλειέτητος.
607 1645 713 1699 Τοῦ
761 1647 952 1700 λοιποῦ
1014 1652 1250 1719 πρόσχες
1312 1650 1445 1715 πρδς
1506 1651 1639 1703 θεοῦ
1717 1654 1745 1706 6

161 1735 468 1802 ἀκροατής.
494 1737 836 1805 Προθέμενος
860 1742 886 1791 ὁ
916 1741 1156 1810 ἐρωτῶν,
1178 1743 1265 1803 ὼς-
1283 1742 1739 1812 διαπορούμενος,

163 1825 289 1887 πῶς
308 1829 372 1877 ὲκ
400 1828 495 1895 τῆς
512 1830 679 1882 ἀῢλου
697 1830 886 1893 δυάδος
906 1832 967 1885 16
984 1831 1040 1884 ἓν
1060 1829 1201 1885 εἶναι
1220 1834 1464 1896 δύναται,
1488 1838 1581 1888 καὶ
1606 1852 1744 1904 παρ-

1852 641 2215 706 interrogans,
2248 651 2424 705 neque
2491 636 2611 689 aliis
2648 652 2823 706 neque
2854 634 3135 701 exemplis,
3167 635 3259 702 qui
3292 652 3414 689 eum
3458 670 3461 673 -

1850 739 2270 798 prmcesscrunt,
2318 728 2625 781 divinorum
2678 728 2891 795 pietatis
2936 728 3281 797 principum,
3324 729 3418 781 sed

1851 822 2088 890 propriis
2119 820 2352 883 insistat,
2396 833 2586 872 eorum
2614 835 2829 887 quoque
2862 821 3003 873 dicta
3039 836 3144 872 non
3174 820 3241 882 al)
3272 820 3417 888 ipso,

1850 913 1944 965 sed
1983 928 2011 965 a
2047 914 2274 966 veritate
2309 912 2642 971 cmanantia,
2678 912 2757 963 uti
2794 912 2867 964 illi
2913 913 3247 967 lucidissime
3280 912 3418 965 irra-

1848 1006 2018 1069 diarc,
2056 1005 2534 1058 tlemonstrabitur.
2569 1001 2839 1055 Numerus
2869 1004 3013 1056 enim
3038 1005 3195 1057 divisi
3226 1014 3330 1068 est,
3353 1021 3417 1061 ex

1847 1113 1956 1165 quo
1989 1097 2282 1158 enascitur,
2320 1111 2426 1147 non
2456 1094 2723 1158 continui,
2754 1104 2809 1146 et
2855 1097 3151 1148 secundum
3192 1097 3419 1153 divisio-

1849 1202 1970 1240 nem
2021 1187 2366 1257 singulariter
2400 1186 2674 1253 provenit,
2708 1201 2814 1237 non
2848 1186 3149 1238 secundum
3196 1202 3420 1255 compo-

1847 1280 2121 1341 sitionem,
2155 1295 2219 1332 ex
2257 1279 2465 1331 unitate
2500 1278 2754 1339 dualitas,
2785 1289 2838 1331 et
2870 1294 2934 1330 ex
2965 1280 3225 1331 dualitate
3265 1281 3419 1341 trias,

1847 1386 1954 1424 non
1984 1386 2101 1439 qua:
2152 1378 2534 1437 componatur,
2569 1369 2663 1423 sed
2714 1386 2778 1423 ex
2825 1370 3083 1424 dualitate
3134 1372 3300 1424 veluti
3350 1373 3418 1430 ad

1847 1461 2111 1514 unitatem
2139 1501 2153 1522 ,
2183 1475 2302 1528 qua:
2332 1468 2457 1512 ante
2488 1459 2657 1528 ipsam
2691 1468 2794 1523 est,
2829 1468 2921 1511 aut
2961 1476 3024 1513 ex
3070 1461 3278 1515 unitate
3322 1475 3420 1531 per

1847 1551 2161 1605 dualitatem
2190 1551 2516 1621 simplicem.
2550 1551 2779 1615 Quando
2814 1551 2977 1622 igitur
3005 1553 3144 1606 Deus
3174 1570 3338 1607 unum
3366 1563 3421 1608 et

1845 1642 2060 1694 trinitas
2089 1651 2192 1703 est,
2222 1651 2277 1694 et
2329 1649 2389 1693 ιιι
2435 1657 2625 1702 unum,
2663 1657 2844 1710 neque
2879 1658 3167 1695 numerum
3192 1682 3206 1704 ,
3240 1658 3419 1709 neque

1847 1733 2106 1795 medium,
2153 1748 2329 1800 neque
2386 1734 2660 1800 ordinem,
2689 1750 2867 1802 neque
2927 1734 3123 1787 similia
3170 1735 3418 1803 suscipit.

1847 1823 2132 1879 Undenam
2180 1825 2326 1878 enim
2378 1825 2431 1878 in
2484 1841 2614 1889 uno,
2641 1827 2784 1896 quod
2827 1843 2991 1895 supra
3036 1842 3197 1881 omne
3248 1843 3417 1881 unum

161 1917 332 1979 euﬂb;
364 1921 459 1990 τὴν
487 1922 666 1973 αἰτίαν
695 1924 992 1991 ἐπαγαγὼν
1020 1925 1116 1976 τοῦ
1150 1926 1224 1995 μὴ
1262 1926 1508 1987 δυνατὸν,
1540 1926 1618 1995 τῷ
1642 1926 1741 1995 τὴν

1852 1925 1945 1977 est,
1992 1926 2047 1970 et
2088 1917 2362 1986 quantitas
2405 1926 2459 1972 et
2493 1919 2732 1973 medium
2769 1928 2823 1974 et
2864 1920 2999 1974 ordo
3052 1920 3105 1973 in
3146 1920 3419 1990 pluribus,

168 2011 379 2078 μονάδα
400 2012 577 2065 αἰτίαν
592 2010 729 2067 εἶναι
747 2016 838 2067 καὶ
863 2018 923 2068 οὗ
941 2016 1129 2081 δυάδα,
1149 2018 1223 2080 ὡς
1243 2019 1441 2070 ἐθέλων
1461 2019 1546 2070 διὰ
1571 2020 1745 2088 μέσης

166 2105 500 2169 προτάσεως
526 2105 642 2173 τῆς,
662 2106 745 2159 ὅτι
773 2106 832 2159 ἓν
849 2107 908 2160 16
942 2109 1113 2160 αἴτιον
1132 2111 1223 2162 xui.
1240 2112 1300 2162 οὐ
1324 2108 1435 2174 δύο,
1453 2127 1517 2162 συ
1528 2128 1633 2180 μπε
1643 2114 1742 2180 ρά-

166 2211 261 2245 ναι
287 2196 350 2248 16
381 2197 455 2265 μὴ
488 2199 553 2250 ὲκ
585 2198 693 2250 τῶν
722 2199 817 2250 δύο
853 2200 913 2251 τὸ
939 2198 998 2252 ἒν
1028 2197 1198 2253 εἶναι’
1229 2202 1386 2255 τοῦτο
1409 2204 1515 2272 γὰρ
1545 2204 1744 2273 ἀπῄτει

166 2285 231 2338 16
268 2288 543 2355 προταθὲν
573 2291 631 2354 ἐξ
653 2291 899 2359 ἀνάγκης
923 2306 937 2321 °
964 2295 990 2344 6
1012 2292 1066 2345 δὲ
1088 2293 1174 2347 διά
1203 2295 1311 2346 τῶν
1343 2294 1545 2362 μεταξὺ
1572 2295 1747 2359 λόγων

168 2376 310 2428 αὐτὸ
348 2378 549 2445 μᾶλλον
580 2382 1024 2446 κατασκευάσας,
1059 2384 1115 2434 ὲν
1138 2377 1219 2446 οἷς
1246 2400 1412 2452 φησι·
1449 2386 1614 2452 μονὰς
1640 2385 1747 2452 γάρ

168 2469 253 2528 εἰς
279 2468 448 2521 δυάδα
474 2473 726 2535 κινεῖται,
753 2473 1006 2525 κάκεῖθεν
1035 2474 1114 2534 είς
1153 2473 1383 2539 Τριάδα,
1416 2470 1573 2525 τοῦτο
1601 2473 1655 2525 δὲ
1693 2473 1745 2525 τί

171 2560 330 2624 ἄλλο,
365 2562 398 2630 ἢ
422 2563 505 2614 ὅτι
533 2563 599 2615 ἐκ
648 2565 875 2632 μονάδος
912 2566 1063 2633 δυὰς,
1104 2567 1198 2617 καὶ
1225 2568 1289 2617 ὲκ
1319 2565 1509 2628 δυάδος
1566 2563 1745 2634 τριὰς,

170 2649 315 2719 ὅπερ
346 2652 407 2702 16
456 2650 513 2703 ἓν
563 2653 703 2706 κατὰ
755 2653 815 2706 16
841 2655 1199 2726 διωρισμένον
1238 2654 1331 2708 τοῦ
1386 2656 1645 2726 ἀριθμοῦ,
1673 2656 1748 2720 ὡς

172 2740 477 2811 ἐλέγομενς
508 2742 536 2796 6
562 2746 654 2797 καὶ
677 2746 705 2796 6
738 2746 1070 2815 περίπυστος
1104 2749 1161 2800 ὲν
1189 2748 1439 2818 θεολογία
1471 2737 1746 2817 συντίθησι

172 2832 442 2898 φάσκων·
478 2851 497 2884 t
557 2836 736 2897 Μονὰς
781 2839 890 2904 γάρ
924 2839 1003 2899 είς
1048 2839 1214 2891 δυάδα
1263 2841 1544 2907 κινηθεῖσα
1587 2840 1747 2907 μέχρι

174 2922 411 2992 Τριάδος
442 2924 572 2993 ἔστη
593 2943 607 2955 ’
637 2943 657 2976 ι
694 2927 1023 2996 συνεπέρανε
1045 2928 1104 2979 16
1133 2928 1207 2997 μὴ
1237 2928 1305 2980 τὰ
1320 2929 1411 2980 δύο
1432 2928 1580 2981 αἴτια
1610 2926 1747 2982 εἶναι

172 3013 271 3065 τοῦ
306 3014 442 3077 ἑνὸς,
499 3016 633 3069 ἀλλὰ
681 3018 743 3069 16
776 3016 835 3068 ἓν
870 3019 977 3070 τῶν
1003 3018 1117 3071 δύο.
1178 3019 1333 3071 Ἐστι
1362 3020 1418 3071 δὲ
1454 3020 1626 3071 αἴτιον
1656 3018 1746 3071 τοῦ

171 3103 556 3167 ἀνακολούθως
580 3104 739 3169 οὕτω,
770 3106 865 3158 καὶ
896 3106 975 3176 μὴ
1004 3107 1146 3159 κατὰ.
1168 3107 1228 3158 16
1268 3106 1749 3176 προϐληματισθὲν

173 3194 235 3245 16
276 3195 648 3265 συμπέρασμα
684 3197 895 3261 θέσθαι,
951 3198 1012 3250 τὸ
1046 3198 1251 3251 οἴεσθαι
1301 3200 1393 3251 δύο
1438 3200 1584 3252 αἴτια
1634 3200 1747 3251 εἰσ-

174 3287 357 3353 άγειν,
396 3289 440 3339 εί
472 3287 619 3355 λέγει
649 3306 735 3351 τις
765 3291 829 3342 ὲκ
863 3290 973 3342 τῶν
996 3290 1090 3343 δύο
1113 3291 1172 3343 16
1202 3292 1281 3347 ἓν.
1315 3292 1483 3343 Τοῦτο
1512 3292 1568 3344 δὲ
1592 3293 1749 3344 οὐδα-

176 3378 327 3447 μῶς.
365 3379 521 3433 Ἐστι
553 3381 653 3449 μὲν
683 3382 797 3451 γὰρ
837 3383 901 3435 ὲκ
924 3383 1115 3445 δυάδος
1144 3384 1203 3436 16
1231 3382 1307 3446 ἓν,
1337 3386 1400 3436 ὲκ
1435 3365 1528 3435 δύο
1549 3384 1749 3453 δηλαδὴ

179 3470 428 3538 μονάδων
458 3472 614 3542 τρίτη
646 3474 834 3539 μονάς.
875 3474 936 3526 Εἰ
969 3476 1064 3544 μὲν
1088 3471 1181 3528 οὖν
1215 3478 1279 3528 ὲκ
1312 3474 1405 3528 δύο
1433 3476 1751 3545 άντιδιῃρη-

180 3565 363 3634 μένων
395 3561 481 3635 ἦν,
514 3567 544 3635 ἦ
592 3567 936 3637 διῃρημινων
988 3567 1183 3629 οὕτως,
1232 3566 1305 3629 ὡς
1337 3567 1399 3618 16
1458 3567 1643 3636 ἕτερον
1675 3567 1750 3636 μὴ

177 3658 315 3724 πρὸ,
344 3660 403 3710 16
423 3659 608 3726 ἕτερον
632 3660 1024 3730 ἀναφέρεσθαι,
1055 3663 1179 3731 μήτ’
1204 3662 1262 3727 ἐξ
1284 3660 1493 3714 ἐκείνου
1525 3661 1587 3713 16
1612 3658 1748 3715 εἶναι

175 3746 350 3814 ἔχειν,
388 3750 522 3815 μήτε
553 3749 822 3817 μεσότητα
849 3750 947 3817 τὴν
978 3750 1121 3802 κατὰ
1148 3752 1243 3819 τὴν
1276 3750 1530 3819 πρόοδον·
1641 3753 1750 3820 γάρ

178 3838 250 3892 ἂν
288 3834 355 3909 ἦν
377 3838 536 3901 οὕτω,
563 3840 657 3892 καὶ
687 3841 748 3890 16
784 3839 967 3909 τρίτον
1002 3841 1063 3893 οὐ
1096 3842 1296 3910 τρίτον,
1322 3841 1458 3894 ἀλλὰ
1501 3841 1749 3910 δεύτερον

178 3930 466 3999 ἑκατέρων
494 3929 644 3983 ἔνθεν
678 3932 771 3983 καὶ
797 3929 949 3983 ἔνθεν
980 3930 1390 4002 θεωρουμένων,
1411 3934 1503 3985 καὶ
1526 3933 1586 3985 οὐ
1612 3935 1751 3987 κατὰ

177 4023 279 4090 τὴν
320 4022 444 4092 ἑξῆς
478 4022 802 4091 τοπαράπαν
832 4014 1152 4089 προέλευσιν
1172 4039 1185 4054 ·
1228 4024 1455 4086 εἰκότως
1505 4024 1572 4077 ἂν
1601 4027 1627 4077 6
1652 4026 1753 4093 τῆς

176 4112 467 4181 δυαρχίας,
528 4112 621 4164 καὶ
676 4114 777 4182 τῆς
824 4112 1019 4181 διπλῆς
1066 4112 1246 4174 αἰτίας
1274 4113 1428 4180 λόγος
1459 4115 1746 4184 εἰσήγετο·

176 4204 307 4256 ἐπεὶ
334 4203 394 4256 δὲ
419 4201 592 4256 ταῦτα
620 4203 763 4256 κατὰ
790 4204 850 4255 16
884 4203 1143 4268 ἔμπαλιν,
1180 4204 1273 4256 καὶ
1309 4206 1342 4275 ἡ
1372 4206 1529 4276 τρίτη
1579 4207 1749 4276 μονὰς

176 4296 268 4348 διὰ
303 4295 401 4364 τῆς
438 4295 609 4363 μέσης
660 4293 885 4363 μονάδος
910 4296 974 4347 ὲκ
1002 4294 1102 4363 τῆς
1136 4294 1359 4362 πρώτης
1390 4294 1483 4347 καὶ
1515 4295 1752 4365 ἀρχικῆς

177 4388 240 4439 16
274 4382 414 4439 εἶναι
444 4385 682 4450 πλουτεῖ,
733 4386 854 4439 ὅθεν
904 4386 999 4438 καὶ
1036 4386 1070 4455 ὴ
1105 4384 1241 4455 μέση
1278 4386 1481 4456 μονάς·
1541 4387 1751 4440 ἐκεῖθεν

177 4479 291 4547 ἄρα
324 4480 419 4529 καὶ
450 4478 548 4548 τὴν
578 4478 756 4531 αἰτίαν
794 4478 963 4541 ἕλκει,
994 4477 1255 4545 κάκείνην
1299 4479 1478 4548 ἀρχὴν
1505 4472 1615 4531 οἶδε
1656 4480 1750 4531 καὶ

1844 2017 1939 2062 aut
1969 2009 2140 2062 tribus
2170 2011 2454 2064 minimum
2501 2010 2976 2066 consitlcrareris?
3014 2011 3099 2067 Uti
3146 2028 3271 2067 vero
3318 2012 3417 2065 tria

1848 2098 1981 2162 haec,
2015 2098 2108 2151 sed
2142 2098 2329 2152 divino
2363 2099 2599 2167 quodam
2650 2102 2833 2163 modo,
2883 2111 2940 2156 ct
2989 2103 3419 2173 cogitationibus

1846 2188 1956 2243 Deo
1998 2190 2114 2257 ip'so
2154 2190 2547 2244 addeceutiltus
2585 2192 2842 2255 admittit,
2876 2203 2931 2247 et
2963 2196 3274 2263 exemplum
3314 2212 3421 2248 nu-

1848 2280 2005 2341 mcri,
2036 2281 2128 2348 qui
2169 2279 2549 2336 determinata:
2580 2284 2903 2351 quantitatis
2936 2293 3021 2339 est
3062 2286 3115 2339 in
3163 2286 3421 2340 similitu-

1846 2370 2028 2423 dinem
2074 2384 2401 2435 assumctnr,
2452 2387 2574 2427 cum
2626 2384 2679 2427 et
2710 2373 2946 2429 Trinitas
2994 2376 3421 2445 proprietatibus

1846 2463 2145 2517 secundum
2177 2479 2525 2535 progressum
2561 2465 2992 2532 determinetur;
3022 2484 3257 2536 namque
3282 2468 3422 2522 indi-

1847 2555 1961 2609 vise
1989 2554 2270 2621 dividitur,
2312 2566 2365 2608 et
2399 2556 2572 2610 divise
2603 2556 2916 2612 admirabili
2949 2560 3149 2614 divinat
3176 2561 3422 2628 magniﬁ-

1847 2648 2047 2701 centia:
2086 2648 2248 2702 modo
2300 2648 2671 2719 conjungitur.
2720 2648 2940 2703 Interim
2980 2659 3189 2706 attento
3238 2654 3421 2707 animo

1848 2737 1922 2792 sis
1955 2753 2051 2807 per
2085 2738 2273 2801 Deum,
2302 2754 2333 2793 ο
2359 2741 2589 2794 auditur.
2616 2740 2751 2796 Cum
2782 2742 3127 2810 interrogans
3159 2744 3260 2797 sibi
3292 2760 3419 2813 pro-

1849 2831 2140 2899 posuisset,
2179 2831 2336 2900 quasi
2378 2833 2723 2896 addubitans,
2750 2850 2854 2902 qua
2881 2837 3089 2889 ratione
3121 2851 3185 2889 ex
3227 2837 3423 2889 imma-

1851 2922 2047 2975 teriato
2084 2923 2297 2990 duplari
2344 2938 2573 2978 numero
2603 2941 2771 2979 unum
2822 2941 2945 2979 esse
2999 2927 3189 2996 possit,
3237 2938 3292 2983 et
3327 2946 3423 2999 per

1849 3027 2009 3080 quam
2039 3013 2221 3066 subito
2248 3029 2463 3067 causam
2500 3015 2795 3070 adnectens
2838 3016 2949 3069 ﬁeri
3001 3032 3108 3071 non
3156 3033 3331 3087 posse,
3364 3027 3423 3075 ιιι

1851 3103 2030 3156 unitas
2059 3118 2220 3156 causa
2254 3104 2344 3166 sit,
2378 3113 2561 3159 etnon
2591 3106 2769 3159 dualis
2795 3122 3077 3173 numerus,
3108 3110 3264 3176 quasi
3306 3112 3422 3164 vel-

1850 3193 1924 3248 let
1964 3209 2060 3263 per
2100 3194 2332 3248 mediant
2372 3197 2823 3265 pr0positioncm,
2872 3214 3039 3251 unum
3073 3214 3268 3269 nempe
3301 3217 3423 3256 esse

1851 3303 2072 3341 causam
2116 3297 2172 3342 et
2214 3304 2322 3341 non
2354 3290 2484 3351 duo,
2522 3290 2846 3344 concludere
2881 3306 3049 3344 unum
3098 3308 3165 3345 ex
3209 3294 3422 3349 duobus

1851 3394 1959 3432 non
1989 3394 2148 3432 esse:
2182 3379 2283 3434 hoc
2312 3381 2582 3449 siquidem
2616 3380 2758 3449 quod
2785 3384 3065 3449 proposuit
3101 3386 3418 3440 necessario

1853 3471 2179 3538 requiri-bat,
2213 3472 2327 3541 ipse
2359 3472 2714 3526 nihilominus
2750 3488 2847 3542 per
2877 3473 3228 3541 interpositas
3254 3480 3419 3530 ratio-

1852 3578 1950 3617 nes
1979 3562 2031 3617 id
2061 3564 2232 3630 ipsum
2255 3565 2424 3633 magis
2447 3565 2756 3629 conﬁrmat,
2781 3581 2905 3618 cum
2939 3565 3012 3619 ait
3035 3565 3249 3621 :Unitas
3270 3568 3417 3623 enim

1854 3653 1905 3706 in
1945 3653 2259 3709 dualitatem
2297 3665 2563 3719 movetur,
2609 3655 2840 3725 indeque
2877 3658 2931 3711 in
2978 3658 3313 3723 trinitatem,
3364 3659 3420 3716 id

1854 3761 1984 3798 vero
2014 3746 2141 3814 quid
2169 3755 2252 3800 est
2278 3746 2421 3799 aliud
2452 3762 2612 3814 quam
2646 3761 2709 3800 ex
2745 3746 2949 3802 unitate
2976 3749 3229 3813 dualitas,
3268 3760 3321 3803 et
3350 3766 3420 3804 ex

1853 3837 2111 3891 dualitate
2141 3838 2379 3902 trinitas,
2409 3838 2553 3907 quod
2583 3849 2667 3892 est
2703 3854 2869 3891 unum
2912 3840 3211 3895 secundum
3242 3841 3422 3895 deter-

1852 3927 2115 3980 minatum
2153 3943 2457 3990 tutmerum.
2492 3936 2550 3981 ut
2584 3928 2939 3982 dicebamus?
2968 3937 3021 3983 et
3062 3930 3117 3983 in
3151 3930 3421 3999 theologia

1853 4018 2193 4088 pitecelebris
2228 4018 2539 4082 concordat,
2573 4035 2697 4073 cum
2725 4021 2919 4089 inquit,
2980 4040 2999 4073 ‹
3059 4021 3248 4076 Unitas
3274 4023 3420 4076 enim

1855 4114 1907 4165 in
1932 4111 2244 4165 dualitalem
2280 4125 2450 4177 mota,
2485 4112 2537 4167 in
2561 4112 2825 4167 Trinitate
2852 4115 3120 4182 subsistit,
3147 4132 3166 4169 ι
3197 4118 3422 4170 conclu-

1854 4203 1945 4265 sit,
1968 4203 2085 4257 .duo
2110 4203 2269 4259 unius
2292 4220 2512 4257 causam
2547 4220 2654 4258 non
2686 4220 2829 4269 esse,
2854 4207 2948 4260 sed
2977 4223 3141 4260 unum
3165 4207 3419 4264 duorum.

1853 4293 2027 4348 causa
2051 4311 2180 4349 vero
2215 4308 2317 4357 est.
2343 4295 2477 4350 adeo
2508 4298 2988 4367 inconsequenter,
3017 4307 3068 4351 et
3093 4315 3203 4352 non
3229 4306 3424 4354 seenn—

1852 4384 1979 4439 dum
2012 4386 2353 4454 propositum
2391 4386 2669 4455 problema
2700 4387 3108 4442 conclusionem
3144 4390 3418 4460 colligere,

1854 4477 1996 4544 quod
2021 4477 2293 4544 Opinetur,
2322 4478 2457 4531 duas
2482 4492 2675 4531 causas
2700 4479 3067 4546 introducere,
3097 4483 3140 4535 si
3174 4484 3297 4549 quis
3339 4485 3424 4537 di—

177 4568 357 4637 ρίςαν,
390 4567 464 4630 ὡς
489 4567 616 4637 μίαν
642 4563 778 4620 εἶναι
805 4567 1104 4634 διαφανῶς.
1137 4567 1367 4635 ἰδωμεν
1394 4569 1593 4621 οὐκοῦν
1628 4563 1745 4621 οἷά-

1854 4570 2011 4634 xerit,
2060 4584 2126 4623 ex
2166 4567 2378 4623 duobus
2427 4585 2592 4622 ttnnm
2641 4586 2784 4625 esse.
2832 4570 2941 4625 Sed
2988 4572 3037 4624 id
3075 4574 3225 4626 nullo
3261 4575 3422 4631 modo

178 4679 288 4730 περ
311 4663 361 4714 οἱ
410 4663 516 4715 τῶν
554 4662 712 4715 θείων
736 4662 1068 4732 ὲκφάντορες
1096 4663 1158 4714 16
1201 4663 1437 4732 πρῶτον,
1466 4664 1525 4716 τὸ
1561 4666 1744 4731 μέσον,

176 4755 239 4806 16
269 4755 472 4821 τρίτον,
495 4754 554 4805 16
580 4752 638 4811 ὲε
669 4755 871 4823 ἀμφοῖν
922 4755 1015 4807 ἐπὶ
1042 4755 1149 4806 τῶν
1178 4753 1487 4823 θεαρχικῶν
1535 4754 1749 4823 λαμὸά-

177 4861 362 4906 νοντες
398 4844 747 4897 ὑποστάσεων
794 4844 1117 4912 θεολογικῶς
1166 4845 1565 4897 ἐκδιδάσκουσι.
1640 4847 1749 4898 Καὶ

179 4935 401 5003 πρῶτος
458 4934 619 4996 αὐτὸς
669 4935 700 4990 6
746 4936 846 5004 τὴν
878 4936 1079 5005 μονάδα
1114 4937 1431 5005 κινηθεῖσαν
1466 4938 1545 4999 εἰς
1582 4937 1749 4990 δυάδα

182 5027 606 5097 μέχριτριάδος
660 5028 852 5095 στῆναι
915 5028 1311 5097 φθεγξάμενος,
1364 5012 1401 5081 ’δ
1452 5031 1602 5082 καὶὸ
1651 5032 1750 5099 τὴν

180 5119 450 5189 ἐρώτησιν
503 5121 797 5189 προφέρων
850 5119 1101 5185 φαίνεται
1161 5121 1518 5187 διαγγέλλων,
1577 5124 1634 5173 ὲν
1668 5119 1747 5184 οἷς

138 5274 141 5279 Ι
179 5211 408 5281 ἠρωῒζει
435 5212 533 5272 τάς
563 5211 697 5279 πρὸς
726 5209 1027 5279 παρθένους
1061 5211 1361 5280 ὑποθήκας,
1396 5212 1538 5265 οὕτω
1563 5214 1747 5281 φησίν·

185 5322 202 5352 ι
238 5300 332 5364 Εἷς
356 5301 489 5364 Θεὸς
531 5304 594 5354 lx
632 5304 859 5370 γενέταο
885 5302 952 5355 δι’
976 5302 1134 5364 Υιέος
1167 5303 1295 5371 ἔστη
1316 5319 1329 5334 ·
1375 5322 1404 5355 ι
1442 5305 1577 5371 μετά
1606 5321 1747 5365 τινα,

184 5413 202 5445 ι
249 5394 568 5463 ’ἱσταμένης
627 5395 880 5463 θεότητος
931 5395 1012 5447 ἑνὶ
1042 5395 1294 5462 ,τελέοισι
1341 5395 1571 5464 τελείης.
1610 5414 1628 5446 ι
1690 5397 1750 5445 ὐ

180 5487 449 5555 σύμφρων
472 5488 664 5537 τούτου
688 5490 783 5538 και
834 5485 1122 5554 ὁμώνυμος
1148 5487 1446 5539 Νυσσαέων
1487 5487 1749 5557 λαμπτὴρ

180 5578 239 5629 ἐν
270 5576 352 5645 τῷ
384 5578 508 5645 περὶ
545 5575 637 5629 τοῦ
671 5577 828 5643 ἁγίου
876 5577 1193 5646 Πντύματος
1242 5578 1381 5629 κατὰ
1415 5578 1749 5631 Μακεδονικ-

180 5667 285 5719 νῶν
311 5665 456 5734 λόγῳ
478 5665 639 5734 φησιν
666 5683 680 5697 ο
730 5685 748 5716 ι
789 5664 905 5733 Ἐφ’
931 5661 1005 5719 ὧν
1036 5669 1143 5737 γὰρ
1199 5668 1231 5736 η
1262 5667 1404 5719 κατὰ
1459 5667 1517 5719 16
1549 5668 1747 5733 ἀγαθδν

180 5758 433 5826 ινέργεια
466 5759 720 5826 οὐδεμίαν
767 5760 1083 5817 ἐλάττωσιν,
1136 5760 1167 5828 ἦ
1225 5758 1579 5827 παραλλαγὴν
1610 5760 1744 5826 ἔχει,

182 5848 299 5908 πῶς
332 5850 479 5902 ἐστιν
510 5849 727 5918 εὔλογον
754 5853 849 5915 τὴν
878 5851 1012 5903 κατὰ
1048 5852 1134 5905 16v
1164 5850 1393 5921 ἀριθμὸν
1417 5853 1565 5917 τάξιν
1593 5851 1746 5906 ἐλάτ-

1852 4670 1956 4723 cst,
1988 4676 2224 4730 namque
2251 4671 2331 4714 cst
2360 4677 2424 4715 ex
2460 4661 2721 4715 dualitate
2752 4677 2944 4724 unum,
2979 4678 3043 4716 ex
3080 4665 3292 4718 duabus
3320 4667 3424 4719 sci-

1854 4752 1977 4804 licet
2014 4753 2311 4806 unitatibus
2346 4754 2503 4806 tertia
2538 4753 2739 4806 unitas.
2770 4753 2935 4823 Igitur
2971 4755 3015 4808 si
3050 4771 3119 4809 ex
3148 4758 3363 4815 duobus
3392 4775 3421 4810 ιι

1851 4857 1909 4896 se
1940 4841 2227 4912 disiunctis
2257 4853 2516 4898 essetaut
2560 4844 2635 4898 ita
2660 4845 2870 4907 divisis,
2904 4854 2961 4899 ut
2994 4862 3162 4899 unum
3192 4848 3256 4901 ad
3288 4850 3422 4902 alte-

1850 4948 1968 4986 rum
1999 4948 2108 4987 non
2138 4931 2451 4996 referretur,
2482 4950 2658 5002 neque
2692 4935 2760 4987 ab
2792 4935 2880 4987 illo
2909 4935 3215 4999 exsisteret,
3247 4953 3423 5007 neque

1852 5024 2089 5077 medium
2130 5026 2353 5078 essetin
2392 5042 2702 5095 progressu,
2740 5026 2809 5087 si,
2852 5026 3097 5094 inquam,
3133 5028 3238 5081 hoc
3262 5030 3421 5084 modo

1852 5130 1913 5168 se
1940 5116 2182 5179 haberet,
2217 5124 2273 5170 et
2304 5118 2528 5170 tertium
2567 5132 2673 5170 non
2707 5117 2951 5182 tertium,
2990 5118 3083 5171 sed
3119 5121 3420 5173 secundum

1851 5208 1980 5260 hinc
2010 5215 2063 5260 et
2093 5207 2215 5260 hinc
2244 5207 2387 5261 inter
2416 5209 2574 5262 ambo
2604 5208 3066 5270 consideraretur,
3099 5219 3154 5264 ct
3197 5225 3307 5265 non
3339 5226 3424 5266 se-

1850 5296 2085 5350 cundum
2119 5298 2278 5352 seriei
2311 5300 2700 5353 asservientem
2728 5300 3098 5369 egressionem
3126 5342 3140 5365 ,
3174 5317 3282 5355 non
3334 5304 3419 5355 iu-

1849 5404 2084 5457 congrue
2128 5389 2359 5444 duorum
2403 5390 2820 5459 principiorum,
2870 5402 2924 5447 et
2962 5392 3194 5462 duplicis
3242 5409 3420 5448 causae

1850 5482 1988 5533 ratio
2019 5481 2474 5537 introduceretur.
2503 5480 2892 5537 Verumtamen
2924 5500 3046 5538 cum
3084 5488 3197 5539 hrcc
3228 5501 3293 5539 ex
3326 5483 3421 5542 ad-

1850 5584 2009 5622 verso
2039 5583 2098 5623 se
2126 5569 2377 5629 habeant,
2408 5578 2461 5621 et
2505 5571 2659 5624 tertia
2697 5572 2879 5625 unitas
2909 5587 3007 5640 per
3033 5573 3267 5627 mediam
3297 5576 3422 5627 uui-

1851 5670 2010 5715 tatem
2043 5676 2107 5714 ex
2141 5669 2311 5729 prima
2343 5670 2399 5714 et
2430 5661 2716 5731 principali
2745 5662 2997 5728 monade,
3024 5664 3166 5732 quod
3201 5665 3273 5719 sit
3301 5680 3424 5733 pos-

1850 5753 2044 5817 sideat,
2081 5751 2206 5806 inde
2240 5767 2367 5822 ergo
2397 5759 2452 5807 et
2500 5752 2676 5806 media
2728 5755 2909 5806 unitas
2953 5770 3175 5809 causam
3228 5757 3419 5817 trahit,

1850 5849 2104 5917 illamque
2138 5845 2459 5917 principium
2492 5854 2651 5917 atque
2676 5845 2938 5917 originem
2968 5848 3048 5902 sui
3086 5848 3344 5918 agnoscit,
3364 5856 3418 5904 ut
