4220 6444
177 380 310 445 1289

1175 383 1471 447 CONTRA
1504 380 1869 443 MAXIMUM
1921 378 2349 439 PLANUDEM

3278 377 3416 442 1290

170 506 309 570 θειη,
348 498 629 566 πανταχοῦ
683 500 787 551 τῶν
826 498 1201 553 θεοπνεύετων
1248 500 1429 553 αὐτῶν
1487 499 1747 569 ῥημάτων
1779 504 1819 555 Δ

1741 518 1747 542 ν
1779 504 1819 555 Α
1853 495 2000 547 lir.na
2046 503 2206 562 atque
2238 493 2446 547 stabilis
2490 503 2567 546 est
2598 508 2609 543 :
2654 501 2878 561 utraque
2906 492 3050 546 enim
3084 493 3407 564 diviniloqui

166 593 654 656 κατεσπαρμένον,
683 594 713 643 ό
747 590 991 657 θεοειδὴς
1048 592 1157 641 τῶν
1189 591 1488 643 Νυσσαίων
1538 590 1745 656 ποιμὴν

167 682 412 738 ἐνταῦθα
432 681 785 740 πιστώσαιτο.
814 681 949 750 πρὸς
988 680 1272 735 ’Λῦλάσιον
1294 680 1436 733 οὕτω
1457 680 1742 745 θεολογῶν·

172 791 190 822 ι
228 772 307 822 τὸ
344 772 768 840 ἀπαράλλακτον
794 772 894 837 τῆς
923 771 1136 837 φύσεως
1183 770 1596 837 ὁμολογοῦντες,
1648 770 1745 837 τὴν

169 865 314 914 κατὰ
349 864 411 914 τὸ
432 866 517 915 αἵτ
527 880 602 914 ιον
621 863 715 915 καὶ⁸
736 863 978 916 αίτιατὸν
996 861 1263 931 διαφορὰν
1288 862 1387 915 οὐκ
1406 861 1741 930 ἀρνούμεθα,

166 955 225 1003 ἐν
253 948 304 1019 ᾧ
341 956 490 1022 μόνῳ
521 951 894 1020 διακρίνεσθαι
920 953 979 1005 τὸ
1006 953 1197 1017 ἕτερον
1230 952 1323 1005 τοῦ
1358 953 1545 1019 ἑτέρου
1574 968 1745 1006 κατα-

166 1044 530 1110 λαμϐάνομεν
551 1059 567 1075 ·
601 1044 677 1111 τῷ
704 1045 763 1095 τὸ
795 1044 894 1110 μὲν
916 1042 1090 1095 αίτιον
1112 1039 1251 1095 εἶναι
1282 1043 1579 1107 πιστεύειν,
1616 1061 1634 1094 ι
1654 1043 1745 1093 τὸν

168 1135 400 1200 Πατέρα
435 1135 628 1199 λέγων,
660 1151 678 1184 ι
704 1133 835 1186 τὸδὲ
852 1134 915 1184 ὲκ
932 1132 1025 1185 τοῦ
1052 1134 1248 1196 αίτίου,
1278 1150 1296 1183 t
1318 1132 1417 1202 τὴν
1445 1132 1611 1184 δυάδα
1638 1134 1747 1184 τῶν

170 1225 491 1291 προσώπων
514 1223 644 1275 Υίοῦ
666 1225 768 1275 καὶ
792 1222 1131 1292 Πνεύματος,
1165 1222 1226 1286 ιε
1243 1221 1369 1284 ἑνὸς
1397 1221 1492 1273 τοῦ
1511 1222 1742 1291 Πατρός·

166 1311 287 1366 εἶτα
310 1316 380 1366 δι’
406 1316 594 1386 ἑτέρου
632 1316 690 1367 τὸ
716 1314 924 1383 ἕτερον,
949 1314 1196 1381 ιπάγων,
1222 1331 1243 1364 ι
1267 1311 1472 1366 καὶτοῦ
1495 1314 1746 1377 ἑξαίτίας

163 1404 325 1465 δντος
355 1405 524 1473 ei).qu
557 1404 720 1458 πάλιν
749 1404 1015 1474 διαφορὰν
1046 1402 1337 1471 ἐννοοῦμεν
1360 1422 1371 1434 ο
1412 1423 1429 1455 ι
1459 1405 1579 1457 κατ’
1610 1406 1746 1458 ἑπα-

164 1497 407 1567 νάληψιν
434 1494 591 1560 αὖθις
623 1498 870 1565 φάσκων,
893 1499 961 1551 ἐκ
994 1497 1100 1551 τοῦ
1134 1496 1272 1562 ἑνός
1293 1513 1307 1528 ·
1338 1494 1461 1550 εἷτα
1491 1498 1590 1567 τὴν
1626 1497 1746 1550 δια·

166 1590 372 1659 φοράν.
444 1606 464 1638 ι
503 1590 577 1641 Τὸ
614 1592 712 1659 μὲν
744 1590 854 1660 γὰρ
892 1588 1177 1658 προσεχῶς
1203 1592 1266 1641 ὲκ
1285 1589 1381 1641 τοῦ
1408 1590 1654 1658 πρώτου,
1685 1589 1747 1641 τὸ

160 1680 220 1732 δὲ
244 1682 343 1733 διὰ
368 1681 464 1732 τοῦ
500 1683 784 1751 προσεχῶς
815 1683 881 1733 ἐκ
927 1681 1024 1733 τοῦ
1079 1682 1320 1751 πρώτου,
1360 1701 1381 1733 ι
1422 1682 1490 1734 τδ
1521 1682 1747 1753 Πνεῦμα

161 1771 378 1840 δηλαδὴ
394 1772 483 1825 διὰ
502 1773 595 1825 τοῦ
630 1772 761 1834 Ϊίοῦ
789 1772 854 1825 ἑκ
882 1772 978 1825 τοῦ
1029 1773 1269 1842 πρώτου.
1329 1773 1441 1827 Καὶ
1484 1773 1743 1841 καθεξῆς,

170 1880 191 1914 ι
231 1861 405 1914 Ὥστε
436 1863 530 1915 καὶ
558 1864 620 1914 τὸ
651 1864 940 1931 μονογενὲς
982 1864 1349 1933 ἀναμφίὸολον
1373 1864 1466 1916 ἐπὶ
1495 1864 1589 1917 τοῦ
1616 1865 1744 1917 Υίοῦ

169 1954 386 2021 μένειν,
407 1953 504 2005 καὶ
546 1952 607 2004 τὸ
641 1956 706 2013 ἐκ
734 1953 826 2005 τοῦ
887 1954 1098 2023 Πατρδς
1129 1950 1268 2006 εἶναι
1308 1953 1372 2006 τὸ
1401 1953 1625 2024 Πνεῦμα
1674 1957 1748 2025 μὴ

166 2045 567 2113 ἁμφιὸἀλλειν,
599 2044 702 2113 τῆς
732 2045 824 2099 τοῦ
857 2046 986 2098 Υίοῦ
1039 2048 1319 2112 μεσιτείας
1357 2048 1450 2099 καὶ
1480 2048 1658 2117 ἑαυτῷ
1687 2051 1749 2100 τὸ

166 2136 471 2203 μονογενὲς
491 2135 888 2203 φυλαττούσης,
920 2138 1014 2189 καὶ
1040 2138 1102 2189 τὸ
1132 2136 1357 2206 Πνεῦμα
1387 2137 1485 2205 τῆς
1510 2138 1751 2206 φυσικῆς

166 2223 311 2291 πρὸς
362 2224 453 2274 τὸν
500 2226 718 2294 Πατέρα
769 2226 1009 2292 σχέσεως
1052 2227 1128 2296 μὴ
1188 2227 1581 2295 ἀπειργούσης.
1626 2246 1645 2278 i
1688 2229 1748 2280 Et

166 2313 305 2378 γοῦν
336 2314 511 2365 ταῦτα
539 2314 696 2380 δῆλα,
727 2320 819 2367 καὶ
850 2316 971 2368 λίαν
994 2316 1252 2386 ἐμφανῶς
1282 2321 1332 2369 οἱ
1356 2318 1608 2387 θεηγὸροι
1644 2338 1661 2369 ι
1689 2320 1748 2371 τὸ

166 2407 233 2481 ἐν
267 2407 332 2471 ἐξ
354 2409 587 2475 ἀμφοῖν,
621 2426 639 2457 ι
678 2408 774 2459 καὶ
814 2427 831 2458 ι
871 2408 930 2474 ἐξ
962 2409 1080 2471 ἑνὸς
1109 2410 1279 2478 ἄμφω
1313 2427 1332 2460 ι
1386 2412 1571 2478 σαφῶς
1607 2412 1749 2465 διδά-

170 2513 392 2559 σκουσι,
447 2498 541 2550 καὶ
574 2498 1043 2567 πεπλατυσμένως
1074 2502 1193 2561 ταῖς
1242 2500 1392 2568 σφῶν
1431 2501 1749 2573 θεηγορίαις

167 2588 531 2657 κηρύττουσι,
561 2590 657 2641 καὶ
689 2588 789 2658 τῆς
836 2589 1011 2657 αὐτῆς
1059 2593 1339 2661 σημασίας
1371 2593 1466 2645 καὶ
1510 2592 1749 2657 διανοίας

166 2679 569 2746 διασαφοῦντες
620 2679 961 2743 θεσπίζουσι,
1015 2681 1069 2733 τί
1111 2684 1171 2735 τὸ
1217 2682 1427 2752 κέρδος,
1474 2685 1567 2738 καὶ
1599 2685 1683 2747 τίς
1712 2689 1744 2755 ή

167 2769 418 2835 ὠφέλεια
434 2770 865 2840 παραλογισμοίς
884 2772 993 2833 τοῖς
1022 2772 1130 2823 ἀπὸ
1151 2772 1359 2836 κοιλίας
1378 2774 1513 2843 πρὸς
1541 2774 1746 2846 ἄλληλα

164 2861 302 2913 τάδε
358 2860 634 2913 δεικνύναι
682 2862 857 2914 θέλειν
910 2864 1195 2932 μαχόμενα
1246 2866 1339 2918 καὶ
1366 2866 1434 2919 δι’
1466 2867 1654 2936 ἑτέρου
1685 2868 1748 2921 τὸ

168 2950 363 3019 ἕτερον
393 2952 663 3021 ἀναιρεῖν,
726 2954 818 3006 καὶ
846 2956 963 3017 ταῖς
1004 2955 1285 3024 κειμέναις
1337 2961 1631 3028 πατρικαῖς
1660 2961 1747 3012 ὲν-

169 3044 368 3109 νοίαις,
390 3046 485 3097 καὶ
503 3046 614 3107 τοῖς
636 3046 912 3116 κειμένοις
932 3050 1224 3118 πατρικοῖς
1258 3049 1625 3121 θεσπίσμασιν
1657 3053 1749 3106 ἀν-

166 3134 520 3204 τιφέρεσθαι,
547 3137 640 3189 τοῦ
670 3154 728 3189 τε
758 3140 1155 3211 μεγαλωνύμου
1174 3141 1457 3197 Βασιλείου
1474 3147 1587 3208 τοῖς
1611 3146 1743 3215 πρὸς
1772 3161 1815 3221 c

182 3226 537 3297 Ἀμφιλόχιον
559 3231 1066 3300 μυσταγωγοῦντος,
1088 3252 1107 3284 ι
1131 3234 1197 3286 ’H
1222 3235 1329 3306 γὰρ
1355 3236 1422 3288 δι’
1442 3236 1571 3290 Υίοῦ
1590 3238 1741 3309 φωνὴ

165 3321 267 3386 τῆς
291 3321 777 3388 προκαταρκτικὴ
798 3324 978 3385 αίτίας
1016 3323 1310 3392 ὁμολογίαν
1331 3325 1468 3395 ἔχει,
1492 3347 1508 3379 ι
1534 3329 1624 3381 καὶ
1646 3329 1742 3381 τοῦ

163 3410 450 3480 ὁμαζνύχου
477 3413 688 3477 τούτου,
708 3416 802 3467 καὶ
827 3416 962 3482 πρὸς
988 3416 1134 3469 ἆπαν
1161 3419 1461 3487 ὁμόφρονος
1484 3419 1737 3487 θεολόγον

166 3503 425 3571 βοῶντος,
465 3524 482 3555 ι
529 3506 591 3557 Εἰ
619 3508 709 3558 καὶ
744 3507 879 3575 πρὸς
907 3510 1006 3573 τὴν
1056 3508 1277 3578 πρώτην
1316 3511 1497 3564 αἰτίαν
1539 3514 1606 3565 τὰ
1648 3514 1741 3566 τοῦ

162 3594 532 3661 Μονογενοῦς,
572 3598 647 3658 ὼς
682 3600 775 3649 καὶ
804 3600 867 3649 τὰ
898 3598 994 3651 τοῦ
1018 3600 1733 3670 Πνεύματοςὰναφέρεται,ι

165 3686 235 3738 ἶν’
271 3688 581 3756 ἁκροθιγῶς
615 3689 840 3759 ἅψωμαι
883 3692 989 3743 τῶν
1028 3693 1110 3755 είς
1171 3692 1393 3761 ἔλεγχον
1417 3734 1431 3754 ,
1492 3694 1740 3765 διαρχίας

162 3777 405 3828 ἀτοπίαν
421 3779 629 3843 εἰσάγει
659 3778 717 3841 ἐξ
748 3773 821 3830 ὧν
851 3780 898 3832 οἱ
918 3779 1174 3848 πρόὸολοι
1205 3780 1301 3847 τῆς
1331 3780 1609 3842 εὐσεϐείας
1644 3798 1742 3834 πα-

160 3868 477 3934 ραδ.δόασιν
499 3885 515 3933 ;
564 3869 699 3922 Ἀλλ’
721 3872 1044 3941 ἐρωτήσεως
1068 3872 1167 3939 τῆς
1194 3871 1335 3925 κατὰ
1378 3872 1439 3924 τὸ
1460 3872 1739 3942 διλήμμσ-

159 3976 253 4010 τον
288 3963 349 4011 εκ
376 3960 470 4011 τοῦ
505 3961 622 4024 ἐνὸς
675 3963 875 4030 μέρους
895 3962 1155 4031 τοιαύτης
1194 3964 1588 4034 ἀναφανείσης,
1642 3966 1737 4018 καὶ

160 4052 274 4101 τῶν
325 4052 467 4118 πρὸς
501 4052 849 4120 κατασκευὴν
899 4053 999 4119 τῆς
1048 4053 1248 4123 ἁπλῆς,
1299 4055 1393 4107 καὶ
1444 4054 1555 4107 τῶν
1599 4054 1739 4123 πρὸς

157 4145 507 4212 ἁποσόὅησιν
527 4145 943 4214 ἐπιφερομένων
956 4146 1103 4215 ἀὐτῇ
1129 4148 1476 4215 κακοσχόλως
1495 4148 1739 4215 ἀποφαν-

161 4235 398 4297 (ἰεντων,
430 4235 645 4297 πάντως
677 4238 742 4287 ὲκ
769 4234 934 4288 τῶνδε
969 4236 1170 4305 μέρους
1192 4237 1254 4288 ἐκ
1286 4237 1511 4304 θατέρου
1537 4238 1605 4288 τὰ
1639 4238 1736 4304 τῆς

156 4326 364 4394 διπλῆς
391 4326 801 4395 ἀνατέτραπται
823 4341 838 4357 ο
888 4325 1116 4379 τοιαῦτα
1144 4326 1252 4395 γὰρ
1285 4327 1393 4378 τῶν
1440 4326 1734 4379 ἀντιθέτων

158 4424 216 4471 αί
259 4418 536 4485 συζυγίαι.
600 4421 670 4471 Τὸ
707 4420 820 4487 φῶς
860 4422 887 4472 ό
928 4422 1386 4488 εἰσοικισάμενος,
1432 4420 1491 4471 τὸ
1546 4420 1733 4479 σκότος

1716 1823 1820 1883 :n

1851 585 2208 648 tradiderunt,
2242 586 2315 637 uti
2350 600 2412 638 ex
2444 585 2705 638 ambobus
2733 602 2919 644 unum,
2953 600 3014 638 cx
3043 583 3199 638 l‘atre
3225 599 3415 655 nempe

1850 692 1943 742 per
1988 675 2179 729 Filium
2236 676 2524 744 Spiritum,
2557 678 2635 730 sic
2686 693 2750 731 ex
2809 692 2915 731 uno
2946 678 3074 738 duo,
3115 687 3170 730 et
3222 676 3412 729 horum

1850 782 2015 820 mium
2050 782 2147 834 per
2176 767 2339 826 aliud.
2376 782 2437 821 ex
2474 768 2629 821 Patre
2660 782 2857 835 nempe
2894 783 2988 834 per
3021 766 3214 820 Filium
3246 768 3419 839 Spiri-

1848 868 1955 920 tus,
1996 860 2294 912 secundum
2327 859 2650 912 divisionem
2704 874 3061 926 personarum
3108 862 3413 915 divinarum

1848 949 2225 1011 decernentes,
2256 948 2334 1002 sic
2360 948 2519 1002 etiam
2542 950 2686 1018 quod
2723 950 2776 1002 in
2805 949 3159 1003 similitudine
3196 956 3410 1005 numeri

1848 1037 2238 1103 praescribitur,
2270 1052 2377 1090 non
2407 1038 2730 1091 admittitur.
2767 1037 2867 1104 Qui
2897 1054 3023 1093 vero
3055 1040 3205 1102 illul,
3230 1057 3290 1091 ea
3316 1057 3416 1096 uno

1847 1128 1973 1187 duo,
2004 1123 2148 1193 quod
2174 1128 2317 1194 apud
2352 1142 2547 1181 omnes
2577 1128 2630 1181 in
2681 1130 2934 1183 confesso
2982 1140 3091 1190 est.
3144 1142 3415 1189 astruuut.

1846 1216 2122 1284 quomodo
2150 1218 2277 1271 illud
2319 1219 2617 1273 secundum
2649 1221 3045 1274 distinctionem
3079 1224 3145 1275 de
3168 1238 3262 1276 sua
3288 1237 3409 1292 pro-

1847 1308 1962 1375 pria
2003 1309 2254 1378 imagine,
2284 1321 2339 1364 et
2366 1311 2431 1365 iis
2458 1327 2687 1380 quarum
2740 1314 2919 1381 imago
2967 1323 3074 1376 est,
3125 1321 3416 1383 supersub-

1846 1400 2194 1454 stantialihns
2225 1404 2398 1455 tribus
2429 1406 2679 1471 persentis
2709 1406 3031 1459 continuare
3062 1415 3337 1475 poterunt.
3363 1420 3419 1462 et

1850 1505 1956 1542 non
1992 1492 2169 1559 potius
2210 1494 2511 1548 secundum
2548 1496 3024 1565 compositionem,
3066 1514 3240 1566 neque
3288 1500 3414 1552 illud

1848 1597 1910 1634 ex
1944 1581 2099 1644 Filio,
2135 1600 2312 1651 neque
2355 1586 2485 1639 illud
2519 1601 2613 1654 per
2645 1585 2838 1640 Filium
2882 1588 3273 1656 acceptantes?
3309 1590 3412 1640 Sed

1851 1683 1908 1726 tit
1939 1673 2067 1727 illud
2097 1692 2161 1727 ex
2187 1692 2291 1727 «ita
2320 1678 2444 1737 duo,
2482 1677 2684 1730 divinis
2717 1676 2937 1733 Patrum
2971 1681 3214 1748 scriptis,
3254 1682 3325 1734 ita
3356 1696 3415 1735 se

1853 1765 2075 1826 habere,
2110 1776 2169 1818 ut
2208 1767 2469 1832 diximus,
2496 1769 2810 1825 lirtuitatem
2839 1772 3107 1840 acquirat,
3139 1788 3261 1827 cum
3298 1776 3418 1829 ubi-

1851 1872 1956 1923 que
1986 1858 2042 1910 in
2068 1856 2269 1913 divinis
2301 1861 2617 1916 eorumdem
2642 1864 2863 1931 scriptis
2890 1864 3301 1918 disseminatum
3326 1868 3417 1927 sit,

1851 1947 2070 2002 divinus
2099 1950 2462 2019 Nyssenorum
2496 1964 2679 2021 pastor
2713 1954 2778 2007 ad
2810 1956 3097 2010 Ahlabium
3126 1957 3194 2011 ita
3227 1959 3419 2017 decere

1852 2055 1988 2093 nens
2030 2043 2401 2095 corroboravit
2439 2063 2452 2097 :
2486 2062 2503 2092 ι
2543 2045 2937 2101 Immutabilem
2995 2058 3050 2100 et
3096 2063 3192 2117 per
3236 2052 3418 2121 omnia

1849 2131 2085 2185 similem
2132 2142 2379 2187 naturam
2431 2135 2779 2201 conﬁtentes,
2831 2138 3131 2191 discrimen
3158 2155 3335 2193 causm
3362 2151 3420 2200 et

1848 2206 2077 2278 enectus
2106 2241 2213 2279 non
2248 2226 2575 2289 inﬁciamur,
2612 2229 2663 2282 in
2689 2246 2798 2298 quo
2829 2231 3000 2283 solum
3032 2231 3262 2302 disjm-gi
3291 2235 3417 2287 alte.

1851 2330 1970 2369 rum
2002 2316 2071 2371 ab
2094 2318 2271 2372 altero
2294 2319 2755 2388 deprehendimus
2786 2338 2798 2373 :
2831 2336 2955 2376 cum
2989 2324 3280 2377 credamus
3313 2327 3417 2378 hoe

1847 2407 2065 2474 quidem
2113 2424 2334 2464 causam
2382 2426 2527 2475 esse,
2577 2433 2595 2464 ι
2634 2412 2848 2466 Patrem
2899 2414 3153 2477 innuens,
3192 2416 3325 2469 illud
3356 2434 3418 2469 ex

1848 2514 2031 2561 causa,
2054 2500 2190 2555 duas
2213 2518 2410 2573 nempe
2437 2519 2700 2572 personas
2724 2504 2843 2559 Filii
2876 2515 2932 2560 et
2961 2505 3194 2576 Spiritus
3221 2525 3285 2561 ex
3312 2518 3420 2562 uno

1848 2588 2013 2645 Patre
2050 2608 2065 2645 :
2107 2600 2220 2647 tum
2262 2594 2495 2649 alterum
2545 2597 2612 2651 ab
2659 2598 2867 2660 altero,
2922 2600 3255 2662 subduceris,
3301 2620 3319 2651 ι
3364 2610 3420 2654 et

1849 2680 2167 2751 illiusquod
2215 2700 2281 2739 ex
2334 2701 2497 2741 causa
2545 2698 2647 2752 est,
2686 2689 2832 2743 aliud
2868 2695 3073 2745 rursus
3123 2692 3417 2747 discrimen

1848 2775 2399 2840 comprehendimus;
2446 2796 2463 2825 ι
2500 2780 2799 2833 secundum
2836 2782 3261 2849 resumptionem
3301 2801 3419 2839 rur-

1849 2877 1944 2917 sus
2003 2865 2295 2933 inquiens,
2352 2885 2416 2920 ea:
2467 2885 2591 2934 uno,
2643 2873 2985 2939 postmodum
3038 2876 3415 2929 dill'erentiam.

1855 2974 1872 3006 ι
1914 2954 2157 3026 Namque
2187 2959 2287 3013 hoc
2317 2962 2535 3029 quidem
2568 2973 2650 3016 est
2686 2965 2997 3019 immediate
3028 2982 3055 3017 a
3091 2968 3286 3035 prium,
3319 2970 3415 3021 hor

1850 3062 2072 3103 veroex
2124 3051 2380 3119 eoutiguo
2430 3068 2458 3105 a
2509 3055 2704 3121 primo,
2748 3073 2765 3103 ι
2800 3055 3037 3123 Spiritus
3085 3074 3281 3125 nempe
3326 3077 3411 3127 pet

1848 3138 2044 3192 Filium
2076 3156 2141 3194 ex
2175 3142 2371 3211 primo.
2417 3144 2480 3196 Et
2511 3145 2755 3212 sequitur
2787 3164 2797 3197 :
2835 3166 2852 3197 ι
2903 3149 3050 3201 Adeo
3080 3161 3135 3201 ut
3167 3152 3420 3219 unigeni-

1850 3239 1962 3282 tum
2003 3229 2363 3286 indubitatum
2402 3246 2618 3288 maneat
2654 3235 2707 3288 iu
2746 3236 2904 3299 Filio,
2930 3248 2983 3291 et
3012 3255 3074 3291 ex
3111 3239 3266 3295 l’atrc
3296 3257 3416 3297 esse

1846 3318 2129 3387 Spiritum,
2160 3321 2280 3375 Filii
2339 3325 2702 3391 mediatione,
2752 3328 2857 3380 sihi
2914 3329 3016 3396 ipsi
3076 3332 3413 3400 unigenitum

1846 3426 2225 3477 conservante,
2260 3426 2313 3468 et
2342 3416 2606 3484 Spiritum
2642 3434 2668 3470 a
2703 3420 2938 3473 naturali
2974 3422 3038 3474 ad
3070 3420 3285 3476 Patrem
3319 3426 3409 3477 ha-

1846 3504 2092 3558 bitudine
2119 3521 2225 3559 non
2253 3516 2496 3561 arcente.
2531 3528 2547 3557 ι
2580 3508 2633 3561 Si
2662 3511 2843 3579 itaque
2867 3511 2981 3565 haec
3006 3513 3178 3579 palam
3212 3525 3262 3567 et
3295 3531 3390 3582 per

1848 3612 2011 3664 quant
2038 3598 2322 3665 perspicue
2346 3600 2689 3669 diriniloqui,
2728 3620 2745 3652 ι
2789 3619 2955 3655 unum
2988 3622 3005 3652 ι
3044 3604 3245 3656 sciliret
3300 3624 3318 3655 ι
3354 3622 3411 3661 es

1846 3689 2162 3751 antbohus,i
2191 3700 2243 3742 et
2274 3709 2293 3740 ι
2321 3706 2384 3743 ex
2415 3706 2523 3742 uno
2549 3692 2707 3744 ambo
2731 3708 2753 3743 ι
2773 3694 3078 3753 enuntiarit,
3107 3704 3161 3746 et
3191 3696 3413 3763 prolixis

1842 3777 1957 3831 suis
1991 3778 2192 3831 divinis
2226 3779 2575 3832 sermonibus
2605 3779 2921 3849 pradicant.
2943 3788 2997 3834 et
3028 3786 3271 3835 eamdem
3297 3800 3413 3839 esse

1843 3869 2158 3922 eorumdem
2196 3870 2520 3922 sententiam
2547 3879 2599 3921 et
2626 3869 2984 3939 signiﬁcatum
3023 3871 3284 3926 divinitus
3317 3875 3412 3926 de-

1846 3962 2062 4025 liniunt,
2096 3960 2218 4030 quis
2243 3977 2393 4026 usus,
2425 3974 2517 4017 aut
2538 3978 2660 4030 quae
2692 3964 2895 4015 utilitas
2928 3963 3109 4025 fuerit,
3147 3970 3413 4031 ναῖκι-είς

1844 4053 2356 4108 ratiocinationibus
2385 4069 2451 4107 ex
2484 4064 2675 4107 ventre
2724 4055 2865 4107 natis
2906 4056 3020 4109 haec
3072 4056 3175 4110 sibi
3227 4069 3416 4111 mutuo

1844 4162 2148 4217 repugnare
2184 4146 2562 4201 demonstrare
2612 4148 2965 4211 contendere,
2999 4158 3054 4200 et
3099 4163 3196 4216 per
3244 4165 3411 4203 unum

1840 4238 1986 4291 aliud
2014 4238 2320 4298 destruere,
2356 4244 2411 4289 et
2442 4238 2553 4305 jam
2606 4236 2802 4306 positis
2852 4238 3073 4291 l‘atnum
3126 4244 3414 4294 sententiis

1842 4330 2190 4397 decretisque
2221 4329 2523 4391 adversari,
2556 4343 2679 4381 cum
2706 4331 2883 4399 magni
2913 4332 3147 4385 nominis
3184 4332 3415 4385 Basilius

1841 4422 1909 4474 ad
1946 4421 2384 4491 Amphilochium
2412 4420 2608 4474 doceat
2639 4435 2654 4472 ι
2688 4438 2708 4473 ι
2752 4422 2852 4476 Per
2885 4422 3082 4476 Filium
3123 4425 3269 4476 enim
3314 4441 3410 4478 νοτ

157 4513 563 4575 ἀπετινάξατο·
614 4515 709 4567 καὶ
759 4516 787 4566 ό
838 4514 900 4565 τὸ
952 4513 1157 4565 ἁπλοῦν
1197 4513 1640 4576 κατασκευάσας,
1674 4512 1734 4563 τὸ
1772 4498 1812 4551 Ῐ)

1772 4498 1812 4551 ἶ)
1842 4511 2151 4579 originarite
2197 4525 2374 4563 causa:
2420 4509 2821 4564 confessionem
2861 4511 3131 4573 continet,
3174 4529 3193 4560 ι
3231 4522 3284 4564 el
3316 4515 3408 4580 qui

153 4605 388 4656 διπλοῦν
410 4607 798 4675 ἀπεπέμψατο.
837 4606 982 4676 Πλὴν
1014 4608 1108 4658 καὶ
1136 4606 1312 4658 ἄλλων
1344 4604 1555 4656 πολλῶν
1586 4606 1733 4656 ἐνόν-

155 4715 267 4746 των
296 4699 433 4764 ήμῖν
461 4700 555 4748 καὶ
598 4698 772 4764 λόγων
814 4700 907 4749 καὶ
939 4684 1250 4765 νοημάτων,
1295 4696 1414 4757 ταῖς
1446 4694 1557 4747 τῶν
1593 4698 1731 4762 {apo-

154 4789 424 4856 κηρύκων
449 4790 832 4859 ὲκφαντορίαις
861 4789 1280 4858 ἐνηδρασμένων
1312 4790 1389 4849 είς
1414 4787 1727 4856 ἀπορρἁιο

157 4894 249 4928 σιν
285 4880 384 4944 τῆς
422 4878 645 4946 διπλόης
678 4880 757 4929 ἑνὶ
792 4880 903 4929 τῶν
933 4880 998 4930 ὲκ
1030 4878 1238 4929 τούτων
1270 4876 1729 4946 παραδειγμάτων

156 4968 628 5037 ἀρκεσθησόμεθα
655 4972 731 5037 τῷ
758 4969 852 5021 τοῦ
900 4970 1075 5039 ἡλίου,
1111 4971 1208 5037 τῆς
1239 4971 1477 5029 ἀκτῖνος,
1515 4970 1608 5019 καὶ
1636 4967 1730 5018 τοῦ

159 5060 367 5127 φωτός.
401 5056 561 5112 Οὗτοι
595 5061 703 5129 γὰρ
738 5062 816 5122 εἰς
842 5062 1139 5130 ἐμφέρειαν
1164 5059 1414 5128 ἀμυδρὰν
1441 5059 1547 5111 τῶν
1572 5060 1731 5123 θεαρ-

156 5150 339 5218 χικῶν
371 5150 722 5203 ὑποστάσεων
766 5151 939 5203 ταῦτα
983 5152 1372 5219 λαμὸάνοντες,
1417 5150 1491 5210 ὼς
1537 5153 1599 5199 ὲκ
1636 5148 1729 5199 τοῦ

161 5242 322 5310 ἡλίου
355 5242 449 5292 καί⁵
473 5245 571 5309 τῆς
611 5243 849 5304 ἀκτῖνος,
891 5242 1060 5310 ἤγουν
1091 5244 1153 5293 ἐκ
1188 5242 1280 5293 τοῦ
1314 5241 1729 5307 πεφωτισμένον

160 5334 356 5386 δίσκου
394 5331 483 5385 διὰ
523 5333 623 5401 τῆς
653 5334 877 5391 ἀκτῖνος
907 5332 967 5383 τὸ
999 5331 1115 5399 φῶς
1162 5332 1282 5401 ἦτοι
1332 5331 1430 5399 τὴν
1458 5329 1732 5398 ἔκλαμψιν

159 5422 353 5491 ἁπλῆν
380 5422 737 5488 ἀναφαίνουσι
760 5437 772 5452 ⁸
808 5423 892 5482 τίς
914 5423 1023 5491 γὰρ
1046 5424 1077 5492 ὴ
1105 5422 1297 5486 διπλόη
1324 5420 1487 5485 τῆσδε
1512 5438 1524 5483 ;
1561 5419 1735 5482 οὕτως

158 5509 224 5573 ἐξ
278 5510 511 5576 ἀμφοῖν,
550 5508 719 5577 ἥγουν
765 5510 830 5560 ὲκ
881 5510 1093 5579 Πατρδς
1136 5510 1202 5562 δι’
1238 5509 1366 5561 Υίοῦ
1410 5510 1471 5562 τὸ
1526 5510 1753 5579 Πνεῦμα

164 5598 546 5665 Οεολνιγοῦντες
578 5601 759 5670 πάσης
789 5599 1011 5667 διπλόης
1045 5601 1446 5672 ὑπερκείμενον
1480 5605 1750 5673 παριστά-

162 5711 345 5747 vocat.
394 5692 503 5744 Koi
547 5709 625 5746 τοι
672 5694 704 5761 ἡ
744 5693 841 5762 τῆς
878 5694 1200 5763 ὑπερουσίου
1254 5694 1482 5765 Τριὲδος
1513 5699 1751 5767 ἁπλότης

163 5787 310 5854 ὑπὲρ
343 5787 521 5836 πᾶσαν
551 5786 828 5855 ἁπλότητα
853 5828 865 5841 .
904 5788 977 5855 ὡς
1016 5792 1106 5841 καὶ
1149 5791 1174 5858 ἢ
1212 5792 1445 5861 ἁμὲρεια
1475 5792 1613 5863 ὑπὲρ
1643 5797 1747 5848 πᾶ-

489 5877 680 5938 ΡΔΤῑι.
730 5879 845 5940 (in.
901 5879 1110 5941 CV”.

1843 4604 1966 4657 unis
2002 4604 2202 4657 animis
2242 4618 2366 4656 cum
2427 4618 2493 4655 eo
2540 4602 2698 4663 vixit,
2731 4612 2784 4655 et
2821 4603 2873 4653 in
2912 4604 3169 4656 omnibus
3217 4607 3407 4659 eadem

1839 4694 2012 4749 tenuit
2044 4694 2370 4763 Theologus,
2404 4695 2596 4747 clamat
2637 4712 2648 4743 :
2687 4712 2704 4743 ι
2754 4692 2903 4746 Licet
2932 4697 2996 4747 ad
3030 4696 3257 4764 primam
3284 4713 3410 4748 cau-

1836 4800 1950 4837 sam
1982 4800 2103 4853 quae
2148 4783 2441 4854 Unigeniti,
2476 4797 2527 4835 et
2557 4800 2619 4837 ea
2648 4802 2767 4853 qua:
2797 4785 3034 4852 Spiritus
3069 4794 3214 4844 sunt.
3262 4787 3403 4840 rcl'e-

1841 4886 2064 4941 rantur;
2108 4894 2126 4925 ι
2164 4884 2223 4927 ut
2256 4876 2449 4929 leviter
2480 4874 2860 4929 refutationem
2906 4877 3164 4945 attingam
3212 4890 3402 4930 corum

1834 4967 1929 5035 qui
1956 4967 2187 5019 duorum
2218 4967 2612 5035 principiorum
2645 4967 3039 5020 absurditatem
3084 4968 3285 5023 inferre
3306 4983 3402 5020 co-

1840 5061 2064 5115 nantur.
2096 5072 2162 5109 ex
2193 5058 2259 5109 iis
2289 5072 2409 5123 qum
2440 5057 2656 5125 pietatis
2702 5068 3129 5127 propugnatores
3172 5058 3407 5111 tradide-

1841 5147 2005 5201 runt?
2065 5145 2169 5200 Sed
2202 5162 2324 5199 eum
2360 5149 2782 5217 intei-rogatone
2836 5167 2929 5215 per
2963 5150 3216 5201 dilemma
3268 5147 3406 5201 facta

1838 5256 1901 5294 ex
1953 5256 2059 5304 una
2106 5249 2258 5308 parte
2298 5242 2350 5294 iu
2384 5240 2530 5295 hanc
2555 5243 2775 5294 modum
2808 5241 3242 5309 redarguaturad
3278 5244 3410 5293 siui—

1838 5326 1993 5400 plicis
2026 5332 2424 5399 probationem,
2455 5344 2508 5386 et
2534 5332 2917 5407 refutationem
2946 5347 3134 5385 eorum
3159 5346 3275 5400 qua:
3304 5332 3404 5399 ipsi

1837 5423 1999 5491 objici
2050 5433 2321 5492 poterant,
2373 5433 2575 5478 temere
2621 5425 2851 5477 adducta
2891 5425 3298 5494 dignoscantur.
3344 5422 3408 5476 Et

1840 5529 2066 5582 prorsus
2095 5516 2259 5582 hujus
2296 5526 2520 5582 utraque
2553 5532 2619 5568 cx
2648 5526 2799 5583 parte
2838 5515 3068 5583 duplicis
3107 5517 3409 5581 interroga-

1839 5606 2003 5659 tionis
2059 5609 2200 5660 tlicta
2259 5610 2647 5661 subwrteatur
2692 5626 2705 5661 :
2755 5609 2888 5661 tales
2945 5608 3212 5676 siquidem
3282 5616 3410 5657 sunt

1839 5698 2214 5764 oppositurum
2256 5698 2692 5765 coniugationes.
2732 5697 2830 5761 Qui
2864 5696 3033 5749 solent
3072 5693 3407 5753 introduxit,

1842 5790 2091 5846 tenebras
2118 5790 2423 5857 dissipauit,
2455 5801 2508 5843 et
2538 5793 2627 5859 qui
2663 5781 2884 5858 simplex
2920 5789 3185 5857 probarit,
3211 5785 3408 5853 duplex
