4220 6444
252 361 399 428 1305

1277 370 1572 433 CONTRA
1639 370 1801 433 ΜᾹΧ
1821 374 1961 436 [MU
1978 376 2022 436 λι
2090 374 2528 438 ΜΛΝΠΒΕΝῙ.

3384 367 3517 434 1306

246 474 632 545 πατράεεῖφον
675 475 922 528 ἐντεῦθεν
956 477 1344 547 ἀποῤῥαπῖζει,
1379 481 1471 535 καὶ
1508 481 1568 536 τὸ
1598 498 1823 549 μονογε-

1944 482 2123 533 animo
2156 484 2223 535 sit
2258 483 2514 536 brevibus
2564 498 2647 535 me
2678 481 2959 550 expedire.
2996 478 3119 536 licet
3177 479 3274 532 hac
3311 482 3519 535 ratione

248 566 340 627 νὲς
370 567 612 635 συνιστᾷ,
648 568 742 619 xui.
773 568 831 620 τὸ
858 569 917 632 ἐξ
951 570 1154 637 ἀμφοῖν
1196 570 1493 641 διαῤῥήδην
1523 572 1834 641 ἀνακηρύτ·

246 674 337 711 τει
362 674 375 687 ·
404 658 485 710 διὸ
515 658 610 711 καὶ
645 659 784 728 μετά
822 679 941 716 τινα
965 664 1217 733 ἐπιφέρει
1254 664 1431 732 λέγων
1457 682 1468 693 ·
1507 682 1525 715 ι
1552 666 1696 717 Ἀλλ’
1725 667 1840 736 ὲριτ

245 766 358 814 τις,
394 752 602 805 Οὐκοῦν
632 771 808 823 φαμεν
836 754 929 809 δύο
954 751 1093 810 εἶναι
1146 758 1328 824 Υἰοίις,
1378 760 1469 813 καὶ
1515 759 1632 823 πῶς
1664 762 1834 814 Μονο-

248 843 453 911 γενήςς
502 844 781 914 Μενοῦνγε
840 850 903 902 σὺ
943 850 1021 912 τίς
1078 848 1127 903 εἴ
1166 854 1193 904 ὁ
1247 853 1727 923 ἀντιλογιζόμενος
1759 853 1835 922 τῷ

250 932 410 1002 Θεῷ;
461 936 523 989 Et
569 939 679 1006 γάρ
726 939 818 992 τὸν
880 942 1001 995 Υίδν
1057 944 1214 998 καλεῖ
1250 947 1340 997 τὸν
1374 944 1431 1011 ἐξ
1466 946 1654 1008 αὐτοῦ,
1689 946 1749 999 τὸ
1779 946 1836 999 δὲ

250 1026 413 1092 ἆγιον
454 1028 675 1098 Πνεῦμα
704 1031 765 1084 τὸ
797 1035 928 1101 παρ’
964 1036 1313 1106 ἀμφοτέρων.
1346 1056 1364 1089 ι
1398 1038 1508 1090 Καὶ
1554 1040 1582 1091 ὁ
1614 1038 1836 1105 Νύσσης

251 1118 441 1179 ἔνθεος
504 1121 764 1191 ιεράρχης
820 1124 888 1176 τὰ
943 1127 1083 1180 αὐτὰ
1129 1128 1374 1182 διδάσκει
1427 1130 1484 1181 ἐν
1534 1127 1615 1192 οἷς
1644 1133 1708 1184 ἐκ
1741 1130 1835 1183 τοῦ

249 1208 476 1277 πρώτου
510 1213 604 1264 καὶ
638 1212 738 1280 τῆς
786 1214 967 1279 αίτίας
1025 1216 1115 1269 τὸν
1153 1218 1252 1286 μὲν
1284 1218 1412 1270 Υίῦν
1446 1220 1753 1289 προσεχῶς,
1777 1221 1839 1270 τὸ

250 1300 310 1350 δὲ
350 1300 573 1369 Πνεῦμα
614 1302 704 1356 διὰ
736 1304 827 1357 τοῦ
881 1308 1165 1376 προσεχῶς
1197 1308 1538 1377 δογματίζει,
1598 1310 1685 1362 δια
1739 1308 1836 1361 τοῦ

252 1392 390 1445 Υἱοῦ
421 1395 689 1462 δηλονότι,
725 1398 945 1465 ἐπάγων
976 1399 1127 1467 ἑξῆς,
1167 1420 1182 1451 ι
1230 1404 1393 1455 Ὥστε
1447 1403 1631 1456 καὶτὸ
1683 1421 1836 1472 μονο·

250 1482 416 1549 γενὲς
441 1486 811 1555 ἀναμφέὁολον
850 1491 940 1541 ἐπὶ
993 1494 1088 1543 τοῦ
1136 1493 1267 1545 Υίοῦ
1308 1495 1511 1563 μένειν,
1544 1496 1727 1548 καὶτὸ
1774 1498 1837 1549 ὲκ

251 1574 349 1625 τοῦ
386 1576 599 1646 [ἰατρὸς
634 1574 775 1631 εἶναι
806 1582 866 1632 τὸ
898 1582 1121 1652 Πνεῦμα
1159 1585 1235 1654 μὴ
1286 1586 1682 1655 ἀμφιϐάλλειν,
1738 1589 1837 1657 τῆς

247 1665 351 1717 τοῦ
374 1665 505 1719 Υίοῦ
542 1670 820 1735 μεσιτείας
854 1673 944 1725 καὶ
984 1674 1164 1743 ἑαυτῷ
1212 1675 1273 1728 τὸ
1313 1677 1602 1743 μονογενὲς
1636 1679 1839 1746 φυλατ-

1946 590 1975 627 a
2009 575 2291 643 proposito
2324 574 2456 628 mihi
2483 587 2647 642 scopo
2681 572 2945 633 decidant,
2979 571 3104 624 dum
3143 570 3208 623 ad
3263 572 3521 638 quaestio-

1955 666 2041 719 nis
2074 666 2307 735 singula,
2340 683 2460 736 quae
2506 667 2620 720 fere
2674 666 2956 717 innumera
2986 671 3133 725 sunt,
3191 661 3521 715 necessitate

1940 759 2171 828 quadam
2228 774 2393 828 cogor
2450 756 2709 811 nonnulla
2776 754 3153 809 tantummodo
3213 767 3519 822 apponere,

1942 851 2172 919 indeque
2202 851 2698 920 quomodocunque
2765 846 3057 917 prolixiore
3114 845 3191 900 uti
3244 859 3520 899 sermone.

1940 942 2313 997 Nihilominus
2374 958 2438 996 ex
2489 943 2598 1012 jam
2666 957 2834 1009 prope
2890 939 2958 993 de
3016 938 3241 991 nomine
3299 935 3524 990 laudato

1941 1035 2128 1089 divino
2176 1034 2356 1097 Patre,
2418 1044 2512 1086 aut
2564 1032 2888 1101 quibusdam
2943 1030 3009 1083 ad
3046 1040 3281 1084 mentem
3345 1028 3521 1099 ipsius

1941 1127 2181 1182 breviter
2212 1127 2498 1181 laudandis
2530 1127 2733 1181 dictum
2769 1123 3230 1178 manifestabitur.
3267 1121 3516 1187 Namque

1943 1219 2023 1274 sic
2072 1234 2182 1273 non
2218 1218 2390 1271 multo
2420 1229 2547 1272 ante
2587 1217 2879 1272 recitatum
2920 1216 3125 1268 dictum
3186 1212 3258 1266 ita
3317 1212 3525 1279 profert

1942 1311 2213 1381 integrum
2262 1329 2276 1365 :
2316 1330 2334 1361 ι
2377 1311 2617 1379 Spiritus
2676 1318 2903 1362 sanctus
2960 1323 3065 1359 non
3113 1306 3282 1359 frater
3318 1304 3523 1364 fratris,

1941 1419 2048 1457 non
2082 1405 2260 1457 Patris
2300 1402 2488 1465 frater,
2527 1402 2622 1456 sed
2658 1419 2720 1455 ex
2758 1401 2874 1469 ipsa
2937 1399 3175 1453 essentia
3235 1396 3412 1450 Patris
3471 1401 3528 1451 et

1948 1493 2087 1557 Filii,
2130 1514 2148 1546 ι
2182 1505 2235 1549 et
2279 1510 2398 1563 qua:
2446 1500 2770 1559 sequuntur,
2804 1492 2879 1544 uti
2916 1505 3083 1558 supra
3129 1488 3335 1556 digesta
3374 1495 3523 1539 sunt.

1942 1586 2078 1641 Cum
2111 1586 2257 1640 enim
2296 1584 2533 1655 Spiritus
2588 1585 2773 1640 hostes
2805 1580 3229 1641 contenderent,
3261 1576 3526 1643 Spiritum

1944 1685 2192 1731 sanctum
2252 1686 2561 1731 creaturam
2636 1675 3037 1735 demonstrare,
3116 1670 3525 1736 dicerentque:

248 1756 478 1824 τούσης,
505 1760 600 1811 καὶ
626 1760 688 1811 τὸ
710 1762 930 1829 Πνεῦμα
949 1764 1047 1831 τῆς
1072 1766 1210 1834 πρὸς
1230 1767 1323 1819 τὸν
1351 1770 1565 1838 Πατέρα
1594 1772 1828 1839 σχέσεως

1944 1769 1993 1823 Si
2032 1785 2097 1823 ex
2124 1768 2283 1823 Patre
2341 1779 2591 1837 uterque,
2650 1767 2758 1821 duo
2787 1765 2982 1819 fratres
3038 1772 3095 1818 et
3143 1762 3253 1816 duo
3307 1758 3424 1822 filii,
3476 1764 3533 1810 (ι

254 1848 335 1917 μὴ
360 1848 752 1922 ἀπειργούσης.
789 1872 808 1905 ι
851 1855 910 1908 Et
943 1856 1116 1909 ταῦτα
1144 1858 1204 1911 τὺ
1240 1859 1459 1928 βέϐαιον
1489 1862 1710 1931 ἔσχηκε,
1732 1862 1834 1915 ποῦ

252 1939 316 1990 τὸ
343 1944 736 2011 συνιστάμενον
768 1944 878 2009 ἕξει
913 1949 1052 1999 κατὰ
1082 1954 1207 2011 τοὺς
1241 1950 1341 2020 τῆς
1372 1952 1654 2015 εὐσεσείας
1704 1972 1836 2026 προσ

252 2030 468 2097 δόλους,
500 2037 593 2087 καὶ
629 2038 703 2107 μὴ
728 2039 787 2091 τὸ
836 2041 1021 2107 σφίσιν
1068 2043 1401 2114 ἀντίρροπον
1430 2046 1491 2097 τὸ
1522 2049 1623 2116 μὲν
1639 2048 1837 2114 631.006-

255 2135 377 2173 σιον
400 2122 633 2176 τιθείναι
685 2126 882 2193 λέγειν,
918 2128 1165 2183 κίνδυνον
1218 2133 1503 2200 ἀφανίζον,
1559 2134 1653 2187 τοῦ
1688 2135 1841 2203 λέγε-

254 2213 491 2267 σθαιτὸν
529 2214 658 2267 Υἱὸν
685 2218 943 2272 ἐλάττονα
985 2221 1079 2273 τοῦ
1113 2224 1344 2293 [ἰατρὸς.
1381 2224 1619 2279 ἐνταῦθα
1644 2227 1699 2279 δὲ
1730 2245 1837 2296 μγ,-

252 2304 383 2358 om
413 2307 655 2361 κίνδυνον
682 2312 1012 2380 ἀντεπάγειν
1054 2315 1322 2385 ὑπάρχειν
1360 2320 1455 2388 τῆς
1487 2318 1546 2383 ἐξ
1588 2320 1717 2373 Υἱιιῦ
1747 2322 1839 2373 καὶ

254 2396 328 2450 δι’
360 2398 491 2451 Υίοῦ
518 2388 795 2469 θεολογίας
816 2404 1094 2473 ἀπούσηςς
1124 2409 1215 2475 αφ’
1252 2404 1319 2481 ἧς
1340 2409 1689 2474 ἀνίστασθαι,
1744 2413 1838 2465 καὶ

261 2492 470 2560 μᾶλλον
499 2494 829 2550 ἀνακύπτειν
865 2499 1037 2569 μυρία
1064 2502 1131 2554 τά
1151 2502 1347 2567 ἄτοπα,
1376 2504 1533 2575 εἴπερ
1560 2506 1633 2568 ὡς
1659 2509 1838 2560 ἐκεῖσε

256 2587 328 2637 τὸ
354 2590 683 2654 έμοούσιον
716 2594 797 2653 είς
829 2595 1165 2665 ἀποσὸὅησιν
1195 2601 1393 2670 ἐρρέθη
1422 2604 1536 2663 τοῖς
1590 2604 1837 2672 “arpis:

258 2677 372 2729 τῶν
406 2679 873 2749 βλασφημούντων
906 2688 985 2747 είς
1030 2688 1119 2741 τὸν
1172 2689 1323 2754 rm,
1359 2690 1533 2755 οὕτως
1564 2694 1751 2747 ὲιιθαίε
1780 2695 1840 2748 τὸ

268 2786 288 2820 ι
322 2769 384 2833 ἐξ
439 2772 569 2825 Υίοῦ
610 2793 669 2827 τε
702 2778 793 2828 καὶ
842 2778 908 2831 δι’
949 2780 1075 2833 Υἱοῦ
1120 2800 1137 2832 ι
1192 2785 1271 2846 είς
1309 2787 1695 2856 καταστροφὴν
1738 2791 1838 2856 τῆς

260 2861 641 2931 γλωσσαλγίας
668 2866 994 2940 ὲθεολογήίη
1032 2876 1141 2933 τοῖς
1188 2873 1467 2943 θεοφόροις
1494 2878 1600 2929 τῶν
1632 2879 1840 2947 δυσφη-

264 2954 513 3022 μούντων
544 2957 622 3017 εἰς
660 2957 719 3011 τὸ
753 2958 975 3030 Πνεῦμα
996 2963 1055 3014 τὸ
1084 2962 1259 3031 ἅγιον.
1312 2967 1418 3019 Ποῦ
1443 2968 1500 3019 δὲ
1533 2970 1625 3020 καὶ
1654 2970 1835 3038 παρά⁴

1939 1862 2215 1931 quomodo
2260 1860 2621 1930 unigenitus?
2653 1867 2864 1913 tantum
2894 1872 3005 1909 non
3063 1855 3285 1908 divinus
3333 1853 3531 1906 doctor

1941 1953 2164 2022 inquit:
2196 1953 2267 2006 Ea
2303 1952 2513 2006 ratione
2561 1960 2794 2020 uterque
2846 1966 2911 2002 ex
2974 1946 3133 2001 Patre
3185 1953 3292 2009 est,
3352 1951 3411 1997 ut
3463 1958 3529 1996 ex

1939 2046 2046 2100 alio
2114 2046 2253 2098 alius
2325 2046 2429 2108 sit,
2497 2054 2553 2096 et
2610 2042 2676 2096 ad
2750 2043 2853 2096 hoc
2912 2036 3386 2108 comprobandum
3463 2048 3529 2087 ex

1943 2138 2130 2191 divina
2165 2136 2380 2189 Domini
2445 2148 2579 2187 voce
2634 2134 2835 2200 duplex
2889 2132 3094 2185 dictum
3146 2127 3531 2191 Evangelii-uni

1939 2230 2188 2293 assumit,
2222 2229 2365 2298 quod
2394 2244 2461 2281 ex
2488 2227 2644 2280 Patre
2704 2217 2999 2294 procedere
3027 2222 3244 2285 asserit,
3276 2229 3330 2274 et
3388 2218 3532 2288 quod

1946 2338 1965 2372 ι
1996 2319 2071 2374 Ex
2103 2334 2225 2373 meo
2279 2318 2534 2387 accipiet,
2566 2336 2585 2368 ι
2625 2316 2873 2385 ejusdem
2898 2329 3020 2367 esse
3046 2313 3336 2367 sententia:
3387 2320 3532 2363 utra-

1937 2428 2042 2483 que
2068 2412 2420 2471 eonlirmans,
2458 2410 2694 2477 indeque
2719 2418 2773 2461 et
2797 2408 2978 2461 fratris
2996 2406 3237 2469 fratrem,
3271 2414 3323 2456 et
3367 2402 3536 2471 patris

1941 2506 2163 2560 fratrem
2188 2506 2346 2573 longe
2372 2505 2542 2574 pellit.
2567 2513 2621 2558 et
2648 2501 2997 2571 Unigenitum
3021 2500 3362 2561 corroborat,
3385 2505 3439 2549 ct
3461 2511 3527 2549 ex

1941 2607 2174 2665 utroque
2204 2596 2379 2665 palam
2410 2593 2764 2664 ill-prmzlieat,
2803 2592 3034 2660 ideoque
3067 2604 3177 2643 non
3212 2596 3335 2656 post
3360 2586 3531 2640 multa

1940 2688 2224 2757 subiungit
2259 2687 2446 2740 dicens
2479 2705 2491 2739 :
2523 2704 2543 2737 ι
2581 2684 2685 2737 Sed
2738 2684 2935 2737 dixerit
2961 2682 3252 2750 quispiam,
3290 2679 3535 2732 Dicimus

1939 2794 2069 2849 ergo
2108 2778 2247 2831 duos
2280 2776 2419 2830 filios
2449 2790 2598 2843 esse,
2635 2784 2691 2828 et
2724 2774 3000 2844 quomodo
3068 2772 3382 2841 unigenitus
3409 2770 3435 2823 ‘l
3469 2770 3538 2822 At

1941 2881 1995 2925 tu
2041 2869 2162 2938 quis
2215 2884 2295 2930 es,
2317 2869 2407 2937 qui
2438 2869 2546 2921 lleo
2573 2866 2936 2921 CODU‘ldlCiS?
2967 2865 3182 2919 Etenim
3232 2864 3281 2916 si
3341 2863 3537 2917 Filium

1940 2969 2095 3015 vocat
2119 2960 2209 3029 qui
2238 2975 2303 3013 ex
2327 2959 2446 3028 ipso
2480 2968 2580 3023 est,
2610 2957 2871 3026 Spiritum
2900 2972 3027 3009 vero
3051 2965 3325 3020 sanctum,
3356 2955 3443 3023 qui
3469 2955 3537 3007 ab

260 3046 414 3119 Cgat;
443 3048 475 3116 ἡ
505 3067 522 3098 ι
554 3050 615 3099 ἐκ
638 3050 849 3121 Πατρδς
876 3054 1037 3119 μόνου
1073 3072 1091 3105 ι
1133 3058 1224 3107 νέα
1261 3056 1570 3124 νομοθεσία,
1603 3061 1694 3112 καὶ
1714 3059 1835 3128 οὐχὶ

1944 3054 2210 3121 utrisque.
2246 3071 2264 3103 ι
2290 3050 2485 3103 Eadem
2516 3060 2568 3102 et
2592 3049 2810 3102 divinus
2834 3049 3119 3100 hierarcha
3140 3047 3417 3117 Nyssenus
3438 3046 3535 3098 do-

266 3137 469 3207 μᾶλλον
486 3142 595 3203 τοῖς
619 3140 783 3204 θείοις
815 3142 1155 3209 διδασκάλοις
1180 3148 1609 3219 ἀντιπαράταξις
1633 3170 1647 3217 ;
1673 3151 1835 3206 Ἀλλὰ

262 3233 358 3284 καὶ
390 3233 421 3301 ἡ
447 3233 578 3302 πρὸς
598 3233 740 3286 τοῦτ’
766 3235 894 3288 αὐτὸ
921 3238 981 3290 τί)
1017 3238 1115 3304 μὲν
1139 3240 1306 3310 μηδὲν
1338 3240 1669 3311 λυμαντικὸν
1694 3241 1835 3298 εἶναι

260 3321 364 3389 τῆς
385 3326 448 3374 ἐκ
471 3323 560 3375 τοῦ
600 3324 727 3376 Υίοῦ
760 3326 1036 3393 θεολογίας
1082 3330 1559 3401 ἀποπεμπομένης
1591 3333 1833 3401 φωνοῦν-

258 3430 376 3477 τος,
408 3417 564 3467 ἐνίων
590 3418 643 3469 δὲ
671 3418 766 3485 τῆς
801 3418 972 3488 αὐτῆς
1009 3421 1206 3490 μοίρας
1235 3423 1683 3493 παραδιασθῆναι
1710 3428 1837 3489 τοὺς

262 3508 453 3574 ἁγίους
482 3509 647 3576 φάναι
681 3515 885 3581 ταύτην
927 3514 1193 3581 λεγόντων
1233 3518 1312 3579 εἰς
1356 3517 1623 3583 αἱρέσεων
1660 3519 1836 3590 ἀπορ-

264 3601 511 3669 ῥαπισιν,
544 3603 637 3653 καὶ
684 3601 764 3655 δεῖ
798 3606 1185 3675 παρατρέχειν,
1243 3611 1338 3662 καὶ
1374 3610 1449 3679 μὴ
1497 3614 1773 3681 κατέχειν,
1805 3616 1836 3683 ἡ

263 3692 401 3762 πρὸς
424 3692 567 3743 τοῦτ’
593 3694 725 3746 αὐτὸ
750 3697 922 3748 τοῖσδε
953 3697 1228 3767 δευτέροις
1254 3701 1517 3769 ἀπολογία
1547 3705 1686 3756 κατά
1718 3724 1841 3757 και-

265 3785 397 3852 ροὺς
432 3786 694 3854 ἡμετέρα,
753 3788 844 3839 καὶ
896 3788 973 3853 τῷ
1022 3790 1192 3860 ἑτέρῳ
1249 3792 1306 3845 δὲ
1354 3793 1467 3856 νῦν,
1514 3796 1839 3866 ὠςὴτῆσδε

266 3876 571 3946 παρόρασις
596 3880 688 3931 καὶ
717 3879 974 3950 ἀθέτησις
1002 3883 1112 3933 τῶν
1146 3885 1202 3949 ἐξ
1235 3885 1403 3952 αὐτῆς
1436 3887 1839 3957 ἁπωθουμένιυν

264 3967 533 4038 αἱρέσεων
573 3969 866 4022 ἀνανέωσις
898 3971 1048 4024 ἔσται
1071 3974 1211 4026 κατά
1236 3976 1417 4028 πᾶσαν
1446 3964 1692 4045 ἀνάγκην
1748 3980 1842 4031 καὶ

264 4062 648 4130 ἀναγόρευσις·
667 4063 780 4123 πιῖις
813 4066 879 4132 τῇ
906 4064 1001 4133 τῆς
1022 4064 1278 4133 ἀληθείας
1310 4068 1571 4136 ἁπλότητι
1593 4070 1667 4131 ὡς
1702 4088 1841 4121 ato:-

264 4153 437 4223 χοῦσα
467 4154 587 4223 οὐχὶ
620 4155 681 4206 τὸ
717 4154 1014 4223 κατάδηλον
1042 4158 1361 4226 ἐπιφέρεται
1386 4177 1399 4225 ;
1435 4160 1577 4228 Πρὸς
1599 4162 1655 4214 δέ
1685 4179 1747 4230 γε
1773 4164 1839 4216 τὸ

265 4248 567 4301 σύνθετον
590 4247 683 4298 καὶ
712 4246 777 4299 τὸ
802 4246 914 4313 τῇς
939 4248 1233 4317 διαρχίας,
1260 4250 1294 4304 ἃ
1320 4254 1410 4304 καὶ
1432 4254 1568 4323 τῷδε
1590 4255 1844 4324 παρενεί-

272 4355 354 4408 Ῡει
386 4337 459 4407 τῷ
485 4339 785 4409 κεφαλαίῳ,
817 4341 909 4392 καὶ
937 4341 1170 4410 καθεξῆς
1195 4344 1227 4395 ἆ
1263 4360 1395 4412 φησι
1430 4363 1449 4397 ι
1482 4346 1593 4398 τῶν
1621 4347 1839 4401 ἀτόπων

1951 3153 2061 3204 cet.
2090 3144 2218 3197 dum
2239 3160 2302 3196 ex
2326 3142 2503 3211 primo
2518 3149 2575 3196 et
2598 3155 2759 3193 causa
2787 3138 2982 3192 Filium
3010 3138 3227 3207 quidem
3254 3140 3533 3207 contigue,

1953 3236 2219 3306 Spiritum
2247 3250 2311 3288 ve
2344 3250 2376 3287 ο
2394 3249 2489 3302 ρει·
2514 3232 2665 3293 illud,
2690 3231 2833 3299 quod
2855 3231 3110 3300 contigue
3136 3240 3240 3295 est,
3268 3229 3535 3293 decernit,

1953 3345 2047 3399 per
2081 3328 2276 3381 Filium
2327 3326 2556 3389 scilcet,
2595 3324 2837 3379 subdens
2881 3324 3063 3377 illico:
3098 3341 3115 3372 ι
3156 3321 3305 3377 Utet
3350 3320 3539 3389 unige-

1953 3420 2127 3473 nitum
2160 3418 2526 3471 indubitatum
2560 3417 2613 3470 in
2647 3415 2783 3470 Filio
2806 3416 2898 3477 sit,
2946 3424 2999 3469 et
3043 3414 3310 3483 Spiritum
3346 3428 3411 3466 ex
3436 3412 3537 3465 Pa-

1952 3520 2033 3565 tre
2054 3526 2172 3564 esse
2203 3510 2421 3562 minime
2463 3509 2763 3568 dubitetur,
2798 3508 2918 3561 Filii
2968 3507 3319 3569 mediatione,
3349 3514 3405 3559 et
3428 3504 3533 3558 sibi

1955 3603 2057 3673 ipsi
2089 3602 2432 3671 unigenitum
2457 3613 2842 3662 conservaute,
2868 3612 2921 3653 et
2940 3599 3201 3669 Spiritum
3219 3615 3248 3652 a
3270 3598 3537 3653 relatione

1955 3696 2020 3747 ad
2048 3693 2262 3746 Patrem
2304 3708 2407 3744 non
2465 3701 2704 3745 arcente.
2735 3711 2751 3743 ι
2787 3690 2912 3745 11.νο
2946 3692 2989 3744 si
3036 3692 3185 3743 tirma
3220 3706 3283 3742 ac
3321 3689 3535 3754 stabiJia

1956 3796 2104 3851 sunt,
2131 3786 2349 3839 ubinam
2373 3784 2633 3840 subsistet
2652 3785 2911 3839 adversus
2931 3782 3147 3851 pietatis
3166 3760 3534 3850 prepugnato;

1956 3895 2044 3933 res
2066 3879 2207 3948 quod
2240 3878 2486 3941 affertur,
2524 3888 2579 3931 et
2610 3894 2717 3929 nou
2757 3878 2975 3941 penitus
3004 3874 3239 3932 decidet.
3300 3873 3537 3926 consub-

1960 3970 2215 4027 stantiale
2265 3970 2485 4038 quidem
2538 3970 2843 4038 appositum
2876 3966 3175 4036 periculum
3249 3965 3533 4032 repelli-re,

1958 4082 2028 4121 ne
2056 4067 2269 4121 dicatur
2290 4063 2457 4119 Filius
2478 4066 2657 4116 minor
2681 4061 2839 4113 Patre
2865 4077 2879 4125 ;
2933 4060 3022 4113 hic
3046 4074 3176 4111 vero
3199 4057 3405 4109 nullum
3439 4058 3539 4109 ini-

1956 4172 2166 4211 nnnere
2193 4156 2494 4225 perieulum
2527 4153 2690 4207 dictis
2724 4150 3045 4220 theologieis
3081 4164 3146 4202 ex
3176 4148 3316 4201 Filio
3344 4158 3400 4201 et
3440 4163 3536 4217 per

1957 4248 2148 4302 Filium
2182 4262 2338 4300 esse:
2362 4260 2429 4299 ex
2464 4244 2662 4314 quibus
2697 4249 2987 4311 assurgunt
3018 4241 3129 4294 imo
3152 4240 3332 4308 potius
3356 4253 3534 4291 emer-

1960 4350 2094 4411 gunt
2129 4341 2417 4393 innumera
2479 4338 2821 4402 absurda,.~si
2864 4337 2942 4390 uti
2976 4335 3047 4389 ibi
3092 4332 3537 4386 consubstantiale

272 4428 497 4482 ἕπεσθαι
541 4429 710 4498 μυρία
748 4450 765 4481 ι
830 4432 972 4483 κατά
1036 4434 1390 4503 παράλειψιν,
1441 4437 1564 4489 ἐπεὶ
1602 4438 1725 4491 καθ’
1772 4433 1837 4493 ὧι

1954 4449 1982 4485 a
2016 4431 2267 4485 Patribus
2310 4431 2651 4483 insinuatum
2707 4438 2792 4483 est
2830 4427 2895 4482 ad
2953 4424 3283 4480 refellendos
3313 4439 3409 4477 eos
3442 4422 3534 4491 qui

268 4520 377 4587 ἄρα
401 4519 739 4589 ἐπινενόηται
762 4519 1029 4589 πρότερον
1052 4522 1194 4573 κατὰ
1221 4524 1327 4573 τῶν
1359 4508 1631 4592 Πατέρων
1648 4526 1846 4577 ἐναποο

265 4612 527 4674 τείνεται,
563 4612 613 4664 οἶ
647 4611 704 4664 τὸ
738 4613 871 4664 αὑτό
917 4616 1008 4664 καὶ
1038 4614 1109 4681 μὴ
1147 4612 1275 4666 ἀλλο
1306 4614 1385 4677 τὸ,
1422 4634 1439 4665 ι
1487 4615 1580 4668 Ἐκ
1608 4616 1702 4669 τοῦ
1736 4620 1846 4670 Πα-

268 4703 397 4770 τρὸς
427 4702 837 4770 ἐκπορεύεται,ι
873 4703 1071 4766 καὶτὸ,
1105 4722 1123 4755 ι
1153 4705 1250 4758 Ἐκ
1279 4705 1373 4757 τοῦ
1403 4707 1537 4775 ἐμοῦ
1559 4708 1842 4776 Mal/stam

269 4797 415 4846 κατά
475 4794 714 4847 διάνοιαν
766 4794 1180 4865 δογματίζουσι,
1240 4799 1331 4849 καὶ
1369 4798 1471 4851 ὅσα
1532 4804 1630 4870 τῆς
1677 4802 1848 4870 αὐτῆς

270 4887 550 4955 θεολογίας
581 4888 836 4958 ἀνωτέρω
877 4890 1132 4958 καθαρῶς
1157 4890 1533 4959 διειλήφαμεν,
1584 4895 1676 4946 καὶ
1708 4895 1848 4964 ὑπὲρ

270 4978 456 5033 αὐτῶν
487 4980 644 5047 ἡμεῖς
680 4979 738 5044 ἐξ
773 4979 951 5031 αὐτῶν
975 4982 1114 5031 κατα
1144 4981 1205 5032 τὸ
1237 4981 1353 5031 ἐνὸν
1376 4982 1848 5053 ἁπολελογήμεθα,

270 5069 457 5130 αὐτοῖς
491 5068 809 5136 ἀρκούμεθα
834 5068 1064 5131 τούτοις,
1106 5071 1199 5121 καὶ
1236 5070 1283 5121 εί
1320 5070 1584 5139 μυριάκις
1631 5072 1851 5139 ἐπινοη-

272 5160 419 5210 θεῖεν
447 5160 636 5227 μυρία,
677 5159 735 5223 ἐξ
763 5159 942 5211 αὐτῶν
973 5161 998 5210 ὁ
1032 5160 1297 5226 ἀπολογος
1322 5160 1524 5215 ἔσεται.

1958 4524 2011 4576 in
2072 4523 2267 4576 Filium
2327 4521 2814 4589 blasphemahant,
2874 4520 2985 4587 pari
3047 4518 3208 4571 modo
3266 4516 3437 4574 hicet
3472 4531 3537 4567 ex

1970 4614 2111 4669 Filio
2141 4626 2195 4670 et
2234 4633 2326 4686 per
2360 4615 2585 4677 Filium,
2643 4614 2708 4667 ad
2746 4628 2934 4667 eorum
2971 4614 3353 4681 loquacitatem
3387 4628 3537 4665 com-

1957 4711 2304 4779 pescendam,
2351 4710 2440 4777 qui
2484 4709 2867 4783 blasphemant
2902 4708 2953 4762 in
2986 4708 3253 4777 Spiritum
3284 4687 3536 4761 sanctum

1949 4804 2206 4857 traditum
2238 4812 2338 4854 est.
2374 4801 2474 4855 Ubi
2516 4814 2643 4854 vero
2677 4801 2896 4853 traditio
2920 4813 3023 4861 est,
3058 4817 3178 4868 qua:
3218 4825 3234 4851 ι
3270 4816 3333 4853 ex
3378 4800 3539 4871 Patre

1950 4897 2065 4949 solo
2110 4916 2127 4947 ι
2171 4911 2362 4949 recens
2394 4895 2444 4948 in
2476 4894 2801 4963 theologiam
2863 4894 3172 4946 introducta
3230 4894 3485 4945 decernat
3513 4895 3542 4947 ξ)

1954 4987 2149 5041 Annon
2185 4987 2281 5039 ista
2343 4988 2523 5055 potius
2586 4996 2669 5040 est
2724 4985 2993 5039 adversus
3048 4985 3263 5038 divinos
3319 4994 3539 5037 nostros

1960 5078 2214 5130 doctores
2244 5092 2306 5128 ex
2344 5076 2575 5130 adverso
2604 5075 2933 5129 instructio?
2968 5074 3072 5129 Sed
3101 5076 3163 5127 ad
3193 5077 3293 5128 hoc
3325 5074 3529 5143 ipsum,

1952 5167 2089 5220 nihil
2140 5182 2380 5231 nempe:
2436 5182 2499 5219 ex
2569 5166 2750 5218 Filio»
2811 5166 3014 5219 dictum
3059 5164 3422 5233 theologicam
3486 5162 3531 5215 si

273 5253 604 5307 amandetur
655 5252 838 5306 damni
897 5251 1098 5305 inferre
1159 5254 1350 5307 eodem
1397 5255 1689 5320 clamante,
1754 5257 1875 5312 aliis
1916 5274 2045 5313 vero
2073 5260 2315 5327 ejusdem
2382 5259 2545 5313 sortis
2584 5258 2903 5311 hominibus
2941 5257 3254 5309 dicentibus
3315 5263 3539 5308 coactos

274 5358 497 5405 sanctos
520 5350 605 5403 illa
636 5351 1041 5418 pronuntiasse,
1104 5354 1169 5402 ad
1246 5352 1569 5407 refellendas
1622 5355 1879 5417 haereses,
1923 5356 2326 5425 hmc,inquam,
2373 5352 2712 5423 negligenda,
2783 5368 2883 5405 nec
2915 5353 3020 5405 illis
3071 5350 3313 5404 animum
3366 5350 3537 5416 figen-

274 5442 408 5496 dum
461 5457 603 5503 esse,
633 5452 818 5495 nostra
874 5444 1115 5496 secunda
1176 5444 1429 5513 Apologia
1490 5459 1590 5497 suo
1643 5444 1843 5497 dictata
1882 5458 2143 5515 tempore,
2176 5458 2230 5499 et
2295 5446 2401 5499 alio
2448 5460 2666 5514 quoque
2730 5445 2907 5513 capite
2957 5459 3103 5497 lltlttC
3149 5443 3295 5496 illius
3328 5440 3538 5509 neglec-

278 5547 390 5596 tus.
421 5535 822 5600 elimprobatio
853 5550 1038 5587 carum
1074 5535 1346 5589 Interesum
1414 5552 1532 5603 qme
1580 5553 1673 5605 per
1748 5539 1918 5605 ipsam
1961 5538 2353 5608 improbantur.
2426 5536 2743 5590 necessario
2822 5542 3079 5607 omnino
3127 5537 3533 5590 innovatioan

278 5642 425 5683 esse.
461 5636 516 5679 et
546 5627 757 5695 plenam
812 5627 1258 5690 declarationem,
1316 5628 1589 5696 quomodo
1639 5644 1760 5685 cum
1825 5626 2070 5681 veritatis
2127 5627 2461 5696 simplicitati
2499 5630 2814 5692 concordet,
2852 5642 2961 5681 non
3000 5645 3068 5683 oo
3093 5630 3252 5682 nibus
3290 5629 3533 5679 innotes-

277 5723 392 5774 cit‘.‘
441 5720 521 5772 Ad
554 5721 895 5775 comositum
962 5735 1091 5774 vero
1124 5729 1178 5779 et
1225 5721 1330 5774 duo
1380 5721 1661 5788 principia,
1701 5734 1823 5786 qute
1868 5718 1995 5771 huic
2052 5733 2273 5787 quoque
2300 5721 2463 5789 capiti
2530 5721 2793 5790 iniplicat,
2836 5731 2885 5777 et
2950 5727 3162 5777 scriata
3217 5717 3357 5772 serie
3414 5730 3536 5784 qua:

282 5819 362 5871 ait
398 5834 416 5864 ι
457 5817 741 5871 innumera
776 5813 1033 5884 consequi
1085 5810 1341 5877 absurda,
1394 5831 1409 5861 ›
1451 5826 1548 5883 nec
1585 5812 1672 5867 illa
1702 5821 2115 5878 commemoret,
2142 5823 2269 5864 cum
2331 5813 2595 5867 adversus
2660 5813 2848 5868 Palles
2898 5814 2949 5867 in
3013 5827 3146 5880 quos
3212 5817 3367 5867 antea
3406 5826 3538 5864 coa-
