4220 6444
255 399 404 464 1313

1242 404 1538 463 CONTRA
1574 405 1623 461 Μ
1639 400 1999 461 ᾹΧΗΕΗΣΜ
2048 401 2137 458 (2R
2152 400 2501 461 E'FEXSEM

3368 403 3518 468 1314

246 518 539 585 ἡμετεραν
572 516 770 585 σάρκα.
810 534 825 565 ι
864 517 970 568 Καὶ
1002 516 1174 569 ταῦτα
1225 518 1323 587 μὲν
1350 519 1398 569 οἱ
1427 518 1713 587 θεόφρονες
1738 533 1752 548 ι
1792 519 1830 567 oi

1877 527 1916 580 Α
1950 523 2317 581 penetrantes,
2352 529 2473 567 cum
2502 510 2692 569 dicunt
2726 516 2887 578 mitti,
2920 517 3279 585 suppeditari,
3316 528 3371 570 et
3397 518 3518 573 dari

243 609 309 661 δὲ
342 608 439 661 νῦν
460 610 668 662 τούτων
700 609 900 678 μᾶλλον
932 614 1010 673 είς
1038 611 1104 663 τὰ
1132 610 1268 680 βάθη
1293 612 1388 680 τῆς
1424 612 1701 677 θεολογίας
1731 612 1843 663 eia-

242 699 468 763 δύντες,
508 701 935 753 ἀποστέλλεσθαι
962 702 1054 753 καὶ
1082 704 1459 772 χορηγεῖσθαι,
1481 706 1574 757 καὶ
1603 703 1843 756 δίδοσθαι

247 787 414 857 παρὰ
440 787 535 840 τοῦ
572 788 702 841 Υίοῦ
738 790 799 841 τὸ
828 788 1051 859 Πνεῦμα
1098 790 1421 858 φωνοῦντες,
1464 793 1522 844 τὸ
1558 794 1632 861 μὴ
1661 792 1719 857 ἐξ
1742 784 1841 845 αὖ*

244 882 377 947 τοῦ,
411 883 545 935 ἀλλὰ
572 884 633 936 τὸ
687 885 749 936 ὲκ
793 886 889 938 τοῦ
924 887 1134 956 Πατρδς
1175 889 1335 957 μόνου
1391 890 1506 959 μετ’
1548 890 1714 957 δγκου
1749 892 1842 945 καὶ

243 970 596 1041 θρασύτητος
649 976 1063 1042 ἀποφαίνονται.
1103 977 1162 1031 '0
1194 979 1249 1032 δὲ
1292 982 1390 1049 τὴν
1422 982 1722 1052 ἀποστολὴν
1750 980 1840 1034 οῦ-

224 1078 356 1124 ·τως
381 1062 547 1115 οὖσαν
570 1065 821 1118 εὐδοκίαν
853 1067 1191 1137 ὁμολογήσας
1218 1072 1296 1132 είς
1323 1073 1599 1140 ἀναίρεσιν
1618 1074 1717 1141 τὴν
1744 1072 1836 1126 τοῦ

238 1152 303 1214 ἐξ
333 1153 500 1205 αὐτου
530 1156 864 1225 καινοτέρως
892 1152 966 1209 ὧν
996 1159 1269 1228 φθάνομεν
1301 1162 1616 1230 ἀκηκοέναι,
1655 1165 1746 1214 καὶ
1776 1163 1837 1216 τὸ

244 1242 480 1313 Πνεῦμα
548 1246 638 1298 τὸν
698 1248 823 1300 Υίὸν
872 1250 1225 1303 ἀποστέλλειν
1286 1251 1613 1320 διαγορεύει,
1672 1254 1833 1322 ῥῆσιν

260 1333 495 1389 Ἡσαΐου
524 1337 618 1389 τοῦ
654 1340 712 1390 ἐν
758 1340 1065 1411 προφήταις
1106 1342 1619 1411 μεγαλοφωνοτάτου
1647 1362 1831 1414 παρα-

240 1423 443 1487 τιθεὶς,
464 1424 540 1487 ὡς
562 1428 626 1478 ἐκ
650 1428 940 1498 προσώπου
959 1431 1273 1498 φάσκουσαν
1295 1436 1389 1486 τοῦ
1420 1434 1547 1487 Υίοῦ
1572 1452 1585 1465 ·
1626 1455 1643 1486 ι
1658 1436 1827 1489 Πνεῦ-

240 1531 326 1581 μα
361 1516 569 1585 Κυρίου
603 1520 688 1571 ἐπ’
719 1521 840 1589 ἐμὲ,
872 1515 934 1575 οὗ
969 1521 1133 1574 ἕνεκα
1176 1522 1358 1593 ἔχρισέ
1391 1542 1479 1593 με.
1532 1526 1828 1594 Εὑαγγελί-

236 1612 446 1661 σασθαι
483 1615 713 1676 mor-0?;
745 1613 1054 1667 ἀπέσταλκε
1092 1632 1178 1669 με.
1218 1635 1237 1667 ι

314 1797 386 1857 γ’.
423 1788 551 1843 Εἶτα
579 1792 667 1843 τὸν
697 1793 921 1863 ἐροῦντα
965 1795 1053 1847 διὰ
1093 1796 1191 1867 τὴν
1233 1797 1409 1865 σάρκα
1458 1798 1631 1862 οὕτως
1668 1800 1823 1869 εἷρῆ·

220 1879 374 1932 -σθαι
406 1882 713 1945 ἀποσοϐῶν,
742 1885 835 1935 καὶ
871 1885 944 1955 μὴ
975 1863 1159 1953 λέγειν
1187 1863 1443 1956 ἀσφαλῶς
1468 1863 1823 1956 διαγγέλλων,
1856 1863 1897 1917 Β

238 1971 477 2024 ἀτοπίαν
510 1974 705 2041 ιφεξῆς
734 1976 1064 2046 ὲπισυνείρει
1107 1980 1171 2048 τῇ
1213 1979 1411 2049 ἀτοπίᾳ
1458 1981 1549 2031 καὶ
1588 1979 1683 2049 τὴν
1718 1980 1835 2032 ἑτέ-

242 2081 350 2133 ραν
373 2063 461 2117 διά
484 2067 581 2133 τῆς
632 2066 820 2135 ἑτέρας
870 2069 1288 2133 κατασκευάζει.
1346 2070 1420 2122 Τδ
1452 2071 1560 2139 γὰρ
1614 2090 1632 2121 ι
1688 2072 1829 2139 Ἰ-Σγὼ

238 2153 452 2223 Κύριος
490 2172 509 2205 ι
542 2155 783 2222 ἐπάγων,
817 2175 837 2207 ‹
873 2160 939 2226 τῇ
980 2157 1195 2227 θεότητι
1249 2161 1533 2228 προσήκει,
1565 2180 1582 2211 ι
1645 2164 1828 2228 φησὶν,

243 2263 264 2294 σ
295 2245 331 2314 ἢ
363 2246 580 2308 πάντως
603 2247 681 2316 τῷ
711 2250 1125 2320 συναμφοτέρῳ.
1164 2270 1181 2301 ι
1221 2252 1281 2303 Εἰ
1311 2254 1407 2321 μὲν
1435 2248 1548 2318 οὖν,
1573 2253 1646 2316 ὡς
1677 2248 1832 2316 οὗτος

237 2336 500 2390 ἐνταυθοῖ
525 2338 951 2404 διαϐεϐαιοῦται,
982 2342 1079 2411 τῆς
1105 2342 1411 2411 θεωνυμίας
1455 2346 1509 2396 at
1558 2346 1651 2397 τοῦ
1699 2344 1828 2397 Υίοῦ

238 2432 424 2497 φωναὶ
451 2430 553 2501 τῆς
579 2433 728 2502 ἱερᾶς
762 2433 1007 2503 Γραφῆς,
1039 2438 1097 2487 ὲν
1125 2430 1211 2499 αῖς
1234 2438 1282 2488 οξ
1312 2438 1457 2503 λόγοι
1488 2439 1553 2490 τά
1585 2441 1710 2507 περὶ
1732 2439 1827 2490 αὑ-

236 2520 338 2573 τοῦ
360 2520 456 2573 τοῦ
481 2521 829 2593 θεανθρώπου
862 2525 1033 2592 Λόγου
1090 2526 1434 2597 διατρανοῦσι
1479 2530 1571 2581 καὶ
1621 2530 1826 2596 κατάγ-

237 2610 514 2675 γέλλουσι,
544 2613 683 2666 κατὰ
711 2615 806 2683 τὴν
830 2614 1055 2684 θεότητα
1088 2620 1392 2686 πανταχόσε
1440 2619 1824 2691 ληφθήσονται,

240 2704 339 2752 καὶ
368 2702 568 2771 ἥκιστα
597 2704 739 2755 κατὰ
765 2707 863 2774 τὴν
895 2707 1073 2775 σάρκα
1105 2709 1198 2760 καὶ
1226 2709 1287 2760 τδ
1335 2710 1698 2781 ἀνθρώπινον,
1732 2715 1828 2783 μὲ-

240 2805 315 2856 γα
373 2788 649 2858 βοήσουσι,
708 2795 800 2845 καὶ
856 2796 1360 2867 κραταιωθήσονται
1412 2800 1471 2852 τὸ
1502 2801 1743 2871 παθητὸν
1779 2805 1825 2856 oi

241 2882 651 2950 προσάπτοντες
676 2887 740 2951 τῇ
784 2883 1018 2953 θεότητι,
1048 2888 1149 2953 τῆς
1193 2889 1518 2959 Ἐκκλησίας
1573 2895 1826 2963 συχνοτὲ-

242 2986 354 3038 ρως
386 2971 444 3021 ὲν
467 2973 584 3033 ταῖς
609 2973 780 3040 ἱεραῖς
815 2974 1101 3045 μελῳδίαις
1125 2982 1253 3048 περὶ
1279 2980 1386 3034 τῶν
1424 2981 1691 3035 Ἰουδαίων
1718 2985 1827 3037 τῶν

239 3062 606 3130 κυριοκτόνων
632 3064 843 3131 τρανῶς
882 3066 1245 3139 μελῳδούσης,
1274 3070 1353 3123 ἔτι
1402 3088 1460 3123 τε
1494 3072 1823 3146 ψαλλούσῃς·

245 3170 266 3201 ι
299 3151 591 3223 θεοῤῥύτῳ
648 3155 843 3223 αἵματι
902 3159 1213 3225 κενωθέντι,
1270 3162 1508 3216 δέσποτα
1532 3165 1752 3235 Χριστέ.
1800 3185 1818 3218 ι

240 3242 307 3295 El
336 3243 430 3296 οὖν
458 3244 629 3307 οὕτως
657 3247 714 3298 αἱ
742 3249 939 3301 τοιαίδε
968 3252 1141 3317 φωναὶ
1189 3252 1575 3323 ληφθήσονται,
1613 3256 1696 3317 τίς
1735 3257 1824 3309 λό-

238 3350 337 3402 γος
364 3334 462 3400 τὴν
490 3337 713 3403 τοσήνδε
755 3336 1140 3409 Θεοπασχιτῶν
1188 3343 1497 3414 δυσφημίαν
1548 3346 1825 3416 ἀναχαιτί-

240 3443 420 3489 cum;
452 3427 592 3478 Ἀλλ’
616 3428 863 3498 οὐδαμῶς
885 3432 1009 3485 οὔτε
1036 3435 1341 3502 τὸ.Κύριος
1383 3438 1439 3489 ἐν
1492 3443 1600 3500 τοῖς
1652 3444 1823 3493 τοιοὺ-

236 3534 377 3580 τοις,
412 3519 533 3571 οὔτε
567 3520 627 3572 τὸ
666 3522 811 3585 Θεὸς
854 3524 987 3577 αὐτὸ
1012 3528 1151 3579 κατά
1180 3531 1278 3598 τὴν
1310 3528 1534 3599 θεότητα
1590 3533 1817 3596 διδὸατι,

237 3607 378 3660 καθὸ
427 3608 483 3660 δέ
539 3625 602 3676 γε
647 3610 706 3662 τὸ
764 3612 1004 3681 παθητὸν
1032 3616 1170 3667 κατὰ
1207 3616 1305 3683 τὴν
1356 3618 1533 3687 σάρκα
1573 3619 1817 3686 δηλονότι

235 3699 477 3753 νοεῖσθαι
502 3718 560 3753 τε
595 3704 685 3754 καὶ
728 3703 1121 3773 λαμϐάνεσθαι.
1172 3708 1231 3759 Εἰ
1271 3708 1326 3759 δέ
1378 3726 1457 3771 τις
1507 3711 1656 3781 εἴπῃ,
1689 3713 1762 3774 ὡς
1793 3714 1821 3764 ὁ

236 3791 374 3859 περὶ
400 3790 692 3859 θεορῤύτου
721 3793 954 3861 αἵματος
1006 3797 1333 3856 κενωθέντος
1395 3782 1529 3867 πρὸς
1584 3801 1817 3869 Χριστὸν

232 3882 640 3954 ἀναφερόμενος
673 3884 836 3953 ὕμνος
864 3885 1057 3954 ἑφεξῆς
1082 3904 1243 3958 φησιν
1275 3906 1287 3918 ’
1315 3908 1332 3939 ι
1378 3890 1472 3942 Ἐκ
1490 3891 1583 3959 σῆς
1616 3893 1819 3961 άχράν-

230 3990 333 4025 του
394 3975 634 4044 πλευρᾶς
687 3978 780 4028 καὶ
833 3976 1119 4040 ζωοποιοῦ,
1162 3999 1180 4031 ι
1242 3980 1498 4033 σύστασιν
1528 3984 1635 4035 τῶν
1686 3986 1815 4053 παρ’

220 4062 395 4133 ἡμῶν
417 4065 531 4132 ἐρεῖ
561 4066 754 4133 λόγων,
772 4068 871 4121 οὐκ
900 4070 1232 4131 ἐναντίωσιν,
1260 4071 1344 4123 διὰ
1377 4072 1470 4140 τὴν
1498 4074 1815 4143 σωματικὴν

229 4154 481 4223 διαρτίαν
518 4155 687 4210 ταῦτα
727 4157 988 4227 λεγόντων
1033 4162 1131 4212 οὐκ
1187 4163 1359 4223 ἄλλως
1423 4181 1557 4226 πως.
1612 4166 1673 4217 Εἰ
1721 4166 1813 4219 δ’ὁ

229 4244 332 4297 τοῦ
359 4246 628 4314 ἀντιδόξου
678 4249 836 4318 λόγου
875 4252 1193 4321 βουλόμενος
1245 4254 1627 4326 ὑπερῃγορεῖν,
1668 4258 1812 4320 τίνος

231 4336 346 4404 γάρ
375 4337 536 4390 ἄλλου
563 4340 1032 4411 ἁντιπαραθήσεις
1063 4346 1137 4407 ὡς
1172 4346 1299 4398 ἔνθα
1331 4362 1343 4375 ·
1385 4367 1401 4398 ι
1448 4350 1670 4419 Πνεῦμα
1700 4354 1812 4402 Κυ-

231 4429 356 4497 ρίου
382 4429 467 4480 ἐπ’
501 4431 625 4500 ἐμὲ,
653 4425 714 4485 οὗ
745 4433 931 4487 ἕνεκεν
965 4436 1149 4505 ἔχρισέ
1208 4454 1297 4505 με,
1352 4441 1444 4491 καὶ
1499 4442 1807 4495 ἀπέσταλκέ

1949 602 2210 671 Spiritum
2243 618 2273 654 a
2307 603 2467 663 Filio,
2498 620 2603 656 non
2647 621 2711 658 ex
2763 608 2900 674 ipso,
2948 608 3042 660 sed
3086 622 3153 660 ex
3196 608 3354 660 Patre
3405 608 3521 659 solo

1947 708 2270 766 arroganter
2310 706 2366 751 et
2406 696 2702 751 admodum
2752 700 3009 754 audacter
3063 700 3387 755 decernunt.
3426 699 3523 753 llic

1945 803 2075 841 vero
2097 790 2189 857 qui
2222 789 2541 844 missionem
2580 792 2684 843 hoc
2721 795 2881 844 modo
2908 807 2966 846 se
3004 793 3295 846 habentem
3342 792 3517 845 bene-

1943 879 2201 947 placitum
2232 894 2353 933 esse
2384 880 2561 934 fassus
2594 890 2699 946 est,
2734 882 2800 935 ad
2846 884 3235 938 destruendum
3283 882 3414 937 illud
3454 896 3522 935 ea:

1942 986 2063 1038 quo,
2100 985 2247 1023 nunc
2276 971 2591 1032 novissime,
2640 987 2818 1041 nequc
2862 974 3009 1026 enim
3052 975 3250 1028 similia
3292 972 3516 1027 audivi-

1944 1075 2084 1121 mus.
2116 1070 2170 1113 et
2199 1059 2395 1113 Filium
2434 1061 2502 1113 ab
2546 1061 2664 1129 ipso
2712 1061 2919 1131 Spiritu
2966 1063 3110 1117 mitti
3160 1064 3515 1133 pronuntiat,

1945 1150 2148 1203 dictum
2202 1150 2354 1203 lsaite
2408 1150 2549 1203 inter
2602 1152 2917 1219 prophetas,
2969 1153 3122 1209 vocis
3169 1155 3515 1211 vehementia

1942 1241 2345 1309 praeclarissimi
2390 1241 2715 1310 producens,
2764 1243 2843 1295 uti
2875 1260 2938 1296 ex
2967 1260 3199 1312 persona
3230 1245 3350 1299 Filii
3385 1262 3514 1314 pro-

1941 1333 2253 1386 nuntiatum
2288 1347 2302 1384 :
2348 1352 2366 1385 ι
2402 1333 2640 1403 Spiritus
2671 1334 2885 1388 Domini
2915 1351 3081 1406 super
3128 1354 3234 1401 me,
3262 1354 3328 1393 eo
3363 1341 3514 1407 quod

1942 1426 2154 1478 tinxerit
2210 1439 2329 1486 me.
2381 1425 2447 1478 ad
2502 1426 2938 1480 annuntiandum
2985 1430 3320 1498 pauperibus
3364 1430 3517 1485 misit

1942 1529 2047 1568 mc.

1996 1792 2048 1845 5.
2086 1790 2433 1847 Postmodum
2464 1805 2799 1850 asserentem
2839 1796 2893 1850 id
2920 1805 3138 1867 propter
3166 1815 3385 1854 carnem
3436 1806 3513 1856 tli-

1937 1894 2087 1939 ctum
2132 1883 2301 1937 fuis~e
2338 1886 2613 1951 refellens,
2680 1888 2841 1956 idque
2897 1904 3006 1942 non
3057 1890 3270 1957 absque
3327 1908 3513 1946 errore

1936 1976 2283 2042 pronuntiari
2320 1979 2677 2043 contendens,
2735 1981 2989 2034 absurdis
3018 1981 3247 2035 absurda
3279 1987 3510 2052 compli-

1935 2074 2044 2127 rat,
2081 2074 2133 2117 et
2184 2067 2287 2119 alia
2348 2081 2446 2135 per
2500 2068 2603 2121 alia
2657 2070 2965 2124 conﬁrmat.
3021 2071 3289 2141 Namque,
3342 2091 3362 2124 ε
3400 2074 3511 2143 ligo

1934 2153 2216 2219 Dominus,
2256 2174 2272 2204 ι
2314 2157 2578 2221 aﬂerens,
2623 2177 2640 2209 ι
2680 2158 2878 2215 Deitati
2920 2162 3199 2232 proprium
3248 2173 3351 2223 est.
3408 2166 3507 2231 ait,

1940 2246 2021 2299 vel
2066 2247 2257 2300 saltem
2314 2252 2547 2319 utrique.
2594 2268 2611 2301 ι
2654 2249 2708 2304 Si
2767 2253 2967 2323 itaque,
3029 2266 3088 2309 ut
3137 2256 3253 2324 ipse
3311 2258 3413 2311 hor.
3454 2258 3508 2311 in

1940 2339 2058 2393 loco
2080 2340 2423 2403 determinat,
2488 2359 2648 2397 voces
2703 2345 2900 2399 divina:
2952 2346 3246 2417 Scriptura:
3281 2352 3347 2403 de
3382 2352 3505 2403 dci-

1937 2438 2045 2483 tate
2073 2429 2218 2495 Filii,
2249 2445 2369 2500 quae
2403 2433 2468 2486 de
2505 2432 2679 2489 Verbo
2728 2435 2837 2491 Deo
2869 2448 2921 2491 et
2961 2439 3181 2495 homine
3213 2441 3507 2509 loquuntur

1931 2532 1987 2576 et
2013 2532 2266 2587 tractant,
2294 2526 2359 2579 de
2387 2526 2586 2579 deitate
2609 2545 2820 2592 omnes,
2854 2539 2909 2583 et
2936 2532 3086 2585 nullo
3124 2535 3284 2587 modo
3309 2536 3375 2588 de
3402 2538 3504 2589 ltu-

1930 2618 2195 2669 manitate
2224 2628 2277 2670 et
2304 2633 2468 2672 carne
2492 2636 2573 2673 aet
2593 2620 2850 2689 ipieutur,
2888 2640 3140 2694 magnum
3169 2627 3501 2694 clamabunt,

1934 2717 1988 2761 et
2012 2709 2462 2764 constabilientur
2494 2712 2800 2780 passionem
2832 2716 3098 2771 divinitati
3128 2721 3503 2789 appingentz‘s,

1932 2813 2055 2853 cum
2086 2800 2327 2853 Ecclesia
2356 2803 2658 2870 smpissime
2682 2805 2735 2858 in
2758 2807 3162 2862 sacriscanticis
3193 2810 3257 2862 de
3290 2809 3503 2865 Domini

1940 2890 2229 2959 parricidis
2258 2891 2462 2947 ludatis
2514 2895 2689 2964 palam
2726 2900 3005 2967 concinat,
3038 2912 3093 2954 et
3119 2903 3185 2955 ad
3224 2903 3338 2957 haec
3369 2914 3502 2956 tem-

1934 2993 2064 3047 pora
2096 2991 2254 3033 canat
2291 2999 2303 3033 :
2343 3000 2359 3032 ι
2402 2982 2474 3036 Ex
2510 2983 2619 3037 Deo
2640 2984 2868 3041 alliucns
2887 2990 3106 3058 sanguis
3128 3007 3249 3045 cum
3272 3008 3497 3048 evacua-

1930 3077 2018 3122 tus
2046 3080 2211 3135 esset,
2254 3072 2479 3127 Domine
2536 3074 2775 3131 Christe.
2819 3097 2836 3128 ι
2889 3079 2946 3132 Si
2982 3081 3085 3135 hoc
3117 3083 3296 3152 itaque
3340 3086 3499 3138 modo

1928 3160 2191 3215 dictiones
2221 3163 2427 3217 similes
2502 3166 2900 3238 intelligantur,
2955 3187 3075 3239 qua:
3130 3175 3267 3229 ratio
3297 3186 3499 3231 tantam

1932 3252 2461 3322 Theopascliitarum
2492 3257 2880 3327 blasphemiam
2923 3266 3231 3319 coercebit?
3261 3266 3493 3321 Verum-

1927 3349 2107 3395 tamen
2141 3342 2290 3396 nullo
2327 3345 2489 3400 modo
2534 3362 2713 3417 neque
2738 3350 2792 3403 in
2818 3352 2905 3405 bis
2940 3369 3039 3408 vox
3076 3356 3347 3423 Dominus,
3388 3376 3499 3415 ne-

1927 3447 2034 3500 que
2073 3431 2208 3486 Deus
2243 3434 2419 3503 ipsum
2450 3442 2756 3494 secundum
2783 3443 3149 3512 divinitatem,
3175 3451 3268 3503 sed
3291 3465 3493 3504 secun-

1925 3525 2051 3578 dum
2087 3526 2394 3593 passionem
2429 3531 2483 3582 in
2520 3548 2707 3597 carne,
2764 3536 2988 3607 intelligi
3025 3542 3306 3611 accipique
3365 3560 3497 3599 con-

1923 3616 2144 3669 cedunt.
2187 3617 2343 3682 Quod
2376 3621 2418 3672 si
2456 3622 2578 3689 quis
2610 3626 2809 3679 dixerit
2840 3628 3121 3697 hymnum,
3170 3634 3223 3686 in
3261 3650 3370 3704 quo
3418 3635 3486 3689 de

1921 3715 2188 3759 evacuate
2215 3722 2280 3760 ex
2314 3708 2422 3762 Deo
2459 3711 2637 3767 eliuso
2660 3720 2919 3785 sanguine
2952 3730 3284 3787 conttnctnr,
3325 3734 3378 3778 et
3411 3742 3494 3779 re-

1870 3822 1886 3830 ~
1920 3794 2093 3849 fertur
2121 3798 2186 3851 ad
2209 3798 2488 3854 Christum
2518 3808 2863 3871 postmodum
2897 3809 3206 3865 insinuare:
3248 3834 3265 3865 ι
3306 3817 3379 3869 Ex
3404 3826 3495 3869 tuo

1921 3886 2271 3945 immaculato
2345 3901 2401 3945 et
2434 3895 2647 3949 viviﬁco
2683 3897 2872 3962 latere,
2900 3919 2919 3950 ι
2982 3914 3166 3957 nostra
3205 3906 3363 3961 verba
3396 3923 3492 3977 po-

1920 3980 2027 4033 tius
2090 3982 2460 4047 contirmabit,
2520 3993 2728 4041 tantum
2780 3991 2932 4043 abest
2977 3995 3316 4060 utdi-struat,
3370 4015 3491 4067 qua:

1917 4083 2139 4141 propter
2195 4089 2519 4144 corpoream
2552 4083 3025 4149 compositionem,
3079 4099 3134 4142 et
3191 4090 3296 4142 alio
3328 4095 3490 4146 modo

1920 4161 2025 4217 ista
2058 4164 2359 4220 insinuant.
2394 4167 2599 4233 Quodsi
2639 4176 2927 4227 contrariae
2962 4179 3185 4233 rationis
3213 4181 3490 4237 defensio-

1915 4268 2041 4308 nem
2066 4256 2349 4326 suscipere
2395 4261 2644 4329 cupiens,
2673 4265 2799 4332 quid
2832 4268 2977 4321 enim
3010 4272 3157 4325 aliud
3193 4273 3311 4328 loco
3347 4277 3488 4333 illius

1917 4350 2183 4415 reponet?
2219 4350 2272 4402 in
2301 4352 2439 4406 illis:
2484 4373 2501 4404 ι
2538 4353 2773 4423 Spiritus
2804 4358 3011 4414 Domini
3052 4380 3216 4433 super
3281 4384 3387 4431 me,
3420 4387 3485 4421 eo

1912 4438 2055 4505 quod
2094 4442 2247 4493 unxit
2281 4457 2386 4502 me,
2420 4455 2474 4497 et
2498 4447 2643 4499 misit
2676 4466 2781 4510 me,
2819 4468 2837 4501 ι
2874 4467 2980 4503 non
3016 4456 3278 4510 rationem
3309 4474 3485 4512 causa:

230 4538 329 4589 με,
363 4539 383 4572 ι
422 4522 518 4591 οὐχ
556 4525 583 4575 ὀ
608 4523 762 4591 λόγος
797 4526 956 4594 τῆσδε
988 4528 1087 4595 τῆς
1112 4528 1291 4590 αἰτίας
1331 4532 1447 4581 ἐστὶ
1478 4531 1805 4600 τεθειμένος,

1870 4529 2081 4585 iluisse
2121 4535 2450 4601 appositam,
2500 4539 2593 4590 sed
2660 4542 2906 4596 absolute
2957 4545 3161 4599 dii-tum
3212 4552 3481 4617 prolatum

229 4612 350 4665 ἀλλ’
372 4614 698 4685 ἀπορῤήτως
728 4617 762 4686 ἡ
788 4618 943 4688 ῥῆσις
973 4618 1308 4689 διήγγελται,
1340 4621 1436 4692 ἔχῃ
1469 4623 1534 4676 ἂν
1583 4625 1801 4690 εἰδέναι,

227 4707 279 4757 εἰ
311 4704 611 4770 κελεύσεως
640 4708 950 4778 ἐφάψασθαι
997 4711 1096 4777 τῆς
1142 4716 1475 4783 Δεσποτικῆς
1528 4718 1653 4785 περὶ
1704 4718 1803 4786 τῆς

232 4795 515 4865 Γραφικῆς
544 4797 769 4868 ἐρεύνης
791 4799 925 4861 ὅλως
955 4803 1241 4872 αίρήσεται
1276 4821 1289 4834 ο
1329 4806 1401 4867 ὡς
1424 4808 1479 4856 ἐν
1510 4810 1619 4869 τοῖς
1654 4811 1805 4861 πλεί-

225 4905 337 4951 οσι,
364 4888 457 4939 καὶ
492 4889 675 4956 σχεδὸν
701 4889 861 4956 ὅλοις,
891 4892 948 4945 ἐν
976 4888 1056 4954 οἷς
1095 4896 1125 4962 ἡ
1166 4897 1511 4963 κυριοκτονία
1562 4900 1654 4951 καὶ
1684 4900 1804 4952 θεο-

228 4980 418 5032 κτονία
446 4980 731 5049 τολμητῶν
759 4983 865 5035 τῶν
896 4985 1225 5055 παρανόμων
1260 4990 1698 5057 ἀναγορεύονται,
1727 4994 1801 5061 μὴ

228 5073 586 5139 φωνουμένης
649 5071 745 5140 τῆς
776 5073 1108 5145 δηλωθείσης
1170 5078 1349 5139 αἰτίας
1400 5083 1802 5149 ἀνακηρύττον-

226 5172 319 5208 ται
351 5170 366 5185 ⁶
401 5158 495 5207 καὶ
516 5157 616 5208 οὐκ
648 5157 793 5210 ἔστιν
815 5159 987 5223 άλλως
1018 5164 1098 5215 ὅτι
1144 5165 1218 5234 μὴ
1274 5167 1394 5218 κατ’
1457 5170 1629 5239 αὐτὴν
1689 5173 1801 5240 ἔχει

223 5248 500 5313 τράνωσιν
527 5246 687 5298 τάσδε
718 5247 952 5312 διανοίας
980 5251 1073 5303 τοῦ
1097 5252 1518 5324 ὀρθορρήμονος.
1548 5260 1641 5322 Εἰς
1672 5263 1800 5326 γοὺν

226 5337 496 5387 πίστωσιν
521 5334 626 5387 τῶν
648 5336 790 5389 οὓτω
820 5339 1114 5409 τιθεμένων
1141 5361 1196 5395 τε
1227 5348 1319 5397 καὶ
1378 5347 1798 5418 λαμϐανομένων

228 5426 394 5494 μόνος
442 5427 816 5496 παραληφθεὶς
855 5432 1075 5501 ἀρκέσει
1132 5437 1351 5504 Κοσμᾶς
1404 5440 1503 5508 τῆς
1576 5443 1800 5513 Ἐκκλη-

228 5516 351 5578 οἰας
372 5517 1033 5591 κόσμοςόθεοκόσμητος,
1084 5528 1141 5579 ἐν
1185 5532 1295 5591 τοῖς
1352 5532 1459 5582 τῶν
1517 5536 1796 5605 σωτηρίων

226 5607 414 5659 παθῶν
439 5608 628 5676 ὕμνοις
652 5611 745 5665 ἕνα
776 5615 960 5667 τοῦτον
988 5618 1225 5685 ὑφαίνων
1257 5624 1581 5691 μελῳδικῶςσ
1608 5646 1624 5676 ι
1652 5624 1795 5681 ’0λὲ-

225 5698 374 5765 θριος
409 5700 604 5769 σπείρει
651 5700 953 5772 θεοστυγῶν
1007 5716 1453 5781 πονηρευομένων
1502 5717 1795 5772 θεοκτότων

223 5787 535 5856 συναγωγὴ,
567 5782 788 5862 ἐπέστη,
818 5794 1038 5866 Χριστὲ,
1076 5803 1180 5865 σοί,
1214 5804 1304 5857 καὶ
1332 5805 1405 5867 ὡς
1436 5806 1617 5860 ἄδικον
1642 5803 1789 5863 εἷλκε

1913 4622 2103 4686 fuisse,
2137 4625 2354 4687 dixerit.
2380 4628 2501 4695 jure
2536 4634 2757 4697 poterit,
2815 4633 3110 4691 dummOdo
3154 4654 3480 4710 praeceptum

1914 4712 2253 4768 Dominicum
2277 4718 2343 4770 de
2369 4722 2675 4776 st'rutandis
2699 4726 2993 4794 Scripturis
3035 4746 3256 4798 prorsus
3277 4738 3480 4805 ample-

1914 4803 2142 4857 xabitur
2179 4806 2450 4875 inpotiOri
2488 4822 2658 4876 parte,
2708 4816 2953 4881 quinitno
3006 4820 3056 4871 in
3089 4803 3381 4883 omnibus,
3426 4829 3478 4880 in

1910 4896 2110 4962 qmbus
2136 4898 2205 4950 ab
2255 4899 2435 4967 itupiis
2461 4915 2525 4954 ac
2549 4907 2854 4959 temerariis
2886 4907 3097 4963 Domini
3134 4912 3336 4983 Deique
3372 4931 3478 4969 ra:-

1910 4988 2004 5041 des
2034 4998 2323 5057 procurata
2386 4995 2730 5061 proponitur,
2790 5015 3055 5069 nusquam
3108 5005 3249 5060 dicta
3316 5024 3479 5063 causa

1907 5080 2173 5148 esplicata
2202 5084 2452 5150 proponi,
2508 5101 2609 5138 nec
2637 5088 2743 5140 alio
2768 5091 2929 5143 modo
2960 5108 3118 5159 quam
3156 5095 3258 5148 hoc
3287 5098 3478 5149 ortho-

1908 5172 2029 5224 doxi
2091 5176 2372 5242 striptoris
2399 5179 2722 5232 sententiain
2770 5182 3059 5238 insinuari.
3111 5189 3189 5241 Ad
3218 5194 3477 5245 corrobo-

1910 5265 2076 5317 randa
2115 5266 2295 5334 itaque
2331 5285 2451 5336 quae
2480 5273 2558 5324 sic
2591 5287 2971 5340 proponuntur
3002 5288 3057 5331 et
3102 5281 3470 5349 accipiuntur,

1908 5370 2047 5407 unus
2080 5356 2131 5409 in
2184 5358 2421 5412 medium
2476 5363 2741 5416 adductus
2786 5367 3058 5421 sullccerit
3096 5372 3340 5437 Cosmas,
3370 5374 3471 5429 Ec-

1904 5447 2079 5501 clesia:
2138 5464 2517 5503 ornamentum
2546 5464 2598 5505 ct
2650 5471 2678 5507 a
2711 5456 2819 5510 Deo
2851 5471 3098 5524 ornatus,
3148 5464 3198 5515 in
3252 5465 3472 5535 hymnis

1902 5541 1968 5594 de
2000 5543 2227 5595 salutari
2268 5544 2517 5611 passione
2555 5563 2583 5599 a
2627 5567 2684 5601 se
2723 5551 2905 5615 editis,
2951 5553 3077 5606 dum
3112 5557 3254 5609 inter
3278 5573 3373 5613 eos
3402 5561 3469 5615 ad

1902 5634 2208 5685 currendum
2233 5650 2398 5686 unum
2436 5637 2534 5689 hnc
2572 5642 2731 5692 modo
2752 5645 3163 5699 concinnaverit
3184 5665 3195 5699 :
3219 5668 3234 5698 ι
3260 5650 3470 5705 Cohors

1903 5724 2011 5777 Deo
2047 5740 2357 5791 exosortttn,
2431 5730 2863 5804 malignantiunt,
2932 5738 3024 5791 Dei
3078 5743 3468 5808 parricidarum

1902 5820 2245 5887 congregatio
2293 5823 2597 5889 superstitit
2646 5827 2764 5892 tibi,
2800 5826 3036 5899 Christe,
3062 5844 3112 5887 et
3150 5846 3200 5887 ut
3240 5836 3463 5902 ἰηψιιιειι
