4220 6444
284 396 413 459 1321

1263 404 1561 470 CONTRA
1609 408 2033 475 MANUELEM
2080 417 2556 485 CRETENSEM.

3372 434 3514 500 1822

280 509 575 576 κυριότητα
602 510 816 579 φοροῦν.
855 531 873 562 ι
904 512 998 575 Τίς
1027 508 1121 566 οὖν
1149 514 1211 568 ἔκ
1245 515 1356 567 τῶν
1404 517 1550 572 οῦτω
1594 520 1841 588 διηυκρι-
1872 525 1896 577 Δ

1872 525 1911 577 Α
1944 520 2194 590 dictorie,
2250 538 2305 581 et
2357 530 2502 597 quod
2551 544 2619 584 ex
2676 531 2795 601 ipso
2867 536 3025 598 tradi.
3074 551 3127 592 et
3170 541 3297 601 illud
3358 560 3510 602 «non

275 598 524 668 νημάνων
560 601 704 667 ἐρεῖν
731 600 1020 670 ἑξισχύσιι,
1049 604 1123 672 μὴ
1143 608 1203 658 τὺ
1230 607 1509 675 ἀλλότριον
1567 610 1840 677 άντιφατι-

279 686 393 747 κῶς
424 690 515 740 καὶ
542 689 603 741 τὺ
638 689 695 753 ἐξ
722 692 883 744 αὑτοῦ
917 694 1329 763 παραδίδοσθαι.
1359 700 1450 752 καὶ
1482 699 1543 749 τὸ
1574 700 1669 765 μὶν
1707 717 1725 748 ι
1762 701 1836 768 μὴ

273 775 333 839 ἑξ
358 779 527 830 αὑτοῦ
562 799 581 829 ι
613 784 671 832 τὸ
711 783 986 850 ἀλλότριον
1015 788 1390 856 παρεισάγειν,
1418 788 1575 843 τοῦτο
1596 791 1641 843 δ’
1681 793 1834 844 ἀπω-

272 865 489 921 θεῖσθαι
530 871 827 942 διαρρήδην
855 874 915 927 τὸ
944 894 961 925 ι
996 875 1055 940 ἐξ
1107 878 1272 931 αὐτοῦ
1314 899 1333 930 ι
1392 882 1482 931 ἐπί
1526 901 1583 935 τε
1646 884 1843 951 δόσεως

1944 626 2009 665 ex
2069 615 2186 683 ipso
2238 636 2256 666 ι
2308 619 2549 672 alienum
2619 620 2841 689 inferre,
2907 637 2963 678 et
3018 630 3117 683 hoc
3187 633 3364 700 palam
3427 653 3513 690 re-

1940 704 2036 771 jici
2089 723 2107 755 ι
2154 722 2215 760 ex
2251 709 2383 776 iipso
2419 715 2687 781 ignciupe,
2740 729 2862 769 cum
2907 718 2976 770 de
3006 720 3248 787 datione,
3283 734 3337 779 et
3378 729 3513 782 mis.

1948 798 2126 862 sione,
2164 811 2219 855 et
2250 805 2692 872 suppeditatione
2752 818 2808 862 et
2850 812 3122 868 similibus
3172 817 3227 869 in
3262 819 3505 890 utrisque

1955 890 2178 963 Deitatis
2202 894 2542 963 principibus
2568 898 2950 968 hypostasibus
2992 920 3170 962 sermo
3200 910 3332 964 est?

271 965 367 1013 καὶ
403 964 707 1035 ἀποστολῆς
731 967 819 1019 καί
858 971 1118 1038 χορηγίας
1138 973 1231 1023 καὶ
1261 974 1369 1025 τῶν
1391 977 1590 1044 ὁμοίων
1622 979 1679 1029 ὲν
1733 981 2016 1053 ἑκατέραις
2049 985 2365 1055 θεαρχικαῑς
2389 964 2783 1058 ὑποστάσεσινς

342 1057 417 1124 ς’.
464 1059 523 1112 Ei
559 1059 613 1110 δὲ
649 1060 809 1114 τοῦτο
834 1063 908 1132 μὴ
955 1063 1094 1132 ἒχων
1130 1066 1277 1133 ἐρεῖν
1315 1067 1373 1117 τὸ
1404 1068 1513 1131 τῶν
1546 1070 1840 1126 ἀντιθέτων

267 1152 363 1200 καὶ
397 1151 515 1201 τόδε
550 1150 715 1218 φάναι
744 1151 1087 1221 βουλήσεται,
1115 1155 1187 1216 ὡς
1222 1158 1254 1226 ἡ
1284 1157 1391 1211 τῶν
1413 1158 1507 1211 δύο
1534 1164 1841 1230 προσώπων

264 1244 347 1302 εἰς
381 1242 442 1293 τὸ
480 1240 616 1295 εἶναι
676 1245 902 1314 πρόοδος
949 1246 1077 1298 Υίοῦ
1132 1250 1227 1299 καὶ
1268 1248 1586 1317 Πνεύματος
1638 1253 1703 1306 ἑκ
1740 1254 1839 1321 τῆς

264 1330 540 1397 πατρικῆς
574 1332 762 1393 οὐσίας
792 1334 931 1397 ἐστὶ,
964 1335 1107 1403 καὶὴ
1130 1336 1483 1406 ὀμοουσιότης
1512 1340 1839 1410 ἀμφοτέρων

261 1418 538 1482 ἐντεῦθεν,
593 1421 668 1483 ὡς
720 1422 785 1473 ἐκ
817 1423 914 1491 τῆς
960 1424 1132 1489 αὐτῆς
1184 1425 1279 1477 καὶ
1312 1428 1442 1494 μιᾶς
1478 1429 1833 1499 ὑπαρχόντων

259 1509 454 1570 οὐσίας
482 1526 492 1537 ·
526 1511 618 1561 καὶ
652 1512 777 1563 ποία
801 1531 885 1576 τις
912 1516 1126 1583 ἀνάγκη
1153 1516 1215 1568 ὲκ
1237 1519 1336 1587 τῆς
1366 1521 1553 1581 οὐσίας
1582 1522 1674 1574 τοῦ
1697 1523 1830 1578 Υίοῦ

263 1599 447 1663 λέγειν
487 1601 547 1651 τὸ
579 1601 822 1670 Πνεῦμα,
851 1605 1026 1655 καί-τὸ
1047 1597 1335 1673 ὀμοούσιον
1373 1610 1623 1663 ἐντεῦθεν
1645 1615 1833 1683 σφίσιν

259 1691 597 1753 ἁποόιδόναι,
634 1694 726 1745 καὶ
782 1694 841 1758 ἐξ
869 1696 1034 1749 αὐτοῦ
1092 1697 1463 1767 διαγγέλλειν;
1494 1701 1616 1765 Tol;
1652 1707 1833 1761 05066-

257 1797 383 1845 φοις
404 1783 450 1833 εἰ
481 1784 554 1849 μὴ
590 1785 794 1851 αἱροῖτο
818 1790 1199 1855 μυσταγωγοΐς
1231 1790 1455 1855 εἰδέναι,
1500 1794 1666 1862 μηδὲν
1690 1791 1829 1849 εἶναι

256 1872 708 1941 θεολογούμενον,
740 1876 768 1928 ὃ
793 1880 865 1948 μὴ
887 1880 1263 1950 ἀπαραίτητον
1289 1881 1400 1950 ἔχει
1422 1884 1483 1935 τὸ
1503 1887 1829 1957 ἑκφαντορι-

258 1963 355 2011 θεὸν
388 1966 487 2031 τῆς
534 1965 964 2038 ἀναγορεύσεως,
1019 1974 1111 2022 καὶ
1174 1971 1235 2023 τὸ
1284 1973 1346 2025 ὲκ
1381 1974 1478 2041 τῆς
1517 1976 1704 2039 οὐσίας
1736 1980 1831 2032 τοῦ
1865 1952 1905 2005 Β

258 2051 395 2102 Υίοῦ
423 2056 483 2106 τὸ
539 2056 761 2125 Πνεῦμα
799 2060 1267 2130 πεπλατυσμένως
1306 2065 1778 2136 ἀνακηρύττουσιν
1814 2085 1829 2099 ’

254 2147 593 2199 ἀνατεινάτω
629 2150 689 2201 τὸ
733 2150 886 2219 ὄμμα
925 2154 1005 2215 είς
1056 2155 1123 2223 ἦν
1155 2155 1504 2225 προύθέμεθα
1542 2160 1832 2231 Κυριακὴν

254 2238 702 2310 ἑπιτασσομένην
757 2241 985 2311 ἔρευναν
1013 2247 1119 2299 τῶν
1160 2248 1414 2317 Γραφῶν,
1453 2252 1549 2304 καὶ
1607 2255 1828 2325 εὑρήσει

251 2324 534 2393 διαφανῶς
566 2329 640 2393 ὠς
677 2332 709 2400 ἠ
747 2334 1102 2407 ὁμοουσιότης
1134 2339 1411 2410 ἑκατέρων
1434 2345 1739 2414 προσώπων
1764 2349 1827 2400 ἐκ

256 2418 353 2469 τοῦ
380 2420 519 2483 ἑνὸς,
552 2422 694 2476 οὕτω
719 2426 818 2495 τὴν
845 2429 942 2497 τῆς
973 2430 1268 2501 ἀδελφικῆς
1319 2435 1568 2502 ἑνότητος
1591 2440 1824 2509 ἀποτρέ-

254 2526 351 2563 πει
382 2512 729 2579 παρείσδυσιν
760 2518 822 2571 ἐκ
865 2520 962 2571 τοῦ
992 2520 1080 2574 διὰ
1125 2522 1354 2593 θατέρου
1391 2526 1613 2597 θάτερον
1648 2531 1826 2597 ἀμφο-

251 2601 431 2670 τέρων
461 2606 525 2656 ἐκ
549 2604 640 2658 τοῦ
667 2608 783 2669 ἑνὸς
809 2609 1229 2679 δογματίζεσθαι
1255 2602 1465 2669 καὶτοῦ
1494 2620 1593 2681 τὰς
1625 2619 1827 2691 δυσφη-

255 2694 385 2759 μίας
418 2696 525 2746 τῶν
552 2697 1045 2767 γ).ωσσαλγοὺντων
1074 2704 1325 2758 ἐντεῦθεν
1349 2707 1823 2779 ἀπορῤαπίξεσθαι

247 2784 345 2834 δύο
375 2786 527 2849 υἱοὺς
561 2790 622 2840 ἐκ
666 2791 764 2858 τῆς
793 2793 850 2857 ἐξ
882 2794 1001 2856 ἑνὸς
1030 2794 1199 2865 ἄμφω
1235 2799 1579 2865 συναγόντων
1637 2803 1822 2856 θεολο-

248 2877 401 2943 γίας,
430 2880 543 2942 καὶ,
565 2879 672 2933 Ποῦ
693 2882 751 2934 τὸ
782 2886 1066 2953 μονογενὲς
1086 2904 1103 2953 ;
1123 2886 1537 2957 ἀντεπαγόντων
1555 2896 1668 2957 τοῖς
1684 2894 1821 2965 ὀρθὰ

249 2968 546 3036 φρονοῦσιν
576 2973 1102 3043 ὲπαπορημαθτικῶς.
1163 2980 1325 3034 Ἀλλὰ
1361 2982 1568 3036 τούτων
1615 2986 1822 3054 ἀπελη-

247 3059 532 3129 λεγμένων
568 3066 681 3128 τοῖς
732 3066 1099 3138 θεοῤῥήμοσιν
1166 3070 1315 3135 υἱούς
1340 3089 1401 3125 τε
1448 3075 1542 3129 καὶ
1592 3079 1818 3151 Diumab;

244 3154 654 3209 ἐπιπλεκόντων
678 3158 735 3211 ἐν
765 3162 875 3223 τοῖς
900 3161 1041 3232 ὑπὲρ
1067 3163 1213 3233 ἡμᾶς
1236 3167 1331 3219 καὶ
1353 3169 1463 3230 τοῖς
1484 3168 1621 3241 ὑπὲρ
1644 3172 1815 3225 κατά-

243 3242 438 3311 ληψιν,
477 3246 777 3320 ’Δθανασίῳ
805 3253 899 3304 καὶ
923 3254 1154 3323 μάλιστα
1173 3255 1250 3325 τῷ
1272 3258 1647 3330 μεγαλωνύμῳ
1666 3265 1815 3330 σφῶν
1842 3285 1887 3345 c

239 3337 349 3401 τὴν
408 3337 593 3392 ἄνοιαν
633 3343 1033 3410 στηλιτεύουσι,
1099 3349 1472 3417 γενεαλογίας,
1531 3354 1815 3424 μᾶλλονδὲ

245 3427 592 3497 μωρολογίας
629 3432 918 3505 ἐλληνικῆς
978 3441 1330 3510 σννείρουσαν
1389 3442 1680 3513 ἀθεότητα,
1720 3448 1814 3501 δύο

242 3517 644 3588 παραθήσομαι
673 3522 783 3575 τῶν
806 3524 1155 3597 θεοφορήτων
1188 3534 1252 3585 ὲκ
1279 3532 1387 3585 τῶν
1420 3552 1438 3585 ι
1482 3536 1542 3598 ἐξ
1568 3538 1769 3607 ἀμφοῖν
1789 3557 1806 3590 ι

239 3622 303 3656 τε
335 3607 429 3658 καὶ
470 3626 487 3657 ι
522 3610 591 3661 δι’
625 3611 753 3663 Υίοῦ
779 3631 798 3663 ι
826 3616 1020 3681 φωνῶν
1047 3620 1106 3669 τὸ
1138 3622 1429 3688 μονογενὲς
1458 3627 1547 3676 ἐπὶ
1571 3627 1663 3679 τοῦ
1682 3628 1811 3681 Υἱοῦ

238 3696 560 3762 δεικνύντας
584 3702 971 3771 ἀναμφιϐόλως
992 3708 1203 3776 μένειν,
1230 3712 1323 3764 καὶ
1355 3714 1415 3765 τὸ
1445 3715 1543 3784 τῆς
1567 3719 1812 3788 υἰότητος

236 3785 466 3837 διπλοῦν
518 3790 613 3841 καὶ
652 3791 751 3860 τῆς
786 3793 1144 3866 ἀδελφότητος
1194 3800 1648 3871 ἀποπέμπεσθαι.
1690 3785 1809 3861 ’ἰῶν

234 3874 333 3927 δύο
358 3878 467 3945 γὰρ
492 3877 717 3950 θάτερος
737 3883 765 3934 ὁ
785 3882 893 3936 τῶν
915 3886 1209 3941 Νυσσαέων
1232 3893 1325 3943 καὶ
1355 3893 1457 3961 τῆς
1484 3896 1806 3968 οἰκουμένης

232 3966 503 4038 λαμπτὴρ
543 3973 601 4023 ὲν
630 3974 743 4035 τοῖς
776 3975 913 4044 πρὸς
974 3977 1292 4047 Ἀὀλάόιον,
1332 3984 1512 4036 αἰτίαν
1567 3966 1808 4042 ἀναίτιον

230 4057 327 4108 τὸν
388 4057 609 4129 Πατέρα
662 4060 1015 4134 θεολογήσας,
1064 4069 1159 4119 καὶ
1203 4068 1306 4139 τὴν
1334 4072 1396 4137 ἐξ
1445 4073 1611 4127 αὐτοῦ
1637 4074 1808 4131 δυάδα

232 4146 370 4199 Υἰοῦ
398 4149 494 4201 καὶ
546 4150 865 4219 Πκύματος
897 4158 1164 4224 αἰτιατόν,
1220 4163 1316 4214 καὶ
1348 4164 1508 4216 τοῦτο
1545 4165 1639 4219 τοῦ
1686 4167 1806 4233 ἑνὸς

232 4240 375 4308 πρὸς
404 4241 571 4310 ἄμφω
609 4242 877 4314 διαφοράν
903 4248 1200 4317 παραδοὺς,
1220 4251 1314 4304 τοῦ
1341 4255 1587 4308 αἰτιατοῦ
1622 4258 1801 4325 πάλιν,

227 4331 371 4399 ὅπερ
432 4331 585 4397 δυὰς,
652 4333 824 4403 ἄλλην
883 4336 1148 4409 διαφορὰν
1196 4344 1556 4412 παραδίδωσι,
1605 4348 1665 4399 τὸ
1706 4350 1805 4418 μὲν

227 4422 523 4492 προσεχώς
555 4420 695 4477 εἶναι
720 4426 899 4494 λέγων
924 4430 988 4482 ἐκ
1011 4434 1111 4500 τῆς
1137 4434 1337 4498 αἰτίας,
1361 4437 1425 4506 ἣν
1453 4438 1546 4490 καὶ
1576 4440 1804 4509 πρώτην

226 4514 409 4577 καλεῖ,
448 4517 541 4568 τὸν
583 4517 619 4569 Υ
625 4518 702 4571 ἰὸν
735 4519 1000 4592 δηλονότι,
1048 4525 1283 4593 ·άμέσως
1314 4528 1376 4580 ὲκ
1423 4529 1516 4581 τοῦ
1553 4532 1799 4603 Πατρός⁹

2006 1075 2059 1130 6.
2097 1078 2251 1142 Quod
2286 1080 2330 1133 si
2366 1078 2466 1134 hoc
2496 1083 2680 1140 dicere
2710 1088 3059 1146 adversarius
3104 1096 3432 1164 nequiverit,
3456 1101 3508 1155 id

1940 1167 2097 1235 plane
2138 1170 2337 1223 dixerit
2375 1188 2389 1224 :
2421 1172 2655 1231 Duarum
2703 1194 3061 1247 personarum
3113 1189 3180 1240 ad
3221 1203 3343 1243 esse
3379 1206 3508 1259 pro-

1937 1261 2273 1325 gressionem
2323 1260 2442 1317 Filii
2483 1275 2539 1319 et
2585 1266 2821 1337 Spiritus
2875 1288 2940 1327 ex
2989 1281 3228 1332 essentia
3279 1291 3504 1349 paterna

1936 1364 2077 1415 esse,
2112 1350 2343 1423 indeque
2366 1356 2650 1411 amborum
2693 1366 3319 1425 eonsubstantialitatem
3351 1374 3507 1439 oriri,

1937 1454 2062 1495 cum
2091 1457 2156 1496 ex
2192 1460 2295 1499 una
2328 1448 2627 1518 eademque
2658 1455 2893 1509 essentia
2922 1458 3051 1513 sint.
3078 1459 3141 1514 Et
3170 1476 3291 1529 qua:
3316 1477 3507 1520 ncces-

1933 1530 2065 1586 sitas
2093 1532 2275 1601 fuerit,
2302 1551 2368 1591 ex
2397 1542 2633 1595 essentia
2662 1540 2781 1598 Filii
2807 1546 2989 1603 dicere
3023 1549 3312 1621 Spiritum,
3351 1557 3508 1613 inde-

1932 1637 2037 1692 que
2078 1624 2186 1679 illis
2219 1628 2685 1688 consubstantiale
2722 1637 2986 1704 tribuere,
3016 1652 3072 1697 et
3116 1659 3184 1699 ex
3214 1647 3334 1715 ipso
3376 1666 3504 1718 pro-

1934 1715 2227 1770 nuntiare?
2274 1718 2377 1775 Per
2426 1722 2691 1781 divinitus
2725 1730 2949 1787 edoelos
2977 1734 3248 1803 homines,
3300 1742 3345 1795 si
3378 1715 3505 1798 illis

1934 1810 2260 1879 mystagogis
2292 1813 2367 1867 uti
2400 1817 2693 1878 voluerint.
2726 1822 2864 1876 nihil
2893 1834 2977 1880 est
3010 1827 3063 1880 in
3098 1830 3260 1885 rebus
3292 1835 3506 1889 theolo-

1932 1897 2064 1966 gieis
2090 1898 2389 1970 decretum,
2417 1910 2561 1976 quod
2596 1926 2704 1965 non
2740 1914 2939 1982 palam,
2969 1930 3024 1973 et
3050 1921 3137 1973 cui
3166 1926 3366 1991 opponi
3392 1943 3500 1981 nou

1935 1993 2127 2058 possit,
2165 1995 2671 2065 interpretationem
2713 2009 3016 2076 possideat,
3049 2014 3095 2067 si
3124 2014 3252 2070 illud
3288 2034 3505 2087 quoque

1932 2095 1997 2135 ex
2026 2087 2263 2141 essentia
2296 2088 2418 2143 Filii
2446 2091 2711 2161 Spiritum
2747 2097 2865 2155 fuse
2908 2103 3280 2171 depraadicant
3311 2127 3323 2162 :
3368 2128 3503 2169 ocu-

1931 2172 2105 2229 lorum
2154 2179 2327 2234 aciem
2381 2182 2579 2253 dirigat
2618 2188 2685 2241 ad
2735 2204 2878 2254 eam,
2920 2209 3083 2261 quam
3116 2203 3503 2268 proposuimus

1928 2260 2228 2322 Dominicis
2266 2271 2449 2326 verbis
2480 2286 2807 2347 praeceptam
2838 2260 3241 2353 Scripturarum
3282 2295 3501 2362 perqui-

1928 2354 2202 2423 sitionem,
2242 2371 2299 2416 et
2328 2365 2613 2434 perspicue
2638 2371 2875 2440 reperiet
2902 2378 3187 2433 ambarum
3232 2396 3500 2451 persona-

1927 2458 2046 2498 rum
2085 2451 2711 2513 consubstantialitatem
2736 2478 2801 2515 ex
2842 2480 2951 2519 uno
2981 2466 3237 2525 fraternw
3274 2475 3501 2530 unitatis

1926 2532 2384 2596 introductiouem
2442 2548 2724 2615 revellere,
2781 2554 2926 2621 quod
2976 2558 3138 2613 ambo
3186 2578 3351 2617 unum
3402 2580 3500 2636 per

1925 2624 2070 2679 aliud
2118 2628 2466 2701 decernatur,
2510 2638 2747 2711 indeque
2798 2644 3187 2708 effrenatarum
3240 2624 3498 2726 blasphe-

1925 2719 2081 2785 mias,
2106 2722 2245 2778 duos
2276 2725 2415 2781 ﬁlios
2448 2744 2513 2785 ex
2557 2747 2667 2786 uno
2702 2738 3144 2795 concludentium
3182 2744 3499 2805 dicacitates

1922 2816 2223 2880 amandari,
2257 2829 2311 2874 et
2338 2820 2566 2875 Ubinam
2596 2835 2680 2879 est
2723 2828 3105 2897 unigenitum?
3137 2836 3201 2890 iis
3228 2840 3318 2907 qui
3359 2841 3497 2898 bene

1922 2904 2187 2966 sentiunt,
2214 2910 2365 2975 quasi
2403 2910 2469 2964 de
2511 2928 2577 2967 eo
2620 2916 2959 2986 addubitent,
2994 2936 3181 2981 contra
3219 2904 3499 3000 opponen-

1923 2991 2079 3046 tium.
2113 2993 2218 3049 Sed
2253 3013 2376 3053 cum
2405 3002 2525 3058 illos
2550 3008 2921 3079 redarguerint
2943 2991 3493 3089 diviniloquii’atres,

1919 3083 2061 3137 ﬁlios
2091 3096 2146 3139 et
2174 3098 2403 3158 nepotes
2439 3094 2494 3147 in
2527 3096 2594 3151 iis
2628 3114 2749 3167 qua:
2772 3115 2934 3172 supra
2965 3121 3065 3161 nos
3096 3083 3257 3175 sunt,
3292 3122 3345 3168 et
3390 3131 3495 3170 no-

1918 3182 2084 3231 stram
2113 3183 2661 3249 comprehensionem
2687 3205 3038 3264 exsuperant,
3078 3203 3489 3272 complicantes,

1916 3276 1972 3319 et
2013 3270 2355 3336 potissimum
2409 3282 2589 3348 magni
2624 3286 2865 3339 nominis
2911 3270 3269 3365 Athanasius,
3301 3313 3490 3355 eorum

1917 3360 2268 3419 stoliditatem
2310 3367 2604 3438 infamant,
2642 3390 2765 3445 quae
2798 3382 3141 3452 genealogias
3161 3360 3276 3444 sive
3310 3393 3490 3460 potius

1918 3452 2206 3508 stultorum
2261 3473 2701 3520 assumentorum
2777 3469 3111 3541 impietatem
3186 3486 3485 3541 connectit.

1915 3540 2059 3597 Duos
2090 3546 2175 3599 hic
2207 3545 2424 3604 all‘eram
2461 3553 2678 3611 divinos
2720 3559 2930 3627 Patres,
2964 3568 3057 3635 qui
3099 3584 3167 3624 ex
3203 3570 3353 3630 hisce
3390 3593 3486 3629 vo-

1912 3631 2088 3698 cibus,
2119 3652 2137 3685 (
2171 3651 2238 3688 ex
2274 3648 2525 3708 utroque,
2568 3661 2587 3695 ι
2620 3654 2696 3707 et,
2734 3665 2753 3697 ι
2792 3664 2888 3717 per
2915 3631 3132 3721 Filium,
3172 3676 3193 3711 ι
3229 3662 3484 3732 unigeni-

1914 3731 2025 3775 tum
2062 3724 2115 3777 in
2154 3726 2293 3781 Filio
2338 3728 2543 3801 absque
2592 3736 2703 3791 ulla
2745 3734 3087 3802 dubitatione
3138 3724 3382 3818 manere,
3428 3770 3484 3813 et

1911 3813 2188 3872 ﬁliationis
2213 3827 2376 3890 atque
2414 3822 2774 3885 fraternitatis
2812 3832 3184 3904 duplicitatem
3227 3813 3485 3915 relegari,

1908 3904 2173 3992 longeque
2208 3912 2334 3979 pelli
2382 3914 2789 3976 demonstrant.
2847 3925 2929 3979 Es
2970 3928 3055 3984 his
3093 3928 3233 3986 alter
3270 3904 3479 3998 Rem".

1907 3988 2273 4064 Nyssenorum
2308 4012 2363 4057 et
2390 4006 2537 4061 orbis
2574 4010 2758 4065 lumen
2802 4014 2856 4068 iu
2909 4016 3015 4072 illis
3057 4034 3178 4088 qua:
3212 3988 3479 4083 ad

1908 4084 2058 4142 bium
2084 4090 2322 4161 scripsit,
2364 4096 2418 4150 in
2446 4100 2645 4167 quibus
2679 4104 2886 4173 absque
2916 4084 3091 4166 causa
3116 4128 3336 4169 causam
3374 4118 3475 4173 Pa.

1909 4186 2046 4232 trem
2068 4180 2268 4248 fassus,
2285 4194 2342 4241 et
2361 4201 2427 4241 ex
2449 4190 2643 4247 eodem
2662 4194 2772 4249 duo
2792 4210 3038 4265 causata,
3057 4202 3250 4261 Filium
3278 4223 3475 4279 nempe

1906 4276 1963 4323 et
1997 4268 2260 4340 Spiritum
2288 4314 2305 4339 ,
2337 4288 2393 4332 et
2444 4280 2637 4336 horum
2675 4286 2840 4341 unius
2872 4305 2998 4362 erga
3030 4293 3263 4351 alterum
3311 4268 3471 4356 διαξι-

1906 4362 2141 4440 rentiam
2167 4366 2474 4437 assignans,
2509 4377 2715 4431 causati
2754 4395 2960 4448 rursus,
2983 4387 3215 4441 duorum
3252 4405 3471 4461 nempe,

1903 4450 2048 4506 aliud
2078 4445 2373 4514 discrimen
2420 4466 2603 4528 tradit,
2632 4470 2781 4537 quod
2831 4445 2955 4526 non-
2990 4478 3270 4547 contigue,
3323 4445 3474 4538 asse-

1903 4558 2053 4607 rens,
2077 4561 2273 4615 causae,
2296 4567 2457 4621 quam
2487 4565 2543 4611 et
2570 4560 2801 4628 primam
2831 4576 3007 4630 vocat,
3034 4566 3227 4623 Filium
3250 4588 3473 4644 nempe,

223 4605 288 4655 τὸ
324 4607 456 4659 αὐτὸ
484 4608 592 4677 γὰρ
630 4611 853 4679 ἁμέσως
896 4617 991 4666 καί⁷
1031 4620 1349 4686 προσεχώς’
1391 4621 1452 4673 τὸ
1477 4623 1532 4675 δὲ
1572 4623 1661 4679 διὰ
1707 4626 1801 4679 τοῦ
1838 4632 1877 4685 D

2043 4605 2049 4607 _
2259 4605 2272 4615 ,
2312 4605 2327 4621 ι
2394 4605 2455 4607 ην
2493 4605 2542 4611 ,ν
2570 4605 2800 4628 τ--........
2841 4605 3007 4630 νυν-η,
3034 4605 3055 4620 ι
3079 4605 3227 4623 unum
3250 4605 3473 4644 ιιι-ιιιγς,

1872 4644 1877 4674 ι
1905 4633 2219 4692 immediate
2250 4655 2279 4692 a
2312 4640 2505 4709 Patre;
2536 4646 2679 4703 idem
2712 4654 2859 4706 enim
2888 4664 2972 4709 est
3004 4659 3257 4730 contigue
3285 4673 3340 4718 et
3372 4666 3474 4719 im-

224 4699 520 4767 προσεχῶς
549 4703 613 4754 ἐκ
636 4702 729 4755 τοῦ
755 4701 993 4773 πρώτου,
1030 4711 1279 4762 τουτέστι
1319 4712 1413 4763 τοῦ
1458 4714 1797 4785 Πιθεύματος,

221 4789 285 4841 τὸ
312 4790 534 4861 Πνεῦμα
573 4792 774 4864 δηλαδὴ
809 4795 898 4847 διὰ
945 4796 1039 4849 τοῦ
1072 4797 1203 4853 Υἰοῦ
1258 4803 1795 4877 μεσοθεωρουμὲνου.

225 4882 337 4931 Καὶ
371 4881 510 4952 αῦτη
568 4886 713 4938 ἐστὶν
743 4888 776 4957 ἡ
816 4884 1083 4956 θεόλογία,
1132 4893 1164 4958 ὴ
1194 4893 1255 4944 τὸ
1291 4895 1390 4963 μὲν
1423 4896 1515 4948 τοῦ
1548 4900 1795 4955 αἰτιατοῦ

222 4972 356 5024 Tib-1
411 4976 803 5046 παραδιδοῦσα,
866 4984 924 5033 τὸ
956 4982 1013 5034 δὲ
1048 4983 1316 5061 Πνεῦμα,
1371 4989 1571 5058 καὶμὴ
1628 4992 1796 5061 άμφω

218 5064 397 5127 υἱοὺς,
428 5064 505 5133 τῷ
545 5068 606 5118 τὸ
649 5069 748 5134 μὲν
776 5071 1002 5139 άμὲσως
1040 5058 1124 5126 θὲκ
1180 5075 1278 5143 τῆς
1310 5078 1489 5141 αίτίας
1536 5078 1693 5144 εἶναι,
1728 5085 1789 5135 τὸ

213 5150 272 5203 δὲ
313 5151 401 5204 διὰ
432 5155 526 5206 τοῦ
560 5159 802 5225 ἀμέσως.
837 5161 1008 5214 Τοῦτο
1045 5163 1153 5232 γὰρ
1177 5168 1269 5215 καί
1298 5167 1534 5235 καθεξῆς
1565 5172 1597 5239 ἠ
1630 5172 1786 5241 ῥῆσις

213 5248 703 5311 κατασκευάζουσα
759 5253 979 5320 φάσκει,
1012 5275 1028 5306 ι
1076 5256 1236 5308 Ὥστε
1273 5260 1365 5309 καὶ
1412 5262 1470 5310 τὸ
1499 5266 1785 5329 μονογενὲς

210 5336 588 5406 ἁναμφίὸολον
650 5342 743 5395 ἐπὶ
777 5344 872 5397 τοῦ
930 5347 1060 5399 Υίοῦ
1116 5350 1322 5415 μένειν,
1384 5351 1568 5405 καὶτὸ
1596 5354 1658 5405 ἐκ
1687 5355 1783 5407 τοῦ

1899 4726 2167 4793 mediate;
2200 4730 2347 4786 aliud
2378 4750 2510 4791 vero
2540 4755 2638 4808 per
2660 4741 2791 4796 illud
2814 4747 2958 4813 quod
2988 4726 3244 4821 contigue
3268 4764 3375 4819 est,
3401 4772 3467 4811 ex

1897 4816 2097 4884 primo,
2134 4820 2373 4889 Spiritus
2405 4829 2631 4896 scilicet,
2662 4834 2899 4902 Spiritus
2928 4854 3126 4911 nempe
3146 4816 3252 4913 per
3268 4816 3465 4902 Filium

1897 4906 2134 4962 medium
2169 4912 2525 4973 intellectum.
2562 4920 2626 4975 Et
2670 4927 2787 4979 haec
2836 4938 2920 4983 est
2951 4906 3110 5000 plane
3154 4906 3465 5009 theologia,

1895 5008 2015 5061 qua:
2045 5010 2264 5055 causata
2307 5006 2470 5058 tradit
2505 5016 2617 5062 tum
2658 5009 2858 5069 Filiqu
2894 5026 3005 5071 tum
3036 5006 3464 5089 Spirituminec

1895 5084 2083 5138 ambos
2117 5089 2274 5151 tilios,
2307 5094 2449 5161 quod
2499 5096 2589 5153 hic
2632 5102 2854 5164 quidem
2912 5084 3224 5167 immediate
3269 5084 3354 5169 est
3398 5131 3464 5171 ex

1893 5188 2079 5240 causa,
2109 5179 2199 5234 ille
2233 5197 2329 5251 per
2350 5201 2498 5253 eum,
2544 5191 2638 5259 qui
2688 5194 3001 5253 iunucdiate
3030 5212 3132 5257 est.
3161 5205 3275 5259 Hoc
3307 5222 3463 5260 nam--

1892 5279 1996 5332 que
2030 5269 2369 5341 subsequens
2395 5278 2601 5334 dictum
2629 5291 2951 5355 comprobat
2980 5306 3103 5346 cum
3134 5295 3248 5349 ait:
3275 5300 3456 5354 «Adeo

1894 5369 1951 5412 ut
1983 5369 2038 5413 et
2072 5365 2412 5435 unigenitum
2445 5373 2806 5434 indubitatum
2857 5383 2911 5436 in
2957 5384 3091 5440 Filio
3139 5398 3373 5451 maneat,
3400 5405 3459 5447 et

210 5413 427 5497 Ιίἀτρὸς
454 5426 594 5484 εἶναι
619 5434 678 5485 τὸ
718 5436 942 5502 Πνεῦμα
993 5438 1067 5508 μὴ
1100 5413 1487 5509 άμφιὸάλλειν,
1533 5443 1649 5512 τῆς
1690 5444 1784 5498 τοῦ
1883 5466 1896 5502 t

2098 5413 2412 5435 .__-D-_-.-_...
2445 5413 2806 5434 ...υυυηιιιυιιι
2857 5413 2911 5436 ιιι
2957 5413 3091 5440 rutu
3139 5413 3449 5451 ιιιαιιιεειι.ει

1883 5466 1945 5504 ex
1985 5452 2142 5509 Patre
2172 5472 2293 5514 esse
2325 5461 2587 5532 Spiritum
2612 5481 2824 5526 certum
2849 5474 2940 5537 sit,
2969 5477 3301 5536 mediatione
3328 5483 3449 5538 Filii

208 5519 346 5571 Υίοῦ
377 5524 653 5591 μεσιτείας
678 5529 772 5578 καὶ
791 5528 970 5596 ἑαυτῷ
992 5531 1051 5581 τὸ
1073 5533 1360 5600 μονογενὲς
1384 5535 1780 5608 φυλαττούσης,

205 5610 304 5662 καὶ
337 5611 397 5662 τὸ
430 5613 652 5684 Πνεῦμα
685 5619 783 5684 τῆς
823 5620 1058 5688 φυσικῆς
1120 5622 1253 5690 πρὸς
1284 5624 1374 5674 τὸν
1408 5626 1623 5695 Πατέρα
1657 5630 1781 5698 σχέ-

1879 5550 1934 5597 ct
1968 5545 2071 5599 sibi
2104 5546 2205 5617 ipsi
2246 5553 2584 5624 unigenitum
2611 5576 2996 5633 conservante,
3034 5579 3089 5623 et
3124 5570 3384 5639 Spiritum
3419 5591 3449 5629 a

1877 5638 2111 5694 naturali
2144 5642 2210 5696 ad
2242 5642 2456 5702 Patrem
2493 5650 2817 5712 habitudine
2849 5676 2956 5713 non
2993 5638 3265 5719 arcente.»
3297 5666 3453 5723 Alius

206 5717 351 5764 σεως
382 5704 456 5773 μὴ
485 5706 877 5778 ἀπειργούσης.
931 5712 1170 5782 Θάτερος
1210 5714 1263 5767 δὲ
1298 5717 1325 5767 ό
1374 5715 1775 5789 θεοφανέρωτος
1873 5739 1896 5777 a

220 5791 541 5830 Ἰιῖτ-σηνιιηηι
563 5800 621 5830 3..
652 5805 712 5830 -.ι
751 5804 911 5830 -:.--.-.
952 5806 1193 5830 n:n.__:
1234 5808 1423 5830 --μ-.-η
1460 5810 1475 5830 ι
1516 5826 1541 5830 4
1568 5811 1612 5830 ι.
1892 5817 1896 5830 ς

1873 5739 1901 5777 a
1934 5725 2041 5782 Deo
2086 5735 2463 5794 mauifestatus
2516 5742 2857 5815 Epiphanius
2894 5753 2946 5807 in
3002 5756 3139 5811 libro
3187 5760 3449 5830 Ancyram

220 5791 541 5863 Ἐπιφάνιος
562 5800 621 5850 ἐν
652 5805 714 5870 τῇ
750 5804 912 5855 αὑτοῦ
948 5806 1115 5876 βίϐλῳ
1135 5812 1196 5876 τῇ
1234 5808 1547 5881 καλουμένῃ
1568 5811 1767 5879 Ἀγκυ-

522 5894 788 5957 ΡΑτιιοι..
819 5900 906 5958 GR
965 5901 1169 5963 CNLl.

1872 5817 2017 5875 dicto
2043 5822 2109 5879 de
2142 5826 2331 5885 iisdem
2359 5833 2472 5888 haec
2503 5835 2667 5893 habet
2701 5856 2717 5896 :
2751 5843 2889 5898 «Sed
2917 5847 3116 5903 dixerit
3144 5853 3461 5922 quispiath

3022 5947 3093 6000 4.’
