4220 6444
770 357 906 422 1323

1980 348 2306 412 GEORGII
2349 348 2808 413 ΜΕΤΟΟΗΙΤᾹΞ

3862 354 4001 420 1321,

765 469 954 540 Itaque
985 469 1123 523 duos
1153 466 1385 522 dicimus
1414 478 1535 521 esse
1567 463 1767 528 Filios;
1808 482 1826 516 ι
1866 470 1979 518 tum
2010 462 2324 518 subiniert:
2358 465 2404 521 Α

2358 465 2404 521 Α
2437 464 2593 532 ρωτῷ
2629 465 2894 537 περὶτῶν
2926 467 3106 521 αὐτων
3137 467 3280 520 οῦτω
3313 469 3509 540 φησίν·
3536 487 3554 520 ι
3594 470 3732 524 Ἀλλ’
3757 472 3999 541 ὲρεῖτις,

773 583 792 616 ι
831 565 899 618 Et
935 561 1210 632 quomodo
1264 558 1616 630 unigenitus?
1654 577 1672 610 ι
1715 565 1768 610 et
1815 571 1939 625 qure
2005 564 2329 622 sequuntur.

773 675 791 707 ι
833 655 1083 708 Attamen
1119 662 1175 707 tu
1220 653 1346 722 quis
1379 666 1461 716 es,
1497 652 1589 720 qui
1625 665 1689 702 ex
1721 647 1952 702 adverso
1984 644 2332 700 ratiocinaris

767 748 920 802 Deo?
947 744 1189 814 Namque
1221 746 1266 799 si
1314 743 1506 798 Filium
1540 750 1732 802 vocat,
1764 739 1855 809 qui
1887 753 1951 791 ex
1991 738 2112 807 ipso
2141 746 2244 801 est,
2277 746 2332 790 et

767 839 1030 908 Spiritum
1080 849 1331 893 sanctum
1372 839 1463 906 qui
1495 837 1561 888 ab
1591 844 1840 902 utroque.
1896 849 1915 881 ι
1965 831 2065 883 Hic
2103 839 2330 898 uterque

764 947 885 986 esse
917 931 1134 1000 quidem
1166 947 1258 998 per
1283 933 1434 998 ponit
1467 928 1534 980 de
1577 926 1733 984 Filio.
1767 938 1862 992 per
1895 919 2090 974 Filium
2119 920 2327 979 dicens.

766 1024 859 1078 hic
886 1026 950 1076 ab
986 1038 1288 1090 usurpans,
1341 1022 1404 1072 ab
1451 1030 1689 1085 utroque.
1744 1015 1805 1067 Et
1857 1027 2023 1066 unum
2076 1012 2329 1078 idemque

761 1123 1058 1170 connotare
1103 1113 1522 1182 prmposrtiones
1553 1115 1617 1162 ab
1655 1118 1709 1162 et
1755 1123 1817 1158 ea:
1850 1119 2013 1159 nemo
2054 1104 2196 1156 ullus
2244 1111 2327 1154 est

761 1209 854 1275 qui
887 1206 1117 1260 dubitet.
1143 1205 1264 1258 Alio
1295 1203 1458 1257 etiam
1488 1202 1607 1254 loco
1645 1215 1707 1251 ex
1730 1208 1785 1251 et
1814 1213 1924 1267 per,
1954 1207 2208 1263 tanquam
2246 1196 2323 1246 in-

764 1297 1080 1352 differenter
1113 1310 1265 1363 atque
1301 1280 1576 1364 polleant,
1616 1301 1843 1357 uterque
1879 1289 1946 1342 de
1995 1287 2129 1340 Filio
2169 1301 2319 1338 assu-

767 1389 883 1441 mit.
919 1388 982 1440 Et
1017 1387 1454 1456 sapientissimus
1501 1382 1733 1452 Lyrillus
1778 1379 1888 1450 pari
1920 1377 2078 1432 modo
2105 1378 2321 1431 easdem

759 1494 1093 1548 componens
1123 1480 1174 1531 iu
1205 1478 1318 1531 suis
1347 1476 1414 1530 de
1441 1474 1549 1528 Deo
1570 1472 1915 1526 sermonibus
1936 1470 2003 1523 ad
2026 1468 2320 1522 Palladiqu

755 1572 826 1624 ita
862 1569 1098 1638 explicat
1125 1567 1428 1621 decernens
1457 1581 1470 1616 :
1509 1583 1528 1615 ι
1561 1562 1836 1616 Mutabilis
1867 1560 2019 1613 nullo
2057 1559 2219 1612 modo
2240 1566 2322 1611 est

755 1663 991 1732 Spiritus
1018 1671 1274 1724 sanctus;
1312 1659 1394 1712 vel
1419 1660 1461 1712 si
1495 1656 1778 1710 mutationi
1815 1653 2089 1707 obnoxius
2122 1660 2228 1713 est,
2253 1649 2320 1705 ad

2435 555 2648 610 Οὐκοῦν
2683 559 2776 612 δύο
2820 561 3001 629 φαμὲν
3039 557 3177 615 εἶναι
3229 563 3416 626 Υίούς·
3462 583 3480 613 ι
3539 560 3657 618 εἶτα
3707 566 3998 633 ἐπιφέρει·

2438 665 2457 698 ι
2495 649 2604 701 Καὶ
2637 651 2753 714 πῶς
2786 655 3118 723 μονογενήςς
3151 673 3169 706 ι
3210 656 3306 708 καὶ
3356 656 3589 726 ἐφεξῆς·
3629 675 3648 708 ι
3688 659 3899 712 Μενοῦν
3932 675 3997 724 γε

2436 743 2500 794 σὺ
2527 741 2610 804 τίς
2640 738 2692 794 εί
2719 746 2746 795 6
2764 744 3238 810 ἀντιλογιζόμενος
3262 745 3339 816 τῷ
3356 747 3509 816 Sed);
3538 751 3596 802 Et
3617 750 3726 819 γὰρ
3754 754 3844 802 τὸν
3876 751 3999 802 ΐὶδν

2431 832 2705 886 καλεϊιτὸν
2725 835 2782 890 ιε
2817 836 3005 898 αὑτοῦ.
3041 841 3102 890 τὸ
3127 838 3182 889 δὲ
3211 839 3366 906 ἅγιον
3403 839 3624 908 Πνεῦμα
3645 843 3703 893 τδ
3734 844 3862 913 παρ’
3886 845 3996 910 ἀμ-

2431 924 2698 992 φοτέρων.
2735 944 2754 976 ι
2801 926 3065 982 Ἐνταῦθα
3100 931 3198 1000 μὲν
3229 933 3506 1002 ἑκατέρων
3536 934 3563 985 6
3613 933 3712 1001 μὲν
3755 935 3856 1000 τὴν
3893 933 3994 985 διὰ

2428 1016 2647 1086 τίθησιν
2677 1019 2767 1070 ἐπὶ
2795 1021 2890 1073 τοῦ
2925 1023 3078 1086 Υίοῦ,
3103 1023 3190 1078 διὰ
3233 1024 3325 1076 τοῦ
3360 1025 3490 1078 Υίοῦ
3516 1025 3712 1092 λέγων,
3750 1028 3776 1077 6
3806 1027 3862 1078 δὲ
3893 1027 3994 1095 τὴν

2426 1106 2587 1172 παρὰ
2625 1111 2870 1172 φάσκων,
2903 1127 2923 1160 ι
2959 1114 3090 1178 παρ’
3129 1115 3476 1184 ἀμφοτέρων.
3509 1134 3527 1166 ι
3569 1118 3678 1168 Καὶ
3707 1116 3779 1178 ὡς
3809 1117 3865 1168 ἓν
3899 1117 3993 1168 καὶ

2425 1197 2485 1246 τὸ
2520 1197 2653 1249 αὐτὸ
2699 1200 2921 1269 ήπαρὰ
2972 1204 3066 1255 καὶ
3119 1205 3151 1270 ἡ
3190 1205 3279 1268 ἐκ,
3317 1208 3345 1258 6
3381 1205 3738 1274 ἁμφιϐἀλλων
3789 1210 3988 1270 οὖδείς.

2438 1286 2727 1357 ’Δλλαχόσε
2773 1292 2828 1344 δὲ
2858 1293 2956 1361 τὴν
2984 1294 3053 1346 ἐκ
3101 1298 3195 1347 καὶ
3235 1296 3332 1350 διὰ
3381 1299 3474 1349 ἐπὶ
3505 1299 3599 1350 τοῦ
3632 1299 3760 1350 Υίοῦ
3785 1299 3992 1368 λαμϐα-

2424 1396 2573 1430 νουσι
2600 1383 2694 1433 καὶ
2725 1383 2911 1451 ἄμφω,
2939 1385 3014 1447 ὡς
3040 1387 3465 1456 ίσοδυναμούσας
3519 1391 3846 1458 ἀδιαφόρως.
3882 1392 3991 1442 Καὶ

2424 1472 2692 1541 Κύριλλος
2743 1479 2771 1528 6
2803 1479 3134 1546 σοφώτατος,
3183 1479 3356 1543 οὕτως
3408 1484 3578 1545 αὐτας
3629 1484 3898 1544 συντιθεὶς
3931 1486 3992 1535 ἐν

2421 1567 2533 1627 τοῖς
2561 1567 2844 1637 σφετέροις
2873 1572 3002 1639 περὶ
3025 1571 3159 1625 Θεοῦ
3187 1573 3386 1640 λόγοις,
3424 1575 3483 1626 ὲν
3512 1578 3624 1637 τοῖς
3655 1575 3788 1644 πρὸς
3840 1576 3990 1627 Παλ-

2421 1657 2603 1711 λάδιον
2630 1659 2772 1712 οὕτω
2801 1660 3057 1731 διασαφεῖ
3082 1665 3425 1733 δογματίζων
3447 1681 3462 1695 ο
3493 1684 3512 1715 ο
3551 1666 3799 1734 Τρεπτὸν
3817 1666 3879 1717 οῦ
3905 1668 3987 1716 τοί

753 1755 926 1822 ipsam
968 1753 1204 1807 divinam
1241 1763 1491 1804 naturam
1516 1747 1843 1817 vituperatio
1875 1753 2140 1808 recurret,
2167 1744 2211 1796 si
2233 1751 2316 1795 est
2353 1792 2392 1846 Β

2353 1792 2392 1846 Β
2424 1769 2526 1846 που
2692 1754 2914 1823 Πνεῦμα
2947 1759 3124 1808 ἐστιν’
3151 1757 3182 1824 ἢ
3225 1760 3386 1827 εἰπερ
3427 1757 3489 1811 τὸ
3517 1759 3812 1827 τρέπεσθαι
3842 1763 3988 1811 νοσεῖ

757 1848 851 1901 Dei
882 1857 935 1900 et
956 1845 1148 1909 Patris,
1175 1859 1389 1898 necnon
1414 1851 1468 1895 et
1498 1841 1621 1895 Filii
1650 1839 2016 1894 essentialiter
2038 1852 2102 1889 ex
2132 1836 2317 1887 ambo-

753 1947 878 2001 bus,
915 1955 979 1992 cx
1014 1939 1170 1990 l‘atre
1200 1949 1396 2003 netnpe
1427 1949 1520 2002 per
1549 1931 1744 1984 Filium
1791 1929 2045 1998 profusus
2083 1926 2316 1996 Spiritus

751 2042 991 2085 sanctus.
1035 2048 1052 2077 ι
1091 2027 1215 2080 Περ
1250 2027 1406 2096 plane
1436 2024 1608 2077 divini
1656 2021 1903 2076 veritatis
1945 2029 2318 2090 propugnato-

749 2138 840 2176 res
862 2161 875 2185 ,
906 2122 974 2175 de
1002 2118 1234 2173 naturali
1295 2126 1349 2171 et
1388 2115 1722 2185 sempiterno
1757 2115 2039 2180 utriusque
2069 2126 2316 2181 persona:

750 2227 1041 2284 progressu
1067 2251 1079 2276 ,
1109 2225 1408 2280 eorumque
1436 2206 2002 2263 consubstantialitate
2032 2213 2088 2258 et
2114 2219 2318 2259 conna-

743 2304 1021 2359 turalitate
1053 2303 1210 2372 longe
1257 2301 1435 2356 missis
1464 2299 1710 2354 erroneis
1737 2312 1932 2352 vocum
1981 2296 2316 2350 novitatibus

751 2399 1004 2452 edocent.

821 2587 872 2638 7.
909 2585 978 2638 Et
1005 2596 1229 2652 prorsus
1267 2581 1310 2634 si
1344 2581 1547 2642 dicant,
1595 2578 1688 2647 qui
1739 2586 1930 2632 contra
1981 2588 2103 2630 sese
2148 2576 2312 2630 etiam

750 2675 1070 2730 clarissimis
1099 2681 1400 2743 opponunt,
1427 2672 1719 2725 dictionem
1754 2668 1988 2739 procedit
2018 2667 2186 2720 alium
2215 2683 2312 2720 ex-

749 2769 1009 2823 sistentiae
1043 2767 1258 2820 modum
1288 2766 1633 2819 denotantcm
1663 2763 1730 2815 ab
1764 2776 1850 2824 eo,
1887 2776 2048 2829 quem
2101 2759 2313 2813 indicat

747 2863 1035 2933 generatio,
1093 2859 1298 2912 similes
1347 2873 1538 2911 vocum
1574 2857 1844 2912 novitates
1881 2853 2160 2923 repellere,
2194 2868 2312 2907 cere

747 2955 1036 3010 titudinetu
1088 2953 1235 3004 enim
1293 2950 1435 3003 dicta
1484 2950 1652 3018 magis
1700 2946 2004 3014 acquirent,
2062 2961 2170 2998 non
2213 2946 2312 2998 de-

747 3058 978 3106 struent.
1007 3047 1141 3101 Cum
1172 3045 1628 3110 diviniloquorum
1670 3040 1885 3093 traditio
1929 3039 1999 3092 sit
2020 3076 2033 3099 ,
2066 3046 2177 3090 tum
2211 3052 2302 3090 ex-

2421 1843 2506 1895 ὲπ’
2536 1845 2728 1915 αὐτὴν,
2759 1849 2786 1898 6
2821 1847 3012 1916 μῶμος
3050 1849 3446 1919 ἀναδραμείται
3477 1851 3574 1920 τὴν
3615 1850 3763 1902 θείαν
3797 1851 3986 1916 φύσιν,

2418 1935 2575 2007 εἴπερ
2619 1939 2736 1990 ἐστὶ
2773 1939 2866 1991 τοῦ
2915 1940 3052 1992 Θεοῦ
3084 1943 3178 1994 καὶ
3216 1940 3427 2011 Πατρὸς
3470 1945 3563 1994 καὶ
3610 1943 3716 2012 μὴν
3757 1945 3849 1994 καὶ
3888 1942 3986 1994 τοῦ

2419 2026 2549 2080 Υίοῦ
2577 2029 2638 2080 τὸ
2677 2029 2734 2096 ἐξ
2788 2032 2992 2100 ἀμφοῖν
3050 2033 3344 2096 οὑσιωδῶς,
3395 2034 3562 2102 ῆγουν
3589 2035 3650 2086 ὲκ
3687 2034 3890 2099 lla-:96;
3917 2035 3984 2085 δι’

2418 2117 2549 2170 Υἱοῦ
2583 2119 2951 2189 προχεόμενον
2983 2121 3140 2190 ἆγιον
3171 2122 3417 2192 Πνεῦμα.
3456 2143 3474 2174 ι
3531 2125 3769 2177 Τοιαῦτα
3803 2126 3905 2192 μὲν
3934 2124 3984 2174 οἱ

2417 2211 2513 2278 τῆς
2535 2211 2790 2280 ἀληθείας
2821 2215 3119 2282 προήγοροι
3163 2215 3299 2268 θεῖοι
3341 2216 3582 2283 Πατέρες
3611 2220 3734 2285 περὶ
3766 2217 3863 2284 τῆς
3885 2233 3986 2282 φυ.

2419 2305 2577 2374 σικῆς
2608 2307 2936 2376 ἀμφοτέρων
2990 2308 3300 2377 προσώπων
3349 2309 3520 2361 ἀϊδίου
3571 2310 3820 2378 προόδου,
3887 2311 3984 2360 καὶ

2415 2397 2515 2466 τῆς
2565 2401 2713 2465 σφῶν
2765 2401 3181 2470 όμοουσιότητος
3233 2402 3326 2453 καὶ
3377 2402 3654 2472 συμφυΐας
3686 2418 3984 2471 μυσταγω-

2414 2493 2596 2560 γοῦσι,
2618 2493 2714 2554 τὰς
2746 2494 3064 2562 ἐπισφαλεῖς
3097 2497 3461 2564 καινοφωνίας
3483 2497 3943 2565 ἀποτρεπόμενοι.

2487 2585 2550 2645 ζ’.
2582 2586 2691 2638 Καὶ
2718 2588 2766 2637 εί
2790 2589 3006 2648 πάντως
3037 2584 3255 2656 ἐροῦσιν
3275 2588 3322 2639 οἱ
3357 2588 3577 2650 καὶτοῖς
3606 2587 3788 2655 ἄκρως
3813 2604 3984 2639 κατα-

2415 2671 2641 2738 φανέσιν
2671 2673 2985 2743 ἀντίρροποι
3005 2714 3020 2738 ,
3056 2678 3132 2736 ὡς
3159 2677 3190 2744 ἡ
3221 2676 3602 2743 ἐκπορεύεται
3651 2677 3791 2742 λέξις
3821 2677 3982 2730 ἄλλον

2412 2762 2612 2830 τρόπον
2645 2762 2932 2829 ὑπάρξεως
2989 2765 3228 2833 δηλοῦσα
3281 2769 3432 2836 παρὰ
3482 2769 3582 2837 τὴν
3614 2769 3869 2837 γέννησιν
3912 2770 3982 2820 τὰ

2411 2853 2591 2906 τοιάδε
2630 2854 2736 2907 τῶν
2759 2859 3260 2928 καινοφωνημάτων
3292 2859 3748 2925 ἀποσκευάζεται,
3777 2860 3981 2911 πιστώ·

2414 2963 2595 3000 σονται
2622 2948 2730 3016 γὰρ
2765 2948 2845 3000 ἔτι
2876 2949 2944 3001 τὰ
2968 2949 3265 3019 λελεγμένα
3291 2930 3508 3021 μᾶλλον,
3534 2955 3634 3005 οὐκ
3655 2953 3982 3021 ἀναιρήσου-

2413 3056 2518 3094 σιν.
2544 3042 2712 3096 ζΕπεὶ
2742 3043 3070 3111 παραδόσεις
3095 3046 3201 3096 τῶν
3249 3044 3525 3113 θεηγόρων
3557 3045 3590 3114 ἥ
3622 3061 3680 3096 τε
3707 3045 3979 3111 διασάφη-

745 3141 946 3210 positio
971 3139 1134 3200 illius,
1169 3136 1358 3190 Filium
1407 3134 1721 3188 immediate
1749 3147 1815 3184 ex
1843 3131 2000 3183 Patre
2037 3144 2180 3201 esse,
2214 3144 2306 3198 per
2335 3124 2376 3180 C

2335 3124 2376 3180 C
2416 3150 2500 3195 σις
2538 3134 2648 3200 τοῦ
2678 3134 2768 3185 τὸν
2804 3134 2929 3186 Υίὸν
2959 3137 3178 3201 ἀμέσως
3212 3138 3275 3189 ἐκ
3305 3139 3514 3207 Πατρὸς
3537 3135 3697 3202 εἶναι,
3745 3139 3816 3190 δι’
3847 3137 3979 3191 Υίοῦ

746 3232 942 3288 Filium
975 3247 1104 3286 vero
1133 3230 1391 3299 Spiritum
1426 3237 1698 3289 sanctum,
1730 3235 1784 3279 et
1814 3227 1880 3279 ab
1905 3237 2136 3292 utroque
2164 3237 2306 3284 esse,

745 3326 901 3379 Patre
939 3337 1131 3390 nempe
1165 3331 1217 3374 ct
1256 3319 1392 3373 Filio
1417 3317 1780 3378 Paracletutn,
1814 3325 1928 3370 tum
1960 3315 2106 3368 vocis
2131 3328 2312 3382 proce-

748 3418 823 3469 dit
853 3413 1171 3469 enuntiatio.
1208 3413 1274 3465 Et
1314 3412 1414 3464 bac
1442 3411 1646 3463 ratioiie
1679 3409 1958 3476 expositus
1998 3406 2306 3459 divinarum

749 3510 1112 3576 liypostascon
1175 3518 1493 3573 progressus
1520 3542 1534 3563 ,
1570 3502 1963 3569 sempiternum
1999 3500 2052 3552 in
2084 3514 2142 3553 se
2172 3514 2301 3552 con-

744 3603 901 3664 tinet,
932 3607 984 3650 et
1014 3612 1172 3666 super
1207 3611 1365 3648 omne
1415 3607 1628 3663 tempus
1650 3633 1668 3656 ,
1699 3607 1818 3662 qua
1856 3606 1987 3646 vero
2019 3593 2304 3661 sempiter-

744 3709 868 3746 naru
912 3693 1049 3745 hanc
1078 3706 1189 3742 rem
1225 3688 1393 3741 dictio
1426 3696 1595 3752 notat,
1631 3685 2140 3755 tempu‘simportat,
2184 3693 2304 3738 tan-

742 3799 905 3852 quam
947 3795 1066 3850 qua:
1109 3779 1390 3848 positionis
1437 3779 1641 3832 vocalis
1680 3777 1983 3830 enuntiatio
2012 3777 2100 3841 sit,
2138 3791 2304 3844 prop-

745 3885 889 3927 terea
937 3873 1028 3942 qui
1073 3886 1191 3925 eam
1229 3878 1528 3940 posuerunt
1579 3868 1770 3921 deilcri
1821 3869 1874 3920 in
1909 3867 2087 3921 divina
2119 3867 2303 3937 gratiae

745 3968 1048 4036 Scriptura,
1078 3967 1129 4018 in
1164 3962 1496 4031 tbeologicis,
1524 3970 1580 4014 ut
1601 3961 1708 4030 jam
1736 3960 1936 4012 dictum
1968 3968 2073 4024 est,
2108 3957 2305 4011 conﬁr-

745 4061 882 4113 mari
913 4058 1212 4121 studentes,
1255 4068 1628 4122 saepenumero
1655 4051 1872 4119 quidem
1906 4051 2203 4120 procedere
2233 4051 2302 4104 de

745 4152 926 4214 Patre,
959 4161 1019 4202 ut
1054 4147 1313 4201 traditum
1353 4154 1469 4208 est,
1521 4144 1576 4196 in
1615 4143 1801 4197 divino
1843 4141 2156 4214 Evangelio,
2206 4158 2303 4211 po-

745 4256 902 4306 nunt,
934 4243 1060 4294 licet
1086 4240 1248 4293 etiam
1293 4237 1359 4291 de
1397 4236 1532 4290 Filio
1565 4237 1889 4305 quandoque
1919 4236 2021 4290 hoc
2048 4236 2211 4300 idem,
2247 4237 2298 4288 in

742 4336 942 4404 quibus
990 4330 1258 4399 reperitur
1297 4345 1392 4398 pcr
1435 4327 1652 4390 Filium,
1679 4329 1926 4381 crebrius
1960 4342 2086 4399 vero
2120 4327 2174 4380 in
2219 4327 2302 4380 di-

2411 3227 2465 3279 δὲ
2522 3228 2582 3279 τὺ
2642 3227 2864 3296 Πνεῦμα
2894 3230 2952 3278 τδ
2994 3229 3172 3295 ἅγιον,
3206 3230 3296 3281 καὶ
3320 3228 3416 3282 τοῦ
3462 3229 3593 3299 παρ’
3649 3229 3979 3299 ἀμφοτέρων

2411 3315 2547 3371 εἶναι
2579 3319 2789 3388 Πατρός
2815 3338 2873 3371 τε
2908 3323 3000 3372 καὶ
3033 3320 3163 3372 Υίοῦ
3214 3321 3303 3372 τὸν
3335 3298 3711 3391 Παρακλητον,
3741 3323 3835 3374 καὶ
3873 3321 3978 3389 τῆς

2407 3412 2786 3478 ἐκπορεύεται
2821 3412 3017 3475 λέξεως
3049 3415 3081 3482 ή
3109 3412 3440 3482 ὲκφώνησις.
3476 3414 3582 3465 Καὶ
3625 3415 3657 3483 ἠ
3691 3413 3791 3482 μὲν
3832 3413 3978 3465 οὕτω

2406 3505 2850 3574 διευκρινουμένη
2903 3504 3126 3573 πρόοδος
3156 3505 3265 3558 τῶν
3299 3504 3498 3557 θεῖκῶν
3533 3505 3888 3558 ὑποστάσεων
3916 3506 3978 3557 τὸ

2411 3593 2869 3665 πῳαιώνιονιχει
2900 3597 2991 3648 καὶ
3015 3598 3075 3648 τὸ
3110 3595 3444 3666 ὖπέρχρονον
3461 3613 3475 3626 ·
3509 3598 3542 3666 ἡ
3567 3597 3623 3649 δὲ
3647 3596 3749 3664 τῆς
3774 3597 3976 3648 ἀῖδιου-

2411 3688 2575 3756 μένης
2599 3688 2758 3754 τῆσδε
2780 3687 3090 3756 σημαντικὴ
3111 3687 3251 3751 λέξις
3273 3690 3332 3740 τὸ
3353 3687 3607 3758 ἔγχρονοη
3627 3690 3975 3759 ἐπιφέρεται,

2408 3780 2610 3837 θέσεως
2633 3779 2708 3840 ὡς
2735 3775 2869 3832 οὖσα
2898 3781 3215 3848 φωνητικῆς
3238 3786 3509 3849 προφορα,
3536 3781 3620 3848 ἐφ’
3719 3781 3814 3831 καὶ
3843 3780 3975 3832 ταύ-

2404 3888 2502 3941 την
2531 3873 2577 3924 οἱ
2609 3872 2823 3939 θέμενοι
2853 3871 3098 3941 θεοφόροι
3133 3874 3199 3942 τῇ
3247 3875 3346 3942 τῆς
3374 3874 3595 3942 χάριτος
3626 3873 3745 3943 θείᾳ
3782 3872 3973 3942 Γραφῇ

2404 3966 2496 4017 ἐπὶ
2531 3968 2617 4034 τῇ.
2669 3965 2742 4026 ὡς
2773 3965 2992 4036 ἐρρέθη,
3023 3965 3269 4036 θεολογίᾳ
3323 3965 3568 4023 θέλοντες
3602 3964 3971 4035 ὲδραιοιῖσθαι,

2406 4059 2614 4129 συχνῶς
2645 4058 2741 4128 μὲν
2768 4059 2825 4110 τὸ
2852 4057 3246 4124 ἐκπορεύεσθαι
3263 4057 3503 4110 τιθέασιν
3525 4059 3620 4112 ἐπὶ
3637 4057 3729 4109 τοῦ
3759 4059 3972 4127 Πατρὸς

2403 4150 2478 4212 ὡς
2506 4149 2583 4220 τῷ
2623 4150 2750 4219 θείῳ
2773 4149 3191 4220 διηγορευμένον
3222 4147 3393 4210 οῦτως
3431 4147 3767 4216 Εὐαγγελίῳ,
3787 4147 3836 4200 εί
3877 4151 3974 4202 καὶ

2403 4244 2497 4295 ἐπὶ
2525 4241 2618 4294 τοῦ
2641 4239 2770 4293 Υίοῦ
2813 4241 2981 4293 ἐνίοτε
3005 4241 3065 4294 τὸ
3089 4240 3239 4302 αὐτὸ,
3294 4242 3351 4292 ὲν
3376 4238 3456 4302 οίς
3493 4240 3599 4308 ἄρα
3625 4240 3684 4293 τὸ
3714 4240 3782 4292 δι’
3811 4239 3968 4304 Υῑοῦ,

2404 4333 2803 4396 πλεοναζόντως
2832 4333 2887 4385 δὲ
2919 4335 3031 4393 τοῖς
3059 4350 3077 4383 ι
3109 4333 3167 4396 ἐξ
3193 4331 3322 4384 Υίοῦ
3361 4351 3383 4384 ι
3416 4350 3475 4384 τε
3513 4333 3607 4384 καὶ
3641 4351 3658 4382 ι
3684 4334 3752 4385 δι’
3784 4332 3922 4408 Υίοῦ,
3947 4352 3966 4381 ι

742 4426 1034 4486 ctionibus,
1069 4441 1086 4472 ι
1112 4436 1177 4475 ex
1208 4420 1364 4482 Filio,
1392 4439 1408 4470 ι
1437 4429 1512 4482 et,
1545 4438 1562 4470 ι
1600 4434 1694 4488 per
1717 4419 1930 4483 Filium,
1961 4436 1979 4468 ι
2000 4433 2082 4473 ιοι
2111 4418 2296 4472 eadem
2331 4454 2377 4512 θ
2407 4481 2408 4490 χ

2331 4454 2377 4512 θ
2407 4426 2617 4494 ῥήσεων
2644 4427 2708 4477 ὲκ
2743 4424 2849 4475 τῶν
2880 4425 2976 4490 τῆς
3006 4424 3176 4492 αὐτῆς
3207 4424 3359 4491 ἱερᾶς
3407 4423 3627 4492 Γραφῆς
3673 4423 3772 4493 τὴν
3798 4423 3971 4491 αὐτὴν

740 4533 894 4572 sacra
935 4515 1252 4582 Scriptura,
1287 4527 1454 4564 unum
1492 4513 1743 4580 idemque
1781 4512 2141 4580 signiﬁcatum
2172 4526 2296 4564 cum
2403 4535 2406 4565 τ

2403 4517 2497 4569 καὶ
2532 4516 2660 4586 μίαν
2700 4515 2972 4584 σημασίαν
3000 4514 3078 4584 τῷ
3115 4513 3472 4584 ἐκπορεύεται
3507 4514 3844 4566 διδάσκουσιν
3869 4514 3969 4583 ἑμ-

741 4611 834 4662 illo
859 4607 1149 4675 procedere
1175 4604 1348 4672 palam
1385 4603 1634 4666 edocent,
1661 4612 1770 4654 tum
1791 4618 1856 4655 ex
1889 4603 1976 4664 iis,
2011 4621 2029 4652 ι
2062 4600 2300 4670 Spiritus

749 4701 1010 4759 veritatis,
1048 4697 1281 4766 Spiritus
1312 4693 1453 4758 F-ilii,
1487 4695 1722 4764 Spiritus
1748 4694 1949 4748 Christi
1976 4731 1995 4757 ,
2031 4711 2048 4743 ι
2078 4700 2193 4745 tum
2231 4707 2298 4745 ex

742 4794 848 4846 alio
881 4805 895 4840 :
936 4791 1042 4844 «Ex
1068 4803 1186 4841 meo
1219 4788 1500 4856 accipiet,»
1531 4795 1584 4839 et
1619 4786 1860 4855 reliquis,
1897 4800 2020 4838 cum
2055 4786 2166 4838 sint
2196 4785 2299 4853 ips:

744 4884 1018 4953 Evangelii
1047 4890 1250 4952 mystae,
1283 4890 1337 4934 et
1366 4880 1659 4950 mystagogi
1680 4920 1694 4943 ,
1733 4887 1896 4948 atque
1929 4878 2294 4948 hieromystae.

741 4981 931 5047 Itaque
959 4991 1235 5030 sacrorum
1273 4977 1538 5042 interpres
1577 4974 1877 5043 Nyssenus,
1908 4973 1962 5025 in
1989 4973 2294 5027 orationetn

740 5068 1076 5124 Dominicam
1111 5066 1350 5127 homilia,
1384 5066 1459 5118 ait
1496 5083 1508 5116 :
1543 5084 1560 5116 ι
1604 5063 1922 5134 Unigenitus
1957 5064 2101 5117 enim
2128 5062 2298 5118 Filius

738 5179 804 5215 ex
841 5162 1001 5215 Patre
1037 5173 1066 5211 a
1093 5158 1273 5212 divina
1305 5157 1581 5226 Scriptura
1600 5167 1977 5224 nuncupatur,
2015 5171 2116 5209 nec
2155 5156 2295 5209 ultra

738 5251 914 5306 oratio
958 5249 1338 5319 proprietatem
1373 5248 1517 5301 illius
1548 5249 1791 5301 extendit
1836 5263 1850 5301 :
1903 5246 2139 5316 Spiritus
2174 5263 2300 5302 vero

735 5353 959 5401 sanctus
987 5353 1042 5397 et
1062 5357 1125 5396 ex
1151 5341 1310 5394 Patre
1339 5340 1557 5402 dicitur,
1581 5353 1637 5393 et
1675 5354 1739 5391 ex
1780 5338 1917 5391 Filio
1948 5353 2067 5392 esse
2098 5340 2300 5393 astrui-

735 5449 844 5502 tur,
891 5455 909 5486 i
942 5435 1231 5502 statimque
1262 5433 1313 5486 id
1343 5431 1741 5500 comprobans,
1768 5431 1953 5485 subdit
1998 5448 2010 5483 :
2067 5427 2126 5484 Si
2183 5432 2299 5501 quia

734 5530 992 5598 Spiritum
1009 5525 1199 5581 Christi
1216 5541 1316 5578 non
1331 5524 1504 5587 habet,
1522 5525 1615 5580 ait.
1629 5523 1712 5575 hic
1727 5539 1831 5575 non
1845 5531 1917 5576 est
1932 5523 2045 5588 eius
2057 5518 2099 5574 ⁸.
2128 5522 2199 5591 lgi
2210 5533 2261 5576 tu
2273 5538 2296 5575 r

735 5621 984 5686 Spiritus,
1023 5619 1113 5688 qui
1163 5633 1228 5671 ex
1271 5617 1378 5671 Deo
1413 5626 1535 5680 est,
1568 5626 1621 5670 et
1646 5615 1844 5670 Christi
1897 5612 2131 5684 Spiritus
2177 5625 2283 5669 est.

733 5711 904 5766 Filius
933 5725 1141 5765 veroex
1163 5707 1274 5763 Deo
1307 5708 1593 5776 cxsistens,
1619 5724 1725 5762 non
1774 5707 1975 5762 dicitur
2008 5722 2183 5766 neaue
2206 5722 2289 5766 est

801 5807 822 5837 ⁸
846 5802 1006 5853 Rom.
1035 5818 1150 5854 vnt.
1180 5804 1233 5854 9.

2403 4608 2607 4676 φανῶς,
2640 4608 2701 4660 ἐκ
2734 4625 2788 4660 τε
2821 4608 2942 4676 τῆς,
2975 4624 2993 4657 ι
3018 4605 3238 4676 Πνεῦμα
3260 4606 3537 4676 ἀληθείας,
3561 4606 3782 4672 Πνεῦμα
3829 4607 3882 4657 ι’⁴
3913 4605 3966 4669 ῦ,

2405 4700 2627 4768 Πνεῦμα
2653 4699 2912 4769 Χριστοῦ,
2949 4718 2968 4749 ι
2999 4697 3063 4750 ἑκ
3096 4715 3155 4750 τε
3181 4701 3299 4766 τῆς,
3329 4716 3347 4749 ι
3391 4696 3487 4750 Ἐκ
3512 4695 3603 4748 τοῦ
3635 4697 3768 4764 ἐμοῦ
3800 4696 3966 4764 λήψες

2402 4809 2516 4854 ται,
2544 4810 2562 4842 ι
2589 4791 2682 4844 καὶ
2704 4791 2926 4854 λοιπῶν,
2965 4790 3118 4843 αὐτοὶ
3143 4789 3237 4841 τοῦ
3269 4787 3600 4856 Εὑαγγελίου
3629 4790 3852 4856 μύσται,
3874 4789 3969 4838 καὶ

2406 4883 2776 4953 μυσταγωγοὶ,
2797 4882 2888 4935 καὶ
2912 4883 3228 4950 ἱερομύσται
3249 4881 3626 4948 τυγχάνοντες.
3665 4879 3830 4945 Τοιγα
3840 4879 3968 4948 ροῦν

2403 4975 2431 5026 6
2469 4975 2802 5043 ίεροφάντωρ
2862 4973 3080 5043 Νύσσης
3133 4975 3189 5025 ὲν
3219 4974 3282 5041 τῇ
3332 4974 3411 5033 εἰς
3439 4970 3520 5034 τὸ,
3563 4972 3742 5039 Πάτερ
3785 4971 3968 5038 ἡμῶν,

2403 5067 2588 5134 ὁμιλία
2615 5067 2809 5134 φησιν’
2854 5083 2871 5115 ι
2911 5063 2969 5116 '0
2992 5065 3098 5134 γὰρ
3140 5064 3433 5132 μονογενὴς
3477 5063 3600 5124 Υἱὸς
3638 5064 3700 5114 ὲκ
3723 5061 3816 5115 τοῦ
3854 5064 3967 5114 Πα-

2404 5158 2530 5225 τρδς
2560 5157 2709 5225 παρὰ
2748 5155 2844 5222 τῆς
2873 5154 3018 5217 θείας
3047 5154 3266 5223 Γραφῆς
3297 5153 3641 5221 ὀνομάζεται,
3677 5153 3769 5204 καὶ
3801 5154 3966 5220 μέχρι

2399 5252 2588 5300 τούτου
2615 5249 2642 5299 6
2667 5248 2822 5315 λόγος
2844 5247 3054 5314 ἵστησιν
3079 5244 3226 5312 αὑτῷ
3259 5244 3318 5296 τὸ
3363 5244 3560 5311 ἰδίωμα
3581 5259 3594 5272 ·
3629 5243 3690 5294 τὺ
3719 5242 3775 5294 δὲ
3807 5243 3968 5306 ἅγιον

2404 5339 2626 5409 Πνεῦμα
2653 5340 2747 5391 καὶ
2779 5340 2843 5390 ὲκ
2885 5337 2979 5389 τοῦ
3007 5336 3212 5406 Πατρδς
3241 5336 3480 5401 λέγεται,
3505 5337 3595 5387 καί
3625 5336 3688 5386 ὲκ
3708 5333 3801 5385 τοῦ
3836 5332 3965 5385 Υἱοῦ

2397 5430 2534 5485 εἶναι
2559 5432 3083 5502 προσμαρτυρεῐταιο
3112 5447 3130 5480 ι
3155 5430 3248 5484 καὶ
3267 5427 3545 5497 παρευθὺς
3572 5427 3767 5492 ἐπάγει
3797 5441 3968 5476 κατα-

2400 5523 2677 5587 σκευάζων
2697 5563 2711 5586 ,
2749 5524 2820 5576 Et
2861 5520 2969 5590 γάρ
2993 5538 3081 5586 τις
3103 5518 3343 5588 Πνεῦμα
3388 5515 3648 5583 Χριστοῦ
3675 5517 3788 5568 οὐκ
3814 5515 3963 5582 ἔχει,

2401 5619 2586 5685 φησιν,
2629 5610 2806 5679 οὗτος
2857 5616 2969 5667 οὐκ
3021 5614 3194 5667 ἐστιν
3248 5611 3454 5666 αὑτοῦ.
3511 5607 3719 5662 Οὐκοῦν
3764 5607 3822 5659 τὸ
3864 5607 3963 5675 μὲν

2404 5710 2624 5783 Πνεῦμα
2643 5712 2705 5763 τὸ
2737 5712 2799 5762 ὲκ
2832 5708 2924 5761 τοῦ
2953 5705 3088 5759 Θεοῦ
3138 5705 3230 5758 καὶ
3261 5702 3493 5773 Χριστοῦ
3526 5700 3749 5771 Πνεῦμὰ
3779 5702 3961 5752 ἔστιν’
