4220 6444
250 389 386 450 1325

1233 399 1527 459 CONTRA
1569 405 1621 464 Μ
1635 403 1994 471 ANUELEM
2032 412 2507 476 CRETENSEM.

3365 425 3384 488 ι
3395 429 3496 493 326

240 500 268 549 ό
301 497 358 550 δὲ
392 498 543 562 Υἱὸς,
566 499 628 553 ὲκ
651 501 742 553 τοῦ
770 500 905 554 Θεοῦ
929 502 1023 562 ὢν.
1051 503 1233 558 οὐκέτι
1269 509 1362 560 καὶ
1392 509 1484 560 τοῦ
1512 512 1809 581 Πνεῦματος

1855 529 1899 585 Α
1933 516 2216 587 Spiritus:
2260 536 2439 592 neque
2491 523 2639 578 enim
2687 544 2876 585 contra
2925 529 3152 584 vertitur
3204 530 3496 594 babitualis

237 590 366 641 οὕτε
424 592 596 656 ἐστὶν,
637 591 761 646 οὐτε
802 596 1049 661 λέγεται·
1107 599 1227 651 οὐδὲ
1260 602 1603 672 ἀντιστρέφει
1633 607 1665 674 ὴ
1699 623 1821 674 σχε-

236 684 366 749 τικὴ
418 683 707 735 ἀκολουθία
755 683 914 756 αῦτη.
955 707 974 738 ι
1055 687 1282 757 Ἐφεξῆς
1336 691 1391 742 δὲ
1423 695 1671 762 χρήσεων
1719 697 1819 748 οὐκ

235 770 440 835 ὀλίγων
474 774 649 825 οὐσῶν
685 776 910 845 ἐτέρων,
935 776 992 830 αἳ
1025 780 1122 850 τὴν
1149 782 1319 852 αὐτὴν
1345 783 1580 837 διάνοιαν
1611 788 1674 837 ὲκ
1708 788 1818 839 τῶν

235 863 744 934 προεκτεθειμένων
777 869 969 934 φωνῶν
1019 875 1476 940 παριστάνουσιν,
1513 876 1655 938 ἐνίας
1695 879 1818 930 σκέ-

231 950 362 1018 ψεσι
396 955 517 1014 ταῖς
571 957 882 1024 ἔμπροσθεν
941 961 1069 1022 ἴσως
1117 964 1570 1034 παραληψόμεθα,
1619 969 1814 1030 ἐῶντες

235 1044 471 1112 ἀρτίως,
505 1045 592 1098 ἵνα
633 1048 709 1116 μὴ
745 1049 838 1101 ἐπὶ
884 1053 996 1113 τοῖς
1035 1052 1218 1115 αὐτοῖς
1249 1055 1339 1107 τὸν
1371 1056 1527 1124 λόγον
1563 1058 1817 1128 μηκύνω-

234 1153 360 1202 μεν,
398 1135 536 1205 πλὴν
567 1139 632 1190 ὲκ
672 1141 779 1191 τῶν
806 1141 1063 1211 ἀμυδρῶς
1112 1144 1512 1214 διειλημμένων
1530 1148 1590 1202 τὸ
1621 1167 1812 1204 ταυτο-

232 1228 475 1296 δύναμον
511 1229 620 1282 τῶν
668 1231 864 1298 λέξεων
902 1234 1282 1294 διαδείκνυται.
1340 1239 1549 1294 Ὀθενό
1581 1242 1815 1311 χαριτώ-

228 1334 399 1385 νυμος
443 1318 892 1392 Χρυσοορῤἡμων
947 1327 1005 1376 ἐν
1037 1326 1114 1395 τῷ
1169 1329 1250 1387 είς
1303 1330 1401 1396 τὴν
1436 1331 1808 1404 Πεντηκοστὴν

225 1407 397 1458 αὐτοῦ
437 1409 578 1479 λόγῳ
605 1410 856 1475 διέξεισιν
881 1415 1080 1468 οὑτωσί
1104 1431 1117 1444 ⁸
1153 1436 1172 1468 ι
1207 1419 1301 1480 Τίς
1329 1419 1383 1472 δὲ
1407 1423 1438 1490 ὴ
1468 1421 1694 1490 δύναμις
1714 1424 1808 1478 τοῦ

223 1499 651 1566 ἐκπορε-ύεταις
679 1501 796 1554 Ἰνα
824 1506 882 1556 τὸ
914 1504 1014 1574 τῆς
1035 1509 1338 1576 γεννήσεως
1371 1511 1542 1580 ὄνομα
1567 1515 1806 1587 παρέλθῃ

222 1589 258 1655 ἡ
292 1586 508 1658 Γριφὴ,
545 1589 633 1642 ἵνα
665 1592 739 1661 μὴ
768 1593 896 1645 Υίὸν
949 1596 1082 1647 αὐτὸ
1116 1592 1342 1666 καλέσῃ.
1392 1600 1536 1667 λέγει
1567 1586 1807 1672 Πνεῦμα

220 1680 421 1744 ἅγιον,
449 1681 479 1733 ὃ
512 1683 670 1750 παρὰ
706 1684 812 1738 τοῦ
856 1686 1082 1752 Πατρός
1143 1689 1560 1756 ἐκπορεύεται·
1597 1697 1805 1764 εἰσάγει

1924 609 2024 661 ista
2062 613 2299 679 scquela.
2343 634 2362 665 ι
2401 614 2536 668 Cum
2565 631 2694 671 vero
2734 621 3136 690 subsequantur
3167 640 3327 694 quam
3376 627 3498 699 plu-

1923 703 2057 755 rima
2087 703 2189 757 alia
2220 707 2555 771 testimonia,
2584 725 2704 777 qua:
2733 712 2962 767 similem
3005 721 3330 774 sententiam
3367 735 3491 778 ver-

1921 791 2003 844 bis
2033 807 2194 862 supra
2219 797 2328 864 jam
2355 799 2578 869 digestis
2602 802 2906 868 expositam
2943 810 3320 875 comprobent,
3354 827 3490 868 nou-

1919 885 2065 937 nulla
2098 886 2166 938 ab
2201 887 2391 941 iisdem
2438 907 2548 944 non
2599 893 2882 946 diSsimilia
2923 896 3232 963 aﬂ'eremus,
3278 904 3486 974 reliqua

1918 985 2333 1042 prmtereuntes.
2385 996 2451 1034 ne
2499 983 2688 1036 eadem
2745 989 3042 1052 repetendo
3073 1005 3383 1050 sermonem
3430 1001 3486 1051 in

1917 1064 2135 1135 longum
2165 1072 2569 1137 protraltamus,
2599 1077 2722 1131 licet
2746 1093 2814 1132 ex
2845 1094 3008 1148 supra
3045 1086 3280 1137 tenuiter
3308 1089 3486 1142 addu-

1915 1157 2017 1210 ctis
2051 1159 2351 1215 dictionum
2379 1178 2537 1231 pares
2582 1182 2722 1220 vures
2751 1171 3211 1232 demonstrentur.
3249 1177 3388 1232 llinc
3417 1197 3480 1234 ex

1914 1249 2079 1315 gratia
2119 1250 2221 1304 sibi
2274 1268 2472 1307 nomen
2550 1257 2830 1313 vindicans
2893 1263 3315 1333 Cltrysostomus
3359 1288 3482 1326 ora-

1913 1336 2062 1390 tione
2093 1339 2144 1391 in
2181 1341 2537 1396 Pentecostt-n
2573 1347 2686 1401 haec
2735 1349 2936 1403 habet:
2968 1371 2985 1402 ι
3020 1354 3151 1419 Quae
3183 1371 3365 1414 autem
3401 1365 3481 1418 vis

1910 1436 1991 1480 εει
2019 1429 2167 1482 verbi
2202 1436 2472 1498 procedit?
2505 1437 2570 1490 Ut
2605 1443 2982 1506 generationis
3015 1463 3212 1502 nomen
3248 1467 3478 1516 praeter-

1912 1515 2014 1571 iret
2061 1520 2364 1590 Scriptura,
2415 1543 2482 1581 ne
2530 1528 2724 1585 Filium
2778 1535 2928 1590 illum
2983 1550 3225 1608 vocaret,
3299 1547 3480 1602 dicit:

1909 1604 2166 1673 Spiritum
2188 1624 2450 1681 sanctum,
2475 1622 2563 1686 qui
2592 1637 2655 1674 ex
2696 1623 2854 1679 Patre
2887 1633 3142 1696 procedit.
3176 1635 3478 1693 lntroducit

1908 1696 2083 1765 ipsum
2125 1711 2530 1773 procedentem,
2562 1721 2619 1766 ut
2650 1731 2844 1784 aquam
2869 1734 2898 1773 e
2930 1721 3083 1776 fonte
3113 1728 3478 1792 exsil.eutem,

221 1771 358 1822 αὐτὸ
378 1775 831 1843 ἐκπορευόμενον,
853 1775 926 1836 ὼς
952 1776 1094 1847 ὕδωρ
1120 1782 1225 1832 ἀπὸ
1248 1783 1636 1855 πηγῆςβρύον,
1664 1791 1802 1842 κατά

1907 1789 2066 1843 sicuti
2114 1793 2318 1849 dictum
2359 1809 2441 1854 est
2471 1771 2535 1856 de
2566 1771 2856 1873 paradiso:
2893 1809 3113 1869 Flavius
3148 1822 3380 1884 procedit
3415 1837 3480 1876 ea:

221 1861 284 1909 τὸ
319 1863 611 1929 εἰρημένον
645 1865 770 1934 περὶ
795 1865 887 1917 τοῦ
922 1868 1273 1937 παραδείσου.
1310 1891 1328 1922 ι
1359 1878 1604 1943 Ιιοταμὸς
1629 1877 1685 1929 δὲ
1705 1881 1800 1932 ἐκ·

225 1952 526 2019 πορεύεται
579 1954 636 2019 ἐξ
712 1952 893 2024 Ἐδέμ.
930 1975 949 2008 ι
1004 1957 1393 2030 Ἐκπορεύεται
1431 1966 1525 2017 καὶ
1562 1970 1798 2037 πηγάζει

217 2043 464 2111 εἰρηκὼς
515 2043 543 2093 ό
597 2044 734 2107 θεῖος
766 2050 1133 2120 μυστολέκτης
1169 2053 1266 2123 τὴν
1293 2054 1386 2107 τοῦ
1413 2055 1797 2126 ἐκπορεύεται

213 2132 479 2202 δύναμιν,
507 2137 580 2198 ὼς
613 2137 699 2190 ἵνα
737 2139 804 2190 δι’
835 2141 1001 2192 αὐτοῦ
1029 2142 1090 2193 τὸ
1143 2144 1240 2213 τῆς
1286 2148 1588 2216 γεννήσεως
1625 2151 1796 2221 ὄνομα

213 2230 248 2296 ἡ
284 2210 480 2297 Γραφῇ
508 2230 773 2300 παρέλθῃ,
801 2235 894 2285 καὶ
945 2234 1020 2303 μὴ
1066 2210 1311 2307 γὲννήμα
1360 2210 1689 2317 παραστήσῃ
1718 2210 1796 2299 ’τὸ

215 2317 469 2386 Πνεῦμα,
501 2320 646 2388 άπερ
668 2320 718 2372 oi
749 2322 981 2391 καθεξῆς
1004 2325 1256 2393 πρόϐολοι
1287 2329 1386 2397 τῆς
1411 2333 1688 2398 εὐσεϐείας
1712 2338 1791 2399 είς

209 2411 344 2477 ὅρον
377 2412 477 2478 τῆς
502 2409 696 2474 λέξεως
728 2414 1058 2484 ἀφιέρωσαν,
1089 2418 1247 2472 ἀλλον
1278 2421 1478 2490 τρόπον
1507 2424 1792 2496 ὑπάρξεως

211 2502 372 2570 παρὰ
407 2502 498 2554 τὸν
529 2505 626 2571 τῆς
656 2509 984 2576 γεννήσεως,
1013 2513 1103 2561 καί
1129 2510 1382 2583 διάφορον
1406 2516 1606 2587 τρόπον
1634 2521 1792 2575 καλέ-

212 2609 434 2658 σαντες,
489 2596 636 2658 τέλος
669 2598 748 2660 είς
784 2600 979 2654 ταυτὸν
1015 2603 1146 2656 αὐτὸ
1174 2605 1234 2657 τὸ
1261 2607 1650 2675 ἐκπορεύεται
1697 2615 1792 2668 καὶ

208 2685 466 2754 πηγ-ἀζει
493 2689 796 2754 συντάττει,
826 2691 899 2753 ὡς
924 2693 1014 2746 καὶ
1044 2695 1209 2763 ἄμφω
1238 2699 1297 2749 τὸ
1327 2699 1420 2751 τοῦ
1453 2702 1650 2770 τρόπου
1675 2705 1790 2758 ἕτε-

211 2793 310 2844 ρον
346 2778 442 2845 τῆς
478 2779 762 2848 ὑπάρξεως
788 2785 1212 2853 παριστάνοντα.
1241 2787 1364 2842 Ὀτι
1389 2793 1446 2843 δὲ
1467 2797 1524 2846 τὸ
1542 2795 1786 2864 πηγάζει

209 2871 308 2920 καὶ
343 2869 439 2919 ἐπὶ
468 2871 558 2922 τοῦ
597 2873 726 2926 Υιοῦ
752 2876 809 2926 ὲν
839 2877 1053 2941 πολλοῖς
1090 2882 1181 2933 καὶ
1235 2885 1494 2948 πολλάκις
1534 2890 1566 2958 ή
1601 2890 1636 2940 Γ
1641 2892 1785 2961 ραφὴ

205 2962 578 3031 διατρανοῦσα
610 2968 956 3037 γνωρίζεται,
993 2972 1151 3041 δῆλον
1182 2979 1273 3027 καὶ
1304 2982 1328 3030 ὁ
1379 2980 1484 3049 πρὸ
1515 2983 1608 3034 τοῦ
1639 2985 1786 3054 Χρυ-

209 3053 438 3121 σολόγου
469 3056 544 3124 τῷ
573 3058 769 3127 χρόνῳ,
803 3063 915 3124 τοῖς
947 3062 1000 3115 δὲ
1034 3066 1172 3116 κατὰ
1197 3067 1327 3120 Θεὸν
1358 3068 1538 3138 ἔργοις
1570 3074 1663 3126 καὶ
1695 3053 1783 3128 λόο

204 3162 328 3212 γοις
366 3148 686 3215 ὁμότροπος,
719 3154 746 3203 ό
793 3153 903 3206 τῶν
933 3155 1335 3228 Ἀλεξανδρέων
1366 3167 1536 3230 μέγας
1580 3169 1785 3240 ποιμὴν
1813 3199 1856 3257 c

204 3237 532 3302 Ἀθανάσιος
587 3245 646 3294 ὲν
698 3237 996 3315 ᾖποιειται
1054 3248 1286 3313 διαλέξει
1348 3254 1657 3324 Ὀρθοδόξου
1695 3237 1785 3312 καὶ

205 3330 635 3394 Μακεδονιανοῦ,
689 3337 816 3404 περὶ
868 3336 959 3389 τοῦ
1000 3339 1247 3408 πηγάζει
1282 3344 1407 3396 τάδε
1468 3349 1783 3418 συντίθησι·

209 3438 231 3470 ι
266 3422 361 3491 Μή
396 3440 485 3491 μοι
509 3426 717 3491 γένοιτο
745 3428 920 3479 εἰπεῖν
956 3430 1248 3501 ὲπίκτητόν
1280 3452 1332 3486 τι
1362 3437 1454 3489 ἐπὶ
1488 3440 1580 3491 τοῦ
1616 3442 1784 3495 Πνεῦ-

207 3526 406 3579 ματος.
431 3511 567 3564 Οῦτε
596 3516 703 3585 γάρ
730 3518 790 3568 τὸ
818 3516 992 3584 ἆγιον,
1025 3519 1148 3572 οὔτε
1179 3523 1239 3574 τὸ
1263 3526 1552 3595 ἄφθαρτον,
1578 3530 1699 3584 οὔτε
1721 3535 1782 3588 τὸ

202 3601 500 3668 ἀθάνατον,
541 3604 661 3658 οὐτε
691 3607 820 3660 ἄλλο
845 3626 895 3660 τι
925 3610 1036 3663 τῶν
1067 3617 1195 3683 περὶ
1231 3616 1362 3668 Θεὸν
1397 3618 1782 3692 θεωρουμέ.ων

205 3695 356 3761 λέγω
386 3692 520 3749 εἶναι
545 3698 836 3769 ἐπίκτητον
857 3699 935 3770 τῷ
967 3703 1106 3772 ἁγίῳ
1125 3705 1401 3776 Πνεῦματι
1421 3727 1432 3740 ·
1468 3711 1601 3764 ἀλλὰ
1624 3714 1780 3780 φύσει

200 3782 388 3848 ἅγιον,
447 3784 605 3850 φύσει
644 3788 868 3855 ἀγαθὸν,
932 3789 1089 3857 φύσει
1134 3794 1409 3864 ἄφθαρτον
1459 3802 1532 3863 ὡς
1557 3804 1780 3875 Πνεῦμα

203 3874 344 3925 θεοῦ
370 3874 462 3926 κ’ἀὶ
494 3875 553 3940 ἐξ
580 3878 744 3930 αὐτοῦ
768 3880 1032 3950 πηγάζον,
1065 3884 1240 3938 εῐτουν
1265 3874 1735 3963 ξὲκπορευόμενον,
1752 3917 1770 3950 ι

200 3965 328 4018 Τῶν
356 3965 448 4018 οὖν
480 3971 977 4042 Πνευματομάχων,
1012 3976 1087 4038 ὡς
1114 3980 1181 4032 τά
1213 3979 1306 4032 τοῦ
1340 3982 1496 4050 λόγου
1527 3986 1614 4040 διὰ
1645 3988 1779 4060 βρα·

198 4057 346 4125 χέων
369 4061 962 4135 ἀνακεφαλαιὼσωμεν,
986 4069 1049 4120 ὲκ
1071 4069 1164 4122 τοῦ
1194 4072 1292 4142 τὴν
1314 4074 1480 4130 δυάδα
1509 4079 1617 4132 τῶν
1639 4057 1775 4136 ὐπο-

189 4153 446 4210 στάσεων
473 4155 538 4207 ὲκ
570 4159 668 4226 τῆς
713 4164 987 4232 πατρικῆς
1015 4164 1203 4228 οὐσίας
1230 4167 1601 4236 θεολογείσθαι
1626 4174 1776 4228 ἀδελ-

195 4245 368 4314 φικὴν
397 4247 787 4319 όμοουσιότητα
827 4255 1189 4322 συναγόντων,
1224 4261 1336 4325 καὶ,
1381 4260 1490 4313 Ποῦ
1520 4263 1580 4316 τὸ
1612 4283 1773 4335 μονο-

190 4337 387 4404 γενέςς
455 4340 1070 4416 ἀντιπαρατιθεμένων,
1138 4353 1436 4411 κάντεῦθεν
1490 4359 1565 4423 ὡς
1616 4363 1772 4417 τοῦτο

199 4429 437 4496 εηροίτο,
475 4431 550 4500 μὴ
580 4433 644 4486 ἐκ
671 4437 770 4504 τῆς
799 4439 988 4500 οὐσίας
1021 4439 1162 4496 εἶναι
1205 4447 1303 4514 τῆς
1334 4446 1625 4521 πατρικῆς,
1655 4448 1770 4507 ἀλλ’

189 4516 273 4576 είς
300 4517 402 4584 τὴν
433 4525 608 4572 κτίσιν
630 4527 978 4593 καταγόντων
1006 4531 1227 4601 Πνεῦμα
1256 4537 1316 4587 τὸ
1345 4536 1522 4605 ἅγιον,
1554 4544 1772 4597 καὶτῶν
1802 4552 1846 4604 ι)

188 4608 609 4680 οεοπροόλήτων
633 4613 964 4671 διδασκάλων
996 4622 1094 4691 τὴν
1121 4625 1455 4697 ἀποσόόησιν
1487 4631 1645 4702 τῆσδε
1669 4634 1765 4703 τῆς

186 4701 505 4770 όδσφημίας
529 4707 946 4775 παραδιδόντων,
978 4713 1043 4765 ἐκ
1071 4715 1163 4767 τοῦ
1189 4718 1281 4770 τὸν
1310 4720 1410 4789 μὲν
1438 4723 1564 4777 Υἱὸν
1587 4727 1651 4779 ὲκ
1673 4701 1765 4780 τοῦ

193 4789 408 4862 Ματρὸς
437 4794 882 4866 δογματίζεσθαι,
927 4803 988 4855 τὸ
1016 4804 1070 4857 δὲ
1103 4807 1327 4878 Πνεῦμα
1377 4813 1441 4866 ὲκ
1466 4815 1564 4884 τῆς
1594 4820 1766 4888 αὐτῆς

198 4884 518 4956 ὶμφοτέρων
548 4888 757 4955 οὐσίας,
813 4895 905 4945 καὶ
937 4894 1027 4948 οὖν
1060 4898 1124 4949 lx
1150 4900 1245 4952 τοῦ
1300 4903 1506 4974 Πατρός
1533 4907 1620 4962 διά
1669 4884 1763 4965 τοῦ

191 4978 343 5042 Υἱοῦ,
375 4980 624 5035 ἐντεῦθέν
649 4999 709 5035 τε
742 4985 802 5038 τὸ
834 4990 1121 5055 μονογενὲς
1151 4992 1533 5063 ἀναμφιϐόλως
1582 5005 1764 5074 τηρεῖ-

185 5073 336 5135 σθαι,
371 5073 550 5127 καὶτὸ
581 5076 678 5145 τῆς
732 5077 1029 5150 ἀδελφικῆς
1076 5085 1342 5154 ὀμοφυῖας
1389 5090 1764 5162 ἀπορῤαπίζε-

185 5166 337 5227 σθαι,
368 5165 448 5217 ἔτι
498 5184 553 5219 τε
602 5169 701 5238 τὴν
724 5169 1108 5240 ἐκπορεύεται
1162 5179 1307 5246 λέξιν
1336 5186 1757 5253 σαφηνιξόντων,

187 5256 259 5316 ὼς
281 5255 426 5308 τοῦτ’
462 5257 592 5311 αὐτὸ
626 5265 1001 5332 παρεστῶσαν,
1025 5267 1166 5322 οὕτω
1202 5273 1301 5340 μὲν
1337 5277 1400 5326 ἐκ
1423 5278 1518 5329 τοῦ
1553 5281 1762 5350 Πατρὸς

186 5350 278 5401 τὸν
305 5349 457 5416 Υἱδν,
488 5351 630 5404 οὕτω
681 5354 740 5407 δὲ
795 5357 854 5420 ἐξ
883 5360 1086 5429 ἀμφοῖν
1115 5362 1174 5415 τὸ
1237 5366 1459 5438 Πνεῦμα
1495 5375 1761 5445 προέρχε-

184 5439 333 5504 σθαι,
375 5444 535 5497 τοῦτο
562 5448 668 5516 γὰρ
706 5450 910 5514 όάλλος
943 5456 1142 5524 τρόπος
1177 5460 1275 5528 τῆς
1321 5439 1756 5532 ὑπάρξεως-και

181 5534 461 5600 διάφορος,
481 5540 573 5588 καὶ
605 5539 686 5604 τὸ,
716 5559 734 5592 ι
781 5542 877 5596 Ἐκ
905 5547 995 5597 τοῦ
1029 5548 1166 5616 ἐμοῦ
1202 5550 1453 5620 λήψεται,
1490 5576 1508 5607 ι
1535 5561 1626 5611 καὶ
1648 5559 1757 5611 λοι-

183 5629 293 5689 πᾶς
322 5631 515 5698 ἑτέρας
546 5637 725 5699 φωνάς
756 5636 850 5706 τῆς
883 5639 1048 5709 αὐτῆς
1089 5643 1347 5711 διανοίας,
1382 5648 1754 5721 διευκρινοῦν-

255 5813 279 5843 ⁹
306 5813 438 5866 (ch.
469 5830 524 5869 ιι.
571 5817 635 5867 10

1833 1865 1875 1920 Β
1907 1881 2055 1936 Eden
2086 1887 2131 1938 ’.
2160 1885 2434 1956 Procedit.
2466 1905 2523 1950 et
2561 1865 2743 1956 exsilit
2778 1904 2966 1962 dicens
2997 1865 3218 1969 divinus
3249 1918 3337 1972 hic
3358 1936 3477 1990 my-

1901 1977 2189 2032 steriorum
2227 1984 2506 2053 collector,
2559 1993 2708 2045 verbi
2742 1998 2977 2064 procedit
3009 2003 3117 2056 vim
3154 2020 3277 2061 esse
3308 2009 3474 2064 dicti-

1900 2074 1996 2132 tat,
2049 2079 2107 2124 ut
2181 2088 2274 2140 per
2317 2076 2444 2132 illud
2499 2087 2850 2150 generationis
2920 2109 3117 2149 nomen
3173 2104 3478 2168 praeteriret

1902 2156 2180 2232 Scriptura
2205 2203 2221 2230 ,
2269 2179 2324 2221 et
2359 2185 2468 2226 non
2498 2174 2690 2230 Filium
2728 2179 2990 2248 Spiritum
3031 2156 3473 2262 demonstraret,

1898 2263 2020 2317 qua:
2061 2258 2410 2320 postmodum
2459 2263 2736 2321 subsecuti
2784 2271 3001 2338 pietatis
3038 2258 3471 2350 propugnatores

1899 2340 2156 2398 dictionis
2187 2345 2493 2407 ﬁnitionem
2525 2367 2856 2425 statuerunt,
2887 2365 3052 2421 alium
3079 2370 3225 2425 hunc
3246 2377 3467 2433 modum

1896 2433 2226 2492 exsistentia
2249 2441 2318 2494 ab
2344 2456 2412 2497 eo
2443 2447 2533 2514 qui
2554 2453 2923 2518 generationis
2954 2469 3058 2524 est,
3085 2477 3149 2516 ac
3180 2465 3461 2524 diversum

1895 2539 2297 2597 nuncupantes,
2325 2537 2541 2592 tandem
2593 2539 2648 2594 in
2677 2544 2867 2600 eodem
2901 2548 3021 2605 loco
3047 2555 3201 2622 ponit
3224 2562 3466 2626 procedit

1894 2625 1950 2669 et
1972 2619 2168 2686 exsilit,
2197 2633 2451 2693 tanquam
2483 2645 2603 2699 quae
2628 2636 2788 2690 ambo
2814 2619 3346 2704 modum—diversum
3371 2668 3464 2708 ex-

1895 2700 2158 2764 sistentite
2209 2713 2469 2772 inferunt.
2526 2722 2758 2781 Exsilirs
2807 2745 2972 2798 porro
3016 2745 3070 2788 et
3117 2738 3184 2794 de
3233 2741 3369 2799 Filio
3406 2748 3465 2802 in

1897 2803 2085 2856 nmltis
2113 2820 2175 2858 ac
2203 2810 2502 2878 sepissime
2538 2815 2880 2886 Scripturam
2909 2839 3170 2894 usurpare
3199 2841 3418 2904 agnosci
3444 2881 3462 2905 ,

1894 2896 2071 2961 palam
2103 2897 2250 2963 facit,
2293 2903 2384 2971 qui
2414 2905 2807 2976 Chrysostomo
2834 2920 3092 2984 grandior
3123 2896 3302 2992 aetate,
3333 2946 3460 3001 erga

1893 2984 2062 3040 Deum
2096 3006 2223 3044 vero
2252 2995 2413 3050 rebus
2442 3000 2609 3066 gestis
2632 3012 2686 3055 et
2715 3009 3059 3065 sermonibus
3091 3030 3318 3072 concors
3351 3038 3463 3076 ma-

1893 3090 2030 3143 gnus
2067 3080 2555 3143 Alexandrinorum
2591 3103 2776 3159 pastor
2818 3097 3173 3171 Athanasius,
3211 3109 3265 3162 in
3297 3113 3463 3167 collo-

1891 3165 2039 3232 quio,
2067 3171 2212 3237 quod
2251 3171 2342 3228 ille
2373 3179 2742 3247 concinnavit,
2774 3183 3076 3247 Orthodoxi
3106 3165 3170 3250 etv
3211 3165 3463 3257 Macedo-

1892 3259 2076 3325 niani,
2126 3265 2194 3318 de
2246 3268 2405 3324 verbo
2458 3275 2671 3330 exsilire
2701 3280 2816 3336 hzec
2859 3287 3049 3342 scribit
3096 3308 3110 3344 :
3153 3312 3171 3344 ι
3211 3294 3366 3352 Absit
3403 3311 3462 3356 ut

1890 3351 2006 3419 ipse
2033 3355 2205 3411 dicam
2232 3360 2590 3421 adventitium
2622 3372 2752 3438 quid
2782 3389 2904 3431 esse
2931 3378 2986 3432 in
3012 3382 3218 3452 Spiritu
3241 3401 3457 3447 sancto.

1889 3441 2072 3513 Neque
2103 3449 2248 3503 enim
2279 3465 2549 3521 sanctum,
2601 3476 2778 3532 neque
2810 3467 3246 3543 incorruptibile,
3282 3497 3461 3553 neque

1888 3533 2213 3604 immortale,
2248 3559 2424 3612 neque
2448 3549 2594 3604 aliud
2623 3556 2900 3626 quidpiam
2934 3533 3077 3631 quod
3104 3568 3172 3622 de
3201 3533 3308 3625 [ἱρά

1885 3627 2176 3694 siderctur,
2236 3634 2359 3689 dico
2423 3654 2543 3696 esse
2628 3627 2987 3707 adventitium
3041 3656 3266 3727 Spiritui
3324 3681 3456 3720 san-

1884 3727 2008 3785 cto;
2042 3724 2135 3776 sed
2175 3737 2370 3782 natura
2401 3746 2648 3790 sanctum
2675 3779 2689 3801 ,
2739 3751 2934 3798 natura
2967 3749 3167 3805 bonum
3193 3789 3208 3816 ,
3261 3768 3456 3815 natura

1884 3809 2373 3886 incorruptibilem,
2410 3825 2487 3877 uti
2517 3825 2780 3895 Spiritum
2815 3835 2942 3901 Dei,
2968 3849 3023 3892 et
3052 3857 3118 3894 ex
3154 3843 3272 3912 ipso
3303 3854 3452 3904 exsi-

1881 3900 2128 3969 lieutem,
2158 3909 2270 3963 sive
2297 3915 2712 3981 procedentem.
2757 3942 2774 3974 ι
2811 3927 2945 3982 (lum
2975 3931 3157 4002 itaque
3187 3935 3457 3996 Pneuma-

1883 3996 2155 4061 tomacbi,
2207 4009 2266 4054 ut
2302 4005 2609 4065 orationem
2641 4013 2983 4076 brevioribus
3022 4026 3274 4083 terminis
3317 4047 3452 4101 prae-

1879 4086 2185 4155 cludamus.
2218 4098 2366 4163 quod
2399 4098 2598 4169 duplex
2639 4106 2948 4176 hypostasis
2978 4129 3042 4168 ex
3080 4086 3452 4194 essentia'pa-

1877 4185 2032 4235 terna
2063 4185 2281 4242 exsilire
2301 4189 2597 4258 diceretur,
2633 4197 2933 4258 fraternam
2959 4211 3446 4273 consubstantialio

1877 4279 2040 4326 tatem
2061 4275 2404 4348 colligerent,
2422 4296 2724 4358 contraque
2753 4307 3098 4362 opponerent
3114 4319 3443 4376 quaerentes,

1875 4361 2108 4419 Ubinam
2170 4369 2510 4440 unigenitum
2541 4378 2745 4435 fuerit?
2772 4361 3006 4456 indeque
3043 4403 3103 4445 ut
3137 4393 3189 4447 id
3221 4412 3447 4455 conser-

1875 4467 2112 4522 varetur,
2163 4476 2272 4516 non
2323 4481 2388 4519 ex
2441 4473 2678 4526 essentia
2717 4484 2966 4545 paterna,
3009 4486 3101 4538 sed
3142 4487 3198 4540 in
3232 4503 3447 4548 creatu-

1878 4564 1991 4602 ram
2029 4550 2293 4621 Spiritum
2335 4570 2584 4617 sanetum
2639 4567 2935 4638 deferrent,
2986 4585 3040 4630 et
3082 4595 3205 4634 cum
3255 4597 3286 4637 a
3333 4585 3447 4640 Deo

1877 4638 2114 4696 instituti
2144 4647 2385 4718 magistri
2408 4651 2801 4723 blasphemiam
2827 4663 3064 4721 similem
3087 4673 3442 4743 repellerent,

1875 4734 2020 4801 quod
2049 4733 2219 4791 Filius
2249 4755 2313 4794 ex
2348 4741 2525 4799 Patris
2557 4751 2792 4805 essentia
2822 4733 3235 4826 decerneretur,
3265 4763 3442 4835 Spiri-

1876 4831 1961 4878 tus
1993 4841 2057 4880 ex
2088 4829 2278 4884 eadem
2311 4834 2593 4904 utriusque
2621 4844 2881 4909 essentia,
2910 4863 3210 4922 rursusque
3240 4829 3444 4915 ex-Pa-

1873 4928 1953 4971 tre
1999 4934 2096 4988 per
2140 4922 2371 4991 Filium,
2426 4927 2664 4997 indeque
2711 4935 3054 5006 unigenitum
3097 4946 3305 5016 absque
3338 4952 3442 5006 ulla

1873 5010 2212 5069 haesitatione
2253 5031 2696 5088 conservaretur,
2739 5036 2794 5081 et
2837 5029 3077 5096 fraterna
3108 5052 3442 5098 connatura-

1869 5099 1992 5154 litas
2035 5104 2398 5174 relegaretur;
2443 5127 2818 5189 praetereaque
2871 5123 3168 5183 dictionem
3207 5138 3441 5199 procedit

1868 5193 2378 5266 interpretarentur,
2419 5207 2521 5261 hoc
2553 5207 2694 5264 idem
2740 5223 2968 5282 notare,
2999 5220 3078 5275 sic
3103 5224 3325 5292 quidem
3372 5247 3438 5284 ex

1867 5282 2024 5340 Patre
2050 5287 2272 5353 Filium,
2307 5293 2387 5347 sic
2417 5295 2546 5351 item
2574 5315 2639 5354 ex
2671 5305 2942 5363 ambobus
2981 5282 3248 5381 Spiritum
3283 5335 3440 5390 egre-

1866 5377 1958 5442 di;
1992 5379 2045 5433 id
2078 5382 2223 5435 enim
2253 5385 2394 5440 alius
2430 5391 2625 5445 modus
2655 5397 2994 5457 exsistentite
3023 5377 3129 5471 est,
3171 5418 3225 5463 et
3253 5377 3437 5467 (ἥξει-ο

1863 5486 1977 5534 sus,
2011 5488 2223 5528 necnon
2256 5487 2311 5531 et
2352 5479 2505 5538 illud:
2545 5503 2562 5536 ι
2605 5485 2679 5545 De
2708 5505 2830 5545 meo
2861 5496 3116 5566 accipiet,
3165 5520 3183 5553 ι
3218 5512 3271 5558 et
3302 5507 3432 5560 reli-

1861 5580 1998 5633 quas
2020 5567 2154 5621 alias
2179 5570 2422 5639 ejusdem
2471 5577 2807 5649 signiﬁcatus
2845 5605 3030 5656 voces,
3069 5609 3432 5663 exponerent,

1862 5667 1916 5710 ct
1949 5657 2140 5713 Filiqu
2183 5665 2332 5717 nullo
2363 5669 2522 5723 modo
2553 5674 2751 5728 servile
2781 5679 3143 5739 ministerium
3186 5692 3431 5757 exulem,
