4220 6444
271 400 414 464 i329

1287 404 1583 466 CONTRA
1619 403 2044 466 MANUELEM
2081 404 2558 466 CRETENSEM.

3407 395 3540 464 i330

272 515 578 570 κάντεῦθεν
613 518 672 570 τδ
718 518 779 584 ἐξ
813 514 967 582 Υίοῦ,
1021 517 1058 588 ἢ
1086 516 1152 570 δι’
1180 517 1311 571 Υίοῦ
1339 514 1482 572 εἶναι
1525 520 1588 572 τὸ
1628 516 1855 587 Πνεῦμα

1965 519 2219 587 majorem
2286 515 2603 584 accipient?
2654 515 2814 569 Certe
2881 523 3139 568 extremre
3192 514 3544 581 blasphemiae

272 609 462 659 τέλεον
488 609 896 678 ἀπωθούμενα.
923 608 988 662 El
1016 609 1090 678 μὴ
1113 608 1224 680 γὰρ
1253 609 1316 662 τὸ
1343 608 1681 663 ἀπωθεῖσθαι
1711 607 1857 662 ἀπώ-

277 715 484 762 σονται,
517 697 642 750 καθ’
671 701 855 754 ὁποῖον
880 699 988 769 ἀρα
1016 700 1127 754 τῶν
1158 699 1578 771 σημαινομένων
1611 699 1718 753 τοῦ
1732 699 1859 767 μει-

277 791 453 856 ζονος
478 793 614 846 αὐτὸ
639 791 923 861 λήψονται,
952 794 1198 864 κρημνὸν
1225 793 1325 863 οὐχ
1355 793 1570 857 ἕξουσιν
1601 792 1857 857 ἐξαλύξαι

273 885 372 935 τὸν
405 883 504 951 τῆς
549 884 860 948 ἀκροτάτης
908 883 1223 953 δυσφημίας
1271 883 1633 936 οὐδοπωσοῦν.
1665 883 1858 935 Καίτοι

276 973 538 1043 καθαρῶς
573 975 602 1026 6
624 973 954 1045 ίερομύστης
994 992 1015 1024 ι
1060 975 1281 1044 μείζονα
1313 975 1408 1028 τοῦ
1429 974 1744 1042 Πνεύματος
1767 974 1860 1026 τὸν

279 1065 413 1117 Υίὸν
448 1084 467 1115 ι
504 1067 702 1136 φήσας,
726 1067 821 1119 καὶ
852 1067 966 1119 [σον
1000 1066 1188 1136 εἴρηκε
1212 1066 1514 1136 παρευθύς.
1535 1067 1642 1138 Καὶ
1661 1064 1860 1132 ἐφεξῆς

278 1158 588 1225 ἐπήγαγεν,
618 1177 635 1209 ι
693 1158 895 1210 Ἐδίδου
920 1157 982 1210 τὸ
1018 1157 1263 1226 Πνεῦμα,
1304 1158 1397 1210 καὶ
1423 1156 1632 1224 ελεγεν,
1670 1175 1689 1208 ι
1713 1155 1862 1224 Ἐ’ρὼ

276 1246 628 1310 ἀποστελῶ,
663 1268 681 1300 ι
720 1249 1126 1317 διαφανέστατα
1156 1249 1528 1316 παριστάνων,
1567 1249 1648 1301 ὅτι
1671 1248 1860 1316 ὥσπερ

277 1343 312 1411 ή
343 1342 648 1410 αὐτοσοφία
701 1342 793 1395 τὸν
825 1342 1047 1410 Πατέρα
1099 1342 1321 1410 μείζονα
1368 1343 1460 1395 καὶ
1512 1341 1629 1393 τσον
1663 1338 1859 1394 ἑαυτοῦ

278 1432 472 1502 σαφῶς
505 1431 972 1502 ὲμυσταγώγησεν
1000 1434 1061 1486 ιν
1099 1432 1456 1501 Εὑαγγελίοις
1505 1431 1693 1493 είπὼν,
1730 1449 1748 1481 ι
1797 1431 1860 1482 '0

279 1523 474 1591 Πατήρ
506 1539 609 1591 μου
664 1522 869 1592 μείζων
920 1521 1021 1592 μού
1071 1523 1221 1585 ἔστι,
1265 1539 1283 1574 ι
1320 1521 1415 1574 καὶ
1441 1520 1625 1582 πάλιν,
1661 1538 1680 1572 ι
1722 1520 1862 1586 Ἐγὼ

278 1615 380 1668 καὶ
409 1618 438 1667 6
469 1614 657 1685 Πατὴρ
686 1615 745 1668 ἓν
777 1617 946 1684 ἐσμεν
975 1633 991 1649 ο
1039 1632 1059 1666 ι
1103 1613 1279 1676 οὕτως
1336 1613 1524 1667 ινθάδε
1579 1612 1759 1672 διδοὺς
1802 1611 1862 1663 τὸ

281 1705 513 1773 Πνεῦμα
551 1705 695 1759 κατά
721 1705 820 1775 τὴν
853 1705 1081 1774 θεότητα
1107 1706 1202 1756 καὶ
1231 1703 1605 1765 ἀποστέλλων,
1637 1703 1862 1770 μείζονα

277 1797 478 1851 τούτου
525 1797 621 1850 καὶ
669 1800 784 1851 ἴσον
815 1798 1006 1851 ἑαυτὸν
1036 1796 1308 1866 ἀριδήλως
1359 1795 1634 1864 ἐσήμανεο
1667 1796 1760 1846 καὶ
1786 1794 1861 1856 ὡς

279 1887 402 1939 ἐκεῖ
437 1889 497 1940 τὸ
537 1887 677 1950 ἴσον,
709 1887 853 1941 οὕτω
885 1886 1166 1940 κάνταῦθα
1216 1883 1360 1939 κατά
1405 1887 1464 1937 τὸ
1513 1884 1615 1953 τῆς
1649 1886 1862 1952 φύσεως

281 1980 732 2050 ἀπαράλλακτον,
762 1980 826 2032 τὸ
877 1979 934 2032 δὲ
972 1979 1156 2049 μεῖζον
1183 1979 1303 2031 κατ’
1340 1977 1580 2047 ίδιότητα
1631 1978 1752 2045 τὴν,
1783 1979 1864 2030 ὅτι

282 2089 396 2140 περ
423 2073 489 2124 ἐκ
521 2071 615 2124 τοῦ
650 2071 863 2140 Πατρδς
889 2072 918 2124 6
950 2070 1099 2133 Υἱὸς,
1139 2069 1254 2122 ἀλλ’
1310 2070 1410 2122 οὐκ
1443 2073 1506 2123 ὲκ
1538 2069 1730 2122 τούτου
1757 2070 1866 2121 [Ia-

279 2163 412 2231 τὴρ,
436 2163 595 2216 τοῦτο
635 2162 745 2231 γᾴρ
778 2162 998 2230 ἰδιότης,
1025 2161 1122 2213 καὶ
1147 2161 1248 2229 τὴν
1277 2161 1357 2212 ὅτι
1391 2177 1497 2229 περ
1529 2163 1593 2213 ἐκ
1621 2161 1716 2213 τοῦ
1739 2160 1866 2214 Υἱοῦ

282 2260 382 2310 καὶ
408 2257 496 2309 διὰ
527 2254 621 2307 τοῦ
661 2252 786 2307 Υἰοῦ
822 2253 883 2305 τὸ
910 2251 1160 2325 Πνεῦμα.
1209 2253 1304 2304 καὶ
1336 2254 1456 2321 οὐχὶ
1488 2254 1548 2306 τὸ
1576 2253 1864 2308 ἀνάπαλιν.

283 2348 456 2401 Ὅθεν
489 2347 566 2409 ὠς
598 2344 872 2415 ἀποστολὴ
919 2343 1016 2396 τοῦ
1051 2342 1180 2396 Υίοῦ
1235 2345 1388 2414 παρὰ
1435 2343 1530 2396 τοῦ
1565 2344 1774 2414 Πατρδς
1805 2346 1865 2397 οὐ

283 2441 410 2495 καθ’
460 2439 630 2510 αὐτὴν
672 2439 873 2509 ἔχουσα
916 2438 976 2491 τὸ
1019 2436 1214 2506 δηλοῦν
1255 2439 1355 2508 τὴν
1401 2439 1466 2490 ἐκ
1511 2436 1605 2489 τοῦ
1656 2438 1867 2506 Πατρδς

282 2537 620 2603 ὑπέρχρονον
646 2532 884 2599 ὓπαρξιν
907 2531 999 2584 τοῦ
1035 2530 1164 2584 Υἱοῦ
1184 2513 1293 2584 τῶν
1322 2530 1594 2600 εγχρόνων
1619 2530 1694 2592 ὡς
1725 2529 1862 2584 οὖσα

283 2629 386 2680 καὶ
438 2627 577 2696 πρὸς
601 2625 701 2696 τὴν
737 2626 937 2678 κτίσιν.
983 2624 1072 2687 Ὠς
1102 2625 1147 2678 δ’
1180 2624 1419 2692 ἑπομένη
1456 2622 1581 2692 τῇδε
1611 2625 1676 2692 τῇ
1729 2624 1869 2690 ὑπὲρ

284 2719 509 2788 χρόνον.
540 2719 632 2770 καὶ
659 2718 809 2786 παρὰ
835 2716 996 2769 τοῦτο
1028 2715 1331 2785 τεκμήριον
1364 2715 1535 2782 αὐτῆς
1565 2717 1866 2782 πεφυκυῖα,

285 2813 407 2880 ἔχει
443 2811 540 2878 μὲν
569 2810 632 2861 τὸ
662 2802 804 2862 εἶναι
840 2809 930 2861 καὶ
969 2809 1226 2874 λέγεσθαι
1258 2807 1353 2860 τοῦ
1403 2807 1534 2859 Υίοῦ
1581 2807 1734 2878 παρὰ
1774 2808 1868 2860 τοῦ

288 2905 530 2972 Ilus-96;,
559 2902 762 2971 ἥκιστα
792 2901 849 2952 δὲ
882 2901 972 2951 καὶ
1017 2899 1110 2952 τοῦ
1151 2899 1363 2966 Πατρὸς
1393 2898 1546 2967 παρά
1571 2899 1666 2951 τοῦ
1702 2899 1834 2951 Υίοῦ
1855 2913 1868 2926 ⁸

287 2993 469 3055 οὕτως
489 2993 766 3060 ἀποστολὴ
789 2991 885 3044 τοῦ
927 2990 1245 3058 Πνεύματος
1280 2990 1430 3058 παρά
1451 2990 1542 3042 τοῦ
1576 2989 1705 3042 Υἱοῦ
1731 2991 1873 3042 κατά

291 3088 386 3140 τὸν
416 3086 582 3139 αὑτὸν
635 3084 796 3150 λόγον
848 3082 1199 3153 θεωρουμένη
1239 3081 1357 3135 ἐστι
1413 3099 1473 3134 τε
1526 3085 1622 3134 καὶ
1653 3081 1871 3148 λέγεται

1960 610 2320 680 praecipitium
2360 607 2601 676 effugere
2635 607 2787 660 nullo
2818 607 2980 660 modo
3028 615 3307 676 poterunt.
3372 605 3436 658 Et
3462 615 3542 658 ta-

1961 718 2085 757 men
2115 704 2403 772 perspicue
2434 700 2762 769 hieromysta
2821 717 2840 752 ι
2875 699 3136 767 majorem
3190 698 3395 766 Spiritu
3454 697 3542 750 Fi-

1962 800 2092 853 lium
2126 817 2144 850 ι
2175 798 2386 863 dicens,
2417 795 2674 865 aqualem
2699 809 2956 864 perquam
2985 794 3163 847 subito
3190 792 3546 860 nuncupavit,

1960 902 2015 945 et
2063 889 2405 960 postmodum
2435 887 2740 955 subiunxit,
2791 905 2808 936 ι
2853 885 3126 938 Tradebat
3168 884 3431 952 Spiritum
3489 893 3546 937 et

1960 983 2210 1036 dicebat:
2239 980 2346 1049 Ego
2366 981 2596 1040 mittam,
2627 997 2646 1030 ι
2678 977 3129 1032 manifestissime
3153 977 3543 1044 comprobans,

1961 1075 2038 1126 uti
2073 1073 2188 1141 ipsa
2221 1071 2492 1138 Sapientia
2519 1069 2734 1124 Patrem
2778 1069 3036 1137 majorem
3069 1080 3123 1122 et
3155 1069 3421 1138 aequalem
3456 1068 3544 1120 sui

1962 1163 2139 1231 palam
2168 1162 2389 1216 edocuit
2435 1161 2487 1214 in
2521 1158 2835 1230 Evangeliis
2867 1159 3086 1213 dicens:
3143 1179 3160 1211 ι
3194 1159 3354 1212 Pater
3391 1171 3547 1211 meus

1962 1255 2135 1319 major
2162 1268 2248 1307 me
2271 1262 2392 1317 est;
2431 1269 2450 1302 ι
2477 1265 2773 1319 rursusque
2801 1266 2816 1304 :
2855 1268 2874 1302 ι
2903 1249 3016 1320 Ego
3063 1261 3120 1304 et
3180 1249 3336 1303 Pater
3370 1264 3539 1302 unum

1961 1357 2173 1406 sumus,
2207 1361 2226 1393 ι
2261 1342 2334 1395 ita
2367 1350 2422 1394 et
2461 1341 2548 1394 hic
2581 1341 2845 1409 Spiritum
2897 1341 3183 1411 porrigens
3243 1343 3542 1394 secundmn

1960 1433 2322 1496 divinitatem,
2355 1444 2409 1487 et
2447 1434 2670 1487 mittens
2732 1435 2993 1501 majorem
3046 1434 3139 1486 illo
3183 1442 3239 1486 et
3280 1434 3543 1500 aqualem

1962 1527 2312 1594 sometipsum
2341 1526 2499 1594 plane
2534 1526 2845 1578 enuntiavit
2896 1542 2910 1576 :
2955 1534 3010 1579 et
3069 1526 3147 1578 uti
3190 1524 3267 1578 ibi
3315 1525 3544 1591 aequale.

1964 1618 2041 1674 ita
2095 1628 2151 1672 et
2207 1619 2296 1672 hic
2335 1619 2638 1672 secundum
2694 1629 2902 1670 naturae
2954 1632 3051 1686 per
3107 1617 3290 1670 omnia
3348 1616 3547 1675 simile.

1963 1711 2140 1779 majus
2169 1724 2301 1763 vero
2325 1710 2624 1766 secundum
2660 1712 3069 1778 proprietatem,
3091 1710 3233 1777 quod
3261 1709 3434 1762 Filius
3483 1725 3549 1761 ex

1963 1802 2124 1855 Patre
2180 1812 2282 1866 est,
2323 1817 2432 1856 non
2484 1811 2665 1856 autem
2715 1817 2781 1855 ex
2829 1799 2966 1856 Filio
3006 1802 3191 1854 Pater.
3242 1801 3364 1854 Haec
3399 1802 3548 1854 enim

1969 1895 2268 1963 pmprietas
2300 1901 2404 1954 est,
2430 1909 2535 1961 qua
2568 1907 2636 1947 ex
2677 1893 2816 1946 Filio
2853 1902 2908 1947 et
2939 1908 3036 1961 per
3064 1893 3257 1946 Filium
3315 1892 3552 1962 Spiritus

1967 1996 2070 2049 est,
2128 1995 2183 2039 et
2233 2000 2342 2038 non
2399 1986 2516 2040 vice
2541 1999 2718 2038 versa.
2751 1984 2904 2040 Unde
2948 1985 3136 2040 missio
3171 1985 3288 2040 Filll
3324 2001 3351 2038 a
3392 1984 3554 2040 Patre

1969 2091 2074 2129 non
2103 2090 2170 2130 ex
2209 2075 2386 2144 seipsa
2419 2076 2600 2136 habet,
2643 2090 2820 2143 neque
2867 2076 3107 2129 ostendit
3159 2075 3551 2143 sempiternam

1967 2180 2033 2220 ex
2061 2166 2219 2220 Patre
2252 2166 2624 2221 exsistentiam
2653 2164 2797 2227 Filii,
2833 2181 2955 2219 cum
2988 2166 3044 2219 in
3076 2164 3324 2234 tempore
3372 2166 3442 2218 sit
3497 2177 3554 2219 et

1970 2258 2037 2311 ad
2066 2266 2366 2312 creaturas.
2401 2257 2487 2312 Uti
2528 2271 2660 2310 vero
2693 2258 3048 2324 consequitur
3076 2273 3194 2310 eam
3231 2273 3351 2326 qua:
3387 2271 3552 2324 supra

1969 2365 2131 2404 omne
2168 2358 2381 2419 tempus
2401 2359 2506 2414 est,
2541 2357 2596 2403 et
2625 2351 2922 2402 secundum
2959 2349 3090 2402 illud
3113 2365 3233 2403 eam
3257 2363 3379 2403 esse
3411 2349 3555 2402 indi-

1969 2441 2115 2494 cium
2145 2449 2251 2499 est.
2287 2441 2557 2509 habetque
2587 2441 2731 2507 quod
2757 2440 2827 2492 sit
2861 2450 2916 2494 et
2940 2439 3154 2494 dicatur
3187 2439 3308 2494 Filii
3366 2457 3397 2495 a
3452 2440 3557 2493 Pa-

1972 2545 2076 2594 tre,
2101 2532 2196 2586 sed
2226 2534 2333 2585 non
2369 2531 2499 2586 item
2539 2530 2712 2585 Patris
2737 2548 2762 2586 a
2793 2530 2945 2597 Filio,
2989 2535 3104 2602 pari
3169 2534 3330 2587 modo
3364 2534 3554 2588 missio

1971 2623 2206 2692 Spiritus
2237 2637 2266 2677 a
2297 2623 2436 2678 Filio
2459 2625 2755 2678 secundum
2781 2627 3027 2678 eamdem
3055 2625 3554 2678 considerationem

1972 2712 2174 2780 agnita,
2216 2722 2298 2766 est
2333 2712 2644 2780 diciturque
2679 2728 2709 2765 a
2739 2713 2900 2776 Filio,
2927 2721 2982 2766 at
3009 2728 3118 2766 non
3163 2714 3290 2765 item
3326 2729 3555 2783 prorsus

1972 2800 2091 2853 Filii
2119 2815 2149 2853 a
2181 2799 2388 2869 Spiritu
2447 2801 2748 2854 secundum
2779 2802 3142 2856 divinitatem.
3198 2802 3261 2856 Et
3304 2806 3554 2858 eumdem

1972 2891 2338 2945 confessionis
2367 2893 2574 2961 apicem
2602 2894 2982 2957 Athanasium,
3003 2897 3118 2948 hsec
3142 2896 3212 2950 ita
3248 2911 3304 2950 se
3329 2898 3550 2959 habere,

1971 2995 2026 3037 et
2058 2985 2229 3050 majus
2291 2985 2368 3038 uti
2410 2987 2478 3040 de
2529 2985 2686 3040 Patre
2717 2995 2771 3040 et
2821 2987 2979 3051 Filio,
3039 2991 3109 3041 ita
3143 3000 3197 3041 et
3237 2991 3303 3042 de
3334 2989 3470 3042 Filio
3503 3001 3558 3043 et

1975 3074 2182 3143 Spiritu
2259 3077 2560 3131 secundum
2615 3079 2726 3146 jatn
2802 3079 3105 3147 expositam
3166 3082 3553 3148 proprietatem

292 3180 449 3247 παρὰ
481 3177 577 3231 τοῦ
602 3176 754 3235 Υίοῦ,
789 3175 903 3228 ἀλλ’
936 3177 997 3226 οὐ
1041 3174 1215 3242 δήπου
1246 3177 1341 3226 τοῦ
1378 3174 1509 3226 Υἰοῦ
1545 3175 1867 3242 τοπαράπαν

1978 3168 2311 3230 decrevisse,
2341 3179 2394 3221 et
2424 3184 2490 3222 ex
2519 3169 2621 3223 hoc
2651 3170 2797 3224 dicto
2831 3181 2886 3224 et
2933 3187 2999 3225 ex
3026 3172 3147 3226 aliis
3203 3173 3449 3240 plurimis
3503 3175 3555 3226 in

295 3269 456 3336 παρά
500 3266 594 3320 τοῦ
620 3265 938 3333 Πνεῦματος
985 3264 1125 3316 κατά
1159 3265 1256 3333 τὴν
1291 3264 1542 3333 θεότητα.
1574 3265 1642 3316 Ὅ
1672 3280 1732 3332 γε
1769 3264 1874 3332 μὴν

293 3361 465 3421 αὐτὸς
517 3362 545 3411 6
598 3358 698 3426 τῆς
748 3356 1038 3426 ὁμολογίας
1095 3357 1354 3425 ἀκρέμων
1400 3356 1737 3419 Ἀθανάσιος,
1791 3356 1874 3408 ὅτι

292 3450 456 3505 ταῦθ’
490 3448 666 3510 οὕτως
698 3448 832 3516 εχει,
867 3450 962 3500 καὶ
992 3447 1053 3500 τὸ
1076 3445 1276 3514 μεῖζον
1309 3446 1385 3509 ὡς
1425 3448 1516 3499 ἐπὶ
1548 3447 1760 3516 Πατρὸς
1784 3450 1877 3498 καὶ

295 3541 455 3603 Υίοῦ,
499 3539 672 3601 οὕτως
705 3541 798 3591 ἐπὶ
829 3537 958 3591 Υίοῦ
1007 3541 1100 3590 καὶ
1137 3539 1454 3606 Πνεύματος
1489 3539 1608 3592 κατ’
1639 3539 1877 3608 ἰδιότητα

293 3635 401 3703 τὴν
428 3632 826 3701 διειλημμένην
855 3631 1228 3698 ὲθεολὸγησεν,
1255 3631 1317 3683 ἐκ
1338 3647 1395 3682 τε
1423 3633 1634 3699 ρήσεως
1649 3631 1876 3699 ταύτης,

297 3726 396 3780 καὶ
429 3725 523 3793 ἀφ’
563 3719 639 3777 ὧν
686 3726 744 3776 ὲν
796 3723 1078 3784 πλείσταις
1119 3721 1287 3775 αὑτοῦ
1328 3721 1638 3791 θεηγορίαις
1689 3722 1878 3775 διασα-

300 3819 415 3886 φεῖ,
445 3816 687 3868 δείκνυσι
714 3812 994 3881 καθαρῶς,
1016 3812 1109 3864 νῦν
1139 3813 1194 3864 δὲ
1229 3812 1405 3879 μόνως
1442 3810 1500 3874 ἐξ
1523 3804 1596 3863 ὧν
1628 3828 1793 3880 φησιν
1824 3815 1880 3864 ἐν

297 3907 615 3967 ἐπιστολαῖς
635 3907 755 3967 ταῖς
778 3902 908 3972 πρὸς
930 3903 1252 3972 Σεραπίωνα
1276 3901 1614 3970 βεόαιώσειε.
1641 3901 1880 3965 Ταύταις

299 4001 416 4068 γὰρ
458 3997 720 4067 εἰρηκὼς,
766 4015 784 4046 ι
827 3994 1100 4064 Τοιαύτην
1137 3995 1289 4060 ἰάξιν
1320 3995 1412 4045 καὶ
1468 3995 1630 4061 φύσιν
1669 3994 1882 4063 ἔχοντος

298 4092 398 4145 τοῦ
439 4091 756 4158 Πνεύματος
786 4087 922 4157 πρὸς
953 4087 1046 4137 τὸν
1095 4085 1242 4148 Υἱδν,
1292 4086 1484 4136 ὁποίαν
1523 4086 1551 4135 6
1602 4086 1728 4145 Υἱὸς
1767 4085 1883 4153 ἔχει

303 4183 444 4250 πρὸς
505 4181 599 4233 τὸν
639 4179 882 4248 Πατέρα,
923 4197 941 4228 ι
978 4179 1036 4230 ὲν
1089 4178 1279 4239 αὑταῖς
1327 4177 1480 4239 αὖθις
1532 4176 1880 4244 διαγορεύει·

310 4293 330 4326 ι
369 4275 502 4326 Οἶαν
552 4273 662 4342 γὰρ
716 4271 962 4338 ἔγνωμεν
1019 4269 1255 4337 ἰδιότητα
1304 4269 1398 4321 τοῦ
1434 4269 1562 4321 Υίοῦ
1609 4268 1746 4331 πρὸς
1794 4268 1885 4319 τὸν

306 4368 553 4437 Πατέρα,
584 4363 790 4432 ταύτην
821 4363 965 4432 ἔχειν
987 4361 1049 4413 τδ
1076 4360 1301 4429 Πνεῦμα
1335 4362 1471 4429 πρὸς
1499 4362 1591 4413 τὸν
1626 4362 1754 4413 Υίὸν
1795 4362 1886 4412 sb.

313 4459 574 4526 ρήσομεν.
613 4472 631 4504 ι
672 4451 783 4504 Καὶ
817 4450 978 4503 πάλιν
999 4466 1012 4480 ·
1051 4468 1070 4501 ι
1110 4451 1323 4520 Ὠσπερ
1351 4453 1459 4520 γὰρ
1491 4452 1547 4503 ἐν
1581 4451 1689 4520 ἰδίᾳ
1720 4452 1884 4503 είκόνι

1978 3259 2093 3314 suis
2126 3259 2328 3314 divinis
2354 3263 2764 3316 commentariis
2798 3262 3063 3332 inspersis
3123 3265 3410 3336 perspicue
3464 3281 3559 3336 ap-

1979 3361 2153 3419 paret,
2188 3367 2333 3406 nunc
2379 3368 2507 3408 vero
2529 3354 2704 3408 solum
2733 3370 2796 3408 ex
2838 3355 2907 3408 iis
2961 3371 3082 3427 quae
3134 3356 3184 3411 in
3219 3361 3463 3423 epistolis
3491 3363 3557 3411 ad

1979 3443 2331 3514 Serapionem
2384 3445 2675 3511 decernit;
2743 3462 2978 3519 namque
3033 3467 3155 3504 cum
3208 3452 3314 3505 illis
3362 3453 3556 3505 dicat:

1989 3553 2006 3585 ι
2048 3535 2309 3588 Eumdem
2338 3536 2586 3591 ordinem
2620 3546 2674 3593 et
2700 3550 2950 3594 naturam
3001 3557 3122 3596 eum
3160 3542 3353 3595 habeat
3390 3543 3560 3610 Spiri-

1984 3637 2070 3680 tus
2093 3642 2216 3697 erga
2245 3627 2461 3691 Filium,
2499 3647 2658 3697 quam
2695 3631 2859 3685 habet
2887 3632 3054 3686 Filius
3103 3648 3227 3701 erga
3257 3634 3489 3689 Patrem.
3536 3653 3554 3683 ι

1983 3718 2037 3772 iu
2069 3717 2258 3772 iisdem
2284 3717 2480 3773 iterum
2501 3731 2712 3789 repetat
2739 3739 2753 3776 :
2789 3742 2807 3774 ι
2831 3721 3007 3788 Quam
3040 3723 3184 3777 enim
3213 3726 3558 3794 agnoscimus

1984 3808 2371 3876 proprietatem
2401 3808 2522 3864 Filii
2581 3828 2708 3882 erga
2759 3812 2993 3875 Patrem,
3044 3815 3291 3868 eamdem
3357 3815 3558 3868 habere

1986 3900 2247 3968 Spiritum
2310 3916 2433 3972 erga
2500 3901 2698 3957 Filium
2748 3905 3104 3973 reperiemus.
3151 3924 3168 3956 ι
3200 3905 3557 3974 Rursusque:

1991 4008 2008 4040 (
2042 3989 2218 4044 Veluti
2245 3991 2298 4044 in
2333 3991 2549 4059 propria
2592 3993 2824 4061 imagine
2873 4003 2957 4047 est
3007 3994 3178 4048 Filius
3221 4000 3272 4047 in
3328 3995 3559 4063 Spiritu,

1986 4096 2091 4134 non
2115 4082 2220 4135 alio
2253 4083 2415 4136 modo
2442 4093 2524 4136 est
2554 4082 2714 4137 Pater
2746 4084 2798 4137 in
2831 4083 2988 4138 Filio.
3028 4104 3044 4135 ι
3078 4085 3187 4141 Nec
3216 4098 3336 4154 post
3371 4088 3558 4139 multa:

1993 4193 2010 4224 ι
2051 4173 2229 4244 Imago
2282 4176 2401 4229 Filii
2455 4177 2658 4230 dicitur
2718 4186 2773 4230 et
2821 4188 2906 4231 est
2950 4178 3215 4246 Spiritus;
3249 4193 3385 4246 quos
3415 4181 3559 4232 enim

1987 4267 2240 4335 cognovit
2295 4275 2351 4320 et
2395 4268 2897 4330 przdeterminavit
2958 4269 3270 4324 conformes
3315 4271 3564 4339 imaginis

1991 4353 2109 4408 Filii
2161 4355 2266 4408 sui.
2311 4373 2329 4406 ι
2377 4357 2443 4410 Et
2468 4358 2559 4426 qui
2596 4360 2857 4428 operibus
2911 4359 3131 4412 nomine
3171 4375 3280 4412 non
3341 4359 3565 4412 inferior

1990 4459 2070 4501 est
2093 4447 2388 4517 Gregorius
2419 4447 2880 4518 Thaumaturgus,
2910 4451 2960 4502 iu
2992 4466 3103 4504 sute
3133 4451 3448 4520 dogmatiea:
3482 4468 3567 4505 re-

312 4551 463 4602 ὲστὶν
493 4548 521 4598 6
540 4545 669 4608 Υἱὸς
714 4547 771 4596 ἐν
798 4542 878 4611 τῷ
906 4541 1207 4608 Πνεύματι,
1232 4541 1374 4594 οὕτω
1397 4545 1490 4594 καὶ
1524 4543 1551 4594 6
1586 4543 1776 4612 Πατὴρ
1823 4546 1867 4595 ἐκ

1993 4539 2282 4592 velatiouis
2306 4539 2632 4606 initiatione,
2693 4559 2711 4591 ι
2750 4541 2929 4595 Patris
2959 4541 3154 4610 imago,
3188 4543 3284 4602 ait.
3314 4542 3504 4604 Filius,
3539 4561 3557 4591 ι

307 4641 389 4711 τῷ
430 4639 565 4709 Υἱῷ.
611 4656 628 4688 ι
667 4638 776 4690 Καὶ
812 4635 950 4704 μετά
977 4651 1132 4686 τινα⁶
1170 4652 1188 4682 ι
1231 4634 1410 4686 Είκὼν
1445 4634 1537 4686 τοῦ
1571 4635 1701 4688 Υίοῦ
1734 4636 1888 4701 λέγε-

310 4750 405 4786 ται
440 4733 532 4784 καὶ
571 4730 693 4781 ἐστι
732 4727 793 4780 τὸ
829 4727 1080 4795 Πνεῦμα.
1129 4724 1235 4787 Οὓς
1265 4725 1374 4794 γὰρ
1426 4726 1569 4793 έγνω
1618 4725 1890 4795 προώρισε

317 4822 678 4892 συμμόρφους
711 4820 812 4888 τῆς
867 4817 1074 4875 εἰκόνος
1107 4815 1200 4867 τοῦ
1235 4815 1363 4868 Υίοῦ
1402 4816 1588 4870 αὐτοῦ.
1645 4836 1662 4867 ι
1712 4819 1820 4869 Καὶ.
1866 4819 1893 4869 6

206 4971 210 4974 γ
315 4913 660 4984 φερωνυμῶν
693 4913 757 4964 ἐκ
791 4911 900 4964 τῶν
930 4896 1107 4979 ἔργων
1138 4908 1439 4978 Γρηγόριος
1476 4910 1504 4960 6
1534 4908 1894 4977 Θαυματουρ-

316 5009 416 5075 γδς
466 5009 522 5058 ὲν
577 5007 644 5074 τῇ
701 5005 798 5070 τῆς
848 5001 1014 5054 αὑτοῦ
1067 5001 1406 5071 δογματικῆς
1475 5000 1892 5068 ’Δποκαλύψεως

322 5099 543 5166 μυήσει,
591 5113 609 5146 ι
649 5093 754 5146 Τοῦ
793 5092 1006 5159 Πατρὸς
1055 5093 1240 5156 είκων,
1281 5109 1300 5142 ι
1343 5091 1527 5160 φησὶν,
1556 5109 1576 5142 ι
1615 5093 1643 5142 6
1687 5091 1834 5152 Υἱὸς,
1871 5109 1888 5140 ι

318 5193 412 5244 καὶ
446 5190 585 5258 μετὰ
627 5186 824 5255 βραχὺ,
857 5204 875 5236 ι
922 5183 1099 5236 Εἱκὼν
1125 5182 1222 5236 τοῦ
1256 5182 1386 5235 Υίοῦ
1421 5182 1482 5235 τὸ
1519 5182 1896 5252 Πνεῦμςψτε-

318 5283 466 5334 λείου
495 5279 676 5332 τελεία
697 5294 710 5306 ·
746 5296 764 5328 ι
797 5277 889 5328 καὶ
933 5275 1202 5343 πολλαχοῦ
1236 5273 1396 5327 τοῦτο
1441 5274 1539 5342 τῆς
1574 5275 1725 5336 θείας
1758 5275 1898 5345 Γρα-

321 5375 452 5442 φῆς,
484 5391 502 5422 ι
538 5370 634 5424 τοῦ
663 5369 875 5438 Πατρὸς
901 5369 928 5419 ὁ
954 5366 1104 5432 Υἱὸς,
1132 5366 1335 5418 καὶτοῦ
1361 5365 1488 5417 Υἱοῦ
1510 5366 1570 5418 τὸ
1599 5366 1845 5434 Πνεῦμα,
1872 5387 1890 5418 ι

321 5465 422 5519 καὶ
453 5464 513 5515 οὐ
553 5462 726 5531 δήπου
759 5460 852 5512 τοῦ
900 5458 1030 5512 Υίοῦ
1059 5457 1222 5511 εἰκὼν
1257 5461 1284 5510 6
1317 5460 1525 5526 Πατὴρ,
1552 5458 1674 5510 οὐδέ
1704 5474 1767 5524 γε
1805 5457 1899 5509 τοῦ

325 5554 644 5624 Πνεῦματος
677 5556 704 5606 6
728 5553 879 5614 Υίὺς,
907 5554 998 5604 καὶ
1038 5551 1212 5604 ταῦτα
1240 5550 1348 5602 τῶν
1381 5550 1551 5616 τριῶν
1593 5550 1781 5612 οὐσίας
1808 5548 1897 5602 οῦ-

327 5665 429 5718 σης
464 5647 595 5716 μιᾶς
614 5663 630 5677 ·
666 5645 841 5697 καίτοι
869 5645 917 5697 εί
944 5643 1030 5696 διὰ
1056 5643 1259 5711 ταύτην
1293 5642 1509 5708 ἐλέγετο
1537 5642 1683 5704 τάδε,
1720 5642 1814 5693 καὶ
1841 5641 1900 5693 οὐ

324 5742 419 5795 διὰ
439 5740 538 5809 τὴν
566 5739 898 5807 λελεγμένην
950 5736 1187 5806 ἰδιότητα
1230 5737 1457 5804 προόδου
1497 5737 1593 5802 τῆς
1641 5735 1898 5801 φυσικῆς,

330 5834 640 5904 ἀδιαφόρως
683 5833 748 5887 ἂν
781 5830 1009 5901 θατέρου
1041 5830 1264 5897 θάτερον
1296 5828 1538 5881 ἐκαλεῖτο
1568 5827 1751 5890 εἰκὼν,
1787 5821 1900 5878 ἀλλ’

1991 4645 2094 4682 nec
2141 4631 2309 4683 multo
2365 4643 2488 4698 post
2526 4649 2538 4683 :
2579 4650 2596 4680 ι
2627 4631 2809 4701 Imago
2845 4631 2962 4684 Filii
3019 4631 3272 4701 Spiritus,
3341 4633 3564 4701 perfecti

1994 4723 2293 4792 perfecta.»
2351 4721 2417 4776 Et
2480 4721 2678 4791 passim
2730 4722 2784 4774 in
2835 4721 3036 4776 divinis
3071 4721 3291 4775 Litteris
3349 4722 3565 4791 legitur,

2000 4831 2018 4865 ι
2062 4813 2233 4868 Patris
2267 4813 2454 4875 Filius,
2480 4823 2533 4865 et
2560 4811 2681 4866 Filii
2709 4811 2965 4880 Spiritus,
3008 4832 3026 4863 ι
3077 4828 3174 4865 nec
3204 4813 3311 4865 ullo
3341 4813 3395 4864 in
3429 4813 3566 4874 loco,

1997 4903 2118 4957 Filii
2178 4903 2354 4972 imago
2408 4900 2567 4954 Pater
2609 4908 2714 4965 est,
2770 4914 2949 4968 neque
3006 4898 3239 4967 Spiritus
3279 4899 3417 4962 Filii,
3442 4899 3570 4952 licet

1999 4997 2194 5048 horum
2224 4996 2384 5048 trium
2419 5009 2525 5046 una
2558 4991 2793 5047 essentia
2825 4994 2916 5053 sit,
2949 4990 3196 5060 quamvis
3243 4990 3286 5044 si
3326 4992 3392 5043 ob
3432 4991 3571 5044 hanc

1999 5088 2103 5141 ista
2124 5086 2525 5140 aﬂirmarentur
2555 5092 2739 5137 etnon
2772 5084 2840 5137 ob
2881 5083 2989 5152 jam
3019 5081 3217 5136 dictam
3272 5080 3573 5149 proprieta-

2000 5189 2108 5233 tem
2148 5178 2414 5232 naturalis
2435 5176 3168 5248 progressus,indill'erenter
3215 5174 3446 5227 aiterum
3497 5173 3574 5224 al-

2001 5273 2171 5324 terius
2203 5271 2380 5339 imago
2411 5282 2842 5339 nuncuparetur.
2877 5268 3260 5322 Verumtamen
3310 5266 3423 5318 liazt:
3463 5281 3571 5317 non

2002 5369 2152 5423 sunt,
2192 5376 2367 5429 neque
2394 5360 2671 5413 dicuntur.
2704 5358 2887 5426 Imago
2918 5360 3062 5409 enim
3087 5354 3254 5408 Filius
3278 5365 3360 5407 est
3401 5353 3562 5413 illius,

2001 5469 2065 5506 ex
2134 5468 2242 5521 quo
2291 5461 2394 5516 est,
2450 5451 2625 5504 Patris
2680 5450 2947 5504 sententia
3004 5446 3247 5517 GregOrii
3298 5446 3349 5498 in
3407 5443 3575 5497 rebus

2006 5543 2324 5611 theologicis
2357 5540 2716 5611 magni.Cum
2750 5540 2895 5594 enim
2952 5553 3112 5606 supra
3172 5554 3287 5590 eam
3339 5544 3578 5590 consub-

2005 5634 2257 5688 stantiale
2311 5640 2603 5702 posuisset,
2638 5635 2818 5685 statim
2869 5631 3194 5685 subiutulil:
3261 5648 3277 5680 (
3322 5628 3387 5682 Et
3434 5631 3577 5698 quod

2008 5726 2114 5778 hoc
2144 5725 2273 5780 inde
2303 5734 2409 5789 est,
2439 5739 2548 5777 non
2587 5725 2714 5778 item
2747 5741 2811 5778 ex
2848 5725 2946 5776 hoc
2970 5724 3150 5788 Pater,
3180 5741 3197 5771 ι
3234 5723 3402 5791 ipsam
3437 5722 3578 5776 inm

2009 5840 2065 5879 sc
2106 5821 2516 5894 congruentiam
2552 5820 2836 5890 adaptans,
2869 5833 2990 5874 cum
3020 5826 3075 5874 ct
3111 5816 3578 5873 consubstantiele
