4220 6444
755 356 892 423 1331

1995 351 2323 416 GEORGII
2364 352 2823 415 METOCHlT/E

3863 332 4004 400 1332

753 472 882 526 inde
915 470 1006 532 sit,
1038 470 1181 539 quod
1229 487 1293 525 ex
1349 471 1584 525 essentia
1640 468 1815 523 Patris
1872 467 2043 522 Filius
2082 468 2173 530 sit,
2219 480 2328 519 non
2356 465 2406 523 Α

2356 465 2406 523 Α
2430 466 2530 517 οὐκ
2564 464 2735 525 εστιν,
2774 462 2899 514 οὔτε
2926 461 3164 527 λέγεται.
3199 455 3379 511 Είκὼν
3406 453 3515 524 γὰρ
3558 453 3587 506 6
3626 452 3755 516 Υἱὸς
3785 452 4001 506 ἑκείνου

754 562 883 617 item
905 578 970 617 ex
1001 563 1236 616 essentia
1266 562 1337 615 ob
1364 560 1852 623 consubstantiaie,
1903 561 1972 614 de
2003 574 2114 628 quo
2158 573 2322 624 supra

753 654 992 707 tenuiter
1030 654 1502 720 pertractavimus,
1530 651 1674 721 quod
1725 651 1900 706 fusius
1945 650 2063 705 aliis
2119 651 2322 704 nostris

750 743 1095 798 sermonibus
1129 743 1454 814 peregimus,
1479 753 1680 813 quanta
1711 743 1781 798 sit
1807 757 1993 799 eorum
2017 741 2324 796 absurditas

750 832 1123 891 ostendentes.
1156 834 1248 902 qui
1290 836 1593 888 secundum
1623 835 1911 888 afﬁrmant.
1965 831 2145 900 Imago
2167 831 2321 885 sitni-

749 923 873 975 liter
896 921 1010 976 Filii
1053 922 1286 993 Spiritus
1309 934 1393 979 est
1424 935 1674 994 tanquam
1701 926 1793 994 qui
1824 941 1886 981 ex
1917 926 2054 993 ipso,
2112 937 2168 980 et
2223 939 2322 994 per

753 1014 931 1081 ipsum
960 1019 1257 1069 secundum
1288 1017 1538 1088 imaginis
1567 1019 1912 1074 traditionem
1936 1031 2040 1074 est.
2102 1023 2156 1076 Si
2189 1038 2320 1076 vero

751 1103 917 1158 illius?
958 1122 1022 1160 ex
1062 1123 1191 1176 quo.
1253 1111 1395 1177 quod
1425 1124 1490 1164 ex
1525 1125 1589 1164 eo
1620 1119 1724 1174 est,
1771 1112 2069 1166 secundum
2102 1124 2319 1168 nostros

749 1195 964 1249 divinos
987 1196 1312 1266 interpretes
1334 1205 1390 1252 et
1422 1199 1586 1253 duces
1611 1200 1783 1270 imago
1811 1209 1915 1265 est,
1947 1202 2088 1270 quod
2123 1219 2189 1258 ex
2215 1204 2319 1258 hoc

746 1289 981 1354 quodam
1012 1303 1118 1340 non
1151 1289 1331 1354 fuerit,
1359 1305 1535 1359 neque
1567 1295 1742 1360 imago
1767 1291 1910 1345 illius
1935 1292 2097 1348 fuerit
2122 1309 2186 1347 ex
2210 1310 2318 1362 quo

748 1392 860 1432 non
887 1386 990 1431 est.
1019 1379 1418 1449 Proptereaque
1452 1396 1628 1451 neque
1654 1383 1815 1437 Pater
1861 1383 2036 1453 imago
2058 1384 2179 1438 Filii
2209 1395 2315 1446 est,

745 1468 891 1535 quod
927 1483 991 1522 ex
1024 1469 1144 1539 ipso
1171 1485 1279 1524 non
1309 1481 1412 1532 est,
1445 1473 1539 1526 sed
1579 1473 1724 1539 quod
1772 1474 1873 1528 hoc
1934 1474 2062 1529 inde
2102 1483 2206 1538 est,
2258 1485 2317 1530 ut

749 1559 1126 1630 theologorum
1173 1563 1354 1630 apices
1409 1563 1752 1629 decernunt,
1808 1567 2108 1620 secundum
2175 1567 2315 1623 hanc

747 1653 994 1705 eumdem
1023 1653 1290 1708 rationem
1317 1652 1555 1723 Spiritus
1577 1655 1755 1726 imago
1781 1655 1953 1711 Filius
1989 1672 2162 1726 neque
2206 1667 2311 1722 est,

747 1757 927 1812 neque
975 1744 1196 1798 dicitur.
1265 1745 1370 1800 Sed
1429 1747 1547 1802 Filii
1575 1748 1792 1818 quidem
1822 1750 2177 1821 archetypum
2230 1760 2312 1805 cst

745 1833 925 1897 Pater,
952 1834 1186 1904 Spiritus
1216 1853 1345 1892 vero
1366 1849 1682 1910 protOtypus
1708 1851 1793 1895 est
1815 1841 2003 1896 Filius.
2039 1841 2193 1898 Unde
2221 1843 2310 1912 qui

742 1940 772 1978 a
807 1925 960 1980 miris
987 1926 1215 1982 edendis
1258 1945 1557 1999 cognomen
1607 1932 1712 1986 sibi
1747 1933 2042 1988 vindicavit
2094 1933 2318 1990 Neocae-

745 2019 1003 2074 sariensis
1062 2024 1322 2084 antistes,
1379 2027 1624 2078 oratione
1703 2025 1859 2094 cujus
1931 2025 2310 2095 principium:

749 2127 770 2160 ι
804 2108 1166 2168 inimicissimi
1200 2122 1257 2168 et
1302 2115 1462 2169 alieni
1510 2115 1578 2169 ab
1624 2116 1917 2184 apostolica
1965 2114 2312 2171 confessione

741 2211 890 2266 sunt,
922 2205 1016 2273 qui
1049 2205 1243 2260 Filium
1269 2224 1336 2261 ex
1361 2207 1428 2260 iis
1456 2223 1711 2276 quamnon
1748 2219 1876 2262 sunt
1896 2220 2166 2274 asserunt,
2195 2232 2214 2264 ι
2240 2241 2311 2254 —-

751 2312 769 2343 ι
802 2294 920 2349 Filii
940 2295 1098 2351 Pater
1122 2298 1449 2368 principium
1481 2308 1583 2364 est,
1615 2300 1712 2364 ait,
1745 2300 1812 2354 ab
1830 2311 2032 2356 aeterno
2065 2317 2188 2357 eum
2215 2319 2311 2373 ge-

740 2401 961 2450 nerans,
999 2399 1054 2443 et
1085 2389 1347 2444 Dominus
1373 2399 1455 2444 est
1482 2399 1799 2461 prototypus
1833 2391 2086 2460 Spiritus.
2124 2412 2143 2445 ι
2183 2394 2310 2451 Hac

742 2478 1052 2534 divinorum
1085 2481 1798 2552 mysteriorumcollectores
1833 2469 2130 2537 secundum
2166 2486 2313 2539 ordi-

739 2584 866 2622 nem
903 2573 1351 2640 sempiternarum
1370 2570 1810 2625 exsistentiarnm
1834 2572 2129 2628 divinitatis
2161 2576 2311 2644 prin-

737 2661 916 2727 cipum
950 2662 1311 2732 hypostaseon
1343 2662 1641 2726 tradentes,
1670 2672 1760 2716 et:
1824 2681 1842 2714 ι
1878 2665 1967 2718 Uti
1985 2665 2156 2719 Filius
2181 2681 2308 2735 erga

736 2747 951 2804 Patrem
976 2767 1036 2806 se
1072 2752 1257 2815 habet,
1282 2752 1353 2807 ita
1380 2767 1508 2822 erga
1537 2753 1728 2806 Filium
1757 2754 2010 2823 Spiritus,
2041 2775 2060 2808 ι
2121 2769 2310 2828 aperte

736 2843 1109 2907 enuntiantes,
1161 2859 1480 2914 rursusque,
1533 2863 1553 2896 ι
1590 2846 1678 2901 Uti
1714 2845 1911 2911 Patris,
1955 2847 2029 2902 ita
2075 2859 2131 2904 et
2184 2850 2306 2906 Filii

738 2927 999 2997 Spiritum
1031 2937 1327 2987 secundum
1349 2934 1664 2988 eorumdem
1691 2936 1758 2989 ad
1778 2949 1898 2990 esse
1927 2953 2304 3008 progressum»

737 3021 1119 3086 decernentes,
1146 3043 1166 3075 ι
1197 3040 1543 3080 communem
1572 3025 1744 3082 Patris
1770 3039 1826 3083 et
1857 3028 1998 3095 Filii,
2029 3032 2306 3100 proprium

2425 558 2483 622 ἐξ
2500 551 2672 624 οὗπέρ
2697 557 2812 608 ἐστι
2834 552 2928 607 τοῦ
2965 551 3200 621 Πατρδς,
3237 548 3379 603 κατά
3405 547 3498 600 τὸν
3526 547 3694 600 πολὺν
3723 548 3781 599 ιν
3816 545 4003 599 θεολο-

2424 646 2519 714 γία
2558 647 2882 717 Γρηγόριον.
2925 645 3052 704 Gel;
3082 643 3193 714 γάρ
3241 641 3302 694 τὸ
3343 639 3630 710 δμοούσιον
3677 639 3765 691 ἐπ’
3804 639 4001 706 αὐτῆς,

2424 739 2586 800 εὐθὺς
2615 739 2886 806 ἐπήγαγε,
2926 753 2946 787 ι
2986 733 3095 786 Καὶ
3129 735 3210 786 ὅτι
3250 731 3408 784 τοῦτο
3445 729 3676 791 ἐκεῖθεν,
3726 727 3844 781 ἀλλ’
3896 729 4002 781 οὐκ

2422 832 2486 883 ἐκ
2529 829 2720 884 τούτου
2756 828 2944 899 Πατὴρ
2995 846 3014 878 ι
3049 826 3110 879 τὸ
3141 825 3495 893 καταλλήλως
3547 821 3672 892 ιχον
3725 821 3995 891 ἁρμόσας.

2435 921 2587 974 Ἐπεὶ
2619 923 2711 973 καὶ
2748 921 2810 972 τδ
2845 919 3134 988 ὁμοούσιον
3161 915 3408 970 ἐντεῦθεν
3434 915 3543 967 ἀπὸ
3572 913 3670 966 τοῦ
3697 918 3758 966 εκ
3782 913 3883 982 τῆς
3909 913 4002 966 οῦς

2422 1014 2545 1074 σίας
2588 1011 2681 1064 τοῦ
2712 1011 2925 1079 Πατρὸς
2955 1010 3044 1062 τὸν
3074 1009 3202 1062 Υἱὸν
3243 1003 3406 1069 εἶναι,
3451 1007 3543 1060 καὶ
3587 1007 3792 1076 ἣκιστα
3836 1005 3900 1058 τδ
3937 1008 4002 1058 ἐκ

2419 1104 2516 1171 τῆς
2545 1102 2732 1165 οὐσίας
2771 1102 2860 1154 διά
2889 1100 2952 1154 τὸ
2977 1099 3288 1168 όμοούσιον,
3321 1097 3452 1165 περὶ
3481 1092 3544 1150 οῦ
3575 1097 3838 1168 ἀνωτέρω
3863 1097 4000 1150 διει-

2419 1191 2558 1262 λήφα
2571 1209 2669 1259 μεν
2694 1190 2972 1260 ἀμυδρῶς,
3003 1187 3242 1258 ἀλλαχοῦ
3273 1188 3332 1241 δὲ
3357 1187 3466 1239 τῶν
3499 1188 3790 1256 ἡμετέρων
3822 1185 4000 1252 λόγων

2418 1283 2751 1352 πλατύτερον
2776 1283 2877 1353 τὴν
2908 1283 3137 1336 ἀτοπίαν
3158 1283 3260 1349 ὅση
3291 1297 3377 1343 τις
3404 1280 3706 1348 δεδειχότες
3739 1278 3850 1330 τῶν
3875 1294 4001 1329 συν-

2421 1375 2691 1430 ιστὼντων
2733 1375 2796 1428 τὸ
2821 1375 3093 1445 δεύτερον.
3126 1374 3305 1430 Είκὼν
3336 1372 3598 1434 ὡσαύτως
3641 1369 3732 1424 τοῦ
3763 1369 3899 1422 Υἱοῦ
3937 1370 3998 1421 τὸ

2417 1465 2663 1535 Πνεῦμα,
2695 1466 2770 1528 ὡς
2800 1467 2859 1531 ἐξ
2884 1466 3047 1519 αὐτοῦ
3080 1483 3139 1518 τε
3170 1465 3266 1519 καὶ
3293 1466 3364 1518 δι’
3393 1463 3559 1518 αὑτοῦ
3597 1463 3736 1515 κατὰ
3769 1461 3872 1531 τὴν
3896 1462 3996 1529 τῆς

2416 1558 2621 1620 εἰκόνος
2649 1558 2974 1627 παράδοσιν.
3012 1558 3073 1611 El
3104 1557 3161 1610 δὲ
3203 1556 3297 1608 τοῦ
3331 1555 3391 1620 ἐξ
3419 1550 3480 1608 οῦ
3513 1555 3574 1606 τὸ
3620 1555 3678 1619 ἐξ
3717 1552 3886 1605 αὑτοῦ
3919 1554 3999 1604 εἰ·

2416 1649 2527 1702 κὼν
2568 1650 2709 1703 κατὰ
2737 1651 2861 1713 τοὺς
2895 1649 3004 1702 τῶν
3036 1651 3198 1703 θείων
3229 1649 3538 1717 ὐφηγητάς,
3570 1647 3630 1699 τδ
3668 1646 3742 1716 μὴ
3774 1648 3840 1698 ιιι
3863 1645 3993 1698 τοῦ·

2413 1739 2467 1792 δέ
2488 1758 2629 1805 τινος
2656 1740 2737 1805 ὃν,
2766 1741 2876 1794 οὐδ’
2901 1742 3065 1794 εἰκὼν
3098 1741 3163 1794 ἂν
3195 1741 3279 1809 εἴη
3310 1738 3404 1792 τοῦ
3437 1740 3510 1809 μὴ
3538 1737 3598 1803 ἐξ
3629 1733 3690 1794 οῦ
3717 1740 3855 1790 ἐστι.
3893 1737 3994 1788 Διά

2413 1832 2574 1885 τοῦτο
2604 1833 2719 1886 οὗθ’
2742 1836 2770 1886 6
2810 1833 3001 1902 Πατὴρ
3031 1831 3196 1884 εἰκὼν
3224 1831 3319 1885 τοῦ
3347 1830 3502 1893 Υίοῦ,
3537 1830 3662 1882 ἐπεὶ
3695 1829 3770 1898 μὴ
3800 1828 3860 1892 ἐξ
3897 1828 3996 1880 αὐ-

2411 1923 2529 1986 τοῦ,
2551 1925 2664 1978 ἀλλ’
2692 1927 2775 1978 ὅτι
2798 1926 2956 1978 τοῦτο
2977 1924 3208 1987 ἐκεῖθεν,
3236 1926 3312 1986 ὠς
3334 1925 3372 1998 ἠν
3395 1923 3507 1976 τῶν
3529 1921 3799 1988 θεολόγων
3823 1921 3994 1990 ἀκρό-

2411 2037 2532 2088 της,
2569 2018 2693 2072 οὔτε
2729 2023 2870 2072 κατὰ
2901 2020 2994 2072 τὸν
3027 2018 3192 2072 αὐτὸν
3220 2019 3377 2086 λόγον
3427 2017 3525 2070 τοῦ
3558 2016 3882 2085 Πνεῦματος
3917 2016 3997 2066 sl-

2414 2111 2526 2163 κὼν
2551 2113 2579 2162 6
2610 2110 2756 2174 Υἱὸς,
2779 2109 2893 2162 οὔτ’
2919 2111 3077 2173 εἰσὶν,
3112 2109 3235 2162 οὔτε
3261 2109 3532 2177 λέγονται.
3578 2107 3738 2160 Ἀλλά
3771 2106 3866 2160 τοῦ
3893 2107 3996 2173 μὲν

2416 2201 2550 2255 Υίοῦ
2574 2203 2898 2272 ἀρχέτυπον
2927 2205 2956 2250 6
2987 2202 3196 2270 Πατὴρ,
3222 2199 3316 2253 τοῦ
3337 2201 3394 2254 δὲ
3427 2199 3743 2269 Πνεύματος
3774 2198 3996 2264 πρωτόο

2410 2313 2580 2358 τυπος
2605 2298 2634 2348 6
2663 2296 2812 2359 Υίός.
2843 2296 3005 2351 Ὅθεν
3038 2296 3066 2346 6
3089 2297 3200 2357 τοῖς
3230 2293 3478 2363 θαύμασι
3504 2291 3824 2362 φερώνυμος
3856 2292 3994 2344 Νεο-

2411 2390 2738 2459 καισαρείας
2779 2388 2982 2458 ποιμὴν
3011 2390 3069 2440 ὲν
3097 2386 3243 2457 λόγῳ
3267 2381 3330 2440 οὗ
3359 2388 3391 2455 ή
3437 2384 3604 2457 ἀρχὴ,
3645 2404 3663 2436 ι
3710 2383 3993 2453 Ἐχθιστοι

2412 2485 2506 2534 καὶ
2531 2481 2802 2550 ἀλλότριοι
2825 2481 2927 2549 τῆς
2949 2479 3314 2547 ἀποστολικῆς
3342 2479 3638 2548 ὁμολογίας
3665 2478 3717 2531 οί
3745 2479 3838 2531 τὸν
3858 2476 3993 2530 Υίδν

2409 2573 2470 2636 ιε
2499 2575 2600 2626 οὐκ
2633 2574 2804 2626 ὅντων
2829 2573 3099 2641 λέγοντες,
3144 2591 3162 2624 ι
3192 2602 3258 2614 -
3295 2590 3315 2623 ι
3360 2572 3556 2642 Ἀρχὴ,
3597 2590 3616 2624 ι
3650 2571 3808 2640 φησι,
3841 2588 3862 2621 ι
3894 2569 3991 2622 τοῦ

2412 2665 2545 2719 Υίοῦ
2572 2668 2600 2718 6
2641 2667 2848 2735 Πατὴρ,
2890 2664 3078 2725 ἀῖδίως
3115 2665 3281 2717 αὑτὸν
3319 2666 3608 2734 γεννήσας,
3640 2665 3735 2715 καὶ
3775 2662 3994 2730 πρωτό-

2410 2772 2581 2819 τυπος
2603 2755 2702 2809 τοῦ
2750 2752 3070 2824 Πνεῦματος
3091 2757 3120 2806 6
3147 2753 3374 2822 Κύριος.
3419 2772 3438 2804 ι
3486 2754 3674 2807 Ταῦτά
3701 2770 3766 2820 γε
3802 2753 3914 2821 μὴν
3938 2752 3991 2803 ol

2412 2847 2702 2916 θεόληπτοι
2738 2845 3094 2916 μυστολέκται
3130 2847 3273 2897 κατά
3309 2845 3411 2915 τὴν
3456 2843 3608 2908 τάξιν
3653 2844 3763 2895 τῶν
3799 2843 3990 2896 ἀϊδίων

2411 2939 2700 3007 ὑπάρξεων
2724 2938 2834 2990 τῶν
2856 2936 3168 3006 θεαρχικῶν
3196 2936 3546 2989 ὑποστάσεων
3567 2934 3986 3004 παραδιδόντες,

2411 3032 2524 3095 καὶ,
2555 3047 2574 3081 ι
2596 3031 2683 3091 Ὡς
2710 3029 2738 3080 6
2765 3028 2892 3090 Υίὺς
2912 3027 3025 3097 ἔχει
3049 3027 3187 3098 πρὸς
3210 3028 3303 3080 τὸν
3327 3024 3723 3096 Πατέρα,οῦτω
3736 3024 3876 3093 πρὸς
3893 3023 3988 3075 τδν

735 3111 912 3166 Patris
941 3122 997 3168 et
1025 3115 1150 3169 Filii
1188 3134 1207 3167 ι
1246 3117 1538 3171 admodum
1585 3119 1875 3188 perspicue
1932 3123 2302 3189 enuntiantes,
2333 3151 2378 3212 δ

2333 3151 2378 3212 c
2412 3121 2540 3174 Υίδν
2567 3121 2629 3174 τὸ
2654 3120 2899 3189 Πνεῦμα,
2943 3138 2962 3172 ι
2997 3118 3344 3188 τρανοῦντες,
3384 3120 3478 3172 καὶ
3509 3113 3690 3179 αὖθις,
3730 3133 3751 3168 ι
3778 3118 3855 3179 ὡς
3889 3115 3986 3168 τοῦ

733 3202 1274 3262 determinantiilum
1306 3222 1372 3261 es
1394 3208 1685 3275 ambobus,
1714 3219 1811 3264 aut
1865 3227 1930 3266 ex
1989 3213 2147 3268 Patre
2209 3231 2304 3284 per

735 3291 958 3350 Filinm.
993 3295 1131 3352 llinc
1151 3305 1207 3352 et
1235 3296 1504 3353 Maximus
1528 3301 1875 3356 confessione
1908 3319 2006 3358 sua
2046 3321 2174 3359 vere
2200 3321 2305 3360 ce-

734 3384 1082 3452 leberrimus,
1115 3388 1243 3442 dum
1268 3389 1491 3458 exponit
1516 3392 1646 3460 quid
1681 3393 1785 3447 sibi
1818 3395 1950 3448 velit
1991 3397 2135 3464 apud
2171 3413 2301 3466 pro-

739 3477 955 3541 phetam
985 3478 1302 3536 Zachariam
1333 3498 1560 3538 aureum
1605 3486 2015 3552 candelabrum,
2043 3500 2097 3545 et
2137 3508 2304 3561 super

734 3567 866 3623 illud
901 3585 1064 3639 parva
1095 3572 1303 3642 lampas
1342 3584 1396 3628 et
1447 3576 1715 3642 lucernae,
1778 3581 1952 3647 palam
2006 3594 2302 3654 aperteque

731 3663 1096 3731 pronuntiat:
1134 3683 1152 3716 ι
1185 3664 1422 3734 Spiritus
1447 3678 1672 3724 sanctus
1697 3672 2152 3739 quemadmodum
2204 3693 2302 3732 na-

734 3764 853 3807 tura
876 3756 1178 3810 secundum
1212 3760 1509 3814 essentiam
1534 3769 1620 3815 cst
1656 3761 1750 3817 Dei
1771 3771 1828 3817 et
1861 3764 2059 3827 Patris,
2118 3768 2193 3823 ita
2247 3781 2300 3825 et

733 3844 855 3900 Filii
877 3848 1175 3902 secundum
1200 3851 1494 3905 essentiam
1533 3861 1639 3916 est,
1677 3872 1696 3905 ι
1731 3869 1833 3908 nec
1865 3856 2014 3911 aliud
2060 3859 2302 3929 interpo-

729 3953 869 3992 nens
896 3941 1265 4009 prosequitur,
1305 3961 1324 3993 ι
1350 3943 1628 4013 Tanquam
1654 3946 1750 4015 qui
1781 3962 1848 4001 ex
1905 3947 2064 4004 Patre
2114 3967 2300 4006 essen-

730 4028 933 4082 tiaiiter
958 4046 1054 4099 per
1086 4030 1281 4086 Filium
1313 4033 1552 4103 genitum
1573 4036 1757 4099 modo,
1797 4039 1890 4105 qui
1915 4040 2094 4095 verbis
2122 4044 2302 4111 expri-

728 4121 804 4174 mi
841 4137 946 4175 non
969 4132 1169 4190 potest.
1207 4125 1474 4190 procedit.
1513 4144 1532 4177 ι
1594 4125 1661 4181 Ει
1700 4127 1924 4185 divinus
1953 4131 2186 4203 Cyrillus
2238 4138 2296 4192 in

728 4213 931 4266 dictum
962 4228 1034 4271 τι
1065 4214 1184 4269 Vidi
1224 4217 1487 4286 Spiritum
1534 4218 1957 4277 descendentem
2015 4227 2167 4294 quasi
2203 4244 2298 4282 co-

728 4302 964 4357 lumbam
988 4305 1054 4359 de
1080 4307 1218 4360 casio
1237 4308 1336 4370 ·⁹,›
1359 4307 1505 4362 inter
1530 4309 1633 4365 alia
1662 4310 1816 4375 dicit,
1839 4312 1960 4369 «Uti
1983 4326 2069 4370 est
2097 4317 2295 4385 Patris,

727 4393 800 4468 ita
835 4410 1052 4465 quoque
1080 4405 1162 4450 est
1190 4397 1312 4451 Filii
1345 4399 1583 4468 Spiritus
1611 4411 1851 4459 sanctus.
1890 4425 1909 4457 ι
1943 4407 2008 4460 Et
2036 4408 2092 4462 in
2122 4409 2294 4467 illud:

2409 3212 2642 3281 Πατρδς,
2675 3212 2819 3266 οὕτω
2866 3212 3087 3266 καὶτοῦ
3135 3211 3266 3265 Υἰοῦ
3317 3212 3379 3264 τὸ
3428 3210 3654 3278 Πνεῦμα
3699 3211 3844 3262 κατὰ
3885 3209 3986 3279 τὴν

2405 3304 2585 3358 αὐτῶν
2617 3305 2698 3367 είς
2744 3306 2805 3357 τὸ
2835 3299 2974 3357 εἶναι
3002 3304 3235 3374 πρόοδον
3270 3322 3290 3355 ι
3350 3301 3762 3372 δογματίζουσι,
3803 3300 3988 3353 κοινὸν

2404 3395 2621 3466 Πατρδς
2660 3395 2752 3449 καὶ
2777 3395 2934 3460 Υίοῦ,
2970 3395 3101 3449 ῐδιον
3129 3394 3340 3463 Πατρὺς
3372 3394 3468 3447 καὶ
3483 3378 3628 3445 ⁵Υίοῦ
3665 3389 3988 3457 θεολογοῦν-

2401 3503 2494 3547 τις
2522 3487 2798 3555 φανότατα
2832 3487 2941 3539 κάκ
2989 3485 3157 3538 τῶνδε
3200 3483 3635 3552 διευκρινοῦντες
3666 3483 3728 3536 τδ
3765 3481 3827 3547 ἐξ
3874 3482 3988 3550 άμ-

2405 3580 2548 3645 φοῖν,
2574 3579 2608 3648 ἢ
2641 3580 2703 3631 τδ
2736 3580 2801 3631 ὲκ
2828 3577 3042 3647 Πατρδς
3071 3577 3139 3630 δι’
3175 3577 3326 3631 Υίοῦ.
3352 3577 3516 3630 Ὅθεν
3540 3574 3792 3646 Μάξιμος
3826 3575 3929 3644 μὲν
3953 3575 3985 3626 6

2402 3671 2502 3740 τὴν
2534 3670 2825 3739 ὁμολογίαν
2852 3667 3150 3738 ἀγακλεὴς,
3192 3669 3251 3720 ὲν
3289 3661 3371 3730 οἷς
3410 3667 3728 3736 ἑρμηνεύει,
3769 3665 3825 3718 τί
3858 3664 3986 3735 βοῦσ-

2401 3760 2553 3814 λεται
2595 3760 2728 3827 δῆτα
2784 3760 2862 3829 τῷ
2908 3760 3159 3830 προφήτῃ
3207 3759 3455 3829 Ζαχαρία
3495 3760 3528 3828 ἠ
3565 3758 3742 3828 χρυσῆ
3785 3757 3983 3826 λυχνία

2403 3852 2496 3904 καὶ
2519 3852 2580 3904 τὸ
2604 3851 2691 3904 ἔπ’
2721 3853 2858 3922 αὐτῇ
2884 3851 3212 3919 λαμπάδιον,
3238 3852 3332 3903 καὶ
3359 3853 3409 3904 οί
3437 3850 3646 3920 λύχνοι,
3677 3849 3982 3920 διαρρήδην

2401 3944 2790 4015 ἀνακηρύττει,
2839 3961 2858 3994 ι
2893 3944 2968 3997 Τὸ
3016 3943 3244 4012 Πνεῦμα
3285 3942 3347 3995 τδ
3379 3943 3534 4011 ἅγιον
3575 3941 3767 4011 ὥσπερ
3811 3942 3976 4010 φύσει

2401 4035 2523 4089 κατ’
2553 4036 2742 4088 οὐσίαν
2772 4036 3006 4105 ὑπάρχει
3030 4035 3123 4088 τοῦ
3152 4033 3286 4088 Θεοῦ
3314 4034 3411 4088 καὶ
3439 4034 3673 4105 Πατρδς,
3705 4033 3854 4088 οὕτω
3883 4037 3976 4087 καὶ

2401 4125 2494 4180 τοῦ
2530 4125 2660 4179 Υίοῦ
2696 4127 2815 4180 κατ’
2853 4127 3043 4180 οὐσίαν
3082 4127 3218 4193 ἐστὶ,
3254 4145 3273 4178 ›
3316 4127 3680 4197 συνημμένως
3722 4127 3974 4193 ιπάγων,

2405 4235 2424 4268 ι
2478 4216 2564 4281 Ὦς
2592 4221 2655 4272 ἐκ
2682 4219 2778 4271 τοῦ
2807 4219 3020 4287 Πατρδς
3043 4217 3318 4280 οὐσιωδῶς
3349 4216 3417 4270 δι’
3457 4217 3585 4270 Υίοῦ
3616 4217 3976 4286 γεννηθέντος

2398 4310 2692 4379 ἀφράστως
2722 4309 3172 4378 ἐκπορευόμενον.
3211 4327 3229 4360 ι
3267 4308 3538 4379 Κύριλλος
3558 4309 3605 4361 δ’
3627 4311 3655 4361 6
3677 4308 3972 4371 θεσπέσιος

2399 4405 2479 4466 είς
2513 4401 2573 4454 τὸ
2595 4401 2757 4473 ῥητὸν
2781 4401 2863 4464 τὺ,
2893 4401 2975 4454 ὅτι
3009 4419 3028 4451 ι
3060 4400 3340 4468 Τεθέαμαι
3371 4401 3434 4454 τδ
3464 4400 3690 4470 Πνεῦμα
3713 4399 3974 4454 κατασαῖο

732 4503 750 4536 ι
791 4486 856 4539 Ει
881 4500 982 4554 ego
1027 4489 1228 4558 rogabo
1247 4490 1486 4557 Patrem,
1518 4501 1572 4547 et
1599 4494 1764 4549 alium
1800 4495 2139 4554 Paracietum
2196 4502 2294 4556 da-
2332 4492 2373 4547 Ι)

2332 4492 2373 4547 D
2398 4512 2489 4547 vov
2517 4495 2650 4547 ὡσεὶ
2697 4494 3027 4565 περιστερὰν
3082 4493 3143 4558 ἐξ
3186 4493 3446 4562 οὐρανοῦ,
3485 4511 3504 4545 ι
3559 4492 3798 4562 είρηκὼς
3831 4493 3973 4563 πρὸς

725 4575 808 4628 bit
827 4578 984 4632 vobis
1010 4578 1076 4643 “,
1109 4597 1128 4631 ι
1165 4580 1375 4643 scribit,
1433 4601 1453 4635 ι
1487 4581 1584 4638 Dei
1634 4595 1688 4639 et
1731 4584 1907 4642 Patris
1963 4592 2292 4647 naturalium

723 4666 993 4722 bonorum
1016 4671 1385 4726 essentialiter
1406 4688 1528 4728 cum
1555 4673 1727 4730 Filius
1755 4679 2028 4748 particeps
2068 4681 2160 4742 sit,
2197 4681 2294 4736 ba-

725 4759 817 4814 bet
853 4759 1117 4828 Spiritum
1148 4777 1214 4817 eo
1243 4764 1364 4834 ipso
1394 4767 1577 4832 modo,
1611 4783 1723 4836 quo
1772 4784 1897 4824 eum
1940 4771 2140 4828 habere
2194 4773 2294 4830 Pa-.

729 4861 810 4904 ter
843 4852 1184 4923 intelligitur.
1238 4875 1257 4908 ι
1296 4855 1362 4910 Et
1401 4858 1455 4911 in
1492 4859 1562 4913 iis
1596 4875 1718 4928 qua
1768 4862 1836 4916 ad
1868 4862 2163 4920 Palladium
2194 4869 2292 4921 de-

725 4942 826 5006 dit,
865 4943 1178 5000 aﬂlrmans:
1219 4966 1237 4998 ι
1268 4947 1539 5004 Mutabilis
1560 4967 1691 5006 vero
1729 4953 1880 5008 nullo
1907 4955 2070 5010 modo
2115 4956 2294 5027 Spiri.

723 5038 811 5085 tus
839 5042 956 5098 est;
987 5034 1180 5102 quodsi
1213 5038 1499 5092 mutationi
1547 5040 1817 5097 obnoxius
1849 5051 1951 5106 est,
2003 5046 2069 5098 ad
2120 5046 2292 5114 ipsam

721 5121 962 5176 divinam
995 5134 1242 5192 naturam
1269 5129 1598 5198 vituperatio
1629 5144 1893 5200 recurret,
1918 5135 1964 5189 si
2001 5147 2084 5191 est
2109 5137 2202 5192 Dci
2231 5149 2286 5195 et

721 5210 916 5277 Patris,
943 5228 1201 5285 przeterea
1222 5229 1277 5273 et
1306 5221 1448 5284 Filii,
1483 5240 1502 5272 ι
1532 5222 1681 5277 illico
1709 5225 2007 5297 subiungit,
2043 5247 2062 5279 ι
2091 5229 2285 5284 Essen-

721 5303 922 5359 tinllter
973 5322 1038 5360 ex
1079 5309 1361 5375 ambobus,
1401 5326 1466 5364 ex
1522 5309 1679 5367 Patre
1708 5316 1916 5370 scilicet
1960 5334 2057 5387 per
2084 5318 2280 5374 Filium

718 5393 923 5450 eil’usus
949 5395 1184 5466 Spiritus
1216 5410 1458 5455 sanctus.
1499 5421 1519 5454 ι
1559 5403 1705 5459 idem
1742 5407 2110 5478 diviniloquus
2158 5427 2281 5467 cum

717 5485 840 5542 aliis
862 5487 1063 5543 divinis
1117 5490 1389 5557 Patribus,
1422 5512 1441 5545 ι
1480 5497 1762 5566 Pr0prium
1815 5499 1989 5556 Patris
2017 5501 2281 5573 Spiritum

717 5591 839 5635 esse
875 5581 1088 5644 astruit,
1113 5585 1393 5653 proprium
1426 5586 1569 5648 Filii,
1605 5591 1883 5658 proprium
1905 5593 2209 5649 amborum.
2257 5615 2274 5646 ι

790 5762 832 5799 ’θ
862 5761 1054 5825 Matth.
1093 5781 1176 5839 tu,
1215 5768 1298 5822 16.
1380 5771 1417 5803 ¹¹
1451 5769 1744 5842 Joan.x1v,
1779 5774 1862 5830 l6.

2390 4589 2501 4650 τοῖς
2527 4587 2728 4652 ἄλλοις,
2758 4605 2778 4638 ι
2817 4587 3030 4656 Ὠσπερ
3062 4587 3170 4656 γὰρ
3195 4585 3288 4638 τοῦ
3318 4586 3550 4658 Πατρδς,
3584 4584 3726 4638 οὕτω
3754 4586 3848 4637 καὶ
3873 4585 3969 4638 τοῦ

2392 4677 2523 4731 Υἱοῦ
2552 4680 2666 4731 ἐστι
2693 4678 2755 4732 τὸ
2780 4677 3004 4747 Πνεῦμα
3029 4677 3090 4731 τὸ
3119 4679 3297 4746 ἅγιον,
3337 4696 3358 4730 ι
3398 4680 3476 4740 εῖς
3507 4695 3567 4731 τε
3599 4679 3683 4743 τὸ,
3731 4696 3754 4730 ι
3790 4678 3968 4745 Κάγὼ

2393 4769 2653 4838 ἐρωτήσω
2681 4771 2773 4823 τὸν
2809 4770 3047 4840 Πατέρα,
3081 4769 3178 4822 καὶ
3207 4769 3371 4823 ἄλλον
3410 4771 3772 4840 Παράκλητον
3797 4771 3967 4824 δώσει

2394 4862 2544 4928 ὑμῖν,
2583 4879 2601 4910 ι
2638 4861 2900 4929 φάμενος,
2931 4878 2949 4912 ι
2989 4860 3110 4914 Τῶν
3137 4860 3231 4913 τοῦ
3256 4859 3394 4913 Θεοῦ
3429 4862 3524 4914 καὶ
3555 4863 3766 4932 Πατρδς
3793 4880 3966 4932 φυσιο

2392 4952 2506 5004 κῶν
2554 4954 2772 5021 ἀγαθῶν
2813 4952 3086 5016 οὑσιωδὼς
3122 4953 3389 5023 ὑπάρχων
3430 4956 3460 5007 ό
3507 4955 3636 5017 Υίδς
3681 4956 3963 5019 κοινωνὸς,

2391 5041 2506 5110 ἔχει
2532 5042 2591 5094 τὸ
2621 5042 2842 5112 Πνεῦμα
2869 5042 3010 5095 κατά
3041 5042 3231 5096 τοῦτον
3256 5049 3348 5097 τὸν
3376 5045 3595 5115 τρόπον,
3625 5044 3748 5096 καθ’
3785 5045 3965 5114 ὅνπερ

2391 5136 2458 5188 ἂν
2491 5140 2664 5189 νοοῖτο
2690 5137 2786 5190 καὶ
2813 5140 2840 5190 6
2882 5136 3092 5206 Πατὴρ,
3129 5156 3148 5189 ι
3204 5138 3307 5190 κάν
3331 5139 3443 5200 τοῖς
3472 5138 3612 5208 πρὸς
3659 5138 3965 5192 Παλλάδιον

2385 5226 2530 5280 οὓτω
2562 5227 2909 5298 θεολογήσας,
2940 5229 3214 5297 «Τρεπτδν
3234 5229 3291 5281 δι
3319 5228 3382 5282 οῦ
3409 5229 3489 5282 τοί
3517 5247 3619 5282 που
3639 5229 3700 5281 τὺ
3735 5230 3962 5300 Πνεῦμά

2387 5325 2537 5378 ἔστιν
2556 5341 2572 5357 ο
2607 5325 2636 5395 ἢ
2671 5325 2829 5394 εἴπερ
2861 5324 2924 5376 τὺ
2951 5324 3250 5394 τρέπεσθαι
3273 5327 3438 5390 νοσεῖ,
3475 5325 3563 5376 ἐπ’
3585 5325 3758 5395 αὐτὴν
3787 5329 3817 5377 ὁ
3845 5325 3964 5394 μῶο

2392 5431 2489 5483 μσς
2516 5413 2614 5485 τὴν
2649 5415 2799 5467 θείαν
2831 5416 3225 5491 ἀναδραμεῖται
3263 5415 3444 5482 φύσιν,
3493 5415 3652 5485 εἴπερ
3697 5418 3814 5469 ἐστὶ
3857 5415 3956 5470 τοῦ

2387 5506 2522 5562 Θεοῦ
2555 5509 2646 5558 καὶ
2680 5507 2914 5576 ΙΙατρὸς,
2939 5508 3032 5558 καὶ
3065 5505 3171 5576 μὴν
3202 5508 3294 5559 καὶ
3316 5506 3411 5560 τοῦ
3433 5507 3584 5565 Υίοῦ.
3623 5525 3642 5558 ι
3669 5507 3954 5576 παρευθὺς

2385 5598 2741 5652 ὲκισυνάπτει
2795 5597 2877 5666 τὸ,
2918 5616 2936 5649 ι
2991 5597 3265 5661 οὐσιωδῶς
3315 5597 3373 5670 ἐξ
3418 5599 3642 5670 ἀμφοῖν,
3679 5600 3852 5672 ἤγουν
3887 5603 3955 5656 ιιι
