4220 6444
276 375 414 445 1333

1255 385 1554 446 CONTRA
1593 387 1752 448 MAN
1761 388 2019 450 UELEM
2051 391 2526 452 CRETENSEM.

3392 388 3530 453 i334

271 492 488 562 Πατρδς
519 491 586 544 δι’
625 491 755 545 Υίοῦ
792 490 1158 563 προχεόμενον
1210 493 1364 563 ἆγιον
1413 495 1658 567 Πνεῦμα.
1712 515 1732 548 ι
1787 495 1845 549 '0

1950 499 2006 554 In
2061 509 2216 555 sexto
2263 501 2448 570 itaque
2483 498 2549 553 ad
2579 496 2879 559 ilermiam,
2930 499 3082 566 quasi
3132 497 3312 568 ipsum
3359 498 3533 555 inter-

268 581 436 643 αὐτὸς
490 581 814 652 θεοῤῥήμων
859 584 959 635 σὺν
1021 583 1230 646 λοιποῖς
1298 583 1408 638 τῶν
1477 584 1844 656 θεοφορήτων,

277 693 297 724 ε
337 673 467 727 ῐδιον
509 675 723 744 Πατρὸς
770 674 833 726 τὸ
865 675 1089 742 Πνεῦμα
1129 695 1148 728 ι
1176 676 1440 746 διδάσκει,
1477 698 1497 732 ε
1534 680 1664 734 [διον
1694 681 1846 747 Υίοῦ,

271 765 409 818 [διον
439 768 666 835 ἀμφοῖν.
708 785 728 819 ι
788 767 880 820 Ἐν
910 767 1041 835 γοῦν
1071 768 1217 840 ἕκτῳ
1251 770 1360 824 τῶν
1407 772 1543 844 πρὸς
1587 774 1847 844 Ἑρμείαν

269 855 351 917 ὡς
395 857 456 909 ὲν
482 856 751 926 ἐρωτήσει
793 856 931 927 πρὸς
974 858 1140 912 αὐτὸν
1180 860 1272 914 τὸν
1319 861 1478 932 λόγον
1525 866 1847 935 ποιούμενος

269 948 529 1011 διέξεισιν
561 948 760 1002 οὑτωσί
781 965 794 981 ·
827 967 846 1001 ι
877 951 1033 1014 Τίνος
1062 952 1194 1006 ῐδιον
1222 953 1416 1024 φῶμεν
1441 957 1501 1010 τὸ
1535 957 1761 1027 Πνεῦμα
1787 961 1848 1013 τὸ

269 1038 431 1104 ἆγιον
463 1039 634 1106 sitiat;
670 1043 878 1114 πότερα
903 1043 968 1114 δὴ
1001 1045 1164 1114 μόνου
1202 1047 1296 1100 τοῦ
1329 1048 1464 1101 Θεοῦ
1491 1052 1584 1102 καὶ
1613 1051 1847 1122 Πατρδς,

270 1131 306 1201 ἢ
363 1131 495 1199 γοῦν
527 1134 751 1188 καὶτοῦ
789 1136 942 1201 Υιοῦ,
995 1136 1029 1206 ἢ
1079 1137 1174 1191 καὶ
1210 1137 1315 1193 ἀνὰ
1364 1139 1532 1210 μέρος
1582 1143 1846 1215 ἐκατέρου

273 1229 370 1277 καὶ
409 1225 635 1294 ἀμφοῖν,
673 1227 749 1290 ὡς
781 1227 840 1281 ἓν
867 1229 932 1281 ὲκ
961 1229 1175 1299 Πατρδς
1199 1229 1267 1284 δι’
1293 1231 1422 1286 Υίοῦ
1453 1234 1543 1288 διὰ
1583 1235 1683 1305 τὴν
1711 1253 1848 1291 ταυ-

273 1318 485 1381 τότητα
513 1317 614 1385 τῆς
637 1318 826 1381 οὐσίας
848 1336 862 1383 ;
888 1337 908 1370 ι
929 1318 1018 1373 Ἐν
1047 1321 1369 1391 ἑρμηνείαις
1397 1324 1492 1378 τοῦ
1515 1326 1656 1380 κατὰ
1673 1326 1852 1382 Ἰωάν-

273 1422 374 1473 νην
406 1407 486 1468 είς
512 1409 574 1458 τὸ
607 1425 626 1459 ε
661 1408 890 1478 Πνεῦμα
939 1411 1040 1479 τῆς
1069 1412 1350 1482 ἀληθείας,
1389 1433 1408 1467 ι
1464 1417 1608 1472 οὕτω
1651 1420 1850 1474 διασα-

275 1499 397 1558 φειο
430 1514 448 1548 ι
498 1497 628 1550 Ἰδοὺ
655 1499 788 1569 γὰρ,
823 1500 936 1554 ἰδοὺ
983 1502 1209 1574 Πνεῦμα
1243 1507 1342 1574 τῆς
1381 1507 1664 1578 ἀληθείας,
1693 1529 1848 1565 τουτο

275 1586 429 1638 ἐστιν
485 1587 682 1642 ἑαυτοῦ
744 1591 837 1644 τὸν
894 1593 1256 1666 Παράκλητον
1311 1597 1504 1666 ειπὼν,
1556 1603 1708 1671 παρὰ
1754 1602 1851 1658 τοῦ

279 1680 495 1750 Πατρδς
524 1682 686 1735 αὐτὸν
715 1685 1118 1755 ὲκπορεΰεσθαί
1152 1707 1336 1760 φησιν.
1367 1693 1582 1766 Ὠσπερ
1603 1696 1711 1766 γάρ
1736 1699 1853 1752 ἐστι

280 1771 512 1840 Πνεῦμα
543 1773 674 1828 ἴδιον
715 1776 809 1829 τοῦ
846 1778 999 1844 Υίοῦ,
1032 1782 1280 1847 φυσικῶς
1306 1785 1366 1837 ὲν
1400 1785 1553 1855 αὐτῷ
1585 1805 1644 1840 τε
1673 1789 1853 1860 ὑπάρ-

276 1880 397 1930 χον,
432 1864 526 1916 καὶ
550 1864 616 1917 δι’
644 1866 812 1920 αὐτοῦ
841 1845 1054 1938 προϊὸν,
1083 1871 1226 1925 οὕτω
1253 1845 1464 1929 καὶτοῦ
1495 1845 1706 1948 Πατρός
1724 1894 1740 1911 ο
1772 1845 1854 1943 οἷς
1887 1845 1928 1903 Β

276 1954 334 2006 δὲ
369 1956 432 2007 τὸ
467 1957 689 2027 Πνεῦμα
733 1963 936 2024 κοινὸν,
972 1963 1184 2028 τούτοις
1217 1967 1304 2036 εἴη
1339 1966 1512 2039 δήπου
1543 1971 1758 2034 πάντως
1789 1972 1856 2026 ἂν

279 2046 379 2097 καὶ
413 2048 485 2098 τὰ
539 2048 635 2118 τῆς
669 2051 858 2113 οὐσίας
894 2053 955 2105 οὐ
1003 2054 1358 2126 διωρισμένα.
1399 2078 1418 2110 ι
1477 2059 1587 2113 Καὶ
1621 2060 1856 2131 ἀλλαχοῦ

280 2137 603 2202 πλειστάκις
652 2140 780 2195 ἴδιον
825 2145 1029 2213 ἀμφοῖν
1077 2147 1372 2216 ήνωμὲνως
1419 2151 1514 2202 καὶ
1547 2152 1650 2205 ἀνά
1695 2153 1858 2221 μέρος

276 2227 608 2297 διαγορεύει.
651 2233 971 2301 Πνεύματος
1000 2235 1046 2287 δ’
1080 2238 1108 2288 ό
1155 2238 1344 2310 Πατὴρ
1390 2240 1540 2304 ίδιος,
1591 2243 1623 2313 ἢ
1665 2246 1690 2295 ό
1732 2243 1858 2307 Υἱὸς

273 2317 683 2387 ὁπουδηποτοῦν
700 2323 798 2376 οὐκ
819 2323 956 2379 ἔστι.
977 2327 1116 2380 Καθ’
1136 2328 1193 2380 δν
1217 2330 1326 2400 ἄρα
1342 2331 1517 2401 λόγον,
1541 2332 1649 2403 δνή
1672 2335 1854 2402 εἰκὼν,

277 2408 407 2462 καθ’
441 2411 500 2464 ὃν
531 2413 564 2481 η
595 2413 902 2485 ἀποστολὴ,
936 2417 1019 2472 ὅτι
1047 2419 1121 2490 μὴ
1153 2421 1294 2474 κατὰ
1324 2423 1424 2490 τὴν
1446 2423 1512 2476 δι’
1537 2426 1684 2493 ἡμᾶς
1717 2427 1860 2479 οίκοο

278 2501 498 2567 νομίαν,
532 2504 656 2556 καθ’
687 2506 754 2575 ἢν
801 2508 836 2572 ἡ
885 2510 1118 2577 χορηγία
1147 2512 1242 2564 καὶ
1274 2512 1424 2576 δόσις
1450 2516 1542 2568 καὶ
1584 2516 1654 2571 τά
1682 2517 1856 2569 τοῖσδε

277 2594 566 2665 σύστοιχα,
601 2598 696 2649 καὶ
722 2598 799 2662 ὼς
830 2600 916 2651 ἐπ’
945 2602 1176 2665 ἐκείνοις
1225 2605 1634 2672 φωτοόολεῖται,
1674 2608 1769 2660 καὶ
1798 2611 1859 2661 τὸ

275 2685 382 2752 τῆς
415 2687 790 2758 ἀντιστροφῆς
825 2690 975 2760 ἔχειν
1021 2694 1376 2763 παρείσδυσιν
1410 2698 1474 2749 ὲκ
1519 2698 1628 2750 τῶν
1674 2698 1857 2752 θεοσό-

277 2791 398 2839 ςων
424 2779 826 2846 μυσταγωγῶν,
853 2783 965 2843 τοῖς
989 2783 1171 2846 αὐτοῖς
1188 2783 1359 2846 οὕτως
1385 2784 1620 2839 ἐνταῦθα
1646 2805 1858 2856 μυστα-

277 2870 544 2932 γωγεῖται
574 2870 649 2941 μὴ
681 2870 824 2924 τοῦτ’
851 2872 984 2926 αὐτὸ
1018 2875 1321 2941 πεφυκέναι
1354 2876 1856 2946 παρρησιάζεσθαι.

292 2956 356 3009 Ὀ
396 2957 664 3026 σύνεγγυς
715 2961 894 3014 τοίνυν
958 2961 1141 3024 ἔνθεος
1195 2965 1541 3034 μυστηπόλος
1604 2967 1664 3019 τὸ
1727 2967 1858 3021 [διον

275 3045 430 3107 ὅπως
461 3047 554 3098 ἐπὶ
590 3049 690 3116 τῆς
723 3049 978 3120 θεότητος
1015 3051 1458 3123 διευλυτούμενόν
1487 3056 1603 3109 ἐστι
1631 3057 1857 3127 φράζων

1951 601 2186 662 rogaret,
2245 593 2318 647 ita
2377 606 2688 648 sermonem
2746 591 3094 646 concinnat:
3137 611 3155 642 ι
3183 591 3353 662 Cujus
3399 606 3530 660 pro-

1949 686 2130 756 prium
2180 684 2425 739 dicemus
2491 682 2753 750 Spiritum
2801 690 3050 737 sanctum
3104 697 3246 748 esse,
3286 683 3531 738 soliusne

1950 775 2045 830 Dei
2084 783 2140 830 et
2183 772 2398 840 Patris,
2446 788 2586 828 anne
2633 773 2795 827 etiam
2848 782 2904 827 et
2959 770 3120 837 Filii,
3181 775 3265 828 vel
3311 789 3532 844 separa-

1950 866 2046 920 tim
2104 865 2410 933 utriusque,
2464 871 2520 918 et
2551 863 2858 927 amborum,
2924 872 3182 933 tanquam
3243 879 3409 917 unum
3461 880 3530 917 ex

1949 958 2109 1012 Patre
2163 972 2259 1027 per
2329 955 2525 1009 Filium
2580 963 2802 1024 propter
2853 970 3023 1008 unum
3079 955 3373 1009 essentia?
3414 973 3431 1008 ι
3471 955 3527 1007 lu

1950 1050 2386 1119 expositionibus
2441 1050 2494 1102 in
2549 1047 2903 1118 Evangelium
2961 1045 3187 1101 Joannis
3237 1048 3293 1102 in
3352 1047 3525 1101 illud:

1956 1160 1975 1195 ι
2008 1141 2248 1214 Spiritus
2298 1141 2565 1202 veritatis,
2608 1157 2628 1192 ε
2661 1139 2734 1192 ita
2792 1137 3030 1208 explicat
3066 1156 3079 1192 :
3117 1157 3136 1190 ι
3175 1139 3313 1194 Ecce
3358 1140 3529 1201 enim,

1950 1247 2076 1288 ecce
2097 1232 2334 1302 Spiritus
2365 1230 2627 1293 veritatis,
2664 1229 2767 1284 hoc
2807 1240 2892 1284 est
2921 1230 3006 1284 sui
3054 1231 3243 1298 ipsius,
3280 1246 3402 1284 cum
3431 1230 3531 1284 Pa-

1954 1323 2214 1378 racletum
2234 1321 2485 1385 dixisset,
2511 1336 2542 1374 ε
2563 1321 2720 1374 Patre
2739 1336 2863 1374 eum
2883 1319 3183 1390 procedere
3200 1321 3295 1374 ait.
3326 1319 3532 1385 Quem-

1951 1411 2244 1466 admodum
2292 1411 2440 1464 enim
2484 1417 2568 1464 est
2624 1408 2860 1478 Spiritus
2895 1410 3147 1479 proprius
3197 1408 3338 1473 Filii,
3374 1419 3536 1463 natu-

1953 1498 2137 1552 raliter
2166 1497 2220 1552 in
2253 1497 2370 1566 ipso
2406 1497 2695 1562 exsistens,
2725 1507 2780 1550 et
2805 1512 2905 1566 per
2937 1497 3113 1566 ipsum
3149 1498 3528 1568 progrediens,

1954 1591 2026 1646 ita
2052 1601 2107 1646 et
2137 1591 2355 1657 Patris;
2392 1590 2590 1659 quibus
2616 1591 2762 1644 enim
2802 1589 3040 1658 Spiritus
3092 1590 3398 1644 communis
3427 1599 3531 1651 est,

1955 1683 2023 1738 iis
2055 1683 2214 1753 plane
2246 1697 2490 1753 prorsus,
2523 1697 2702 1748 neque
2721 1698 2841 1752 qua:
2863 1682 3116 1737 essentia:
3142 1691 3289 1745 sunt,
3323 1681 3532 1736 fuerint

1955 1787 2228 1846 separata.
2291 1795 2310 1828 ι
2365 1777 2430 1830 Et
2481 1774 2610 1829 alibi
2661 1774 2861 1844 sapius
2911 1776 3190 1843 proprium
3249 1774 3534 1827 amborum

1957 1867 2311 1937 coniunctim,
2345 1876 2402 1921 et
2429 1866 2720 1935 separatim
2754 1865 2973 1920 fatetur.
3010 1865 3248 1934 Spiritus
3275 1879 3405 1918 vero
3431 1863 3535 1916 Pa-

1959 1967 2039 2013 ter
2074 1958 2326 2029 proprius
2360 1965 2456 2012 aut
2483 1955 2650 2011 Filius
2679 1956 2830 2012 nullo
2869 1956 2924 2010 in
2954 1955 3074 2011 loco
3102 1966 3212 2012 est.
3243 1954 3336 2010 Illa
3373 1955 3536 2024 igitur

1959 2051 2192 2115 ratione,
2220 2065 2324 2120 qua
2373 2050 2568 2119 imago,
2595 2064 2701 2120 qua
2739 2049 2951 2112 missio,
2981 2062 3106 2102 cum
3141 2049 3207 2101 de
3230 2047 3534 2102 oeconomia

1959 2150 2179 2210 propter
2198 2154 2300 2194 nos
2324 2155 2504 2195 sermo
2519 2149 2622 2202 est,
2646 2139 2944 2193 secundum
2965 2153 3128 2208 quam
3148 2136 3532 2207 suppeditatio,

1957 2245 2012 2287 et
2034 2233 2184 2288 datio
2201 2242 2255 2288 et
2274 2233 2360 2287 bis
2386 2231 2587 2294 aliiuia,
2611 2241 2666 2286 et
2689 2231 2764 2285 uti
2789 2231 2842 2284 in
2869 2230 2976 2284 illis
3000 2245 3160 2300 quam
3189 2227 3537 2300 perspicuum

1957 2325 2228 2388 clarescit,
2269 2324 2642 2378 conversionis
2676 2323 2854 2376 locum
2892 2337 3036 2383 esse,
3077 2320 3385 2375 divinorum
3423 2333 3534 2388 my-

1959 2426 2302 2486 stagogorum
2335 2415 2625 2477 sententia,
2677 2415 2994 2468 eorumdem
3030 2413 3118 2468 hic
3162 2427 3378 2482 quoque
3405 2412 3537 2465 edu-

1959 2520 2171 2570 cemur,
2200 2508 2302 2560 hoc
2333 2505 2509 2575 ipsum
2536 2518 2660 2560 esse
2691 2503 3033 2558 confidenter
3058 2503 3223 2558 nimis
3249 2518 3355 2556 non
3388 2517 3537 2556 asse-

1963 2613 2105 2651 rere.
2150 2596 2400 2651 Proxime
2447 2597 2630 2666 itaque
2659 2596 2912 2651 laudatus
2953 2595 3173 2652 divinus
3209 2606 3380 2667 mysta
3413 2611 3538 2663 pro-

1959 2679 2136 2758 prium
2183 2705 2293 2758 quo
2328 2689 2632 2760 significatu
2689 2689 2742 2742 iu
2791 2688 2992 2743 deitate
3031 2689 3406 2759 accipiendum
3445 2687 3536 2748 sit,

1958 2781 2255 2850 explicans,
2282 2784 2529 2836 oratione
2546 2781 2612 2835 ad
2637 2778 2970 2844 Nestorium,
2993 2782 3151 2852 cuius
3170 2779 3495 2851 principium
3525 2798 3537 2832 :

1963 2891 1983 2926 ε
2021 2873 2156 2926 Male
2195 2874 2415 2942 quidem
2454 2874 2754 2942 loquuntur
2779 2875 2846 2928 de
2881 2889 2998 2928 mea
3047 2874 3472 2936 existimatione,
3514 2893 3530 2923 ι

1959 2965 2169 3026 scribit,
2203 2984 2222 3016 ι
2272 2965 2744 3031 Quemadmodum
2792 2967 2938 3020 enim
2990 2967 3242 3035 proprius
3277 2965 3534 3026 hominis,

1959 3072 2171 3112 necnon
2204 3065 2260 3110 et
2310 3057 2538 3110 aliorum
2584 3057 2918 3128 singulorum
2964 3057 3320 3111 animantium
3374 3056 3538 3112 fetus.

277 3142 338 3192 ἐν
366 3139 443 3208 τῷ
465 3141 601 3212 πρὸς
629 3144 926 3214 Νεστόριον
955 3146 1120 3215 λόγῳ,
1143 3141 1254 3217 οὐή
1283 3149 1444 3218 ἀρχὴ,
1479 3166 1498 3200 ι
1529 3123 1856 3219 Καταφλυα-

1958 3151 2049 3219 qui
2086 3166 2152 3203 οι
2182 3165 2248 3203 eo
2276 3157 2360 3203 est
2390 3147 2693 3203 secundum
2720 3157 2992 3210 naturam,
3029 3149 3109 3203 sic
3133 3149 3410 3218 pr0priutu
3446 3146 3538 3199 Dei

280 3231 441 3302 ροῦσί
491 3251 656 3300 τινες,
685 3237 761 3299 ὡς
815 3237 1090 3306 μανθάνοι,
1135 3240 1236 3310 τῆς
1277 3241 1414 3311 ἐμῆς
1448 3241 1793 3312 ὑπολήψεως,
1831 3263 1850 3295 ι

279 3328 485 3397 φησίνο
534 3346 554 3380 ι
597 3327 812 3397 Ὠσπερ
847 3328 954 3400 γὰρ
987 3329 1117 3384 ίδιον
1147 3329 1438 3401 ἀνθρώπου
1470 3332 1564 3384 καὶ
1590 3334 1695 3405 μὴν
1725 3333 1860 3388 ἑκά-

281 3436 412 3472 στου
448 3420 554 3473 τῶν
583 3422 786 3489 ἑτέρων
832 3422 986 3486 ζώων
1016 3421 1079 3475 τὸ
1108 3422 1167 3486 ιε
1206 3423 1372 3477 αὐτοῦ
1411 3425 1554 3478 κατὰ
1581 3424 1742 3494 φύσιν
1764 3441 1860 3494 γεο

280 3514 640 3582 γεννημένον,
693 3512 867 3576 οὕτως
922 3516 1053 3567 ῐδιον
1100 3514 1237 3568 Θεοῦ
1293 3516 1354 3568 τὸ
1406 3518 1470 3570 εκ
1519 3518 1620 3586 τῆς
1670 3518 1859 3580 οὐσίας

171 3659 173 3661 ,
282 3602 446 3656 νοοῑτ’
471 3603 536 3656 ἂν
555 3597 810 3658 εἶναικαὶ
833 3603 1066 3669 λέγοιτο.
1095 3623 1114 3656 ι
1145 3605 1419 3676 Πρόδηλον
1439 3602 1635 3659 οὐκοῦν
1653 3607 1736 3660 ὅτι
1757 3623 1856 3661 κα-

282 3696 396 3760 θὼς
423 3696 521 3749 τοῦ
561 3695 776 3766 Πατρδς
817 3697 947 3749 ίδιόν
980 3699 1097 3749 εστι
1124 3697 1185 3749 τὸ
1216 3698 1441 3768 Πνεῦμα
1483 3699 1546 3752 τὸ
1574 3699 1751 3768 ἅγιον.
1783 3700 1861 3764 ὡς

279 3789 351 3839 ἐκ
379 3785 482 3855 τῆς
512 3787 702 3849 οὐσίας
750 3786 917 3840 αὐτοῦ
951 3787 1043 3850 ὂν,
1090 3789 1233 3842 οὐτω
1266 3791 1360 3843 κοιλ⁸
1390 3789 1484 3842 τοῦ
1520 3791 1650 3844 Υίοῦ
1704 3792 1858 3857 ῐδιον,

282 3878 360 3940 ὼς
391 3880 456 3930 ἐκ
492 3878 590 3946 τῆς
620 3878 814 3941 οὐσίας
837 3879 1006 3932 αὐτοῦ
1049 3879 1318 3949 ὑπάρχον.
1362 3882 1472 3933 Καὶ
1504 3881 1662 3935 τοῦτο
1692 3899 1861 3950 φανε-

287 3969 476 4037 ροῦσιν
510 3972 544 4040 ἦ
575 3987 634 4023 τε
668 3971 982 4041 καθαρότης
1011 3973 1111 4041 τῆς
1141 3973 1544 4036 διευλυτώσεως
1570 3973 1678 4029 τοῦ
1701 3974 1861 4029 ἰδίου

285 4063 441 4130 παρά
470 4060 564 4113 τοῦ
597 4060 766 4114 αὐτοῦ
808 4062 1074 4132 θεηγόρου
1121 4063 1215 4117 καὶ
1263 4065 1596 4134 παραδόσεις
1630 4066 1684 4118 αι
1717 4065 1862 4119 διδα-

284 4155 548 4207 σκαλικαὶ
598 4153 691 4206 τοῦ
726 4153 916 4218 αὑτοῦ,
968 4173 986 4206 ι
1031 4156 1241 4226 Ὥσπερ
1294 4158 1389 4210 τοῦ
1445 4151 1658 4227 Ιιατρδς
1709 4137 1860 4222 ῐδιον,

283 4243 433 4297 οὕτω
450 4247 543 4298 καὶ
571 4245 666 4298 τοῦ
687 4245 841 4309 Υίοῦ,
875 4267 894 4299 ι
916 4248 1332 4314 διαγγέλλουσαι
1357 4267 1369 4280 ·
1393 4251 1530 4302 ἀλλὰ
1551 4251 1645 4303 καὶ
1675 4251 1862 4305 λοιπαὶ

1961 3243 2298 3313 intelligetur
2347 3256 2489 3304 esse,
2535 3240 2874 3310 dlceturque,
2913 3240 3056 3310 quod
3083 3255 3146 3293 cx
3199 3239 3436 3293 essentia
3479 3240 3541 3290 il-

1959 3335 2065 3389 lius
2091 3336 2212 3389 erit.
2261 3353 2279 3386 ι
2328 3332 2673 3386 Manifestum
2724 3333 2906 3402 itaque
2935 3341 3040 3394 est,
3089 3331 3166 3386 uti
3206 3332 3382 3385 Patris
3412 3347 3536 3398 pro.-

1961 3425 2113 3493 prius
2143 3432 2227 3477 est
2262 3421 2498 3492 Spiritus
2545 3428 2790 3482 sanctus,
2820 3421 2966 3490 quod
3013 3434 3077 3474 ex
3123 3420 3359 3488 essentia
3396 3419 3537 3471 illius

1961 3524 2065 3576 est,
2094 3516 2167 3569 ita
2200 3529 2322 3569 esse
2359 3529 2576 3583 quoque
2613 3513 2731 3567 Filii
2766 3515 3068 3582 proprium,
3096 3514 3170 3564 uti
3204 3527 3268 3565 ex
3298 3521 3538 3566 essentia

1961 3605 2108 3661 illius
2161 3605 2532 3659 exsistentem.
2585 3606 2811 3673 Hocque
2865 3604 3026 3672 plane
3073 3603 3372 3668 declarant,
3423 3613 3536 3656 tum

1962 3698 2173 3768 puritas
2199 3695 2533 3767 signiﬁcatus
2563 3696 2763 3765 proprii
2791 3697 2860 3749 ab
2890 3696 3011 3765 ipso
3061 3695 3396 3764 diviniloquo
3426 3703 3538 3748 tra-

1961 3788 2098 3852 dita,
2134 3796 2248 3842 tum
2279 3789 2566 3844 doctorum
2607 3789 2886 3842 enuntiata
2923 3787 2991 3842 de
3031 3789 3222 3841 eodem
3257 3805 3275 3838 ι
3314 3787 3392 3840 uti
3440 3790 3540 3839 Pa-

1965 3883 2065 3937 tris
2095 3880 2399 3951 proprium,
2429 3881 2505 3935 ita
2535 3888 2590 3934 et
2613 3878 2735 3934 Filii
2768 3894 2889 3934 esse
2925 3897 2945 3930 ι
2976 3876 3234 3932 essentia.
3267 3877 3409 3943 Quin
3433 3877 3540 3932 imo

1962 3982 2018 4028 et
2055 3972 2258 4043 reliqua
2303 3972 2408 4026 alia
2449 3972 2696 4042 ejusdem
2745 3970 2889 4025 dicta
2940 3984 3102 4039 supra
3148 3969 3376 4040 digesta,
3416 3985 3539 4038 quae

1962 4081 2073 4121 non
2106 4081 2226 4120 esse
2255 4064 2492 4119 alienum
2534 4064 2796 4134 Spiritum
2823 4077 2853 4116 a
2881 4062 3036 4125 Filio,
3069 4061 3164 4116 sed
3210 4076 3273 4115 ex
3315 4061 3452 4130 ipso.
3486 4071 3543 4114 et

1966 4159 2247 4231 proprium
2283 4157 2454 4228 ipsius
2483 4173 2548 4212 ex
2572 4156 2790 4211 datione
2819 4164 2874 4210 et
2901 4155 3164 4210 missione
3193 4164 3380 4224 aperta
3408 4169 3540 4209 voce

1964 4255 2205 4318 edicunt,
2246 4261 2299 4306 et
2341 4266 2489 4307 nunc
2519 4267 2584 4306 ex
2631 4252 2882 4320 proxime
2926 4249 3088 4302 allato
3116 4247 3266 4302 brevi
3295 4247 3541 4302 testimo-

287 4335 479 4386 τούτου
511 4335 698 4403 ῥήσεις
746 4337 800 4388 αἱ
831 4337 942 4389 άνω
989 4338 1301 4404 τεθειμέναι
1335 4339 1395 4390 τὸ
1448 4339 1524 4408 μὴ
1573 4339 1859 4411 ἀλλότριον

1967 4347 2057 4400 uio
2084 4346 2139 4398 in
2169 4344 2298 4398 illud
2329 4360 2344 4398 :
2378 4362 2397 4396 ι
2427 4341 2549 4398 Vidi
2581 4342 2846 4412 Spiritum
2867 4340 3308 4404 descendentem,
3346 4358 3365 4391 ι
3397 4337 3542 4407 quod

289 4427 423 4478 Υίοῦ
459 4427 702 4494 Πνεῦμα,
730 4427 866 4480 ἀλλὰ
889 4428 949 4479 τὸ
981 4428 1040 4492 ἐξ
1074 4429 1240 4481 αὐτοῦ
1274 4429 1370 4481 και
1419 4404 1550 4483 τεάν
1582 4404 1754 4486 αὐτοῦ.
1795 4434 1860 4487 ικ

1968 4436 2128 4507 paulo
2165 4443 2291 4488 ante
2328 4404 2672 4503 digessimus,
2717 4445 2864 4484 nunc
2894 4443 3110 4499 quoque
3142 4429 3232 4483 hic
3260 4404 3544 4497 apponen-

287 4522 388 4588 τῆς
406 4518 603 4578 δόσεὼς
617 4536 676 4571 τε
707 4522 798 4572 καὶ
823 4521 1079 4590 πέμψεως
1094 4521 1356 4590 διατόρως
1371 4523 1865 4594 άνακηρύττουσαι.

291 4611 404 4664 Καὶ
423 4609 515 4663 νῦν
534 4611 632 4678 τῆς
652 4610 818 4678 ἐγγύς
836 4628 938 4664 που
958 4611 1347 4682 διαληφθείσης
1373 4614 1583 4684 ῥήσεως
1602 4616 1866 4687 βραχείας

291 4707 371 4765 εἰς
399 4703 483 4764 τὸ,
508 4704 589 4756 ὅτι
616 4721 636 4755 ε
669 4704 947 4771 Τεθέαμαι
981 4704 1042 4755 τὸ
1077 4705 1298 4773 Πνεῦμα
1335 4707 1682 4773 κατασαῑνον,
1715 4728 1734 4760 ι
1765 4712 1866 4780 τὴν

291 4794 466 4863 ἀγχοῦ
505 4795 761 4864 διηγορευ
771 4795 938 4863 μένην
963 4812 1022 4847 τε
1048 4798 1140 4848 καὶ
1158 4796 1408 4848 τεθεῖσαν
1425 4798 1659 4852 ενταῦθα
1678 4801 1864 4864 θέντες

1965 4539 2067 4591 tes,
2105 4527 2235 4582 satis
2270 4525 2348 4580 rei
2380 4524 2661 4585 faciemus,
2698 4522 2846 4594 quod
2876 4522 3056 4576 verbis
3105 4521 3256 4576 hisce
3283 4520 3545 4589 exprimi-

1967 4630 2054 4675 tur
2085 4638 2100 4675 :
2139 4639 2157 4670 ι
2199 4616 2402 4672 Similis
2434 4616 2486 4669 in
2511 4614 2766 4670 omnibus
2799 4622 2882 4668 est
2908 4612 3111 4667 Christi
3150 4611 3451 4666 similitudo
3476 4613 3542 4665 ad

1967 4711 2244 4782 proprium
2295 4709 2466 4778 ipsius
2501 4717 2558 4761 et
2605 4707 2674 4762 ab
2703 4707 2824 4775 ipso
2868 4703 3152 4774 profusum
3192 4703 3475 4773 Spiritum,
3516 4722 3535 4754 ι

1967 4804 2186 4858 omissis
2220 4799 2342 4854 aliis
2369 4815 2476 4853 non
2502 4798 2713 4868 paucis,
2736 4813 2856 4865 quae
2884 4796 3197 4864 frequenter
3218 4806 3540 4850 occurrunt.

293 4890 356 4941 τὸ
391 4889 573 4941 ἱκανὸν
604 4888 823 4956 ἕξομεν,
854 4889 890 4958 ἥ
923 4888 1019 4941 καὶ
1063 4890 1182 4941 κατ’
1219 4891 1349 4952 ἔπος
1398 4889 1540 4942 οὕτω
1581 4892 1855 4958 διέξεισιν,
1897 4914 1915 4948 ι
1963 4893 2408 4966 Ἀπσράλλακτος
2447 4893 2480 4960 ἠ
2503 4889 2602 4942 τοῦ
2638 4888 2840 4960 Χριτοῦ
2871 4889 3125 4958 ὁμοιότης
3160 4890 3295 4959 πρὸς
3323 4888 3382 4941 τὸ
3413 4889 3544 4941 ἴδιον

298 4978 465 5033 αὐτοῦ
497 4981 590 5031 καὶ
609 4980 741 5049 παρ’
773 4980 938 5032 αὐτοῦ
968 4980 1329 5049 προχεόμενον
1352 4981 1601 5051 Πνεῦμα,
1643 5001 1662 5035 ι
1699 4987 2151 5057 παραδραμόντες
2179 4987 2372 5058 ἐτέρας
2417 4985 2518 5038 οὐκ
2562 4969 2770 5049 ὀλίγας,
2800 4981 2933 5035 ἀλλὰ
2968 4984 3189 5051 συχνάς.

368 5074 432 5126 θ’.
467 5076 540 5126 Οὐ
572 5072 680 5143 μὴν
717 5074 853 5126 ἀλλὰ
900 5076 1121 5127 κακεῖνο
1151 5074 1479 5144 θεωρητέον,
1529 5078 1634 5146 πρό
1662 5093 1726 5144 γε
1757 5078 1866 5132 τῶν

298 5163 660 5232 πεφθακότων
691 5163 1074 5233 ἐξετασθῆναι,
1111 5166 1238 5234 περ)⁵
1275 5167 1583 5239 ἀποστολῆς
1628 5167 1664 5221 ὅ.
1694 5186 1868 5238 φησιν

297 5260 324 5306 ὸ
355 5255 521 5324 ἄκρος
543 5257 748 5323 ταύτης
777 5255 1091 5326 ἐξεταστὴς,
1128 5254 1272 5308 οὕτω
1301 5257 1365 5326 δὴ
1386 5249 1600 5322 διεξιών
1619 5277 1631 5289 ·
1666 5279 1684 5311 ι
1709 5262 1868 5312 Ἀπο-

302 5345 514 5396 στέλλει
537 5363 619 5410 τις
644 5346 829 5399 δοῦλον
853 5347 888 5412 ἢ
916 5349 1030 5400 υίὸν
1059 5349 1188 5418 παρ’
1220 5348 1382 5402 ἄλλου
1416 5350 1575 5402 τοῦτο
1597 5351 1798 5414 λαϐὼν,
1829 5351 1864 5422 ἢ

301 5437 394 5487 καὶ
428 5435 589 5499 αὐτὸς
629 5435 792 5506 έχων.
837 5438 1211 5507 Σκοπήσωμεν
1243 5439 1424 5491 τοίνυν
1470 5440 1590 5494 τίνα
1621 5442 1870 5504 θεσπίζει

299 5527 362 5579 τὸ
398 5527 597 5579 σεπτὸν
634 5529 964 5595 Εὑαγγέλιον
997 5531 1124 5597 περὶ
1160 5529 1439 5598 πέμψεως.
1491 5533 1746 5602 Ἰωάννης
1775 5534 1874 5602 μὲν

304 5621 337 5686 ἠ
387 5621 484 5683 τῆς
541 5618 820 5686 θεολογίας
877 5620 1159 5690 άκρώρεια
1192 5623 1268 5683 ὡς
1315 5623 1381 5674 ἐκ
1434 5624 1729 5692 προσώπου
1777 5623 1871 5676 τοῦ

305 5709 543 5777 Χριστοῦ
601 5713 837 5777 φάσκει·
893 5731 911 5764 ι
951 5713 1030 5763 Τά
1085 5713 1221 5782 ἔργα
1253 5712 1288 5766 ά
1319 5715 1428 5781 ἐγὼ
1471 5716 1630 5777 ποιῶ,
1667 5734 1873 5786 μαρτυ-

309 5804 394 5870 ρεῖ
428 5807 554 5878 περὶ
587 5806 744 5877 ἐμοῦ,
770 5807 852 5860 ὅτι
906 5809 933 5858 ό
997 5808 1184 5876 Πατήρ
1243 5825 1309 5877 με
1350 5809 1658 5875 ἀπέστειλε,
1718 5811 1811 5862 καὶ
1845 5812 1873 5862 ὁ

2044 5079 2098 5135 9.
2131 5079 2234 5133 Sed
2291 5078 2418 5132 illud
2465 5091 2681 5145 quoque
2732 5074 3189 5129 considerandum
3248 5082 3351 5135 εει,
3400 5076 3543 5142 qund

1978 5180 2102 5225 ante
2143 5171 2256 5238 jam
2308 5169 2450 5223 dicta
2481 5167 2776 5222 examinari
2824 5166 3106 5231 debuerat,
3159 5166 3298 5234 quod
3350 5181 3545 5234 nempe

1977 5263 2044 5317 de
2073 5261 2330 5318 missione
2360 5260 2524 5314 tradit
2556 5272 2803 5312 summus
2831 5256 2976 5310 illius
3020 5256 3366 5324 dijudicator,
3403 5257 3545 5308 hunc

1976 5353 2029 5407 in
2081 5353 2300 5407 modum
2333 5352 2683 5406 edisserens:
2732 5365 2750 5399 ι
2789 5347 2950 5402 Mittit
2995 5348 3265 5417 quispiam
3325 5362 3543 5401 servum

1974 5453 2069 5498 aut
2092 5444 2282 5504 filium,
2298 5443 2366 5496 ab
2389 5442 2493 5495 alio
2519 5441 2572 5494 id
2593 5439 2890 5516 accipiens,
2907 5446 2998 5491 aut
3022 5454 3050 5491 a
3083 5439 3261 5508 seipse
3282 5439 3506 5493 habens.
3524 5457 3541 5488 ι

1973 5534 2395 5589 Cousideremus
2423 5533 2604 5600 itaque
2635 5545 2757 5600 quae
2815 5529 2882 5584 de
2915 5528 3174 5583 missione
3206 5529 3545 5582 vcuramlum

1975 5625 2324 5694 Erangelium
2376 5621 2641 5677 decernit.
2675 5619 2915 5674 Joannes
2971 5619 3252 5688 theologia:
3302 5635 3548 5672 summus

1975 5733 2107 5786 apex
2163 5731 2228 5769 ex
2288 5729 2517 5784 persona
2558 5713 2759 5766 Christi
2813 5711 2990 5766 dicit:
3032 5729 3049 5762 ι
3086 5713 3258 5780 Opera
3303 5725 3424 5779 qua:
3448 5725 3548 5778 ego

1979 5807 2138 5875 facio,
2195 5804 2561 5863 testimoniqu
2615 5804 2901 5874 pcrlubeut
2941 5801 3005 5857 de
3059 5817 3165 5868 me,
3202 5801 3345 5870 quod
3396 5799 3553 5853 Pater
