4220 6444
734 397 754 460 1
768 394 870 459 335

1954 396 2275 459 GEORGII
2318 394 2775 458 METOCUIT£

3865 380 4003 443 1336

736 528 821 563 mp
854 511 1017 571 misit,
1056 523 1108 563 ιιι
1143 512 1234 577 qui
1292 511 1441 565 misit
1473 526 1558 565 me
1591 512 1747 565 Pater
1794 512 1909 582 ipse
1941 512 2313 566 testimonium

2423 507 2645 575 πέμψας
2684 524 2749 575 με
2798 504 2986 575 Πατὴρ
3021 503 3182 564 αὲτδις
3217 498 3610 570 μεμαρτύρηκε
3646 495 3776 562 περὶ
3802 494 3994 560 ἐμοῦ.»

735 599 1010 665 perhibuit
1069 600 1134 651 de
1185 613 1267 649 me
1301 600 1364 652 ".
1409 619 1426 650 ι
1476 600 1791 669 Rursusque
1846 601 1991 654 idem
2040 602 2192 669 quasi
2247 618 2315 655 ex

734 691 915 755 seipse
950 690 1017 741 de
1059 689 1355 750 l‘araclelo,
1393 710 1407 739 ι
1463 688 1633 753 Quem
1688 690 1865 743 mittet
1914 688 2072 744 Pater
2104 691 2162 744 in
2214 706 2311 743 no-

737 786 883 834 mine
907 796 1028 839 meo
1067 782 1144 843 ¹³;
1185 801 1201 830 ι
1258 782 1565 848 iterumque
1603 783 1680 835 uti
1734 798 1799 836 ex
1842 782 2159 847 Salvatore;
2199 804 2216 834 ‹
2258 782 2314 836 Si

736 890 835 942 ego
872 889 977 925 nou
1012 873 1222 933 abiero.
1269 871 1582 926 Pararletus
1636 890 1745 928 non
1782 876 1962 928 veniet
2008 877 2075 928 ad
2132 890 2245 936 vos,
2270 888 2314 940 si

736 981 868 1016 vero
901 966 1109 1026 abiero.
1160 966 1368 1017 mittam
1403 965 1551 1017 illum
1599 968 1664 1019 ad
1701 983 1793 1020 vos
1831 970 1894 1021 ".
1932 987 1949 1018 ι
1987 968 2053 1021 Ει
2103 968 2318 1021 divinus

746 1058 920 1110 Lucas
953 1075 965 1110 :
998 1076 1016 1106 ‹
1065 1058 1231 1109 Sexto
1259 1072 1467 1117 mense.
1505 1079 1522 1108 ο
1560 1060 1656 1121 ait,
1689 1078 1707 1109 ι
1747 1060 1946 1113 missus
1993 1071 2073 1113 est
2100 1060 2319 1114 Gabriel

740 1150 806 1200 de
833 1148 970 1221 caslo
998 1164 1024 1199 a
1062 1146 1283 1199 09.0".»
1318 1148 1381 1201 Et
1411 1158 1591 1201 vertex
1625 1151 1994 1217 apostolorum
2027 1151 2224 1205 clamat
2249 1152 2317 1204 ad

743 1237 998 1289 llehrmos
1025 1254 1037 1287 :
1073 1255 1090 1286 ι
1120 1234 1233 1289 Non
1261 1253 1451 1290 omnes
1474 1250 1598 1291 sunt
1624 1239 2071 1293 administratorii
2095 1240 2319 1309 spiritus

742 1331 795 1382 iu
816 1328 1173 1381 ministerium
1195 1328 1343 1381 missi
1364 1329 1406 1358 “
1426 1329 1476 1380 Ὺ»
1507 1330 1644 1382 Sunt
1664 1330 1742 1382 ba'
1766 1332 1907 1398 apud
1928 1347 2136 1385 sacram
2168 1332 2320 1386 Scri-

744 1434 955 1489 pturam
1000 1420 1313 1484 missiones,
1350 1421 1543 1489 partim
1588 1422 1698 1475 Deo
1730 1425 2122 1477 convenientes
2150 1433 2203 1477 et
2232 1426 2317 1479 in-

743 1512 990 1569 tellectae.
1010 1520 1066 1563 et
1093 1510 1159 1563 de
1183 1509 1383 1563 divinis
1412 1512 1791 1579 hypostasibus
1808 1525 2173 1581 congruenter
2194 1530 2321 1583 pro-

746 1604 1025 1664 utiutiata',
1061 1602 1254 1669 partim
1288 1617 1352 1653 ex
1387 1600 1494 1654 Deo
1518 1603 1760 1668 quidem.
1790 1605 1883 1658 sed
1910 1606 2179 1659 creaturis
2208 1620 2321 1658 ser-

744 1692 937 1757 visque
967 1692 1256 1760 adaptatae.
1290 1688 1427 1745 lliuc
1459 1690 1580 1745 Filii
1614 1709 1642 1747 a
1692 1693 1849 1748 Patre
1883 1696 2075 1751 missio
2106 1699 2318 1767 signum

745 1790 829 1834 est
846 1781 1202 1834 clarissimum
1222 1782 1467 1850 ejusdem
1496 1784 1836 1852 sempiterna:
1855 1784 2234 1850 irradiationis,
2254 1801 2316 1839 ex

744 1886 854 1938 quo
881 1880 983 1928 est.
1018 1878 1273 1939 tauquam
1297 1886 1415 1939 qua:
1441 1887 1697 1941 perquam
1725 1876 2018 1943 conspirue
2044 1875 2327 1931 lucesi-ens

746 1977 866 2014 eam
901 1963 1287 2030 consequitur,
1318 1962 1509 2017 eadem
1557 1964 1673 2031 ipsa
1705 1966 1913 2019 ratione
1942 1982 2047 2034 qua
2092 1967 2329 2021 eousub-

748 2052 1003 2105 stantiale
1037 2051 1405 2119 splendorem.
1435 2054 1526 2123 qui
1559 2070 1622 2107 ex
1654 2057 1887 2109 essentia
1918 2067 2002 2111 est
2040 2058 2327 2127 consequi-

752 2152 842 2195 tur
864 2161 878 2201 ;
908 2156 1011 2194 nec
1032 2142 1249 2211 quimus
1275 2141 1459 2197 dicere
1479 2158 1544 2197 ex
1565 2144 1798 2197 essentia
1822 2146 1892 2198 ob
1922 2145 2060 2200 hanc
2079 2144 2325 2199 eamdem

751 2249 974 2288 causam
1012 2244 1264 2303 respectu
1313 2232 1458 2291 Filii.
1489 2235 1735 2303 Namque
1767 2238 1925 2290 Pater
1971 2248 2194 2308 prapter
2223 2238 2326 2291 hoc

754 2326 896 2379 idem
928 2336 1077 2381 esset
1132 2340 1197 2379 ex
1229 2326 1465 2382 essentia
1504 2326 1645 2381 Filii.
1680 2327 1782 2381 Sed
1839 2331 2020 2398 potius
2069 2329 2214 2399 quod
2259 2344 2323 2383 ex

751 2420 988 2473 essentia
1022 2418 1197 2474 Patris
1234 2418 1399 2474 Filius
1436 2429 1538 2483 est.
1576 2429 1861 2491 propterea
1908 2422 2067 2476 Pater
2108 2421 2243 2475 Filio
2274 2432 2328 2476 et

752 2510 898 2565 Patri
962 2509 1131 2565 Filius
1177 2513 1657 2589 consubstantialis
1698 2522 1780 2566 est
1814 2530 1826 2566 :
1856 2528 1981 2567 cum
2012 2515 2155 2569 enim
2195 2514 2325 2568 illud

755 2603 931 2669 palam
962 2602 1252 2671 praecedat.
1317 2604 1630 2657 necessario
1663 2605 1765 2658 hoc
1807 2605 1959 2675 sequi
1999 2606 2180 2660 debet.
2207 2605 2327 2661 Pari

756 2697 921 2750 modo
970 2696 1248 2759 etmissio
1284 2696 1669 2765 sempiternam
1716 2698 2091 2751 exsistentiam
2138 2699 2329 2753 subse-

752 2803 927 2857 quens
982 2803 1101 2858 quze
1135 2788 1191 2841 in
1233 2796 1474 2856 tempore
1500 2800 1604 2850 est.
1631 2805 1698 2842 ex
1728 2804 1789 2843 ea
1816 2802 1941 2858 qua:
1964 2788 2169 2853 absque
2196 2799 2331 2842 tem-

752 2895 888 2949 pore
924 2890 1011 2934 est
1035 2895 1063 2932 a
1094 2879 1250 2933 Patre
1277 2876 1397 2932 Filii
1429 2879 1826 2943 manifestatur,
1862 2889 2117 2948 tanquam
2142 2879 2234 2949 qui
2259 2894 2326 2933 ex

756 2966 990 3019 essentia
1020 2966 1166 3019 illius
1198 2967 1568 3035 progreditur.
1600 2968 1834 3036 indeque
1868 2970 2148 3021 amborum
2193 2983 2327 3022 con-

758 3059 1007 3112 uaturale
1040 3059 1396 3128 intelligitur:
1429 3075 1606 3129 neque
1630 3060 2006 3114 conversionis
2042 3060 2194 3114 locus
2220 3068 2325 3124 est,

2423 600 2527 651 Καὶ
2560 600 2724 652 πάλιν
2753 599 2783 650 6
2812 599 2974 657 αὐτὸς
3004 596 3077 655 ὡς
3112 597 3171 658 ἐξ
3201 592 3366 645 αὐτοῦ
3404 595 3531 657 περὶ
3568 588 3664 639 τοῦ
3701 586 4001 652 Παρακλή-

2416 708 2533 753 του,
2558 711 2576 743 ι
2608 694 2705 743 Ὃν
2730 692 2936 758 πέμψει
2969 691 2997 740 6
3032 688 3298 757 Πατὴρέν
3327 684 3403 753 τῷ
3420 681 3644 751 ὀνόματι
3680 697 3780 748 μου
3806 697 3818 709 ·
3854 698 3870 728 ι
3909 680 4004 728 καὶ

2418 780 2575 845 αὖθις
2605 784 2679 845 ὡς
2714 784 2779 833 ὲκ
2807 781 2899 833 τοῦ
2937 780 3207 847 Σωτῆρος,
3258 795 3277 829 t
3327 776 3453 828 Ἐὰν
3501 773 3609 841 ἐγὼ
3643 773 3718 841 μὴ
3753 771 4001 829 ἀπέλθω.

2417 876 2446 926 6
2480 875 2837 945 Παρὰκ).ητο;
2892 872 2993 925 οὐκ
3047 870 3333 929 ἐκπίνεται
3384 869 3526 935 πρὸς
3559 867 3724 936 ὑμᾶς.
3768 864 3899 917 Ἐὰν
3944 863 4003 915 δὲ

2419 966 2663 1029 ἀπέλθω,
2705 964 2908 1035 πέμψω
2940 960 3105 1018 αὐτὸν
3139 963 3278 1033 πρὸς
3313 962 3477 1031 ὑμᾶς.
3518 978 3537 1011 ι
3592 960 3649 1013 '0
3680 959 3737 1011 δέ
3769 975 3832 1025 γε
3867 960 4003 1009 Λοι-

2419 1058 2520 1117 κᾶς
2554 1056 2582 1107 6
2615 1055 2897 1123 θεηγόρος,
2939 1072 2958 1105 ι
2993 1053 3085 1124 Τῷ
3114 1054 3261 1123 ἕκτῳ
3293 1054 3447 1122 μηνὶ,
3487 1070 3506 1102 ι
3551 1050 3742 1118 φησιν,
3796 1067 3815 1099 ι
3860 1049 4004 1099 ἀττε-

2422 1149 2594 1218 στάλη
2625 1147 2663 1199 Γ
2667 1146 2865 1217 α6ριὴλ
2896 1138 3192 1212 οὐρανόθεν
3236 1147 3300 1196 ὲκ
3329 1140 3488 1195 Θεοῦ.
3525 1159 3544 1191 ι
3594 1140 3704 1192 Καὶ
3727 1138 3837 1191 τῶν
3868 1141 4006 1191 ἀπε-

2428 1243 2626 1294 στό).ων
2655 1242 2683 1293 6
2723 1242 3024 1308 κορυφαῖος
3075 1238 3174 1308 βοᾷ
3225 1237 3367 1305 πρὸς
3427 1234 3718 1304 Ἐὁραξους
3744 1249 3759 1262 '
3808 1251 3826 1283 ι
3862 1232 4004 1299 Οὖχὶ

2423 1334 2625 1394 πάντες
2679 1331 2789 1383 elei
2834 1329 3185 1399 λειτουργικὰ
3242 1325 3534 1394 πνεύματα
3587 1326 3669 1386 εἰς
3723 1322 4006 1375 διακονίαν

2421 1423 2913 1492 ἀποστελλόμενα;
2961 1439 2980 1473 ι
3044 1420 3291 1489 Πέμψεις
3335 1411 3496 1471 αὗται
3555 1415 3704 1484 παρὰ
3750 1418 3817 1482 τῇ
3883 1414 4006 1483 θεῖα

2422 1518 2461 1569 Γ
2468 1520 2635 1587 ραφῇ,
2674 1518 2730 1567 αἱ
2762 1517 2859 1582 μὲν
2889 1514 3211 1583 θεοπρεπείς
3258 1513 3353 1565 καὶ
3379 1512 3501 1573 ταῖς
3527 1510 3735 1569 θεῖκαῖς
3763 1510 4006 1558 ὑποστά-

2425 1626 2544 1661 σεσι
2584 1607 2934 1677 καταλλήλως
2960 1605 3055 1657 καὶ
3088 1605 3436 1682 (ἰωνούμεναι
3468 1600 3562 1653 καὶ
3597 1597 3909 1667 νοούμεναι,
3948 1596 4004 1647 αἱ

2421 1698 2477 1751 δὲ
2518 1699 2704 1752 θεόθεν
2750 1699 2873 1767 μὲν,
2912 1698 3177 1765 κτίσμασι
3208 1694 3263 1747 δὲ
3314 1693 3413 1747 καὶ
3449 1691 3661 1751 δούλοις
3700 1687 4009 1758 aspersum);

2427 1789 2827 1858 ἁρμοζόμεναι.
2868 1788 3032 1841 Ὅθεν
3073 1789 3106 1858 ἡ
3138 1787 3288 1857 παρὰ
3327 1784 3537 1851 Πατρὸς
3570 1781 3667 1834 τοῦ
3701 1780 3835 1833 Υἱοῦ
3866 1781 4009 1845 πέμ-

2428 1882 2521 1950 ψις
2570 1880 2873 1950 τεκμήριον
2901 1877 3287 1947 ἁπαστράπτει
3337 1876 3439 1945 τῆς
3473 1874 3533 1938 ἑξ
3568 1868 3630 1925 οὗ
3661 1876 3811 1924 ἐστιν
3852 1867 4012 1932 οὗτος

2430 1974 2600 2025 ἀϊδίου
2633 1971 2826 2025 τούτου
2866 1969 3211 2039 ὲκλάμψεως,
3240 1965 3317 2030 ὡς
3347 1966 3588 2033 ἑπομένη
3622 1964 3793 2032 ταύτῃ
3830 1978 4011 2029 φωτο-

2430 2062 2633 2129 φανῶς.
2683 2061 2776 2113 καὶ
2827 2060 2950 2114 καθ’
2977 2060 3037 2113 δν
3083 2059 3242 2125 λόγον
3276 2056 3337 2109 τὸ
3374 2054 3659 2123 όμοούσιον
3700 2056 3767 2121 τῇ
3813 2055 3879 2103 ἐκ
3914 2052 4010 2118 τῆς

2428 2150 2618 2211 οὐσίας
2649 2149 2915 2216 ἑπόμενον
2951 2146 3167 2214 πέφυκε
3198 2143 3553 2213 φρυκτωρία·
3598 2144 3694 2192 καὶ
3725 2140 3826 2191 οὐκ
3861 2139 4010 2189 ἐστιν

2428 2240 2603 2292 εἰπεῖν
2632 2240 2695 2291 ἐκ
2731 2238 2834 2305 τῆς
2863 2236 3051 2299 οὐσίας
3074 2234 3144 2288 δι’
3178 2234 3310 2287 αὐτὸ
3347 2231 3507 2285 τοῦτο
3537 2232 3677 2299 πρὸς
3710 2232 3804 2282 τὸν
3847 2229 4006 2281 Υξόν.

2429 2332 2491 2383 Ei
2514 2333 2623 2400 γὰρ
2652 2331 2719 2384 ἂν
2742 2326 2811 2401 ἦν
2834 2330 3001 2392 οὕτω,
3036 2329 3129 2382 καὶ
3152 2330 3180 2380 6
3214 2328 3404 2396 Πατὴρ
3452 2327 3516 2378 ὲκ
3548 2326 3648 2393 τῆς
3678 2325 3870 2385 οὐσίας
3910 2320 4007 2375 τοῦ

2431 2417 2562 2472 Υῑοῦ
2582 2418 2668 2471 διὰ
2705 2418 2885 2471 τοῦτο.
2925 2416 3069 2470 Ἀλλ’
3102 2416 3185 2468 ὅτι
3226 2414 3430 2485 μᾶλλον
3458 2416 3521 2466 ἐκ
3550 2412 3649 2482 τῆς
3681 2411 3875 2472 οὐσίας
3904 2408 4003 2464 τοῦ

2432 2511 2649 2582 Πατρὸς
2680 2513 2707 2563 6
2736 2510 2886 2573 Υἱὸς,
2934 2509 3025 2562 διὰ
3056 2508 3213 2562 τοῦτο
3244 2509 3273 2561 6
3302 2507 3492 2576 Πατὴρ
3520 2506 3598 2573 τῷ
3632 2505 3768 2575 Υἱῷ,
3805 2507 3900 2557 καὶ
3929 2505 4009 2573 τῷ

2430 2605 2603 2674 Πατρὶ
2632 2604 2661 2655 6
2694 2603 2823 2665 Υἱὸς
2846 2602 3160 2672 ὀμοούσιοςο
3197 2600 3271 2663 ὼς
3305 2602 3518 2653 ἐκείνου
3548 2600 3807 2668 καθαρῶς
3843 2600 4013 2667 inmu-

2432 2696 2598 2765 μένου
2631 2693 2689 2758 ἐξ
2714 2695 2962 2764 ἀνάγκης
3013 2693 3240 2746 ἕπεσθαι
3271 2692 3452 2752 τοῦτο,
3492 2691 3635 2744 οὓτω
3668 2694 3761 2743 καὶ
3798 2688 4009 2758 πέμψις

2430 2789 2677 2858 ἑπομένη
2736 2789 2802 2857 τῇ
2852 2786 3169 2854 προαιωνὶῳ
3228 2785 3466 2853 ὑπάρξει
3532 2785 3565 2853 η
3622 2784 3879 2851 ἐγχρονικ
3943 2776 4009 2848 τῇ

2427 2881 2645 2950 ἁχρόνῳ
2696 2879 2852 2949 παρὰ
2890 2877 2985 2931 τοῦ
3023 2877 3238 2947 [ἰατρὸς
3277 2875 3375 2928 τοῦ
3409 2873 3538 2928 Υῑοῦ
3579 2874 3900 2944 τρανοῦται,
3931 2874 4010 2931 ὡς

2429 2975 2492 3027 ἐκ
2520 2973 2616 3042 τῆς
2653 2973 2844 3033 οὐσίας
2873 2969 3041 3022 αὐτοῦ
3076 2969 3396 3039 προίόντος·
3446 2966 3743 3021 κάντεῦθεν
3788 2967 3847 3018 τὸ
3877 2970 4012 3033 ὀμο-

2431 3064 2565 3135 φυὲς
2602 3065 2809 3133 ἀμφοῖν
2862 3062 3173 3132 θεωρεῖται,
3229 3061 3325 3113 καὶ
3380 3059 3441 3113 τδ
3488 3059 3852 3130 ἀντιστρέφον
3908 3059 4011 3110 οῦκ

759 3167 883 3203 eum
920 3151 1072 3204 nullo
1127 3150 1288 3204 modo
1323 3151 1480 3205 Pater
1510 3168 1574 3205 ex
1599 3152 1837 3205 essentia
1889 3151 2008 3205 Filii
2067 3152 2158 3205 sit.
2210 3152 2325 3205 Non

2432 3158 2546 3227 ἔχει
2580 3156 2764 3225 χώραν
2785 3171 2798 3183 ·
2826 3157 2952 3207 ἐπεὶ
3012 3154 3089 3222 μὴ
3129 3155 3158 3206 6
3185 3152 3371 3223 Πατὴρ
3411 3152 3549 3213 ὅλως
3582 3153 3648 3203 ἐκ
3686 3152 3785 3219 τῆς
3816 3149 4010 3211 οὐσξας

658 3268 665 3271 ι
756 3242 902 3297 aliud
928 3250 1010 3295 est
1040 3243 1206 3295 etiam
1243 3242 1425 3297 missio
1452 3242 1683 3310 Spiritus
1712 3256 1741 3294 a
1774 3241 1950 3306 Patre,
1980 3243 2108 3297 licet
2137 3244 2330 3297 modus

758 3334 903 3388 illius
950 3336 1016 3387 ad
1064 3334 1433 3387 exsistentiam
1468 3348 1809 3403 progressus.
1844 3348 1909 3387 ex
1954 3349 2062 3403 quo
2116 3344 2221 3395 est.
2250 3334 2334 3388 di-

761 3440 948 3477 versus
1001 3424 1092 3485 sit,
1130 3438 1254 3476 cum
1295 3438 1326 3476 a
1358 3422 1494 3476 Filio
1543 3437 1760 3492 quoque
1798 3422 1938 3476 mitti
1994 3423 2331 3477 Paracletum

760 3516 964 3568 «larum
998 3516 1087 3568 sit.
1129 3512 1245 3579 Qua
1295 3530 1423 3580 ergo
1476 3514 1685 3567 ratione
1735 3513 2112 3569 consideratur
2144 3514 2335 3569 missio

761 3623 827 3659 ex
860 3606 1039 3671 Patre.
1083 3606 1273 3660 eadem
1310 3608 1425 3673 ipsa
1474 3606 1661 3659 missio
1704 3622 1768 3660 ex
1812 3604 1949 3660 Filio
1994 3607 2333 3677 intelligitur,

766 3700 807 3749 si
861 3698 1168 3751 communis
1218 3698 1502 3766 utriusque
1526 3696 1781 3767 .Spiritus
1833 3696 2162 3760 Paracletus.
2207 3700 2333 3753 etsi

771 3789 846 3840 uti
888 3787 1064 3842 Patris
1100 3790 1168 3843 ita
1195 3798 1250 3841 et
1288 3788 1433 3850 Filii.
1469 3798 1524 3842 et
1554 3790 1596 3842 si
1647 3788 1722 3842 uti
1772 3789 2026 3858 proprius
2054 3788 2229 3843 Patris
2265 3793 2336 3844 ita

768 3891 825 3934 et
856 3878 971 3933 Filii
998 3881 1251 3949 proprius
1278 3889 1383 3942 est.
1414 3889 1471 3933 et
1514 3880 1557 3934 si
1592 3880 1706 3934 ista:
1739 3880 1957 3933 Patrum
1986 3891 2115 3934 sunt
2150 3896 2337 3942 voces.

767 3984 821 4026 et
855 3973 897 4024 si
931 3972 999 4026 ab
1035 3972 1140 4027 illis
1184 3972 1378 4026 tradita
1424 3987 1543 4040 quae
1603 3986 1767 4041 supra
1804 3972 1976 4040 posita
2020 3981 2106 4027 est
2136 3974 2338 4042 proprii

768 4064 1104 4133 signiﬁcatus
1141 4063 1453 4131 explicatio.
1488 4062 1719 4131 ideoque
1759 4076 1883 4115 cum
1916 4061 2149 4115 mittitur
2177 4062 2340 4117 Para-

767 4156 944 4210 eletus
973 4156 1052 4209 uti
1099 4170 1167 4209 ex
1196 4153 1372 4217 Patre.
1411 4154 1586 4207 locum
1622 4167 1848 4223 prorsus
1892 4168 1999 4207 non
2047 4154 2250 4208 habent
2278 4171 2339 4209 ea

766 4265 885 4318 quae
916 4256 1044 4303 sunt
1068 4246 1464 4310 conversionis.
1494 4246 1565 4300 ob
1585 4260 1707 4299 eam
1754 4260 1917 4315 quam
1949 4246 2111 4300 habet
2144 4262 2340 4314 seque—

769 4338 874 4395 lam
915 4351 1041 4406 erga
1096 4336 1482 4403 sempiternam
1520 4334 1915 4398 exsistentiam,
1968 4337 2046 4387 sic
2086 4349 2151 4388 ex
2198 4333 2340 4387 Filio

770 4442 889 4480 eam
924 4427 1223 4495 intelligere
1259 4425 1330 4479 ob
1357 4427 1602 4479 eamdem
1632 4425 1827 4479 seriem
1866 4425 2165 4481 secundum
2194 4426 2338 4481 divi.

2432 3248 2529 3301 τοῦ
2570 3248 2698 3300 Υιοῦ
2738 3248 3107 3317 ὁπουδήποτε.
3148 3244 3221 3299 Τὸ
3267 3244 3404 3298 αὐτὸ
3450 3246 3540 3297 καὶ
3599 3244 3809 3312 πέμ-ᾇις
3840 3244 3874 3311 ἡ
3917 3241 4015 3294 τοῦ

2434 3340 2758 3411 Πνεῦματος
2787 3340 2939 3409 παρὰ
2974 3340 3067 3393 τοῦ
3111 3338 3347 3407 Πατρδς,
3382 3337 3432 3389 εἰ
3476 3338 3569 3387 καὶ
3600 3339 3628 3389 ὁ
3665 3338 3869 3405 τρόπος
3916 3336 4013 3399 τῆς

2432 3435 2513 3497 εἰς
2545 3437 2606 3486 το
2647 3428 2787 3487 εἶναι
2819 3434 3013 3485 τούτου
3054 3431 3304 3501 προόδου,
3345 3429 3406 3488 ἐξ
3445 3416 3621 3497 οὗπέρ
3664 3428 3784 3479 ἐστι
3819 3428 4013 3493 6:6?!)-

2437 3541 2561 3596 ρος·
2624 3527 2745 3577 ἐπεὶ
2801 3524 2854 3577 δὲ
2888 3524 2979 3577 καὶ
3028 3522 3180 3591 παρὰ
3229 3522 3325 3574 τοῦ
3367 3520 3498 3573 Υἱοῦ
3548 3518 3872 3588 πέμπεσθαι
3924 3520 4015 3569 τὸν

2438 3616 2801 3686 Παράκλητον
2833 3616 3099 3683 ἐμφανές.
3138 3613 3357 3666 Καθ’ὂν
3401 3613 3508 3682 ἄρα
3544 3612 3701 3677 λόγον
3741 3613 3774 3679 ἡ
3812 3614 3879 3663 ἐκ
3920 3611 4015 3664 τοῦ

2440 3710 2655 3778 [ἰατρὸς
2711 3706 2942 3776 πέμψις,
2975 3705 3119 3757 οὕτω
3173 3704 3269 3756 καὶ
3308 3706 3458 3772 ἡ-ἐκ
3508 3703 3605 3757 τοῦ
3642 3702 3798 3766 Υἰοῦ,
3854 3703 4015 3769 εἴπερ

2441 3798 2666 3867 Πνεῦμα
2699 3797 2878 3851 κοινὸν
2901 3784 3117 3865 ἀμφοῖν
3138 3790 3167 3844 6
3208 3793 3591 3863 Παράκλητος,
3627 3795 3722 3845 καὶ
3750 3794 3910 3860 εἴπερ
3939 3792 4013 3851 ὡς

2439 3892 2533 3943 τοῦ
2568 3890 2798 3961 Πατρος,
2835 3887 2977 3941 οῦτω
3017 3886 3230 3941 καὶτοῦ
3260 3885 3416 3947 Υἱοῦ.
3461 3887 3556 3939 καὶ
3580 3888 3739 3953 εἴπερ
3768 3886 3844 3949 ὡς
3884 3886 4015 3935 ἱδιον

2439 3982 2533 4035 τοῦ
2572 3982 2804 4048 Πατρδς,
2833 3978 2975 4031 οὕτω
2999 3979 3090 4031 καὶ
3114 3976 3209 4029 τοῦ
3243 3977 3374 4029 Υἱοῦ
3402 3976 3550 4037 ἴδιον,
3578 3978 3672 4029 καὶ
3694 3977 3809 4043 εἴγε
3834 3974 4015 4027 ταῦτα

2445 4076 2703 4143 Πατέρων
2739 4072 2917 4141 φωναὶ
2963 4072 3054 4123 καὶ
3098 4069 3515 4141 παραδεδομένη
3562 4069 3742 4136 σφίσι,
3794 4068 3890 4119 καὶ
3931 4084 4017 4135 pt-

2444 4169 2575 4237 κρδν
2596 4166 2850 4233 ἀνωτέρω
2872 4160 3096 4231 κειμένη
3121 4160 3219 4229 τῆς
3241 4160 3347 4212 τοῦ
3375 4158 3530 4211 ιόίου
3558 4160 3859 4226 σημασίας,
3884 4158 4017 4210 avd-

2445 4256 2673 4321 πτυξιςο
2726 4256 2809 4323 ἐφ’
2845 4249 2889 4322 ᾧ
2942 4255 3033 4307 καὶ
3082 4252 3144 4305 τὸ
3180 4252 3495 4319 πέμπεσθαι
3526 4250 3616 4303 τὸν
3648 4251 4015 4321 Παρακλητον

2443 4350 2516 4412 ὡς
2547 4350 2611 4401 ἐκ
2641 4348 2732 4400 τοῦ
2773 4348 3004 4412 Πατρδς,
3032 4343 3288 4408 δέξασθαι
3317 4343 3504 4413 χώραν
3538 4343 3636 4395 οὐκ
3664 4343 3777 4409 ἔχει
3810 4343 3879 4393 τὰ
3918 4344 4019 4408 τῆς

2443 4430 2808 4498 ἁντιστροφῆς
2863 4430 2927 4479 ἐκ
2976 4427 3074 4495 τῆς
3151 4422 3219 4495 ἧς
3285 4426 3444 4494 ἔσχεν
3501 4424 3828 4486 ἀκολουθιας
3878 4426 4017 4492 πρὸς

770 4519 958 4571 uitatis
994 4518 1222 4588 gloriam
1276 4516 1392 4569 ﬁeri
1444 4516 1651 4585 nequit.
1701 4515 1768 4569 Et
1820 4525 2031 4571 tantum
2078 4518 2233 4571 abest
2280 4529 2326 4572 nl

2444 4522 2541 4590 τὴν
2604 4519 2776 4573 ἀΐδιον
2835 4515 3109 4586 ὓπαρξιν,
3154 4513 3329 4576 οὕτως
3384 4513 3449 4565 ἐκ
3518 4512 3610 4565 τοῦ
3668 4513 3799 4565 Υἱοῦ
3843 4530 4016 4580 προσ-

769 4611 969 4663 Christi
1000 4609 1191 4663 missio
1219 4624 1283 4662 ex
1309 4608 1514 4677 Spiritu
1555 4608 1646 4671 sit,
1678 4623 1856 4676 neque
1892 4608 2037 4662 enim
2065 4607 2179 4662 ﬁeri
2214 4618 2339 4677 pot-

769 4712 873 4763 est.
911 4711 969 4754 ut
997 4716 1065 4754 ex
1094 4699 1298 4769 Spiritu
1326 4700 1577 4754 Christus
1608 4700 1699 4763 sit,
1725 4708 1783 4753 ut
1814 4714 1914 4754 nec
1939 4715 2161 4769 prorsus
2185 4699 2344 4754 Chri-

770 4803 884 4846 stus
910 4792 1147 4861 Spiritus
1181 4792 1273 4867 sit.
1300 4791 1436 4844 Hinc
1470 4791 1523 4844 in
1560 4791 1722 4845 rebus
1753 4790 2075 4860 tbeologicis
2108 4793 2341 4848 eximius

772 4884 1071 4953 Nyssenus.
1129 4883 1352 4937 homilia
1392 4873 1447 4936 in
1485 4884 1785 4937 orationem
1835 4883 2172 4938 Dominicam
2213 4901 2338 4939 cum

774 4977 1071 5037 statuisset.
1108 4996 1125 5026 ι
1167 4976 1505 5045 unigenitum
1556 4974 1749 5029 Filium
1783 4990 1849 5029 ex
1892 4974 2051 5029 Patre
2099 4991 2128 5029 a
2158 4976 2340 5032 divina

777 5064 1057 5135 Scriptura
1105 5066 1229 5129 dici.
1288 5081 1388 5119 nec
1437 5066 1576 5119 ultra
1626 5066 1770 5119 illius
1816 5066 2202 5135 proprietatem
2245 5085 2340 5122 ex-

779 5157 921 5209 tendi
981 5172 994 5209 :
1034 5154 1294 5223 Spiritum
1350 5171 1480 5208 vero
1516 5166 1765 5211 sanctum
1798 5164 1853 5211 et
1904 5173 1969 5211 ex
2016 5157 2175 5211 Patre
2206 5150 2336 5224 dici.

777 5260 831 5299 et
860 5263 925 5301 ex
956 5246 1092 5301 Filio
1131 5261 1254 5299 esse
1304 5248 1492 5311 asurui,
1534 5265 1551 5297 ι
1585 5263 1652 5302 ex
1694 5248 1991 5316 apostolico
2030 5249 2179 5303 dicto
2209 5250 2336 5315 illo,

785 5356 803 5382 ι
844 5339 1076 5406 Spiiitus
1103 5339 1322 5400 Christi.
1356 5358 1373 5390 ι
1398 5339 1544 5393 illum
1568 5356 1631 5393 ex
1668 5340 1803 5393 Filio
1839 5340 2177 5410 comprobat.
2211 5341 2339 5395 dum

779 5429 950 5484 dicit:
990 5449 1008 5480 ι
1045 5431 1099 5485 Si
1132 5431 1254 5499 quis
1287 5429 1549 5500 Spiritum
1596 5432 1795 5485 Christi
1849 5447 1958 5486 non
2013 5432 2195 5494 habet.
2256 5434 2343 5487 hic

780 5535 891 5573 non
923 5530 1007 5575 est
1034 5524 1151 5591 ejus
1176 5522 1313 5585 ‘7'",
1342 5541 1360 5573 ι
1396 5523 1684 5591 statimque
1711 5522 1895 5577 subdit
1922 5541 1933 5575 :
1968 5541 1985 5573 ι
2018 5523 2201 5592 itaque
2220 5522 2347 5591 Spi-

783 5610 922 5669 ritus
950 5627 1070 5666 cum
1099 5630 1165 5668 ex
1199 5614 1307 5668 Deo
1334 5615 1424 5679 sit.
1458 5624 1513 5669 et
1544 5613 1745 5669 Christi
1770 5613 2005 5683 Spiritus
2031 5624 2133 5678 est,
2174 5633 2191 5664 ι
2234 5629 2347 5668 ma-

856 5795 899 5827 ”
930 5792 1084 5854 Joan.
1114 5812 1162 5858 γ,
1193 5796 1281 5859 ⁸56,
1310 5797 1395 5849 57.
1431 5795 1471 5827 ’³
1501 5796 1651 5851 Joan.
1684 5814 1768 5862 xv.
1795 5797 1881 5851 26.

1965 5798 2003 5828 ¹“·
2038 5798 2194 5853 Joan.
2226 5816 2329 5861 \"t,
2354 5800 2407 5851 7.

2441 4612 2682 4685 ήκασθαι
2736 4609 2943 4681 ταύτην
2988 4613 3054 4663 ὲκ
3112 4608 3211 4676 τῆς
3266 4605 3440 4673 αὐτῆς
3494 4605 3822 4665 ἀκολουθξας
3876 4608 4016 4657 κατὰ

2440 4711 2539 4779 τὴν
2575 4712 2676 4778 τῆς
2728 4708 2983 4776 Θεότητος
3038 4704 3200 4769 δόξαν
3250 4703 3535 4757 ἀδύνατον.
3582 4704 3693 4756 Καὶ
3742 4703 3804 4754 οὐ
3854 4702 4016 4769 μόνον

2440 4799 2681 4872 Χριστοῦ
2726 4799 2936 4868 πέμψις
2978 4798 3080 4850 οὐκ
3137 4795 3289 4849 ἐστιν
3323 4796 3387 4847 ἐκ
3438 4793 3781 4862 Πνεῦματος,
3810 4794 3871 4843 οὐ
3906 4792 4015 4857 γὰρ

2440 4893 2560 4958 ιξδν
2607 4895 2671 4944 ἑκ
2731 4890 3052 4958 Πνεῦματος
3098 4881 3240 4941 εῖναι
3270 4886 3530 4955 Χριστδν,
3562 4884 3678 4938 ἀλλ’
3724 4884 3847 4936 οὐδὲ
3905 4884 4013 4952 μὴν

2444 4984 2579 5048 ὅλως
2610 4982 2842 5053 Χριστὸς
2888 4980 3228 5048 Πνεῦματος.
3292 4978 3456 5030 Ὅθεν
3520 4979 3549 5028 ό
3620 4974 4014 5041 θεολογικώτα-

2446 5092 2539 5138 τος
2568 5074 2790 5142 Νύσσης
2822 5074 2882 5124 ἐν
2908 5074 2974 5141 τῇ
3002 5070 3189 5140 ὁμιλίᾳ
3224 5073 3287 5139 τῇ
3322 5072 3401 5130 εἰς
3431 5068 3529 5139 τὴν
3565 5066 3894 5135 προσευχὴν
3919 5070 4013 5118 Δε-

2450 5168 2713 5236 σποτικῆς
2737 5164 3084 5232 παραδόσεως
3109 5162 3439 5229 θεολογήσας
3456 5159 3554 5223 ὡς,
3585 5176 3603 5208 ι
3631 5158 3691 5208 '0
3717 5158 4015 5227 μονογενὴς

2447 5258 2575 5319 Υἱὸς
2603 5257 2668 5308 ἐκ
2699 5254 2793 5307 τοῦ
2829 5254 3039 5324 Πατρδς
3065 5252 3219 5321 παρὰ
3246 5253 3348 5319 τῆς
3383 5251 3535 5308 θείας
3561 5247 3786 5316 Γραφῆς
3812 5248 4016 5315 ὀνομά-

2447 5346 2621 5410 ζεται,
2657 5348 2751 5398 καὶ
2803 5348 2962 5413 μέχρι
3016 5344 3207 5396 τούτου
3236 5344 3264 5393 6
3320 5342 3480 5407 λόγος
3521 5340 3735 5409 ἵστησιν
3774 5338 3927 5404 αὑτῴ
3953 5339 4013 5388 το

2450 5441 2649 5509 ἰδίωμα
2670 5455 2682 5469 °
2716 5437 2778 5490 τὸ
2809 5437 2865 5489 δὲ
2897 5437 3053 5502 ἇγιον
3090 5435 3313 5501 Πνεῦμα
3342 5434 3435 5484 καὶ
3469 5435 3533 5483 ὲκ
3571 5432 3665 5483 τοῦ
3695 5429 3910 5497 [ἰατρὸς
3933 5429 4017 5482 λέ-

2448 5543 2625 5594 γεται,
2663 5527 2756 5576 καὶ
2795 5525 2857 5576 ὲκ
2881 5522 2974 5576 τοῦ
3010 5522 3135 5573 Υιοῦ
3160 5519 3299 5573 εἶναι
3342 5521 3872 5587 προσμαρτυρείταιι
3913 5536 3932 5568 ι
3957 5520 4016 5581 ἐξ

2450 5616 2620 5683 αὐτῆς
2657 5615 2866 5683 ρήσεως
2916 5610 3285 5678 ἀποστολικῆς
3316 5609 3416 5676 τῆς
3449 5605 3691 5673 Πνεῦμα
3726 5604 4014 5673 Χριστοῦ,

2486 5800 2527 5828 τ’
2553 5797 2681 5852 Luc.
2724 5812 2756 5851 ι,
2793 5793 2862 5845 ‘26
2966 5794 3003 5815 "
3045 5791 3201 5843 llehr.
3242 5807 3275 5847 r.
3318 5791 3397 5843 Η.
3473 5790 3589 5821 "-"
3624 5785 3777 5840 Rom.
3809 5802 3929 5845 rm.
3963 5784 4013 5841 9.
