  <div class='ocr_page' id='page_1' title='image "/cluster/home/n/w/nwhite01/storage/ocr_20150623/141/nnc1.0046979964/724.png"; bbox 0 0 4220 6444; ppageno 0'>
   <div class='ocr_carea' id='block_1_1' title="bbox 271 407 410 470">
    <p class='ocr_par' dir='ltr' id='par_1_1' title="bbox 271 407 410 470">
     <span class='ocr_line' id='line_1_1' title="bbox 271 407 410 470; baseline -0.022 0"><span class='ocrx_word' id='word_1_1' title='bbox 271 407 410 470; x_wconf 79' lang='grc'>1337</span> 
     </span>
    </p>
   </div>
   <div class='ocr_carea' id='block_1_2' title="bbox 1255 401 2529 466">
    <p class='ocr_par' dir='ltr' id='par_1_2' title="bbox 1255 401 2529 466">
     <span class='ocr_line' id='line_1_2' title="bbox 1255 401 2529 466; baseline 0.005 -7"><span class='ocrx_word' id='word_1_2' title='bbox 1255 403 1552 461; x_wconf 68' lang='lat' dir='ltr'><strong>CONTRA</strong></span> <span class='ocrx_word' id='word_1_3' title='bbox 1595 401 2018 463; x_wconf 65' lang='lat' dir='ltr'><strong>MANUELEM</strong></span> <span class='ocrx_word' id='word_1_4' title='bbox 2054 405 2529 466; x_wconf 66' lang='lat' dir='ltr'><strong>CllETENSEM.</strong></span> 
     </span>
    </p>
   </div>
   <div class='ocr_carea' id='block_1_3' title="bbox 3385 399 3517 468">
    <p class='ocr_par' dir='ltr' id='par_1_3' title="bbox 3385 399 3517 468">
     <span class='ocr_line' id='line_1_3' title="bbox 3385 399 3517 468; baseline 0.045 -6"><span class='ocrx_word' id='word_1_5' title='bbox 3385 399 3517 468; x_wconf 84' lang='lat' dir='ltr'><strong>I333</strong></span> 
     </span>
    </p>
   </div>
   <div class='ocr_carea' id='block_1_4' title="bbox 271 512 1937 586">
    <p class='ocr_par' dir='ltr' id='par_1_4' title="bbox 271 512 1918 586">
     <span class='ocr_line' id='line_1_4' title="bbox 271 512 1918 586; baseline -0.003 -16"><span class='ocrx_word' id='word_1_6' title='bbox 271 521 428 586; x_wconf 74' lang='grc' dir='ltr'><strong>⁴τιαρά</strong></span> <span class='ocrx_word' id='word_1_7' title='bbox 460 515 552 568; x_wconf 85' lang='grc' dir='ltr'><strong>τοῦ</strong></span> <span class='ocrx_word' id='word_1_8' title='bbox 610 514 739 566; x_wconf 85' lang='grc' dir='ltr'><strong>Υίοῦ</strong></span> <span class='ocrx_word' id='word_1_9' title='bbox 780 512 935 566; x_wconf 88' lang='grc' dir='ltr'><strong>τοῦτο</strong></span> <span class='ocrx_word' id='word_1_10' title='bbox 973 512 1396 575; x_wconf 74' lang='grc' dir='ltr'><strong>κατασκευάζει,</strong></span> <span class='ocrx_word' id='word_1_11' title='bbox 1429 515 1691 580; x_wconf 65' lang='grc' dir='ltr'><strong>ᾳάμενος,</strong></span> <span class='ocrx_word' id='word_1_12' title='bbox 1730 532 1747 563; x_wconf 82' lang='grc' dir='ltr'><strong>ι</strong></span> <span class='ocrx_word' id='word_1_13' title='bbox 1783 515 1841 565; x_wconf 82' lang='lat' dir='ltr'><strong>El</strong></span> <span class='ocrx_word' id='word_1_14' title='bbox 1873 521 1918 575; x_wconf 75' lang='grc' dir='ltr'><strong>Α</strong></span> 
     </span>
    </p>
   </div>
   <div class='ocr_carea' id='block_1_5' title="bbox 1851 512 3517 586">
    <p class='ocr_par' dir='ltr' id='par_1_5' title="bbox 1873 515 3517 584">
     <span class='ocr_line' id='line_1_5' title="bbox 1873 515 3517 584; baseline 0.002 -16"><span class='ocrx_word' id='word_1_15' title='bbox 1873 521 1918 575; x_wconf 76' lang='grc' dir='ltr'><strong>Α</strong></span> <span class='ocrx_word' id='word_1_16' title='bbox 1946 515 2144 569; x_wconf 88' lang='lat' dir='ltr'><strong>nil&#39;esto</strong></span> <span class='ocrx_word' id='word_1_17' title='bbox 2183 517 2468 570; x_wconf 70' lang='lat' dir='ltr'><strong>declarans</strong></span> <span class='ocrx_word' id='word_1_18' title='bbox 2501 517 2666 584; x_wconf 87' lang='lat' dir='ltr'><strong>quod,</strong></span> <span class='ocrx_word' id='word_1_19' title='bbox 2697 517 2819 572; x_wconf 89' lang='lat' dir='ltr'><strong>licet</strong></span> <span class='ocrx_word' id='word_1_20' title='bbox 2844 533 2910 573; x_wconf 81' lang='lat' dir='ltr'><strong>ex</strong></span> <span class='ocrx_word' id='word_1_21' title='bbox 2953 517 3110 572; x_wconf 86' lang='lat' dir='ltr'><strong>Patre</strong></span> <span class='ocrx_word' id='word_1_22' title='bbox 3146 517 3302 570; x_wconf 82' lang='lat' dir='ltr'><strong>ambo</strong></span> <span class='ocrx_word' id='word_1_23' title='bbox 3331 518 3438 571; x_wconf 89' lang='lat' dir='ltr'><strong>sint</strong></span> <span class='ocrx_word' id='word_1_24' title='bbox 3462 527 3517 572; x_wconf 84' lang='lat' dir='ltr'><strong>et</strong></span> 
     </span>
    </p>
   </div>
   <div class='ocr_carea' id='block_1_6' title="bbox 271 599 1840 675">
    <p class='ocr_par' dir='ltr' id='par_1_6' title="bbox 271 599 1840 675">
     <span class='ocr_line' id='line_1_6' title="bbox 271 599 1840 675; baseline -0.004 -16"><span class='ocrx_word' id='word_1_25' title='bbox 271 610 383 675; x_wconf 73' lang='grc' dir='ltr'><strong>γάρ</strong></span> <span class='ocrx_word' id='word_1_26' title='bbox 412 623 495 666; x_wconf 89' lang='grc' dir='ltr'><strong>τις</strong></span> <span class='ocrx_word' id='word_1_27' title='bbox 529 603 749 672; x_wconf 87' lang='grc' dir='ltr'><strong>Πνεῦμα</strong></span> <span class='ocrx_word' id='word_1_28' title='bbox 806 601 1040 671; x_wconf 78' lang='grc' dir='ltr'><strong>Χροστοῦ</strong></span> <span class='ocrx_word' id='word_1_29' title='bbox 1091 603 1190 654; x_wconf 81' lang='grc' dir='ltr'><strong>οὐκ</strong></span> <span class='ocrx_word' id='word_1_30' title='bbox 1221 603 1353 671; x_wconf 71' lang='grc' dir='ltr'><strong>ἔχει,</strong></span> <span class='ocrx_word' id='word_1_31' title='bbox 1386 599 1537 660; x_wconf 76' lang='grc' dir='ltr'><strong>οὖτο;</strong></span> <span class='ocrx_word' id='word_1_32' title='bbox 1567 605 1666 654; x_wconf 81' lang='grc' dir='ltr'><strong>οὐκ</strong></span> <span class='ocrx_word' id='word_1_33' title='bbox 1699 604 1840 654; x_wconf 70' lang='grc' dir='ltr'><strong>ἔστιν</strong></span> 
     </span>
    </p>
   </div>
   <div class='ocr_carea' id='block_1_7' title="bbox 271 693 1842 764">
    <p class='ocr_par' dir='ltr' id='par_1_7' title="bbox 271 693 1842 764">
     <span class='ocr_line' id='line_1_7' title="bbox 271 693 1842 764; baseline -0.006 -13"><span class='ocrx_word' id='word_1_34' title='bbox 271 699 468 760; x_wconf 81' lang='grc' dir='ltr'><strong>αὑτοῦ,</strong></span> <span class='ocrx_word' id='word_1_35' title='bbox 501 717 518 748; x_wconf 83' lang='grc' dir='ltr'><strong>ι</strong></span> <span class='ocrx_word' id='word_1_36' title='bbox 550 697 645 748; x_wconf 78' lang='grc' dir='ltr'><strong>καὶ</strong></span> <span class='ocrx_word' id='word_1_37' title='bbox 674 695 1033 764; x_wconf 75' lang='grc' dir='ltr'><strong>συνημμένως</strong></span> <span class='ocrx_word' id='word_1_38' title='bbox 1079 694 1301 760; x_wconf 72' lang='grc' dir='ltr'><strong>ὲτάγει·</strong></span> <span class='ocrx_word' id='word_1_39' title='bbox 1344 712 1360 742; x_wconf 86' lang='grc' dir='ltr'><strong>ι</strong></span> <span class='ocrx_word' id='word_1_40' title='bbox 1405 693 1610 744; x_wconf 82' lang='grc' dir='ltr'><strong>Οὐκοῦν</strong></span> <span class='ocrx_word' id='word_1_41' title='bbox 1649 693 1709 744; x_wconf 74' lang='grc' dir='ltr'><strong>τὸ</strong></span> <span class='ocrx_word' id='word_1_42' title='bbox 1744 693 1842 760; x_wconf 77' lang='grc' dir='ltr'><strong>μὲν</strong></span> 
     </span>
    </p>
   </div>
   <div class='ocr_carea' id='block_1_8' title="bbox 273 789 1838 859">
    <p class='ocr_par' dir='ltr' id='par_1_8' title="bbox 273 789 1838 859">
     <span class='ocr_line' id='line_1_8' title="bbox 273 789 1838 859; baseline -0.003 -17"><span class='ocrx_word' id='word_1_43' title='bbox 273 791 501 859; x_wconf 86' lang='grc' dir='ltr'><strong>Πνεῦμα</strong></span> <span class='ocrx_word' id='word_1_44' title='bbox 521 793 583 842; x_wconf 79' lang='grc' dir='ltr'><strong>ἐκ</strong></span> <span class='ocrx_word' id='word_1_45' title='bbox 604 789 697 842; x_wconf 88' lang='grc' dir='ltr'><strong>τοῦ</strong></span> <span class='ocrx_word' id='word_1_46' title='bbox 720 789 854 841; x_wconf 86' lang='grc' dir='ltr'><strong>Θεοῦ</strong></span> <span class='ocrx_word' id='word_1_47' title='bbox 883 789 961 847; x_wconf 83' lang='grc' dir='ltr'><strong>ὃν,</strong></span> <span class='ocrx_word' id='word_1_48' title='bbox 988 789 1078 841; x_wconf 80' lang='grc' dir='ltr'><strong>καὶ</strong></span> <span class='ocrx_word' id='word_1_49' title='bbox 1104 790 1336 858; x_wconf 80' lang='grc' dir='ltr'><strong>Χριστοῦ</strong></span> <span class='ocrx_word' id='word_1_50' title='bbox 1371 789 1589 855; x_wconf 86' lang='grc' dir='ltr'><strong>Πνεῦμά</strong></span> <span class='ocrx_word' id='word_1_51' title='bbox 1619 791 1788 851; x_wconf 73' lang='grc' dir='ltr'><strong>ἐστιν,</strong></span> <span class='ocrx_word' id='word_1_52' title='bbox 1821 808 1838 838; x_wconf 76' lang='grc' dir='ltr'><strong>ι</strong></span> 
     </span>
    </p>
   </div>
   <div class='ocr_carea' id='block_1_9' title="bbox 271 880 1843 950">
    <p class='ocr_par' dir='ltr' id='par_1_9' title="bbox 271 880 1843 950">
     <span class='ocr_line' id='line_1_9' title="bbox 271 880 1843 950; baseline -0.004 -14"><span class='ocrx_word' id='word_1_53' title='bbox 271 883 548 950; x_wconf 83' lang='grc' dir='ltr'><strong>ἀριδήλως</strong></span> <span class='ocrx_word' id='word_1_54' title='bbox 584 881 917 950; x_wconf 72' lang='grc' dir='ltr'><strong>σαφηνίξων,</strong></span> <span class='ocrx_word' id='word_1_55' title='bbox 949 881 1022 942; x_wconf 77' lang='grc' dir='ltr'><strong>ὡς</strong></span> <span class='ocrx_word' id='word_1_56' title='bbox 1053 885 1100 933; x_wconf 84' lang='grc' dir='ltr'><strong>εί</strong></span> <span class='ocrx_word' id='word_1_57' title='bbox 1140 881 1233 932; x_wconf 70' lang='grc' dir='ltr'><strong>καὶ</strong></span> <span class='ocrx_word' id='word_1_58' title='bbox 1258 883 1319 932; x_wconf 84' lang='grc' dir='ltr'><strong>ὲκ</strong></span> <span class='ocrx_word' id='word_1_59' title='bbox 1354 880 1446 932; x_wconf 84' lang='grc' dir='ltr'><strong>τοῦ</strong></span> <span class='ocrx_word' id='word_1_60' title='bbox 1481 881 1690 949; x_wconf 79' lang='grc' dir='ltr'><strong>Πατρδς</strong></span> <span class='ocrx_word' id='word_1_61' title='bbox 1714 881 1843 930; x_wconf 74' lang='grc' dir='ltr'><strong>ἑκα-</strong></span> 
     </span>
    </p>
   </div>
   <div class='ocr_carea' id='block_1_10' title="bbox 273 972 1846 1042">
    <p class='ocr_par' dir='ltr' id='par_1_10' title="bbox 273 972 1846 1042">
     <span class='ocr_line' id='line_1_10' title="bbox 273 972 1846 1042; baseline -0.002 -17"><span class='ocrx_word' id='word_1_62' title='bbox 273 973 413 1042; x_wconf 85' lang='grc' dir='ltr'><strong>τερα</strong></span> <span class='ocrx_word' id='word_1_63' title='bbox 451 974 479 1024; x_wconf 87' lang='grc' dir='ltr'><strong>ό</strong></span> <span class='ocrx_word' id='word_1_64' title='bbox 508 975 630 1034; x_wconf 77' lang='grc' dir='ltr'><strong>Υἱὸς</strong></span> <span class='ocrx_word' id='word_1_65' title='bbox 662 975 753 1025; x_wconf 69' lang='grc' dir='ltr'><strong>καὶ</strong></span> <span class='ocrx_word' id='word_1_66' title='bbox 785 973 839 1023; x_wconf 73' lang='grc' dir='ltr'><strong>τδ</strong></span> <span class='ocrx_word' id='word_1_67' title='bbox 871 974 1113 1041; x_wconf 83' lang='grc' dir='ltr'><strong>Πνεῦμα,</strong></span> <span class='ocrx_word' id='word_1_68' title='bbox 1144 974 1236 1024; x_wconf 78' lang='grc' dir='ltr'><strong>καὶ</strong></span> <span class='ocrx_word' id='word_1_69' title='bbox 1267 973 1444 1024; x_wconf 80' lang='grc' dir='ltr'><strong>κοινὸν</strong></span> <span class='ocrx_word' id='word_1_70' title='bbox 1475 973 1674 1039; x_wconf 73' lang='grc' dir='ltr'><strong>ἀμφοῖν</strong></span> <span class='ocrx_word' id='word_1_71' title='bbox 1703 972 1761 1021; x_wconf 68' lang='grc' dir='ltr'><strong>τὸ</strong></span> <span class='ocrx_word' id='word_1_72' title='bbox 1785 974 1846 1022; x_wconf 81' lang='grc' dir='ltr'><strong>ἐκ</strong></span> 
     </span>
    </p>
   </div>
   <div class='ocr_carea' id='block_1_11' title="bbox 274 1064 1847 1133">
    <p class='ocr_par' dir='ltr' id='par_1_11' title="bbox 274 1064 1847 1133">
     <span class='ocr_line' id='line_1_11' title="bbox 274 1064 1847 1133; baseline -0.003 -16"><span class='ocrx_word' id='word_1_73' title='bbox 274 1065 372 1117; x_wconf 85' lang='grc' dir='ltr'><strong>τοῦ</strong></span> <span class='ocrx_word' id='word_1_74' title='bbox 411 1067 643 1133; x_wconf 54' lang='grc' dir='ltr'><strong>Πατρὶς,</strong></span> <span class='ocrx_word' id='word_1_75' title='bbox 682 1065 796 1116; x_wconf 80' lang='grc' dir='ltr'><strong>ἀλλ’</strong></span> <span class='ocrx_word' id='word_1_76' title='bbox 831 1067 889 1116; x_wconf 72' lang='grc' dir='ltr'><strong>οὐ</strong></span> <span class='ocrx_word' id='word_1_77' title='bbox 921 1067 1098 1116; x_wconf 72' lang='grc' dir='ltr'><strong>κοινον</strong></span> <span class='ocrx_word' id='word_1_78' title='bbox 1133 1067 1222 1117; x_wconf 72' lang='grc' dir='ltr'><strong>καὶ</strong></span> <span class='ocrx_word' id='word_1_79' title='bbox 1251 1065 1310 1115; x_wconf 59' lang='grc' dir='ltr'><strong>τὸ</strong></span> <span class='ocrx_word' id='word_1_80' title='bbox 1342 1067 1402 1115; x_wconf 80' lang='grc' dir='ltr'><strong>ἐκ</strong></span> <span class='ocrx_word' id='word_1_81' title='bbox 1430 1064 1654 1131; x_wconf 73' lang='grc' dir='ltr'><strong>θατέρου</strong></span> <span class='ocrx_word' id='word_1_82' title='bbox 1692 1065 1847 1114; x_wconf 77' lang='grc' dir='ltr'><strong>ϐατε-</strong></span> 
     </span>
    </p>
   </div>
   <div class='ocr_carea' id='block_1_12' title="bbox 283 1151 1848 1221">
    <p class='ocr_par' dir='ltr' id='par_1_12' title="bbox 283 1151 1848 1221">
     <span class='ocr_line' id='line_1_12' title="bbox 283 1151 1848 1221; baseline -0.003 -16"><span class='ocrx_word' id='word_1_83' title='bbox 283 1171 378 1221; x_wconf 79' lang='grc' dir='ltr'><strong>ρον</strong></span> <span class='ocrx_word' id='word_1_84' title='bbox 416 1151 552 1205; x_wconf 81' lang='grc' dir='ltr'><strong>εἶναι</strong></span> <span class='ocrx_word' id='word_1_85' title='bbox 617 1155 754 1205; x_wconf 70' lang='grc' dir='ltr'><strong>κατὰ</strong></span> <span class='ocrx_word' id='word_1_86' title='bbox 806 1154 962 1220; x_wconf 79' lang='grc' dir='ltr'><strong>λόγον</strong></span> <span class='ocrx_word' id='word_1_87' title='bbox 1007 1156 1392 1221; x_wconf 71' lang='grc' dir='ltr'><strong>ἀντιστροφῆς.</strong></span> <span class='ocrx_word' id='word_1_88' title='bbox 1456 1154 1590 1205; x_wconf 68' lang='grc' dir='ltr'><strong>ἀλλὰ</strong></span> <span class='ocrx_word' id='word_1_89' title='bbox 1642 1155 1697 1204; x_wconf 64' lang='lat' dir='ltr'><strong>th</strong></span> <span class='ocrx_word' id='word_1_90' title='bbox 1754 1153 1848 1209; x_wconf 68' lang='grc' dir='ltr'><strong>μὲν</strong></span> 
     </span>
    </p>
   </div>
   <div class='ocr_carea' id='block_1_13' title="bbox 281 1245 1848 1312">
    <p class='ocr_par' dir='ltr' id='par_1_13' title="bbox 281 1245 1848 1312">
     <span class='ocr_line' id='line_1_13' title="bbox 281 1245 1848 1312; baseline -0.003 -14"><span class='ocrx_word' id='word_1_91' title='bbox 281 1246 510 1312; x_wconf 81' lang='grc' dir='ltr'><strong>Πνεῦμα</strong></span> <span class='ocrx_word' id='word_1_92' title='bbox 559 1249 623 1297; x_wconf 71' lang='grc' dir='ltr'><strong>ἐκ</strong></span> <span class='ocrx_word' id='word_1_93' title='bbox 663 1246 756 1296; x_wconf 86' lang='grc' dir='ltr'><strong>τοῦ</strong></span> <span class='ocrx_word' id='word_1_94' title='bbox 786 1245 922 1296; x_wconf 82' lang='grc' dir='ltr'><strong>Θεοῦ</strong></span> <span class='ocrx_word' id='word_1_95' title='bbox 960 1245 1040 1307; x_wconf 84' lang='grc' dir='ltr'><strong>ὃν,</strong></span> <span class='ocrx_word' id='word_1_96' title='bbox 1076 1247 1354 1297; x_wconf 62' lang='grc' dir='ltr'><strong>τοιτέστιν</strong></span> <span class='ocrx_word' id='word_1_97' title='bbox 1385 1248 1445 1296; x_wconf 82' lang='grc' dir='ltr'><strong>ἐκ</strong></span> <span class='ocrx_word' id='word_1_98' title='bbox 1480 1245 1572 1294; x_wconf 87' lang='grc' dir='ltr'><strong>τοῦ</strong></span> <span class='ocrx_word' id='word_1_99' title='bbox 1618 1245 1848 1310; x_wconf 53' lang='lat' dir='ltr'><strong>nam.</strong></span> 
     </span>
    </p>
   </div>
   <div class='ocr_carea' id='block_1_14' title="bbox 280 1335 1849 1406">
    <p class='ocr_par' dir='ltr' id='par_1_14' title="bbox 280 1335 1849 1406">
     <span class='ocr_line' id='line_1_14' title="bbox 280 1335 1849 1406; baseline -0.003 -16"><span class='ocrx_word' id='word_1_100' title='bbox 280 1340 380 1390; x_wconf 68' lang='grc' dir='ltr'><strong>καὶ</strong></span> <span class='ocrx_word' id='word_1_101' title='bbox 435 1336 673 1406; x_wconf 78' lang='grc' dir='ltr'><strong>Χριστοῦ</strong></span> <span class='ocrx_word' id='word_1_102' title='bbox 704 1337 928 1406; x_wconf 86' lang='grc' dir='ltr'><strong>Πνεῦμά</strong></span> <span class='ocrx_word' id='word_1_103' title='bbox 974 1339 1112 1397; x_wconf 79' lang='grc' dir='ltr'><strong>ἐστι,</strong></span> <span class='ocrx_word' id='word_1_104' title='bbox 1155 1337 1232 1388; x_wconf 65' lang='grc' dir='ltr'><strong>δι’»</strong></span> <span class='ocrx_word' id='word_1_105' title='bbox 1261 1339 1354 1389; x_wconf 75' lang='grc' dir='ltr'><strong>καὶ</strong></span> <span class='ocrx_word' id='word_1_106' title='bbox 1384 1339 1445 1387; x_wconf 83' lang='grc' dir='ltr'><strong>ὲκ</strong></span> <span class='ocrx_word' id='word_1_107' title='bbox 1478 1335 1574 1387; x_wconf 86' lang='grc' dir='ltr'><strong>τοῦ</strong></span> <span class='ocrx_word' id='word_1_108' title='bbox 1617 1335 1849 1403; x_wconf 88' lang='grc' dir='ltr'><strong>Χριστοῦ</strong></span> 
     </span>
    </p>
   </div>
   <div class='ocr_carea' id='block_1_15' title="bbox 283 1427 1850 1498">
    <p class='ocr_par' dir='ltr' id='par_1_15' title="bbox 283 1427 1850 1498">
     <span class='ocr_line' id='line_1_15' title="bbox 283 1427 1850 1498; baseline -0.003 -17"><span class='ocrx_word' id='word_1_109' title='bbox 283 1432 428 1482; x_wconf 59' lang='grc' dir='ltr'><strong>κατὰ</strong></span> <span class='ocrx_word' id='word_1_110' title='bbox 457 1431 555 1498; x_wconf 74' lang='grc' dir='ltr'><strong>τὴν</strong></span> <span class='ocrx_word' id='word_1_111' title='bbox 589 1429 751 1480; x_wconf 74' lang='grc' dir='ltr'><strong>αὒτοῦ</strong></span> <span class='ocrx_word' id='word_1_112' title='bbox 775 1429 868 1481; x_wconf 90' lang='grc' dir='ltr'><strong>τοῦ</strong></span> <span class='ocrx_word' id='word_1_113' title='bbox 904 1429 1138 1496; x_wconf 80' lang='grc' dir='ltr'><strong>μεγάλου</strong></span> <span class='ocrx_word' id='word_1_114' title='bbox 1174 1429 1458 1494; x_wconf 76' lang='grc' dir='ltr'><strong>ἐγγυτάτω</strong></span> <span class='ocrx_word' id='word_1_115' title='bbox 1487 1427 1850 1494; x_wconf 74' lang='grc' dir='ltr'><strong>κατασκευὴν,</strong></span> 
     </span>
    </p>
   </div>
   <div class='ocr_carea' id='block_1_16' title="bbox 283 1518 1853 1589">
    <p class='ocr_par' dir='ltr' id='par_1_16' title="bbox 283 1518 1853 1589">
     <span class='ocr_line' id='line_1_16' title="bbox 283 1518 1853 1589; baseline -0.003 -15"><span class='ocrx_word' id='word_1_116' title='bbox 283 1525 350 1574; x_wconf 77' lang='grc' dir='ltr'><strong>ὲκ</strong></span> <span class='ocrx_word' id='word_1_117' title='bbox 379 1522 474 1573; x_wconf 88' lang='grc' dir='ltr'><strong>τοῦ</strong></span> <span class='ocrx_word' id='word_1_118' title='bbox 509 1521 732 1589; x_wconf 84' lang='grc' dir='ltr'><strong>Πνεῦμα</strong></span> <span class='ocrx_word' id='word_1_119' title='bbox 768 1520 1003 1588; x_wconf 79' lang='grc' dir='ltr'><strong>Χριστοῦ</strong></span> <span class='ocrx_word' id='word_1_120' title='bbox 1034 1520 1420 1587; x_wconf 80' lang='grc' dir='ltr'><strong>θεολογείσθαι,</strong></span> <span class='ocrx_word' id='word_1_121' title='bbox 1456 1521 1513 1570; x_wconf 63' lang='grc' dir='ltr'><strong>τὶ</strong></span> <span class='ocrx_word' id='word_1_122' title='bbox 1546 1519 1636 1570; x_wconf 72' lang='grc' dir='ltr'><strong>καὶ</strong></span> <span class='ocrx_word' id='word_1_123' title='bbox 1667 1523 1729 1570; x_wconf 78' lang='grc' dir='ltr'><strong>ὲκ</strong></span> <span class='ocrx_word' id='word_1_124' title='bbox 1760 1518 1853 1570; x_wconf 88' lang='grc' dir='ltr'><strong>τοῦ</strong></span> 
     </span>
    </p>
   </div>
   <div class='ocr_carea' id='block_1_17' title="bbox 286 1610 1852 1683">
    <p class='ocr_par' dir='ltr' id='par_1_17' title="bbox 286 1610 1852 1683">
     <span class='ocr_line' id='line_1_17' title="bbox 286 1610 1852 1683; baseline -0.002 -18"><span class='ocrx_word' id='word_1_125' title='bbox 286 1613 526 1682; x_wconf 75' lang='grc' dir='ltr'><strong>Χριστοῦ</strong></span> <span class='ocrx_word' id='word_1_126' title='bbox 563 1610 703 1665; x_wconf 80' lang='grc' dir='ltr'><strong>εἶναι</strong></span> <span class='ocrx_word' id='word_1_127' title='bbox 729 1611 1122 1683; x_wconf 79' lang='grc' dir='ltr'><strong>τρανώσαντος,</strong></span> <span class='ocrx_word' id='word_1_128' title='bbox 1175 1632 1191 1661; x_wconf 79' lang='grc' dir='ltr'><strong>ι</strong></span> <span class='ocrx_word' id='word_1_129' title='bbox 1239 1611 1298 1665; x_wconf 83' lang='grc'><strong>’0</strong></span> <span class='ocrx_word' id='word_1_130' title='bbox 1325 1611 1380 1664; x_wconf 82' lang='grc' dir='ltr'><strong>δὲ</strong></span> <span class='ocrx_word' id='word_1_131' title='bbox 1417 1611 1564 1672; x_wconf 73' lang='grc' dir='ltr'><strong>Υίὸξ,</strong></span> <span class='ocrx_word' id='word_1_132' title='bbox 1611 1631 1628 1662; x_wconf 80' lang='grc' dir='ltr'><strong>ι</strong></span> <span class='ocrx_word' id='word_1_133' title='bbox 1666 1614 1852 1680; x_wconf 55' lang='grc' dir='ltr'><strong>φησιν,</strong></span> 
     </span>
    </p>
   </div>
   <div class='ocr_carea' id='block_1_18' title="bbox 295 1700 1854 1769">
    <p class='ocr_par' dir='ltr' id='par_1_18' title="bbox 295 1700 1854 1769">
     <span class='ocr_line' id='line_1_18' title="bbox 295 1700 1854 1769; baseline -0.002 -15"><span class='ocrx_word' id='word_1_134' title='bbox 295 1723 313 1754; x_wconf 80' lang='grc' dir='ltr'><strong>ι</strong></span> <span class='ocrx_word' id='word_1_135' title='bbox 348 1707 411 1756; x_wconf 73' lang='grc' dir='ltr'><strong>ἐκ</strong></span> <span class='ocrx_word' id='word_1_136' title='bbox 438 1704 531 1756; x_wconf 88' lang='grc' dir='ltr'><strong>τοῦ</strong></span> <span class='ocrx_word' id='word_1_137' title='bbox 561 1704 693 1755; x_wconf 85' lang='grc' dir='ltr'><strong>Θεοῦ</strong></span> <span class='ocrx_word' id='word_1_138' title='bbox 731 1704 826 1768; x_wconf 82' lang='grc' dir='ltr'><strong>ὣν,</strong></span> <span class='ocrx_word' id='word_1_139' title='bbox 877 1705 1060 1756; x_wconf 79' lang='grc' dir='ltr'><strong>οὐκέτι</strong></span> <span class='ocrx_word' id='word_1_140' title='bbox 1115 1704 1206 1754; x_wconf 79' lang='grc' dir='ltr'><strong>καὶ</strong></span> <span class='ocrx_word' id='word_1_141' title='bbox 1248 1701 1341 1754; x_wconf 90' lang='grc' dir='ltr'><strong>τοῦ</strong></span> <span class='ocrx_word' id='word_1_142' title='bbox 1393 1702 1704 1769; x_wconf 79' lang='grc' dir='ltr'><strong>Πνεύματος</strong></span> <span class='ocrx_word' id='word_1_143' title='bbox 1731 1700 1854 1753; x_wconf 78' lang='grc' dir='ltr'><strong>οὕτε</strong></span> 
     </span>
    </p>
   </div>
   <div class='ocr_carea' id='block_1_19' title="bbox 288 1793 1852 1862">
    <p class='ocr_par' dir='ltr' id='par_1_19' title="bbox 288 1793 1852 1862">
     <span class='ocr_line' id='line_1_19' title="bbox 288 1793 1852 1862; baseline -0.001 -16"><span class='ocrx_word' id='word_1_144' title='bbox 288 1795 462 1852; x_wconf 81' lang='grc' dir='ltr'><strong>ἐστιν,</strong></span> <span class='ocrx_word' id='word_1_145' title='bbox 495 1795 616 1846; x_wconf 67' lang='grc' dir='ltr'><strong>οὔτε</strong></span> <span class='ocrx_word' id='word_1_146' title='bbox 639 1795 876 1862; x_wconf 82' lang='grc' dir='ltr'><strong>λέγεται,</strong></span> <span class='ocrx_word' id='word_1_147' title='bbox 903 1795 1019 1846; x_wconf 74' lang='grc' dir='ltr'><strong>οὐδὲ</strong></span> <span class='ocrx_word' id='word_1_148' title='bbox 1048 1794 1396 1862; x_wconf 75' lang='grc' dir='ltr'><strong>ἀντιστρέφει</strong></span> <span class='ocrx_word' id='word_1_149' title='bbox 1424 1795 1454 1861; x_wconf 80' lang='grc' dir='ltr'><strong>ἠ</strong></span> <span class='ocrx_word' id='word_1_150' title='bbox 1485 1793 1704 1861; x_wconf 76' lang='grc' dir='ltr'><strong>σχετικὴ</strong></span> <span class='ocrx_word' id='word_1_151' title='bbox 1727 1796 1852 1846; x_wconf 83' lang='grc' dir='ltr'><strong>ἀκο-</strong></span> 
     </span>
    </p>
   </div>
   <div class='ocr_carea' id='block_1_20' title="bbox 288 1885 1856 1955">
    <p class='ocr_par' dir='ltr' id='par_1_20' title="bbox 288 1885 1856 1955">
     <span class='ocr_line' id='line_1_20' title="bbox 288 1885 1856 1955; baseline -0.001 -18"><span class='ocrx_word' id='word_1_152' title='bbox 288 1887 483 1940; x_wconf 84' lang='grc' dir='ltr'><strong>λουθία</strong></span> <span class='ocrx_word' id='word_1_153' title='bbox 519 1887 678 1955; x_wconf 75' lang='grc' dir='ltr'><strong>αὕτη.</strong></span> <span class='ocrx_word' id='word_1_154' title='bbox 728 1905 746 1938; x_wconf 74' lang='grc' dir='ltr'><strong>ι</strong></span> <span class='ocrx_word' id='word_1_155' title='bbox 788 1888 846 1938; x_wconf 79' lang='lat' dir='ltr'><strong>Ei</strong></span> <span class='ocrx_word' id='word_1_156' title='bbox 870 1888 1047 1938; x_wconf 74' lang='grc' dir='ltr'><strong>τοίνυν</strong></span> <span class='ocrx_word' id='word_1_157' title='bbox 1069 1888 1140 1946; x_wconf 81' lang='grc' dir='ltr'><strong>ὡς</strong></span> <span class='ocrx_word' id='word_1_158' title='bbox 1179 1887 1394 1950; x_wconf 62' lang='grc' dir='ltr'><strong>Πνεῦμα</strong></span> <span class='ocrx_word' id='word_1_159' title='bbox 1429 1885 1664 1954; x_wconf 83' lang='grc' dir='ltr'><strong>Χριστοῦ</strong></span> <span class='ocrx_word' id='word_1_160' title='bbox 1692 1885 1856 1935; x_wconf 79' lang='grc' dir='ltr'><strong>Πνεῦ-</strong></span> 
     </span>
    </p>
   </div>
   <div class='ocr_carea' id='block_1_21' title="bbox 297 1976 1856 2049">
    <p class='ocr_par' dir='ltr' id='par_1_21' title="bbox 297 1976 1856 2049">
     <span class='ocr_line' id='line_1_21' title="bbox 297 1976 1856 2049; baseline -0.004 -18"><span class='ocrx_word' id='word_1_161' title='bbox 297 1998 470 2049; x_wconf 81' lang='grc' dir='ltr'><strong>ματος</strong></span> <span class='ocrx_word' id='word_1_162' title='bbox 501 1979 756 2049; x_wconf 81' lang='grc' dir='ltr'><strong>λεχθῆναι</strong></span> <span class='ocrx_word' id='word_1_163' title='bbox 779 1978 1012 2046; x_wconf 74' lang='grc' dir='ltr'><strong>Χριστὸς</strong></span> <span class='ocrx_word' id='word_1_164' title='bbox 1038 1978 1401 2043; x_wconf 71' lang='grc' dir='ltr'><strong>ἀντιστρόφωε</strong></span> <span class='ocrx_word' id='word_1_165' title='bbox 1435 1979 1496 2028; x_wconf 81' lang='grc' dir='ltr'><strong>ἐκ</strong></span> <span class='ocrx_word' id='word_1_166' title='bbox 1529 1976 1856 2044; x_wconf 73' lang='grc' dir='ltr'><strong>τῆςτοιᾶσδε</strong></span> 
     </span>
    </p>
   </div>
   <div class='ocr_carea' id='block_1_22' title="bbox 293 2063 1860 2138">
    <p class='ocr_par' dir='ltr' id='par_1_22' title="bbox 293 2063 1860 2138">
     <span class='ocr_line' id='line_1_22' title="bbox 293 2063 1860 2138; baseline -0.006 -16"><span class='ocrx_word' id='word_1_167' title='bbox 293 2071 455 2138; x_wconf 70' lang='grc' dir='ltr'><strong>φύσει</strong></span> <span class='ocrx_word' id='word_1_168' title='bbox 484 2069 737 2137; x_wconf 57' lang='lat' dir='ltr'><strong>axz-cmi};</strong></span> <span class='ocrx_word' id='word_1_169' title='bbox 766 2068 1086 2126; x_wconf 74' lang='grc' dir='ltr'><strong>ἀκολουθίας</strong></span> <span class='ocrx_word' id='word_1_170' title='bbox 1109 2069 1166 2117; x_wconf 68' lang='grc' dir='ltr'><strong>ο)</strong></span> <span class='ocrx_word' id='word_1_171' title='bbox 1191 2067 1434 2124; x_wconf 68' lang='grc' dir='ltr'><strong>δύναται,</strong></span> <span class='ocrx_word' id='word_1_172' title='bbox 1472 2064 1587 2124; x_wconf 82' lang='grc' dir='ltr'><strong>πῶς</strong></span> <span class='ocrx_word' id='word_1_173' title='bbox 1615 2064 1672 2127; x_wconf 75' lang='grc' dir='ltr'>ἐξ</span> <span class='ocrx_word' id='word_1_174' title='bbox 1693 2063 1860 2129; x_wconf 71' lang='grc' dir='ltr'><strong>αὐτῆς</strong></span> 
     </span>
    </p>
   </div>
   <div class='ocr_carea' id='block_1_23' title="bbox 293 2154 1860 2228">
    <p class='ocr_par' dir='ltr' id='par_1_23' title="bbox 293 2154 1860 2228">
     <span class='ocr_line' id='line_1_23' title="bbox 293 2154 1860 2228; baseline -0.008 -14"><span class='ocrx_word' id='word_1_175' title='bbox 293 2165 370 2225; x_wconf 87' lang='grc' dir='ltr'><strong>ὡς</strong></span> <span class='ocrx_word' id='word_1_176' title='bbox 398 2161 674 2228; x_wconf 79' lang='grc' dir='ltr'><strong>ἀποστολὴ</strong></span> <span class='ocrx_word' id='word_1_177' title='bbox 725 2161 875 2228; x_wconf 72' lang='grc' dir='ltr'><strong>παρὰ</strong></span> <span class='ocrx_word' id='word_1_178' title='bbox 930 2157 1166 2225; x_wconf 72' lang='grc' dir='ltr'><strong>Χριστοῦ</strong></span> <span class='ocrx_word' id='word_1_179' title='bbox 1224 2157 1560 2223; x_wconf 74' lang='grc' dir='ltr'><strong>Πνεύματος,</strong></span> <span class='ocrx_word' id='word_1_180' title='bbox 1591 2154 1860 2222; x_wconf 73' lang='grc' dir='ltr'><strong>ἀποστολὴ</strong></span> 
     </span>
    </p>
   </div>
   <div class='ocr_carea' id='block_1_24' title="bbox 291 2246 1861 2320">
    <p class='ocr_par' dir='ltr' id='par_1_24' title="bbox 291 2246 1861 2320">
     <span class='ocr_line' id='line_1_24' title="bbox 291 2246 1861 2320; baseline -0.006 -16"><span class='ocrx_word' id='word_1_181' title='bbox 291 2256 447 2320; x_wconf 72' lang='grc' dir='ltr'><strong>παρα</strong></span> <span class='ocrx_word' id='word_1_182' title='bbox 509 2251 818 2315; x_wconf 78' lang='grc' dir='ltr'><strong>Πνεῦματος</strong></span> <span class='ocrx_word' id='word_1_183' title='bbox 864 2249 1096 2317; x_wconf 68' lang='grc' dir='ltr'><strong>ῥηθῆναι</strong></span> <span class='ocrx_word' id='word_1_184' title='bbox 1160 2246 1392 2313; x_wconf 74' lang='grc' dir='ltr'><strong>λριστοῦ</strong></span> <span class='ocrx_word' id='word_1_185' title='bbox 1443 2247 1580 2297; x_wconf 71' lang='grc' dir='ltr'><strong>κατὰ</strong></span> <span class='ocrx_word' id='word_1_186' title='bbox 1637 2246 1725 2296; x_wconf 72' lang='grc' dir='ltr'><strong>τὸν</strong></span> <span class='ocrx_word' id='word_1_187' title='bbox 1762 2247 1861 2307; x_wconf 64' lang='grc' dir='ltr'><strong>τῆς</strong></span> 
     </span>
    </p>
   </div>
   <div class='ocr_carea' id='block_1_25' title="bbox 291 2337 1863 2409">
    <p class='ocr_par' dir='ltr' id='par_1_25' title="bbox 291 2337 1863 2409">
     <span class='ocr_line' id='line_1_25' title="bbox 291 2337 1863 2409; baseline -0.004 -14"><span class='ocrx_word' id='word_1_188' title='bbox 291 2346 548 2409; x_wconf 73' lang='grc' dir='ltr'><strong>θεότητος</strong></span> <span class='ocrx_word' id='word_1_189' title='bbox 578 2345 732 2409; x_wconf 72' lang='grc' dir='ltr'><strong>λόγον</strong></span> <span class='ocrx_word' id='word_1_190' title='bbox 761 2343 1128 2409; x_wconf 67' lang='grc' dir='ltr'><strong>ἀντιστρ-ίφιιις</strong></span> <span class='ocrx_word' id='word_1_191' title='bbox 1189 2340 1504 2406; x_wconf 71' lang='grc' dir='ltr'><strong>δυνήσεται;</strong></span> <span class='ocrx_word' id='word_1_192' title='bbox 1568 2339 1680 2389; x_wconf 64' lang='grc' dir='ltr'><strong>Οὐκ</strong></span> <span class='ocrx_word' id='word_1_193' title='bbox 1715 2337 1863 2388; x_wconf 78' lang='grc' dir='ltr'><strong>ἔστιν</strong></span> 
     </span>
    </p>
   </div>
   <div class='ocr_carea' id='block_1_26' title="bbox 291 2430 1860 2502">
    <p class='ocr_par' dir='ltr' id='par_1_26' title="bbox 291 2430 1860 2502">
     <span class='ocr_line' id='line_1_26' title="bbox 291 2430 1860 2502; baseline -0.005 -13"><span class='ocrx_word' id='word_1_194' title='bbox 291 2436 546 2502; x_wconf 66' lang='grc' dir='ltr'><strong>οὐδαμῶς</strong></span> <span class='ocrx_word' id='word_1_195' title='bbox 566 2434 723 2487; x_wconf 78' lang='grc' dir='ltr'><strong>τοῦτο</strong></span> <span class='ocrx_word' id='word_1_196' title='bbox 747 2435 843 2502; x_wconf 71' lang='grc' dir='ltr'><strong>τῆς</strong></span> <span class='ocrx_word' id='word_1_197' title='bbox 869 2432 1226 2485; x_wconf 64' lang='grc' dir='ltr'><strong>θεοπνεξστου</strong></span> <span class='ocrx_word' id='word_1_198' title='bbox 1254 2432 1476 2500; x_wconf 68' lang='grc' dir='ltr'><strong>Γραφῆς</strong></span> <span class='ocrx_word' id='word_1_199' title='bbox 1500 2430 1860 2499; x_wconf 81' lang='grc' dir='ltr'><strong>ὁπουδήποτε.</strong></span> 
     </span>
    </p>
   </div>
   <div class='ocr_carea' id='block_1_27' title="bbox 297 2526 1861 2602">
    <p class='ocr_par' dir='ltr' id='par_1_27' title="bbox 297 2526 1861 2602">
     <span class='ocr_line' id='line_1_27' title="bbox 297 2526 1861 2602; baseline -0.004 -20"><span class='ocrx_word' id='word_1_200' title='bbox 297 2530 405 2582; x_wconf 66' lang='grc' dir='ltr'><strong>Καί</strong></span> <span class='ocrx_word' id='word_1_201' title='bbox 439 2547 497 2596; x_wconf 84' lang='grc' dir='ltr'><strong>γε</strong></span> <span class='ocrx_word' id='word_1_202' title='bbox 537 2528 594 2580; x_wconf 74' lang='grc' dir='ltr'><strong>τὸ</strong></span> <span class='ocrx_word' id='word_1_203' title='bbox 626 2531 767 2582; x_wconf 79' lang='grc' dir='ltr'><strong>τινὸς</strong></span> <span class='ocrx_word' id='word_1_204' title='bbox 793 2527 1083 2602; x_wconf 63' lang='grc' dir='ltr'><strong>λεγόμενον</strong></span> <span class='ocrx_word' id='word_1_205' title='bbox 1105 2526 1465 2594; x_wconf 64' lang='grc' dir='ltr'><strong>ἀντιστροφὴν</strong></span> <span class='ocrx_word' id='word_1_206' title='bbox 1496 2527 1558 2578; x_wconf 81' lang='grc' dir='ltr'><strong>ὲκ</strong></span> <span class='ocrx_word' id='word_1_207' title='bbox 1588 2527 1684 2594; x_wconf 78' lang='grc' dir='ltr'><strong>τῆς</strong></span> <span class='ocrx_word' id='word_1_208' title='bbox 1707 2540 1861 2591; x_wconf 77' lang='grc' dir='ltr'><strong>φυσι-</strong></span> 
     </span>
    </p>
   </div>
   <div class='ocr_carea' id='block_1_28' title="bbox 294 2603 1863 2692">
    <p class='ocr_par' dir='ltr' id='par_1_28' title="bbox 294 2603 1863 2692">
     <span class='ocr_line' id='line_1_28' title="bbox 294 2603 1863 2692; baseline -0.008 -17"><span class='ocrx_word' id='word_1_209' title='bbox 294 2625 401 2692; x_wconf 75' lang='grc' dir='ltr'><strong>κῆς</strong></span> <span class='ocrx_word' id='word_1_210' title='bbox 435 2624 667 2690; x_wconf 71' lang='grc' dir='ltr'><strong>σχέσεως</strong></span> <span class='ocrx_word' id='word_1_211' title='bbox 689 2621 763 2690; x_wconf 84' lang='grc' dir='ltr'><strong>μὴ</strong></span> <span class='ocrx_word' id='word_1_212' title='bbox 785 2603 1092 2687; x_wconf 79' lang='grc' dir='ltr'><strong>δεχόμενον,</strong></span> <span class='ocrx_word' id='word_1_213' title='bbox 1112 2618 1168 2682; x_wconf 76' lang='grc' dir='ltr'><strong>ἐξ</strong></span> <span class='ocrx_word' id='word_1_214' title='bbox 1188 2615 1350 2668; x_wconf 79' lang='grc' dir='ltr'><strong>αὑτοῦ</strong></span> <span class='ocrx_word' id='word_1_215' title='bbox 1372 2618 1519 2668; x_wconf 79' lang='grc' dir='ltr'><strong>ἐστιν</strong></span> <span class='ocrx_word' id='word_1_216' title='bbox 1535 2616 1863 2686; x_wconf 77' lang='grc' dir='ltr'><strong>ἀναντιρρή-</strong></span> 
     </span>
    </p>
   </div>
   <div class='ocr_carea' id='block_1_29' title="bbox 294 2707 1863 2781">
    <p class='ocr_par' dir='ltr' id='par_1_29' title="bbox 294 2707 1863 2781">
     <span class='ocr_line' id='line_1_29' title="bbox 294 2707 1863 2781; baseline -0.007 -12"><span class='ocrx_word' id='word_1_217' title='bbox 294 2733 426 2777; x_wconf 79' lang='grc' dir='ltr'><strong>τως,</strong></span> <span class='ocrx_word' id='word_1_218' title='bbox 477 2711 536 2766; x_wconf 76' lang='grc' dir='ltr'><strong>οῦ</strong></span> <span class='ocrx_word' id='word_1_219' title='bbox 572 2718 821 2781; x_wconf 78' lang='grc' dir='ltr'><strong>λέγεται·</strong></span> <span class='ocrx_word' id='word_1_220' title='bbox 869 2708 980 2764; x_wconf 83' lang='grc' dir='ltr'><strong>οἷον</strong></span> <span class='ocrx_word' id='word_1_221' title='bbox 1037 2711 1096 2762; x_wconf 74' lang='grc' dir='ltr'><strong>τὸ</strong></span> <span class='ocrx_word' id='word_1_222' title='bbox 1123 2709 1214 2764; x_wconf 84' lang='grc' dir='ltr'><strong>τοῦ</strong></span> <span class='ocrx_word' id='word_1_223' title='bbox 1271 2707 1435 2774; x_wconf 66' lang='grc' dir='ltr'><strong>φυτοῦ</strong></span> <span class='ocrx_word' id='word_1_224' title='bbox 1487 2708 1646 2770; x_wconf 76' lang='grc' dir='ltr'><strong>ἄνθος</strong></span> <span class='ocrx_word' id='word_1_225' title='bbox 1673 2708 1863 2758; x_wconf 80' lang='grc' dir='ltr'><strong>τούτου</strong></span> 
     </span>
    </p>
   </div>
   <div class='ocr_carea' id='block_1_30' title="bbox 293 2799 1864 2872">
    <p class='ocr_par' dir='ltr' id='par_1_30' title="bbox 293 2799 1864 2872">
     <span class='ocr_line' id='line_1_30' title="bbox 293 2799 1864 2872; baseline -0.008 -11"><span class='ocrx_word' id='word_1_226' title='bbox 293 2809 455 2868; x_wconf 78' lang='grc' dir='ltr'><strong>ἄνθος</strong></span> <span class='ocrx_word' id='word_1_227' title='bbox 486 2806 796 2872; x_wconf 75' lang='grc' dir='ltr'><strong>λεγόμενον,</strong></span> <span class='ocrx_word' id='word_1_228' title='bbox 825 2805 918 2856; x_wconf 75' lang='grc' dir='ltr'><strong>καὶ</strong></span> <span class='ocrx_word' id='word_1_229' title='bbox 953 2804 1026 2871; x_wconf 73' lang='grc' dir='ltr'><strong>μὴ</strong></span> <span class='ocrx_word' id='word_1_230' title='bbox 1056 2803 1187 2868; x_wconf 82' lang='grc' dir='ltr'><strong>πρὸ;</strong></span> <span class='ocrx_word' id='word_1_231' title='bbox 1213 2803 1343 2853; x_wconf 77' lang='grc' dir='ltr'><strong>αὐτὸ</strong></span> <span class='ocrx_word' id='word_1_232' title='bbox 1369 2799 1864 2868; x_wconf 80' lang='grc' dir='ltr'><strong>ἀντεστραμμένως</strong></span> 
     </span>
    </p>
   </div>
   <div class='ocr_carea' id='block_1_31' title="bbox 294 2889 1866 2963">
    <p class='ocr_par' dir='ltr' id='par_1_31' title="bbox 294 2889 1866 2963">
     <span class='ocr_line' id='line_1_31' title="bbox 294 2889 1866 2963; baseline -0.008 -13"><span class='ocrx_word' id='word_1_233' title='bbox 294 2899 444 2963; x_wconf 59' lang='grc' dir='ltr'><strong>ἔχειν</strong></span> <span class='ocrx_word' id='word_1_234' title='bbox 476 2898 782 2963; x_wconf 76' lang='grc' dir='ltr'><strong>νοούμενον,</strong></span> <span class='ocrx_word' id='word_1_235' title='bbox 827 2895 900 2955; x_wconf 85' lang='grc' dir='ltr'><strong>ὡς</strong></span> <span class='ocrx_word' id='word_1_236' title='bbox 949 2893 1138 2944; x_wconf 82' lang='grc' dir='ltr'><strong>τούτου</strong></span> <span class='ocrx_word' id='word_1_237' title='bbox 1188 2894 1248 2943; x_wconf 85' lang='grc' dir='ltr'><strong>τὸ</strong></span> <span class='ocrx_word' id='word_1_238' title='bbox 1301 2893 1470 2959; x_wconf 74' lang='grc' dir='ltr'><strong>φυτὸν</strong></span> <span class='ocrx_word' id='word_1_239' title='bbox 1504 2890 1772 2958; x_wconf 81' lang='grc' dir='ltr'><strong>λελέχθαι,</strong></span> <span class='ocrx_word' id='word_1_240' title='bbox 1809 2889 1866 2952; x_wconf 72' lang='grc' dir='ltr'><strong>ἐξ</strong></span> 
     </span>
    </p>
   </div>
   <div class='ocr_carea' id='block_1_32' title="bbox 297 2978 1863 3052">
    <p class='ocr_par' dir='ltr' id='par_1_32' title="bbox 297 2978 1863 3052">
     <span class='ocr_line' id='line_1_32' title="bbox 297 2978 1863 3052; baseline -0.007 -10"><span class='ocrx_word' id='word_1_241' title='bbox 297 2989 466 3042; x_wconf 75' lang='grc' dir='ltr'><strong>αὐτοῦ</strong></span> <span class='ocrx_word' id='word_1_242' title='bbox 503 2995 643 3040; x_wconf 75' lang='grc' dir='ltr'><strong>ἐστιν</strong></span> <span class='ocrx_word' id='word_1_243' title='bbox 663 2986 1129 3052; x_wconf 72' lang='grc' dir='ltr'><strong>ὁμολογουμένως,</strong></span> <span class='ocrx_word' id='word_1_244' title='bbox 1158 2978 1218 3037; x_wconf 81' lang='grc' dir='ltr'><strong>οῦ</strong></span> <span class='ocrx_word' id='word_1_245' title='bbox 1249 2985 1405 3045; x_wconf 80' lang='grc' dir='ltr'><strong>ἄνθος</strong></span> <span class='ocrx_word' id='word_1_246' title='bbox 1430 2983 1667 3048; x_wconf 77' lang='grc' dir='ltr'><strong>λέγεται.</strong></span> <span class='ocrx_word' id='word_1_247' title='bbox 1701 2983 1808 3033; x_wconf 71' lang='grc' dir='ltr'><strong>Καὶ</strong></span> <span class='ocrx_word' id='word_1_248' title='bbox 1833 2983 1863 3048; x_wconf 78' lang='grc' dir='ltr'>ἡ</span> 
     </span>
    </p>
   </div>
   <div class='ocr_carea' id='block_1_33' title="bbox 297 3071 1863 3146">
    <p class='ocr_par' dir='ltr' id='par_1_33' title="bbox 297 3071 1863 3146">
     <span class='ocr_line' id='line_1_33' title="bbox 297 3071 1863 3146; baseline -0.006 -15"><span class='ocrx_word' id='word_1_249' title='bbox 297 3080 394 3131; x_wconf 89' lang='grc' dir='ltr'><strong>τοῦ</strong></span> <span class='ocrx_word' id='word_1_250' title='bbox 427 3079 596 3146; x_wconf 80' lang='grc' dir='ltr'><strong>πυρὸς</strong></span> <span class='ocrx_word' id='word_1_251' title='bbox 638 3079 785 3140; x_wconf 79' lang='grc' dir='ltr'><strong>ζέσις</strong></span> <span class='ocrx_word' id='word_1_252' title='bbox 839 3076 912 3144; x_wconf 82' lang='grc' dir='ltr'><strong>μὴ</strong></span> <span class='ocrx_word' id='word_1_253' title='bbox 945 3077 1006 3128; x_wconf 77' lang='grc' dir='ltr'><strong>τὸ</strong></span> <span class='ocrx_word' id='word_1_254' title='bbox 1060 3075 1157 3143; x_wconf 77' lang='grc' dir='ltr'><strong>τῆς</strong></span> <span class='ocrx_word' id='word_1_255' title='bbox 1189 3074 1553 3142; x_wconf 82' lang='grc' dir='ltr'><strong>ἀντιστροφῆς</strong></span> <span class='ocrx_word' id='word_1_256' title='bbox 1579 3071 1863 3140; x_wconf 71' lang='grc' dir='ltr'><strong>δεγομ.ένη,</strong></span> 
     </span>
    </p>
   </div>
   <div class='ocr_carea' id='block_1_34' title="bbox 1945 606 3517 676">
    <p class='ocr_par' dir='ltr' id='par_1_34' title="bbox 1945 606 3517 676">
     <span class='ocr_line' id='line_1_34' title="bbox 1945 606 3517 676; baseline 0.001 -18"><span class='ocrx_word' id='word_1_257' title='bbox 1945 607 2109 660; x_wconf 83' lang='lat' dir='ltr'><strong>Filius</strong></span> <span class='ocrx_word' id='word_1_258' title='bbox 2131 619 2184 661; x_wconf 91' lang='lat' dir='ltr'><strong>et</strong></span> <span class='ocrx_word' id='word_1_259' title='bbox 2215 608 2469 674; x_wconf 73' lang='lat' dir='ltr'><strong>Spiritus,</strong></span> <span class='ocrx_word' id='word_1_260' title='bbox 2505 619 2560 661; x_wconf 87' lang='lat' dir='ltr'><strong>et</strong></span> <span class='ocrx_word' id='word_1_261' title='bbox 2587 609 2801 676; x_wconf 88' lang='lat' dir='ltr'><strong>utrique</strong></span> <span class='ocrx_word' id='word_1_262' title='bbox 2833 623 3122 663; x_wconf 80' lang='lat' dir='ltr'><strong>commune</strong></span> <span class='ocrx_word' id='word_1_263' title='bbox 3148 619 3231 661; x_wconf 85' lang='lat' dir='ltr'><strong>est</strong></span> <span class='ocrx_word' id='word_1_264' title='bbox 3261 621 3324 660; x_wconf 76' lang='lat' dir='ltr'><strong>ex</strong></span> <span class='ocrx_word' id='word_1_265' title='bbox 3359 606 3517 660; x_wconf 81' lang='lat' dir='ltr'><strong>Patre</strong></span> 
     </span>
    </p>
   </div>
   <div class='ocr_carea' id='block_1_35' title="bbox 1947 698 3517 760">
    <p class='ocr_par' dir='ltr' id='par_1_35' title="bbox 1947 698 3517 760">
     <span class='ocr_line' id='line_1_35' title="bbox 1947 698 3517 760; baseline 0.001 -9"><span class='ocrx_word' id='word_1_266' title='bbox 1947 715 2086 760; x_wconf 85' lang='lat' dir='ltr'><strong>esse.</strong></span> <span class='ocrx_word' id='word_1_267' title='bbox 2124 709 2362 752; x_wconf 89' lang='lat' dir='ltr'><strong>attamen</strong></span> <span class='ocrx_word' id='word_1_268' title='bbox 2393 716 2682 753; x_wconf 85' lang='lat' dir='ltr'><strong>commune</strong></span> <span class='ocrx_word' id='word_1_269' title='bbox 2714 716 2822 754; x_wconf 91' lang='lat' dir='ltr'><strong>non</strong></span> <span class='ocrx_word' id='word_1_270' title='bbox 2850 709 2934 753; x_wconf 80' lang='lat' dir='ltr'><strong>est</strong></span> <span class='ocrx_word' id='word_1_271' title='bbox 2975 718 3037 754; x_wconf 83' lang='lat' dir='ltr'><strong>ex</strong></span> <span class='ocrx_word' id='word_1_272' title='bbox 3084 701 3190 754; x_wconf 91' lang='lat' dir='ltr'><strong>alio</strong></span> <span class='ocrx_word' id='word_1_273' title='bbox 3218 698 3365 752; x_wconf 88' lang='lat' dir='ltr'><strong>aliud</strong></span> <span class='ocrx_word' id='word_1_274' title='bbox 3395 713 3517 752; x_wconf 82' lang='lat' dir='ltr'><strong>esse</strong></span> 
     </span>
    </p>
   </div>
   <div class='ocr_carea' id='block_1_36' title="bbox 1947 791 3520 861">
    <p class='ocr_par' dir='ltr' id='par_1_36' title="bbox 1947 791 3520 861">
     <span class='ocr_line' id='line_1_36' title="bbox 1947 791 3520 861; baseline 0 -19"><span class='ocrx_word' id='word_1_275' title='bbox 1947 793 2242 843; x_wconf 80' lang='lat' dir='ltr'><strong>secundum</strong></span> <span class='ocrx_word' id='word_1_276' title='bbox 2263 793 2638 844; x_wconf 85' lang='lat' dir='ltr'><strong>conversionis</strong></span> <span class='ocrx_word' id='word_1_277' title='bbox 2660 804 2928 853; x_wconf 85' lang='lat' dir='ltr'><strong>naturam.</strong></span> <span class='ocrx_word' id='word_1_278' title='bbox 2953 794 3046 845; x_wconf 86' lang='lat' dir='ltr'><strong>sed</strong></span> <span class='ocrx_word' id='word_1_279' title='bbox 3063 791 3303 861; x_wconf 84' lang='lat' dir='ltr'><strong>Spiritus</strong></span> <span class='ocrx_word' id='word_1_280' title='bbox 3323 807 3385 844; x_wconf 81' lang='lat' dir='ltr'><strong>ex</strong></span> <span class='ocrx_word' id='word_1_281' title='bbox 3408 791 3520 842; x_wconf 85' lang='lat' dir='ltr'><strong>Deo</strong></span> 
     </span>
    </p>
   </div>
   <div class='ocr_carea' id='block_1_37' title="bbox 1946 883 3517 954">
    <p class='ocr_par' dir='ltr' id='par_1_37' title="bbox 1946 883 3517 954">
     <span class='ocr_line' id='line_1_37' title="bbox 1946 883 3517 954; baseline -0.001 -19"><span class='ocrx_word' id='word_1_282' title='bbox 1946 899 2068 936; x_wconf 89' lang='lat' dir='ltr'><strong>cum</strong></span> <span class='ocrx_word' id='word_1_283' title='bbox 2099 885 2188 948; x_wconf 86' lang='lat' dir='ltr'><strong>sit,</strong></span> <span class='ocrx_word' id='word_1_284' title='bbox 2223 900 2286 937; x_wconf 75' lang='lat' dir='ltr'><strong>ex</strong></span> <span class='ocrx_word' id='word_1_285' title='bbox 2324 883 2480 936; x_wconf 87' lang='lat' dir='ltr'><strong>Patre</strong></span> <span class='ocrx_word' id='word_1_286' title='bbox 2543 901 2759 954; x_wconf 86' lang='lat' dir='ltr'><strong>nempe,</strong></span> <span class='ocrx_word' id='word_1_287' title='bbox 2801 896 2854 939; x_wconf 91' lang='lat' dir='ltr'><strong>et</strong></span> <span class='ocrx_word' id='word_1_288' title='bbox 2885 883 3082 937; x_wconf 82' lang='lat' dir='ltr'><strong>Christi</strong></span> <span class='ocrx_word' id='word_1_289' title='bbox 3130 884 3366 953; x_wconf 86' lang='lat' dir='ltr'><strong>Spiritus</strong></span> <span class='ocrx_word' id='word_1_290' title='bbox 3411 887 3517 944; x_wconf 83' lang='lat' dir='ltr'><strong>est,</strong></span> 
     </span>
    </p>
   </div>
   <div class='ocr_carea' id='block_1_38' title="bbox 1948 974 3522 1044">
    <p class='ocr_par' dir='ltr' id='par_1_38' title="bbox 1948 974 3522 1044">
     <span class='ocr_line' id='line_1_38' title="bbox 1948 974 3522 1044; baseline -0.001 -16"><span class='ocrx_word' id='word_1_291' title='bbox 1948 976 2176 1043; x_wconf 79' lang='lat' dir='ltr'><strong>ideoque</strong></span> <span class='ocrx_word' id='word_1_292' title='bbox 2207 991 2267 1028; x_wconf 79' lang='lat' dir='ltr'><strong>ex</strong></span> <span class='ocrx_word' id='word_1_293' title='bbox 2294 975 2513 1029; x_wconf 85' lang='lat' dir='ltr'><strong>Christo</strong></span> <span class='ocrx_word' id='word_1_294' title='bbox 2541 977 2836 1029; x_wconf 90' lang='lat' dir='ltr'><strong>secundum</strong></span> <span class='ocrx_word' id='word_1_295' title='bbox 2874 977 3052 1044; x_wconf 84' lang='lat' dir='ltr'><strong>magni</strong></span> <span class='ocrx_word' id='word_1_296' title='bbox 3088 977 3314 1042; x_wconf 84' lang='lat' dir='ltr'><strong>hujusce</strong></span> <span class='ocrx_word' id='word_1_297' title='bbox 3345 974 3522 1027; x_wconf 88' lang='lat' dir='ltr'><strong>Patris</strong></span> 
     </span>
    </p>
   </div>
   <div class='ocr_carea' id='block_1_39' title="bbox 1949 1065 3519 1135">
    <p class='ocr_par' dir='ltr' id='par_1_39' title="bbox 1949 1065 3519 1135">
     <span class='ocr_line' id='line_1_39' title="bbox 1949 1065 3519 1135; baseline 0.001 -19"><span class='ocrx_word' id='word_1_298' title='bbox 1949 1067 2346 1134; x_wconf 65' lang='lat' dir='ltr'><strong>probationem,</strong></span> <span class='ocrx_word' id='word_1_299' title='bbox 2374 1067 2465 1134; x_wconf 87' lang='lat' dir='ltr'><strong>qui</strong></span> <span class='ocrx_word' id='word_1_300' title='bbox 2522 1082 2587 1119; x_wconf 75' lang='lat' dir='ltr'><strong>ex</strong></span> <span class='ocrx_word' id='word_1_301' title='bbox 2622 1082 2688 1118; x_wconf 94' lang='lat' dir='ltr'><strong>eo</strong></span> <span class='ocrx_word' id='word_1_302' title='bbox 2727 1067 2869 1134; x_wconf 89' lang='lat' dir='ltr'><strong>quod</strong></span> <span class='ocrx_word' id='word_1_303' title='bbox 2919 1067 3155 1135; x_wconf 86' lang='lat' dir='ltr'><strong>Spiritus</strong></span> <span class='ocrx_word' id='word_1_304' title='bbox 3183 1066 3388 1119; x_wconf 76' lang='lat' dir='ltr'><strong>Christi</strong></span> <span class='ocrx_word' id='word_1_305' title='bbox 3419 1065 3519 1118; x_wconf 81' lang='lat' dir='ltr'><strong>ilc-</strong></span> 
     </span>
    </p>
   </div>
   <div class='ocr_carea' id='block_1_40' title="bbox 1950 1157 3521 1218">
    <p class='ocr_par' dir='ltr' id='par_1_40' title="bbox 1950 1157 3521 1218">
     <span class='ocr_line' id='line_1_40' title="bbox 1950 1157 3521 1218; baseline 0.002 -11"><span class='ocrx_word' id='word_1_306' title='bbox 1950 1166 2227 1218; x_wconf 90' lang='lat' dir='ltr'><strong>cernatur,</strong></span> <span class='ocrx_word' id='word_1_307' title='bbox 2262 1173 2326 1209; x_wconf 80' lang='lat' dir='ltr'><strong>ex</strong></span> <span class='ocrx_word' id='word_1_308' title='bbox 2379 1158 2597 1210; x_wconf 84' lang='lat' dir='ltr'><strong>Christo</strong></span> <span class='ocrx_word' id='word_1_309' title='bbox 2633 1158 2796 1209; x_wconf 87' lang='lat' dir='ltr'><strong>etiam</strong></span> <span class='ocrx_word' id='word_1_310' title='bbox 2832 1172 2951 1210; x_wconf 86' lang='lat' dir='ltr'><strong>esse</strong></span> <span class='ocrx_word' id='word_1_311' title='bbox 2997 1157 3290 1209; x_wconf 78' lang='lat' dir='ltr'><strong>declaravit</strong></span> <span class='ocrx_word' id='word_1_312' title='bbox 3321 1175 3335 1212; x_wconf 90' lang='lat'>:</span> <span class='ocrx_word' id='word_1_313' title='bbox 3376 1176 3393 1206; x_wconf 83' lang='grc' dir='ltr'><strong>ι</strong></span> <span class='ocrx_word' id='word_1_314' title='bbox 3436 1157 3521 1210; x_wconf 73' lang='lat' dir='ltr'><strong>Fi-</strong></span> 
     </span>
    </p>
   </div>
   <div class='ocr_carea' id='block_1_41' title="bbox 1952 1247 3522 1316">
    <p class='ocr_par' dir='ltr' id='par_1_41' title="bbox 1952 1247 3522 1316">
     <span class='ocr_line' id='line_1_41' title="bbox 1952 1247 3522 1316; baseline 0.002 -18"><span class='ocrx_word' id='word_1_315' title='bbox 1952 1247 2055 1298; x_wconf 86' lang='lat' dir='ltr'><strong>lius</strong></span> <span class='ocrx_word' id='word_1_316' title='bbox 2093 1261 2239 1308; x_wconf 83' lang='lat' dir='ltr'><strong>vero.</strong></span> <span class='ocrx_word' id='word_1_317' title='bbox 2283 1265 2300 1297; x_wconf 79' lang='grc' dir='ltr'><strong>ι</strong></span> <span class='ocrx_word' id='word_1_318' title='bbox 2351 1249 2447 1311; x_wconf 86' lang='lat' dir='ltr'><strong>ait,</strong></span> <span class='ocrx_word' id='word_1_319' title='bbox 2486 1266 2503 1298; x_wconf 87' lang='grc' dir='ltr'><strong>ι</strong></span> <span class='ocrx_word' id='word_1_320' title='bbox 2541 1263 2603 1302; x_wconf 70' lang='lat' dir='ltr'><strong>ex</strong></span> <span class='ocrx_word' id='word_1_321' title='bbox 2644 1250 2752 1301; x_wconf 86' lang='lat' dir='ltr'><strong>Deo</strong></span> <span class='ocrx_word' id='word_1_322' title='bbox 2795 1264 2916 1300; x_wconf 91' lang='lat' dir='ltr'><strong>cum</strong></span> <span class='ocrx_word' id='word_1_323' title='bbox 2955 1248 3042 1308; x_wconf 86' lang='lat' dir='ltr'><strong>sit.</strong></span> <span class='ocrx_word' id='word_1_324' title='bbox 3079 1262 3184 1300; x_wconf 93' lang='lat' dir='ltr'><strong>non</strong></span> <span class='ocrx_word' id='word_1_325' title='bbox 3233 1259 3316 1300; x_wconf 88' lang='lat' dir='ltr'><strong>est</strong></span> <span class='ocrx_word' id='word_1_326' title='bbox 3347 1264 3522 1316; x_wconf 86' lang='lat' dir='ltr'><strong>neque</strong></span> 
     </span>
    </p>
   </div>
   <div class='ocr_carea' id='block_1_42' title="bbox 1952 1338 3522 1406">
    <p class='ocr_par' dir='ltr' id='par_1_42' title="bbox 1952 1338 3522 1406">
     <span class='ocr_line' id='line_1_42' title="bbox 1952 1338 3522 1406; baseline 0 -15"><span class='ocrx_word' id='word_1_327' title='bbox 1952 1338 2206 1406; x_wconf 85' lang='lat' dir='ltr'><strong>Spiritus.</strong></span> <span class='ocrx_word' id='word_1_328' title='bbox 2256 1355 2430 1406; x_wconf 90' lang='lat' dir='ltr'><strong>neque</strong></span> <span class='ocrx_word' id='word_1_329' title='bbox 2464 1341 2682 1402; x_wconf 90' lang='lat' dir='ltr'><strong>dicitur.</strong></span> <span class='ocrx_word' id='word_1_330' title='bbox 2731 1349 2787 1392; x_wconf 88' lang='lat' dir='ltr'><strong>et</strong></span> <span class='ocrx_word' id='word_1_331' title='bbox 2835 1339 3156 1393; x_wconf 89' lang='lat' dir='ltr'><strong>correlativa</strong></span> <span class='ocrx_word' id='word_1_332' title='bbox 3209 1339 3320 1391; x_wconf 61' lang='lat' dir='ltr'><strong>haec</strong></span> <span class='ocrx_word' id='word_1_333' title='bbox 3351 1355 3522 1392; x_wconf 82' lang='lat' dir='ltr'><strong>series</strong></span> 
     </span>
    </p>
   </div>
   <div class='ocr_carea' id='block_1_43' title="bbox 1955 1429 3524 1501">
    <p class='ocr_par' dir='ltr' id='par_1_43' title="bbox 1955 1429 3524 1501">
     <span class='ocr_line' id='line_1_43' title="bbox 1955 1429 3524 1501; baseline 0 -21"><span class='ocrx_word' id='word_1_334' title='bbox 1955 1443 2062 1480; x_wconf 91' lang='lat' dir='ltr'><strong>non</strong></span> <span class='ocrx_word' id='word_1_335' title='bbox 2115 1429 2466 1483; x_wconf 77' lang='lat' dir='ltr'><strong>convertitur.</strong></span> <span class='ocrx_word' id='word_1_336' title='bbox 2508 1449 2526 1480; x_wconf 73' lang='grc' dir='ltr'><strong>ι</strong></span> <span class='ocrx_word' id='word_1_337' title='bbox 2564 1430 2617 1484; x_wconf 93' lang='lat' dir='ltr'><strong>Si</strong></span> <span class='ocrx_word' id='word_1_338' title='bbox 2681 1432 2862 1500; x_wconf 80' lang='lat' dir='ltr'><strong>itaque</strong></span> <span class='ocrx_word' id='word_1_339' title='bbox 2905 1435 2980 1485; x_wconf 87' lang='lat' dir='ltr'><strong>uti</strong></span> <span class='ocrx_word' id='word_1_340' title='bbox 3029 1433 3268 1501; x_wconf 81' lang='lat' dir='ltr'><strong>Spiritus</strong></span> <span class='ocrx_word' id='word_1_341' title='bbox 3295 1432 3524 1495; x_wconf 77' lang='lat' dir='ltr'><strong>Christi,</strong></span> 
     </span>
    </p>
   </div>
   <div class='ocr_carea' id='block_1_44' title="bbox 1957 1520 3525 1589">
    <p class='ocr_par' dir='ltr' id='par_1_44' title="bbox 1957 1520 3525 1589">
     <span class='ocr_line' id='line_1_44' title="bbox 1957 1520 3525 1589; baseline 0.003 -18"><span class='ocrx_word' id='word_1_342' title='bbox 1957 1520 2194 1572; x_wconf 62' lang='lat' dir='ltr'><strong>vicissim</strong></span> <span class='ocrx_word' id='word_1_343' title='bbox 2259 1520 2493 1589; x_wconf 87' lang='lat' dir='ltr'><strong>Spiritus</strong></span> <span class='ocrx_word' id='word_1_344' title='bbox 2539 1522 2811 1588; x_wconf 89' lang='lat' dir='ltr'><strong>Christus,</strong></span> <span class='ocrx_word' id='word_1_345' title='bbox 2855 1539 2922 1578; x_wconf 80' lang='lat' dir='ltr'><strong>ex</strong></span> <span class='ocrx_word' id='word_1_346' title='bbox 2979 1524 3142 1578; x_wconf 76' lang='lat' dir='ltr'><strong>simili</strong></span> <span class='ocrx_word' id='word_1_347' title='bbox 3205 1524 3525 1576; x_wconf 87' lang='lat' dir='ltr'><strong>correlativa</strong></span> 
     </span>
    </p>
   </div>
   <div class='ocr_carea' id='block_1_45' title="bbox 1958 1611 3530 1683">
    <p class='ocr_par' dir='ltr' id='par_1_45' title="bbox 1958 1611 3530 1683">
     <span class='ocr_line' id='line_1_45' title="bbox 1958 1611 3530 1683; baseline 0.004 -21"><span class='ocrx_word' id='word_1_348' title='bbox 1958 1614 2100 1663; x_wconf 88' lang='lat' dir='ltr'><strong>serie</strong></span> <span class='ocrx_word' id='word_1_349' title='bbox 2125 1611 2228 1664; x_wconf 85' lang='lat' dir='ltr'><strong>dici</strong></span> <span class='ocrx_word' id='word_1_350' title='bbox 2257 1627 2364 1664; x_wconf 91' lang='lat' dir='ltr'><strong>non</strong></span> <span class='ocrx_word' id='word_1_351' title='bbox 2397 1622 2592 1680; x_wconf 87' lang='lat' dir='ltr'><strong>potest,</strong></span> <span class='ocrx_word' id='word_1_352' title='bbox 2637 1629 2746 1683; x_wconf 92' lang='lat' dir='ltr'><strong>quo</strong></span> <span class='ocrx_word' id='word_1_353' title='bbox 2781 1616 2944 1668; x_wconf 89' lang='lat' dir='ltr'><strong>modo</strong></span> <span class='ocrx_word' id='word_1_354' title='bbox 2972 1630 3038 1669; x_wconf 74' lang='lat' dir='ltr'><strong>ex</strong></span> <span class='ocrx_word' id='word_1_355' title='bbox 3074 1617 3264 1669; x_wconf 85' lang='lat' dir='ltr'><strong>eadem</strong></span> <span class='ocrx_word' id='word_1_356' title='bbox 3303 1616 3377 1668; x_wconf 89' lang='lat' dir='ltr'><strong>uti</strong></span> <span class='ocrx_word' id='word_1_357' title='bbox 3408 1617 3530 1668; x_wconf 85' lang='lat' dir='ltr'><strong>mis-</strong></span> 
     </span>
    </p>
   </div>
   <div class='ocr_carea' id='block_1_46' title="bbox 1959 1703 3528 1776">
    <p class='ocr_par' dir='ltr' id='par_1_46' title="bbox 1959 1703 3528 1776">
     <span class='ocr_line' id='line_1_46' title="bbox 1959 1703 3528 1776; baseline 0.003 -20"><span class='ocrx_word' id='word_1_358' title='bbox 1959 1706 2041 1756; x_wconf 89' lang='lat' dir='ltr'><strong>sio</strong></span> <span class='ocrx_word' id='word_1_359' title='bbox 2073 1703 2310 1772; x_wconf 88' lang='lat' dir='ltr'><strong>Spiritus</strong></span> <span class='ocrx_word' id='word_1_360' title='bbox 2332 1725 2361 1758; x_wconf 87' lang='lat' dir='ltr'><strong>a</strong></span> <span class='ocrx_word' id='word_1_361' title='bbox 2401 1705 2621 1759; x_wconf 81' lang='lat' dir='ltr'><strong>Christo</strong></span> <span class='ocrx_word' id='word_1_362' title='bbox 2666 1707 2877 1773; x_wconf 88' lang='lat' dir='ltr'><strong>missio,</strong></span> <span class='ocrx_word' id='word_1_363' title='bbox 2907 1709 3093 1762; x_wconf 89' lang='lat' dir='ltr'><strong>missio</strong></span> <span class='ocrx_word' id='word_1_364' title='bbox 3117 1708 3315 1762; x_wconf 87' lang='lat' dir='ltr'><strong>Christi</strong></span> <span class='ocrx_word' id='word_1_365' title='bbox 3347 1725 3374 1760; x_wconf 92' lang='lat' dir='ltr'><strong>a</strong></span> <span class='ocrx_word' id='word_1_366' title='bbox 3404 1709 3528 1776; x_wconf 90' lang='lat' dir='ltr'><strong>Spi-</strong></span> 
     </span>
    </p>
   </div>
   <div class='ocr_carea' id='block_1_47' title="bbox 1961 1796 3524 1852">
    <p class='ocr_par' dir='ltr' id='par_1_47' title="bbox 1961 1796 3524 1852">
     <span class='ocr_line' id='line_1_47' title="bbox 1961 1796 3524 1852; baseline 0.002 -5"><span class='ocrx_word' id='word_1_367' title='bbox 1961 1796 2067 1848; x_wconf 87' lang='lat' dir='ltr'><strong>ritu</strong></span> <span class='ocrx_word' id='word_1_368' title='bbox 2104 1797 2403 1849; x_wconf 86' lang='lat' dir='ltr'><strong>secundum</strong></span> <span class='ocrx_word' id='word_1_369' title='bbox 2439 1798 2699 1850; x_wconf 88' lang='lat' dir='ltr'><strong>rationem</strong></span> <span class='ocrx_word' id='word_1_370' title='bbox 2730 1797 3031 1852; x_wconf 81' lang='lat' dir='ltr'><strong>divinitatis</strong></span> <span class='ocrx_word' id='word_1_371' title='bbox 3062 1801 3179 1852; x_wconf 88' lang='lat' dir='ltr'><strong>vice</strong></span> <span class='ocrx_word' id='word_1_372' title='bbox 3231 1814 3383 1851; x_wconf 90' lang='lat' dir='ltr'><strong>versa</strong></span> <span class='ocrx_word' id='word_1_373' title='bbox 3421 1799 3524 1850; x_wconf 88' lang='lat' dir='ltr'><strong>dici</strong></span> 
     </span>
    </p>
   </div>
   <div class='ocr_carea' id='block_1_48' title="bbox 1964 1887 3523 1958">
    <p class='ocr_par' dir='ltr' id='par_1_48' title="bbox 1964 1887 3523 1958">
     <span class='ocr_line' id='line_1_48' title="bbox 1964 1887 3523 1958; baseline 0.001 -20"><span class='ocrx_word' id='word_1_374' title='bbox 1964 1887 2194 1954; x_wconf 65' lang='lat' dir='ltr'><strong>poterit?</strong></span> <span class='ocrx_word' id='word_1_375' title='bbox 2243 1887 2403 1939; x_wconf 83' lang='lat' dir='ltr'><strong>Nullo</strong></span> <span class='ocrx_word' id='word_1_376' title='bbox 2450 1888 2500 1939; x_wconf 91' lang='lat' dir='ltr'><strong>id</strong></span> <span class='ocrx_word' id='word_1_377' title='bbox 2555 1890 2606 1940; x_wconf 93' lang='lat' dir='ltr'><strong>in</strong></span> <span class='ocrx_word' id='word_1_378' title='bbox 2648 1889 2766 1941; x_wconf 92' lang='lat' dir='ltr'><strong>loco</strong></span> <span class='ocrx_word' id='word_1_379' title='bbox 2816 1889 3078 1942; x_wconf 83' lang='lat' dir='ltr'><strong>divinitus</strong></span> <span class='ocrx_word' id='word_1_380' title='bbox 3137 1889 3523 1958; x_wconf 78' lang='lat' dir='ltr'><strong>inSpiratarum</strong></span> 
     </span>
    </p>
   </div>
   <div class='ocr_carea' id='block_1_49' title="bbox 1964 1977 3525 2048">
    <p class='ocr_par' dir='ltr' id='par_1_49' title="bbox 1964 1977 3525 2048">
     <span class='ocr_line' id='line_1_49' title="bbox 1964 1977 3525 2048; baseline 0.002 -19"><span class='ocrx_word' id='word_1_381' title='bbox 1964 1977 2365 2045; x_wconf 76' lang='lat' dir='ltr'><strong>Scripturarum</strong></span> <span class='ocrx_word' id='word_1_382' title='bbox 2392 1982 2680 2032; x_wconf 77' lang='lat' dir='ltr'><strong>inveneris.</strong></span> <span class='ocrx_word' id='word_1_383' title='bbox 2715 1979 2862 2033; x_wconf 77' lang='lat' dir='ltr'><strong>Licet</strong></span> <span class='ocrx_word' id='word_1_384' title='bbox 2885 1981 3028 2048; x_wconf 91' lang='lat' dir='ltr'><strong>quod</strong></span> <span class='ocrx_word' id='word_1_385' title='bbox 3053 1981 3283 2048; x_wconf 87' lang='lat' dir='ltr'><strong>alicujus</strong></span> <span class='ocrx_word' id='word_1_386' title='bbox 3306 1980 3525 2039; x_wconf 88' lang='lat' dir='ltr'><strong>dicitur,</strong></span> 
     </span>
    </p>
   </div>
   <div class='ocr_carea' id='block_1_50' title="bbox 1962 2072 3529 2140">
    <p class='ocr_par' dir='ltr' id='par_1_50' title="bbox 1962 2072 3529 2140">
     <span class='ocr_line' id='line_1_50' title="bbox 1962 2072 3529 2140; baseline 0.002 -17"><span class='ocrx_word' id='word_1_387' title='bbox 1962 2072 2103 2140; x_wconf 91' lang='lat' dir='ltr'><strong>quod</strong></span> <span class='ocrx_word' id='word_1_388' title='bbox 2137 2081 2314 2123; x_wconf 85' lang='lat' dir='ltr'><strong>tamen</strong></span> <span class='ocrx_word' id='word_1_389' title='bbox 2353 2074 2762 2125; x_wconf 81' lang='lat' dir='ltr'><strong>conversionem</strong></span> <span class='ocrx_word' id='word_1_390' title='bbox 2811 2088 2873 2124; x_wconf 79' lang='lat' dir='ltr'><strong>ex</strong></span> <span class='ocrx_word' id='word_1_391' title='bbox 2923 2074 3151 2126; x_wconf 87' lang='lat' dir='ltr'><strong>naturali</strong></span> <span class='ocrx_word' id='word_1_392' title='bbox 3209 2074 3529 2126; x_wconf 83' lang='lat' dir='ltr'><strong>habitudine</strong></span> 
     </span>
    </p>
   </div>
   <div class='ocr_carea' id='block_1_51' title="bbox 1962 2161 3532 2227">
    <p class='ocr_par' dir='ltr' id='par_1_51' title="bbox 1962 2161 3532 2227">
     <span class='ocr_line' id='line_1_51' title="bbox 1962 2161 3532 2227; baseline 0.002 -14"><span class='ocrx_word' id='word_1_393' title='bbox 1962 2175 2069 2215; x_wconf 82' lang='lat' dir='ltr'><strong>non</strong></span> <span class='ocrx_word' id='word_1_394' title='bbox 2102 2161 2374 2224; x_wconf 88' lang='lat' dir='ltr'><strong>admittat,</strong></span> <span class='ocrx_word' id='word_1_395' title='bbox 2407 2162 2523 2214; x_wconf 92' lang='lat' dir='ltr'><strong>sine</strong></span> <span class='ocrx_word' id='word_1_396' title='bbox 2557 2162 2662 2214; x_wconf 91' lang='lat' dir='ltr'><strong>ulla</strong></span> <span class='ocrx_word' id='word_1_397' title='bbox 2694 2162 3032 2216; x_wconf 88' lang='lat' dir='ltr'><strong>dubitatione</strong></span> <span class='ocrx_word' id='word_1_398' title='bbox 3056 2179 3121 2216; x_wconf 81' lang='lat' dir='ltr'><strong>ex</strong></span> <span class='ocrx_word' id='word_1_399' title='bbox 3151 2179 3216 2216; x_wconf 93' lang='lat' dir='ltr'><strong>eo</strong></span> <span class='ocrx_word' id='word_1_400' title='bbox 3238 2174 3340 2225; x_wconf 90' lang='lat' dir='ltr'><strong>est,</strong></span> <span class='ocrx_word' id='word_1_401' title='bbox 3374 2163 3532 2227; x_wconf 80' lang='lat' dir='ltr'><strong>cujus</strong></span> 
     </span>
    </p>
   </div>
   <div class='ocr_carea' id='block_1_52' title="bbox 1963 2253 3533 2322">
    <p class='ocr_par' dir='ltr' id='par_1_52' title="bbox 1963 2253 3533 2322">
     <span class='ocr_line' id='line_1_52' title="bbox 1963 2253 3533 2322; baseline 0.001 -18"><span class='ocrx_word' id='word_1_402' title='bbox 1963 2253 2202 2306; x_wconf 71' lang='lat' dir='ltr'><strong>dicitur:</strong></span> <span class='ocrx_word' id='word_1_403' title='bbox 2242 2255 2415 2320; x_wconf 86' lang='lat' dir='ltr'><strong>qualis</strong></span> <span class='ocrx_word' id='word_1_404' title='bbox 2444 2262 2528 2306; x_wconf 88' lang='lat' dir='ltr'><strong>est</strong></span> <span class='ocrx_word' id='word_1_405' title='bbox 2573 2254 2770 2321; x_wconf 65' lang='lat' dir='ltr'><strong>plantae</strong></span> <span class='ocrx_word' id='word_1_406' title='bbox 2801 2253 2919 2315; x_wconf 84' lang='lat' dir='ltr'><strong>ﬂos,</strong></span> <span class='ocrx_word' id='word_1_407' title='bbox 2960 2255 3052 2322; x_wconf 90' lang='lat' dir='ltr'><strong>qui</strong></span> <span class='ocrx_word' id='word_1_408' title='bbox 3095 2255 3238 2307; x_wconf 90' lang='lat' dir='ltr'><strong>illius</strong></span> <span class='ocrx_word' id='word_1_409' title='bbox 3271 2253 3369 2306; x_wconf 87' lang='lat' dir='ltr'><strong>llos</strong></span> <span class='ocrx_word' id='word_1_410' title='bbox 3399 2253 3533 2306; x_wconf 90' lang='lat' dir='ltr'><strong>dici-</strong></span> 
     </span>
    </p>
   </div>
   <div class='ocr_carea' id='block_1_53' title="bbox 1964 2346 3534 2414">
    <p class='ocr_par' dir='ltr' id='par_1_53' title="bbox 1964 2346 3534 2414">
     <span class='ocr_line' id='line_1_53' title="bbox 1964 2346 3534 2414; baseline -0.001 -15"><span class='ocrx_word' id='word_1_411' title='bbox 1964 2357 2068 2404; x_wconf 86' lang='lat' dir='ltr'><strong>tur.</strong></span> <span class='ocrx_word' id='word_1_412' title='bbox 2105 2361 2204 2398; x_wconf 80' lang='lat' dir='ltr'><strong>nec</strong></span> <span class='ocrx_word' id='word_1_413' title='bbox 2243 2355 2420 2398; x_wconf 89' lang='lat' dir='ltr'><strong>tamen</strong></span> <span class='ocrx_word' id='word_1_414' title='bbox 2453 2362 2576 2414; x_wconf 81' lang='lat' dir='ltr'><strong>eiga</strong></span> <span class='ocrx_word' id='word_1_415' title='bbox 2619 2347 2763 2399; x_wconf 90' lang='lat' dir='ltr'><strong>illam</strong></span> <span class='ocrx_word' id='word_1_416' title='bbox 2808 2348 3163 2409; x_wconf 86' lang='lat' dir='ltr'><strong>convertitur,</strong></span> <span class='ocrx_word' id='word_1_417' title='bbox 3199 2348 3270 2399; x_wconf 84' lang='lat' dir='ltr'><strong>ita</strong></span> <span class='ocrx_word' id='word_1_418' title='bbox 3299 2356 3357 2400; x_wconf 91' lang='lat' dir='ltr'><strong>nt</strong></span> <span class='ocrx_word' id='word_1_419' title='bbox 3387 2346 3534 2398; x_wconf 85' lang='lat' dir='ltr'><strong>illius</strong></span> 
     </span>
    </p>
   </div>
   <div class='ocr_carea' id='block_1_54' title="bbox 1966 2438 3535 2506">
    <p class='ocr_par' dir='ltr' id='par_1_54' title="bbox 1966 2438 3535 2506">
     <span class='ocr_line' id='line_1_54' title="bbox 1966 2438 3535 2506; baseline 0 -19"><span class='ocrx_word' id='word_1_420' title='bbox 1966 2439 2146 2505; x_wconf 83' lang='lat' dir='ltr'><strong>planta</strong></span> <span class='ocrx_word' id='word_1_421' title='bbox 2171 2438 2398 2500; x_wconf 82' lang='lat' dir='ltr'><strong>dicatur,</strong></span> <span class='ocrx_word' id='word_1_422' title='bbox 2435 2454 2497 2491; x_wconf 72' lang='lat' dir='ltr'><strong>ex</strong></span> <span class='ocrx_word' id='word_1_423' title='bbox 2528 2454 2590 2491; x_wconf 86' lang='lat' dir='ltr'><strong>ea</strong></span> <span class='ocrx_word' id='word_1_424' title='bbox 2626 2448 2710 2491; x_wconf 90' lang='lat' dir='ltr'><strong>est</strong></span> <span class='ocrx_word' id='word_1_425' title='bbox 2744 2441 2988 2492; x_wconf 89' lang='lat' dir='ltr'><strong>omnium</strong></span> <span class='ocrx_word' id='word_1_426' title='bbox 3017 2440 3224 2492; x_wconf 86' lang='lat' dir='ltr'><strong>calculo</strong></span> <span class='ocrx_word' id='word_1_427' title='bbox 3249 2438 3405 2506; x_wconf 91' lang='lat' dir='ltr'><strong>cujus</strong></span> <span class='ocrx_word' id='word_1_428' title='bbox 3438 2439 3535 2490; x_wconf 78' lang='lat' dir='ltr'><strong>llos</strong></span> 
     </span>
    </p>
   </div>
   <div class='ocr_carea' id='block_1_55' title="bbox 1966 2530 3535 2600">
    <p class='ocr_par' dir='ltr' id='par_1_55' title="bbox 1966 2530 3535 2600">
     <span class='ocr_line' id='line_1_55' title="bbox 1966 2530 3535 2600; baseline -0.003 -16"><span class='ocrx_word' id='word_1_429' title='bbox 1966 2531 2183 2584; x_wconf 86' lang='lat' dir='ltr'><strong>dicitur.</strong></span> <span class='ocrx_word' id='word_1_430' title='bbox 2219 2532 2283 2584; x_wconf 86' lang='lat' dir='ltr'><strong>Et</strong></span> <span class='ocrx_word' id='word_1_431' title='bbox 2319 2533 2455 2600; x_wconf 80' lang='lat' dir='ltr'><strong>ignis</strong></span> <span class='ocrx_word' id='word_1_432' title='bbox 2484 2532 2649 2593; x_wconf 88' lang='lat' dir='ltr'><strong>calor,</strong></span> <span class='ocrx_word' id='word_1_433' title='bbox 2682 2531 2774 2598; x_wconf 89' lang='lat' dir='ltr'><strong>qui</strong></span> <span class='ocrx_word' id='word_1_434' title='bbox 2807 2531 3219 2584; x_wconf 87' lang='lat' dir='ltr'><strong>conversionem</strong></span> <span class='ocrx_word' id='word_1_435' title='bbox 3251 2546 3360 2583; x_wconf 89' lang='lat' dir='ltr'><strong>non</strong></span> <span class='ocrx_word' id='word_1_436' title='bbox 3394 2530 3535 2581; x_wconf 85' lang='lat' dir='ltr'><strong>reci-</strong></span> 
     </span>
    </p>
   </div>
   <div class='ocr_carea' id='block_1_56' title="bbox 1968 2620 3536 2690">
    <p class='ocr_par' dir='ltr' id='par_1_56' title="bbox 1968 2620 3536 2690">
     <span class='ocr_line' id='line_1_56' title="bbox 1968 2620 3536 2690; baseline 0.002 -21"><span class='ocrx_word' id='word_1_437' title='bbox 1968 2622 2067 2690; x_wconf 88' lang='lat' dir='ltr'><strong>pit.</strong></span> <span class='ocrx_word' id='word_1_438' title='bbox 2084 2620 2222 2673; x_wconf 85' lang='lat' dir='ltr'><strong>adeo</strong></span> <span class='ocrx_word' id='word_1_439' title='bbox 2245 2632 2301 2674; x_wconf 93' lang='lat' dir='ltr'><strong>ut</strong></span> <span class='ocrx_word' id='word_1_440' title='bbox 2327 2621 2466 2689; x_wconf 83' lang='lat' dir='ltr'><strong>ignis</strong></span> <span class='ocrx_word' id='word_1_441' title='bbox 2493 2621 2704 2675; x_wconf 83' lang='lat' dir='ltr'><strong>dicatur</strong></span> <span class='ocrx_word' id='word_1_442' title='bbox 2728 2621 2944 2684; x_wconf 86' lang='lat' dir='ltr'><strong>caloris,</strong></span> <span class='ocrx_word' id='word_1_443' title='bbox 2967 2636 3027 2674; x_wconf 76' lang='lat' dir='ltr'><strong>ex</strong></span> <span class='ocrx_word' id='word_1_444' title='bbox 3051 2635 3114 2674; x_wconf 85' lang='lat' dir='ltr'><strong>eo</strong></span> <span class='ocrx_word' id='word_1_445' title='bbox 3135 2629 3239 2683; x_wconf 87' lang='lat' dir='ltr'><strong>est,</strong></span> <span class='ocrx_word' id='word_1_446' title='bbox 3265 2621 3422 2689; x_wconf 91' lang='lat' dir='ltr'><strong>cujus</strong></span> <span class='ocrx_word' id='word_1_447' title='bbox 3444 2635 3536 2674; x_wconf 88' lang='lat' dir='ltr'><strong>ca-</strong></span> 
     </span>
    </p>
   </div>
   <div class='ocr_carea' id='block_1_57' title="bbox 1967 2713 3539 2782">
    <p class='ocr_par' dir='ltr' id='par_1_57' title="bbox 1967 2713 3539 2782">
     <span class='ocr_line' id='line_1_57' title="bbox 1967 2713 3539 2782; baseline 0.001 -17"><span class='ocrx_word' id='word_1_448' title='bbox 1967 2714 2048 2765; x_wconf 92' lang='lat' dir='ltr'><strong>lor</strong></span> <span class='ocrx_word' id='word_1_449' title='bbox 2080 2723 2443 2782; x_wconf 91' lang='lat' dir='ltr'><strong>nunenpatur.</strong></span> <span class='ocrx_word' id='word_1_450' title='bbox 2465 2713 2555 2768; x_wconf 88' lang='lat' dir='ltr'><strong>Sic</strong></span> <span class='ocrx_word' id='word_1_451' title='bbox 2587 2729 2646 2768; x_wconf 87' lang='lat' dir='ltr'><strong>se</strong></span> <span class='ocrx_word' id='word_1_452' title='bbox 2677 2714 2842 2768; x_wconf 84' lang='lat' dir='ltr'><strong>habet</strong></span> <span class='ocrx_word' id='word_1_453' title='bbox 2877 2725 2929 2766; x_wconf 90' lang='lat' dir='ltr'><strong>et</strong></span> <span class='ocrx_word' id='word_1_454' title='bbox 2953 2714 3116 2768; x_wconf 79' lang='lat' dir='ltr'><strong>fontis</strong></span> <span class='ocrx_word' id='word_1_455' title='bbox 3137 2729 3295 2780; x_wconf 83' lang='lat' dir='ltr'><strong>aqua.</strong></span> <span class='ocrx_word' id='word_1_456' title='bbox 3325 2725 3381 2767; x_wconf 92' lang='lat' dir='ltr'><strong>et</strong></span> <span class='ocrx_word' id='word_1_457' title='bbox 3410 2714 3539 2767; x_wconf 84' lang='lat' dir='ltr'><strong>solis</strong></span> 
     </span>
    </p>
   </div>
   <div class='ocr_carea' id='block_1_58' title="bbox 1969 2805 3536 2872">
    <p class='ocr_par' dir='ltr' id='par_1_58' title="bbox 1969 2805 3536 2872">
     <span class='ocr_line' id='line_1_58' title="bbox 1969 2805 3536 2872; baseline 0 -16"><span class='ocrx_word' id='word_1_458' title='bbox 1969 2805 2174 2864; x_wconf 80' lang='lat' dir='ltr'><strong>lumen.</strong></span> <span class='ocrx_word' id='word_1_459' title='bbox 2219 2820 2339 2872; x_wconf 67' lang='lat' dir='ltr'><strong>quae</strong></span> <span class='ocrx_word' id='word_1_460' title='bbox 2383 2805 2796 2858; x_wconf 88' lang='lat' dir='ltr'><strong>conversionem</strong></span> <span class='ocrx_word' id='word_1_461' title='bbox 2839 2805 3110 2867; x_wconf 89' lang='lat' dir='ltr'><strong>nesciunt.</strong></span> <span class='ocrx_word' id='word_1_462' title='bbox 3157 2821 3225 2857; x_wconf 78' lang='lat' dir='ltr'><strong>ex</strong></span> <span class='ocrx_word' id='word_1_463' title='bbox 3271 2806 3339 2857; x_wconf 90' lang='lat' dir='ltr'><strong>iis</strong></span> <span class='ocrx_word' id='word_1_464' title='bbox 3389 2815 3536 2865; x_wconf 91' lang='lat' dir='ltr'><strong>sunt.</strong></span> 
     </span>
    </p>
   </div>
   <div class='ocr_carea' id='block_1_59' title="bbox 1967 2897 3542 2963">
    <p class='ocr_par' dir='ltr' id='par_1_59' title="bbox 1967 2897 3542 2963">
     <span class='ocr_line' id='line_1_59' title="bbox 1967 2897 3542 2963; baseline 0.001 -17"><span class='ocrx_word' id='word_1_465' title='bbox 1967 2911 2198 2962; x_wconf 88' lang='lat' dir='ltr'><strong>quormn</strong></span> <span class='ocrx_word' id='word_1_466' title='bbox 2239 2911 2359 2949; x_wconf 88' lang='lat' dir='ltr'><strong>esse</strong></span> <span class='ocrx_word' id='word_1_467' title='bbox 2415 2898 2691 2961; x_wconf 88' lang='lat' dir='ltr'><strong>dicuntur,</strong></span> <span class='ocrx_word' id='word_1_468' title='bbox 2725 2906 2778 2950; x_wconf 87' lang='lat' dir='ltr'><strong>et</strong></span> <span class='ocrx_word' id='word_1_469' title='bbox 2828 2897 2929 2949; x_wconf 89' lang='lat' dir='ltr'><strong>alia</strong></span> <span class='ocrx_word' id='word_1_470' title='bbox 2981 2898 3220 2963; x_wconf 87' lang='lat' dir='ltr'><strong>similia;</strong></span> <span class='ocrx_word' id='word_1_471' title='bbox 3279 2905 3336 2950; x_wconf 89' lang='lat' dir='ltr'><strong>ut</strong></span> <span class='ocrx_word' id='word_1_472' title='bbox 3374 2913 3438 2950; x_wconf 77' lang='lat' dir='ltr'><strong>ex</strong></span> <span class='ocrx_word' id='word_1_473' title='bbox 3474 2898 3542 2949; x_wconf 81' lang='lat' dir='ltr'><strong>iis</strong></span> 
     </span>
    </p>
   </div>
   <div class='ocr_carea' id='block_1_60' title="bbox 1970 2989 3544 3057">
    <p class='ocr_par' dir='ltr' id='par_1_60' title="bbox 1970 2989 3544 3057">
     <span class='ocr_line' id='line_1_60' title="bbox 1970 2989 3544 3057; baseline 0.001 -17"><span class='ocrx_word' id='word_1_474' title='bbox 1970 3002 2088 3055; x_wconf 54' lang='lat' dir='ltr'><strong>quae.</strong></span> <span class='ocrx_word' id='word_1_475' title='bbox 2122 2998 2274 3052; x_wconf 89' lang='lat' dir='ltr'><strong>sunt,</strong></span> <span class='ocrx_word' id='word_1_476' title='bbox 2307 2989 2396 3041; x_wconf 85' lang='lat' dir='ltr'><strong>illa</strong></span> <span class='ocrx_word' id='word_1_477' title='bbox 2428 3004 2546 3057; x_wconf 67' lang='lat' dir='ltr'><strong>qum</strong></span> <span class='ocrx_word' id='word_1_478' title='bbox 2573 3003 2736 3055; x_wconf 88' lang='lat' dir='ltr'><strong>supra</strong></span> <span class='ocrx_word' id='word_1_479' title='bbox 2771 3003 2834 3042; x_wconf 86' lang='lat' dir='ltr'><strong>ea</strong></span> <span class='ocrx_word' id='word_1_480' title='bbox 2873 2999 3022 3052; x_wconf 91' lang='lat' dir='ltr'><strong>sunt,</strong></span> <span class='ocrx_word' id='word_1_481' title='bbox 3050 2989 3198 3042; x_wconf 90' lang='lat' dir='ltr'><strong>tenui</strong></span> <span class='ocrx_word' id='word_1_482' title='bbox 3227 2989 3544 3042; x_wconf 84' lang='lat' dir='ltr'><strong>similitudi-</strong></span> 
     </span>
    </p>
   </div>
   <div class='ocr_carea' id='block_1_61' title="bbox 1970 3079 3542 3150">
    <p class='ocr_par' dir='ltr' id='par_1_61' title="bbox 1970 3079 3542 3150">
     <span class='ocr_line' id='line_1_61' title="bbox 1970 3079 3542 3150; baseline -0.001 -18"><span class='ocrx_word' id='word_1_483' title='bbox 1970 3081 2056 3133; x_wconf 93' lang='lat' dir='ltr'><strong>nis</strong></span> <span class='ocrx_word' id='word_1_484' title='bbox 2087 3081 2320 3150; x_wconf 77' lang='lat' dir='ltr'><strong>in&#39;agine</strong></span> <span class='ocrx_word' id='word_1_485' title='bbox 2349 3091 2798 3149; x_wconf 64' lang='lat' dir='ltr'><strong>repraseutemus</strong></span> <span class='ocrx_word' id='word_1_486' title='bbox 2827 3099 2839 3143; x_wconf 88' lang='lat'><strong>;</strong></span> <span class='ocrx_word' id='word_1_487' title='bbox 2878 3090 2936 3134; x_wconf 90' lang='lat' dir='ltr'><strong>ut</strong></span> <span class='ocrx_word' id='word_1_488' title='bbox 2982 3081 3214 3148; x_wconf 90' lang='lat' dir='ltr'><strong>quodam</strong></span> <span class='ocrx_word' id='word_1_489' title='bbox 3243 3081 3296 3134; x_wconf 93' lang='lat' dir='ltr'><strong>in</strong></span> <span class='ocrx_word' id='word_1_490' title='bbox 3321 3080 3440 3134; x_wconf 86' lang='lat' dir='ltr'><strong>loco</strong></span> <span class='ocrx_word' id='word_1_491' title='bbox 3465 3079 3542 3132; x_wconf 87' lang='lat' dir='ltr'><strong>vi-</strong></span> 
     </span>
    </p>
   </div>
   <div class='ocr_carea' id='block_1_62' title="bbox 297 3165 1963 3241">
    <p class='ocr_par' dir='ltr' id='par_1_62' title="bbox 297 3165 1932 3239">
     <span class='ocr_line' id='line_1_62' title="bbox 297 3165 1932 3239; baseline -0.006 -16"><span class='ocrx_word' id='word_1_492' title='bbox 297 3177 374 3229; x_wconf 80' lang='grc' dir='ltr'><strong>ὡς</strong></span> <span class='ocrx_word' id='word_1_493' title='bbox 408 3174 465 3223; x_wconf 67' lang='grc' dir='ltr'><strong>τὸ</strong></span> <span class='ocrx_word' id='word_1_494' title='bbox 488 3171 596 3239; x_wconf 81' lang='grc' dir='ltr'><strong>πῦρ</strong></span> <span class='ocrx_word' id='word_1_495' title='bbox 621 3169 904 3222; x_wconf 83' lang='grc' dir='ltr'><strong>καλεῖσθαι</strong></span> <span class='ocrx_word' id='word_1_496' title='bbox 930 3171 1031 3234; x_wconf 84' lang='grc' dir='ltr'><strong>τῆς</strong></span> <span class='ocrx_word' id='word_1_497' title='bbox 1052 3167 1274 3230; x_wconf 72' lang='grc' dir='ltr'><strong>ζέσεως,</strong></span> <span class='ocrx_word' id='word_1_498' title='bbox 1301 3167 1356 3232; x_wconf 74' lang='grc' dir='ltr'>ἐξ</span> <span class='ocrx_word' id='word_1_499' title='bbox 1377 3165 1538 3217; x_wconf 73' lang='grc' dir='ltr'><strong>αὑτοῦ</strong></span> <span class='ocrx_word' id='word_1_500' title='bbox 1566 3167 1712 3216; x_wconf 79' lang='grc' dir='ltr'><strong>ἐστιν</strong></span> <span class='ocrx_word' id='word_1_501' title='bbox 1733 3165 1860 3230; x_wconf 79' lang='grc' dir='ltr'><strong>ἄρα,</strong></span> <span class='ocrx_word' id='word_1_502' title='bbox 1891 3181 1932 3235; x_wconf 76' lang='lat' dir='ltr'><strong>C</strong></span> 
     </span>
    </p>
   </div>
   <div class='ocr_carea' id='block_1_63' title="bbox 1877 3165 3543 3241">
    <p class='ocr_par' dir='ltr' id='par_1_63' title="bbox 1891 3169 3543 3241">
     <span class='ocr_line' id='line_1_63' title="bbox 1891 3169 3543 3241; baseline -0.002 -15"><span class='ocrx_word' id='word_1_503' title='bbox 1891 3181 1932 3235; x_wconf 85' lang='lat' dir='ltr'><strong>C</strong></span> <span class='ocrx_word' id='word_1_504' title='bbox 1967 3173 2204 3239; x_wconf 71' lang='lat' dir='ltr'><strong>gilantiae</strong></span> <span class='ocrx_word' id='word_1_505' title='bbox 2232 3171 2597 3240; x_wconf 86' lang='lat' dir='ltr'><strong>cognominis,</strong></span> <span class='ocrx_word' id='word_1_506' title='bbox 2629 3181 2684 3225; x_wconf 91' lang='lat' dir='ltr'><strong>et</strong></span> <span class='ocrx_word' id='word_1_507' title='bbox 2731 3173 3107 3241; x_wconf 82' lang='lat' dir='ltr'><strong>theologorum</strong></span> <span class='ocrx_word' id='word_1_508' title='bbox 3136 3186 3270 3240; x_wconf 79' lang='lat' dir='ltr'><strong>apex</strong></span> <span class='ocrx_word' id='word_1_509' title='bbox 3299 3169 3543 3224; x_wconf 86' lang='lat' dir='ltr'><strong>doctoris</strong></span> 
     </span>
    </p>
   </div>
   <div class='ocr_carea' id='block_1_64' title="bbox 296 3254 1862 3329">
    <p class='ocr_par' dir='ltr' id='par_1_64' title="bbox 296 3254 1862 3329">
     <span class='ocr_line' id='line_1_64' title="bbox 296 3254 1862 3329; baseline -0.01 -11"><span class='ocrx_word' id='word_1_510' title='bbox 296 3261 361 3318; x_wconf 66' lang='grc' dir='ltr'><strong>οὗ</strong></span> <span class='ocrx_word' id='word_1_511' title='bbox 389 3267 534 3328; x_wconf 80' lang='grc' dir='ltr'><strong>ζέσις</strong></span> <span class='ocrx_word' id='word_1_512' title='bbox 575 3261 1024 3329; x_wconf 73' lang='grc' dir='ltr'><strong>κατονομάζεται.</strong></span> <span class='ocrx_word' id='word_1_513' title='bbox 1058 3259 1334 3320; x_wconf 74' lang='grc' dir='ltr'><strong>Ὡσαύτως</strong></span> <span class='ocrx_word' id='word_1_514' title='bbox 1377 3257 1487 3322; x_wconf 72' lang='grc' dir='ltr'><strong>ἔχει</strong></span> <span class='ocrx_word' id='word_1_515' title='bbox 1544 3258 1636 3307; x_wconf 71' lang='grc' dir='ltr'><strong>καὶ</strong></span> <span class='ocrx_word' id='word_1_516' title='bbox 1670 3254 1730 3305; x_wconf 82' lang='grc' dir='ltr'><strong>τὸ</strong></span> <span class='ocrx_word' id='word_1_517' title='bbox 1766 3255 1862 3321; x_wconf 79' lang='grc' dir='ltr'><strong>τῆς</strong></span> 
     </span>
    </p>
   </div>
   <div class='ocr_carea' id='block_1_65' title="bbox 299 3345 1866 3423">
    <p class='ocr_par' dir='ltr' id='par_1_65' title="bbox 299 3345 1866 3423">
     <span class='ocr_line' id='line_1_65' title="bbox 299 3345 1866 3423; baseline -0.008 -16"><span class='ocrx_word' id='word_1_518' title='bbox 299 3355 485 3423; x_wconf 80' lang='grc' dir='ltr'><strong>πηγῆς</strong></span> <span class='ocrx_word' id='word_1_519' title='bbox 517 3353 681 3422; x_wconf 75' lang='grc' dir='ltr'><strong>ὕδωρ,</strong></span> <span class='ocrx_word' id='word_1_520' title='bbox 707 3352 800 3403; x_wconf 73' lang='grc' dir='ltr'><strong>καὶ⁹</strong></span> <span class='ocrx_word' id='word_1_521' title='bbox 825 3352 884 3402; x_wconf 76' lang='grc' dir='ltr'><strong>τὸ</strong></span> <span class='ocrx_word' id='word_1_522' title='bbox 914 3351 1006 3402; x_wconf 88' lang='grc' dir='ltr'><strong>τοῦ</strong></span> <span class='ocrx_word' id='word_1_523' title='bbox 1037 3351 1186 3418; x_wconf 80' lang='grc' dir='ltr'><strong>ἡλίου</strong></span> <span class='ocrx_word' id='word_1_524' title='bbox 1215 3348 1330 3416; x_wconf 84' lang='grc' dir='ltr'><strong>φῶς</strong></span> <span class='ocrx_word' id='word_1_525' title='bbox 1350 3364 1363 3378; x_wconf 79' lang='grc' dir='ltr'><strong>ο</strong></span> <span class='ocrx_word' id='word_1_526' title='bbox 1396 3346 1762 3413; x_wconf 75' lang='grc' dir='ltr'><strong>ἀντιστροφὴν</strong></span> <span class='ocrx_word' id='word_1_527' title='bbox 1793 3345 1866 3411; x_wconf 82' lang='grc' dir='ltr'><strong>μὴ</strong></span> 
     </span>
    </p>
   </div>
   <div class='ocr_carea' id='block_1_66' title="bbox 300 3432 1868 3508">
    <p class='ocr_par' dir='ltr' id='par_1_66' title="bbox 300 3432 1868 3508">
     <span class='ocr_line' id='line_1_66' title="bbox 300 3432 1868 3508; baseline -0.009 -10"><span class='ocrx_word' id='word_1_528' title='bbox 300 3445 502 3505; x_wconf 84' lang='grc' dir='ltr'><strong>εἰδότα,</strong></span> <span class='ocrx_word' id='word_1_529' title='bbox 542 3443 600 3506; x_wconf 64' lang='grc' dir='ltr'><strong>ἐξ</strong></span> <span class='ocrx_word' id='word_1_530' title='bbox 635 3442 812 3495; x_wconf 81' lang='grc' dir='ltr'><strong>αὐτῶν</strong></span> <span class='ocrx_word' id='word_1_531' title='bbox 843 3444 979 3492; x_wconf 78' lang='grc' dir='ltr'><strong>εἰσιν</strong></span> <span class='ocrx_word' id='word_1_532' title='bbox 1019 3432 1094 3491; x_wconf 84' lang='grc' dir='ltr'><strong>ὧν</strong></span> <span class='ocrx_word' id='word_1_533' title='bbox 1121 3440 1228 3508; x_wconf 82' lang='grc' dir='ltr'><strong>ἀρα</strong></span> <span class='ocrx_word' id='word_1_534' title='bbox 1263 3439 1531 3504; x_wconf 82' lang='grc' dir='ltr'><strong>λέγονται.</strong></span> <span class='ocrx_word' id='word_1_535' title='bbox 1571 3436 1678 3488; x_wconf 67' lang='grc' dir='ltr'><strong>Καὶ</strong></span> <span class='ocrx_word' id='word_1_536' title='bbox 1709 3436 1868 3485; x_wconf 65' lang='grc' dir='ltr'><strong>λοιπὰ</strong></span> 
     </span>
    </p>
   </div>
   <div class='ocr_carea' id='block_1_67' title="bbox 301 3526 1869 3603">
    <p class='ocr_par' dir='ltr' id='par_1_67' title="bbox 301 3526 1869 3603">
     <span class='ocr_line' id='line_1_67' title="bbox 301 3526 1869 3603; baseline -0.008 -15"><span class='ocrx_word' id='word_1_537' title='bbox 301 3534 686 3603; x_wconf 78' lang='grc' dir='ltr'><strong>παραπλήσια,</strong></span> <span class='ocrx_word' id='word_1_538' title='bbox 720 3533 795 3594; x_wconf 87' lang='grc' dir='ltr'><strong>ὼς</strong></span> <span class='ocrx_word' id='word_1_539' title='bbox 823 3533 890 3584; x_wconf 80' lang='grc' dir='ltr'><strong>ἂν</strong></span> <span class='ocrx_word' id='word_1_540' title='bbox 917 3533 980 3584; x_wconf 77' lang='grc' dir='ltr'><strong>ὲκ</strong></span> <span class='ocrx_word' id='word_1_541' title='bbox 1005 3529 1113 3582; x_wconf 82' lang='grc' dir='ltr'><strong>τῶν</strong></span> <span class='ocrx_word' id='word_1_542' title='bbox 1151 3530 1319 3582; x_wconf 80' lang='grc' dir='ltr'><strong>όντων</strong></span> <span class='ocrx_word' id='word_1_543' title='bbox 1349 3529 1415 3581; x_wconf 75' lang='grc' dir='ltr'><strong>τὰ</strong></span> <span class='ocrx_word' id='word_1_544' title='bbox 1456 3529 1595 3596; x_wconf 80' lang='grc' dir='ltr'><strong>ὑπὲρ</strong></span> <span class='ocrx_word' id='word_1_545' title='bbox 1631 3528 1700 3578; x_wconf 79' lang='grc' dir='ltr'><strong>τὰ</strong></span> <span class='ocrx_word' id='word_1_546' title='bbox 1742 3526 1869 3577; x_wconf 70' lang='grc' dir='ltr'><strong>ὄντα</strong></span> 
     </span>
    </p>
   </div>
   <div class='ocr_carea' id='block_1_68' title="bbox 304 3619 1867 3692">
    <p class='ocr_par' dir='ltr' id='par_1_68' title="bbox 304 3619 1867 3692">
     <span class='ocr_line' id='line_1_68' title="bbox 304 3619 1867 3692; baseline -0.006 -15"><span class='ocrx_word' id='word_1_547' title='bbox 304 3628 428 3678; x_wconf 81' lang='grc' dir='ltr'><strong>κατ’</strong></span> <span class='ocrx_word' id='word_1_548' title='bbox 483 3623 726 3692; x_wconf 68' lang='grc' dir='ltr'><strong>ἀμυδρὰν</strong></span> <span class='ocrx_word' id='word_1_549' title='bbox 774 3624 1022 3683; x_wconf 71' lang='grc' dir='ltr'><strong>εἰκασίας</strong></span> <span class='ocrx_word' id='word_1_550' title='bbox 1079 3621 1380 3690; x_wconf 74' lang='grc' dir='ltr'><strong>ἐμφέρειαν</strong></span> <span class='ocrx_word' id='word_1_551' title='bbox 1423 3619 1867 3682; x_wconf 81' lang='grc' dir='ltr'><strong>ἀνεικονίσωμεν,</strong></span> 
     </span>
    </p>
   </div>
   <div class='ocr_carea' id='block_1_69' title="bbox 305 3712 1871 3784">
    <p class='ocr_par' dir='ltr' id='par_1_69' title="bbox 305 3712 1871 3784">
     <span class='ocr_line' id='line_1_69' title="bbox 305 3712 1871 3784; baseline -0.006 -13"><span class='ocrx_word' id='word_1_552' title='bbox 305 3718 451 3771; x_wconf 83' lang='grc' dir='ltr'><strong>καθά</strong></span> <span class='ocrx_word' id='word_1_553' title='bbox 481 3733 582 3768; x_wconf 87' lang='grc' dir='ltr'><strong>που</strong></span> <span class='ocrx_word' id='word_1_554' title='bbox 607 3719 706 3783; x_wconf 80' lang='grc' dir='ltr'><strong>τῆς</strong></span> <span class='ocrx_word' id='word_1_555' title='bbox 734 3715 1085 3784; x_wconf 82' lang='grc' dir='ltr'><strong>γρηγόρσεως</strong></span> <span class='ocrx_word' id='word_1_556' title='bbox 1111 3716 1137 3764; x_wconf 89' lang='grc' dir='ltr'><strong>ό</strong></span> <span class='ocrx_word' id='word_1_557' title='bbox 1159 3712 1466 3780; x_wconf 71' lang='grc' dir='ltr'><strong>ἐπώνυμος,</strong></span> <span class='ocrx_word' id='word_1_558' title='bbox 1492 3714 1585 3764; x_wconf 69' lang='grc' dir='ltr'><strong>καὶ</strong></span> <span class='ocrx_word' id='word_1_559' title='bbox 1609 3712 1871 3775; x_wconf 74' lang='grc' dir='ltr'><strong>θεολόγων</strong></span> 
     </span>
    </p>
   </div>
   <div class='ocr_carea' id='block_1_70' title="bbox 306 3799 1873 3877">
    <p class='ocr_par' dir='ltr' id='par_1_70' title="bbox 306 3799 1873 3877">
     <span class='ocr_line' id='line_1_70' title="bbox 306 3799 1873 3877; baseline -0.006 -16"><span class='ocrx_word' id='word_1_560' title='bbox 306 3811 568 3877; x_wconf 83' lang='grc' dir='ltr'><strong>ἀκρέμων</strong></span> <span class='ocrx_word' id='word_1_561' title='bbox 626 3805 1022 3865; x_wconf 70' lang='grc' dir='ltr'><strong>διδασκαλικῶς</strong></span> <span class='ocrx_word' id='word_1_562' title='bbox 1083 3805 1462 3872; x_wconf 62' lang='grc' dir='ltr'><strong>ἀποφαίνεται.</strong></span> <span class='ocrx_word' id='word_1_563' title='bbox 1518 3799 1760 3854; x_wconf 79' lang='grc' dir='ltr'><strong>Τώνοῦν</strong></span> <span class='ocrx_word' id='word_1_564' title='bbox 1816 3806 1873 3854; x_wconf 83' lang='grc' dir='ltr'><strong>ὲν</strong></span> 
     </span>
    </p>
   </div>
   <div class='ocr_carea' id='block_1_71' title="bbox 303 3897 1872 3968">
    <p class='ocr_par' dir='ltr' id='par_1_71' title="bbox 303 3897 1872 3968">
     <span class='ocr_line' id='line_1_71' title="bbox 303 3897 1872 3968; baseline -0.005 -15"><span class='ocrx_word' id='word_1_565' title='bbox 303 3905 428 3962; x_wconf 84' lang='grc' dir='ltr'><strong>ταῖς</strong></span> <span class='ocrx_word' id='word_1_566' title='bbox 464 3901 778 3968; x_wconf 80' lang='grc' dir='ltr'><strong>θεαρχικαῖς</strong></span> <span class='ocrx_word' id='word_1_567' title='bbox 807 3898 1136 3949; x_wconf 81' lang='grc' dir='ltr'><strong>ὑποστάσεσι</strong></span> <span class='ocrx_word' id='word_1_568' title='bbox 1170 3898 1427 3965; x_wconf 68' lang='grc' dir='ltr'><strong>πέμψεων</strong></span> <span class='ocrx_word' id='word_1_569' title='bbox 1480 3899 1541 3948; x_wconf 83' lang='grc' dir='ltr'><strong>ἐκ</strong></span> <span class='ocrx_word' id='word_1_570' title='bbox 1568 3897 1674 3947; x_wconf 78' lang='grc' dir='ltr'><strong>τῶν</strong></span> <span class='ocrx_word' id='word_1_571' title='bbox 1713 3897 1872 3962; x_wconf 78' lang='grc' dir='ltr'><strong>ἱερῶν</strong></span> 
     </span>
    </p>
   </div>
   <div class='ocr_carea' id='block_1_72' title="bbox 307 3989 1875 4059">
    <p class='ocr_par' dir='ltr' id='par_1_72' title="bbox 307 3989 1875 4059">
     <span class='ocr_line' id='line_1_72' title="bbox 307 3989 1875 4059; baseline -0.006 -12"><span class='ocrx_word' id='word_1_572' title='bbox 307 3994 404 4047; x_wconf 89' lang='grc' dir='ltr'><strong>τοῦ</strong></span> <span class='ocrx_word' id='word_1_573' title='bbox 436 3990 762 4059; x_wconf 82' lang='grc' dir='ltr'><strong>Εὐαγγελίου</strong></span> <span class='ocrx_word' id='word_1_574' title='bbox 789 3989 984 4056; x_wconf 80' lang='grc' dir='ltr'><strong>λογίων</strong></span> <span class='ocrx_word' id='word_1_575' title='bbox 1011 3993 1069 4041; x_wconf 86' lang='grc' dir='ltr'><strong>ὲν</strong></span> <span class='ocrx_word' id='word_1_576' title='bbox 1099 3991 1306 4050; x_wconf 75' lang='grc' dir='ltr'><strong>τούτοις</strong></span> <span class='ocrx_word' id='word_1_577' title='bbox 1336 3989 1746 4056; x_wconf 70' lang='grc' dir='ltr'><strong>θεωρουμένω),</strong></span> <span class='ocrx_word' id='word_1_578' title='bbox 1781 3989 1875 4038; x_wconf 79' lang='grc' dir='ltr'><strong>καὶ</strong></span> 
     </span>
    </p>
   </div>
   <div class='ocr_carea' id='block_1_73' title="bbox 310 4077 1875 4152">
    <p class='ocr_par' dir='ltr' id='par_1_73' title="bbox 310 4077 1875 4152">
     <span class='ocr_line' id='line_1_73' title="bbox 310 4077 1875 4152; baseline -0.007 -13"><span class='ocrx_word' id='word_1_579' title='bbox 310 4087 792 4152; x_wconf 74' lang='grc' dir='ltr'><strong>διευλυτουμένων,</strong></span> <span class='ocrx_word' id='word_1_580' title='bbox 825 4082 881 4146; x_wconf 78' lang='grc' dir='ltr'><strong>ἐξ</strong></span> <span class='ocrx_word' id='word_1_581' title='bbox 907 4077 982 4133; x_wconf 75' lang='grc' dir='ltr'><strong>ὧν</strong></span> <span class='ocrx_word' id='word_1_582' title='bbox 1011 4082 1058 4131; x_wconf 74' lang='grc' dir='ltr'><strong>οἱ</strong></span> <span class='ocrx_word' id='word_1_583' title='bbox 1083 4080 1498 4149; x_wconf 68' lang='grc' dir='ltr'><strong>θεοφορούμενοι</strong></span> <span class='ocrx_word' id='word_1_584' title='bbox 1526 4080 1875 4145; x_wconf 71' lang='grc' dir='ltr'><strong>φθέγγονται,</strong></span> 
     </span>
    </p>
   </div>
   <div class='ocr_carea' id='block_1_74' title="bbox 312 4172 1877 4243">
    <p class='ocr_par' dir='ltr' id='par_1_74' title="bbox 312 4172 1877 4243">
     <span class='ocr_line' id='line_1_74' title="bbox 312 4172 1877 4243; baseline -0.008 -12"><span class='ocrx_word' id='word_1_585' title='bbox 312 4182 407 4239; x_wconf 67' lang='grc' dir='ltr'><strong>καὶ</strong></span> <span class='ocrx_word' id='word_1_586' title='bbox 437 4180 542 4230; x_wconf 85' lang='grc' dir='ltr'><strong>τῶν</strong></span> <span class='ocrx_word' id='word_1_587' title='bbox 585 4180 640 4228; x_wconf 83' lang='grc' dir='ltr'><strong>ἐν</strong></span> <span class='ocrx_word' id='word_1_588' title='bbox 671 4178 778 4232; x_wconf 75' lang='grc' dir='ltr'><strong>τοῖς</strong></span> <span class='ocrx_word' id='word_1_589' title='bbox 803 4175 1190 4243; x_wconf 84' lang='grc' dir='ltr'><strong>λειτουργικοῖς</strong></span> <span class='ocrx_word' id='word_1_590' title='bbox 1227 4175 1398 4241; x_wconf 60' lang='lat' dir='ltr'><strong>mei-11</strong></span> <span class='ocrx_word' id='word_1_591' title='bbox 1412 4190 1528 4224; x_wconf 80' lang='grc' dir='ltr'><strong>ασιν</strong></span> <span class='ocrx_word' id='word_1_592' title='bbox 1558 4174 1756 4238; x_wconf 73' lang='grc' dir='ltr'><strong>ἑτέρως</strong></span> <span class='ocrx_word' id='word_1_593' title='bbox 1805 4172 1877 4230; x_wconf 71' lang='grc' dir='ltr'><strong>ὡς</strong></span> 
     </span>
    </p>
   </div>
   <div class='ocr_carea' id='block_1_75' title="bbox 313 4265 1877 4335">
    <p class='ocr_par' dir='ltr' id='par_1_75' title="bbox 313 4265 1877 4335">
     <span class='ocr_line' id='line_1_75' title="bbox 313 4265 1877 4335; baseline -0.007 -13"><span class='ocrx_word' id='word_1_594' title='bbox 313 4268 883 4335; x_wconf 82' lang='grc' dir='ltr'><strong>καθυπηρετουμένοις</strong></span> <span class='ocrx_word' id='word_1_595' title='bbox 931 4265 1120 4331; x_wconf 78' lang='grc' dir='ltr'><strong>ἀνήκει</strong></span> <span class='ocrx_word' id='word_1_596' title='bbox 1179 4265 1417 4324; x_wconf 79' lang='grc' dir='ltr'><strong>κτιστοῖς</strong></span> <span class='ocrx_word' id='word_1_597' title='bbox 1472 4265 1566 4314; x_wconf 74' lang='grc' dir='ltr'><strong>καὶ</strong></span> <span class='ocrx_word' id='word_1_598' title='bbox 1614 4279 1877 4328; x_wconf 78' lang='grc' dir='ltr'><strong>περιγρα-</strong></span> 
     </span>
    </p>
   </div>
   <div class='ocr_carea' id='block_1_76' title="bbox 314 4355 1877 4427">
    <p class='ocr_par' dir='ltr' id='par_1_76' title="bbox 314 4355 1877 4427">
     <span class='ocr_line' id='line_1_76' title="bbox 314 4355 1877 4427; baseline -0.008 -12"><span class='ocrx_word' id='word_1_599' title='bbox 314 4364 491 4422; x_wconf 78' lang='grc' dir='ltr'><strong>πτοῖς,</strong></span> <span class='ocrx_word' id='word_1_600' title='bbox 523 4363 550 4413; x_wconf 72' lang='grc' dir='ltr'><strong>δ</strong></span> <span class='ocrx_word' id='word_1_601' title='bbox 583 4359 871 4427; x_wconf 79' lang='grc' dir='ltr'><strong>διαιρέσεις</strong></span> <span class='ocrx_word' id='word_1_602' title='bbox 901 4355 1213 4407; x_wconf 84' lang='grc' dir='ltr'><strong>ἀποστολὼν</strong></span> <span class='ocrx_word' id='word_1_603' title='bbox 1236 4355 1446 4406; x_wconf 78' lang='grc' dir='ltr'><strong>οἴκοθεν</strong></span> <span class='ocrx_word' id='word_1_604' title='bbox 1468 4357 1556 4405; x_wconf 71' lang='grc' dir='ltr'><strong>ἐπὶ</strong></span> <span class='ocrx_word' id='word_1_605' title='bbox 1588 4355 1679 4404; x_wconf 73' lang='grc' dir='ltr'><strong>τοῦ</strong></span> <span class='ocrx_word' id='word_1_606' title='bbox 1713 4356 1877 4418; x_wconf 75' lang='grc' dir='ltr'><strong>μέσου</strong></span> 
     </span>
    </p>
   </div>
   <div class='ocr_carea' id='block_1_77' title="bbox 316 4444 1875 4520">
    <p class='ocr_par' dir='ltr' id='par_1_77' title="bbox 316 4444 1875 4520">
     <span class='ocr_line' id='line_1_77' title="bbox 316 4444 1875 4520; baseline -0.008 -15"><span class='ocrx_word' id='word_1_607' title='bbox 316 4452 600 4520; x_wconf 76' lang='grc' dir='ltr'><strong>παράγων,</strong></span> <span class='ocrx_word' id='word_1_608' title='bbox 643 4450 736 4500; x_wconf 71' lang='grc' dir='ltr'><strong>καὶ</strong></span> <span class='ocrx_word' id='word_1_609' title='bbox 773 4449 1034 4514; x_wconf 76' lang='grc' dir='ltr'><strong>φάσκων⁹</strong></span> <span class='ocrx_word' id='word_1_610' title='bbox 1089 4465 1107 4496; x_wconf 84' lang='grc' dir='ltr'><strong>ι</strong></span> <span class='ocrx_word' id='word_1_611' title='bbox 1162 4445 1506 4497; x_wconf 81' lang='grc' dir='ltr'><strong>Ἀποστέλλει</strong></span> <span class='ocrx_word' id='word_1_612' title='bbox 1552 4461 1632 4503; x_wconf 88' lang='grc' dir='ltr'><strong>τις</strong></span> <span class='ocrx_word' id='word_1_613' title='bbox 1665 4445 1796 4504; x_wconf 80' lang='grc' dir='ltr'><strong>υἱὸν,</strong></span> <span class='ocrx_word' id='word_1_614' title='bbox 1847 4444 1875 4511; x_wconf 82' lang='grc' dir='ltr'>ἢ</span> 
     </span>
    </p>
   </div>
   <div class='ocr_carea' id='block_1_78' title="bbox 312 4516 1951 4608">
    <p class='ocr_par' dir='ltr' id='par_1_78' title="bbox 312 4516 1951 4608">
     <span class='ocr_line' id='line_1_78' title="bbox 312 4516 1951 4608; baseline -0.007 -13"><span class='ocrx_word' id='word_1_615' title='bbox 312 4543 498 4595; x_wconf 86' lang='grc' dir='ltr'><strong>δοῦλον</strong></span> <span class='ocrx_word' id='word_1_616' title='bbox 533 4542 564 4608; x_wconf 77' lang='grc' dir='ltr'><strong>ἡ</strong></span> <span class='ocrx_word' id='word_1_617' title='bbox 597 4557 648 4590; x_wconf 87' lang='grc' dir='ltr'><strong>τι</strong></span> <span class='ocrx_word' id='word_1_618' title='bbox 698 4538 885 4603; x_wconf 75' lang='grc' dir='ltr'><strong>ἕτερον</strong></span> <span class='ocrx_word' id='word_1_619' title='bbox 931 4539 1062 4602; x_wconf 82' lang='grc' dir='ltr'><strong>παρ’</strong></span> <span class='ocrx_word' id='word_1_620' title='bbox 1087 4535 1247 4588; x_wconf 80' lang='grc' dir='ltr'><strong>ἄλλου</strong></span> <span class='ocrx_word' id='word_1_621' title='bbox 1272 4536 1429 4587; x_wconf 85' lang='grc' dir='ltr'><strong>τοῦτο</strong></span> <span class='ocrx_word' id='word_1_622' title='bbox 1459 4536 1659 4595; x_wconf 75' lang='grc' dir='ltr'><strong>λαϐὼν,</strong></span> <span class='ocrx_word' id='word_1_623' title='bbox 1696 4538 1727 4604; x_wconf 84' lang='grc' dir='ltr'><strong>ἦ</strong></span> <span class='ocrx_word' id='word_1_624' title='bbox 1783 4536 1877 4587; x_wconf 71' lang='grc' dir='ltr'><strong>καὶ</strong></span> <span class='ocrx_word' id='word_1_625' title='bbox 1911 4516 1951 4566; x_wconf 74' lang='lat' dir='ltr'><strong>D</strong></span> 
     </span>
    </p>
   </div>
   <div class='ocr_carea' id='block_1_79' title="bbox 315 4627 1880 4700">
    <p class='ocr_par' dir='ltr' id='par_1_79' title="bbox 315 4627 1880 4700">
     <span class='ocr_line' id='line_1_79' title="bbox 315 4627 1880 4700; baseline -0.008 -13"><span class='ocrx_word' id='word_1_626' title='bbox 315 4636 480 4695; x_wconf 74' lang='grc' dir='ltr'><strong>αὐτὸς</strong></span> <span class='ocrx_word' id='word_1_627' title='bbox 535 4632 692 4700; x_wconf 77' lang='grc' dir='ltr'><strong>ἔχων,</strong></span> <span class='ocrx_word' id='word_1_628' title='bbox 733 4649 751 4682; x_wconf 82' lang='grc' dir='ltr'><strong>ι</strong></span> <span class='ocrx_word' id='word_1_629' title='bbox 797 4629 984 4698; x_wconf 78' lang='grc' dir='ltr'><strong>ἐπειδὴ</strong></span> <span class='ocrx_word' id='word_1_630' title='bbox 1039 4630 1171 4696; x_wconf 76' lang='grc' dir='ltr'><strong>προς</strong></span> <span class='ocrx_word' id='word_1_631' title='bbox 1205 4632 1300 4688; x_wconf 74' lang='grc' dir='ltr'><strong>τὰς</strong></span> <span class='ocrx_word' id='word_1_632' title='bbox 1355 4627 1744 4694; x_wconf 78' lang='grc' dir='ltr'><strong>διειλημμένας</strong></span> <span class='ocrx_word' id='word_1_633' title='bbox 1777 4628 1880 4678; x_wconf 75' lang='grc' dir='ltr'><strong>τῶν</strong></span> 
     </span>
    </p>
   </div>
   <div class='ocr_carea' id='block_1_80' title="bbox 317 4719 1880 4794">
    <p class='ocr_par' dir='ltr' id='par_1_80' title="bbox 317 4719 1880 4794">
     <span class='ocr_line' id='line_1_80' title="bbox 317 4719 1880 4794; baseline -0.006 -15"><span class='ocrx_word' id='word_1_634' title='bbox 317 4727 516 4780; x_wconf 78' lang='grc' dir='ltr'><strong>Θεῗκῶν</strong></span> <span class='ocrx_word' id='word_1_635' title='bbox 547 4724 854 4794; x_wconf 82' lang='grc' dir='ltr'><strong>προσώπων</strong></span> <span class='ocrx_word' id='word_1_636' title='bbox 891 4722 1124 4789; x_wconf 79' lang='grc' dir='ltr'><strong>πέμψεις</strong></span> <span class='ocrx_word' id='word_1_637' title='bbox 1150 4721 1372 4787; x_wconf 73' lang='grc' dir='ltr'><strong>ἀφορῶν</strong></span> <span class='ocrx_word' id='word_1_638' title='bbox 1402 4719 1573 4772; x_wconf 87' lang='grc' dir='ltr'><strong>ταῦτά</strong></span> <span class='ocrx_word' id='word_1_639' title='bbox 1623 4721 1880 4786; x_wconf 78' lang='grc' dir='ltr'><strong>συνείρει,</strong></span> 
     </span>
    </p>
   </div>
   <div class='ocr_carea' id='block_1_81' title="bbox 318 4811 1885 4886">
    <p class='ocr_par' dir='ltr' id='par_1_81' title="bbox 318 4811 1885 4886">
     <span class='ocr_line' id='line_1_81' title="bbox 318 4811 1885 4886; baseline -0.006 -17"><span class='ocrx_word' id='word_1_640' title='bbox 318 4820 457 4886; x_wconf 64' lang='grc' dir='ltr'><strong>πρὸς</strong></span> <span class='ocrx_word' id='word_1_641' title='bbox 483 4819 631 4868; x_wconf 82' lang='grc' dir='ltr'><strong>ποῖον</strong></span> <span class='ocrx_word' id='word_1_642' title='bbox 654 4815 858 4865; x_wconf 87' lang='grc' dir='ltr'><strong>τούτων</strong></span> <span class='ocrx_word' id='word_1_643' title='bbox 884 4812 1297 4878; x_wconf 82' lang='grc' dir='ltr'><strong>ἀποτεινόμενος</strong></span> <span class='ocrx_word' id='word_1_644' title='bbox 1325 4811 1632 4868; x_wconf 84' lang='grc' dir='ltr'><strong>ὲπιπλέκει.</strong></span> <span class='ocrx_word' id='word_1_645' title='bbox 1654 4812 1885 4879; x_wconf 73' lang='grc' dir='ltr'><strong>συνορᾷν</strong></span> 
     </span>
    </p>
   </div>
   <div class='ocr_carea' id='block_1_82' title="bbox 318 4905 1881 4976">
    <p class='ocr_par' dir='ltr' id='par_1_82' title="bbox 318 4905 1881 4976">
     <span class='ocr_line' id='line_1_82' title="bbox 318 4905 1881 4976; baseline -0.004 -15"><span class='ocrx_word' id='word_1_646' title='bbox 318 4911 419 4962; x_wconf 82' lang='grc' dir='ltr'><strong>οὐκ</strong></span> <span class='ocrx_word' id='word_1_647' title='bbox 470 4909 597 4976; x_wconf 76' lang='grc' dir='ltr'><strong>ἔχω.</strong></span> <span class='ocrx_word' id='word_1_648' title='bbox 634 4909 774 4976; x_wconf 76' lang='grc' dir='ltr'><strong>Πρὸς</strong></span> <span class='ocrx_word' id='word_1_649' title='bbox 803 4907 897 4958; x_wconf 70' lang='grc' dir='ltr'><strong>ἕνα</strong></span> <span class='ocrx_word' id='word_1_650' title='bbox 934 4906 1042 4973; x_wconf 74' lang='grc' dir='ltr'><strong>γὰρ</strong></span> <span class='ocrx_word' id='word_1_651' title='bbox 1081 4906 1171 4955; x_wconf 72' lang='grc' dir='ltr'><strong>καὶ</strong></span> <span class='ocrx_word' id='word_1_652' title='bbox 1221 4906 1312 4956; x_wconf 80' lang='grc' dir='ltr'><strong>τον</strong></span> <span class='ocrx_word' id='word_1_653' title='bbox 1341 4905 1502 4955; x_wconf 69' lang='grc' dir='ltr'><strong>αὑτὸν</strong></span> <span class='ocrx_word' id='word_1_654' title='bbox 1536 4905 1881 4962; x_wconf 79' lang='grc' dir='ltr'><strong>ἀποϐλέπων,</strong></span> 
     </span>
    </p>
   </div>
   <div class='ocr_carea' id='block_1_83' title="bbox 316 4994 1882 5066">
    <p class='ocr_par' dir='ltr' id='par_1_83' title="bbox 316 4994 1882 5066">
     <span class='ocr_line' id='line_1_83' title="bbox 316 4994 1882 5066; baseline -0.003 -14"><span class='ocrx_word' id='word_1_655' title='bbox 316 5001 458 5052; x_wconf 76' lang='grc' dir='ltr'><strong>οὕτω</strong></span> <span class='ocrx_word' id='word_1_656' title='bbox 482 5000 733 5065; x_wconf 81' lang='grc' dir='ltr'><strong>φαίνεται</strong></span> <span class='ocrx_word' id='word_1_657' title='bbox 766 4997 1056 5059; x_wconf 84' lang='grc' dir='ltr'><strong>συντιθείς.</strong></span> <span class='ocrx_word' id='word_1_658' title='bbox 1083 4998 1142 5049; x_wconf 80' lang='grc' dir='ltr'><strong>Εἰ</strong></span> <span class='ocrx_word' id='word_1_659' title='bbox 1164 4997 1263 5066; x_wconf 80' lang='grc' dir='ltr'><strong>μὲν</strong></span> <span class='ocrx_word' id='word_1_660' title='bbox 1291 4994 1382 5048; x_wconf 87' lang='grc' dir='ltr'><strong>οὖν</strong></span> <span class='ocrx_word' id='word_1_661' title='bbox 1401 4998 1535 5061; x_wconf 70' lang='grc' dir='ltr'><strong>πρὸς</strong></span> <span class='ocrx_word' id='word_1_662' title='bbox 1551 4998 1638 5048; x_wconf 83' lang='grc' dir='ltr'><strong>τὸν</strong></span> <span class='ocrx_word' id='word_1_663' title='bbox 1666 4998 1882 5064; x_wconf 78' lang='grc' dir='ltr'><strong>Πατέρα</strong></span> 
     </span>
    </p>
   </div>
   <div class='ocr_carea' id='block_1_84' title="bbox 315 5089 1882 5158">
    <p class='ocr_par' dir='ltr' id='par_1_84' title="bbox 315 5089 1882 5158">
     <span class='ocr_line' id='line_1_84' title="bbox 315 5089 1882 5158; baseline -0.005 -12"><span class='ocrx_word' id='word_1_664' title='bbox 315 5094 426 5146; x_wconf 80' lang='grc' dir='ltr'><strong>τῶν</strong></span> <span class='ocrx_word' id='word_1_665' title='bbox 453 5091 615 5144; x_wconf 69' lang='grc' dir='ltr'><strong>αὑτοῦ</strong></span> <span class='ocrx_word' id='word_1_666' title='bbox 645 5091 839 5157; x_wconf 84' lang='grc' dir='ltr'><strong>λόγων,</strong></span> <span class='ocrx_word' id='word_1_667' title='bbox 885 5093 914 5143; x_wconf 78' lang='grc' dir='ltr'>ὁ</span> <span class='ocrx_word' id='word_1_668' title='bbox 951 5090 1050 5158; x_wconf 76' lang='grc' dir='ltr'><strong>μὲν</strong></span> <span class='ocrx_word' id='word_1_669' title='bbox 1097 5089 1311 5156; x_wconf 64' lang='grc' dir='ltr'><strong>πρῶτος</strong></span> <span class='ocrx_word' id='word_1_670' title='bbox 1348 5091 1440 5140; x_wconf 77' lang='grc' dir='ltr'><strong>καὶ</strong></span> <span class='ocrx_word' id='word_1_671' title='bbox 1475 5089 1691 5150; x_wconf 77' lang='grc' dir='ltr'><strong>διπλοῦς</strong></span> <span class='ocrx_word' id='word_1_672' title='bbox 1725 5106 1882 5156; x_wconf 81' lang='grc' dir='ltr'><strong>μερι-</strong></span> 
     </span>
    </p>
   </div>
   <div class='ocr_carea' id='block_1_85' title="bbox 321 5180 1924 5254">
    <p class='ocr_par' dir='ltr' id='par_1_85' title="bbox 321 5180 1924 5254">
     <span class='ocr_line' id='line_1_85' title="bbox 321 5180 1924 5254; baseline -0.007 -15"><span class='ocrx_word' id='word_1_673' title='bbox 321 5188 478 5254; x_wconf 79' lang='grc' dir='ltr'><strong>σμὸς,</strong></span> <span class='ocrx_word' id='word_1_674' title='bbox 509 5188 558 5237; x_wconf 84' lang='grc' dir='ltr'><strong>εί</strong></span> <span class='ocrx_word' id='word_1_675' title='bbox 587 5187 680 5236; x_wconf 79' lang='grc' dir='ltr'><strong>καὶ</strong></span> <span class='ocrx_word' id='word_1_676' title='bbox 699 5185 762 5235; x_wconf 72' lang='grc' dir='ltr'><strong>τὸ</strong></span> <span class='ocrx_word' id='word_1_677' title='bbox 787 5183 1056 5253; x_wconf 73' lang='grc' dir='ltr'><strong>ἁρμόττον</strong></span> <span class='ocrx_word' id='word_1_678' title='bbox 1086 5183 1262 5251; x_wconf 72' lang='grc' dir='ltr'><strong>τηρεῖ,</strong></span> <span class='ocrx_word' id='word_1_679' title='bbox 1294 5180 1411 5237; x_wconf 84' lang='grc' dir='ltr'><strong>ἀλλ’</strong></span> <span class='ocrx_word' id='word_1_680' title='bbox 1437 5181 1536 5250; x_wconf 71' lang='grc' dir='ltr'><strong>οὐκ</strong></span> <span class='ocrx_word' id='word_1_681' title='bbox 1557 5183 1585 5232; x_wconf 81' lang='grc' dir='ltr'><strong>ό</strong></span> <span class='ocrx_word' id='word_1_682' title='bbox 1609 5181 1880 5248; x_wconf 68' lang='grc' dir='ltr'><strong>δεύτερος.</strong></span> <span class='ocrx_word' id='word_1_683' title='bbox 1906 5211 1924 5228; x_wconf 63' lang='grc'><strong>›,</strong></span> 
     </span>
    </p>
   </div>
   <div class='ocr_carea' id='block_1_86' title="bbox 319 5271 1881 5348">
    <p class='ocr_par' dir='ltr' id='par_1_86' title="bbox 319 5271 1881 5348">
     <span class='ocr_line' id='line_1_86' title="bbox 319 5271 1881 5348; baseline -0.008 -14"><span class='ocrx_word' id='word_1_684' title='bbox 319 5281 384 5334; x_wconf 81' lang='grc' dir='ltr'><strong>Τί</strong></span> <span class='ocrx_word' id='word_1_685' title='bbox 435 5281 545 5348; x_wconf 83' lang='grc' dir='ltr'><strong>γὰρ</strong></span> <span class='ocrx_word' id='word_1_686' title='bbox 579 5277 608 5329; x_wconf 82' lang='grc' dir='ltr'><strong>ὃ</strong></span> <span class='ocrx_word' id='word_1_687' title='bbox 655 5280 864 5344; x_wconf 75' lang='grc' dir='ltr'><strong>πέμπει</strong></span> <span class='ocrx_word' id='word_1_688' title='bbox 901 5277 1085 5342; x_wconf 81' lang='grc' dir='ltr'><strong>Πατὴρ</strong></span> <span class='ocrx_word' id='word_1_689' title='bbox 1133 5275 1262 5340; x_wconf 87' lang='grc' dir='ltr'><strong>παρ’</strong></span> <span class='ocrx_word' id='word_1_690' title='bbox 1296 5273 1456 5326; x_wconf 77' lang='grc' dir='ltr'><strong>ἄλλου</strong></span> <span class='ocrx_word' id='word_1_691' title='bbox 1487 5272 1646 5326; x_wconf 88' lang='grc' dir='ltr'><strong>τοῦτο</strong></span> <span class='ocrx_word' id='word_1_692' title='bbox 1668 5271 1881 5335; x_wconf 70' lang='grc' dir='ltr'><strong>λαὸὼνς</strong></span> 
     </span>
    </p>
   </div>
   <div class='ocr_carea' id='block_1_87' title="bbox 320 5365 1888 5436">
    <p class='ocr_par' dir='ltr' id='par_1_87' title="bbox 320 5365 1888 5436">
     <span class='ocr_line' id='line_1_87' title="bbox 320 5365 1888 5436; baseline -0.007 -11"><span class='ocrx_word' id='word_1_693' title='bbox 320 5375 431 5426; x_wconf 68' lang='grc' dir='ltr'><strong>Οὐκ</strong></span> <span class='ocrx_word' id='word_1_694' title='bbox 455 5373 598 5423; x_wconf 78' lang='grc' dir='ltr'><strong>ἐστιν</strong></span> <span class='ocrx_word' id='word_1_695' title='bbox 627 5370 933 5422; x_wconf 84' lang='grc' dir='ltr'><strong>ὁπώσποτε.</strong></span> <span class='ocrx_word' id='word_1_696' title='bbox 972 5369 1030 5419; x_wconf 84' lang='grc' dir='ltr'><strong>ΕΞ</strong></span> <span class='ocrx_word' id='word_1_697' title='bbox 1069 5367 1124 5418; x_wconf 78' lang='grc' dir='ltr'><strong>δὲ</strong></span> <span class='ocrx_word' id='word_1_698' title='bbox 1158 5368 1291 5436; x_wconf 78' lang='grc' dir='ltr'><strong>πρὸς</strong></span> <span class='ocrx_word' id='word_1_699' title='bbox 1318 5368 1406 5417; x_wconf 75' lang='grc' dir='ltr'><strong>τὸν</strong></span> <span class='ocrx_word' id='word_1_700' title='bbox 1436 5366 1560 5416; x_wconf 75' lang='grc' dir='ltr'><strong>Υἰὸν</strong></span> <span class='ocrx_word' id='word_1_701' title='bbox 1586 5365 1888 5417; x_wconf 73' lang='grc' dir='ltr'><strong>τανάπαλιν</strong></span> 
     </span>
    </p>
   </div>
   <div class='ocr_carea' id='block_1_88' title="bbox 319 5456 1886 5525">
    <p class='ocr_par' dir='ltr' id='par_1_88' title="bbox 319 5456 1886 5525">
     <span class='ocr_line' id='line_1_88' title="bbox 319 5456 1886 5525; baseline -0.008 -7"><span class='ocrx_word' id='word_1_702' title='bbox 319 5463 723 5521; x_wconf 70' lang='grc' dir='ltr'><strong>ἀναδείκνυται,</strong></span> <span class='ocrx_word' id='word_1_703' title='bbox 763 5462 855 5511; x_wconf 76' lang='grc' dir='ltr'><strong>καὶ</strong></span> <span class='ocrx_word' id='word_1_704' title='bbox 886 5461 994 5510; x_wconf 69' lang='grc' dir='ltr'><strong>τῶν</strong></span> <span class='ocrx_word' id='word_1_705' title='bbox 1030 5459 1315 5524; x_wconf 85' lang='grc' dir='ltr'><strong>μερισμῶν</strong></span> <span class='ocrx_word' id='word_1_706' title='bbox 1354 5461 1381 5509; x_wconf 91' lang='grc' dir='ltr'><strong>ό</strong></span> <span class='ocrx_word' id='word_1_707' title='bbox 1416 5458 1512 5525; x_wconf 80' lang='grc' dir='ltr'><strong>μὲν</strong></span> <span class='ocrx_word' id='word_1_708' title='bbox 1543 5456 1794 5520; x_wconf 67' lang='grc' dir='ltr'><strong>δεύτερος</strong></span> <span class='ocrx_word' id='word_1_709' title='bbox 1828 5458 1886 5506; x_wconf 72' lang='grc' dir='ltr'><strong>τὸ</strong></span> 
     </span>
    </p>
   </div>
   <div class='ocr_carea' id='block_1_89' title="bbox 323 5547 1886 5622">
    <p class='ocr_par' dir='ltr' id='par_1_89' title="bbox 323 5547 1886 5622">
     <span class='ocr_line' id='line_1_89' title="bbox 323 5547 1886 5622; baseline -0.01 -12"><span class='ocrx_word' id='word_1_710' title='bbox 323 5555 660 5622; x_wconf 84' lang='grc' dir='ltr'><strong>κατάλληλον</strong></span> <span class='ocrx_word' id='word_1_711' title='bbox 682 5555 834 5620; x_wconf 80' lang='grc' dir='ltr'><strong>φέρει</strong></span> <span class='ocrx_word' id='word_1_712' title='bbox 865 5552 1005 5604; x_wconf 74' lang='grc' dir='ltr'><strong>κατὰ</strong></span> <span class='ocrx_word' id='word_1_713' title='bbox 1026 5553 1124 5619; x_wconf 70' lang='grc' dir='ltr'><strong>τὴν</strong></span> <span class='ocrx_word' id='word_1_714' title='bbox 1149 5550 1241 5601; x_wconf 88' lang='grc' dir='ltr'><strong>τοῦ</strong></span> <span class='ocrx_word' id='word_1_715' title='bbox 1263 5550 1676 5617; x_wconf 78' lang='grc' dir='ltr'><strong>συντεθειμένου</strong></span> <span class='ocrx_word' id='word_1_716' title='bbox 1705 5547 1886 5611; x_wconf 77' lang='grc' dir='ltr'><strong>δόξαν,</strong></span> 
     </span>
    </p>
   </div>
   <div class='ocr_carea' id='block_1_90' title="bbox 1971 3263 3542 3333">
    <p class='ocr_par' dir='ltr' id='par_1_90' title="bbox 1971 3263 3542 3333">
     <span class='ocr_line' id='line_1_90' title="bbox 1971 3263 3542 3333; baseline -0.003 -14"><span class='ocrx_word' id='word_1_717' title='bbox 1971 3268 2022 3320; x_wconf 92' lang='lat' dir='ltr'><strong>in</strong></span> <span class='ocrx_word' id='word_1_718' title='bbox 2055 3281 2258 3318; x_wconf 88' lang='lat' dir='ltr'><strong>morem</strong></span> <span class='ocrx_word' id='word_1_719' title='bbox 2283 3265 2547 3318; x_wconf 84' lang='lat' dir='ltr'><strong>decernit.</strong></span> <span class='ocrx_word' id='word_1_720' title='bbox 2579 3264 2926 3318; x_wconf 85' lang='lat' dir='ltr'><strong>Missionibus</strong></span> <span class='ocrx_word' id='word_1_721' title='bbox 2960 3267 3138 3333; x_wconf 89' lang='lat' dir='ltr'><strong>itaque</strong></span> <span class='ocrx_word' id='word_1_722' title='bbox 3169 3280 3288 3332; x_wconf 64' lang='lat' dir='ltr'><strong>quae</strong></span> <span class='ocrx_word' id='word_1_723' title='bbox 3323 3265 3374 3316; x_wconf 86' lang='lat' dir='ltr'><strong>in</strong></span> <span class='ocrx_word' id='word_1_724' title='bbox 3401 3263 3542 3316; x_wconf 89' lang='lat' dir='ltr'><strong>divi-</strong></span> 
     </span>
    </p>
   </div>
   <div class='ocr_carea' id='block_1_91' title="bbox 1971 3355 3542 3426">
    <p class='ocr_par' dir='ltr' id='par_1_91' title="bbox 1971 3355 3542 3426">
     <span class='ocr_line' id='line_1_91' title="bbox 1971 3355 3542 3426; baseline -0.001 -16"><span class='ocrx_word' id='word_1_725' title='bbox 1971 3359 2157 3412; x_wconf 89' lang='lat' dir='ltr'><strong>nitatis</strong></span> <span class='ocrx_word' id='word_1_726' title='bbox 2209 3358 2549 3426; x_wconf 53' lang='lat' dir='ltr'><strong>principibus</strong></span> <span class='ocrx_word' id='word_1_727' title='bbox 2593 3357 2975 3426; x_wconf 77' lang='lat' dir='ltr'><strong>hypostasibus</strong></span> <span class='ocrx_word' id='word_1_728' title='bbox 3008 3355 3446 3414; x_wconf 77' lang='lat' dir='ltr'><strong>considerantur,</strong></span> <span class='ocrx_word' id='word_1_729' title='bbox 3476 3371 3542 3408; x_wconf 78' lang='lat' dir='ltr'><strong>ex</strong></span> 
     </span>
    </p>
   </div>
   <div class='ocr_carea' id='block_1_92' title="bbox 1969 3441 3544 3518">
    <p class='ocr_par' dir='ltr' id='par_1_92' title="bbox 1969 3441 3544 3518">
     <span class='ocr_line' id='line_1_92' title="bbox 1969 3441 3544 3518; baseline -0.006 -16"><span class='ocrx_word' id='word_1_730' title='bbox 1969 3448 2298 3518; x_wconf 77' lang='lat' dir='ltr'><strong>cvangelicis</strong></span> <span class='ocrx_word' id='word_1_731' title='bbox 2323 3446 2512 3514; x_wconf 83' lang='lat' dir='ltr'><strong>elogiis</strong></span> <span class='ocrx_word' id='word_1_732' title='bbox 2546 3445 2616 3497; x_wconf 90' lang='lat' dir='ltr'><strong>ita</strong></span> <span class='ocrx_word' id='word_1_733' title='bbox 2650 3445 2935 3510; x_wconf 80' lang='lat' dir='ltr'><strong>expositis.</strong></span> <span class='ocrx_word' id='word_1_734' title='bbox 2961 3452 3017 3496; x_wconf 91' lang='lat' dir='ltr'><strong>et</strong></span> <span class='ocrx_word' id='word_1_735' title='bbox 3048 3458 3111 3494; x_wconf 77' lang='lat' dir='ltr'><strong>ex</strong></span> <span class='ocrx_word' id='word_1_736' title='bbox 3146 3441 3302 3494; x_wconf 88' lang='lat' dir='ltr'><strong>dictis</strong></span> <span class='ocrx_word' id='word_1_737' title='bbox 3329 3441 3544 3492; x_wconf 85' lang='lat' dir='ltr'><strong>divino-</strong></span> 
     </span>
    </p>
   </div>
   <div class='ocr_carea' id='block_1_93' title="bbox 1972 3535 3546 3603">
    <p class='ocr_par' dir='ltr' id='par_1_93' title="bbox 1972 3535 3546 3603">
     <span class='ocr_line' id='line_1_93' title="bbox 1972 3535 3546 3603; baseline -0.006 -11"><span class='ocrx_word' id='word_1_738' title='bbox 1972 3557 2090 3593; x_wconf 87' lang='lat' dir='ltr'><strong>rum</strong></span> <span class='ocrx_word' id='word_1_739' title='bbox 2135 3541 2352 3593; x_wconf 80' lang='lat' dir='ltr'><strong>Patrum</strong></span> <span class='ocrx_word' id='word_1_740' title='bbox 2399 3538 2744 3599; x_wconf 75' lang='lat' dir='ltr'><strong>examinatis,</strong></span> <span class='ocrx_word' id='word_1_741' title='bbox 2781 3545 2836 3589; x_wconf 88' lang='lat' dir='ltr'><strong>et</strong></span> <span class='ocrx_word' id='word_1_742' title='bbox 2865 3550 2986 3603; x_wconf 66' lang='lat' dir='ltr'><strong>quae</strong></span> <span class='ocrx_word' id='word_1_743' title='bbox 3036 3536 3090 3587; x_wconf 91' lang='lat' dir='ltr'><strong>in</strong></span> <span class='ocrx_word' id='word_1_744' title='bbox 3141 3535 3546 3588; x_wconf 90' lang='lat' dir='ltr'><strong>administrato-</strong></span> 
     </span>
    </p>
   </div>
   <div class='ocr_carea' id='block_1_94' title="bbox 1973 3627 3547 3697">
    <p class='ocr_par' dir='ltr' id='par_1_94' title="bbox 1973 3627 3547 3697">
     <span class='ocr_line' id='line_1_94' title="bbox 1973 3627 3547 3697; baseline -0.004 -15"><span class='ocrx_word' id='word_1_745' title='bbox 1973 3632 2064 3684; x_wconf 82' lang='lat' dir='ltr'><strong>riis</strong></span> <span class='ocrx_word' id='word_1_746' title='bbox 2092 3631 2393 3697; x_wconf 84' lang='lat' dir='ltr'><strong>spiritibus.</strong></span> <span class='ocrx_word' id='word_1_747' title='bbox 2443 3630 2519 3681; x_wconf 87' lang='lat' dir='ltr'><strong>nti</strong></span> <span class='ocrx_word' id='word_1_748' title='bbox 2569 3628 2904 3682; x_wconf 83' lang='lat' dir='ltr'><strong>administris</strong></span> <span class='ocrx_word' id='word_1_749' title='bbox 2944 3627 3199 3694; x_wconf 87' lang='lat' dir='ltr'><strong>congruit</strong></span> <span class='ocrx_word' id='word_1_750' title='bbox 3245 3627 3445 3678; x_wconf 88' lang='lat' dir='ltr'><strong>creatis</strong></span> <span class='ocrx_word' id='word_1_751' title='bbox 3491 3634 3547 3676; x_wconf 87' lang='lat' dir='ltr'><strong>ct</strong></span> 
     </span>
    </p>
   </div>
   <div class='ocr_carea' id='block_1_95' title="bbox 1972 3714 3548 3790">
    <p class='ocr_par' dir='ltr' id='par_1_95' title="bbox 1972 3714 3548 3790">
     <span class='ocr_line' id='line_1_95' title="bbox 1972 3714 3548 3790; baseline -0.007 -14"><span class='ocrx_word' id='word_1_752' title='bbox 1972 3723 2401 3790; x_wconf 68' lang='lat' dir='ltr'><strong>circumscriptis</strong></span> <span class='ocrx_word' id='word_1_753' title='bbox 2429 3722 2535 3773; x_wconf 86' lang='lat' dir='ltr'><strong>alio</strong></span> <span class='ocrx_word' id='word_1_754' title='bbox 2567 3729 2730 3785; x_wconf 90' lang='lat' dir='ltr'><strong>atque</strong></span> <span class='ocrx_word' id='word_1_755' title='bbox 2757 3719 2863 3772; x_wconf 71' lang='lat' dir='ltr'><strong>alio</strong></span> <span class='ocrx_word' id='word_1_756' title='bbox 2896 3718 3056 3770; x_wconf 91' lang='lat' dir='ltr'><strong>modo</strong></span> <span class='ocrx_word' id='word_1_757' title='bbox 3088 3731 3146 3770; x_wconf 88' lang='lat' dir='ltr'><strong>se</strong></span> <span class='ocrx_word' id='word_1_758' title='bbox 3180 3715 3381 3768; x_wconf 83' lang='lat' dir='ltr'><strong>habere</strong></span> <span class='ocrx_word' id='word_1_759' title='bbox 3406 3714 3548 3782; x_wconf 89' lang='lat' dir='ltr'><strong>diju-</strong></span> 
     </span>
    </p>
   </div>
   <div class='ocr_carea' id='block_1_96' title="bbox 1973 3806 3545 3878">
    <p class='ocr_par' dir='ltr' id='par_1_96' title="bbox 1973 3806 3545 3878">
     <span class='ocr_line' id='line_1_96' title="bbox 1973 3806 3545 3878; baseline -0.006 -10"><span class='ocrx_word' id='word_1_760' title='bbox 1973 3814 2185 3872; x_wconf 79' lang='lat' dir='ltr'><strong>dicatis.</strong></span> <span class='ocrx_word' id='word_1_761' title='bbox 2221 3814 2309 3878; x_wconf 86' lang='lat' dir='ltr'><strong>qui</strong></span> <span class='ocrx_word' id='word_1_762' title='bbox 2363 3811 2679 3864; x_wconf 85' lang='lat' dir='ltr'><strong>missionum</strong></span> <span class='ocrx_word' id='word_1_763' title='bbox 2730 3809 3069 3862; x_wconf 80' lang='lat' dir='ltr'><strong>diﬂerentias</strong></span> <span class='ocrx_word' id='word_1_764' title='bbox 3099 3823 3162 3860; x_wconf 75' lang='lat' dir='ltr'><strong>ex</strong></span> <span class='ocrx_word' id='word_1_765' title='bbox 3219 3806 3452 3875; x_wconf 85' lang='lat' dir='ltr'><strong>propriis</strong></span> <span class='ocrx_word' id='word_1_766' title='bbox 3492 3806 3545 3858; x_wconf 90' lang='lat' dir='ltr'><strong>in</strong></span> 
     </span>
    </p>
   </div>
   <div class='ocr_carea' id='block_1_97' title="bbox 1977 3895 3546 3970">
    <p class='ocr_par' dir='ltr' id='par_1_97' title="bbox 1977 3895 3546 3970">
     <span class='ocr_line' id='line_1_97' title="bbox 1977 3895 3546 3970; baseline -0.006 -13"><span class='ocrx_word' id='word_1_767' title='bbox 1977 3905 2212 3958; x_wconf 85' lang='lat' dir='ltr'><strong>medium</strong></span> <span class='ocrx_word' id='word_1_768' title='bbox 2247 3903 2426 3961; x_wconf 76' lang='lat' dir='ltr'><strong>atl&#39;ert.</strong></span> <span class='ocrx_word' id='word_1_769' title='bbox 2469 3903 2707 3970; x_wconf 76' lang='lat' dir='ltr'><strong>dicitque</strong></span> <span class='ocrx_word' id='word_1_770' title='bbox 2739 3919 2751 3953; x_wconf 89' lang='lat'>:</span> <span class='ocrx_word' id='word_1_771' title='bbox 2789 3919 2806 3950; x_wconf 85' lang='grc' dir='ltr'><strong>ι</strong></span> <span class='ocrx_word' id='word_1_772' title='bbox 2844 3901 3004 3953; x_wconf 81' lang='lat' dir='ltr'><strong>Mittit</strong></span> <span class='ocrx_word' id='word_1_773' title='bbox 3054 3899 3322 3967; x_wconf 85' lang='lat' dir='ltr'><strong>quispiam</strong></span> <span class='ocrx_word' id='word_1_774' title='bbox 3380 3895 3546 3948; x_wconf 82' lang='lat' dir='ltr'><strong>ﬁlium</strong></span> 
     </span>
    </p>
   </div>
   <div class='ocr_carea' id='block_1_98' title="bbox 1977 3988 3550 4054">
    <p class='ocr_par' dir='ltr' id='par_1_98' title="bbox 1977 3988 3550 4054">
     <span class='ocr_line' id='line_1_98' title="bbox 1977 3988 3550 4054; baseline -0.006 -4"><span class='ocrx_word' id='word_1_775' title='bbox 1977 4008 2070 4051; x_wconf 87' lang='lat' dir='ltr'><strong>aut</strong></span> <span class='ocrx_word' id='word_1_776' title='bbox 2125 4013 2365 4054; x_wconf 79' lang='lat' dir='ltr'><strong>servum,</strong></span> <span class='ocrx_word' id='word_1_777' title='bbox 2395 3998 2474 4048; x_wconf 85' lang='lat' dir='ltr'><strong>vel</strong></span> <span class='ocrx_word' id='word_1_778' title='bbox 2510 3995 2711 4047; x_wconf 75' lang='lat' dir='ltr'><strong>aliuuiil</strong></span> <span class='ocrx_word' id='word_1_779' title='bbox 2749 3994 2915 4052; x_wconf 88' lang='lat' dir='ltr'><strong>aliud.</strong></span> <span class='ocrx_word' id='word_1_780' title='bbox 2948 3993 3016 4046; x_wconf 90' lang='lat' dir='ltr'><strong>ab</strong></span> <span class='ocrx_word' id='word_1_781' title='bbox 3065 3993 3170 4045; x_wconf 90' lang='lat' dir='ltr'><strong>alio</strong></span> <span class='ocrx_word' id='word_1_782' title='bbox 3221 3990 3348 4043; x_wconf 90' lang='lat' dir='ltr'><strong>illud</strong></span> <span class='ocrx_word' id='word_1_783' title='bbox 3406 3988 3550 4042; x_wconf 87' lang='lat' dir='ltr'><strong>acci-</strong></span> 
     </span>
    </p>
   </div>
   <div class='ocr_carea' id='block_1_99' title="bbox 1979 4083 3551 4158">
    <p class='ocr_par' dir='ltr' id='par_1_99' title="bbox 1979 4083 3551 4158">
     <span class='ocr_line' id='line_1_99' title="bbox 1979 4083 3551 4158; baseline -0.004 -18"><span class='ocrx_word' id='word_1_784' title='bbox 1979 4092 2154 4158; x_wconf 84' lang='lat' dir='ltr'><strong>piens.</strong></span> <span class='ocrx_word' id='word_1_785' title='bbox 2189 4091 2303 4142; x_wconf 82' lang='lat' dir='ltr'><strong>sive</strong></span> <span class='ocrx_word' id='word_1_786' title='bbox 2347 4104 2410 4140; x_wconf 68' lang='lat' dir='ltr'><strong>ex</strong></span> <span class='ocrx_word' id='word_1_787' title='bbox 2437 4089 2617 4155; x_wconf 84' lang='lat' dir='ltr'><strong>scipso</strong></span> <span class='ocrx_word' id='word_1_788' title='bbox 2643 4089 2868 4150; x_wconf 88' lang='lat' dir='ltr'><strong>habens,</strong></span> <span class='ocrx_word' id='word_1_789' title='bbox 2909 4107 2925 4137; x_wconf 79' lang='grc' dir='ltr'><strong>ι</strong></span> <span class='ocrx_word' id='word_1_790' title='bbox 2970 4101 3094 4138; x_wconf 83' lang='lat' dir='ltr'><strong>cum</strong></span> <span class='ocrx_word' id='word_1_791' title='bbox 3142 4085 3207 4137; x_wconf 84' lang='lat' dir='ltr'><strong>ad</strong></span> <span class='ocrx_word' id='word_1_792' title='bbox 3246 4085 3355 4152; x_wconf 88' lang='lat' dir='ltr'><strong>jam</strong></span> <span class='ocrx_word' id='word_1_793' title='bbox 3377 4083 3551 4135; x_wconf 85' lang='lat' dir='ltr'><strong>dictas</strong></span> 
     </span>
    </p>
   </div>
   <div class='ocr_carea' id='block_1_100' title="bbox 1979 4171 3552 4246">
    <p class='ocr_par' dir='ltr' id='par_1_100' title="bbox 1979 4171 3552 4246">
     <span class='ocr_line' id='line_1_100' title="bbox 1979 4171 3552 4246; baseline -0.007 -13"><span class='ocrx_word' id='word_1_794' title='bbox 1979 4185 2286 4234; x_wconf 86' lang='lat' dir='ltr'><strong>divinarum</strong></span> <span class='ocrx_word' id='word_1_795' title='bbox 2335 4194 2689 4246; x_wconf 69' lang='lat' dir='ltr'><strong>personarum</strong></span> <span class='ocrx_word' id='word_1_796' title='bbox 2736 4179 3026 4230; x_wconf 81' lang='lat' dir='ltr'><strong>missiones</strong></span> <span class='ocrx_word' id='word_1_797' title='bbox 3081 4174 3400 4241; x_wconf 81' lang='lat' dir='ltr'><strong>respiciens,</strong></span> <span class='ocrx_word' id='word_1_798' title='bbox 3437 4171 3552 4224; x_wconf 68' lang='lat' dir='ltr'><strong>hmo</strong></span> 
     </span>
    </p>
   </div>
   <div class='ocr_carea' id='block_1_101' title="bbox 1980 4264 3551 4341">
    <p class='ocr_par' dir='ltr' id='par_1_101' title="bbox 1980 4264 3551 4341">
     <span class='ocr_line' id='line_1_101' title="bbox 1980 4264 3551 4341; baseline -0.006 -16"><span class='ocrx_word' id='word_1_799' title='bbox 1980 4283 2253 4341; x_wconf 70' lang='lat' dir='ltr'><strong>aggregat,</strong></span> <span class='ocrx_word' id='word_1_800' title='bbox 2297 4270 2360 4323; x_wconf 85' lang='lat' dir='ltr'><strong>ad</strong></span> <span class='ocrx_word' id='word_1_801' title='bbox 2390 4271 2664 4336; x_wconf 87' lang='lat' dir='ltr'><strong>quodnam</strong></span> <span class='ocrx_word' id='word_1_802' title='bbox 2716 4285 2779 4322; x_wconf 79' lang='lat' dir='ltr'><strong>ex</strong></span> <span class='ocrx_word' id='word_1_803' title='bbox 2827 4269 2911 4321; x_wconf 93' lang='lat' dir='ltr'><strong>his</strong></span> <span class='ocrx_word' id='word_1_804' title='bbox 2947 4276 3184 4320; x_wconf 89' lang='lat' dir='ltr'><strong>mentem</strong></span> <span class='ocrx_word' id='word_1_805' title='bbox 3239 4264 3551 4324; x_wconf 88' lang='lat' dir='ltr'><strong>intendens.</strong></span> 
     </span>
    </p>
   </div>
   <div class='ocr_carea' id='block_1_102' title="bbox 1981 4356 3554 4430">
    <p class='ocr_par' dir='ltr' id='par_1_102' title="bbox 1981 4356 3554 4430">
     <span class='ocr_line' id='line_1_102' title="bbox 1981 4356 3554 4430; baseline -0.006 -15"><span class='ocrx_word' id='word_1_806' title='bbox 1981 4363 2176 4416; x_wconf 83' lang='lat' dir='ltr'><strong>similia</strong></span> <span class='ocrx_word' id='word_1_807' title='bbox 2207 4362 2517 4430; x_wconf 76' lang='lat' dir='ltr'><strong>complicat.</strong></span> <span class='ocrx_word' id='word_1_808' title='bbox 2565 4361 2879 4414; x_wconf 87' lang='lat' dir='ltr'><strong>discernere</strong></span> <span class='ocrx_word' id='word_1_809' title='bbox 2918 4373 3022 4412; x_wconf 92' lang='lat' dir='ltr'><strong>non</strong></span> <span class='ocrx_word' id='word_1_810' title='bbox 3069 4359 3242 4410; x_wconf 87' lang='lat' dir='ltr'><strong>valeo.</strong></span> <span class='ocrx_word' id='word_1_811' title='bbox 3280 4356 3356 4408; x_wconf 74' lang='lat' dir='ltr'><strong>Ad</strong></span> <span class='ocrx_word' id='word_1_812' title='bbox 3387 4369 3554 4407; x_wconf 90' lang='lat' dir='ltr'><strong>unum</strong></span> 
     </span>
    </p>
   </div>
   <div class='ocr_carea' id='block_1_103' title="bbox 1982 4448 3550 4520">
    <p class='ocr_par' dir='ltr' id='par_1_103' title="bbox 1982 4448 3550 4520">
     <span class='ocr_line' id='line_1_103' title="bbox 1982 4448 3550 4520; baseline -0.008 -14"><span class='ocrx_word' id='word_1_813' title='bbox 1982 4453 2127 4506; x_wconf 91' lang='lat' dir='ltr'><strong>enim</strong></span> <span class='ocrx_word' id='word_1_814' title='bbox 2165 4453 2415 4520; x_wconf 87' lang='lat' dir='ltr'><strong>idemque</strong></span> <span class='ocrx_word' id='word_1_815' title='bbox 2455 4451 2821 4518; x_wconf 84' lang='lat' dir='ltr'><strong>respiciendo.</strong></span> <span class='ocrx_word' id='word_1_816' title='bbox 2853 4451 2954 4503; x_wconf 87' lang='lat' dir='ltr'><strong>ista</strong></span> <span class='ocrx_word' id='word_1_817' title='bbox 2990 4448 3209 4520; x_wconf 80' lang='lat' dir='ltr'><strong>videtur</strong></span> <span class='ocrx_word' id='word_1_818' title='bbox 3232 4459 3550 4514; x_wconf 78' lang='lat' dir='ltr'><strong>congerere.</strong></span> 
     </span>
    </p>
   </div>
   <div class='ocr_carea' id='block_1_104' title="bbox 1983 4517 3550 4609">
    <p class='ocr_par' dir='ltr' id='par_1_104' title="bbox 1983 4517 3550 4609">
     <span class='ocr_line' id='line_1_104' title="bbox 1983 4517 3550 4609; baseline -0.007 -15"><span class='ocrx_word' id='word_1_819' title='bbox 1983 4541 2040 4595; x_wconf 90' lang='lat' dir='ltr'><strong>Si</strong></span> <span class='ocrx_word' id='word_1_820' title='bbox 2092 4543 2271 4609; x_wconf 85' lang='lat' dir='ltr'><strong>itaque</strong></span> <span class='ocrx_word' id='word_1_821' title='bbox 2302 4517 2366 4594; x_wconf 78' lang='lat' dir='ltr'><strong>ad</strong></span> <span class='ocrx_word' id='word_1_822' title='bbox 2417 4517 2648 4600; x_wconf 80' lang='lat' dir='ltr'><strong>Patrem,</strong></span> <span class='ocrx_word' id='word_1_823' title='bbox 2683 4555 2906 4593; x_wconf 85' lang='lat' dir='ltr'><strong>suorum</strong></span> <span class='ocrx_word' id='word_1_824' title='bbox 2959 4517 3231 4592; x_wconf 79' lang='lat' dir='ltr'><strong>dictorum</strong></span> <span class='ocrx_word' id='word_1_825' title='bbox 3293 4537 3550 4604; x_wconf 85' lang='lat' dir='ltr'><strong>primum,</strong></span> 
     </span>
    </p>
   </div>
   <div class='ocr_carea' id='block_1_105' title="bbox 1982 4628 3553 4702">
    <p class='ocr_par' dir='ltr' id='par_1_105' title="bbox 1982 4628 3553 4702">
     <span class='ocr_line' id='line_1_105' title="bbox 1982 4628 3553 4702; baseline -0.009 -14"><span class='ocrx_word' id='word_1_826' title='bbox 1982 4636 2292 4702; x_wconf 76' lang='lat' dir='ltr'><strong>duplexque</strong></span> <span class='ocrx_word' id='word_1_827' title='bbox 2335 4633 2548 4693; x_wconf 83' lang='lat' dir='ltr'><strong>divisio.</strong></span> <span class='ocrx_word' id='word_1_828' title='bbox 2591 4633 2714 4685; x_wconf 90' lang='lat' dir='ltr'><strong>licet</strong></span> <span class='ocrx_word' id='word_1_829' title='bbox 2757 4631 3090 4685; x_wconf 89' lang='lat' dir='ltr'><strong>conveniens</strong></span> <span class='ocrx_word' id='word_1_830' title='bbox 3135 4637 3350 4686; x_wconf 87' lang='lat' dir='ltr'><strong>servat.</strong></span> <span class='ocrx_word' id='word_1_831' title='bbox 3391 4628 3456 4680; x_wconf 87' lang='lat' dir='ltr'><strong>ab</strong></span> <span class='ocrx_word' id='word_1_832' title='bbox 3489 4643 3553 4678; x_wconf 84' lang='lat' dir='ltr'><strong>eo</strong></span> 
     </span>
    </p>
   </div>
   <div class='ocr_carea' id='block_1_106' title="bbox 1985 4719 3555 4792">
    <p class='ocr_par' dir='ltr' id='par_1_106' title="bbox 1985 4719 3555 4792">
     <span class='ocr_line' id='line_1_106' title="bbox 1985 4719 3555 4792; baseline -0.006 -14"><span class='ocrx_word' id='word_1_833' title='bbox 1985 4737 2164 4779; x_wconf 89' lang='lat' dir='ltr'><strong>tamen</strong></span> <span class='ocrx_word' id='word_1_834' title='bbox 2212 4727 2509 4779; x_wconf 80' lang='lat' dir='ltr'><strong>secundum</strong></span> <span class='ocrx_word' id='word_1_835' title='bbox 2564 4727 2719 4792; x_wconf 80' lang='lat' dir='ltr'><strong>longe</strong></span> <span class='ocrx_word' id='word_1_836' title='bbox 2751 4733 2856 4777; x_wconf 90' lang='lat' dir='ltr'><strong>est.</strong></span> <span class='ocrx_word' id='word_1_837' title='bbox 2893 4722 3038 4784; x_wconf 67' lang='lat' dir='ltr'><strong>Quid</strong></span> <span class='ocrx_word' id='word_1_838' title='bbox 3094 4720 3238 4773; x_wconf 90' lang='lat' dir='ltr'><strong>enim</strong></span> <span class='ocrx_word' id='word_1_839' title='bbox 3278 4728 3381 4780; x_wconf 92' lang='lat' dir='ltr'><strong>est,</strong></span> <span class='ocrx_word' id='word_1_840' title='bbox 3411 4719 3555 4784; x_wconf 76' lang='lat' dir='ltr'><strong>quoil</strong></span> 
     </span>
    </p>
   </div>
   <div class='ocr_carea' id='block_1_107' title="bbox 1986 4810 3554 4883">
    <p class='ocr_par' dir='ltr' id='par_1_107' title="bbox 1986 4810 3554 4883">
     <span class='ocr_line' id='line_1_107' title="bbox 1986 4810 3554 4883; baseline -0.006 -13"><span class='ocrx_word' id='word_1_841' title='bbox 1986 4819 2163 4871; x_wconf 87' lang='lat' dir='ltr'><strong>mittat</strong></span> <span class='ocrx_word' id='word_1_842' title='bbox 2211 4818 2368 4871; x_wconf 84' lang='lat' dir='ltr'><strong>Pater</strong></span> <span class='ocrx_word' id='word_1_843' title='bbox 2431 4819 2497 4869; x_wconf 85' lang='lat' dir='ltr'><strong>ab</strong></span> <span class='ocrx_word' id='word_1_844' title='bbox 2558 4819 2667 4868; x_wconf 91' lang='lat' dir='ltr'><strong>alio</strong></span> <span class='ocrx_word' id='word_1_845' title='bbox 2713 4818 2762 4868; x_wconf 91' lang='lat' dir='ltr'><strong>id</strong></span> <span class='ocrx_word' id='word_1_846' title='bbox 2825 4814 3283 4883; x_wconf 83' lang='lat' dir='ltr'><strong>aceipiens?lloc</strong></span> <span class='ocrx_word' id='word_1_847' title='bbox 3343 4810 3554 4863; x_wconf 90' lang='lat' dir='ltr'><strong>nullum</strong></span> 
     </span>
    </p>
   </div>
   <div class='ocr_carea' id='block_1_108' title="bbox 1989 4901 3557 4976">
    <p class='ocr_par' dir='ltr' id='par_1_108' title="bbox 1989 4901 3557 4976">
     <span class='ocr_line' id='line_1_108' title="bbox 1989 4901 3557 4976; baseline -0.006 -15"><span class='ocrx_word' id='word_1_848' title='bbox 1989 4925 2214 4976; x_wconf 88' lang='lat' dir='ltr'><strong>usquam</strong></span> <span class='ocrx_word' id='word_1_849' title='bbox 2267 4918 2387 4962; x_wconf 90' lang='lat' dir='ltr'><strong>est:</strong></span> <span class='ocrx_word' id='word_1_850' title='bbox 2431 4908 2474 4960; x_wconf 90' lang='lat' dir='ltr'><strong>si</strong></span> <span class='ocrx_word' id='word_1_851' title='bbox 2511 4909 2575 4959; x_wconf 92' lang='lat' dir='ltr'><strong>ad</strong></span> <span class='ocrx_word' id='word_1_852' title='bbox 2623 4907 2838 4968; x_wconf 83' lang='lat' dir='ltr'><strong>Filium,</strong></span> <span class='ocrx_word' id='word_1_853' title='bbox 2877 4905 3216 4960; x_wconf 85' lang='lat' dir='ltr'><strong>contrarium</strong></span> <span class='ocrx_word' id='word_1_854' title='bbox 3247 4901 3557 4970; x_wconf 86' lang='lat' dir='ltr'><strong>deprehen-</strong></span> 
     </span>
    </p>
   </div>
   <div class='ocr_carea' id='block_1_109' title="bbox 1988 4997 3559 5067">
    <p class='ocr_par' dir='ltr' id='par_1_109' title="bbox 1988 4997 3559 5067">
     <span class='ocr_line' id='line_1_109' title="bbox 1988 4997 3559 5067; baseline -0.007 -14"><span class='ocrx_word' id='word_1_855' title='bbox 1988 5001 2155 5067; x_wconf 78' lang='lat' dir='ltr'><strong>ditur,</strong></span> <span class='ocrx_word' id='word_1_856' title='bbox 2202 5008 2257 5053; x_wconf 88' lang='lat' dir='ltr'><strong>et</strong></span> <span class='ocrx_word' id='word_1_857' title='bbox 2299 4998 2627 5053; x_wconf 79' lang='lat' dir='ltr'><strong>divisionum</strong></span> <span class='ocrx_word' id='word_1_858' title='bbox 2687 4998 2926 5051; x_wconf 88' lang='lat' dir='ltr'><strong>secunda</strong></span> <span class='ocrx_word' id='word_1_859' title='bbox 2977 5012 3086 5049; x_wconf 89' lang='lat' dir='ltr'><strong>non</strong></span> <span class='ocrx_word' id='word_1_860' title='bbox 3149 4997 3445 5062; x_wconf 82' lang='lat' dir='ltr'><strong>incongrue</strong></span> <span class='ocrx_word' id='word_1_861' title='bbox 3501 5005 3559 5044; x_wconf 85' lang='lat' dir='ltr'><strong>se</strong></span> 
     </span>
    </p>
   </div>
   <div class='ocr_carea' id='block_1_110' title="bbox 1990 5081 3557 5156">
    <p class='ocr_par' dir='ltr' id='par_1_110' title="bbox 1990 5081 3557 5156">
     <span class='ocr_line' id='line_1_110' title="bbox 1990 5081 3557 5156; baseline -0.007 -12"><span class='ocrx_word' id='word_1_862' title='bbox 1990 5093 2167 5149; x_wconf 68' lang='lat' dir='ltr'><strong>hahi-t,</strong></span> <span class='ocrx_word' id='word_1_863' title='bbox 2193 5093 2234 5144; x_wconf 93' lang='lat' dir='ltr'><strong>si</strong></span> <span class='ocrx_word' id='word_1_864' title='bbox 2267 5101 2501 5143; x_wconf 90' lang='lat' dir='ltr'><strong>mentem</strong></span> <span class='ocrx_word' id='word_1_865' title='bbox 2534 5091 2770 5144; x_wconf 86' lang='lat' dir='ltr'><strong>auctoris</strong></span> <span class='ocrx_word' id='word_1_866' title='bbox 2801 5089 3060 5156; x_wconf 86' lang='lat' dir='ltr'><strong>respicias</strong></span> <span class='ocrx_word' id='word_1_867' title='bbox 3085 5124 3100 5145; x_wconf 90' lang='lat'><strong>.</strong></span> <span class='ocrx_word' id='word_1_868' title='bbox 3134 5087 3307 5152; x_wconf 89' lang='lat' dir='ltr'><strong>prima</strong></span> <span class='ocrx_word' id='word_1_869' title='bbox 3337 5099 3442 5135; x_wconf 90' lang='lat' dir='ltr'><strong>una</strong></span> <span class='ocrx_word' id='word_1_870' title='bbox 3474 5081 3557 5134; x_wconf 90' lang='lat' dir='ltr'><strong>sui</strong></span> 
     </span>
    </p>
   </div>
   <div class='ocr_carea' id='block_1_111' title="bbox 1989 5173 3559 5254">
    <p class='ocr_par' dir='ltr' id='par_1_111' title="bbox 1989 5173 3559 5254">
     <span class='ocr_line' id='line_1_111' title="bbox 1989 5173 3559 5254; baseline -0.007 -18"><span class='ocrx_word' id='word_1_871' title='bbox 1989 5195 2159 5254; x_wconf 85' lang='lat' dir='ltr'><strong>parto.</strong></span> <span class='ocrx_word' id='word_1_872' title='bbox 2197 5199 2320 5235; x_wconf 84' lang='lat' dir='ltr'><strong>cum</strong></span> <span class='ocrx_word' id='word_1_873' title='bbox 2351 5183 2546 5251; x_wconf 70' lang='lat' dir='ltr'><strong>duplex</strong></span> <span class='ocrx_word' id='word_1_874' title='bbox 2588 5183 2676 5243; x_wconf 88' lang='lat' dir='ltr'><strong>sit,</strong></span> <span class='ocrx_word' id='word_1_875' title='bbox 2709 5183 2863 5248; x_wconf 77' lang='lat' dir='ltr'><strong>longe</strong></span> <span class='ocrx_word' id='word_1_876' title='bbox 2910 5195 2937 5231; x_wconf 86' lang='lat' dir='ltr'><strong>a</strong></span> <span class='ocrx_word' id='word_1_877' title='bbox 2975 5178 3252 5246; x_wconf 77' lang='lat' dir='ltr'><strong>proposito</strong></span> <span class='ocrx_word' id='word_1_878' title='bbox 3280 5173 3559 5242; x_wconf 83' lang='lat' dir='ltr'><strong>disjungi-</strong></span> 
     </span>
    </p>
   </div>
   <div class='ocr_carea' id='block_1_112' title="bbox 1998 5265 3556 5342">
    <p class='ocr_par' dir='ltr' id='par_1_112' title="bbox 1998 5265 3556 5342">
     <span class='ocr_line' id='line_1_112' title="bbox 1998 5265 3556 5342; baseline -0.008 -14"><span class='ocrx_word' id='word_1_879' title='bbox 1998 5289 2101 5328; x_wconf 90' lang='lat' dir='ltr'><strong>tur.</strong></span> <span class='ocrx_word' id='word_1_880' title='bbox 2121 5275 2302 5342; x_wconf 79' lang='lat' dir='ltr'><strong>Neque</strong></span> <span class='ocrx_word' id='word_1_881' title='bbox 2319 5276 2458 5326; x_wconf 87' lang='lat' dir='ltr'><strong>enim</strong></span> <span class='ocrx_word' id='word_1_882' title='bbox 2483 5275 2690 5339; x_wconf 82' lang='lat' dir='ltr'><strong>uspiam</strong></span> <span class='ocrx_word' id='word_1_883' title='bbox 2707 5284 2790 5324; x_wconf 72' lang='lat' dir='ltr'><strong>cst</strong></span> <span class='ocrx_word' id='word_1_884' title='bbox 2812 5271 2998 5324; x_wconf 89' lang='lat' dir='ltr'><strong>missio</strong></span> <span class='ocrx_word' id='word_1_885' title='bbox 3020 5269 3140 5322; x_wconf 81' lang='lat' dir='ltr'><strong>Filii</strong></span> <span class='ocrx_word' id='word_1_886' title='bbox 3157 5269 3224 5321; x_wconf 90' lang='lat' dir='ltr'><strong>ab</strong></span> <span class='ocrx_word' id='word_1_887' title='bbox 3245 5265 3556 5334; x_wconf 77' lang='lat' dir='ltr'><strong>Unigenito.</strong></span> 
     </span>
    </p>
   </div>
   <div class='ocr_carea' id='block_1_113' title="bbox 1997 5356 3562 5432">
    <p class='ocr_par' dir='ltr' id='par_1_113' title="bbox 1997 5356 3562 5432">
     <span class='ocr_line' id='line_1_113' title="bbox 1997 5356 3562 5432; baseline -0.008 -14"><span class='ocrx_word' id='word_1_888' title='bbox 1997 5367 2203 5430; x_wconf 84' lang='lat' dir='ltr'><strong>Quodsi</strong></span> <span class='ocrx_word' id='word_1_889' title='bbox 2233 5367 2354 5432; x_wconf 82' lang='lat' dir='ltr'><strong>quis</strong></span> <span class='ocrx_word' id='word_1_890' title='bbox 2383 5365 2581 5417; x_wconf 73' lang='lat' dir='ltr'><strong>dixerit</strong></span> <span class='ocrx_word' id='word_1_891' title='bbox 2619 5365 2684 5416; x_wconf 86' lang='lat' dir='ltr'><strong>ad</strong></span> <span class='ocrx_word' id='word_1_892' title='bbox 2722 5363 2936 5415; x_wconf 67' lang='lat' dir='ltr'><strong>Patren:</strong></span> <span class='ocrx_word' id='word_1_893' title='bbox 2967 5361 3187 5430; x_wconf 87' lang='lat' dir='ltr'><strong>quidem</strong></span> <span class='ocrx_word' id='word_1_894' title='bbox 3213 5358 3415 5412; x_wconf 81' lang='lat' dir='ltr'><strong>referre</strong></span> <span class='ocrx_word' id='word_1_895' title='bbox 3446 5356 3562 5423; x_wconf 84' lang='lat' dir='ltr'><strong>pri-</strong></span> 
     </span>
    </p>
   </div>
   <div class='ocr_carea' id='block_1_114' title="bbox 1999 5448 3561 5521">
    <p class='ocr_par' dir='ltr' id='par_1_114' title="bbox 1999 5448 3561 5521">
     <span class='ocr_line' id='line_1_114' title="bbox 1999 5448 3561 5521; baseline -0.008 -11"><span class='ocrx_word' id='word_1_896' title='bbox 1999 5474 2161 5521; x_wconf 85' lang='lat' dir='ltr'><strong>mam,</strong></span> <span class='ocrx_word' id='word_1_897' title='bbox 2188 5460 2252 5510; x_wconf 85' lang='lat' dir='ltr'><strong>ad</strong></span> <span class='ocrx_word' id='word_1_898' title='bbox 2281 5458 2474 5511; x_wconf 85' lang='lat' dir='ltr'><strong>Filium</strong></span> <span class='ocrx_word' id='word_1_899' title='bbox 2497 5471 2626 5509; x_wconf 87' lang='lat' dir='ltr'><strong>vero</strong></span> <span class='ocrx_word' id='word_1_900' title='bbox 2653 5456 2968 5517; x_wconf 84' lang='lat' dir='ltr'><strong>secundam,</strong></span> <span class='ocrx_word' id='word_1_901' title='bbox 2997 5451 3262 5506; x_wconf 85' lang='lat' dir='ltr'><strong>sermonis</strong></span> <span class='ocrx_word' id='word_1_902' title='bbox 3290 5448 3561 5518; x_wconf 84' lang='lat' dir='ltr'><strong>positione</strong></span> 
     </span>
    </p>
   </div>
   <div class='ocr_carea' id='block_1_115' title="bbox 1998 5538 3520 5616">
    <p class='ocr_par' dir='ltr' id='par_1_115' title="bbox 1998 5538 3520 5616">
     <span class='ocr_line' id='line_1_115' title="bbox 1998 5538 3520 5616; baseline -0.009 -16"><span class='ocrx_word' id='word_1_903' title='bbox 1998 5563 2060 5600; x_wconf 88' lang='lat' dir='ltr'><strong>ea</strong></span> <span class='ocrx_word' id='word_1_904' title='bbox 2107 5563 2286 5616; x_wconf 88' lang='lat' dir='ltr'><strong>neque</strong></span> <span class='ocrx_word' id='word_1_905' title='bbox 2314 5548 2589 5600; x_wconf 79' lang='lat' dir='ltr'><strong>cohzercre</strong></span> <span class='ocrx_word' id='word_1_906' title='bbox 2619 5560 2797 5613; x_wconf 88' lang='lat' dir='ltr'><strong>neque</strong></span> <span class='ocrx_word' id='word_1_907' title='bbox 2824 5558 3124 5613; x_wconf 86' lang='lat' dir='ltr'><strong>congruere</strong></span> <span class='ocrx_word' id='word_1_908' title='bbox 3152 5538 3520 5595; x_wconf 85' lang='lat' dir='ltr'><strong>constabiliet.</strong></span> 
     </span>
    </p>
   </div>
   <div class='ocr_carea' id='block_1_116' title="bbox 322 5627 3557 5716">
    <p class='ocr_par' dir='ltr' id='par_1_116' title="bbox 322 5627 3557 5716">
     <span class='ocr_line' id='line_1_116' title="bbox 322 5627 3557 5716; baseline -0.005 -16"><span class='ocrx_word' id='word_1_909' title='bbox 322 5651 350 5700; x_wconf 86' lang='grc' dir='ltr'><strong>ό</strong></span> <span class='ocrx_word' id='word_1_910' title='bbox 387 5648 442 5699; x_wconf 77' lang='grc' dir='ltr'><strong>δὲ</strong></span> <span class='ocrx_word' id='word_1_911' title='bbox 475 5646 688 5716; x_wconf 79' lang='grc' dir='ltr'><strong>πρῶτος</strong></span> <span class='ocrx_word' id='word_1_912' title='bbox 722 5649 802 5697; x_wconf 79' lang='grc' dir='ltr'><strong>ἐνὶ</strong></span> <span class='ocrx_word' id='word_1_913' title='bbox 829 5645 905 5715; x_wconf 81' lang='grc' dir='ltr'><strong>τῷ</strong></span> <span class='ocrx_word' id='word_1_914' title='bbox 964 5647 1117 5714; x_wconf 80' lang='grc' dir='ltr'><strong>μέρει</strong></span> <span class='ocrx_word' id='word_1_915' title='bbox 1149 5643 1369 5704; x_wconf 82' lang='grc' dir='ltr'><strong>διπλοῦς</strong></span> <span class='ocrx_word' id='word_1_916' title='bbox 1403 5642 1477 5694; x_wconf 81' lang='grc' dir='ltr'><strong>ὢν</strong></span> <span class='ocrx_word' id='word_1_917' title='bbox 1509 5643 1885 5710; x_wconf 76' lang='grc' dir='ltr'><strong>ἠλλοτρίωται.</strong></span> <span class='ocrx_word' id='word_1_918' title='bbox 1930 5643 2004 5694; x_wconf 75' lang='grc' dir='ltr'><strong>Οὐ</strong></span> <span class='ocrx_word' id='word_1_919' title='bbox 2033 5643 2139 5709; x_wconf 79' lang='grc' dir='ltr'><strong>γὰρ</strong></span> <span class='ocrx_word' id='word_1_920' title='bbox 2195 5642 2368 5710; x_wconf 82' lang='grc' dir='ltr'><strong>δήπου</strong></span> <span class='ocrx_word' id='word_1_921' title='bbox 2417 5641 2619 5709; x_wconf 63' lang='grc' dir='ltr'><strong>πέμψις</strong></span> <span class='ocrx_word' id='word_1_922' title='bbox 2686 5640 2814 5692; x_wconf 64' lang='lat' dir='ltr'><strong>Tini</strong></span> <span class='ocrx_word' id='word_1_923' title='bbox 2874 5638 3022 5701; x_wconf 78' lang='grc' dir='ltr'><strong>παρά</strong></span> <span class='ocrx_word' id='word_1_924' title='bbox 3077 5627 3170 5688; x_wconf 78' lang='grc' dir='ltr'><strong>τοῦ</strong></span> <span class='ocrx_word' id='word_1_925' title='bbox 3220 5632 3557 5701; x_wconf 82' lang='grc' dir='ltr'><strong>Μονογενοῦς</strong></span> 
     </span>
    </p>
   </div>
   <div class='ocr_carea' id='block_1_117' title="bbox 327 5723 3556 5806">
    <p class='ocr_par' dir='ltr' id='par_1_117' title="bbox 327 5723 3556 5806">
     <span class='ocr_line' id='line_1_117' title="bbox 327 5723 3556 5806; baseline -0.005 -16"><span class='ocrx_word' id='word_1_926' title='bbox 327 5740 598 5806; x_wconf 70' lang='grc' dir='ltr'><strong>οὐδαμῶς.</strong></span> <span class='ocrx_word' id='word_1_927' title='bbox 636 5739 695 5790; x_wconf 77' lang='lat' dir='ltr'><strong>Et</strong></span> <span class='ocrx_word' id='word_1_928' title='bbox 719 5740 775 5789; x_wconf 82' lang='grc' dir='ltr'><strong>δέ</strong></span> <span class='ocrx_word' id='word_1_929' title='bbox 801 5757 881 5798; x_wconf 76' lang='grc' dir='ltr'><strong>τις</strong></span> <span class='ocrx_word' id='word_1_930' title='bbox 907 5741 1020 5792; x_wconf 65' lang='grc' dir='ltr'><strong>λρεί</strong></span> <span class='ocrx_word' id='word_1_931' title='bbox 1044 5738 1180 5805; x_wconf 52' lang='lat' dir='ltr'><strong>trib:</strong></span> <span class='ocrx_word' id='word_1_932' title='bbox 1201 5736 1294 5788; x_wconf 80' lang='grc' dir='ltr'><strong>τὸν</strong></span> <span class='ocrx_word' id='word_1_933' title='bbox 1323 5738 1536 5801; x_wconf 83' lang='grc' dir='ltr'><strong>Πατέρα</strong></span> <span class='ocrx_word' id='word_1_934' title='bbox 1565 5737 1661 5801; x_wconf 76' lang='grc' dir='ltr'><strong>μὲν</strong></span> <span class='ocrx_word' id='word_1_935' title='bbox 1691 5738 1896 5802; x_wconf 61' lang='grc' dir='ltr'><strong>ἀφορᾷ-θ</strong></span> <span class='ocrx_word' id='word_1_936' title='bbox 1937 5736 2026 5788; x_wconf 82' lang='grc' dir='ltr'><strong>τὸν</strong></span> <span class='ocrx_word' id='word_1_937' title='bbox 2053 5736 2284 5802; x_wconf 76' lang='grc' dir='ltr'><strong>πρῶτον,</strong></span> <span class='ocrx_word' id='word_1_938' title='bbox 2316 5735 2448 5800; x_wconf 66' lang='grc' dir='ltr'><strong>τερος</strong></span> <span class='ocrx_word' id='word_1_939' title='bbox 2509 5733 2594 5787; x_wconf 78' lang='grc' dir='ltr'><strong>τὸν</strong></span> <span class='ocrx_word' id='word_1_940' title='bbox 2627 5733 2752 5784; x_wconf 63' lang='lat' dir='ltr'><strong>Tib-2</strong></span> <span class='ocrx_word' id='word_1_941' title='bbox 2782 5731 2834 5782; x_wconf 74' lang='grc' dir='ltr'><strong>δὲ</strong></span> <span class='ocrx_word' id='word_1_942' title='bbox 2866 5731 2952 5781; x_wconf 61' lang='grc' dir='ltr'><strong>τιν</strong></span> <span class='ocrx_word' id='word_1_943' title='bbox 2981 5729 3251 5798; x_wconf 68' lang='grc' dir='ltr'><strong>δεύτερον,</strong></span> <span class='ocrx_word' id='word_1_944' title='bbox 3297 5726 3352 5778; x_wconf 83' lang='grc' dir='ltr'><strong>τὸ</strong></span> <span class='ocrx_word' id='word_1_945' title='bbox 3377 5723 3556 5792; x_wconf 73' lang='grc' dir='ltr'><strong>ἀσύμο</strong></span> 
     </span>
    </p>
   </div>
   <div class='ocr_carea' id='block_1_118' title="bbox 327 5831 1965 5899">
    <p class='ocr_par' dir='ltr' id='par_1_118' title="bbox 327 5831 1965 5899">
     <span class='ocr_line' id='line_1_118' title="bbox 327 5831 1965 5899; baseline -0.002 -16"><span class='ocrx_word' id='word_1_946' title='bbox 327 5833 489 5890; x_wconf 75' lang='grc' dir='ltr'><strong>σατον</strong></span> <span class='ocrx_word' id='word_1_947' title='bbox 521 5834 851 5892; x_wconf 64' lang='grc' dir='ltr'><strong>ἐπικυρώσῃ</strong></span> <span class='ocrx_word' id='word_1_948' title='bbox 892 5838 955 5899; x_wconf 62' lang='grc' dir='ltr'><strong>τῇ.</strong></span> <span class='ocrx_word' id='word_1_949' title='bbox 989 5834 1076 5884; x_wconf 67' lang='lat' dir='ltr'><strong>to)</strong></span> <span class='ocrx_word' id='word_1_950' title='bbox 1114 5834 1272 5896; x_wconf 70' lang='grc' dir='ltr'><strong>λόγον</strong></span> <span class='ocrx_word' id='word_1_951' title='bbox 1306 5831 1448 5881; x_wconf 61' lang='grc' dir='ltr'><strong>[δάκει</strong></span> <span class='ocrx_word' id='word_1_952' title='bbox 1483 5835 1563 5883; x_wconf 60' lang='grc' dir='ltr'><strong>γαπ</strong></span> <span class='ocrx_word' id='word_1_953' title='bbox 1594 5837 1965 5882; x_wconf 66' lang='grc' dir='ltr'><strong>όσνι-“.·ενοτρτον</strong></span> 
     </span>
    </p>
   </div>
  </div>
