4220 6444
707 375 838 443 1339

1919 379 2170 438 GEORG
2187 377 2240 434 Il
2281 376 2740 441 ΜΕΤΟΕΗΙΤΑΞ

3801 373 3935 438 1310

771 489 857 542 10.
912 488 1277 544 Nihilominus
1317 491 1467 545 hisce
1513 491 1794 557 neglectis,
1850 490 1917 543 ad
1971 487 2115 557 quod
2170 486 2262 556 qui
2298 491 2340 545 Α

2298 491 2340 545 Α
2442 493 2493 540 ι’.
2537 487 2725 558 Ὅμως
2762 488 2902 541 αὑτά
2938 488 3275 557 παριδόντες,
3337 489 3428 542 καὶ
3463 487 3595 557 πρὸ,
3626 486 3654 539 ὃ
3684 503 3939 538 κατεπει-

698 579 896 631 similia
931 580 1130 634 eﬂ‘atur
1161 584 1502 635 contendens
1539 584 1809 645 decertat,
1851 581 1989 634 illud
2028 581 2264 648 probare

701 665 908 731 volens,
954 684 1131 737 neque
1181 687 1244 724 ex
1298 671 1456 731 Filio,
1514 687 1689 740 neque
1726 687 1820 739 per
1878 671 2075 724 Filium
2137 685 2262 723 esse

698 757 984 826 Spiritum,
1022 761 1264 815 animum
1300 763 1666 827 intendentes,
1705 763 1792 815 hic
1823 777 2039 831 quoque
2070 763 2266 814 adver-

700 864 795 902 sus
861 850 1037 914 ipsum
1096 863 1416 922 argumenta
1475 868 1626 906 more
1699 863 1888 907 nostro
1949 852 2260 920 conquisita

699 957 1056 1010 apponemus.
1081 946 1216 998 Cum
1241 946 1385 999 enim
1410 945 1654 1008 dixisset,
1695 965 1712 996 ι
1745 947 1813 999 ab
1843 944 1949 998 alio
1966 945 2263 1012 accipiens,

701 1041 786 1087 vel
820 1050 848 1087 α
882 1035 1066 1104 seipso
1096 1038 1323 1101 habens,
1361 1055 1378 1086 ι
1418 1037 1568 1092 hisce
1587 1047 1777 1092 contra
1807 1037 2081 1092 subinl'ert
2109 1055 2120 1090 :
2147 1056 2164 1087 ι
2199 1036 2265 1089 Ει

702 1127 923 1179 mittunt
957 1130 1160 1182 solares
1213 1129 1348 1182 radii
1375 1131 1440 1182 ad
1473 1144 1573 1183 nos
1602 1130 1807 1191 lumen,
1842 1145 1872 1182 ιι
1909 1129 2022 1183 sole
2068 1145 2266 1198 nempe

701 1217 832 1271 illud
852 1218 1147 1274 habentes.
1186 1239 1204 1271 ι
1243 1220 1369 1276 llaec
1411 1237 1576 1290 porro
1616 1222 1683 1275 ad
1731 1220 1926 1276 Filium
1965 1222 2267 1290 respicien-

701 1317 808 1361 tem
863 1310 1069 1376 dicere,
1133 1311 1235 1366 hac
1294 1313 1616 1366 inductione
1653 1329 1816 1382 quam
1865 1315 1919 1366 in
1953 1315 2262 1383 exemplum

700 1397 879 1463 aiTert,
937 1401 1111 1468 palam
1149 1413 1252 1458 est.
1309 1403 1524 1456 Etenim
1580 1404 1624 1458 si
1672 1404 1923 1471 accipere
1959 1404 2154 1458 Filium
2200 1406 2266 1458 ab

699 1490 827 1552 alio,
881 1492 984 1547 hoc
1014 1504 1094 1547 est
1148 1496 1331 1559 Patre,
1381 1495 1646 1564 Spiritum
1697 1506 1948 1550 sanctum
1986 1512 2262 1558 asserens,

703 1584 1005 1638 secundum
1041 1585 1349 1640 divinarum
1399 1589 1807 1657 Scripturarum
1861 1589 2269 1657 interpretatio-

701 1687 799 1728 nes
858 1685 1148 1739 assereret,
1184 1693 1303 1746 quae
1360 1679 1625 1748 quidquid
1668 1694 1737 1734 ex
1777 1679 1915 1734 Filio
1946 1689 2002 1734 et
2028 1696 2124 1748 per
2176 1678 2267 1732 Fi-

702 1762 834 1817 lium
875 1765 1097 1830 dicitur,
1163 1777 1276 1822 tum
1339 1770 1406 1823 de
1457 1769 1699 1825 increata
1754 1780 1810 1826 et
1861 1770 2265 1840 supernaturali

702 1857 937 1924 Spiritus
964 1857 1268 1927 hypostasi,
1308 1871 1419 1915 tuin
1459 1862 1527 1916 de
1557 1877 1740 1915 rerum
1785 1861 1994 1915 {actura
2025 1871 2080 1915 et
2109 1878 2269 1916 crea-

702 1948 849 2003 tione
909 1949 977 2003 ad
1031 1950 1248 2005 Patrem
1281 1954 1514 2021 primam
1540 1968 1782 2015 causam,
1830 1963 1888 2007 et
1920 1953 2182 2017 radicem,
2213 1965 2268 2009 et

701 2040 1059 2109 principalem
1125 2051 1180 2096 et
1213 2043 1528 2110 primariam
1592 2044 1860 2109 referunt,
1892 2059 2020 2098 eum
2051 2057 2106 2099 et
2138 2045 2268 2100 inde

702 2129 896 2184 Filium
930 2132 1108 2200 ipsum
1142 2134 1444 2189 subsistere
1483 2137 1556 2189 uti
1602 2134 1772 2189 Deum
1805 2152 1904 2205 par
1937 2136 2026 2200 sit,
2061 2146 2117 2190 et
2141 2146 2270 2191 ante

704 2224 900 2276 saecula
939 2226 1212 2288 intonant,
1243 2228 1545 2282 secundum
1579 2244 1712 2282 vero
1762 2228 2012 2283 ordinem
2071 2229 2268 2299 sempi-

703 2315 847 2367 terni
897 2316 1260 2386 hypostaseon
1319 2334 1659 2389 progressus,
1695 2329 1749 2374 et
1780 2321 1907 2374 inde
1937 2337 2001 2374 ex
2040 2331 2272 2388 utroque

702 2409 1078 2472 eonnatnrale,
1113 2411 1790 2481 essentialiterexsistere,
1825 2429 1890 2469 ex
1917 2413 2079 2468 Patre
2115 2430 2271 2470 nem-

704 2513 774 2568 pe
808 2514 904 2567 per
971 2500 1165 2554 Filium
1208 2504 1470 2570 tradunt;
1514 2505 1558 2560 si
1611 2507 1686 2560 ita
1748 2507 2151 2576 pronuntiaret,
2189 2522 2272 2560 me

705 2589 796 2641 ille
856 2601 1138 2660 praecepta:
1189 2593 1352 2646 nobis
1411 2594 1822 2664 Scripturarum
1883 2597 2271 2665 perquisitioni

705 2680 1016 2736 inhaereret.
1070 2681 1460 2738 Verumtamen
1530 2702 1653 2740 cum
1710 2696 1944 2742 conatus
1993 2704 2121 2743 suos
2166 2690 2274 2744 alio

704 2783 1008 2839 convertat,
1037 2784 1092 2828 et
1123 2775 1272 2829 hisce
1293 2778 1604 2845 oppositum
1627 2777 1905 2834 insinuet:
1940 2798 1957 2830 ι
1995 2777 2061 2832 Ει
2085 2779 2273 2844 mittit,

704 2865 800 2924 ait,
858 2863 1197 2919 Paracletum
1234 2866 1560 2936 Unigenitus
1595 2879 1883 2939 acceptum
1937 2871 2005 2924 ab
2030 2872 2157 2935 alio,
2187 2887 2279 2926 nec

705 2971 812 3024 que
841 2974 904 3009 ex
941 2957 1083 3025 ipso,
1117 2973 1294 3027 neque
1326 2975 1423 3028 per
1454 2961 1634 3029 ipsum
1665 2963 2070 3026 exsistentem,»
2107 2978 2137 3016 a
2169 2977 2275 3032 quo

707 3062 838 3100 vero
867 3050 1064 3119 accipit
1094 3051 1273 3114 Patre,
1312 3052 1432 3105 solo
1463 3067 1683 3121 nempe,
1723 3053 1986 3122 Spiritum
2021 3069 2274 3109 commu-

2369 577 2595 644 γόμενος
2617 579 2644 629 ό
2677 577 2851 631 ταῦτα
2876 579 3072 646 φωνῶν
3101 579 3420 648 ἁμιλλᾶται,
3465 581 3730 646 συστῆσαι
3773 576 3942 629 θέλων

2371 665 2497 734 μήτ’
2529 667 2586 730 ἐξ
2616 665 2768 729 Υίοῦ,
2809 672 2946 736 μήτε
2977 668 3043 720 δι’
3073 667 3201 720 Υίοῦ
3233 669 3293 719 τὸ
3323 666 3549 736 Πνεῦμα
3585 665 3936 728 σκοποῦντες,

2369 756 2760 826 παραθήσομεν
2805 757 3086 811 κάνταῦθα
3126 760 3253 820 τοὺς
3287 758 3546 826 ἐλέγχους
3572 756 3695 810 ὅθεν
3725 756 3942 808 εἰώθει-

2371 862 2490 913 μεν.
2519 844 2699 898 Εἰπὼν
2726 846 2858 915 γὰρ,
2905 865 2923 898 ι
2963 847 3091 917 παρ’
3147 846 3310 900 ἄλλου
3340 845 3541 906 λαϐὼν,
3568 844 3600 912 ἢ
3651 842 3748 895 καὶ
3777 841 3943 901 αὑτὶς

2367 934 2528 1003 ἔχων,
2582 954 2601 986 ι
2644 935 2912 1006 σύντροχα
2965 937 3179 1000 τούτοις
3223 937 3456 1003 ἐπάγειο
3495 953 3513 986 ι
3547 935 3652 988 Καὶ
3678 932 3946 986 ἀποστέλ-

2367 1027 2548 1080 λουσιν
2577 1028 2634 1081 αί
2666 1031 2884 1092 ἀκτῖνες
2937 1028 3031 1081 τοῦ
3071 1029 3221 1099 ἡλίου
3272 1028 3467 1097 μέχρις
3517 1026 3676 1095 ἡμῶν
3706 1026 3766 1078 τὸ
3796 1025 3944 1092 φῶςο

2368 1122 2518 1190 παρὰ
2566 1119 2661 1172 τοῦ
2719 1121 2868 1190 ἡλίου
2929 1119 3174 1189 δηλονότι
3206 1120 3340 1172 αὐτὸ
3368 1119 3613 1188 ἔχουσαι.
3657 1136 3676 1168 ι
3717 1119 3840 1170 Ὀτι
3882 1117 3945 1168 δὲ

2367 1215 2501 1281 πρός
2520 1212 2610 1263 τὸν
2635 1211 2760 1264 Υἱόν
2785 1213 3074 1282 ἀναφέρων
3101 1211 3275 1265 ταῦτά
3300 1228 3483 1282 φησιν,
3512 1211 3577 1263 ὲκ
3597 1210 3699 1289 τῆς
3723 1211 3947 1275 έπαγωυ

2366 1307 2467 1373 γῆς
2496 1305 2653 1376 τῆσδε
2683 1305 2844 1374 δῆλόν
2879 1305 2996 1357 ἐστι
3028 1304 3230 1374 μᾶλλον
3258 1304 3359 1373 τῆς
3395 1301 3942 1371 παραδειγμτικῆς.
4023 1356 4026 1357 ν

2369 1397 2428 1447 El
2463 1395 2645 1463 μέντοι
2693 1395 2754 1447 τὸ
2789 1395 2975 1448 λαϐεῖν
3008 1395 3099 1447 τὸν
3134 1395 3263 1447 Υιδν
3313 1391 3445 1464 παρ’
3470 1393 3654 1456 ἄλλου,
3688 1393 3942 1446 τουτέστι

2366 1488 2459 1540 τοῦ
2488 1488 2718 1556 Πατρός,
2741 1472 2962 1556 Πνεῦμα
2985 1488 3047 1541 τὸ
3073 1488 3216 1540 θεῖον
3237 1487 3434 1552 λέγων,
3457 1485 3599 1538 κατὰ
3624 1484 3720 1548 τὰς
3739 1484 3949 1550 ἐκφανι

2367 1581 2550 1648 topia:
2593 1579 2823 1648 Γραφῶν
2849 1578 2955 1630 τῶν
2988 1579 3150 1632 Θείων
3207 1578 3420 1648 ἑωρᾶτο
3456 1577 3706 1644 φάσκων,
3741 1574 3798 1628 αἲ
3832 1575 3948 1625 πᾶν

2366 1671 2396 1724 ὅ
2436 1689 2488 1724 τι
2518 1688 2624 1741 περ
2649 1671 2708 1735 ἐξ
2742 1669 2872 1724 Υἱοῦ
2905 1669 3001 1724 καὶ
3036 1670 3105 1723 δι’
3138 1669 3268 1724 Υιοῦ
3297 1669 3591 1737 λεγόμενον
3637 1667 3728 1719 ἐπί
3755 1682 3815 1718 τε
3841 1665 3946 1732 τῆς

2370 1764 2624 1817 ἀκτίστου
2650 1765 2743 1816 καὶ
2763 1762 3078 1834 ὑπερφυοῦς
3107 1763 3202 1816 τοῦ
3227 1760 3542 1828 Πνεῦματος
3565 1759 3944 1820 ὑποστάσεως,

2371 1857 2462 1908 ἐπί
2494 1872 2552 1908 τε
2583 1858 2683 1926 τῆς
2715 1855 2824 1909 τῶν
2847 1857 3015 1909 ὄντων
3069 1854 3433 1924 δημιουργίας
3463 1853 3558 1906 καὶ
3603 1849 3832 1910 κτίσεως
3864 1850 3948 1910 είς

2369 1948 2471 2016 τὴν
2522 1947 2748 2018 πρώτην
2781 1949 2962 2002 αἰτίαν
2997 1946 3090 2000 τὸν
3120 1946 3344 2015 Πατέρα
3369 1944 3464 1996 καὶ
3505 1942 3603 2012 τὴν
3633 1941 3814 2012 ῥίζαν,
3849 1942 3949 1993 καὶ

2370 2043 2432 2093 τὸ
2482 2040 2711 2110 ἀρχικὸν
2770 2040 2965 2104 αῐτιον,
3007 2043 3102 2093 καὶ
3157 2038 3221 2091 τὸ
3271 2033 3746 2106 προκαταρκτικὸν
3772 2033 3950 2085 αίτιον

2372 2132 2756 2202 ἀναφέρουσιν,
2790 2130 2912 2183 ἐπεὶ
2943 2130 3037 2184 καὶ
3066 2129 3197 2182 αὑτὸ
3250 2129 3310 2181 τδ
3337 2127 3430 2179 τὸν
3483 2127 3611 2178 Υίδν
3646 2123 3948 2190 ὑφεστάναι

2374 2222 2693 2290 θεοπρεπῶς
2715 2222 2923 2275 ἐκεῖθεν
2951 2223 3046 2274 καὶ
3077 2220 3422 2289 προαιωνίως
3449 2215 3946 2286 ἀνακηρύττουσιν,

2373 2316 2516 2367 κατὰ
2542 2314 2599 2368 δὲ
2625 2316 2725 2384 τὴν
2755 2314 2910 2380 τάξιν
2937 2313 3038 2382 τῆς
3069 2313 3241 2366 ἀϊδίου
3289 2311 3519 2382 προόδου
3568 2310 3678 2363 τῶν
3703 2309 3948 2361 ὑποστά-

2377 2422 2535 2469 σεων,
2587 2405 2682 2458 καὶ
2709 2404 2809 2473 τὴν
2857 2404 3106 2457 ἐντεῦθεν
3132 2403 3312 2456 αὐτῶν
3339 2403 3619 2470 συμφυΐαν
3645 2400 3705 2464 ἐξ
3741 2401 3950 2467 ἀμφοῖν

2374 2497 2646 2558 οὑσιωδῶς
2678 2497 2966 2566 ὑπάρχειν,
3026 2495 3194 2566 ἤγουν
3246 2497 3310 2548 ὲκ
3363 2494 3573 2564 Πατρός
3599 2491 3665 2546 δι’
3710 2492 3839 2544 Υίοῦ
3889 2493 3951 2545 τδ

2377 2591 2602 2661 Πνεῦμα
2626 2591 3015 2662 παραδιδόασιν
3033 2607 3048 2622 ο
3070 2591 3120 2642 εἱ
3139 2589 3281 2642 οῦτω
3303 2587 3636 2656 διαγγέλλων
3657 2590 3947 2655 ἐτύγχανε,

2374 2684 2473 2754 τῆς
2497 2684 2892 2751 ὲντεταλμένης
2921 2681 3204 2752 γραφικῆς
3244 2679 3469 2749 ἐρεύνης
3517 2679 3635 2742 ὅλος
3669 2675 3734 2747 ἦν
3765 2678 3982 2762 ὲξεχόσ.

2380 2792 2558 2843 μενος.
2601 2776 2752 2828 Ἐπεὶ
2788 2775 2927 2828 δὲτὸ
2959 2773 3397 2838 σπουδαζόμενον
3440 2772 3582 2826 κατά
3609 2788 3671 2837 γε
3699 2772 3758 2822 τὸ
3785 2773 3947 2822 ὲνανσ

2374 2868 2509 2932 τίον,
2548 2886 2565 2918 ι
2602 2867 2708 2919 Καὶ
2761 2866 2993 2934 πέμπει,
3041 2885 3059 2918 ι
3121 2867 3279 2935 φησὶ,
3346 2882 3365 2916 ι
3401 2867 3489 2916 τὸν
3539 2863 3893 2932 Παράκλητον
3923 2864 3953 2914 6

2377 2960 2688 3028 Μονογενὴς
2733 2961 2865 3029 παρ’
2895 2959 3056 3013 ἄλλου
3088 2958 3290 3015 λαϐὼν,
3323 2955 3450 3024 μήτ’
3501 2954 3561 3019 ἐξ
3590 2952 3778 3016 αὑτοῦ,
3813 2953 3952 3020 μήτε

2378 3051 2445 3102 δι’
2472 3051 2636 3104 αὑτοῦ
2663 3052 2815 3112 ὄντα,
2857 3070 2875 3102 ι
2913 3044 3045 3120 παρ’
3092 3041 3153 3102 οὗ
3184 3049 3240 3101 δὲ
3271 3047 3538 3114 λαμϐάνει
3592 3045 3688 3098 τοῦ
3739 3045 3951 3113 Πατρός

713 3154 836 3192 nem
861 3154 982 3194 esse
1006 3149 1060 3194 et
1080 3142 1359 3211 proprium
1380 3143 1460 3197 uti
1484 3143 1659 3197 Patris
1689 3145 1762 3197 ita
1781 3147 1836 3199 et
1865 3144 2010 3210 Filii,
2042 3160 2276 3214 quorum
2305 3168 2348 3226 (ε

2305 3168 2348 3226 c
2385 3143 2570 3212 μόνου,
2608 3143 2669 3195 τὸ
2696 3143 2794 3211 μὲν
2822 3142 3000 3197 κοινὸν
3033 3138 3172 3194 εἶναι
3200 3141 3294 3192 καὶ
3323 3138 3454 3190 ἴδιον
3484 3137 3558 3198 ὼς
3584 3135 3678 3188 τοῦ
3711 3136 3952 3202 Πατρός,

715 3234 1093 3300 arceptionem
1131 3245 1184 3288 et
1215 3235 1637 3304 explicationem
1673 3250 1835 3306 supra
1870 3237 2030 3290 allata
2052 3236 2276 3292 Patrum

714 3326 860 3381 dicta
883 3328 1256 3392 manilestant,
1279 3331 1454 3384 modis
1475 3330 1732 3386 omnibus
1757 3332 1980 3402 relegat,
2009 3343 2065 3386 ut
2081 3335 2279 3389 servile

717 3420 1082 3473 ministerium
1114 3421 1389 3488 complere
1419 3420 1614 3476 Filium
1649 3439 1874 3479 necesse
1910 3425 2000 3489 sit,
2038 3435 2093 3479 et
2143 3426 2276 3480 aliev

712 3526 843 3564 num
907 3512 975 3565 ab
1028 3512 1149 3580 ipso
1205 3514 1473 3581 Spiritum
1536 3529 1681 3578 esse,
1745 3532 1977 3584 quorum
2035 3518 2278 3586 ineptum

710 3617 873 3670 atque
930 3605 1227 3658 absurdum
1285 3607 1491 3660 dictum
1535 3609 1680 3662 dicta
1741 3609 2031 3663 doctorum
2091 3621 2281 3679 aperte

711 3697 1070 3763 redarguunt,
1123 3698 1299 3765 palam
1353 3699 1701 3763 comprobat,
1762 3712 1817 3754 et
1871 3702 1959 3754 vix
2012 3701 2278 3770 Spiritum

711 3801 834 3838 esse
867 3784 1003 3838 Filio
1033 3787 1309 3851 concedit,
1346 3787 1475 3840 dum
1511 3789 1608 3852 ait,
1647 3808 1665 3840 ι
1702 3799 1798 3842 aut
1827 3790 1942 3859 ipse
1987 3792 2216 3855 habens,
2255 3811 2273 3843 ι

715 3893 826 3931 non
878 3895 1032 3945 aequa
1098 3887 1280 3934 tamen
1340 3881 1574 3945 ratione,
1635 3884 1730 3936 sed
1774 3884 1992 3938 diverso
2054 3886 2280 3939 modoa

713 3970 897 4034 Patre,
935 3970 1064 4025 illud
1103 3991 1122 4023 ι
1159 3988 1222 4026 ex
1261 3971 1398 4026 Filio
1440 3992 1459 4024 ο
1495 3984 1547 4028 et
1588 3992 1606 4025 ι
1649 3990 1746 4043 per
1770 3975 1967 4029 Filium
2000 3995 2018 4026 ι
2057 3978 2282 4033 omnino

713 4064 1036 4124 atuandans,
1063 4075 1123 4118 ut
1160 4067 1460 4135 ineptiebat
1489 4067 1772 4123 Nestorius
1808 4070 1976 4123 Deum
2011 4083 2066 4125 et
2099 4073 2282 4126 homi-

713 4172 837 4209 nem
869 4168 1060 4210 natura
1093 4159 1354 4222 Verbum,
1377 4159 1639 4236 deiferum
1676 4162 1948 4216 hominem
1977 4166 2280 4232 appellans,

713 4247 872 4315 cujus
896 4262 1112 4317 quoque
1143 4251 1265 4302 [idei
1293 4251 1609 4320 Symbolum
1660 4255 1893 4320 prepriaa
1921 4264 2086 4308 sectae
2126 4271 2284 4325 repe-

717 4341 855 4393 ritur
913 4342 981 4393 ab
1017 4341 1210 4396 eodem
1259 4344 1540 4400 traditum.
1605 4355 1664 4397 ut
1691 4347 1945 4398 edicatur
1976 4346 2044 4398 ah
2094 4347 2159 4398 iis
2189 4348 2280 4414 qui

719 4430 786 4482 ad
821 4445 1036 4483 sacrum
1091 4432 1365 4485 lavacrum
1415 4432 1703 4496 accedunt,
1744 4444 1768 4484 ἱ
1796 4449 1974 4504 neque
2020 4450 2084 4488 ex
2123 4435 2280 4496 Filio,

719 4537 897 4590 neque
950 4539 1047 4590 per
1109 4523 1328 4589 Filium,
1378 4543 1394 4574 ι
1437 4539 1634 4577 sonore
1696 4526 1964 4590 clamans,
2017 4529 2282 4581 adversus

719 4626 878 4679 quem
910 4614 1250 4666 contendens
1283 4629 1312 4665 a
1347 4612 1456 4666 Deo
1498 4614 1834 4683 glorificatus
1867 4616 2117 4685 Cyrillus,
2153 4618 2282 4670 dum

719 4718 785 4754 ex
819 4701 955 4757 Filio
1007 4704 1274 4773 Spiritum
1327 4707 1606 4774 profundi,
1658 4718 1889 4777 etesse,
1931 4717 1984 4761 et
2019 4710 2286 4763 exsistere

717 4793 978 4858 disputat,
1011 4794 1187 4862 palam
1230 4807 1525 4866 aperteque
1555 4779 1845 4859 subinl‘ert,
1886 4814 1904 4846 ι
1950 4797 2140 4850 eadem
2173 4799 2286 4866 ipsa

717 4885 950 4945 ratione,
983 4901 1087 4953 qua
1121 4903 1148 4938 a
1181 4888 1292 4940 Deo
1329 4898 1382 4941 et
1412 4887 1591 4942 Patre.
1634 4909 1652 4939 ι
1692 4888 1800 4942 Sed
1845 4889 2108 4959 neglectis
2135 4889 2287 4944 hisce

717 4989 838 5043 quae
858 4974 1089 5029 fusiores
1118 4992 1400 5032 sermones
1435 4989 1760 5048 exposcunt,
1791 4979 1858 5032 ad
1889 4979 2286 5033 concedentem

718 5081 890 5126 nunc,
938 5083 956 5115 ι
996 5066 1258 5135 Spiritum
1288 5069 1500 5124 etiama
1532 5070 1670 5123 Filio
1700 5069 1911 5130 haberi,
1943 5069 2036 5122 sed
2070 5069 2286 5123 diversa

724 5159 935 5212 ratione
987 5173 1016 5211 a
1053 5158 1232 5223 Patre,
1272 5179 1290 5211 ι
1329 5177 1394 5215 ex
1455 5161 1727 5230 proxime,
1775 5169 1833 5213 ut
1885 5161 2144 5222 diximus,
2196 5175 2290 5213 su-

724 5263 931 5316 praque
969 5249 1229 5317 appositis
1286 5251 1447 5304 dictis
1479 5251 1802 5320 theologicis
1835 5266 2007 5320 pauca
2041 5251 2289 5319 quaedam

723 5338 778 5391 in
842 5341 1154 5392 memoriam
1214 5343 1553 5409 redigantur,
1617 5358 1738 5411 qua:
1787 5343 1948 5411 plane
2013 5342 2286 5396 clamant:

731 5448 749 5479 ι
797 5429 890 5483 Dei
924 5440 979 5483 et
1009 5431 1184 5488 Patris
1219 5435 1550 5486 naturalium
1605 5433 1876 5487 bonorum
1926 5431 2291 5484 essentialiter

725 5521 994 5576 exsistens
1026 5523 1195 5578 leius
1232 5526 1525 5594 particeps,
1589 5526 1754 5579 habet
1785 5524 2049 5593 Spiritum
2077 5539 2142 5577 eo
2174 5523 2293 5591 ipso

727 5616 912 5681 modo,
947 5619 1425 5697 qtiocriritelligitur
1485 5618 1646 5671 Pater
1701 5618 1924 5671 habere.
1965 5636 1982 5668 ι
2024 5616 2290 5669 Praeterea

725 5711 1018 5779 myslagogi
1043 5705 1168 5778 ἰιιιί
1217 5711 1333 5765 ha:c
1360 5713 1612 5781 explanat
1641 5729 1702 5764 ex
1741 5710 1809 5764 iis
1845 5726 1967 5778 qua:
2017 5725 2179 5777 supra
2211 5716 2294 5758 at-

728 5801 968 5869 tulimus,
1033 5818 1198 5859 ununi
1262 5814 1390 5859 tunc
1450 5806 1783 5867 pmteritum
1844 5802 2085 5862 silentio,
2146 5814 2290 5853 nunc

2381 3233 2523 3288 οὕτω
2553 3235 2648 3286 καὶ
2693 3235 2787 3286 τοῦ
2844 3233 2975 3287 Υίοῦ
3017 3234 3078 3285 τδ
3128 3231 3371 3300 Πνεῦμα,
3405 3226 3480 3283 ὧν
3510 3229 3607 3299 τὴν
3641 3228 3805 3298 λῆψιν
3857 3228 3954 3279 καὶ

2380 3326 2747 3393 διευκρίνησιν
2781 3326 2836 3378 αι
2886 3324 3144 3393 ἀνωτέρω
3193 3322 3510 3390 τεθειμέναι
3553 3320 3817 3388 πατρικαὶ
3853 3319 3954 3385 ρή-

2384 3435 2497 3480 σεις
2535 3415 2906 3486 διατρανοῦσι,
2951 3414 3298 3467 παντάπασιν
3326 3410 3638 3473 ἀπελαύνει,
3673 3410 3734 3460 τὸ
3755 3409 3810 3460 δὲ
3837 3411 3955 3460 6:;-

2382 3509 2602 3577 κονικὴν
2651 3506 3005 3575 ἀποπληροῦν
3034 3506 3124 3558 τὸν
3163 3505 3288 3556 Υίὸν
3321 3504 3532 3571 χρείαν,
3575 3503 3666 3554 καὶ
3700 3499 3761 3551 τὸ
3795 3498 3956 3553 ἁλλό-

2381 3617 2530 3669 τριον
2563 3599 2728 3653 αὑτοῦ
2750 3599 2812 3651 τὸ
2849 3597 3072 3666 Πνεῦμα
3105 3595 3459 3654 καθεστάναι,
3481 3586 3556 3646 ὧν
3597 3593 3693 3662 τὴν
3724 3594 3957 3646 ἀτοπίαν

2382 3693 2462 3752 εἰς
2490 3691 2707 3762 ἔλεγχον
2739 3692 2796 3744 αἱ
2823 3690 2987 3743 αὑταὶ
3013 3687 3390 3741 διδασκαλικαὶ
3431 3684 3726 3754 φανεροῦσι
3758 3686 3958 3752 Θεηγο-

2385 3784 2520 3856 ρίαι,
2550 3784 2863 3854 συνίστησιν
2894 3781 3164 3852 ἐναργῶς,
3207 3780 3358 3848 μόλις
3389 3778 3434 3831 δ’
3460 3778 3606 3847 ἔχειν
3639 3778 3698 3830 τὸ
3731 3777 3958 3846 Πνεῦμα

2384 3881 2478 3931 καὶ
2504 3877 2593 3929 τὸν
2615 3877 2744 3930 Υίόν
2776 3877 3052 3946 συγχωρεῖ
3075 3872 3272 3940 λέγων,
3313 3889 3333 3923 ι
3360 3870 3393 3939 ἢ
3426 3871 3521 3922 καὶ
3551 3869 3712 3930 αὑτὸς
3741 3869 3882 3937 έχων
3906 3887 3952 3921 'I

2385 3970 2524 4040 πλὴν
2543 3969 2638 4039 οὑχ
2671 3969 2894 4038 ὁμοίως,
2923 3966 3057 4018 ἀλλὰ
3087 3965 3182 4017 καὶ
3212 3961 3355 4016 οὕτω
3380 3961 3457 4031 τῷ
3486 3961 3658 4030 Πατρὶ
3687 3962 3958 4028 ἀνομοίως

2381 4063 2443 4115 τὸ
2471 4062 2530 4125 ἐξ
2558 4061 2686 4113 Υιοῦ
2718 4060 2812 4114 καὶ
2836 4058 2903 4110 δι’
2929 4056 3061 4110 Υίοῦ
3087 4056 3322 4124 πάμπαν
3346 4053 3763 4124 ἀπορραπίζων,
3789 4052 3960 4104 κιθά-

2383 4171 2489 4222 περ
2520 4150 2780 4221 ὲληρώδει
2813 4150 3131 4219 Νεστόριος,
3156 4146 3246 4200 τὸν
3275 4145 3438 4213 φύσει
3479 4142 3827 4214 Θεάιιθρωπον
3857 4145 3961 4196 Λό-

2383 4262 2479 4309 γον
2515 4245 2772 4311 θεοφόρον
2805 4240 3093 4309 ἄνθρωπον
3120 4237 3424 4306 ὀνομάζων,
3451 4226 3512 4287 οὗ
3548 4236 3642 4286 καὶ
3682 4233 3962 4300 Σύμϐολον

2384 4336 2608 4404 εὕρηται
2660 4335 2896 4396 πίστεως
2927 4333 3042 4392 τοῖς
3081 4329 3180 4398 τῆς
3239 4329 3446 4388 οἰκείας
3481 4326 3795 4394 συμμορίας
3825 4327 3964 4394 πρὸς

2384 4426 2575 4476 τούτου
2605 4424 3045 4493 παραδεδομένον
3078 4417 3372 4488 κηρύττειν
3398 4417 3456 4469 ὲν
3480 4414 3556 4484 τῷ
3581 4415 3691 4467 τῶν
3726 4433 3966 4486 προσερ-

2319 4520 2362 4572 D
2391 4517 2633 4586 χομένων
2657 4515 3014 4583 βαπτίσματι,
3051 4530 3070 4562 ι
3112 4513 3249 4579 μήτε
3270 4506 3331 4572 ἐξ
3357 4506 3508 4564 Υἱοῦ,
3529 4508 3666 4574 μήτε
3696 4506 3762 4557 δι’
3788 4509 3914 4558 Υἰοῦ
3943 4527 3957 4538 ·

2389 4610 2653 4676 διατόρως
2697 4604 3052 4674 άναφωνοῦν·
3101 4601 3236 4670 πρὸς
3288 4598 3347 4650 ὃν
3403 4599 3497 4650 καὶ
3550 4599 3579 4649 ό
3613 4597 3962 4660 θεοδόξαττος

2389 4701 2800 4768 ἀποτεινόμενος
2837 4696 3123 4765 Κύριλλος,
3155 4695 3214 4744 έν
3257 4688 3338 4753 οἷς
3372 4688 3432 4754 ἐξ
3476 4687 3605 4741 Υῑοῦ
3635 4689 3694 4739 τὸ
3736 4689 3962 4754 Πνεῦμα

2389 4794 2692 4863 προχεῖται,
2718 4794 2811 4844 καὶ
2837 4789 2976 4850 εστι,
2999 4789 3091 4839 καὶ
3119 4785 3355 4853 ὑπάρχει
3381 4782 3640 4847 Θεολογεῖ,
3663 4779 3963 4849 διαρρήδην

2393 4885 2599 4954 συχνῶς
2629 4883 2900 4950 ἐπιφέρει,
2953 4897 2971 4930 ι
3013 4876 3266 4944 καθάπερ
3292 4873 3482 4943 ἀμέλει
3509 4872 3656 4940 παρὰ
3695 4870 3790 4922 τοῦ
3826 4870 3962 4922 θεοῦ

2391 4978 2485 5030 καὶ
2543 4974 2774 5044 Πατρός.
2839 4991 2857 5023 ι
2923 4969 3085 5022 Ἀλλὰ
3154 4967 3360 5019 τούτων
3415 4965 3676 5032 ἀφέμενοι
3721 4962 3964 5024 πλάτους

2388 5067 2788 5136 όποιουδήτινος
2820 5062 3113 5128 δεομένων,
3145 5059 3280 5127 πρός
3307 5057 3397 5108 τὸν
3421 5056 3630 5108 διδόντα
3665 5054 3758 5106 νῦν
3781 5093 3797 5118 ,
3841 5072 3859 5105 ι
3908 5056 3963 5106 τὸ

2393 5158 2617 5227 Πνεῦμα
2647 5157 2741 5209 καὶ
2769 5155 2860 5207 τὸν
2888 5153 3011 5229 rm
3043 5150 3216 5218 ἔχειν,
3254 5149 3450 5218 ἥκιστα
3487 5146 3543 5198 δέ
3580 5161 3642 5212 γε
3673 5145 3746 5206 ὡς
3785 5148 3813 5196 ό
3848 5146 3963 5197 Πα-

2391 5250 2521 5320 τὴρ,
2553 5267 2571 5300 ι
2601 5250 2664 5300 ὲκ
2700 5249 2808 5298 τῶν
2840 5239 2915 5297 ὧν
2962 5242 3126 5310 ἐγγὺς
3156 5240 3390 5307 ἔφημεν,
3452 5235 3712 5302 ἀνωτέρω
3739 5236 3966 5303 τεθῆναι

2392 5344 2640 5412 χρήσεων
2672 5336 2995 5404 θεολογικῶν
3033 5333 3238 5403 βραχέα
3278 5329 3399 5382 τινὰ
3441 5327 3856 5396 παρατιθέαμεν
3883 5330 3966 5389 είς

2395 5436 2721 5501 ἀνάμνησιν,
2751 5429 2886 5482 ἆττα
2923 5425 3116 5495 βοῶσιν
3145 5421 3490 5488 αὐτόχρημα,
3520 5438 3537 5470 ι
3565 5419 3688 5470 Τῶν
3710 5417 3805 5470 τοῦ
3828 5418 3967 5472 0.05

2396 5527 2488 5578 καὶ
2517 5523 2728 5594 Πατρός
2767 5519 3014 5588 φυσικῶν
3046 5514 3268 5584 ἀγαθῶν
3315 5511 3588 5573 οὐσιωδῶς
3623 5511 3889 5579 ὑπάρχων
3941 5514 3970 5562 ὁ

2401 5616 2525 5678 Υἱός
2554 5611 2828 5673 κοινωνὸς,
2859 5609 2972 5678 ἔχει
2999 5611 3060 5660 τὸ
3096 5603 3320 5672 Πνεῦμα
3345 5603 3488 5654 κατὰ
3521 5599 3708 5652 τοῦτον
3730 5600 3823 5653 τὸν
3845 5603 3970 5670 τρό-

2399 5723 2519 5770 πον,
2574 5703 2695 5758 καϐ*
2742 5703 2802 5754 ὃν
2832 5701 2899 5754 ἂν
2929 5703 3100 5752 νοοῖτο
3131 5698 3223 5747 καὶ
3245 5697 3274 5747 ὁ
3309 5694 3518 5762 Πατήρ.
3550 5709 3570 5742 ι
3630 5692 3752 5743 Ἐτι
3781 5692 3837 5743 δὲ
3875 5692 3969 5743 τοῦ

2401 5797 2567 5855 ταῦτα
2591 5792 2975 5864 διασαφοῦντος
3011 5783 3370 5860 μυσταγωγοῦ
3405 5785 3470 5839 ὲκ
3501 5784 3605 5837 τῶν
3635 5777 3709 5838 ὧν
3739 5783 3967 5851 παραλία
