4220 6444
275 409 410 475 1341

1265 411 1566 475 CONTRA
1604 415 2032 478 MANUELEM
2070 416 2542 478 CRE'I‘ENSEM.

3395 409 3533 476 1342

269 539 453 591 πομεν
491 521 549 574 ιν
578 521 807 591 κρήσεσι
833 523 956 586 ταῖς
971 522 1350 592 δηλωθείσαις,
1390 529 1520 596 μίαν
1553 531 1650 583 καὶ
1678 531 1835 597 τήνδε

1943 530 2276 596 inseramus,
2329 529 2516 584 verbis
2572 527 2724 583 hisce
2782 527 3095 584 dictatum:
3138 544 3156 576 ι
3187 524 3458 581 Liberans
3499 541 3530 578 a

271 609 674 679 παρενείρομεν
700 611 918 681 χρῆσιν,
949 611 1092 666 οῦτω
1123 613 1504 686 φθεγγομένην
1529 618 1808 684 αὐτολεεεί
1829 635 1844 652 ⁸

275 722 294 753 s
343 701 619 756 Ἀπολύων
656 704 934 774 ἁμαρτίας
981 705 1072 759 τὸν
1102 707 1250 776 αὑτῷ
1305 711 1727 780 προσκείμενον,
1769 711 1848 780 τῷ

276 798 398 866 ἰδίῳ
432 797 616 850 λοιπὸν
663 800 946 868 καταχρίει
995 801 1293 870 Πνεῦματι,
1339 804 1482 871 ὅπερ
1517 807 1692 874 ἐνίησι
1747 807 1847 873 μὲν

271 891 438 951 αὐτὸς
460 889 534 953 ὡς
558 892 620 942 ὲκ
650 890 786 943 Θεοῦ
818 893 1032 962 Πατρὸς
1081 895 1276 960 Λόγος,
1303 897 1397 948 καὶ
1429 897 1488 962 ἐξ
1530 899 1665 961 ίδίας
1711 901 1848 968 ἡμῖν

271 983 624 1050 ἀναπηγάζει
672 983 906 1051 φύσεως.
963 1005 982 1038 ι
1035 988 1148 1058 Τὴν
1167 988 1308 1041 οῦτω
1337 989 1393 1042 δὲ
1428 993 1848 1061 κηρυσσομένην

275 1073 560 1141 θεολογίαν
590 1077 682 1128 τὸν
725 1077 1138 1146 άπαρνούμενον
1164 1079 1224 1132 οὐ
1259 1081 1419 1147 μόνον
1441 1083 1518 1143 είς
1549 1082 1641 1134 τὸν
1677 1084 1850 1134 Μονο-

276 1169 415 1234 γενῆ
450 1165 836 1234 δυσφημοῦντα
869 1167 1138 1220 δείκνυσιν
1164 1172 1191 1221 6
1217 1171 1379 1234 αὐτὸς
1402 1171 1686 1242 θεηγόρος,
1713 1173 1848 1227 ἀλλὰ

272 1259 377 1319 τὰς
401 1258 571 1320 αὐτάς
599 1258 785 1326 καὶτῷ
810 1260 1086 1328 Πνεῦματι
1107 1262 1420 1330 δυσφημίας
1440 1264 1845 1330 προσάπτοντα.

275 1351 372 1405 Εἰς
394 1352 502 1417 γάρ
521 1351 604 1411 τὸ,
629 1368 648 1401 ι
685 1351 919 1415 Ἐκεῖνος
942 1353 1250 1422 ὑπομνήσει
1275 1354 1421 1422 ὑμᾶς
1447 1354 1482 1408 ἀ
1502 1350 1656 1408 εἷπον
1677 1356 1842 1425 sm,»

271 1440 425 1493 οὕτω
446 1441 642 1510 φησιν’
673 1460 692 1493 ι
730 1443 941 1494 Οὐκοῦν
975 1443 1050 1505 ὡς
1086 1444 1224 1504 εἰδὸς
1253 1446 1320 1497 τὰ
1360 1447 1417 1497 ιν
1447 1450 1512 1516 τῇ
1559 1447 1720 1516 βουλῇ
1754 1449 1848 1501 τοῦ

270 1532 617 1598 Ιιονογενοῦς
635 1533 808 1587 πάντα
828 1535 958 1602 ὑμῖν
990 1535 1280 1602 ἀναγγελεῖ
1305 1538 1366 1589 τὸ
1396 1539 1640 1608 Πνεῦμα,
1661 1541 1763 1592 οὐκ
1787 1544 1851 1594 ὲκ

273 1626 567 1694 μαθήσεως
592 1627 718 1695 ἔχον
734 1626 832 1696 τὴν
855 1627 1084 1698 εῐδησιν,
1114 1629 1199 1681 ῖνα
1226 1629 1301 1700 μὴ
1318 1632 1574 1700 φαίνηται
1596 1633 1849 1686 διακόνου

267 1719 428 1782 τάξιν
454 1717 830 1788 ἀποπληροῦν,
865 1719 979 1771 ἀλλ’
1006 1719 1080 1780 ὡς
1112 1719 1338 1788 Πνεῦμα
1362 1721 1553 1784 αὑτοῦ,
1583 1723 1676 1774 καὶ
1709 1723 1849 1785 είδὸς

265 1809 610 1872 ἁδιαστάτως
646 1810 823 1863 πάντα
855 1812 922 1862 τὰ
953 1809 1012 1875 ἐξ
1045 1805 1106 1862 οῦ
1135 1811 1230 1864 καὶ
1253 1813 1312 1864 ὲν
1335 1805 1489 1880 ᾧπέρ
1517 1815 1686 1867 ἐστιν.
1727 1831 1744 1863 ι
1781 1813 1841 1864 El

263 1898 404 1966 γοῦν
460 1901 554 1953 καὶ
603 1902 867 1972 ῥημάτων
897 1905 962 1954 εκ
987 1903 1156 1955 τῶνδε
1198 1905 1298 1973 τῆς
1332 1905 1614 1966 εὐσεϐείας
1636 1907 1685 1957 οί
1713 1907 1843 1974 πρό-

263 1988 413 2040 ϐοὶοι
444 1990 573 2055 τῶν,
614 2009 633 2043 ι
682 1991 918 2054 Ἐκεῖνος
965 1993 1107 2060 ὑμᾶς
1142 1992 1470 2062 ὑπομνήσει,
1499 1995 1704 2055 ἐκεῖνος
1742 1993 1842 2062 ἐμὲ

261 2080 504 2143 δοξάσει,
539 2101 557 2133 ι
589 2083 617 2132 6
655 2082 1008 2153 Παράκλητος
1031 2084 1294 2153 δηλονότι,
1327 2085 1423 2137 καὶ
1450 2102 1469 2134 ι
1495 2087 1595 2138 ὅσα
1617 2083 1841 2138 ἀκούσει

260 2172 515 2240 λαλήσει,
553 2191 571 2223 ›
611 2174 673 2225 ὲκ
698 2175 794 2227 τοῦ
829 2175 957 2228 Υίοῦ
987 2174 1177 2228 τοῦτον
1204 2175 1618 2246 Ὶιαθαρωτάτως
1647 2178 1845 2242 ἀναγο-

265 2264 510 2335 ρεύουσι,
544 2267 634 2318 καὶ
661 2267 708 2318 εί
742 2267 816 2335 μὴ
843 2266 982 2330 τόδε,
1005 2267 1073 2320 τὰ
1111 2267 1209 2337 τῆς
1247 2267 1477 2331 ἀτοπίας
1526 2268 1845 2320 ἀκολουθεῖν

261 2354 686 2421 ἀποφαίνονται,
720 2354 907 2425 ὥσπερ
928 2357 1020 2409 ἐπὶ
1045 2357 1146 2428 τῆς
1176 2358 1437 2427 πέμψεως
1459 2359 1725 2428 ἐλέγομεν
1749 2359 1844 2411 καὶ

260 2444 368 2513 τῆς
393 2445 660 2515 χορηγίας
696 2447 792 2499 καὶ
828 2447 1048 2511 δόσεως,
1085 2447 1336 2518 καθάπερ
1397 2450 1462 2502 ἐκ
1513 2452 1720 2503 τούτων
1751 2451 1845 2503 καὶ

262 2538 378 2590 τῶν
413 2538 671 2591 τοιούτων
700 2539 801 2606 τὴν
831 2539 954 2608 ῖσην
980 2540 1275 2609 ἀναλογίαν
1295 2542 1386 2594 ιπί
1407 2559 1467 2595 τε
1499 2542 1709 2612 Πατρδς
1749 2544 1846 2596 καὶ

267 2629 428 2692 Υιοῦ,
481 2631 574 2683 ἐπί
607 2648 666 2684 τε
702 2633 913 2703 Πατρδς
948 2633 1044 2686 καὶ
1095 2633 1412 2704 Πνεῦματος
1467 2634 1738 2706 εγνωμεν,
1767 2635 1845 2699 ὡς

269 2723 620 2792 προείρηται,
676 2725 707 2777 6
740 2725 1091 2795 παράδειγμα
1142 2726 1412 2795 παραθεὶς
1443 2727 1614 2796 ἥλιον,
1648 2725 1846 2779 ἀκτῖνα

269 2816 370 2885 καὶ
414 2815 550 2882 φῶς,
588 2816 664 2878 ὡς
697 2816 768 2869 ἀν
799 2817 894 2869 καὶ
923 2815 1080 2870 τοῦτο
1132 2816 1456 2887 θεωρηθείη.
1491 2819 1586 2870 καὶ
1618 2819 1848 2887 φάσκων

268 2905 374 2974 τὴν
397 2908 589 2957 ἀκτῖνα
615 2906 748 2976 παρ’
770 2906 932 2959 ἄλλου
952 2907 1353 2976 λαμϐάνουσαν.
1381 2909 1548 2977 ἡγουν
1575 2906 1670 2959 τοῦ
1697 2907 1846 2974 ἡλίου

269 2996 334 3048 τὸ
363 2997 479 3064 φῶς
510 2999 770 3066 πέμπειν,
814 2999 890 3070 μὴ
941 2998 1000 3064 ἐξ
1028 2999 1198 3069 αὐτῆς
1226 3000 1260 3069 ἢ
1305 2999 1375 3052 δι’
1404 3001 1576 3070 αὐτῆς
1613 2997 1692 3058 ὃν.
1717 3000 1848 3051 κάν-

269 3088 466 3142 τεῦθεν
489 3090 771 3157 είκονίζων
807 3093 1118 3160 πέμπεσθαι
1142 3091 1294 3162 παρά
1318 3089 1414 3144 τοῦ
1444 3091 1574 3145 Υίοῦ
1597 3091 1658 3144 τὸ
1681 3089 1850 3145 Πνεῦο

274 3198 376 3251 μα,
410 3180 486 3253 μὴ
534 3181 593 3247 ἑξ
641 3183 826 3249 αὐτοῦ,
882 3184 1014 3257 ἣδε
1046 3184 1210 3239 αὑτοῦ
1262 3185 1528 3256 ὑπάρχον,
1566 3186 1682 3247 πῶς
1733 3187 1845 3238 κάκ

1953 630 2179 689 peccato
2231 621 2335 676 sibi
2388 619 2887 683 adhaerescentem,
2919 617 3152 688 proprio
3178 615 3530 678 postmodum

1954 713 2165 781 inungit
2204 711 2437 782 Spiritu,
2471 725 2635 780 quem
2665 709 2863 764 emittit
2904 708 3020 778 ipse
3071 708 3318 779 quidem,
3355 709 3432 760 uti
3464 721 3533 760 ex

1953 804 2067 857 Deo
2107 804 2265 858 Patre
2324 802 2592 863 Verbum,
2627 811 2682 855 et
2735 816 2804 855 ex
2859 801 3079 870 propria
3135 800 3296 854 nobis
3330 809 3530 852 natura

1953 910 2106 948 more
2179 894 2347 948 iontis
2385 891 2644 948 eﬂundit.
2681 912 2699 945 ι
2742 893 2897 948 Hanc
2951 894 3282 948 inculcatam
3316 892 3531 946 theolo-

1951 987 2092 1057 giam
2115 987 2476 1054 abnegantem
2536 1001 2649 1040 non
2684 995 2900 1040 tantum
2930 986 2985 1040 in
3017 983 3372 1053 Unigenitum
3393 985 3536 1038 blas-

1951 1079 2233 1146 pbemum,
2287 1077 2382 1130 sed
2438 1075 2659 1130 easdem
2721 1091 2945 1144 quoque
3006 1074 3376 1142 blaspliemias
3427 1072 3534 1140 ipsi

1953 1167 2182 1235 Spiritui
2241 1169 2562 1238 appingere.
2621 1167 2842 1221 divinus
2911 1167 3016 1220 iste
3063 1165 3228 1219 Pater
3259 1164 3531 1219 ostendit.

1953 1257 2200 1324 Namque
2236 1257 2292 1310 in
2334 1257 2510 1310 illud:
2551 1275 2570 1308 ι
2608 1256 2728 1327 lpse
2757 1267 3016 1326 suggeret
3050 1256 3206 1310 vobis
3262 1270 3384 1324 qua:
3433 1269 3534 1324 ego

1951 1351 2086 1410 dixi,
2114 1367 2132 1398 ι
2162 1349 2233 1401 ita
2256 1351 2575 1417 pronuntiat
2601 1366 2613 1400 :
2647 1367 2665 1399 ι
2694 1348 2881 1416 Itaque
2897 1351 3161 1416 tanquam
3182 1346 3532 1411 benescieus,

1953 1454 2073 1508 quae
2098 1441 2154 1492 in
2180 1438 2407 1493 consilio
2428 1438 2704 1509 Unlgeniti
2733 1448 2882 1500 sunt,
2902 1437 3088 1492 omnia
3123 1435 3280 1490 vobis
3307 1450 3530 1488 annun-

1954 1531 2114 1584 tiabit
2169 1529 2434 1599 Spiritus,
2497 1547 2606 1584 non
2659 1529 2970 1596 disciplinae
3014 1527 3224 1583 habens
3270 1525 3536 1597 cognitio-

1952 1638 2102 1684 nem,
2135 1637 2206 1676 ne
2260 1623 2507 1677 videatur
2571 1621 2882 1676 administri
2939 1621 3119 1675 locum
3151 1619 3400 1688 explere,
3437 1616 3533 1671 sed

1953 1727 2011 1770 ut
2047 1715 2285 1784 Spiritus
2318 1715 2511 1785 ipsius.
2571 1721 2627 1768 et
2658 1713 2840 1768 sciens
2879 1710 3324 1781 inseparabiliter
3350 1709 3534 1763 omnia

1951 1809 2097 1862 illius
2127 1822 2194 1861 ex
2246 1821 2357 1875 quo
2412 1817 2468 1861 et
2501 1807 2556 1860 in
2593 1821 2703 1874 quo
2759 1812 2864 1860 est.
2912 1822 2930 1855 ι
2967 1802 3023 1857 Si
3059 1803 3247 1872 itaque
3310 1802 3536 1871 pietatis

1877 1868 1916 1922 Β
1946 1868 2380 1968 propugnatores
2420 1913 2487 1952 ex
2540 1868 2724 1952 verbis
2758 1898 2950 1952 hisce:
2989 1913 3008 1948 ι
3043 1868 3171 1964 ipse
3210 1868 3366 1950 vobis
3397 1909 3535 1963 sug-

1946 2002 2121 2062 geret,
2177 1992 2264 2045 ille
2304 2007 2390 2045 me
2421 1989 2768 2061 glorificabit,
2807 2009 2827 2043 ι
2867 1988 3188 2043 Paracletus
3221 1988 3458 2050 scilicet,
3482 1995 3537 2039 et

1959 2102 1976 2134 ι
2018 2098 2362 2152 quacunque
2386 2083 2574 2138 audiet
2601 2083 2874 2152 loquetur,
2915 2101 2934 2134 ι
2969 2098 3037 2136 ex
3067 2081 3203 2135 Filio
3235 2079 3381 2133 hunc
3413 2091 3537 2132 esse

1946 2173 2566 2245 perspicueprazdicant,
2589 2182 2646 2227 et
2663 2173 2708 2226 si
2729 2172 2778 2226 id
2805 2188 2912 2225 non
2941 2170 3128 2224 fuerit.
3147 2169 3381 2224 absurda
3401 2183 3539 2223 con-

1945 2266 2097 2333 sequi
2117 2266 2448 2326 decernunt,
2481 2264 2560 2318 uti
2579 2264 2647 2319 de
2669 2264 2954 2328 missione,
2973 2273 3028 2316 et
3058 2261 3524 2331 suppeditatione,

1947 2366 2002 2410 et
2041 2356 2264 2410 datione
2295 2355 2639 2419 dicebamus,
2672 2363 2728 2409 et
2759 2371 2825 2410 ex
2861 2356 2947 2410 his
2981 2358 3048 2415 et!
3075 2353 3351 2411 similibus
3379 2367 3534 2406 eam-

1944 2449 2068 2502 deni
2111 2449 2519 2516 proportionem
2557 2447 2609 2500 in
2641 2447 2801 2501 Patre
2825 2455 2881 2500 et
2915 2445 3082 2510 Filio,
3116 2456 3175 2501 et
3208 2447 3263 2500 in
3284 2445 3444 2500 Patre
3474 2452 3530 2498 et

1945 2539 2151 2608 Spiritu
2181 2539 2586 2609 cognoscimus,
2621 2549 2682 2593 ut
2731 2547 2892 2594 antea
2921 2539 3128 2594 dictum
3186 2547 3292 2603 est,
3347 2539 3442 2608 qui
3469 2539 3526 2590 in

1947 2628 2259 2698 exemplum
2297 2628 2522 2683 adducit
2551 2629 2743 2694 solem,
2787 2630 3023 2695 radium,
3083 2639 3138 2683 et
3199 2629 3414 2691 lumen.
3475 2638 3536 2682 ut

1948 2721 2000 2774 id
2027 2734 2244 2790 quoque
2271 2720 2327 2774 in
2359 2735 2584 2774 examen
2616 2720 2982 2790 proferamus,
3010 2722 3252 2792 dicitque
3317 2721 3532 2775 radium

1947 2813 2016 2866 ab
2053 2813 2163 2867 alio
2190 2811 2579 2881 accipientem,
2612 2811 2728 2866 sole
2770 2826 2997 2880 nempe,
3045 2811 3233 2866 lumen
3291 2812 3530 2875 mittere,

1947 2905 2093 2974 quod
2128 2920 2309 2973 neque
2339 2920 2407 2957 ex
2445 2905 2585 2974 ipso,
2610 2918 2791 2972 neque
2820 2918 2918 2971 per
2947 2905 3126 2973 ipsum
3150 2911 3254 2965 est,
3289 2903 3531 2971 indeque

1948 2996 2052 3048 sibi
2083 2994 2280 3065 figurat
2310 2995 2454 3048 mitti
2484 3010 2516 3048 a
2546 2993 2684 3048 Filio
2714 2992 3010 3062 Spiritum,
3048 3009 3227 3062 neque
3257 3008 3324 3048 ex
3385 2994 3531 3063 ipso,

1949 3101 2131 3155 neque
2173 3101 2272 3155 per
2331 3087 2508 3155 ipsum
2562 3084 2947 3148 exsistenter‘n,
3011 3084 3288 3152 quomodo
3330 3099 3395 3136 ex
3429 3084 3530 3138 hac

1952 3181 2369 3248 comparatione
2431 3179 2498 3234 ad
2553 3195 2618 3234 ea
2671 3193 2793 3245 qua:
2827 3177 3000 3231 divini
3035 3178 3227 3230 Patres
3257 3175 3529 3231 deﬁniunt

270 3273 439 3340 τῆσδε
469 3274 568 3342 τῆς
602 3275 957 3344 παραθέσεως
982 3277 1362 3339 συσκευάσεως
1390 3277 1530 3338 ὅλως
1563 3275 1676 3342 {Est
1705 3293 1845 3345 παρ·

1953 3285 2259 3343 penetrare,
2309 3272 2430 3326 sive
2488 3273 2670 3340 potius
2697 3286 2762 3324 ex
2806 3269 2873 3323 iis
2901 3284 3024 3338 quas
3082 3269 3203 3338 ipse
3245 3276 3529 3337 pernegat.

269 3365 536 3429 είσδυσιν,
561 3365 696 3434 πρὸς
726 3366 870 3436 ἀπερ
897 3369 944 3421 οί
984 3365 1305 3438 θεοφόρητοι
1329 3368 1771 3437 δογματίζουσιν,
1813 3367 1846 3437 ἧ

271 3456 478 3526 μᾶλλον
498 3455 564 3520 ἀς
590 3457 648 3522 ἐξ
661 3450 736 3512 ὧν
763 3459 1112 3528 ἀπᾶρνεῖται,
1131 3459 1460 3526 συνάγουσιν
1483 3454 1630 3512 οὗτοι
1645 3457 1849 3528 δυσφηο

272 3548 429 3615 μίας,
465 3546 584 3609 πῶς
633 3547 916 3622 διαδρᾶναι
959 3548 1286 3619 δυνήσεται;
1336 3551 1397 3602 Εἰ
1423 3549 1481 3603 δέ
1505 3567 1568 3617 γε
1605 3549 1714 3602 τῶν
1744 3566 1849 3603 πα-

267 3637 482 3708 τρικῶν
515 3639 843 3708 θεολογικῶν
878 3641 1028 3695 ὲπῶν
1050 3642 1424 3711 ἀφροντίστως
1461 3641 1623 3712 ἔχων,
1654 3640 1730 3703 ὡς
1756 3642 1846 3693 ικ-

271 3731 459 3800 φαίνει
481 3732 674 3786 ιαυτὺν
706 3731 782 3802 μὴ
801 3732 1026 3800 θίμενθν
1049 3733 1217 3785 τῶνδε
1243 3732 1460 3802 σκέψιν,
1485 3734 1560 3804 μὴ
1591 3734 1844 3802 βάσανον,

267 3823 526 3891 οὐδαμῶς
578 3824 997 3893 ἐπιστρέφεται,
1045 3824 1222 3886 ἄλλως
1253 3827 1435 3893 μέντοι
1463 3825 1707 3893 λογικαῖς
1743 3842 1848 3893 μα-

270 3911 538 3980 θημάτων
597 3913 869 3975 παιδείαις
909 3913 1301 3984 ἐνδιαπρὰιιας,
1351 3915 1519 3968 πόθεν
1569 3914 1693 3984 ἔσχε
1749 3916 1847 3984 τὴν

268 4003 506 4074 ἡλιακὴν
551 4005 744 4057 ἀκτῖνα
793 4005 1180 4076 λειτουργικῶς
1219 4007 1252 4075 ἢ
1308 4007 1616 4075 ὀργανικῶς
1642 4009 1721 4069 είς
1747 4007 1847 4076 τὴν

267 4095 368 4148 τοῦ
403 4095 581 4163 φωτὸς
630 4095 925 4162 λαμϐάνειν
961 4096 1286 4166 ἀποστολὴν,
1337 4097 1412 4157 ὼς
1469 4098 1544 4165 μὴ
1576 4097 1642 4149 δι’
1678 4097 1847 4166 αὐτῆς

267 4188 434 4240 τοῦτο
463 4183 627 4250 εἶναι,
660 4189 712 4240 εί
737 4205 801 4254 γε
832 4191 900 4240 τὰ
932 4189 1058 4258 τρία
1089 4191 1115 4241 6
1146 4190 1404 4256 δῐσκος,ἠ
1439 4189 1618 4251 ἀκτὶς,
1663 4189 1756 4241 καὶ
1784 4189 1847 4242 τὸ

271 4281 413 4347 φῶς,
444 4279 664 4347 τρισσὸν
719 4280 953 4349 ὑπάρχει
997 4279 1110 4346 φῶς
1143 4281 1238 4332 καὶ
1265 4281 1587 4349 ἀμέριστον,
1616 4280 1711 4332 καὶ
1748 4282 1845 4349 μία

271 4367 607 4436 συνύπαρξις
635 4368 746 4420 τῶν
791 4369 984 4436 τριῶν,
1033 4371 1125 4421 καὶ
1151 4368 1280 4437 μίαν
1306 4369 1570 4437 πληροῦσι
1599 4369 1780 4436 φύσιν,
1809 4368 1843 4441 ἢ

272 4456 682 4527 συμπληροῦσι,
707 4460 800 4509 καὶ
828 4458 1092 4526 διηνεκῶς
1133 4461 1193 4511 τὸ
1222 4461 1503 4530 ἡνωμένον
1537 4461 1720 4529 ἔχουσι
1752 4464 1844 4513 καὶ

1950 3362 2317 3432 blasphemias
2373 3373 2594 3417 exortas
2648 3360 2891 3430 ell'ugere
2919 3358 3179 3429 poterit?
3213 3358 3418 3424 Quodsi
3473 3359 3527 3412 in

1945 3457 2091 3511 dicta
2157 3456 2379 3509 Patrum
2445 3452 2752 3522 theologica
2829 3459 3074 3505 mentem
3133 3465 3362 3519 prorsus
3417 3464 3527 3502 non

1944 3549 2250 3618 applicans,
2297 3559 2533 3614 namque
2583 3559 2646 3597 ea
2684 3556 2864 3610 neque
2909 3541 3312 3605 considerasse,
3347 3555 3527 3608 neque

1944 3639 2282 3693 examinasse
2314 3639 2469 3707 plane
2504 3633 2836 3697 ostenditur,
2871 3633 3022 3686 nullo
3055 3633 3216 3686 modo
3267 3631 3526 3694 admittit,

1945 3732 2071 3786 licet
2102 3732 2155 3784 in
2174 3729 2363 3800 logicis
2380 3727 2682 3796 disciplinis
2710 3725 3012 3796 praecellat,
3043 3725 3319 3778 undenam
3340 3719 3528 3775 habuit

1944 3821 2177 3875 solarem
2209 3819 2419 3873 rudium
2454 3817 2768 3872 administri
2809 3817 3004 3877 instar,
3036 3823 3139 3868 aut
3169 3810 3527 3868 instrumenti

1944 3913 1999 3967 in
2020 3911 2337 3966 missionem
2358 3910 2584 3964 luminis
2613 3907 2906 3967 inservire.
2933 3906 3072 3960 adeo
3097 3915 3158 3959 ut
3183 3919 3280 3974 per
3311 3904 3526 3958 radium

1947 4007 2072 4060 illud
2100 4019 2212 4058 non
2246 4004 2341 4066 sit,
2388 4002 2434 4055 si
2485 4001 2588 4054 tria
2618 3999 2757 4065 haec,
2817 3999 2990 4061 orbis,
3017 3997 3220 4059 radius,
3255 4005 3308 4049 et
3339 3996 3526 4048 lumen

1944 4095 2148 4149 trinum
2171 4096 2358 4148 lumen
2373 4091 2589 4147 exsistit
2615 4101 2670 4145 et
2688 4089 3008 4154 indivisum,
3030 4099 3083 4143 et
3111 4103 3219 4142 una
3237 4095 3323 4141 est
3337 4101 3528 4140 eorum

1943 4186 2360 4248 coexsistentia,
2426 4193 2482 4236 et
2531 4198 2695 4236 unam
2728 4182 2892 4236 simul
2921 4180 3200 4249 complent
3251 4187 3526 4244 naturam,

1947 4295 2321 4353 perpetuoque
2369 4281 2800 4348 coniunguntur,
2836 4288 2893 4331 et
2943 4277 3258 4344 inseparata
3301 4287 3527 4344 perma-

1955 4383 2112 4437 nent,
2135 4373 2312 4426 donec
2344 4370 2587 4425 universi
2624 4369 2789 4438 bujus
2809 4367 3150 4422 constructio
3177 4364 3530 4436 perdurabit?

1948 4465 2198 4533 Namque
2230 4464 2274 4516 si
2306 4462 2451 4532 quod
2487 4477 2584 4531 per
2615 4461 2763 4515 aliud
2815 4461 3016 4514 dicitur
3048 4474 3111 4512 ex
3144 4459 3278 4522 alio,
3310 4466 3406 4510 aut
3436 4472 3532 4509 na-

274 4548 600 4619 άχώριστον,
629 4549 734 4611 ἕως
758 4549 824 4602 ἂν
857 4550 1066 4618 ἡτοῦδε
1110 4551 1209 4604 τοῦ
1243 4553 1441 4615 παντὸς
1479 4554 1616 4624 μένῃ
1649 4555 1845 4607 σύστα-

1954 4555 2205 4609 turaliter
2257 4563 2312 4607 et
2361 4552 2728 4606 essentialiter
2763 4551 2986 4611 dicitur,
3022 4557 3076 4604 et
3119 4550 3245 4602 inde
3279 4548 3346 4601 ad
3407 4562 3529 4601 esse

272 4656 395 4707 at;;
427 4641 489 4695 El
517 4641 626 4711 γάρ
651 4641 710 4694 τὸ
733 4641 823 4694 διά
854 4660 998 4705 τινος
1031 4643 1325 4713 λεγόμενον
1347 4645 1411 4697 ἐκ
1443 4662 1587 4707 τινος
1615 4646 1845 4716 ἢιφυσι-

274 4737 389 4800 κῶς
415 4738 632 4804 λέγεται
660 4739 755 4789 καὶ
780 4739 1074 4803 οὑσιωδῶς,
1106 4741 1202 4792 καὶ
1234 4741 1334 4809 τὴν
1386 4740 1640 4792 ἐντεῦθεν
1673 4744 1755 4803 είς
1785 4740 1846 4792 τὸ

271 4822 504 4880 εἶναιδι’
530 4822 592 4881 οῦ
642 4826 863 4895 λέγεται
910 4828 1133 4881 πλουτεῖ
1186 4830 1433 4898 πρόοδον,
1467 4831 1500 4900 ἢ
1537 4830 1846 4901 όργανικῶς

275 4923 371 4972 καὶ
395 4919 770 4988 ὑπουργικῶς,
805 4920 899 4972 καὶ
928 4922 1131 4989 ἥκιστα
1159 4921 1227 4973 δι’
1247 4921 1412 4973 αὐτοῦ
1438 4921 1529 4973 τὸν
1559 4923 1656 4989 τῆς
1676 4922 1845 4989 ὑπάρ-

271 5011 411 5077 ξεως
459 5011 620 5078 λόγον
654 5012 833 5081 αὐχεῖ,
875 5011 1125 5080 καθάπερ
1156 5013 1219 5065 ὲκ
1247 5013 1348 5080 τῆς
1378 5013 1562 5081 πηγῆς
1614 5013 1700 5063 διὰ
1750 5011 1840 5063 τοῦ

273 5104 512 5177 σωλῆνρς
562 5103 624 5156 τὸ
664 5103 829 5174 ὓδωρ.
868 5105 1132 5174 Οὐδαμῶς
1166 5109 1273 5174 γὰρ
1321 5100 1474 5165 οὗτος
1509 5090 1588 5167 είς
1615 5106 1714 5172 τὴν
1749 5103 1842 5155 τοῦ

273 5196 468 5256 ὓδατος
490 5195 727 5265 φυσικὴν
747 5195 1161 5265 λαμϐανόμενός
1180 5197 1329 5246 ἐστιν
1348 5195 1633 5262 όντότητα.
1686 5193 1846 5260 εῖπερ

270 5287 573 5356 ἑτεροφυὴς
608 5286 772 5338 αὐτοῦ
802 5286 899 5338 καὶ
949 5286 1307 5356 ἑτεροοῦσιος,
1347 5285 1429 5338 ὅτι
1465 5283 1540 5355 μὴ
1571 5285 1733 5351 μόνον
1766 5285 1846 5343 εἰς

271 5377 570 5446 ὀργανικὴν
606 5377 796 5429 τούτου
846 5376 1117 5430 διάϐασιν.
1173 5376 1236 5428 Εἰ
1265 5377 1318 5428 δέ
1360 5393 1442 5438 τις
1475 5376 1609 5444 φαίη
1634 5375 1724 5427 διὰ
1748 5376 1842 5425 τοῦ

271 5467 524 5534 ποταμοῦ
560 5469 621 5521 τὸ
644 5468 792 5536 ὕδωρ
823 5469 1054 5529 ἐκεῖθεν,
1099 5469 1132 5537 ἢ
1175 5469 1262 5522 διὰ
1288 5468 1386 5536 τῆς
1431 5469 1616 5536 πηγῆς
1659 5468 1722 5518 ἐκ
1749 5464 1843 5516 τοῦ

267 5559 579 5628 ὀφθαλμοῦ,
645 5561 929 5630 ἀμφότερα
957 5563 1063 5630 γὰρ
1104 5561 1507 5630 διαγγέλλεται.
1543 5560 1640 5630 τὴν
1674 5561 1754 5621 εἰς
1783 5557 1844 5609 τὸ

269 5647 411 5703 εἶναι
436 5649 524 5702 διὰ
552 5651 650 5717 τῆς
681 5650 863 5721 πηγῆς
912 5650 945 5720 ἢ
978 5653 1037 5715 ἐξ
1086 5652 1257 5719 αὐτῆς
1309 5653 1399 5705 διὰ
1430 5651 1526 5705 τοῦ
1576 5649 1841 5716 ποταμοῦ,

270 5740 553 5809 παρευθὺς
582 5738 816 5811 ἐδήλωσὲ
849 5743 941 5796 τοῦ
968 5743 1158 5806 ῦδατος
1184 5743 1460 5810 ἐκϐλυσιν,
1491 5743 1563 5806 ὡς
1586 5742 1845 5811 ὁμοφυῶν

268 5831 380 5892 ⁴τῶν
415 5833 584 5899 τριῶν
631 5835 820 5903 ὄντων,
879 5837 972 5889 καὶ
1005 5837 1146 5891 οὕτω
1194 5837 1465 5910 λαχόντων
1503 5834 1738 5907 φύσεως,
1781 5837 1842 5888 ἐκ

1952 4661 2048 4715 per
2081 4645 2224 4713 quod
2254 4642 2455 4698 dicitur
2490 4657 2840 4711 progressum
2877 4641 3143 4711 possidet,
3175 4649 3270 4694 aut
3317 4640 3527 4693 instru-

1954 4736 2124 4788 menti
2178 4734 2361 4796 modo,
2417 4733 2499 4787 vel
2530 4731 2674 4786 servi
2737 4746 2911 4795 more,
2966 4740 3023 4784 et
3052 4731 3200 4784 nullo
3231 4729 3394 4782 modo
3431 4742 3529 4796 per

1951 4829 2130 4896 ipsum
2165 4827 2545 4879 exsistentiam
2575 4826 2778 4878 habere
2809 4823 3094 4891 gloriatur,
3133 4822 3212 4874 uti
3243 4837 3309 4875 ex
3371 4820 3528 4874 lenite

1953 4932 2051 4984 pcr
2085 4916 2275 4970 tubuin
2317 4929 2498 4982 aqua;
2537 4914 2691 4984 nullo
2749 4913 3020 4981 siquidem
3062 4915 3226 4966 modo
3274 4913 3328 4965 in
3363 4920 3528 4964 natu-

1952 5008 2119 5059 ralem
2179 5021 2334 5073 aqua:
2366 4982 2662 5058 essentiam
2697 5003 2985 5071 accipitur,
3055 5001 3099 5054 si
3137 4999 3371 5054 alterius
3434 4999 3526 5051 ille

1951 5107 2158 5151 natura:
2189 5107 2350 5163 atque
2381 5094 2631 5148 essentia:
2686 5103 2791 5158 est,
2838 5094 2940 5146 nisi
2977 5101 3184 5145 tantum
3221 5091 3288 5143 ad
3326 5091 3532 5142 instru-

1951 5186 2240 5242 mentalcni
2293 5198 2449 5251 aquae
2506 5181 2817 5235 transitum.
2871 5179 3028 5244 Quod
3080 5179 3122 5232 si
3155 5178 3281 5246 quis
3327 5175 3530 5230 dixerit

1953 5295 2051 5349 per
2090 5277 2314 5331 ﬂuvium
2350 5276 2482 5330 inde
2538 5289 2734 5342 aquam
2797 5288 2942 5334 esse,
3006 5281 3100 5324 aut
3155 5285 3257 5341 per
3317 5269 3528 5323 fontem

1951 5388 2016 5425 ex
2048 5370 2229 5431 oculo,
2283 5368 2445 5421 ambo
2503 5365 2769 5433 siquidem
2809 5363 3251 5432 pronuntiantur,
3305 5360 3373 5414 ad
3405 5372 3529 5413 esse

1953 5478 2050 5531 per
2083 5463 2318 5520 fontem,
2357 5459 2471 5512 sive
2500 5472 2565 5510 ex
2597 5457 2715 5524 ipsa
2753 5471 2852 5525 per
2879 5455 3126 5518 ﬂuvium,
3161 5453 3312 5508 illico
3373 5465 3528 5520 aquae

1948 5556 2341 5626 scaturiginem
2398 5550 2679 5612 indicavit,
2757 5565 2880 5604 cum
2935 5549 3050 5601 Itzrc
3108 5548 3210 5601 tria
3271 5544 3520 5614 ejusdem

1951 5659 2161 5702 naturae
2206 5647 2339 5703 sint.
2371 5659 2603 5712 eamque
2659 5643 2851 5697 sortita
2893 5641 3004 5695 sint
3045 5649 3316 5702 naturam,
3363 5645 3421 5693 ut
3455 5650 3523 5690 ex

1951 5743 2129 5811 primo
2159 5755 2256 5809 per
2289 5737 2594 5791 secundum
2622 5735 2842 5790 tertium
2875 5734 2982 5800 sit;
3026 5733 3164 5798 lucc,
3199 5732 3444 5799 inquam,
3473 5725 3519 5780 si

1949 5835 2023 5893 ita
2051 5848 2109 5888 se
2142 5831 2364 5893 habent,
2402 5844 2564 5901 quam
2597 5844 2662 5884 ex
2718 5827 2951 5882 naturali
3001 5826 3145 5882 serie
3174 5839 3353 5881 sermo
3386 5836 3520 5892 pru-
