4220 6444
706 379 845 442 1343

1925 373 2255 438 GEORGII
2305 369 2761 432 ΜΕΤΟΕΠΙΤΑζ

3823 360 3957 423 1344

704 490 973 553 batiouent
1009 498 1247 560 habebit,
1305 499 1511 550 radium
1547 496 1738 548 dicens
1791 510 1856 547 ex
1892 493 2009 549 sole
2063 498 2271 556 lumen,
2305 496 2346 548 Α

2305 496 2346 548 Α
2377 493 2466 544 τοῦ
2495 493 2716 563 πρώτου
2741 491 2830 543 διὰ
2853 488 2944 543 τοῦ
2968 489 3224 558 δευτέρου
3263 487 3320 538 τὸ
3343 484 3527 554 τρίτον
3565 477 3727 534 εἶναι.
3762 480 3822 532 Εἰ
3851 481 3955 547 γὰρ

705 601 771 641 eo
799 605 965 651 sropo
1024 589 1164 655 quod
1202 601 1297 656 per
1330 589 1508 658 ipsum
1563 602 1669 641 non
1715 588 1804 649 sit,
1867 586 1961 640 sed
1994 587 2274 654 accipiens

705 683 926 734 mittat?
961 682 1186 734 alterius
1241 682 1507 745 Siduidetn
1542 689 1747 733 naturae
1791 679 2050 732 iudicium
2102 679 2154 731 in
2192 678 2276 730 his

704 789 815 825 non
871 773 1137 841 ejusdem,
1206 773 1580 830 instrumenti.
1638 783 1691 824 et
1724 770 2031 824 administri
2066 769 2276 838 absque

706 865 810 916 ulla
850 864 1191 918 hrcsitatione
1231 865 1362 916 radii
1400 878 1556 914 nsunt
1588 861 1914 930 explentes?
1944 875 2063 928 qua:
2105 875 2133 911 a
2167 857 2278 911 Deo

707 957 976 1008 iilustrata
1033 954 1285 1008 Ecclesia:
1352 954 1581 1017 lumina,
1657 969 1782 1008 cum
1827 953 1963 1005 aliis
2029 951 2278 1020 pluribus

711 1048 1063 1110 imaginibus,
1101 1048 1176 1099 ttti
1220 1062 1306 1100 res
1339 1055 1536 1099 creatm
1561 1047 1892 1109 concedunt,
1933 1045 1988 1097 in
2015 1045 2278 1098 similitu-

703 1140 892 1208 dinem
925 1139 1308 1208 quoqunmodo
1338 1139 1594 1191 increatae
1633 1137 1817 1189 Triadi
1853 1137 2278 1205 respondentem

710 1231 1072 1289 tradiderunt.
1101 1231 1462 1283 ouendcntes
1511 1245 1573 1282 ex
1608 1228 1766 1282 Patre
1817 1230 2104 1282 ambarum
2157 1243 2278 1296 per-

709 1336 968 1375 sonarum
1002 1323 1304 1375 naturalem
1356 1333 1412 1374 et
1473 1322 1859 1390 sempiternam
1901 1319 2280 1372 exsistentiam

708 1411 829 1466 Filii
862 1423 915 1468 et
954 1413 1207 1482 Spiritus,
1242 1425 1296 1466 et
1335 1430 1430 1482 per
1481 1413 1678 1465 Filium
1741 1413 2004 1478 Spiritus.
2067 1411 2144 1463 uti
2213 1425 2280 1463 ex

708 1508 826 1558 sole
856 1507 1038 1559 radtus
1071 1517 1154 1559 est
1189 1518 1242 1557 et
1273 1507 1481 1563 lumen.
1504 1516 1556 1557 et
1587 1520 1683 1573 per
1709 1504 1919 1556 radium
1952 1503 2160 1564 lumen,
2187 1503 2278 1555 sed

711 1613 775 1651 ex
795 1598 933 1651 Filio
960 1577 1176 1667 quoque
1194 1597 1432 1666 Spiritus
1457 1607 1539 1650 est
1571 1599 1645 1651 uti
1664 1614 1727 1650 ex
1750 1599 1904 1650 radio
1934 1597 2140 1658 lumen,
2157 1611 2280 1648 cum

710 1691 885 1742 amba
947 1689 1358 1759 prazpositiones
1402 1688 1594 1742 iisdem
1644 1689 1847 1742 viribus
1900 1687 2280 1757 praepolleant.

713 1781 868 1834 Licet
919 1797 1175 1849 magnum
1233 1783 1376 1836 inter
1407 1798 1498 1835 eas
1528 1781 1633 1834 alio
1689 1781 1852 1834 modo
1907 1778 2280 1833 consideratus

712 1873 1011 1929 discrimen
1043 1876 1133 1938 sit,
1165 1876 1291 1929 dum
1329 1876 1558 1944 primam
1590 1888 1651 1926 ac
1683 1874 2016 1942 praecipuam
2059 1888 2280 1926 causam

713 1963 862 2016 Patri
895 1979 959 2016 ex
1009 1964 1338 2029 manifestet,
1405 1963 1646 2031 illudque
1678 1962 1820 2030 quod
1857 1962 2062 2030 absque
2120 1977 2284 2016 causa

712 2060 819 2112 est,
867 2053 935 2106 de
969 2053 1170 2122 quibus
1193 2063 1506 2108 sanctorum
1555 2052 1777 2106 Patrum
1825 2052 2046 2105 decreta
2076 2051 2128 2103 in
2163 2050 2287 2104 aliis

713 2143 916 2198 nostris
946 2144 1379 2207 commentariis,
1411 2143 1500 2197 cui
1543 2143 1594 2196 id
1623 2143 1839 2196 animus
1888 2151 1994 2205 est,
2029 2144 2286 2210 reperiet.

713 2232 873 2290 Nunc
898 2248 1030 2289 vero
1077 2251 1200 2290 cum
1230 2236 1393 2288 unius
1449 2243 1657 2288 natura;
1687 2233 1928 2303 ﬁguratae
1957 2234 2158 2287 divina:
2192 2234 2290 2305 Ity-

715 2337 984 2395 postases,
1042 2336 1098 2380 et
1149 2327 1392 2397 ejusdem
1442 2326 1668 2380 honoris
1719 2324 2174 2389 eonsiderentur,
2235 2336 2291 2379 et

715 2434 903 2472 eorum
931 2433 1050 2485 qua
1077 2425 1472 2487 repraesentant
1512 2417 1656 2470 idem
1691 2417 1832 2470 inter
1874 2432 1934 2470 se
1966 2426 2022 2471 ct
2069 2429 2290 2472 mutuus

721 2513 903 2566 honor
949 2511 1305 2580 proportione
1337 2510 1570 2580 quadam
1613 2511 1705 2570 sit.
1760 2520 1814 2563 et
1843 2509 2090 2564 eamdem
2126 2521 2288 2566 natu-

721 2620 840 2657 ram
882 2604 1219 2672 possideant.
1255 2619 1323 2656 ex
1367 2604 1566 2672 quibus
1604 2604 1771 2656 divini
1813 2608 2004 2660 Patres
2057 2605 2288 2670 dicunt,

719 2695 1104 2750 manifestatur
1149 2696 1398 2764 ejusdem
1457 2695 1683 2750 Deitatis
1717 2694 1984 2764 Spiritum
2042 2697 2290 2752 divinum

719 2788 861 2841 mitti
889 2779 961 2841 ex
994 2787 1281 2851 ambobus,
1315 2797 1369 2841 et
1417 2788 1494 2840 uti
1526 2803 1593 2842 ex
1615 2787 1880 2840 ambobus
1927 2788 2293 2843 essentialiter

718 2879 978 2942 eﬂusum,
1016 2895 1079 2933 ex
1113 2878 1274 2932 Patre
1307 2893 1502 2948 nempe
1546 2895 1644 2949 per
1675 2879 1894 2944 Filium,
1935 2881 2002 2933 ad
2051 2883 2295 2935 sanctiﬁ-

717 2972 946 3025 candam
979 2970 1209 3023 rationis
1235 2963 1544 3040 compOtem
1597 2982 1647 3024 et
1681 2971 2107 3026 intellectualem
2133 2988 2291 3027 crea—

715 3072 828 3116 tam
853 3063 1168 3123 essentiam,
1204 3061 1461 3122 indivise,
1495 3071 1551 3116 et
1578 3061 1646 3115 ab
1682 3071 1908 3125 aeterno,
1937 3064 2293 3131 quemadmo-

2377 585 2518 639 οὕτω
2548 586 2742 646 ταῦτα,
2779 587 2934 636 ποίαν
2967 585 3060 652 τὴν
3085 585 3149 636 ἐκ
3174 584 3274 651 τῆς
3309 579 3545 651 φυσικῆς
3571 574 3891 635 ἀκολουθίας
3930 577 3960 628 ὁ

2376 675 2532 742 λόγος
2568 674 2825 727 σύστασιν
2843 675 2975 739 ἕξει,
2994 676 3091 742 τὴν
3117 673 3309 732 ἀκτῖνα
3336 670 3562 738 φάσκων
3587 669 3651 719 ἐκ
3675 665 3770 719 τοῦ
3804 665 3957 734 ήλίου

2377 768 2435 819 τδ
2463 768 2580 834 φῶς
2601 767 2698 819 ἐπὶ
2734 767 2942 835 διανοίᾳ
2970 765 3062 818 τοῦ
3089 765 3165 835 μὴ
3194 764 3262 817 δι’
3287 763 3458 828 αὐτῆς
3486 760 3583 831 μὲν
3616 755 3781 821 εἶναι,
3813 758 3961 824 λαμ-

2380 859 2647 912 ϐάνουσαν
2687 859 2732 910 δ’
2766 857 3152 920 ἁποστέλλειν;
3190 855 3516 925 ὲτεροφυῖας
3571 851 3678 919 γὰρ
3711 849 3962 902 ἐντεῦθεν

2381 955 2702 1020 ἐμπεσεῖται
2751 951 3024 1022 τράνωσις
3053 949 3288 1011 τούτοις,
3319 947 3442 1015 οὐχὶ
3484 944 3762 1013 συμφυΐας
3795 944 3962 1008 ὄργα·

2380 1035 2557 1112 νικῆν,
2605 1043 2637 1111 ἢ
2692 1027 3078 1110 λέιτουργικὴν
3137 1040 3562 1108 ἀναμφιλέκτως
3619 1035 3719 1103 τῆς
3747 1036 3967 1094 ἀκτῖνος

2381 1136 2570 1205 χρείαν
2601 1133 3033 1204 ἀποπληρούσης
3058 1147 3073 1162 °
3111 1132 3255 1200 ἅπερ
3281 1132 3331 1182 oi.
3355 1130 3676 1198 θεοφεγγεῖς
3707 1126 3966 1194 λαμπτῆ-

2384 1245 2476 1296 ρες
2536 1227 2636 1296 τῆς
2709 1225 3038 1293 Ἐκκλησίας
3090 1225 3188 1276 σὺν
3243 1220 3490 1274 πλείοσιν
3541 1219 3727 1279 ἄλλαις
3767 1215 3964 1278 είκόσι,

2385 1316 2614 1368 καθόσον
2645 1320 2705 1368 ἐκ
2733 1315 2841 1367 τῶν
2870 1312 3108 1366 κτιστῶν
3132 1315 3280 1364 ἐστιν
3312 1309 3532 1376 ἐφικτὸν
3555 1309 3635 1369 είς
3665 1306 3968 1374 ἐμφέρειαν

2383 1405 2752 1473 ἀναλογοῦσαν
2791 1404 2890 1474 τῆς
2938 1403 3195 1457 ἀκτὶστου
3244 1399 3476 1470 Τριὰδος
3519 1397 4001 1466 παραδεδώκασι,

2383 1495 2842 1564 παραδεικνύντες
2871 1494 2968 1562 τὴν
2991 1496 3055 1544 ἐκ
3073 1492 3165 1544 τοῦ
3199 1491 3415 1558 Πατρὸς
3439 1489 3770 1557 ἀμφοτέρων
3800 1501 3969 1553 προσ-

2384 1587 2551 1640 ώπων
2578 1588 2815 1655 φυσικὴν
2847 1588 2938 1639 καὶ
2972 1586 3145 1639 ἀΐδιον
3204 1583 3439 1652 ὓπαρξιν
3481 1580 3612 1633 Υίοῦ
3651 1583 3747 1633 καὶ
3800 1580 3973 1633 Πνεῦ-

2389 1696 2577 1749 ματος,
2613 1679 2707 1731 καὶ
2729 1678 2818 1731 διὰ
2849 1677 2942 1731 τοῦ
2977 1675 3108 1730 Υίοῦ
3134 1678 3235 1746 τὴν
3267 1674 3362 1728 τοῦ
3406 1673 3744 1742 Πνεῦματος,
3779 1673 3855 1734 ὡς
3907 1673 3972 1723 ἐκ

2387 1770 2478 1824 τοῦ
2501 1771 2652 1838 ήλίου
2680 1772 2713 1840 ὴ
2743 1771 2902 1834 ἀκτίς
2925 1773 3043 1824 ἐστι
3066 1771 3161 1824 καὶ
3193 1769 3255 1823 τδ
3285 1770 3420 1837 φῶς.
3451 1769 3548 1821 καὶ
3576 1770 3666 1820 διὰ
3693 1767 3794 1835 τῆς
3818 1768 3973 1820 ἀκτῖ-

2389 1882 2474 1926 νος
2505 1866 2564 1917 τὸ
2587 1866 2723 1933 φῶς.
2767 1865 2932 1919 Ἀλλὰ
2987 1866 3081 1917 καὶ
3109 1866 3174 1917 ἐκ
3201 1860 3297 1915 τοῦ
3333 1861 3468 1913 Υίοῦ
3501 1858 3564 1912 τὸ
3595 1859 3838 1928 Πνεῦμα,
3895 1857 3970 1917 ὠς

2390 1955 2480 2008 καὶ
2532 1955 2728 2025 ἐκ·τῆς
2752 1956 2972 2017 ἀκτῖνος
3029 1952 3093 2004 τὸ
3122 1950 3258 2020 φῶς,
3315 1948 3598 2018 ἑκατέρων
3654 1945 3972 2014 προθέσεων

2389 2045 2623 2098 ἐνταῦθα
2674 2047 3016 2114 κεκτημένον
3060 2042 3119 2095 τὺ
3152 2041 3495 2109 ίσοδὺναμον,
3535 2042 3584 2092 εἰ
3619 2039 3713 2091 καὶ
3755 2037 3975 2106 μεγάλη

2388 2156 2474 2201 τις
2527 2137 2732 2209 ἑτέρως
2790 2136 2976 2189 ταῖσδε
3029 2135 3288 2204 διαφορὰ,
3325 2133 3493 2203 ήνίκα
3540 2132 3602 2183 τὸ
3634 2130 3853 2199 πρῶτον
3884 2132 3976 2180 καὶ

2355 2263 2358 2266 -
2390 2231 2620 2302 ἀρχικὸν
2679 2231 2857 2283 αἴτιον
2893 2227 2991 2280 τοῦ
3032 2229 3248 2296 Πατρδς
3301 2227 3334 2294 ή
3373 2225 3444 2276 ἐκ
3504 2225 3754 2292 ἐκφαίνει
3787 2225 3881 2273 καὶ
3915 2220 3977 2272 τὸ

2392 2325 2652 2387 ἀναίτιον,
2695 2323 2828 2393 περὶ
2862 2315 2937 2375 ὧν
2961 2319 3098 2374 ἄττα
3127 2321 3237 2381 τοῖς
3270 2318 3438 2380 θείοις
3465 2315 3840 2386 μυστηπόλοις
3873 2332 3977 2379 μυ·

2394 2419 2786 2484 σταγωγεῖται,
2827 2414 2938 2467 τῶν
2986 2412 3276 2483 ἡμετέρων
3320 2414 3378 2464 ἐν
3411 2410 3591 2471 ἄλλοις
3625 2409 3804 2475 λόγων
3839 2407 3980 2475 εὕρῃ

2393 2509 2460 2563 ἃν
2491 2512 2518 2563 ὁ
2542 2509 2889 2580 βουλόμενος.
2922 2506 3036 2560 Νῦν
3065 2504 3388 2574 δ’ὁμοφυῶν
3414 2503 3522 2555 τῶν
3554 2499 3981 2565 είκονιζομένων

2394 2605 2594 2658 θεῖκῶν
2643 2604 3002 2656 ὑποστάσεων
3060 2600 3489 2671 θεωρουμένων,
3530 2598 3625 2650 καὶ
3673 2595 3980 2665 ὁμοτίμων,

2393 2698 2489 2750 καὶ
2544 2695 2653 2748 τῶν
2712 2693 3097 2756 είκονιζόντων
3155 2692 3215 2745 τδ
3267 2692 3533 2761 ὁμότιμον
3583 2688 3716 2758 πρὸς
3770 2685 3980 2754 ἄλληλα

2393 2791 2536 2843 κατὰ
2573 2790 2635 2842 τὸ
2675 2787 3000 2854 ἀναλογοῦν,
3033 2786 3130 2838 καὶ
3161 2786 3221 2838 τὸ
3243 2784 3485 2854 ὀμοφυές
3521 2782 3772 2850 ἐχόντων,
3814 2781 3871 2845 ἐξ
3907 2772 3980 2830 ὧν

2396 2899 2562 2950 φασιν
2600 2885 2647 2934 οἱ
2676 2881 2931 2950 Θεηγόροι
2969 2879 3287 2947 τρανοῦται,
3323 2878 3399 2940 ὡς
3425 2876 3653 2945 ὀμόθεον
3689 2874 3748 2936 ἐξ
3777 2875 3985 2941 ἀμφιρῖν

2397 2974 2678 3041 πέμπεται
2713 2971 2938 3040 Πνεῦμα
2993 2970 3055 3023 τὺ
3107 2971 3274 3032 θεῖον,
3317 2968 3414 3020 καὶ
3453 2967 3526 3028 ὼς
3564 2966 3624 3029 ἐξ
3654 2966 3861 3032 ἀμφοῖν
3893 2963 3987 3015 οὖ-

2399 3065 2606 3126 σιωδῶς
2641 3063 3035 3133 προχεόμενον,
3069 3062 3242 3131 ἤγουν
3281 3061 3345 3112 ἐκ
3391 3058 3602 3126 Πατρδς
3640 3055 3707 3108 δι’
3747 3054 3880 3106 Tia-3
3907 3054 3986 3113 εἰς

718 3154 848 3206 dum
903 3167 968 3206 ex
998 3152 1266 3205 ambobus
1322 3152 1506 3205 lumen
1542 3153 1798 3213 mittitur.
1832 3152 1936 3205 hoc
1978 3162 2063 3205 est
2098 3153 2298 3208 illumi-
2325 3157 2369 3214 C

2325 3157 2369 3214 C
2404 3157 2678 3226 ἁγιασμὸν
2727 3155 2827 3223 τῆς
2882 3154 3114 3221 λογικῆς
3172 3154 3269 3205 καὶ
3312 3151 3506 3220 νοερᾶς
3553 3149 3777 3214 κτιστῆς
3799 3147 3988 3206 οὐσίας

719 3245 872 3298 natio
924 3259 1023 3314 per
1043 3259 1246 3305 aerem.
1289 3259 1356 3297 ex
1378 3245 1491 3298 sole
1524 3259 1724 3313 nempe
1782 3258 1880 3314 per
1910 3244 2120 3297 radium
2151 3245 2297 3299 indi-

720 3338 838 3390 vise
879 3335 1099 3405 profusa
1131 3336 1198 3389 ad
1224 3335 1506 3389 sensibilia
1566 3345 1856 3405 ereataque
1912 3336 2294 3401 illuminanda,

723 3429 826 3481 etsi
860 3444 968 3481 non
1022 3428 1090 3481 ab
1135 3436 1364 3489 aeterno,
1413 3426 1545 3494 ipsis
1580 3435 1761 3480 tamen
1823 3440 2026 3490 coaeva,
2080 3441 2298 3495 unaque

727 3535 851 3572 cum
888 3520 996 3572 illis
1021 3520 1313 3573 exsistetts.
1358 3517 1492 3570 Hine
1533 3519 1585 3570 in
1617 3518 1783 3571 rebus
1819 3517 2022 3571 divinis
2071 3516 2298 3586 pra'cel-

724 3610 1069 3664 ieutissimus
1122 3610 1481 3678 Epiphanius,
1542 3609 1596 3662 in
1646 3609 1931 3678 Ancyram,
1983 3609 2127 3662 inter
2170 3608 2298 3660 reli-

724 3721 831 3773 qua
864 3705 967 3758 alia
1001 3721 1120 3774 quae
1155 3704 1423 3766 decernit,
1457 3703 1575 3772 pari
1609 3701 1769 3754 modo
1792 3700 2026 3755 deﬁnit:
2065 3717 2084 3751 ι
2125 3698 2301 3769 Spiri-

728 3807 815 3850 tus
843 3809 1064 3850 sanctus
1108 3795 1344 3863 Spiritus
1369 3794 1616 3848 veritatis
1647 3803 1750 3858 est,
1779 3793 1960 3846 lumen
2021 3793 2242 3845 tertium
2271 3807 2302 3844 a

725 3885 889 3941 Patre
942 3899 996 3942 et
1043 3887 1197 3940 Filio.
1234 3906 1252 3937 ι
1310 3887 1376 3940 Et
1425 3885 1640 3939 divinus
1690 3884 1926 3954 Cyrillus
1991 3883 2301 3951 frequentia

726 3979 988 4046 variaque
1057 3978 1274 4031 Patrum
1321 3978 1491 4039 dicta,
1534 3993 1599 4029 ex
1639 3974 1798 4028 Patre
1851 3984 1906 4029 et
1948 3973 2084 4027 Filio
2122 3984 2177 4025 et
2209 3989 2304 4042 per

729 4066 932 4121 Filium
997 4069 1158 4137 plane
1202 4068 1573 4122 asseveratttia
1641 4066 1908 4135 Spiritum
1965 4074 2217 4119 sanctum
2250 4066 2303 4118 in

729 4173 900 4210 unum
950 4175 1212 4230 aggeratis
1262 4170 1313 4214 ct
1347 4166 1631 4224 exponen’s
1670 4159 1852 4228 primo
1884 4158 1951 4211 ad
2000 4158 2302 4212 Palladium

731 4251 890 4312 libro,
941 4269 958 4299 ι
991 4266 1054 4305 ex
1103 4251 1393 4314 ambobus,
1425 4253 1520 4309 ait.
1552 4249 1925 4303 essentialiter
1983 4248 2240 4307 eﬂ'usum.
2281 4267 2298 4300 ι

727 4358 795 4400 ex
830 4340 987 4395 Patre
1026 4357 1221 4412 nempe
1256 4359 1350 4412 per
1380 4343 1611 4405 Ftlitttn,
1644 4351 1700 4394 ut
1741 4351 1898 4393 antea
1932 4340 2192 4393 diximus.

810 4707 898 4758 Η.
940 4703 1056 4778 Qui
1116 4718 1246 4757 vero
1274 4718 1305 4756 e
1336 4712 1530 4757 ventre
1590 4704 1808 4766 clamat,
1857 4714 1914 4757 et
1954 4704 2023 4758 iis
2081 4720 2202 4773 quae
2241 4720 2307 4758 ex

735 4807 929 4851 ventre
994 4804 1144 4856 sunt.
1202 4795 1464 4856 adhaeret.
1499 4803 1697 4863 etquae
1740 4811 1803 4848 ex
1857 4796 1972 4864 ipsa
2029 4806 2308 4858 emanant,

740 4888 1033 4942 sententiis
1088 4902 1151 4939 ac
1182 4886 1365 4940 verbis
1401 4886 1686 4950 immanet,
1723 4887 1886 4939 etiam
1930 4885 2044 4941 haec
2091 4887 2311 4939 confar-

737 4978 933 5032 cinans
962 4977 1147 5030 subdit
1189 4991 1204 5030 :
1241 4994 1258 5026 ι
1296 4975 1350 5028 Si
1376 4975 1608 5044 Spiritus
1641 4976 2093 5046 progrediebatur
2129 4988 2310 5040 antea,

741 5069 914 5124 Filius
945 5084 1075 5123 vero
1116 5069 1467 5137 promittebat
1496 5067 1769 5138 Spiritum
1833 5069 2048 5121 mittere
2077 5085 2106 5121 a
2131 5068 2314 5134 Patre,

748 5165 855 5216 hoc
879 5171 965 5215 est
993 5176 1279 5216 assensum
1317 5162 1587 5230 praebere.
1625 5170 1680 5214 et
1710 5160 1997 5228 cooperari
2030 5170 2088 5214 ut
2111 5160 2202 5214 ille
2233 5176 2318 5214 ac-

746 5253 988 5306 cederet.
1021 5253 1176 5311 Nunc
1207 5269 1337 5305 vero
1369 5252 1538 5306 Filius
1586 5269 1710 5306 cum
1737 5255 1925 5306 ‘antea
1983 5253 2316 5315 advenisset,

749 5341 866 5410 ipse
898 5357 1087 5395 rursus
1132 5343 1379 5409 promisit
1415 5358 1472 5395 se
1512 5343 1801 5397 missmum
1851 5341 2140 5411 Spiritum.
2191 5362 2209 5393 ι
2257 5342 2321 5396 Et

755 5435 1026 5489 undenam
1093 5436 1211 5489 haec
1253 5436 1430 5489 sunt?
1462 5436 1536 5490 Ex
1578 5437 1778 5504 quibus
1817 5435 2038 5489 Patrum
2074 5434 2323 5488 traditio-

751 5527 913 5582 nibus
957 5537 1052 5582 aut
1114 5529 1446 5582 testimoniis
1487 5529 1693 5595 scripto
1758 5527 2048 5591 mandatis,
2108 5538 2202 5580 aut
2239 5527 2324 5581 his

756 5619 892 5688 ipsis
919 5603 1098 5672 verbis
1129 5622 1417 5691 expositis,
1445 5631 1534 5675 aut
1568 5623 1641 5675 ita
1667 5621 2037 5690 pronuntiatis
2066 5628 2125 5672 ut
2159 5634 2224 5672 ex
2257 5620 2324 5670 iis

759 5709 940 5779 colligi
971 5711 1151 5778 aliquo
1209 5715 1366 5767 modo
1414 5714 1645 5783 possint,
1693 5713 1887 5767 habuit
1915 5717 1938 5766 ἲ
1967 5712 2137 5766 Plane
2165 5712 2326 5765 dictis

754 5805 872 5862 suis
929 5805 1215 5859 continuat
1266 5807 1414 5861 nullo
1471 5808 1632 5864 modo
1679 5805 1942 5876 Spiritum
2003 5810 2327 5858 adventasse

2399 3249 2712 3317 ἀμερίστως
2744 3247 2838 3300 καὶ
2880 3246 3088 3310 ἀῖδίως,
3118 3243 3376 3310 καθάπερ
3424 3241 3484 3304 ἐξ
3518 3243 3727 3310 ἀμφοῖν
3766 3239 3828 3291 τὸ
3872 3240 3990 3304 φῶς

2399 3342 2699 3409 πέμπεται,
2729 3338 3010 3390 τουτέστιν
3044 3336 3313 3404 ἐλλαμψις
3344 3339 3376 3404 ή
3411 3335 3494 3396 εἰς
3517 3333 3607 3385 τὸν
3625 3333 3787 3400 ἀέρα,
3822 3333 3993 3400 ἤγουν

2400 3434 2463 3484 ἐκ
2493 3430 2588 3484 τοῦ
2619 3431 2770 3498 ήλίου
2804 3432 2890 3482 διὰ
2919 3429 3018 3496 τῆς
3045 3430 3261 3490 ἀκτῖνος
3284 3428 3600 3497 ὰμερῖστως
3634 3424 3846 3475 ἐκεῖθεν
3886 3439 3990 3488 πη-

2400 3521 2677 3590 γαξομένη
2697 3520 2805 3573 τῶν
2831 3517 3110 3586 αἰσθητῶν
3133 3520 3214 3580 είς
3248 3519 3450 3584 φαῦσιν
3469 3519 3562 3569 καὶ
3589 3514 3699 3567 τῶν
3730 3515 3992 3575 κτιστῶν,

2402 3615 2451 3666 εἰ
2473 3615 2567 3665 καὶ
2601 3615 2676 3681 μὴ
2715 3613 2926 3674 ὰῖδίως,
2953 3612 3068 3664 ἀλλ’
3101 3605 3196 3664 οὖν
3231 3609 3307 3672 ὡς
3350 3610 3651 3677 σύγχρονος
3684 3608 3874 3668 αὐτοῖς
3901 3609 3996 3658 καὶ

2405 3703 2807 3775 συνύπαρκτος.
2845 3703 3010 3756 Ὅθεν
3033 3704 3061 3756 δ
3091 3703 3158 3754 τὰ
3200 3702 3318 3754 θεῖα
3352 3701 3520 3764 πολὺς
3567 3699 3888 3767 Ἐπιφάνιος
3939 3700 3997 3748 ἐν

2402 3797 2482 3866 τῷ
2517 3794 2862 3865 Ἀγκυρωτῷ
2893 3796 3036 3866 μετὰ
3067 3796 3176 3847 τῶν
3205 3795 3382 3849 ἄλλων
3403 3787 3477 3846 ὧν
3519 3793 3764 3859 θεολογεῖ
3805 3808 3998 3859 παρα-

2404 3889 2651 3957 πλησίως
2675 3888 2940 3953 διέξεισιν
2958 3886 3158 3940 οὑτωσί
3188 3905 3201 3917 ·
3247 3905 3265 3938 ι
3300 3885 3526 3954 Πνεῦμα
3559 3885 3716 3951 ἅγιον
3768 3883 3998 3950 Πνεῦμα

2381 3981 2668 4052 ’ἀληθείας
2701 3983 2842 4046 ἐστὶ,
2885 3982 3000 4050 φῶς
3023 3980 3210 4050 τρίτον
3241 3980 3392 4048 παρὰ
3420 3979 3632 4047 Πατρδς
3664 3979 3758 4028 καὶ
3785 3978 3943 4030 Υῖοῦ.
3973 3996 3992 4027 ι

2408 4073 2517 4125 Καὶ
2550 4071 2818 4141 Κύριλλος
2847 4074 2875 4123 ό
2902 4071 3188 4133 θεσπέσιος
3215 4070 3314 4132 τὰς
3345 4071 3548 4139 συχνὰς
3584 4069 3680 4121 καὶ
3701 4069 4000 4137 διαφόρους

2407 4163 2516 4215 τῶν
2547 4163 2833 4231 πατρικῶν
2877 4163 3113 4231 ῥήσεων,
3143 4163 3252 4215 τῶν
3281 4163 3344 4214 ἐκ
3376 4160 3472 4213 τοῦ
3511 4160 3726 4228 Πατρὸς
3777 4162 3869 4212 καὶ
3903 4159 4000 4210 τοῦ

2410 4254 2562 4312 Υἰοῦ,
2594 4256 2687 4306 καὶ
2716 4255 2802 4306 διὰ
2839 4253 2930 4305 τοῦ
2967 4253 3096 4306 Υίοῦ
3135 4252 3325 4321 σαφῶς
3359 4250 3734 4319 θεολογουσῶν
3769 4249 4001 4314 Πνεῦμα

2409 4346 2471 4399 τὸ
2504 4347 2677 4412 ἆγιον,
2718 4348 2796 4407 εἰς
2848 4347 3015 4397 ταυτὸ
3047 4345 3299 4412 συνάγων
3330 4345 3423 4396 καὶ
3477 4343 3794 4410 σαφηνίζων
3831 4344 3891 4392 ἐν
3923 4341 4001 4407 τῷ

2413 4439 2616 4504 πρώτῳ
2667 4436 2776 4487 τῶν
2806 4436 2943 4503 πρὸς
2974 4435 3291 4496 Παλλάδιον,
3329 4452 3347 4484 ι
3396 4433 3488 4496 Ἐξ
3537 4435 3740 4500 ἀμφοῖν
3795 4433 4001 4483 οὐσιωο

2342 4507 2385 4559 D
2415 4527 2541 4589 δὼς,
2580 4547 2597 4578 ι
2630 4528 2784 4594 φησὶ,
2827 4544 2846 4576 ι
2891 4526 3284 4596 προχεόμενον,
3330 4544 3347 4574 ι
3391 4526 3559 4592 ἤγουν
3591 4525 3656 4575 ἐκ
3683 4523 3900 4591 Πατρδς
3933 4522 4002 4574 δι’

2418 4619 2550 4671 Υίοῦ
2573 4619 2633 4671 τὸ
2664 4619 2908 4686 Πνεῦμα,
2943 4619 3018 4679 ὡς
3047 4616 3482 4683 προεκτέθειται.

2493 4712 2584 4764 ια’.
2629 4711 2687 4763 ὐ
2716 4711 2760 4761 δ’
2791 4711 2898 4762 ἀπὸ
2920 4710 3124 4771 κοιλίας
3148 4709 3362 4776 φωνῶν,
3381 4709 3474 4760 καὶ
3501 4708 3610 4767 τοῖς
3646 4705 3752 4758 ἀπὸ
3793 4706 4006 4766 κοιλίας

2423 4802 2665 4870 αοιχῶν,
2704 4803 2936 4862 καὶτοῖς
2983 4800 3078 4854 ἀπ’
3138 4800 3309 4868 αὐτῆς
3343 4797 3597 4868 ἐμμένων
3661 4800 3872 4868 ῥήμασι
3911 4801 4008 4850 καὶ

2421 4896 2678 4963 νοήμασι,
2703 4895 2795 4946 καὶ
2831 4893 2955 4945 τάδε
2982 4892 3242 4962 συνείρων
3275 4893 3471 4956 ἐπάγει
3501 4907 3514 4921 ο
3555 4909 3573 4941 ι
3601 4890 3662 4942 El
3688 4891 3748 4940 τὸ
3778 4890 4006 4956 Πνεῦμα

2423 4985 2686 5052 ἐπεδήμει
2722 4983 3005 5053 πρότερον,
3041 4981 3235 5051 ἔμελλε
3261 4980 3316 5032 δὲ
3348 4982 3376 5032 ὁ
3404 4979 3550 5041 Υἱὸς,
3584 4979 3678 5031 καὶ
3725 4980 4007 5046 ἐπηγγέλ-

2425 5079 2546 5129 λετο
2573 5076 2639 5128 ἂν
2671 5075 2906 5143 πέμψειν
2934 5076 3095 5126 αὑτὸν
3126 5075 3275 5142 παρὰ
3303 5070 3397 5126 τοῦ
3426 5070 3638 5141 Πατρὸς
3660 5069 3720 5120 τδ
3757 5069 4002 5134 Πνεῦμα,

2426 5170 2589 5237 ιήτουν
2613 5167 2925 5234 εὐδοκήσειν
2949 5166 3042 5217 καὶ
3073 5164 3429 5233 συνεργήσειν
3464 5161 3761 5230 ἀφικέσθαι
3813 5162 4001 5211 αὐτόν.

2425 5259 2539 5312 Νῦν
2560 5258 2615 5309 δὲ
2645 5260 2672 5310 ὁ
2700 5257 2827 5319 Υἱὸς
2855 5257 2978 5309 ἐπεὶ
3008 5252 3275 5324 ’πρότερον
3305 5254 3674 5322 ἐπεδήμησεν,
3707 5251 3868 5312 αὐτὸς
3906 5248 3973 5301 αὖ

2430 5350 2512 5413 θις
2547 5349 2910 5416 ἐπηγγείλατο
2930 5347 3170 5415 πέμψειν
3217 5345 3278 5398 τὸ
3312 5343 3554 5412 Πνεῦμα.
3592 5362 3609 5393 ι
3669 5343 3777 5395 Καὶ
3844 5338 4010 5394 πάθεν

2428 5438 2599 5492 ταῦτα
2627 5456 2641 5502 ς
2670 5441 2731 5490 ἐκ
2766 5439 2933 5490 ποίων
2971 5437 3316 5505 παραδόσεων
3337 5436 3429 5487 καὶ
3458 5432 3777 5502 μαρτυριῶν
3800 5447 4008 5497 γραφι-

2431 5531 2562 5593 κῶν,
2629 5530 2752 5599 ἢτὸ
2799 5528 3123 5596 συνάγεσθαι
3170 5525 3558 5595 δεικνυμένων,
3616 5523 3648 5593 ἢ
3708 5522 4012 5586 τιθεμένων

2436 5621 2613 5687 ῥητῶς
2631 5619 2962 5686 ὁπουδήποτε
2990 5635 3004 5682 ;
3054 5617 3346 5686 Ἐμφανῶς
3374 5616 3429 5680 ἐξ
3459 5610 3532 5668 ὧν
3569 5631 3700 5685 φησι
3734 5611 4010 5665 διαόεϐαι-

2433 5710 2586 5762 οῦται
2623 5709 2884 5779 μηδαμῶς
2916 5709 3211 5775 ἐπῶημῦαν
3237 5706 3490 5774 γενέσθαι
3541 5705 3634 5757 τοῦ
3693 5703 4010 5768 Πνεῦματος

2439 5806 2540 5874 πρὸ
2573 5806 2671 5872 τῆς
2701 5805 2760 5854 ὲν
2791 5801 3022 5882 ὑπερῴῳ
3051 5800 3461 5870 ἐπηγγελμένης
3516 5799 3708 5854 τούτου
3740 5809 4006 5863 καταφοι-
