4220 6444
661 379 664 382 ’
709 398 839 461 tati

1925 389 2243 449 GEORGII
2291 384 2749 447 METOCUITJi

3819 368 3956 433 1348

705 511 773 564 ad
803 509 1093 562 universos
1113 503 1408 558 adventum
1439 502 1782 572 recognoscit
1801 503 2020 556 ditinus
2046 503 2134 555 hic
2164 517 2281 554 ma-

2409 520 2410 547 :
2448 495 2555 551 ἾΙν
2580 515 2700 550 τινα
2737 495 2813 562 τῷ
2847 493 3080 562 Σωτῆρι,
3117 491 3211 544 καὶ
3236 490 3283 542 εἰ
3314 487 3523 540 πολλῶν
3556 485 3961 550 ἐνεπίμπλαντο

703 613 918 670 gnaque
939 613 1072 652 voce
1097 595 1358 665 praeditus
1395 610 1704 647 sermonem
1734 595 2054 662 prazripiens
2085 593 2280 646 dissol-

704 693 818 755 vit,
873 689 1180 756 refellitque
1229 687 1433 752 dubia,
1479 694 1536 739 et
1589 685 1952 754 oppositionis
2009 693 2282 737 momenta

705 782 1020 839 manifestat
1067 796 1082 832 :
1111 797 1129 830 ι
1157 777 1508 848 ,δυροτοηηι
1537 778 1782 845 quaedam
1809 776 2076 829 Salvatori
2103 791 2223 842 qua:
2254 790 2282 826 a

705 871 1373 946 discipulis,licetalioqui
1393 870 1679 938 multiplici
1711 869 1957 924 doctrina
1991 869 2285 936 impleren-

708 979 817 1030 tur,
857 977 988 1020 tunc
1027 976 1210 1018 tamen
1277 962 1484 1032 portari
1547 977 1710 1031 posse
1771 963 2025 1031 negabat,
2073 960 2144 1014 ob
2191 974 2286 1012 eas

705 1056 1138 1127 quasinsinuavi
1179 1069 1394 1117 causas,
1425 1062 1590 1120 atque
1631 1052 1684 1104 id
1707 1060 1854 1103 certe
1903 1067 1966 1102 ea
2012 1049 2144 1117 ipsis
2189 1064 2286 1100 oc-

711 1150 973 1221 cultabat,
1009 1160 1308 1212 rursusque
1335 1144 1554 1197 dicebat
1577 1142 1715 1202 fore,
1754 1152 1812 1194 ut
1841 1142 1910 1194 ab
1960 1139 2286 1193 adveniente

709 1240 920 1309 Spiritu
951 1238 1134 1292 omnia
1169 1237 1565 1297 edocerentur,
1601 1252 1620 1284 ι
1673 1231 1779 1286 Sed
1827 1241 1882 1286 et
1933 1232 2182 1285 Salvator
2232 1231 2287 1281 in

705 1338 816 1386 line
845 1331 1171 1385 sae-culorum
1199 1343 1365 1382 carne
1394 1327 1681 1380 advenisse
1711 1325 1933 1386 dicitur,
1965 1333 2093 1376 etut
2124 1323 2290 1374 homo

711 1427 767 1479 in
802 1434 942 1478 terra
967 1421 1324 1475 consuevisse
1364 1438 1376 1470 :
1409 1421 1485 1472 uti
1521 1434 1654 1472 vero
1690 1418 1832 1470 Deus
1880 1424 2143 1484 perpetuo
2193 1413 2292 1466 ad-

709 1516 989 1578 veniebat,
1016 1529 1126 1566 non
1155 1520 1366 1565 tantum
1398 1511 1544 1580 quod
1576 1509 1834 1564 omnibus
1869 1508 2006 1562 locis
2051 1509 2288 1567 adesset,

712 1608 808 1662 sed
864 1605 1009 1674 quod
1063 1605 1228 1658 etiam
1285 1603 1422 1657 locis
1481 1618 1544 1656 ac
1573 1601 1823 1670 petsonis
1848 1599 2036 1660 certis,
2085 1596 2164 1649 uti
2191 1597 2292 1648 ista

713 1716 911 1769 capere
955 1707 1228 1768 poterant,
1261 1704 1552 1766 appareret
1579 1713 1595 1760 ;
1636 1709 1761 1748 cum
1789 1703 1842 1747 et
1873 1691 2199 1746 Tiinitatem
2238 1691 2293 1742 in

717 1792 1076 1850 tabernaculo
1114 1791 1459 1844 Abrahamus
1489 1802 1656 1842 verus
1691 1787 1836 1839 illius
1884 1799 2076 1839 servus
2112 1782 2294 1851 hospi-

2387 591 2746 666 μαθημάτων,
2780 587 2815 641 ἀ
2857 587 2930 655 μὴ
2973 584 3231 636 δύνασθαι
3283 575 3652 648 βασταχθῆναι
3704 577 3821 627 τότε
3851 578 3963 636 τοῖς

2387 665 2678 752 μαθηταῖς,
2705 679 2770 730 δι’
2799 676 2864 736 ἃς
2895 672 3044 728 εἷπον
3069 673 3198 734 ἴσως
3223 673 3423 731 αἰτίας,
3461 670 3553 720 καὶ
3570 667 3659 720 διὰ
3676 665 3832 718 τοῦτο
3857 683 3964 716 πα-

2387 772 2777 843 ρεκαλύπτετο,
2803 769 2894 820 καὶ
2923 766 3081 818 πάλιν
3119 765 3292 815 πάντα
3349 758 3768 828 διδαχθήσεσθαι
3818 757 3966 822 ὑμεῖς

2387 867 2490 919 ὑπὸ
2527 865 2621 916 τοῦ
2647 862 2958 930 Πνεύματος
2983 859 3403 927 ἐπιδημήσαντος.
3446 872 3463 904 ι
3489 852 3649 904 Ἀλλά
3678 852 3770 903 καὶ
3790 851 3820 902 6
3845 850 3966 900 Σωο

2387 959 2488 1026 τὴρ
2518 957 2598 1017 είς
2623 957 2687 1007 τά
2709 954 2838 1020 τέλη
2862 953 2968 1003 τῶν
3011 948 3219 1002 αἰώνων
3250 946 3551 1013 ἐνδημῆσαι
3609 945 3771 1014 σαρκὶ
3818 942 3974 1006 λέγε-

2388 1063 2505 1106 ται,
2540 1044 2635 1095 καὶ
2661 1042 2735 1103 ὡς
2759 1040 3047 1108 ἄνθρωπος
3074 1034 3487 1104 ἀναστραφῆναι
3515 1033 3581 1101 τῇ
3606 1035 3695 1100 γῇ.
3740 1030 3889 1081 Καθίι
3913 1029 3970 1079 δὲ

2389 1136 2520 1197 Θεὸς
2546 1133 2791 1201 ἐνδημῶν
2817 1125 2886 1199 ἦν
2913 1131 3021 1190 ἀεὶ,
3053 1127 3112 1179 οὐ
3137 1128 3276 1178 κατά
3309 1127 3369 1176 1:6
3402 1121 3678 1191 πανταχοῦ
3709 1123 3972 1188 παρεῖναι

2394 1228 2576 1295 μόνον,
2610 1225 2728 1277 ἀλλ’
2753 1225 2833 1276 ὃτι
2859 1222 2952 1275 καὶ⁸
2975 1220 3161 1280 τόποις
3184 1220 3276 1269 καὶ
3298 1213 3612 1285 προσώποις
3638 1213 3972 1280 ὡρισμένοις

2389 1314 2458 1380 ἦν
2487 1317 2718 1370 καθόσον
2748 1312 2992 1384 χωρητδν
3009 1310 3396 1374 ὀπτανόμενος.
3437 1306 3589 1358 Ἐπεὶ
3620 1304 3713 1356 καὶ
3737 1305 3770 1371 ἡ
3800 1301 3974 1370 Τριάς

2392 1416 2449 1465 ἑν
2479 1413 2652 1479 σκηνῇ
2688 1406 2952 1471 ξενίζεται
2979 1406 3044 1473 τῇ
3071 1402 3160 1454 τοῦ
3199 1400 3470 1468 Ἀδραάμ.
3496 1397 3625 1464 παρ’
3659 1395 3826 1449 αὐτοῦ
3880 1395 3975 1446 τοῦ

2393 1502 2621 1572 γνησίου
2641 1499 2844 1566 ταύτης
2866 1496 3216 1564 θεράποντος,
3250 1491 3344 1543 καὶ
3373 1491 3401 1542 6
3426 1488 3840 1558 ἀπερίγραπτος
3868 1485 3979 1537 Λόο

2394 1610 2486 1660 γος
2510 1590 2601 1642 τοῦ
2625 1587 2760 1640 Θεοῦ
2785 1583 2987 1638 κατιὼν
3018 1584 3129 1644 τοίς
3159 1581 3314 1632 παισὶ
3347 1577 3814 1647 συμπαρίσταται,
3847 1574 3980 1638 δρο-

2396 1683 2558 1744 σίζων
2579 1681 2764 1739 αὐτοῖς
2790 1677 2889 1745 τὴν
2917 1674 3167 1742 κάμινον.
3205 1672 3303 1723 ‘Ov
3335 1671 3430 1722 καὶ
3457 1671 3484 1722 6
3531 1668 3790 1737 τύραννος
3841 1665 3981 1716 Osui-

2400 1774 2506 1844 ρῶν
2533 1771 2912 1838 ἐξεπλήττετο,
2971 1766 3068 1818 καὶ
3106 1763 3244 1817 Θεοῦ
3281 1761 3408 1816 Υίὺν
3441 1757 3580 1813 εἶναι
3607 1758 3978 1825 ἀνωμολόγει,

717 1887 793 1940 tio
851 1885 1120 1952 excipiat,
1178 1892 1236 1936 et
1296 1879 1828 1948 incircumscriptum
1905 1875 1997 1930 Dei
2058 1874 2295 1928 Verbum

2409 1869 2491 1918 tul
2520 1867 2554 1934 ὴ
2607 1860 2902 1927 Ἐκκλησία
2937 1857 3145 1926 συχνῶς
3201 1854 3344 1909 οὕτω
3384 1852 3662 1921 ψάλλουσα
3720 1848 3978 1918 μελῳδεῖ.

718 1991 824 2029 una
850 1976 1010 2028 simul
1033 1989 1156 2027 cum
1183 1974 1370 2042 pueris
1407 1983 1568 2034 astat,
1588 1972 1864 2026 fornacem
1916 1985 2042 2022 rore
2101 1982 2292 2037 asper-

719 2083 874 2134 gens,
904 2081 1067 2135 quem
1105 2075 1370 2135 tyrannus
1437 2063 1670 2117 intuitus
1708 2062 2038 2128 obstupebat
2093 2070 2150 2113 et
2197 2058 2294 2112 Dei

719 2158 914 2210 Filium
951 2172 1074 2210 esse
1101 2159 1391 2218 fatebatur,
1420 2165 1474 2209 et
1527 2154 1770 2208 Ecclesia
1803 2154 2119 2220 frequenter
2149 2151 2297 2204 hunc

722 2250 774 2301 in
799 2249 1017 2300 modum
1055 2249 1320 2301 concinit.
1359 2246 1424 2299 Et
1451 2247 1518 2300 de
1544 2247 1648 2311 his,
1669 2260 1794 2297 cum
1826 2243 1991 2296 multa
2023 2243 2298 2310 supersint

719 2341 970 2403 dicenda,
1026 2340 1142 2392 hare
1202 2339 1335 2391 satis
1381 2339 1523 2390 dicta
1575 2334 1704 2397 sint,
1752 2343 1807 2388 et
1850 2332 2193 2402 potissimum
2229 2331 2298 2384 de

724 2431 981 2484 missione
1005 2427 1263 2497 Spiritus,
1287 2443 1448 2495 quam
1488 2426 1628 2479 male
1657 2435 1711 2480 et
1761 2439 1922 2493 quam
1989 2421 2297 2491 perniciose

722 2537 784 2593 ea
812 2521 879 2575 ab
910 2518 1225 2573 adversario
1257 2518 1580 2586 accipiatur,
1627 2529 1682 2570 et
1744 2523 1877 2585 quot
1911 2521 1965 2566 et
2006 2511 2184 2582 qualia
2232 2514 2298 2564 de

2404 1959 2510 2009 Kal
2535 1955 2664 2022 περὶ
2701 1951 2800 2019 μὲν
2833 1949 3040 2002 τούτων
3070 1945 3338 2000 πλείστων
3389 1947 3470 2006 εἰς
3515 1944 3576 1995 τὸ
3619 1942 3799 2008 λέγειν
3849 1937 3983 2005 ἑξῆς

2401 2049 2569 2100 δντων
2601 2045 2719 2106 an;
2743 2042 2933 2096 ἐνθάδε
2971 2059 2985 2071 ·
3021 2041 3055 2111 ἢ
3106 2040 3306 2108 μᾶλλον
3349 2037 3476 2104 περὶ
3531 2032 3836 2101 ἀποστολῆς
3882 2030 3984 2099 τῆς

2399 2138 2493 2190 τοῦ
2523 2135 2860 2203 Πνεὺματος,
2887 2134 3032 2194 ὅπως
3059 2128 3198 2199 αὓτη
3227 2126 3304 2197 τῷ
3326 2124 3812 2193 ἀντιδιατιθεμένῳ
3861 2121 3986 2173 λιαν

2401 2228 2712 2298 ἐπισφαλῶς
2770 2227 3045 2293 εἴληπται,
3097 2225 3191 2276 καὶ
3245 2224 3345 2276 ὅσα
3390 2220 3483 2275 καὶ
3511 2215 3599 2272 οἷα
3628 2219 3754 2287 περὶ
3811 2216 3986 2282 αὐτῆς

2404 2325 2647 2390 Πατέρες
2696 2319 2746 2370 oi.
2791 2315 3181 2385 θεοπρόὸλητοι
3228 2310 3553 2378 θεολογικῶς
3598 2307 3986 2379 παραδιδόντες

2401 2415 2733 2474 διδάσκουσι,
2785 2409 2879 2460 καὶ
2929 2407 3129 2469 ἱκανῶς
3187 2405 3403 2475 εῐρηταί
3454 2418 3516 2454 τε
3547 2402 3643 2455 καὶ
3667 2399 3990 2470 διηυκρίνη-

2401 2524 2513 2560 ται.

725 2586 790 2666 ea
835 2630 863 2664 a
915 2612 1024 2666 Deo
1092 2611 1330 2680 promoui
1385 2611 1572 2666 Patres
1613 2610 1988 2682 theologorum
2043 2621 2198 2662 more
2285 2604 2566 2659 tradentes
2633 2599 2936 2661 instruunt,
2980 2593 3198 2649 abunde
3249 2591 3458 2648 dictum
3501 2605 3567 2645 ac
3625 2586 3988 2659 dijudicatum

728 2709 837 2755 est.

802 2789 890 2842 1‘2.
946 2787 1100 2841 Nunc
1162 2801 1290 2840 vero
1317 2801 1412 2840 eos
1471 2787 1565 2855 qui
1616 2787 1895 2842 aCliristo
1918 2788 2092 2843 vocati
2148 2795 2298 2850 sunt,

729 2881 873 2952 quod
913 2880 1100 2934 fmderi
1131 2894 1294 2932 aures
1325 2880 1618 2943 dederunt,
1665 2888 1723 2933 et
1756 2895 1944 2948 pacem
2002 2876 2300 2935 exosculati

731 2983 880 3033 sntit,
921 2972 1265 3025 adversarius
1295 2971 1595 3024 criminans
1622 2971 1760 3024 infra
1816 2973 2041 3025 scribit:
2087 2991 2105 3023 ι
2138 2971 2306 3024 Mani-

731 3063 1582 3132 lestare,inqniunt,eﬂ'undere,
1641 3074 1695 3117 et
1752 3065 2048 3132 procedere
2105 3064 2304 3128 laci-re,

2479 2779 2566 2849 ιβ’.
2603 2779 2719 2832 Νῦν
2738 2778 2795 2830 δὲ
2827 2778 2951 2839 τοὺς
2970 2775 3079 2828 ἀπὸ
3109 2774 3344 2843 Χριστοῦ
3376 2773 3745 2843 κεκλημένους
3770 2772 3832 2822 τὸ
3849 2771 3990 2839 πρὸς

2411 2871 2692 2942 είρηναίας
2725 2868 3068 2936 καταλλαγάς
3090 2867 3302 2920 ἀπιδεῖν
3359 2865 3679 2935 αἰτιώμενος
3701 2864 3936 2932 καθεξῆς
3967 2865 3993 2916 6

2411 2963 2688 3024 ἀντίθετος
2718 2963 2915 3030 φάσκει
2949 2974 2963 2989 ·
3004 2978 3023 3010 ι
3069 2959 3142 3011 Τὸ
3172 2959 3514 3025 ἐμφανίζειν,
3550 2961 3703 3027 φασὶ,
3782 2956 3842 3007 τὺ
3902 2960 3994 3008 ἐκ·

2412 3060 2550 3126 χεῖν,
2582 3057 2675 3109 καὶ
2705 3057 2765 3106 τὸ
2793 3053 3112 3122 ἑκπορεύειν
3150 3052 3365 3104 ταυτὸν.
3401 3049 3574 3106 Ὅταν
3599 3047 3692 3102 οὖν
3723 3051 3750 3102 6
3778 3048 3990 3100 Δεσπό-

733 3158 876 3208 idem
911 3166 1014 3208 est.
1036 3154 1171 3209 Cum
1205 3155 1388 3221 itaque
1423 3152 1684 3206 Dominus
1732 3154 1892 3208 Jesus
1927 3155 2060 3209 dicit
2089 3171 2147 3209 se
2185 3170 2304 3208 ma-

2409 3165 2503 3217 της
2557 3147 2762 3216 Ἰησοῦς
2796 3145 3114 3214 ἐμφανίζειν
3155 3145 3348 3196 ἑαυτὸν
3370 3145 3483 3206 τοῖς
3542 3141 3892 3204 ἀποστόλοις,
3942 3142 3991 3195 οἱ

729 3246 1114 3302 nifestaturum
1145 3243 1446 3312 discipulis,
1476 3255 1532 3296 et
1562 3244 1638 3297 illi
1663 3244 2004 3307 addubitant,
2055 3260 2223 3312 quare
2247 3259 2304 3299 se

732 3341 842 3394 illis
890 3336 1343 3392 matiil‘eststurus
1408 3345 1601 3398 esset,
1651 3346 1706 3390 et
1779 3351 1886 3389 non
1953 3338 2199 3391 mundo?
2248 3337 2304 3392 Si

734 3430 1088 3487 manifestare
1135 3429 1278 3482 idem
1317 3427 1504 3493 fuerit,
1540 3436 1596 3480 et
1629 3427 1929 3496 procedere
1980 3427 2159 3480 facere
2211 3441 2311 3480 ne-

732 3523 974 3578 cessario
1004 3522 1135 3591 ipsis
1162 3518 1560 3584 asserentibus,
1616 3520 1972 3587 semetipsum
2014 3518 2308 3586 procedere

735 3617 914 3670 lacere
963 3614 1015 3666 in
1071 3612 1192 3665 illos
1239 3611 1528 3678 promittit,
1569 3610 1713 3679 quod
1761 3609 1845 3662 vel
1892 3619 2075 3663 mente
2104 3611 2309 3679 agitare

734 3707 1033 3763 absurdum
1070 3711 1152 3757 est
1177 3713 1339 3771 atque
1369 3702 1620 3772 impium.
1650 3703 1716 3756 Et
1757 3717 1882 3756 cum
1931 3703 2073 3755 Deus
2133 3703 2311 3756 mani-

735 3800 936 3852 festare
958 3793 1315 3862 semetipsum
1345 3791 1514 3862 Moysi
1545 3793 1845 3846 secundum
1895 3791 2138 3856 eosdem,
2170 3793 2312 3862 seip-

735 3905 856 3942 sum
905 3884 1200 3955 procedere
1256 3882 1438 3936 facere
1496 3881 1638 3936 Deus
1686 3881 1858 3936 dicit:
1899 3881 1942 3936 si
2003 3884 2312 3936 necessario

735 3973 1016 4026 en'undere
1046 3980 1099 4023 et
1131 3973 1430 4039 procedere
1447 3967 1628 4023 facere
1669 3971 1810 4023 idem
1845 3979 1995 4033 sunt,
2049 3971 2093 4023 si
2149 3970 2314 4041 igitur

736 4062 973 4132 Spiritus
997 4061 1206 4114 diceret
1231 4059 1540 4124 eﬂ‘undere,
1572 4059 1801 4113 haberet
1839 4060 1944 4113 hoc
1971 4075 2192 4114 causam
2223 4077 2316 4115 ve-

738 4155 1042 4216 risimilem,
1070 4153 1196 4207 licet
1222 4168 1333 4206 non
1363 4166 1572 4221 veram,
1597 4165 1746 4204 nunc
1782 4166 1914 4206 vero
1949 4169 1968 4202 ι
2004 4167 2072 4206 ex
2102 4153 2311 4222 Spiritu

742 4261 866 4300 meo
905 4263 923 4296 ι
963 4245 1120 4299 dicit.
1147 4245 1306 4310 Quod
1342 4245 1384 4298 si
1413 4243 1555 4296 idem
1585 4252 1669 4296 est
1701 4242 1913 4296 mittere
1935 4253 1990 4297 et
2021 4244 2315 4312 procedere

741 4339 941 4399 facere,
971 4333 1208 4404 Spiritus
1235 4343 1457 4388 sanctus
1474 4334 1615 4402 apud
1641 4331 1832 4385 Isaiam
1849 4332 2041 4386 Filium
2069 4333 2313 4393 mittens,

744 4429 1036 4501 procedere
1067 4426 1196 4482 iacit
1219 4427 1433 4497 ipsum._
1461 4444 1480 4476 ι
1524 4425 1871 4495 Manifesta"
1899 4426 2080 4479 nullus
2115 4441 2181 4478 ex
2234 4426 2318 4479 di-

2410 3239 2465 3290 ὁὲ
2494 3237 2782 3308 ἀποροῦσι,
2813 3237 2956 3289 διατί
2986 3237 3169 3298 αὐτοῖς
3203 3237 3385 3304 μέλλει
3413 3234 3602 3287 ἑαυτὸν
3646 3233 3992 3301 ἐμφανίζειν,

2412 3331 2504 3382 καὶ
2535 3331 2656 3396 οὐχὶ
2677 3331 2754 3398 τῷ
2788 3329 2976 3396 κόσμῳ
3003 3344 3020 3392 ;
3050 3329 3099 3380 εἰ
3131 3329 3191 3379 τὸ
3216 3326 3537 3398 ἐμφανίζειν
3573 3326 3768 3379 ταυτόν
3799 3325 3875 3397 τῷ
3900 3328 3992 3379 ἑκ-

2415 3417 2688 3486 πορεύειν,
2723 3418 2779 3482 ἐξ
2813 3418 3056 3485 ἀνάγκης
3084 3415 3204 3468 κατ’
3226 3417 3424 3478 αὐτοὺς
3449 3415 3639 3468 ἑαυτὸν
3669 3416 3994 3484 ἑκπορεύειν

2415 3511 2598 3572 αὐτοῖς
2621 3509 3035 3575 ἐπαγγέλλεται,
3070 3507 3099 3558 6
3133 3508 3198 3576 δὴ
3224 3509 3473 3574 ἐννοῆσαι
3498 3507 3701 3561 ἄτοπόν
3739 3510 3858 3560 ἑστι
3898 3512 3994 3561 καὶ

2414 3601 2627 3661 ἀσεὸές.
2663 3602 2769 3652 Kal
2790 3601 2877 3652 ὅτε
2909 3602 2938 3652 6
2988 3599 3120 3660 Θεὸς
3159 3597 3478 3667 ἐμφανίζειν
3516 3599 3709 3651 ἑαυτὸν
3745 3616 3880 3668 φησι
3921 3601 3996 3668 τῷ

2417 3692 2640 3744 Μωῡσεί
2669 3691 2789 3743 κατ’
2817 3691 3038 3753 αὐτοὺς,
3085 3691 3277 3745 ἑαυτὸν
3330 3691 3654 3760 ἑκπορεύειν
3686 3693 3715 3743 6
3747 3692 3882 3752 Θεδς
3915 3692 3998 3744 λέ-

2417 3800 2522 3850 γει.
2566 3802 2586 3834 ι
2631 3784 2740 3835 Καὶ
2765 3784 2854 3836 ὅτε
2881 3783 3078 3852 ἑκχεῶ,
3118 3801 3138 3835 ι
3169 3791 3358 3852 φησιν,
3417 3800 3439 3836 ι
3470 3784 3576 3836 ἀπὺ
3606 3783 3700 3835 τοῦ
3748 3783 3999 3850 Πνεύμα-

2417 3874 2508 3936 τός
2538 3891 2638 3942 μου
2677 3875 2772 3926 ἑπὶ
2805 3874 2986 3926 πᾶσαν
3017 3872 3216 3943 σάρκα,
3256 3891 3274 3924 ι
3315 3873 3512 3924 ταυτὸν
3562 3872 3638 3942 τῷ
3672 3873 3998 3938 ἑκπορεύσω

2419 3965 2634 4025 πάντως
2658 3963 2828 4030 λέγει,
2860 3965 2909 4014 εἰ
2943 3962 3001 4026 se
3028 3962 3273 4031 ἀνάγκης
3299 3963 3360 4012 τὸ
3390 3963 3573 4032 ἑκχεῖν
3608 3962 3789 4013 καὶτὸ
3830 3963 3998 4013 ἑκποο

2422 4054 2602 4123 ρεύειν
2633 4054 2846 4105 ταυτόν.
2877 4053 2936 4104 Εἰ
2968 4053 3066 4120 μὲν
3094 4048 3188 4104 οὖν
3217 4053 3276 4103 τὸ
3300 4050 3522 4117 Πνεῦμα
3567 4051 3758 4117 ἔλεγεν
3791 4051 3996 4120 ἐκχεῖν,

2420 4142 2565 4215 εἶχεν
2613 4145 2678 4198 ἀν
2722 4162 2842 4197 τινα
2882 4145 3237 4215 εὐπρόσωπον
3290 4145 3447 4211 λόγον
3470 4143 3649 4207 τοῦτο,
3702 4145 3750 4196 εί
3794 4146 3890 4196 καὶ
3923 4144 4000 4212 μὴ

2421 4237 2596 4307 ἀληθῆ
2618 4252 2630 4264 ’
2660 4238 2755 4291 νῦν
2774 4237 2830 4289 δὲ
2875 4254 2894 4286 ι
2930 4237 3041 4289 ἀπὸ
3076 4237 3169 4289 τοῦ
3197 4235 3535 4306 ιηνεὺματός
3564 4253 3690 4306 μου,
3731 4253 3749 4287 ι
3811 4241 3996 4303 φησίν.

2424 4332 2485 4383 El
2509 4330 2566 4382 δὲ
2596 4329 2689 4380 καὶ
2717 4329 2779 4380 τὸ
2814 4327 3168 4380 ἀποστέλλειν
3205 4328 3404 4378 ταυτὸν
3455 4325 3532 4395 τῷ
3564 4325 3890 4396 ἑκπορεὺειν
3944 4330 4002 4378 τὸ

2425 4420 2648 4488 Πνεῦμα
2683 4419 2744 4470 τὸ
2775 4419 2930 4486 ἅγιον
2952 4419 3103 4489 παρά
3130 4418 3208 4487 τῷ
3235 4418 3437 4488 Ἡσαΐᾳ
3466 4417 3560 4468 τὸν
3591 4417 3712 4470 Υίὸν
3736 4417 4004 4470 ἀποστέλ-

741 4527 884 4578 vinis
930 4524 1201 4589 Patribus,
1260 4523 1390 4577 dum
1445 4537 1512 4576 ex
1574 4520 1734 4576 Patre
1765 4530 1824 4575 et
1883 4521 2043 4586 Filio,
2081 4521 2196 4573 sive
2217 4537 2304 4590 per

2417 4512 2544 4576 λων,
2588 4510 2879 4581 ἑκπορεύει
2947 4511 3190 4579 δηλονότι
3245 4511 3426 4566 αὐτόν.
3462 4527 3481 4560 ι
3551 4509 3626 4562 T6
3660 4508 4006 4578 ἐμφανίζειν

742 4617 936 4671 Filium
977 4616 1242 4686 Spiritum
1276 4613 1515 4676 tradunt,
1553 4627 1846 4681 usurpasse
1877 4611 2179 4676 invenitur,
2221 4627 2317 4665 ne-

741 4727 848 4780 que
883 4726 948 4765 ex
979 4708 1139 4762 nobis
1169 4721 1277 4760 non
1301 4704 1492 4774 paucis
1519 4718 1772 4764 numero.
1838 4703 1932 4756 sed
1986 4717 2090 4756 nec
2139 4703 2214 4756 illi
2247 4703 2316 4756 ad

743 4817 883 4871 quos
915 4785 1032 4871 ipse
1077 4797 1407 4866 colloquium
1449 4797 1656 4864 dirigit,
1716 4795 1811 4848 sed
1856 4793 2201 4862 interpretis,
2253 4803 2318 4846 ut

745 4905 898 4970 puto,
932 4907 1118 4947 errore
1149 4891 1348 4944 factum
1384 4901 1491 4950 est,
1529 4897 1586 4941 ut
1613 4886 1904 4956 φανεροῦν,
1954 4887 2100 4955 quod
2144 4887 2318 4939 mani-

746 4979 940 5044 festare
969 4992 1076 5044 est,
1101 4982 1197 5034 sed
1241 4994 1364 5032 raro
1400 4987 1719 5046 usurpatur,
1755 4991 1881 5030 cum
1906 4991 2016 5028 non
2050 4986 2194 5030 esset
2222 4975 2316 5044 qui

744 5087 891 5129 recte
911 5074 1382 5140 interpretaretur,
1416 5070 1809 5122 intruderetur.
1868 5067 1931 5119 Et
1981 5067 2128 5120 verbi
2176 5069 2317 5119 mitti

741 5162 1107 5234 signiﬁcatum
1135 5159 1268 5212 satis
1293 5171 1456 5226 supra
1498 5155 1827 5208 sententiam
1875 5152 2174 5206 adversarii
2229 5168 2316 5206 re-

743 5258 1074 5323 darguentes
1101 5249 1551 5304 examinavimus.
1584 5244 1956 5298 Nihilominus
2010 5259 2076 5296 ex
2124 5246 2190 5297 iis
2219 5247 2318 5297 ab-

744 5347 948 5409 surdis,
988 5358 1108 5413 qua:
1138 5357 1169 5395 a
1196 5342 1365 5396 verbo
1396 5339 1740 5408 manifestare
1774 5336 1890 5404 ipse
1934 5336 2146 5390 videtur
2208 5339 2320 5389 col-

743 5439 934 5507 ligere,
995 5433 1239 5490 ostendit
1271 5431 1627 5498 semetipsum
1684 5427 1968 5480 universas
1994 5427 2262 5481 dictiones
2289 5443 2320 5480 a

742 5529 993 5582 Patribus
1052 5527 1108 5580 in
1151 5525 1311 5580 dictis
1347 5538 1413 5576 ex
1459 5519 1621 5574 Patre
1652 5529 1706 5573 et
1761 5517 1916 5581 Filio,
1947 5518 2063 5571 sive
2097 5533 2193 5587 per
2229 5519 2318 5572 Fi-

739 5623 871 5676 lium
902 5618 1236 5681 enuntiatas,
1268 5630 1378 5669 non
1403 5614 1510 5667 alio
1533 5611 1840 5682 signiﬁcatu
1868 5610 1920 5663 in
1957 5609 2089 5674 Deo,
2123 5619 2178 5663 et
2214 5610 2320 5664 alio

743 5727 936 5767 rursus
969 5711 1091 5765 aliis
1122 5710 1178 5762 in
1211 5707 1366 5768 locis,
1400 5705 1494 5758 sed
1525 5705 1716 5759 eodem
1753 5711 1807 5755 et
1850 5717 1956 5754 uno
1985 5701 2037 5754 in
2067 5700 2320 5755 omnibus

734 5803 1012 5872 .ccipere,
1071 5800 1214 5870 quod
1272 5799 1444 5866 magis
1503 5796 1679 5864 ipsum
1744 5793 1796 5845 in
1849 5790 1955 5843 alia
2004 5797 2164 5858 atque
2217 5792 2318 5844 alia

2415 4603 2539 4656 οὔτε
2569 4621 2652 4664 τις
2677 4605 2785 4656 τῶν
2816 4602 3115 4672 θεηγόρων,
3144 4604 3202 4655 ἑν
3238 4595 3321 4665 οἷς
3356 4606 3419 4656 ἐκ
3449 4603 3660 4672 Πατρὸς
3715 4604 3811 4655 καὶ
3853 4603 4004 4666 Υίεῦ,

2417 4695 2450 4762 ἢ
2479 4696 2546 4747 δι’
2575 4695 2705 4747 Υίοῦ
2733 4695 2794 4746 τὸ
2824 4695 3048 4763 Πνεῦμα
3079 4693 3410 4763 θεολογοῦσι,
3458 4695 3752 4764 λαμϐάνων
3783 4698 4000 4764 ὁρᾶται,

2417 4787 2539 4840 οὗτε
2569 4803 2652 4850 τις
2680 4786 2788 4840 τῶν
2815 4785 2910 4838 τοῦ
2943 4786 3232 4838 πολλοστοῦ
3263 4786 3461 4856 μέρους
3493 4787 3673 4855 ἡμῶν,
3716 4787 3854 4838 ἀλλά
3904 4790 4004 4839 κά-

2420 4881 2616 4932 κείνων
2647 4881 2784 4948 πρὸς
2829 4878 2922 4940 οὓς
2956 4871 3111 4940 οὗτος
3165 4877 3314 4930 ἑθετο
3350 4879 3421 4929 τὰ
3464 4878 3563 4946 τῆς
3610 4879 3901 4941 διαλέξεως
3943 4884 4006 4930 ἐκ

2418 4967 2512 5021 τοῦ
2541 4968 2874 5038 διερμηνέως
2932 4963 3085 5035 οἶμαι
3109 4968 3265 5018 τοῦτο
3319 4967 3488 5032 δόξαι,
3540 4969 3810 5036 φανεροῦν
3876 4969 4004 5029 ἴσως

2421 5061 2707 5128 φαμένων,
2734 5060 2973 5120 σπανίως
2996 5059 3389 5128 εὑρισκομένου
3427 5058 3598 5110 ταῦτα
3623 5061 3946 5127 διερμηνευε
3959 5080 4005 5110 ιν

2422 5152 2626 5214 εἰδότος
2652 5151 2980 5221 εἱλικρινῷς.
3012 5150 3121 5202 Καὶ
3150 5152 3277 5216 περὶ
3304 5149 3399 5201 τοῦ
3453 5151 3882 5203 ἀποστέλλειν.
3901 5154 4006 5219 ἀρφ

2422 5245 2659 5305 κούντως
2687 5244 2753 5295 τά
2783 5242 2916 5311 πρὸς
2940 5242 3162 5311 ἔλεγχον
3177 5241 3579 5311 διηυκρίνηται.
3615 5241 3808 5310 Ὅμως
3843 5242 3904 5305 ἑξ
3932 5236 4007 5293 ὧν

2422 5334 2792 5404 ἀτοπημάτων
2822 5336 2884 5385 ἐκ
2916 5332 3010 5385 τοῦ
3060 5332 3379 5403 ἐμφανίζειν
3441 5332 3692 5400 φαίνεται
3733 5335 4005 5398 συνάγων,

2423 5428 2750 5498 παρίστησιν
2785 5424 2980 5478 ἑαυτὸν
3013 5425 3324 5494 ῥηματικὰς
3351 5424 3567 5486 ἀπάσας
3623 5427 3829 5491 φωνὰς,
3883 5427 4008 5480 ὅσαι

2421 5519 2535 5577 τοῖς
2587 5515 2864 5584 Πατράσιν
2909 5516 2965 5567 ἑν
3016 5516 3137 5576 ταῖς
3187 5515 3251 5566 ἑκ
3283 5513 3491 5583 Πατρὸς
3553 5515 3645 5566 καὶ
3677 5515 3827 5580 Υῑοῦ,
3865 5516 3900 5586 ἢ
3939 5517 4008 5568 δι’

2424 5608 2554 5659 Υἰοῦ
2595 5606 2894 5673 θεολογίαις
2928 5604 3284 5668 τρανοῦντας,
3313 5605 3389 5673 μὴ
3425 5605 3546 5657 καθ’
3573 5606 3765 5677 ἑτέραν
3822 5625 4008 5678 σημαο

2425 5701 2545 5752 σίαν
2565 5699 2658 5756 ἐπὶ
2689 5698 2848 5761 Θεοῦ,
2880 5697 3002 5752 καθ’
3035 5698 3229 5767 ἑτέραν
3259 5697 3305 5749 δ’
3333 5696 3490 5760 αὖθις
3528 5697 3828 5769 λαμσάιειν
3886 5703 4009 5754 ἑτέ·

2428 5810 2586 5862 ρωσε,
2638 5792 2771 5843 ἀλλὰ
2815 5790 2952 5843 κατὰ
2989 5791 3115 5860 μίαν
3163 5793 3252 5842 καὶ
3301 5789 3400 5860 τὴν
3444 5791 3652 5859 αὐτὴν·
3706 5795 3801 5845 καὶ
3851 5793 4012 5847 τοῦτο
