4220 6444
229 390 366 455 1349

1212 389 1513 452 CONTRA
1553 383 1980 449 MANUELEM
2021 380 2497 444 CRETENSEM.

3337 380 3475 446 i350

225 505 428 574 μᾶλλον
450 504 611 556 αὐτὸν
648 505 726 565 εἱς
758 504 986 565 ἀτοπίας
1042 502 1283 571 ἐκφέρει,
1325 501 1421 554 καὶ
1485 499 1787 552 πλανᾶσθαι
1815 498 1864 555 Α

1815 498 1864 555 Α
1893 494 2124 546 absurda
2177 492 2417 554 deducit,
2463 500 2517 568 et
2547 491 2702 561 longe
2765 492 2982 560 lateque
3021 491 3270 546 aberrare
3318 494 3468 550 facit.

219 597 386 652 ποιεῖ.
421 593 545 662 οὐχὶ
571 593 636 644 τδ
663 593 1022 661 ἐμφανίζειν,
1055 593 1170 662 ἦτοι.
1223 592 1283 642 τὸ
1328 589 1653 658 φανεροῦν,
1695 588 1794 640 ἁλ-

217 685 326 747 λως
351 686 444 737 καὶ
463 686 636 748 ἄλλως
667 687 974 754 νοούμενον.
1009 685 1070 738 El
1111 684 1220 752 γὰρ
1249 683 1323 743 ὡς
1367 683 1528 744 αὐτὸς
1581 683 1796 750 ήγεῐται

220 780 316 829 καὶ
349 777 622 829 δείκνυσιν
655 778 745 829 ἐπὶ
772 775 866 827 τοῦ
903 777 1216 843 Πνεύματος
1251 774 1307 826 al
1341 773 1588 846 ρηθείσαι
1620 776 1796 840 φωναὶ

215 868 608 936 ληφθήσονται,
651 868 781 920 αὐτὸ
798 868 856 918 τὸ
887 868 1269 935 ἐκπορεύεται
1302 867 1491 934 σχεδὸν
1520 866 1578 917 ἐν
1610 864 1794 932 ἁπάσῃ

219 961 418 1029 Γραφῇ
456 961 664 1029 μυρίων
694 958 940 1012 δεκτικὸν
963 959 1206 1027 ὑπάρχον
1227 956 1606 1018 διανοιῶν,·είς
1645 957 1796 1006 ποῖον

218 1049 360 1113 εἶδος
386 1050 572 1102 τοῦτον
598 1051 658 1102 οὐ
687 1051 964 1102 συνελάσει
991 1047 1377 1117 βλασφημιῶν;
1405 1048 1484 1108 είς
1523 1040 1632 1098 οἷον
1682 1045 1744 1096 τό
1778 1060 1793 1075 ο

225 1162 243 1192 ι
281 1142 498 1210 Ὥσπερ
526 1141 784 1211 εκτρωμα
814 1141 1245 1208 ἐκπορευόμενον
1292 1141 1356 1191 ἐκ
1408 1137 1621 1206 μήτρας
1689 1155 1795 1205 μη-

215 1233 368 1301 τρὸς,
394 1250 412 1282 ι
449 1232 508 1283 τὸ
538 1233 596 1283 ἐν
636 1230 754 1283 ’1ὼό
783 1232 1107 1299 είρημένονς
1148 1231 1196 1280 εί
1228 1228 1288 1282 τὸ
1312 1229 1402 1280 ἐπὶ
1425 1227 1518 1280 τοῦ
1549 1226 1796 1295 Πνεῦμα-

213 1340 308 1385 τος
337 1323 720 1390 ἐκπορεύεται,
750 1323 824 1384 ὡς
853 1322 1010 1374 τοῦτο
1037 1321 1285 1391 λήψεται,
1320 1320 1461 1372 καθὰ
1496 1338 1660 1388 φησιν
1702 1323 1794 1372 ἐπὶ

210 1419 279 1484 τῇ
318 1415 411 1468 τοῦ
440 1414 778 1484 ἐμφανίζειν.
812 1415 920 1467 Καὶ
951 1413 1109 1475 αὖθις
1149 1414 1209 1465 τὸ
1242 1413 1369 1480 περὶ
1411 1413 1503 1465 τοῦ
1558 1414 1793 1464 ἀντικει-

214 1507 384 1575 μένου
417 1521 430 1534 ·
458 1523 476 1556 ι
501 1507 594 1558 Ἐκ
619 1505 882 1574 στόματος
913 1505 1078 1557 αὐτοῦ
1103 1505 1490 1572 ἐκπορεύονται
1514 1502 1794 1572 λαμπάδες

208 1596 525 1664 καιόμεναι,
561 1597 625 1648 ἐκ
659 1594 954 1664 μυκτήρων
983 1595 1146 1647 αὐτοῦ
1199 1592 1556 1662 ἐκπορεύεται
1587 1593 1792 1652 καπνὸς

211 1686 450 1754 καμίνου
485 1687 775 1754 καιομένου
798 1687 930 1756 πυρὶ
959 1684 1416 1754 ἁνθράκων.⁶1ιλὸξ
1428 1685 1484 1737 δέ
1511 1687 1573 1737 ἐκ
1593 1686 1795 1752 στόμα-

213 1793 313 1836 τος
359 1776 528 1830 αὐτοῦ
575 1777 955 1845 ἐκπορεύεται.
992 1794 1012 1827 ι
1045 1777 1157 1830 Kal
1199 1776 1262 1828 τὸ
1303 1777 1361 1828 ἐν
1401 1777 1746 1843 Εὑαγγελίοις
1775 1794 1788 1807 ·

219 1888 237 1918 ε
279 1869 530 1922 Ἐσωθεν
581 1871 650 1921 ἐκ
679 1868 778 1935 τῆς
828 1868 1052 1937 καρδίας
1094 1867 1202 1920 τῶν
1260 1867 1562 1936 ἀνθρώπων
1601 1869 1650 1921 οι
1676 1862 1788 1922 δια-

212 1959 472 2026 λογισμοὶ
496 1959 543 2010 oi
571 1960 729 2010 κακοὶ
753 1958 1194 2027 ἐκπορεύονται.»
1222 1958 1332 2011 Kal
1359 1957 1519 2010 πάλιν
1549 1974 1562 1988 ⁸
1587 1975 1605 2008 ι
1628 1959 1793 2010 Οὐδέν

211 2050 364 2101 ἐστιν
399 2048 596 2112 ἔξωθεν
630 2049 723 2101 τοῦ
764 2048 1054 2118 ἀνθρώπου
1086 2049 1556 2119 εἰσπορευόμενον,
1590 2049 1618 2102 ὃ
1639 2050 1794 2102 δύνα-

211 2158 301 2192 ται
321 2141 581 2194 κοινῶσαι
605 2141 787 2205 αὑτὸν,
805 2140 938 2192 ἀλλὰ
960 2141 1028 2193 τὰ
1057 2142 1465 2209 ἐκπορευόμενα
1489 2144 1581 2195 ἀπ’
1603 2142 1790 2206 αὑτοῦ,

211 2234 402 2286 ἐκεῖνά
449 2237 553 2285 είσι
599 2235 667 2286 τὰ
708 2233 990 2286 κοινοῦντα
1041 2234 1134 2285 τὸν
1183 2234 1487 2305 ἄνθρωπον.
1529 2253 1546 2285 ι
1581 2234 1689 2285 Kal
1714 2236 1792 2295 εἰς

209 2324 442 2393 ἄπειρον
473 2323 711 2392 ἀτεχνῶς
737 2326 769 2392 ὴ
797 2322 887 2376 τοῦ
912 2324 1295 2391 ἐκπορεύεται
1328 2323 1488 2392 λῆψις
1533 2323 1682 2392 παρὰ
1727 2327 1790 2392 τῇ

209 2413 334 2485 θεία
366 2416 554 2485 Γραφῇ
583 2417 722 2468 κατὰ
760 2415 994 2484 διάφορα
1029 2416 1427 2484 σημαινόμενα,
1463 2416 1558 2468 καὶ
1588 2415 1792 2466 τούτων

204 2505 371 2556 οὐδέν
401 2508 547 2557 ἐστιν
577 2507 732 2569 ὅλως,
785 2509 851 2576 τῇ
874 2505 966 2558 τοῦ
1002 2506 1318 2574 Πνεύματος
1360 2506 1481 2575 ἔχον
1530 2505 1794 2575 ἐκπορεύ-

209 2597 376 2646 σειτδ
402 2596 827 2665 ταυτοδύναμον,
863 2598 937 2666 μὴ
969 2601 1061 2650 καὶ
1095 2599 1230 2668 μόνῃ
1256 2597 1386 2666 ψιλῇ
1423 2599 1638 2668 ἐπινοίᾳ
1667 2599 1791 2664 οίῳ⁹

205 2688 389 2756 δήτινι
420 2688 515 2740 τοῦ
537 2690 643 2740 τῶν
672 2689 1080 2758 Χριστωνύμων
1107 2689 1266 2742 τοῦτο
1322 2689 1552 2758 ληφθείη
1589 2690 1792 2758 συστή·

209 2796 388 2847 ματος
417 2795 431 2809 ο
477 2779 577 2832 κᾶν
615 2780 708 2831 ἐπὶ
737 2781 975 2850 Χριστοῦ
997 2781 1060 2832 τὸ
1085 2779 1407 2848 ἐμφανίζειν
1437 2780 1628 2832 ἐαυτὸν
1656 2782 1789 2848 φαίη

205 2867 485 2934 λελέχθαι.
527 2867 664 2920 Ἀλλ’
694 2867 798 2933 ἔξω
837 2867 994 2920 τοῦτο
1026 2868 1126 2935 τῆς
1167 2868 1354 2937 θεῖκῆς
1409 2869 1792 2938 ἐκπορεύσεως

205 2960 308 3027 τῆς
348 2959 442 3011 τοῦ
467 2959 835 3027 Πνεύματοςο·
872 2961 994 3012 ἐπεὶ
1029 2960 1233 3020 καὶτὸ,
1265 2977 1283 3010 ι
1325 2960 1790 3029 Ἐκπορευομένου

205 3051 322 3101 ἀπὸ
361 3049 569 3118 Ἰεριχὼ
607 3069 626 3101 ι
664 3053 788 3120 περὶ
819 3051 912 3102 τοῦ
969 3049 1216 3118 Σωτῆρός
1241 3051 1354 3102 ἐστι
1401 3050 1689 3118 λεγόμενον
1735 3053 1791 3102 ἐν

1900 600 2006 636 non
2068 585 2443 652 manifestare.
2506 591 2596 635 aut
2658 585 2957 651 patefacere
3006 583 3112 635 alio
3144 595 3306 652 atque
3361 588 3470 640 alio

1898 673 2202 742 signiﬁcatu
2244 673 2600 724 inzclicctnm.
2628 670 2758 723 Nam
2789 672 2856 735 si,
2896 683 2953 724 ut
3006 673 3122 740 ipse
3174 674 3468 735 existimat.

1899 766 2267 834 Ostenditque,
2299 764 2366 818 de
2396 763 2599 830 Spiritu
2629 774 2818 816 sancto
2855 779 3014 818 voces
3041 764 3214 818 allata:
3244 781 3469 818 suman-

1900 864 2006 916 tur,
2041 856 2217 924 ipsum
2243 853 2475 922 procedit
2505 853 2616 906 fere
2655 853 2707 905 in
2743 853 2996 904 universa
3051 851 3329 923 Scriptura
3385 855 3470 906 in-

1899 961 2156 1000 numeras
2186 961 2354 1014 prope
2378 945 2677 998 sententias
2712 954 2873 1012 atque
2914 943 3220 998 intelfectns
3278 947 3472 999 admit-

1898 1045 2040 1100 tens,
2075 1038 2128 1090 in
2161 1052 2424 1105 quasnam
2459 1035 2825 1103 blasphemias
2879 1048 2989 1086 non
3043 1035 3372 1102 compellet?
3403 1035 3472 1089 E;

1897 1127 2131 1194 primum
2189 1127 2318 1180 illud
2366 1127 2508 1195 quod
2565 1127 2707 1194 apud
2765 1123 2956 1178 Jobum
3010 1125 3248 1194 legitur:
3315 1145 3333 1177 ι
3389 1130 3468 1180 uti

1897 1219 2117 1273 abortus
2149 1235 2178 1271 e
2209 1219 2367 1272 vulva
2418 1218 2604 1270 matris
2639 1217 2942 1286 procedens
2975 1217 3040 1277 ",
3081 1234 3099 1266 ι
3140 1216 3186 1269 si
3219 1217 3468 1284 procedit

1895 1309 1964 1362 de
2001 1309 2205 1378 Spiritu
2239 1310 2507 1380 prolatum
2540 1309 2594 1362 in
2627 1309 2854 1362 similem
2893 1322 3116 1360 sensum
3149 1309 3466 1369 assumitur.

1897 1401 1977 1454 uti
2009 1402 2076 1455 de
2106 1418 2238 1456 voce
2273 1417 2538 1471 apparere
2565 1412 2859 1455 asseverat.
2903 1403 2967 1454 Et
3013 1417 3199 1454 rursus
3229 1401 3371 1468 quod
3401 1401 3470 1454 de

1896 1493 2135 1562 pessimo
2161 1495 2408 1548 daemone
2439 1494 2640 1547 dicitur
2669 1510 2682 1545 :
2721 1511 2738 1542 ι
2773 1493 2846 1546 Ex
2875 1508 2970 1546 ore
2999 1493 3141 1546 illius
3168 1493 3472 1561 procedunt

1895 1586 2169 1653 lampades
2199 1602 2462 1649 accensae,
2491 1603 2554 1640 ex
2586 1587 2810 1640 naribus
2843 1587 2963 1654 ejus
2990 1585 3236 1654 procedit
3283 1584 3467 1637 fumus

1895 1676 2155 1738 fornacis.
2187 1675 2312 1741 igne
2353 1677 2653 1730 carbonum
2707 1691 3002 1729 succensae.
3037 1675 3275 1728 Flamma
3337 1689 3465 1725 vero

1896 1783 1962 1824 ex
1992 1785 2086 1823 ore
2117 1769 2261 1822 illius
2291 1771 2531 1838 procedit
2552 1771 2619 1822 '°.
2651 1788 2668 1820 ι
2711 1770 2776 1822 Et
2809 1768 2937 1823 illud
2999 1769 3056 1821 in
3120 1765 3422 1836 Evangeliis
3449 1783 3462 1818 :

1905 1881 1922 1912 ι
1965 1862 2117 1916 Intus
2161 1877 2228 1915 ex
2291 1862 2453 1916 corde
2523 1861 2808 1916 hominum
2869 1861 3227 1930 cogitationes
3285 1873 3466 1927 prava:

1899 1954 2199 2022 procedunt
2228 1955 2312 2016 “;
2358 1972 2376 2004 ι
2410 1954 2688 2022 itemque:
2741 1974 2758 2002 ι
2798 1951 2940 2004 Mhi!
2976 1953 3179 2006 deforis
3216 1952 3361 2004 intus
3413 1949 3465 2000 in

1899 2045 2177 2098 hominem
2193 2047 2458 2112 procedit,
2483 2047 2626 2114 quod
2659 2055 2839 2115 potest
2869 2045 3046 2114 ipsum
3084 2045 3345 2110 polluere,
3373 2045 3468 2098 sed

1896 2152 2014 2206 quae
2059 2138 2357 2206 procedunt
2406 2152 2471 2190 ex
2532 2136 2671 2205 ipso,
2724 2136 2839 2204 ipsa
2883 2148 3010 2189 sunt
3057 2152 3176 2204 quae
3225 2135 3472 2206 polluunt

1899 2231 2171 2283 hominem
2201 2233 2267 2282 η.
2307 2249 2324 2280 ι
2393 2233 2453 2283 Et
2505 2232 2790 2284 innumera
2831 2229 2989 2298 plane
3036 2237 3185 2290 sunt,
3221 2228 3286 2280 ad
3348 2244 3470 2296 qua:

1897 2321 2205 2376 denotanda
2238 2321 2454 2376 diverso
2493 2323 2798 2383 signiﬁcatu
2856 2321 3000 2394 apud
3035 2320 3272 2374 divinant
3323 2319 3472 2372 Scri-

1895 2421 2110 2480 pturam
2173 2413 2322 2464 verbi
2367 2413 2593 2476 hujusce
2637 2413 2871 2480 procedit
2923 2425 3053 2464 usus
3111 2409 3411 2462 assumitur
3450 2427 3462 2462 :

1893 2518 1958 2556 ex
1985 2503 2181 2572 quibus
2202 2503 2408 2556 nullum
2439 2519 2662 2571 prorsus
2699 2503 2882 2562 fuerit.
2910 2501 3054 2571 quod
3089 2518 3212 2555 cum
3246 2518 3464 2570 proces-

1895 2598 2049 2646 sione
2081 2594 2321 2662 Spiritus
2355 2609 2509 2662 pares
2534 2595 2674 2648 rites
2703 2594 2998 2663 possideat,
3021 2609 3122 2648 nec
3167 2596 3278 2648 sola
3323 2596 3466 2648 nuda

1895 2686 2223 2754 cogitatione
2253 2687 2526 2756 quiSpiam
2564 2702 2630 2740 ex
2682 2687 3119 2740 Christianorum
3173 2701 3316 2742 cortu
3366 2704 3466 2740 unn

1894 2795 2058 2846 quam
2086 2781 2336 2849 accipiet,
2365 2782 2467 2834 etsi
2523 2781 2876 2834 manifestare
2909 2782 3148 2851 scipsum
3196 2782 3264 2835 de
3313 2780 3469 2834 Citri-

1895 2881 1979 2922 sto
2039 2869 2243 2921 dictum
2301 2884 2421 2922 esse
2470 2879 2694 2922 asserat.
2733 2869 2836 2923 Sed
2871 2871 3027 2940 longe
3066 2880 3328 2939 extraque
3366 2874 3468 2922 hoc

1895 2969 1978 3014 est
2015 2975 2043 3012 a
2073 2960 2258 3014 divina
2293 2961 2640 3029 procchionc
2670 2959 2933 3028 Spiritus,
2974 2977 3094 3014 cum
3135 2972 3189 3014 et
3240 2962 3368 3014 illud
3401 2963 3467 3015 de

1896 3051 2173 3104 Salvatore
2208 3052 2266 3103 in
2315 3050 2621 3121 Evangeliis
2668 3052 2901 3113 dicatur,
2965 3069 2983 3102 ι
3022 3053 3350 3120 procedente
3400 3053 3468 3106 ab

208 3142 586 3210 Εὑαγγελίοις.
616 3143 723 3194 Kal
756 3143 936 3206 πάλιν,
979 3161 997 3193 ι
1034 3142 1482 3212 Ἐκπορευομένῳ
1510 3143 1655 3211 αὐτῷ
1686 3142 1791 3194 ἀπὸ
1821 3158 1864 3216 ο

1821 3158 1864 3216 ο
1895 3144 2198 3198 Jericho".
2243 3163 2260 3194 ι
2297 3144 2633 3210 Rursusque,
2667 3163 2684 3195 ι
2726 3143 3114 3197 Procedente-tn
3175 3145 3350 3214 ipsum
3401 3161 3463 3198 ex

219 3234 436 3304 Ὶεριχὼ
464 3234 829 3306 ἠκολούθησεν
873 3235 1027 3304 ὄχλος
1072 3234 1256 3295 πολύς.
1298 3251 1316 3284 ι
1383 3234 1544 3286 Ἀλλὰ
1601 3235 1790 3304 πόρρω

205 3326 386 3378 ταῦτα
409 3325 506 3392 τῆς
538 3325 803 3394 δηλούσης
836 3324 933 3394 τὴν
969 3325 1140 3377 ἀΐδιον
1177 3328 1270 3377 καὶ
1326 3323 1585 3396 διάφορον
1616 3323 1790 3394 ῦπαρ-

208 3416 298 3482 ξιν
351 3417 448 3486 τῆς
477 3415 569 3470 τοῦ
621 3417 934 3486 Πνεύματος
970 3416 1367 3485 ἐκπορεύσεως.
1414 3417 1576 3469 Ὅθεν
1629 3419 1658 3469 ό
1691 3419 1789 3480 τὰς

207 3510 508 3575 νοουμένας
534 3508 716 3574 φωνὰς
741 3508 917 3570 ἄλλως
944 3507 1036 3559 ἐπὶ
1063 3509 1159 3577 τῆς
1190 3507 1380 3576 Θεῖκῆς
1417 3509 1642 3576 προόδου
1674 3505 1791 3560 Θεο-

210 3598 440 3668 πρεπῶς
461 3615 519 3649 τε
550 3601 644 3651 καὶ
674 3599 1042 3666 καταλλήλως,
1077 3601 1173 3651 καὶ
1211 3599 1388 3662 ἄλλως
1419 3600 1512 3651 ἐπὶ
1539 3599 1643 3650 τῶν
1699 3601 1786 3650 ἐκ·

206 3695 299 3750 τὸς
330 3692 404 3760 μὴ
433 3689 574 3742 οὓτω
604 3691 918 3759 λαμϐάνων,
953 3691 1090 3743 ἀλλὰ
1124 3691 1456 3761 συνδρόμως,
1487 3692 1648 3754 αὐτὸς
1696 3693 1788 3743 καὶ

209 3781 307 3833 τοῦ
343 3781 522 3844 κακῶς
559 3781 858 3849 λαμϐάνειν
887 3783 978 3833 καὶ
1017 3782 1111 3835 τοῦ
1157 3781 1338 3843 κακῶς
1399 3782 1788 3851 συμπεραίνειν

208 3874 387 3936 αἴτιος
418 3872 617 3943 ἐαυτῷ.
669 3873 732 3924 Ἦ
759 3875 942 3942 μέντοι
976 3875 1280 3944 φανέρωσις
1301 3873 1392 3926 ἐπὶ
1412 3872 1548 3927 Θεοῦ
1578 3873 1787 3942 λαμϐα-

209 3965 415 4034 νομένη
457 3967 537 4026 είς
569 3963 805 4034 αριθμὸν
831 3964 1119 4035 θεωρεῖται
1149 3964 1544 4034 κατειλεγμωη
1573 3964 1679 4017 τῶν
1709 3963 1787 4034 μὴ

208 4058 336 4110 καθ’
373 4058 540 4117 αὑτὰς
580 4056 931 4126 κεκτημινων
952 4058 1019 4126 τῇ
1049 4055 1375 4127 ἐκπορεύεται
1419 4056 1483 4108 τὸ
1521 4057 1786 4126 ταυτοσήο

214 4165 437 4218 μαντον,
469 4149 607 4201 ἀλλά
635 4164 696 4214 γε
732 4149 799 4213 δὴ
831 4148 892 4200 τὸ
922 4148 1209 4217 ἑπόμενον,
1243 4148 1465 4212 δόσεως,
1495 4147 1662 4215 φημὶ,
1695 4164 1785 4214 χο-

212 4243 434 4311 ρηγίας,
460 4242 556 4293 καὶ
581 4241 864 4310 πίμψεως,
898 4241 1025 4310 περὶ
1052 4233 1126 4292 ὧν
1163 4240 1274 4293 ἄνω
1323 4255 1424 4292 που
1453 4238 1642 4308 σαφῶς
1675 4239 1790 4308 διη-

209 4335 488 4401 γόρευται.
520 4332 731 4385 Οὐκοῦν
761 4333 840 4395 είς
889 4332 950 4383 τὸ
985 4333 1180 4384 ταυτὸν
1233 4330 1676 4383 ἐναπολέλειπται
1725 4329 1786 4382 τὸ

210 4423 428 4490 ἐκρεῖν.

287 4479 375 4582 ιγ’.
413 4515 602 4584 Ἡμεῖς
637 4514 696 4568 δέ
726 4513 982 4575 πλείστας
1025 4513 1413 4582 παραθήσομεν
1465 4512 1636 4576 λέξεις
1689 4511 1782 4563 ἐπὶ
1815 4479 1862 4536 D

210 4606 350 4660 Θεοῦ
384 4607 655 4675 διαφανῶς
683 4606 762 4669 είς
786 4606 917 4658 αὐτὸ
939 4605 1095 4658 τοῦτο
1127 4604 1548 4674 συνερχομένας,
1582 4604 1656 4666 ὡς
1714 4604 1780 4656 ἂν

211 4700 295 4751 ἐτι
327 4701 527 4768 μᾶλλον
555 4697 842 4767 γνωσθείη,
872 4699 946 4759 ὡς
977 4699 1071 4749 καὶ
1105 4697 1162 4748 τὸ
1179 4696 1542 4764 ἐμφανίζειν,
1588 4698 1638 4748 εί
1691 4695 1781 4748 οῦ-

212 4808 320 4853 τως
345 4785 485 4859 εἶχεν
511 4789 869 4858 ἐκφωνήσεως
893 4788 967 4850 ὡς
991 4787 1171 4856 ἐτέθη,
1207 4788 1299 4838 καὶ
1345 4787 1418 4856 μὴ
1450 4786 1591 4840 οὓτω
1639 4803 1777 4848 πως,

212 4886 288 4944 ὡς
321 4882 634 4952 δεδήλωται,
653 4882 747 4932 καὶ
774 4878 929 4931 τοῦτο
956 4879 1278 4948 παραθεῖναι
1305 4879 1404 4930 οὐκ
1432 4879 1498 4932 ἂν
1551 4880 1780 4949 παρελί-

213 4991 410 5042 πομεν.
449 4974 600 5026 Ἐστι
634 4972 732 5042 μὲν
762 4971 854 5024 οὖν
875 4971 982 5024 τῶν
1012 4972 1071 5024 τὸ
1105 4970 1508 5042 ταυτοδύναμον
1555 4989 1784 5042 τρανου-

216 5069 394 5137 μένων
413 5067 490 5135 τῷ
504 5066 887 5132 ἐκπορεύεται
918 5066 978 5117 τὸ
1003 5065 1301 5134 πητάζειν,
1328 5067 1387 5116 τὸ
1404 5065 1779 5133 προχεῖσθαι,

213 5162 278 5212 τὸ
305 5160 562 5226 πρόεισι,
599 5159 660 5210 τὸ
686 5158 1040 5226 πεφηνέναι,
1066 5160 1148 5222 τὸ,
1202 5176 1220 5208 ι
1265 5158 1358 5210 Ἐκ
1385 5159 1477 5209 τοῦ
1515 5157 1651 5225 ἐμοῦ
1685 5159 1781 5226 λή-

212 5251 400 5319 ψ-ται,
436 5269 456 5303 ι
503 5253 594 5304 καὶ
632 5251 814 5305 λοιπά.
870 5251 977 5304 Καὶ
1027 5250 1198 5320 ταῦτα
1241 5251 1338 5320 τῆς
1388 5251 1480 5302 ἐπὶ
1522 5250 1656 5302 Θεοῦ
1690 5252 1788 5317 μὲν

214 5342 433 5410 λήψεως
467 5340 662 5404 ἔξωθεν
695 5341 801 5393 τῶν
836 5339 1159 5409 ὁμωνύμους
1188 5340 1491 5408 δεχομένων
1544 5340 1785 5400 διανοίας

217 5436 543 5505 ὑπάρχουσι,
576 5437 702 5505 μιᾶς
722 5436 779 5488 δὲ
806 5438 900 5488 καὶ
941 5436 1116 5504 ἁπλῆς
1161 5438 1258 5504 τῆς
1299 5437 1390 5487 ἐπὶ
1436 5435 1571 5487 Θεοῦ
1609 5451 1786 5503 σημα-

221 5528 340 5588 σίας
372 5527 700 5597 ἐμφαντιχὰ,
730 5528 978 5594 καθάπερ
1007 5529 1114 5596 ἄρα
1140 5527 1200 5580 τὸ
1216 5528 1619 5594 ἐκπορεύεται.
1678 5528 1784 5580 Kal

216 5619 277 5671 τὸ
301 5620 398 5688 μὲν
418 5620 717 5688 πηγάζῑιιν,
757 5623 836 5674 ὅτι
861 5623 1053 5674 ταυτὸν
1093 5623 1241 5690 φωνῇ
1277 5623 1342 5690 τῇ
1378 5621 1472 5690 τῆς
1521 5619 1783 5690 ἐκπορεύ-

292 5807 334 5838 ¹⁹
367 5805 466 5860 Job
498 5821 725 5871 xxxvut,
763 5804 816 5858 8.
894 5807 936 5835 ’°
967 5803 1067 5856 Joh
1103 5819 1206 5868 xu,
1233 5803 1295 5855 l0
1337 5844 1351 5866 ,
1386 5804 1469 5858 il.

1889 3236 2108 3291 Jericho
2132 3245 2315 3289 secuta
2343 3248 2422 3290 ιιι
2453 3235 2740 3290 multitudo
2771 3252 2960 3305 magna
2996 3237 3062 3288 “.
3096 3255 3114 3286 ι
3158 3237 3262 3291 Sed
3303 3254 3464 3306 quam

1891 3326 2208 3396 longissime
2259 3326 2465 3378 distant
2511 3325 2707 3378 similia
2764 3340 2792 3378 a
2851 3326 3197 3394 processionc
3244 3335 3464 3378 notante

1890 3418 2276 3485 sempiternam
2335 3431 2398 3470 ac
2438 3416 2708 3468 diversam
2771 3414 3006 3484 Spiritus
3067 3417 3461 3468 cxsistcnttam.

1893 3506 2030 3561 llinc
2055 3508 2146 3576 qui
2175 3508 2346 3560 dictas
2381 3522 2544 3560 voces
2566 3507 2721 3560 aliter
2749 3507 2814 3559 dc
2841 3506 3030 3560 divino
3053 3523 3364 3576 progressu,
3407 3518 3463 3558 nt

1893 3600 2060 3652 Deum
2097 3600 2320 3652 addecet
2350 3611 2403 3652 ct
2431 3607 2813 3667 congruenter,
2847 3609 2901 3652 et
2936 3598 3092 3651 aliter
3123 3599 3190 3652 de
3223 3599 3464 3652 externis

1889 3688 2290 3756 prouuntiatas,
2351 3703 2458 3740 non
2506 3687 2584 3740 sic
2652 3686 2891 3755 accipit,
2943 3687 3035 3741 sed
3091 3687 3246 3756 quasi
3295 3703 3461 3742 unum

1889 3779 2218 3847 significent.
2255 3780 2369 3848 ipse
2403 3778 2504 3831 sibi
2539 3793 2702 3832 causa
2733 3789 2835 3844 est,
2861 3779 3003 3848 quod
3025 3788 3080 3834 et
3131 3780 3266 3832 male
3316 3782 3462 3833 acri-

1889 3872 2023 3942 piat,
2053 3881 2108 3924 et
2137 3871 2279 3924 male
2324 3871 2629 3924 concludat.
2668 3869 3028 3924 Manifestatio
3066 3871 3334 3940 siquidem
3395 3873 3462 3926 dc

1891 3965 2002 4020 Deo
2055 3973 2279 4036 accepta
2306 3967 2362 4021 in
2402 3979 2589 4017 eorum
2645 3979 2872 4018 numero
2935 3964 3177 4034 ponitur,
3231 3981 3348 4034 qua:
3398 3983 3462 4019 ex

1888 4058 2084 4129 seipsis
2127 4075 2238 4113 non
2286 4058 2566 4129 possident
2607 4057 2861 4110 eumdem
2920 4071 3042 4110 cum
3114 4058 3461 4126 processione

1890 4149 2385 4219 signiﬁcatum.scd
2412 4149 2556 4202 illius
2583 4149 2726 4217 quod
2757 4149 2882 4202 inde
2905 4150 3170 4216 sequitur,
3198 4150 3457 4213 dationis,

1890 4247 2109 4314 inquam
2140 4284 2156 4309 ,
2204 4241 2679 4312 suppeditationis,
2719 4252 2774 4294 et
2819 4241 3113 4305 missionis,
3158 4243 3224 4296 de
3262 4243 3460 4312 quibus

1889 4352 2052 4405 supra
2075 4337 2233 4404 plene
2263 4350 2568 4388 sermonem
2615 4334 2930 4391 habuimus.
2983 4335 3090 4389 Nec
3137 4336 3242 4388 alio
3301 4338 3462 4390 modo

1889 4432 1955 4485 de
1984 4431 2151 4483 verbo
2180 4429 2377 4497 eﬂiuere
2401 4427 2806 4481 edisserendum
2843 4435 2943 4480 est.

1960 4521 2049 4575 l3.
2073 4521 2184 4574 Nos
2211 4536 2372 4588 porro
2395 4518 2819 4588 quamplurimas
2839 4518 3106 4572 dictiones
3125 4534 3460 4587 apponemus

1888 4615 1957 4669 de
1981 4613 2089 4666 Deo
2111 4613 2410 4667 clarissime
2437 4610 2490 4662 in
2513 4610 2566 4664 id
2595 4609 2735 4663 idem
2759 4619 3170 4675 concurrentes,
3203 4621 3260 4664 ut
3291 4615 3462 4682 magis

1889 4723 1952 4763 ac
1998 4705 2167 4775 magis
2216 4705 2534 4765 innotescat,
2595 4703 2718 4755 ideo
2785 4718 2885 4756 nos
2945 4703 3048 4757 hoc
3100 4707 3458 4775 ιιιαηὶριειαιοε,

1887 4798 2030 4866 quod
2063 4811 2170 4848 non
2223 4797 2291 4846 ita
2317 4808 2375 4846 se
2425 4793 2653 4845 haberet
2682 4793 2934 4860 prolatio,
2967 4795 3042 4846 uti
3079 4798 3250 4861 posita
3275 4806 3379 4858 est,
3410 4806 3461 4850 ct

1888 4887 1979 4941 tali
2009 4887 2192 4944 modo.
2223 4893 2280 4936 ut
2301 4883 2603 4951 expositum
2624 4891 2726 4945 est,
2758 4898 2878 4934 cum
2904 4883 3022 4936 aliis
3045 4899 3152 4935 non
3174 4887 3460 4953 apposuis-

1889 4994 1965 5031 se.
1995 4977 2270 5031 Dictiones
2313 4976 2494 5043 itaque
2528 4989 2647 5044 qua:
2685 4973 2935 5026 eumdem
2960 4991 3082 5028 cum
3115 4979 3460 5044 prorrcssiOne

1888 5069 2249 5138 significatum
2284 5067 2600 5135 important,
2634 5075 2780 5127 sunt,
2809 5081 3079 5128 emanare,
3103 5069 3313 5136 effundi,
3341 5086 3458 5136 pro-

1892 5163 2065 5231 gredi,
2098 5161 2165 5228 et;
2186 5175 2464 5228 apparere,
2502 5173 2737 5218 necnon,
2778 5177 2795 5207 ι
2823 5158 2896 5212 De
2926 5174 3044 5211 meo
3074 5160 3319 5224 accipiet,
3357 5181 3373 5210 ι
3406 5169 3460 5212 et

1895 5257 2016 5306 alia.
2048 5251 2471 5318 Ethaecquidem
2486 5264 2609 5302 cum
2629 5249 2696 5303 de
2715 5250 2780 5302 iis
2805 5265 2923 5318 qua
2945 5258 3098 5302 extra
3117 5250 3287 5304 Deum
3311 5263 3455 5316 sunt,

1897 5352 2253 5412 usurpantur,
2301 5341 2365 5394 ad
2409 5355 2472 5393 ea
2531 5355 2650 5408 quae
2710 5340 3064 5408 homonymos
3127 5341 3462 5408 signiﬁcatus

1893 5436 2189 5502 accipiunt,
2215 5431 2538 5492 eﬂernutur,
2563 5447 2686 5484 cum
2721 5431 2789 5482 de
2823 5430 2929 5482 Deo
2958 5446 3124 5481 unum
3156 5446 3217 5483 ac
3243 5433 3458 5499 simpli-

1892 5541 2009 5579 cem
2053 5524 2386 5592 exprimunt.
2452 5523 2614 5576 sicuti
2677 5523 2840 5574 etiam
2887 5521 3013 5572 illud
3070 5523 3369 5587 procedere,
3403 5534 3458 5576 et

1890 5634 2141 5671 emanare
2174 5617 2393 5686 quidem
2423 5630 2530 5669 non
2563 5615 2836 5669 diversum
2878 5613 3007 5682 quid
3044 5632 3072 5665 ιι
3108 5619 3457 5680 precesstonc

1564 5804 1605 5832 ²¹
1633 5799 1794 5855 Marc.
1825 5816 1918 5867 vn,
1950 5802 2037 5855 2|.
2117 5803 2160 5833 "
2196 5799 2332 5853 Ibid.
2411 5798 2454 5829 "
2484 5794 2647 5850 Marc.
2679 5811 2729 5856 ιι,
2762 5793 2849 5848 46.
2927 5795 2968 5827 ⁸⁸
3006 5793 3195 5848 Matth.
3247 5809 3334 5860 xz,
3375 5794 3444 5847 '29
