4220 6444
727 317 856 383 1351

1943 313 2270 374 GEORGII
2312 312 2776 373 ΜΕΤΟΕΠΙΤᾸζ

3840 318 3979 383 1352

691 469 700 473 -
728 440 845 507 ipsi
872 447 1062 490 notare
1091 432 1272 488 'ambo
1303 431 1545 502 ingentia
1597 430 1825 495 lumina,
1875 429 2304 484 immortalitatls
2333 432 2370 487 Α

2411 442 2564 491 σεως,
2614 426 2780 495 ἄμφω
2828 427 3166 495 πεηηςθακότες
3224 429 3520 499 φωσςῆρας
3576 432 3977 503 παρηγάγομεν

725 528 1131 599 cognominem,
1169 540 1382 579 necnon
1412 534 1468 579 et
1499 542 1563 578 ex
1596 524 1763 594 gratia
1801 538 2003 583 nomen
2034 523 2139 577 sibi
2176 525 2298 577 vin-

722 620 998 678 dicantem
1028 614 1424 687 Chrysologum
1453 615 1657 685 ingenti
1683 629 1812 668 voce
1838 614 2117 667 edicentes
2135 626 2298 682 supra

725 708 1073 764 adduximus.
1137 708 1210 762 De
1241 707 1436 777 effundi
1464 715 1519 759 et
1555 704 1821 774 progredi,
1877 714 2029 758 sexto
2066 704 2131 757 ad
2162 703 2300 757 Iler-

730 800 892 852 miam
926 800 1067 853 libro
1099 813 1128 852 a
1165 798 1271 851 Deo
1299 798 1526 851 edoctus
1561 797 1794 866 Cyrillus
1838 796 2027 848 deﬁnit
2076 795 2129 848 in
2153 796 2301 849 hunc

730 890 953 945 modum
981 908 996 943 :
1036 908 1053 939 ι
1091 876 1230 959 Num
1264 889 1360 941 tibi
1388 898 1638 957 apertum
1656 896 1737 942 est
1754 888 1975 941 allatum
2003 888 2295 955 eloquium,

728 994 783 1035 et
811 964 1018 1044 vidisti,
1078 981 1343 1048 Spiritum
1380 981 1598 1049 quidem
1657 981 1901 1033 veritatis
1950 995 2299 1047 nuncupasse

732 1074 1115 1131 Paracletunt?
1168 1075 1308 1128 dixit
1364 1075 1509 1127 enim
1546 1090 1669 1127 eum
1731 1075 1977 1143 progredi
2014 1089 2076 1126 ex
2117 1072 2297 1139 Patre,

732 1168 952 1245 propria
1007 1166 1109 1220 sibi
1161 1165 1344 1219 omnia
1373 1181 1492 1232 quzc
1524 1164 1700 1217 Patris
1746 1175 1897 1222 sunt.
1927 1163 2239 1217 ostendens.
2278 1184 2293 1214 ι

727 1254 876 1308 idem
896 1250 958 1307 in
995 1255 1183 1308 eodem
1217 1256 1281 1308 ad
1308 1255 1558 1308 eumdem
1594 1270 1607 1305 :
1640 1272 1657 1303 ι
1684 1253 1943 1321 Intelligis
1966 1255 2145 1322 itaque
2161 1267 2300 1322 quo-

730 1347 895 1400 modo
928 1346 1005 1400 uti
1032 1347 1310 1415 prepriutn
1349 1346 1508 1399 nobis
1534 1344 1752 1398 mittere
1785 1343 2044 1413 Spiritum
2074 1350 2301 1415 promit-

730 1430 797 1489 tit
823 1437 999 1504 quiex
1057 1436 1219 1490 Patre
1252 1446 1357 1491 est.
1392 1437 1459 1490 Et
1490 1436 1751 1505 Spiritum
1790 1436 2012 1504 quidem
2056 1417 2300 1491 veritatis

730 1540 907 1582 vocat.
937 1528 1157 1582 Eﬂ'undi
1191 1543 1319 1582 vero
1344 1542 1410 1581 ex
1444 1529 1564 1597 ipso
1593 1526 1754 1580 Patre
1783 1527 2045 1581 decrevit.
2074 1528 2299 1580 Necnon

730 1633 855 1672 eum
885 1620 952 1672 de
985 1621 1103 1689 ipso
1131 1621 1505 1675 testimonium
1535 1619 1934 1688 perhibiturum
1965 1621 2293 1688 praenuntia-

728 1711 824 1764 vit.
866 1730 883 1762 ι
936 1710 1051 1778 Qua
1105 1713 1315 1766 ratione
1346 1713 1435 1781 qui
1482 1713 1827 1780 manifestare
1890 1712 2141 1781 arripuit,
2186 1712 2302 1765 haec

729 1803 1036 1870 praeteriit?
1063 1800 1156 1855 Vel
1184 1790 1457 1870 quomodo
1485 1811 1757 1871 praecepto
1791 1802 2069 1856 Uominico
2095 1803 2162 1855 de
2184 1817 2307 1870 per-

730 1895 1068 1950 scrutatione
1127 1895 1535 1964 Scripturarum
1589 1894 2038 1965 neglecto,'qu:e
2092 1909 2221 1948 casu
2274 1908 2305 1947 e

734 1987 915 2057 lingua
947 1986 1207 2041 excidunt
1239 1987 1305 2040 de
1339 1985 1576 2055 propriis
1607 1984 1918 2053 eloquitur?
1946 1985 2061 2050 Qua
2095 1985 2306 2038 ratiOne

730 2079 927 2133 horum
975 2088 1029 2133 et
1056 2079 1317 2133 similium
1374 2077 1429 2130 in
1462 2077 1754 2130 universali
1787 2091 2083 2147 congressu
2138 2076 2306 2130 duces

733 2171 787 2224 in
820 2172 1175 2241 lioniouymas
1208 2170 1510 2225 sententias
1562 2170 1736 2223 adacti
1770 2179 1915 2233 sunt,
1962 2169 2051 2222 ubi
2083 2167 2306 2223 Patrum

731 2273 919 2316 vertex
980 2272 1213 2316 testatur
1270 2259 1609 2315 Salvatorem
1664 2261 1716 2312 in
1773 2258 2079 2329 Erangeliis
2130 2262 2305 2330 palam

733 2357 1052 2408 enuntiasse
1079 2354 1435 2424 profunditur,
1468 2360 1523 2406 et
1544 2352 1831 2421 egreditur,
1882 2353 1970 2406 ubi
2014 2353 2104 2407 ille
2129 2370 2308 2423 proce-

733 2426 811 2497 dit
846 2444 1024 2501 lassus
1041 2447 1163 2499 est?
1195 2444 1300 2499 Sed
1350 2446 1453 2498 lioc
1481 2444 1828 2514 cogitationis
1856 2444 2089 2510 facinus,
2127 2445 2307 2514 aptius

735 2526 980 2589 stultitia:
1029 2536 1236 2600 dixero,
1266 2538 1382 2604 ipse
1414 2522 1600 2588 divino
1652 2544 1786 2588 nutu
1820 2536 1975 2604 quasi
2001 2537 2307 2605 pra-vimus

735 2629 1011 2691 atnolitur,
1055 2638 1110 2683 et
1158 2629 1452 2683 admodum
1493 2631 1799 2699 perspicue,
1844 2630 1971 2683 dum
2022 2628 2199 2699 Cyprii
2252 2639 2308 2684 et

736 2721 1032 2776 Muzalonis
1064 2723 1132 2777 de
1161 2721 1321 2776 Patre
1373 2722 1673 2792 procedere
1705 2731 1758 2776 ct
1785 2720 1987 2776 cﬂ‘undi
2038 2723 2180 2776 idem
2229 2723 2308 2775 in-

737 2815 923 2868 dicare
956 2815 1333 2875 clamantium,
1360 2816 1427 2868 de
1454 2815 1593 2868 Filio
1643 2831 1774 2869 νιϊο
1806 2815 1982 2881 aliter,
2036 2831 2099 2870 os
2149 2818 2310 2872 oblit-

738 2915 885 2958 rans.
908 2900 1034 2954 illud
1068 2919 1087 2950 ι
1126 2905 1315 2955 eadem
1342 2918 1445 2969 qua
1478 2914 1527 2956 et
1557 2918 1585 2954 a
1630 2904 1791 2956 Patre
1825 2906 2038 2958 ratione
2070 2924 2087 2956 ι
2116 2916 2307 2961 contra

737 2999 985 3061 opponit.
1033 2993 1293 3047 Oratione
1334 2994 1600 3061 siquidem
1659 2996 1725 3047 ad
1787 2996 2100 3049 Nestorium
2152 3000 2307 3068 cuius

742 3085 1105 3154 primipium:
1159 3105 1177 3138 ι
1238 3086 1522 3140 Salvatore
1577 3097 1764 3143 nostro
1818 3090 1993 3156 palam
2041 3093 2303 3146 dicente:
2335 3107 2380 3165 ο

740 3178 841 3240 Qui
901 3178 1071 3247 diligit
1127 3190 1333 3246 patrem
1397 3189 1444 3231 et
1492 3190 1710 3231 matrem
1760 3195 1917 3247 super
1971 3197 2072 3245 me,
2100 3198 2201 3235 non
2233 3192 2309 3235 est

741 3270 1025 3337 medignus
1064 3269 1130 3332 ’³,
1198 3287 1217 3319 ι
1281 3284 1390 3322 non
1439 3270 1543 3323 alia
1590 3270 1755 3323 verba
1816 3280 2043 3339 usurpat
2085 3287 2101 3324 :
2162 3289 2195 3343 ι
2224 3271 2312 3327 Li-

739 3369 829 3414 «ret
880 3362 952 3413 sit
1010 3359 1250 3428 Spiritus
1310 3361 1364 3413 in
1395 3361 1610 3429 propria
1671 3361 1951 3431 ltypostasi
2006 3369 2059 3413 ct
2113 3377 2312 3415 secuti.

741 3457 868 3506 dum
928 3455 1170 3518 scipsntn
1225 3452 1585 3522 intelligatur,
1656 3469 1759 3522 qua
1809 3454 2048 3522 Spiritus
2102 3465 2205 3513 est.
2260 3464 2314 3508 et

746 3560 857 3597 non
885 3544 1079 3605 FllillS,
1139 3545 1499 3599 nihilominus
1531 3562 1640 3599 non
1682 3559 1767 3600 est
1818 3547 2027 3602 alienus
2093 3548 2161 3601 ab
2210 3564 2311 3612 eo;

747 3636 984 3702 Spiritus
1006 3637 1151 3688 enim
1189 3638 1436 3690 veritatis
1469 3638 1642 3693 dictus
1689 3649 1792 3696 est.
1827 3649 1885 3694 et
1921 3648 2009 3693 est
2063 3642 2315 3695 Christus

744 3727 973 3789 veritas,
1000 3736 1053 3781 et
1078 3729 1375 3782 etIunditur
1418 3730 1486 3782 ab
1524 3731 1640 3798 ipso
1670 3733 1854 3785 eadem
1891 3748 1996 3797 qua
2019 3743 2072 3786 et
2103 3749 2131 3786 a
2159 3732 2317 3789 Patre

749 3818 985 3871 ratione.
1021 3836 1037 3867 ι
1073 3818 1178 3872 Sed
1205 3819 1554 3873 etalibilocis
1581 3820 1633 3872 in
1662 3822 1918 3877 omnibus
1936 3825 2141 3878 similes
2156 3841 2319 3880 voces

751 3922 1044 3977 usurpans,
1095 3926 1113 3959 ι
1156 3907 1655 3984 Quemadmodum,
1692 3929 1708 3961 ι
1750 3912 1848 3974 ait,
1890 3932 1906 3963 ι
1950 3914 2018 3967 de
2056 3915 2174 3983 ipso
2211 3915 2319 3969 Deo

748 4013 805 4055 et
830 3999 991 4054 Patre
1031 4001 1376 4072 intelligitur.
1411 4001 1580 4077 illinc
1642 4005 1997 4074 disjiciuntur
2059 4008 2319 4064 adversus

748 4094 1035 4146 veritatem
1106 4108 1373 4147 novorum
1427 4094 1863 4150 commentorum
1923 4097 2213 4164 machinae,
2266 4110 2323 4155 et

749 4185 933 4237 divina
968 4200 1102 4239 voce
1147 4186 1525 4250 conﬁrmatur,
1563 4187 1914 4253 ell'usionem,
1976 4199 2033 4245 et
2068 4206 2319 4263 progres-

753 4294 902 4341 sum,
941 4286 996 4330 et
1046 4278 1456 4344 processionem
1501 4296 1669 4333 unum
1727 4280 1977 4351 idemque
2031 4297 2172 4337 esse.
2232 4283 2324 4339 Sic

754 4367 912 4434 plane
956 4366 1299 4421 conﬁdenter
1332 4365 1488 4422 ruens
1521 4368 1811 4439 theologia;
1866 4372 2101 4440 evigilis,
2149 4385 2205 4427 et
2254 4388 2320 4429 ex

2403 520 2528 581 τοὺς
2558 519 2844 588 μεγάλους,
2879 521 2964 572 τὸν
2993 519 3315 591 φερώνυμον
3357 522 3459 589 τῆς
3504 522 3825 585 ἀθανασίας,
3880 531 3976 578 καὶ

2399 611 2493 666 τὸν
2519 611 2897 682 χαριτὼνυμον
2936 612 3279 682 Χρυσολόγον
3322 615 3719 684 μεγαληγόρως
3765 618 3979 686 ἀνακη-

2407 705 2730 771 ρύττοντας·
2767 705 2893 773 περὶ
2920 705 2972 757 δὲ
2998 705 3092 756 τοῦ
3130 707 3505 774 προχεῖσθαι.
3580 709 3676 761 καὶ
3736 715 3979 777 πρόεισι

2399 794 2477 860 τῷ
2498 794 2638 863 ἕκτῳ
2656 792 2768 846 τῶν
2803 795 2937 859 πρὸς
2978 794 3237 865 Ἑρμείαν
3261 797 3519 865 θεόσοφος
3543 798 3812 868 Κῦριλλος
3832 800 3979 854 οὕτω

2402 883 2671 951 θεολογεί·
2714 905 2733 936 ι
2767 879 2913 953 Ἀρά
2937 904 3017 938 σοι
3040 888 3209 956 σαφὲς
3240 890 3301 941 τὸ
3322 892 3616 959 παροισθέν
3642 895 3757 945 ἐστι
3772 893 3975 961 λόγιον,

2402 976 2493 1026 καὶ
2518 976 2918 1046 προσδεδορκας
2950 978 3031 1030 ὅτι
3066 980 3284 1049 Πνεῦμα
3315 981 3411 1049 μὲν
3445 982 3701 1050 ἀληθείας
3723 984 3977 1054 ὠνόμασε

2400 1065 2491 1116 τὸν
2524 1065 2878 1134 Παράκλητον
2908 1086 2923 1131 ;
2950 1069 3096 1138 Ἔφη
3131 1087 3195 1137 γε
3228 1072 3356 1139 μὴν,
3391 1071 3467 1136 ὼς
3501 1074 3745 1141 πρόεισιν
3773 1077 3839 1125 ἐκ
3864 1077 3973 1127 Πα-

2400 1157 2547 1224 τρὸς,
2602 1157 2709 1209 ίδια
2744 1158 2922 1211 πάντα
2964 1158 3179 1221 δεικνὺς
3223 1162 3418 1214 ἑαυτοῦ
3445 1164 3512 1216 τά
3542 1162 3633 1217 τοῦ
3673 1166 3909 1232 Πατρός.
3951 1185 3971 1217 ο

2412 1248 2470 1301 ’0
2493 1250 2653 1309 αὐτὸς
2668 1250 2725 1300 ἐν
2750 1250 2827 1320 τῷ
2858 1250 3005 1321 αὐτῷ
3035 1252 3173 1321 πρὸς
3223 1256 3315 1306 τὸν
3336 1255 3498 1309 αὐτόν
3521 1272 3535 1285 ·
3590 1275 3608 1307 ι
3641 1258 3838 1325 Συνίης
3885 1256 3979 1310 οῦν

2399 1341 2547 1402 ὅπως
2571 1342 2644 1404 ὡς
2684 1342 2811 1393 ἴδιον
2839 1344 3217 1413 καταπέμψειν
3239 1348 3370 1415 ἡμῖν
3400 1347 3793 1415 ἐπαγγέλλεται
3826 1350 3889 1401 τὸ
3915 1354 3981 1401 ἐκ
4008 1397 4024 1403 ,ι

2400 1433 2490 1486 τοῦ
2528 1435 2759 1503 Πατρός.
2806 1435 2915 1487 Καὶ
2962 1437 3183 1505 Πνεῦμα
3221 1439 3316 1504 μὲν
3362 1437 3619 1506 ἀληθείας
3669 1440 3978 1491 ἀποκαλεῖ·

2401 1525 2718 1593 προχεῖσθαί
2752 1543 2812 1593 γε
2850 1528 2956 1596 μὴν
2986 1522 3222 1589 ὲξαύτοῦ
3250 1528 3541 1597 διωρίσατο
3589 1530 3682 1582 τοῦ
3744 1531 3979 1601 Πατρός.

2404 1618 2517 1669 Καὶ
2557 1618 2663 1686 μὴν
2693 1618 2774 1670 ὅτι
2805 1620 3145 1689 μαρτυρήσει
3192 1621 3322 1690 περὶ
3350 1621 3515 1674 αὑτοῦ
3547 1627 3917 1692 προεμήνυσε.
3959 1645 3976 1675 ι

2409 1710 2528 1770 Πῶς
2558 1710 2584 1761 ὁ
2613 1708 2674 1761 τὸ
2720 1710 3039 1777 ἐμφανίζειν
3074 1712 3330 1780 ἐλόμενος
3382 1713 3558 1767 ταῦτα
3596 1716 3981 1785 παρέδραμεν;

2412 1798 2481 1849 Ἢ
2507 1798 2618 1861 πῶς
2642 1798 2921 1867 ὀλιγώρως
2940 1800 3078 1869 ἔχων
3099 1803 3328 1872 ἐρεύνης
3352 1803 3452 1872 τῆς
3474 1803 3579 1854 τῶν
3614 1805 3652 1856 Γ
3660 1806 3866 1874 ραφὼν,
3889 1808 3984 1858 καὶ

2412 1886 2609 1957 μᾶλλον
2644 1885 2900 1941 ἐντεῦθεν
2914 1891 3013 1959 τῆς
3034 1893 3371 1962 Δεσποτικῆς
3389 1895 3629 1962 ἐντολῆς,
3660 1897 3728 1947 τὰ
3744 1914 3879 1963 tux:
3896 1902 3983 1957 to;

2407 1978 2620 2030 οἴκοθεν
2646 1983 2711 2050 τῇ
2746 1980 2962 2052 γλώττῃ
2992 1983 3382 2054 προφερόμενα
3410 1985 3704 2053 φθέγγεται
3729 2003 3743 2048 ;
3785 1987 3905 2045 Πῶς
3927 1988 3984 2038 δὲ

2409 2068 2596 2122 τούτου
2629 2071 2856 2123 καὶτῶν
2887 2073 3089 2141 ὁμοίων
3134 2075 3185 2126 oi
3232 2078 3471 2145 προαγοὶ
3523 2078 3605 2138 εἰς
3655 2079 3986 2145 όμωνυμιὼν

2408 2159 2792 2230 ἀπηνέχθησαν
2843 2164 3087 2226 ἐπινοίας
3152 2166 3499 2236 παγκοσμίου
3570 2168 3983 2231 συνελεύσεως,

2409 2249 2537 2304 ἔνθα
2561 2252 2818 2322 Πατέρων
2846 2257 2873 2307 ό
2904 2257 3196 2325 κορυφαῖος
3236 2259 3293 2310 ὲν
3344 2258 3696 2326 Εὐαγγελίοις
3739 2259 3832 2310 τὸν
3870 2259 3985 2310 ﬁo-

2408 2346 2549 2416 τῆρα
2586 2346 2945 2417 μαρτύρεται,
2976 2349 3281 2417 προχεῖται
3312 2350 3479 2417 φάναι
3529 2348 3829 2418 διαρρήδην
3890 2351 3986 2401 καὶ

2409 2438 2702 2504 πρόεισιν,
2765 2433 2847 2502 οἷς
2906 2439 3128 2510 εἴρηκεν
3174 2441 3607 2508 ἐκπορεύεται;
3660 2440 3821 2493 Ἀλλὰ
3862 2440 3984 2491 τόδε

2408 2530 2663 2601 τόλμημα
2695 2532 2755 2585 τὸ
2784 2532 2880 2601 τῆς
2904 2532 3166 2595 ἐπινοίας,
3201 2532 3545 2602 οἰκειοτέρως
3596 2530 3643 2584 δ’
3695 2533 3874 2585 εἰπεῖν
3923 2533 3988 2582 τὸ

2409 2623 2507 2691 τῆς
2533 2623 2808 2687 ἀπονοίας,
2839 2626 2868 2675 ὁ
2897 2624 3056 2686 αὐτὸς
3088 2623 3345 2691 θεοφόρος
3377 2622 3510 2675 ὡσεί
3558 2641 3639 2685 τις
3694 2639 3991 2692 προορατιο

2410 2713 2503 2775 κὸς
2537 2712 2928 2781 καταστρέφει,
2962 2713 3058 2765 καὶ
3084 2711 3226 2764 οὕτω
3253 2714 3591 2782 περιφανῶς,
3619 2709 3700 2775 οἷς
3751 2716 3991 2784 Κυπρίῳ

2410 2803 2596 2874 καὶτῷ
2618 2804 2959 2867 Μουζάλωνι,
2986 2804 3079 2856 ἐπὶ
3111 2805 3210 2873 μὲν
3239 2804 3332 2856 τοῦ
3374 2806 3584 2876 Πατρὸς
3610 2808 3669 2858 τὺ
3696 2807 3990 2874 ἐκπορεύο

2408 2914 2558 2961 εται,
2587 2898 2679 2950 καὶ
2703 2896 3011 2966 προχεῖται
3041 2897 3101 2949 τὸ
3125 2897 3257 2949 αὐτὸ
3286 2894 3430 2952 εἶναι
3458 2899 3633 2967 φωνοῦ
3645 2917 3747 2959 σιν,
3798 2903 3893 2953 ἐπὶ
3933 2901 3991 2951 δὲ

2409 2988 2504 3041 τοῦ
2550 2987 2679 3041 Υἱοῦ
2731 2988 2793 3039 τὺ
2841 2987 3015 3049 ἄλλως
3045 2987 3189 3039 κατὰ
3237 2990 3413 3056 στόμα
3470 2986 3890 3057 προσυπαντῶν,
3932 2993 3994 3040 το

2410 3080 2605 3148 καθὼς
2659 3080 3018 3150 ἀντιτίοησιν.
3079 3078 3169 3133 Ἐν
3218 3082 3328 3148 γὰρ
3386 3080 3461 3151 τῷ
3512 3081 3650 3151 πρὸς
3696 3082 3995 3151 Νεστόριον

2410 3174 2552 3244 λόγῳ
2589 3166 2651 3227 οὗ
2705 3176 2739 3244 η
2783 3173 2927 3243 ἀρχή
2955 3187 2970 3204 ⁸
3027 3190 3046 3225 ι
3078 3174 3184 3227 Τοῦ
3233 3175 3485 3244 Σωτῆρος
3530 3174 3689 3244 ἡμῶν
3740 3176 3997 3241 λέγοντος

2412 3265 2677 3335 ἐναργῶς,
2694 3267 2760 3318 '0
2783 3263 2981 3333 φιλῶν
3011 3266 3237 3334 πατέρα
3266 3266 3304 3334 ἢ
3322 3268 3549 3336 μητέρα
3563 3267 3716 3332 ὑπὲρ
3743 3266 3852 3335 ἐμὲ
3878 3268 3993 3319 οὐκ

2412 3357 2542 3412 ἐστι
2553 3375 2673 3426 μου
2686 3357 2878 3422 ἄξιος,
2904 3376 2923 3409 ι
2946 3358 3067 3410 κατ’
3083 3357 3209 3421 ἔπος
3229 3358 3402 3413 ταῦτά
3417 3373 3602 3427 φησιν·
3628 3376 3647 3409 ι
3679 3359 3742 3411 Εἰ
3764 3360 3857 3411 καὶ
3875 3359 3997 3411 ἐστι

2413 3454 2472 3504 τὸ
2491 3449 2715 3517 Πνεῦμα
2732 3452 2789 3502 ὲν
2813 3450 3112 3503 ὑποστάσει
3133 3450 3299 3519 ιδικῇ,
3318 3452 3414 3503 καὶ
3428 3452 3493 3521 δὴ
3512 3452 3605 3504 καὶ
3628 3453 3834 3504 νοεῖται
3867 3451 3995 3503 καθ’

2416 3541 2599 3606 ἑαυτὸ,
2617 3540 2753 3593 καθὸ
2775 3540 3004 3611 Πνεῦμα
3029 3543 3144 3595 ἐστι
3171 3544 3264 3595 καὶ
3284 3542 3383 3611 οὐχ
3400 3543 3549 3605 Υἱὸς,
3581 3542 3696 3595 ἀλλ’
3715 3542 3810 3597 οὖν
3843 3545 3999 3596 ἐστιν

2415 3632 2513 3683 οὐκ
2549 3630 2831 3701 ἀλλότριον
2869 3632 3059 3687 αὐτοῦ.
3114 3632 3340 3702 Πνεῦμα
3382 3634 3493 3703 γάρ
3552 3632 3814 3703 ἀληθείας
3858 3635 3998 3687 ὠνό-

2420 3739 2646 3791 μασται,
2674 3724 2770 3776 καὶ
2803 3722 2921 3775 ἔστι
2955 3724 3191 3793 Χριστὸς
3224 3727 3257 3794 ἡ
3301 3724 3553 3796 ἀλήθεια,
3584 3726 3679 3779 καὶ
3707 3730 4000 3796 προχεῖται

2418 3815 2550 3882 παρ’
2590 3815 2777 3880 αὑτοῦ,
2813 3815 3061 3887 καθάπερ
3109 3818 3301 3886 ἀμέλει
3347 3820 3441 3871 καὶ
3468 3820 3531 3872 ὲκ
3577 3819 3675 3871 τοῦ
3722 3820 3997 3890 Πατρός..

2430 3905 2593 3958 Ἀλλὰ
2642 3906 2736 3959 καὶ
2789 3907 3025 3977 ἀλλαχοῦ
3082 3910 3394 3979 πανταχόσε
3422 3913 3648 3976 ,φωναῖς
3701 3912 3761 3962 ἑν
3813 3929 4005 3980 παρα-

2422 3999 2692 4067 πλησίοις,
2717 4000 3014 4069 «Καθάπερ
3040 4001 3288 4069 ἀμέλει,ι
3310 4001 3529 4068 φάσκει,
3552 4019 3571 4051 ι
3597 4003 3690 4053 καὶ
3716 4003 3802 4055 ἐπ’
3832 4004 4002 4056 αὑτοῦ

2422 4092 2621 4142 νοεῖται
2662 4089 2755 4142 τοῦ
2785 4088 2922 4142 Θεοῦ
2962 4092 3056 4143 καὶ
3093 4091 3327 4160 Πατρός.
3357 4110 3376 4143 ι
3416 4092 3582 4143 Ὅθεν
3625 4092 4001 4145 ἀπελαύνεται

2424 4183 2525 4254 μὲν
2557 4182 2657 4251 τῆς
2680 4181 2939 4252 ἀληθείας
2966 4183 3028 4235 τδ
3069 4182 3181 4235 τῶν
3225 4184 3660 4253 ὲπινενοημένων
3686 4186 4007 4255 ἐφεῦρε-μαι

2421 4292 2529 4327 των
2576 4276 2907 4345 μηχάνημα,
2960 4274 3273 4345 βεσαιοῦται
3302 4275 3359 4330 δὲ
3388 4276 3685 4347 θεοστέμου
3733 4279 3923 4346 φωνῆς
3967 4282 4001 4347 ἡ

2422 4366 2687 4435 ταυτότης
2738 4361 2879 4421 εἶναι
2924 4367 3028 4436 τῆς
3075 4367 3430 4437 προχύσεως,
3470 4372 3567 4423 καὶ
3599 4372 3855 4440 προόδου,
3901 4379 3999 4426 καὶ

752 4472 815 4509 ea
845 4456 946 4509 sibi
999 4471 1198 4510 nomen
1260 4473 1545 4513 assumens
1588 4459 1785 4514 clamat
1821 4479 1835 4514 :
1876 4480 1893 4513 ι
1935 4460 2123 4534 Neque
2176 4451 2370 4521 eniml

2426 4458 2825 4527 ἑκπορεὺσεως,
2862 4458 3301 4529 παρρησιάζεται
3333 4459 3389 4511 δὲ
3438 4462 3533 4514 καὶ
3572 4462 3670 4530 τῆς
3710 4461 3999 4528 θεολογίας

755 4564 858 4601 nos
889 4548 956 4601 de
1015 4550 1333 4603 nominibus
1382 4554 1813 4619 contendemus,
1868 4555 2044 4611 donec
2080 4558 2324 4615 eamdem

755 4640 1086 4693 sententiain
1121 4640 1336 4711 syllabae
1366 4652 1777 4710 reprmsentaiit.
1818 4665 1835 4694 ι
1878 4643 2197 4717 Rursusque
2242 4664 2329 4701 re-

757 4748 878 4784 rum
927 4732 1279 4786 invisibilium
1360 4746 1636 4803 spectator
1702 4752 1932 4808 magnus
1992 4740 2325 4811 Dionysius:

764 4840 781 4870 ι
819 4825 857 4873 Δ
897 4823 1111 4875 ratione
1143 4824 1402 4887 alienum,
1425 4828 1762 4896 maximeque
1790 4831 2106 4894 absurdum,
2144 4850 2162 4882 θ
2184 4848 2332 4887 asse—

760 4927 910 4972 rens,
964 4931 982 4963 ι
1023 4929 1132 4966 non
1192 4915 1298 4968 vim
1356 4916 1526 4985 ipsam
1591 4918 1825 4973 instituti
1874 4923 2176 4986 attendere,
2235 4924 2328 4977 sed

758 5004 960 5069 verba;
1001 5019 1177 5073 neque
1206 5005 1308 5059 hoc
1338 5008 1624 5077 proprium
1659 5019 1744 5064 est
1783 5026 1974 5085 eorum
2008 5015 2099 5082 qui
2126 5030 2212 5068 res
2244 5017 2331 5069 di-

760 5096 917 5145 vinas
950 5093 1259 5161 intelligere
1294 5097 1542 5166 cupiunt,
1590 5098 1683 5151 sed
1734 5114 1901 5152 sonos
1947 5101 2115 5154 exiles
2148 5102 2361 5170 auspi-\

755 5195 977 5247 cantur,
1009 5186 1341 5253 eosdemque
1381 5188 1724 5240 extrinsecus
1763 5204 1895 5242 aure
1936 5199 2095 5243 tenus
2126 5192 2329 5245 admito

758 5282 908 5340 tum,
941 5293 957 5325 ι
1022 5286 1136 5330 ιιιιη
1191 5280 1410 5331 demum
1462 5278 1684 5332 subdit:
1726 5298 1743 5329 ι
1783 5280 1951 5345 Ωιιδεί
2004 5297 2113 5335 non
2168 5283 2331 5338 liceat

760 5378 998 5436 quatuor
1025 5386 1121 5439 per
1155 5372 1241 5425 bis
1272 5371 1380 5423 duo
1409 5371 1737 5439 signiﬁcare,
1772 5383 1867 5427 aut
1927 5374 2204 5441 simplices
2263 5376 2331 5428 li-

765 5474 897 5511 neas
940 5477 1033 5528 per
1066 5463 1239 5515 lineas
1269 5477 1465 5526 rectas,
1512 5474 1607 5516 aut
1646 5473 1953 5518 maternum
2005 5466 2181 5519 solum
2229 5482 2332 5536 per

760 5552 1017 5619 patriam,
1076 5564 1171 5607 aut
1218 5555 1520 5622 quodlibet,
1571 5572 1666 5625 per
1707 5558 1759 5610 id
1811 5558 1953 5624 quod
2004 5559 2054 5611 in
2083 5558 2331 5627 pluribus

838 5736 880 5764 ”
912 5734 1092 5789 Matth.
1134 5752 1184 5800 ι,
1212 5735 1298 5790 57.

2428 4550 2457 4603 ὀ
2494 4554 2764 4621 γρηγορος
2796 4549 2920 4612 νοῦς
2944 4552 3040 4603 καὶ
3074 4550 3394 4621 φερώνυμος
3427 4554 3720 4622 κεκραγώς
3745 4569 3760 4583 ·
3802 4572 3822 4605 ι
3861 4556 4003 4608 Οὐδὲ

2430 4646 2538 4711 γὰρ
2570 4644 2697 4709 περὶ
2724 4641 2834 4695 τῶν
2862 4640 3140 4709 ὀνομάτων
3167 4642 3653 4713 ζυγομαχήσομεν,
3686 4646 3792 4707 ἓως
3827 4648 3894 4699 ἂν
3926 4652 4006 4707 εἰς

2428 4735 2529 4803 τὴν
2569 4734 2738 4803 αὐτὴν
2767 4734 2975 4787 ἔννοιαν
3007 4738 3063 4787 αἱ
3098 4735 3366 4788 συλλαόαὶ
3400 4739 3692 4805 φέρωσιν.»
3732 4737 3898 4801 Αὖυίς
3946 4756 4005 4791 τε

2434 4828 2542 4880 τῶν
2578 4827 2823 4880 ἀθεάτων
2851 4829 2880 4880 ὁ
2909 4827 3109 4897 θεατὴς
3133 4829 3161 4880 ὁ
3189 4829 3358 4891 πολὺς
3386 4827 3662 4892 Διονύσιος
3685 4845 3701 4859 ο
3728 4848 3749 4881 ι
3774 4831 4011 4897 ’Δλοτον

2434 4918 2527 4970 καὶ
2551 4919 2740 4972 σκαιὸν
2769 4920 2912 4971 πάνυ
2954 4919 3247 4972 ἀποκαλῶν
3303 4922 3364 4973 τὸ
3403 4922 3479 4990 μὴ
3532 4924 3598 4991 τῇ
3646 4921 3879 4991 δυνάμει
3911 4926 4009 4975 τοῦ

2435 5011 2637 5061 σκοποῦ
2676 5009 2984 5078 προσέχειν,
3018 5010 3153 5062 ἀλλὰ
3182 5012 3302 5073 ταῖς
3325 5012 3539 5075 λέξεσιν
3559 5028 3575 5043 ο
3612 5012 3709 5064 καὶ
3735 5014 3898 5066 τοῦτο
3933 5022 4011 5085 μη

2434 5099 2541 5150 τῶν
2570 5100 2637 5152 τὰ
2680 5098 2799 5150 θεῖα
2846 5102 2988 5153 νοεῖν
3014 5100 3306 5155 ἐθελόντων
3355 5103 3486 5154 ἴδιον
3527 5098 3668 5157 εἶναι
3688 5145 3703 5168 ,
3731 5104 3870 5156 ἀλλὰ
3897 5108 4012 5156 τῶν

2434 5189 2598 5259 ἤχους
2638 5188 2825 5257 lito-0b;
2879 5178 3007 5252 τειῖὶ
3057 5192 3248 5254 ἀκοαῖς
3294 5192 3716 5262 εῐσδεχομένων,
3755 5214 3773 5247 ι
3811 5200 4011 5263 ἐπάγει

2434 5281 2628 5348 λέγων’
2668 5301 2685 5331 ι
2740 5283 2919 5352 Ὅπερ
2952 5284 3053 5335 οὐκ
3082 5281 3203 5347 ἐξὸν
3244 5284 3336 5337 τὸν
3378 5285 3619 5355 τέσσαρα
3656 5287 3893 5357 ἀριθμὸν
3923 5291 4013 5343 δια

2434 5373 2528 5425 τοῦ
2558 5373 2637 5436 δὶς
2670 5373 2764 5425 δύο
2812 5374 3118 5444 σημαίνειν,
3172 5375 3206 5446 ἢ
3253 5376 3320 5428 τὰ
3348 5376 3718 5447 εὐθύγραμμα
3768 5381 3861 5431 διὰ
3902 5384 4015 5433 τὼν

2437 5467 2864 5537 όρθογράμμων,
2914 5470 3071 5540 ἢτὴν
3104 5472 3337 5541 μητρίδα
3384 5474 3472 5526 διὰ
3501 5477 3597 5541 τῆς
3640 5476 3932 5543 πατρίδος.
3982 5479 4013 5533 ἦ

2440 5562 2626 5633 ἕτερον
2657 5563 2764 5615 τῶν
2805 5564 3016 5627 πολλοῖς
3050 5564 3242 5635 μὲρεσι
3271 5566 3365 5619 τοῦ
3407 5567 3565 5635 λόγου
3613 5570 3778 5622 ταυτὸ
3810 5586 4017 5639 σημαικ
