  <div class='ocr_page' id='page_1' title='image "/cluster/home/n/w/nwhite01/storage/ocr_20150623/141/nnc1.0046979964/732.png"; bbox 0 0 4220 6444; ppageno 0'>
   <div class='ocr_carea' id='block_1_1' title="bbox 249 355 388 418">
    <p class='ocr_par' dir='ltr' id='par_1_1' title="bbox 249 355 388 418">
     <span class='ocr_line' id='line_1_1' title="bbox 249 355 388 418; baseline 0.029 -4"><span class='ocrx_word' id='word_1_1' title='bbox 249 355 388 418; x_wconf 83' lang='grc'><strong>1353</strong></span> 
     </span>
    </p>
   </div>
   <div class='ocr_carea' id='block_1_2' title="bbox 1238 347 2525 412">
    <p class='ocr_par' dir='ltr' id='par_1_2' title="bbox 1238 347 2525 412">
     <span class='ocr_line' id='line_1_2' title="bbox 1238 347 2525 412; baseline 0.002 -4"><span class='ocrx_word' id='word_1_2' title='bbox 1238 353 1537 412; x_wconf 71' lang='lat' dir='ltr'><strong>CONTRA</strong></span> <span class='ocrx_word' id='word_1_3' title='bbox 1578 347 2009 412; x_wconf 72' lang='lat' dir='ltr'><strong>MANUELEM</strong></span> <span class='ocrx_word' id='word_1_4' title='bbox 2049 349 2525 410; x_wconf 76' lang='lat' dir='ltr'><strong>CRETENSEM.</strong></span> 
     </span>
    </p>
   </div>
   <div class='ocr_carea' id='block_1_3' title="bbox 3350 347 3484 415">
    <p class='ocr_par' dir='ltr' id='par_1_3' title="bbox 3350 347 3484 415">
     <span class='ocr_line' id='line_1_3' title="bbox 3350 347 3484 415; baseline -0.022 -2"><span class='ocrx_word' id='word_1_5' title='bbox 3350 347 3484 415; x_wconf 67' lang='lat'><strong>1354</strong></span> 
     </span>
    </p>
   </div>
   <div class='ocr_carea' id='block_1_4' title="bbox 241 463 1831 538">
    <p class='ocr_par' dir='ltr' id='par_1_4' title="bbox 241 467 1816 538">
     <span class='ocr_line' id='line_1_4' title="bbox 241 467 1816 538; baseline -0.004 -13"><span class='ocrx_word' id='word_1_6' title='bbox 241 474 467 525; x_wconf 86' lang='grc' dir='ltr'>νόντων.</span> <span class='ocrx_word' id='word_1_7' title='bbox 507 487 526 520; x_wconf 77' lang='grc' dir='ltr'><strong>ι</strong></span> <span class='ocrx_word' id='word_1_8' title='bbox 566 467 746 538; x_wconf 79' lang='grc' dir='ltr'>Ἀπερ</span> <span class='ocrx_word' id='word_1_9' title='bbox 776 469 804 521; x_wconf 99' lang='lat'><strong>6</strong></span> <span class='ocrx_word' id='word_1_10' title='bbox 849 468 1116 536; x_wconf 78' lang='grc' dir='ltr'>σύνεγγυς</span> <span class='ocrx_word' id='word_1_11' title='bbox 1148 467 1340 521; x_wconf 84' lang='grc' dir='ltr'>τούτου</span> <span class='ocrx_word' id='word_1_12' title='bbox 1376 468 1816 538; x_wconf 77' lang='grc' dir='ltr'>προτεθειμένος,</span> 
     </span>
    </p>
   </div>
   <div class='ocr_carea' id='block_1_5' title="bbox 1931 463 3496 538">
    <p class='ocr_par' dir='ltr' id='par_1_5' title="bbox 1931 463 3496 535">
     <span class='ocr_line' id='line_1_5' title="bbox 1931 463 3496 535; baseline 0 -19"><span class='ocrx_word' id='word_1_13' title='bbox 1931 464 2188 519; x_wconf 82' lang='lat' dir='ltr'><strong>orationis</strong></span> <span class='ocrx_word' id='word_1_14' title='bbox 2217 466 2459 535; x_wconf 87' lang='lat' dir='ltr'><strong>partibus</strong></span> <span class='ocrx_word' id='word_1_15' title='bbox 2505 463 2814 534; x_wconf 70' lang='lat' dir='ltr'><strong>asqutvalet.</strong></span> <span class='ocrx_word' id='word_1_16' title='bbox 2859 484 2876 515; x_wconf 73' lang='grc' dir='ltr'><strong>ι</strong></span> <span class='ocrx_word' id='word_1_17' title='bbox 2915 464 3036 519; x_wconf 65' lang='lat' dir='ltr'><strong>Haec</strong></span> <span class='ocrx_word' id='word_1_18' title='bbox 3065 464 3159 534; x_wconf 92' lang='lat' dir='ltr'><strong>qui</strong></span> <span class='ocrx_word' id='word_1_19' title='bbox 3213 472 3339 518; x_wconf 99' lang='lat' dir='ltr'><strong>ante</strong></span> <span class='ocrx_word' id='word_1_20' title='bbox 3371 479 3496 518; x_wconf 90' lang='lat' dir='ltr'><strong>eum</strong></span> 
     </span>
    </p>
   </div>
   <div class='ocr_carea' id='block_1_6' title="bbox 243 558 1821 632">
    <p class='ocr_par' dir='ltr' id='par_1_6' title="bbox 243 558 1821 632">
     <span class='ocr_line' id='line_1_6' title="bbox 243 558 1821 632; baseline -0.004 -16"><span class='ocrx_word' id='word_1_21' title='bbox 243 563 341 616; x_wconf 82' lang='grc' dir='ltr'>καὶ</span> <span class='ocrx_word' id='word_1_22' title='bbox 371 562 508 632; x_wconf 78' lang='grc' dir='ltr'>πρὸς</span> <span class='ocrx_word' id='word_1_23' title='bbox 543 560 687 614; x_wconf 77' lang='grc' dir='ltr'>ἅπαν</span> <span class='ocrx_word' id='word_1_24' title='bbox 709 561 986 631; x_wconf 76' lang='grc' dir='ltr'>όμόφρων,</span> <span class='ocrx_word' id='word_1_25' title='bbox 1027 562 1084 612; x_wconf 87' lang='grc' dir='ltr'><strong>ἐν</strong></span> <span class='ocrx_word' id='word_1_26' title='bbox 1121 559 1199 628; x_wconf 82' lang='grc' dir='ltr'><strong>τῷ</strong></span> <span class='ocrx_word' id='word_1_27' title='bbox 1227 559 1359 630; x_wconf 72' lang='grc' dir='ltr'>περὶ</span> <span class='ocrx_word' id='word_1_28' title='bbox 1385 559 1480 612; x_wconf 86' lang='grc' dir='ltr'><strong>τοῦ</strong></span> <span class='ocrx_word' id='word_1_29' title='bbox 1505 558 1821 628; x_wconf 86' lang='grc' dir='ltr'>Πνεύματος</span> 
     </span>
    </p>
   </div>
   <div class='ocr_carea' id='block_1_7' title="bbox 241 649 1818 723">
    <p class='ocr_par' dir='ltr' id='par_1_7' title="bbox 241 649 1818 723">
     <span class='ocr_line' id='line_1_7' title="bbox 241 649 1818 723; baseline -0.003 -17"><span class='ocrx_word' id='word_1_30' title='bbox 241 656 390 721; x_wconf 87' lang='grc' dir='ltr'>λόγῳ</span> <span class='ocrx_word' id='word_1_31' title='bbox 438 653 576 723; x_wconf 84' lang='grc' dir='ltr'>πρὸς</span> <span class='ocrx_word' id='word_1_32' title='bbox 623 654 714 706; x_wconf 76' lang='grc' dir='ltr'>τὸν</span> <span class='ocrx_word' id='word_1_33' title='bbox 767 653 1011 706; x_wconf 85' lang='grc' dir='ltr'>ἐναντίον</span> <span class='ocrx_word' id='word_1_34' title='bbox 1067 651 1372 720; x_wconf 84' lang='grc' dir='ltr'>μεθοδεύων</span> <span class='ocrx_word' id='word_1_35' title='bbox 1423 649 1567 704; x_wconf 77' lang='grc' dir='ltr'>οὕτω</span> <span class='ocrx_word' id='word_1_36' title='bbox 1611 650 1818 720; x_wconf 87' lang='grc' dir='ltr'>φησίν·</span> 
     </span>
    </p>
   </div>
   <div class='ocr_carea' id='block_1_8' title="bbox 247 739 1824 811">
    <p class='ocr_par' dir='ltr' id='par_1_8' title="bbox 247 739 1824 811">
     <span class='ocr_line' id='line_1_8' title="bbox 247 739 1824 811; baseline -0.001 -16"><span class='ocrx_word' id='word_1_37' title='bbox 247 763 266 795; x_wconf 76' lang='grc' dir='ltr'><strong>ι</strong></span> <span class='ocrx_word' id='word_1_38' title='bbox 301 743 365 796; x_wconf 84' lang='grc' dir='ltr'><strong>Εἰ</strong></span> <span class='ocrx_word' id='word_1_39' title='bbox 395 742 452 795; x_wconf 90' lang='grc' dir='ltr'><strong>δέ</strong></span> <span class='ocrx_word' id='word_1_40' title='bbox 500 760 594 797; x_wconf 92' lang='grc' dir='ltr'><strong>σου</strong></span> <span class='ocrx_word' id='word_1_41' title='bbox 627 743 693 795; x_wconf 70' lang='grc' dir='ltr'><strong>τὰ</strong></span> <span class='ocrx_word' id='word_1_42' title='bbox 735 742 815 804; x_wconf 77' lang='grc' dir='ltr'>δὶς</span> <span class='ocrx_word' id='word_1_43' title='bbox 861 742 1022 794; x_wconf 83' lang='grc' dir='ltr'><strong>πέντε</strong></span> <span class='ocrx_word' id='word_1_44' title='bbox 1067 741 1354 806; x_wconf 83' lang='grc' dir='ltr'>λέγοντος,</span> <span class='ocrx_word' id='word_1_45' title='bbox 1391 741 1422 811; x_wconf 80' lang='grc' dir='ltr'>ἢ</span> <span class='ocrx_word' id='word_1_46' title='bbox 1464 740 1525 794; x_wconf 82' lang='grc' dir='ltr'><strong>τὺ</strong></span> <span class='ocrx_word' id='word_1_47' title='bbox 1561 740 1644 803; x_wconf 79' lang='grc' dir='ltr'>δὶς</span> <span class='ocrx_word' id='word_1_48' title='bbox 1683 739 1824 793; x_wconf 85' lang='grc' dir='ltr'>ἐπτὰ</span> 
     </span>
    </p>
   </div>
   <div class='ocr_carea' id='block_1_9' title="bbox 238 833 1823 904">
    <p class='ocr_par' dir='ltr' id='par_1_9' title="bbox 238 833 1823 904">
     <span class='ocr_line' id='line_1_9' title="bbox 238 833 1823 904; baseline -0.003 -17"><span class='ocrx_word' id='word_1_49' title='bbox 238 836 310 887; x_wconf 70' lang='grc' dir='ltr'><strong>τὰ</strong></span> <span class='ocrx_word' id='word_1_50' title='bbox 348 835 480 888; x_wconf 86' lang='grc' dir='ltr'>δέκα</span> <span class='ocrx_word' id='word_1_51' title='bbox 514 835 770 904; x_wconf 72' lang='grc' dir='ltr'>νυνῆγον,</span> <span class='ocrx_word' id='word_1_52' title='bbox 808 833 840 902; x_wconf 80' lang='grc' dir='ltr'>ἢ</span> <span class='ocrx_word' id='word_1_53' title='bbox 879 834 949 886; x_wconf 66' lang='grc' dir='ltr'><strong>τὰ</strong></span> <span class='ocrx_word' id='word_1_54' title='bbox 974 834 1474 904; x_wconf 77' lang='grc' dir='ltr'><strong>τεσσαρεσκαίδεκα</strong></span> <span class='ocrx_word' id='word_1_55' title='bbox 1504 833 1568 884; x_wconf 89' lang='grc' dir='ltr'><strong>ἐκ</strong></span> <span class='ocrx_word' id='word_1_56' title='bbox 1594 833 1702 886; x_wconf 87' lang='grc' dir='ltr'><strong>τῶν</strong></span> <span class='ocrx_word' id='word_1_57' title='bbox 1733 833 1823 884; x_wconf 79' lang='grc' dir='ltr'>λεο</span> 
     </span>
    </p>
   </div>
   <div class='ocr_carea' id='block_1_10' title="bbox 240 922 1822 997">
    <p class='ocr_par' dir='ltr' id='par_1_10' title="bbox 240 922 1822 997">
     <span class='ocr_line' id='line_1_10' title="bbox 240 922 1822 997; baseline -0.001 -18"><span class='ocrx_word' id='word_1_58' title='bbox 240 928 516 996; x_wconf 75' lang='grc' dir='ltr'>γομένων,</span> <span class='ocrx_word' id='word_1_59' title='bbox 552 922 662 996; x_wconf 81' lang='grc' dir='ltr'>ἆρα</span> <span class='ocrx_word' id='word_1_60' title='bbox 707 926 772 979; x_wconf 71' lang='grc' dir='ltr'>ἄν</span> <span class='ocrx_word' id='word_1_61' title='bbox 808 943 890 979; x_wconf 92' lang='grc' dir='ltr'><strong>σοι</strong></span> <span class='ocrx_word' id='word_1_62' title='bbox 933 927 1119 997; x_wconf 83' lang='grc' dir='ltr'>ληρεῖν</span> <span class='ocrx_word' id='word_1_63' title='bbox 1160 926 1490 996; x_wconf 72' lang='grc' dir='ltr'>ἐνομίσθηνς</span> <span class='ocrx_word' id='word_1_64' title='bbox 1535 926 1628 978; x_wconf 85' lang='grc' dir='ltr'>καὶ</span> <span class='ocrx_word' id='word_1_65' title='bbox 1677 924 1822 988; x_wconf 82' lang='grc' dir='ltr'>πῶς,</span> 
     </span>
    </p>
   </div>
   <div class='ocr_carea' id='block_1_11' title="bbox 241 1015 1825 1087">
    <p class='ocr_par' dir='ltr' id='par_1_11' title="bbox 241 1015 1825 1087">
     <span class='ocr_line' id='line_1_11' title="bbox 241 1015 1825 1087; baseline -0.001 -19"><span class='ocrx_word' id='word_1_66' title='bbox 241 1017 316 1069; x_wconf 79' lang='grc' dir='ltr'><strong>τὰ</strong></span> <span class='ocrx_word' id='word_1_67' title='bbox 351 1018 421 1070; x_wconf 82' lang='grc' dir='ltr'>σὰ</span> <span class='ocrx_word' id='word_1_68' title='bbox 451 1017 626 1084; x_wconf 87' lang='grc' dir='ltr'>λέγων</span> <span class='ocrx_word' id='word_1_69' title='bbox 649 1033 663 1082; x_wconf 90' lang='grc'>;</span> <span class='ocrx_word' id='word_1_70' title='bbox 702 1034 720 1067; x_wconf 76' lang='grc' dir='ltr'><strong>ι</strong></span> <span class='ocrx_word' id='word_1_71' title='bbox 752 1017 870 1070; x_wconf 86' lang='grc' dir='ltr'><strong>Ἔτι</strong></span> <span class='ocrx_word' id='word_1_72' title='bbox 894 1034 954 1070; x_wconf 87' lang='grc' dir='ltr'><strong>τε</strong></span> <span class='ocrx_word' id='word_1_73' title='bbox 974 1017 1226 1087; x_wconf 80' lang='grc' dir='ltr'>Μάξιμος</span> <span class='ocrx_word' id='word_1_74' title='bbox 1252 1019 1278 1070; x_wconf 89' lang='lat'><strong>6</strong></span> <span class='ocrx_word' id='word_1_75' title='bbox 1303 1016 1395 1070; x_wconf 78' lang='grc' dir='ltr'>τὸν</span> <span class='ocrx_word' id='word_1_76' title='bbox 1422 1015 1583 1086; x_wconf 81' lang='grc' dir='ltr'>ζῆλον</span> <span class='ocrx_word' id='word_1_77' title='bbox 1609 1016 1706 1069; x_wconf 61' lang='grc' dir='ltr'><strong>καὶ⁵</strong></span> <span class='ocrx_word' id='word_1_78' title='bbox 1725 1015 1825 1086; x_wconf 77' lang='grc' dir='ltr'>τὴν</span> 
     </span>
    </p>
   </div>
   <div class='ocr_carea' id='block_1_12' title="bbox 240 1107 1826 1180">
    <p class='ocr_par' dir='ltr' id='par_1_12' title="bbox 240 1107 1826 1180">
     <span class='ocr_line' id='line_1_12' title="bbox 240 1107 1826 1180; baseline -0.002 -17"><span class='ocrx_word' id='word_1_79' title='bbox 240 1109 536 1179; x_wconf 78' lang='grc' dir='ltr'><strong>ὁμολογίαν</strong></span> <span class='ocrx_word' id='word_1_80' title='bbox 563 1107 982 1179; x_wconf 78' lang='grc' dir='ltr'>ἁξιοθρύλλητος</span> <span class='ocrx_word' id='word_1_81' title='bbox 1018 1110 1116 1180; x_wconf 78' lang='grc' dir='ltr'><strong>βοᾷ</strong></span> <span class='ocrx_word' id='word_1_82' title='bbox 1140 1108 1426 1176; x_wconf 83' lang='grc' dir='ltr'>διατόρως·</span> <span class='ocrx_word' id='word_1_83' title='bbox 1462 1127 1480 1159; x_wconf 79' lang='grc' dir='ltr'><strong>ι</strong></span> <span class='ocrx_word' id='word_1_84' title='bbox 1505 1109 1690 1171; x_wconf 76' lang='grc' dir='ltr'>Φωνὰς</span> <span class='ocrx_word' id='word_1_85' title='bbox 1727 1107 1826 1176; x_wconf 77' lang='grc' dir='ltr'>μὲν</span> 
     </span>
    </p>
   </div>
   <div class='ocr_carea' id='block_1_13' title="bbox 243 1199 1826 1272">
    <p class='ocr_par' dir='ltr' id='par_1_13' title="bbox 243 1199 1826 1272">
     <span class='ocr_line' id='line_1_13' title="bbox 243 1199 1826 1272; baseline -0.003 -18"><span class='ocrx_word' id='word_1_86' title='bbox 243 1201 511 1263; x_wconf 80' lang='grc' dir='ltr'>πολλάκις</span> <span class='ocrx_word' id='word_1_87' title='bbox 547 1200 672 1262; x_wconf 80' lang='grc' dir='ltr'>τοὺς</span> <span class='ocrx_word' id='word_1_88' title='bbox 705 1201 955 1270; x_wconf 84' lang='grc' dir='ltr'>Πατέρας</span> <span class='ocrx_word' id='word_1_89' title='bbox 989 1202 1360 1272; x_wconf 76' lang='grc' dir='ltr'><strong>παραχωρεῖν,</strong></span> <span class='ocrx_word' id='word_1_90' title='bbox 1398 1200 1609 1262; x_wconf 81' lang='grc' dir='ltr'>ἐννοίας</span> <span class='ocrx_word' id='word_1_91' title='bbox 1643 1199 1700 1252; x_wconf 81' lang='grc' dir='ltr'>δὲ</span> <span class='ocrx_word' id='word_1_92' title='bbox 1730 1199 1826 1250; x_wconf 82' lang='grc' dir='ltr'><strong>οὐ·</strong></span> 
     </span>
    </p>
   </div>
   <div class='ocr_carea' id='block_1_14' title="bbox 241 1289 1829 1361">
    <p class='ocr_par' dir='ltr' id='par_1_14' title="bbox 241 1289 1829 1361">
     <span class='ocr_line' id='line_1_14' title="bbox 241 1289 1829 1361; baseline -0.001 -17"><span class='ocrx_word' id='word_1_93' title='bbox 241 1291 446 1361; x_wconf 79' lang='grc' dir='ltr'>δαμοῦ,</span> <span class='ocrx_word' id='word_1_94' title='bbox 469 1291 551 1343; x_wconf 83' lang='grc' dir='ltr'>ὅτι</span> <span class='ocrx_word' id='word_1_95' title='bbox 577 1291 653 1360; x_wconf 83' lang='grc' dir='ltr'>μὴ</span> <span class='ocrx_word' id='word_1_96' title='bbox 684 1292 740 1342; x_wconf 92' lang='grc' dir='ltr'><strong>ἐν</strong></span> <span class='ocrx_word' id='word_1_97' title='bbox 763 1292 1026 1361; x_wconf 76' lang='grc' dir='ltr'>ῥήμασιν,</span> <span class='ocrx_word' id='word_1_98' title='bbox 1055 1289 1171 1343; x_wconf 79' lang='grc' dir='ltr'>ἀλλ’</span> <span class='ocrx_word' id='word_1_99' title='bbox 1204 1294 1260 1343; x_wconf 82' lang='grc' dir='ltr'><strong>ἐν</strong></span> <span class='ocrx_word' id='word_1_100' title='bbox 1291 1290 1521 1353; x_wconf 76' lang='grc' dir='ltr'><strong>ἐννοίαις</strong></span> <span class='ocrx_word' id='word_1_101' title='bbox 1543 1291 1643 1360; x_wconf 81' lang='grc' dir='ltr'>τῆς</span> <span class='ocrx_word' id='word_1_102' title='bbox 1673 1290 1829 1342; x_wconf 80' lang='grc' dir='ltr'>εὐσε-</span> 
     </span>
    </p>
   </div>
   <div class='ocr_carea' id='block_1_15' title="bbox 243 1382 1828 1455">
    <p class='ocr_par' dir='ltr' id='par_1_15' title="bbox 243 1382 1828 1455">
     <span class='ocr_line' id='line_1_15' title="bbox 243 1382 1828 1455; baseline -0.001 -17"><span class='ocrx_word' id='word_1_103' title='bbox 243 1385 402 1446; x_wconf 74' lang='grc' dir='ltr'>ϐείας</span> <span class='ocrx_word' id='word_1_104' title='bbox 428 1385 488 1436; x_wconf 84' lang='grc' dir='ltr'>τὸ</span> <span class='ocrx_word' id='word_1_105' title='bbox 516 1385 655 1452; x_wconf 81' lang='grc' dir='ltr'>μέγα</span> <span class='ocrx_word' id='word_1_106' title='bbox 687 1385 1008 1455; x_wconf 82' lang='grc' dir='ltr'>μυστήριον.</span> <span class='ocrx_word' id='word_1_107' title='bbox 1044 1402 1064 1435; x_wconf 72' lang='grc' dir='ltr'><strong>ι</strong></span> <span class='ocrx_word' id='word_1_108' title='bbox 1100 1386 1161 1437; x_wconf 83' lang='grc' dir='ltr'><strong>οι</strong></span> <span class='ocrx_word' id='word_1_109' title='bbox 1184 1383 1313 1452; x_wconf 84' lang='grc' dir='ltr'>γοῦν</span> <span class='ocrx_word' id='word_1_110' title='bbox 1344 1384 1413 1436; x_wconf 81' lang='grc' dir='ltr'>τὰ</span> <span class='ocrx_word' id='word_1_111' title='bbox 1433 1385 1527 1454; x_wconf 83' lang='grc' dir='ltr'>τῆς</span> <span class='ocrx_word' id='word_1_112' title='bbox 1549 1382 1828 1452; x_wconf 80' lang='grc' dir='ltr'><strong>διαμάχης</strong></span> 
     </span>
    </p>
   </div>
   <div class='ocr_carea' id='block_1_16' title="bbox 242 1475 1826 1546">
    <p class='ocr_par' dir='ltr' id='par_1_16' title="bbox 242 1475 1826 1546">
     <span class='ocr_line' id='line_1_16' title="bbox 242 1475 1826 1546; baseline -0.002 -17"><span class='ocrx_word' id='word_1_113' title='bbox 242 1477 354 1529; x_wconf 81' lang='grc' dir='ltr'><strong>τῶν</strong></span> <span class='ocrx_word' id='word_1_114' title='bbox 405 1475 742 1545; x_wconf 82' lang='grc' dir='ltr'>Ἐκκλησιῶν</span> <span class='ocrx_word' id='word_1_115' title='bbox 782 1477 840 1529; x_wconf 87' lang='grc' dir='ltr'><strong>ἐν</strong></span> <span class='ocrx_word' id='word_1_116' title='bbox 871 1475 1228 1546; x_wconf 79' lang='grc' dir='ltr'><strong>προσχήματι</strong></span> <span class='ocrx_word' id='word_1_117' title='bbox 1258 1475 1422 1546; x_wconf 77' lang='grc' dir='ltr'>ζήλου</span> <span class='ocrx_word' id='word_1_118' title='bbox 1458 1475 1662 1544; x_wconf 77' lang='grc' dir='ltr'>μᾶλλον</span> <span class='ocrx_word' id='word_1_119' title='bbox 1689 1490 1826 1542; x_wconf 83' lang='grc' dir='ltr'>κρα-</span> 
     </span>
    </p>
   </div>
   <div class='ocr_carea' id='block_1_17' title="bbox 241 1565 1825 1638">
    <p class='ocr_par' dir='ltr' id='par_1_17' title="bbox 241 1565 1825 1638">
     <span class='ocr_line' id='line_1_17' title="bbox 241 1565 1825 1638; baseline -0.003 -15"><span class='ocrx_word' id='word_1_120' title='bbox 241 1567 500 1633; x_wconf 78' lang='grc' dir='ltr'>τύνοντες</span> <span class='ocrx_word' id='word_1_121' title='bbox 523 1569 815 1638; x_wconf 82' lang='grc' dir='ltr'><strong>ὁσημέραι,</strong></span> <span class='ocrx_word' id='word_1_122' title='bbox 852 1565 954 1620; x_wconf 90' lang='grc' dir='ltr'><strong>ποῦ</strong></span> <span class='ocrx_word' id='word_1_123' title='bbox 980 1568 1076 1638; x_wconf 78' lang='grc' dir='ltr'>τὴν</span> <span class='ocrx_word' id='word_1_124' title='bbox 1101 1567 1268 1638; x_wconf 78' lang='grc' dir='ltr'>ἐδραν</span> <span class='ocrx_word' id='word_1_125' title='bbox 1299 1567 1519 1636; x_wconf 69' lang='grc' dir='ltr'>ἔχουσιν</span> <span class='ocrx_word' id='word_1_126' title='bbox 1545 1565 1825 1636; x_wconf 71' lang='grc' dir='ltr'>ἡδρασμέ-</span> 
     </span>
    </p>
   </div>
   <div class='ocr_carea' id='block_1_18' title="bbox 241 1658 1828 1732">
    <p class='ocr_par' dir='ltr' id='par_1_18' title="bbox 241 1658 1828 1732">
     <span class='ocr_line' id='line_1_18' title="bbox 241 1658 1828 1732; baseline -0.004 -16"><span class='ocrx_word' id='word_1_127' title='bbox 241 1681 365 1732; x_wconf 91' lang='grc' dir='ltr'>νην,</span> <span class='ocrx_word' id='word_1_128' title='bbox 393 1662 477 1714; x_wconf 82' lang='grc' dir='ltr'>ὅτι</span> <span class='ocrx_word' id='word_1_129' title='bbox 510 1662 586 1732; x_wconf 81' lang='grc' dir='ltr'>μὴ</span> <span class='ocrx_word' id='word_1_130' title='bbox 616 1659 870 1731; x_wconf 81' lang='grc' dir='ltr'>καθαρῶς</span> <span class='ocrx_word' id='word_1_131' title='bbox 901 1661 979 1722; x_wconf 84' lang='grc' dir='ltr'><strong>είς</strong></span> <span class='ocrx_word' id='word_1_132' title='bbox 1001 1659 1266 1730; x_wconf 77' lang='grc' dir='ltr'>λαμπρὰν</span> <span class='ocrx_word' id='word_1_133' title='bbox 1290 1660 1399 1712; x_wconf 89' lang='grc' dir='ltr'><strong>τῶν</strong></span> <span class='ocrx_word' id='word_1_134' title='bbox 1427 1658 1828 1728; x_wconf 76' lang='grc' dir='ltr'><strong>διειλημμένων</strong></span> 
     </span>
    </p>
   </div>
   <div class='ocr_carea' id='block_1_19' title="bbox 243 1750 1828 1824">
    <p class='ocr_par' dir='ltr' id='par_1_19' title="bbox 243 1750 1828 1824">
     <span class='ocr_line' id='line_1_19' title="bbox 243 1750 1828 1824; baseline -0.03 24"><span class='ocrx_word' id='word_1_135' title='bbox 243 1755 520 1824; x_wconf 64' lang='grc' dir='ltr'><strong>ῥημάτων</strong></span> <span class='ocrx_word' id='word_1_136' title='bbox 571 1771 629 1806; x_wconf 69' lang='grc' dir='ltr'><strong><em>τε</em></strong></span> <span class='ocrx_word' id='word_1_137' title='bbox 677 1753 770 1806; x_wconf 61' lang='grc' dir='ltr'><strong>καὶ</strong></span> <span class='ocrx_word' id='word_1_138' title='bbox 820 1752 1132 1824; x_wconf 75' lang='grc' dir='ltr'><strong>προσώπων</strong></span> <span class='ocrx_word' id='word_1_139' title='bbox 1175 1750 1638 1820; x_wconf 77' lang='grc' dir='ltr'>ἀντιπαράταξινς</span> <span class='ocrx_word' id='word_1_140' title='bbox 1682 1750 1828 1821; x_wconf 74' lang='grc' dir='ltr'>Πλὴν</span> 
     </span>
    </p>
   </div>
   <div class='ocr_carea' id='block_1_20' title="bbox 240 1841 1826 1914">
    <p class='ocr_par' dir='ltr' id='par_1_20' title="bbox 240 1841 1826 1914">
     <span class='ocr_line' id='line_1_20' title="bbox 240 1841 1826 1914; baseline -0.003 -17"><span class='ocrx_word' id='word_1_141' title='bbox 240 1845 557 1914; x_wconf 76' lang='grc' dir='ltr'>θεωρητέον</span> <span class='ocrx_word' id='word_1_142' title='bbox 583 1846 676 1897; x_wconf 80' lang='grc' dir='ltr'>καὶ</span> <span class='ocrx_word' id='word_1_143' title='bbox 695 1844 892 1907; x_wconf 76' lang='grc' dir='ltr'>λοιπὰς</span> <span class='ocrx_word' id='word_1_144' title='bbox 920 1843 1280 1911; x_wconf 73' lang='grc' dir='ltr'>τῶνζλέξεων,</span> <span class='ocrx_word' id='word_1_145' title='bbox 1309 1842 1364 1895; x_wconf 84' lang='grc' dir='ltr'><strong>αῖ</strong></span> <span class='ocrx_word' id='word_1_146' title='bbox 1387 1843 1447 1895; x_wconf 82' lang='grc' dir='ltr'>τὸ</span> <span class='ocrx_word' id='word_1_147' title='bbox 1467 1841 1662 1895; x_wconf 79' lang='grc' dir='ltr'>ταυτὸν</span> <span class='ocrx_word' id='word_1_148' title='bbox 1682 1858 1826 1910; x_wconf 80' lang='grc' dir='ltr'>παρ-</span> 
     </span>
    </p>
   </div>
   <div class='ocr_carea' id='block_1_21' title="bbox 241 1934 1829 2006">
    <p class='ocr_par' dir='ltr' id='par_1_21' title="bbox 241 1934 1829 2006">
     <span class='ocr_line' id='line_1_21' title="bbox 241 1934 1829 2006; baseline -0.001 -18"><span class='ocrx_word' id='word_1_149' title='bbox 241 1937 443 1989; x_wconf 78' lang='grc' dir='ltr'>ιστῶσι</span> <span class='ocrx_word' id='word_1_150' title='bbox 472 1936 551 2006; x_wconf 84' lang='grc' dir='ltr'>τῷ</span> <span class='ocrx_word' id='word_1_151' title='bbox 601 1936 983 2004; x_wconf 82' lang='grc' dir='ltr'>ἐκπορεύεται.</span> <span class='ocrx_word' id='word_1_152' title='bbox 1017 1937 1151 1990; x_wconf 79' lang='grc' dir='ltr'><strong>Οὐδὲ</strong></span> <span class='ocrx_word' id='word_1_153' title='bbox 1181 1934 1289 2004; x_wconf 82' lang='grc' dir='ltr'>γὰρ</span> <span class='ocrx_word' id='word_1_154' title='bbox 1332 1935 1450 1987; x_wconf 83' lang='grc' dir='ltr'>δέον</span> <span class='ocrx_word' id='word_1_155' title='bbox 1485 1934 1552 1998; x_wconf 71' lang='grc' dir='ltr'>ἃς</span> <span class='ocrx_word' id='word_1_156' title='bbox 1586 1934 1829 2005; x_wconf 82' lang='grc' dir='ltr'>ἀπηριθ-</span> 
     </span>
    </p>
   </div>
   <div class='ocr_carea' id='block_1_22' title="bbox 243 2026 1830 2097">
    <p class='ocr_par' dir='ltr' id='par_1_22' title="bbox 243 2026 1830 2097">
     <span class='ocr_line' id='line_1_22' title="bbox 243 2026 1830 2097; baseline -0.001 -17"><span class='ocrx_word' id='word_1_157' title='bbox 243 2028 511 2097; x_wconf 83' lang='grc' dir='ltr'>μήσαμεν</span> <span class='ocrx_word' id='word_1_158' title='bbox 554 2026 740 2080; x_wconf 81' lang='grc' dir='ltr'>ἐνθάδε</span> <span class='ocrx_word' id='word_1_159' title='bbox 791 2027 1213 2096; x_wconf 80' lang='grc' dir='ltr'>παραδραμεῖν,</span> <span class='ocrx_word' id='word_1_160' title='bbox 1267 2028 1314 2078; x_wconf 84' lang='grc' dir='ltr'><strong>εί</strong></span> <span class='ocrx_word' id='word_1_161' title='bbox 1371 2027 1462 2078; x_wconf 78' lang='grc' dir='ltr'>καὶ</span> <span class='ocrx_word' id='word_1_162' title='bbox 1503 2029 1568 2079; x_wconf 88' lang='grc' dir='ltr'><strong>ἐκ</strong></span> <span class='ocrx_word' id='word_1_163' title='bbox 1616 2027 1830 2080; x_wconf 84' lang='grc' dir='ltr'>πολλῶν</span> 
     </span>
    </p>
   </div>
   <div class='ocr_carea' id='block_1_23' title="bbox 236 2117 1828 2189">
    <p class='ocr_par' dir='ltr' id='par_1_23' title="bbox 236 2117 1828 2189">
     <span class='ocr_line' id='line_1_23' title="bbox 236 2117 1828 2189; baseline -0.001 -16"><span class='ocrx_word' id='word_1_164' title='bbox 236 2121 439 2187; x_wconf 73' lang='grc' dir='ltr'>ὀλίγας</span> <span class='ocrx_word' id='word_1_165' title='bbox 471 2121 602 2189; x_wconf 79' lang='grc' dir='ltr'>ἡμῖν</span> <span class='ocrx_word' id='word_1_166' title='bbox 628 2120 744 2172; x_wconf 89' lang='grc' dir='ltr'>ἐστι</span> <span class='ocrx_word' id='word_1_167' title='bbox 768 2120 829 2172; x_wconf 77' lang='grc' dir='ltr'>τὸ</span> <span class='ocrx_word' id='word_1_168' title='bbox 860 2120 1132 2186; x_wconf 82' lang='grc' dir='ltr'>παράγειν</span> <span class='ocrx_word' id='word_1_169' title='bbox 1162 2117 1480 2187; x_wconf 87' lang='grc' dir='ltr'>μαρτυριῶν</span> <span class='ocrx_word' id='word_1_170' title='bbox 1504 2117 1600 2170; x_wconf 64' lang='grc' dir='ltr'><strong>κα)⁸</strong></span> <span class='ocrx_word' id='word_1_171' title='bbox 1625 2119 1828 2172; x_wconf 82' lang='grc' dir='ltr'>λοιπῶν</span> 
     </span>
    </p>
   </div>
   <div class='ocr_carea' id='block_1_24' title="bbox 243 2213 1829 2284">
    <p class='ocr_par' dir='ltr' id='par_1_24' title="bbox 243 2213 1829 2284">
     <span class='ocr_line' id='line_1_24' title="bbox 243 2213 1829 2284; baseline -0.003 -15"><span class='ocrx_word' id='word_1_172' title='bbox 243 2218 482 2269; x_wconf 82' lang='grc' dir='ltr'>Θέσεων.</span> <span class='ocrx_word' id='word_1_173' title='bbox 513 2214 723 2270; x_wconf 84' lang='grc' dir='ltr'>Οὐκοῦν</span> <span class='ocrx_word' id='word_1_174' title='bbox 747 2215 876 2284; x_wconf 73' lang='grc' dir='ltr'>περὶ</span> <span class='ocrx_word' id='word_1_175' title='bbox 897 2213 992 2267; x_wconf 90' lang='grc' dir='ltr'><strong>τοῦ</strong></span> <span class='ocrx_word' id='word_1_176' title='bbox 1025 2214 1362 2282; x_wconf 70' lang='grc' dir='ltr'>πεφηνέναι</span> <span class='ocrx_word' id='word_1_177' title='bbox 1382 2213 1491 2265; x_wconf 86' lang='grc' dir='ltr'><strong>τῶν</strong></span> <span class='ocrx_word' id='word_1_178' title='bbox 1515 2214 1829 2282; x_wconf 80' lang='grc' dir='ltr'>κεφαλαίων</span> 
     </span>
    </p>
   </div>
   <div class='ocr_carea' id='block_1_25' title="bbox 241 2305 1831 2378">
    <p class='ocr_par' dir='ltr' id='par_1_25' title="bbox 241 2305 1831 2378">
     <span class='ocr_line' id='line_1_25' title="bbox 241 2305 1831 2378; baseline -0.003 -15"><span class='ocrx_word' id='word_1_179' title='bbox 241 2312 304 2363; x_wconf 81' lang='grc' dir='ltr'><strong>ἐν</strong></span> <span class='ocrx_word' id='word_1_180' title='bbox 331 2309 414 2360; x_wconf 85' lang='grc' dir='ltr'>ἐν¹ι</span> <span class='ocrx_word' id='word_1_181' title='bbox 442 2307 541 2378; x_wconf 82' lang='grc' dir='ltr'><strong>τῷ,</strong></span> <span class='ocrx_word' id='word_1_182' title='bbox 573 2309 652 2360; x_wconf 77' lang='grc' dir='ltr'>ὅτι</span> <span class='ocrx_word' id='word_1_183' title='bbox 684 2307 803 2360; x_wconf 87' lang='grc' dir='ltr'>θεία</span> <span class='ocrx_word' id='word_1_184' title='bbox 843 2306 1005 2373; x_wconf 84' lang='grc' dir='ltr'>φύσις</span> <span class='ocrx_word' id='word_1_185' title='bbox 1036 2307 1095 2358; x_wconf 83' lang='grc' dir='ltr'>τὸ</span> <span class='ocrx_word' id='word_1_186' title='bbox 1119 2305 1344 2376; x_wconf 88' lang='grc' dir='ltr'>Πνεῦμα</span> <span class='ocrx_word' id='word_1_187' title='bbox 1383 2306 1444 2358; x_wconf 85' lang='grc' dir='ltr'>τὸ</span> <span class='ocrx_word' id='word_1_188' title='bbox 1492 2307 1646 2372; x_wconf 80' lang='grc' dir='ltr'>ἆγιον</span> <span class='ocrx_word' id='word_1_189' title='bbox 1671 2308 1696 2358; x_wconf 90' lang='lat'><strong>6</strong></span> <span class='ocrx_word' id='word_1_190' title='bbox 1736 2323 1831 2376; x_wconf 88' lang='grc' dir='ltr'>με·</span> 
     </span>
    </p>
   </div>
   <div class='ocr_carea' id='block_1_26' title="bbox 242 2397 1829 2471">
    <p class='ocr_par' dir='ltr' id='par_1_26' title="bbox 242 2397 1829 2471">
     <span class='ocr_line' id='line_1_26' title="bbox 242 2397 1829 2471; baseline -0.004 -17"><span class='ocrx_word' id='word_1_191' title='bbox 242 2402 516 2471; x_wconf 80' lang='grc' dir='ltr'>γαλόνους</span> <span class='ocrx_word' id='word_1_192' title='bbox 559 2399 685 2452; x_wconf 80' lang='grc' dir='ltr'>τάδε</span> <span class='ocrx_word' id='word_1_193' title='bbox 711 2398 1017 2468; x_wconf 85' lang='grc' dir='ltr'>διαγορεύει</span> <span class='ocrx_word' id='word_1_194' title='bbox 1064 2397 1363 2460; x_wconf 83' lang='grc' dir='ltr'>Βασίλειος·</span> <span class='ocrx_word' id='word_1_195' title='bbox 1401 2415 1419 2448; x_wconf 81' lang='grc' dir='ltr'><strong>ι</strong></span> <span class='ocrx_word' id='word_1_196' title='bbox 1456 2397 1682 2467; x_wconf 83' lang='grc' dir='ltr'>Πνεῦμα</span> <span class='ocrx_word' id='word_1_197' title='bbox 1720 2398 1829 2467; x_wconf 80' lang='grc' dir='ltr'><strong>γὰρ</strong></span> 
     </span>
    </p>
   </div>
   <div class='ocr_carea' id='block_1_27' title="bbox 242 2485 1826 2562">
    <p class='ocr_par' dir='ltr' id='par_1_27' title="bbox 242 2485 1826 2562">
     <span class='ocr_line' id='line_1_27' title="bbox 242 2485 1826 2562; baseline -0.006 -17"><span class='ocrx_word' id='word_1_198' title='bbox 242 2492 328 2562; x_wconf 84' lang='grc' dir='ltr'>τῷ</span> <span class='ocrx_word' id='word_1_199' title='bbox 360 2491 526 2556; x_wconf 78' lang='grc' dir='ltr'>ζῶντι</span> <span class='ocrx_word' id='word_1_200' title='bbox 568 2490 728 2559; x_wconf 85' lang='grc' dir='ltr'>Λόγῳ</span> <span class='ocrx_word' id='word_1_201' title='bbox 771 2487 1203 2555; x_wconf 79' lang='grc' dir='ltr'>συντεταγμένον</span> <span class='ocrx_word' id='word_1_202' title='bbox 1241 2489 1321 2548; x_wconf 89' lang='grc' dir='ltr'><strong>είς</strong></span> <span class='ocrx_word' id='word_1_203' title='bbox 1355 2486 1414 2538; x_wconf 83' lang='grc' dir='ltr'>τὸ</span> <span class='ocrx_word' id='word_1_204' title='bbox 1443 2485 1826 2554; x_wconf 85' lang='grc' dir='ltr'>δημιουργεῖν,</span> 
     </span>
    </p>
   </div>
   <div class='ocr_carea' id='block_1_28' title="bbox 248 2575 1828 2650">
    <p class='ocr_par' dir='ltr' id='par_1_28' title="bbox 248 2575 1828 2650">
     <span class='ocr_line' id='line_1_28' title="bbox 248 2575 1828 2650; baseline -0.004 -15"><span class='ocrx_word' id='word_1_205' title='bbox 248 2585 406 2648; x_wconf 82' lang='grc' dir='ltr'>ζῶσα</span> <span class='ocrx_word' id='word_1_206' title='bbox 438 2582 668 2650; x_wconf 85' lang='grc' dir='ltr'>δύναμις</span> <span class='ocrx_word' id='word_1_207' title='bbox 700 2582 793 2632; x_wconf 79' lang='grc' dir='ltr'>καὶ</span> <span class='ocrx_word' id='word_1_208' title='bbox 835 2578 958 2631; x_wconf 81' lang='grc' dir='ltr'>θεία</span> <span class='ocrx_word' id='word_1_209' title='bbox 1003 2577 1166 2646; x_wconf 80' lang='grc' dir='ltr'>φύσις</span> <span class='ocrx_word' id='word_1_210' title='bbox 1208 2577 1450 2648; x_wconf 79' lang='grc' dir='ltr'>ἄρῤητος</span> <span class='ocrx_word' id='word_1_211' title='bbox 1487 2575 1545 2640; x_wconf 80' lang='grc' dir='ltr'>ἐξ</span> <span class='ocrx_word' id='word_1_212' title='bbox 1586 2576 1828 2646; x_wconf 76' lang='grc' dir='ltr'>ἀρρήτου</span> 
     </span>
    </p>
   </div>
   <div class='ocr_carea' id='block_1_29' title="bbox 251 2666 1827 2745">
    <p class='ocr_par' dir='ltr' id='par_1_29' title="bbox 251 2666 1827 2745">
     <span class='ocr_line' id='line_1_29' title="bbox 251 2666 1827 2745; baseline -0.006 -17"><span class='ocrx_word' id='word_1_213' title='bbox 251 2677 526 2745; x_wconf 80' lang='grc' dir='ltr'>στόματος</span> <span class='ocrx_word' id='word_1_214' title='bbox 563 2674 860 2741; x_wconf 81' lang='grc' dir='ltr'>πεφηνυῖα.</span> <span class='ocrx_word' id='word_1_215' title='bbox 897 2691 915 2723; x_wconf 75' lang='grc' dir='ltr'><strong>ι</strong></span> <span class='ocrx_word' id='word_1_216' title='bbox 960 2670 1022 2723; x_wconf 87' lang='lat'><strong>&#39;0</strong></span> <span class='ocrx_word' id='word_1_217' title='bbox 1058 2671 1218 2732; x_wconf 77' lang='grc' dir='ltr'>αὐτὸς</span> <span class='ocrx_word' id='word_1_218' title='bbox 1247 2671 1304 2721; x_wconf 88' lang='grc' dir='ltr'>ὲν</span> <span class='ocrx_word' id='word_1_219' title='bbox 1340 2671 1404 2738; x_wconf 80' lang='grc' dir='ltr'><strong>τῇ</strong></span> <span class='ocrx_word' id='word_1_220' title='bbox 1439 2667 1705 2736; x_wconf 78' lang='grc' dir='ltr'>ἑρμηνείᾳ</span> <span class='ocrx_word' id='word_1_221' title='bbox 1735 2666 1827 2719; x_wconf 85' lang='grc' dir='ltr'><strong>τοῦ</strong></span> 
     </span>
    </p>
   </div>
   <div class='ocr_carea' id='block_1_30' title="bbox 251 2758 1826 2836">
    <p class='ocr_par' dir='ltr' id='par_1_30' title="bbox 251 2758 1826 2836">
     <span class='ocr_line' id='line_1_30' title="bbox 251 2758 1826 2836; baseline -0.005 -20"><span class='ocrx_word' id='word_1_222' title='bbox 251 2766 332 2836; x_wconf 84' lang='grc' dir='ltr'><strong>λβ⁹</strong></span> <span class='ocrx_word' id='word_1_223' title='bbox 361 2764 601 2833; x_wconf 56' lang='grc' dir='ltr'>ψαλμοῦ</span> <span class='ocrx_word' id='word_1_224' title='bbox 638 2781 658 2816; x_wconf 78' lang='grc' dir='ltr'><strong>ι</strong></span> <span class='ocrx_word' id='word_1_225' title='bbox 683 2764 771 2826; x_wconf 86' lang='grc' dir='ltr'>Ὠς</span> <span class='ocrx_word' id='word_1_226' title='bbox 801 2759 894 2815; x_wconf 78' lang='grc' dir='ltr'>οὖν</span> <span class='ocrx_word' id='word_1_227' title='bbox 923 2765 951 2814; x_wconf 98' lang='lat'><strong>6</strong></span> <span class='ocrx_word' id='word_1_228' title='bbox 971 2760 1302 2830; x_wconf 77' lang='grc' dir='ltr'>δημιουργὸς</span> <span class='ocrx_word' id='word_1_229' title='bbox 1329 2759 1498 2827; x_wconf 85' lang='grc' dir='ltr'>Λόγος</span> <span class='ocrx_word' id='word_1_230' title='bbox 1523 2758 1826 2827; x_wconf 78' lang='grc' dir='ltr'>ἐστερέωσε</span> 
     </span>
    </p>
   </div>
   <div class='ocr_carea' id='block_1_31' title="bbox 250 2847 1827 2923">
    <p class='ocr_par' dir='ltr' id='par_1_31' title="bbox 250 2847 1827 2923">
     <span class='ocr_line' id='line_1_31' title="bbox 250 2847 1827 2923; baseline -0.005 -15"><span class='ocrx_word' id='word_1_231' title='bbox 250 2859 347 2908; x_wconf 80' lang='grc' dir='ltr'>τὸν</span> <span class='ocrx_word' id='word_1_232' title='bbox 379 2856 628 2923; x_wconf 80' lang='grc' dir='ltr'>οὐρανὸν,</span> <span class='ocrx_word' id='word_1_233' title='bbox 664 2855 806 2907; x_wconf 80' lang='grc' dir='ltr'>οῦτω</span> <span class='ocrx_word' id='word_1_234' title='bbox 835 2855 928 2905; x_wconf 76' lang='grc' dir='ltr'>καὶ</span> <span class='ocrx_word' id='word_1_235' title='bbox 957 2853 1016 2902; x_wconf 80' lang='grc' dir='ltr'>τὸ</span> <span class='ocrx_word' id='word_1_236' title='bbox 1052 2851 1276 2918; x_wconf 79' lang='grc' dir='ltr'>Πνεῦμα</span> <span class='ocrx_word' id='word_1_237' title='bbox 1312 2850 1404 2902; x_wconf 88' lang='grc' dir='ltr'><strong>τοῦ</strong></span> <span class='ocrx_word' id='word_1_238' title='bbox 1428 2847 1589 2913; x_wconf 88' lang='grc' dir='ltr'>Θεοῦ,</span> <span class='ocrx_word' id='word_1_239' title='bbox 1616 2848 1646 2900; x_wconf 85' lang='grc' dir='ltr'><strong>ὃ</strong></span> <span class='ocrx_word' id='word_1_240' title='bbox 1678 2848 1827 2919; x_wconf 71' lang='grc' dir='ltr'>παρὰ</span> 
     </span>
    </p>
   </div>
   <div class='ocr_carea' id='block_1_32' title="bbox 250 2937 1831 3014">
    <p class='ocr_par' dir='ltr' id='par_1_32' title="bbox 250 2937 1831 3014">
     <span class='ocr_line' id='line_1_32' title="bbox 250 2937 1831 3014; baseline -0.006 -15"><span class='ocrx_word' id='word_1_241' title='bbox 250 2947 351 3000; x_wconf 87' lang='grc' dir='ltr'><strong>τοῦ</strong></span> <span class='ocrx_word' id='word_1_242' title='bbox 392 2945 600 3014; x_wconf 69' lang='grc' dir='ltr'>Πατρός</span> <span class='ocrx_word' id='word_1_243' title='bbox 627 2942 1002 3013; x_wconf 82' lang='grc' dir='ltr'>ἐκπορεύεται,</span> <span class='ocrx_word' id='word_1_244' title='bbox 1044 2941 1320 2994; x_wconf 74' lang='grc' dir='ltr'>τουτέστιν</span> <span class='ocrx_word' id='word_1_245' title='bbox 1351 2941 1414 2992; x_wconf 85' lang='grc' dir='ltr'><strong>ἐκ</strong></span> <span class='ocrx_word' id='word_1_246' title='bbox 1438 2937 1531 2991; x_wconf 91' lang='grc' dir='ltr'><strong>τοῦ</strong></span> <span class='ocrx_word' id='word_1_247' title='bbox 1563 2939 1831 3006; x_wconf 90' lang='grc' dir='ltr'>στόματος</span> 
     </span>
    </p>
   </div>
   <div class='ocr_carea' id='block_1_33' title="bbox 254 3032 1826 3103">
    <p class='ocr_par' dir='ltr' id='par_1_33' title="bbox 254 3032 1826 3103">
     <span class='ocr_line' id='line_1_33' title="bbox 254 3032 1826 3103; baseline -0.008 -10"><span class='ocrx_word' id='word_1_248' title='bbox 254 3038 448 3093; x_wconf 80' lang='grc' dir='ltr'>αὑτοῦ.</span> <span class='ocrx_word' id='word_1_249' title='bbox 477 3056 494 3088; x_wconf 74' lang='grc' dir='ltr'><strong>ι</strong></span> <span class='ocrx_word' id='word_1_250' title='bbox 543 3036 610 3090; x_wconf 81' lang='lat' dir='ltr'><strong>&quot;O</strong></span> <span class='ocrx_word' id='word_1_251' title='bbox 659 3036 791 3103; x_wconf 91' lang='grc' dir='ltr'>γοῦν</span> <span class='ocrx_word' id='word_1_252' title='bbox 839 3035 1018 3086; x_wconf 82' lang='grc' dir='ltr'>ἐκεῖσε</span> <span class='ocrx_word' id='word_1_253' title='bbox 1059 3051 1076 3084; x_wconf 76' lang='grc' dir='ltr'><strong>ι</strong></span> <span class='ocrx_word' id='word_1_254' title='bbox 1106 3033 1226 3085; x_wconf 86' lang='grc' dir='ltr'>θεία</span> <span class='ocrx_word' id='word_1_255' title='bbox 1268 3033 1428 3101; x_wconf 84' lang='grc' dir='ltr'>φύσις</span> <span class='ocrx_word' id='word_1_256' title='bbox 1480 3032 1537 3098; x_wconf 79' lang='grc' dir='ltr'>ἐξ</span> <span class='ocrx_word' id='word_1_257' title='bbox 1583 3032 1826 3102; x_wconf 72' lang='grc' dir='ltr'>ἀρρήτου</span> 
     </span>
    </p>
   </div>
   <div class='ocr_carea' id='block_1_34' title="bbox 1930 557 3503 628">
    <p class='ocr_par' dir='ltr' id='par_1_34' title="bbox 1930 557 3503 628">
     <span class='ocr_line' id='line_1_34' title="bbox 1930 557 3503 628; baseline -0.002 -16"><span class='ocrx_word' id='word_1_258' title='bbox 1930 557 2178 628; x_wconf 80' lang='lat' dir='ltr'><strong>proxime</strong></span> <span class='ocrx_word' id='word_1_259' title='bbox 2204 559 2490 627; x_wconf 80' lang='lat' dir='ltr'><strong>appositus</strong></span> <span class='ocrx_word' id='word_1_260' title='bbox 2558 566 2661 621; x_wconf 85' lang='lat' dir='ltr'><strong>est,</strong></span> <span class='ocrx_word' id='word_1_261' title='bbox 2719 565 2774 609; x_wconf 92' lang='lat' dir='ltr'><strong>et</strong></span> <span class='ocrx_word' id='word_1_262' title='bbox 2816 557 2869 610; x_wconf 91' lang='lat' dir='ltr'><strong>in</strong></span> <span class='ocrx_word' id='word_1_263' title='bbox 2906 557 3159 612; x_wconf 87' lang='lat' dir='ltr'><strong>omnibus</strong></span> <span class='ocrx_word' id='word_1_264' title='bbox 3219 571 3345 611; x_wconf 93' lang='lat' dir='ltr'><strong>cum</strong></span> <span class='ocrx_word' id='word_1_265' title='bbox 3388 557 3503 624; x_wconf 87' lang='lat' dir='ltr'><strong>ipso</strong></span> 
     </span>
    </p>
   </div>
   <div class='ocr_carea' id='block_1_35' title="bbox 1928 646 3501 715">
    <p class='ocr_par' dir='ltr' id='par_1_35' title="bbox 1928 646 3501 715">
     <span class='ocr_line' id='line_1_35' title="bbox 1928 646 3501 715; baseline -0.003 -11"><span class='ocrx_word' id='word_1_266' title='bbox 1928 649 2269 704; x_wconf 89' lang='lat' dir='ltr'><strong>concordans</strong></span> <span class='ocrx_word' id='word_1_267' title='bbox 2321 649 2570 703; x_wconf 89' lang='lat' dir='ltr'><strong>oratione</strong></span> <span class='ocrx_word' id='word_1_268' title='bbox 2603 648 2671 702; x_wconf 90' lang='lat' dir='ltr'><strong>de</strong></span> <span class='ocrx_word' id='word_1_269' title='bbox 2737 646 2966 715; x_wconf 93' lang='lat' dir='ltr'><strong>Spiritu,</strong></span> <span class='ocrx_word' id='word_1_270' title='bbox 3012 649 3066 702; x_wconf 92' lang='lat' dir='ltr'><strong>in</strong></span> <span class='ocrx_word' id='word_1_271' title='bbox 3131 646 3501 702; x_wconf 81' lang='lat' dir='ltr'><strong>adversarium</strong></span> 
     </span>
    </p>
   </div>
   <div class='ocr_carea' id='block_1_36' title="bbox 1927 736 3504 809">
    <p class='ocr_par' dir='ltr' id='par_1_36' title="bbox 1927 736 3504 809">
     <span class='ocr_line' id='line_1_36' title="bbox 1927 736 3504 809; baseline -0.002 -16"><span class='ocrx_word' id='word_1_272' title='bbox 1927 738 2170 809; x_wconf 80' lang='lat' dir='ltr'><strong>dirigens</strong></span> <span class='ocrx_word' id='word_1_273' title='bbox 2201 741 2350 793; x_wconf 84' lang='lat' dir='ltr'><strong>hunc</strong></span> <span class='ocrx_word' id='word_1_274' title='bbox 2397 739 2452 793; x_wconf 89' lang='lat' dir='ltr'><strong>in</strong></span> <span class='ocrx_word' id='word_1_275' title='bbox 2481 738 2702 794; x_wconf 88' lang='lat' dir='ltr'><strong>modum</strong></span> <span class='ocrx_word' id='word_1_276' title='bbox 2739 738 2983 808; x_wconf 73' lang='lat' dir='ltr'><strong>disponit.</strong></span> <span class='ocrx_word' id='word_1_277' title='bbox 3018 754 3032 792; x_wconf 90' lang='lat'><strong>:</strong></span> <span class='ocrx_word' id='word_1_278' title='bbox 3076 758 3094 790; x_wconf 76' lang='grc' dir='ltr'><strong>ι</strong></span> <span class='ocrx_word' id='word_1_279' title='bbox 3124 737 3278 804; x_wconf 88' lang='lat' dir='ltr'><strong>Quod</strong></span> <span class='ocrx_word' id='word_1_280' title='bbox 3304 739 3369 802; x_wconf 90' lang='lat' dir='ltr'><strong>si,</strong></span> <span class='ocrx_word' id='word_1_281' title='bbox 3411 736 3504 791; x_wconf 90' lang='lat' dir='ltr'><strong>ubi</strong></span> 
     </span>
    </p>
   </div>
   <div class='ocr_carea' id='block_1_37' title="bbox 1930 829 3516 903">
    <p class='ocr_par' dir='ltr' id='par_1_37' title="bbox 1930 829 3516 903">
     <span class='ocr_line' id='line_1_37' title="bbox 1930 829 3516 903; baseline -0.001 -19"><span class='ocrx_word' id='word_1_282' title='bbox 1930 840 1983 884; x_wconf 91' lang='lat' dir='ltr'><strong>tu</strong></span> <span class='ocrx_word' id='word_1_283' title='bbox 2020 831 2225 887; x_wconf 79' lang='lat' dir='ltr'><strong>dixeris</strong></span> <span class='ocrx_word' id='word_1_284' title='bbox 2272 831 2358 886; x_wconf 88' lang='lat' dir='ltr'><strong>bis</strong></span> <span class='ocrx_word' id='word_1_285' title='bbox 2395 831 2639 903; x_wconf 86' lang='lat' dir='ltr'><strong>quinque</strong></span> <span class='ocrx_word' id='word_1_286' title='bbox 2687 841 2784 886; x_wconf 83' lang='lat' dir='ltr'><strong>aut</strong></span> <span class='ocrx_word' id='word_1_287' title='bbox 2839 830 2924 884; x_wconf 87' lang='lat' dir='ltr'><strong>bis</strong></span> <span class='ocrx_word' id='word_1_288' title='bbox 2971 838 3204 899; x_wconf 81' lang='lat' dir='ltr'><strong>septem,</strong></span> <span class='ocrx_word' id='word_1_289' title='bbox 3253 845 3352 901; x_wconf 89' lang='lat' dir='ltr'><strong>ego</strong></span> <span class='ocrx_word' id='word_1_290' title='bbox 3409 829 3516 884; x_wconf 45' lang='lat' dir='ltr'><strong>de-</strong></span> 
     </span>
    </p>
   </div>
   <div class='ocr_carea' id='block_1_38' title="bbox 1928 924 3502 993">
    <p class='ocr_par' dir='ltr' id='par_1_38' title="bbox 1928 924 3502 993">
     <span class='ocr_line' id='line_1_38' title="bbox 1928 924 3502 993; baseline -0.001 -16"><span class='ocrx_word' id='word_1_291' title='bbox 1928 937 2069 988; x_wconf 86' lang='lat' dir='ltr'><strong>cem,</strong></span> <span class='ocrx_word' id='word_1_292' title='bbox 2100 935 2194 978; x_wconf 87' lang='lat' dir='ltr'><strong>aut</strong></span> <span class='ocrx_word' id='word_1_293' title='bbox 2218 924 2405 979; x_wconf 86' lang='lat' dir='ltr'><strong>decem</strong></span> <span class='ocrx_word' id='word_1_294' title='bbox 2439 933 2495 978; x_wconf 91' lang='lat' dir='ltr'><strong>et</strong></span> <span class='ocrx_word' id='word_1_295' title='bbox 2541 934 2773 992; x_wconf 80' lang='lat' dir='ltr'><strong>quatuor</strong></span> <span class='ocrx_word' id='word_1_296' title='bbox 2796 924 3105 992; x_wconf 79' lang='lat' dir='ltr'><strong>colligerem</strong></span> <span class='ocrx_word' id='word_1_297' title='bbox 3157 938 3222 976; x_wconf 84' lang='lat' dir='ltr'><strong>ex</strong></span> <span class='ocrx_word' id='word_1_298' title='bbox 3257 937 3502 993; x_wconf 84' lang='lat' dir='ltr'><strong>pronun-</strong></span> 
     </span>
    </p>
   </div>
   <div class='ocr_carea' id='block_1_39' title="bbox 1930 1014 3507 1087">
    <p class='ocr_par' dir='ltr' id='par_1_39' title="bbox 1930 1014 3507 1087">
     <span class='ocr_line' id='line_1_39' title="bbox 1930 1014 3507 1087; baseline -0.002 -17"><span class='ocrx_word' id='word_1_299' title='bbox 1930 1016 2096 1082; x_wconf 89' lang='lat' dir='ltr'><strong>tiatis,</strong></span> <span class='ocrx_word' id='word_1_300' title='bbox 2142 1027 2503 1087; x_wconf 90' lang='lat' dir='ltr'><strong>reputarerne</strong></span> <span class='ocrx_word' id='word_1_301' title='bbox 2556 1017 2652 1070; x_wconf 92' lang='lat' dir='ltr'><strong>tibi</strong></span> <span class='ocrx_word' id='word_1_302' title='bbox 2710 1017 2914 1071; x_wconf 72' lang='lat' dir='ltr'><strong>insulse</strong></span> <span class='ocrx_word' id='word_1_303' title='bbox 2964 1016 3260 1084; x_wconf 85' lang='lat' dir='ltr'><strong>inepteque</strong></span> <span class='ocrx_word' id='word_1_304' title='bbox 3317 1014 3507 1084; x_wconf 85' lang='lat' dir='ltr'><strong>loqui?</strong></span> 
     </span>
    </p>
   </div>
   <div class='ocr_carea' id='block_1_40' title="bbox 1930 1102 3510 1174">
    <p class='ocr_par' dir='ltr' id='par_1_40' title="bbox 1930 1102 3510 1174">
     <span class='ocr_line' id='line_1_40' title="bbox 1930 1102 3510 1174; baseline -0.003 -15"><span class='ocrx_word' id='word_1_305' title='bbox 1930 1105 1998 1159; x_wconf 84' lang='lat' dir='ltr'><strong>Et</strong></span> <span class='ocrx_word' id='word_1_306' title='bbox 2047 1107 2324 1174; x_wconf 92' lang='lat' dir='ltr'><strong>quomodo</strong></span> <span class='ocrx_word' id='word_1_307' title='bbox 2363 1105 2418 1161; x_wconf 90' lang='lat' dir='ltr'><strong>id</strong></span> <span class='ocrx_word' id='word_1_308' title='bbox 2448 1106 2638 1169; x_wconf 79' lang='lat' dir='ltr'><strong>fuerit,</strong></span> <span class='ocrx_word' id='word_1_309' title='bbox 2665 1121 2790 1159; x_wconf 93' lang='lat' dir='ltr'><strong>cum</strong></span> <span class='ocrx_word' id='word_1_310' title='bbox 2817 1115 2912 1160; x_wconf 88' lang='lat' dir='ltr'><strong>tua</strong></span> <span class='ocrx_word' id='word_1_311' title='bbox 2945 1107 3062 1174; x_wconf 88' lang='lat' dir='ltr'><strong>ipse</strong></span> <span class='ocrx_word' id='word_1_312' title='bbox 3102 1104 3371 1158; x_wconf 86' lang='lat' dir='ltr'><strong>recitem?</strong></span> <span class='ocrx_word' id='word_1_313' title='bbox 3415 1102 3510 1156; x_wconf 85' lang='lat' dir='ltr'><strong>Sic</strong></span> 
     </span>
    </p>
   </div>
   <div class='ocr_carea' id='block_1_41' title="bbox 1930 1179 3516 1254">
    <p class='ocr_par' dir='ltr' id='par_1_41' title="bbox 1930 1179 3516 1254">
     <span class='ocr_line' id='line_1_41' title="bbox 1930 1179 3516 1254; baseline -0.001 -4"><span class='ocrx_word' id='word_1_314' title='bbox 1930 1205 1986 1251; x_wconf 81' lang='lat' dir='ltr'><strong>et</strong></span> <span class='ocrx_word' id='word_1_315' title='bbox 2016 1197 2283 1254; x_wconf 74' lang='lat' dir='ltr'><strong>Maximus</strong></span> <span class='ocrx_word' id='word_1_316' title='bbox 2314 1199 2431 1254; x_wconf 82' lang='lat' dir='ltr'><strong>zelo</strong></span> <span class='ocrx_word' id='word_1_317' title='bbox 2479 1209 2535 1253; x_wconf 89' lang='lat' dir='ltr'><strong>et</strong></span> <span class='ocrx_word' id='word_1_318' title='bbox 2575 1196 2928 1253; x_wconf 82' lang='lat' dir='ltr'><strong>confessione</strong></span> <span class='ocrx_word' id='word_1_319' title='bbox 2966 1197 3376 1251; x_wconf 81' lang='lat' dir='ltr'><strong>laudatissitnus</strong></span> <span class='ocrx_word' id='word_1_320' title='bbox 3423 1179 3516 1251; x_wconf 32' lang='lat' dir='ltr'><strong>so-l</strong></span> 
     </span>
    </p>
   </div>
   <div class='ocr_carea' id='block_1_42' title="bbox 1930 1287 3510 1359">
    <p class='ocr_par' dir='ltr' id='par_1_42' title="bbox 1930 1287 3510 1359">
     <span class='ocr_line' id='line_1_42' title="bbox 1930 1287 3510 1359; baseline 0.001 -18"><span class='ocrx_word' id='word_1_321' title='bbox 1930 1302 2067 1342; x_wconf 89' lang='lat' dir='ltr'><strong>nore</strong></span> <span class='ocrx_word' id='word_1_322' title='bbox 2095 1289 2295 1344; x_wconf 90' lang='lat' dir='ltr'><strong>clamat</strong></span> <span class='ocrx_word' id='word_1_323' title='bbox 2337 1307 2350 1342; x_wconf 91' lang='lat'>:</span> <span class='ocrx_word' id='word_1_324' title='bbox 2404 1307 2422 1341; x_wconf 82' lang='grc' dir='ltr'><strong>ι</strong></span> <span class='ocrx_word' id='word_1_325' title='bbox 2467 1288 2642 1345; x_wconf 79' lang='lat' dir='ltr'><strong>Voces</strong></span> <span class='ocrx_word' id='word_1_326' title='bbox 2674 1303 3056 1359; x_wconf 68' lang='lat' dir='ltr'><strong>saepenumero</strong></span> <span class='ocrx_word' id='word_1_327' title='bbox 3096 1289 3379 1357; x_wconf 88' lang='lat' dir='ltr'><strong>deiloquos</strong></span> <span class='ocrx_word' id='word_1_328' title='bbox 3409 1287 3510 1342; x_wconf 80' lang='lat' dir='ltr'><strong>l&#39;a—</strong></span> 
     </span>
    </p>
   </div>
   <div class='ocr_carea' id='block_1_43' title="bbox 1930 1384 3510 1453">
    <p class='ocr_par' dir='ltr' id='par_1_43' title="bbox 1930 1384 3510 1453">
     <span class='ocr_line' id='line_1_43' title="bbox 1930 1384 3510 1453; baseline -0.002 -14"><span class='ocrx_word' id='word_1_329' title='bbox 1930 1395 2043 1440; x_wconf 90' lang='lat' dir='ltr'><strong>tres</strong></span> <span class='ocrx_word' id='word_1_330' title='bbox 2070 1387 2394 1451; x_wconf 89' lang='lat' dir='ltr'><strong>concedere,</strong></span> <span class='ocrx_word' id='word_1_331' title='bbox 2443 1385 2746 1440; x_wconf 81' lang='lat' dir='ltr'><strong>sententias</strong></span> <span class='ocrx_word' id='word_1_332' title='bbox 2784 1385 2935 1439; x_wconf 89' lang='lat' dir='ltr'><strong>nullo</strong></span> <span class='ocrx_word' id='word_1_333' title='bbox 2984 1384 3168 1448; x_wconf 89' lang='lat' dir='ltr'><strong>modo,</strong></span> <span class='ocrx_word' id='word_1_334' title='bbox 3220 1384 3362 1453; x_wconf 91' lang='lat' dir='ltr'><strong>quod</strong></span> <span class='ocrx_word' id='word_1_335' title='bbox 3396 1398 3510 1437; x_wconf 89' lang='lat' dir='ltr'><strong>non</strong></span> 
     </span>
    </p>
   </div>
   <div class='ocr_carea' id='block_1_44' title="bbox 1931 1476 3511 1546">
    <p class='ocr_par' dir='ltr' id='par_1_44' title="bbox 1931 1476 3511 1546">
     <span class='ocr_line' id='line_1_44' title="bbox 1931 1476 3511 1546; baseline 0 -17"><span class='ocrx_word' id='word_1_336' title='bbox 1931 1476 1986 1529; x_wconf 92' lang='lat' dir='ltr'><strong>in</strong></span> <span class='ocrx_word' id='word_1_337' title='bbox 2012 1477 2216 1542; x_wconf 80' lang='lat' dir='ltr'><strong>verbis,</strong></span> <span class='ocrx_word' id='word_1_338' title='bbox 2244 1478 2340 1532; x_wconf 85' lang='lat' dir='ltr'><strong>sed</strong></span> <span class='ocrx_word' id='word_1_339' title='bbox 2385 1476 2676 1532; x_wconf 83' lang='lat' dir='ltr'><strong>sententiis</strong></span> <span class='ocrx_word' id='word_1_340' title='bbox 2709 1476 2931 1546; x_wconf 87' lang='lat' dir='ltr'><strong>pietatis</strong></span> <span class='ocrx_word' id='word_1_341' title='bbox 2983 1491 3268 1545; x_wconf 86' lang='lat' dir='ltr'><strong>magnum.</strong></span> <span class='ocrx_word' id='word_1_342' title='bbox 3305 1485 3511 1544; x_wconf 86' lang='lat' dir='ltr'><strong>myste-</strong></span> 
     </span>
    </p>
   </div>
   <div class='ocr_carea' id='block_1_45' title="bbox 1931 1563 3508 1638">
    <p class='ocr_par' dir='ltr' id='par_1_45' title="bbox 1931 1563 3508 1638">
     <span class='ocr_line' id='line_1_45' title="bbox 1931 1563 3508 1638; baseline -0.004 -16"><span class='ocrx_word' id='word_1_343' title='bbox 1931 1567 2074 1623; x_wconf 90' lang='lat' dir='ltr'><strong>rium</strong></span> <span class='ocrx_word' id='word_1_344' title='bbox 2099 1569 2335 1624; x_wconf 77' lang='lat' dir='ltr'><strong>exsistit.</strong></span> <span class='ocrx_word' id='word_1_345' title='bbox 2377 1587 2396 1620; x_wconf 74' lang='grc' dir='ltr'><strong>ι</strong></span> <span class='ocrx_word' id='word_1_346' title='bbox 2430 1567 2536 1634; x_wconf 81' lang='lat' dir='ltr'><strong>Qui</strong></span> <span class='ocrx_word' id='word_1_347' title='bbox 2585 1569 2772 1638; x_wconf 86' lang='lat' dir='ltr'><strong>itaque</strong></span> <span class='ocrx_word' id='word_1_348' title='bbox 2807 1566 3179 1621; x_wconf 82' lang='lat' dir='ltr'><strong>Ecclesiarum</strong></span> <span class='ocrx_word' id='word_1_349' title='bbox 3220 1563 3508 1618; x_wconf 85' lang='lat' dir='ltr'><strong>dissidiunt</strong></span> 
     </span>
    </p>
   </div>
   <div class='ocr_carea' id='block_1_46' title="bbox 1931 1656 3512 1731">
    <p class='ocr_par' dir='ltr' id='par_1_46' title="bbox 1931 1656 3512 1731">
     <span class='ocr_line' id='line_1_46' title="bbox 1931 1656 3512 1731; baseline -0.004 -17"><span class='ocrx_word' id='word_1_350' title='bbox 1931 1659 2194 1715; x_wconf 91' lang='lat' dir='ltr'><strong>simulato</strong></span> <span class='ocrx_word' id='word_1_351' title='bbox 2224 1661 2345 1716; x_wconf 87' lang='lat' dir='ltr'><strong>zelo</strong></span> <span class='ocrx_word' id='word_1_352' title='bbox 2395 1660 2567 1731; x_wconf 88' lang='lat' dir='ltr'><strong>magis</strong></span> <span class='ocrx_word' id='word_1_353' title='bbox 2599 1675 2662 1716; x_wconf 91' lang='lat' dir='ltr'><strong>ac</strong></span> <span class='ocrx_word' id='word_1_354' title='bbox 2707 1660 2880 1730; x_wconf 88' lang='lat' dir='ltr'><strong>magis</strong></span> <span class='ocrx_word' id='word_1_355' title='bbox 2902 1657 3134 1729; x_wconf 77' lang='lat' dir='ltr'><strong>singulis</strong></span> <span class='ocrx_word' id='word_1_356' title='bbox 3163 1656 3360 1712; x_wconf 86' lang='lat' dir='ltr'><strong>diebus</strong></span> <span class='ocrx_word' id='word_1_357' title='bbox 3381 1669 3512 1709; x_wconf 92' lang='lat' dir='ltr'><strong>con-</strong></span> 
     </span>
    </p>
   </div>
   <div class='ocr_carea' id='block_1_47' title="bbox 1933 1749 3511 1820">
    <p class='ocr_par' dir='ltr' id='par_1_47' title="bbox 1933 1749 3511 1820">
     <span class='ocr_line' id='line_1_47' title="bbox 1933 1749 3511 1820; baseline -0.001 -18"><span class='ocrx_word' id='word_1_358' title='bbox 1933 1750 2243 1816; x_wconf 88' lang='lat' dir='ltr'><strong>stabiliunt,</strong></span> <span class='ocrx_word' id='word_1_359' title='bbox 2275 1750 2498 1806; x_wconf 88' lang='lat' dir='ltr'><strong>ubinam</strong></span> <span class='ocrx_word' id='word_1_360' title='bbox 2553 1751 2744 1820; x_wconf 88' lang='lat' dir='ltr'><strong>pedem</strong></span> <span class='ocrx_word' id='word_1_361' title='bbox 2779 1750 2994 1806; x_wconf 90' lang='lat' dir='ltr'><strong>ﬁrmum</strong></span> <span class='ocrx_word' id='word_1_362' title='bbox 3027 1749 3250 1813; x_wconf 86' lang='lat' dir='ltr'><strong>sistunt,</strong></span> <span class='ocrx_word' id='word_1_363' title='bbox 3277 1761 3511 1815; x_wconf 90' lang='lat' dir='ltr'><strong>seseque</strong></span> 
     </span>
    </p>
   </div>
   <div class='ocr_carea' id='block_1_48' title="bbox 1934 1838 3511 1911">
    <p class='ocr_par' dir='ltr' id='par_1_48' title="bbox 1934 1838 3511 1911">
     <span class='ocr_line' id='line_1_48' title="bbox 1934 1838 3511 1911; baseline -0.001 -18"><span class='ocrx_word' id='word_1_364' title='bbox 1934 1854 2160 1895; x_wconf 86' lang='lat' dir='ltr'><strong>securos</strong></span> <span class='ocrx_word' id='word_1_365' title='bbox 2200 1841 2460 1904; x_wconf 89' lang='lat' dir='ltr'><strong>reddunt,</strong></span> <span class='ocrx_word' id='word_1_366' title='bbox 2496 1841 2602 1896; x_wconf 85' lang='lat' dir='ltr'><strong>nisi</strong></span> <span class='ocrx_word' id='word_1_367' title='bbox 2647 1842 2942 1911; x_wconf 85' lang='lat' dir='ltr'><strong>perspicue</strong></span> <span class='ocrx_word' id='word_1_368' title='bbox 2993 1841 3047 1894; x_wconf 92' lang='lat' dir='ltr'><strong>in</strong></span> <span class='ocrx_word' id='word_1_369' title='bbox 3082 1847 3274 1908; x_wconf 84' lang='lat' dir='ltr'><strong>aperta</strong></span> <span class='ocrx_word' id='word_1_370' title='bbox 3315 1838 3511 1893; x_wconf 89' lang='lat' dir='ltr'><strong>verbo—</strong></span> 
     </span>
    </p>
   </div>
   <div class='ocr_carea' id='block_1_49' title="bbox 1935 1930 3512 2004">
    <p class='ocr_par' dir='ltr' id='par_1_49' title="bbox 1935 1930 3512 2004">
     <span class='ocr_line' id='line_1_49' title="bbox 1935 1930 3512 2004; baseline 0 -20"><span class='ocrx_word' id='word_1_371' title='bbox 1935 1947 2055 1985; x_wconf 90' lang='lat' dir='ltr'><strong>rum</strong></span> <span class='ocrx_word' id='word_1_372' title='bbox 2087 1947 2252 2000; x_wconf 85' lang='lat' dir='ltr'><strong>supra</strong></span> <span class='ocrx_word' id='word_1_373' title='bbox 2271 1934 2573 2003; x_wconf 88' lang='lat' dir='ltr'><strong>positorum</strong></span> <span class='ocrx_word' id='word_1_374' title='bbox 2597 1949 2660 1988; x_wconf 87' lang='lat' dir='ltr'><strong>ac</strong></span> <span class='ocrx_word' id='word_1_375' title='bbox 2682 1930 3512 2004; x_wconf 59' lang='lat' dir='ltr'><strong>personarumioppugnationc?</strong></span> 
     </span>
    </p>
   </div>
   <div class='ocr_carea' id='block_1_50' title="bbox 1932 2023 3512 2096">
    <p class='ocr_par' dir='ltr' id='par_1_50' title="bbox 1932 2023 3512 2096">
     <span class='ocr_line' id='line_1_50' title="bbox 1932 2023 3512 2096; baseline 0.001 -19"><span class='ocrx_word' id='word_1_376' title='bbox 1932 2023 2306 2079; x_wconf 82' lang='lat' dir='ltr'><strong>Nihilominus</strong></span> <span class='ocrx_word' id='word_1_377' title='bbox 2335 2025 2455 2080; x_wconf 77' lang='lat' dir='ltr'><strong>aliae</strong></span> <span class='ocrx_word' id='word_1_378' title='bbox 2486 2040 2704 2096; x_wconf 88' lang='lat' dir='ltr'><strong>quoque</strong></span> <span class='ocrx_word' id='word_1_379' title='bbox 2735 2040 2898 2081; x_wconf 80' lang='lat' dir='ltr'><strong>voces</strong></span> <span class='ocrx_word' id='word_1_380' title='bbox 2925 2025 3335 2080; x_wconf 71' lang='lat' dir='ltr'><strong>consideranda:</strong></span> <span class='ocrx_word' id='word_1_381' title='bbox 3362 2032 3512 2090; x_wconf 86' lang='lat' dir='ltr'><strong>sunt,</strong></span> 
     </span>
    </p>
   </div>
   <div class='ocr_carea' id='block_1_51' title="bbox 1932 2115 3512 2188">
    <p class='ocr_par' dir='ltr' id='par_1_51' title="bbox 1932 2115 3512 2188">
     <span class='ocr_line' id='line_1_51' title="bbox 1932 2115 3512 2188; baseline -0.001 -18"><span class='ocrx_word' id='word_1_382' title='bbox 1932 2131 2056 2184; x_wconf 64' lang='lat' dir='ltr'><strong>qua</strong></span> <span class='ocrx_word' id='word_1_383' title='bbox 2107 2132 2218 2170; x_wconf 89' lang='lat' dir='ltr'><strong>non</strong></span> <span class='ocrx_word' id='word_1_384' title='bbox 2251 2116 2399 2172; x_wconf 83' lang='lat' dir='ltr'><strong>aliud</strong></span> <span class='ocrx_word' id='word_1_385' title='bbox 2435 2133 2598 2187; x_wconf 89' lang='lat' dir='ltr'><strong>quam</strong></span> <span class='ocrx_word' id='word_1_386' title='bbox 2634 2118 2807 2187; x_wconf 87' lang='lat' dir='ltr'><strong>ipsam</strong></span> <span class='ocrx_word' id='word_1_387' title='bbox 2864 2117 3274 2188; x_wconf 89' lang='lat' dir='ltr'><strong>processionem</strong></span> <span class='ocrx_word' id='word_1_388' title='bbox 3303 2115 3512 2186; x_wconf 82' lang='lat' dir='ltr'><strong>signiﬁ-</strong></span> 
     </span>
    </p>
   </div>
   <div class='ocr_carea' id='block_1_52' title="bbox 1933 2205 3512 2278">
    <p class='ocr_par' dir='ltr' id='par_1_52' title="bbox 1933 2205 3512 2278">
     <span class='ocr_line' id='line_1_52' title="bbox 1933 2205 3512 2278; baseline 0 -18"><span class='ocrx_word' id='word_1_389' title='bbox 1933 2216 2083 2261; x_wconf 87' lang='lat' dir='ltr'><strong>cant.</strong></span> <span class='ocrx_word' id='word_1_390' title='bbox 2125 2205 2312 2277; x_wconf 82' lang='lat' dir='ltr'><strong>Neque</strong></span> <span class='ocrx_word' id='word_1_391' title='bbox 2346 2209 2494 2263; x_wconf 87' lang='lat' dir='ltr'><strong>enim</strong></span> <span class='ocrx_word' id='word_1_392' title='bbox 2517 2224 2700 2278; x_wconf 70' lang='lat' dir='ltr'><strong>operm</strong></span> <span class='ocrx_word' id='word_1_393' title='bbox 2726 2207 2963 2278; x_wconf 90' lang='lat' dir='ltr'><strong>pretium</strong></span> <span class='ocrx_word' id='word_1_394' title='bbox 3003 2217 3088 2262; x_wconf 91' lang='lat' dir='ltr'><strong>est</strong></span> <span class='ocrx_word' id='word_1_395' title='bbox 3128 2208 3262 2262; x_wconf 88' lang='lat' dir='ltr'><strong>alias</strong></span> <span class='ocrx_word' id='word_1_396' title='bbox 3291 2221 3512 2260; x_wconf 85' lang='lat' dir='ltr'><strong>enume-</strong></span> 
     </span>
    </p>
   </div>
   <div class='ocr_carea' id='block_1_53' title="bbox 1933 2298 3513 2369">
    <p class='ocr_par' dir='ltr' id='par_1_53' title="bbox 1933 2298 3513 2369">
     <span class='ocr_line' id='line_1_53' title="bbox 1933 2298 3513 2369; baseline 0.001 -18"><span class='ocrx_word' id='word_1_397' title='bbox 1933 2307 2081 2353; x_wconf 88' lang='lat' dir='ltr'><strong>ratas</strong></span> <span class='ocrx_word' id='word_1_398' title='bbox 2129 2300 2222 2355; x_wconf 90' lang='lat' dir='ltr'><strong>hic</strong></span> <span class='ocrx_word' id='word_1_399' title='bbox 2268 2301 2572 2369; x_wconf 69' lang='lat' dir='ltr'><strong>praeterire,</strong></span> <span class='ocrx_word' id='word_1_400' title='bbox 2629 2300 2758 2354; x_wconf 90' lang='lat' dir='ltr'><strong>licet</strong></span> <span class='ocrx_word' id='word_1_401' title='bbox 2798 2314 2864 2354; x_wconf 89' lang='lat' dir='ltr'><strong>ex</strong></span> <span class='ocrx_word' id='word_1_402' title='bbox 2921 2299 3106 2354; x_wconf 91' lang='lat' dir='ltr'><strong>multis</strong></span> <span class='ocrx_word' id='word_1_403' title='bbox 3152 2313 3355 2369; x_wconf 88' lang='lat' dir='ltr'><strong>paucas</strong></span> <span class='ocrx_word' id='word_1_404' title='bbox 3405 2298 3513 2353; x_wconf 89' lang='lat' dir='ltr'><strong>huc</strong></span> 
     </span>
    </p>
   </div>
   <div class='ocr_carea' id='block_1_54' title="bbox 1933 2391 3513 2462">
    <p class='ocr_par' dir='ltr' id='par_1_54' title="bbox 1933 2391 3513 2462">
     <span class='ocr_line' id='line_1_54' title="bbox 1933 2391 3513 2462; baseline 0 -16"><span class='ocrx_word' id='word_1_405' title='bbox 1933 2392 2129 2448; x_wconf 74' lang='lat' dir='ltr'><strong>afferre</strong></span> <span class='ocrx_word' id='word_1_406' title='bbox 2154 2393 2221 2447; x_wconf 90' lang='lat' dir='ltr'><strong>ad</strong></span> <span class='ocrx_word' id='word_1_407' title='bbox 2256 2394 2662 2462; x_wconf 85' lang='lat' dir='ltr'><strong>comprobanda</strong></span> <span class='ocrx_word' id='word_1_408' title='bbox 2696 2393 3098 2462; x_wconf 88' lang='lat' dir='ltr'><strong>statuendaque</strong></span> <span class='ocrx_word' id='word_1_409' title='bbox 3127 2408 3248 2462; x_wconf 70' lang='lat' dir='ltr'><strong>qua:</strong></span> <span class='ocrx_word' id='word_1_410' title='bbox 3278 2391 3513 2446; x_wconf 85' lang='lat' dir='ltr'><strong>dicimus</strong></span> 
     </span>
    </p>
   </div>
   <div class='ocr_carea' id='block_1_55' title="bbox 1932 2485 3512 2556">
    <p class='ocr_par' dir='ltr' id='par_1_55' title="bbox 1932 2485 3512 2556">
     <span class='ocr_line' id='line_1_55' title="bbox 1932 2485 3512 2556; baseline 0.001 -18"><span class='ocrx_word' id='word_1_411' title='bbox 1932 2485 2149 2540; x_wconf 87' lang='lat' dir='ltr'><strong>animus</strong></span> <span class='ocrx_word' id='word_1_412' title='bbox 2177 2485 2275 2539; x_wconf 91' lang='lat' dir='ltr'><strong>sit.</strong></span> <span class='ocrx_word' id='word_1_413' title='bbox 2309 2485 2388 2538; x_wconf 90' lang='lat' dir='ltr'><strong>De</strong></span> <span class='ocrx_word' id='word_1_414' title='bbox 2439 2501 2704 2554; x_wconf 79' lang='lat' dir='ltr'><strong>apparere</strong></span> <span class='ocrx_word' id='word_1_415' title='bbox 2737 2485 2792 2540; x_wconf 89' lang='lat' dir='ltr'><strong>in</strong></span> <span class='ocrx_word' id='word_1_416' title='bbox 2829 2501 2939 2540; x_wconf 92' lang='lat' dir='ltr'><strong>uno</strong></span> <span class='ocrx_word' id='word_1_417' title='bbox 2970 2501 3038 2540; x_wconf 82' lang='lat' dir='ltr'><strong>ex</strong></span> <span class='ocrx_word' id='word_1_418' title='bbox 3100 2486 3396 2556; x_wconf 84' lang='lat' dir='ltr'><strong>capitibus,</strong></span> <span class='ocrx_word' id='word_1_419' title='bbox 3457 2485 3512 2539; x_wconf 89' lang='lat' dir='ltr'><strong>in</strong></span> 
     </span>
    </p>
   </div>
   <div class='ocr_carea' id='block_1_56' title="bbox 1931 2576 3511 2647">
    <p class='ocr_par' dir='ltr' id='par_1_56' title="bbox 1931 2576 3511 2647">
     <span class='ocr_line' id='line_1_56' title="bbox 1931 2576 3511 2647; baseline -0.001 -17"><span class='ocrx_word' id='word_1_420' title='bbox 1931 2591 2041 2647; x_wconf 87' lang='lat' dir='ltr'><strong>quo</strong></span> <span class='ocrx_word' id='word_1_421' title='bbox 2073 2577 2273 2646; x_wconf 85' lang='lat' dir='ltr'><strong>agitur,</strong></span> <span class='ocrx_word' id='word_1_422' title='bbox 2302 2576 2500 2632; x_wconf 71' lang='lat' dir='ltr'><strong>divina:</strong></span> <span class='ocrx_word' id='word_1_423' title='bbox 2540 2587 2752 2632; x_wconf 63' lang='lat' dir='ltr'><strong>natura!</strong></span> <span class='ocrx_word' id='word_1_424' title='bbox 2781 2591 2904 2632; x_wconf 87' lang='lat' dir='ltr'><strong>esse</strong></span> <span class='ocrx_word' id='word_1_425' title='bbox 2936 2576 3203 2645; x_wconf 86' lang='lat' dir='ltr'><strong>Spiritum</strong></span> <span class='ocrx_word' id='word_1_426' title='bbox 3235 2585 3511 2640; x_wconf 83' lang='lat' dir='ltr'><strong>sanctum,</strong></span> 
     </span>
    </p>
   </div>
   <div class='ocr_carea' id='block_1_57' title="bbox 1932 2668 3513 2738">
    <p class='ocr_par' dir='ltr' id='par_1_57' title="bbox 1932 2668 3513 2738">
     <span class='ocr_line' id='line_1_57' title="bbox 1932 2668 3513 2738; baseline 0.001 -17"><span class='ocrx_word' id='word_1_427' title='bbox 1932 2683 2126 2737; x_wconf 84' lang='lat' dir='ltr'><strong>magna</strong></span> <span class='ocrx_word' id='word_1_428' title='bbox 2167 2678 2350 2723; x_wconf 89' lang='lat' dir='ltr'><strong>mente</strong></span> <span class='ocrx_word' id='word_1_429' title='bbox 2381 2670 2641 2738; x_wconf 71' lang='lat' dir='ltr'><strong>praeditus</strong></span> <span class='ocrx_word' id='word_1_430' title='bbox 2667 2668 2900 2724; x_wconf 87' lang='lat' dir='ltr'><strong>Basilius</strong></span> <span class='ocrx_word' id='word_1_431' title='bbox 2925 2669 3041 2723; x_wconf 72' lang='lat' dir='ltr'><strong>haec</strong></span> <span class='ocrx_word' id='word_1_432' title='bbox 3071 2669 3262 2722; x_wconf 86' lang='lat' dir='ltr'><strong>scribit</strong></span> <span class='ocrx_word' id='word_1_433' title='bbox 3289 2684 3306 2722; x_wconf 86' lang='lat'><strong>:</strong></span> <span class='ocrx_word' id='word_1_434' title='bbox 3340 2685 3360 2720; x_wconf 83' lang='grc' dir='ltr'><strong>ι</strong></span> <span class='ocrx_word' id='word_1_435' title='bbox 3385 2668 3513 2737; x_wconf 86' lang='lat' dir='ltr'><strong>Spi-</strong></span> 
     </span>
    </p>
   </div>
   <div class='ocr_carea' id='block_1_58' title="bbox 1932 2756 3514 2821">
    <p class='ocr_par' dir='ltr' id='par_1_58' title="bbox 1932 2756 3514 2821">
     <span class='ocr_line' id='line_1_58' title="bbox 1932 2756 3514 2821; baseline -0.001 -9"><span class='ocrx_word' id='word_1_436' title='bbox 1932 2759 2070 2812; x_wconf 86' lang='lat' dir='ltr'><strong>ritus</strong></span> <span class='ocrx_word' id='word_1_437' title='bbox 2095 2758 2242 2811; x_wconf 91' lang='lat' dir='ltr'><strong>enim</strong></span> <span class='ocrx_word' id='word_1_438' title='bbox 2286 2774 2392 2812; x_wconf 91' lang='lat' dir='ltr'><strong>una</strong></span> <span class='ocrx_word' id='word_1_439' title='bbox 2422 2773 2547 2813; x_wconf 90' lang='lat' dir='ltr'><strong>cum</strong></span> <span class='ocrx_word' id='word_1_440' title='bbox 2605 2758 2826 2814; x_wconf 84' lang='lat' dir='ltr'><strong>vivente</strong></span> <span class='ocrx_word' id='word_1_441' title='bbox 2866 2757 3047 2813; x_wconf 81' lang='lat' dir='ltr'><strong>Verbo</strong></span> <span class='ocrx_word' id='word_1_442' title='bbox 3087 2757 3410 2821; x_wconf 87' lang='lat' dir='ltr'><strong>collocatus,</strong></span> <span class='ocrx_word' id='word_1_443' title='bbox 3445 2756 3514 2810; x_wconf 88' lang='lat' dir='ltr'><strong>ad</strong></span> 
     </span>
    </p>
   </div>
   <div class='ocr_carea' id='block_1_59' title="bbox 1932 2848 3514 2916">
    <p class='ocr_par' dir='ltr' id='par_1_59' title="bbox 1932 2848 3514 2916">
     <span class='ocr_line' id='line_1_59' title="bbox 1932 2848 3514 2916; baseline -0.001 -14"><span class='ocrx_word' id='word_1_444' title='bbox 1932 2848 2228 2902; x_wconf 85' lang='lat' dir='ltr'><strong>creandum</strong></span> <span class='ocrx_word' id='word_1_445' title='bbox 2260 2849 2452 2903; x_wconf 87' lang='lat' dir='ltr'><strong>vivens</strong></span> <span class='ocrx_word' id='word_1_446' title='bbox 2488 2848 2722 2904; x_wconf 78' lang='lat' dir='ltr'><strong>facultas</strong></span> <span class='ocrx_word' id='word_1_447' title='bbox 2748 2859 2802 2904; x_wconf 88' lang='lat' dir='ltr'><strong>et</strong></span> <span class='ocrx_word' id='word_1_448' title='bbox 2835 2849 3042 2916; x_wconf 87' lang='lat' dir='ltr'><strong>divina,</strong></span> <span class='ocrx_word' id='word_1_449' title='bbox 3091 2860 3285 2905; x_wconf 89' lang='lat' dir='ltr'><strong>natura</strong></span> <span class='ocrx_word' id='word_1_450' title='bbox 3329 2848 3514 2903; x_wconf 70' lang='lat' dir='ltr'><strong>inclia-</strong></span> 
     </span>
    </p>
   </div>
   <div class='ocr_carea' id='block_1_60' title="bbox 1933 2939 3514 3011">
    <p class='ocr_par' dir='ltr' id='par_1_60' title="bbox 1933 2939 3514 3011">
     <span class='ocr_line' id='line_1_60' title="bbox 1933 2939 3514 3011; baseline 0 -18"><span class='ocrx_word' id='word_1_451' title='bbox 1933 2939 2056 2994; x_wconf 83' lang='lat' dir='ltr'><strong>bilis</strong></span> <span class='ocrx_word' id='word_1_452' title='bbox 2069 2957 2133 2993; x_wconf 79' lang='lat' dir='ltr'><strong>ex</strong></span> <span class='ocrx_word' id='word_1_453' title='bbox 2159 2940 2414 2994; x_wconf 77' lang='lat' dir='ltr'><strong>ineﬁabili</strong></span> <span class='ocrx_word' id='word_1_454' title='bbox 2438 2956 2532 2995; x_wconf 88' lang='lat' dir='ltr'><strong>ore</strong></span> <span class='ocrx_word' id='word_1_455' title='bbox 2555 2956 2843 3011; x_wconf 80' lang='lat' dir='ltr'><strong>apparens.</strong></span> <span class='ocrx_word' id='word_1_456' title='bbox 2867 2961 2885 2994; x_wconf 77' lang='grc' dir='ltr'><strong>ι</strong></span> <span class='ocrx_word' id='word_1_457' title='bbox 2908 2942 3054 2996; x_wconf 87' lang='lat' dir='ltr'><strong>ldem</strong></span> <span class='ocrx_word' id='word_1_458' title='bbox 3086 2943 3141 2996; x_wconf 89' lang='lat' dir='ltr'><strong>in</strong></span> <span class='ocrx_word' id='word_1_459' title='bbox 3171 2942 3514 3011; x_wconf 83' lang='lat' dir='ltr'><strong>expositione</strong></span> 
     </span>
    </p>
   </div>
   <div class='ocr_carea' id='block_1_61' title="bbox 1935 3027 3515 3100">
    <p class='ocr_par' dir='ltr' id='par_1_61' title="bbox 1935 3027 3515 3100">
     <span class='ocr_line' id='line_1_61' title="bbox 1935 3027 3515 3100; baseline 0.002 -18"><span class='ocrx_word' id='word_1_460' title='bbox 1935 3027 2135 3082; x_wconf 85' lang='lat' dir='ltr'><strong>Psalmi</strong></span> <span class='ocrx_word' id='word_1_461' title='bbox 2185 3028 2447 3099; x_wconf 86' lang='lat' dir='ltr'><strong>trigesimi</strong></span> <span class='ocrx_word' id='word_1_462' title='bbox 2485 3032 2712 3084; x_wconf 86' lang='lat' dir='ltr'><strong>secundi</strong></span> <span class='ocrx_word' id='word_1_463' title='bbox 2777 3047 2792 3084; x_wconf 87' lang='lat'><strong>:</strong></span> <span class='ocrx_word' id='word_1_464' title='bbox 2853 3048 2873 3083; x_wconf 82' lang='grc' dir='ltr'><strong>ι</strong></span> <span class='ocrx_word' id='word_1_465' title='bbox 2919 3030 3010 3086; x_wconf 90' lang='lat' dir='ltr'><strong>Uti</strong></span> <span class='ocrx_word' id='word_1_466' title='bbox 3067 3032 3251 3100; x_wconf 86' lang='lat' dir='ltr'><strong>itaque</strong></span> <span class='ocrx_word' id='word_1_467' title='bbox 3297 3041 3515 3086; x_wconf 79' lang='lat' dir='ltr'><strong>creator</strong></span> 
     </span>
    </p>
   </div>
   <div class='ocr_carea' id='block_1_62' title="bbox 254 3121 1831 3198">
    <p class='ocr_par' dir='ltr' id='par_1_62' title="bbox 254 3125 1830 3198">
     <span class='ocr_line' id='line_1_62' title="bbox 254 3125 1830 3198; baseline -0.004 -14"><span class='ocrx_word' id='word_1_468' title='bbox 254 3133 530 3198; x_wconf 86' lang='grc' dir='ltr'>στόματος</span> <span class='ocrx_word' id='word_1_469' title='bbox 578 3131 888 3197; x_wconf 85' lang='grc' dir='ltr'>πεφηνυῖα,</span> <span class='ocrx_word' id='word_1_470' title='bbox 917 3145 935 3177; x_wconf 71' lang='grc' dir='ltr'><strong>ι</strong></span> <span class='ocrx_word' id='word_1_471' title='bbox 996 3125 1229 3178; x_wconf 83' lang='grc' dir='ltr'>ἐνταῦθα</span> <span class='ocrx_word' id='word_1_472' title='bbox 1268 3127 1425 3179; x_wconf 86' lang='grc' dir='ltr'>τοῦτο</span> <span class='ocrx_word' id='word_1_473' title='bbox 1467 3127 1676 3195; x_wconf 86' lang='grc' dir='ltr'>τρανῶς</span> <span class='ocrx_word' id='word_1_474' title='bbox 1711 3143 1730 3176; x_wconf 74' lang='grc' dir='ltr'><strong>ι</strong></span> <span class='ocrx_word' id='word_1_475' title='bbox 1767 3126 1830 3177; x_wconf 89' lang='grc' dir='ltr'><strong>ἐκ</strong></span> 
     </span>
    </p>
   </div>
   <div class='ocr_carea' id='block_1_63' title="bbox 1931 3121 3512 3198">
    <p class='ocr_par' dir='ltr' id='par_1_63' title="bbox 1936 3121 3512 3194">
     <span class='ocr_line' id='line_1_63' title="bbox 1936 3121 3512 3194; baseline 0.002 -19"><span class='ocrx_word' id='word_1_476' title='bbox 1936 3121 2176 3176; x_wconf 81' lang='lat' dir='ltr'><strong>Verbum</strong></span> <span class='ocrx_word' id='word_1_477' title='bbox 2210 3124 2408 3176; x_wconf 64' lang='lat' dir='ltr'><strong>coelum</strong></span> <span class='ocrx_word' id='word_1_478' title='bbox 2457 3123 2713 3188; x_wconf 81' lang='lat' dir='ltr'><strong>ﬁrmavit,</strong></span> <span class='ocrx_word' id='word_1_479' title='bbox 2765 3123 2843 3178; x_wconf 88' lang='lat' dir='ltr'><strong>sic</strong></span> <span class='ocrx_word' id='word_1_480' title='bbox 2893 3131 2948 3178; x_wconf 91' lang='lat' dir='ltr'><strong>et</strong></span> <span class='ocrx_word' id='word_1_481' title='bbox 2985 3123 3226 3193; x_wconf 87' lang='lat' dir='ltr'><strong>Spiritus</strong></span> <span class='ocrx_word' id='word_1_482' title='bbox 3277 3124 3394 3187; x_wconf 92' lang='lat' dir='ltr'><strong>Dei,</strong></span> <span class='ocrx_word' id='word_1_483' title='bbox 3422 3127 3512 3194; x_wconf 85' lang='lat' dir='ltr'><strong>qui</strong></span> 
     </span>
    </p>
   </div>
   <div class='ocr_carea' id='block_1_64' title="bbox 252 3217 1835 3290">
    <p class='ocr_par' dir='ltr' id='par_1_64' title="bbox 252 3217 1835 3290">
     <span class='ocr_line' id='line_1_64' title="bbox 252 3217 1835 3290; baseline -0.005 -15"><span class='ocrx_word' id='word_1_484' title='bbox 252 3222 353 3276; x_wconf 78' lang='grc' dir='ltr'><strong>τοῦ</strong></span> <span class='ocrx_word' id='word_1_485' title='bbox 391 3222 659 3290; x_wconf 88' lang='grc' dir='ltr'>στόματος</span> <span class='ocrx_word' id='word_1_486' title='bbox 713 3217 1097 3287; x_wconf 86' lang='grc' dir='ltr'>ἐκπορεύεται.</span> <span class='ocrx_word' id='word_1_487' title='bbox 1132 3235 1151 3268; x_wconf 72' lang='grc' dir='ltr'><strong>ι</strong></span> <span class='ocrx_word' id='word_1_488' title='bbox 1203 3219 1312 3272; x_wconf 68' lang='grc' dir='ltr'><strong>Καὶ</strong></span> <span class='ocrx_word' id='word_1_489' title='bbox 1368 3219 1485 3280; x_wconf 88' lang='grc' dir='ltr'><strong>πῶς</strong></span> <span class='ocrx_word' id='word_1_490' title='bbox 1534 3220 1562 3269; x_wconf 91' lang='lat'><strong>6</strong></span> <span class='ocrx_word' id='word_1_491' title='bbox 1613 3217 1835 3287; x_wconf 74' lang='grc' dir='ltr'>ὑψίνους</span> 
     </span>
    </p>
   </div>
   <div class='ocr_carea' id='block_1_65' title="bbox 248 3304 1832 3387">
    <p class='ocr_par' dir='ltr' id='par_1_65' title="bbox 248 3304 1832 3387">
     <span class='ocr_line' id='line_1_65' title="bbox 248 3304 1832 3387; baseline -0.004 -21"><span class='ocrx_word' id='word_1_492' title='bbox 248 3315 463 3376; x_wconf 85' lang='grc' dir='ltr'>ταῦτα,</span> <span class='ocrx_word' id='word_1_493' title='bbox 497 3313 545 3364; x_wconf 86' lang='grc' dir='ltr'><strong>εί</strong></span> <span class='ocrx_word' id='word_1_494' title='bbox 578 3312 652 3380; x_wconf 79' lang='grc' dir='ltr'>μὴ</span> <span class='ocrx_word' id='word_1_495' title='bbox 689 3310 746 3363; x_wconf 79' lang='grc' dir='ltr'>ἓν</span> <span class='ocrx_word' id='word_1_496' title='bbox 776 3314 868 3362; x_wconf 71' lang='grc' dir='ltr'>καὶ</span> <span class='ocrx_word' id='word_1_497' title='bbox 899 3311 958 3362; x_wconf 82' lang='grc' dir='ltr'>τὸ</span> <span class='ocrx_word' id='word_1_498' title='bbox 989 3309 1120 3387; x_wconf 73' lang='grc' dir='ltr'>αὐτὸ</span> <span class='ocrx_word' id='word_1_499' title='bbox 1167 3309 1310 3362; x_wconf 86' lang='grc' dir='ltr'>κατὰ</span> <span class='ocrx_word' id='word_1_500' title='bbox 1346 3308 1469 3361; x_wconf 83' lang='grc' dir='ltr'>νοῦν</span> <span class='ocrx_word' id='word_1_501' title='bbox 1496 3304 1636 3362; x_wconf 79' lang='grc' dir='ltr'>οἶδεν</span> <span class='ocrx_word' id='word_1_502' title='bbox 1666 3309 1832 3377; x_wconf 78' lang='grc' dir='ltr'>ἄμφω</span> 
     </span>
    </p>
   </div>
   <div class='ocr_carea' id='block_1_66' title="bbox 252 3399 1837 3470">
    <p class='ocr_par' dir='ltr' id='par_1_66' title="bbox 252 3399 1837 3470">
     <span class='ocr_line' id='line_1_66' title="bbox 252 3399 1837 3470; baseline -0.004 -14"><span class='ocrx_word' id='word_1_503' title='bbox 252 3404 318 3456; x_wconf 81' lang='grc' dir='ltr'>τὸ</span> <span class='ocrx_word' id='word_1_504' title='bbox 349 3401 684 3470; x_wconf 68' lang='grc' dir='ltr'>πεφηνέναι</span> <span class='ocrx_word' id='word_1_505' title='bbox 712 3403 806 3454; x_wconf 72' lang='grc' dir='ltr'>καὶ</span> <span class='ocrx_word' id='word_1_506' title='bbox 835 3402 1268 3468; x_wconf 66' lang='grc' dir='ltr'>ἐκπορεύεσθαι</span> <span class='ocrx_word' id='word_1_507' title='bbox 1295 3417 1312 3462; x_wconf 87' lang='grc'><em>;</em></span> <span class='ocrx_word' id='word_1_508' title='bbox 1351 3401 1475 3451; x_wconf 82' lang='grc' dir='ltr'><strong>Ὅτι</strong></span> <span class='ocrx_word' id='word_1_509' title='bbox 1503 3399 1561 3451; x_wconf 83' lang='grc' dir='ltr'>δὲ</span> <span class='ocrx_word' id='word_1_510' title='bbox 1593 3399 1837 3450; x_wconf 81' lang='grc' dir='ltr'>πλεῖστοι</span> 
     </span>
    </p>
   </div>
   <div class='ocr_carea' id='block_1_67' title="bbox 252 3489 1832 3564">
    <p class='ocr_par' dir='ltr' id='par_1_67' title="bbox 252 3489 1832 3564">
     <span class='ocr_line' id='line_1_67' title="bbox 252 3489 1832 3564; baseline -0.003 -19"><span class='ocrx_word' id='word_1_511' title='bbox 252 3495 369 3545; x_wconf 85' lang='grc' dir='ltr'><strong>τῶν</strong></span> <span class='ocrx_word' id='word_1_512' title='bbox 431 3491 877 3564; x_wconf 74' lang='grc' dir='ltr'>θεοφορουμένων</span> <span class='ocrx_word' id='word_1_513' title='bbox 933 3492 1104 3559; x_wconf 87' lang='grc' dir='ltr'>στόμα</span> <span class='ocrx_word' id='word_1_514' title='bbox 1157 3489 1251 3542; x_wconf 89' lang='grc' dir='ltr'><strong>τοῦ</strong></span> <span class='ocrx_word' id='word_1_515' title='bbox 1300 3489 1517 3560; x_wconf 82' lang='grc' dir='ltr'>Πατρδς</span> <span class='ocrx_word' id='word_1_516' title='bbox 1565 3489 1657 3542; x_wconf 80' lang='grc' dir='ltr'>τὸν</span> <span class='ocrx_word' id='word_1_517' title='bbox 1706 3489 1832 3541; x_wconf 76' lang='grc' dir='ltr'>Υίδν</span> 
     </span>
    </p>
   </div>
   <div class='ocr_carea' id='block_1_68' title="bbox 252 3580 1834 3653">
    <p class='ocr_par' dir='ltr' id='par_1_68' title="bbox 252 3580 1834 3653">
     <span class='ocr_line' id='line_1_68' title="bbox 252 3580 1834 3653; baseline -0.004 -15"><span class='ocrx_word' id='word_1_518' title='bbox 252 3583 705 3653; x_wconf 78' lang='grc' dir='ltr'>δογματίζουσιν,</span> <span class='ocrx_word' id='word_1_519' title='bbox 729 3584 757 3634; x_wconf 89' lang='lat'><strong>6</strong></span> <span class='ocrx_word' id='word_1_520' title='bbox 783 3584 838 3633; x_wconf 88' lang='grc' dir='ltr'><strong>ἐν</strong></span> <span class='ocrx_word' id='word_1_521' title='bbox 863 3583 1038 3648; x_wconf 81' lang='grc' dir='ltr'>ἁγίοις</span> <span class='ocrx_word' id='word_1_522' title='bbox 1081 3582 1391 3649; x_wconf 83' lang='grc' dir='ltr'>Ἀντιοχέων</span> <span class='ocrx_word' id='word_1_523' title='bbox 1422 3580 1646 3648; x_wconf 77' lang='grc' dir='ltr'>φωστὴρ</span> <span class='ocrx_word' id='word_1_524' title='bbox 1678 3581 1834 3632; x_wconf 78' lang='grc' dir='ltr'>Ἀνα-</span> 
     </span>
    </p>
   </div>
   <div class='ocr_carea' id='block_1_69' title="bbox 257 3671 1828 3743">
    <p class='ocr_par' dir='ltr' id='par_1_69' title="bbox 257 3671 1828 3743">
     <span class='ocr_line' id='line_1_69' title="bbox 257 3671 1828 3743; baseline -0.004 -14"><span class='ocrx_word' id='word_1_525' title='bbox 257 3677 479 3736; x_wconf 83' lang='grc' dir='ltr'>στάσιος</span> <span class='ocrx_word' id='word_1_526' title='bbox 519 3676 676 3743; x_wconf 87' lang='grc' dir='ltr'>μόνος</span> <span class='ocrx_word' id='word_1_527' title='bbox 714 3673 1092 3741; x_wconf 76' lang='grc' dir='ltr'>παραληφθεὶς</span> <span class='ocrx_word' id='word_1_528' title='bbox 1123 3673 1520 3741; x_wconf 84' lang='grc' dir='ltr'>διευκρινήσειε</span> <span class='ocrx_word' id='word_1_529' title='bbox 1553 3671 1828 3741; x_wconf 75' lang='grc' dir='ltr'>καθαρῶς.</span> 
     </span>
    </p>
   </div>
   <div class='ocr_carea' id='block_1_70' title="bbox 258 3763 1836 3836">
    <p class='ocr_par' dir='ltr' id='par_1_70' title="bbox 258 3763 1836 3836">
     <span class='ocr_line' id='line_1_70' title="bbox 258 3763 1836 3836; baseline -0.003 -15"><span class='ocrx_word' id='word_1_530' title='bbox 258 3769 398 3836; x_wconf 78' lang='grc' dir='ltr'>Περὶ</span> <span class='ocrx_word' id='word_1_531' title='bbox 425 3769 530 3836; x_wconf 80' lang='grc' dir='ltr'><strong>γὰρ</strong></span> <span class='ocrx_word' id='word_1_532' title='bbox 558 3767 664 3819; x_wconf 86' lang='grc' dir='ltr'><strong>τῶν</strong></span> <span class='ocrx_word' id='word_1_533' title='bbox 699 3765 823 3818; x_wconf 84' lang='grc' dir='ltr'>καθ’</span> <span class='ocrx_word' id='word_1_534' title='bbox 855 3766 1001 3833; x_wconf 76' lang='grc' dir='ltr'>ἡμᾶς</span> <span class='ocrx_word' id='word_1_535' title='bbox 1027 3765 1202 3834; x_wconf 82' lang='grc' dir='ltr'>ὀρθῶν</span> <span class='ocrx_word' id='word_1_536' title='bbox 1219 3765 1317 3833; x_wconf 81' lang='grc' dir='ltr'>τῆς</span> <span class='ocrx_word' id='word_1_537' title='bbox 1349 3763 1607 3831; x_wconf 81' lang='grc' dir='ltr'>ἀληθείας</span> <span class='ocrx_word' id='word_1_538' title='bbox 1633 3764 1836 3832; x_wconf 87' lang='grc' dir='ltr'>δογμὰ-</span> 
     </span>
    </p>
   </div>
   <div class='ocr_carea' id='block_1_71' title="bbox 252 3854 1833 3926">
    <p class='ocr_par' dir='ltr' id='par_1_71' title="bbox 252 3854 1833 3926">
     <span class='ocr_line' id='line_1_71' title="bbox 252 3854 1833 3926; baseline -0.004 -15"><span class='ocrx_word' id='word_1_539' title='bbox 252 3877 389 3922; x_wconf 86' lang='grc' dir='ltr'>των,</span> <span class='ocrx_word' id='word_1_540' title='bbox 429 3857 625 3926; x_wconf 73' lang='grc' dir='ltr'>βίϐλων</span> <span class='ocrx_word' id='word_1_541' title='bbox 665 3856 720 3908; x_wconf 82' lang='grc' dir='ltr'><strong>δέ</strong></span> <span class='ocrx_word' id='word_1_542' title='bbox 752 3873 912 3907; x_wconf 83' lang='grc' dir='ltr'>τινων</span> <span class='ocrx_word' id='word_1_543' title='bbox 952 3857 985 3924; x_wconf 82' lang='grc' dir='ltr'>ἡ</span> <span class='ocrx_word' id='word_1_544' title='bbox 1011 3856 1292 3924; x_wconf 82' lang='grc' dir='ltr'>ἐπιγραφὴ</span> <span class='ocrx_word' id='word_1_545' title='bbox 1314 3854 1408 3906; x_wconf 83' lang='grc' dir='ltr'>τὸν</span> <span class='ocrx_word' id='word_1_546' title='bbox 1440 3855 1606 3906; x_wconf 75' lang='grc' dir='ltr'>πολὺν</span> <span class='ocrx_word' id='word_1_547' title='bbox 1638 3856 1696 3905; x_wconf 90' lang='grc' dir='ltr'><strong>ἐν</strong></span> <span class='ocrx_word' id='word_1_548' title='bbox 1721 3856 1833 3917; x_wconf 89' lang='grc' dir='ltr'>τοῖς</span> 
     </span>
    </p>
   </div>
   <div class='ocr_carea' id='block_1_72' title="bbox 254 3945 1836 4017">
    <p class='ocr_par' dir='ltr' id='par_1_72' title="bbox 254 3945 1836 4017">
     <span class='ocr_line' id='line_1_72' title="bbox 254 3945 1836 4017; baseline -0.002 -15"><span class='ocrx_word' id='word_1_549' title='bbox 254 3951 426 4011; x_wconf 85' lang='grc' dir='ltr'>θείοις</span> <span class='ocrx_word' id='word_1_550' title='bbox 463 3949 694 4017; x_wconf 79' lang='grc' dir='ltr'>δόγμασι</span> <span class='ocrx_word' id='word_1_551' title='bbox 722 3948 996 4016; x_wconf 85' lang='grc' dir='ltr'>Θεόδωρον</span> <span class='ocrx_word' id='word_1_552' title='bbox 1021 3948 1112 3999; x_wconf 77' lang='grc' dir='ltr'>τὸν</span> <span class='ocrx_word' id='word_1_553' title='bbox 1150 3948 1243 4015; x_wconf 81' lang='grc' dir='ltr'>τῆς</span> <span class='ocrx_word' id='word_1_554' title='bbox 1286 3945 1499 4000; x_wconf 85' lang='grc' dir='ltr'>Ῥαῖθοῦ</span> <span class='ocrx_word' id='word_1_555' title='bbox 1533 3946 1836 4017; x_wconf 78' lang='grc' dir='ltr'>πρεσϐύτε-</span> 
     </span>
    </p>
   </div>
   <div class='ocr_carea' id='block_1_73' title="bbox 261 4039 1832 4112">
    <p class='ocr_par' dir='ltr' id='par_1_73' title="bbox 261 4039 1832 4112">
     <span class='ocr_line' id='line_1_73' title="bbox 261 4039 1832 4112; baseline -0.003 -17"><span class='ocrx_word' id='word_1_556' title='bbox 261 4060 357 4112; x_wconf 89' lang='grc' dir='ltr'><strong>ρον</strong></span> <span class='ocrx_word' id='word_1_557' title='bbox 401 4043 532 4111; x_wconf 74' lang='grc' dir='ltr'>ἔχει,</span> <span class='ocrx_word' id='word_1_558' title='bbox 565 4041 827 4106; x_wconf 89' lang='grc' dir='ltr'>θεολογῶν</span> <span class='ocrx_word' id='word_1_559' title='bbox 861 4040 1001 4092; x_wconf 78' lang='grc' dir='ltr'>οὕτω</span> <span class='ocrx_word' id='word_1_560' title='bbox 1050 4042 1183 4108; x_wconf 80' lang='grc' dir='ltr'>φησί</span> <span class='ocrx_word' id='word_1_561' title='bbox 1221 4056 1234 4071; x_wconf 88' lang='grc'><strong>·</strong></span> <span class='ocrx_word' id='word_1_562' title='bbox 1273 4058 1290 4089; x_wconf 80' lang='lat' dir='ltr'><strong>t</strong></span> <span class='ocrx_word' id='word_1_563' title='bbox 1337 4039 1443 4092; x_wconf 87' lang='grc' dir='ltr'>Τοῦ</span> <span class='ocrx_word' id='word_1_564' title='bbox 1480 4041 1537 4092; x_wconf 75' lang='grc' dir='ltr'>δὲ</span> <span class='ocrx_word' id='word_1_565' title='bbox 1579 4040 1832 4109; x_wconf 80' lang='grc' dir='ltr'>σώματος</span> 
     </span>
    </p>
   </div>
   <div class='ocr_carea' id='block_1_74' title="bbox 255 4130 1834 4202">
    <p class='ocr_par' dir='ltr' id='par_1_74' title="bbox 255 4130 1834 4202">
     <span class='ocr_line' id='line_1_74' title="bbox 255 4130 1834 4202; baseline -0.003 -15"><span class='ocrx_word' id='word_1_566' title='bbox 255 4135 319 4187; x_wconf 81' lang='grc' dir='ltr'>τὸ</span> <span class='ocrx_word' id='word_1_567' title='bbox 349 4133 544 4202; x_wconf 72' lang='grc' dir='ltr'>ἰδίωμα</span> <span class='ocrx_word' id='word_1_568' title='bbox 566 4131 845 4193; x_wconf 76' lang='grc' dir='ltr'>λαϐόντες,</span> <span class='ocrx_word' id='word_1_569' title='bbox 869 4131 944 4192; x_wconf 84' lang='grc' dir='ltr'>ὡς</span> <span class='ocrx_word' id='word_1_570' title='bbox 978 4131 1331 4199; x_wconf 84' lang='grc' dir='ltr'>παράδειγμα</span> <span class='ocrx_word' id='word_1_571' title='bbox 1356 4130 1452 4201; x_wconf 81' lang='grc' dir='ltr'>τὴν</span> <span class='ocrx_word' id='word_1_572' title='bbox 1471 4131 1834 4200; x_wconf 81' lang='grc' dir='ltr'>ἀλληλουχίαν</span> 
     </span>
    </p>
   </div>
   <div class='ocr_carea' id='block_1_75' title="bbox 256 4221 1835 4291">
    <p class='ocr_par' dir='ltr' id='par_1_75' title="bbox 256 4221 1835 4291">
     <span class='ocr_line' id='line_1_75' title="bbox 256 4221 1835 4291; baseline -0.004 -13"><span class='ocrx_word' id='word_1_573' title='bbox 256 4225 368 4278; x_wconf 89' lang='grc' dir='ltr'><strong>τῶν</strong></span> <span class='ocrx_word' id='word_1_574' title='bbox 401 4224 560 4276; x_wconf 86' lang='grc' dir='ltr'>θείων</span> <span class='ocrx_word' id='word_1_575' title='bbox 586 4224 942 4276; x_wconf 79' lang='grc' dir='ltr'>ὑποστάσεων</span> <span class='ocrx_word' id='word_1_576' title='bbox 991 4223 1440 4290; x_wconf 85' lang='grc' dir='ltr'>παρεστήσαμεν,</span> <span class='ocrx_word' id='word_1_577' title='bbox 1471 4221 1559 4273; x_wconf 79' lang='grc' dir='ltr'>διὰ</span> <span class='ocrx_word' id='word_1_578' title='bbox 1600 4223 1696 4291; x_wconf 82' lang='grc' dir='ltr'>τῆς</span> <span class='ocrx_word' id='word_1_579' title='bbox 1724 4222 1835 4273; x_wconf 87' lang='grc' dir='ltr'><strong>τῶν</strong></span> 
     </span>
    </p>
   </div>
   <div class='ocr_carea' id='block_1_76' title="bbox 261 4311 1835 4384">
    <p class='ocr_par' dir='ltr' id='par_1_76' title="bbox 261 4311 1835 4384">
     <span class='ocr_line' id='line_1_76' title="bbox 261 4311 1835 4384; baseline -0.001 -17"><span class='ocrx_word' id='word_1_580' title='bbox 261 4315 440 4384; x_wconf 86' lang='grc' dir='ltr'>μελῶν</span> <span class='ocrx_word' id='word_1_581' title='bbox 479 4313 768 4380; x_wconf 80' lang='grc' dir='ltr'>ἀναλογίας</span> <span class='ocrx_word' id='word_1_582' title='bbox 814 4329 872 4364; x_wconf 89' lang='grc' dir='ltr'><strong>τε</strong></span> <span class='ocrx_word' id='word_1_583' title='bbox 917 4311 1011 4365; x_wconf 73' lang='grc' dir='ltr'>καὶ</span> <span class='ocrx_word' id='word_1_584' title='bbox 1065 4313 1340 4373; x_wconf 80' lang='grc' dir='ltr'>είκασίας-</span> <span class='ocrx_word' id='word_1_585' title='bbox 1374 4314 1548 4381; x_wconf 74' lang='grc' dir='ltr'>ταύτῃ</span> <span class='ocrx_word' id='word_1_586' title='bbox 1588 4315 1696 4382; x_wconf 81' lang='grc' dir='ltr'>γὰρ</span> <span class='ocrx_word' id='word_1_587' title='bbox 1739 4315 1835 4366; x_wconf 67' lang='grc' dir='ltr'>καὶ</span> 
     </span>
    </p>
   </div>
   <div class='ocr_carea' id='block_1_77' title="bbox 254 4403 1906 4488">
    <p class='ocr_par' dir='ltr' id='par_1_77' title="bbox 254 4403 1906 4488">
     <span class='ocr_line' id='line_1_77' title="bbox 254 4403 1906 4488; baseline -0.002 -27"><span class='ocrx_word' id='word_1_588' title='bbox 254 4409 486 4477; x_wconf 85' lang='grc' dir='ltr'>Πνεῦμα</span> <span class='ocrx_word' id='word_1_589' title='bbox 510 4408 778 4476; x_wconf 86' lang='grc' dir='ltr'>στόματος</span> <span class='ocrx_word' id='word_1_590' title='bbox 808 4404 991 4467; x_wconf 81' lang='grc' dir='ltr'>αὑτοῦ,</span> <span class='ocrx_word' id='word_1_591' title='bbox 1026 4404 1265 4470; x_wconf 72' lang='grc' dir='ltr'>δηλονότι</span> <span class='ocrx_word' id='word_1_592' title='bbox 1298 4404 1388 4454; x_wconf 84' lang='grc' dir='ltr'><strong>τοῦ</strong></span> <span class='ocrx_word' id='word_1_593' title='bbox 1412 4403 1546 4454; x_wconf 85' lang='grc' dir='ltr'>Θεοῦ</span> <span class='ocrx_word' id='word_1_594' title='bbox 1579 4406 1638 4454; x_wconf 84' lang='grc' dir='ltr'>τὸ</span> <span class='ocrx_word' id='word_1_595' title='bbox 1666 4405 1832 4456; x_wconf 85' lang='grc' dir='ltr'>Πνεῦ-</span> <span class='ocrx_word' id='word_1_596' title='bbox 1867 4435 1906 4488; x_wconf 74' lang='grc' dir='ltr'>ο</span> 
     </span>
    </p>
   </div>
   <div class='ocr_carea' id='block_1_78' title="bbox 259 4478 1830 4568">
    <p class='ocr_par' dir='ltr' id='par_1_78' title="bbox 259 4478 1830 4568">
     <span class='ocr_line' id='line_1_78' title="bbox 259 4478 1830 4568; baseline -0.005 -16"><span class='ocrx_word' id='word_1_597' title='bbox 259 4519 338 4568; x_wconf 87' lang='grc' dir='ltr'><strong>μα</strong></span> <span class='ocrx_word' id='word_1_598' title='bbox 357 4501 415 4551; x_wconf 85' lang='grc' dir='ltr'>τὸ</span> <span class='ocrx_word' id='word_1_599' title='bbox 445 4500 596 4564; x_wconf 75' lang='grc' dir='ltr'>ἆγιον</span> <span class='ocrx_word' id='word_1_600' title='bbox 623 4499 859 4564; x_wconf 82' lang='grc' dir='ltr'>λέγεται,</span> <span class='ocrx_word' id='word_1_601' title='bbox 887 4495 1150 4562; x_wconf 82' lang='grc' dir='ltr'>στόματος</span> <span class='ocrx_word' id='word_1_602' title='bbox 1170 4478 1320 4554; x_wconf 43' lang='grc' dir='ltr'>ὄντος</span> <span class='ocrx_word' id='word_1_603' title='bbox 1348 4493 1441 4544; x_wconf 83' lang='grc' dir='ltr'><strong>τοῦ</strong></span> <span class='ocrx_word' id='word_1_604' title='bbox 1472 4494 1830 4560; x_wconf 82' lang='grc' dir='ltr'>Μονογενοῦς.</span> 
     </span>
    </p>
   </div>
   <div class='ocr_carea' id='block_1_79' title="bbox 259 4581 1833 4658">
    <p class='ocr_par' dir='ltr' id='par_1_79' title="bbox 259 4581 1833 4658">
     <span class='ocr_line' id='line_1_79' title="bbox 259 4581 1833 4658; baseline -0.007 -14"><span class='ocrx_word' id='word_1_605' title='bbox 259 4593 372 4644; x_wconf 74' lang='grc' dir='ltr'><strong>Καὶ</strong></span> <span class='ocrx_word' id='word_1_606' title='bbox 429 4590 651 4658; x_wconf 87' lang='grc' dir='ltr'>Πνεῦμα</span> <span class='ocrx_word' id='word_1_607' title='bbox 700 4588 863 4639; x_wconf 82' lang='grc' dir='ltr'>πάλιν</span> <span class='ocrx_word' id='word_1_608' title='bbox 918 4587 974 4650; x_wconf 76' lang='grc' dir='ltr'>ἐξ</span> <span class='ocrx_word' id='word_1_609' title='bbox 1008 4586 1174 4638; x_wconf 71' lang='grc' dir='ltr'>αὐτοῦ</span> <span class='ocrx_word' id='word_1_610' title='bbox 1234 4587 1684 4653; x_wconf 78' lang='grc' dir='ltr'>ἐκπορευόμενον,</span> <span class='ocrx_word' id='word_1_611' title='bbox 1740 4581 1833 4638; x_wconf 71' lang='grc' dir='ltr'><strong>καὶ</strong></span> 
     </span>
    </p>
   </div>
   <div class='ocr_carea' id='block_1_80' title="bbox 255 4677 1832 4749">
    <p class='ocr_par' dir='ltr' id='par_1_80' title="bbox 255 4677 1832 4749">
     <span class='ocr_line' id='line_1_80' title="bbox 255 4677 1832 4749; baseline -0.004 -12"><span class='ocrx_word' id='word_1_612' title='bbox 255 4682 723 4749; x_wconf 79' lang='grc' dir='ltr'>ἁποστελλόμενον</span> <span class='ocrx_word' id='word_1_613' title='bbox 774 4680 834 4730; x_wconf 87' lang='grc' dir='ltr'>οὐ</span> <span class='ocrx_word' id='word_1_614' title='bbox 888 4679 1048 4747; x_wconf 86' lang='grc' dir='ltr'>μόνον</span> <span class='ocrx_word' id='word_1_615' title='bbox 1101 4679 1250 4745; x_wconf 79' lang='grc' dir='ltr'>παρὰ</span> <span class='ocrx_word' id='word_1_616' title='bbox 1280 4677 1373 4727; x_wconf 84' lang='grc' dir='ltr'><strong>τοῦ</strong></span> <span class='ocrx_word' id='word_1_617' title='bbox 1414 4679 1660 4746; x_wconf 75' lang='grc' dir='ltr'>ιΙατρὸς,</span> <span class='ocrx_word' id='word_1_618' title='bbox 1697 4679 1832 4731; x_wconf 76' lang='grc' dir='ltr'>ἀλλὰ</span> 
     </span>
    </p>
   </div>
   <div class='ocr_carea' id='block_1_81' title="bbox 254 4769 1834 4843">
    <p class='ocr_par' dir='ltr' id='par_1_81' title="bbox 254 4769 1834 4843">
     <span class='ocr_line' id='line_1_81' title="bbox 254 4769 1834 4843; baseline -0.009 -16"><span class='ocrx_word' id='word_1_619' title='bbox 254 4779 351 4827; x_wconf 74' lang='grc' dir='ltr'>καὶ</span> <span class='ocrx_word' id='word_1_620' title='bbox 386 4774 533 4843; x_wconf 83' lang='grc' dir='ltr'>παρὰ</span> <span class='ocrx_word' id='word_1_621' title='bbox 581 4771 674 4823; x_wconf 91' lang='grc' dir='ltr'><strong>τοῦ</strong></span> <span class='ocrx_word' id='word_1_622' title='bbox 710 4770 895 4822; x_wconf 78' lang='grc' dir='ltr'>Υἱοῦ.»</span> <span class='ocrx_word' id='word_1_623' title='bbox 944 4769 1002 4820; x_wconf 87' lang='lat'>&#39;0</span> <span class='ocrx_word' id='word_1_624' title='bbox 1035 4769 1192 4838; x_wconf 81' lang='grc' dir='ltr'>αὐτὸς</span> <span class='ocrx_word' id='word_1_625' title='bbox 1247 4769 1302 4819; x_wconf 81' lang='grc' dir='ltr'><strong>ἐν</strong></span> <span class='ocrx_word' id='word_1_626' title='bbox 1338 4769 1415 4838; x_wconf 80' lang='grc' dir='ltr'>τῷ</span> <span class='ocrx_word' id='word_1_627' title='bbox 1463 4771 1587 4838; x_wconf 77' lang='grc' dir='ltr'>περὶ</span> <span class='ocrx_word' id='word_1_628' title='bbox 1639 4771 1834 4840; x_wconf 75' lang='grc' dir='ltr'>ἀπερι.</span> 
     </span>
    </p>
   </div>
   <div class='ocr_carea' id='block_1_82' title="bbox 256 4858 1832 4935">
    <p class='ocr_par' dir='ltr' id='par_1_82' title="bbox 256 4858 1832 4935">
     <span class='ocr_line' id='line_1_82' title="bbox 256 4858 1832 4935; baseline -0.006 -16"><span class='ocrx_word' id='word_1_629' title='bbox 256 4869 503 4935; x_wconf 79' lang='grc' dir='ltr'>γράπτου</span> <span class='ocrx_word' id='word_1_630' title='bbox 536 4863 772 4931; x_wconf 86' lang='grc' dir='ltr'>δευτέρῳ</span> <span class='ocrx_word' id='word_1_631' title='bbox 807 4862 950 4935; x_wconf 61' lang='grc' dir='ltr'>λόγῳ</span> <span class='ocrx_word' id='word_1_632' title='bbox 989 4858 1174 4912; x_wconf 75' lang='grc' dir='ltr'>αὐτοῦ’</span> <span class='ocrx_word' id='word_1_633' title='bbox 1214 4878 1231 4909; x_wconf 83' lang='grc' dir='ltr'><strong>ι</strong></span> <span class='ocrx_word' id='word_1_634' title='bbox 1263 4859 1404 4934; x_wconf 72' lang='grc' dir='ltr'>Νοῦν</span> <span class='ocrx_word' id='word_1_635' title='bbox 1443 4859 1498 4910; x_wconf 85' lang='grc' dir='ltr'><strong>δέ</strong></span> <span class='ocrx_word' id='word_1_636' title='bbox 1538 4877 1720 4928; x_wconf 73' lang='grc' dir='ltr'>φαμεν</span> <span class='ocrx_word' id='word_1_637' title='bbox 1743 4861 1832 4911; x_wconf 71' lang='grc' dir='ltr'><strong>τὸν</strong></span> 
     </span>
    </p>
   </div>
   <div class='ocr_carea' id='block_1_83' title="bbox 259 4931 1832 5027">
    <p class='ocr_par' dir='ltr' id='par_1_83' title="bbox 259 4931 1832 5027">
     <span class='ocr_line' id='line_1_83' title="bbox 259 4931 1832 5027; baseline -0.006 -17"><span class='ocrx_word' id='word_1_638' title='bbox 259 4931 479 5027; x_wconf 74' lang='grc' dir='ltr'>Πατέρα</span> <span class='ocrx_word' id='word_1_639' title='bbox 528 4955 621 5006; x_wconf 81' lang='grc' dir='ltr'><strong>τοῦ</strong></span> <span class='ocrx_word' id='word_1_640' title='bbox 659 4931 880 5019; x_wconf 39' lang='grc' dir='ltr'>Λόγουί</span> <span class='ocrx_word' id='word_1_641' title='bbox 913 4950 1037 5002; x_wconf 89' lang='grc' dir='ltr'>νοῦν</span> <span class='ocrx_word' id='word_1_642' title='bbox 1084 4953 1141 5001; x_wconf 89' lang='grc' dir='ltr'><strong>ἐν</strong></span> <span class='ocrx_word' id='word_1_643' title='bbox 1194 4943 1237 5015; x_wconf 84' lang='grc' dir='ltr'>ᾧ</span> <span class='ocrx_word' id='word_1_644' title='bbox 1276 4931 1472 5016; x_wconf 72' lang='grc' dir='ltr'>Λόγος,</span> <span class='ocrx_word' id='word_1_645' title='bbox 1527 4950 1648 5017; x_wconf 79' lang='grc' dir='ltr'>μεθ’</span> <span class='ocrx_word' id='word_1_646' title='bbox 1677 4943 1738 5000; x_wconf 76' lang='grc' dir='ltr'><strong>οὗ</strong></span> <span class='ocrx_word' id='word_1_647' title='bbox 1773 4950 1832 5001; x_wconf 80' lang='grc' dir='ltr'>τὸ</span> 
     </span>
    </p>
   </div>
   <div class='ocr_carea' id='block_1_84' title="bbox 261 5037 1830 5114">
    <p class='ocr_par' dir='ltr' id='par_1_84' title="bbox 261 5037 1830 5114">
     <span class='ocr_line' id='line_1_84' title="bbox 261 5037 1830 5114; baseline -0.006 -16"><span class='ocrx_word' id='word_1_648' title='bbox 261 5047 508 5114; x_wconf 84' lang='grc' dir='ltr'>Πνεῦμα,</span> <span class='ocrx_word' id='word_1_649' title='bbox 556 5044 618 5095; x_wconf 77' lang='grc' dir='ltr'>τὸ</span> <span class='ocrx_word' id='word_1_650' title='bbox 649 5045 801 5108; x_wconf 75' lang='grc' dir='ltr'>ἅγιον</span> <span class='ocrx_word' id='word_1_651' title='bbox 843 5040 1065 5105; x_wconf 83' lang='grc' dir='ltr'>Πνεῦμα</span> <span class='ocrx_word' id='word_1_652' title='bbox 1101 5039 1366 5106; x_wconf 84' lang='grc' dir='ltr'>στόματος</span> <span class='ocrx_word' id='word_1_653' title='bbox 1402 5037 1494 5089; x_wconf 87' lang='grc' dir='ltr'><strong>τοῦ</strong></span> <span class='ocrx_word' id='word_1_654' title='bbox 1526 5039 1659 5090; x_wconf 86' lang='grc' dir='ltr'>Θεοῦ</span> <span class='ocrx_word' id='word_1_655' title='bbox 1693 5056 1830 5108; x_wconf 88' lang='grc' dir='ltr'>χρη-</span> 
     </span>
    </p>
   </div>
   <div class='ocr_carea' id='block_1_85' title="bbox 262 5130 1831 5209">
    <p class='ocr_par' dir='ltr' id='par_1_85' title="bbox 262 5130 1831 5209">
     <span class='ocr_line' id='line_1_85' title="bbox 262 5130 1831 5209; baseline -0.01 -19"><span class='ocrx_word' id='word_1_656' title='bbox 262 5137 487 5209; x_wconf 76' lang='grc' dir='ltr'>ματίζον</span> <span class='ocrx_word' id='word_1_657' title='bbox 511 5153 524 5168; x_wconf 90' lang='grc'><strong>·</strong></span> <span class='ocrx_word' id='word_1_658' title='bbox 581 5136 751 5203; x_wconf 80' lang='grc' dir='ltr'>στόμα</span> <span class='ocrx_word' id='word_1_659' title='bbox 802 5134 908 5200; x_wconf 77' lang='grc' dir='ltr'>γὰρ</span> <span class='ocrx_word' id='word_1_660' title='bbox 944 5133 1152 5198; x_wconf 64' lang='grc' dir='ltr'>Πατρῦς</span> <span class='ocrx_word' id='word_1_661' title='bbox 1187 5134 1211 5182; x_wconf 83' lang='grc' dir='ltr'>ὁ</span> <span class='ocrx_word' id='word_1_662' title='bbox 1248 5131 1390 5190; x_wconf 82' lang='grc' dir='ltr'>Υἱός.</span> <span class='ocrx_word' id='word_1_663' title='bbox 1421 5148 1442 5181; x_wconf 73' lang='grc' dir='ltr'><strong>ι</strong></span> <span class='ocrx_word' id='word_1_664' title='bbox 1483 5130 1556 5180; x_wconf 83' lang='grc' dir='ltr'><strong>Ἰ’ό</strong></span> <span class='ocrx_word' id='word_1_665' title='bbox 1609 5147 1671 5197; x_wconf 86' lang='grc' dir='ltr'><strong>γε</strong></span> <span class='ocrx_word' id='word_1_666' title='bbox 1724 5132 1831 5200; x_wconf 76' lang='grc' dir='ltr'>μὴν</span> 
     </span>
    </p>
   </div>
   <div class='ocr_carea' id='block_1_86' title="bbox 265 5220 1830 5294">
    <p class='ocr_par' dir='ltr' id='par_1_86' title="bbox 265 5220 1830 5294">
     <span class='ocr_line' id='line_1_86' title="bbox 265 5220 1830 5294; baseline -0.007 -12"><span class='ocrx_word' id='word_1_667' title='bbox 265 5250 283 5281; x_wconf 78' lang='grc' dir='ltr'><strong>ι</strong></span> <span class='ocrx_word' id='word_1_668' title='bbox 323 5230 417 5280; x_wconf 84' lang='grc' dir='ltr'>Ἐκ</span> <span class='ocrx_word' id='word_1_669' title='bbox 448 5228 540 5280; x_wconf 87' lang='grc' dir='ltr'><strong>τοῦ</strong></span> <span class='ocrx_word' id='word_1_670' title='bbox 567 5228 698 5294; x_wconf 84' lang='grc' dir='ltr'>ἐμοῦ</span> <span class='ocrx_word' id='word_1_671' title='bbox 731 5224 984 5293; x_wconf 71' lang='grc' dir='ltr'>λήψεται,</span> <span class='ocrx_word' id='word_1_672' title='bbox 1013 5241 1029 5272; x_wconf 72' lang='grc' dir='ltr'><strong>ι</strong></span> <span class='ocrx_word' id='word_1_673' title='bbox 1065 5223 1157 5272; x_wconf 73' lang='grc' dir='ltr'>καὶ</span> <span class='ocrx_word' id='word_1_674' title='bbox 1190 5222 1250 5272; x_wconf 82' lang='grc' dir='ltr'>τὸ</span> <span class='ocrx_word' id='word_1_675' title='bbox 1286 5239 1302 5270; x_wconf 80' lang='grc' dir='ltr'><strong>ι</strong></span> <span class='ocrx_word' id='word_1_676' title='bbox 1342 5221 1435 5271; x_wconf 84' lang='grc' dir='ltr'>Ἐκ</span> <span class='ocrx_word' id='word_1_677' title='bbox 1474 5220 1567 5272; x_wconf 85' lang='grc' dir='ltr'><strong>τοῦ</strong></span> <span class='ocrx_word' id='word_1_678' title='bbox 1617 5221 1830 5288; x_wconf 61' lang='grc' dir='ltr'>Πατρὶς</span> 
     </span>
    </p>
   </div>
   <div class='ocr_carea' id='block_1_87' title="bbox 259 5314 1828 5391">
    <p class='ocr_par' dir='ltr' id='par_1_87' title="bbox 259 5314 1828 5391">
     <span class='ocr_line' id='line_1_87' title="bbox 259 5314 1828 5391; baseline -0.006 -16"><span class='ocrx_word' id='word_1_679' title='bbox 259 5320 642 5391; x_wconf 83' lang='grc' dir='ltr'>ἐκπορεύεται,</span> <span class='ocrx_word' id='word_1_680' title='bbox 680 5337 696 5368; x_wconf 77' lang='grc' dir='ltr'><strong>ι</strong></span> <span class='ocrx_word' id='word_1_681' title='bbox 739 5318 774 5370; x_wconf 82' lang='grc' dir='ltr'><strong>ἆ</strong></span> <span class='ocrx_word' id='word_1_682' title='bbox 815 5333 978 5384; x_wconf 73' lang='grc' dir='ltr'>φησιν</span> <span class='ocrx_word' id='word_1_683' title='bbox 1009 5315 1092 5383; x_wconf 81' lang='grc' dir='ltr'>ἐφ’</span> <span class='ocrx_word' id='word_1_684' title='bbox 1123 5314 1321 5366; x_wconf 83' lang='grc' dir='ltr'>ἐαυτοῦ</span> <span class='ocrx_word' id='word_1_685' title='bbox 1361 5332 1417 5365; x_wconf 90' lang='grc' dir='ltr'><strong>τε</strong></span> <span class='ocrx_word' id='word_1_686' title='bbox 1456 5318 1549 5366; x_wconf 81' lang='grc' dir='ltr'>καὶ</span> <span class='ocrx_word' id='word_1_687' title='bbox 1581 5315 1675 5367; x_wconf 90' lang='grc' dir='ltr'><strong>τοῦ</strong></span> <span class='ocrx_word' id='word_1_688' title='bbox 1716 5317 1828 5366; x_wconf 85' lang='grc' dir='ltr'>Πα-</span> 
     </span>
    </p>
   </div>
   <div class='ocr_carea' id='block_1_88' title="bbox 257 5405 1826 5480">
    <p class='ocr_par' dir='ltr' id='par_1_88' title="bbox 257 5405 1826 5480">
     <span class='ocr_line' id='line_1_88' title="bbox 257 5405 1826 5480; baseline -0.004 -17"><span class='ocrx_word' id='word_1_689' title='bbox 257 5415 385 5477; x_wconf 55' lang='lat'><strong>1:96;-</strong></span> <span class='ocrx_word' id='word_1_690' title='bbox 437 5410 693 5480; x_wconf 72' lang='grc' dir='ltr'>περὶτοῦ</span> <span class='ocrx_word' id='word_1_691' title='bbox 746 5409 1062 5476; x_wconf 84' lang='grc' dir='ltr'>Πνεύματος</span> <span class='ocrx_word' id='word_1_692' title='bbox 1109 5407 1136 5456; x_wconf 92' lang='lat'><strong>6</strong></span> <span class='ocrx_word' id='word_1_693' title='bbox 1179 5405 1367 5474; x_wconf 80' lang='grc' dir='ltr'>Σωτὴρ</span> <span class='ocrx_word' id='word_1_694' title='bbox 1418 5406 1826 5466; x_wconf 83' lang='grc' dir='ltr'>ἀποδεικτικαῖς</span> 
     </span>
    </p>
   </div>
   <div class='ocr_carea' id='block_1_89' title="bbox 259 5497 1825 5566">
    <p class='ocr_par' dir='ltr' id='par_1_89' title="bbox 259 5497 1825 5566">
     <span class='ocr_line' id='line_1_89' title="bbox 259 5497 1825 5566; baseline -0.004 -11"><span class='ocrx_word' id='word_1_695' title='bbox 259 5504 556 5555; x_wconf 76' lang='grc' dir='ltr'>πιστώσεσι</span> <span class='ocrx_word' id='word_1_696' title='bbox 614 5502 708 5552; x_wconf 77' lang='grc' dir='ltr'>καὶ</span> <span class='ocrx_word' id='word_1_697' title='bbox 755 5500 1119 5558; x_wconf 85' lang='grc' dir='ltr'>κατασκευαῖς</span> <span class='ocrx_word' id='word_1_698' title='bbox 1174 5499 1270 5566; x_wconf 79' lang='grc' dir='ltr'>τῆς</span> <span class='ocrx_word' id='word_1_699' title='bbox 1325 5497 1493 5565; x_wconf 80' lang='grc' dir='ltr'>αὐτῆς</span> <span class='ocrx_word' id='word_1_700' title='bbox 1528 5500 1825 5566; x_wconf 78' lang='grc' dir='ltr'>παρίστησι</span> 
     </span>
    </p>
   </div>
   <div class='ocr_carea' id='block_1_90' title="bbox 259 5589 1828 5657">
    <p class='ocr_par' dir='ltr' id='par_1_90' title="bbox 259 5589 1828 5657">
     <span class='ocr_line' id='line_1_90' title="bbox 259 5589 1828 5657; baseline -0.003 -10"><span class='ocrx_word' id='word_1_701' title='bbox 259 5595 497 5657; x_wconf 84' lang='grc' dir='ltr'>διανοίας</span> <span class='ocrx_word' id='word_1_702' title='bbox 543 5595 570 5645; x_wconf 90' lang='lat'><strong>6</strong></span> <span class='ocrx_word' id='word_1_703' title='bbox 605 5594 670 5645; x_wconf 84' lang='grc' dir='ltr'>τὰ</span> <span class='ocrx_word' id='word_1_704' title='bbox 706 5593 827 5644; x_wconf 83' lang='grc' dir='ltr'>θεῖα</span> <span class='ocrx_word' id='word_1_705' title='bbox 881 5591 1044 5652; x_wconf 73' lang='grc' dir='ltr'>πολὺς</span> <span class='ocrx_word' id='word_1_706' title='bbox 1101 5590 1450 5656; x_wconf 79' lang='grc' dir='ltr'>Ἐπιφάνιος,</span> <span class='ocrx_word' id='word_1_707' title='bbox 1483 5589 1660 5650; x_wconf 72' lang='grc' dir='ltr'>καθὼς</span> <span class='ocrx_word' id='word_1_708' title='bbox 1715 5591 1828 5643; x_wconf 82' lang='grc' dir='ltr'>ἄνω</span> 
     </span>
    </p>
   </div>
   <div class='ocr_carea' id='block_1_91' title="bbox 262 5683 745 5753">
    <p class='ocr_par' dir='ltr' id='par_1_91' title="bbox 262 5683 745 5753">
     <span class='ocr_line' id='line_1_91' title="bbox 262 5683 745 5753; baseline -0.006 -18"><span class='ocrx_word' id='word_1_709' title='bbox 262 5683 745 5753; x_wconf 74' lang='grc' dir='ltr'>προδιειλήφαμεν.</span> 
     </span>
    </p>
   </div>
   <div class='ocr_carea' id='block_1_92' title="bbox 1938 3211 3515 3285">
    <p class='ocr_par' dir='ltr' id='par_1_92' title="bbox 1938 3211 3515 3285">
     <span class='ocr_line' id='line_1_92' title="bbox 1938 3211 3515 3285; baseline 0.002 -20"><span class='ocrx_word' id='word_1_710' title='bbox 1938 3227 1966 3265; x_wconf 91' lang='lat' dir='ltr'><strong>a</strong></span> <span class='ocrx_word' id='word_1_711' title='bbox 1999 3211 2158 3264; x_wconf 84' lang='lat' dir='ltr'><strong>Patre</strong></span> <span class='ocrx_word' id='word_1_712' title='bbox 2192 3211 2457 3282; x_wconf 90' lang='lat' dir='ltr'><strong>procedit,</strong></span> <span class='ocrx_word' id='word_1_713' title='bbox 2518 3228 2582 3266; x_wconf 91' lang='lat' dir='ltr'><strong>ex</strong></span> <span class='ocrx_word' id='word_1_714' title='bbox 2612 3226 2707 3268; x_wconf 90' lang='lat' dir='ltr'><strong>ore</strong></span> <span class='ocrx_word' id='word_1_715' title='bbox 2738 3228 2935 3282; x_wconf 88' lang='lat' dir='ltr'><strong>nempe</strong></span> <span class='ocrx_word' id='word_1_716' title='bbox 2966 3213 3135 3267; x_wconf 91' lang='lat' dir='ltr'><strong>illius.</strong></span> <span class='ocrx_word' id='word_1_717' title='bbox 3177 3233 3196 3266; x_wconf 77' lang='grc' dir='ltr'><strong>ι</strong></span> <span class='ocrx_word' id='word_1_718' title='bbox 3232 3213 3385 3280; x_wconf 87' lang='lat' dir='ltr'><strong>Quod</strong></span> <span class='ocrx_word' id='word_1_719' title='bbox 3423 3215 3515 3285; x_wconf 80' lang='lat' dir='ltr'><strong>igi-</strong></span> 
     </span>
    </p>
   </div>
   <div class='ocr_carea' id='block_1_93' title="bbox 1937 3306 3506 3378">
    <p class='ocr_par' dir='ltr' id='par_1_93' title="bbox 1937 3306 3506 3378">
     <span class='ocr_line' id='line_1_93' title="bbox 1937 3306 3506 3378; baseline 0.003 -19"><span class='ocrx_word' id='word_1_720' title='bbox 1937 3316 2023 3360; x_wconf 90' lang='lat' dir='ltr'><strong>tur</strong></span> <span class='ocrx_word' id='word_1_721' title='bbox 2055 3306 2127 3358; x_wconf 90' lang='lat' dir='ltr'><strong>ibi</strong></span> <span class='ocrx_word' id='word_1_722' title='bbox 2165 3313 2248 3358; x_wconf 90' lang='lat' dir='ltr'><strong>est</strong></span> <span class='ocrx_word' id='word_1_723' title='bbox 2299 3326 2319 3356; x_wconf 85' lang='grc'><strong><em>‹</em></strong></span> <span class='ocrx_word' id='word_1_724' title='bbox 2355 3306 2539 3360; x_wconf 88' lang='lat' dir='ltr'><strong>divina</strong></span> <span class='ocrx_word' id='word_1_725' title='bbox 2570 3316 2763 3360; x_wconf 87' lang='lat' dir='ltr'><strong>natura</strong></span> <span class='ocrx_word' id='word_1_726' title='bbox 2814 3322 2881 3361; x_wconf 93' lang='lat' dir='ltr'><strong>ex</strong></span> <span class='ocrx_word' id='word_1_727' title='bbox 2910 3307 3173 3362; x_wconf 66' lang='lat' dir='ltr'><strong>ineﬁ‘abili</strong></span> <span class='ocrx_word' id='word_1_728' title='bbox 3197 3323 3294 3362; x_wconf 90' lang='lat' dir='ltr'><strong>ore</strong></span> <span class='ocrx_word' id='word_1_729' title='bbox 3333 3324 3506 3378; x_wconf 80' lang='lat' dir='ltr'><strong>appa-</strong></span> 
     </span>
    </p>
   </div>
   <div class='ocr_carea' id='block_1_94' title="bbox 1938 3397 3508 3469">
    <p class='ocr_par' dir='ltr' id='par_1_94' title="bbox 1938 3397 3508 3469">
     <span class='ocr_line' id='line_1_94' title="bbox 1938 3397 3508 3469; baseline 0 -19"><span class='ocrx_word' id='word_1_730' title='bbox 1938 3413 2086 3463; x_wconf 85' lang='lat' dir='ltr'><strong>rens,</strong></span> <span class='ocrx_word' id='word_1_731' title='bbox 2123 3416 2144 3450; x_wconf 76' lang='grc' dir='ltr'><strong>ι</strong></span> <span class='ocrx_word' id='word_1_732' title='bbox 2187 3398 2278 3452; x_wconf 87' lang='lat' dir='ltr'><strong>hic</strong></span> <span class='ocrx_word' id='word_1_733' title='bbox 2319 3397 2456 3451; x_wconf 82' lang='lat' dir='ltr'><strong>illud</strong></span> <span class='ocrx_word' id='word_1_734' title='bbox 2510 3398 2800 3466; x_wconf 79' lang='lat' dir='ltr'><strong>perSpicue</strong></span> <span class='ocrx_word' id='word_1_735' title='bbox 2855 3417 2873 3450; x_wconf 79' lang='grc' dir='ltr'><strong>ι</strong></span> <span class='ocrx_word' id='word_1_736' title='bbox 2916 3414 2985 3453; x_wconf 91' lang='lat' dir='ltr'><strong>ex</strong></span> <span class='ocrx_word' id='word_1_737' title='bbox 3036 3414 3134 3454; x_wconf 82' lang='lat' dir='ltr'><strong>ore</strong></span> <span class='ocrx_word' id='word_1_738' title='bbox 3174 3399 3442 3469; x_wconf 85' lang='lat' dir='ltr'><strong>procedit.</strong></span> <span class='ocrx_word' id='word_1_739' title='bbox 3489 3418 3508 3450; x_wconf 74' lang='grc' dir='ltr'><strong>ι</strong></span> 
     </span>
    </p>
   </div>
   <div class='ocr_carea' id='block_1_95' title="bbox 1940 3488 3515 3560">
    <p class='ocr_par' dir='ltr' id='par_1_95' title="bbox 1940 3488 3515 3560">
     <span class='ocr_line' id='line_1_95' title="bbox 1940 3488 3515 3560; baseline 0.001 -18"><span class='ocrx_word' id='word_1_740' title='bbox 1940 3489 2005 3543; x_wconf 85' lang='grc' dir='ltr'>Ει</span> <span class='ocrx_word' id='word_1_741' title='bbox 2041 3503 2149 3558; x_wconf 77' lang='lat' dir='ltr'><strong>qua</strong></span> <span class='ocrx_word' id='word_1_742' title='bbox 2172 3489 2384 3543; x_wconf 82' lang='lat' dir='ltr'><strong>ratione</strong></span> <span class='ocrx_word' id='word_1_743' title='bbox 2416 3488 2616 3542; x_wconf 85' lang='lat' dir='ltr'><strong>similia</strong></span> <span class='ocrx_word' id='word_1_744' title='bbox 2645 3489 2860 3542; x_wconf 87' lang='lat' dir='ltr'><strong>excelsa</strong></span> <span class='ocrx_word' id='word_1_745' title='bbox 2891 3500 3075 3544; x_wconf 88' lang='lat' dir='ltr'><strong>mente</strong></span> <span class='ocrx_word' id='word_1_746' title='bbox 3115 3491 3373 3560; x_wconf 67' lang='lat' dir='ltr'><strong>praeditus</strong></span> <span class='ocrx_word' id='word_1_747' title='bbox 3431 3492 3515 3544; x_wconf 88' lang='lat' dir='ltr'><strong>in-</strong></span> 
     </span>
    </p>
   </div>
   <div class='ocr_carea' id='block_1_96' title="bbox 1936 3581 3513 3650">
    <p class='ocr_par' dir='ltr' id='par_1_96' title="bbox 1936 3581 3513 3650">
     <span class='ocr_line' id='line_1_96' title="bbox 1936 3581 3513 3650; baseline 0.001 -15"><span class='ocrx_word' id='word_1_748' title='bbox 1936 3581 2202 3643; x_wconf 87' lang='lat' dir='ltr'><strong>sinuaret,</strong></span> <span class='ocrx_word' id='word_1_749' title='bbox 2266 3581 2369 3633; x_wconf 89' lang='lat' dir='ltr'><strong>nisi</strong></span> <span class='ocrx_word' id='word_1_750' title='bbox 2403 3581 2651 3634; x_wconf 84' lang='lat' dir='ltr'><strong>eamdem</strong></span> <span class='ocrx_word' id='word_1_751' title='bbox 2693 3596 2969 3650; x_wconf 89' lang='lat' dir='ltr'><strong>unamque</strong></span> <span class='ocrx_word' id='word_1_752' title='bbox 3009 3583 3340 3636; x_wconf 88' lang='lat' dir='ltr'><strong>sententiam</strong></span> <span class='ocrx_word' id='word_1_753' title='bbox 3365 3584 3513 3638; x_wconf 86' lang='lat' dir='ltr'><strong>illius</strong></span> 
     </span>
    </p>
   </div>
   <div class='ocr_carea' id='block_1_97' title="bbox 1937 3670 3512 3742">
    <p class='ocr_par' dir='ltr' id='par_1_97' title="bbox 1937 3670 3512 3742">
     <span class='ocr_line' id='line_1_97' title="bbox 1937 3670 3512 3742; baseline 0.001 -16"><span class='ocrx_word' id='word_1_754' title='bbox 1937 3688 2191 3741; x_wconf 84' lang='lat' dir='ltr'><strong>apparere</strong></span> <span class='ocrx_word' id='word_1_755' title='bbox 2220 3682 2275 3725; x_wconf 92' lang='lat' dir='ltr'><strong>et</strong></span> <span class='ocrx_word' id='word_1_756' title='bbox 2303 3673 2447 3725; x_wconf 88' lang='lat' dir='ltr'><strong>illius</strong></span> <span class='ocrx_word' id='word_1_757' title='bbox 2478 3670 2758 3740; x_wconf 81' lang='lat' dir='ltr'><strong>procedere</strong></span> <span class='ocrx_word' id='word_1_758' title='bbox 2789 3671 3183 3741; x_wconf 83' lang='lat' dir='ltr'><strong>dignosceret?</strong></span> <span class='ocrx_word' id='word_1_759' title='bbox 3213 3673 3512 3742; x_wconf 81' lang='lat' dir='ltr'><strong>Plerosque</strong></span> 
     </span>
    </p>
   </div>
   <div class='ocr_carea' id='block_1_98' title="bbox 1934 3761 3512 3820">
    <p class='ocr_par' dir='ltr' id='par_1_98' title="bbox 1934 3761 3512 3820">
     <span class='ocr_line' id='line_1_98' title="bbox 1934 3761 3512 3820; baseline 0 -1"><span class='ocrx_word' id='word_1_760' title='bbox 1934 3774 2116 3820; x_wconf 86' lang='lat' dir='ltr'><strong>autem</strong></span> <span class='ocrx_word' id='word_1_761' title='bbox 2141 3780 2205 3817; x_wconf 90' lang='lat' dir='ltr'><strong>ex</strong></span> <span class='ocrx_word' id='word_1_762' title='bbox 2246 3763 2447 3818; x_wconf 76' lang='lat' dir='ltr'><strong>divinis</strong></span> <span class='ocrx_word' id='word_1_763' title='bbox 2501 3762 2759 3817; x_wconf 83' lang='lat' dir='ltr'><strong>Patribus</strong></span> <span class='ocrx_word' id='word_1_764' title='bbox 2792 3779 2849 3816; x_wconf 73' lang='lat' dir='ltr'><strong>os</strong></span> <span class='ocrx_word' id='word_1_765' title='bbox 2906 3761 3086 3816; x_wconf 74' lang='lat' dir='ltr'><strong>Patris</strong></span> <span class='ocrx_word' id='word_1_766' title='bbox 3131 3762 3335 3818; x_wconf 81' lang='lat' dir='ltr'><strong>Filium</strong></span> <span class='ocrx_word' id='word_1_767' title='bbox 3389 3779 3512 3819; x_wconf 84' lang='lat' dir='ltr'><strong>esse</strong></span> 
     </span>
    </p>
   </div>
   <div class='ocr_carea' id='block_1_99' title="bbox 1936 3855 3512 3918">
    <p class='ocr_par' dir='ltr' id='par_1_99' title="bbox 1936 3855 3512 3918">
     <span class='ocr_line' id='line_1_99' title="bbox 1936 3855 3512 3918; baseline 0.001 -8"><span class='ocrx_word' id='word_1_768' title='bbox 1936 3856 2214 3918; x_wconf 90' lang='lat' dir='ltr'><strong>deﬁnisse,</strong></span> <span class='ocrx_word' id='word_1_769' title='bbox 2250 3863 2472 3908; x_wconf 88' lang='lat' dir='ltr'><strong>sanctus</strong></span> <span class='ocrx_word' id='word_1_770' title='bbox 2525 3855 2995 3910; x_wconf 76' lang='lat' dir='ltr'><strong>Antiochenorum</strong></span> <span class='ocrx_word' id='word_1_771' title='bbox 3032 3855 3218 3910; x_wconf 90' lang='lat' dir='ltr'><strong>lumen</strong></span> <span class='ocrx_word' id='word_1_772' title='bbox 3281 3857 3512 3912; x_wconf 81' lang='lat' dir='ltr'><strong>Anasta-</strong></span> 
     </span>
    </p>
   </div>
   <div class='ocr_carea' id='block_1_100' title="bbox 1939 3947 3514 4015">
    <p class='ocr_par' dir='ltr' id='par_1_100' title="bbox 1939 3947 3514 4015">
     <span class='ocr_line' id='line_1_100' title="bbox 1939 3947 3514 4015; baseline 0 -13"><span class='ocrx_word' id='word_1_773' title='bbox 1939 3949 2055 4002; x_wconf 83' lang='lat' dir='ltr'><strong>sius</strong></span> <span class='ocrx_word' id='word_1_774' title='bbox 2087 3949 2235 4001; x_wconf 89' lang='lat' dir='ltr'><strong>solus</strong></span> <span class='ocrx_word' id='word_1_775' title='bbox 2265 3948 2534 4001; x_wconf 84' lang='lat' dir='ltr'><strong>adductus</strong></span> <span class='ocrx_word' id='word_1_776' title='bbox 2568 3947 2911 4015; x_wconf 87' lang='lat' dir='ltr'><strong>dijudicabit.</strong></span> <span class='ocrx_word' id='word_1_777' title='bbox 2942 3947 3123 4001; x_wconf 85' lang='lat' dir='ltr'><strong>Palam</strong></span> <span class='ocrx_word' id='word_1_778' title='bbox 3154 3949 3394 4005; x_wconf 72' lang='lat' dir='ltr'><strong>enimde</strong></span> <span class='ocrx_word' id='word_1_779' title='bbox 3433 3964 3514 4002; x_wconf 83' lang='lat' dir='ltr'><strong>re-</strong></span> 
     </span>
    </p>
   </div>
   <div class='ocr_carea' id='block_1_101' title="bbox 1935 4037 3514 4108">
    <p class='ocr_par' dir='ltr' id='par_1_101' title="bbox 1935 4037 3514 4108">
     <span class='ocr_line' id='line_1_101' title="bbox 1935 4037 3514 4108; baseline 0.001 -17"><span class='ocrx_word' id='word_1_780' title='bbox 1935 4038 2040 4091; x_wconf 91' lang='lat' dir='ltr'><strong>ctis</strong></span> <span class='ocrx_word' id='word_1_781' title='bbox 2069 4037 2371 4092; x_wconf 83' lang='lat' dir='ltr'><strong>secundum</strong></span> <span class='ocrx_word' id='word_1_782' title='bbox 2403 4052 2504 4091; x_wconf 91' lang='lat' dir='ltr'><strong>nos</strong></span> <span class='ocrx_word' id='word_1_783' title='bbox 2538 4037 2784 4090; x_wconf 87' lang='lat' dir='ltr'><strong>veritatis</strong></span> <span class='ocrx_word' id='word_1_784' title='bbox 2817 4038 3184 4108; x_wconf 84' lang='lat' dir='ltr'><strong>dogmatibus,</strong></span> <span class='ocrx_word' id='word_1_785' title='bbox 3219 4038 3341 4094; x_wconf 78' lang='lat' dir='ltr'><strong>licet</strong></span> <span class='ocrx_word' id='word_1_786' title='bbox 3376 4055 3514 4093; x_wconf 89' lang='lat' dir='ltr'><strong>non-</strong></span> 
     </span>
    </p>
   </div>
   <div class='ocr_carea' id='block_1_102' title="bbox 1935 4128 3507 4199">
    <p class='ocr_par' dir='ltr' id='par_1_102' title="bbox 1935 4128 3507 4199">
     <span class='ocr_line' id='line_1_102' title="bbox 1935 4128 3507 4199; baseline 0.001 -18"><span class='ocrx_word' id='word_1_787' title='bbox 1935 4129 2082 4182; x_wconf 89' lang='lat' dir='ltr'><strong>nulla</strong></span> <span class='ocrx_word' id='word_1_788' title='bbox 2109 4129 2386 4181; x_wconf 86' lang='lat' dir='ltr'><strong>volumina</strong></span> <span class='ocrx_word' id='word_1_789' title='bbox 2416 4128 2471 4181; x_wconf 89' lang='lat' dir='ltr'><strong>in</strong></span> <span class='ocrx_word' id='word_1_790' title='bbox 2511 4129 2861 4198; x_wconf 76' lang='lat' dir='ltr'><strong>dogmatibus</strong></span> <span class='ocrx_word' id='word_1_791' title='bbox 2892 4130 3258 4183; x_wconf 82' lang='lat' dir='ltr'><strong>decernendis</strong></span> <span class='ocrx_word' id='word_1_792' title='bbox 3280 4132 3507 4199; x_wconf 63' lang='lat' dir='ltr'><strong>pra&#39;cla-</strong></span> 
     </span>
    </p>
   </div>
   <div class='ocr_carea' id='block_1_103' title="bbox 1938 4219 3515 4290">
    <p class='ocr_par' dir='ltr' id='par_1_103' title="bbox 1938 4219 3515 4290">
     <span class='ocr_line' id='line_1_103' title="bbox 1938 4219 3515 4290; baseline 0.001 -18"><span class='ocrx_word' id='word_1_793' title='bbox 1938 4220 2212 4274; x_wconf 85' lang='lat' dir='ltr'><strong>rissimum</strong></span> <span class='ocrx_word' id='word_1_794' title='bbox 2245 4219 2596 4273; x_wconf 84' lang='lat' dir='ltr'><strong>Theodorum</strong></span> <span class='ocrx_word' id='word_1_795' title='bbox 2653 4219 2997 4288; x_wconf 77' lang='lat' dir='ltr'><strong>ltaytlienum</strong></span> <span class='ocrx_word' id='word_1_796' title='bbox 3032 4219 3406 4290; x_wconf 84' lang='lat' dir='ltr'><strong>presbyterum</strong></span> <span class='ocrx_word' id='word_1_797' title='bbox 3444 4221 3515 4274; x_wconf 87' lang='lat' dir='ltr'><strong>ti-</strong></span> 
     </span>
    </p>
   </div>
   <div class='ocr_carea' id='block_1_104' title="bbox 1940 4311 3512 4380">
    <p class='ocr_par' dir='ltr' id='par_1_104' title="bbox 1940 4311 3512 4380">
     <span class='ocr_line' id='line_1_104' title="bbox 1940 4311 3512 4380; baseline 0.001 -16"><span class='ocrx_word' id='word_1_798' title='bbox 1940 4312 2052 4365; x_wconf 90' lang='lat' dir='ltr'><strong>tulo</strong></span> <span class='ocrx_word' id='word_1_799' title='bbox 2084 4311 2466 4380; x_wconf 70' lang='lat' dir='ltr'><strong>pmscribant,</strong></span> <span class='ocrx_word' id='word_1_800' title='bbox 2498 4312 2880 4380; x_wconf 78' lang='lat' dir='ltr'><strong>theologorum</strong></span> <span class='ocrx_word' id='word_1_801' title='bbox 2917 4327 3068 4365; x_wconf 84' lang='lat' dir='ltr'><strong>more</strong></span> <span class='ocrx_word' id='word_1_802' title='bbox 3124 4327 3238 4365; x_wconf 90' lang='lat' dir='ltr'><strong>rem</strong></span> <span class='ocrx_word' id='word_1_803' title='bbox 3301 4323 3512 4380; x_wconf 83' lang='lat' dir='ltr'><strong>pertra-</strong></span> 
     </span>
    </p>
   </div>
   <div class='ocr_carea' id='block_1_105' title="bbox 1936 4402 3510 4471">
    <p class='ocr_par' dir='ltr' id='par_1_105' title="bbox 1936 4402 3510 4471">
     <span class='ocr_line' id='line_1_105' title="bbox 1936 4402 3510 4471; baseline 0.001 -16"><span class='ocrx_word' id='word_1_804' title='bbox 1936 4413 2091 4456; x_wconf 89' lang='lat' dir='ltr'><strong>ctans</strong></span> <span class='ocrx_word' id='word_1_805' title='bbox 2119 4413 2232 4455; x_wconf 67' lang='lat' dir='ltr'><strong>tunc</strong></span> <span class='ocrx_word' id='word_1_806' title='bbox 2267 4402 2459 4455; x_wconf 87' lang='lat' dir='ltr'><strong>scribit</strong></span> <span class='ocrx_word' id='word_1_807' title='bbox 2495 4420 2508 4455; x_wconf 92' lang='lat'>:</span> <span class='ocrx_word' id='word_1_808' title='bbox 2552 4420 2570 4452; x_wconf 77' lang='grc' dir='ltr'><strong>ι</strong></span> <span class='ocrx_word' id='word_1_809' title='bbox 2613 4402 2872 4470; x_wconf 82' lang='lat' dir='ltr'><strong>Corporis</strong></span> <span class='ocrx_word' id='word_1_810' title='bbox 2933 4417 3062 4456; x_wconf 84' lang='lat' dir='ltr'><strong>vero</strong></span> <span class='ocrx_word' id='word_1_811' title='bbox 3117 4403 3510 4471; x_wconf 83' lang='lat' dir='ltr'><strong>prOprietatem</strong></span> 
     </span>
    </p>
   </div>
   <div class='ocr_carea' id='block_1_106' title="bbox 1937 4495 3512 4567">
    <p class='ocr_par' dir='ltr' id='par_1_106' title="bbox 1937 4495 3512 4567">
     <span class='ocr_line' id='line_1_106' title="bbox 1937 4495 3512 4567; baseline 0 -17"><span class='ocrx_word' id='word_1_812' title='bbox 1937 4499 1990 4551; x_wconf 88' lang='lat' dir='ltr'><strong>in</strong></span> <span class='ocrx_word' id='word_1_813' title='bbox 2016 4498 2324 4564; x_wconf 56' lang='lat' dir='ltr'><strong>exemplum</strong></span> <span class='ocrx_word' id='word_1_814' title='bbox 2355 4495 2708 4564; x_wconf 85' lang='lat' dir='ltr'><strong>accipientes,</strong></span> <span class='ocrx_word' id='word_1_815' title='bbox 2747 4506 2994 4549; x_wconf 89' lang='lat' dir='ltr'><strong>mutuam</strong></span> <span class='ocrx_word' id='word_1_816' title='bbox 3044 4497 3352 4551; x_wconf 87' lang='lat' dir='ltr'><strong>divinarum</strong></span> <span class='ocrx_word' id='word_1_817' title='bbox 3411 4499 3512 4567; x_wconf 85' lang='lat' dir='ltr'><strong>hy-</strong></span> 
     </span>
    </p>
   </div>
   <div class='ocr_carea' id='block_1_107' title="bbox 1936 4588 3512 4657">
    <p class='ocr_par' dir='ltr' id='par_1_107' title="bbox 1936 4588 3512 4657">
     <span class='ocr_line' id='line_1_107' title="bbox 1936 4588 3512 4657; baseline 0.001 -19"><span class='ocrx_word' id='word_1_818' title='bbox 1936 4600 2228 4657; x_wconf 82' lang='lat' dir='ltr'><strong>postaseon</strong></span> <span class='ocrx_word' id='word_1_819' title='bbox 2258 4588 2669 4651; x_wconf 65' lang='lat' dir='ltr'><strong>cohaerentiam,</strong></span> <span class='ocrx_word' id='word_1_820' title='bbox 2713 4603 2809 4655; x_wconf 91' lang='lat' dir='ltr'><strong>per</strong></span> <span class='ocrx_word' id='word_1_821' title='bbox 2857 4589 3226 4641; x_wconf 88' lang='lat' dir='ltr'><strong>membrorum</strong></span> <span class='ocrx_word' id='word_1_822' title='bbox 3280 4604 3512 4657; x_wconf 86' lang='lat' dir='ltr'><strong>propor-</strong></span> 
     </span>
    </p>
   </div>
   <div class='ocr_carea' id='block_1_108' title="bbox 1937 4676 3512 4745">
    <p class='ocr_par' dir='ltr' id='par_1_108' title="bbox 1937 4676 3512 4745">
     <span class='ocr_line' id='line_1_108' title="bbox 1937 4676 3512 4745; baseline -0.001 -14"><span class='ocrx_word' id='word_1_823' title='bbox 1937 4681 2139 4731; x_wconf 88' lang='lat' dir='ltr'><strong>tionem</strong></span> <span class='ocrx_word' id='word_1_824' title='bbox 2177 4687 2234 4729; x_wconf 91' lang='lat' dir='ltr'><strong>et</strong></span> <span class='ocrx_word' id='word_1_825' title='bbox 2289 4676 2741 4729; x_wconf 84' lang='lat' dir='ltr'><strong>assitnilationem</strong></span> <span class='ocrx_word' id='word_1_826' title='bbox 2795 4678 3329 4745; x_wconf 58' lang='lat' dir='ltr'><strong>repraesentavimus.</strong></span> <span class='ocrx_word' id='word_1_827' title='bbox 3376 4678 3512 4731; x_wconf 89' lang='lat' dir='ltr'><strong>Hinc</strong></span> 
     </span>
    </p>
   </div>
   <div class='ocr_carea' id='block_1_109' title="bbox 1933 4760 3511 4837">
    <p class='ocr_par' dir='ltr' id='par_1_109' title="bbox 1933 4760 3511 4837">
     <span class='ocr_line' id='line_1_109' title="bbox 1933 4760 3511 4837; baseline 0 -15"><span class='ocrx_word' id='word_1_828' title='bbox 1933 4781 1990 4822; x_wconf 91' lang='lat' dir='ltr'><strong>et</strong></span> <span class='ocrx_word' id='word_1_829' title='bbox 2025 4767 2266 4836; x_wconf 89' lang='lat' dir='ltr'><strong>Spiritus</strong></span> <span class='ocrx_word' id='word_1_830' title='bbox 2305 4768 2417 4820; x_wconf 90' lang='lat' dir='ltr'><strong>oris</strong></span> <span class='ocrx_word' id='word_1_831' title='bbox 2449 4767 2614 4832; x_wconf 90' lang='lat' dir='ltr'><strong>illius,</strong></span> <span class='ocrx_word' id='word_1_832' title='bbox 2656 4760 2856 4836; x_wconf 86' lang='lat' dir='ltr'><strong>nempe</strong></span> <span class='ocrx_word' id='word_1_833' title='bbox 2891 4766 2987 4820; x_wconf 79' lang='lat' dir='ltr'><strong>Dei</strong></span> <span class='ocrx_word' id='word_1_834' title='bbox 3021 4768 3260 4837; x_wconf 87' lang='lat' dir='ltr'><strong>Spiritus</strong></span> <span class='ocrx_word' id='word_1_835' title='bbox 3286 4785 3511 4823; x_wconf 83' lang='lat' dir='ltr'><strong>sanetus</strong></span> 
     </span>
    </p>
   </div>
   <div class='ocr_carea' id='block_1_110' title="bbox 1935 4856 3510 4927">
    <p class='ocr_par' dir='ltr' id='par_1_110' title="bbox 1935 4856 3510 4927">
     <span class='ocr_line' id='line_1_110' title="bbox 1935 4856 3510 4927; baseline -0.001 -15"><span class='ocrx_word' id='word_1_836' title='bbox 1935 4860 2156 4919; x_wconf 75' lang='lat' dir='ltr'><strong>dicitur,</strong></span> <span class='ocrx_word' id='word_1_837' title='bbox 2193 4857 2281 4910; x_wconf 80' lang='lat' dir='ltr'><strong>cui</strong></span> <span class='ocrx_word' id='word_1_838' title='bbox 2330 4856 2653 4925; x_wconf 83' lang='lat' dir='ltr'><strong>Unigenitus</strong></span> <span class='ocrx_word' id='word_1_839' title='bbox 2679 4873 2752 4911; x_wconf 75' lang='lat' dir='ltr'><strong>.os</strong></span> <span class='ocrx_word' id='word_1_840' title='bbox 2781 4866 2886 4919; x_wconf 91' lang='lat' dir='ltr'><strong>est,</strong></span> <span class='ocrx_word' id='word_1_841' title='bbox 2934 4867 2987 4910; x_wconf 92' lang='lat' dir='ltr'><strong>et</strong></span> <span class='ocrx_word' id='word_1_842' title='bbox 3023 4859 3260 4927; x_wconf 87' lang='lat' dir='ltr'><strong>Spiritus</strong></span> <span class='ocrx_word' id='word_1_843' title='bbox 3323 4877 3510 4914; x_wconf 87' lang='lat' dir='ltr'><strong>rursus</strong></span> 
     </span>
    </p>
   </div>
   <div class='ocr_carea' id='block_1_111' title="bbox 1935 4949 3507 5017">
    <p class='ocr_par' dir='ltr' id='par_1_111' title="bbox 1935 4949 3507 5017">
     <span class='ocr_line' id='line_1_111' title="bbox 1935 4949 3507 5017; baseline 0 -17"><span class='ocrx_word' id='word_1_844' title='bbox 1935 4965 1999 5000; x_wconf 79' lang='lat' dir='ltr'><strong>ex</strong></span> <span class='ocrx_word' id='word_1_845' title='bbox 2037 4950 2152 5017; x_wconf 86' lang='lat' dir='ltr'><strong>ipso</strong></span> <span class='ocrx_word' id='word_1_846' title='bbox 2204 4949 2529 5017; x_wconf 89' lang='lat' dir='ltr'><strong>procedens,</strong></span> <span class='ocrx_word' id='word_1_847' title='bbox 2594 4957 2649 5001; x_wconf 92' lang='lat' dir='ltr'><strong>et</strong></span> <span class='ocrx_word' id='word_1_848' title='bbox 2677 4950 2875 5002; x_wconf 90' lang='lat' dir='ltr'><strong>missus</strong></span> <span class='ocrx_word' id='word_1_849' title='bbox 2902 4964 3012 5002; x_wconf 89' lang='lat' dir='ltr'><strong>non</strong></span> <span class='ocrx_word' id='word_1_850' title='bbox 3061 4951 3235 5003; x_wconf 88' lang='lat' dir='ltr'><strong>solum</strong></span> <span class='ocrx_word' id='word_1_851' title='bbox 3264 4966 3294 5004; x_wconf 90' lang='lat' dir='ltr'><strong>a</strong></span> <span class='ocrx_word' id='word_1_852' title='bbox 3327 4949 3507 5012; x_wconf 70' lang='lat' dir='ltr'><strong>Patr.-,</strong></span> 
     </span>
    </p>
   </div>
   <div class='ocr_carea' id='block_1_112' title="bbox 1938 5040 3512 5096">
    <p class='ocr_par' dir='ltr' id='par_1_112' title="bbox 1938 5040 3512 5096">
     <span class='ocr_line' id='line_1_112' title="bbox 1938 5040 3512 5096; baseline 0.001 -1"><span class='ocrx_word' id='word_1_853' title='bbox 1938 5043 2030 5095; x_wconf 72' lang='lat' dir='ltr'><strong>sed</strong></span> <span class='ocrx_word' id='word_1_854' title='bbox 2063 5043 2223 5093; x_wconf 81' lang='lat' dir='ltr'><strong>etiam</strong></span> <span class='ocrx_word' id='word_1_855' title='bbox 2248 5057 2277 5092; x_wconf 88' lang='lat' dir='ltr'><strong>a</strong></span> <span class='ocrx_word' id='word_1_856' title='bbox 2318 5041 2475 5093; x_wconf 83' lang='lat' dir='ltr'><strong>Filio.</strong></span> <span class='ocrx_word' id='word_1_857' title='bbox 2517 5058 2534 5089; x_wconf 75' lang='grc' dir='ltr'><strong>ι</strong></span> <span class='ocrx_word' id='word_1_858' title='bbox 2574 5041 2717 5093; x_wconf 89' lang='lat' dir='ltr'><strong>Idem</strong></span> <span class='ocrx_word' id='word_1_859' title='bbox 2742 5040 2989 5095; x_wconf 87' lang='lat' dir='ltr'><strong>oratione</strong></span> <span class='ocrx_word' id='word_1_860' title='bbox 3035 5043 3272 5096; x_wconf 87' lang='lat' dir='ltr'><strong>secunda</strong></span> <span class='ocrx_word' id='word_1_861' title='bbox 3308 5045 3374 5096; x_wconf 89' lang='lat' dir='ltr'><strong>de</strong></span> <span class='ocrx_word' id='word_1_862' title='bbox 3426 5047 3512 5096; x_wconf 54' lang='grc' dir='ltr'>ιιι-</span> 
     </span>
    </p>
   </div>
   <div class='ocr_carea' id='block_1_113' title="bbox 1936 5131 3506 5200">
    <p class='ocr_par' dir='ltr' id='par_1_113' title="bbox 1936 5131 3506 5200">
     <span class='ocr_line' id='line_1_113' title="bbox 1936 5131 3506 5200; baseline 0.001 -15"><span class='ocrx_word' id='word_1_863' title='bbox 1936 5133 2348 5200; x_wconf 82' lang='lat' dir='ltr'><strong>circumscripto</strong></span> <span class='ocrx_word' id='word_1_864' title='bbox 2391 5151 2403 5185; x_wconf 89' lang='lat'>:</span> <span class='ocrx_word' id='word_1_865' title='bbox 2437 5151 2455 5182; x_wconf 77' lang='grc' dir='ltr'><strong>ι</strong></span> <span class='ocrx_word' id='word_1_866' title='bbox 2486 5131 2720 5185; x_wconf 87' lang='lat' dir='ltr'><strong>Mentem</strong></span> <span class='ocrx_word' id='word_1_867' title='bbox 2780 5133 3015 5187; x_wconf 87' lang='lat' dir='ltr'><strong>dicimus</strong></span> <span class='ocrx_word' id='word_1_868' title='bbox 3071 5132 3286 5187; x_wconf 83' lang='lat' dir='ltr'><strong>Patrem</strong></span> <span class='ocrx_word' id='word_1_869' title='bbox 3319 5135 3506 5198; x_wconf 86' lang='lat' dir='ltr'><strong>Verbi,</strong></span> 
     </span>
    </p>
   </div>
   <div class='ocr_carea' id='block_1_114' title="bbox 1935 5223 3507 5295">
    <p class='ocr_par' dir='ltr' id='par_1_114' title="bbox 1935 5223 3507 5295">
     <span class='ocr_line' id='line_1_114' title="bbox 1935 5223 3507 5295; baseline 0 -17"><span class='ocrx_word' id='word_1_870' title='bbox 1935 5237 2174 5279; x_wconf 88' lang='lat' dir='ltr'><strong>mentem</strong></span> <span class='ocrx_word' id='word_1_871' title='bbox 2227 5227 2282 5277; x_wconf 90' lang='lat' dir='ltr'><strong>in</strong></span> <span class='ocrx_word' id='word_1_872' title='bbox 2318 5241 2424 5293; x_wconf 80' lang='lat' dir='ltr'><strong>qua</strong></span> <span class='ocrx_word' id='word_1_873' title='bbox 2462 5223 2726 5288; x_wconf 74' lang='lat' dir='ltr'><strong>Verbum,</strong></span> <span class='ocrx_word' id='word_1_874' title='bbox 2780 5241 2904 5279; x_wconf 89' lang='lat' dir='ltr'><strong>cum</strong></span> <span class='ocrx_word' id='word_1_875' title='bbox 2937 5240 3045 5294; x_wconf 92' lang='lat' dir='ltr'><strong>quo</strong></span> <span class='ocrx_word' id='word_1_876' title='bbox 3091 5225 3329 5295; x_wconf 87' lang='lat' dir='ltr'><strong>Spiritus</strong></span> <span class='ocrx_word' id='word_1_877' title='bbox 3380 5243 3507 5279; x_wconf 88' lang='lat' dir='ltr'><strong>san-</strong></span> 
     </span>
    </p>
   </div>
   <div class='ocr_carea' id='block_1_115' title="bbox 1934 5317 3508 5386">
    <p class='ocr_par' dir='ltr' id='par_1_115' title="bbox 1934 5317 3508 5386">
     <span class='ocr_line' id='line_1_115' title="bbox 1934 5317 3508 5386; baseline 0.001 -16"><span class='ocrx_word' id='word_1_878' title='bbox 1934 5330 2075 5377; x_wconf 87' lang='lat' dir='ltr'><strong>ctus,</strong></span> <span class='ocrx_word' id='word_1_879' title='bbox 2112 5317 2348 5386; x_wconf 87' lang='lat' dir='ltr'><strong>Spiritus</strong></span> <span class='ocrx_word' id='word_1_880' title='bbox 2404 5317 2516 5370; x_wconf 90' lang='lat' dir='ltr'><strong>oris</strong></span> <span class='ocrx_word' id='word_1_881' title='bbox 2550 5317 2642 5370; x_wconf 93' lang='lat' dir='ltr'><strong>Dei</strong></span> <span class='ocrx_word' id='word_1_882' title='bbox 2696 5317 2998 5383; x_wconf 85' lang='lat' dir='ltr'><strong>exsistens;</strong></span> <span class='ocrx_word' id='word_1_883' title='bbox 3030 5334 3090 5373; x_wconf 91' lang='lat' dir='ltr'><strong>os</strong></span> <span class='ocrx_word' id='word_1_884' title='bbox 3136 5319 3284 5371; x_wconf 88' lang='lat' dir='ltr'><strong>enim</strong></span> <span class='ocrx_word' id='word_1_885' title='bbox 3334 5320 3508 5373; x_wconf 88' lang='lat' dir='ltr'><strong>Patris</strong></span> 
     </span>
    </p>
   </div>
   <div class='ocr_carea' id='block_1_116' title="bbox 1935 5407 3509 5479">
    <p class='ocr_par' dir='ltr' id='par_1_116' title="bbox 1935 5407 3509 5479">
     <span class='ocr_line' id='line_1_116' title="bbox 1935 5407 3509 5479; baseline 0.003 -19"><span class='ocrx_word' id='word_1_886' title='bbox 1935 5408 2122 5461; x_wconf 79' lang='lat' dir='ltr'><strong>Filius.</strong></span> <span class='ocrx_word' id='word_1_887' title='bbox 2148 5428 2164 5458; x_wconf 70' lang='grc' dir='ltr'><strong>ι</strong></span> <span class='ocrx_word' id='word_1_888' title='bbox 2211 5408 2344 5460; x_wconf 91' lang='lat' dir='ltr'><strong>Illud</strong></span> <span class='ocrx_word' id='word_1_889' title='bbox 2395 5422 2582 5476; x_wconf 88' lang='lat' dir='ltr'><strong>porro,</strong></span> <span class='ocrx_word' id='word_1_890' title='bbox 2624 5425 2643 5458; x_wconf 77' lang='grc' dir='ltr'><strong>ι</strong></span> <span class='ocrx_word' id='word_1_891' title='bbox 2680 5407 2756 5461; x_wconf 90' lang='lat' dir='ltr'><strong>De</strong></span> <span class='ocrx_word' id='word_1_892' title='bbox 2797 5424 2918 5464; x_wconf 92' lang='lat' dir='ltr'><strong>meo</strong></span> <span class='ocrx_word' id='word_1_893' title='bbox 2941 5410 3196 5479; x_wconf 87' lang='lat' dir='ltr'><strong>accipiet,</strong></span> <span class='ocrx_word' id='word_1_894' title='bbox 3234 5429 3252 5461; x_wconf 75' lang='grc' dir='ltr'><strong>ι</strong></span> <span class='ocrx_word' id='word_1_895' title='bbox 3291 5427 3509 5464; x_wconf 87' lang='lat' dir='ltr'><strong>necnon</strong></span> 
     </span>
    </p>
   </div>
   <div class='ocr_carea' id='block_1_117' title="bbox 1931 5500 3509 5571">
    <p class='ocr_par' dir='ltr' id='par_1_117' title="bbox 1931 5500 3509 5571">
     <span class='ocr_line' id='line_1_117' title="bbox 1931 5500 3509 5571; baseline 0.001 -17"><span class='ocrx_word' id='word_1_896' title='bbox 1931 5511 1987 5554; x_wconf 90' lang='lat' dir='ltr'><strong>et</strong></span> <span class='ocrx_word' id='word_1_897' title='bbox 2015 5501 2168 5564; x_wconf 76' lang='lat' dir='ltr'><strong>illud,</strong></span> <span class='ocrx_word' id='word_1_898' title='bbox 2222 5518 2238 5550; x_wconf 79' lang='grc' dir='ltr'><strong>ι</strong></span> <span class='ocrx_word' id='word_1_899' title='bbox 2280 5501 2353 5552; x_wconf 68' lang='lat' dir='ltr'><strong>rlx</strong></span> <span class='ocrx_word' id='word_1_900' title='bbox 2390 5500 2545 5551; x_wconf 81' lang='lat' dir='ltr'><strong>Patre</strong></span> <span class='ocrx_word' id='word_1_901' title='bbox 2574 5501 2844 5567; x_wconf 90' lang='lat' dir='ltr'><strong>procedit,</strong></span> <span class='ocrx_word' id='word_1_902' title='bbox 2875 5520 2893 5551; x_wconf 71' lang='grc' dir='ltr'><strong>ι</strong></span> <span class='ocrx_word' id='word_1_903' title='bbox 2946 5517 3066 5571; x_wconf 64' lang='lat' dir='ltr'><strong>qua:</strong></span> <span class='ocrx_word' id='word_1_904' title='bbox 3120 5504 3186 5557; x_wconf 91' lang='lat' dir='ltr'><strong>de</strong></span> <span class='ocrx_word' id='word_1_905' title='bbox 3217 5503 3398 5570; x_wconf 90' lang='lat' dir='ltr'><strong>seipso</strong></span> <span class='ocrx_word' id='word_1_906' title='bbox 3455 5513 3509 5556; x_wconf 87' lang='lat' dir='ltr'><strong>et.</strong></span> 
     </span>
    </p>
   </div>
   <div class='ocr_carea' id='block_1_118' title="bbox 1933 5591 3504 5664">
    <p class='ocr_par' dir='ltr' id='par_1_118' title="bbox 1933 5591 3504 5664">
     <span class='ocr_line' id='line_1_118' title="bbox 1933 5591 3504 5664; baseline -0.001 -16"><span class='ocrx_word' id='word_1_907' title='bbox 1933 5596 2138 5664; x_wconf 85' lang='lat' dir='ltr'><strong>Spiritu</strong></span> <span class='ocrx_word' id='word_1_908' title='bbox 2175 5595 2378 5662; x_wconf 69' lang='lat' dir='ltr'><strong>prol&#39;ert</strong></span> <span class='ocrx_word' id='word_1_909' title='bbox 2432 5591 2698 5653; x_wconf 79' lang='lat' dir='ltr'><strong>Salvator,</strong></span> <span class='ocrx_word' id='word_1_910' title='bbox 2735 5609 2846 5646; x_wconf 93' lang='lat' dir='ltr'><strong>rem</strong></span> <span class='ocrx_word' id='word_1_911' title='bbox 2877 5595 3237 5663; x_wconf 85' lang='lat' dir='ltr'><strong>probantibus</strong></span> <span class='ocrx_word' id='word_1_912' title='bbox 3275 5595 3504 5648; x_wconf 83' lang='lat' dir='ltr'><strong>demon-</strong></span> 
     </span>
    </p>
   </div>
   <div class='ocr_carea' id='block_1_119' title="bbox 1932 5685 3504 5752">
    <p class='ocr_par' dir='ltr' id='par_1_119' title="bbox 1932 5685 3504 5752">
     <span class='ocr_line' id='line_1_119' title="bbox 1932 5685 3504 5752; baseline -0.003 -9"><span class='ocrx_word' id='word_1_913' title='bbox 1932 5687 2285 5743; x_wconf 76' lang='lat' dir='ltr'><strong>slt&#39;alionibtts</strong></span> <span class='ocrx_word' id='word_1_914' title='bbox 2315 5695 2369 5736; x_wconf 94' lang='lat' dir='ltr'><strong>et</strong></span> <span class='ocrx_word' id='word_1_915' title='bbox 2412 5685 2746 5752; x_wconf 78' lang='lat' dir='ltr'><strong>argumentis</strong></span> <span class='ocrx_word' id='word_1_916' title='bbox 2779 5687 3024 5742; x_wconf 87' lang='lat' dir='ltr'><strong>eamdem</strong></span> <span class='ocrx_word' id='word_1_917' title='bbox 3064 5687 3391 5740; x_wconf 89' lang='lat' dir='ltr'><strong>sententiam</strong></span> <span class='ocrx_word' id='word_1_918' title='bbox 3425 5687 3504 5739; x_wconf 89' lang='lat' dir='ltr'><strong>in-</strong></span> 
     </span>
    </p>
   </div>
   <div class='ocr_carea' id='block_1_120' title="bbox 262 5771 2614 5851">
    <p class='ocr_par' dir='ltr' id='par_1_120' title="bbox 262 5771 2614 5851">
     <span class='ocr_line' id='line_1_120' title="bbox 262 5771 2614 5851; baseline -0.001 -17"><span class='ocrx_word' id='word_1_919' title='bbox 262 5782 399 5835; x_wconf 77' lang='lat' dir='ltr'><strong>lerrc</strong></span> <span class='ocrx_word' id='word_1_920' title='bbox 429 5781 482 5831; x_wconf 86' lang='lat' dir='ltr'><strong>in</strong></span> <span class='ocrx_word' id='word_1_921' title='bbox 513 5779 673 5831; x_wconf 85' lang='lat' dir='ltr'><strong>rebus</strong></span> <span class='ocrx_word' id='word_1_922' title='bbox 707 5775 906 5829; x_wconf 80' lang='lat' dir='ltr'><strong>divinis</strong></span> <span class='ocrx_word' id='word_1_923' title='bbox 938 5776 1209 5826; x_wconf 67' lang='lat' dir='ltr'><strong>n‘taximus</strong></span> <span class='ocrx_word' id='word_1_924' title='bbox 1264 5771 1596 5842; x_wconf 82' lang='lat' dir='ltr'><strong>Epiphanius</strong></span> <span class='ocrx_word' id='word_1_925' title='bbox 1633 5781 1942 5851; x_wconf 87' lang='lat' dir='ltr'><strong>conﬁrmat,</strong></span> <span class='ocrx_word' id='word_1_926' title='bbox 1980 5797 2032 5835; x_wconf 91' lang='lat' dir='ltr'><strong>ut</strong></span> <span class='ocrx_word' id='word_1_927' title='bbox 2062 5790 2218 5833; x_wconf 82' lang='lat' dir='ltr'><strong>antea</strong></span> <span class='ocrx_word' id='word_1_928' title='bbox 2251 5778 2614 5832; x_wconf 77' lang='lat' dir='ltr'><strong>ostendimus.</strong></span> 
     </span>
    </p>
   </div>
   <div class='ocr_carea' id='block_1_121' title="bbox 547 5864 1202 5932">
    <p class='ocr_par' dir='ltr' id='par_1_121' title="bbox 547 5864 1202 5932">
     <span class='ocr_line' id='line_1_121' title="bbox 547 5864 1202 5932; baseline -0.006 0"><span class='ocrx_word' id='word_1_929' title='bbox 547 5873 819 5932; x_wconf 68' lang='lat' dir='ltr'><strong>l’A&#39;rROL.</strong></span> <span class='ocrx_word' id='word_1_930' title='bbox 855 5871 969 5930; x_wconf 77' lang='lat' dir='ltr'><strong>Gn.</strong></span> <span class='ocrx_word' id='word_1_931' title='bbox 1011 5864 1202 5928; x_wconf 79' lang='lat' dir='ltr'><strong>CXLI.</strong></span> 
     </span>
    </p>
   </div>
   <div class='ocr_carea' id='block_1_122' title="bbox 3111 5869 3184 5930">
    <p class='ocr_par' dir='ltr' id='par_1_122' title="bbox 3111 5869 3184 5930">
     <span class='ocr_line' id='line_1_122' title="bbox 3111 5869 3184 5930; baseline 0 0"><span class='ocrx_word' id='word_1_932' title='bbox 3111 5869 3184 5930; x_wconf 70' lang='grc'><strong>43</strong></span> 
     </span>
    </p>
   </div>
  </div>
