4220 6444
315 357 448 423 i361

1318 367 1624 431 CONTRA
1662 367 2095 429 MANUELEM
2136 367 2611 432 CRETENSEM.

3428 356 3578 425 13H

307 498 400 534 ται
430 480 536 533 ὑπὸ
584 481 675 535 τοῦ
710 482 1045 553 Πνευματος,
1076 484 1174 554 ἤδη
1213 486 1312 555 τὴν
1338 488 1650 555 κατάφασιν
1696 485 1890 555 ὁμολο-

2013 498 2103 537 ion
2131 484 2379 554 generari
2407 498 2437 537 a
2465 482 2822 553 Spiritu.jam
2845 478 3274 535 afflrmationem
3300 476 3582 540 fatebitur,

307 574 491 642 γήσει,
525 574 605 627 ὅτι
632 578 910 642 γεννᾶται.
942 577 1016 628 Τὸ
1049 578 1094 631 δ’
1125 578 1299 631 αἴτιον
1328 581 1409 631 ὅτι
1451 580 1578 633 ἄλλο
1612 580 1672 632 τὸ
1706 581 1780 649 μὴ
1812 577 1891 632 εἴ·

306 683 417 731 ναι,
444 669 538 719 καὶ
570 666 699 721 ἄλλο
726 671 787 723 τὸ
816 670 890 741 μὴ
919 670 1193 741 εἰρῆσθαι.
1225 673 1303 726 Οὐ
1332 674 1442 742 γὰρ
1477 674 1599 725 ἐπεὶ
1631 673 1705 742 μὴ
1736 673 1888 743 εῐρηο

308 755 372 806 κέ
421 772 503 817 τις
543 760 785 827 σήμερον
812 760 922 814 τῶν
951 762 1079 831 παρ’
1120 763 1272 834 ἡμῖν,
1304 765 1386 817 ὅτι
1425 765 1529 818 οὐκ
1563 765 1890 835 ἀστράπτει,

308 847 790 919 ἀναγκασθήσεταί
847 870 933 916 τις
997 852 1181 909 δοῦναι
1237 856 1335 926 τὴν
1395 855 1752 925 κατάφασιν,
1806 857 1889 908 ὅτι

305 941 632 1010 ἀστράπτει.
676 944 867 1013 Ἢμεῖς
915 942 1009 1000 οὖν
1034 948 1083 1000 oi
1116 948 1257 1019 ὑπὲρ
1288 949 1385 1019 τῆς
1414 951 1636 1021 εἰρήνης
1667 951 1766 1016 τῆς
1793 951 1888 1003 τοῦ

309 1031 448 1084 Θεοῦ
497 1035 823 1106 Ἐκκλησίας
876 1040 1259 1112 φθεγγόμενοι,
1286 1044 1360 1104 ὡς
1386 1041 1528 1098 οἶδεν
1556 1046 1583 1096 ὁ
1626 1048 1747 1107 ταῖς
1780 1044 1891 1098 τῶν

308 1124 614 1193 ἀνθρώπων
653 1131 902 1199 καρδίαις
931 1134 1249 1202 ἐμϐατεύων
1278 1136 1433 1201 Θεὸς,
1453 1138 1591 1206 πρὸς
1618 1138 1743 1197 τοὺς
1770 1136 1895 1190 τού-

309 1229 405 1264 του
432 1214 643 1283 λόγους,
670 1220 790 1289 οὐχὶ
821 1222 957 1290 πρὸς
986 1223 1266 1295 ἐκδίκησιν
1309 1228 1403 1280 τοῦ
1437 1227 1569 1295 πρὸς
1598 1228 1657 1281 ὃν
1684 1228 1888 1301 αὐτῷή

307 1305 602 1371 ἀντιδικία,
641 1311 841 1380 φαμὲν,
882 1314 961 1378 ὡς
1008 1316 1066 1380 έξ
1113 1311 1188 1370 ῶν
1216 1318 1385 1388 ἀγχοῦ
1418 1320 1612 1388 λέγων,
1649 1321 1894 1375 δικαιοῦν

311 1396 505 1450 ἑαυτὸν
537 1401 728 1467 οἴεται,
784 1404 946 1473 τῆσδε
977 1406 1078 1476 τῆς
1103 1410 1329 1478 οἰήσεως
1359 1414 1480 1472 ταῖς
1512 1415 1893 1483 έγκατεστρω-

312 1490 503 1556 μέναις
528 1491 639 1545 ἄνω
670 1496 860 1565 ρήσεσι
883 1498 1225 1568 θεολογικαῖς
1248 1502 1633 1567 ἀπελαύνεται,
1666 1506 1758 1559 καὶ
1786 1508 1893 1574 μά-

310 1592 461 1629 ταιον
495 1580 556 1630 τὸ
601 1584 702 1651 τῆς
732 1583 1005 1653 έπιφορᾶς
1056 1587 1157 1654 τῆς
1202 1587 1552 1660 βλασφημίας
1610 1592 1894 1662 ἐλέγχεται

310 1669 407 1723 καὶ
425 1669 485 1722 τὸ
513 1671 612 1741 τῆς
640 1674 930 1741 όγκὼσεως
957 1677 1057 1747 τῆς
1091 1681 1155 1734 έκ
1180 1680 1275 1735 τοῦ
1305 1682 1664 1754 ἀπεύχεσθαι.
1691 1686 1897 1756 Κύριλ-⁹

310 1762 401 1822 λος
444 1764 553 1832 γὰρ
584 1768 612 1818 ὀ
636 1765 778 1831 θεῖος
810 1771 869 1823 έν
907 1772 1133 1836 ταύταις
1164 1775 1505 1845 διαπρυσίως
1532 1777 1893 1848 μαρτύρεται,

1995 588 2121 629 eum
2153 590 2425 644 generari.
2470 574 2649 630 Causa
2690 584 2793 630 est.
2829 573 2964 628 Nam
2996 572 3145 627 aliud
3200 582 3286 627 est
3318 588 3426 625 non
3459 585 3583 624 esse

1999 672 2054 717 et
2086 663 2231 718 aliud
2269 680 2376 719 non
2413 664 2545 720 dici.
2574 664 2761 735 Neque
2807 664 2952 721 enim
2985 665 3110 734 quia
3148 678 3312 716 nemo
3346 660 3489 715 ullus
3515 673 3585 710 ex

1999 755 2202 810 nostris
2242 756 2378 811 dixit
2414 774 2427 809 :
2474 756 2647 812 Hodie
2689 772 2799 811 non
2848 757 3106 826 fulgurat,
3162 768 3389 825 cogetur
3434 750 3586 821 quis-

2001 846 2147 916 piam
2208 846 2631 903 aflirmationem
2682 847 3007 909 concedere,
3064 844 3357 913 fulgurare.
3404 863 3425 897 ι
3474 842 3587 902 Nos

1996 940 2203 1009 itaque,
2236 941 2327 1010 qui
2363 956 2463 1009 pro
2497 939 2751 995 Ecclesia:
2784 939 2877 994 Dei
2908 954 3039 1009 pace
3084 938 3248 992 verba
3286 936 3591 1005 interponi-

1998 1050 2138 1099 mus,
2180 1045 2240 1090 ut
2281 1038 2421 1090 bene
2456 1035 2610 1089 novit
2648 1035 2702 1088 in
2747 1034 2912 1088 corda
2955 1033 3243 1087 hominum
3294 1040 3592 1100 penetrans

1996 1130 2159 1191 Deus,
2188 1129 2255 1183 ad
2284 1130 2446 1197 hujus
2478 1142 2759 1183 sermones
2782 1143 2892 1181 non
2921 1127 2993 1180 ad
3018 1124 3408 1181 vindicandum
3436 1136 3588 1183 eum,

1994 1220 2082 1275 cui
2117 1220 2233 1289 ipse
2264 1221 2411 1275 litem
2449 1221 2640 1286 movit,
2689 1219 2950 1282 dicimus,
2989 1233 3055 1272 ex
3100 1217 3350 1285 proxime
3400 1213 3587 1277 dictis,

1993 1312 2195 1381 quibus
2222 1328 2376 1366 suam
2408 1328 2627 1367 causam
2655 1328 2715 1367 se
2747 1312 2912 1367 tutari
2941 1310 3237 1373 existimat,
3270 1308 3338 1362 ab
3362 1308 3463 1361 hac
3493 1321 3592 1362 sua

1995 1405 2253 1473 opinione
2304 1405 2636 1459 testimoniis
2672 1404 2994 1474 theologicis
3022 1417 3187 1471 supra
3226 1401 3458 1472 digestis
3505 1414 3594 1455 re-

1998 1494 2149 1566 pelli,
2178 1495 2491 1564 frustraque
2525 1495 2921 1566 blasphemiam
2947 1494 3211 1563 objicere,
3238 1501 3290 1547 et
3323 1500 3595 1545 tumorem

1996 1599 2066 1639 ex
2109 1584 2497 1653 deprecatione
2538 1594 2894 1640 enascentem
2940 1581 3308 1652 deprehendi.
3366 1580 3597 1636 Divinus

1997 1676 2144 1731 enim
2174 1677 2412 1749 Cyrillus
2447 1677 2503 1731 in
2536 1677 2642 1731 illis
2689 1676 2867 1747 palam
2910 1692 3012 1732 suo
3036 1675 3352 1731 testimonio
3389 1672 3596 1729 confir—

2000 1779 2134 1831 mat,
2167 1788 2185 1821 ι
2210 1770 2377 1823 Deum
2402 1781 2457 1826 et
2480 1771 2761 1826 honinem
2778 1772 3101 1833 asseruisse,
3144 1768 3350 1824 effundi
3382 1778 3439 1822 et
3468 1781 3597 1836 pro-

317 1872 335 1903 ι
379 1854 667 1925 Προχεῖται
702 1862 798 1913 καὶ
838 1863 1088 1933 πρόεισιν
1139 1838 1404 1936 έρεῖντὸν
1432 1838 1786 1942 θεάνθρωπον
1820 1838 1899 1926 εἰζ

2013 1864 2156 1934 gredi
2209 1861 2473 1934 Spiritum
2526 1863 2793 1929 veritatis,
2828 1864 2923 1934 qui
2970 1879 3002 1918 a
3050 1861 3209 1917 Patre
3254 1860 3525 1931 procedit,
3570 1877 3590 1910 ι

313 1948 549 2014 ρηκότα,
602 1950 676 2003 Τὸ
704 1952 927 2024 Πνεῦμα
965 1956 1069 2026 τῆς
1119 1956 1399 2028 ἀληθείας,
1430 1959 1460 2013 δ
1488 1962 1640 2033 παρὰ
1660 1964 1752 2016 τοῦ
1784 1965 1897 2018 Πα-

309 2039 441 2105 τρδς
468 2039 849 2111 έκπορεύεται,
889 2064 911 2099 ι
944 2048 1295 2115 ταυτίςεσθαι
1338 2053 1557 2117 πάντως
1579 2052 1733 2119 είδὼς
1763 2057 1902 2111 τῶν·

312 2129 372 2180 δε
396 2130 507 2192 τῶν
525 2134 721 2202 φωνῶν
746 2137 809 2190 τὺ
827 2139 1062 2209 τριττὸν,
1081 2143 1172 2194 καὶ
1193 2142 1393 2213 ἣκιστα
1419 2146 1735 2201 διαλλάττον
1758 2149 1902 2203 κατὰ

313 2220 580 2279 διάνοιαν.
634 2225 695 2278 '0
730 2227 892 2291 αὐτὸς
922 2228 979 2283 δε
1029 2232 1226 2299 κράζει
1266 2233 1665 2304 μεγαλοφὼνως
1688 2254 1703 2271 ο
1743 2256 1762 2291 t
1792 2240 1903 2293 Kal

314 2312 435 2365 εστι
492 2315 725 2386 Χριστὸς
754 2319 789 2389 ἠ
819 2320 1070 2392 ἀλήθεια,
1103 2325 1197 2378 καὶ
1233 2329 1515 2398 προχεῖται
1552 2331 1682 2402 παρ’
1712 2332 1900 2400 αὐτοῦ,

315 2405 572 2477 καθάπερ
597 2408 791 2479 ἀμέλει
818 2415 914 2468 καὶ
941 2416 1005 2468 ὲκ
1033 2416 1127 2469 τοῦ
1162 2418 1395 2488 Πατρός.
1422 2440 1441 2473 ι
1485 2422 1605 2476 Ἐτι
1635 2440 1693 2477 τε
1726 2426 1758 2495 ἡ
1796 2426 1901 2492 άγ-

314 2515 461 2570 κυρα
492 2500 601 2555 τῶν
638 2503 930 2574 δογμάτων
961 2509 1018 2561 έν
1054 2509 1250 2575 αὐταῖς
1299 2513 1620 2583 Ἐπιφάνιος
1666 2519 1693 2570 ό
1729 2519 1903 2587 μέγας

316 2594 379 2646 τὸ
412 2596 545 2649 αὐτὸ
575 2588 773 2668 δηλοῦν
801 2603 1098 2674 παρίστησι
1139 2608 1459 2674 φανοτάτως
1491 2611 1551 2677 ἐξ
1586 2614 1905 2681 ἀναγκαίων

316 2690 698 2756 κατασκευῶν,
748 2692 825 2757 ὡς
864 2696 958 2749 ἐπὶ
1010 2697 1105 2752 τοῦ
1146 2699 1378 2771 Πατρὸς,
1436 2721 1456 2754 t
1500 2705 1566 2756 '0
1607 2707 1760 2777 παρᾶ
1810 2707 1904 2762 τοῦ

316 2779 531 2849 Πατρδς
560 2784 941 2856 ἐκπορεύεται,
976 2808 995 2841 t
1038 2791 1213 2856 οὕτως
1242 2795 1334 2847 tul
1363 2794 1461 2849 τοῦ
1494 2796 1626 2851 Υίοῦ
1652 2801 1737 2863 τὸ,
1770 2819 1789 2852 ι
1812 2800 1908 2854 Ἐκ

314 2872 412 2925 τοῦ
444 2875 577 2946 ἐμοῦ
607 2877 858 2947 λήψεται,
896 2899 915 2933 ι
948 2883 1091 2937 καθά
1147 2885 1592 2957 προδιήγγελται,
1651 2892 1798 2963 ἅπερ
1848 2896 1907 2947 έν

313 2966 397 3034 τῷ
429 2969 575 3036 αὐτῷ
606 2970 736 3041 θείῳ
768 2973 1091 3046 Εύαγγελίῳ
1119 2977 1178 3030 έν
1207 2980 1278 3049 τῇ
1310 2980 1447 3049 αὐτῇ
1485 2984 1579 3034 καὶ
1614 2983 1713 3053 μιᾷ
1744 3000 1907 3055 περι-

316 3063 486 3132 κοπῇ.
518 3066 613 3117 καὶ
642 3064 767 3118 λίαν
794 3067 1093 3136 ὶγγύτατα.
1164 3072 1277 3125 Καὶ
1327 3071 1434 3125 ποῦ
1465 3074 1525 3127 τὸ
1560 3074 1655 3128 τοῦ
1690 3077 1908 3131 ἀντιθὲ-

2001 1953 2254 2010 eumdem
2282 1969 2506 2025 prorsus
2528 1954 2897 2025 significatum
2926 1954 3130 2009 habere
3155 1953 3335 2007 sciens
3357 1952 3463 2006 has
3486 1961 3598 2004 tres

2002 2058 2189 2107 voces,
2222 2054 2279 2101 et
2307 2045 2456 2100 nullo
2489 2045 2654 2100 modo
2692 2046 2996 2100 secundum
3033 2044 3364 2100 sententiam
3417 2043 3600 2098 diver-

2002 2148 2149 2192 sum.
2181 2136 2333 2192 Idem
2366 2152 2497 2193 vero
2530 2138 2729 2193 clamat
2761 2138 2869 2193 alta
2896 2152 3031 2192 voce
3058 2154 3073 2193 :
3102 2155 3119 2189 ι
3148 2136 3210 2192 Et
3231 2146 3316 2192 est
3340 2136 3605 2191 Christus

2005 2229 2230 2297 veritas,
2261 2239 2317 2286 et
2340 2231 2409 2285 ab
2432 2229 2553 2300 ipso
2582 2230 2672 2285 illa
2704 2230 2822 2301 ipsa
2851 2232 3064 2286 ratione
3094 2246 3203 2300 qua
3223 2246 3252 2283 a
3279 2228 3439 2283 Patre
3471 2244 3599 2299 pro-

2005 2321 2274 2380 funditur.
2310 2344 2329 2378 ι
2363 2324 2502 2379 Tum
2551 2333 2817 2396 pmterea
2847 2324 3160 2394 dogmatum
3205 2324 3439 2379 fulcrum
3482 2339 3601 2378 ma—

2004 2432 2145 2488 gnus
2200 2417 2565 2487 Epiphanius,
2613 2418 2669 2473 in
2718 2418 2910 2472 iisdem
2969 2417 3222 2471 eamdem
3271 2414 3609 2470 sententiam

2006 2510 2335 2568 clarissimis
2414 2513 2855 2581 necessariisque
2920 2508 3381 2565 concludentibus
3441 2524 3604 2577 argu-

2007 2604 2209 2658 mentis
2240 2603 2550 2666 confirmat,
2579 2604 2657 2659 uti
2688 2604 2756 2660 de
2782 2604 2943 2659 Patre
2970 2602 3102 2657 illud
3137 2622 3151 2657 :
3187 2620 3205 2654 ι
3240 2600 3342 2668 Qui
3380 2616 3410 2655 a
3445 2601 3607 2655 Patre

2008 2680 2275 2769 procedit,
2313 2717 2331 2751 ι
2370 2699 2442 2753 ita
2468 2700 2534 2754 de
2570 2696 2706 2753 Filio
2741 2698 3000 2761 alterum,
3046 2716 3064 2749 ε
3101 2696 3169 2751 Ει
3203 2696 3270 2749 de
3300 2710 3425 2749 meo
3460 2694 3607 2748 acci-

2008 2791 2143 2859 piet,
2182 2808 2203 2842 ι
2231 2789 2398 2845 sicuti
2440 2790 2779 2845 declaratum
2815 2798 2921 2853 est,
2954 2804 3077 2856 quae
3106 2789 3158 2841 in
3191 2788 3384 2842 eodem
3418 2795 3615 2839 sancto

2009 2883 2327 2955 Evangelio,
2377 2892 2432 2937 et
2468 2884 2521 2936 in
2562 2882 2753 2937 eadem
2795 2892 2850 2935 et
2880 2898 2987 2935 una
3031 2880 3306 2951 pericope,
3348 2888 3405 2933 et
3441 2895 3609 2949 quam

2010 2978 2261 3047 proxime
2282 2986 2652 3046 apponuntur.
2683 2977 2748 3030 Et
2773 2975 2996 3030 ubinam
3027 2982 3110 3029 est
3140 2973 3441 3029 adversarii
3475 2972 3617 3027 illud

2011 3070 2080 3126 de
2127 3072 2354 3125 Domino
2384 3086 2401 3123 :
2441 3088 2459 3122 ι
2487 3069 2604 3125 Non
2638 3069 2845 3124 addens
2882 3069 3013 3123 item
3046 3068 3179 3122 illud
3218 3084 3285 3122 ex
3326 3067 3455 3122 me?
3492 3088 3511 3120 ι
3544 3065 3615 3121 Et

315 3168 413 3205 του
439 3159 568 3223 περὶ
598 3155 693 3209 τοῦ
722 3157 956 3231 Κυρίου,
1009 3160 1092 3225 τὺ,
1152 3180 1171 3213 ι
1200 3162 1294 3235 Μὴ
1343 3165 1656 3233 προστιθεὶς
1685 3170 1781 3222 καὶ
1812 3169 1909 3235 τὸ,

2022 3163 2140 3217 haec
2171 3160 2392 3229 quidem
2430 3161 2546 3231 ipse
2586 3159 2901 3215 divinorum
2952 3158 3176 3213 Patrum
3207 3157 3606 3214 commentaria

316 3244 452 3315 παρ’
478 3245 651 3315 έμοῦς
686 3267 704 3301 ι
745 3251 856 3305 Καὶ
888 3245 1043 3317 οὗτος
1067 3254 1262 3321 ταῦτα,
1294 3256 1326 3328 ἢ
1362 3258 1431 3310 τά
1462 3259 1572 3312 τῶν
1590 3260 1907 3331 θεολήπτων

314 3340 566 3394 ιπελθεῖν
599 3342 737 3408 ὅλως
771 3345 847 3415 μὴ
876 3346 1138 3414 ἀξιώσας,
1192 3349 1267 3412 ὡς
1301 3351 1496 3406 ἑαυτὸν
1524 3354 1835 3421 ἀναφαίνει,
1872 3356 1907 3428 ἢ

315 3430 485 3485 τῶνδε
524 3434 729 3502 μᾶλλον
757 3440 825 3490 τὰ
851 3439 949 3509 τῆς
990 3441 1187 3505 κακίας
1225 3444 1526 3513 προκρίνας
1556 3446 1653 3516 τῆς
1681 3448 1745 3499 ὲκ
1774 3464 1911 3518 προ-

317 3522 552 3593 λήψεως.
596 3528 760 3580 Αὐτοὶ
818 3528 876 3581 δὲ
907 3533 1019 3594 τοῖς
1050 3532 1331 3602 θεοσόφοις
1366 3534 1670 3607 Ἐπιφανίῳ
1704 3555 1765 3591 τε
1814 3539 1910 3592 καὶ

322 3613 597 3686 Κυρίλλῳ,
611 3613 692 3682 οἷς
706 3622 972 3690 περὶτοῦ,
994 3640 1013 3675 ι
1037 3624 1134 3677 Ἐκ
1154 3626 1363 3695 Πατρδς
1379 3628 1761 3699 ἐκπορεύεται,
1776 3651 1795 3684 ι
1819 3634 1913 3686 καὶ

327 3720 349 3753 ε
391 3704 484 3757 Ἐκ
508 3708 601 3760 τοῦ
627 3710 763 3778 ἐμοῦ
800 3711 1087 3782 λήψεται,ι
1116 3717 1506 3784 παραδιδόντες
1538 3720 1909 3785 θεσπίζουσιν,

320 3794 640 3850 ἀκολουθεῖν
681 3799 739 3866 ἐξ
794 3801 1042 3871 ἀνάγκης
1071 3805 1346 3875 εἱλόμεθα,
1403 3808 1548 3879 ἥπερ
1581 3804 1662 3873 οἷς
1701 3811 1914 3866 οἴκοθεν

322 3886 646 3953 ἐφάλλονται
696 3895 825 3961 περὶ
856 3894 1039 3951 αὐτῶν
1067 3895 1449 3968 διερμηνεύειν
1484 3904 1577 3955 καὶ
1610 3904 1915 3972 ἀποφαίνε-

328 3980 478 4045 σθαι,
509 3980 538 4033 ὃ
586 3982 650 4053 δὴ
686 3987 779 4037 καὶ
812 3987 859 4039 οἱ
894 3987 1004 4040 τῶν
1052 3991 1373 4061 ὁμοφρόνων
1419 3994 1609 4061 αὐτοῦ,
1645 3997 1676 4067 ἢ
1711 3999 1915 4067 μᾶλλον

328 4075 589 4143 ἑπόμενοι
626 4078 1046 4149 συνυϐρίζεσθαι
1077 4086 1189 4144 τοῖς
1230 4085 1831 4161 ῥηθεῖσιν-αἱρούμεθα,
1865 4092 1915 4146 οῖ

324 4167 423 4218 καὶ
449 4167 575 4237 ἵλεῳ
600 4162 732 4234 εἷεν,
763 4169 840 4233 ὡς
891 4172 1113 4239 ειδότες,
1145 4171 1233 4230 οἷα
1266 4177 1386 4247 Θεῷ
1426 4180 1651 4245 ζῶντες,
1692 4182 1815 4236 ὅθεν
1847 4184 1918 4237 τὰ

325 4256 439 4310 τῶν
462 4256 760 4330 λοιδοριῶν.
796 4263 908 4317 Καὶ
948 4265 1173 4333 προσέτι
1204 4266 1283 4337 τῷ
1310 4272 1408 4340 τῆς
1437 4270 1717 4340 θεολογίας
1747 4273 1918 4345 ἀκρέ-

329 4368 457 4421 μονι
485 4353 699 4424 τρανῶς
730 4356 1176 4430 άποφαινομένῳ,
1224 4380 1244 4414 ι
1284 4361 1364 4433 μὴ
1392 4365 1521 4432 περὶ
1550 4364 1661 4418 τῶν
1715 4366 1920 4437 ὀνομά-

326 4459 437 4495 των
470 4442 828 4516 ζυγομαχεῖν,
882 4447 988 4511 ῑως
1019 4449 1087 4504 ἂν
1143 4450 1372 4523 είςςτῄν
1400 4453 1572 4526 αὐτὴν
1604 4454 1816 4512 ἔννοιαν
1861 4459 1919 4512 αἱ

333 4536 605 4591 συλλαϐαὶ
634 4539 899 4609 φέρωσιν.
931 4559 951 4593 ε

406 4626 472 4693 ιζ’
478 4629 738 4685 ,Ἔπειτα
757 4632 852 4687 τοῦ
873 4633 1247 4705 διαλεχθέντος
1274 4637 1605 4709 ἀνατρέπων
1629 4640 1743 4705 τὸ,‹
1766 4642 1924 4695 Ἐπεὶ

330 4721 432 4774 οὐκ
460 4724 827 4793 ἐκπορεύεται
879 4727 941 4779 τὸ
973 4724 1199 4797 Πνεῦμα
1246 4730 1311 4781 έκ
1343 4731 1441 4783 τοῦ
1482 4732 1634 4798 Υίοῦ,
1693 4732 1925 4807 εὓρηται

331 4815 610 4884 οὐδαμῶς,
642 4836 660 4869 ι
698 4820 733 4888 ἡ
769 4819 1079 4889 κατάφασις
1113 4822 1222 4892 ἄρα
1257 4824 1429 4888 ἔσται,
1461 4827 1790 4894 ἀντεπάγει,
1825 4828 1919 4878 σό-

333 4922 514 4975 φισμα
551 4909 711 4963 τοῦτο
768 4911 972 4966 καλῶν.
1006 4915 1143 4968 Οὐδὲ
1173 4915 1283 4982 γάρ
1315 4918 1439 4969 ἐπεὶ
1472 4918 1547 4988 μὴ
1582 4918 1696 4989 ἔχει
1747 4937 1834 4983 τις
1870 4924 1929 4973 ἐν

333 5003 401 5070 τῇ
438 4998 559 5073 θείᾳ
590 5002 785 5074 Γραφῇ
816 5005 985 5071 δεῖξαι
1016 5009 1108 5059 καὶ
1136 5007 1231 5060 τὸν
1276 5007 1406 5061 Υίὸν
1434 5010 1517 5062 ὅτι
1565 5012 1626 5063 οὐ
1668 5013 1926 5077 γεννᾶται

334 5094 441 5146 ὑπὸ
464 5093 561 5147 τοῦ
600 5096 943 5165 Πνεύματος,
976 5099 1075 5170 ἤδη
1105 5101 1204 5172 τήν
1232 5103 1544 5170 κατάφασιν
1568 5104 1926 5175 ὁμολογήσει,

335 5190 417 5243 ὅτι
450 5193 732 5258 γεννᾶται.
797 5192 862 5246 Ἦ
913 5195 978 5247 έκ
1026 5196 1134 5249 τῶν
1179 5199 1383 5266 ὁμοίων
1435 5199 1574 5270 αὕτη
1609 5205 1930 5273 κατασκευὴ

336 5284 475 5352 πρὸς
528 5285 811 5353 ἀναίρεσιν
866 5286 961 5340 τοῦ
1007 5288 1241 5358 ψεύδους
1300 5289 1439 5346 οὖσα
1498 5295 1594 5347 τὸν
1630 5296 1930 5365 ὲκθέμενον

335 5376 491 5445 τήνδε
517 5377 762 5446 σόφισμα
794 5377 1020 5445 λέγοντα
1075 5382 1302 5448 μᾶλλον,
1350 5383 1382 5453 ἦ
1416 5384 1747 5455 ἀναιροῦντα
1778 5386 1934 5454 σόφιο

338 5489 453 5541 σμα
478 5471 738 5525 δείκνυσι.
774 5473 1036 5526 Βούλεται
1082 5476 1188 5543 γὰρ
1224 5475 1285 5541 ἐξ
1315 5478 1489 5540 αὐτῆς
1538 5470 1694 5541 οὗτος
1726 5483 1930 5548 συστῆ-

338 5579 451 5625 σαι,
490 5562 573 5615 ὄτι
605 5562 797 5632 ῶσπερ
825 5565 887 5616 οὐ
934 5565 1192 5629 γεννᾶται
1218 5566 1246 5615 ό
1278 5566 1407 5628 Υίδς
1454 5569 1519 5617 ἐκ
1548 5566 1643 5618 τοῦ
1682 5567 1935 5635 Πνεῦμα-

337 5669 431 5715 τος
486 5651 923 5723 ὁμολογούμενον
965 5654 1045 5717 ὃν,
1094 5654 1315 5719 δείξεως
1363 5659 1422 5709 οὐ
1462 5659 1662 5721 δεῖται,
1716 5659 1813 5710 καὶ
1845 5658 1935 5711 διὰ

288 5763 295 5771 ·
338 5739 498 5795 τοῦτο
528 5743 563 5812 ἡ
596 5742 907 5813 κατάφασις
962 5746 1044 5797 ὅτι
1077 5744 1137 5809 ἐξ
1169 5745 1339 5801 αὐτοῦ
1394 5750 1654 5814 γεννᾶται
1686 5748 1893 5819 ψευδής
1919 5767 1933 5782 ·

340 5832 488 5887 οὕτω
540 5833 636 5889 καὶ
678 5835 759 5889 ὅτι
811 5836 911 5893 οὐκ
959 5838 1323 5908 ἐκπορεύεται
1371 5839 1430 5893 τὸ
1466 5841 1691 5913 Πνεῦμα
1725 5844 1786 5894 ὲκ
1839 5841 1932 5896 τοῦ

2012 3270 2241 3325 prorsus
2275 3269 2607 3324 percurrere
2646 3251 3000 3323 dedignatus,
3034 3252 3116 3307 uti
3168 3267 3228 3307 se
3272 3249 3619 3323 percurrisse

2013 3355 2430 3411 commonstrat,
2473 3345 2565 3401 vel
2601 3344 2709 3399 illis
2757 3344 2941 3414 potius
2985 3343 3391 3414 improbitatem
3427 3342 3612 3397 animo

2014 3450 2172 3494 antea
2201 3448 2523 3508 conceptam
2558 3452 2903 3508 praeponens.
2932 3435 3045 3490 Nos
3070 3451 3231 3505 porro
3257 3450 3285 3488 a
3312 3434 3420 3489 Deo
3450 3435 3617 3490 edoc-

2016 3541 2101 3585 tos
2154 3530 2526 3600 Epiphanium
2585 3545 2649 3585 ac
2694 3529 2954 3599 Cyrillum
3004 3529 3059 3581 in
3102 3528 3321 3583 traditis
3374 3530 3443 3583 ab
3474 3529 3611 3599 ipsis

2014 3625 2362 3693 decretisque
2389 3625 2457 3677 de
2483 3623 2623 3677 illis:
2660 3641 2679 3675 ι
2714 3623 2791 3676 Ex
2820 3621 2979 3676 Patre
3008 3621 3277 3691 procedit,
3305 3630 3360 3675 et
3388 3622 3456 3676 de
3489 3638 3614 3677 meo

2014 3715 2266 3783 accipiet,
2300 3734 2317 3767 ι
2341 3717 2493 3784 sequi
2521 3714 2705 3784 potius
2724 3713 3132 3771 constituimus.
3166 3729 3329 3783 quam
3354 3730 3475 3783 quae
3507 3714 3612 3783 ipsi

2012 3807 2335 3861 desilientes
2376 3808 2807 3877 interpretantur
2842 3816 3007 3875 atque
3044 3805 3338 3868 definiunt,
3377 3806 3524 3875 quod
3556 3816 3616 3861 et

2016 3899 2263 3969 ejusdem
2283 3916 2407 3953 cum
2436 3901 2633 3954 eodem
2661 3900 2947 3954 sentcntiae
2968 3898 3066 3952 viri
3087 3898 3169 3952 vel
3187 3900 3367 3968 potius
3385 3901 3614 3953 assecla:

2017 3987 2169 4048 facti,
2212 4002 2317 4040 una
2342 3988 2502 4041 simul
2538 4004 2663 4041 cum
2697 3988 2861 4042 dictis
2898 3988 3155 4056 iniuriam
3198 3988 3307 4058 pati
3339 3990 3620 4060 eligimus,

2018 4080 2108 4149 qui
2140 4079 2365 4149 propitii
2393 4080 2503 4135 sint
2524 4090 2783 4149 tanquam
2815 4081 2906 4150 qui
2950 4082 3147 4144 sciant,
3182 4097 3306 4135 cum
3329 4081 3454 4150 {ipsi
3504 4080 3616 4136 Deo

2019 4175 2225 4239 vii-ant,
2253 4175 2399 4227 unde
2421 4174 2659 4228 convitia
2676 4174 3013 4227 exoriantur.
3032 4174 3095 4227 Et
3110 4182 3375 4242 praeterea
3403 4174 3621 4229 theolo-

2020 4266 2121 4336 gias
2138 4265 2398 4321 verticem
2417 4266 2803 4321 deeernentem
2825 4305 2841 4331 ,
2871 4284 2891 4319 ι
2926 4266 2997 4321 de
3014 4267 3334 4323 nominibus
3356 4282 3468 4322 non
3494 4283 3619 4324 esse

2020 4357 2501 4422 contendendum,
2535 4357 2839 4415 dummodo
2883 4358 2938 4414 in
2985 4360 3237 4417 eamdem
3284 4361 3620 4416 sententiam

2023 4448 2245 4519 syllabae
2279 4449 2615 4506 referantur.
2650 4469 2669 4503 ι

2102 4637 2191 4690 17.
2227 4634 2590 4693 Postmodum
2640 4653 2828 4693 secum
2874 4638 3241 4709 colloquentis
3292 4639 3382 4694 illa
3432 4641 3624 4695 redar-

2030 4745 2205 4799 gneus
2242 4746 2256 4783 :
2294 4748 2313 4781 ι
2343 4730 2825 4800 Quandoquidem,
2852 4746 2961 4785 non
2991 4732 3240 4802 procedit
3271 4732 3515 4801 Spiritus
3559 4750 3625 4788 ex

2031 4823 2196 4886 Filio,
2221 4810 2495 4892 nusquam
2522 4824 2856 4878 invenitur.»
2894 4823 3196 4881 Afiirmatio
3241 4825 3409 4894 igitur
3438 4825 3624 4888 fuerit,

2033 4924 2222 4969 contra
2254 4915 2504 4984 opponit,
2540 4915 2821 4985 sophisma
2855 4915 2987 4969 illud
3021 4916 3305 4985 appellans
3337 4934 3350 4969 :
3389 4936 3407 4968 ι
3442 4917 3630 4986 Neque

2031 5010 2179 5063 enim
2211 5009 2359 5075 quod
2396 5024 2503 5063 non
2536 5009 3020 5079 habeatquispiam
3049 5010 3102 5064 in
3125 5010 3311 5067 divina
3342 5009 3631 5081 Scriptura

2031 5101 2324 5153 ostendere
2355 5100 2523 5153 etiam
2554 5100 2750 5155 Filium
2784 5116 2895 5154 non
2920 5103 3179 5172 generari
3207 5117 3237 5158 a
3261 5101 3492 5170 Spiritu,
3516 5102 3628 5172 jam

2035 5201 2091 5247 et
2122 5191 2544 5246 aflirmationem
2569 5192 2836 5247 fatebitur
2866 5193 3147 5263 generari.
3180 5214 3200 5245 ο
3242 5195 3345 5247 Ista
3378 5195 3631 5264 probatio

2035 5284 2101 5337 ad
2125 5283 2522 5337 destruendum
2559 5284 2904 5338 mendacium
2925 5300 2995 5337 ex
3020 5284 3300 5339 similibus
3324 5297 3628 5355 assumpta.

2038 5376 2185 5430 illam
2219 5387 2587 5446 exponentem
2629 5377 2909 5447 sophisma
2934 5377 3122 5447 potius
3150 5378 3358 5443 dicere,
3394 5394 3501 5432 non
3536 5380 3635 5438 de-
3699 5419 3704 5428 .

2038 5481 2255 5525 struere
2275 5471 2581 5538 sepliisma,
2628 5470 3193 5540 ostenditJjntcndit
3238 5472 3512 5541 siquidem
3564 5488 3633 5531 ex

2040 5563 2158 5631 ipsa
2192 5562 2446 5631 probare,
2481 5562 2950 5628 quemadmodqu
2983 5578 3091 5614 non
3127 5574 3425 5632 generatur
3462 5560 3636 5618 Filius

2042 5656 2326 5724 aSpiritu,
2364 5657 2507 5725 quod
2551 5672 2676 5709 cum
2727 5658 2779 5708 in
2827 5655 3094 5710 confessis
3138 5655 3232 5718 sit,
3283 5656 3635 5711 demonstra-

2045 5750 2191 5803 tione
2244 5761 2352 5801 non
2401 5758 2547 5818 eget,
2602 5759 3002 5818 pmptcrcnqite
3054 5749 3347 5801 allirtnutio
3398 5763 3463 5803 ex
3513 5749 3635 5817 ipso

2044 5842 2296 5913 generari
2327 5842 2557 5898 mendax
2589 5853 2691 5908 est,
2731 5842 2957 5910 parique
2997 5844 3159 5898 mole
3210 5842 3473 5912 Spiritun.
3524 5857 3633 5897 non
