4220 6444
655 385 795 451 1363

1859 395 2185 458 GEORGII
2222 397 2535 460 METOCH
2547 400 2691 458 ΙΤιΕ

3791 390 3924 456 1364

653 503 950 574 procedere
981 519 1049 560 ex
1086 506 1246 573 Filio,
1279 521 1402 562 cum
1453 511 1824 565 indubitatum
1873 512 1965 576 sit,
2006 512 2236 565 demon-

2342 511 2474 564 Υίοῦ
2498 511 2557 564 τὸ
2587 512 2991 580 ἀναμφίλεκτον
3018 509 3157 578 ἕχον,
3194 508 3257 562 οὗ
3278 507 3372 561 τοῦ
3399 507 3677 577 δειχθῆναι
3705 508 3920 577 χρῄζει,

654 594 925 649 stratione
952 610 1063 649 non
1096 595 1325 666 indiget,
1363 610 1764 668 proptereaque
1799 601 2086 654 aliirmatio
2123 615 2230 654 una

651 701 837 741 secum
880 686 1047 740 trahit
1079 687 1222 755 quod
1257 703 1444 742 verum
1482 706 1590 744 non
1618 700 1720 744 est.
1745 691 2041 745 Videamus
2067 690 2232 761 igitur

651 777 879 844 posthac
916 776 1353 853 similitudinem.
1394 780 1523 834 lllttd
1550 822 1565 844 ,
1601 797 1667 834 ex
1703 783 1857 836 Patre
1891 781 2092 835 Filium
2142 798 2233 851 ge-

651 868 830 923 nerari
868 855 1003 921 duas
1051 883 1314 936 personas
1343 871 1630 934 inducens,
1669 873 1802 928 duas
1836 874 2002 927 etiam
2043 889 2233 926 neces-

651 959 796 1012 sario
837 958 1077 1014 inculcat
1125 967 1532 1030 proprietates,
1571 965 1796 1018 alteram
1844 981 2127 1035 generare,
2179 976 2233 1020 et

651 1052 952 1125 generandi
990 1053 1300 1108 facultatem
1338 1056 1508 1111 solam
1552 1073 1824 1127 unamque
1857 1059 2032 1112 Patris
2063 1074 2232 1130 gene-

653 1146 846 1207 rantis,
867 1147 1091 1202 alteram
1116 1151 1388 1219 generari,
1409 1161 1463 1205 et
1483 1160 1802 1221 generatum
1828 1152 1921 1220 qui
1943 1161 2232 1222 generatur

655 1239 797 1293 Filii.
827 1237 958 1295 Inde
981 1257 1045 1295 ex
1071 1243 1280 1312 Spiritu
1311 1244 1510 1298 Filium
1557 1261 1665 1298 non
1696 1245 1948 1315 generari
1978 1246 2231 1298 submota

651 1331 801 1383 muni
837 1332 1183 1387 dubitatione
1216 1335 1417 1388 veritas
1448 1344 1617 1390 tenet.
1654 1333 1718 1387 Et
1744 1333 1976 1402 hujusce
2003 1334 2233 1387 demon-

652 1421 866 1474 strandi
903 1424 1112 1477 nullam
1144 1426 1531 1478 necessitatem
1561 1440 1702 1484 esse,
1730 1434 1955 1492 paterna
1988 1425 2235 1494 preprie-

653 1524 756 1575 tas,
789 1529 1051 1583 generare
1086 1516 1314 1576 scilicet.
1345 1517 1658 1583 confirmat.
1697 1516 1754 1569 Si
1790 1515 1937 1568 enim
1981 1514 2085 1583 ipsi
2128 1512 2232 1566 soli

652 1605 732 1656 uti
763 1605 1043 1674 proprium
1081 1616 1425 1670 reservatur,
1475 1606 1747 1675 quomodo
1784 1605 1942 1659 alteri
1991 1602 2236 1672 adaptari

656 1691 731 1745 ita
765 1695 984 1762 poterit,
1019 1703 1080 1748 ut
1125 1693 1317 1748 Filium
1364 1695 1624 1764 generet?
1654 1693 2028 1764 Nequaquam.
2063 1696 2128 1746 At
2168 1707 2234 1746 ex

659 1784 798 1839 Filio
821 1786 1056 1855 Spiritus
1084 1801 1190 1840 non
1219 1787 1487 1856 procedit,
1513 1788 1846 1855 comparatio
1870 1788 2059 1840 adhaec
2086 1799 2236 1854 quat-

659 1892 788 1929 nam
837 1878 1044 1931 fuerit?
1076 1879 1118 1932 si
1150 1878 1490 1948 ἐκπορεύειν,
1524 1880 1639 1933 sive
1683 1889 1743 1933 ut
1786 1879 2103 1948 frequenter
2150 1876 2242 1931 hic
2267 1852 2316 1913 Β

661 1966 1007 2036 dogmatibus
1039 1969 1419 2023 examinandis
1453 1970 1676 2023 sedulus
1708 1969 1911 2038 inquit,
1940 1972 2059 2043 sive
2090 1969 2242 2038 quod

662 2075 700 2126 α
724 2065 832 2116 Deo
870 2062 1160 2115 i;luminati
1193 2063 1380 2116 Patres
1411 2062 1718 2132 proferunt,
1741 2064 1996 2126 emittere,
2028 2071 2087 2116 ut
2116 2077 2240 2131 pro-

660 2159 808 2212 xime
839 2157 1140 2225 expositum
1165 2164 1270 2220 est,
1296 2155 1412 2209 sive
1434 2155 1818 2222 productivum,
1837 2164 1932 2207 aut
1959 2152 2242 2221 producere

657 2249 835 2306 Patris
867 2247 1147 2316 proprium
1183 2261 1302 2300 esse
1338 2247 1441 2315 ipsi
1469 2247 1768 2311 traderent,
1798 2256 1856 2298 ut
1883 2246 2242 2314 generativum

660 2339 736 2392 ibi
774 2349 827 2392 et
874 2353 1124 2407 generare
1151 2376 1164 2400 ,
1197 2336 1337 2389 bene
1372 2337 1561 2404 utique
1597 2351 1655 2390 se
1686 2335 1911 2389 haberet
1956 2334 2242 2403 utriusque

661 2431 1037 2484 aiiirmationis
1084 2429 1407 2483 similitudo.
1459 2430 1595 2482 Cum
1644 2445 1776 2482 vero
1825 2427 2010 2481 nullus
2042 2444 2106 2481 ex
2156 2426 2241 2482 his

664 2524 776 2576 ullo
807 2525 860 2575 in
899 2523 1018 2576 loco
1050 2523 1412 2589 productivum
1439 2522 1492 2574 in
1530 2521 1919 2591 proprietatem
1952 2531 2239 2588 paternam

661 2617 942 2686 assignare
971 2626 1217 2683 repertus
1242 2615 1334 2679 sit,
1366 2624 1420 2667 et
1464 2616 1696 2667 eminere
1729 2614 1976 2668 nonnulli
2012 2628 2077 2666 cx
2111 2612 2244 2681 ipsis

661 2709 743 2762 uti
773 2710 840 2762 de
876 2708 984 2760 Deo
1026 2707 1184 2760 i’atre
1235 2707 1306 2759 ita
1337 2718 1392 2760 et
1439 2719 1505 2760 ae
1541 2705 1681 2760 Filio
1714 2707 1892 2774 palam
1937 2713 2240 2772 usurpant,

661 2802 791 2870 quid
837 2800 1158 2854 dissidentia
1200 2815 1304 2854 nec
1351 2816 1573 2869 prorsus
1611 2800 1754 2852 inter
1801 2815 1860 2852 se
1908 2797 2243 2852 cohaerentia

655 2895 973 2946 eozdcscere
1023 2901 1253 2946 conatur
1285 2890 1600 2954 ostendere,
1653 2899 1706 2942 et
1758 2889 1922 2941 simul
1971 2903 2074 2940 non
2107 2902 2243 2941 con-

661 2985 943 3040 currentia
975 2999 1306 3038 concurrere
1325 2983 1347 3035 ?
1367 2983 1634 3050 Deinceps
1659 2997 1754 3048 per
1781 2979 1977 3034 Filium
1998 2996 2060 3034 cx
2083 2979 2241 3033 Patre

663 3080 928 3147 Spitftum
977 3089 1227 3132 sanctum
1283 3077 1602 3146 procedere,
1650 3078 1872 3129 decreto
1915 3073 2242 3127 universalis

663 3172 878 3242 synodi,
915 3186 1035 3238 quae
1070 3170 1299 3237 septima
1335 3183 1566 3222 numero
1598 3175 1702 3229 est,
1743 3167 2029 3219 deﬁnitum
2056 3205 2070 3225 ,
2103 3180 2240 3232 quo-

667 3263 829 3317 modo
868 3263 1045 3315 locum
1078 3260 1281 3314 habere
1310 3260 1440 3312 illud
1472 3258 1812 3328 ὲκπορεύειν,
1840 3257 2128 3320 producere
2158 3255 2245 3322 fa-

664 3369 800 3414 rero,
827 3351 1124 3405 concedet?
1146 3349 1520 3403 Concedamus
1542 3348 1833 3416 siquidem,
1857 3357 1914 3398 ut
1936 3344 2246 3399 adversario

664 3447 858 3515 placet,
887 3444 963 3496 uti
999 3442 1280 3512 proprium
1311 3441 1474 3494 Patri.
1510 3441 1566 3492 Si
1599 3441 1726 3509 quid
1759 3439 1905 3492 enim
1938 3437 2099 3492 Pater
2122 3452 2246 3506 pro-

663 3538 841 3606 prium
881 3537 1062 3595 habet,
1100 3550 1207 3586 non
1255 3532 1416 3586 habet
1452 3532 1506 3585 id
1555 3547 1650 3601 per
1677 3531 1898 3592 Filium,
1933 3546 2042 3584 non
2073 3544 2236 3596 gene-

663 3627 818 3682 randi
854 3627 1190 3686 facultatem,
1224 3639 1335 3677 non
1366 3623 1696 3693 ingenitum,
1723 3638 1836 3674 non
1871 3621 2015 3673 aliud
2051 3622 2240 3674 ullum.

662 3719 958 3786 Propterea
991 3732 1199 3783 magnae
1227 3715 1468 3768 audacia:
1499 3714 1686 3779 fuerit,
1718 3715 1832 3766 sive
1876 3728 1987 3766 non
2023 3712 2244 3766 ordina-

661 3811 758 3863 riae
795 3808 1070 3878 ignoranti
1092 3829 1142 3869 ιι,
1175 3823 1244 3859 ne
1274 3806 1400 3874 quid
1436 3806 1519 3859 his
1552 3806 1706 3874 pejus
1739 3806 1917 3858 dicam
1949 3845 1963 3868 ,
1996 3803 2243 3873 negatio-

664 3913 811 3963 nem,
847 3917 865 3949 ι
902 3914 1008 3952 non
1042 3897 1288 3967 procedit
1333 3913 1400 3950 ex
1455 3895 1592 3950 Filio
1643 3894 1906 3963 Spiritus,
1953 3913 1970 3945 ι
2029 3909 2096 3947 ex
2155 3893 2243 3946 illa

663 3991 821 4059 quasi
850 3991 1048 4044 similis
1088 3991 1181 4054 sit,
1217 3989 1530 4051 ostendere,
1560 4007 1576 4038 ι
1610 4004 1716 4042 non
1753 3997 2045 4055 generatur
2076 3987 2245 4041 Filius

665 4101 730 4136 ex
769 4084 1006 4152 Spiritu;
1057 4102 1075 4133 ι
1112 4093 1169 4136 ct
1197 4083 1275 4134 uti
1309 4082 1451 4134 hanc
1491 4081 1564 4133 ita
1595 4091 1649 4134 ct
1685 4081 1830 4133 illaut
1863 4082 2148 4134 veritatem
2187 4080 2241 4132 in

665 4192 728 4230 se
763 4177 1070 4237 continere,
1103 4191 1165 4227 ex
1204 4174 1564 4227 aﬂirmatione
1613 4172 1726 4234 illa,
1769 4172 2016 4241 generari
2050 4171 2243 4225 Filium

664 4286 728 4322 et
757 4268 984 4337 Spiritu,
1009 4279 1064 4320 et
1095 4268 1168 4320 uti
1193 4267 1334 4319 hanc
1367 4265 1436 4318 ita
1468 4274 1521 4318 ct
1553 4264 1719 4329 illam,
1747 4262 1819 4316 Ex
1843 4263 1978 4316 Filio
1998 4262 2245 4332 procedit

663 4363 898 4432 Spiritus
931 4363 1347 4416 aﬂirmationem
1382 4360 1570 4413 falsam
1604 4374 1746 4420 esse.
1777 4373 1900 4411 cum
1935 4374 1998 4410 ex
2037 4358 2149 4410 Deo
2176 4357 2244 4409 il-

663 4456 911 4510 luminati
945 4461 1322 4522 mysteriorum
1357 4453 1679 4520 interpretes
1705 4451 1770 4505 de
1797 4451 1919 4511 illis,
1953 4449 2057 4502 «lix
2086 4448 2244 4502 Patre

2337 603 2432 657 καὶ
2464 603 2552 655 δια
2579 602 2738 655 τοῦτο
2785 603 2816 670 ἡ
2854 600 3162 668 κατάφασις
3196 600 3517 668 ἐπιφέρεται
3566 600 3627 650 τὸ
3677 599 3752 667 μὴ
3792 599 3926 665 ἀλη-

2335 695 2446 755 θές.
2510 693 2738 762 Ἰδωμεν
2771 688 2864 745 οῦν
2917 693 3007 746 τοῦ
3063 692 3249 744 λοιποῦ
3282 694 3380 756 τὴν
3415 691 3672 759 ὁμοίωσιν
3701 706 3714 720 ·
3741 689 3803 740 τὸ
3835 688 3928 740 τὸν

2336 785 2464 838 Υίὸν
2492 786 2558 837 ὲκ
2581 783 2676 837 τοῦ
2701 785 2911 854 Πατρός
2939 785 3232 851 γεννᾶσἿαι
3264 781 3432 834 δυάδα
3463 781 3769 848 προσώπων
3809 787 3926 830 εισ-

2339 879 2473 944 άγον
2499 878 2650 930 διττά
2701 877 2842 929 κατά
2875 878 3058 928 πᾶσαν
3093 876 3339 941 ἀναγκην
3371 870 3670 940 φωτοϐολεί
3721 869 3815 922 καὶ⁴
3859 870 3929 920 τα

2337 971 2465 1035 ῐδια,
2493 970 2552 1022 τὸ
2586 970 2685 1038 μὲν
2717 970 2912 1037 γεννᾷν
2961 969 3054 1021 καὶ
3081 967 3141 1020 τὸ
3163 966 3481 1034 γεννητικὸν
3511 962 3568 1014 ἒν
3596 961 3654 1014 ὃν
3685 962 3777 1013 τοῦ
3806 978 3926 1028 γενσ

2336 1061 2533 1122 νῶντος
2592 1061 2839 1130 Πατρὸς,
2895 1062 2954 1112 τδ
2986 1060 3044 1112 δὲ
3079 1059 3374 1126 γεννᾶσθαι
3413 1057 3508 1110 καὶ
3565 1057 3625 1108 τὸ
3665 1056 3930 1122 γεννητδν

2337 1151 2526 1222 ἓτερον
2552 1151 2648 1204 τοῦ
2702 1152 3042 1220 γεννωμένου
3103 1151 3252 1202 Υἰοῦ.
3309 1149 3473 1202 ’Όῖεν
3505 1149 3564 1200 τδ
3598 1150 3672 1216 μὴ
3729 1151 3791 1199 ὲκ
3826 1145 3920 1198 τοῦ

2340 1245 2654 1314 Πνεῦμα-τος
2679 1242 2768 1296 τὸν
2793 1243 2920 1296 Υἰὸν
2942 1243 3234 1309 γεννᾶσθαι
3257 1242 3356 1310 τῆς
3377 1241 3635 1309 ἀληθείας
3661 1240 3719 1293 τὸ
3746 1240 3932 1308 ἀπαρε-

2300 1383 2306 1391 .
2337 1338 2576 1404 αίτητον,
2615 1337 2708 1388 καὶ
2733 1336 2819 1388 ,τὸ
2866 1336 3134 1406 μηδεμίαν
3188 1335 3437 1402 ἀνάγκην
3468 1334 3562 1403 τῆς
3589 1333 3784 1384 τούτου
3818 1332 3931 1383 δεί-

2339 1430 2474 1494 ξεως
2503 1424 2638 1481 εἶναι
2671 1430 2704 1497 ἡ
2749 1428 2842 1480 τοῦ
2881 1426 3094 1495 [ἰατρὸς
3121 1428 3320 1494 ἰδιότης
3353 1425 3585 1494 βεϐαιοῖ,
3623 1425 3682 1476 το
3709 1425 3928 1492 γεννᾷν.

2340 1520 2403 1574 Et
2432 1521 2539 1591 γὰρ
2567 1519 2713 1591 αύτῷ
2739 1519 2884 1588 μόνῳ
2916 1519 3057 1570 καθα
3099 1517 3226 1570 ἴδιον
3253 1518 3580 1586 ἀφιέρωται,
3617 1518 3730 1577 πὸς
3758 1517 3932 1583 ἑτέρῳ

2337 1613 2663 1680 τοπαράπαν
2712 1611 3128 1681 ὲφαρμοσθῆναι
3182 1611 3495 1680 δυνήσεται,
3563 1609 3705 1661 ὦςτε
3737 1608 3936 1674 γεννᾷ)

2337 1703 2430 1756 τὸν
2464 1702 2627 1766 Υίόν;
2658 1701 2918 1755 Ἥκιστα.
2936 1700 2998 1752 Ἦ
3025 1701 3082 1752 δὲ
3104 1698 3224 1769 τοῦ,
3241 1701 3337 1752 Ἐκ
3366 1699 3460 1753 τοῦ
3477 1699 3604 1752 Υίοῦ
3625 1699 3685 1750 τὸ
3709 1696 3934 1765 Πνεῦμα

2341 1797 2442 1849 οὐκ
2495 1794 2880 1865 ἐκπορεύεται,
2911 1791 3177 1859 ὁμοίωσις
3214 1795 3352 1863 πρὸς
3393 1791 3569 1847 ταῦτα
3609 1791 3837 1858 ποία,ἐί
3873 1788 3938 1841 τὸ

2345 1887 2670 1957 ὲκπορεύειν
2707 1887 2742 1956 ἢ
2791 1886 3002 1956 συχνῶς
3039 1884 3216 1948 οὕτως
3243 1888 3270 1938 ὁ
3294 1886 3417 1938 λίαν
3451 1883 3794 1947 ὲξεταστικὸς
3819 1883 3936 1944 τοῖς

2343 1978 2576 2048 δόγμασι
2616 1977 2838 2046 φάσκει,
2875 1977 2907 2047 ἢ
2949 1977 3086 2047 ὅπερ
3129 1975 3178 2028 οἱ
3221 1974 3475 2042 θεαυγεῖς
3509 1974 3748 2042 Πατέρες
3794 1986 3934 2040 προθ

2346 2069 2570 2138 φέρουσι
2602 2067 2664 2120 τὸ
2689 2061 3046 2135 ἐκπέμπειν,
3106 2067 3182 2128 ὡς
3216 2066 3387 2132 ἐγγὺς
3419 2062 3861 2132 προεκτέθειται,
3896 2059 3929 2128 ἦ

2345 2160 2414 2212 τὸ
2443 2160 2853 2226 πρυϐλητικόν
2878 2175 2936 2211 τε
2987 2157 3080 2209 καὶ
3106 2157 3170 2210 τὸ
3203 2154 3664 2222 προϐάλλεσθαι
3692 2152 3786 2205 τοῦ
3820 2152 3936 2204 Πα-

2344 2250 2472 2322 τρδς
2499 2250 2632 2303 ἴδιον
2660 2252 2813 2303 aurei.
2845 2250 3182 2322 παρεδίδουν,
3211 2251 3286 2312 ὠς
3317 2251 3379 2301 τὸ
3408 2247 3769 2317 γεννητικὸν
3791 2247 3940 2298 ὲκεῖο

2348 2361 2406 2397 σε
2438 2345 2529 2397 καὶ
2553 2345 2612 2396 τὸ
2639 2343 2886 2414 γεννᾷν,
2919 2346 3099 2406 καλῶς
3135 2343 3200 2398 ἂν
3231 2337 3376 2414 εἶχεν
3432 2343 3762 2409 ἀποφάσεων
3807 2339 3940 2392 ἑκα-

2344 2436 2520 2505 τέρων
2552 2437 2612 2489 τὸ
2641 2438 2901 2507 ἐμφερές.
2971 2438 3126 2491 Ἐπεὶ
3168 2438 3223 2491 δὲ
3252 2436 3460 2490 τούτων
3497 2435 3673 2497 οὐδεὶς
3700 2433 3941 2502 ὁπουδή-

2345 2545 2478 2581 ποτε
2509 2530 2568 2581 τὸ
2599 2530 3008 2596 προὸλητικὸν
3031 2533 3110 2593 είς
3137 2530 3334 2597 ἰδίωμα
3363 2529 3630 2597 πατρικὸν
3692 2525 3938 2580 ἀποτάτ-

2343 2636 2452 2672 των
2479 2613 2680 2683 ὦπται,
2709 2620 2804 2673 καὶ
2837 2620 2896 2671 τὸ
2959 2621 3296 2688 ἐκπέμπειν
3352 2622 3504 2688 σφῶν
3552 2618 3687 2670 ἔνιοι
3729 2617 3804 2677 ὡς
3839 2615 3937 2667 ἐπὶ

2343 2712 2438 2765 τοῦ
2471 2713 2683 2782 Πατρὸς
2728 2714 2901 2777 οὕτως
2957 2715 3048 2765 ἐπὶ
3109 2713 3201 2765 τοῦ
3259 2713 3388 2764 Υίοῦ
3421 2712 3713 2782 διαρρήδην
3743 2711 3936 2776 διαγοο

2347 2798 2615 2868 ρεύουσιν,
2667 2799 2754 2852 ἵνα
2783 2803 2836 2852 τί
2886 2802 2956 2854 τὰ
2987 2801 3279 2870 ἀσύμϐατα
3315 2802 3635 2866 συμϐαίνειν
3667 2801 3932 2868 πειρᾶται

2344 2891 2576 2957 φαίνειν,
2601 2893 2694 2944 καὶ
2729 2893 3043 2962 συντρέχειν
3073 2893 3140 2944 τὰ
3178 2893 3254 2963 μὴ
3275 2893 3670 2961 συντρέχοντα;
3709 2887 3842 2944 Εἶτα
3872 2889 3937 2942 τδ

2341 2980 2408 3034 δι’
2442 2981 2566 3035 Υίοῦ
2598 2985 2661 3036 ἐκ
2695 2983 2906 3053 Πατρδς
2931 2983 2992 3036 τὸ
3019 2984 3242 3052 Πνεῦμα
3259 2985 3320 3036 τὸ
3355 2984 3509 3050 ἅγιον
3535 2982 3939 3049 ἐκπορεύεσθαι

2342 3075 2656 3144 ψηφίσματι
2684 3077 3029 3145 παγκοσμίου
3061 3078 3278 3129 συνόδου
3326 3076 3734 3146 κεκυρωμένον,
3771 3075 3804 3144 ἢ
3839 3075 3931 3128 τὸν

2270 3204 2314 3260 c
2347 3167 2574 3234 ἓδδομον
2602 3167 2793 3237 ἔλαχεν
2823 3168 3076 3238 ἀριθμὸν,
3107 3169 3224 3230 πῶς
3255 3167 3714 3236 ἀποκληρωῦῆναι
3745 3167 3806 3218 τὺ
3833 3167 3934 3218 ἐκ-

2348 3261 2627 3328 πορεύειν
2656 3259 2843 3323 ἐάσεις
2901 3260 3092 3312 Δοτέον
3127 3261 3217 3312 καὶ
3251 3259 3384 3328 γὰρ,
3416 3259 3490 3321 ὡς
3544 3258 3620 3326 τῷ
3667 3257 3938 3325 φωνοῦντι

2347 3351 2558 3414 δοκοῦν,
2613 3354 2694 3413 εἰς
2727 3351 2920 3418 ἰδίωμα
2980 3351 3060 3419 τῷ
3093 3353 3288 3420 lla-cpi.
3322 3351 3384 3402 Εἰ
3411 3368 3466 3401 τι
3497 3353 3602 3418 γὰρ
3634 3349 3707 3410 ὡς
3743 3349 3873 3400 ίὸιον
3908 3349 3934 3400 t‘

2351 3445 2539 3514 Πατὴρ
2569 3443 2705 3513 ἕχει,
2740 3445 2842 3497 οὐκ
2873 3445 2987 3513 ἕχει
3014 3444 3173 3495 τοῦτο
3198 3444 3264 3494 δι’
3314 3443 3467 3504 Υίοῦ,
3501 3443 3560 3493 οὐ
3592 3443 3649 3493 τδ
3684 3459 3936 3507 γεννητι-

2347 3539 2463 3600 κὸν,
2501 3538 2562 3589 οῦ
2594 3538 2655 3589 τὸ
2702 3537 3021 3604 ἀγέννητον,
3077 3537 3177 3587 οὐκ
3235 3535 3364 3587 ἄλλο
3414 3536 3589 3586 ούὶέν.
3633 3534 3731 3585 Διά
3777 3533 3935 3584 τοῦτ(

2346 3630 2552 3699 τόλμης
2588 3629 2832 3697 μεγάλης
2861 3627 2893 3697 ἢ
2927 3627 3150 3694 ἀγνοίας
3199 3627 3260 3678 ού
3290 3627 3390 3694 τῆς
3413 3628 3710 3694 τυχούσης,
3742 3626 3828 3675 ἵνα
3860 3624 3938 3692 μὴ

2347 3722 2489 3786 λέγω
2523 3721 2582 3772 τὺ
2616 3720 2845 3788 μείζονά
2875 3722 2934 3772 τὸ
2967 3720 3091 3785 τὴν,
3149 3738 3167 3768 ι
3197 3721 3298 3772 ούκ
3346 3719 3706 3789 ἐκπορεύεται
3739 3719 3800 3769 ὲκ
3838 3715 3938 3769 τοῦ

2351 3810 2479 3862 Υἰοῦ
2513 3811 2574 3861 τὸ
2614 3810 2861 3878 Πνεῦμα,
2901 3829 2917 3860 ι
2961 3811 3236 3874 ἀπόφασιν
3262 3809 3336 3870 ὡς
3371 3809 3435 3860 ἐκ
3465 3809 3570 3860 τῶν
3600 3809 3802 3876 ὁμοίων
3828 3807 3940 3860 δει-

2349 3901 2558 3963 κνύναι,
2596 3902 2659 3953 ἐκ
2683 3901 2775 3952 τοῦ
2815 3919 2833 3950 ι
2866 3900 2940 3970 μὴ
2963 3900 3252 3966 γεννᾶσθαι
3276 3900 3368 3951 τὸν
3405 3901 3532 3952 Υίὺν
3559 3902 3621 3952 ὲκ
3652 3899 3745 3951 τοῦ
3775 3897 3944 3951 Πνεύ-

2351 4011 2516 4062 ματος
2543 4010 2556 4023 ⁸

2346 4085 2638 4152 γεννᾶσθαι
2673 4085 2765 4138 τὸν
2804 4086 2930 4136 Υίῦν
2960 4089 3020 4136 ἐκ
3059 4083 3152 4135 τοῦ
3189 4084 3503 4150 Πνεῦματος
3526 4085 3932 4151 καταφάσεως·

2603 4013 2619 4042 ι
2654 3995 2750 4046 καὶ
2777 3996 2851 4056 ὡς
2887 3994 3089 4062 ταύτην
3124 3994 3384 4061 κάκείνην
3415 3992 3701 4060 ἀληθεύειν
3731 3993 3794 4042 ὲκ
3833 3989 3939 4057 τῆς

2347 4177 2442 4229 καὶ
2480 4177 2553 4240 ὡς
2585 4177 2788 4245 ταύτην
2821 4179 3080 4245 κάκείνην
3114 4176 3232 4246 τὴν,
3267 4178 3329 4229 ἐκ
3361 4177 3453 4229 τοῦ
3474 4176 3604 4229 Υίοῦ
3629 4173 3936 4244 ἐκπορεύε-

2346 4287 2438 4322 ται
2469 4271 2530 4320 τὸ
2565 4268 2808 4336 Πνεῦμα,
2855 4269 3166 4335 κατάφασιν
3190 4269 3506 4336 ψεύδεσθαι,
3557 4268 3666 4319 τῶν
3698 4266 3937 4335 θεολαμ-

2350 4363 2467 4414 πῶν
2500 4361 2859 4429 μυστηπόλων
2887 4361 3016 4429 περὶ
3032 4361 3124 4412 τοῦ
3149 4362 3244 4412 «ὲκ
3269 4361 3479 4428 Πατρδς
3507 4359 3928 4426 ἑκπορεύεται,ι

2347 4453 2444 4506 καὶ
2480 4472 2498 4503 ι
2542 4453 2636 4504 Ἐκ
2668 4452 2759 4504 τοῦ
2790 4451 2923 4521 ἐμοῦ
2960 4453 3243 4522 λήψεταιμ
3281 4452 3376 4504 καὶ
3427 4452 3558 4519 περὶ
3593 4452 3686 4501 τοῦ
3727 4446 3935 4500 ταυτοῦ

665 4547 932 4615 procedit,
965 4566 980 4596 ι
1017 4556 1070 4597 et
1111 4566 1126 4594 ι
1172 4546 1242 4596 De
1273 4560 1393 4596 meo
1439 4544 1690 4611 accipiet,
1732 4562 1749 4593 ι
1784 4551 1840 4596 et
1870 4541 1936 4595 de
1964 4541 2160 4595 eodem
2190 4550 2244 4595 et

2352 4550 2448 4601 καὶ
2470 4549 2766 4618 ἀδιαφόρου
2798 4549 2908 4600 τῶν
2945 4548 3147 4616 ἐτέρων
3179 4548 3371 4616 φωνῶν
3411 4546 3776 4609 Θεσπιζόντων
3805 4547 3938 4598 ὃσα-

665 4640 1011 4693 ίιιόίίΐριὊιιιυ
1044 4638 1274 4690 aliarum
1306 4651 1496 4689 vocum
1527 4637 1848 4696 decernant,
1877 4650 1999 4702 qua:
2032 4652 2062 4687 a
2085 4633 2250 4688 nobis

660 4732 806 4785 dicta
855 4740 1000 4782 sunt.
1049 4727 1519 4792 Quemadmodum
1575 4727 1759 4794 itaque
1816 4742 1982 4795 quam
2037 4723 2247 4794 Optime

663 4822 902 4877 ostendit
932 4837 996 4873 ex
1031 4819 1347 4888 impropriis
1377 4819 1848 4882 simiiitudinibus,
1885 4828 1940 4872 et
1979 4818 2032 4871 in
2066 4818 2244 4872 mani—

663 4919 798 4968 icsta
851 4911 1148 4983 praecipitia
1203 4909 1552 4968 ducentibus,
1601 4927 1619 4959 ι
1666 4925 1789 4962 esse
1841 4909 2062 4970 dicere,
2103 4929 2123 4960 ι
2190 4919 2247 4962 et

666 5031 680 5054 ι
725 5021 831 5059 non
864 5019 1006 5066 esse,
1047 5023 1064 5054 ι
1096 5003 1259 5057 etiam
1296 5019 1361 5056 cx
1413 5003 1553 5056 Filio
1596 5003 1858 5071 Spirittttn
1910 5019 2018 5055 non
2055 5016 2244 5071 proce-

659 5106 811 5159 dere,
839 5098 919 5149 sic
952 5095 1037 5150 sui
1074 5094 1316 5163 praeclari
1352 5095 1611 5147 facinoris
1637 5103 1690 5146 et
1721 5096 1961 5149 rationes
1983 5093 2242 5163 assignat,

661 5203 788 5240 suos
812 5187 1012 5254 quippe
1049 5201 1334 5239 sermones
1363 5183 1694 5238 continuans
1721 5185 1923 5239 infert:
1951 5186 2047 5238 «Et
2077 5200 2243 5237 causa

661 5287 742 5329 est
776 5296 785 5328 :
818 5276 964 5328 aliud
1021 5276 1168 5328 enim
1223 5291 1328 5328 nou
1379 5290 1522 5336 csse,
1556 5293 1572 5323 ι
1628 5290 1826 5342 nempe
1866 5275 2084 5343 negatio
2132 5291 2242 5328 non

661 5366 928 5436 procedit,
971 5384 988 5416 ι
1028 5375 1083 5419 et
1107 5366 1254 5418 aliud
1291 5381 1400 5419 non
1428 5381 1546 5419 (‘SSU
1577 5365 1811 5426 dictum,
1851 5384 1869 5415 ι
1931 5366 2244 5428 aliirmatio,

661 5475 856 5528 nempe
893 5459 1208 5526 prorcdcre.
1240 5457 1376 5511 Tum
1409 5459 1669 5528 deinceps
1702 5459 1954 5526 probatio
1983 5479 1995 5513 :
2027 5459 2246 5530 «Neque

660 5549 805 5602 enim
835 5549 1090 5616 quoniam
1120 5565 1180 5601 es
1215 5549 1519 5603 astantibus
1546 5565 1709 5604 nemo
1739 5551 1878 5605 dixit
1907 5568 2016 5605 non
2063 5554 2243 5623 fulgu-

662 5657 836 5707 russo,
872 5654 1100 5711 cogetur
1145 5641 1412 5711 quispiam
1444 5643 1751 5698 concedere
1781 5647 2201 5702 aliirmationem
2227 5689 2241 5712 ,

663 5749 859 5808 nempe
883 5735 1140 5806 fulgurat.
1175 5753 1192 5785 ι
1233 5734 1524 5804 Sophisma
1569 5736 1815 5804 proxime
1847 5741 2118 5793 rationem
2150 5741 2246 5794 deb

664 5837 1023 5884 monstratam
1059 5842 1407 5899 nuncupans,
1449 5838 1500 5884 ct
1530 5829 1830 5900 sophisticc
1865 5833 2039 5888 multo
2069 5836 2244 5904 magis

2349 4657 2457 4710 περ
2478 4641 2716 4711 εἴρηται.
2759 4640 2848 4700 Ὠς
2878 4639 3007 4707 γοῦν
3029 4640 3230 4706 ἄριστα
3250 4639 3502 4708 δεδειχὼς
3547 4639 3609 4691 τὸ
3636 4639 3696 4702 ἐξ
3734 4639 3938 4708 ὁμοιὼ-

2351 4749 2490 4784 σεων
2516 4732 2821 4799 ἀνοικείων,
2859 4734 2952 4784 καὶ
3003 4731 3302 4802 προδήλους
3329 4734 3408 4794 εἰς
3457 4731 3740 4801 κρημνοὺς
3781 4735 3934 4784 ἀπα-

2347 4824 2559 4890 γόντων
2592 4822 2674 4890 τὸ,
2709 4842 2726 4873 ι
2755 4819 2894 4874 εἷναι
2924 4823 3113 4890 φάναι,
3157 4842 3175 4873 ι
3209 4823 3343 4874 ἀλλά
3382 4840 3402 4871 ι
3437 4825 3509 4892 μὴ
3557 4819 3718 4886 εἶναι,
3765 4843 3784 4874 ι
3832 4824 3932 4875 καὶ

2347 4917 2412 4968 ὲκ
2455 4914 2550 4966 τοῦ
2589 4914 2718 4966 Υίοῦ
2753 4915 2816 4966 τὸ
2857 4915 3080 4980 Πνεῦμα
3129 4915 3230 4966 οῦκ
3261 4917 3644 4984 ἐκπορεύεται,
3677 4914 3780 4982 τῆς
3810 4917 3937 4985 ἀρι-

2349 5006 2530 5068 στείας
2567 5008 2660 5058 καὶ
2684 5007 2876 5074 λόγους
2913 5005 3117 5060 δίδωσι.
3158 5007 3530 5076 Συνημμένως
3565 5007 3675 5076 γὰρ
3695 5009 3810 5069 τοῖς
3848 5010 3934 5060 εί-

2351 5098 2614 5167 ρημένοις
2661 5099 2853 5165 λόγους
2871 5097 3035 5150 αὐτοῦ
3066 5099 3336 5168 ἐπιφέρει.
3383 5117 3400 5148 ι
3437 5099 3509 5150 Τὸ
3535 5099 3580 5150 δ’
3610 5098 3816 5151 αἴτιον·
3847 5099 3934 5150 ὅτι

2347 5189 2474 5243 ἄλλο
2498 5191 2559 5242 το
2589 5191 2661 5259 μὴ
2690 5187 2882 5255 εἶναψ
2919 5193 3088 5260 ἤγουν
3115 5192 3389 5258 ἀπόφασις
3410 5190 3468 5242 τὸ
3497 5193 3597 5242 οὐκ
3631 5191 3934 5258 ἐκπορεύε-

2346 5299 2454 5343 ται,
2499 5300 2518 5334 ι
2547 5285 2640 5333 καὶ
2680 5283 2807 5336 ἄλλο
2828 5283 2891 5332 τὸ
2923 5282 2999 5351 μὴ
3028 5283 3304 5351 εἰρῆσθαι,
3329 5299 3347 5330 ι
3391 5283 3422 5351 ἡ
3453 5272 3761 5348 κατάφασις
3806 5284 3930 5350 ἢτοι

2345 5376 2406 5427 τὸ
2449 5377 2862 5444 ἐκπορεύεσθαι.
2907 5371 3037 5428 Εἶτα
3077 5377 3110 5443 ἡ
3137 5377 3479 5445 κατασκευή.
3525 5376 3631 5426 «Οὐ
3663 5375 3775 5444 γὰρ
3804 5377 3931 5425 ἐπεὶ

2349 5469 2424 5538 μὴ
2449 5466 2642 5538 εἴρηκὲ
2670 5484 2751 5529 τις
2784 5467 3023 5537 σήμερον
3049 5468 3158 5518 τῶν
3177 5467 3308 5544 παρ’
3327 5469 3483 5536 ἡμῖν,
3508 5467 3588 5519 ὅτι
3609 5467 3708 5517 οὐκ
3734 5467 3936 5533 ἀστράο

2346 5577 2495 5625 πτει,
2527 5559 3003 5630 ἀναγκασθήσεται
3025 5577 3109 5622 τις
3142 5560 3326 5613 δοῦναι
3358 5561 3456 5631 τὴν
3485 5561 3814 5626 κατάφασιν,
3845 5560 3929 5611 ὅτι

2348 5653 2670 5721 ἀστράπτει.
2701 5671 2718 5704 ι
2762 5654 3008 5721 Σόφισμα
3045 5653 3311 5720 σύνεγγυς
3342 5655 3500 5720 λόγον
3543 5652 3930 5717 ἀποδεδειγμέο

2350 5759 2437 5794 νον
2467 5741 2702 5804 καλέσας
2727 5761 2763 5805 ,-
2796 5744 2890 5794 καὶ
2931 5744 3264 5811 σοφιστικῶς
3296 5743 3474 5810 τοότῳ
3529 5741 3730 5812 μᾶλλον
3764 5741 3934 5804 αὐτὸς

2350 5835 2715 5906 συμπλακεὶς,
2770 5835 2845 5900 ὡς
2890 5835 3230 5907 διήλεγκται,
3295 5836 3649 5906 σοφιζόμενος
3696 5834 3937 5890 ἐνταῦθα
