4220 6444
656 383 792 452 1367

1839 383 2160 444 GEORGII
2204 379 2664 442 METOCHIT/E

3764 364 3899 430 1368

652 505 901 564 postases
928 495 1206 567 colligare,
1237 497 1290 551 in
1320 498 1423 552 hoc
1452 514 1704 555 sermone
1739 500 1899 557 Pater
1925 503 2123 557 dicitur
2166 510 2221 555 et
2249 499 2274 560 Α

2350 499 2420 561 ὰς
2450 495 2778 556 ὑποστάσεις
2805 489 2937 555 ἑνοί,
2963 489 3025 542 ἐν
3057 488 3135 556 τῷ
3170 488 3312 554 λόγῳ
3343 485 3518 554 τούτῳ
3541 485 3568 537 6
3602 483 3794 553 Πατὴρ
3823 485 3904 536 λέ-

647 589 1027 657 suimetipsius
1073 589 1213 652 fons,
1258 591 1352 643 sed
1396 607 1504 644 [οη
1544 601 1626 646 est
1668 592 1790 648 hoc.
1839 593 2009 647 Sicuti
2071 596 2218 646 enim

647 679 885 733 dicimus
915 696 977 734 ex
1012 680 1123 733 Deo
1156 681 1421 749 Spiritum
1447 693 1716 746 sanctum,
1751 696 1804 737 et
1832 700 1939 737 non
1968 682 2222 752 intelligi-

646 785 769 822 mus
804 784 928 822 eum
959 785 1024 822 ex
1073 770 1255 838 seipso
1300 787 1441 834 esse,
1485 773 1629 840 quod
1680 774 1822 827 Deus
1873 783 1954 826 est
1995 784 2050 827 et
2080 772 2217 841 ipse,

647 862 763 930 pari
809 862 969 914 modo
1000 863 1163 916 etiam
1198 864 1287 917 hic
1319 878 1426 916 non
1472 864 1826 935 intelligimus
1856 864 2072 918 Patrem
2107 865 2222 917 sui-

645 955 934 1021 metipsius
981 954 1184 1008 fontem
1215 971 1355 1010 esse.
1391 955 1631 1025 Indeque
1663 956 2004 1010 manifestior
2038 972 2221 1010 sermo

647 1042 813 1098 fuerit
847 1060 860 1096 :
891 1043 1011 1096 fons
1043 1045 1188 1098 enim
1236 1045 1359 1099 ideo
1397 1046 1520 1100 foris
1559 1047 1784 1111 dicitur,
1819 1047 1942 1115 quia
1971 1046 2220 1110 elfundit,

642 1146 696 1188 et
746 1132 868 1190 fons
914 1151 1134 1204 prorsus
1169 1137 1325 1190 effusi
1361 1139 1565 1192 dicitur
1593 1140 1733 1194 fons.
1778 1138 1890 1193 Hoc
1934 1140 1978 1194 si
2034 1140 2107 1193 ita
2165 1154 2224 1193 se

650 1227 836 1290 habet,
876 1226 1032 1280 Pater
1065 1229 1266 1282 dicitur
1295 1230 1416 1285 fons
1453 1230 1676 1285 Deitatis
1721 1247 1783 1285 ex
1837 1233 1954 1302 ipso
1996 1231 2220 1294 eﬂusan,

651 1321 771 1373 Filii
834 1335 1031 1387 nempe
1075 1330 1129 1374 et
1179 1321 1437 1389 Spiritus,
1466 1332 1521 1376 et
1572 1338 1680 1376 non
1726 1325 1808 1376 sui
1852 1324 2040 1393 ipsius.
2080 1324 2224 1394 Ergo

649 1412 692 1463 si
747 1411 867 1465 fons
915 1413 1145 1466 Deitatis
1195 1412 1378 1474 Pater,
1426 1421 1482 1467 et
1511 1414 1658 1468 solus
1692 1414 1836 1474 fons.
1886 1415 2051 1484 idque
2080 1415 2222 1468 idem

651 1512 735 1556 est
757 1519 820 1556 ac
865 1503 910 1556 si
957 1505 1159 1558 dixeris
1204 1505 1327 1560 fons
1360 1506 1607 1568 Deitatis,
1643 1516 1696 1560 et
1731 1508 1884 1561 Pater
1927 1517 1982 1562 et
2024 1507 2227 1577 produ-

651 1608 770 1648 ctor
803 1595 922 1648 Filii
967 1605 1021 1649 et
1073 1597 1330 1665 Spiritus.
1388 1597 1547 1653 Solus
1609 1600 1775 1669 igitur
1804 1601 1964 1654 Pater
2012 1610 2067 1655 et
2101 1615 2228 1670 pro-

2324 606 2481 655 γεται
2519 589 2610 639 καὶ
2654 581 2851 636 ἑαυτοῦ
2907 581 3082 650 πηγή.
3128 578 3270 631 Ἀλλ’
3303 578 3402 629 ούκ
3446 575 3561 627 ἔστι
3593 575 3770 628 τοῦτο.
3815 575 3903 637 Ὠς

2324 679 2435 748 γὰρ
2461 680 2693 745 λέγομεν
2729 675 2793 725 ἐκ
2821 671 2915 724 τοῦ
2948 669 3083 722 Θεοῦ
3133 669 3193 721 τὸ
3233 666 3460 735 Πνεῦμα
3487 668 3548 718 τὸ
3582 665 3757 732 ἅγιον,
3808 664 3905 716 καὶ

2323 773 2384 824 ού
2431 768 2678 835 νοοῦμεν,
2734 766 2816 818 ὅτι
2869 764 2965 815 καὶ
3011 761 3068 827 ἐξ
3099 759 3295 812 ἑαυτοῦ
3327 761 3498 825 ἐστιν,
3537 759 3620 810 ὅτι
3649 756 3780 818 Θεὸς
3813 757 3907 808 καὶ

2325 861 2476 926 αὐτὸ,
2530 859 2673 912 οὕτω
2711 855 2996 910 κάνταῦθα
3039 854 3099 905 ού
3135 853 3364 921 νοοῦμεν
3397 851 3490 903 τὸν
3530 850 3772 917 Πατέρα,
3822 848 3906 899 ὅτι

2325 954 2420 1008 καὶ
2463 951 2657 1005 ἑαυτοῦ
2691 953 2806 1002 ὲστι
2842 949 3014 1017 πηγή.
3052 947 3164 998 Καὶ
3209 943 3444 997 ἐνταῦθα
3473 943 3741 1013 πρόδηλος
3773 939 3906 1009 μᾶλ-

2326 1047 2416 1099 λον
2447 1047 2474 1097 6
2510 1044 2702 1111 λόγος·
2753 1041 2921 1112 ἡγὰρ
2951 1038 3126 1108 πηγὴ,
3162 1038 3243 1090 ὅτι
3296 1036 3538 1105 πηγάζει
3584 1051 3659 1097 τι,
3692 1033 3911 1098 λέγεται

2329 1137 2502 1207 πηγὴ,
2541 1134 2634 1187 καὶ
2662 1135 2693 1204 ἡ
2726 1130 2880 1200 πηγὴ
2902 1131 3119 1191 πάντως
3152 1129 3363 1180 ἐκείνου
3387 1127 3604 1193 λέγεται
3634 1124 3787 1192 πηγὴ
3814 1121 3910 1174 τοῦ

2327 1225 2736 1298 πηγαζομένου.
2777 1224 2839 1276 Εἰ
2867 1223 2922 1274 δὲ
2975 1220 3135 1273 τοῦτο
3170 1219 3321 1290 πηγὴ
3374 1218 3592 1284 λέγεται
3629 1219 3656 1269 ό
3718 1213 3911 1282 Πατὴρ

2327 1321 2428 1388 τῆς
2461 1320 2716 1387 θεότητος
2753 1317 2851 1384 τῆς
2882 1313 3272 1385 πηγαζομένης
3329 1312 3388 1379 ἐξ
3422 1310 3612 1374 αὐτοῦ,
3663 1310 3911 1379 δηλονότι

2328 1413 2422 1467 τοῦ
2449 1411 2579 1465 Υἱοῦ
2613 1413 2709 1464 καὶ
2751 1408 2847 1462 τοῦ
2895 1409 3240 1472 Πνεύματος,
3274 1406 3395 1474 οὐχὶ
3444 1404 3538 1456 καὶ
3587 1403 3808 1455 ἑαυτοῦ.
3850 1402 3912 1453 Ei

2329 1505 2461 1574 γοῦν
2485 1504 2636 1576 πηγὴ
2661 1503 2914 1571 θεότητος
2942 1503 2969 1553 6
3004 1499 3191 1569 Πατὴρ
3222 1500 3315 1552 καὶ
3351 1499 3488 1567 μόνη
3516 1496 3688 1566 πηγὴ,
3714 1496 3913 1547 ταυτὸν

2328 1599 2384 1652 δέ
2408 1600 2576 1661 ἐστιν,
2610 1596 2766 1658 εἴτις
2803 1593 2870 1648 ἂν
2902 1594 3031 1663 εἴπῃ
3067 1593 3219 1662 πηγὴ
3262 1591 3544 1662 θεότητος,
3595 1591 3690 1643 καὶ
3723 1588 3916 1657 Πατὴρ

652 1685 847 1739 duetor
877 1685 995 1739 Filii
1034 1694 1088 1740 et
1132 1687 1388 1757 Spiritus.
1425 1689 1631 1755 Quodsi
1662 1693 1830 1756 solus,
1879 1708 1985 1746 non
2041 1693 2229 1761 utique

2350 1693 2424 1746 ιαὶ
2454 1688 2750 1758 προὸολεὺς
2781 1685 2912 1740 Υίοῦ
2939 1686 3036 1740 καὶ
3055 1685 3399 1755 Πνεύματος,
3423 1684 3584 1752 μόνος
3610 1683 3718 1751 ἄρα
3746 1683 3773 1734 6
3808 1681 3920 1731 Πα-

654 1786 709 1829 et
771 1775 965 1839 Filius,
1029 1787 1287 1832 neutrum
1336 1794 1403 1832 ex
1461 1779 1547 1833 liis
1585 1781 1813 1835 scilicet.
1879 1781 1946 1835 Et
1998 1797 2065 1836 en
2113 1781 2225 1851 jam
2262 1843 2274 1854 ι

2350 1783 2437 1854 τηρ
2461 1763 2555 1836 καὶ
2593 1780 2780 1851 Πατὴρ
2810 1782 2905 1832 καὶ
2956 1778 3254 1849 προϐολεὺς
3291 1775 3424 1829 Υίοῦ
3455 1777 3550 1828 καλ⁵
3576 1774 3716 1828 Πνεύ
3729 1790 3920 1842 ματος.

653 1862 1092 1920 demonstratum
1133 1876 1217 1922 est
1275 1883 1338 1921 ex
1384 1867 1568 1922 divina
1612 1869 1915 1938 Scriptura,
1959 1843 2225 1940 Spiritum
2262 1843 2274 1899 l

2446 1875 2502 1927 δὲ
2549 1843 2900 1944 μόνος,“ούχὶ
2947 1843 3043 1924 καὶ
3076 1873 3104 1924 6
3151 1869 3299 1934 Υίὸς,
3343 1868 3589 1937 δηλονότι
3629 1868 3920 1934 οὐδέτερον

655 1968 907 2012 sanctum
939 1974 1048 2012 non
1073 1959 1372 2028 procedere
1401 1960 1563 2013 etiam
1595 1976 1660 2014 ex
1693 1961 1852 2016 Filio.
1888 1981 1907 2014 ι
1940 1962 2228 2031 Sapienter

2350 1965 2558 2020 τούτων.
2591 1966 2701 2019 Καὶ
2751 1965 2858 2018 ίδοὺ
2904 1964 3171 2018 δέδεικται
3225 1962 3380 2031 παρὰ
3413 1963 3479 2032 τῇ
3530 1959 3653 2035 θεία
3700 1960 3919 2029 Γραφῇ,

656 2046 950 2101 admodum
988 2048 1132 2117 quod
1159 2048 1262 2102 sibi
1289 2060 1652 2119 proposuerat
1682 2052 1976 2118 conclusit,
2010 2061 2065 2107 et
2087 2053 2227 2107 nihil

2350 2061 2416 2111 ὅτι
2443 2058 2507 2111 τὸ
2540 2058 2763 2128 Πνεῦμα
2790 2056 2850 2110 τὸ
2882 2056 3038 2124 ἃγιον
3065 2056 3165 2109 οὑκ
3195 2054 3557 2125 ἐκπορεύεται
3604 2052 3701 2105 καὶ
3736 2053 3799 2104 ἑκ
3824 2049 3921 2102 τοῦ

657 2139 931 2209 reliquum
958 2148 1063 2202 est,
1102 2149 1159 2195 ut
1184 2140 1417 2207 dixerat,
1451 2143 1514 2198 ad
1541 2145 1862 2212 quaestionis
1909 2143 2230 2214 explicatio-

2350 2148 2522 2202 Γίοῦ.»
2567 2148 2656 2211 Ὠς
2690 2146 3020 2218 θαυμαστῶς
3045 2146 3415 2225 ςυνεπέρανεν
3444 2145 3472 2198 6
3497 2143 3781 2214 προέθετο.
3811 2143 3925 2196 Καὶ

659 2246 823 2295 nem,
875 2231 921 2285 si
966 2231 1124 2287 initio
1182 2233 1356 2303 posita
1411 2235 1631 2289 veritati
1681 2236 2089 2302 inniterentur,
2137 2236 2228 2291 ubi

2350 2242 2510 2307 >ύδὲν,
2552 2241 2628 2304 ὡς
2658 2241 2892 2311 εἰρήκει,
2928 2237 3065 2309 πρὸς
3097 2237 3196 2308 τὴν
3243 2237 3338 2290 τοῦ
3380 2236 3716 2307 ζητουμένου
3753 2233 3924 2301 φανέ-

659 2321 825 2377 Pater
870 2339 975 2393 qua
1032 2336 1260 2394 generat
1305 2325 1502 2381 Filium
1552 2325 1713 2382 Pater
1762 2329 2086 2398 appellatur,
2124 2343 2232 2398 qua

2350 2354 2509 2407 ρωσιν
2543 2334 2950 2399 ὑπολέλειπται,
2984 2331 3122 2402 πλὴν
3150 2330 3258 2385 τῶν
3285 2330 3381 2382 ἀπ’
3410 2329 3586 2399 ἀρχῆς
3612 2324 3716 2381 ὦδε
3745 2325 3924 2378 τεθει-

659 2417 914 2487 producit
935 2416 1199 2487 Spiritum
1241 2435 1351 2475 non
1383 2419 1618 2492 amplius
1661 2421 1844 2488 Pater,
1881 2422 1975 2477 sed
2029 2423 2232 2492 produ-

660 2521 799 2575 ctor,
836 2513 929 2565 uni
957 2527 1086 2567 vero
1123 2514 1477 2583 coniunctivo
1515 2516 1707 2570 horum
1751 2518 1975 2572 nomine
2019 2532 2235 2572 nuncu-

660 2613 821 2671 patur
847 2605 987 2669 fons,
1027 2607 1186 2660 Pater
1217 2623 1413 2677 nempe
1436 2608 1583 2674 Filii,
1619 2610 1920 2680 productor
1951 2625 2080 2664 vero
2114 2609 2234 2680 Spi-

663 2697 826 2762 ritus,
849 2697 892 2750 si
918 2697 1078 2751 fidem
1107 2709 1348 2753 meretur
1373 2717 1604 2772 magnus
1629 2702 1937 2773 Dionysius,
1966 2703 2233 2756 scribens:

668 2808 686 2840 ι
721 2787 963 2844 Fontalis
1001 2790 1180 2845 Deitas
1203 2791 1363 2846 Pater
1420 2803 1526 2859 est,
1571 2794 1740 2848 Filius
1759 2809 1888 2848 vero
1912 2802 1964 2847 et
2001 2793 2239 2864 Spiritus

664 2882 906 2950 tleigenze
939 2881 1164 2938 Deitatis
1196 2884 1403 2938 surculi
1434 2902 1463 2940 a
1497 2885 1882 2981 implantati.
1913 2904 1932 2937 ι
1976 2884 2087 2939 Sed
2118 2901 2240 2954 qua:

663 2975 782 3044 ipse
814 2977 1053 3038 reticuit,
1079 2977 1195 3031 sive
1237 2987 1452 3046 sponte,
1508 2975 1622 3033 sive
1674 2979 1989 3049 frequenter
2020 2996 2048 3034 a
2081 2980 2241 3035 nobis

663 3077 1004 3132 memoratae,
1031 3077 1084 3122 et
1113 3079 1390 3140 percepto
1419 3071 1604 3126 divino
1630 3072 1968 3129 demandata:
1991 3090 2243 3144 perscru-

2344 2428 2520 2498 μένων
2566 2426 2665 2494 τῆς
2715 2423 2975 2493 ἀληθείας
3032 2423 3221 2485 ὄντων,
3280 2421 3409 2474 ἔνθα
3464 2423 3492 2473 6
3543 2420 3732 2488 Πατὴρ
3787 2416 3926 2470 καθὸ

2341 2519 2507 2590 γεννᾷ
2533 2517 2660 2571 Υίὸν
2692 2515 3018 2584 ὀνομάζεται
3049 2514 3256 2584 Πατὴρ,
3292 2513 3428 2566 καθὸ
3475 2512 3531 2564 δὲ
3560 2510 3926 2580 προϐάλλεται

2344 2612 2566 2684 Πνεῦμα
2609 2610 2794 2664 οὐκέτι
2823 2609 3028 2680 Πατὴρ,
3064 2609 3199 2663 ἀλλὰ
3231 2607 3550 2677 προόολεὺς,
3583 2606 3666 2658 ἑνὶ
3696 2606 3752 2658 δὲ
3798 2621 3926 2656 συν-

2344 2705 2565 2773 απτικῷ
2609 2705 2816 2758 τούτων
2839 2702 3066 2772 ὀνόματι
3097 2702 3345 2754 καλεῖται
3397 2699 3567 2770 πηγὴ,
3602 2698 3792 2768 Πατὴρ
3826 2695 3926 2766 μὲν

2345 2797 2477 2852 Υίοῦ
2506 2797 2770 2866 δηλονότι,
2799 2794 3099 2866 προϐολεὺς
3121 2795 3178 2868 δὲ
3202 2793 3542 2862 Πνεύματος,
3571 2791 3624 2844 εί
3643 2807 3705 2858 γε
3736 2788 3926 2847 πιστὸς

2345 2894 2375 2946 6
2410 2892 2579 2961 μέγας
2606 2889 2883 2949 Διονύσιος
2911 2887 3115 2952 λέγων·
3156 2903 3175 2937 ι
3199 2887 3322 2938 Ὀτι
3360 2885 3457 2955 μὲν
3487 2883 3699 2953 πηγαία
3734 2881 3929 2948 θεότης

2346 2987 2375 3038 6
2408 2985 2616 3054 Πατὴρ,
2650 2985 2678 3035 6
2706 2981 2833 3044 Υίὸς
2861 2982 2918 3034 δὲ
2943 2981 3038 3034 καὶ
3064 2981 3127 3032 τὸ
3153 2979 3377 3047 Πνεῦμα
3401 2976 3500 3045 τῆς
3525 2976 3778 3042 θεογόνου
3809 2972 3932 3024 θεό-

2345 3093 2511 3146 τητος
2538 3075 2756 3146 βλαστοὶ
2790 3072 3065 3141 θεόφυτοι.
3121 3090 3140 3123 t
3181 3071 3242 3123 Εί
3279 3069 3491 3132 τούτοις
3533 3069 3602 3120 τὰ
3627 3065 3929 3132 λειπόμενα

665 3160 890 3215 tationis
941 3160 1348 3230 Scripturarum
1407 3165 1700 3232 neglectu,
1774 3166 2064 3228 addentur,
2121 3181 2274 3239 quael

2350 3169 2448 3222 εἷθ’
2481 3169 2766 3232 ἑκουσίως,
2817 3167 2926 3218 εἴτε
2982 3163 3124 3217 κατά
3173 3163 3480 3232 πορόρασιν
3513 3160 3609 3229 τῆς
3665 3157 3932 3216 πολλάκις

668 3267 989 3320 magnorum
1022 3254 1184 3307 etiam
1213 3254 1431 3323 pietatis
1467 3256 1816 3311 defensorum
1847 3257 2058 3312 calculo
2107 3273 2242 3312 con-

669 3345 1038 3398 firmationem
1091 3355 1546 3413 consequentur,
1605 3363 1838 3416 quorum
1884 3365 2025 3404 unus
2082 3352 2246 3405 fuerit

671 3436 956 3506 tlieol0gize
992 3444 1204 3503 tertex,
1240 3454 1468 3509 magnus
1492 3441 1849 3506 Athanasius,
1887 3443 2139 3496 oratione
2179 3441 2247 3496 de

670 3531 940 3585 inearnati
973 3529 1068 3584 Dei
1097 3529 1258 3585 Verbi
1292 3533 1660 3600 apparitione,
1697 3535 1856 3600 cujus
1880 3535 2011 3589 illud
2045 3536 2248 3605 princi-

671 3623 869 3691 pium:
909 3640 928 3673 ι
972 3623 1077 3687 Qui
1126 3622 1400 3677 malitiose
1449 3624 1663 3677 divinas
1705 3624 2017 3696 Scripturas
2063 3628 2250 3682 volunt

671 3715 999 3784 intelligere,
1031 3732 1050 3763 ι
1079 3729 1194 3767 rem
1242 3714 1546 3784 theologice
1594 3725 1854 3781 tractans,
1887 3718 2004 3771 haec
2031 3718 2196 3772 habet
2232 3736 2246 3772 :

679 3824 700 3858 ι
727 3805 843 3859 Scit
864 3803 1008 3857 enim
1037 3805 1181 3873 apud
1206 3804 1374 3857 Deum
1400 3803 1613 3859 Patrem
1642 3807 1996 3862 exsistentem
2028 3807 2248 3872 Filium,

675 3895 913 3965 Spiritus
943 3897 1114 3950 sancti
1144 3894 1372 3949 fontem.
1406 3914 1424 3945 ›
1449 3883 1705 3951 Ecclesia:
1754 3913 1880 3952 vero
1905 3914 2068 3952 aurea
2118 3915 2252 3954 voce

678 3990 907 4060 praedita
948 3988 1178 4043 luscinia
1210 3988 1455 4042 oratione
1482 3988 1552 4043 de
1597 3991 1856 4061 mysterio
1886 3991 2252 4059 baptismatis,

673 4082 835 4150 cuius
861 4081 1185 4150 principium
1214 4098 1229 4135 :
1270 4098 1288 4131 ι
1314 4082 1515 4135 lterum
1547 4084 1706 4137 nobis
1743 4083 2010 4153 spiritalis
2041 4084 2253 4138 cithara

677 4173 821 4227 beati
858 4171 1100 4234 Davidis,
1128 4190 1152 4223 ι
1174 4173 1252 4226 sic
1279 4172 1593 4242 eloquitur:
1631 4193 1648 4225 ι
1679 4172 1972 4244 Propterea
2007 4173 2255 4230 Salvator

676 4264 1291 4332 estcnditsemetipsum
1316 4265 1522 4318 fontem
1569 4266 1719 4331 vitae,
1749 4275 1805 4320 et
1835 4282 2032 4336 aquam
2064 4267 2255 4321 viven-

678 4371 788 4414 tem
822 4357 1087 4428 Spiritum
1127 4367 1402 4411 sauctum.
1431 4375 1451 4410 ι
1492 4358 1549 4413 Si
1577 4372 1643 4413 ex
1685 4359 1769 4412 his
1801 4358 2089 4412 manifesto
2135 4357 2261 4428 Spi-

680 4453 822 4504 ritus
875 4450 1051 4504 sancti
1109 4448 1232 4502 fons
1283 4458 1369 4503 est
1433 4447 1634 4515 Filius;
1708 4450 2047 4504 admirabilis
2096 4451 2258 4518 plane

681 4542 966 4598 conclusio
1021 4542 1259 4611 negatio,
1321 4555 1428 4594 non
1473 4541 1725 4610 procedit
1777 4541 1942 4596 etiam
2003 4556 2067 4596 ex
2122 4526 2338 4594 FilioD

680 4637 921 4707 Spiritus
975 4643 1220 4697 sanctus,
1264 4635 1531 4703 rejicitur.
1564 4631 1854 4688 allirmatio
1881 4649 2008 4688 vero
2043 4650 2074 4688 a
2101 4634 2261 4688 nobis

683 4744 781 4798 per
807 4728 1054 4797 ejusdem
1094 4726 1432 4797 significatus
1457 4737 1512 4780 et
1542 4728 1831 4781 sententiae
1854 4741 2016 4781 voces
2041 4735 2263 4781 ostensa

682 4821 975 4876 dissidium
1000 4819 1225 4889 relegat,
1257 4820 1336 4873 uti
1368 4835 1477 4872 non
1511 4820 1601 4872 hic
1629 4819 1805 4874 solum
1838 4819 1934 4873 sed
1979 4819 2033 4872 in
2079 4819 2262 4873 multis

682 4911 849 4966 etiam
888 4910 1031 4974 aliis,
1061 4911 1265 4965 divinis
1292 4911 1664 4981 dogmatibus,
1713 4910 1897 4964 verbis
1923 4918 1978 4964 et
2003 4909 2263 4979 operibus

681 5005 1009 5060 confirmant
1046 5003 1227 5057 divina
1273 5013 1456 5057 mente
1498 5003 1655 5067 fulti;
1702 5013 1756 5058 et
1797 5005 1866 5057 ab
1925 5002 2030 5058 hoc
2065 5003 2260 5058 eodem

682 5097 771 5166 qui
814 5097 888 5150 ita
932 5095 1229 5160 conclusit,
1257 5096 1442 5150 verbis
1474 5095 1610 5164 ipsis
1651 5107 1925 5150 assertum
1967 5105 2087 5159 est,
2137 5111 2260 5149 cum

683 5189 861 5258 palam
909 5186 1176 5240 edixerit:
1223 5204 1240 5237 ι
1288 5186 1432 5241 Fons
1477 5186 1662 5248 Pater,
1703 5201 1903 5240 nomen
1951 5186 2263 5254 conjuncti-

683 5296 835 5343 vum,
869 5280 1179 5350 genitorem
1221 5278 1475 5334 indicans
1506 5285 1563 5332 et
1611 5277 1998 5347 productorem
2032 5277 2086 5330 in
2125 5277 2263 5332 Filio

681 5381 736 5427 et
759 5373 981 5443 Spiritu.
1011 5391 1032 5422 ι

759 5653 844 5708 19.
885 5651 939 5704 Si
969 5652 1152 5720 itaque
1182 5649 1260 5704 sic
1293 5648 1452 5703 fateri
1503 5647 1676 5701 coacti
1730 5647 1894 5700 etiam
1949 5645 2127 5713 inviti,
2174 5647 2264 5715 qui

687 5749 855 5817 hujus
883 5753 1066 5814 partes
1095 5751 1422 5812 sequuntur,
1457 5739 1521 5794 ad
1564 5739 1692 5793 illud
1715 5737 1854 5791 solus
1887 5737 2267 5808 confugientes

689 5851 831 5893 nova
861 5840 1297 5892 commentorttm
1326 5841 1473 5889 strue
1505 5829 1689 5900 stipati
1711 5828 1762 5886 id
1792 5827 1997 5886 dictum
2021 5836 2268 5882 asserant

2352 3261 2820 3335 μνημονευθείσης
2850 3258 2968 3311 κατ’
3000 3256 3218 3324 ἐντολὴν
3246 3253 3584 3320 Δεσποτικὴν
3627 3249 3933 3316 ἐξετάσεως

2346 3357 2622 3427 γραφικῆς
2653 3351 3105 3424 προστεθήσεται,
3141 3346 3177 3400 ἃ.
3225 3347 3319 3399 καὶ
3348 3345 3486 3398 αὐτὰ
3526 3343 3628 3413 τὴν
3659 3343 3722 3394 ἐκ
3758 3340 3933 3410 μεγά-

2346 3450 2455 3500 λων
2495 3443 2819 3514 προηγόρων
2865 3441 2967 3508 τῆς
3021 3436 3304 3499 εὐσεϐείας
3339 3437 3604 3487 πίστωσιν
3638 3431 3931 3500 ἁπαστράο

2349 3554 2597 3597 πτουσιν,
2638 3529 2712 3587 ὧν
2742 3535 2776 3601 ἡ
2815 3533 2913 3601 μὲν
2947 3531 3039 3598 τῆς
3089 3527 3382 3597 ὁμολογίας
3416 3525 3677 3594 ἀκρότης,
3705 3525 3733 3575 6
3764 3521 3934 3583 πολὺς

2365 3629 2561 3682 Ἀθανά
2575 3645 2678 3687 σιος
2702 3627 2758 3678 ὲν
2785 3624 2860 3693 τῷ
2883 3624 3010 3692 περὶ
3045 3621 3144 3688 τῆς
3167 3620 3434 3688 ὲνσὰρκου
3466 3615 3558 3669 τοῦ
3589 3614 3725 3668 Θεοῦ
3755 3614 3934 3680 Λόγου

2352 3719 2678 3788 ἐπιφανείας
2704 3716 2871 3783 λόγῳ,
2915 3706 2976 3766 οῦ
3006 3713 3039 3782 ή
3081 3710 3248 3781 ἀρχὴ,
3282 3729 3299 3760 ι
3345 3711 3408 3761 Οἱ
3439 3709 3790 3776 κακοτέχνως
3834 3705 3936 3765 τὰς

2353 3813 2502 3873 θείας
2532 3809 2753 3880 Γραφὰς
2779 3804 3092 3875 βουλόμενοι
3121 3804 3284 3863 νοεῖν,
3315 3819 3331 3851 ι
3360 3798 3626 3866 θεολογῶν
3655 3797 3799 3850 οὕτω
3830 3811 3942 3864 φης

2356 3908 2442 3958 σίν
2469 3922 2482 3934 ·
2519 3922 2536 3954 ι
2582 3897 2704 3958 Οίδε
2758 3900 2868 3970 γὰρ
2906 3899 3060 3968 παρὰ
3094 3897 3213 3965 Θεῷ
3245 3896 3420 3965 Πατρὶ
3470 3896 3600 3947 ὄντα
3651 3893 3744 3945 τὸν
3781 3891 3939 3953 Υίὸν,

2353 3996 2454 4066 τὴν
2483 3995 2666 4063 πηγὴν
2694 3992 2789 4044 τοῦ
2829 3991 2984 4058 ἁγίου
3035 3988 3372 4058 Πνεύματος.
3413 4005 3431 4037 ι
3474 3986 3539 4038 Ἥ
3569 3986 3625 4038 δὲ
3663 3984 3764 4053 τῆς
3810 3983 3940 4035 Ἑκ-

2356 4088 2589 4158 κλησίας
2636 4083 2985 4156 χρυσόφωνος
3030 4081 3213 4151 ἀηδὼν
3243 4080 3302 4132 ὲν
3329 4079 3409 4149 τῷ
3428 4079 3506 4139 είς
3545 4077 3608 4130 τὸ
3640 4076 3944 4145 μυστήριον

2357 4178 2451 4233 τοῦ
2501 4177 2876 4245 βαπτίσματος
2908 4173 3073 4241 λόγῳ,
3105 4165 3166 4224 οὗ
3197 4171 3231 4241 ὴ
3284 4171 3450 4239 ἀρχὴ,
3488 4185 3508 4218 ι
3543 4167 3712 4220 Πάλιν
3746 4166 3881 4234 ἡμῖν
3909 4165 3944 4233 ἡ

2359 4269 2705 4339 πνευματικὴ
2745 4267 2946 4336 κιθάρα
2980 4266 3073 4318 τοῦ
3103 4261 3374 4335 μακαρίου
3401 4258 3613 4323 Δαυῖδ,ι
3646 4257 3792 4312 οὕτω
3821 4257 3946 4311 δια-

2359 4361 2579 4432 γορεύει
2609 4376 2623 4390 ο
2661 4380 2678 4411 ι
2719 4358 2820 4411 Διὰ
2841 4357 3001 4410 τοῦτο
3030 4357 3059 4408 ό
3087 4355 3280 4423 Σωτὴρ
3313 4351 3589 4405 δείκνυσιν
3619 4348 3813 4402 ἑαυτὸν
3841 4365 3948 4418 πη·

2361 4457 2463 4525 γὴν
2502 4453 2649 4522 ζωῆς
2696 4454 2793 4504 καὶ
2825 4450 2968 4519 ὕδωρ
2997 4448 3105 4513 ζῶν
3147 4447 3208 4500 τὸ
3251 4443 3477 4512 Πνεῦμα
3518 4441 3580 4495 τὸ
3610 4441 3785 4509 ἅγιον.
3828 4458 3846 4491 ι
3883 4439 3949 4494 El

2367 4549 2432 4600 ἐκ
2459 4545 2626 4597 τῶνδε
2659 4543 2810 4613 πηγὴ
2841 4543 2934 4596 καὶ
2969 4543 2996 4593 6
3027 4539 3152 4600 Υίὸς
3179 4537 3447 4606 ἀριδὴλως
3474 4535 3569 4588 τοῦ
3603 4533 3946 4598 Πνεύματος,

2371 4636 2750 4707 συμπέρασμα
2784 4635 2880 4703 μὲν
2902 4633 2964 4686 τὸ
3004 4631 3317 4700 θαυμαστὸν
3342 4630 3375 4698 ἠ
3402 4627 3700 4696 ἀπόφασις,
3728 4626 3829 4678 οὐκ
3856 4626 3950 4677 ὲκ-

2367 4727 2660 4797 πορεύεται
2690 4726 2784 4778 καὶ
2813 4726 2877 4777 ἐκ
2903 4722 2997 4776 τοῦ
3033 4722 3164 4775 Υίοῦ
3193 4721 3255 4773 τὸ
3291 4721 3513 4789 Πνεῦμα
3535 4720 3596 4772 τὸ
3631 4718 3786 4785 ἅγιον
3807 4718 3950 4768 ducs-

2367 4819 2618 4887 λήλαται,
2678 4816 2988 4883 κατάφασις
3039 4813 3099 4866 δὲ
3147 4810 3351 4881 ταύτης
3399 4810 3433 4879 ἡ
3491 4807 3620 4878 παρ’
3667 4806 3828 4876 ἡμῶν
3879 4804 3952 4856 δι’

2367 4907 2698 4978 όμοσθενῶν,
2755 4905 2851 4958 καὶ
2901 4901 3322 4970 ταυτοδυνάμων
3373 4898 3569 4968 φωνῶν
3620 4895 3950 4965 δεικνυμένη

2367 5002 2435 5053 τὰ
2465 5000 2563 5069 τῆς
2609 4999 2881 5066 διαμάχης
2923 4993 3306 5064 ἔκκρούεσθαι,
3343 4991 3526 5052 καθὼς
3569 4990 3669 5042 οὐκ
3714 4987 3952 5042 ἐνταῦθα

2372 5095 2551 5164 μόνον,
2602 5091 2736 5144 ἀλλὰ
2770 5091 2862 5143 καὶ
2912 5089 3126 5150 πολλοῖς
3177 5088 3235 5138 ὲν
3286 5085 3471 5146 ἄλλοις
3501 5075 3750 5149 ¹δόγμασι
3785 5079 3953 5140 θείοις

2371 5185 2579 5256 ῥήμασί
2607 5201 2666 5235 τε
2713 5182 2808 5235 καὶ
2838 5181 3129 5252 πράγμασι
3181 5176 3607 5247 παριστὰνουσιν
3636 5173 3684 5225 οἱ
3726 5171 3956 5237 θεόφρο-

2371 5295 2479 5340 νες,
2523 5275 2653 5345 παρ’
2714 5273 2880 5327 αὑτοῦ
2934 5272 3123 5324 τούτου
3172 5269 3268 5322 τοῦ
3305 5268 3451 5321 οὕτω
3498 5265 3955 5345 συμπερ-ἀναντος

2369 5342 2646 5430 αὐτολεξεὶ
2668 5363 3034 5433 ὡμολόγηται,
3059 5361 3246 5428 σαφῶς
3263 5342 3724 5428 ἁνηγορευκότοςξ
3748 5371 3765 5404 ι
3795 5353 3955 5423 Πηγὴ

2370 5459 2580 5527 Πατὴρ,
2605 5457 2775 5526 ὄνομα
2801 5454 3145 5516 συναπτικὸν,
3174 5455 3234 5504 τὸ
3256 5454 3536 5521 γεννήτωρ
3561 5445 3757 5515 δηλοῦν
3779 5447 3873 5497 καὶ
3897 5447 3956 5496 τὸ

2371 5549 2669 5619 προϐολεὺς
2700 5551 2793 5599 ἐπὶ
2823 5545 2953 5597 Υἰοῦ
2980 5561 3037 5596 τε
3073 5547 3166 5596 καὶ
3199 5542 3538 5611 Πνεύματος.
3578 5557 3596 5590 ι

2442 5640 2531 5695 ιθ⁹.
2562 5641 2618 5692 Ei
2645 5638 2737 5691 οῦν
2763 5638 2905 5690 οὕτω
2930 5636 3382 5704 συνελαυνόμενοι
3407 5631 3838 5701 συνομολογῆσαι
3862 5630 3958 5680 καὶ

2371 5735 2596 5795 ἄκοντες
2632 5733 2681 5783 οἱ
2717 5729 2868 5782 τοῦδε
2918 5729 3018 5798 τῆς
3051 5728 3271 5798 μερίδος
3310 5726 3557 5796 ἐχόμενοι
3591 5726 3671 5786 εἰς
3710 5724 3769 5775 τὸ
3794 5724 3956 5790 μόνη

2379 5824 2809 5893 καταφυγόντες,
2842 5819 3255 5892 εύρισιλογῆσαι
3283 5817 3655 5890 βουλήσονται,
3689 5813 3780 5867 καί
3803 5811 3959 5866 τοῦτο
