4220 6444
362 355 498 425 1369

1346 369 1646 430 CONTRA
1686 372 1847 432 MAN
1861 371 2118 433 UELEM
2156 375 2641 437 CRETENSEM.

3485 379 3622 443 1370

355 477 800 548 διαναστήσονται
847 475 1013 549 φάναι
1044 483 1294 553 λελέχθαι
1332 487 1424 538 τοῦ
1455 487 1586 540 Υίοῦ
1618 488 1750 558 πρὸς
1774 488 1920 557 ἀφαί-

2037 489 2100 542 ad
2132 491 2532 545 excludendum
2557 493 2793 557 Filium;
2827 493 2902 546 uti
2943 493 3034 560 qui
3073 492 3269 560 saepius
3326 492 3623 560 multisque

361 584 527 636 ρεσιν,
578 567 726 639 ὼςή
789 572 1109 642 ἐλεγχθεῖσα
1168 576 1521 646 πολυτρόπως
1587 582 1934 650 τομογραφία

357 657 578 726 φάσκει,
609 662 640 730 ἡ
683 662 775 714 καὶ
823 664 1112 735 δυναστείᾳ
1137 669 1200 736 τῇ
1235 669 1369 736 πρὸς
1398 670 1498 738 τὴν
1541 672 1802 736 ἀλήθειαν
1833 691 1934 724 πε-

358 753 684 824 ριεπομένη,
729 756 850 810 τίνα
882 759 1082 827 ἑαυτῆς
1110 761 1322 814 ὖλισθον
1363 765 1461 817 οὐκ
1504 766 1836 832 ὲπὰξουσινς
1876 767 1933 819 Ὀ

355 842 464 895 τῶν
497 846 754 914 ἀρρήτων
793 849 1078 919 ύνρηγητὴς
1125 854 1218 905 καὶ
1251 855 1360 906 τῶν
1393 856 1639 910 ἀθεάτων
1691 860 1933 927 ἐπόπτης

361 934 528 1002 μόνην
556 937 737 1006 πηγὴν
775 939 965 1010 εἴρηκε
995 944 1084 996 τὸν
1117 945 1332 1015 Πατέρα
1357 963 1370 976 ·
1394 951 1487 1001 καὶ
1515 951 1563 1002 εί
1599 951 1732 1020 πρὸς
1755 953 1936 1004 τοιαύ-

357 1044 476 1095 την,
514 1031 580 1098 ἢν
633 1025 780 1084 οὗτοι
827 1034 1271 1106 διισχυρίζονται,
1315 1042 1554 1097 διάνοιαν
1595 1043 1782 1111 ἔφησε,
1819 1044 1936 1108 πῶς

355 1121 406 1170 οί
457 1121 716 1190 ῥηθέντες
767 1125 1075 1194 τηλικοῦτοι
1121 1131 1405 1200 φωστῆρες
1451 1133 1548 1199 τῆς
1607 1135 1934 1203 Ἐκκλησίας

356 1212 539 1280 πηγὴν
571 1216 664 1266 καὶ
686 1216 777 1267 τὸν
807 1217 934 1270 my
960 1218 1052 1271 τοῦ
1087 1221 1402 1290 Πνεύματος
1445 1225 1831 1295 ὲδογμὰτισαν,
1857 1226 1934 1296 τῷ

354 1303 594 1372 τοσούτῳ
642 1306 944 1378 διαρρήδην
974 1312 1324 1377 ἁπεναντίας,
1368 1306 1430 1366 οὗ
1461 1316 1588 1378 τοὺς
1643 1319 1822 1380 ἱεροὺς
1850 1319 1935 1370 λό-

355 1406 484 1456 γους
515 1395 612 1446 καὶ
656 1398 724 1448 τὰ
757 1400 1168 1470 συγγράμματα
1201 1403 1404 1457 τούτων
1449 1406 1513 1458 ὲκ
1562 1408 1927 1476 παραδόσεως,

354 1483 450 1534 καὶ
477 1483 584 1534 τῶν
607 1487 809 1552 ὁμοίων
836 1490 1093 1560 Πατέρων
1118 1494 1149 1562 η
1182 1493 1276 1545 τοῦ
1299 1495 1433 1547 Θεοῦ
1472 1497 1767 1567 Ἐκκλησία
1793 1501 1934 1567 μετὰ

351 1574 423 1625 τὰ
457 1575 790 1630 ἀποστολικὰ
817 1580 934 1634 θεῖα
959 1583 1292 1654 κηρύγματα
1321 1587 1415 1640 καὶ
1443 1589 1750 1659 διδάγματα
1780 1594 1936 1646 κατέ-

351 1682 436 1735 χει
484 1669 578 1721 καὶ
624 1671 965 1735 ὲνσεδίζεται
992 1693 1007 1708 ο
1049 1681 1142 1729 καὶ
1172 1680 1232 1730 οὑ
1289 1681 1450 1748 μόνον
1485 1682 1608 1745 τοὺς
1657 1685 1932 1750 τοιούτους

353 1760 488 1829 πρὸς
512 1764 603 1814 τὸν
629 1766 885 1819 τοσοῦτον
934 1769 1225 1840 πολεμίους
1259 1775 1638 1843 ἐμφαίνουσιν,
1672 1779 1806 1831 ἀλλὰ
1835 1781 1931 1833 καὶ

347 1853 485 1920 πρὸς
528 1855 755 1920 ἑαυτοὺς
802 1833 1082 1927 ὲμφανῶςί
1127 1865 1214 1916 Ἐν
1261 1833 1370 1936 γὰρ
1411 1833 1648 1939 δευτέρῷ
1680 1872 1929 1940 τμήματι
1961 1833 2004 1889 Β

350 1945 534 2036 βίϐλου
567 1948 667 2016 τῆς
712 1952 1170 2022 ἑκκλησιαστικῆς
1213 1957 1475 2028 Ἱστορίας
1519 1964 1546 2014 ό
1587 1962 1930 2036 Θεοδώρητος

346 2033 444 2102 τὴν
463 2038 596 2104 πρὸς
621 2040 744 2101 τοὺς
784 2042 1024 2110 Ἀφρους
1057 2045 1149 2096 τοῦ
1176 2046 1272 2116 τῆς
1302 2049 1600 2114 ἀθανασίας
1635 2033 1928 2124 ἐπωνύμου

347 2129 476 2192 περὶ
506 2128 606 2199 τῆς
654 2132 714 2183 ἐν
750 2132 1033 2204 Ἀριμήνῳ
1081 2139 1301 2191 συνόδου
1338 2145 1775 2212 καταστρωννύει
1805 2150 1928 2200 ἐπι-

345 2219 562 2288 στολὴν,
604 2223 661 2273 ὲν
747 2223 918 2276 ταῦτα
955 2226 1384 2296 διαλαμϐάνεται
1405 2248 1421 2264 ·
1461 2251 1479 2284 ι
1512 2235 1607 2296 Τίς
1630 2235 1686 2288 δὲ
1715 2238 1928 2301 τούτοις

346 2311 624 2365 συνελθεῖν
647 2315 894 2385 ἐθελήσει
927 2319 1234 2390 ἀνθρώποις
1270 2324 1405 2393 μηδὲ
1434 2326 1501 2378 τὰ
1546 2327 1757 2381 ἑαυτῶν
1787 2331 1926 2383 ἀπο-

341 2405 694 2473 δεχομένοις;
742 2409 807 2462 Oi
851 2411 960 2483 γὰρ
997 2414 1056 2465 ὲν
1105 2417 1226 2478 ταῖς
1268 2417 1476 2471 ἑαυτῶν
1504 2419 1634 2474 δέκα
1685 2437 1787 2474 που
1830 2425 1925 2477 καὶ

343 2497 528 2564 πλέον,
560 2500 702 2554 καθὰ
743 2504 1101 2575 προείπομεν,
1131 2509 1369 2574 συνόδοις
1393 2512 1583 2566 ἄλλοτε
1617 2515 1754 2568 ἄλλα
1781 2517 1924 2587 γρά-

342 2607 558 2658 φοντες,
591 2592 739 2664 δῆλοί
787 2597 930 2650 εἰσιν
971 2599 1208 2672 ἑκάστης
1243 2605 1398 2656 αὐτοὶ
1441 2609 1736 2678 κατήγοροι
1768 2610 1923 2677 γενό-

340 2702 520 2752 μενοι.
548 2687 825 2757 Πάσχουσι
851 2691 908 2744 δὲ
930 2695 1088 2747 τοῦτο
1115 2696 1251 2767 ὅπερ
1279 2697 1375 2750 καὶ
1412 2700 1460 2752 oi
1485 2701 1604 2753 τότε
1638 2690 1748 2755 τῶν
1785 2704 1922 2757 Ἰου-

341 2778 508 2831 δαίων
555 2783 906 2839 πεπόνθασιν.
961 2787 1050 2850 Ὣς
1101 2792 1207 2860 γὰρ
1241 2791 1442 2844 ἐκεῖνοι
1497 2794 1924 2865 καταλείψαντες

338 2871 439 2940 τὴν
470 2874 641 2943 μόνην
677 2878 860 2948 πηγὴν
891 2879 983 2932 τοῦ
1010 2880 1214 2945 ζῶντος
1243 2882 1454 2949 ὕδατος,
1490 2888 1756 2955 Ὠρυξαν
1781 2892 1922 2947 ἐαυ-

337 2963 464 3030 τοῑς
495 2967 786 3032 λάκκους,
817 2969 874 3024 οι
903 2974 974 3025 οὺ
999 2972 1374 3040 δυνήσονται
1411 2978 1572 3047 ὕδωρ
1612 2983 1874 3050 συσχεῖν
1904 3000 1918 3015 ·

337 3058 649 3144 γέγραπται
681 3063 740 3115 δὲ
791 3065 944 3133 παρὰ
991 3065 1071 3135 τῷ
1122 3071 1376 3141 προφήτῃ
1431 3071 1706 3144 Ἱερεμίᾳ·
1745 3075 1921 3141 οὕτως

2036 581 2213 635 modis
2251 582 2521 636 refutatns
2557 595 2640 638 est
2676 594 2881 648 tomus,
2908 585 3191 639 dominatu
3223 599 3287 638 ac
3335 583 3623 653 tyrannide

2036 678 2289 732 sull‘ultus
2319 679 2583 740 insinuat,
2616 696 2778 748 quem
2811 680 2911 733 sibi
2953 681 3162 748 lapsum
3197 694 3305 732 non
3337 677 3622 731 inferunt?

2037 769 2306 838 lnterpres
2339 787 2520 824 rerum
2556 771 2936 833 inellabilium,
2970 783 3022 825 et
3075 771 3465 826 immortalium
3518 769 3617 821 in-

2036 872 2253 929 spector
2282 863 2454 916 solum
2490 865 2694 916 fontem
2731 861 2946 916 Patrem
2979 866 3340 933 nuncupavit,
3375 873 3431 917 et
3476 862 3520 915 si
3561 861 3613 913 in

2036 970 2199 1022 quam
2235 956 2332 1022 ipsi
2365 958 2701 1010 contendunt
2756 959 3086 1012 sententiam
3135 959 3293 1019 dixit,
3334 955 3616 1027 quomodo

2032 1045 2142 1112 jam
2187 1045 2411 1114 allegata
2469 1056 2628 1100 tanta!
2679 1049 3034 1102 auctoritatis
3095 1049 3352 1103 Ecclesiae
3410 1048 3616 1100 lumina

2038 1138 2241 1191 fontem
2269 1139 2433 1191 etiam
2469 1138 2704 1206 Spiritus
2740 1140 2937 1194 Filium
2970 1140 3354 1199 decreverunt,
3397 1153 3427 1190 a
3467 1146 3618 1190 tanto

2036 1229 2154 1282 viro
2185 1230 2359 1298 palam
2421 1229 2722 1293 discordes,
2777 1233 2937 1300 cujus
2991 1247 3180 1286 sacros
3225 1243 3508 1283 sermones
3564 1235 3620 1278 et

2036 1319 2492 1385 Commentarios,
2521 1337 2587 1374 ex
2620 1323 2940 1377 eorumdem
2975 1321 3287 1383 traditione,
3317 1329 3370 1372 et
3395 1318 3617 1371 Patrum

2037 1409 2293 1463 similium
2343 1410 2435 1464 Dei
2487 1413 2750 1477 Ecclesia,
2801 1425 2923 1484 post
2977 1413 3274 1483 apostolica
3323 1411 3619 1476 divinaque

2036 1501 2222 1565 eliata,
2246 1512 2300 1556 et
2333 1504 2774 1572 praedicationem
2808 1516 2978 1569 tenet,
3020 1515 3072 1560 et
3105 1507 3261 1568 colit,
3311 1517 3487 1571 neque
3525 1517 3619 1554 so-

2037 1593 2146 1647 lum
2187 1594 2312 1647 huic
2340 1605 2444 1647 tam
2479 1612 2672 1666 magno
2712 1613 2831 1652 sese
2877 1598 3157 1652 adversari
3214 1597 3615 1654 demonstrant,

2036 1687 2128 1740 sed
2159 1697 2212 1740 et
2244 1685 2598 1755 sibimetipsis
2631 1690 2961 1758 perspicue?
2995 1690 3243 1757 Namque
3279 1687 3331 1740 in
3373 1685 3618 1744 secundo

2038 1787 2186 1832 tomo
2237 1777 2626 1833 Ecclesiasticw
2655 1780 2933 1844 Historia.
2967 1780 3348 1835 Theodoretus
3389 1779 3618 1832 immor-

2035 1870 2259 1924 talitatis
2281 1872 2623 1942 cognominis
2667 1873 2734 1926 ad
2776 1872 2938 1926 Afros
2982 1873 3164 1927 datam
3217 1873 3504 1940 epistolam
3546 1871 3616 1923 de

2030 1963 2365 2018 Ariminensi
2416 1963 2628 2032 synodo
2663 1963 2871 2025 refert,
2924 1965 2979 2018 in
3035 1980 3139 2033 qua
3191 1963 3388 2018 similia
3438 1961 3616 2016 conti-

2032 2063 2235 2108 nentur
2275 2073 2289 2114 :
2324 2074 2343 2107 ι
2379 2053 2513 2121 Quis
2545 2070 2710 2125 porro
2737 2072 2926 2111 eorum
2977 2057 3261 2110 sententiae
3289 2056 3420 2109 velit
3453 2069 3614 2107 acce-

2031 2147 2181 2211 dere,
2210 2149 2303 2219 qui
2336 2164 2406 2203 ne
2434 2165 2534 2203 sua
2567 2150 2792 2219 quidem
2821 2151 3067 2205 instituta
3118 2149 3217 2218 ipsi
3271 2146 3613 2218 approbant?

2030 2238 2161 2294 Nam
2196 2241 2313 2310 qui,
2343 2241 2419 2294 uti
2450 2257 2617 2311 supra
2651 2242 2916 2308 diximus,
2961 2243 3201 2312 amplius
3240 2241 3430 2295 decem
3487 2239 3612 2292 lidei

2029 2330 2319 2398 formulas,
2371 2332 2478 2387 alio
2530 2349 2770 2403 namque
2818 2343 3062 2403 tempore
3103 2333 3263 2386 aliam
3310 2347 3374 2384 ac
3412 2345 3610 2384 novam

2028 2440 2248 2495 semper
2279 2425 2706 2495 componebant,
2749 2426 2801 2480 in
2837 2427 2955 2480 suis
2991 2425 3237 2480 conciliis
3265 2422 3613 2491 conscripse-

2027 2528 2175 2580 runt,
2206 2528 2395 2586 aperte
2427 2517 2812 2572 demonstrant
2861 2518 3072 2587 seipsos
3125 2515 3335 2586 singula
3377 2529 3474 2568 sua
3525 2528 3614 2566 re-

2027 2608 2371 2677 prehendere
2421 2609 2698 2664 concilia:
2767 2609 3023 2677 idemque
3088 2609 3212 2662 istis
3271 2606 3417 2676 quod
3478 2605 3608 2658 olim

2025 2697 2229 2753 ludatis
2257 2699 2626 2770 proditoribus
2655 2700 2872 2755 accidit.
2908 2697 2978 2754 Ut
3007 2699 3154 2752 enim
3191 2698 3264 2752 illi
3298 2697 3417 2752 solo
3457 2695 3611 2750 fonte

2025 2806 2179 2860 aquae
2229 2791 2462 2846 viventis
2511 2769 2725 2854 relicto,
2791 2793 2868 2846 uti
2929 2792 3118 2846 scribit
3168 2789 3435 2845 Jeremias
3482 2804 3611 2856 pru—

2025 2885 2209 2954 pheta,
2249 2882 2422 2962 Lamp
2461 2884 2559 2938 sibi
2602 2887 2868 2954 foderunt.
2897 2886 2987 2954 qui
3019 2901 3120 2937 non
3153 2893 3366 2951 possunt
3416 2896 3614 2951 aquam

2026 2979 2295 3032 continere
2322 2980 2402 3032 ”:
2437 2978 2512 3033 ita
2545 2979 2634 3033 isti
2677 2996 2856 3050 pugna
2891 2990 3080 3034 contra
3119 2979 3375 3050 generale
3415 2979 3607 3032 conci-

2023 3069 2155 3123 lium
2192 3081 2447 3140 suscepta
2498 3070 2600 3125 sibi
2635 3073 2802 3125 multa
2841 3072 3251 3126 constituerunt
3298 3069 3550 3123 concilia.
3584 3085 3606 3120 ι

336 3142 484 3203 οὗτοι
546 3153 844 3222 μαχόμενοι
890 3157 1030 3226 πρὸς
1085 3157 1185 3229 τὴν
1235 3142 1916 3234 οίκουμενικὴννσύνοδον,

2023 3163 2102 3216 En
2131 3172 2185 3216 et
2215 3162 2481 3217 adversus
2505 3165 2747 3232 seipsum
2783 3178 3015 3233 magnus
3046 3164 3133 3218 hic
3169 3171 3441 3232 Pugnator
3473 3160 3612 3216 irre-

337 3238 552 3308 ὤρυξαν
597 3243 812 3307 ἑαυτοῖς
852 3248 1106 3310 συνόδους
1150 3250 1374 3314 πολλάς.
1413 3272 1432 3305 ι
1484 3255 1612 3309 Ἰδοὺ
1645 3259 1742 3310 καί⁸
1783 3262 1921 3330 πρὸς

337 3333 529 3387 ἑαυτὸν
553 3337 581 3387 ὁ
616 3339 791 3404 μέγας
825 3341 1075 3410 μαχητὴς
1109 3341 1539 3410 ἀκατάλλακτος,
1571 3350 1624 3400 ετ
1651 3366 1716 3417 γε
1751 3352 1926 3423 μόνην

335 3425 521 3495 πηγὴν
556 3427 650 3480 τοῦ
680 3428 883 3492 ζῶντος
912 3430 1101 3496 ὕδατος
1134 3434 1225 3487 τὸν
1266 3438 1484 3509 Πατέρα
1531 3441 1786 3505 καλέσας,
1826 3447 1920 3498 καὶ

333 3517 508 3580 οὐδεὶς
528 3519 557 3571 ὁ
578 3521 956 3590 ἀμφιϐάλλων,
982 3527 1135 3598 μὴτὸ
1156 3528 1263 3593 ζῶν
1286 3530 1430 3604 ὕδωρ
1451 3529 1591 3587 εἶναι
1613 3537 1672 3589 τὸ
1692 3539 1919 3608 Πνεῦμα

334 3610 395 3662 τὸ
428 3610 583 3673 ἅγιον
612 3616 668 3666 ὲν
719 3609 799 3678 οἷς
829 3618 1196 3687 προεθέμεθα,
1239 3625 1421 3693 πηγὴν
1465 3626 1631 3680 αὑτοῦ
1672 3631 1762 3684 τὸν
1791 3633 1916 3685 Υίὸν

334 3703 738 3790 προεσαφησεν.
795 3708 954 3762 Ἀλλὰ
994 3712 1206 3775 τούτοις
1244 3715 1294 3768 οἶ
1325 3717 1497 3770 ταῦτα
1542 3725 1916 3790 παρεισάγουο

335 3809 444 3856 σιν,
471 3789 552 3856 οἷς
577 3795 926 3864 φθέγγονται,
961 3798 1121 3870 ζῆλον
1149 3804 1405 3874 ἀληθινὸν
1425 3810 1454 3861 ό
1483 3789 1683 3880 ζηλῶν,
1707 3789 1912 3869 εἴσεται

335 3885 628 3955 πολεμίους
658 3888 867 3943 ἑαυτῶν
901 3894 995 3944 καὶ
1042 3894 1153 3947 τῶν
1183 3896 1344 3952 θείων
1371 3903 1769 3971 μυσταγωγῶν,
1810 3906 1912 3959 οὐκ

334 3977 532 4041 αὐτοὺς
556 3978 756 4048 ἥκιστα
799 3983 923 4044 τοὺς
959 3982 1357 4052 θεοφωτίστους
1384 3991 1480 4043 καὶ
1507 3991 1755 4062 ζηλωτὰς
1782 3996 1910 4066 όμο-

332 4068 530 4130 πνόους
577 4071 678 4142 τῆς
726 4074 984 4141 πίστεως,
1027 4078 1078 4130 οἳ
1121 4079 1217 4132 τοῦ
1276 4082 1613 4152 Εὐαγγελίου
1668 4088 1912 4159 κήρυκες

330 4160 484 4222 δντες
532 4163 630 4217 καὶ
685 4164 924 4234 μαθηταὶ
963 4169 1059 4221 καὶ
1109 4171 1440 4240 διδάσκαλοι,
1492 4177 1618 4230 καθ’
1653 4179 1713 4233 δν
1755 4181 1912 4250 λόγον

332 4251 480 4344 τσασι
513 4253 744 4322 βοῶντες
775 4257 944 4312 αὑτοῦ
984 4261 1049 4313 ἐκ
1076 4262 1372 4332 προσώπου
1398 4265 1491 4320 τοῦ
1531 4270 1740 4341 Κυρίου
1769 4275 1910 4344 πρὸς

328 4343 421 4396 τὸν
444 4344 576 4435 Δίδιον
617 4346 836 4415 Πατέρα
861 4365 875 4379 ⁸
907 4369 925 4402 ι
961 4350 1110 4422 Αὕτη
1146 4355 1296 4408 ἐστὶν
1342 4357 1376 4427 ἡ
1411 4359 1632 4425 αἰώνιος
1659 4362 1793 4435 ζωὴ,
1823 4343 1910 4420 ἵνα

327 4433 639 4501 γινώσκωσι
669 4455 727 4491 σε
758 4440 869 4504 τὸν,
901 4443 1060 4511 μόνον
1090 4445 1343 4514 ἀληθινὸν
1369 4449 1524 4515 Θεὸν,
1559 4470 1578 4503 ι
1630 4454 1690 4506 τὸ
1711 4433 1908 4524 μόνον

2025 3254 2404 3319 conciliabilis,
2449 3255 2493 3309 si
2528 3255 2705 3309 solum
2755 3253 2962 3309 fontem
3026 3270 3178 3324 aqua:
3227 3253 3361 3307 viva:
3393 3252 3607 3306 Patrem

2024 3359 2373 3413 nuncupatis,
2408 3353 2464 3399 et
2493 3346 2669 3412 [nemo
2718 3347 2880 3414 plane
2912 3344 3150 3408 haesitat,
3180 3360 3377 3414 aquam
3428 3343 3613 3396 vivam

2021 3452 2142 3491 esse
2185 3436 2448 3505 Spiritum
2506 3445 2777 3498 sanctum,
2807 3437 2859 3491 in
2889 3437 3000 3506 jam
3056 3451 3084 3491 a
3122 3438 3280 3491 nobis
3319 3437 3606 3506 appositis,

2020 3528 2227 3582 fontem
2271 3528 2417 3583 illius
2449 3529 2648 3582 Filium
2697 3530 3091 3584 manilestavit.
3128 3530 3234 3584 Sed
3264 3530 3362 3583 hos
3403 3529 3495 3597 qui
3529 3529 3609 3582 si»

2022 3620 2170 3673 milia
2199 3621 2380 3674 verbis
2415 3620 2602 3674 effusis
2636 3620 2939 3686 insinuant,
2991 3622 3086 3691 qui
3127 3623 3244 3676 zelo
3295 3636 3424 3675 vero
3473 3636 3608 3675 con-

2019 3712 2237 3778 citatur,
2269 3713 2648 3781 sibimetipsis,
2698 3724 2753 3768 et
2785 3714 2990 3767 divinis
3037 3715 3369 3783 mystagogis
3411 3714 3609 3767 adver-

2017 3805 2150 3869 sari,
2179 3820 2290 3857 non
2322 3820 2453 3859 vero
2476 3820 2505 3858 a
2541 3807 2652 3863 Deo
2691 3807 3052 3871 illuminatos,
3101 3816 3154 3860 et
3203 3808 3471 3860 zelatorvs
3511 3805 3610 3876 qui

2015 3897 2209 3951 eadem
2236 3897 2291 3949 in
2320 3897 2423 3951 (ide
2459 3900 2800 3967 conspirant,
2834 3910 3151 3970 cognoscet,
3179 3900 3221 3952 si
3251 3913 3375 3952 cum
3430 3898 3608 3949 Evan—

2015 3988 2141 4055 gelii
2171 4004 2448 4058 praecones
2481 3990 2613 4052 sint,
2648 3999 2704 4044 et
2730 3991 3013 4060 discipuli,
3042 4003 3096 4044 et
3137 3990 3406 4061 magistri,
3437 3989 3605 4042 modo

2014 4096 2124 4151 quo
2173 4082 2355 4136 sciunt
2394 4082 2815 4150 pronuntiantes
2865 4099 2932 4137 ex
2985 4099 3214 4153 persona
3263 4083 3476 4136 Domini
3531 4084 3600 4135 ad

2013 4173 2296 4243 proprium
2320 4172 2571 4228 Patrem:
2608 4194 2626 4226 ι
2670 4175 2791 4230 llmc
2818 4184 2901 4230 est
2934 4177 3041 4229 vita
3088 4184 3293 4230 aeterna
3319 4184 3379 4229 nt
3403 4189 3606 4243 cogno-

2012 4275 2170 4320 scant
2208 4273 2261 4320 te
2297 4282 2485 4321 verum
2514 4266 2688 4321 solum
2721 4267 2892 4322 Deum
2939 4269 3005 4329 ³⁸.
3058 4267 3191 4323 illud
3227 4267 3401 4322 solum
3452 4266 3610 4322 nullo

2011 4355 2174 4409 modo
2207 4370 2330 4410 vera
2377 4356 2579 4411 deitate
2628 4356 2827 4412 Filium
2875 4359 3130 4428 spoliare,
3160 4359 3254 4413 sed
3285 4359 3607 4428 primariam

2011 4457 2064 4502 et
2105 4449 2334 4517 primam
2355 4463 2598 4511 causam,
2617 4465 2779 4519 quam
2800 4451 2963 4505 Pater
2983 4452 3202 4521 proprie
3225 4452 3453 4506 sortitus
3494 4460 3606 4512 est.

325 4527 579 4596 οὐδαμῶς
602 4530 951 4602 ἀφαιρεῖσθαι
979 4535 1078 4606 τὴν
1105 4538 1366 4609 ἀληθινὴν
1388 4541 1618 4613 θεότητα
1639 4515 1731 4598 τὸν
1752 4549 1901 4615 Υίὸν,

2023 4540 2411 4607 lemonstrare,
2441 4541 2743 4596 secundum
2773 4544 3022 4597 eamdem
3053 4544 3320 4598 rationem
3376 4555 3602 4606 norunt,

325 4619 463 4710 αλλὰ
507 4621 873 4693 τὴνιάρχικὴν
903 4625 996 4678 καί¹
1047 4626 1270 4699 πρώτην
1300 4633 1503 4694 αἰτίαν,
1543 4634 1612 4705 ἢν
1656 4638 1684 4690 ὁ
1715 4638 1904 4710 Πατὴρ

326 4709 472 4771 ίδίως
495 4710 850 4780 ἐκληρώσατο
882 4721 1255 4786 παριστάνειν,
1281 4723 1424 4776 κατα
1451 4723 1542 4777 τὸν
1564 4727 1730 4781 αὑτὸν
1759 4709 1905 4782 οῖδα-

324 4815 410 4850 σιν
441 4800 549 4870 ἄρα
583 4802 760 4872 λόγον,
802 4808 896 4858 καὶ
923 4809 985 4860 τὸ
1042 4809 1210 4878 μόνην
1241 4813 1423 4882 πηγὴν
1463 4816 1556 4868 τοῦ
1590 4819 1907 4888 Πνεύματος

322 4889 416 4941 τὸν
451 4891 667 4963 Πατέρα
712 4894 1105 4963 θεολογεῖσθαι,
1139 4901 1259 4970 οὐχὶ
1292 4904 1386 4954 καὶ
1428 4905 1519 4956 τὸν
1551 4906 1677 4961 Υίὸν
1718 4909 1778 4961 τὸ
1803 4928 1910 4979 πη-

322 4983 426 5049 γὴν
449 4979 589 5036 εἶναι
617 4985 713 5038 τοῦ
745 4988 1062 5056 Πνεύματος
1104 4993 1476 5062 ἀφαιρεῖσθαι.
1509 4998 1633 5051 Ὀτι
1662 5001 1794 5072 μηδὲ
1827 5003 1905 5066 τὸ,

327 5093 346 5124 ι
386 5074 515 5144 Περὶ
538 5075 638 5143 τῆς
671 5077 886 5147 ἡμέρας
911 5081 1144 5150 ἐκείνης,
1175 5084 1207 5154 ἢ
1236 5085 1334 5154 τῆς
1365 5086 1514 5157 ὥρας
1548 5091 1722 5154 οὐδεὶς
1744 5092 1905 5161 οἶδεν,

321 5166 442 5218 οὐδὲ
467 5167 515 5218 οἱ
550 5169 773 5237 ἄγγελοι
798 5172 906 5224 τῶν
927 5173 1191 5243 οὐρανῶν,
1220 5180 1267 5229 εἰ
1301 5178 1375 5248 μὴ
1404 5180 1430 5230 ό
1458 5182 1646 5252 Πατὴρ
1689 5185 1900 5262 pot/oc,»

321 5257 553 5347 ἄλλωςῆ
584 5261 756 5324 οὓτως
783 5264 1020 5318 νοεῖσθαι
1054 5269 1614 5341 μεμυσταγώγηνται.
1640 5277 1708 5328 Ἢ
1739 5277 1799 5329 οὐ

322 5346 498 5412 τοῦτο,
531 5351 613 5413 τίς
642 5353 722 5414 είς
761 5355 1019 5408 τοσοῦτον
1061 5359 1383 5428 ἐληλακέναι
1427 5363 1634 5432 τόλμης
1665 5346 1906 5436 φανήσεέ

321 5456 432 5502 ται,
486 5443 711 5511 ἄγνοιαν
760 5447 1054 5514 διαγνῶναι
1103 5451 1196 5502 τοῦ
1248 5455 1355 5525 πρὸ
1405 5455 1498 5507 τοῦ
1549 5460 1798 5523 γενέσθαι
1838 5462 1906 5515 τὰ

324 5533 482 5585 πάντ’
533 5537 768 5604 εἰδότος;
802 5540 922 5593 Ἔτι
973 5559 1030 5610 γε
1069 5542 1177 5613 μὴν
1217 5545 1316 5614 τῆς
1355 5548 1700 5618 αύτοσοφίας,
1730 5553 1903 5620 Λόγου

321 5639 380 5674 τε
420 5625 512 5679 τοῦ
555 5629 922 5685 ὲνυποστάτου
981 5637 1237 5704 στέρησιν
1290 5639 1471 5707 λόγου,
1513 5639 1647 5695 Θεοῦ
1689 5644 1784 5714 τῆς
1814 5645 1905 5697 δυο

396 5809 440 5839 ’³
475 5809 676 5867 Jerem.
707 5831 765 5882 ll,
806 5817 888 5872 l5.
970 5822 1012 5850 ³ο
1039 5817 1196 5875 Joan.
1231 5838 1358 5891 un,
1389 5824 1441 5878 5.

2009 4641 2066 4685 et
2094 4646 2220 4686 cum
2254 4633 2403 4688 solus
2433 4633 2558 4688 fons
2607 4635 2845 4704 Spiritus
2907 4634 3069 4690 Pater
3107 4637 3448 4700 enuntiatur,
3487 4652 3603 4690 non

2015 4725 2128 4778 tolli
2163 4726 2296 4796 quin
2346 4734 2400 4781 ct
2456 4726 2627 4781 Filius
2655 4727 2777 4783 fons
2831 4728 3073 4798 Spiritus
3103 4729 3194 4793 sit,
3232 4729 3379 4798 quod
3417 4743 3596 4797 neque

2016 4819 2149 4873 illud
2180 4838 2192 4873 :
2227 4839 2245 4872 ι
2282 4820 2356 4874 De
2381 4821 2470 4874 die
2496 4820 2584 4873 illa
2613 4829 2668 4874 et
2702 4821 2835 4874 hora
2866 4836 3032 4875 nemo
3064 4822 3233 4882 novit,
3275 4836 3454 4888 neque
3497 4835 3600 4873 an-

2018 4911 2143 4980 geli,
2174 4911 2265 4980 qui
2299 4911 2353 4965 in
2414 4912 2554 4965 ccelo
2605 4920 2756 4975 sunt,
2797 4912 2902 4965 nisi
2949 4911 3114 4966 Pater
3136 4912 3285 4966 solus
3320 4914 3388 4974 ³¹,
3427 4930 3444 4962 ι
3494 4912 3600 4964 alio

2019 5002 2180 5055 modo
2220 5017 2381 5071 quam
2418 5003 2521 5057 isto
2575 5003 2990 5074 intelligendum
3039 5019 3161 5058 esse
3217 5005 3393 5059 edocti
3442 5014 3594 5057 sunt.

2016 5093 2173 5159 Quod
2205 5095 2248 5150 si
2272 5097 2323 5150 id
2352 5111 2460 5150 non
2499 5097 2684 5163 fuerit,
2719 5099 2844 5167 quis
2865 5097 2918 5151 in
2957 5107 3168 5151 tantum
3203 5097 3444 5152 audacia:
3475 5115 3599 5166 prn-

2016 5188 2271 5253 cesserit,
2304 5199 2363 5243 ut
2407 5201 2591 5243 notam
2641 5191 2964 5261 ignorantiae
3017 5191 3094 5244 illi
3125 5191 3214 5260 qui
3247 5202 3373 5244 ante
3432 5206 3600 5259 quam

2019 5281 2230 5344 tierent,
2273 5283 2456 5337 omnia
2489 5283 2671 5347 novit,
2712 5292 2767 5335 et
2813 5293 3075 5350 praeterea
3138 5283 3240 5352 ipsi
3287 5285 3594 5352 sapientiae,

2015 5371 2308 5442 Verboque
2340 5390 2438 5443 per
2485 5391 2543 5428 se
2576 5375 2895 5428 subsistenti
2931 5375 3158 5429 rationis
3205 5376 3591 5444 privationem,

2016 5464 2256 5520 facultati
2298 5468 2692 5537 omnipotentis
2747 5469 2839 5521 Dei
2895 5469 3350 5530 imbecillitatem,
3401 5478 3455 5522 et
3492 5469 3592 5538 ipsi

2019 5555 2152 5611 Vita:
2183 5559 2306 5612 vitae
2338 5560 2715 5627 indigentiam,
2745 5560 2893 5628 quod
2921 5561 3118 5614 similia
3152 5563 3220 5614 de
3250 5561 3436 5629 seipso
3483 5561 3590 5613 Do-

2014 5650 2198 5705 minus
2224 5661 2435 5706 asserat—
2456 5663 2656 5718 motus,
2679 5657 2958 5724 appingat,
2989 5669 3110 5709 cum
3137 5655 3225 5711 ille
3249 5655 3321 5710 ita
3338 5654 3555 5711 deﬁniat
3575 5671 3595 5709 ι

1524 5827 1563 5857 ³⁸
1606 5826 1796 5883 Matth.
1825 5847 1974 5897 xxvi,
2005 5832 2094 5890 ὃὸ.
