4220 6444
312 394 448 458 1313

1298 390 1597 448 CONTRA
1649 388 1703 447 Μ
1718 385 2088 446 ANUELEM
2129 382 2607 445 CRETENSEM.

3434 377 3570 443 1371-

310 509 342 574 ἠ
369 504 560 573 μόνος
594 504 876 569 θεωρεῖται
908 500 1079 570 φωνὴ,
1109 500 1352 569 δηλονότι
1386 503 1494 553 τῶν
1520 502 1619 569 τῆς
1664 501 1888 565 κτιστῆς

1999 497 2060 551 ad
2096 497 2525 551 discernendum
2556 494 2785 559 assumi,
2813 509 2875 549 ea
2898 508 3094 562 nempe
3117 508 3236 562 qua:
3268 505 3447 548 creata
3479 512 3569 549 es-

309 599 499 658 οὐσίας
547 595 659 648 τῶν
703 594 985 663 προσεχῶς
1031 594 1149 661 ἤτοι
1194 593 1614 661 διειλημμένων,
1654 591 1887 644 καὶτῶν

310 690 598 757 ἐγγυτάτω
640 687 805 739 τῶνδε
841 688 1219 757 σημειοφόρων
1250 687 1471 756 ἑτέρων,
1508 687 1627 739 Ἐτι
1654 704 1711 738 τε
1750 687 1888 753 πρὸς

308 786 600 853 ἀφαίρεσιν
632 785 726 836 καὶ
752 784 1034 851 ἀναίρεσιν
1068 783 1176 834 τῶν
1211 784 1305 849 τῆς
1342 782 1669 852 ὑπερουσῐου
1702 781 1889 849 θεότη-

308 896 398 940 τος
444 876 787 945 ἁπωσμένων
844 876 937 928 καὶ
980 876 1444 943 ἀπεσχοινιμένων
1497 876 1885 936 παντάπασιν,

310 970 453 1022 καθὰ
489 970 819 1037 πάριστησιν
851 974 875 1020 ό
900 968 1215 1033 ὲπιστήθιος
1241 968 1669 1035 Εὑαγγελιστής.
1704 968 1887 1018 Εἰπὼν

310 1061 419 1128 γὰρ
454 1061 519 1111 ὲκ
550 1060 841 1128 προσώπου
870 1058 962 1110 τοῦ
1008 1057 1360 1123 θεανθρώπου
1409 1059 1583 1124 Λόγου
1632 1058 1766 1125 πρὸς
1797 1058 1888 1109 τὸν

312 1150 443 1205 ἰδιον
475 1149 773 1217 γεννήτορα
800 1149 858 1199 ὲν
890 1147 1065 1215 οἰκείᾳ
1101 1150 1391 1216 συγγραφῇ
1423 1150 1487 1216 τῇ
1515 1146 1610 1199 τοῦ
1644 1147 1891 1214 Εὑαγγε-

310 1240 458 1292 λίσυο
502 1260 519 1290 ι
544 1240 690 1307 Αὕτη
724 1241 871 1291 ἐστὶν
903 1243 933 1307 ή
968 1238 1185 1301 αἰώνιος
1216 1240 1348 1309 ζωὴ.
1380 1241 1465 1291 ἵνα
1496 1240 1801 1303 γινώσκωσι
1829 1242 1887 1291 σὲ

310 1333 402 1383 τὸν
447 1333 604 1398 μόνον
638 1331 889 1398 ἀληθινὸν
934 1332 1085 1387 Θεὸν.
1123 1350 1141 1382 ι
1172 1334 1228 1383 ὲν
1261 1332 1339 1397 τῷ
1366 1330 1507 1382 τέλει
1540 1334 1638 1399 τῆς
1668 1331 1889 1384 καθολι-

310 1420 413 1486 κῆς
437 1421 601 1471 αὑτοῦ
636 1422 857 1488 πρώτης
896 1421 1212 1489 Ἐπιστολῆς
1240 1421 1381 1472 οὕτω
1405 1422 1658 1484 διέξεισιν
1682 1437 1694 1450 ’
1737 1440 1755 1472 t
1794 1420 1886 1473 υἵ-

309 1512 480 1578 δαμεν
530 1513 612 1563 ὅτι
662 1515 689 1564 ὁ
722 1512 847 1574 Υἱὸς
876 1511 971 1564 τοῦ
1020 1512 1155 1563 Θεοῦ
1198 1514 1345 1581 ἥκει,
1374 1515 1467 1566 καὶ
1507 1513 1705 1565 ἔδωκεν
1756 1515 1889 1580 ἡμῖν

308 1603 573 1664 διάνοιαν,
628 1604 715 1656 ἵνα
753 1604 1116 1671 γινώσκωμεν
1157 1604 1246 1657 τὸν
1294 1604 1427 1655 Θεὸν
1473 1605 1565 1656 τὸν
1612 1603 1888 1672 ἀληθινὸν,

308 1696 406 1748 καί
450 1697 622 1764 ἐσμεν
655 1699 714 1748 ὲν
742 1696 819 1764 τῷ
857 1696 1099 1766 ἀληθινῷ
1132 1700 1188 1748 ὲν
1214 1697 1293 1765 τῷ
1334 1696 1445 1764 Υἱῴ
1490 1696 1677 1749 αὑτοῦ.
1714 1690 1888 1757 υῦτός

307 1789 509 1863 ὲστινῤ
537 1787 791 1857 ἀληθινὸς
816 1788 971 1852 Θεὸς,
995 1792 1090 1843 καὶ
1114 1788 1227 1857 ζωὴ
1270 1792 1304 1858 ὴ
1335 1788 1572 1853 αἰώνιος.
1608 1809 1627 1840 ι
1673 1788 1760 1852 Ὦς
1793 1783 1889 1841 οὖν

308 1879 427 1929 ἐκεῖ
476 1878 797 1947 συνάρθρως
844 1878 1100 1947 ἀληθινὸς
1149 1882 1334 1941 θεὸςό
1381 1881 1569 1948 Πατὴρ
1608 1879 1746 1948 μετὰ
1791 1877 1886 1931 τοῦ

306 1968 514 2032 μόνος,
554 1966 729 2030 οὕτως
763 1967 994 2022 ἐνταῦθα
1039 1969 1358 2039 συνάρθρως
1413 1968 1665 2036 ἀληθινὸς
1699 1968 1829 2029 Θεὸς
1856 1969 1884 2020 6

306 2055 435 2117 Υἱὸς
472 2057 610 2124 μετὰ
641 2056 735 2108 τοῦ
770 2052 949 2122 οὗτος
983 2059 1104 2110 κατ’
1136 2059 1329 2128 ἐξοχὴν
1349 2076 1361 2089 ·
1393 2058 1467 2120 ὡς
1508 2060 1625 2110 ἐκεῖ
1646 2057 1690 2110 δ’
1730 2054 1885 2120 αὖθις

309 2148 343 2213 ἠ
377 2146 592 2209 αἰώνιος
618 2147 731 2217 ζωὴ
758 2149 1097 2218 συνάρθρως,
1122 2150 1293 2213 οὕτως
1314 2150 1545 2203 ἐνταῦθα
1570 2150 1884 2220 συνάρθρως

306 2236 449 2306 αὕτη
479 2238 775 2303 αὑτολεξεί.
814 2241 1044 2292 Ἔπειτα
1070 2242 1429 2310 συνημμένως
1462 2242 1655 2309 ἐπάγει
1681 2258 1695 2272 ’
1733 2262 1751 2293 ι
1782 2243 1884 2294 Te-

306 2329 455 2393 κνία,
492 2330 787 2396 φυλάττετε
813 2332 1037 2395 ἑαυτοὺς
1066 2333 1175 2384 ἀπὸ
1204 2333 1313 2385 τῶν
1341 2332 1595 2397 εἰδώλων,
1640 2351 1658 2384 ι
1694 2350 1884 2402 μονον-

302 2424 425 2490 ουχὶ
463 2423 686 2489 φάσκων
726 2426 818 2475 καὶ
851 2423 1374 2495 διαμαρτυρόμενος.
1418 2426 1717 2478 Φυλάττετε
1752 2427 1883 2477 ἐαυ-

302 2516 429 2576 τοίλς
457 2513 552 2565 τοῦ
586 2514 902 2581 λογίσασθαί
929 2533 978 2569 τι
1016 2518 1395 2587 περὶτούτων,
1425 2512 1501 2571 ὧν
1532 2519 1581 2570 οἱ
1622 2519 1718 2585 τῆς
1750 2518 1881 2570 πλά-

302 2622 402 2671 νης
430 2604 750 2673 ψευδόμενοι
804 2608 1149 2674 φοέγγονται.
1200 2610 1257 2661 Ὀ
1302 2609 1398 2663 τοῦ
1445 2608 1701 2678 ἀληθινοῦ
1749 2609 1883 2660 Θεοῦ

308 2697 457 2758 Υἱὸς,
487 2698 514 2748 ὀ
540 2698 791 2765 ἀληθινὸς
820 2698 950 2760 Θεὸς
976 2702 1004 2752 ὁ
1036 2701 1270 2770 Χριστός
1313 2705 1483 2754 ἐστιν.
1517 2695 1687 2753 οὗτοι
1714 2701 1883 2770 ψεύδη

304 2791 434 2847 εἰσι,
472 2789 563 2840 καῖ
591 2788 959 2859 ψευδωνύμως
1012 2791 1125 2844 θεοῖ
1164 2793 1540 2861 ὀνομάζονται.
1582 2796 1677 2846 Ἐκ
1706 2794 1883 2847 τοίνυν

303 2882 413 2932 τῶν
465 2884 521 2933 ὲν
578 2883 936 2949 Εὑαγγελίοις
984 2887 1077 2936 καὶ
1114 2886 1457 2947 Ἐπιστολαῖς
1509 2886 1883 2939 ἁποστολικῶν

303 2973 723 3040 θεοπαραδότων
754 2974 970 3039 λογίων,
1004 2977 1098 3026 καὶ
1128 2975 1236 3027 τῶν
1266 2975 1324 3039 ἐξ
1357 2977 1537 3029 αὐτῶν
1565 2976 1883 3046 ὑφηγητῶν,

304 3067 403 3117 καὶ
441 3064 781 3118 διδασκάλων
825 3068 922 3135 τῆς
962 3065 1248 3128 εὐσεὸείας
1286 3067 1559 3121 δείκνυται
1604 3068 1882 3138 καθαρῶς,

1993 591 2165 643 sentia
2207 598 2485 647 constant.
2546 597 2673 640 sunt
2723 586 3082 639 nihilominus
3126 586 3404 653 contigua,
3449 587 3568 641 sive

1991 680 2413 749 comprehensa,
2436 690 2491 733 et
2516 681 2621 733 alia
2646 680 2921 749 signiferis
2943 680 3093 732 hisce
3113 695 3274 747 quam
3298 694 3565 746 proxuna,

1994 792 2093 829 nec
2124 791 2229 827 nou
2285 775 2349 827 ad
2398 788 2620 841 prorsus
2671 774 2967 826 tollendum
3021 772 3568 839 submovendumun

1992 882 2053 918 ea
2092 865 2273 916 nuntia
2303 880 2424 933 quae
2457 880 2484 915 a
2516 862 2963 931 superesseutiali
3006 860 3206 916 deitate
3248 879 3410 931 quam
3449 863 3565 915 dis-

1985 957 2327 1027 junctissima
2355 968 2502 1019 sunt,
2539 967 2594 1009 et
2626 957 2782 1025 plane
2821 955 3033 1017 dissita,
3066 965 3123 1007 ut
3162 957 3250 1023 qui
3296 956 3347 1007 in
3378 966 3568 1023 pectus

1995 1050 2204 1102 Domini
2241 1049 2491 1102 recubuit
2514 1048 2844 1117 evangelista
2873 1055 3287 1100 commonstrat.
3323 1045 3567 1114 Namque

1992 1156 2112 1195 cum
2150 1142 2431 1194 recitasset
2462 1157 2525 1194 ex
2574 1155 2805 1207 persona
2864 1140 2955 1191 Dei
2991 1149 3047 1192 et
3107 1138 3347 1191 hominis
3405 1139 3566 1191 Verbi

1992 1236 2055 1287 ad
2088 1235 2368 1302 proprium
2402 1232 2732 1301 genitorem,
2760 1232 2812 1283 in
2843 1232 2924 1283 sui
2957 1230 3236 1299 Evangelii
3284 1246 3567 1283 commen-

1993 1324 2177 1377 tario:
2208 1341 2226 1374 ι
2260 1323 2379 1376 ll:ec
2408 1332 2488 1375 est
2524 1323 2633 1375 vita
2660 1332 2887 1385 aeterna,
2924 1331 2983 1375 ut
3029 1330 3368 1389 cognoscant
3398 1328 3449 1371 te
3481 1335 3569 1372 so-

1992 1420 2101 1471 lum
2138 1417 2301 1469 Deum
2336 1432 2547 1478 verum,
2589 1434 2606 1465 ι
2647 1415 2697 1467 in
2735 1415 2843 1467 line
2892 1430 3002 1467 sua:
3067 1412 3256 1480 prima!
3285 1410 3568 1465 catholica:

1994 1511 2248 1578 EpiSlOltB
2274 1510 2350 1562 sic
2382 1509 2613 1573 scribit;
2656 1527 2672 1557 ι
2701 1508 2916 1561 Scimus
2956 1507 3099 1575 quod
3135 1505 3302 1559 Filius
3352 1505 3443 1558 Dei
3471 1520 3566 1558 ve-

1991 1603 2095 1663 nit,
2121 1611 2175 1655 et
2197 1601 2344 1653 dedit
2378 1600 2535 1653 nobis
2574 1615 2819 1661 sensum,
2855 1609 2911 1651 ut
2950 1613 3347 1666 cognoscamus
3399 1596 3565 1649 Deum

1991 1709 2204 1757 verum,
2236 1702 2289 1747 et
2338 1692 2511 1747 simus
2557 1692 2610 1745 in
2641 1706 2772 1745 vero
2804 1691 2939 1744 Filio
2969 1692 3107 1760 ejus.
3142 1688 3238 1743 Hic
3269 1696 3355 1743 est
3400 1703 3565 1741 verus

1995 1790 2135 1844 Dens
2186 1799 2240 1843 et
2276 1788 2384 1842 vita
2413 1797 2614 1842 eterna
2650 1787 2748 1841 ⁸⁸.»
2782 1785 2869 1841 Uti
2896 1787 3059 1855 igitur
3083 1786 3157 1839 ibi
3188 1800 3311 1839 cum
3334 1784 3568 1838 articulo

1998 1882 2141 1936 Deus
2164 1897 2346 1943 verus,
2382 1880 2569 1934 addito
2593 1879 2755 1941 solus,
2784 1876 2945 1931 Pater
2964 1886 3069 1938 est.
3108 1878 3187 1931 sic
3215 1893 3433 1947 quoque
3461 1878 3567 1932 hoc

1994 1974 2192 2029 inloco
2218 1988 2341 2025 cum
2384 1971 2612 2025 articulo
2664 1969 2805 2023 Deus
2860 1985 3025 2022 verus
3062 1967 3259 2033 Filius,
3301 1984 3426 2021 cum
3467 1969 3564 2022 ad-

1993 2064 2203 2118 ditione
2234 2064 2318 2115 hic
2350 2072 2571 2130 propter
2603 2061 3023 2125 excellentiam;
3060 2074 3362 2127 rursusque
3390 2059 3464 2112 uti
3492 2058 3563 2112 ibi

1994 2171 2117 2210 cum
2150 2155 2380 2208 articulo
2424 2155 2532 2207 vita
2562 2162 2786 2217 mterna,
2841 2152 2910 2205 ita
2940 2151 3027 2203 hic
3060 2165 3277 2219 quoque
3313 2165 3437 2203 eum
3473 2165 3563 2201 ar-

1995 2247 2160 2301 ticulo
2192 2248 2305 2300 haec
2351 2248 2542 2300 eadem
2590 2246 2778 2299 iisdem
2838 2244 3128 2311 ipsissinns
3181 2241 3399 2303 verbis;
3451 2252 3564 2293 tum

1993 2341 2330 2408 conjunctim
2368 2340 2566 2393 infert:
2602 2359 2618 2391 ι
2672 2340 2868 2402 Filioli,
2909 2338 3185 2392 custodite
3212 2354 3306 2390 vos
3331 2354 3359 2391 a
3389 2338 3565 2391 simu-

1994 2434 2152 2487 lacris
2185 2432 2251 2498 “,
2290 2451 2308 2483 ι
2341 2441 2548 2486 tantum
2582 2448 2687 2486 non
2720 2433 2908 2484 dicens
2931 2432 3342 2498 obtestansque,
3369 2429 3565 2483 Custo-

1992 2527 2102 2579 dite
2125 2542 2245 2590 vos,
2286 2538 2342 2580 et
2378 2536 2587 2587 cavete,
2621 2540 2691 2577 ne
2724 2524 2850 2593 quid
2890 2524 2955 2577 de
2991 2524 3094 2575 illis
3127 2522 3471 2590 concipiatis.
3497 2521 3566 2575 de

1991 2618 2189 2687 quibus
2244 2619 2418 2672 errori
2446 2618 2664 2683 {addicti
2694 2659 2707 2680 ,
2747 2626 2802 2670 et
2845 2617 3134 2669 mendacio
3182 2615 3432 2668 fallentes
3487 2614 3567 2667 lo-

1991 2720 2252 2779 quuntur.
2286 2711 2405 2763 Veri
2440 2711 2530 2764 Dei
2563 2710 2755 2768 Filius,
2785 2725 2944 2762 verus
2981 2708 3122 2761 Deus
3157 2708 3410 2761 Christus
3444 2718 3564 2770 est;

1992 2803 2045 2856 hi
2072 2802 2187 2856 falsi
2213 2811 2361 2865 sunt,
2392 2801 2635 2870 falsoque
2659 2801 2760 2853 sibi
2784 2802 3010 2853 deorum
3042 2815 3237 2852 nomen
3266 2800 3563 2851 vindicant.

1994 2894 2069 2945 Ex
2099 2892 2406 2960 Evangeliis
2430 2892 2592 2961 igitur
2639 2901 2694 2943 et
2748 2891 3006 2959 Epistolis
3054 2890 3368 2959 apostolicis
3420 2905 3568 2943 cont-

1993 2986 2279 3053 prehensis
2310 2999 2339 3036 a
2372 2984 2481 3036 Deo
2523 2984 2736 3037 traditis
2770 2984 3023 3049 eloquiis,
3071 2994 3126 3037 et
3161 2999 3350 3037 eorum
3398 2998 3568 3051 expo-

1993 3076 2252 3129 sitoribus
2302 3085 2357 3129 et
2414 3076 2635 3144 pictatis
2687 3076 2961 3145 magistris
3011 3075 3173 3144 plane
3233 3076 3566 3140 ostenditur,

303 3158 517 3225 ὅπωςή
557 3162 748 3225 μόνος
778 3158 929 3227 φωνὴ
975 3158 1356 3229 λαμϐανομένη
1415 3161 1751 3228 καθέστηκεν
1795 3164 1887 3214 ἐπὶ

1999 3165 2159 3219 dictio
2186 3165 2328 3218 solus
2364 3166 2437 3219 uti
2476 3166 2679 3218 debeat
2724 3166 2926 3218 assumi
2957 3169 3023 3218 de
3066 3166 3434 3219 monarcliit-is
3470 3166 3568 3234 hy-

306 3250 419 3302 τῶν
460 3251 805 3319 μοναρχικῶν
849 3251 1219 3316 ὑποστάσεων,
1271 3252 1363 3304 καί
1392 3270 1556 3305 τινων
1600 3253 1743 3306 κατὰ
1768 3254 1886 3305 δια-

308 3342 504 3411 στολὴν
551 3344 645 3394 καὶ
674 3342 963 3411 διαίρεσιν,
998 3344 1093 3394 καὶ
1123 3345 1206 3395 ὅτι
1255 3346 1404 3412 πηγὴ
1435 3344 1529 3397 τοῦ
1573 3346 1889 3412 Πνεύματος

304 3439 334 3488 ὁ
370 3436 579 3503 Πατὴρ,
629 3438 723 3487 καὶ
754 3436 905 3505 πηγὴ
954 3438 1074 3496 ταῖς
1121 3438 1311 3498 αὑταῖς
1341 3438 1636 3507 διαρρήδην
1687 3442 1889 3505 φωναῖς

308 3529 402 3581 τοῦ
436 3529 750 3596 Πνεῦματος
776 3532 803 3579 ὁ
835 3529 980 3589 Υἱός.
1010 3530 1118 3581 Καὶ
1148 3530 1215 3580 τὰ
1248 3530 1343 3596 μὲν
1368 3531 1432 3581 ὲκ
1456 3531 1658 3582 τούτων
1688 3533 1886 3584 τοιάδε.

385 3626 493 3673 καθ.
528 3619 633 3671 Τοῦ
685 3620 740 3671 δὲ
768 3620 833 3671 δι’
866 3619 925 3671 ὃν
973 3620 1020 3672 οἱ
1061 3619 1208 3687 λόγοι
1242 3624 1431 3687 σαφεῖς
1463 3622 1848 3690 ἀναγορεύσεις
1872 3638 1888 3652 θ

316 3732 335 3764 t
360 3713 420 3763 '0
440 3714 625 3780 Πατὴρ
644 3710 824 3771 καθὼς
840 3712 1004 3779 γεννᾷ
1024 3711 1171 3773 Υἰὸν,
1195 3711 1521 3779 ὀνομάζεται
1545 3712 1891 3782 ιιατὴρ,κα(›’

306 3802 336 3854 ὃ
359 3803 413 3853 δὲ
438 3802 723 3871 ἑκπορεύει
738 3801 980 3871 Πνεῦμα,
1001 3804 1183 3857 οὐκέτι
1199 3804 1413 3872 Πατὴρ,
1430 3804 1565 3856 ἀλλὰ
1592 3802 1890 3872 προὸολεὺς

307 3895 654 3964 ὀνομάζεται.
691 3896 881 3949 Ἔστιν
913 3894 1005 3949 οὖν
1030 3900 1057 3949 ὁ
1082 3898 1271 3965 Πατὴρ
1310 3898 1403 3949 καὶ
1423 3898 1611 3967 Πατὴρ
1639 3898 1734 3949 καὶ
1759 3914 1893 3965 προ-

312 3987 525 4049 εἱοὶεύς.
569 3988 681 4039 Ἑνὶ
728 3989 786 4039 δὲ
836 3987 1061 4050 ὀνόματι
1101 3988 1421 4057 συναπτικῷ
1463 3989 1668 4041 τούτων
1695 3990 1894 4059 ὀνομά-

312 4080 465 4142 ζεται
492 4081 660 4148 πηγή.
692 4099 709 4130 ι
738 4082 844 4132 Καὶ
866 4082 1006 4148 μετὰ.
1019 4097 1142 4133 τινα
1161 4082 1460 4133 συστατικὰ
1475 4080 1642 4133 τῶνδε
1668 4098 1679 4109 ·
1708 4100 1726 4131 ι
1747 4080 1894 4132 Ταυ-

309 4174 404 4224 τὸν
458 4174 573 4225 ἐστι
625 4173 773 4241 πηγὴ
822 4173 1097 4242 θεότητος,
1143 4171 1333 4241 ὥσπερ
1391 4176 1438 4224 el
1492 4172 1709 4234 ἐλέγετο
1743 4174 1894 4243 πηγὴ

311 4266 446 4318 Tia-3
501 4268 598 4317 καὶ
650 4266 986 4334 ΙΙνεύματος.
1045 4266 1155 4318 Καὶ
1203 4266 1373 4318 ταυτὸ
1418 4266 1580 4316 πάλιν
1628 4265 1709 4329 τὸ,
1743 4265 1895 4334 πηγὴ

312 4357 445 4410 Υἰοῦ
479 4360 569 4409 καὶ
597 4357 1138 4426 ΙΙνεύματος,ὦσπερ
1162 4357 1214 4407 εἴ
1238 4373 1320 4417 τις
1352 4355 1519 4421 λέγει,
1549 4356 1734 4425 Πατὴρ
1770 4354 1893 4408 ι’ἱοῦ

312 4455 407 4503 καὶ
443 4450 741 4521 προϐολεὺς
770 4449 1107 4515 Πνεύματος.
1143 4468 1161 4499 ›
1184 4449 1371 4500 Ταῦτα
1394 4451 1488 4501 καὶ
1520 4448 1684 4500 λοιπὰ
1714 4448 1893 4500 τοῖσδε

1992 3258 2327 3326 pestasihns.
2359 3267 2410 3310 et
2448 3273 2514 3309 ex
2558 3258 2622 3309 iis
2667 3274 2801 3325 quas
2856 3258 3156 3319 discernat,
3217 3273 3279 3310 ac
3314 3267 3567 3324 Separet;

1991 3357 2046 3400 et
2075 3348 2277 3401 fontem
2314 3348 2550 3415 Spiritus
2584 3348 2797 3401 Patrem
2827 3350 2980 3414 fesse,
3027 3358 3081 3402 et
3123 3348 3327 3401 fontem
3377 3348 3567 3399 iisdem

1995 3440 2128 3505 ipsis
2152 3440 2482 3493 dictionibus
2516 3451 2705 3509 aperte
2741 3438 2936 3493 Filium
2992 3440 3232 3509 Spiritus
3280 3440 3566 3493 insinuari.

1992 3531 2057 3583 Et
2095 3533 2207 3584 luce
2236 3533 2456 3599 quidem
2484 3534 2635 3585 hisce
2667 3534 3019 3600 colliguntur.

2060 3624 2149 3676 2|.
2186 3626 2251 3675 At
2281 3625 2441 3691 hujus
2475 3625 2543 3676 de
2584 3639 2694 3692 quo
2744 3626 2901 3676 nobis
2932 3640 3115 3677 sermo
3144 3634 3221 3677 est
3249 3666 3261 3686 ,
3322 3639 3570 3691 pronun-

1993 3714 2119 3767 tiata
2146 3714 2441 3767 indubitata
2476 3734 2485 3765 :
2522 3735 2537 3763 α
2578 3716 2735 3768 Pater
2770 3732 2872 3781 qna
2900 3725 3119 3781 seuerat
3164 3715 3380 3775 Filium,
3414 3714 3572 3767 Pater

1996 3818 2361 3872 nuncupatur,
2427 3824 2533 3875 qua
2583 3824 2714 3860 vero
2754 3808 3012 3874 Spiritum
3076 3808 3368 3875 procedere
3422 3808 3571 3866 facit.

1993 3914 2103 3953 non
2136 3899 2373 3967 amplius
2425 3899 2600 3963 l’ater,
2636 3899 2727 3953 sed
2765 3902 3059 3968 productor
3114 3900 3435 3969 appellatur.
3483 3899 3574 3951 list

1995 3993 2159 4061 igitur
2188 3991 2345 4045 Pater
2383 4000 2437 4044 et
2482 3990 2641 4044 Pater
2669 4002 2723 4044 et
2777 3994 3089 4060 produt-tor,
3142 4007 3249 4044 uno
3298 4005 3424 4044 vero
3474 4005 3575 4042 no-

1996 4082 2143 4136 mine
2175 4084 2319 4152 quod
2358 4083 2474 4136 haae
2507 4084 2616 4136 duo
2646 4086 2902 4152 colligat.f
2929 4084 3233 4152 appellatur
3268 4084 3408 4136 l'ons.
3456 4102 3474 4133 ι»
3511 4081 3577 4135 Et

1997 4184 2116 4241 post
2147 4175 2439 4226 nonnullas
2492 4174 2686 4227 horum
2725 4176 3076 4243 probationes
3115 4175 3363 4227 additas:
3402 4193 3419 4225 ι
3462 4174 3576 4225 Erit

1997 4266 2118 4320 l'ons
2157 4267 2478 4330 divinitatis,
2525 4284 2676 4335 a-que
2725 4284 2787 4320 ac
2830 4270 2872 4320 si
2911 4268 3115 4320 dixeris
3175 4268 3297 4321 fons
3351 4267 3472 4319 Filii
3523 4276 3577 4318 et

1999 4360 2257 4427 Spiritus,
2292 4369 2347 4413 et
2378 4376 2567 4413 rursus
2598 4361 2722 4413 fons
2769 4361 2887 4414 Filii
2916 4370 2967 4413 et
3011 4360 3269 4427 Spiritus,
3320 4374 3471 4427 :eque
3513 4373 3577 4413 ac

1998 4451 2043 4503 si
2081 4450 2281 4503 dixeris
2313 4448 2469 4503 Pater
2510 4451 2626 4504 Filii
2666 4460 2721 4503 et
2752 4453 3046 4519 productor
3079 4452 3345 4517 Spiritus.
3387 4468 3405 4501 ι
3449 4447 3575 4501 "me

312 4542 673 4610 παραπλήσια
724 4540 937 4610 τρανῶς
987 4541 1397 4608 ἁνωμολόγησε,
1445 4542 1539 4593 καὶ
1581 4541 1675 4592 τοῦ
1708 4542 1891 4609 πηγὴν

1999 4542 2208 4608 aliaque
2250 4540 2334 4594 his
2367 4557 2475 4594 non
2509 4543 2779 4595 absimilia
2806 4543 3112 4596 clarissime
3138 4542 3316 4595 fassus
3351 4551 3453 4604 est,
3488 4540 3577 4593 ille

311 4632 450 4685 εἶναι
479 4635 572 4684 καὶ
596 4634 687 4685 τὸν
724 4633 851 4683 Υἱὺν
893 4632 1097 4701 μηδένα
1132 4634 1397 4701 μηδαμῶς
1436 4633 1663 4701 θέμενος
1710 4632 1887 4698 λόγον.

313 4731 376 4778 ἐκ
400 4728 496 4793 τῆς
524 4726 737 4777 τοιᾶσδε
760 4726 901 4777 κατὰ
922 4724 1159 4775 διάνοιαν
1182 4725 1524 4791 βεὸαιώσεως
1550 4723 1651 4793 τῆς
1683 4724 1887 4792 πηγῆς,

313 4822 407 4869 καὶ
439 4817 533 4868 τοῦ
572 4820 748 4884 μόνως
780 4818 952 4884 αὐτὴν
985 4816 1060 4886 τῷ
1088 4818 1259 4885 Πατρὶ
1302 4817 1647 4886 θεωρεῖσθαι,
1678 4833 1890 4885 συμπε-

310 4911 489 4979 ραίνει
517 4910 600 4969 τὸ,
622 4910 793 4970 Μόνος
827 4909 1125 4976 προϐολεὺς
1149 4910 1176 4960 ὁ
1208 4910 1413 4976 Πατὴρ,
1436 4910 1630 4971 καὶτὸ,
1672 4910 1765 4959 Ἐκ
1798 4908 1894 4975 μό-

311 5020 403 5054 νου
454 5002 546 5053 τοῦ
576 5003 781 5071 [ἰατρὸς
810 5004 1187 5071 ἐκπορεύεται.
1214 5002 1308 5062 Τίς
1338 4999 1431 5055 οὖν
1454 5000 1712 5071 ἀλήθειαν
1738 5002 1892 5063 εἰδὼς

319 5094 520 5158 σέϐειν,
547 5092 607 5156 ἐξ
635 5087 710 5146 ὧν
731 5089 887 5156 οὗτος
915 5095 1238 5163 ἀνομολογεῖ
1265 5097 1393 5163 περὶ
1419 5093 1519 5160 τῆς
1549 5094 1765 5163 λήψεως
1792 5093 1889 5161 τῆς

318 5189 498 5256 πηγῆς
562 5188 1053 5255 ἀποδεδειγμένως,
1112 5189 1171 5252 ἐξ
1220 5182 1295 5239 ὧν
1334 5203 1391 5239 τε
1433 5189 1466 5256 ἡ
1521 5186 1641 5238 θεία
1697 5187 1889 5255 Γραφὴ

311 5280 519 5347 ταύτην
550 5279 624 5338 ὡς
650 5279 728 5347 τῷ
758 5279 931 5347 Πατρῖ
965 5281 1059 5331 καὶ
1097 5280 1173 5348 τῷ
1201 5279 1312 5346 Υῖῷ
1344 5281 1627 5348 προσεῖναι
1658 5281 1893 5347 μεγαλο-

316 5373 509 5436 φὼνως
533 5371 897 5439 μαρτύρεται,
921 5371 1041 5439 οὐχὶ
1075 5371 1217 5439 μέγα
1247 5372 1429 5440 βοήσει
1463 5372 1605 5423 κατά
1636 5372 1694 5421 τὸ
1720 5372 1897 5439 πάντη

314 5462 604 5529 πρόδηλον,
636 5464 671 5515 ἆ
700 5464 949 5530 συνάγων
984 5465 1116 5531 φησὶ
1139 5463 1523 5530 καταφατικῶς
1552 5464 1645 5515 τοῦ
1686 5462 1896 5531 Πατρὺς

316 5551 471 5617 εἶναι,
502 5554 672 5607 ταῦτα
702 5557 795 5606 καὶ
835 5555 929 5607 τοῦ
963 5555 1090 5607 Υἱοῦ
1129 5556 1249 5607 κατ’
1281 5556 1443 5607 αὑτὸν
1473 5556 1561 5607 ἐπὶ
1599 5555 1691 5607 τοῦ
1730 5556 1897 5606 lived-

318 5664 487 5715 ματος
515 5647 915 5714 κατ’κάνάγκην
965 5649 1250 5717 ὑπάρχειν,
1283 5648 1342 5699 τὸ
1378 5647 1592 5715 βέὀαμον
1621 5647 1764 5716 ἔχειν
1797 5649 1890 5699 καὶ

389 5836 434 5866 ³³³
467 5832 482 5885 l
513 5833 649 5886 Juan
708 5850 758 5895 ν,
790 5834 859 5886 ευ
962 5834 1003 5865 ⁵ο
1033 5835 1161 5887 ibi-.l.
1202 5836 1289 5888 “ll.

1998 4647 2151 4695 vero,
2198 4631 2389 4686 Filium
2442 4649 2658 4702 quoque
2718 4636 2920 4686 fontem
2960 4650 3105 4694 esse.
3163 4649 3287 4686 cum
3352 4647 3580 4702 prorsus

1999 4744 2107 4780 non
2138 4726 2477 4789 attendisset,
2526 4741 2588 4778 ex
2645 4728 2743 4778 hac
2791 4726 2960 4779 l'outis
3009 4725 3311 4777 secundum
3361 4735 3589 4776 semen—-

2004 4819 2128 4871 tiam
2156 4818 2589 4879 conﬁrmatione,
2623 4828 2677 4871 et
2701 4833 2766 4870 ex
2799 4833 2865 4870 eo
2894 4817 3037 4885 quod
3099 4817 3190 4869 ille
3236 4815 3579 4869 solummodo

2000 4910 2067 4964 de
2099 4911 2256 4964 Patre
2297 4911 2650 4980 intelligatur,
2677 4910 2957 4963 concludit
2987 4910 3162 4962 solum
3193 4908 3576 4975 productoreu:

2000 5020 2121 5057 esse
2153 5004 2386 5065 Patrem,
2412 5013 2468 5057 et
2496 5020 2560 5055 ex
2584 5003 2700 5056 solo
2733 5002 2891 5055 Patre
2933 5003 3250 5070 procedere.
3296 5001 3428 5066 Quis
3482 5001 3584 5068 ἱεῖς

2004 5104 2109 5161 tur,
2143 5095 2439 5148 dummodo
2470 5096 2724 5163 pietatem
2751 5096 2913 5154 colat.
2950 5109 3014 5147 ex
3046 5093 3251 5161 quibus
3295 5093 3410 5160 ipse
3444 5091 3583 5143 fate-

2002 5198 2089 5241 tur
2118 5188 2184 5241 de
2218 5187 2526 5255 significatu
2585 5187 2750 5241 fontis
2787 5187 2898 5255 jam
2968 5186 3379 5247 demonstratis,
3431 5193 3485 5237 et
3520 5201 3585 5236 ex

2011 5279 2212 5346 quibus
2242 5279 2421 5331 divina
2452 5278 2755 5347 Scriptura,
2796 5294 2916 5346 qua:
2940 5278 3086 5329 hunc
3128 5277 3201 5329 uti
3246 5275 3393 5328 Patri
3429 5274 3499 5325 ila
3532 5282 3588 5325 et

2013 5370 2145 5423 Filio
2179 5372 2353 5423 inesse
2405 5370 2608 5439 ingenti
2662 5385 2792 5422 voce
2853 5378 3106 5431 testatur,
3166 5380 3269 5418 non
3330 5376 3585 5431 maguum

2007 5462 2259 5516 clamabat
2293 5460 2595 5512 clarissime
2644 5476 2765 5527 qu:e
2826 5460 2938 5527 ipse
2995 5457 3201 5526 colligit
3249 5456 3589 5520 allii-malque

2005 5554 2182 5606 Patris
2212 5553 2429 5621 propria
2453 5569 2591 5614 esse,
2630 5554 2819 5606 eadem
2849 5563 2896 5605 et
2934 5552 3071 5603 Filio
3096 5549 3397 5603 scentulum
3428 5561 3589 5598 eumn

2003 5653 2123 5700 dem
2158 5656 2406 5714 respectu
2446 5646 2683 5712 Spiritus
2732 5646 3039 5700 necessario
3069 5643 3272 5706 inesse,
3337 5640 3472 5695 adeo
3526 5650 3582 5692 ut
