4220 6444
631 347 768 408 1375

1853 356 2178 422 GEORGII
2222 367 2528 433 METOCH
2543 373 2681 436 [ΤᾸΞ

3755 369 3892 432 i376

621 462 723 519 hac
759 471 971 517 certum
1013 466 1104 530 sit,
1139 476 1198 519 ut
1245 466 1378 520 nulli
1427 469 1844 526 contradictioni
1898 475 2198 542 suhjaceat,

2321 488 2721 560 ἱναντῐρρητον,
2755 491 2847 543 καὶ
2874 487 3127 556 οὐδαμῶς
3163 488 3258 555 τὴν
3303 487 3610 554 ἀπόφασιν;
3646 487 3779 554 πρὸς
3806 481 3889 549 οἷς

616 561 672 607 ει
699 555 1044 620 negationem
1078 557 1335 624 repellat?
1367 569 1423 610 et
1446 575 1555 626 prae
1576 559 1658 614 his
1681 578 1745 614 ex
1777 564 1936 618 dictis
1959 566 2194 623 Numine

618 641 784 697 alllati
835 645 1018 716 Cyrilli
1063 647 1129 701 de
1175 648 1326 703 fonte
1373 666 1541 719 pauca
1579 654 1853 708 recitauda
1898 669 2046 712 sunt.
2095 661 2195 715 llic

620 747 776 790 sexto
802 738 864 790 ad
899 738 1170 793 Hermiam
1205 741 1388 794 libro?
1423 761 1440 794 ι
1494 743 1716 798 Εἰῐιιιιιίί
1752 747 1974 814 quidem
2026 752 2192 806 veluti

619 847 650 882 a
678 829 825 883 fonte
851 829 1011 885 Patre
1054 832 1346 902 Spiritum,
1381 854 1399 886 ι
1439 852 1562 890 cum
1612 849 2023 906 pertractasset.
2070 858 2196 912 sep-

623 923 753 974 timo
783 922 850 976 de
879 922 1016 977 Filio
1063 925 1346 979 decernit:
1386 945 1403 978 ‹
1443 927 1670 997 Proprio
1705 930 1910 999 Spiritu
1959 934 2060 986 sibi
2096 935 2193 988 ad-

623 1015 920 1068 haerentem
956 1015 1186 1085 inungit,
1223 1033 1385 1084 quem
1421 1007 1667 1072 immittit
1698 1022 1814 1087 ipse
1863 1024 1938 1075 uti
1974 1039 2040 1077 ex
2088 1025 2196 1079 Deo

620 1107 780 1159 Patre
809 1105 1072 1170 Verbum,
1101 1117 1153 1159 et
1183 1123 1246 1160 ex
1284 1108 1503 1177 propria
1552 1110 1710 1160 nobis
1760 1119 1954 1164 natura
2006 1113 2083 1165 uti
2130 1129 2196 1167 ex

620 1197 771 1251 fonte
797 1200 1047 1252 elTundit.
1085 1218 1102 1249 ι
1137 1201 1340 1252 Auctor
1363 1199 1777 1253 conclusionum
1813 1211 1866 1254 et
1894 1203 2193 1267 confector,

621 1287 816 1355 partim
853 1297 911 1358 ut
936 1288 1008 1340 illi
1043 1288 1251 1350 arrisit,
1287 1290 1481 1355 partim
1510 1299 1568 1342 ut
1609 1291 1755 1341 illum
1791 1289 2059 1343 dictorum
2098 1308 2198 1346 ne-

621 1379 854 1432 cessitas
885 1381 1170 1448 compulit.
1203 1381 1495 1433 dictionem
1525 1383 1691 1451 fontis
1727 1382 1780 1434 in
1821 1383 1934 1436 suis
1983 1385 2200 1452 scriptis

622 1470 972 1523 multifariam
1026 1473 1339 1533 traducens,
1394 1473 1460 1525 ad
1522 1474 1862 1542 probandum
1926 1491 1989 1528 ex
2039 1476 2201 1530 Patre

621 1577 742 1615 esse
773 1561 1036 1631 Spiritum
1071 1574 1125 1615 et
1165 1579 1271 1615 nun
1298 1580 1364 1617 ex
1404 1563 1562 1627 Filio,
1600 1565 1712 1619 huic
1764 1582 1981 1634 quoque
2031 1569 2202 1622 adne-

623 1652 750 1706 ctit:
795 1671 814 1704 ι
864 1651 920 1706 Si
977 1654 1124 1708 enim
1170 1655 1310 1717 fons,
1363 1659 1508 1724 quod
1563 1658 1781 1727 aliquod
1833 1659 2035 1723 fundit,
2081 1662 2204 1716 fons

620 1743 844 1809 dicitur,
874 1753 930 1797 et
955 1745 1076 1799 fons
1116 1761 1336 1815 prorsus
1380 1749 1527 1802 illius
1565 1759 1670 1812 est,
1721 1751 1812 1819 qui
1864 1753 2127 1805 funditur.
2179 1772 2197 1804 ι

622 1835 1030 1890 Attendendum
1062 1849 1147 1891 est
1177 1854 1329 1906 ergo.
1365 1854 1434 1892 an
1470 1855 1575 1892 non
1605 1852 1657 1895 et
1685 1853 1876 1896 exacta
1925 1844 2023 1898 ista
2060 1855 2200 1900 trac-
2233 1837 2282 1896 Β

625 1927 834 1980 tatione
866 1927 999 1981 illud
1032 1944 1097 1980 ex
1132 1927 1296 1993 Filio,
1326 1931 1612 1999 perspicue
1650 1931 2020 1998 constabiliat,
2050 1937 2092 1988 si
2124 1951 2208 1988 se-

623 2018 864 2071 cundum
899 2033 928 2071 a
957 2019 1067 2073 Deo
1102 2020 1354 2074 edoctum
1381 2020 1642 2090 Cyrillum
1677 2045 1693 2072 ι
1728 2024 1806 2076 Ex
1863 2026 2082 2095 propria
2115 2041 2212 2078 na-

626 2119 746 2164 tura
781 2111 855 2164 uti
887 2126 950 2165 ex
982 2111 1134 2166 fonte
1177 2114 1346 2168 Filius
1382 2114 1560 2169 fundit
1607 2115 1911 2186 Spiritum;
1953 2138 1970 2170 ι
2021 2129 2076 2173 ct
2122 2120 2210 2173 hic

626 2203 810 2267 edicit,
847 2223 865 2255 ι
901 2203 1106 2258 fontem
1142 2206 1210 2259 ita
1239 2207 1344 2261 dici
1394 2210 1538 2277 quod
1571 2209 1773 2276 fundit,
1823 2210 2041 2280 fusique
2089 2210 2211 2267 fons

627 2303 732 2346 est.
769 2311 788 2344 ι
821 2294 885 2347 Et
929 2296 998 2348 ab
1051 2297 1463 2354 immortalitate
1531 2317 1788 2368 maguum
1843 2303 1947 2356 sibi
2008 2319 2208 2357 nomen

627 2386 914 2441 vindicans
944 2389 996 2442 in
1022 2390 1310 2454 similibus,
1340 2404 1615 2447 asseverat
1645 2396 1722 2448 de
1760 2395 1965 2464 Spiritu
2011 2396 2210 2451 dicens

628 2481 804 2532 activa
834 2481 1141 2550 prolatione
1179 2501 1196 2534 ι
1235 2484 1463 2538 elllueus
1494 2487 1570 2540 uti
1601 2501 1631 2538 e
1658 2486 1827 2550 fonte,
1860 2491 1973 2543 sive
2017 2505 2214 2560 proce-

628 2574 786 2634 dens,
836 2593 854 2625 ο
897 2585 954 2628 ιιι
984 2590 1150 2644 supra
1173 2577 1494 2630 adnotatum
1527 2588 1626 2632 est.
1661 2579 1732 2632 Ex
1767 2583 2011 2650 proxima
2045 2585 2210 2656 igitur

630 2669 1109 2736 argumentatione
1136 2670 1238 2724 hac
1264 2671 1413 2724 varie
1445 2688 1639 2726 nomen
1672 2673 2210 2745 lontisinvolventis,

632 2760 871 2828 indeque
925 2761 1068 2830 quod
1105 2761 1206 2830 ipsi
1257 2763 1312 2813 in
1361 2762 1545 2816 animo
1591 2779 1696 2817 non
1748 2775 1852 2831 est,
1896 2771 2212 2824 necessario

631 2850 1037 2920 amuenterque
1068 2855 1500 2918 corrohorantis,
1532 2866 1869 2925 temercque,
1899 2869 1958 2912 ut
1978 2860 2212 2925 videtur,

632 2941 1004 2996 incumbentis
1038 2943 1465 2999 solum'Patretn
1508 2946 1894 3016 productoretn
1934 2949 2211 3020 colligere,

631 3049 697 3087 ex
730 3035 831 3089 hac
861 3036 1032 3105 ipsius
1062 3048 1511 3108 argumentorum
1551 3040 1809 3094 methodo
1847 3043 2032 3110 potius
2069 3044 2214 3098 illius

631 3128 862 3181 futilitas
895 3141 1180 3199 comparet
1215 3132 1608 3200 propositionis
1637 3150 1651 3186 :
1690 3149 1707 3182 ι
1740 3123 1870 3186 Ἐι-ἰι
1917 3133 2040 3188 fons
2087 3134 2211 3188 Filii

630 3234 684 3273 et
711 3218 949 3287 Spiritus
985 3221 1148 3275 Pater
1167 3239 1323 3292 aaque
1348 3239 1411 3278 ac
1447 3224 1490 3277 si
1541 3223 1744 3277 dixeris
1792 3224 1952 3279 Pater
1993 3224 2112 3281 Filii
2158 3237 2214 3282 et

632 3313 936 3380 productor
1001 3313 1272 3382 Spirttus,
1335 3334 1354 3366 ι
1408 3323 1463 3368 et
1517 3316 1620 3369 hoc
1676 3317 1899 3384 saepius.
1954 3327 2210 3387 tanquam

631 3404 778 3471 quod
815 3404 988 3457 everti
1028 3405 1176 3458 nullo
1222 3407 1385 3460 modo
1421 3407 1610 3475 possit,
1650 3408 2004 3472 ostentantis,
2057 3424 2210 3463 eum-

631 3496 754 3547 dem
788 3496 962 3564 ipsum
985 3512 1048 3548 ex
1072 3497 1265 3550 iisdem
1292 3499 1621 3552 concludere
1641 3499 2020 3568 productoretn
2049 3503 2213 3555 etiam

633 3589 855 3652 Filium,
890 3591 967 3642 uti
994 3590 1201 3644 fontem
1253 3591 1492 3661 Spiritus
1540 3595 1902 3660 apertissime.
1960 3594 2025 3648 Et
2073 3595 2216 3650 illius

631 3697 850 3751 quoque
903 3683 1110 3736 calculo
1147 3699 1232 3736 res
1272 3685 1342 3737 ita
1393 3699 1451 3738 se
1507 3685 1692 3737 habet.
1746 3685 1853 3738 Sed
1903 3686 2047 3740 enim
2089 3703 2214 3740 cum

628 3775 741 3840 jam
777 3790 880 3828 vox
931 3777 1073 3830 solus
1107 3776 1174 3830 de
1214 3777 1361 3832 fonte
1392 3779 1784 3843 examinatum,
1819 3779 1991 3834 sicubi
2023 3797 2217 3834 occur-

633 3866 792 3932 rerit,
838 3876 915 3930 et,
949 3868 1226 3937 quomodo
1262 3869 1348 3921 illa
1387 3869 1453 3921 de
1486 3868 1792 3922 divinitatis
1839 3872 2221 3940 hypostasibus

631 3960 1033 4024 consideratur,
1075 3975 1139 4014 ex
1177 3961 1437 4014 divinitus
1474 3960 1747 4030 inspirata:
1779 3961 2077 4030 Scriptum
2106 3965 2220 4018 elo-

633 4052 799 4120 quiis,
839 4053 1173 4106 declaratum
1206 4056 1300 4120 sit,
1334 4055 1699 4109 nihilominus
1725 4071 1992 4124 nusquam
2027 4065 2110 4110 est
2139 4071 2224 4109 re-

635 4146 854 4216 perire:
907 4165 926 4197 ι
965 4145 1124 4200 Sulus
1160 4147 1464 4215 productor
1509 4147 1745 4215 Spiritus
1797 4146 1976 4210 Pater,
2020 4166 2040 4199 ι
2077 4146 2222 4216 quod

635 4236 957 4306 producere,
982 4247 1077 4292 aut
1100 4239 1436 4307 producendi
1461 4238 2025 4308 facultas,proprietas
2047 4239 2224 4294 Patris

637 4344 747 4381 non
784 4338 888 4394 est,
942 4345 1068 4383 cum
1124 4329 1492 4384 Damascenus
1545 4330 1917 4398 diviniloquus
1949 4347 2015 4385 ex
2050 4331 2224 4398 gratia

636 4435 838 4474 nomen
883 4421 1113 4483 habens,
1147 4422 1306 4475 tertio
1337 4422 1552 4481 decimo
1588 4422 1897 4491 theologica
1927 4424 2127 4492 capite,
2155 4422 2224 4476 de

2308 580 2401 630 καὶ
2447 583 2503 645 ἐξ
2539 574 2613 634 ὧν
2669 599 2832 651 φησιν
2886 584 2912 634 ὁ
2968 579 3264 648 θεόληπτος
3313 578 3578 646 Κύριλλος
3629 579 3891 646 περὶτῆς

2308 671 2493 740 πηγῆς
2545 673 2765 742 ἀμυδρὰ
2809 673 3052 724 λεκτέον.
3096 667 3263 732 Οὗτος
3313 672 3371 721 ὲν
3418 669 3564 737 ἒκτῳ
3612 669 3720 721 τῶν
3752 669 3893 739 πρὸς

2317 761 2596 831 Ἑρμείαν,
2637 783 2655 814 ι
2708 766 2996 834 Προχείται
3037 763 3132 831 μὲν
3165 757 3253 814 οἶά
3287 779 3393 830 περ
3435 763 3542 812 ἀπὸ
3575 761 3759 830 πηγῆς
3796 761 3890 813 τοῦ

2307 855 2519 923 Πατρδς
2576 856 2636 906 τὸ
2685 855 2930 924 Πνεῦμα,
2967 872 2983 905 ι
3025 854 3374 922 θεολογήσας,
3421 855 3478 905 ὲν
3519 854 3730 922 ὲὸδόμῳ
3762 855 3893 918 περὶ

2303 947 2398 999 τοῦ
2445 946 2572 999 Υἰοῦ
2612 947 2952 1016 δογματίζει,
2993 965 3010 996 ι
3044 947 3131 1014 Τῷ
3165 945 3278 1012 ἰδίῳ
3315 944 3591 1012 Πνεύματι
3619 944 3708 995 τὸν
3741 944 3894 1013 αὐτῷ

2309 1042 2710 1108 προσκείμενον
2775 1040 3085 1108 καταχρίει,
3133 1038 3271 1104 ὅπερ
3327 1037 3531 1105 ἐνίησιν
3588 1036 3686 1103 μὲν
3732 1036 3893 1096 αὐτὸς

2307 1133 2382 1194 ὡς
2413 1136 2476 1185 ὲκ
2508 1131 2643 1184 Θεοῦ
2680 1133 2893 1201 Πατρὶς
2923 1132 3115 1197 Λόγος,
3145 1132 3238 1181 καὶ
3267 1128 3323 1192 ἐξ
3353 1129 3489 1189 ἰδίας
3513 1130 3646 1196 ἡμῖν
3678 1128 3894 1194 ἀναπη-

2311 1227 2465 1292 γάζει
2495 1227 2728 1292 φύσεως.
2774 1242 2791 1274 ι
2837 1224 2896 1275 Ὁ
2938 1223 3294 1291 συντελεστὴς
3343 1219 3450 1272 τῶν
3488 1219 3894 1288 συμπερασμά-

2307 1334 2438 1377 των,
2469 1316 2562 1368 τοῦ
2599 1316 2700 1385 μὲν
2738 1318 2813 1378 ὼς
2843 1315 3123 1384 ἠϐούλετο,
3156 1313 3247 1367 τοῦ
3292 1315 3347 1365 δὲ
3385 1313 3459 1375 ὼς
3502 1315 3533 1381 ἡ
3566 1314 3629 1364 ὲκ
3659 1311 3768 1363 τῶν
3803 1313 3894 1362 λε-

2308 1411 2556 1476 γομένων
2605 1411 2818 1476 ἀνάγκη
2877 1409 3195 1477 παρίστησι,
3248 1406 3308 1457 τὸ
3347 1405 3510 1472 πηγὴ
3558 1409 3670 1465 τοῖς
3724 1402 3893 1454 αὑτοῦ

2307 1499 2746 1566 καταστρωθετσι
2801 1498 3100 1556 πολυειδῶς
3156 1498 3556 1566 μετερχόμενος
3595 1497 3674 1555 εἰς
3728 1509 3896 1544 κατα-

2311 1592 2513 1660 σκευὴν
2543 1592 2636 1644 τοῦ
2673 1594 2738 1643 ὲκ
2790 1590 3004 1659 Πατρδς
3051 1584 3280 1641 εἶναιτὸ
3315 1589 3535 1655 Πνεῦμα
3586 1585 3680 1638 καὶ
3712 1585 3786 1654 μὴ
3831 1587 3894 1636 ἐκ

2309 1682 2402 1733 τοῦ
2439 1681 2589 1744 Υἰοῦ,
2633 1682 2726 1733 καὶ
2767 1680 2889 1732 τάδε
2929 1679 3358 1749 προσεπιπλέκει
3394 1678 3568 1730 λέγων
3598 1693 3612 1706 ·
3649 1689 3672 1727 ι’
3699 1677 3760 1727 Εἰ
3787 1675 3896 1741 γὰρ

2312 1773 2463 1844 πηγὴ
2492 1775 2573 1827 ὅτι
2601 1771 2842 1842 πηγάζει
2867 1790 2918 1824 τι
2940 1771 3156 1839 λέγεται
3185 1772 3358 1838 πηγὴ,
3385 1771 3480 1821 καὶ⁵
3507 1771 3539 1835 ἡ
3580 1768 3727 1834 πηγὴ
3757 1766 3899 1818 πάν·

2311 1884 2419 1927 τως
2439 1867 2652 1919 ἐκείνου
2675 1865 2892 1930 λέγεται
2919 1867 3070 1932 πηγὴ
3097 1862 3189 1915 τοῦ
3228 1861 3635 1929 πηγαζομένου.
3669 1878 3689 1910 ι
3718 1861 3898 1927 Προσ-

2311 1957 2499 2010 εκτέον
2533 1956 2751 2021 οὑκοῦν,
2785 1957 2834 2008 εἰ
2882 1956 2958 2024 μὴ
2993 1957 3102 2006 κάκ
3140 1954 3303 2022 τῆσδε
3351 1953 3450 2020 τῆς
3499 1950 3900 2020 ἐπεξεργασίας

2309 2049 2461 2102 τὸέκ
2498 2048 2608 2102 τοῦ
2649 2048 2786 2102 Υἱοῦ
2828 2046 3142 2118 περιφανῶς
3192 2047 3412 2115 ὲδραιοῖ,
3459 2046 3599 2110 εἴγε
3635 2043 3778 2095 κατὰ
3806 2043 3900 2094 τὸν

2311 2140 2569 2206 θεόσοφον
2609 2139 2876 2209 Κύριλλον
2909 2159 2926 2190 ι
2971 2138 3062 2202 Ἐξ
3099 2138 3232 2198 ἰδίας
3281 2140 3308 2190 6
3339 2137 3465 2198 Υἰὸς
3504 2136 3720 2204 φύσεως
3766 2137 3901 2187 dva-

2313 2232 2549 2302 πηγάζει
2588 2231 2647 2284 τὸ
2677 2231 2922 2300 Πνεῦμα.
2964 2249 2984 2283 ι
3017 2229 3126 2282 Καὶ
3163 2223 3317 2290 οὗτος
3346 2227 3710 2297 άνακηρύττει
3750 2245 3768 2276 ι
3800 2229 3900 2293 τὴν

2319 2325 2518 2390 πηγὴν,
2549 2324 2631 2375 ὅτι
2671 2322 2928 2390 πηγάζει,
2967 2320 3252 2374 καλεῖσθαι
3284 2319 3488 2388 πηγὴν,
3531 2319 3625 2370 καὶ
3667 2317 3761 2369 τοῦ
3794 2333 3900 2385 πη-

2312 2415 2620 2484 γαζομένου
2659 2415 2844 2485 πηγὴν
2878 2413 3153 2480 λέγεσθαι.
3192 2431 3208 2462 ι
3246 2413 3355 2464 Καὶ
3401 2412 3499 2475 τῆς
3553 2409 3849 2470 ἀθανασίας
3873 2411 3901 2460 ὁ

2317 2505 2710 2576 μεγαλώνυμος
2769 2508 2862 2558 καὶ
2913 2503 3200 2570 ἐπώνυμος
3232 2502 3334 2552 κάν
3364 2499 3539 2551 τοῖσδε
3581 2498 3743 2549 πάλιν
3771 2498 3902 2548 ἁνα-

2315 2598 2531 2667 γορεῦει
2560 2600 2690 2666 περὶ
2709 2598 2803 2650 τοῦ
2829 2597 3142 2664 Πνεῦματος
3172 2596 3420 2662 φάσκων,
3448 2592 3718 2663 πηγάζειν
3748 2593 3900 2658 ἐνερ-

2314 2690 2579 2760 γητικῶς,
2612 2690 2791 2743 είτουν
2820 2689 3274 2758 ἐκπορευόμενον,
3307 2687 3383 2748 ὡς
3416 2687 3529 2739 ἄνω
3579 2702 3679 2738 που
3719 2699 3902 2752 παρα-

2314 2784 2544 2836 τίθεται.
2613 2781 2706 2834 Ἑκ
2763 2781 2947 2850 μέντοι
3015 2779 3113 2848 τῆς
3166 2777 3470 2847 προσεχοῦς
3498 2776 3902 2845 ἐπιχειρήσεως

2316 2874 2519 2943 ταύτης
2550 2872 2645 2925 τοῦ
2691 2870 3057 2929 πολυελίκτως
3085 2869 3146 2922 τὸ
3189 2869 3286 2937 τῆς
3320 2867 3506 2935 πηγῆς
3548 2867 3900 2935 στρέφοντος,

2319 2963 2615 3017 κάντεῦθεν
2652 2962 2800 3033 αὐτῷ
2828 2961 2889 3014 τὸ
2934 2959 3191 3013 ἀκούσιον
3225 2961 3522 3026 ἀναγκαῖον
3575 2957 3901 3020 πλεοναζόν-

2318 3071 2430 3118 τως
2472 3053 2851 3125 κρατύνοντος,
2889 3051 3070 3122 μάτην
3119 3049 3543 3118 κατεπείγεσθαι
3575 3052 3902 3118 φαινομένου

2319 3145 2381 3198 τὸ
2442 3146 2602 3215 μόνον
2641 3146 2732 3196 τὸν
2764 3143 2982 3211 Πατέρα
3009 3143 3277 3211 προϐολέα
3300 3143 3578 3208 συνάγειν,
3608 3140 3669 3204 ἐξ
3691 3143 3906 3208 ἐκείνης

2318 3235 2808 3304 ὲπιχειρηματικῆς
2841 3230 3003 3284 αὑτοῦ
3061 3230 3262 3301 μᾶλλον
3303 3231 3547 3300 μεθόδου,
3599 3230 3905 3295 ἀναφαίνε-

2312 3341 2403 3378 ται
2428 3324 2489 3376 τὸ
2525 3326 2728 3376 εἰκαῖον
2760 3323 2857 3390 τῆς
2892 3321 2975 3375 ὅτι
3021 3341 3039 3373 ι
3079 3323 3290 3374 Ταυτόν
3318 3323 3431 3373 ἐστι
3463 3321 3615 3389 πηγὴ
3643 3319 3772 3372 Υἰοῦ
3801 3318 3901 3371 καὶ

2316 3415 2674 3482 Πνεῦματοςὸ
2693 3413 2899 3482 Πατὴρ,
2920 3413 3108 3479 ὥσπερ
3126 3415 3174 3465 εἰ
3195 3412 3410 3480 ἐλέγετο
3434 3411 3620 3480 Πατὴρ
3643 3410 3768 3462 Tia-3
3783 3449 3794 3468 ,
3813 3412 3909 3462 καὶ

2317 3507 2616 3576 προϐολεὺς
2647 3506 2982 3574 Πνεῦματος,
3016 3525 3032 3556 ι
3060 3503 3321 3557 καὶτοῦτο
3345 3505 3602 3563 πολλάκις
3637 3503 3710 3563 ὡς
3732 3507 3905 3569 ἀπαρ-

2319 3599 2539 3666 αίτητον
2563 3599 2913 3666 δεικνυμένου
2943 3597 3036 3649 τοῦ
3074 3596 3465 3664 συμπεραίνειν
3485 3593 3911 3646 αὑτὸνέντεῦεὶεν

2319 3689 2587 3758 προϐολέα
2617 3693 2708 3742 καὶ
2729 3689 2815 3740 τὸν
2845 3689 2991 3751 Υἰδν,
3022 3683 3110 3740 οἷα
3135 3691 3319 3755 πηγὴν
3337 3685 3429 3737 τοῦ
3466 3684 3780 3751 Πνεύματος
3805 3687 3908 3750 ἐμ-

2323 3780 2655 3846 φανέστατα.
2690 3779 2800 3830 Καὶ
2829 3779 2948 3830 κατ’
2990 3777 3154 3829 αὑτὸν
3188 3777 3285 3844 μὲν
3304 3776 3468 3828 οὕτω.
3506 3773 3613 3825 Τοῦ
3645 3774 3700 3824 δὲ
3720 3777 3913 3839 μόνος

2321 3871 2414 3923 ὲπὶ
2435 3873 2530 3938 τῆς
2553 3871 2733 3939 πηγῆς
2753 3870 2851 3938 τὴν
2881 3869 3125 3932 ἐξέτασιν
3157 3868 3460 3934 εἰληφότος,
3479 3865 3716 3932 ἔνθαπερ
3747 3864 3914 3932 εὓρη-

2323 3978 2433 4024 ται,
2457 3963 2699 4023 καὶὸπως
2717 3961 3058 4030 ενθεωρείται
3076 3963 3192 4020 ταῖς
3209 3961 3307 4026 ’.ἧς
3329 3958 3580 4025 θεότητος
3611 3956 3916 4008 ὑποστάσε-

2327 4069 2432 4115 σιν,
2455 4053 2634 4105 ἐκτῶν
2653 4053 2748 4121 τῆς
2767 4050 3126 4103 θεοπνεύστου
3150 4049 3370 4118 Γραφῆς
3391 4047 3649 4116 ῥημάτων
3669 4047 3916 4111 ἀποφαν-

2327 4143 2529 4207 θέντος,
2554 4145 2653 4196 οὐκ
2695 4144 2842 4196 ἐστιν
2881 4144 3014 4194 ὃπου
3063 4139 3404 4208 λελεγμένον,
3439 4155 3458 4188 ι
3491 4139 3666 4199 Μόνος
3713 4135 3917 4205 προϐο-

2327 4239 2452 4300 λεὺς
2475 4238 2574 4290 τοὶ
2602 4237 2917 4305 Πνεῦματος
2947 4239 2974 4287 6
3005 4233 3214 4303 Πατὴρ,
3249 4250 3269 4284 ι
3318 4233 3404 4284 ὅτι
3441 4229 3518 4300 μὴ
3565 4230 3763 4297 ἰδιότης
3819 4227 3918 4280 τοῦ

2330 4330 2542 4400 Πατρδ,
2571 4328 2632 4380 τὸ
2659 4326 3047 4398 προὸλητικδν,
3112 4324 3346 4392 ἐπείπερ
3378 4324 3406 4376 6
3438 4320 3793 4389 Δαμασκόθεν
3817 4337 3918 4388 χα-

2332 4421 2636 4494 ριτώνυμος
2687 4421 2949 4489 θεηγόρος
3015 4420 3073 4469 ἑν
3145 4416 3224 4484 τῷ
3299 4412 3741 4483 τρισκαιδεκάτῳ
3807 4410 3921 4460 τῶν

637 4512 800 4567 Patre
827 4514 898 4566 ita
928 4524 1116 4583 aperte
1145 4513 1448 4568 edisserat:
1479 4531 1497 4564 ι
1530 4514 1648 4583 Ipse
1679 4514 1898 4582 quidem
1932 4525 2016 4567 est
2046 4528 2220 4577 mens,

2339 4513 2664 4580 θεολογικῶν
2694 4511 2858 4564 αὐτοῦ
2894 4508 3208 4577 κεφαλαίων
3242 4509 3370 4575 περὶ
3410 4505 3504 4556 τοῦ
3537 4503 3750 4571 Πατρδς
3777 4503 3924 4553 οὕτω

639 4606 801 4659 Verbi
827 4607 1073 4676 abyssus,
1103 4605 1259 4660 Verbi
1283 4607 1517 4674 genitor,
1548 4616 1604 4660 et
1627 4622 1724 4675 per
1753 4605 1991 4660 Verbum
2023 4606 2226 4673 produ-

638 4704 758 4750 «ιον
803 4698 1096 4751 revelanlis
1146 4698 1402 4765 Spiritus.
1443 4717 1460 4747 ι
1498 4698 1636 4751 lliuc
1679 4697 1840 4767 plane
1887 4698 2039 4751 nullo
2070 4699 2232 4752 modo

641 4789 791 4843 solus
822 4774 979 4842 Pater
1007 4789 1306 4859 productor
1337 4790 1592 4856 Spiritus.
1619 4806 1744 4842 cum
1777 4789 1868 4841 hic
1901 4804 1996 4856 per
2028 4789 2224 4842 Filium

642 4882 735 4933 sit.
780 4879 1054 4946 Quidquid
1100 4879 1247 4932 cnim
1304 4881 1523 4948 proprie
1570 4878 1714 4930 Patri
1771 4879 2099 4939 vindicatur,
2174 4885 2233 4928 ut

641 4983 803 5026 antea
846 4971 1104 5032 diximus,
1158 4982 1578 5040 consequenter,
1625 4981 1681 5024 et
1733 4987 1829 5038 per
1885 4969 2083 5022 Filium
2118 5012 2130 5032 ,
2181 4978 2237 5022 et

643 5063 905 5133 quidquid
941 5079 1037 5130 per
1075 5062 1294 5127 Filium,
1323 5064 1452 5116 illud
1483 5062 1862 5130 non,proprie.
1892 5061 2073 5125 Quare
2106 5075 2230 5114 cum

644 5159 817 5210 ambm
855 5173 1120 5227 personae,
1157 5173 1278 5226 quae
1327 5172 1394 5210 ex
1429 5158 1585 5209 I’atrc
1635 5165 1783 5218 sunt,
1819 5156 2120 5207 secundum
2152 5153 2238 5206 di-

647 5265 863 5302 versum
917 5265 1288 5318 progressum,
1347 5251 1462 5302 haec
1509 5248 1727 5315 quidem
1776 5248 1974 5298 habeat
2021 5246 2237 5312 pmprio

645 5342 868 5392 nomine
915 5340 1186 5409 generari,
1237 5340 1322 5392 illa
1377 5339 1697 5407 procedere,
1748 5345 1800 5389 et
1849 5351 1913 5386 ex
1949 5351 2054 5402 qua
2110 5343 2240 5388 sunt

646 5446 906 5499 generare
932 5440 985 5483 et
1011 5432 1316 5499 producere
1345 5430 1646 5483 secundum
1673 5439 1960 5490 utramque
1988 5430 2236 5495 proprie-

647 5524 777 5577 tatis
811 5524 1098 5587 rationem,
1131 5538 1257 5592 erga
1293 5522 1412 5574 illas
1438 5538 1557 5590 quae
1594 5537 1662 5573 ex
1716 5536 1782 5573 eo
1826 5527 1973 5582 sunt,
2008 5521 2240 5573 alterum

648 5616 803 5669 alteri
836 5626 1226 5684 congruenter,
1261 5614 1556 5685 generandi
1589 5612 1925 5674 facultatem,
1963 5623 2021 5664 ut
2048 5627 2242 5668 Otnues

647 5709 814 5761 divini
853 5708 1137 5778 loquorum
1170 5709 1390 5761 Patrum
1423 5722 1583 5760 voces
1632 5708 1936 5763 insinuant.
1969 5705 2240 5773 quispiam

652 5802 896 5856 inveniet
929 5804 1004 5858 uti
1039 5803 1321 5874 proprium
1353 5801 1499 5856 Patri
1538 5801 1746 5868 solique
1779 5799 2082 5863 decretum,
2122 5814 2241 5867 qua:

2335 4603 2635 4674 διαρρήδην
2677 4601 2920 4668 θεολογεῖ
2950 4617 2964 4630 ο
2999 4618 3018 4651 ι
3057 4599 3228 4661 Αὐτὸς
3267 4598 3365 4663 μέν
3420 4598 3536 4648 ἔστι
3571 4593 3717 4655 νοῦς,
3743 4593 3920 4657 Λόγου

2333 4695 2769 4762 ἄϐυσσος,Λὸγου
2787 4694 3187 4761 γιιννήτωρριια)⁵
3205 4692 3295 4743 διὰ
3311 4690 3486 4754 Λόγου
3510 4685 3806 4750 προδολεὺς
3825 4684 3922 4735 τοῦ

2335 4785 2732 4852 ὲκφαντορικοῦ
2768 4782 3107 4850 Πνεῦματος.
3137 4799 3156 4831 ι
3189 4779 3350 4833 Ὅθεν
3380 4780 3584 4846 ἣκιστα
3609 4777 3768 4845 μόνος
3799 4792 3926 4840 προ-

2336 4873 2522 4933 ὖολευς
2549 4872 2642 4925 τοῦ
2669 4874 2982 4941 Πνεύματος
3012 4874 3038 4924 6
3069 4871 3279 4940 Πατὴρ,
3305 4869 3429 4921 ἐπεὶ
3476 4868 3564 4918 διὰ.
3611 4865 3704 4917 τοῦ
3766 4865 3921 4916 Υἰοῦ.

2338 4967 2404 5018 Εἴ
2424 4985 2474 5018 τι
2505 4968 2612 5034 γάρ
2645 4967 2789 5026 ἰδίως
2830 4964 3268 5032 ὲπικεκλήρωται
3295 4961 3374 5032 τῷ
3421 4962 3612 5028 Πατρὶ,
3644 4959 3925 5025 πεφθακόο

2338 5074 2443 5117 τως
2464 5057 2538 5117 ὼς
2576 5057 3008 5124 προειρήκαμεν,
3038 5053 3193 5104 τοῦτο
3218 5051 3311 5103 καὶ
3357 5051 3443 5102 διὰ
3486 5049 3579 5100 τοῦ
3625 5047 3749 5099 Υἱοῦ
3784 5064 3798 5077 ·
3826 5050 3926 5099 καὶ

2341 5146 2393 5197 εἴ
2414 5163 2464 5197 τι
2493 5146 2578 5197 διά
2607 5145 2700 5197 τοῦ
2735 5144 2887 5206 Υἰοῦ,
2918 5142 3076 5194 τοῦτο
3100 5144 3198 5193 οὑκ
3235 5142 3398 5202 ἰδίως.
3454 5141 3510 5190 ’Λ
3524 5139 3807 5207 μφοτέρων
3828 5137 3925 5188 οὖν

2343 5236 2646 5306 προσώπων
2677 5237 2786 5287 τῶν
2817 5238 2880 5286 ἐκ
2911 5237 3120 5302 Πατρὸς
3160 5233 3300 5284 κατὰ
3328 5233 3426 5299 τὴν
3454 5231 3707 5296 διάφορον
3741 5228 3925 5279 αὐτῶν

2342 5331 2589 5399 πρόοδον,
2619 5330 2710 5380 τοῦ
2745 5328 2843 5396 μὲν
2883 5327 3094 5396 ἔχοντος
3143 5325 3246 5394 ἰδίᾳ
3276 5325 3334 5374 τὸ
3378 5322 3656 5389 γεννητὴν,
3715 5320 3808 5370 τοῦ
3867 5320 3924 5371 δὲ

2342 5427 2401 5475 τὸ
2431 5423 2777 5491 ὲκπορευτὸν,
2812 5421 2907 5472 καὶ
2929 5419 3021 5470 τοῦ
3063 5419 3123 5480 ἐξ
3145 5415 3204 5470 οἵ)
3233 5418 3290 5468 τὸ
3316 5416 3630 5483 γεννητικὸν
3659 5415 3749 5464 καὶ
3785 5428 3926 5479 προ-

2346 5517 2596 5581 ϐλητικδν
2619 5515 2738 5565 κατ’
2785 5515 3041 5581 ἰδιότητος
3087 5513 3241 5576 λόγον
3289 5511 3550 5577 ἑκάτερον
3589 5506 3720 5573 πρὶς
3768 5509 3834 5554 τὰ
3866 5504 3930 5567 ἐξ

2346 5608 2510 5662 αὐτοῦ
2537 5607 2746 5675 θατέρῳ
2770 5607 2994 5675 θάτερον
3021 5602 3364 5671 mmmam;
3396 5600 3454 5652 τὸ
3481 5602 3578 5666 μὲν
3607 5599 3929 5666 γεννητικὸν

2349 5702 2486 5754 κατᾶ
2547 5701 2728 5761 πάσας
2781 5699 2877 5759 τὰς
2926 5695 3314 5762 διατρανούσας
3373 5693 3532 5745 τοῦτο
3587 5690 3768 5757 φωνὰς
3817 5692 3932 5746 τοῖς

2348 5794 2713 5863 θιορρἡμοσιν
2737 5792 2961 5862 εὑρήσει
2998 5807 3081 5852 τις
3108 5789 3235 5841 ἓδιον
3292 5788 3368 5856 τῲ
3404 5786 3572 5855 Πατρὶ
3625 5785 3718 5836 καὶ
3777 5783 3934 5852 μόνῳ
