4220 6444
336 396 474 461 i377

1325 398 1625 459 CONTRA
1670 397 2099 456 MANUELEM
2143 394 2625 454 CRE'I‘ENSEM.

3453 388 3590 452 1378

330 509 773 579 θεολογούμενον,
811 511 948 566 κατὰ
983 512 1078 574 τὰς
1112 515 1189 576 εἱς
1221 512 1351 565 αὐτὸ
1386 514 1542 566 τοῦτο
1571 513 1914 581 λαμϐανομέ-

2019 509 2084 560 ad
2121 509 2221 561 hoc
2255 508 2429 576 ipsum
2474 513 2827 560 assumuntur
2859 503 3171 574 perspicue.
3213 501 3604 555 Verumtamen

330 619 426 663 νας
450 603 635 669 σαφῶς
673 618 685 631 ·
716 603 775 654 τὸ
801 603 857 656 δέ
907 621 966 667 γε
1012 605 1434 671 προσλητικὸν,
1495 604 1526 672 ἦ
1588 604 1648 655 τὸ
1699 605 1912 671 πριϐο-

328 695 498 756 λείνς,
528 692 560 758 ἦ
603 693 662 743 τὶ
684 693 1152 759 προϐάλλεσθαι,
1178 695 1208 766 ἦ
1240 696 1290 748 τί
1315 695 1422 746 τῶν
1453 696 1614 766 ἑτέρᾳ
1655 694 1912 763 μετακλίο

331 800 411 836 σει
448 783 603 835 τοῦτο
625 784 926 852 δηλούντων
980 787 1228 855 οὐδαμῶς
1285 789 1643 857 ὁπουδήποτε.
1705 787 1913 839 Αὐτίκα

329 873 511 925 τοίνυν
560 876 592 944 ἠ
657 875 765 928 τῶν
821 876 1087 945 θεολόγων
1135 879 1370 947 ἀκρότης
1420 879 1714 948 Γρηγόριος
1749 880 1806 929 ὲν
1835 879 1910 948 τῷ

328 961 472 1030 λόγῳ
505 963 581 1032 τῷ
617 966 692 1025 είς
715 964 824 1016 ,τὸν
863 968 1174 1019 κατάπλουν
1208 967 1317 1020 τῶν
1368 968 1674 1034 Αἰγυπτίων
1705 969 1867 1035 φησίν
1895 987 1907 1000 ’

337 1071 352 1101 ι
389 1053 570 1106 Πάντα
595 1057 694 1108 ὅσα
721 1055 833 1125 ἔχει
869 1059 896 1110 ὁ
928 1058 1111 1128 Πατὴρ
1154 1059 1246 1112 τοῦ
1281 1059 1409 1111 Υἱοῦ
1444 1062 1560 1112 ἐστι
1612 1062 1750 1128 πλὴν
1815 1061 1911 1128 τῆς

329 1145 678 1214 ἀγεννησίας.
713 1148 898 1201 Πάντα
933 1148 988 1201 δὲ
1029 1150 1127 1201 ὃσα
1177 1149 1272 1203 τοῦ
1311 1149 1438 1203 Υἱοῦ
1472 1154 1562 1203 καὶ
1591 1151 1683 1203 τοῦ
1742 1152 1904 1204 Ilvati-

333 1251 501 1303 ματος
538 1236 676 1306 πλὴν
703 1237 801 1304 τῆς
834 1240 1102 1306 υίότητος,
1149 1241 1241 1292 καὶ
1289 1239 1392 1292 τῶν
1421 1242 1518 1293 ὅσα
1562 1243 1688 1310 περὶ
1745 1239 1909 1294 αὑτοῦ

331 1328 660 1395 σωματικῶς
691 1327 910 1397 λέγεται
946 1331 1034 1384 διὰ
1073 1333 1165 1384 τὸν
1194 1333 1324 1402 ἐμὸν
1355 1333 1640 1402 ἄνθρωπον
1677 1335 1770 1385 καὶ
1812 1332 1911 1401 τὴν

328 1419 470 1487 ἐμὴν
504 1422 795 1490 σωτηρίαν.
830 1441 848 1472 i
905 1422 963 1475 ὐ
1021 1424 1180 1487 αὐτὸς
1225 1427 1282 1477 ιν
1327 1426 1404 1493 τῷ
1460 1428 1537 1487 εἰς
1566 1426 1790 1495 ’Ἡρωνα
1819 1424 1910 1478 τὸν

330 1511 657 1580 φιλόσοφον·
718 1531 737 1564 t
777 1515 941 1568 Ἰδιον
992 1515 1048 1568 δὲ
1107 1517 1318 1588 Πατρδς
1371 1517 1532 1586 μὲνὴ
1588 1518 1908 1588 ἁγεννησία,

331 1602 462 1654 Υίοῦ
485 1603 541 1654 δὲ
571 1605 604 1674 ἡ
633 1604 906 1674 γέννησις,
942 1606 1253 1676 Πνεύματος
1286 1607 1342 1661 δὲ
1388 1610 1420 1680 ὴ
1452 1608 1749 1680 ἐκπεμψις.
1790 1629 1808 1662 ι
1852 1610 1911 1661 ὐ

327 1694 491 1756 αὐτὸς
510 1696 568 1746 ὲν
595 1696 669 1766 τῷ
700 1701 826 1766 περὶ
882 1700 979 1767 τῆς
1023 1703 1082 1752 ὲν
1110 1699 1230 1763 ταῖς
1272 1701 1572 1765 διαλέξεσιν
1618 1702 1905 1766 εὐταξίαςο

335 1807 354 1837 ι
390 1787 609 1859 Πνεῦμα
662 1791 726 1841 ἐκ
782 1790 918 1844 Θεοῦ
959 1793 1057 1862 τὴν
1116 1793 1347 1864 ὓπαρξιν
1376 1797 1518 1866 ἕχον,
1551 1797 1910 1867 παραχωροῦν

331 1879 508 1949 Πατρὶ
563 1882 660 1950 μὲν
698 1884 1050 1954 άγεννησίας,
1085 1887 1194 1956 Υἱῷ
1239 1888 1295 1940 δὲ
1321 1891 1625 1955 γεννήσεως
1666 1906 1680 1921 ·
1740 1895 1808 1943 τα
1866 1890 1910 1943 δ’

329 1970 468 2022 ἄλλα
522 1973 614 2025 καὶ
655 1975 900 2043 συμφυὲς
959 1977 1050 2029 καὶ
1084 1977 1394 2048 σύνθρονον,
1446 1981 1539 2032 καὶ
1573 1981 1845 2050 ὁμόδοξον.
1888 2001 1907 2034 i

343 2061 403 2114 ὐ
441 2063 602 2126 αὐτὸς
641 2068 698 2118 ὲν
729 2067 806 2135 τῷ
827 2077 954 2137 περι
980 2068 1071 2121 τοῦ
1095 2069 1407 2138 ιινεύματος
1429 2071 1571 2140 λόγῳ
1604 2089 1616 2102 ο
1652 2091 1669 2124 ι
1711 2073 1776 2126 Τί
1807 2075 1914 2142 γὰρ

331 2155 392 2205 οὐ
418 2155 644 2208 δύναται
672 2156 780 2209 τῶν
815 2158 1065 2224 μεγάλων
1097 2160 1200 2224 ;Ὶ“ί
1246 2162 1299 2214 δὲ
1325 2163 1384 2214 οὐ
1446 2166 1912 2234 προσαγορεύεται

330 2240 405 2298 ὧν
434 2247 584 2309 ϐεδε,
630 2246 768 2317 πλὴν
793 2252 1119 2320 ἀγεννησίας
1149 2254 1240 2305 καὶ
1263 2255 1602 2323 γεννήσεωςς
1630 2257 1774 2308 Ἔδει
1806 2258 1913 2325 γὰρ

331 2339 432 2402 τας
461 2340 723 2410 ἰδιότητας
755 2344 934 2410 μεῖναι
966 2346 1140 2416 Πατρὶ
1173 2349 1262 2399 καὶ
1297 2348 1428 2412 Titii,
1476 2347 1561 2400 ἵνα
1591 2348 1664 2417 μὴ
1785 2351 1912 2417 σόγ-

330 2449 484 2503 χυσις
511 2436 658 2504 παρὰ
682 2438 918 2508 Θεότητι.
959 2438 1020 2492 ’0
1047 2439 1424 2509 χαριτώ-ιυμος
1451 2442 1544 2493 καὶ
1575 2443 1781 2510 πλήρης
1815 2460 1914 2511 χο.⁴

335 2527 499 2594 ρίτων
531 2531 559 2580 ό
579 2531 940 2597 Δαμασκηνὸς
966 2532 1024 2584 ἐν
1048 2531 1126 2601 τῷ
1150 2532 1321 2601 όγδόῳ
1352 2532 1457 2584 τῶν
1483 2532 1806 2600 θεολογικὼν
1827 2552 1914 2586 κε-

332 2615 574 2682 φαλαίων
604 2621 731 2690 περὶ
760 2621 859 2686 τῆς
896 2622 1059 2688 ἁγίας
1109 2623 1336 2692 Τριὰδος
1364 2624 1528 2693 φησίν
1561 2639 1575 2654 ’
1643 2643 1664 2678 ε
1691 2625 1814 2687 Υἱὸς
1857 2625 1912 2678 δὲ

335 2711 433 2762 καὶ
471 2713 760 2783 χαρακτὴρ
791 2715 889 2780 τῆς
912 2715 1182 2785 πατρικῆς
1212 2717 1560 2778 ὑποστάσεως
1596 2716 1684 2769 διὰ
1735 2718 1796 2769 τὸ
1827 2718 1914 2769 τέ-

332 2803 498 2863 λεινιν,
537 2807 630 2857 καὶ
653 2807 1036 2871 ἑνυπόστατον,
1070 2809 1160 2860 καὶ
1210 2811 1347 2860 κατα
1394 2810 1570 2861 πάντα
1619 2810 1804 2878 ὅμοιον
1833 2811 1911 2880 τῷ

335 2898 510 2966 Πατρὶ
546 2894 685 2952 εἶναι
716 2900 856 2970 πλὴν
885 2901 981 2968 τῆς
1013 2900 1359 2970 ἁγεννησίας.
1393 2919 1412 2950 ι
1477 2901 1586 2952 Καὶ
1634 2901 1794 2956 πάλιν
1853 2903 1910 2954 ὲν

332 2989 410 3058 τῷ
438 2987 583 3057 αὑτῴ
607 2991 884 3060 κεψαλαίῳ
915 3004 932 3020 ⁸
969 3008 987 3041 σ
1029 2991 1128 3044 Διὰ
1171 2992 1266 3044 τδν
1304 2991 1521 3060 Πατέρα
1553 2991 1663 3060 ἔχει
1714 2993 1742 3044 ὁ
1788 2993 1910 3056 Tib;

331 3081 425 3134 καὶ
465 3083 526 3132 τὸ
555 3083 778 3151 Πνεῦμα
811 3084 985 3136 πάντα
1030 3082 1066 3136 ἃ.
1118 3084 1256 3152 ἔχει,
1311 3084 1554 3138 τουτέστι
1579 3083 1666 3137 διὰ
1697 3085 1758 3136 τὸ
1820 3086 1911 3140 τὸν

335 3175 555 3243 Πατέρα
592 3175 737 3245 ἔχειν
765 3175 924 3237 αὐτὰ,
954 3175 1096 3258 πλὴν
1117 3177 1214 3244 τῆς
1243 3178 1590 3246 ἁγεννησίας,
1637 3177 1738 3246 τῆς
1789 3194 1910 3246 γεν-
1936 3205 1978 3262 ς

333 3268 566 3336 νήσεως,
601 3269 692 3319 καὶ
721 3270 818 3336 τῆς
838 3267 1236 3337 ὲκπορεύσεως.
1291 3269 1378 3319 Ἐν
1424 3268 1650 3331 ταύταις
1670 3271 1778 3340 γὰρ
1811 3270 1907 3339 μου

338 3373 454 3418 ναις
485 3359 605 3418 ταῖς
629 3359 1019 3419 ὑποστατικαῖς
1062 3360 1288 3427 ἰδιότησι
1340 3359 1686 3428 διαςρέρουσιν
1749 3361 1910 3432 ἀλλή-

337 3447 446 3498 λων
461 3448 518 3499 αἱ
541 3448 695 3514 ἅγιαι
710 3451 855 3515 τρεῖς
891 3449 1242 3513 ὑποστάσεις,
1260 3450 1359 3501 οὐκ
1379 3451 1556 3518 οὐσία,
1571 3449 1646 3519 τῷ
1663 3449 1718 3502 δὲ
1741 3468 1912 3520 χαρα-

337 3538 672 3607 κτηριστικῴ
701 3541 800 3606 τῆς
837 3539 970 3601 ιδίας
1001 3539 1347 3602 ὑποστάσεως
1397 3541 1717 3610 ἀδιαιρέτως
1772 3542 1910 3595 διαι-

335 3627 619 3697 ρούμεναι.
652 3647 671 3680 i
710 3628 768 3682 '0
793 3629 1074 3693 θεσπέσιος
1106 3631 1365 3701 Κύριλλος
1399 3633 1456 3684 ἓν
1507 3649 1610 3686 τινι
1668 3634 1775 3685 τῶν
1824 3651 1915 3686 κε-

335 3721 581 3788 φαλαίων
602 3722 711 3774 τῶν
751 3723 1054 3793 Θησαυρῶν
1086 3739 1101 3753 ·
1155 3741 1174 3774 ι
1213 3725 1422 3793 Ὠσπερ
1444 3725 1626 3777 δίδωσι
1658 3725 1718 3778 τὸ
1745 3727 1912 3794 φυτὸν

335 3813 414 3882 τῷ
440 3813 498 3875 ἐξ
521 3813 689 3866 αὐτοῦ
711 3814 1031 3884 προελθόντι
1058 3814 1253 3884 καρπῷ
1279 3815 1375 3884 τὴν
1407 3817 1552 3881 αὐτῷ
1576 3819 1713 3871 κατὰ
1752 3819 1913 3887 φύσιν

336 3902 644 3970 προσοῦσαν
683 3904 943 3972 ποιότητα
972 3906 1180 3972 φορεῖν,
1207 3903 1378 3966 οὕτως
1407 3907 1436 3956 ό
1469 3905 1592 3968 Υἱὸς
1631 3906 1914 3975 εἰληφέναι

336 3995 486 4061 παρά
521 3991 735 4061 Πατρὸς
758 3993 826 4044 τὰ
871 3989 1021 4062 αὑτῷ
1050 3993 1317 4060 προσόντα
1341 3997 1563 4059 νοεῖται,
1604 3996 1784 4051 πάντα
1837 3997 1915 4051 ὢν

331 4086 432 4137 ὅσα
458 4087 549 4137 καὶ
572 4088 600 4137 ό
637 4084 843 4154 Πατὴρ,
886 4083 1008 4154 δέκα
1040 4088 1202 4144 μόννυ
1233 4085 1326 4138 τοῦ
1358 4081 1497 4140 εἶναι
1535 4088 1742 4157 Πατήρ.
1773 4107 1792 4140 ι
1854 4089 1913 4142 Ὀ

334 4176 493 4238 αὐτὸς
531 4177 587 4226 ὲν
616 4173 694 4246 τῷ
750 4175 982 4246 δευτέρῳ
1006 4193 1112 4227 των
1147 4177 1280 4247 πρὸς
1324 4177 1580 4247 Ἑρμείαν
1611 4194 1624 4207 ·
1673 4197 1692 4229 σ
1722 4180 1913 4233 Συναΐ-

333 4267 444 4319 διον
474 4265 802 4334 πιστεύομεν
837 4269 926 4318 τὸν
962 4265 1086 4318 Υἱὸν
1111 4266 1187 4335 τῷ
1223 4268 1399 4335 ΙΙατρί
1444 4269 1536 4320 καὶ
1581 4271 1688 4323 πᾶν
1737 4271 1912 4324 ὁτιοῦν

338 4359 623 4425 ίσόμετρον
660 4356 873 4424 ἔχοντα,
900 4357 1022 4425 δίχα
1054 4359 1216 4426 μόνου
1253 4359 1345 4411 τοῦ
1371 4363 1573 4415 τεκεῖν.
1635 4364 1912 4433 Προσήκει

333 4448 442 4516 γὰρ
473 4447 536 4500 ἂν
567 4447 724 4499 τοῦτο
757 4450 902 4518 μόνῳ
936 4449 1012 4518 τῷ
1040 4448 1158 4518 Θεῷ
1187 4450 1278 4503 καί
1306 4451 1500 4522 Πατρί.
1538 4469 1556 4502 ι
1613 4454 1722 4506 Καὶ
1749 4457 1911 4506 πάλιν

334 4541 392 4590 ἐν
421 4538 498 4607 τῷ
551 4541 680 4608 περὶ
724 4540 950 4607 Τριάόος
1009 4541 1154 4609 λόγῳ
1189 4557 1202 4571 ·

335 4633 475 4682 κατὰ
511 4630 688 4682 πάντα
711 4631 810 4699 ἴσῳ
848 4631 925 4700 τῷ
968 4631 1142 4699 [Ιατρι
1174 4635 1261 4683 καὶ
1292 4633 1460 4702 ὁμοίῳ
1488 4636 1656 4704 χωρὶς
1686 4637 1779 4704 τῆς
1806 4652 1909 4688 πα-

333 4727 613 4792 τρότητος,
643 4741 662 4772 ι
689 4724 796 4774 Καὶ
814 4720 879 4774 αὖ
906 4724 961 4774 ὲν
980 4722 1181 4783 ἄλλοις·
1214 4741 1230 4773 ι
1269 4724 1434 4774 Μενεῐ
1463 4725 1516 4776 δὲ
1540 4728 1568 4775 ό
1599 4727 1720 4787 Υἱὸς
1741 4728 1906 4796 μηδες

335 4816 422 4877 ’.ὸς
464 4814 934 4883 ἀποστερούμενος
958 4815 1064 4867 τῶν
1102 4815 1330 4866 ἐνόντων
1355 4816 1431 4883 τῷ
1463 4818 1656 4886 ιΙατρὶ,
1691 4818 1793 4871 κᾶν
1830 4823 1905 4889 μὴ

334 4921 535 4959 νοειτατ
571 4908 780 4975 Πατήρ.
821 4923 840 4955 i
909 4907 1018 4956 Καὶ
1079 4906 1241 4957 πάλιν
1294 4911 1350 4957 ὲν
1399 4908 1644 4978 ἑτέροιςο
1705 4927 1722 4959 ι
1764 4911 1906 4962 Πάν-

333 5015 440 5050 των
499 4999 608 5048 τὼν
666 4995 908 5062 φυσικῶν
965 4994 1184 5061 ἁγαθων
1237 4996 1329 5046 τοῦ
1389 4998 1599 5066 Πατρὸς
1653 5008 1907 5062 κοινωνός

332 5095 480 5144 ἐστιν
507 5092 533 5141 ὁ
569 5090 685 5151 Υἱὸς
723 5091 848 5142 ἄνευ
880 5087 1004 5140 τοῦτ
1033 5089 1218 5157 Πατὴρ
1241 5083 1400 5140 εἶναι.
1432 5109 1450 5140 i
1499 5090 1605 5139 Καὶ
1671 5090 1906 5160 ἀλλαχοῦ

331 5183 494 5233 πάλιν
527 5194 541 5210 ⁸
575 5197 591 5229 ι
618 5179 749 5230 Θεὸν
783 5177 1031 5246 ἀληθινὸν
1067 5179 1130 5228 ἐκ
1156 5176 1291 5227 Θεοῦ
1341 5176 1617 5246 ἀληθινοῦ,
1664 5180 1764 5229 οὐκ
1826 5180 1906 5241 είς

331 5271 546 5323 όῦνείαν
573 5273 694 5323 τινὰ.
719 5271 813 5322 καὶ
869 5268 1100 5336 ἔκφυλον
1154 5273 1501 5336 ἐκπεφυκότα
1555 5270 1736 5337 φύσιν,
1787 5272 1905 5325 ἀλλ’

330 5363 457 5416 ὅντα
510 5362 667 5415 τοῦτο
724 5362 1017 5426 οὑσιωδώς,
1072 5363 1206 5431 ὅπερ
1259 5363 1322 5412 ἂν
1349 5356 1486 5412 εἶναι
1557 5366 1726 5414 νοοῖτο
1759 5367 1904 5418 καὶὸ

333 5455 524 5527 Πατὴρ
553 5453 673 5524 δίχα
706 5455 868 5521 μόνου
890 5453 983 5504 τοῦ
1024 5447 1163 5506 εἶναι
1195 5453 1402 5522 Πατήρ.
1442 5471 1460 5504 i
1517 5451 1779 5523 Χρήσεων
1807 5457 1905 5522 μὲν

336 5545 425 5602 οὖν
446 5548 554 5599 τῶν
583 5547 906 5613 θεολογικῶν
929 5546 1370 5614 ὁιασαφουμὲνων
1394 5544 1536 5595 οὕτω
1564 5548 1657 5604 τας
1700 5545 1902 5616 ἰδιότη-

333 5658 432 5704 τας
460 5641 568 5692 τῶν
598 5640 766 5711 τριῶν
795 5640 1146 5692 ὑποστάσεων
1169 5641 1264 5704 τῆς
1304 5639 1576 5707 Θεότητος,
1610 5643 1702 5690 καὶ
1761 5644 1904 5708 οπερ

335 5736 540 5786 ἔνεστιν
563 5733 668 5803 ἰδία
695 5735 771 5804 τῷ
800 5734 974 5803 [Iath
989 5735 1259 5801 διαφορῶν
1279 5732 1386 5783 τῶν
1402 5733 1587 5799 μόνῳ,
1619 5736 1711 5785 καὶ
1735 5731 1898 5800 δίχα,

336 5826 432 5879 καὶ
479 5826 667 5893 πλὴν,
730 5827 822 5879 καὶ
875 5826 1074 5880 λοιπῶν
1125 5824 1612 5894 διεδκρινουμένων
1664 5823 1897 5894 εἰλικρι-

2017 601 2335 668 producendi
2381 598 2714 668 facultatem,
2756 598 2870 650 sive
2915 595 3216 664 productor,
3254 593 3370 646 sive
3407 593 3607 660 produ-

2015 708 2150 751 cere.
2185 692 2299 745 sive
2343 691 2608 760 quidquid
2638 689 2782 744 aliud
2815 688 2908 751 sit,
2940 687 3084 756 quod
3115 686 3218 740 alia
3248 683 3484 738 ﬂexione
3520 685 3605 737 in-

2016 785 2248 845 dicatur,
2293 785 2442 838 nullo
2469 799 2695 854 prorsus
2727 782 2907 836 modo.
2953 782 3091 834 Ante
3123 779 3257 833 alios
3289 793 3418 847 ergo
3456 776 3611 831 theo-

2017 875 2261 944 Iogorutn
2313 887 2496 932 vertex
2545 875 2861 945 Gregorius,
2912 873 3164 928 oratione
3207 874 3260 926 in
3313 873 3605 926 adventum

2015 966 2420 1038 Aigyptiorum,
2454 969 2532 1021 ait
2560 984 2573 1018 :
2614 987 2632 1018 ε
2671 967 3026 1034 Quaecunque
3059 963 3216 1018 Pater
3263 962 3446 1026 habet,
3479 961 3602 1016 Filii

2015 1071 2163 1123 sunt,
2189 1075 2350 1113 unam
2376 1065 2418 1113 si
2442 1061 2680 1128 excipias
2705 1058 3086 1130 ingenituram.
3111 1055 3458 1124 Quazcunquc
3484 1055 3606 1110 Filii

2013 1160 2166 1212 sunt,
2201 1151 2290 1203 illa
2330 1149 2518 1203 eadem
2555 1159 2612 1203 et
2636 1149 2898 1217 Spiritus,
2931 1163 3094 1202 unam
3131 1147 3176 1200 si
3208 1145 3448 1214 excipias
3475 1146 3606 1199 lilia-

2016 1243 2243 1307 tionem,
2301 1252 2358 1297 et
2402 1256 2745 1312 qmecunque
2789 1241 2892 1296 alia
2938 1242 3007 1296 de
3042 1257 3108 1294 eo
3155 1250 3382 1310 propter
3421 1253 3605 1292 meum

2017 1334 2312 1399 hominem,
2339 1344 2390 1387 et
2414 1348 2589 1386 meam
2615 1333 2846 1386 salutem
2868 1344 3207 1386 asseruntur.
3241 1351 3260 1382 ι
3289 1333 3458 1395 Idem,
3481 1347 3610 1384 ora-

2017 1421 2167 1474 tione
2196 1424 2248 1475 in
2281 1423 2552 1476 Ileronem
2576 1419 2968 1488 Philosophum
3001 1437 3015 1474 :
3059 1439 3076 1471 ι
3115 1418 3404 1488 Proprium
3438 1434 3606 1489 porro

2016 1510 2195 1566 Patris
2227 1523 2311 1566 est
2352 1513 2677 1584 ingenitum,
2725 1510 2851 1565 Filii
2922 1526 3051 1565 vero
3094 1511 3398 1580 generatio,
3432 1508 3607 1579 Spiri-

2014 1611 2104 1658 tus
2143 1605 2386 1660 emissio.
2436 1622 2454 1656 ι
2507 1603 2676 1670 Idem,
2727 1604 2974 1659 oratione
3020 1602 3087 1658 de
3135 1601 3509 1657 moderatione
3549 1601 3604 1654 in

2013 1695 2480 1765 disputationibus
2524 1697 2790 1752 servanda
2823 1713 2838 1751 :
2873 1717 2890 1750 ι
2929 1695 3171 1768 Spiritus
3207 1712 3273 1751 ex
3306 1695 3418 1750 Deo
3461 1696 3608 1749 exsi-

2013 1789 2267 1842 stentiam
2298 1790 2526 1852 habens,
2549 1789 2858 1844 concedens
2881 1789 3026 1844 Patri
3053 1790 3440 1860 ingenituram,
3469 1786 3606 1841 Filio

2015 1881 2441 1948 generationem.
2492 1883 2656 1936 rebus
2699 1897 2830 1936 vero
2874 1881 2927 1934 in
2958 1881 3078 1935 aliis
3127 1889 3184 1935 et
3227 1881 3470 1948 ejusdem
3507 1894 3606 1932 na-

2018 1983 2151 2026 tura:
2174 1983 2229 2027 et
2254 1975 2500 2042 ejusdem
2525 1974 2810 2035 sessionis,
2843 1981 2898 2026 et
2925 1972 3168 2042 ejusdem
3193 1971 3471 2026 honoris.»
3507 1969 3604 2023 llic

2016 2063 2151 2130 ἡδο.
2185 2066 2432 2120 oratione
2464 2068 2530 2120 de
2563 2064 2769 2136 Spiritu
2816 2083 2829 2118 :
2878 2085 2894 2116 ι
2953 2063 3095 2129 Quid
3135 2065 3281 2116 enim
3326 2079 3390 2116 ex
3439 2066 3604 2117 rebus

2017 2155 2326 2225 ingentibus
2358 2171 2467 2210 non
2508 2156 2727 2223 potest?
2761 2155 3042 2220 Quodnam
3098 2170 3224 2208 vero
3272 2170 3471 2207 nomen
3509 2153 3606 2208 Dei

2015 2249 2117 2301 silit
2158 2264 2267 2301 non
2318 2249 2575 2311 Vindicat,
2607 2262 2772 2301 ultam
2809 2248 2853 2301 si
2891 2248 3130 2316 excipias
3158 2248 3523 2316 ingenituram
3551 2259 3606 2301 et

2014 2340 2462 2410 generationem?
2488 2340 2882 2410 Relinquenda:
2911 2341 3179 2409 siquident
3201 2352 3351 2394 erant
3381 2340 3524 2394 Patri
3548 2349 3605 2394 et

2015 2431 2152 2486 filio
2185 2435 2566 2503 praprieiates,
2618 2451 2686 2487 ne
2721 2434 2972 2486 confusio
3019 2441 3340 2486 nasceretur
3374 2432 3425 2485 in
3476 2431 3600 2484 Dei-

2015 2533 2144 2577 tate.
2205 2543 2222 2575 ι
2281 2523 2569 2578 Gratiosus
2621 2526 2843 2578 nomine
2903 2524 3314 2594 gratiarumque
3365 2527 3604 2578 rel'ertus

2015 2615 2404 2680 Damascenus,
2453 2629 2648 2671 oetavo
2697 2616 3005 2687 theologico
3047 2614 3250 2684 capite,
3298 2615 3366 2669 de
3413 2627 3599 2670 sancta

2012 2707 2209 2762 'l'riade
2245 2708 2420 2778 inquit
2450 2725 2463 2761 :
2497 2729 2514 2758 ι
2565 2708 2738 2762 Filius
2776 2724 2906 2763 vero
2936 2716 2991 2762 et
3029 2708 3314 2761 character
3363 2718 3602 2777 paterna:

2014 2800 2321 2868 hypostasis
2356 2809 2577 2869 propter
2604 2801 2908 2869 perlectum
2955 2799 3372 2869 subsistensque
3414 2800 3470 2852 in
3516 2815 3599 2858 se.

2010 2902 2064 2944 et
2090 2893 2234 2960 quod
2271 2894 2322 2945 in
2365 2893 2622 2945 omnibus
2668 2892 2864 2948 similis
2908 2890 3053 2945 Patri
3096 2900 3178 2945 est
3216 2907 3322 2945 una
3369 2901 3598 2960 excepta

2012 2981 2344 3050 ingenitura.
2385 3001 2404 3033 ι
2455 2985 2772 3050 RursuSque
2817 2980 3006 3036 eodem
3039 2979 3259 3050 capite:
3300 3000 3319 3032 ι
3365 2980 3468 3035 Per
3494 2980 3600 3036 Pa~

2014 3083 2150 3128 trem
2207 3076 2372 3130 habet
2427 3073 2598 3129 Filius
2650 3084 2703 3129 et
2743 3073 2984 3144 Spiritus
3029 3087 3370 3143 quacumque
3414 3074 3597 3136 habet.

2013 3166 2116 3221 hoc
2151 3177 2257 3230 est,
2289 3168 2432 3238 quod
2468 3167 2626 3222 Pater
2655 3167 2743 3221 illa
2774 3167 2959 3231 habet,
2989 3174 3185 3234 praeter
3212 3166 3600 3238 ingenituram,

2012 3267 2067 3311 et
2089 3259 2520 3326 generationem,
2543 3269 2597 3312 et
2626 3258 3031 3328 processionem
3061 3274 3075 3324 ;
3101 3259 3154 3311 in
3183 3259 3268 3312 his
3297 3261 3442 3312 enim
3467 3261 3600 3314 solis

2015 3346 2367 3416 ltypostaticis
2427 3347 2859 3418 preprietatibus
2916 3349 3060 3402 inter
3118 3361 3178 3401 se
3239 3356 3443 3402 sancta:
3488 3359 3600 3403 tres

2014 3441 2334 3508 hypostases
2386 3440 2687 3500 dilierunt.
2738 3454 2848 3493 non
2899 3440 3160 3502 essentia,
3213 3439 3310 3493 sed
3363 3455 3599 3510 propriae

2014 3531 2320 3600 hypostasis
2363 3541 2488 3584 nota
2516 3528 2745 3583 indivise
2773 3529 2981 3582 divisae.
3020 3545 3039 3579 ι
3078 3526 3313 3584 Sanctus
3341 3528 3596 3600 Cyrillus,

2016 3621 2071 3673 in
2124 3635 2232 3673 uno
2288 3620 2694 3674 Thesaurorum
2747 3621 2925 3689 capite
2972 3636 2986 3672 :
3051 3637 3069 3670 ι
3121 3618 3594 3684 Quemadmodum

2014 3713 2194 3782 planta
2225 3713 2428 3767 fructui
2460 3730 2522 3766 cx
2547 3728 2604 3767 se
2631 3712 2975 3782 provenienti
3003 3713 3108 3766 sibi
3130 3713 3373 3766 innatam
3398 3728 3595 3770 natura

2013 3807 2333 3876 qualitatem
2362 3805 2714 3860 deferendam
2761 3805 3004 3865 exhibet.
3053 3805 3129 3858 ita
3174 3804 3345 3860 Filius
3391 3806 3598 3861 intelli-

2013 3902 2184 3970 gitur,
2225 3916 2346 3970 quze
2399 3899 2505 3954 sibi
2553 3899 2848 3960 inhaarent,
2890 3900 3188 3969 accepisse,
3231 3916 3354 3954 cum
3409 3903 3596 3958 omnia

2013 3995 2105 4058 sit,
2141 4008 2481 4063 quaecunque
2513 3992 2690 4056 Pater,
2740 3992 2946 4061 absque
2991 4008 3058 4046 eo
3089 3993 3205 4047 solo
3247 3993 3391 4063 quod
3433 3995 3597 4050 Pater

2013 4103 2123 4142 non
2169 4097 2272 4140 est.
2317 4105 2335 4138 ι
2363 4086 2528 4150 Idem,
2573 4087 2812 4139 secundo
2845 4086 2912 4138 ad
2946 4083 3218 4139 llcrmiam
3245 4103 3260 4140 :
3292 4103 3312 4136 ι
3358 4087 3598 4140 Cozeter-

2014 4195 2143 4232 num
2165 4178 2440 4232 credimus
2470 4176 2666 4229 filium
2695 4176 2866 4241 Patri,
2897 4179 3187 4249 omniaque
3214 4178 3410 4246 :cquali
3447 4193 3595 4231 men-

2011 4282 2139 4323 sura
2173 4267 2476 4337 possidere,
2515 4268 2719 4334 absque
2751 4283 2818 4320 eo
2863 4269 2980 4320 solo
3011 4267 3153 4336 quod
3188 4283 3296 4322 non
3343 4278 3588 4338 generat.

2012 4360 2070 4413 Id
2104 4358 2373 4426 siquidem
2400 4358 2500 4411 soli
2538 4358 2646 4411 Deo
2680 4368 2732 4411 et
2768 4356 2911 4410 Patri
2946 4358 3222 4428 proprium
3255 4369 3358 4412 est.
3399 4377 3418 4410 ι
3453 4362 3594 4412 Ilur-

2013 4465 2240 4518 susque,
2293 4449 2540 4503 oratione
2583 4448 2652 4501 de
2685 4448 2884 4502 Triade
2915 4466 2928 4502 :
2958 4468 2975 4499 ι
3017 4449 3072 4502 lu
3127 4448 3267 4503 Filio
3307 4451 3594 4520 unigenito

1259 4560 1276 4591 ι
1328 4543 1414 4594 Ἐν
1467 4542 1581 4612 Υίῷ
1629 4550 1906 4614 μονογενΞί

2013 4541 2068 4592 in
2117 4539 2374 4592 omnibus
2412 4537 2608 4607 aequali
2648 4547 2704 4590 et
2746 4539 2909 4591 simili
2938 4555 3043 4591 una
3086 4551 3310 4609 excepta
3351 4544 3593 4611 paterni-

2010 4641 2138 4685 tate.
2174 4649 2192 4680 ι
2227 4631 2292 4683 Et
2320 4632 2370 4682 in
2399 4632 2550 4684 aliis:
2585 4650 2602 4680 ‹
2632 4629 2868 4683 Manebit
2896 4645 3022 4684 vero
3049 4629 3218 4686 Filius
3242 4649 3306 4686 ex
3333 4635 3439 4688 illis
3469 4652 3594 4704 quae

2007 4721 2151 4776 Patri
2189 4722 2399 4786 insunt,
2436 4722 2582 4774 nullo
2612 4722 2901 4789 spoliatus,
2965 4721 3070 4774 etsi
3110 4737 3217 4775 non
3255 4722 3594 4791 intelligatur

2006 4815 2186 4868 Pater.
2229 4833 2246 4864 i
2279 4814 2346 4868 Et
2391 4829 2578 4866 rursus
2621 4815 2674 4865 in
2707 4813 2874 4865 aliis:
2917 4813 3213 4867 (Omnium
3263 4817 3589 4870 natutaliutn

2008 4909 2272 4962 bonorum
2305 4905 2480 4960 Patris
2513 4906 2789 4976 particeps
2816 4917 2897 4959 est
2933 4905 3123 4960 Filius.
3161 4906 3293 4960 Illud
3327 4912 3500 4961 solum
3543 4910 3589 4962 si

2005 5001 2214 5063 demas,
2241 4999 2452 5052 Patrem
2475 5013 2617 5051 esse.
2653 5018 2671 5049 ›
2702 4997 2764 5050 Ει
2790 4996 2916 5051 alibi
2948 5011 3076 5052 Item
3108 5016 3123 5052 :
3157 5016 3174 5050 ι
3205 4999 3372 5052 Deum
3399 5015 3588 5054 verum

2007 5093 2076 5145 dc
2107 5091 2216 5144 Deo
2261 5105 2412 5154 vero,
2447 5105 2555 5143 non
2589 5091 2644 5143 in
2678 5092 2921 5159 spuriam
2950 5092 3184 5158 aliquant
3216 5100 3270 5144 et
3305 5103 3588 5145 externam

2008 5195 2259 5236 naturam
2311 5183 2660 5248 productum,
2706 5182 2799 5235 sed
2845 5185 3200 5236 exsistentem
3237 5181 3288 5234 id
3321 5184 3463 5235 idem
3495 5199 3585 5237 es-

2008 5275 2330 5334 sentialiter,
2377 5273 2520 5342 quod
2556 5272 2874 5341 intelligitur
2904 5286 3023 5324 esse
3054 5280 3109 5324 et
3157 5271 3335 5336 Pater,
3380 5275 3588 5341 alisque

2006 5381 2072 5419 eo
2124 5367 2238 5418 solo
2285 5365 2429 5432 qttod
2477 5364 2637 5416 Pater
2689 5379 2800 5416 non
2848 5373 2952 5415 est.
2989 5381 3008 5413 ι
3054 5363 3189 5418 Cum
3243 5366 3423 5433 itaque
3473 5367 3586 5421 haec

2009 5456 2312 5526 theologica
2339 5454 2647 5508 testimonia
2676 5456 2774 5508 hac
2799 5455 3012 5509 ratione
3047 5457 3208 5509 trium
3233 5456 3462 5510 Deitatis
3492 5459 3589 5528 hy-

2006 5559 2296 5617 postaseon
2322 5548 2680 5616 proprietates
2702 5547 3001 5612 declarent,
3027 5559 3082 5602 et
3098 5564 3216 5617 quae
3241 5548 3588 5618 peculiariter

2005 5639 2152 5694 Patri
2180 5641 2387 5700 insunt,
2421 5639 2779 5704 dill'erentias,
2814 5639 2919 5695 illis
2938 5641 3058 5704 soli,
3095 5650 3308 5708 prwter,
3350 5649 3583 5711 excepto,

2007 5742 2060 5787 et
2094 5732 2212 5786 aliis
2243 5731 2586 5799 apertissime
2616 5732 2898 5798 deliniant,
2936 5733 3160 5787 minime
3200 5732 3314 5786 ﬁeri
3349 5743 3583 5802 poterat,

2005 5839 2114 5879 non
2162 5822 2388 5878 indicari
2443 5823 2496 5876 in
2545 5824 2818 5894 aliquibus
2861 5825 3054 5882 saltem
3112 5841 3141 5878 a
3188 5824 3386 5879 divinis
3432 5825 3584 5882 hisce
