4220 6444
632 395 773 458 1379

1853 394 2182 456 GEORGII
2224 394 2684 455 METOClllT/E

3762 393 3899 456 1380

620 507 965 578 mystagogis,
1004 507 1047 563 si
1082 506 1387 577 proprietas
1418 507 1611 571 Patris,
1644 509 1807 563 etiam
1835 509 1965 563 illud
2006 511 2197 578 produ-

2309 511 2435 573 νῶς,
2470 511 2569 563 οὐκ
2599 506 2666 581 ἦν
2699 510 3078 580 ὁπωσδήποτε,
3105 510 3179 581 μὴ
3208 508 3614 580 ἐνσημανθῆναί
3638 527 3737 562 που
3766 511 3897 562 τάσ-

619 618 733 654 cere
763 603 840 656 uti
866 610 918 655 et
945 617 1194 671 generare
1222 602 1640 672 agnoscebatur.

685 879 776 946 ‘22.
824 878 1001 944 Quare
1044 894 1167 932 cum
1222 877 1459 947 undique
1504 891 1624 946 qua
1676 877 1793 945 ipse
1842 876 2197 944 diviniloqnis

619 971 866 1025 Patribus
894 972 1236 1024 adversantia
1270 971 1534 1040 loquitur,
1570 970 1799 1025 rel'utata
1833 972 1962 1033 sint,
1991 969 2061 1023 ab
2105 985 2198 1022 eo—

590 1058 740 1115 ‘deu.
774 1062 1170 1128 subsequenter
1205 1060 1436 1129 digesta,
1476 1060 1555 1113 υιὶ
1576 1058 1840 1112 declarari
1861 1058 2117 1121 debeant,
2142 1065 2198 1109 et

616 1171 681 1207 ex
718 1154 915 1229 tradita
945 1168 971 1203 a
1002 1153 1113 1205 Deo
1145 1151 1425 1219 Scriptura
1464 1150 1889 1204 manifestantur
1911 1164 2009 1217 pro
2044 1162 2197 1200 more

617 1249 804 1298 nostro‘
844 1245 1091 1296 volentes
1128 1245 1387 1313 perfecte,
1413 1252 1610 1311 praeter
1633 1243 1947 1295 eorumdem
1969 1253 2198 1293 examen

615 1338 703 1391 illa
751 1338 940 1389 eadem
989 1335 1268 1404 quasijam
1316 1334 1562 1401 apposita
1602 1333 1731 1393 sint,
1767 1346 1889 1384 cum
1922 1331 2198 1401 prioribus

614 1432 975 1488 committere.
1026 1444 1126 1481 nec
1158 1428 1438 1495 quidpiam
1477 1426 1616 1478 ultra
1647 1425 1848 1478 addere
1875 1438 2039 1492 quam
2079 1436 2200 1491 qua:

616 1522 667 1573 in
705 1517 1085 1586 l'requentibus
1118 1517 1401 1584 colloquiis
1453 1517 1595 1567 dit-ta
1633 1515 2021 1582 disputatatu
2046 1520 2198 1571 sunt,

615 1610 893 1679 prtetcrire
919 1609 1227 1667 statuimus,
1255 1622 1321 1659 eo
1350 1606 1506 1675 plane
1535 1606 1761 1658 minime
1792 1604 2035 1675 neglecto
2056 1602 2200 1671 quod

614 1704 700 1767 ille
736 1704 787 1754 in
811 1702 1123 1769 exemplum
1155 1699 1404 1759 assumit,
1429 1698 1569 1750 solus
1602 1699 1652 1750 in
1686 1698 1843 1750 Patre
1877 1696 2202 1765 productore

613 1797 995 1863 cornprohans,
1028 1804 1079 1847 et
1108 1794 1221 1847 luce
1249 1791 1563 1853 manifesto,
1590 1790 1790 1857 quibus
1815 1788 2037 1857 colligit,
2074 1801 2200 1855 pro-

612 1888 895 1943 ductorem
927 1902 1051 1940 esse
1094 1886 1333 1957 Patrem,
1392 1884 1749 1945 concludens,
1811 1880 1912 1934 etsi
1959 1877 2202 1932 inconsi-

610 1982 819 2041 derate,
866 1977 1180 2032 necessario
1205 1992 1446 2043 prorsus,
1475 1976 1526 2030 id
1561 1976 1737 2043 ipsum
1762 1986 1976 2041 quoque
2005 1970 2200 2025 Filium

610 2087 751 2125 esse.
786 2070 1153 2124 Nihilominus
1187 2071 1572 2121 demonstrans
1600 2067 2043 2133 redarguensque
2091 2077 2201 2115 non

612 2162 1021 2219 assentientem.
1074 2162 1307 2214 similem
1379 2159 1485 2212 illis
1556 2157 1994 2212 connniniscitur
2052 2154 2200 2208 exsi-

609 2266 757 2309 stere
790 2270 860 2310 :‘t
913 2253 1384 2319 Quemadmodum
1428 2253 1471 2305 si
1507 2252 1631 2320 quis
1677 2251 1972 2310 aliirmans,
2026 2247 2197 2300 Deum

614 2360 729 2404 assit
767 2359 975 2401 natura:
1012 2346 1264 2399 humana:
1287 2345 1652 2404 conditornn,
1681 2340 2036 2411 postmodum
2072 2355 2197 2394 cum

614 2445 722 2498 lleo
757 2442 976 2511 angi-les
1004 2440 1163 2493 etiam
1198 2438 1436 2491 hominis
1454 2452 1573 2491 esse
1598 2447 1877 2489 creatures
1917 2442 2193 2493 astruens,

610 2532 951 2585 existimaret
974 2528 1301 2598 sibimetipsi
1325 2542 1433 2579 non
1456 2526 1856 2579 contradicere.
1892 2542 1910 2573 ι
1943 2522 2010 2575 Ει
2035 2522 2197 2590 plane

609 2624 853 2691 exempla
890 2622 1201 2689 ubicunque
1235 2628 1593 2687 usurpantur,
1616 2627 1671 2669 et
1707 2615 1979 2685 pnecipue
2026 2613 2082 2666 in
2114 2612 2199 2665 di-

610 2715 851 2767 vinitatis
884 2714 1121 2782 negotio,
1168 2727 1278 2766 non
1321 2711 1375 2765 in
1411 2710 1669 2762 omnibus
1707 2708 1774 2760 ad
1811 2706 1955 2775 quod
1999 2703 2196 2759 conle~

611 2817 826 2870 rantur,
856 2806 949 2860 sed
977 2806 1041 2857 ad
1070 2802 1298 2872 aliquid,
1324 2811 1378 2854 et
1408 2801 1710 2854 secundum
1745 2807 1953 2867 partem
1980 2795 2197 2849 assimi-

605 2898 727 2962 lari,
759 2912 945 2949 verum
968 2907 1051 2947 est
1080 2906 1134 2948 et
1170 2894 1425 2946 omnibus
1472 2901 1687 2951 notum,
1716 2888 2080 2942 nihilominus
2115 2887 2194 2940 rei

607 3005 767 3060 quam
817 2982 929 3057 ipsa
967 2986 1208 3056 clligiant
1255 2985 1536 3054 aptissime
1581 2991 1908 3053 congruunt,
1947 2989 2001 3035 et
2044 2979 2195 3033 nullo

608 3079 770 3133 modo
814 3077 1134 3145 impmprie.
1167 3074 1265 3128 llic
1307 3088 1472 3144 porro
1512 3087 1760 3143 qurenam
1808 3070 2193 3125 convenientia

2297 603 2352 655 δε
2381 605 2495 665 τοῖς
2528 603 2692 664 θείοις
2724 606 3131 671 μυσταγωγοίς,
3161 602 3214 654 εἴ
3243 602 3297 654 τί
3332 619 3436 672 περ
3463 602 3663 670 ἰδιότης
3693 602 3890 672 Πατρὶ,

2299 696 2393 746 καὶ
2443 696 2505 747 τὸ
2564 696 2969 763 προϐλητικὸν
3022 696 3097 757 ὼς
3172 695 3232 747 τὸ
3291 695 3647 763 γεννητικόν
3699 694 3895 762 ἐγινὼ-

2301 802 2483 841 σκετο.

2373 878 2479 946 κβ’.
2508 878 2723 933 Οὐκοῦν
2779 880 2891 932 τῶν
2939 880 3036 933 τοῦ
3102 879 3433 941 ἀπεναντίας
3479 880 3596 941 τοῖς
3639 877 3896 949 θεόφροσι

2301 972 2674 1041 φθεγγομένου
2753 975 3095 1043 πανταχόθεν
3161 972 3577 1041 ἐληλεγμένων,
3636 970 3704 1023 τὰ
3771 970 3897 1037 ἑξῆς

2300 1064 2491 1115 τούτου
2518 1063 2630 1114 τῶν
2651 1064 3174 1134 καταστρωθέντων,
3234 1064 3327 1115 καὶ
3393 1064 3699 1131 φανέρωσιν
3746 1063 3897 1123 ὅπως

2302 1157 2495 1227 ἔχοντα
2529 1158 2844 1227 καθορᾶται
2886 1158 3022 1229 πρὸς
3053 1158 3122 1210 τὰ
3175 1157 3275 1227 τῆς
3337 1156 3615 1210 θεοσδότου
3670 1154 3893 1224 Γραφῆς

2302 1250 2622 1319 εἰληφότων,
2678 1251 2822 1303 κατά
2877 1251 2936 1302 τὸ
2997 1249 3190 1312 εἰωθὸς
3261 1248 3513 1310 θέλοντες
3588 1245 3893 1307 ἀνελλιπῶς

2303 1343 2443 1411 πρὸς
2500 1360 2559 1395 το
2609 1343 2855 1409 ἐξετάσαι
2923 1345 3034 1403 τοῖς
3087 1343 3375 1412 προτέροις
3438 1339 3767 1407 ἐπισυνάψαι
3825 1338 3895 1389 τὰ

2303 1434 2445 1487 αὐτὰ
2495 1434 2569 1495 ῶς
2614 1434 2767 1495 ὄντα,
2821 1434 2915 1486 καὶ
2961 1434 3127 1502 μηδὲν
3155 1431 3382 1500 πλέονῆ
3430 1430 3464 1483 ἆ
3499 1430 3740 1497 πολλαχῆ
3798 1446 3893 1483 συ-

2303 1529 2456 1596 χναῖς
2500 1527 2805 1589 διαλαλιαῖς
2860 1528 3082 1598 ἐρρέθη,
3130 1528 3223 1580 καὶ
3266 1526 3547 1596 διηλὲχίιη,
3594 1525 3893 1592 διέγνωμεν

2306 1622 2614 1689 παρελθεῖν,
2638 1621 2796 1672 τοῦτο
2812 1621 2885 1689 μὴ
2911 1620 3230 1690 παριδόντες
3260 1621 3287 1671 ὅ
3312 1636 3467 1687 φησι,
3505 1618 3897 1686 Παραδειγμα-

2304 1711 2491 1773 τικῶς,
2519 1710 2580 1762 τδ
2604 1713 2797 1778 μόνος
2824 1711 3252 1773 κατασκευάζων
3286 1712 3379 1762 ἐπι⁸
3406 1708 3501 1762 τοῦ
3534 1702 3833 1777 προϐολεῦς
3864 1709 3891 1758 ὁ

2309 1802 2515 1872 Πατὴρ,
2550 1804 2643 1855 καὶ
2685 1803 2856 1856 ταῦτα
2889 1804 3197 1872 προδήλως,
3244 1800 3336 1869 ἀφ’
3393 1795 3468 1853 ὧν
3526 1798 3758 1867 συνῆξεν
3809 1800 3890 1850 δτι

2310 1893 2604 1964 προῆολεὺς
2628 1894 2655 1945 ὁ
2683 1894 2868 1963 Πατὴρ
2894 1894 3275 1964 συμπερανας,
3303 1895 3350 1944 εἰ
3376 1894 3470 1944 καὶ
3513 1892 3587 1961 μὴ
3616 1892 3671 1941 ἐν
3708 1906 3891 1941 συναι-

2306 1986 2495 2055 σθήσει
2559 1987 2701 2039 κατὰ
2755 1990 2939 2041 πᾶσαν
2986 1988 3235 2057 ἀνάγκην
3294 1981 3624 2037 εἶναιτοῦτο
3677 1983 3889 2035 καὶτὸν

2305 2079 2455 2130 Υίὸν.
2500 2078 2692 2148 ὐμως
2726 2060 3157 2143 κατασκευάζων
3189 2080 3281 2131 καὶ
3331 2077 3625 2146 διελέγχων
3656 2076 3779 2137 τοὺς
3814 2073 3888 2143 μὴ

2302 2169 2647 2238 δεχομένους,
2704 2172 2891 2239 ὅμοιον
2958 2172 3146 2233 αὐτοῖς
3212 2170 3522 2240 συντίθησιν
3576 2170 3840 2235 ὑπάρχειν
3873 2180 3891 2197 ⁶

2310 2263 2550 2330 (Ὥσπερ
2589 2262 2653 2313 ἂν
2676 2262 2731 2313 εἷ
2756 2280 2838 2325 τις
2871 2263 3150 2331 ὁμολογῶν
3180 2262 3277 2329 μὲν
3305 2261 3396 2314 τὸν
3444 2260 3577 2311 Θεὸν
3609 2254 3747 2310 εἶναι
3775 2258 3893 2308 κτίι

2303 2370 2434 2423 στην
2464 2354 2559 2422 τῆς
2583 2355 2798 2420 φύσεως
2823 2354 2929 2406 τῶν
2958 2353 3284 2423 ἀνθρώπων,
3314 2349 3433 2404 εἶτα
3468 2352 3604 2419 μετὰ
3631 2349 3722 2402 τοῦ
3753 2345 3890 2400 Θείμῦ

2302 2448 2395 2497 καὶ
2424 2445 2549 2505 τοὺς
2579 2443 2845 2513 ἀγγέλους
2882 2446 3315 2513 ἀποφαινόμενος
3345 2443 3498 2495 τοῦδε
3532 2442 3759 2510 ποιητὰς
3794 2440 3889 2492 τοῦ

2300 2534 2623 2604 ἀνθρώπου,
2681 2534 2844 2586 οἴοιτο
2904 2532 3071 2602 μηδὲν
3101 2533 3341 2585 ἐναντίον
3401 2530 3582 2600 ἐαυτῷ
3614 2531 3813 2596 λέγειν.
3864 2547 3882 2578 ι

2302 2628 2424 2679 Ὀτι
2461 2627 2562 2697 μὲν
2597 2627 2743 2693 λόγοι
2775 2627 3237 2695 παραδειγμάτων
3270 2622 3584 2693 ἁπανταχοῦ
3616 2623 3711 2674 καὶ
3746 2621 3885 2690 μᾶλ-

2299 2721 2390 2773 λον
2414 2722 2504 2772 ἐπὶ
2527 2720 2625 2789 τῆς
2650 2718 2905 2787 θεότητος
2935 2719 3036 2769 οὐκ
3061 2719 3291 2769 είσάπαν
3325 2716 3462 2785 πρὸς
3491 2714 3519 2767 δ
3559 2713 3875 2780 παρατίθεν-

2298 2830 2411 2875 ται,
2443 2812 2581 2879 πρός
2604 2828 2656 2863 τι
2701 2810 2758 2862 δὲ
2792 2811 2886 2861 καὶ
2910 2809 3055 2861 κατά
3091 2825 3143 2861 τι
3175 2808 3450 2861 δεικνύναι
3493 2807 3774 2875 φαίνονται
3829 2805 3893 2857 τὸ

2299 2903 2703 2973 συμφέρεσθαι,
2740 2902 2939 2969 ἀληθές
2963 2904 3080 2953 ἐστι
3105 2901 3200 2951 καὶ
3240 2901 3480 2966 γνωστὸν
3508 2899 3649 2968 πλὴν
3684 2896 3888 2948 καταλ-

2298 2998 2473 3065 λήλως
2512 2996 2588 3065 τῷ
2622 2994 3250 3064 παραδειγματιζομένῳ
3289 2996 3383 3045 καὶ
3446 2990 3761 3062 προσφυῶς,
3793 2990 3888 3040 καὶ

2298 3088 2581 3144 ἀνοικείω;
2592 3086 2701 3138 οὐδ’
2718 3086 2988 3138 ὁπωσοῦν.
3009 3084 3273 3137 Ἐνταῦθα
3290 3083 3346 3135 δὲ
3367 3084 3517 3135 ποῖον
3537 3081 3597 3134 τὸ
3610 3081 3889 3150 προσφυὲς

607 3179 689 3224 cst
727 3166 1099 3223 similitudinis
1127 3180 1250 3218 cum
1289 3164 1357 3218 iis
1387 3166 1477 3233 qui
1507 3164 1891 3232 productorem
1925 3176 2047 3235 esse
2084 3159 2191 3214 Pa-

2298 3179 2398 3250 τῆς
2432 3179 2804 3247 ἑξομοιώσεως
2831 3178 2957 3238 τοὺς
3010 3176 3310 3246 προόολεὺς
3364 3172 3799 3241 ἀναγορεύοντας
3859 3173 3887 3224 ὁ

607 3274 745 3316 trem
777 3268 1113 3321 asseverant,
1141 3268 1195 3310 et
1219 3256 1386 3310 solu‘m
1419 3272 1525 3310 non
1550 3257 1843 3326 accipiunt,
1868 3255 2011 3324 quod
2033 3268 2195 3308 nemo

607 3371 673 3408 cx
732 3352 983 3405 Patribus
1022 3349 1440 3420 pronuntiavit?
1488 3348 1605 3414 Qua
1655 3348 1801 3402 enim
1854 3348 2085 3409 ratione,
2148 3347 2194 3401 si

610 3446 899 3513 ειτιηιυριυι·
942 3454 1024 3497 est
1070 3457 1166 3512 per
1210 3441 1428 3506 Filium,
1461 3442 1746 3495 contendit
1787 3442 1985 3494 similia
2016 3454 2193 3494 enun-

609 3552 767 3600 t-.are,
794 3541 838 3591 si
883 3538 1004 3605 quis
1053 3536 1317 3589 fateretur
1359 3534 1528 3587 Deum
1573 3535 1910 3588 conditorem
1948 3548 2068 3587 esse
2100 3548 2197 3586 na-

612 3648 743 3687 turge
778 3633 1054 3691 humanae,
1082 3628 1425 3696 postmodum
1462 3643 1588 3679 cum
1626 3626 1734 3679 Deo
1777 3627 1941 3679 etiam
1974 3624 2198 3695 angelos

608 3732 883 3776 (ratores
935 3719 1215 3773 hominum
1258 3716 1585 3771 allirmaret?
1628 3715 1887 3781 Quantam
1927 3725 2010 3768 est
2056 3714 2198 3767 inter

611 3818 726 3870 lnec
754 3826 1063 3881 congruens
1104 3810 1441 3863 similitudo?
1482 3810 1616 3872 sive,
1652 3817 1719 3861 ut
1769 3809 1953 3862 verius
1985 3807 2194 3871 dixero,

610 3923 731 3978 quis
770 3922 832 3957 ex
862 3903 1067 3957 sanctis
1094 3918 1123 3955 a
1154 3901 1263 3955 Deo
1291 3900 1514 3971 gloriam
1548 3900 1862 3953 consecutis
1891 3913 1989 3969 pro
2022 3897 2199 3953 nihilo

609 4016 718 4055 non
766 3995 1100 4052 traheretur?
1124 3995 1247 4065 quis
1274 4009 1384 4048 non
1414 3993 1681 4048 conviciis
1709 3992 2112 4047 lacesseretur?
2134 3992 2200 4051 Et

610 4104 736 4146 ante
761 4090 896 4143 alios
922 4082 1022 4157 qui
1048 4101 1248 4157 magna
1268 4100 1400 4141 voce
1427 4084 1595 4140 edicit
1623 4101 1638 4142 :
1662 4102 1680 4134 ι
1713 4085 2015 4140 Productor
2040 4084 2201 4139 Pater

611 4201 708 4254 per
741 4180 980 4235 Verbum
1026 4180 1324 4233 revelantis
1357 4178 1638 4247 Spiritus?
1673 4197 1692 4229 ι
1738 4176 2093 4233 Pestmodum
2143 4177 2200 4232 in

608 4273 957 4343 dogmatibus
982 4270 1297 4324 asserendis
1321 4269 1653 4337 conspicuus
1678 4268 2036 4338 Epiphanius,
2075 4287 2093 4319 ‹
2132 4282 2206 4321 ex

608 4368 799 4422 eadem
825 4364 1061 4419 essentia
1095 4361 1269 4415 Patris
1296 4372 1352 4415 et
1384 4362 1507 4415 Filii
1533 4361 1796 4430 Spiritum
1824 4380 1844 4411 ι
1883 4361 2110 4424 docens,
2145 4370 2201 4415 et

602 4457 664 4509 in
699 4456 928 4523 hujusce
962 4451 1340 4521 probationem
1368 4465 1529 4504 voces
1570 4459 1826 4518 utrasque
1856 4450 2200 4518 evangelicas

2302 3274 2513 3342 Πατὴρ,
2547 3272 2740 3341 καὶμὴ
2781 3272 3181 3339 προσιεμένους
3217 3269 3277 3329 τὸ
3297 3270 3506 3337 μόνος,
3533 3267 3669 3335 ὅπερ
3712 3265 3889 3325 οὐδεὶς

2298 3363 2407 3415 τῶν
2451 3364 2623 3430 ἁγίων
2658 3363 2874 3434 εἰρήκει
2900 3380 2917 3427 ;
2942 3362 3065 3425 Πῶς
3092 3362 3198 3431 γὰρ
3239 3361 3373 3427 εἴγε
3408 3360 3476 3411 δι’
3504 3358 3634 3411 Υίοῦ
3684 3358 3888 3428 προσο-

2297 3455 2421 3517 λεὺς
2450 3453 2879 3525 διισχυρίζεσθαι
2909 3454 3183 3523 παρόμοια
3221 3456 3471 3523 φάσκειν,
3513 3451 3570 3504 εἴ
3609 3468 3693 3513 τις
3735 3449 3887 3517 ὡμο-

2298 3549 2446 3616 λόγει
2472 3548 2696 3617 κτίστην
2714 3548 2803 3601 τὸν
2832 3547 2963 3599 Θεὸν
2987 3544 3125 3600 εῖναι
3158 3548 3255 3617 τῆς
3289 3546 3503 3613 φύσεως
3524 3544 3634 3596 τῶν
3674 3543 3891 3614 ἀνθρώ-

2300 3658 2442 3703 πων,
2470 3637 2587 3693 εἶτα
2623 3642 2762 3707 μετὰ
2785 3640 2877 3692 τοῦ
2902 3641 3038 3692 Θεοῦ
3073 3642 3167 3692 καὶ⁵
3199 3641 3323 3702 τοὺς
3350 3639 3618 3707 ἀγγέλους
3654 3642 3885 3707 ποιητὰς

2300 3732 2482 3785 αὐτῶν
2504 3733 2883 3800 ἀποφαίνεται,
2909 3733 3039 3785 ποία
3068 3750 3149 3795 τις
3180 3733 3213 3799 ὴ
3246 3732 3381 3801 πρὸς
3418 3730 3587 3783 ταῦτα
3614 3730 3886 3797 κατάλλη-

2300 3826 2389 3887 λος
2421 3826 2639 3878 εἰκασία
2665 3842 2679 3890 ;
2706 3824 2739 3898 ἢ
2768 3824 2998 3894 τάληθὲς
3032 3825 3229 3893 μᾶλλον
3257 3826 3455 3888 εἰπεῖν,
3513 3826 3661 3885 ποῖος
3700 3822 3885 3874 ἐντευ-

2303 3920 2394 3972 θεν
2413 3919 2523 3970 τῶν
2575 3916 2937 3981 θεοδοξὰστων
2992 3919 3092 3971 οὐκ
3136 3916 3514 3981 ἐξουθενοῖηαι
3570 3918 3882 3988 Πατέρων;

2302 4013 2455 4075 ποῖος
2480 4011 2541 4064 οὐ
2569 4010 2890 4082 λοιδορεῖται
2919 4028 2935 4077 ;
2975 4009 3200 4081 Πρῶτον
3250 4011 3353 4078 μὲν
3383 4010 3477 4065 καὶ
3521 4011 3681 4073 αὐτὸς
3710 4014 3737 4062 ὁ
3782 4028 3884 4080 με·

2300 4104 2631 4174 γαλοφώνως
2665 4101 2931 4170 θεολογῶν
2953 4118 2966 4132 ·
3007 4121 3025 4153 ι
3058 4102 3362 4172 Προδολεὺς
3392 4104 3419 4154 ὁ
3452 4103 3637 4173 Πατὴρ
3669 4102 3753 4156 διὰ
3782 4105 3886 4157 Λό-

2301 4215 2398 4267 γου
2413 4196 2508 4249 τοῦ
2528 4194 2920 4266 ἐκφαντορικοῦ
2953 4195 3289 4265 Πνεύματος.
3332 4216 3351 4249 ι
3389 4193 3520 4250 Εἶτα
3543 4198 3654 4259 τοῖς
3682 4196 3888 4267 δόγμα-

2304 4306 2388 4342 σιν
2420 4290 2448 4341 ὁ
2474 4288 2638 4351 πολὺς
2680 4287 3018 4357 Ἐπιφάνιος,
3054 4289 3118 4341 ἐκ
3150 4290 3251 4357 τῆς
3274 4288 3442 4360 αὐτῆς
3464 4290 3649 4353 οὐσίας
3674 4290 3886 4360 Πατρὶς

2303 4382 2396 4435 καὶ
2426 4380 2555 4433 Υίοῦ
2594 4382 2654 4432 τὸ
2688 4379 2911 4447 Πνεῦμα
2942 4381 3233 4443 διδάσκων,
3258 4383 3352 4435 καὶ
3386 4384 3733 4450 κατασκευὴν
3767 4384 3890 4436 τού·

2299 4484 2394 4519 του
2434 4468 2617 4535 φωνὰς
2640 4467 3002 4534 εὐαγγελικὰς
3034 4469 3300 4538 ἑκατέρας
3329 4470 3497 4533 τιθείς
3529 4488 3543 4501 ’
3582 4493 3601 4525 ι
3640 4475 3705 4526 Ὃ
3734 4479 3886 4542 παρὰ

610 4562 867 4602 asserens
892 4564 905 4600 :
932 4564 950 4597 ι
983 4546 1133 4611 Quia
1153 4543 1314 4598 Patre
1340 4542 1625 4614 procedit?
1649 4565 1666 4597 υ
1692 4554 1747 4597 et
1771 4561 1785 4597 :
1815 4543 1922 4597 «Ex
1952 4560 2073 4597 nico
2099 4558 2191 4597 ac-

2299 4559 2395 4611 τοῦ
2463 4558 2675 4628 Πατρδς
2740 4559 3117 4629 ἐκπορεύεται,
3166 4579 3184 4611 ι
3223 4563 3338 4633 καί,
3398 4580 3417 4612 ι
3465 4563 3558 4616 Ἐκ
3607 4564 3701 4618 τοῦ
3749 4541 3881 4635 ἐμοῦ

610 4641 794 4709 cipiet,
826 4657 843 4689 ι
883 4640 939 4692 in
966 4640 1215 4691 eamdem
1254 4652 1357 4691 nec
1382 4636 1728 4690 dilIerentem
1757 4637 2104 4697 sententiam,
2142 4646 2195 4689 et

611 4734 851 4801 reliquus
885 4732 1343 4796 diviniloquornm
1374 4739 1570 4790 cretus,
1602 4730 1696 4799 qui
1727 4744 1834 4782 una
1868 4744 1990 4783 cum
2014 4743 2078 4782 eo
2105 4726 2194 4782 di-

617 4824 859 4876 tillal‘lﬂll
878 4821 1645 4891 Scr:pturarumauctoritate.
1668 4841 1685 4873 ι
1700 4836 1763 4874 ex
1781 4821 2016 4874 essentia
2038 4821 2193 4873 illmn

612 4918 783 4971 Patris
822 4927 877 4971 et
924 4914 1067 4979 Filii,
1104 4934 1121 4965 ι
1170 4915 1363 4969 effusis
1406 4915 1751 4969 sermonibus
1798 4914 2192 4983 depraadicant,

602 5021 662 5061 et
694 5017 962 5077 quotquot
998 5025 1017 5057 ι
1049 5007 1369 5071 ellunditur,
1413 5024 1430 5057 ι
1469 5016 1525 5059 et
1557 5023 1574 5056 ι
1610 5006 1955 5075 progreditur
1995 5021 2060 5058 ex
2097 5003 2196 5057 Pa-

606 5113 693 5155 tre
723 5112 777 5153 et
811 5099 949 5153 Filio
980 5118 997 5150 ι
1034 5101 1343 5163 enuntiarit,
1381 5101 1423 5153 si
1458 5100 1619 5153 modo
1675 5115 1798 5153 cum
1850 5098 2195 5151 divinissimo

605 5194 811 5262 tiyrillo
831 5193 1185 5257 conveniunt,
1208 5207 1308 5245 nec
1325 5191 1399 5244 illi
1430 5176 1815 5252 adversantur,
1836 5190 2118 5251 clamanti,
2138 5191 2192 5241 in

604 5284 905 5353 evangeliis
940 5284 1285 5336 Servatorem
1318 5284 1386 5337 de
1408 5282 1616 5352 Spiritu
1646 5281 1869 5345 dixisse,
1902 5301 1919 5333 ι
1958 5282 2196 5356 θίῖυηόὶ-

607 5384 715 5433 tur,
758 5392 776 5423 ι
820 5382 875 5427 et
915 5391 933 5424 ι
974 5374 1340 5442 progreditur,
1396 5390 1415 5423 ι
1462 5386 1528 5425 eo
1566 5371 1621 5424 in
1659 5370 1778 5424 loco
1810 5370 1900 5423 ubi
1940 5389 1956 5420 ι
2003 5358 2194 5438 proce-

604 5466 706 5526 tlit,
752 5484 769 5514 ι
811 5466 1203 5534 pronuntiavit,
1226 5480 1348 5519 cum
1376 5463 1570 5517 harum
1600 5463 1764 5516 trium
1798 5478 1990 5516 vocum
2025 5475 2192 5515 unum

602 5558 967 5626 eumtiemque
997 5558 1385 5629 signiﬁcatum,
1420 5567 1475 5610 et
1515 5556 1666 5609 nullo
1702 5555 1864 5609 modo
1893 5556 2191 5618 diversum,

603 5649 810 5717 optime
844 5648 1088 5701 calleret.
1118 5650 1179 5703 Et
1227 5659 1487 5718 praetcrea
1514 5649 1606 5715 qui
1637 5647 1938 5701 clarissime
1981 5647 2189 5709 statuit,

607 5759 627 5789 ι
661 5740 847 5809 Neque
874 5741 1021 5794 enim
1045 5742 1203 5796 alicui
1234 5743 1299 5797 de
1340 5743 1652 5795 nominibus
1677 5742 1828 5798 litem
1857 5741 2193 5795 movebimus

599 5833 777 5890 donec
831 5836 1046 5906 syllaba:
1099 5837 1349 5893 eamdem
1383 5838 1713 5894 sententiam
1768 5838 2117 5909 exprimant;
2162 5858 2180 5890 ι

2298 4648 2551 4720 λήψεται,
2585 4667 2603 4700 ι
2648 4652 2727 4711 είς
2766 4650 3060 4720 ἀδιάφορον
3116 4651 3354 4715 διανοίας
3400 4655 3728 4726 ταυτότητα,
3791 4659 3881 4709 καὶ

2297 4741 2480 4803 λοιπὸς
2507 4742 2695 4810 ὅμιλος
2732 4741 3029 4813 θεηγόρων,
3078 4744 3195 4797 ὅσοι
3251 4746 3369 4813 μετ’
3415 4747 3581 4799 αὐτοῦ
3639 4748 3883 4817 Γραφσῖς

2222 4900 2231 4908 _
2297 4832 2502 4894 ἐνθέοις
2535 4851 2552 4883 ι
2593 4834 2656 4885 ἐκ
2684 4837 2785 4902 τῆς
2814 4835 2999 4897 οὐσίας
3034 4837 3166 4888 αὐτὸ
3196 4839 3405 4908 ιιατρὸς
3432 4841 3527 4891 καὶ
3560 4840 3687 4892 1⁸ίοῦ
3732 4861 3750 4892 ι
3787 4859 3885 4894 πε-

2297 4924 2695 4992 πλστυσμένως
2718 4927 3173 4996 ἀνακηρύττουσι,
3200 4931 3293 4980 καὶ
3318 4930 3433 4981 ὅσοι
3462 4948 3481 4981 ι
3526 4936 3832 5001 προχεῖται,
3857 4951 3877 4984 ι

2298 5017 2393 5065 καὶ
2445 5034 2462 5062 σ
2492 5016 2739 5085 πρόεισιν
2771 5016 2835 5066 ἐκ
2865 5017 3076 5085 Πατρδς
3104 5020 3197 5069 καὶ
3223 5018 3351 5071 Υἰοῦ
3388 5040 3406 5071 ι
3438 5020 3877 5090 δογματίζουσιν,

2297 5105 2411 5172 εἴγε
2453 5104 2733 5172 σύμφωνοι
2771 5106 2847 5175 τῷ
2874 5105 3132 5176 θειοτάτῳ
3178 5109 3432 5179 Κυρίλλῳ
3479 5117 3570 5163 καὶ
3609 5115 3683 5181 μὴ
3733 5116 3881 5166 ἀντί-

2295 5195 2458 5259 δοξοι,
2503 5197 2560 5246 ἐν
2592 5195 2944 5263 Εὑαγγελίοις
2977 5200 3124 5266 ἐρεῖν
3155 5202 3284 5267 περὶ
3313 5200 3404 5251 τοῦ
3440 5201 3751 5269 Πνεῦμα-τος
3790 5204 3879 5255 τὸν

2298 5286 2518 5355 Πατέρα
2545 5284 2756 5355 βοῶντι,
2782 5305 2798 5336 ι
2819 5292 3122 5358 προχεῖται»
3154 5294 3245 5343 καὶ
3276 5294 3606 5362 «πρόεισινμ
3632 5296 3879 5367 ὅπουπερ

2295 5377 2498 5446 ἔφησεν
2542 5396 2562 5428 ι
2607 5378 2994 5447 ἐκπορεύεται,
3040 5399 3058 5431 ι
3088 5382 3193 5436 τῶν
3236 5385 3405 5454 τριῶν
3437 5386 3539 5439 ὅσα
3566 5388 3731 5440 τῶνδε
3760 5407 3878 5457 (pu-

2293 5470 2399 5521 νῶν
2438 5472 2498 5521 τὸ
2521 5472 2715 5523 ταυτὸν
2744 5473 2906 5526 είδὸτι
2942 5476 3030 5526 καὶ
3057 5478 3131 5544 μὴ
3157 5476 3436 5548 διάφορον.
3505 5482 3609 5535 Σὺν
3663 5487 3878 5547 τούτοις

2294 5562 2387 5612 καὶ
2412 5562 2622 5631 τρανῶς
2655 5565 3162 5637 ὁὰποφαινόμενος,
3207 5593 3225 5621 ι
3262 5572 3395 5624 Οὑδέ
3436 5573 3543 5645 γὰρ
3590 5580 3717 5645 περὶ
3770 5580 3877 5629 τῶν

2292 5655 2575 5723 ὀνομάτων
2597 5658 3079 5731 ζυγομαχήσομεν,
3107 5665 3213 5726 ἕως
3245 5665 3311 5716 ἂν
3344 5667 3422 5728 είς
3454 5667 3552 5737 τὴν
3587 5669 3757 5738 αὐτὴν
3789 5672 3875 5721 ἔν-

2293 5764 2440 5799 νοιαν
2474 5750 2529 5801 αί
2568 5751 2829 5805 συλλαϐαὶ
2871 5754 3127 5824 φέρωσιν.
3166 5775 3184 5807 ι
3255 5757 3529 5823 Ὡσαύτως
3581 5764 3610 5813 ὁ
3650 5779 3879 5828 (patum

2292 5840 2662 5909 διαπρυσὶως·
2730 5864 2748 5897 ι
2792 5846 2864 5900 Τὸ
2894 5847 3115 5918 Πνεῦμα
3155 5851 3215 5902 τὸ
3271 5852 3427 5919 ἆγιον
3483 5854 3670 5925 ῶσπερ
3715 5856 3875 5923 φύσει
