4220 6444
616 435 635 495 i
649 433 754 495 383

1862 432 2194 494 GEORGII
2233 429 2699 493 METOCHlT/E

3757 414 3892 478 138i

615 557 722 608 lius
771 554 1118 624 negationem
1170 556 1236 608 de
1294 556 1454 616 Filio.
1523 571 1684 624 quam
1736 557 1921 609 nullus
1969 573 2034 609 ιχ
2079 553 2211 622 ipsis

2323 550 2411 603 τοῦ
2443 551 2596 616 Tios,
2635 553 2701 619 ἣν
2733 548 2913 612 οὐδεὶς
2959 547 3143 602 αὐτῶν
3194 547 3426 618 εὓρηται
3456 547 3622 614 φάναι
3670 559 3774 598 που
3807 560 3896 598 το·

605 661 846 715 -prorsus
889 647 1167 715 reperitur
1211 646 1534 712 aﬂirmasse,
1579 647 1904 703 conﬁrmare
1953 657 2207 711 conatur,

624 737 1069 802 aliirmationem,
1119 755 1283 808 quam
1320 728 1421 808 ipsi
1477 741 1658 795 verbis
1704 741 2209 811 requipolleutibus,

621 829 881 898 idemque
915 829 1360 898 signiﬁcantibus
1413 832 1588 900 palam
1633 831 1985 894 conﬁrmant,
2025 833 2214 886 crimi-

618 931 801 984 natur,
826 931 880 975 et
913 924 1184 976 adversus
1219 939 1315 978 eos
1345 925 1438 993 qui
1481 940 1600 978 eam
1635 935 1974 987 asseverant,
2004 926 2212 980 incom-

616 1026 741 1084 ptas
770 1016 1161 1071 similitudines
1193 1017 1472 1086 confingit,
1507 1028 1562 1070 et
1595 1017 1830 1071 infausta
1874 1018 2210 1085 obloquitur,

627 1121 750 1172 qua:
783 1117 990 1174 aperte,
1025 1119 1080 1159 ut
1133 1115 1416 1161 ostensum
1453 1116 1556 1172 est,
1594 1109 1664 1162 ad
1712 1108 2087 1178 diviniloquos
2132 1110 2216 1163 di-

618 1199 894 1266 riguntur.

692 1287 783 1340 24.
809 1287 1212 1343 Attendendum
1243 1292 1311 1345 ab
1334 1291 1439 1345 illis
1461 1307 1626 1361 porro
1652 1303 1756 1354 est,
1779 1295 1872 1361 qui
1899 1301 2020 1362 post
2045 1295 2214 1348 Deum

621 1377 982 1434 Servatorum
1010 1381 1157 1435 dicta
1189 1397 1300 1436 non
1333 1383 1626 1438 admodum
1651 1384 1945 1448 aestimant,
1973 1389 2217 1454 proxime

623 1473 935 1542 appositum
965 1475 1172 1526 dictum
1212 1476 1390 1544 magni
1428 1477 1669 1531 nominis
1703 1475 1905 1541 Patris,
1939 1479 2216 1548 quomodo

624 1574 826 1634 praeter
889 1565 940 1618 id
986 1566 1131 1634 quod
1189 1569 1531 1633 decreverat,
1580 1586 1598 1620 ι
1649 1585 1677 1622 a
1723 1567 1863 1624 Filio
1902 1570 2105 1626 factum
2146 1573 2233 1652 ad.

626 1658 860 1728 primam
917 1669 1142 1713 causam
1204 1659 1427 1714 Patrem
1474 1660 1800 1716 relationem
1828 1663 2100 1731 ibabere.»
2158 1664 2216 1719 in

626 1765 738 1819 quo
772 1750 1092 1820 ubicunque
1124 1753 1270 1804 solus
1303 1751 1370 1806 de
1406 1751 1549 1821 ipso,
1594 1763 1648 1807 et
1691 1770 1878 1816 unum.
1914 1755 1992 1808 uti
2043 1754 2134 1809 hic
2162 1767 2219 1810 et

632 1843 861 1912 reliquis
893 1846 1016 1899 aliis
1050 1861 1163 1898 suis
1203 1845 1367 1900 dictis
1403 1846 1714 1911 conﬁrmat,
1759 1851 2044 1904 ambarum
2079 1868 2218 1922 prae-

631 1937 970 2006 positionum
1029 1937 1406 1992 iuditl‘ereutes
1460 1940 1603 1994 vires
1667 1942 2027 2011 signiﬁcasse.
2080 1944 2216 1998 Cum

633 2032 779 2084 enim
808 2030 1039 2084 dixisset
1071 2030 1137 2084 de
1167 2030 1325 2093 Filio,
1365 2049 1383 2082 ι
1417 2047 1512 2101 ρει·
1544 2032 1716 2087 Deum
1748 2032 2010 2098 Verbum,
2048 2053 2066 2087 ι
2099 2052 2221 2090 ora-

636 2124 840 2175 tionem
872 2137 1160 2176 resumens
1193 2123 1500 2192 subjunxit,
1538 2125 1672 2180 locis
1703 2125 1756 2178 in
1792 2127 2048 2181 omnibus
2080 2145 2220 2198 prae-

634 2216 973 2286 positionum
1027 2231 1091 2267 ex
1142 2226 1194 2269 et
1240 2233 1330 2279 per
1361 2217 1577 2271 easdem
1618 2219 1763 2272 vires
1799 2220 1866 2273 de
1898 2218 2036 2273 Filio
2066 2237 2218 2275 com-

635 2317 967 2368 moustraus,
1020 2319 1133 2361 tum
1190 2309 1244 2362 in
1298 2312 1570 2363 creaturis
1619 2312 1940 2378 condendis,
2000 2324 2114 2369 tum
2163 2315 2219 2369 in

633 2402 972 2468 sempiterno
1007 2398 1243 2469 Spiritus
1279 2417 1591 2472 progressu.
1633 2404 1705 2456 De
1735 2420 1968 2471 quarum
2011 2421 2220 2476 praapo-

633 2493 898 2544 sitionuni
933 2491 1097 2544 simili
1151 2493 1481 2562 signiﬁcatu,
1520 2509 1623 2548 nec
1658 2495 1969 2566 disparibus
2012 2499 2219 2554 viribus

635 2583 687 2635 in
719 2584 936 2652 scriptis
971 2586 1037 2639 ad
1076 2585 1526 2655 Amphilochium
1573 2587 1762 2652 tradit,
1806 2603 1920 2642 rem
1956 2592 2222 2660 exemplis

633 2676 805 2729 variis
825 2677 1187 2738 conﬁrmans,
1215 2687 1270 2729 et
1296 2676 1349 2730 in
1369 2677 1492 2732 aliis
1517 2693 1632 2733 suis
1653 2681 2066 2734 commentariis
2086 2682 2221 2738 duas

637 2765 800 2821 hasce
852 2767 1268 2835 praepositiones
1308 2768 1387 2821 sic
1432 2784 1722 2839 usurpans,
1758 2772 1809 2824 in
1865 2772 2027 2827 rebus
2061 2773 2220 2828 theo-

637 2862 848 2929 logicis,
886 2870 944 2913 ut
980 2861 1051 2914 ibi
1088 2861 1352 2930 loquitur,
1404 2878 1552 2916 nunc
1597 2877 1661 2916 ex
1711 2863 1870 2930 Filio,
1922 2881 2068 2919 nunc
2123 2883 2220 2935 per

635 2949 834 3004 Filium
870 2949 1136 3020 Spiritum
1167 2952 1420 3006 declarat.
1461 2951 1598 3005 Hinc
1631 2953 1796 3006 tertio
1823 2952 2082 3008 adversus
2114 2954 2222 3008 Eu-

565 3073 570 3077 -
638 3047 884 3099 nomium
919 3045 1295 3102 Autirrhelico
1331 3045 1560 3100 Scribit:
1604 3064 1621 3096 ι
1667 3044 1799 3110 Quae
1825 3047 1975 3100 enim
2029 3063 2221 3101 neces-

636 3138 770 3191 sitas
799 3146 902 3196 est.
933 3140 975 3190 si
1008 3137 1274 3206 dignitate
1300 3146 1354 3190 et
1384 3137 1575 3191 ordine
1610 3138 1802 3193 tertius
1829 3147 1914 3192 est
1961 3138 2220 3209 Spiritus,

2316 643 2578 710 παράπαν
2604 643 2925 701 ἀσυστάτως
2951 641 3205 711 συνιστᾷν
3227 638 3676 708 κατεπείγεσθαι,
3715 637 3813 708 τὴν
3837 637 3895 689 δὲ

2316 735 2644 802 κατάφασιν,
2673 735 2742 806 ἦν
2769 734 2923 788 αότοὶ
2958 733 3027 787 δι’
3056 733 3368 805 όμοσθενῶν
3403 732 3496 785 καὶ
3517 729 3898 801 ταυτοσημὰν-

2315 845 2421 882 των
2455 831 2718 898 ῥημάτων
2763 828 3022 901 ἐμφανῶς
3057 828 3376 893 συνιστῶσι,
3431 824 3762 888 διαϐάλλειν,
3801 824 3898 877 καὶ

2317 918 2459 970 κατά
2491 918 2602 971 τῶν
2633 919 2901 987 λεγόντων
2935 918 3243 981 ἀνοικείους
3290 914 3694 987 παρομοιώσεις
3727 913 3900 967 πλάτ-

2315 1027 2450 1072 τειν,
2484 1011 2577 1062 καὶ
2610 1012 2884 1084 ἀπόφημα
2914 1010 3168 1080 φάσκειν,
3201 1010 3237 1062 ὃ.
3285 1009 3590 1080 προδήλως,
3626 1007 3701 1070 ὡς
3730 1005 3903 1059 δέδειο

2317 1120 2464 1168 κται,
2503 1104 2640 1172 πρὸς
2665 1106 2790 1168 τοὺς
2825 1103 3202 1174 θεορῤήμονας
3223 1101 3588 1156 ἀποτείνεται.

2389 1288 2488 1342 κδ’.
2516 1287 2966 1356 Προσεσχηκέναι
2988 1287 3044 1340 δὲ
3065 1269 3324 1359 χρὴτοῦς
3350 1285 3502 1357 παρά
3526 1286 3732 1357 φαῦλον
3757 1285 3902 1340 οὕτω

2317 1381 2674 1449 ποιουμένους
2700 1380 2769 1432 τὰ
2788 1380 2898 1432 τῶν
2917 1381 3054 1450 μετά
3077 1379 3208 1433 Θεὸν
3235 1380 3497 1449 σωτήρων
3516 1383 3582 1450 τῇ
3615 1379 3902 1450 προσεχῶς

2315 1473 2537 1544 τεθείσῃ
2569 1474 2728 1542 ῥήσει
2753 1471 2848 1525 τοῦ
2884 1472 3289 1544 μεγαλωνύμου
3339 1473 3574 1543 Πατρδς,
3609 1474 3757 1537 ὅπως
3791 1474 3899 1544 ἄρα

2317 1569 2457 1638 πρὸς
2487 1568 2548 1619 τὸ
2579 1567 2901 1638 θεολογῆσαι
2934 1567 2996 1620 τὸ
3035 1586 3053 1618 ι
3093 1569 3248 1639 παρὰ
3277 1567 3370 1622 τοῦ
3409 1565 3539 1620 Υίοῦ
3571 1567 3902 1636 γεγενῆσθαι

2317 1659 2420 1731 τὴν
2469 1659 2750 1729 ἀναφορὰν
2807 1657 2953 1729 ἐχειν
3007 1658 3149 1728 πρὸς
3178 1658 3280 1729 τὴν
3334 1659 3558 1728 πρώτην
3584 1659 3766 1711 αἰτίαν
3810 1657 3904 1710 τὸν

2321 1752 2565 1820 Πατέρα,
2601 1769 2619 1802 ι
2655 1751 2780 1805 καθ’
2827 1752 2894 1821 ἠν
2920 1750 3259 1812 ὁπουδήποτε
3295 1751 3356 1804 τδ
3375 1752 3565 1819 μόνος
3595 1751 3685 1803 ἐπ’
3712 1750 3902 1815 αὐτοῦ,

2323 1845 2418 1897 καὶ
2447 1842 2506 1896 rb
2535 1845 2665 1911 μία,
2700 1841 2881 1906 καθὼς
2921 1842 3159 1896 ἐνταῦθα
3198 1843 3293 1896 καὶ
3327 1843 3542 1906 λοιπαῖς
3589 1845 3647 1896 ἐν
3687 1842 3904 1910 ἑτέραις

2324 1934 2491 1988 αὑτοῦ
2521 1937 2826 2006 παρίστησι
2862 1938 3076 2007 ρἡεσι,
3117 1937 3209 1990 καὶ
3236 1936 3296 1989 τὸ
3324 1936 3433 1990 τῶν
3464 1937 3742 2007 ἑκατέρων
3773 1953 3906 2005 προ-

2323 2025 2526 2080 θέσεων
2563 2027 2833 2097 ἐδήλωσεν
2865 2029 3182 2098 ἀδιάφορον.
3241 2027 3426 2082 Εἰπὼν
3482 2027 3593 2098 γὰρ
3637 2027 3770 2096 περὶ
3810 2026 3904 2080 τοῦ

2324 2117 2477 2181 Υίοῦ,
2517 2137 2536 2172 ι
2571 2119 2658 2172 διὰ
2693 2120 2787 2172 τοῦ
2820 2119 2957 2173 Θεοῦ
2989 2121 3188 2189 Λόγου,
3237 2139 3254 2172 ι
3309 2120 3780 2190 ἐπαναλαμϐάνων
3811 2122 3907 2172 ἐπ-

2323 2213 2550 2280 ήγαγεν,
2598 2212 2915 2280 ἁπανταχοῦ
2948 2212 3011 2265 τὸ
3072 2214 3174 2282 τῆς
3205 2215 3274 2266 ἐκ
3306 2215 3400 2267 καὶ
3434 2213 3532 2266 διὰ
3582 2212 3906 2283 ίσοδύναμον

2325 2303 2414 2354 ἐπὶ
2433 2303 2526 2355 τοῦ
2562 2303 2694 2355 Υίοῦ
2723 2304 3059 2372 ἀναφαίνων,
3094 2306 3186 2357 ἐπί
3219 2323 3278 2358 τε
3307 2311 3372 2374 τῇ
3403 2308 3483 2368 είς
3508 2307 3567 2357 τὸ
3600 2303 3736 2360 εἶναι
3761 2324 3908 2378 παρ-

2324 2398 2517 2465 αγωγῇ
2565 2395 2675 2448 τῶν
2727 2396 3069 2466 κτισμάτων,
3112 2398 3205 2450 ἐπί
3253 2416 3310 2451 τε
3353 2401 3419 2468 τῇ
3480 2399 3637 2469 ἀϊδίῳ
3693 2402 3908 2471 προόδῳ

2291 2487 2415 2542 ,τοῦ
2445 2487 2783 2555 Πνεύματος.
2817 2489 2927 2542 Καὶ
2955 2490 3191 2543 ποιεῖται
3220 2490 3321 2559 μὲν
3341 2492 3500 2561 τῆσδε
3529 2495 3628 2564 τῆς
3664 2494 3908 2548 ἰσοδυνα-

2327 2575 2457 2647 μίας
2489 2577 2793 2647 παράδοσιν
2823 2579 2881 2632 ἐν
2912 2581 3026 2642 τοϊς
3060 2580 3200 2650 πρὸς
3229 2583 3580 2656 ’Δμφιλόχιον
3610 2587 3908 2656 παραδείγ-

2329 2685 2464 2736 μασι
2485 2668 2768 2738 διαφόροις
2812 2671 3178 2741 πιστούμενος
3200 2690 3214 2703 ·
3246 2675 3304 2727 ἐν
3344 2675 3400 2727 δὲ
3433 2679 3545 2739 τοῖς
3588 2677 3768 2742 ἀλλοις
3798 2680 3909 2733 τῶν

2326 2763 2781 2830 συγγραμμάτων
2801 2763 2968 2816 αὑτοῦ
2991 2764 3053 2816 τὸ
3077 2765 3256 2818 διττὸν
3273 2767 3435 2820 τῶνδε
3458 2770 3565 2822 τῶν
3589 2773 3908 2842 προθέσεων

2323 2852 2465 2905 οὕτω
2499 2853 2817 2920 λαμϐάνων,
2848 2855 2938 2908 ὁτὲ
2969 2855 3069 2925 μὲν
3104 2859 3196 2911 ἐπὶ
3225 2858 3328 2929 τῆς
3359 2860 3660 2930 θεολογίας,
3687 2865 3760 2927 ὡς
3796 2869 3912 2920 ἐκεῖ

2324 2963 2513 3015 φησιν,
2541 2945 2599 3010 ἐξ
2621 2946 2749 2999 Υίοῦ
2774 2948 2833 2999 τὸ
2858 2946 3084 3018 Πνεῦμα
3104 2949 3435 3022 διαγορεύει,
3466 2955 3555 3008 ὁτὲ
3576 2958 3632 3010 δὲ
3657 2958 3723 3010 δι’
3752 2959 3908 3015 Υίοῦ.

2326 3037 2495 3091 Ὀθεν
2525 3039 2582 3090 ἐν
2617 3037 2695 3108 τῷ
2723 3039 2892 3108 τρίτῳ
2925 3040 3036 3093 τῶν
3068 3042 3204 3112 πρὸς
3235 3042 3502 3111 Εὐνόμιον
3561 3047 3912 3121 Ἀντιρρητι-
3962 3072 3985 3098 ο

2324 3131 2437 3184 κῶν
2478 3133 2680 3201 φάσκει
2701 3150 2714 3164 ο
2759 3153 2775 3185 ι
2808 3134 2905 3197 Τίς
2932 3138 3042 3206 γὰρ
3073 3136 3289 3209 ἀνάγκη
3311 3139 3390 3208 τῷ
3423 3139 3694 3210 ἀξιώματι
3729 3146 3822 3197 καὶ
3842 3149 3910 3216 τῇ

641 3229 862 3282 tertium
895 3226 1045 3280 illmn
1079 3243 1201 3280 esse
1231 3235 1287 3280 et
1318 3227 1538 3280 natura?
1568 3225 1812 3296 Namque
1840 3228 2104 3298 dignitate
2131 3246 2221 3284 se-

2331 3221 2482 3285 τάξει
2511 3223 2694 3291 τρίτον
2732 3224 2980 3294 ὑπάρχον
3009 3225 3070 3278 τὸ
3104 3226 3350 3298 Πνεῦμα,
3387 3231 3570 3299 τρίτον
3612 3229 3751 3285 εἶναι
3779 3237 3914 3288 αὐτὸ

637 3316 880 3373 cundum
914 3333 1035 3372 esse
1066 3333 1094 3371 a
1137 3319 1296 3380 Filio,
1333 3328 1588 3387 tanquam
1620 3320 1713 3389 qui
1737 3321 1807 3375 ab
1836 3337 1922 3384 eo,
1963 3323 2110 3391 quod
2152 3323 2226 3377 sit

642 3411 825 3472 habet,
851 3420 905 3464 et
929 3410 998 3464 ab
1029 3425 1095 3464 eo
1119 3411 1337 3478 accipit,
1363 3421 1420 3464 et
1443 3411 1602 3465 nobis
1633 3412 1946 3480 annuntiat,
1979 3421 2034 3468 et
2066 3429 2226 3484 pror-

639 3518 735 3556 sus
768 3503 840 3556 illi
891 3518 1069 3556 causa!
1105 3503 1369 3567 adhaeret,
1414 3503 1630 3572 pietatis
1675 3519 1858 3558 sermo
1894 3505 2088 3560 tradit:
2123 3522 2226 3558 ua-

640 3610 760 3647 tura
789 3611 919 3649 vero
953 3596 1110 3648 tertia
1139 3595 1240 3659 uti,
1272 3610 1452 3664 neque
1483 3611 1512 3648 a
1543 3595 1745 3649 divinis
1769 3595 2070 3665 Scripturis
2092 3601 2228 3651 edo-

633 3689 710 3742 eti
739 3702 953 3748 sumus,
986 3703 1160 3755 neque
1185 3703 1250 3740 ex
1281 3688 1391 3756 jam
1416 3687 1579 3741 dictis
1611 3699 2020 3757 consequenter
2048 3689 2228 3760 colligi

640 3788 846 3848 potest.
884 3777 1356 3842 Quemadmodum
1401 3777 1548 3830 enim
1584 3777 1754 3832 Filius
1786 3777 1978 3831 ordine
2007 3779 2228 3848 quidem

640 3870 919 3924 secundus
944 3884 972 3922 a
1009 3867 1169 3922 Patre
1202 3880 1308 3930 est,
1338 3868 1600 3938 quoniam
1629 3873 1695 3923 ab
1727 3869 1817 3923 illo
1845 3879 1950 3933 est,
1979 3878 2031 3922 et
2054 3870 2233 3940 digni-

640 3975 780 4030 tate,
812 3961 1068 4032 quoniam
1097 3962 1252 4027 origo
1293 3971 1456 4028 atque
1484 3976 1671 4024 causa,
1704 3962 1853 4031 quod
1886 3963 1976 4016 ille
2007 3964 2096 4028 sit,
2133 3961 2230 4016 Pa-

639 4066 722 4103 ter
755 4061 856 4113 est,
888 4061 945 4104 et
975 4051 1120 4120 quod
1154 4067 1248 4119 per
1283 4052 1462 4120 ipsum
1498 4065 1755 4107 accessus
1786 4063 1841 4107 et
1875 4054 2132 4109 adductio
2164 4054 2232 4109 ad

644 4145 817 4197 Deum
849 4142 1104 4196 Patrem:
1155 4152 1348 4196 natura
1385 4159 1516 4197 vero
1549 4142 1700 4198 nullo
1735 4144 1897 4198 modo
1934 4145 2230 4213 secundus,

2329 3315 2425 3367 καί
2472 3317 2539 3384 τῇ
2577 3317 2774 3383 φύσεις
2822 3315 3120 3386 Ἀξιὼματι
3173 3320 3275 3388 μὲν
3319 3322 3429 3391 γάρ
3481 3323 3786 3395 δευτερεύει
3815 3331 3912 3381 τοῦ

2331 3402 2461 3457 Υίοῦ
2487 3407 2617 3476 παρ’
2650 3405 2816 3459 αὑτοῦ
2855 3408 2916 3460 τὸ
2939 3403 3079 3461 εἶναι
3113 3409 3256 3479 ἔχον,
3286 3413 3378 3464 καὶ
3410 3416 3542 3484 παρ’
3577 3416 3743 3469 αὐτοῦ
3772 3419 3911 3489 λαμ·-

2331 3497 2494 3550 6ἀνον
2537 3501 2630 3550 καὶ
2673 3499 3010 3567 ἀναγγέλλον
3057 3505 3213 3572 ἡμῖν,
3248 3505 3344 3557 καὶ
3377 3506 3512 3570 ὅλως
3567 3510 3780 3580 ἐκείνης
3815 3514 3914 3575 τῆς

2331 3589 2510 3652 αίτίας
2544 3591 2877 3660 ἐξημμένον,
2915 3595 3284 3664 παραδίδωσιν
3313 3599 3341 3649 ό
3382 3603 3481 3669 τῆς
3511 3601 3796 3666 εὐσεϐείας
3825 3605 3917 3657 λό-

2331 3699 2462 3749 γος·
2495 3683 2656 3751 φύσει
2689 3684 2745 3737 δέ
2777 3688 2936 3756 τρίτῃ
2971 3688 3209 3758 χρῆσθαι
3241 3689 3366 3743 οὔτε
3413 3693 3564 3764 παρά
3605 3696 3714 3748 τῶν
3743 3698 3915 3766 ἁγίων

2333 3772 2569 3842 Γραφῶν
2617 3774 3003 3844 δεδιδάγμεθα,
3033 3778 3156 3831 οὕτε
3191 3779 3270 3833 ’ἐκ
3300 3782 3407 3835 τῶν
3439 3784 3744 3855 είρημένων
3776 3789 3918 3842 κατὰ

2332 3866 2392 3916 τὸ
2418 3864 2715 3918 ἀκόλουθον
2774 3866 2998 3920 δυνατὸν
3021 3869 3461 3938 συλλογίσασθαι.
3498 3875 3585 3938 Ὠς
3611 3878 3718 3948 γὰρ
3735 3882 3762 3931 ὀ
3791 3879 3917 3943 Υἱὸς

2335 3956 2484 4021 τάξει
2520 3957 2619 4026 μὲν
2648 3957 2899 4028 δεύτερος
2938 3961 3030 4014 τοῦ
3063 3963 3295 4031 Πατρὸς,
3321 3965 3402 4017 ὅτι
3437 3968 3532 4019 ἀπ’
3560 3969 3793 4035 ἐκείνου,
3822 3975 3919 4025 καὶ

2335 4047 2632 4117 ἀξιώματι,
2660 4049 2742 4102 ὃτι
2774 4051 2916 4120 ἀρχὴ
2956 4054 3050 4105 καὶ
3095 4056 3245 4109 αἰτία
3271 4055 3366 4108 τοῦ
3387 4053 3528 4111 εἶναι
3572 4061 3790 4134 Πατέρα
3823 4066 3921 4116 αῦ-

2336 4139 2452 4206 τοῦ,
2509 4142 2604 4193 καὶ
2652 4143 2734 4194 ὅτι
2766 4143 2834 4195 δι’
2865 4145 3091 4217 αὑτοῦὴ
3149 4149 3411 4218 πρόσοδος
3461 4155 3554 4206 καὶ
3579 4157 3921 4226 προσαγωγὴ

639 4236 786 4304 quod
836 4236 891 4288 in
947 4243 1180 4304 utroque
1237 4251 1341 4289 una
1392 4236 1568 4294 deitas
1601 4244 1683 4290 est
1718 4237 1832 4290 :ita
1881 4238 2134 4292 videlicet
2180 4250 2223 4291 el

2339 4233 2475 4301 πρὸς
2495 4231 2585 4284 τὸν
2608 4233 2742 4288 Θεὸν
2770 4235 2863 4286 καὶ
2888 4236 3139 4307 Πατέραο
3173 4240 3406 4307 φύσειδέ
3440 4245 3621 4299 ούκέτι
3645 4249 3919 4318 δεύτερος,

642 4330 887 4398 Spiritus
912 4338 1157 4395 sanctus,
1192 4330 1320 4402 etsi
1357 4329 1623 4398 dignitate
1651 4338 1705 4383 et
1734 4329 1931 4384 ordine
1957 4330 2223 4384 secundus

2338 4324 2473 4376 διότι
2513 4325 2546 4394 ἡ
2577 4323 2769 4395 θεότης
2797 4327 2855 4378 ἐν
2893 4329 3143 4400 ἐκατέρῳ
3179 4333 3274 4400 μία
3299 4350 3314 4364 ο
3349 4333 3492 4388 οὕτω
3521 4338 3765 4408 δηλονότι
3828 4344 3923 4394 καὶ

642 4440 671 4474 a
706 4420 842 4475 Filio
883 4431 989 4485 est,
1047 4436 1155 4474 non
1208 4429 1392 4475 tamen
1451 4421 1826 4475 verisimilitcr
1874 4423 2067 4477 alienae
2113 4438 2223 4476 esse

2339 4414 2400 4465 τὸ
2432 4414 2656 4484 Πνεῦμα
2687 4417 2747 4468 τὸ
2776 4417 2952 4484 ἅγιον,
2985 4421 3034 4470 εί
3087 4424 3182 4472 καὶ
3213 4424 3526 4494 ὐποὸἐϐηκε
3576 4430 3666 4482 τὸν
3696 4430 3819 4482 Tibv
3856 4437 3920 4502 τῇ

642 4523 853 4565 natura:
900 4511 1029 4564 inde
1056 4512 1322 4579 consequi
1371 4511 1732 4565 dixerimus.»
1773 4513 2002 4566 Necnon
2061 4513 2115 4566 in
2168 4514 2223 4566 il-

2341 4507 2491 4570 τάξει
2519 4512 2610 4559 καὶ
2631 4508 2707 4577 τῷ
2737 4509 3036 4578 ἀξιώματι,
3078 4512 3261 4567 οὐκέτι
3310 4515 3377 4569 ἂν
3405 4520 3627 4582 είκότως
3654 4521 3727 4583 ὡς
3767 4523 3924 4574 ἀλλο-

641 4605 754 4657 lis:
793 4623 811 4653 ι
858 4605 1040 4668 Quare
1067 4619 1178 4657 non
1209 4571 1265 4658 ei
1299 4601 1539 4672 Spiritus
1573 4603 1746 4657 Filius
1777 4603 1921 4668 Filii,
1956 4623 1974 4656 ι
2032 4607 2223 4660 tradit:

2342 4601 2494 4668 τρίας
2523 4601 2767 4669 ὑπάρχον
2792 4601 3028 4669 φύσεως.
3073 4623 3091 4655 ι
3128 4606 3237 4658 Καὶ
3283 4609 3446 4661 πάλιν
3477 4611 3533 4662 ἐν
3566 4606 3667 4674 οἷς,
3712 4633 3730 4664 ι
3771 4616 3924 4668 Διατί

648 4717 668 4746 ι
713 4696 832 4749 Non
891 4697 1036 4764 quod
1080 4713 1187 4750 non
1245 4697 1315 4750 sit
1360 4714 1425 4752 ex
1478 4696 1589 4750 Deo
1633 4714 1730 4767 per
1761 4697 1994 4764 Filium;
2026 4699 2120 4752 sed
2168 4715 2223 4753 ne

2343 4694 2419 4763 μὴ
2451 4693 2625 4744 καὶτὸ
2678 4694 2897 4764 Πνεῦμα
2955 4697 3074 4760 Υἱὸς
3106 4699 3196 4751 τοῦ
3230 4701 3405 4767 Υἰοῦ;
3444 4723 3462 4755 ι
3500 4706 3662 4775 φησίν
3687 4725 3700 4736 θ
3739 4728 3757 4755 ε
3801 4712 3924 4762 Ὀτι

645 4791 893 4869 ’i‘iiuitas
933 4799 1285 4858 reputareLur
1321 4791 1616 4844 multitudo
1679 4793 1988 4855 innumera,
2041 4794 2117 4846 uti
2179 4795 2223 4845 in

2339 4786 2400 4838 οὐ
2429 4787 2516 4838 διὰ
2539 4787 2598 4840 τὸ
2631 4786 2708 4856 μὴ
2735 4785 2876 4841 εἶναι
2905 4790 2969 4840 ἐκ
2999 4790 3133 4843 Θεοῦ
3168 4793 3238 4844 δι’
3263 4795 3414 4859 Υίοῦ,
3445 4797 3558 4848 ἀλλ’
3583 4800 3668 4850 ἵνα
3694 4802 3725 4869 ἡ
3753 4802 3926 4870 Τριὰς

647 4861 964 4962 hominibus
1007 4884 1124 4936 lit.»
1190 4884 1255 4936 Et
1307 4885 1502 4953 paucis
1543 4885 1816 4939 annexis:
1877 4905 1893 4936 ι
1943 4884 2223 4952 Propterea

2342 4880 2418 4949 μὴ
2469 4881 2698 4950 νομισθῇ
2736 4881 2941 4951 πλῆθος
2991 4885 3241 4953 ἄπειρον,
3275 4885 3351 4950 ὼς
3403 4892 3496 4941 καὶ
3535 4894 3590 4942 ἐν
3614 4861 3926 4962 ἀνθρώποις

645 4988 710 5025 ex
751 4970 859 5024 Deo
888 4947 1024 5025 .esse
1056 4973 1319 5042 Spiritum
1373 4975 1547 5043 palam
1591 4976 1898 5029 enuntiavit
1938 4977 2223 5044 Apostolus

2340 4971 2762 5024 ὑποπτευθείσα.
2806 4991 2824 5022 ι
2862 4976 2966 5025 Καὶ
2986 4975 3106 5042 μετ’
3142 4977 3302 5044 ὀλίγα
3325 4995 3338 5009 ο
3366 4997 3384 5030 t
3420 4984 3517 5033 Διά
3549 4983 3707 5036 τοῦτο
3736 4990 3797 5037 τὸ
3825 4988 3928 5055 μὲν

647 5066 887 5119 dicens:
941 5064 1227 5133 Spiritum,
1281 5069 1376 5136 qui
1417 5083 1482 5120 ea:
1532 5066 1644 5122 Deo
1689 5079 1786 5131 est,
1832 5071 2130 5136 accepimus
2175 5069 2217 5099 ’δι

2347 5061 2410 5110 ἐκ
2439 5057 2576 5110 Θεοῦ
2613 5056 2756 5112 εἶναι
2794 5062 2854 5112 τὸ
2885 5063 3110 5133 Πνεῦμα
3145 5066 3359 5132 τρανῶς
3391 5072 3660 5141 ἐκήρυξεν
3695 5077 3721 5126 ό
3763 5077 3925 5129 Ἀπΰ-

649 5174 746 5225 per
769 5155 964 5210 Filium
1032 5174 1297 5226 apparere
1351 5161 1748 5224 manifestam,
1777 5176 1900 5215 cum
1936 5162 2084 5214 illum
2123 5159 2222 5213 Fili

2347 5152 2532 5213 στολος
2576 5153 2773 5219 λέγων,
2826 5153 2901 5208 Τὸ
2937 5157 3176 5225 Πνεῦμα
3210 5161 3274 5212 τὸ
3313 5163 3383 5215 ἐκ
3424 5167 3572 5219 Θεοῦ
3607 5167 3924 5236 ἐλάϐομεν,

651 5251 937 5319 Spiritum,
975 5260 1032 5303 ut
1071 5262 1126 5304 et
1179 5253 1269 5306 Dei
1307 5254 1620 5320 appellavit,
1656 5263 1708 5306 et
1745 5261 1982 5305 mentem
2015 5253 2243 5318 Christi,

649 5343 809 5396 sicuti
838 5352 892 5396 et
918 5343 1010 5397 Dei
1039 5341 1304 5412 Spiritum
1343 5347 1420 5398 uti
1487 5346 1743 5399 hominis.
1779 5362 1802 5397 ι
1836 5343 1990 5399 Dicta
2025 5346 2140 5399 bch
2175 5346 2244 5398 ab

651 5434 861 5488 dissidii
914 5436 1202 5505 Inuitiplici
1253 5437 1457 5491 malitia
1518 5437 1749 5492 multum
1796 5439 2045 5493 divexata
2085 5450 2234 5502 sunt,

653 5527 814 5579 tertio
872 5537 1053 5583 tamen
1104 5528 1208 5582 duo
1270 5530 1474 5595 priora,
1533 5540 1587 5583 et
1642 5531 1885 5583 secundo
1946 5530 2238 5584 immanius

651 5618 913 5686 primum,
957 5621 1330 5674 membrorum
1388 5624 1723 5692 integrorum
1756 5622 2101 5690 ademptione
2139 5621 2242 5673 im-

651 5711 944 5774 minutum,
999 5727 1214 5767 necnon
1263 5713 1667 5778 additionibus,
1729 5722 1786 5780 et
1831 5711 2232 5782 adjectionibus

728 5899 767 5928 “
801 5899 820 5953 Ι
859 5902 987 5955 Cor.
1027 5914 1088 5964 ιι,
1128 5900 1210 5953 12.

2347 5245 2531 5297 καὶτὸ
2561 5247 2629 5298 δι’
2680 5246 2812 5299 Υίοῦ
2848 5253 3152 5317 πεφηνέναι
3205 5255 3376 5322 σαφὲς
3425 5260 3752 5328 πεποίηκεν,
3795 5263 3926 5314 Υίοῦ

2348 5339 2578 5408 Πνεῦμα
2625 5340 2902 5410 ὀνομάσας
2932 5339 3092 5395 ἀὐτὸ
3144 5347 3396 5416 καθάπερ
3441 5350 3604 5412 Θεοῦ,
3651 5355 3746 5404 καί⁵
3800 5357 3927 5408 νοῦν

2346 5428 2589 5498 Χριστοῦ
2620 5431 2962 5498 προσειπὼν,
3009 5436 3263 5506 καθάπερ
3307 5441 3401 5491 καὶ
3429 5441 3564 5493 Θεοῦ
3597 5443 3818 5504 Πνεῦμα
3848 5447 3925 5507 ὡς

2345 5522 2438 5574 τοῦ
2495 5521 2811 5592 ἀνθρώπου.
2853 5542 2872 5574 ι
2925 5525 3044 5577 Τῶν
3096 5531 3468 5598 πειραθεισῶν
3518 5536 3615 5601 τῆς
3667 5536 3778 5587 ἀπὸ
3823 5537 3925 5604 τῆς

2345 5615 2684 5678 διαστάσεως
2723 5617 3084 5686 πολυσχιδοῦς
3110 5623 3310 5682 κακίας
3345 5627 3534 5694 ῥήσεις
3567 5620 3753 5690 αὗται,
3781 5629 3925 5696 πλὴν

2346 5707 2440 5779 τῆς
2471 5707 2697 5778 τριττῆς
2736 5709 2792 5760 αἱ
2845 5709 3045 5775 διτταὶ,
3099 5715 3190 5766 καὶ
3242 5716 3341 5786 τῆς
3389 5719 3580 5789 ἐτέρας
3638 5720 3840 5788 μᾶλλον
3892 5722 3924 5792 ἡ
