4220 6444
269 364 405 431 1385

1247 365 1544 425 CONTRA
1580 364 2000 426 MANUELEM
2042 365 2516 425 CRETENSEM;

3365 357 3499 425 1386

264 477 479 547 πρώτη,
515 474 703 528 κώλων
732 473 870 528 ὅλων
904 475 1222 546 ἀφαιρέσεις
1255 477 1560 540 ὑποστᾶσα,
1591 477 1822 544 προσθήι

1890 475 2201 537 ,vitiatum.
2265 474 2370 531 Sed
2427 475 2493 530 ad
2555 475 2665 530 hate
2729 489 2896 544 usque
2945 483 3186 543 tempora
3210 473 3494 528 volumina

263 583 367 625 κας
398 580 454 615 τε
489 563 580 615 καὶ
611 565 944 632 ὲπεμόολάς.
991 565 1130 618 Ἀλλ’
1164 569 1246 619 ὅτι
1291 567 1384 618 καὶ
1411 567 1491 618 ἔτι
1522 565 1692 635 βίϐλοι
1727 584 1827 618 πει

265 655 611 723 φυλαγμέναι
649 660 743 708 καὶ
774 656 1055 709 θεαθεῖσαι
1089 660 1245 727 ἡμῖν,
1279 658 1424 721 ἅπερ
1453 658 1711 728 ἄντικρυς
1745 661 1831 711 τέ-

263 762 362 814 ρας
394 746 580 815 ἄμφω,
630 749 692 798 τὸ
741 747 1049 816 τηρηθῆναί
1083 766 1140 800 τε
1186 749 1279 801 καὶ
1316 750 1446 817 ἡμῖν
1477 747 1727 817 ὀφθῆναι,
1762 753 1827 818 τῇ

261 836 360 903 τῆς
394 834 520 904 ὅλης
551 837 730 888 αὐτῶν
763 842 1107 910 κατασκευῆς
1138 840 1459 902 παλαιὼσει,
1499 841 1594 892 καὶ
1627 843 1692 908 τῇ
1724 841 1832 892 τῶν

266 925 551 993 ἁρχαῖκῶν
598 928 878 996 στοιχείων
909 933 1118 998 γραφῇ.
1152 931 1251 998 τὴν
1297 931 1406 983 τῶν
1435 929 1830 984 ἀλλοιωθεισῶν

261 1022 323 1067 ὲκ
354 1018 548 1084 μανίας
578 1019 751 1086 ἄκρας
778 1021 1060 1074 ἀλλοίωσιν
1088 1022 1457 1091 στηλιτεὺουσι
1480 1039 1494 1052 ·
1523 1023 1620 1084 τὰς
1643 1026 1831 1092 ῥήσεις

260 1107 335 1168 ὠς
361 1109 522 1175 ἔσχον
559 1109 618 1173 ἐξ
664 1105 740 1163 ὧν
787 1114 1144 1182 προήχθησαν
1173 1112 1629 1192 προτεθείκαμεν.
1657 1116 1738 1180 ,El
1773 1116 1830 1167 δὲ

262 1203 355 1250 καὶ
389 1203 573 1253 ταῖσδε
631 1203 858 1271 βί6>.οις,
904 1208 1022 1266 ταῖς
1077 1204 1248 1268 οὕτως
1297 1208 1465 1267 αὑτὰς
1517 1207 1829 1272 δεικνὺσαις

261 1291 580 1359 ἐπιτεθῆναι
642 1295 703 1345 τὸ
760 1294 1132 1364 πολυσπερχὲς
1172 1294 1268 1346 τοῦ
1342 1294 1710 1362 κρατύνεσθαι
1770 1300 1830 1350 τὸ

263 1382 470 1449 σχίσμα
493 1386 805 1454 δυνήσεται,
830 1387 920 1439 καὶ
941 1387 1247 1458 ἀφανισμὸν
1270 1381 1380 1439 οἷον
1399 1387 1460 1453 δή
1485 1406 1609 1442 τινα
1631 1389 1826 1452 θεῖναι,

259 1473 330 1534 ὡς
357 1476 413 1525 ὲν
443 1477 653 1544 ὁλότητι
679 1480 744 1547 τῇ
775 1479 871 1547 τῆς
895 1480 1225 1545 ὑποθέσεως,
1255 1481 1355 1534 κάν
1377 1479 1453 1549 τῷ
1476 1482 1632 1551 μέρει
1655 1482 1830 1550 τούτῳ

264 1567 321 1617 τὸ
354 1568 416 1617 ἐκ
443 1568 541 1636 τῆς
574 1569 932 1635 συνειδήσεως
965 1575 1097 1642 ἡμῖν
1129 1573 1357 1641 ἀψευδὲς
1390 1574 1448 1638 ἐξ
1481 1569 1553 1628 ὧν
1580 1574 1830 1642 ἑωράκα-

266 1670 365 1722 μεν
397 1657 456 1706 οὐ
496 1658 822 1727 περιτρέψαι
875 1663 1190 1732 δυνήσεται.
1246 1666 1380 1733 Περὶ
1432 1664 1616 1733 μέντοι
1662 1663 1829 1716 τῶνδε

260 1747 653 1818 παραφθορῶν.
686 1752 778 1803 καὶ
804 1753 914 1804 τῶν
934 1755 990 1805 ὲν
1016 1753 1223 1819 ἑτέροις
1252 1755 1599 1824 θεοφθόγγων
1621 1758 1827 1824 ῥήμασι

1935 574 2345 628 conservantur,
2387 575 2786 634 conspectaque
2808 574 2930 618 sunt
2950 581 2978 616 a
2999 564 3175 627 nobis,
3196 578 3315 632 qua:
3339 565 3498 618 ambo

1935 664 2240 708 umnstrutn
2297 651 2481 717 fuerit,
2528 665 2582 709 et
2635 655 2781 725 quod
2843 663 3157 709 conservata
3205 655 3337 716 sint,
3371 666 3426 708 et
3465 668 3496 706 a

1936 742 2092 796 nobis
2144 753 2456 813 conspecta,
2493 759 2610 811 qua
2641 755 2694 798 et
2739 744 2906 814 ipsius
2958 753 3247 797 structurze
3279 746 3499 812 integra:

1936 843 2219 898 vetustate,
2250 845 2302 887 et
2341 835 2687 899 antiquarum
2735 837 3041 889 litterarum
3072 834 3365 899 scriptione
3396 840 3493 888 dc-

1936 935 2278 990 pravatarum
2342 942 2405 978 ex
2470 928 2670 996 ingenti
2750 929 2968 982 vesania
3036 926 3495 980 adulterationem

1935 1013 2109 1079 palam
2160 1015 2397 1069 edicunt.
2455 1015 2629 1078 Dicta,
2679 1016 2755 1070 uti
2809 1033 2868 1070 se
2909 1017 3133 1080 habent,
3179 1033 3243 1070 ex
3308 1017 3500 1071 iisdem

1935 1105 2308 1170 produximus.
2356 1106 2510 1172 Quod
2560 1108 2604 1160 si
2661 1109 3029 1165 voluminibus
3083 1108 3354 1160 similibus
3400 1110 3504 1161 hoc

1934 1195 2095 1247 tnodo
2131 1197 2271 1249 dicta
2325 1197 2680 1251 referentibus
2712 1199 2776 1250 ad
2800 1197 3180 1251 stabiliendum
3211 1196 3497 1250 dissidium

1935 1285 2136 1354 aliquid
2173 1302 2446 1357 apponere
2472 1288 2761 1349 voluerint.
2795 1290 2910 1344 sive
2949 1306 3010 1342 ea
3047 1290 3115 1343 de
3171 1290 3350 1341 medio
3401 1288 3505 1340 tol-

1935 1378 2042 1432 lere
2062 1380 2457 1445 accuravcrint,
2487 1382 2628 1449 quod
2653 1382 2837 1435 multis
2861 1384 2910 1435 in
2936 1384 3072 1437 locis
3100 1383 3347 1451 dispersa
3373 1387 3503 1444 sint,

1934 1481 2190 1536 quantum
2230 1471 2296 1524 ad
2325 1470 2691 1538 integritatem
2758 1475 3086 1542 argutiieuti,
3127 1485 3363 1526 attamen
3401 1473 3504 1525 hac

1936 1561 1986 1612 in
2023 1570 2172 1628 parte
2225 1562 2501 1615 sincerum
2547 1578 2848 1631 purumque
2900 1569 3097 1617 nostra:
3129 1562 3502 1623 conscientias,

1933 1662 2052 1700 cum
2083 1647 2170 1701 illa
2217 1649 2527 1716 viderimus,
2562 1663 2806 1707 evertere
2841 1653 2986 1706 nullo
3038 1652 3196 1706 modo
3230 1663 3500 1721 poterunt.

1937 1740 2008 1791 De
2065 1739 2148 1792 his
2207 1743 2549 1810 corruptelis,
2594 1744 2715 1797 aliis
2776 1760 2990 1814 quoque
3045 1743 3502 1811 diviniloqunrum

260 1844 552 1908 πατρικοῖς
580 1835 680 1894 οὑκ
706 1842 930 1911 ὀλίγοις,
965 1847 1058 1898 καὶ
1086 1845 1194 1898 τῶν
1225 1846 1398 1910 ἄλλως
1430 1848 1822 1914 πεπλασμένων

1890 1829 2157 1888 IPatrutn
2207 1833 2365 1887 dietis
2411 1849 2515 1887 non
2578 1836 2786 1903 paucis,
2832 1837 3060 1905 aliisque
3119 1836 3417 1900 fraudibus,
3453 1844 3507 1888 ct

260 1930 665 1999 ἐπιτεχνήσεων
707 1936 734 1986 ό
782 1936 1108 2006 αἱρούμενος
1141 1938 1248 1990 τῶν
1298 1941 1587 2010 ἡμετέρων
1623 1942 1680 1992 ἐν
1736 1941 1830 1993 ἂ).-

259 2020 370 2080 λοις
407 2022 582 2089 λόγων
614 2025 985 2092 ἀγγελλόντων
1017 2027 1355 2099 πλατύτερον
1383 2031 1672 2098 γνώσεται.
1715 2032 1829 2083 Νῦν

258 2112 314 2163 δὲ
345 2114 453 2165 τῶν
479 2115 680 2168 καινῶν
713 2120 1202 2190 συμπερασμάτων
1232 2121 1261 2173 ό
1293 2121 1542 2191 εὑρετὴς,
1572 2124 1664 2172 καὶ
1693 2120 1830 2191 πρὸς

258 2204 328 2255 τὰ
368 2205 462 2256 τοῦ
517 2209 966 2280 μεγαλοκήρυκος
1033 2212 1206 2275 οὕτως
1248 2212 1454 2282 ξέχοντα
1516 2214 1826 2276 Βασιλείου,

257 2298 440 2360 ὁποῖος
491 2299 820 2366 όπτάνεταις
866 2304 926 2354 Εἰ
963 2303 1164 2374 τρόπος
1195 2305 1481 2375 ὑπάρξεως
1514 2306 1610 2374 τῆς
1658 2309 1828 2358 ἐκπο·

264 2389 528 2456 ρεύσεως,
564 2393 595 2462 ἡ
624 2392 942 2461 ἀνάπτυξις,
986 2397 1078 2448 καὶ
1103 2396 1310 2465 ταύτην
1337 2395 1364 2446 ὁ
1393 2398 1565 2466 μέγας
1597 2396 1697 2465 τὴν
1729 2398 1828 2450 αὑ-

259 2481 360 2550 τῆς
413 2500 556 2551 φημι
607 2485 940 2555 διασάφησιν
981 2489 1072 2540 ἐπὶ
1123 2486 1216 2539 τοῦ
1249 2488 1379 2540 Υίοῦ
1424 2488 1829 2556 καθαρωτάτως

259 2572 646 2642 ἀνακηρύττει,
675 2578 766 2628 καὶ
798 2577 1160 2644 καταφάσκει,
1198 2596 1238 2640 «ν
1260 2579 1321 2631 τὸ
1357 2578 1599 2648 Πνεῦμα,
1629 2579 1826 2648 λέγων,

260 2666 413 2734 παρὰ
441 2665 533 2719 τοῦ
569 2668 700 2720 Υίοῦ
741 2661 800 2721 τὸ
833 2664 973 2722 εἷναι
1006 2670 1148 2739 ἔχον,
1203 2673 1295 2723 καὶ
1336 2671 1466 2743 παρ’
1498 2672 1661 2726 αὑτοῦ
1693 2673 1832 2744 λαμ-

261 2757 421 2810 εάνον
457 2760 548 2812 καὶ
587 2762 920 2829 ἀναγγέλλον
971 2765 1120 2835 ἡμῖν.
1166 2783 1184 2816 ι
1224 2758 1392 2828 Οὗτος
1431 2766 1487 2818 δὲ
1515 2765 1723 2835 ταύτην
1750 2769 1828 2828 είς

261 2848 665 2919 ἁναπλάσματα
695 2853 788 2905 καὶ
817 2853 1060 2916 διανοίας
1090 2854 1324 2916 ἀτόπους
1350 2856 1578 2922 ἀπάγει,
1612 2859 1706 2911 καὶ
1734 2858 1831 2927 τὴν

260 2942 541 3010 ἀπόφασιν
587 2944 758 3013 αὐτῆς
804 2945 1008 2998 θέσεων
1060 2947 1119 3011 ἐξ
1169 2949 1560 3002 ἁνυττοστόιτων
1613 2949 1722 3003 τῶν
1769 2950 1831 3002 ἐκ

260 3036 449 3103 φωνῆς
498 3036 597 3105 τῆς
637 3038 826 3104 μόνος
880 3040 1301 3103 κατασκευάζει.
1367 3041 1478 3094 Ποῦ
1536 3041 1647 3094 τῶν
1677 3042 1830 3095 τοῠξε

1935 1923 2041 1975 alio
2070 1931 2234 1991 atque
2272 1925 2377 1978 alio
2421 1929 2580 1980 modo
2609 1928 2998 1980 commentitiis
3027 1929 3254 1990 artibus,
3279 1929 3371 1996 qui
3408 1944 3503 1979 vo-

1933 2011 2025 2073 let,
2066 2027 2133 2066 ex
2194 2014 2316 2067 aliis
2369 2016 2575 2070 nostris
2620 2001 3056 2083 'connnentariis,
3122 2033 3243 2086 qua:
3304 2019 3502 2072 similia

1934 2102 2108 2159 fusius
2160 2116 2508 2176 pertractant,
2555 2110 2816 2164 addiscet.
2866 2109 3016 2164 Nunc
3066 2126 3194 2166 vero
3242 2126 3503 2166 novmun

1935 2198 2342 2252 conclusionum
2380 2213 2589 2266 auctor,
2630 2211 2678 2256 et
2715 2218 2841 2272 erga
2895 2204 3070 2274 magni
3102 2205 3365 2274 p'rzeconis
3400 2204 3504 2258 Ba-

1934 2292 2038 2346 silii
2073 2293 2238 2348 verba
2269 2293 2341 2347 ita
2369 2310 2426 2348 se
2466 2296 2719 2349 habentia
2753 2296 2930 2365 qualis
2964 2311 3085 2350 esse
3123 2296 3507 2365 conspicitur?

1935 2382 1991 2437 Si
2031 2384 2224 2438 modus
2255 2387 2586 2440 exsistentizc
2630 2390 2993 2456 processiouis
3063 2390 3255 2458 exponi
3308 2397 3504 2458 potest.

1937 2475 2082 2530 illam
2117 2491 2340 2548 magnus
2375 2479 2485 2542 hic,
2543 2481 2709 2543 illius,
2773 2480 3015 2549 inquam,
3056 2481 3503 2543 declarantuetn,

1935 2569 2000 2624 de
2029 2569 2164 2626 Filio
2217 2572 2658 2628 manifestissime
2717 2574 2902 2638 edicit,
2941 2573 3298 2643 afﬁrmatQue,
3336 2593 3355 2625 ι
3387 2574 3508 2643 Spi-

1934 2663 2090 2730 ritus,
2120 2664 2388 2735 inquiens,
2419 2683 2448 2720 a
2489 2664 2626 2720 Filio
2652 2668 2794 2734 quod
2845 2668 2914 2720 sit
2959 2668 3140 2727 habet,
3193 2679 3250 2720 et
3300 2685 3506 2722 annun-

1917 2755 2029 2809 tiat
2085 2758 2259 2809 nobis.
2299 2772 2321 2808 ι
2363 2756 2462 2810 Hic
2504 2771 2631 2811 vero
2689 2758 2832 2810 illam
2871 2757 2938 2811 ad
2981 2768 3289 2812 commenta
3322 2770 3373 2813 et
3414 2759 3510 2812 ab-

1934 2849 2124 2901 eurdas
2174 2849 2470 2903 sententias
2512 2848 2744 2914 deducit,
2785 2859 2839 2913 et
2869 2849 3211 2918 negationem
3259 2850 3508 2918 proposi-

1938 2939 2175 2993 tionibus
2209 2955 2316 2993 non
2381 2942 2802 2996 subsistentibus
2832 2957 2895 2996 ex
2945 2957 3073 2996 voce
3123 2943 3267 2995 solus
3319 2944 3509 3012 positis

1937 3032 2277 3100 comprobat.
2311 3036 2569 3098 Quaenam
2618 3042 2700 3088 est
2730 3034 2819 3088 hic
2849 3049 2970 3087 cum
3004 3034 3147 3087 beati
3193 3035 3354 3088 dictis
3379 3050 3507 3088 con-

264 3125 555 3194 συμφωνία
587 3127 725 3195 πρὸς
753 3129 818 3181 τὰ
845 3128 936 3181 τοῦ
982 3131 1267 3202 μάκαροςς
1321 3133 1418 3201 an:
1450 3134 1524 3205 μῆ
1571 3135 1822 3204 ἅσύμῦα-

1890 3168 1899 3185 ,
1938 3123 2165 3175 cordia?
2198 3124 2330 3192 quin
2390 3127 2496 3176 imo
2563 3125 2741 3193 potius
2788 3134 2872 3179 est
2907 3141 2972 3177 es
3013 3127 3247 3179 adverso
3294 3127 3510 3180 bosnlis

1890 3198 1900 3219 .
1938 3215 1948 3221 ,
2172 3215 2182 3221 ,
2412 3220 2416 3221 ,
2479 3216 2509 3221 ,,
2694 3217 2702 3221 _
3237 3216 3267 3221 _

261 3235 354 3278 τος
391 3218 591 3287 μᾶλλον
641 3222 1094 3290 ἀντιπαράταξις,
1159 3226 1251 3278 καὶ
1304 3225 1542 3294 πόλεμος
1593 3229 1830 3281 ἀκατάλ-

262 3311 478 3372 λακτος.
517 3312 636 3363 Ἔτι
669 3328 734 3378 γε
769 3312 872 3382 μὴν
903 3315 930 3365 ὁ
954 3315 1096 3378 θεῖος
1125 3316 1233 3368 τῶν
1263 3317 1566 3372 Νυσσαέων
1600 3323 1830 3389 ποιμὴν,

259 3402 331 3455 τὰ
360 3403 498 3456 αὑτὰ
521 3404 598 3473 τῷ
631 3406 958 3477 αὑθομαίμῳ
989 3409 1382 3478 φθεγγόμενος,
1422 3428 1441 3462 ‹
1473 3412 1537 3463 ἐκ
1571 3411 1664 3464 τοῦ
1701 3413 1830 3465 Υἱοῦ

262 3494 362 3546 καὶ
384 3495 600 3547 διὰτοῦ
634 3495 788 3559 Υἱοῦ,
825 3515 843 3548 ι
876 3498 937 3548 τὸ
965 3499 1189 3569 Πνεῦμα
1210 3500 1345 3554 κατὰ
1362 3501 1461 3571 τὴν
1490 3506 1570 3563 είς
1603 3503 1662 3555 τὸ
1691 3501 1831 3556 εἶναι

263 3585 495 3655 πρόοδον
524 3586 863 3656 δογματίζει,
897 3593 991 3642 καὶ
1033 3593 1390 3661 ματαιολόγον
1416 3595 1711 3665 ἀπελέγχει
1741 3599 1829 3650 τὸν

259 3679 326 3729 ἐκ
373 3677 471 3746 τῆς
510 3681 723 3732 τοιᾶσδε
774 3680 1051 3750 θεολογίας
1089 3682 1545 3754 δημιουργήσεων
1597 3688 1831 3751 κτιστῶς

259 3771 320 3820 ἐν
357 3773 592 3832 κτιστοῖς
640 3771 1010 3836 ἀπεικονίσεις
1049 3776 1397 3846 εἰσφέροντα,
1430 3777 1740 3830 Κάντεῦθεν
1766 3781 1830 3832 ἑκ

257 3859 369 3911 τῖν
404 3858 526 3911 καθ’
559 3854 633 3912 ὧν
665 3862 697 3930 ἡ
737 3863 881 3931 ὁρμὴ
929 3867 1061 3933 πρὸς
1095 3866 1221 3926 τοὺς
1245 3866 1324 3924 εἰς
1364 3865 1507 3918 ἆῖαν
1546 3869 1830 3937 οὐρανίους

257 3937 705 4022 ἀντιφερόμενον.
737 3953 900 4006 Ὅθεν
948 3957 976 4007 ό
1023 3956 1182 4018 αὑτὸς
1213 3951 1368 4018 οὗτος
1413 3958 1743 4028 ἱερομύστης
1772 3961 1829 4011 ὲν

257 4043 338 4110 τῷ
375 4043 576 4113 πρώτῳ
608 4045 716 4096 τῶν
750 4045 884 4114 πρὸς
916 4045 1182 4114 Εὐνόμιον
1234 4050 1667 4117 Ἀντιῤῥητικῶν
1702 4051 1828 4105 τάδε

257 4135 429 4203 φησίδ·
481 4154 498 4186 ι
557 4136 630 4186 Τὸ
666 4135 888 4206 Πνεῦμα
919 4137 994 4206 τῷ
1043 4138 1218 4206 Πατρὶ
1273 4141 1412 4191 κατὰ
1453 4140 1511 4191 τὸ
1573 4140 1829 4194 ἄκτιστον

257 4228 671 4296 συναπτόμενον
705 4230 866 4282 πάλιν
911 4231 1007 4282 ἀπ’
1055 4230 1218 4282 αὑτοῦ
1249 4231 1322 4298 τῷ
1359 4234 1432 4300 μῆ
1465 4231 1652 4302 Πατὴρ
1687 4227 1827 4284 εἶναι

255 4317 330 4377 ὡς
355 4320 561 4380 ἑκείνος
591 4319 994 4390 διαχωρίζεται.
1026 4319 1134 4390 Τῆς
1160 4321 1216 4373 δὲ
1249 4322 1382 4389 πρὸς
1407 4323 1498 4374 τὸν
1530 4323 1657 4377 Υίὸν
1684 4325 1825 4377 κατὰ

251 4408 315 4460 τὸ
373 4408 628 4463 ἄκτιστον
683 4413 1002 4479 συναφείας,
1038 4413 1132 4463 καὶ
1171 4414 1227 4462 ὲν
1274 4413 1349 4480 τῷ
1383 4413 1480 4483 τὴν
1510 4414 1688 4465 αἰτίαν
1720 4415 1820 4483 τῆς

254 4500 543 4569 ὑπάρξεως
582 4504 644 4554 ὲκ
677 4503 772 4554 τοῦ
814 4502 948 4554 Θεοῦ
987 4505 1096 4554 τῶν
1149 4504 1195 4554 6'.-
1211 4521 1285 4554 ων
1317 4504 1480 4571 ἔχειν,
1526 4505 1825 4570 ἀφίσταται

253 4593 420 4642 πάλιν
472 4593 551 4660 τῷ
593 4593 845 4654 ἰδιάζοντι
887 4594 944 4645 ἐν
974 4595 1048 4662 τῷ
1103 4595 1236 4663 ;,·πῆ;ε
1275 4594 1580 4663 μονογενῶς
1616 4598 1678 4648 ἐκ
1732 4596 1825 4648 τοῦ

253 4683 470 4751 Πατρδς
502 4683 830 4751 ὑποστῆναι,
883 4687 980 4736 καὶ
1030 4688 1089 4736 ὲν
1126 4685 1202 4753 τῷ
1246 4685 1312 4738 δι’
1351 4686 1516 4736 αὑτοῦ
1553 4687 1647 4738 τοῦ
1696 4686 1824 4738 Υίοῦ

253 4776 592 4843 πεφηνέναιο
650 4775 814 4826 πάλιν
861 4774 917 4826 δὲ
972 4775 1071 4844 τῆς
1122 4779 1353 4838 κτίσεως
1405 4777 1494 4829 διὰ
1541 4780 1633 4829 τοῦ
1696 4779 1819 4831 Υίοῦ

254 4865 592 4932 ὑποστάσης,
627 4865 701 4926 ὡς
730 4865 792 4915 ἂν
839 4864 913 4932 μὴ
963 4866 1249 4936 κοινότητά
1294 4883 1414 4919 τινα
1450 4869 1583 4936 πρὸς
1616 4869 1822 4938 ταύτην

254 4955 400 5023 ἔχειν
431 4953 659 5024 νομισθῇ
690 4956 751 5006 τὸ
781 4957 1004 5024 Πνεῦμα
1032 4957 1097 5008 ὲκ
1127 4958 1222 5008 τοῦ
1248 4958 1336 5010 διὰ
1368 4957 1459 5010 τοῦ
1492 4959 1615 5009 Υἱοῦ
1650 4975 1822 5025 πεφη-

249 5047 402 5096 νέναι
434 5046 490 5095 ὲν
518 5044 594 5113 τῷ
632 5045 883 5113 ἀτρέπτῳ
915 5048 1006 5097 καὶ
1032 5045 1376 5115 ἁναλλοιώτῳ
1402 5047 1738 5116 διακρίνεται
1767 5052 1823 5100 τὸ

251 5136 477 5207 Πνεῦμα
528 5139 635 5189 ἀπὸ
690 5139 789 5204 τῆς
825 5139 1076 5201 κτίσεως.
1124 5158 1141 5189 ι
1190 5139 1276 5202 Ὦς
1307 5142 1334 5191 ὁ
1381 5139 1639 5209 σύναιμος
1673 5143 1822 5210 παρὰ

249 5229 385 5280 Υίοῦ
416 5233 508 5302 καὶ
529 5230 596 5280 δι’
630 5227 760 5281 Υἰοῦ
787 5229 913 5300 ἰδίᾳ,
945 5229 1116 5291 οὕτως
1150 5230 1386 5299 ἀλλαχοῦ
1422 5233 1519 5298 μὲν
1547 5235 1641 5284 καὶ
1667 5229 1822 5294 οὗτος

251 5322 404 5390 ιδίᾳ·
472 5320 704 5374 ἐνταῦθα
762 5323 818 5373 δὲ
883 5326 1129 5391 χρήσεως
1197 5325 1256 5373 ὲν
1307 5325 1406 5392 μιᾷ
1464 5325 1713 5376 συνθέσει
1764 5328 1822 5378 τὸ

252 5412 479 5482 Πνεῦμα
510 5417 572 5465 ὲκ
607 5412 701 5464 τοῦ
735 5413 945 5482 Πατρὸς
981 5413 1046 5465 δι’
1081 5413 1206 5466 Υίοῦ
1254 5419 1348 5466 καὶ
1392 5415 1492 5485 τῆν
1528 5416 1703 5468 κτίσιν
1739 5417 1818 5469 δι-

245 5507 472 5558 δάσκει·
512 5506 568 5555 ἐν
615 5505 862 5572 ὑστέροις
891 5503 949 5555 δὲ
986 5505 1079 5556 καὶ
1127 5505 1224 5573 τὴν
1259 5505 1524 5576 διαφορὰν
1557 5508 1815 5563 δεικνύει.

240 5599 398 5666 Πλὴν
428 5599 476 5649 οἱ
503 5598 590 5649 διὰ
623 5598 786 5666 κενῆς
819 5598 1312 5666 εὑρεσιλογοῦντες,
1364 5601 1725 5668 φανερώσεως
1760 5602 1822 5654 τὸ

246 5687 586 5756 πεφηνέναι
638 5688 934 5756 δηλωτικὸν
988 5689 1310 5754 φάσκοντες,
1366 5691 1464 5759 οὑχ
1508 5692 1816 5758 ὑπάρξεω;,

244 5779 664 5846 ἀποπέμπονται
722 5778 1012 5846 προφανῶς
1066 5781 1160 5847 ἀφ’
1206 5777 1279 5833 ὧν
1335 5782 1446 5834 ἄνω
1509 5784 1822 5852 παρεθὲκσα

500 5871 770 5928 Ρλτιιυι.
811 5871 926 5929 Gtt.
991 5871 1088 5930 CX
1107 5873 1201 5931 LI.

1937 3215 2242 3280 instructio,
2301 3223 2357 3270 ct
2410 3216 2607 3269 bellum
2694 3217 3162 3270 irrecOaciliabile.
3237 3216 3504 3271 Praeterea

1935 3306 2152 3360 divinus
2176 3305 2543 3375 Nyssenorum
2570 3317 2776 3376 pastor,
2810 3320 2918 3361 non
2947 3309 3160 3361 diversa
3188 3325 3218 3362 a
3249 3322 3508 3379 germano

1933 3398 2099 3452 fratre
2125 3398 2405 3468 eloquens,
2444 3417 2461 3449 ι
2497 3414 2561 3452 ex
2600 3399 2758 3463 Filio,
2782 3409 2836 3453 et
2871 3414 2966 3468 per
3025 3398 3270 3466 Filium,»
3308 3413 3507 3456 secun-

1936 3491 2064 3545 dum
2094 3491 2162 3545 ad
2197 3507 2316 3546 esse
2372 3507 2718 3561 progressum
2749 3492 3022 3555 decernit,
3054 3503 3108 3548 et
3132 3495 3295 3549 stulte
3347 3495 3505 3550 oblo-

1933 3584 2160 3651 qui.qai
2192 3600 2259 3637 ex
2303 3585 2465 3638 simili
2522 3586 2793 3653 theol03ia
2832 3600 3014 3639 rerum
3051 3587 3416 3651 conditarum,
3452 3597 3507 3638 et

1936 3675 2097 3726 rebus
2117 3676 2312 3727 creatis
2334 3674 2723 3728 similitudines
2748 3677 3060 3739 introducit,
3089 3686 3502 3740 commonstrat,

1934 3765 2164 3835 indeque
2197 3780 2260 3817 ex
2303 3764 2368 3818 iis
2412 3765 2678 3818 adversus
2723 3780 2861 3834 quos
2905 3781 3001 3819 sua
3055 3767 3232 3820 studia
3267 3767 3499 3830 confert,

1933 3854 2054 3908 illos
2084 3856 2174 3923 qui
2212 3855 2370 3924 plane
2399 3856 2652 3909 cmlestcs
2697 3864 2845 3919 Sunt,
2874 3871 3210 3927 oppugnare.
3246 3857 3378 3912 Hinc
3417 3859 3502 3912 hic

1935 3948 2075 4000 idem
2131 3958 2302 4017 mysta
2341 3949 2518 4016 primo
2546 3949 2814 4002 adversus
2853 3951 3180 4004 Eunomium
3217 3952 3503 4006 Antirrbc‘o

1935 4042 2042 4093 tico
2072 4042 2295 4093 scrib.t:
2333 4059 2350 4092 ι
2390 4039 2628 4108 Spiritus
2686 4041 2852 4106 l’atri,
2913 4057 3015 4111 qua
3083 4043 3362 4098 increatus
3418 4056 3504 4098 est

1933 4133 2305 4202 conjungitur,
2368 4148 2561 4187 rursus
2584 4135 2653 4187 ab
2685 4134 2902 4198 eodem,
2958 4147 3064 4202 qua
3095 4133 3254 4188 Pater
3280 4151 3388 4190 non
3421 4147 3505 4190 est

1934 4225 2136 4278 uti'ills
2181 4226 2532 4294 disjungitur.
2571 4228 2610 4278 A
2648 4229 3039 4296 conjunctione
3089 4245 3215 4283 vero
3260 4245 3385 4284 cum
3419 4230 3505 4285 Fi-

1932 4317 2024 4379 lio,
2080 4331 2184 4384 qua
2218 4316 2493 4370 increatus
2540 4328 2644 4382 est,
2680 4329 2736 4372 et
2784 4334 3004 4373 causam
3048 4321 3384 4376 exsistentia:
3440 4340 3503 4377 ex

1932 4410 2040 4461 D.~-o
2071 4411 2316 4463 omnium
2382 4411 2645 4479 possidet,
2684 4427 2875 4466 rursus
2910 4413 3219 4483 sejungitur
3255 4416 3505 4484 proprie-

1863 4509 1902 4560 ι)
1934 4509 2064 4559 tato.
2093 4501 2231 4568 quod
2262 4515 2371 4554 non
2404 4512 2655 4570 tanquam
2696 4503 3007 4572 unigenitus
3059 4521 3124 4560 ex
3158 4506 3320 4561 Patre
3369 4508 3500 4561 sub-

1932 4593 2089 4653 stitit,
2122 4593 2341 4660 etquod
2375 4608 2470 4662 per
2512 4595 2686 4662 ipsum
2736 4594 2934 4647 Filium
2963 4598 3251 4665 apparuit:
3283 4614 3504 4654 rursus.

1931 4700 2034 4752 quc
2073 4699 2102 4737 a
2134 4692 2404 4749 creatura,
2433 4700 2552 4753 qua!
2589 4701 2685 4753 per
2714 4687 2906 4740 Filium
2952 4691 3214 4753 substitit,
3248 4706 3318 4743 ne
3356 4706 3504 4744 com-

1931 4776 2245 4829 munionem
2275 4777 2511 4845 aliquant
2558 4793 2680 4830 cum
2715 4793 2778 4832 ea
2813 4779 3016 4834 habere
3057 4781 3292 4848 Spiritus
3340 4797 3503 4850 repn-

1932 4873 2160 4930 taretur,
2196 4867 2339 4934 quod
2379 4883 2474 4934 per
2505 4868 2698 4921 Filium
2729 4853 3029 4939 apparuit,
3062 4872 3504 4926 itnmutabilitate

1929 4969 1981 5009 et
2025 4959 2275 5011 firmitate
2317 4960 2622 5013 secernitur
2689 4960 2924 5030 Spiritus
2975 4979 3004 5014 a
3055 4977 3359 5018 creatura.»
3399 4964 3499 5019 Ubi

1930 5050 2097 5103 frater
2124 5065 2412 5120 germanus
2446 5053 2738 5120 separatim
2788 5071 2851 5108 ex
2890 5053 3026 5109 Filio
3059 5065 3112 5108 et
3149 5070 3238 5124 per
3283 5056 3500 5119 Filium,

1930 5141 2045 5208 pari
2107 5140 2266 5193 modo
2322 5142 2408 5193 hic
2470 5158 2684 5211 quoque
2739 5147 3051 5212 separatim,
3119 5149 3206 5199 hic
3265 5161 3390 5200 vero
3443 5147 3500 5198 in

1932 5231 2092 5283 ur-ius
2144 5232 2275 5285 dicti
2333 5236 2748 5288 constructione
2787 5236 3049 5304 Spiritum
3082 5252 3146 5289 cx
3193 5236 3352 5288 Patre
3406 5251 3499 5302 per

1928 5322 2143 5388 Filium,
2178 5340 2391 5378 necnon
2431 5327 2593 5380 etiam
2643 5339 2952 5381 creaturam
3008 5329 3186 5392 docet,
3213 5331 3348 5382 etin
3405 5346 3499 5399 po-

1927 5403 2146 5470 stremis
2205 5433 2420 5486 quoque
2473 5420 2769 5475 discrimen
2810 5423 3066 5492 assignat.
3127 5419 3491 5476 Nihilominus

1927 5510 2016 5576 qui
2049 5520 2250 5561 temere
2271 5511 2374 5562 alia
2401 5519 2565 5578 atque
2593 5513 2691 5566 alia
2725 5514 2792 5568 de
2821 5530 2960 5568 novo
2980 5513 3496 5576 comminiscuntur.

1928 5601 2056 5652 illud
2089 5615 2343 5668 apparere
2376 5617 2496 5654 man
2525 5603 2868 5660 festationem
2903 5608 3143 5660 iudicare
3167 5617 3495 5666 asserentes.

1929 5708 2036 5745 non
2069 5695 2464 5753 cxststentiant,
2503 5698 2786 5753 manifeste
2836 5700 3236 5770 redargunzttur
3267 5715 3428 5770 supra
3468 5719 3495 5752 a

1927 5784 2175 5835 Pali-ibus
2197 5784 2379 5851 petitis
2407 5788 2738 5856 digestisque
2761 5790 2824 5844 de
2852 5795 3072 5849 vocibus
3096 5811 3215 5861 qua:
3241 5794 3381 5846 inter
3409 5808 3500 5855 ω.

3103 5888 3177 5946 1th
