4220 6444
743 405 874 468 i387

1957 395 2281 458 GEORGII
2321 391 2782 457 ΜΕΤΟΟΗΙΤίΕ

3847 391 3980 456 1388

738 533 794 577 et
817 518 1218 589 processioaem
1252 516 1459 572 nullum
1488 529 1610 570 esse
1650 514 1944 570 discrimen
1968 513 2317 574 con-ﬁrmant,
2345 511 2392 570 Α

2426 524 2529 577 μιν
2578 507 2793 576 ῥήσεων
2852 506 3155 576 πατρικῶν,
3212 507 3342 575 περὶ
3378 504 3573 574 φωνῶν
3635 503 3690 557 αἱ
3737 503 3799 557 τὸ
3840 507 3984 574 σφῶν

739 615 885 669 inter
917 627 1051 682 quas
1083 611 1182 665 hoc
1216 613 1378 665 etiam
1404 624 1655 679 apparere
1683 613 2154 663 connumeratur.:
2186 617 2316 658 nec-

742 722 850 761 non
891 715 943 760 et
993 704 1113 758 aliis
1149 703 1292 757 inter
1353 701 1652 771 tlieol0gica
1707 700 1960 770 dogmata
2022 696 2311 766 inspersis,

743 799 849 853 hoc
879 813 1137 866 apparere
1155 795 1553 857 cxsistentiam,
1572 808 1681 847 non
1704 789 2195 846 manifestationem
2219 787 2313 842 de-

744 890 1080 956 notantibus,
1104 887 1234 958 quin
1265 889 1375 942 imo
1396 901 1462 939 ex
1492 885 1606 956 ipsa
1625 883 1836 954 paterni
1860 882 1989 936 dicti
2017 888 2310 944 structura,

741 981 809 1034 de
842 995 952 1048 quo
1005 979 1163 1033 nobis
1212 991 1394 1032 sermo
1423 985 1527 1031 est.
1555 975 1729 1040 Quam
1777 973 1921 1027 enim
1963 969 2311 1026 verisimilem

739 1071 1060 1128 relationem
1089 1068 1315 1123 interret
1336 1067 1491 1131 illud,
1542 1087 1560 1119 ι
1593 1080 1780 1121 rursus
1818 1080 1947 1119 vero
1978 1079 2010 1118 a
2034 1072 2314 1128 creatura,

737 1178 858 1231 qua:
879 1177 976 1231 per
1002 1159 1348 1229 Unigenitum
1378 1157 1640 1220 substitit,
1669 1174 1689 1206 ι
1718 1156 1762 1209 si
1790 1154 1842 1209 id
1878 1168 2104 1224 prorsus
2131 1153 2198 1207 de
2219 1166 2313 1204 cx-

738 1253 990 1310 sisteu'tia
1042 1267 1149 1306 non
1208 1250 1456 1307 dicitur?
1508 1256 1564 1303 et
1621 1246 1894 1317 quomodo
1965 1253 2314 1316 reputaretur

741 1345 977 1416 Spiritus
1024 1352 1249 1398 sanctus
1291 1340 1729 1396 communionem
1783 1336 2072 1406 quamdam
2109 1335 2313 1389 habere

739 1453 862 1491 cum
896 1445 1162 1500 creatura,
1205 1435 1251 1489 si
1305 1433 1393 1488 illa
1425 1448 1523 1503 per
1558 1431 1756 1486 Filium
1807 1445 1915 1484 non
1947 1426 2315 1485 subsisteret?

743 1543 798 1584 et
826 1528 1096 1598 quomodo
1144 1541 1206 1582 ea
1243 1541 1338 1596 per
1373 1525 1567 1580 Filium
1603 1522 1949 1579 manifestata
1986 1533 2090 1587 est,
2119 1522 2162 1576 si
2209 1536 2311 1574 non

741 1625 809 1678 'ad
845 1621 1118 1684 Triadem,
1150 1619 1244 1674 sed
1276 1618 1343 1673 ad
1376 1625 1680 1672 creaturam
1716 1614 2088 1668 manifestatio
2114 1613 2315 1667 fuerit?

742 1713 1029 1780 Quomodo
1057 1713 1181 1764 item
1201 1712 1256 1764 in
1276 1709 1475 1779 quibus
1508 1706 1839 1772 diﬂereutia,
1865 1714 1922 1760 et
1952 1704 2077 1759 inde
2101 1703 2315 1758 secerni

742 1811 945 1865 factum
990 1813 1094 1869 est,
1129 1811 1185 1857 et
1215 1801 1386 1870 magis
1439 1801 1690 1869 expedite
1719 1812 1785 1852 ex
1817 1811 1884 1851 eo
1914 1795 2054 1864 quod
2088 1811 2184 1863 per
2223 1792 2313 1846 Fi-

742 1888 870 1950 lium
929 1866 1093 1949 habet
1157 1866 1554 1956 exsistentiam,
1611 1889 1701 1943 hic
1735 1903 1864 1942 vero
1902 1886 2052 1939 nullo
2108 1866 2392 1940 modoiB

740 1990 943 2044 Deinde
997 1988 1160 2041 etiam
1202 1985 1347 2039 unde
1388 1983 1646 2037 traditum
1702 1989 1805 2047 est,
1845 1989 1899 2035 et
1946 1978 2150 2048 absque
2204 1977 2310 2031 ulla

741 2082 1103 2144 haesitatione,
1135 2077 1356 2147 quando
1401 2091 1510 2131 non
1548 2081 1716 2140 esset,
1742 2083 1800 2128 ut
1841 2072 2076 2142 Spiritus
2101 2086 2193 2140 per
2219 2069 2312 2124 Fi-

740 2173 872 2226 lium
907 2170 1311 2231 haberet-esse,
1344 2178 1399 2220 et
1431 2164 1730 2219 indicatum
1773 2161 2066 2217 discrimen
2107 2161 2312 2214 nullum

742 2263 956 2314 adesset
977 2266 1032 2310 et
1061 2256 1283 2309 tacitum
1321 2252 1653 2323 praeteritum
1679 2249 1806 2306 est?
1835 2248 2080 2318 Namque
2109 2248 2153 2304 si
2180 2248 2310 2303 illud

742 2354 900 2420 plane
922 2357 1087 2411 esset,
1115 2344 1428 2400 necessario
1451 2343 1552 2399 ista
1571 2349 2058 2410 consequerentur,
2078 2354 2313 2410 pronun-

744 2447 986 2512 tiataque
1015 2441 1268 2496 fuissent.
1299 2439 1343 2490 Α
1371 2438 1531 2491 Patre
1550 2450 1678 2490 vero
1707 2450 1800 2504 per
1818 2433 2015 2487 Filium
2050 2430 2312 2485 naturali-

742 2547 825 2591 ter
865 2534 1027 2602 simul
1051 2547 1115 2585 ac
1146 2531 1477 2600 scmpiterne
1519 2526 1780 2598 Spiritum
1810 2525 2010 2580 habere
2047 2523 2192 2594 quod
2219 2522 2311 2586 sit,

741 2637 1046 2685 creaturam
1096 2638 1225 2678 vero
1278 2620 1574 2676 creationis
1629 2616 1812 2684 modo,
1861 2626 1915 2671 et
1971 2617 2026 2670 in
2072 2624 2315 2685 tempore

740 2728 1128 2790 congruenter,
1188 2725 1244 2770 et
1303 2713 1450 2784 quod
1510 2710 1771 2767 discernit
1843 2707 2152 2777 appositum
2207 2713 2312 2759 est.

745 2814 868 2867 Haec
894 2813 1038 2867 enim
1084 2807 1369 2863 mutationi
1398 2805 1630 2860 obnoxia
1665 2812 1768 2869 est,
1808 2810 2065 2870 tanquam
2097 2813 2218 2868 qua:
2246 2811 2313 2852 ex

743 2920 809 2960 eo
837 2904 984 2974 quod
1023 2917 1127 2956 non
1165 2910 1281 2956 erat
1312 2899 1378 2953 ad
1431 2898 1482 2952 id
1520 2897 1660 2964 quod
1698 2903 1818 2949 erat
1873 2894 2158 2948 immutata
2208 2898 2314 2956 est,

743 3007 799 3053 et
836 2995 1126 3065 aliquando
1153 2993 1403 3056 exsistat,
1427 2998 1482 3043 ct
1519 2988 1776 3055 deinceps
1827 2987 2142 3040 asservicns
2175 2991 2316 3037 tem-

744 3093 859 3161 pori
887 3076 1000 3144 non
1032 3089 1280 3151 exsistat,
1324 3091 1380 3140 et
1413 3083 1794 3144 mutationem,
1831 3088 1885 3133 et
1938 3076 2314 3132 alterationem

743 3188 798 3238 in
829 3183 1084 3236 meliores
1110 3179 1428 3249 pejoresque
1458 3172 1903 3228 trasmutationes
1953 3169 2226 3223 admittat.
2249 3167 2317 3220 At

745 3274 979 3342 Spiritus
1035 3279 1258 3325 sanctus
1322 3264 1672 3320 immutabilis
1731 3273 1858 3329 est;
1905 3258 2316 3315 immutabiliter

741 3366 887 3418 enim
946 3371 999 3416 et
1053 3364 1309 3414 continua
1361 3358 1615 3411 tirmitate
1647 3348 1804 3419 erat,’
1839 3361 1896 3407 et
1947 3361 2050 3414 est,
2078 3351 2313 3418 eritque,

745 3465 1001 3524 tanquam
1045 3452 1137 3521 qui
1179 3447 1535 3503 essentialiter
1585 3447 1896 3513 et-absqne
1957 3453 2198 3511 tempore
2249 3453 2317 3492 ex

746 3549 903 3602 Patre
949 3563 1046 3615 per
1097 3543 1290 3598 Filium
1360 3541 1648 3602 emittitur,
1704 3552 1920 3606 semper
1952 3535 2149 3594 bonus,
2190 3531 2316 3600 quia

747 3643 862 3708 ipsa
889 3637 1104 3692 bonitas
1136 3644 1237 3697 est,
1274 3642 1329 3688 ct
1353 3631 1616 3688 bonitatis
1647 3628 1790 3692 fons,
1823 3634 2123 3694 n-turaque
2158 3623 2316 3688 Deus,

744 3747 896 3798 atque
928 3741 1089 3798 atque
1121 3728 1210 3781 ille
1241 3735 1343 3790 est,
1378 3741 1442 3779 ex
1481 3738 1591 3793 quo
1617 3730 1674 3777 et
1714 3736 1810 3791 per
1843 3734 2023 3788 quem.
2056 3716 2318 3770 lmmnta-

2414 598 2710 668 ἀδιάφορον
2754 597 2848 650 καὶ
2896 596 2986 649 τοῦ
3026 599 3390 666 ἐκπορεύεται
3422 597 3870 667 παριστάνουσιν,
3902 589 3983 659 αἶς

2413 689 2510 744 καὶ⁵
2539 688 2599 742 τί,
2631 689 2866 758 πέφηνε
2900 689 3329 760 συνηρίθμηται.
3372 690 3489 742 Ἔτι
3525 689 3580 741 δὲ
3608 690 3702 741 καὶ
3726 689 3785 754 ἐξ
3814 689 3984 743 ἄλλων

2413 785 2535 845 ταῖς
2570 781 2909 850 Θεολογικαῖς
2942 781 3316 844 διδασκαλίαις
3337 781 3786 852 ὲνεσπαρμένων,
3811 780 3984 845 ῦπαρ-

2416 873 2496 938 ξιν
2518 875 2579 928 τὸ
2609 875 2945 944 πεφηνέναι
2967 875 3278 946 τρανουσῶν
3307 875 3480 944 ἔχειν,
3506 874 3628 943 οὐχὶ
3655 874 3983 944 φανέρωσιν,

2411 964 2552 1019 ἀλλὰ
2582 965 2677 1018 καὶ
2720 966 2779 1032 ἐξ
2811 966 2982 1036 αὐτῆς
3032 967 3405 1036 συμφράσεως
3436 967 3537 1035 τῆς
3570 968 3697 1036 περὶ
3727 960 3795 1036 ἦς
3833 968 3862 1019 δ
3901 969 3987 1019 λό-

2414 1073 2510 1125 γος
2545 1059 2796 1127 χρήσεως
2826 1062 3122 1129 πατρικῆς.
3157 1058 3318 1112 Ποῖον
3344 1058 3453 1128 γὰρ
3481 1059 3640 1129 φέρει
3680 1059 3742 1111 τὸ
3768 1059 3986 1128 εὐλογο-

2414 1151 2581 1220 φανὲς
2605 1152 2664 1204 τὸ
2697 1151 3032 1220 ἀναφορικδν
3054 1150 3235 1214 τοῦτο,
3273 1168 3292 1202 ι
3325 1151 3489 1205 πάλιν
3530 1151 3590 1205 δὲ
3628 1153 3727 1220 τῆς
3754 1153 3987 1214 κτίσεως

2414 1243 2502 1295 διὰ
2558 1241 2654 1295 τοῦ
2686 1241 3027 1310 Μονογενοῦς
3061 1241 3398 1312 ὑποστάσης,
3435 1259 3454 1293 ι
3489 1241 3568 1311 μὴ
3619 1242 3680 1294 τὸ
3729 1243 3990 1310 παράπαν

2415 1332 2648 1386 ἐνταῦθα
2684 1334 2814 1404 περὶ
2837 1333 3124 1403 ὑπάρξεως
3156 1332 3448 1402 λέγεσθαις
3496 1333 3611 1394 πῶς
3642 1331 3769 1387 δ’ἆν
3800 1334 3987 1401 ἐνομί-

2417 1425 2522 1493 σθη
2550 1425 2842 1495 κοινότητά
2863 1442 2986 1478 τινα
3011 1425 3146 1496 πρὸς
3169 1425 3266 1494 τὴν
3296 1425 3475 1479 κτίσιν
3499 1426 3644 1496 ἔχειν
3676 1426 3735 1478 τὸ
3764 1426 3989 1495 Πνεῦμα

2416 1515 2474 1569 τὸ
2508 1515 2686 1585 ἅγιον,
2734 1517 2895 1585 εἴπερ
2949 1515 3090 1586 αῦτη
3135 1516 3222 1570 διὰ
3273 1515 3370 1568 τοῦ
3429 1516 3560 1570 Υἰοῦ
3606 1516 3706 1585 μὲν
3756 1517 3881 1585 ἔσχε
3929 1519 3988 1570 τὶ

2395 1608 2736 1676 ὑφεστάναι,
2766 1607 2922 1661 τοῦτο
2960 1607 3016 1660 δὲ
3045 1608 3218 1679 ταύτῃ
3245 1608 3332 1662 διὰ
3372 1608 3465 1661 τοῦ
3503 1608 3632 1662 Υίοῦ
3665 1609 3986 1677 πεφανέρω-

2413 1717 2529 1764 ται,
2560 1700 2676 1768 εῐγε
2704 1701 2780 1770 μὴ
2804 1700 2940 1770 πρὸς
2962 1699 3061 1770 τὴν
3093 1701 3321 1771 Τριάδα,
3362 1702 3496 1772 πρὸς
3528 1701 3627 1771 τὴν
3658 1703 3837 1755 κτίσιν
3865 1701 3923 1754 δὲ
3953 1703 3986 1770 ἡ

2417 1793 2759 1864 φανέρωσις;
2801 1793 2924 1855 Πῶς
2955 1793 3013 1847 δὲ
3055 1793 3152 1846 καὶ
3199 1796 3255 1846 ὲν
3295 1789 3376 1858 οἷς
3425 1796 3460 1863 ἡ
3502 1794 3738 1864 διαφορὰ
3783 1795 3878 1848 καὶ
3927 1795 3989 1847 τὸ

2418 1884 2794 1954 διακρίνεσθαι
2827 1886 2925 1938 οὐκ
2969 1885 3224 1938 ἐντεῦθεν
3270 1887 3536 1955 ἐγεγόνει,
3569 1886 3771 1956 μᾶλλον
3807 1887 3872 1939 ἐκ
3895 1885 3988 1939 τοῦ

2417 1978 2732 2049 προχείρου,
2770 1977 2880 2031 ἀπὸ
2931 1977 3025 2032 τοῦ
3075 1977 3172 2048 τὴν
3215 1978 3315 2047 μὲν
3363 1978 3449 2032 διὰ
3505 1978 3617 2042 τοῦ,
3651 1977 3990 2048 Μονογενοῦς

2418 2069 2565 2141 ἔχειν
2596 2069 2696 2138 τὴν
2728 2069 2984 2140 ὓπαρξιν,
3022 2069 3184 2123 τοῦτο
3210 2069 3267 2122 δὲ
3298 2070 3358 2123 οῦ
3383 2089 3396 2136 ;
3431 2065 3563 2124 Εἶτα
3589 2070 3844 2124 κάκεῖθεν
3865 2069 3990 2124 ὅθεν

2416 2161 2525 2232 ἄρα
2562 2163 2658 2216 καὶ
2689 2161 3073 2231 παραδέδοται,
3109 2161 3226 2216 ἀλλ’
3269 2163 3697 2232 ἀναμφίλεκτον,
3730 2164 3828 2231 ὡς,
3862 2163 3989 2218 ἐπεὶ

2420 2259 2496 2330 μὴ
2528 2253 2619 2330 ἦν,
2647 2258 2723 2328 μὴ
2769 2258 2832 2311 τὸ
2859 2252 2999 2312 εἶναι
3033 2259 3120 2312 διὰ
3169 2258 3262 2312 τοῦ
3301 2260 3431 2313 Υίοῦ
3466 2261 3526 2314 τὸ
3566 2258 3790 2330 Πνεῦμα
3820 2260 3988 2329 ἔχειν,

2414 2351 2560 2422 ἀπῆν
2597 2352 2706 2422 ἄρα
2736 2352 2832 2404 καὶ
2865 2352 2932 2406 τὰ
2976 2352 3076 2422 τῆς
3106 2353 3440 2425 δηλωθείσης
3481 2355 3769 2426 διαφορᾶς,
3795 2356 3890 2408 καὶ
3927 2357 3990 2408 οῦ

2416 2443 2687 2498 λέλεκται.
2718 2439 2795 2498 Ἦ
2823 2445 2931 2515 γὰρ
2963 2445 3049 2511 ἂν,
3083 2447 3132 2500 εί
3159 2443 3224 2517 ἦν
3249 2449 3445 2511 ὲκεῐνο,
3474 2443 3617 2518 εῖχεν
3648 2449 3712 2502 ἃν
3744 2447 3992 2517 ἀνάγκην

2415 2535 2786 2606 ἀκολουθῆσαι
2815 2537 2913 2591 καὶ
2953 2537 3126 2592 ταῦτα
3169 2539 3431 2610 λεχθῆναί
3459 2557 3539 2597 τε.
3568 2542 3689 2594 Ὅτι
3727 2541 3782 2593 δὲ
3832 2541 3989 2610 παρτ

2416 2628 2634 2698 Πατρὸς
2684 2628 2755 2680 δι’
2800 2628 2934 2682 Υίοῦ
2991 2630 3054 2682 τὸ
3109 2623 3248 2683 εἶναι
3289 2631 3366 2701 τῷ
3417 2632 3698 2701 Πνεῦματι
3746 2633 3994 2700 φυσικῶς

2419 2721 2537 2792 ἅμα
2592 2722 2687 2775 καὶ⁸
2728 2721 2949 2787 ἀῖδίως,
2987 2726 3055 2793 τῇ
3104 2724 3159 2777 δὲ
3212 2725 3388 2777 κτίσει
3437 2726 3844 2794 δημιουργικῶς
3899 2727 3994 2778 καὶ

2417 2812 2694 2882 ἑγχρόνως
2727 2813 3080 2884 καταλλήλως
3108 2815 3309 2884 ἐρρέοη
3342 2816 3434 2868 καὶ
3470 2817 3530 2869 τὸ
3558 2818 3992 2887 διακρινόμενον.

2433 2903 2495 2958 Ἦ
2527 2904 2629 2975 μὲν
2663 2904 2772 2976 γὰρ
2800 2906 3030 2976 τρεπτὴ,
3057 2905 3132 2970 ὡς
3155 2909 3220 2960 ὲκ
3241 2905 3337 2960 τοῦ
3367 2908 3442 2978 μὴ
3464 2910 3616 2971 δντος
3645 2914 3724 2973 είς
3753 2912 3814 2963 τὸ
3849 2907 3994 2965 εἶναι

2420 2998 2702 3066 τραπεϊσα
2740 2998 2836 3050 καὶ
2886 2997 3016 3050 ποτὲ
3045 2996 3146 3068 μὲν
3178 2995 3334 3078 οὖσα,
3385 2996 3504 3053 εἶτα
3538 3002 3802 3070 χρονικῶς
3830 3002 3991 3067 οῦσπ,

2418 3088 2514 3141 καὶ
2539 3088 2599 3140 τὸ
2626 3088 2861 3157 τρεπτδν
2887 3087 3092 3156 ἔχουσα
3132 3091 3226 3143 καὶ
3247 3090 3536 3143 ἀλλοιωτὸν
3576 3093 3634 3144 ὲν
3663 3094 3784 3154 ταῖς
3809 3094 3889 3153 είς
3932 3094 3994 3146 τὸ

2345 3209 2386 3265 c
2420 3179 2672 3265 κρεῖττον
2707 3180 2801 3232 καὶ
2844 3180 3029 3250 χεῖρον
3080 3181 3430 3249 μεταϐολαῖς.
3468 3183 3543 3236 Th
3573 3183 3630 3236 δὲ
3661 3183 3886 3252 Πνεῦμα
3929 3186 3995 3237 τὸ

2420 3264 2574 3334 ἅγιον
2635 3267 2711 3337 μὴ
2750 3269 2981 3337 τραπὲν,
3036 3268 3326 3340 ἀτρέπτως
3356 3271 3464 3340 γὰρ
3511 3273 3606 3325 καὶ
3647 3273 3996 3338 ἀναλοιὼτως

2416 3352 2485 3426 ἦν
2518 3358 2609 3410 καὶ
2659 3358 2777 3410 ἐστι
2831 3360 2929 3412 καὶ
2975 3358 3150 3424 ἔσται,
3183 3361 3458 3425 οὑσιωδῶς
3498 3365 3594 3417 καὶ
3647 3365 3894 3434 ἁχρόνως
3932 3368 3999 3418 ὲκ

2420 3449 2631 3518 Πατρὸς
2660 3449 2729 3502 δι’
2761 3449 2894 3505 Υίοῦ
2923 3452 3074 3504 ἔστιν
3103 3453 3549 3524 ἐκπεμπόμενον,
3580 3456 3666 3509 ἀεὶ
3690 3458 3897 3524 ἀγαθὸν
3919 3460 3998 3520 ὡς

2419 3540 2752 3609 αὑτὰγαοον,
2778 3542 2874 3594 καὶ
2902 3543 3056 3612 πηγὴ
3094 3543 3456 3614 ἀγαθὸτητος,
3488 3546 3647 3614 φύσει
3681 3547 3913 3610 Θαὶς-ὠς
3935 3549 3997 3614 ἐξ

2418 3628 2479 3688 οὗ
2509 3635 2603 3687 καὶ
2627 3633 2694 3686 δι’
2732 3626 2814 3688 οὗ.
2861 3634 2949 3686 Ἐν
2984 3633 3115 3703 γοῦν
3142 3635 3220 3706 τῷ
3245 3637 3501 3707 ἀτρέπτῳ
3526 3641 3619 3691 καὶ
3647 3639 4000 3709 ἀναλλοιὼτῳ

2417 3725 2713 3792 διαιρεῖται
2748 3722 2856 3776 ἀπὸ
2881 3724 2980 3792 τῆς
3012 3724 3267 3789 κτίσεως,
3305 3728 3402 3779 καὶ
3437 3729 3499 3780 οὐ
3532 3729 3704 3800 δήπου
3732 3731 3791 3782 ὲν
3820 3730 3902 3798 τῷ
3927 3730 3999 3783 δι’

748 3823 952 3876 bilitate
989 3822 1170 3887 itaque
1212 3825 1268 3872 et
1301 3816 1562 3870 ﬁrmitate
1617 3813 1947 3868 discernitur
1987 3824 2014 3861 a
2046 3815 2315 3869 creatura,

2422 3813 2553 3867 Υίοῦ
2581 3813 2791 3882 ταύτην
2822 3814 3146 3885 ὑποστῆναι,
3174 3817 3463 3872 κοινωνίαν
3496 3820 3618 3872 τινὰ
3653 3821 3789 3890 πρὸς
3822 3821 4003 3890 αὑτὴν

744 3925 796 3970 et
837 3928 938 3966 n0n
970 3912 1114 3982 quod
1142 3910 1232 3964 illa
1259 3924 1356 3980 per
1394 3907 1586 3962 Filium
1615 3904 1859 3960 substitit
1880 3900 2318 3958 communionem

2419 3905 2564 3976 ἔχειν
2590 3905 2896 3973 νομίζεται.
2932 3906 3041 3958 Καί
3064 3923 3128 3974 γε
3155 3908 3182 3960 ὑ
3207 3907 3619 3980 θεοφανέρωτος
3674 3911 4004 3980 Ἐπιφάνιος

746 4005 984 4074 aliquam
1019 4017 1141 4055 cum
1168 4001 1257 4053 illa
1307 3999 1506 4052 habere
1544 3998 1906 4052 existimatur.
1948 3993 2125 4059 Quare
2150 4008 2180 4046 a
2211 3993 2378 4073 Deo_

2420 3994 2480 4046 ὲν
2505 3993 2584 4063 τῷ
2620 3994 2958 4064 Ἀγκυρωτῷ
2999 3993 3144 4050 οῦτω
3193 3999 3359 4067 φησί’
3402 4016 3421 4050 ι
3458 3999 3652 4054 Τοίνυν
3700 4003 3895 4072 Πατὴρ
3929 3999 4004 4074 ἦν

749 4093 1127 4147 manifestatus
1177 4087 1516 4158 Epiphanius
1546 4087 1601 4139 in
1653 4087 1927 4154 Ancyroto
1962 4083 2076 4136 [nec
2108 4082 2272 4136 habet
2300 4099 2315 4136 :

2423 4084 2533 4148 disi,
2562 4085 2658 4138 καὶ
2686 4085 2748 4138 τὺ
2770 4085 2999 4154 Πνεῦμα
3044 4080 3116 4156 ἦν
3157 4087 3246 4140 ἀεὶ
3283 4089 3435 4160 παρὰ
3472 4089 3684 4157 Πατρδς
3713 4095 3811 4146 καὶ
3840 4094 4003 4148 Υίοῦ.

755 4208 770 4237 ι
819 4187 982 4254 Igitur
1011 4183 1170 4237 Pater
1203 4190 1320 4236 erat
1347 4193 1584 4248 semper,
1611 4187 1666 4232 et
1696 4176 1934 4247 Spiritus
1963 4187 2078 4229 erat
2104 4188 2320 4242 semper

2423 4176 2502 4229 Τὰ
2535 4176 2592 4229 δὲ
2622 4176 2763 4246 μετὰ
2809 4177 3034 4247 Πατέρα
3082 4179 3179 4232 καὶ
3223 4179 3353 4233 Υίὸν
3414 4182 3509 4234 καὶ
3561 4184 3716 4250 ἅγιον
3772 4186 4006 4254 Πνεῦμα

747 4292 776 4327 a
812 4273 972 4328 Patre
1005 4283 1060 4328 et
1101 4270 1260 4326 Filio.
1317 4269 1449 4335 Quae
1505 4282 1635 4322 vero
1667 4268 2072 4334 subsequuntur
2105 4263 2320 4319 Patrem

2426 4266 2607 4320 πάντα
2634 4267 2860 4337 ποιητὰ,
2899 4271 2994 4321 καὶ
3025 4269 3264 4336 κτητὰ,
3316 4273 3409 4325 καὶ
3445 4273 3519 4343 μὴ
3571 4274 3698 4326 δντα
3733 4277 3865 4328 ποτὲ
3908 4279 4008 4343 γὲ-

749 4381 797 4423 et
835 4368 1028 4420 Filium
1063 4378 1119 4419 et
1150 4363 1414 4433 Spiritum
1445 4371 1691 4415 sanctum
1738 4363 1920 4413 omnia
1951 4359 2167 4414 condita
2196 4367 2324 4411 sunt

2425 4374 2553 4426 γονε
2583 4359 2735 4426 παρὰ
2764 4359 2977 4429 Πατρὸς
3010 4358 3107 4412 καὶ
3133 4358 3267 4412 Υίοῦ
3303 4361 3400 4413 καὶ
3425 4361 3581 4428 ἁγίου
3620 4361 3962 4431 Πνεῦματος.
3981 4385 4000 4418 ο

750 4467 802 4512 et
839 4469 1040 4520 creata,
1071 4467 1126 4511 et
1158 4471 1282 4510 cum
1313 4469 1423 4509 non
1454 4462 1645 4508 essent
1683 4453 1994 4521 aliquando,
2023 4451 2162 4505 facta
2194 4458 2328 4505 sunt

2426 4452 2522 4515 Τίς
2555 4451 2658 4505 οὑκ
2711 4453 2830 4523 ἐρεῖ
2863 4450 3142 4504 κάνταῦθα
3180 4453 3488 4517 καοολικῶς
3532 4453 3625 4507 τὸν
3669 4454 3828 4523 λόγον
3861 4454 4009 4512 εἶναι

752 4565 778 4601 a
813 4549 968 4601 Patre
988 4558 1056 4601 et
1085 4545 1245 4609 Filio,
1269 4553 1326 4598 et
1358 4543 1568 4612 Spiritu
1623 4550 1838 4595 sancto.
1868 4559 1886 4591 ι
1923 4539 2055 4605 Quis
2093 4554 2199 4592 nou
2242 4538 2321 4590 at-
2351 4561 2392 4622 Β

2431 4542 2558 4612 περὶ
2584 4541 2895 4612 ὑπάρξεως,
2923 4543 3019 4596 καὶ
3055 4541 3116 4594 τὸ
3151 4541 3252 4612 μὲν
3281 4543 3425 4598 θετον
3466 4543 3690 4614 Πνεῦμα
3723 4545 4010 4614 θεολογεῐ-

752 4638 1071 4701 tirmaVcrit,
1137 4637 1224 4689 hic
1264 4648 1480 4704 quoque
1518 4633 1569 4686 in
1643 4633 1955 4687 universum
2018 4642 2324 4685 sermonem

752 4745 873 4784 esse
901 4729 967 4783 de
1015 4727 1354 4792 exsistentia,
1405 4736 1458 4780 et
1525 4722 1792 4794 Spiritum
1825 4730 2069 4777 sanctum
2106 4718 2326 4775 decerni

753 4835 817 4873 es
876 4819 1038 4873 Patre
1088 4826 1141 4872 et
1171 4817 1310 4872 Filio
1364 4819 1667 4871 secundum
1726 4829 1883 4868 suum
1918 4814 2222 4868 naturalem
2259 4812 2325 4865 ad

754 4923 875 4963 esse
921 4920 1270 4977 progressum
1306 4924 1320 4959 :
1382 4913 1437 4958 et
1471 4915 1779 4958 creaturam
1813 4900 2007 4956 factam
2045 4897 2212 4953 fuisse
2233 4912 2324 4951 as-

755 4999 1004 5056 severari
1046 5013 1076 5050 a
1138 4997 1310 5051 tribus
1343 4996 1650 5050 divinitatis
1683 4993 2088 5063 hypostasibns,
2119 5001 2172 5046 et
2205 5006 2327 5060 qua

753 5094 1142 5148 discernuntur
1172 5088 1422 5142 similiter
1454 5095 1512 5140 ut
1551 5086 1624 5140 ibi
1655 5085 1853 5154 apponi
1880 5099 1894 5148 ;
1921 5085 2045 5137 hinc
2076 5092 2326 5136 accurata

757 5196 989 5248 veraque
1020 5178 1311 5232 traditione
1347 5175 1645 5230 secundum
1685 5174 2019 5228 exsistentia:
2060 5175 2324 5225 rationem

756 5284 784 5325 ε
817 5269 974 5324 Patre
1002 5286 1097 5340 per
1135 5270 1332 5324 Filium
1381 5269 1810 5336 omnipotentem
1859 5264 2120 5334 Spiritum
2170 5280 2324 5319 crea-

757 5375 1042 5431 turamque
1072 5362 1310 5425 decerni,
1343 5370 1398 5414 et
1441 5361 1581 5413 lianc
1625 5372 1817 5412 rursus
1845 5372 1874 5409 a
1904 5359 2061 5410 Patre
2108 5356 2162 5410 in
2207 5355 2329 5425 Spi-

761 5458 864 5508 ritu
920 5470 1017 5524 per
1059 5453 1295 5508 Filium:
1335 5466 1631 5522 rursusque
1680 5465 1712 5504 a
1773 5449 1932 5503 Patre
1996 5459 2051 5502 et
2079 5449 2217 5502 Filio
2272 5457 2327 5501 et

762 5547 965 5613 Spiritu
997 5558 1190 5602 sancto
1218 5546 1241 5600 ἲ
1272 5545 1415 5611 Quin
1451 5548 1557 5599 imo
1587 5554 1642 5598 et
1673 5543 1887 5614 genitor
1916 5541 2038 5595 Filii
2066 5541 2242 5604 Pater,
2275 5551 2330 5596 et

759 5646 1021 5690 creatura:
1052 5636 1303 5690 conditor
1326 5635 1398 5687 ita
1441 5644 1498 5686 ut
1534 5638 1695 5687 ambo
1729 5647 1757 5685 a
1791 5630 1948 5684 Patre
1989 5641 2327 5694 astruantur,

756 5735 812 5782 el
837 5730 980 5798 quod
1012 5730 1348 5782 discernitur
1387 5741 1729 5794 nequaquam
1763 5727 1830 5778 ab
1873 5727 2040 5791 hisce,
2073 5725 2175 5777 nisi
2209 5735 2327 5778 tan-

761 5835 895 5883 tum.
930 5821 1067 5891 quod
1097 5821 1164 5873 ita
1226 5818 1525 5873 secundum
1584 5816 1954 5870 assistentium
2013 5832 2118 5869 non
2167 5817 2329 5871 sint?

2431 4634 2556 4687 σθαι
2589 4631 2684 4686 τοῦ
2725 4634 2938 4704 Πατρὸς
2975 4635 3070 4687 καὶ
3103 4633 3230 4686 Υίοῦ
3263 4632 3405 4688 κατὰ
3433 4633 3534 4705 τὴν
3563 4633 3729 4687 αὑτοῦ
3760 4639 4011 4706 φυσικὴν

2427 4729 2507 4788 είς
2542 4725 2602 4778 τὸ
2637 4720 2779 4781 εἶναι
2815 4726 3066 4797 πρόοδον,
3095 4726 3195 4796 τὴν
3235 4726 3291 4778 δὲ
3330 4726 3509 4779 κτίσιν
3553 4726 3808 4794 λέγεσθαι
3843 4745 4014 4796 γεγο-

2431 4815 2582 4869 νέναι
2630 4815 2784 4886 παρὰ
2812 4815 2923 4870 τῶν
2968 4815 3136 4886 τριῶν
3184 4818 3287 4886 τῆς
3319 4815 3572 4884 θεότητος
3619 4817 4010 4884 ὑποστάσεων,

2428 4907 2526 4959 καὶ
2556 4906 2627 4959 τὸ
2675 4905 3106 4975 διαστελλόμενα
3157 4906 3383 4976 ὁμοίως,
3421 4906 3497 4970 ὡς
3542 4909 3659 4961 ἐκεῖ
3699 4911 4015 4979 παρατίθε-

2432 4997 2578 5053 σθαι.
2605 4996 2730 5052 ὅθεν
2768 4997 3097 5068 είλικρινοῦς
3146 4998 3504 5068 παραδόσεως
3532 5001 3697 5055 κατὰ
3750 5001 3847 5056 τὸν
3902 5002 4014 5072 τῆς

2430 5087 2718 5158 ὑπάρξεως
2749 5087 2910 5156 λόγον
2935 5088 3086 5157 παρὰ
3126 5087 3342 5157 Πατρδς
3370 5088 3439 5144 δι’
3468 5089 3602 5143 Υίοῦ
3630 5092 3692 5145 τὸ
3721 5093 4013 5157 παναλκὶς

2433 5185 2659 5253 Πνεῦμα
2689 5183 3114 5254 δογματίζεσθαι
3157 5187 3254 5238 καὶ
3280 5185 3382 5255 τὴν
3416 5185 3615 5250 κτίσιν,
3659 5187 3753 5239 καὶ
3796 5189 4012 5257 ταύτην

2431 5276 2597 5330 πάλιν
2625 5276 2778 5346 παρὰ
2811 5277 3021 5345 Πατρὸς
3061 5277 3118 5329 ἐν
3159 5277 3534 5346 Πνεύματι-δι’
3583 5277 3711 5330 Υίοῦ
3735 5293 3748 5308 ⁸
3785 5281 3878 5331 καὶ
3910 5277 4016 5334 αὖ-

2431 5368 2513 5430 θις
2548 5369 2699 5437 παρὰ
2749 5370 2959 5438 Πατρδς
2995 5368 3089 5421 καὶ
3129 5366 3284 5435 Υίοῦ,
3321 5371 3416 5421 καὶ
3455 5371 3614 5437 ἁγίου
3645 5371 4010 5440 Πνεύματοςς

2431 5462 2505 5511 Οὑ
2539 5460 2646 5528 μὴν
2675 5451 2812 5512 ἀλλὰ
2847 5461 2942 5512 καὶ
2985 5461 3265 5530 γεννήτωρ
3303 5461 3332 5511 ὁ
3387 5461 3578 5529 Πατὴρ
3613 5460 3706 5514 τοῦ
3740 5462 3873 5514 Υἱοῦ
3912 5469 4014 5516 καὶ

2430 5551 2531 5620 τῆς
2561 5551 2790 5612 κτίσεως
2836 5550 3088 5622 ποιητὴς,
3134 5552 3210 5608 ὡς
3237 5553 3302 5604 ὲκ
3331 5552 3542 5620 Πατρὸς
3570 5551 3739 5620 ἄμφω
3769 5553 4012 5620 τρανοῦ-

2434 5639 2578 5701 σθαι,
2612 5638 2706 5690 καὶ
2726 5641 2785 5692 τὸ
2826 5640 3235 5710 διακρινόμενον
3269 5640 3489 5700 πάντως
3516 5642 3613 5692 οὐκ
3641 5641 3746 5693 ἀπὸ
3774 5642 4012 5704 τούτων,

2435 5728 2580 5796 ἢότι
2605 5729 2750 5792 ταδὶ,
2794 5731 2868 5799 μὴ
2913 5731 3035 5783 καθ’
3059 5729 3314 5800 ὓπαρξιν.
3364 5730 3474 5782 Καὶ
3518 5729 3615 5798 τῆς
3647 5730 3942 5798 ὁμολογίας
3980 5748 4013 5793 η

2436 5822 2663 5890 κορωνὶς
2701 5820 3017 5885 Ἀθανὰσιος
3056 5825 3110 5875 ἐν
3157 5816 3189 5888 ἦ
3237 5819 3514 5874 ἐκτίθεται
3549 5819 3777 5883 διαλέξει
3822 5822 4008 5888 Ὀρϐυ-
