  <div class='ocr_page' id='page_1' title='image "/cluster/home/n/w/nwhite01/storage/ocr_20150623/141/nnc1.0046979964/750.png"; bbox 0 0 4220 6444; ppageno 0'>
   <div class='ocr_carea' id='block_1_1' title="bbox 350 403 486 468">
    <p class='ocr_par' dir='ltr' id='par_1_1' title="bbox 350 403 486 468">
     <span class='ocr_line' id='line_1_1' title="bbox 350 403 486 468; baseline 0.007 -4"><span class='ocrx_word' id='word_1_1' title='bbox 350 403 486 468; x_wconf 69' lang='grc'><strong>1389</strong></span> 
     </span>
    </p>
   </div>
   <div class='ocr_carea' id='block_1_2' title="bbox 1301 409 2586 473">
    <p class='ocr_par' dir='ltr' id='par_1_2' title="bbox 1301 409 2586 473">
     <span class='ocr_line' id='line_1_2' title="bbox 1301 409 2586 473; baseline 0.005 -7"><span class='ocrx_word' id='word_1_2' title='bbox 1301 409 1600 469; x_wconf 67' lang='lat' dir='ltr'><strong>CONTRA</strong></span> <span class='ocrx_word' id='word_1_3' title='bbox 1643 411 2070 472; x_wconf 71' lang='lat' dir='ltr'><strong>MANUELEM</strong></span> <span class='ocrx_word' id='word_1_4' title='bbox 2112 414 2586 473; x_wconf 63' lang='lat' dir='ltr'><strong>CRETENSET-J.</strong></span> 
     </span>
    </p>
   </div>
   <div class='ocr_carea' id='block_1_3' title="bbox 3453 414 3588 482">
    <p class='ocr_par' dir='ltr' id='par_1_3' title="bbox 3453 414 3588 482">
     <span class='ocr_line' id='line_1_3' title="bbox 3453 414 3588 482; baseline -0.007 -5"><span class='ocrx_word' id='word_1_5' title='bbox 3453 414 3588 482; x_wconf 83' lang='lat'><strong>1390</strong></span> 
     </span>
    </p>
   </div>
   <div class='ocr_carea' id='block_1_4' title="bbox 333 517 1930 594">
    <p class='ocr_par' dir='ltr' id='par_1_4' title="bbox 333 517 1912 594">
     <span class='ocr_line' id='line_1_4' title="bbox 333 517 1912 594; baseline -0.001 -19"><span class='ocrx_word' id='word_1_6' title='bbox 333 521 486 583; x_wconf 75' lang='grc' dir='ltr'>δόξου</span> <span class='ocrx_word' id='word_1_7' title='bbox 539 519 632 573; x_wconf 74' lang='grc' dir='ltr'><strong>καὶ</strong></span> <span class='ocrx_word' id='word_1_8' title='bbox 671 517 975 588; x_wconf 80' lang='grc' dir='ltr'>Ἀνομοίου,</span> <span class='ocrx_word' id='word_1_9' title='bbox 1020 535 1037 567; x_wconf 79' lang='grc' dir='ltr'><strong>ι</strong></span> <span class='ocrx_word' id='word_1_10' title='bbox 1091 517 1267 581; x_wconf 81' lang='grc' dir='ltr'>Αἰτία,</span> <span class='ocrx_word' id='word_1_11' title='bbox 1317 537 1334 569; x_wconf 73' lang='grc' dir='ltr'><strong>ι</strong></span> <span class='ocrx_word' id='word_1_12' title='bbox 1375 522 1562 588; x_wconf 61' lang='grc' dir='ltr'>φησὶν,</span> <span class='ocrx_word' id='word_1_13' title='bbox 1619 541 1638 572; x_wconf 76' lang='grc' dir='ltr'>ι</span> <span class='ocrx_word' id='word_1_14' title='bbox 1692 521 1912 594; x_wconf 75' lang='grc' dir='ltr'>ἕστινή</span> 
     </span>
    </p>
   </div>
   <div class='ocr_carea' id='block_1_5' title="bbox 2006 517 3576 594">
    <p class='ocr_par' dir='ltr' id='par_1_5' title="bbox 2019 521 3576 592">
     <span class='ocr_line' id='line_1_5' title="bbox 2019 521 3576 592; baseline 0.001 -16"><span class='ocrx_word' id='word_1_15' title='bbox 2019 523 2082 577; x_wconf 79' lang='lat' dir='ltr'><strong>Et</strong></span> <span class='ocrx_word' id='word_1_16' title='bbox 2107 523 2474 579; x_wconf 80' lang='lat' dir='ltr'><strong>confessionis</strong></span> <span class='ocrx_word' id='word_1_17' title='bbox 2509 523 2736 592; x_wconf 88' lang='lat' dir='ltr'><strong>hujusce</strong></span> <span class='ocrx_word' id='word_1_18' title='bbox 2774 522 2991 579; x_wconf 87' lang='lat' dir='ltr'><strong>coronis</strong></span> <span class='ocrx_word' id='word_1_19' title='bbox 3031 521 3359 578; x_wconf 76' lang='lat' dir='ltr'><strong>Athanasius</strong></span> <span class='ocrx_word' id='word_1_20' title='bbox 3395 527 3447 579; x_wconf 94' lang='lat' dir='ltr'><strong>in</strong></span> <span class='ocrx_word' id='word_1_21' title='bbox 3474 527 3576 580; x_wconf 82' lang='lat' dir='ltr'><strong>col-</strong></span> 
     </span>
    </p>
   </div>
   <div class='ocr_carea' id='block_1_6' title="bbox 333 608 1909 684">
    <p class='ocr_par' dir='ltr' id='par_1_6' title="bbox 333 608 1909 684">
     <span class='ocr_line' id='line_1_6' title="bbox 333 608 1909 684; baseline 0.002 -20"><span class='ocrx_word' id='word_1_22' title='bbox 333 611 426 664; x_wconf 83' lang='grc' dir='ltr'><strong>τοῦ</strong></span> <span class='ocrx_word' id='word_1_23' title='bbox 458 609 591 663; x_wconf 85' lang='grc' dir='ltr'>Θεοῦ</span> <span class='ocrx_word' id='word_1_24' title='bbox 614 610 775 678; x_wconf 81' lang='grc' dir='ltr'>φύσις</span> <span class='ocrx_word' id='word_1_25' title='bbox 805 609 899 662; x_wconf 80' lang='grc' dir='ltr'>καὶ</span> <span class='ocrx_word' id='word_1_26' title='bbox 926 608 1019 662; x_wconf 87' lang='grc' dir='ltr'><strong>τοῦ</strong></span> <span class='ocrx_word' id='word_1_27' title='bbox 1043 609 1170 662; x_wconf 84' lang='grc' dir='ltr'>Υίοῦ</span> <span class='ocrx_word' id='word_1_28' title='bbox 1199 612 1296 664; x_wconf 76' lang='grc' dir='ltr'>καὶ</span> <span class='ocrx_word' id='word_1_29' title='bbox 1327 611 1421 663; x_wconf 90' lang='grc' dir='ltr'><strong>τοῦ</strong></span> <span class='ocrx_word' id='word_1_30' title='bbox 1464 613 1620 678; x_wconf 80' lang='grc' dir='ltr'>ἁγίου</span> <span class='ocrx_word' id='word_1_31' title='bbox 1652 613 1909 684; x_wconf 69' lang='grc' dir='ltr'>Πνεῦμα-</span> 
     </span>
    </p>
   </div>
   <div class='ocr_carea' id='block_1_7' title="bbox 332 703 1908 772">
    <p class='ocr_par' dir='ltr' id='par_1_7' title="bbox 332 703 1908 772">
     <span class='ocr_line' id='line_1_7' title="bbox 332 703 1908 772; baseline 0.003 -16"><span class='ocrx_word' id='word_1_32' title='bbox 332 721 424 767; x_wconf 85' lang='grc' dir='ltr'><strong>τος</strong></span> <span class='ocrx_word' id='word_1_33' title='bbox 462 703 558 756; x_wconf 84' lang='grc' dir='ltr'>καὶ</span> <span class='ocrx_word' id='word_1_34' title='bbox 601 704 700 772; x_wconf 71' lang='grc' dir='ltr'>τῆς</span> <span class='ocrx_word' id='word_1_35' title='bbox 746 703 977 765; x_wconf 78' lang='grc' dir='ltr'><strong>κτίσεως</strong></span> <span class='ocrx_word' id='word_1_36' title='bbox 1025 703 1263 771; x_wconf 72' lang='grc' dir='ltr'>ἁπάσης.</span> <span class='ocrx_word' id='word_1_37' title='bbox 1305 723 1322 756; x_wconf 75' lang='grc' dir='ltr'>ι</span> <span class='ocrx_word' id='word_1_38' title='bbox 1369 704 1526 757; x_wconf 69' lang='grc' dir='ltr'><strong>Ἀλλὰ</strong></span> <span class='ocrx_word' id='word_1_39' title='bbox 1558 705 1647 759; x_wconf 81' lang='grc' dir='ltr'><strong>τὸν</strong></span> <span class='ocrx_word' id='word_1_40' title='bbox 1682 708 1750 760; x_wconf 76' lang='grc' dir='ltr'>τὰ</span> <span class='ocrx_word' id='word_1_41' title='bbox 1791 706 1908 760; x_wconf 84' lang='grc' dir='ltr'>θεῖα</span> 
     </span>
    </p>
   </div>
   <div class='ocr_carea' id='block_1_8' title="bbox 334 792 1907 864">
    <p class='ocr_par' dir='ltr' id='par_1_8' title="bbox 334 792 1907 864">
     <span class='ocr_line' id='line_1_8' title="bbox 334 792 1907 864; baseline 0.003 -19"><span class='ocrx_word' id='word_1_42' title='bbox 334 795 499 862; x_wconf 71' lang='grc' dir='ltr'>σοφὸν</span> <span class='ocrx_word' id='word_1_43' title='bbox 532 794 754 862; x_wconf 78' lang='grc' dir='ltr'>Νύσσης</span> <span class='ocrx_word' id='word_1_44' title='bbox 775 795 868 845; x_wconf 69' lang='grc' dir='ltr'><strong>ἐπὶ</strong></span> <span class='ocrx_word' id='word_1_45' title='bbox 900 792 994 846; x_wconf 89' lang='grc' dir='ltr'><strong>τοῦ</strong></span> <span class='ocrx_word' id='word_1_46' title='bbox 1029 795 1195 864; x_wconf 82' lang='grc' dir='ltr'>μέσου</span> <span class='ocrx_word' id='word_1_47' title='bbox 1239 796 1654 864; x_wconf 79' lang='grc' dir='ltr'><strong>παραγαγόντες</strong></span> <span class='ocrx_word' id='word_1_48' title='bbox 1677 797 1746 850; x_wconf 80' lang='grc' dir='ltr'><strong>δι’</strong></span> <span class='ocrx_word' id='word_1_49' title='bbox 1776 797 1907 850; x_wconf 87' lang='grc' dir='ltr'>Υἰοῦ</span> 
     </span>
    </p>
   </div>
   <div class='ocr_carea' id='block_1_9' title="bbox 332 882 1908 955">
    <p class='ocr_par' dir='ltr' id='par_1_9' title="bbox 332 882 1908 955">
     <span class='ocr_line' id='line_1_9' title="bbox 332 882 1908 955; baseline 0.004 -21"><span class='ocrx_word' id='word_1_50' title='bbox 332 884 392 935; x_wconf 90' lang='lat'><strong>16</strong></span> <span class='ocrx_word' id='word_1_51' title='bbox 430 882 654 952; x_wconf 79' lang='grc' dir='ltr'><strong>Πνεῦμα</strong></span> <span class='ocrx_word' id='word_1_52' title='bbox 689 883 1046 950; x_wconf 83' lang='grc' dir='ltr'>θεολογοῦντα</span> <span class='ocrx_word' id='word_1_53' title='bbox 1092 885 1234 937; x_wconf 69' lang='grc' dir='ltr'>κατὰ</span> <span class='ocrx_word' id='word_1_54' title='bbox 1283 885 1380 955; x_wconf 78' lang='grc' dir='ltr'>τὴν</span> <span class='ocrx_word' id='word_1_55' title='bbox 1428 889 1505 946; x_wconf 79' lang='grc' dir='ltr'><strong>εἰς</strong></span> <span class='ocrx_word' id='word_1_56' title='bbox 1547 887 1606 939; x_wconf 87' lang='lat'><strong>16</strong></span> <span class='ocrx_word' id='word_1_57' title='bbox 1646 883 1788 941; x_wconf 75' lang='grc' dir='ltr'>εἶναι</span> <span class='ocrx_word' id='word_1_58' title='bbox 1837 888 1908 941; x_wconf 77' lang='grc' dir='ltr'>δι’</span> 
     </span>
    </p>
   </div>
   <div class='ocr_carea' id='block_1_10' title="bbox 331 974 1903 1046">
    <p class='ocr_par' dir='ltr' id='par_1_10' title="bbox 331 974 1903 1046">
     <span class='ocr_line' id='line_1_10' title="bbox 331 974 1903 1046; baseline 0.002 -18"><span class='ocrx_word' id='word_1_59' title='bbox 331 974 501 1028; x_wconf 74' lang='grc' dir='ltr'>αὐτοῦ</span> <span class='ocrx_word' id='word_1_60' title='bbox 549 974 800 1042; x_wconf 76' lang='grc' dir='ltr'><strong>πρόοδον,</strong></span> <span class='ocrx_word' id='word_1_61' title='bbox 836 975 910 1037; x_wconf 82' lang='grc' dir='ltr'>ὡς</span> <span class='ocrx_word' id='word_1_62' title='bbox 938 975 966 1026; x_wconf 90' lang='lat'><strong>6</strong></span> <span class='ocrx_word' id='word_1_63' title='bbox 1000 975 1346 1046; x_wconf 78' lang='grc' dir='ltr'>αὐοόμαιμος</span> <span class='ocrx_word' id='word_1_64' title='bbox 1377 977 1565 1031; x_wconf 76' lang='grc' dir='ltr'>τούτου</span> <span class='ocrx_word' id='word_1_65' title='bbox 1611 979 1903 1043; x_wconf 81' lang='grc' dir='ltr'><strong>δέδεικται,</strong></span> 
     </span>
    </p>
   </div>
   <div class='ocr_carea' id='block_1_11' title="bbox 331 1066 1906 1140">
    <p class='ocr_par' dir='ltr' id='par_1_11' title="bbox 331 1066 1906 1140">
     <span class='ocr_line' id='line_1_11' title="bbox 331 1066 1906 1140; baseline 0.005 -22"><span class='ocrx_word' id='word_1_66' title='bbox 331 1067 474 1118; x_wconf 83' lang='grc' dir='ltr'>κατὰ</span> <span class='ocrx_word' id='word_1_67' title='bbox 502 1066 593 1118; x_wconf 80' lang='grc' dir='ltr'><strong>τὸν</strong></span> <span class='ocrx_word' id='word_1_68' title='bbox 619 1067 786 1120; x_wconf 73' lang='grc' dir='ltr'>αὑτὸν</span> <span class='ocrx_word' id='word_1_69' title='bbox 823 1067 948 1120; x_wconf 91' lang='grc' dir='ltr'>νοῦν</span> <span class='ocrx_word' id='word_1_70' title='bbox 976 1069 1214 1137; x_wconf 84' lang='grc' dir='ltr'>ἑκάτερα</span> <span class='ocrx_word' id='word_1_71' title='bbox 1252 1070 1597 1140; x_wconf 74' lang='grc' dir='ltr'><strong>δογματίζων</strong></span> <span class='ocrx_word' id='word_1_72' title='bbox 1633 1093 1653 1124; x_wconf 78' lang='grc' dir='ltr'><strong>ι</strong></span> <span class='ocrx_word' id='word_1_73' title='bbox 1689 1071 1747 1136; x_wconf 78' lang='grc' dir='ltr'><strong>ἐξ</strong></span> <span class='ocrx_word' id='word_1_74' title='bbox 1778 1074 1906 1126; x_wconf 85' lang='grc' dir='ltr'>Υἱοῦ</span> 
     </span>
    </p>
   </div>
   <div class='ocr_carea' id='block_1_12' title="bbox 331 1157 1909 1233">
    <p class='ocr_par' dir='ltr' id='par_1_12' title="bbox 331 1157 1909 1233">
     <span class='ocr_line' id='line_1_12' title="bbox 331 1157 1909 1233; baseline 0.005 -24"><span class='ocrx_word' id='word_1_75' title='bbox 331 1174 389 1209; x_wconf 88' lang='grc' dir='ltr'><strong>τε</strong></span> <span class='ocrx_word' id='word_1_76' title='bbox 429 1157 526 1210; x_wconf 77' lang='grc' dir='ltr'>καὶ</span> <span class='ocrx_word' id='word_1_77' title='bbox 552 1158 619 1211; x_wconf 81' lang='grc' dir='ltr'><strong>δι’</strong></span> <span class='ocrx_word' id='word_1_78' title='bbox 645 1158 797 1222; x_wconf 84' lang='grc' dir='ltr'>Υίοῦ,</span> <span class='ocrx_word' id='word_1_79' title='bbox 834 1177 853 1211; x_wconf 73' lang='grc' dir='ltr'><strong>ι</strong></span> <span class='ocrx_word' id='word_1_80' title='bbox 881 1158 974 1211; x_wconf 76' lang='grc' dir='ltr'>καὶ</span> <span class='ocrx_word' id='word_1_81' title='bbox 1004 1159 1101 1230; x_wconf 79' lang='grc' dir='ltr'>τὴν</span> <span class='ocrx_word' id='word_1_82' title='bbox 1125 1161 1311 1229; x_wconf 78' lang='grc' dir='ltr'>μόνος</span> <span class='ocrx_word' id='word_1_83' title='bbox 1341 1162 1524 1232; x_wconf 78' lang='grc' dir='ltr'>φωνὴν</span> <span class='ocrx_word' id='word_1_84' title='bbox 1551 1166 1909 1233; x_wconf 61' lang='grc' dir='ltr'>ςπαριστάνων</span> 
     </span>
    </p>
   </div>
   <div class='ocr_carea' id='block_1_13' title="bbox 331 1227 1908 1328">
    <p class='ocr_par' dir='ltr' id='par_1_13' title="bbox 331 1227 1908 1328">
     <span class='ocr_line' id='line_1_13' title="bbox 331 1227 1908 1328; baseline 0.006 -24"><span class='ocrx_word' id='word_1_85' title='bbox 331 1255 423 1305; x_wconf 73' lang='grc' dir='ltr'><strong>ἐπὶ</strong></span> <span class='ocrx_word' id='word_1_86' title='bbox 458 1255 549 1306; x_wconf 89' lang='grc' dir='ltr'><strong>τοῦ</strong></span> <span class='ocrx_word' id='word_1_87' title='bbox 586 1254 802 1325; x_wconf 83' lang='grc' dir='ltr'>Πατρὸς</span> <span class='ocrx_word' id='word_1_88' title='bbox 832 1227 1277 1326; x_wconf 75' lang='grc' dir='ltr'>λαμϐανομένην.</span> <span class='ocrx_word' id='word_1_89' title='bbox 1329 1227 1497 1326; x_wconf 80' lang='grc' dir='ltr'>μηδὲν</span> <span class='ocrx_word' id='word_1_90' title='bbox 1530 1227 1780 1328; x_wconf 59' lang='grc' dir='ltr'>έμττοδὼν</span> <span class='ocrx_word' id='word_1_91' title='bbox 1819 1257 1908 1312; x_wconf 76' lang='grc' dir='ltr'><strong>οὗ·</strong></span> 
     </span>
    </p>
   </div>
   <div class='ocr_carea' id='block_1_14' title="bbox 333 1347 1906 1421">
    <p class='ocr_par' dir='ltr' id='par_1_14' title="bbox 333 1347 1906 1421">
     <span class='ocr_line' id='line_1_14' title="bbox 333 1347 1906 1421; baseline 0.005 -25"><span class='ocrx_word' id='word_1_92' title='bbox 333 1362 432 1396; x_wconf 79' lang='grc' dir='ltr'><strong>σαν</strong></span> <span class='ocrx_word' id='word_1_93' title='bbox 485 1349 621 1416; x_wconf 70' lang='grc' dir='ltr'>πρὸς</span> <span class='ocrx_word' id='word_1_94' title='bbox 664 1347 724 1398; x_wconf 80' lang='lat'><strong>16</strong></span> <span class='ocrx_word' id='word_1_95' title='bbox 768 1348 863 1399; x_wconf 78' lang='grc' dir='ltr'><strong>καὶ</strong></span> <span class='ocrx_word' id='word_1_96' title='bbox 908 1347 1077 1416; x_wconf 77' lang='grc' dir='ltr'>ἄμφω</span> <span class='ocrx_word' id='word_1_97' title='bbox 1124 1349 1491 1416; x_wconf 76' lang='grc' dir='ltr'>κηρύττεσθαι</span> <span class='ocrx_word' id='word_1_98' title='bbox 1546 1352 1906 1421; x_wconf 78' lang='grc' dir='ltr'>καταλλήλοις</span> 
     </span>
    </p>
   </div>
   <div class='ocr_carea' id='block_1_15' title="bbox 331 1436 1905 1511">
    <p class='ocr_par' dir='ltr' id='par_1_15' title="bbox 331 1436 1905 1511">
     <span class='ocr_line' id='line_1_15' title="bbox 331 1436 1905 1511; baseline 0.006 -25"><span class='ocrx_word' id='word_1_99' title='bbox 331 1436 561 1498; x_wconf 70' lang='grc' dir='ltr'>ἐννοίαις</span> <span class='ocrx_word' id='word_1_100' title='bbox 596 1437 688 1489; x_wconf 84' lang='grc' dir='ltr'><strong>ὲπί</strong></span> <span class='ocrx_word' id='word_1_101' title='bbox 718 1453 778 1489; x_wconf 85' lang='grc' dir='ltr'><strong>τε</strong></span> <span class='ocrx_word' id='word_1_102' title='bbox 813 1438 914 1506; x_wconf 84' lang='grc' dir='ltr'>τῆς</span> <span class='ocrx_word' id='word_1_103' title='bbox 957 1438 1258 1504; x_wconf 83' lang='grc' dir='ltr'>Θεολογίας,</span> <span class='ocrx_word' id='word_1_104' title='bbox 1313 1442 1402 1492; x_wconf 66' lang='grc' dir='ltr'>ἐπί</span> <span class='ocrx_word' id='word_1_105' title='bbox 1430 1457 1489 1493; x_wconf 88' lang='grc' dir='ltr'><strong>τε</strong></span> <span class='ocrx_word' id='word_1_106' title='bbox 1520 1442 1618 1511; x_wconf 85' lang='grc' dir='ltr'><strong>τῆς</strong></span> <span class='ocrx_word' id='word_1_107' title='bbox 1651 1445 1905 1506; x_wconf 84' lang='grc' dir='ltr'>κτίσεως,</span> 
     </span>
    </p>
   </div>
   <div class='ocr_carea' id='block_1_16' title="bbox 331 1527 1906 1597">
    <p class='ocr_par' dir='ltr' id='par_1_16' title="bbox 331 1527 1906 1597">
     <span class='ocr_line' id='line_1_16' title="bbox 331 1527 1906 1597; baseline 0.005 -19"><span class='ocrx_word' id='word_1_108' title='bbox 331 1527 420 1578; x_wconf 81' lang='lat' dir='ltr'><em>16v</em></span> <span class='ocrx_word' id='word_1_109' title='bbox 462 1528 624 1580; x_wconf 67' lang='grc' dir='ltr'>αὐτὸν</span> <span class='ocrx_word' id='word_1_110' title='bbox 660 1528 884 1597; x_wconf 83' lang='grc' dir='ltr'>Νύσσης</span> <span class='ocrx_word' id='word_1_111' title='bbox 939 1529 1120 1597; x_wconf 68' lang='grc' dir='ltr'>χρεὼν</span> <span class='ocrx_word' id='word_1_112' title='bbox 1171 1532 1315 1583; x_wconf 71' lang='grc' dir='ltr'>κατα</span> <span class='ocrx_word' id='word_1_113' title='bbox 1363 1533 1425 1584; x_wconf 82' lang='grc' dir='ltr'><strong>τδ</strong></span> <span class='ocrx_word' id='word_1_114' title='bbox 1458 1534 1751 1587; x_wconf 78' lang='grc' dir='ltr'>ἀκόλουθον</span> <span class='ocrx_word' id='word_1_115' title='bbox 1811 1537 1906 1588; x_wconf 92' lang='grc' dir='ltr'>νῦν</span> 
     </span>
    </p>
   </div>
   <div class='ocr_carea' id='block_1_17' title="bbox 331 1620 1907 1696">
    <p class='ocr_par' dir='ltr' id='par_1_17' title="bbox 331 1620 1907 1696">
     <span class='ocr_line' id='line_1_17' title="bbox 331 1620 1907 1696; baseline 0.007 -25"><span class='ocrx_word' id='word_1_116' title='bbox 331 1620 634 1687; x_wconf 78' lang='grc' dir='ltr'>προθεῖναι,</span> <span class='ocrx_word' id='word_1_117' title='bbox 668 1640 687 1672; x_wconf 82' lang='grc' dir='ltr'>ι</span> <span class='ocrx_word' id='word_1_118' title='bbox 717 1621 812 1673; x_wconf 76' lang='grc' dir='ltr'>καὶ</span> <span class='ocrx_word' id='word_1_119' title='bbox 841 1624 904 1674; x_wconf 76' lang='grc' dir='ltr'>ὲκ</span> <span class='ocrx_word' id='word_1_120' title='bbox 922 1623 1016 1676; x_wconf 91' lang='grc' dir='ltr'><strong>τοῦ</strong></span> <span class='ocrx_word' id='word_1_121' title='bbox 1045 1624 1176 1677; x_wconf 84' lang='grc' dir='ltr'>Υἰοῦ</span> <span class='ocrx_word' id='word_1_122' title='bbox 1205 1643 1222 1674; x_wconf 74' lang='grc' dir='ltr'>ι</span> <span class='ocrx_word' id='word_1_123' title='bbox 1249 1626 1640 1696; x_wconf 81' lang='grc' dir='ltr'>μεγαληγόρως</span> <span class='ocrx_word' id='word_1_124' title='bbox 1670 1629 1907 1696; x_wconf 75' lang='grc' dir='ltr'>φθεγγό-</span> 
     </span>
    </p>
   </div>
   <div class='ocr_carea' id='block_1_18' title="bbox 331 1713 1909 1787">
    <p class='ocr_par' dir='ltr' id='par_1_18' title="bbox 331 1713 1909 1787">
     <span class='ocr_line' id='line_1_18' title="bbox 331 1713 1909 1787; baseline 0.008 -28"><span class='ocrx_word' id='word_1_125' title='bbox 331 1727 513 1777; x_wconf 66' lang='grc' dir='ltr'>μενον.</span> <span class='ocrx_word' id='word_1_126' title='bbox 564 1713 683 1763; x_wconf 81' lang='grc' dir='ltr'><strong>Ἐπ’·</strong></span> <span class='ocrx_word' id='word_1_127' title='bbox 728 1717 912 1782; x_wconf 84' lang='grc' dir='ltr'>μέντοι</span> <span class='ocrx_word' id='word_1_128' title='bbox 942 1715 1042 1783; x_wconf 74' lang='grc' dir='ltr'>τῆς</span> <span class='ocrx_word' id='word_1_129' title='bbox 1074 1714 1437 1785; x_wconf 78' lang='grc' dir='ltr'><strong>δημιουργίας</strong></span> <span class='ocrx_word' id='word_1_130' title='bbox 1480 1720 1545 1770; x_wconf 83' lang='grc' dir='ltr'>ἐκ</span> <span class='ocrx_word' id='word_1_131' title='bbox 1586 1719 1696 1772; x_wconf 88' lang='grc' dir='ltr'><strong>τῶν</strong></span> <span class='ocrx_word' id='word_1_132' title='bbox 1743 1738 1909 1787; x_wconf 89' lang='grc' dir='ltr'>προσ-</span> 
     </span>
    </p>
   </div>
   <div class='ocr_carea' id='block_1_19' title="bbox 331 1803 1904 1882">
    <p class='ocr_par' dir='ltr' id='par_1_19' title="bbox 331 1803 1904 1882">
     <span class='ocr_line' id='line_1_19' title="bbox 331 1803 1904 1882; baseline 0.008 -28"><span class='ocrx_word' id='word_1_133' title='bbox 331 1803 470 1868; x_wconf 73' lang='grc' dir='ltr'>εχῶς</span> <span class='ocrx_word' id='word_1_134' title='bbox 503 1804 872 1874; x_wconf 74' lang='grc' dir='ltr'><strong>ὡμολόγηται,</strong></span> <span class='ocrx_word' id='word_1_135' title='bbox 903 1807 992 1857; x_wconf 73' lang='grc' dir='ltr'><strong>ἐπὶ</strong></span> <span class='ocrx_word' id='word_1_136' title='bbox 1026 1807 1082 1858; x_wconf 77' lang='grc' dir='ltr'>δὲ</span> <span class='ocrx_word' id='word_1_137' title='bbox 1116 1808 1209 1861; x_wconf 89' lang='grc' dir='ltr'><strong>τοῦ</strong></span> <span class='ocrx_word' id='word_1_138' title='bbox 1242 1809 1390 1862; x_wconf 83' lang='grc' dir='ltr'>Θείου</span> <span class='ocrx_word' id='word_1_139' title='bbox 1429 1811 1522 1864; x_wconf 78' lang='grc' dir='ltr'>καὶ</span> <span class='ocrx_word' id='word_1_140' title='bbox 1553 1812 1904 1882; x_wconf 81' lang='grc' dir='ltr'>ὑπεραγάθου</span> 
     </span>
    </p>
   </div>
   <div class='ocr_carea' id='block_1_20' title="bbox 330 1894 1904 1976">
    <p class='ocr_par' dir='ltr' id='par_1_20' title="bbox 330 1894 1904 1976">
     <span class='ocr_line' id='line_1_20' title="bbox 330 1894 1904 1976; baseline 0.009 -34"><span class='ocrx_word' id='word_1_141' title='bbox 330 1894 644 1962; x_wconf 74' lang='grc' dir='ltr'>Ιίνεύματος</span> <span class='ocrx_word' id='word_1_142' title='bbox 674 1895 733 1948; x_wconf 83' lang='grc' dir='ltr'><strong>ὲν</strong></span> <span class='ocrx_word' id='word_1_143' title='bbox 760 1899 824 1966; x_wconf 77' lang='grc' dir='ltr'>τῇ</span> <span class='ocrx_word' id='word_1_144' title='bbox 862 1899 943 1961; x_wconf 82' lang='grc' dir='ltr'><strong>εἰς</strong></span> <span class='ocrx_word' id='word_1_145' title='bbox 970 1899 1028 1951; x_wconf 89' lang='lat'><strong>16</strong></span> <span class='ocrx_word' id='word_1_146' title='bbox 1062 1901 1245 1968; x_wconf 84' lang='grc' dir='ltr'>Πάτερ</span> <span class='ocrx_word' id='word_1_147' title='bbox 1277 1900 1434 1971; x_wconf 78' lang='grc' dir='ltr'>ἡμῶν</span> <span class='ocrx_word' id='word_1_148' title='bbox 1458 1903 1644 1971; x_wconf 75' lang='grc' dir='ltr'>ὁμιλίᾳ</span> <span class='ocrx_word' id='word_1_149' title='bbox 1673 1904 1904 1976; x_wconf 76' lang='grc' dir='ltr'>διαρρή-</span> 
     </span>
    </p>
   </div>
   <div class='ocr_carea' id='block_1_21' title="bbox 329 1985 1902 2066">
    <p class='ocr_par' dir='ltr' id='par_1_21' title="bbox 329 1985 1902 2066">
     <span class='ocr_line' id='line_1_21' title="bbox 329 1985 1902 2066; baseline 0.01 -30"><span class='ocrx_word' id='word_1_150' title='bbox 329 1986 423 2052; x_wconf 74' lang='grc' dir='ltr'><strong>δην</strong></span> <span class='ocrx_word' id='word_1_151' title='bbox 443 1985 590 2038; x_wconf 74' lang='grc' dir='ltr'>οὕτω</span> <span class='ocrx_word' id='word_1_152' title='bbox 621 1988 867 2054; x_wconf 75' lang='grc' dir='ltr'>θεολογεί</span> <span class='ocrx_word' id='word_1_153' title='bbox 887 2004 900 2019; x_wconf 87' lang='grc'><strong>·</strong></span> <span class='ocrx_word' id='word_1_154' title='bbox 939 2008 957 2041; x_wconf 83' lang='grc' dir='ltr'><strong>ι</strong></span> <span class='ocrx_word' id='word_1_155' title='bbox 1004 1990 1060 2044; x_wconf 84' lang='grc' dir='ltr'>Ὀ</span> <span class='ocrx_word' id='word_1_156' title='bbox 1083 1993 1189 2061; x_wconf 84' lang='grc' dir='ltr'>γὰρ</span> <span class='ocrx_word' id='word_1_157' title='bbox 1227 1995 1524 2066; x_wconf 82' lang='grc' dir='ltr'>μονογενὴς</span> <span class='ocrx_word' id='word_1_158' title='bbox 1556 1997 1682 2060; x_wconf 78' lang='grc' dir='ltr'>Υἱὸς</span> <span class='ocrx_word' id='word_1_159' title='bbox 1713 1998 1776 2049; x_wconf 78' lang='grc' dir='ltr'>ὲκ</span> <span class='ocrx_word' id='word_1_160' title='bbox 1807 1998 1902 2051; x_wconf 88' lang='grc' dir='ltr'><strong>τοῦ</strong></span> 
     </span>
    </p>
   </div>
   <div class='ocr_carea' id='block_1_22' title="bbox 331 2078 1903 2158">
    <p class='ocr_par' dir='ltr' id='par_1_22' title="bbox 331 2078 1903 2158">
     <span class='ocr_line' id='line_1_22' title="bbox 331 2078 1903 2158; baseline 0.01 -29"><span class='ocrx_word' id='word_1_161' title='bbox 331 2078 549 2148; x_wconf 80' lang='grc' dir='ltr'>Πατρὸς</span> <span class='ocrx_word' id='word_1_162' title='bbox 601 2081 753 2150; x_wconf 79' lang='grc' dir='ltr'>παρὰ</span> <span class='ocrx_word' id='word_1_163' title='bbox 805 2083 922 2150; x_wconf 79' lang='grc' dir='ltr'>τῆς</span> <span class='ocrx_word' id='word_1_164' title='bbox 954 2082 1108 2148; x_wconf 83' lang='grc' dir='ltr'>Θείας</span> <span class='ocrx_word' id='word_1_165' title='bbox 1151 2084 1379 2157; x_wconf 60' lang='grc' dir='ltr'><strong>Γμφῆς</strong></span> <span class='ocrx_word' id='word_1_166' title='bbox 1424 2089 1774 2158; x_wconf 73' lang='grc' dir='ltr'>ὀνομάζεται,</span> <span class='ocrx_word' id='word_1_167' title='bbox 1810 2093 1903 2144; x_wconf 74' lang='grc' dir='ltr'>καὶ</span> 
     </span>
    </p>
   </div>
   <div class='ocr_carea' id='block_1_23' title="bbox 331 2169 1904 2252">
    <p class='ocr_par' dir='ltr' id='par_1_23' title="bbox 331 2169 1904 2252">
     <span class='ocr_line' id='line_1_23' title="bbox 331 2169 1904 2252; baseline 0.013 -35"><span class='ocrx_word' id='word_1_168' title='bbox 331 2169 494 2238; x_wconf 78' lang='grc' dir='ltr'>μέχρι</span> <span class='ocrx_word' id='word_1_169' title='bbox 524 2170 716 2224; x_wconf 80' lang='grc' dir='ltr'>τούτου</span> <span class='ocrx_word' id='word_1_170' title='bbox 755 2175 781 2224; x_wconf 97' lang='lat'><strong>6</strong></span> <span class='ocrx_word' id='word_1_171' title='bbox 811 2174 967 2239; x_wconf 72' lang='grc' dir='ltr'>λόγος</span> <span class='ocrx_word' id='word_1_172' title='bbox 1002 2176 1221 2245; x_wconf 77' lang='grc' dir='ltr'><strong>ἵστησιν</strong></span> <span class='ocrx_word' id='word_1_173' title='bbox 1245 2180 1394 2250; x_wconf 83' lang='grc' dir='ltr'>αὑτῷ</span> <span class='ocrx_word' id='word_1_174' title='bbox 1415 2181 1476 2233; x_wconf 91' lang='lat'><strong>16</strong></span> <span class='ocrx_word' id='word_1_175' title='bbox 1510 2181 1728 2252; x_wconf 78' lang='grc' dir='ltr'>ἰδίωμα,</span> <span class='ocrx_word' id='word_1_176' title='bbox 1757 2184 1819 2236; x_wconf 72' lang='lat'><em>15</em></span> <span class='ocrx_word' id='word_1_177' title='bbox 1846 2185 1904 2237; x_wconf 71' lang='grc' dir='ltr'>δὲ</span> 
     </span>
    </p>
   </div>
   <div class='ocr_carea' id='block_1_24' title="bbox 331 2260 1902 2341">
    <p class='ocr_par' dir='ltr' id='par_1_24' title="bbox 331 2260 1902 2341">
     <span class='ocr_line' id='line_1_24' title="bbox 331 2260 1902 2341; baseline 0.011 -30"><span class='ocrx_word' id='word_1_178' title='bbox 331 2260 488 2326; x_wconf 78' lang='grc' dir='ltr'>ᾶγιον</span> <span class='ocrx_word' id='word_1_179' title='bbox 520 2262 746 2330; x_wconf 80' lang='grc' dir='ltr'>Πνεῦμα</span> <span class='ocrx_word' id='word_1_180' title='bbox 788 2266 880 2316; x_wconf 77' lang='grc' dir='ltr'><strong>καὶ</strong></span> <span class='ocrx_word' id='word_1_181' title='bbox 934 2267 997 2318; x_wconf 82' lang='grc' dir='ltr'>ὲκ</span> <span class='ocrx_word' id='word_1_182' title='bbox 1044 2268 1140 2320; x_wconf 88' lang='grc' dir='ltr'><strong>τοῦ</strong></span> <span class='ocrx_word' id='word_1_183' title='bbox 1189 2272 1400 2341; x_wconf 78' lang='grc' dir='ltr'>Πατρδς</span> <span class='ocrx_word' id='word_1_184' title='bbox 1435 2273 1679 2341; x_wconf 78' lang='grc' dir='ltr'>λέγεται,</span> <span class='ocrx_word' id='word_1_185' title='bbox 1710 2278 1805 2328; x_wconf 70' lang='grc' dir='ltr'>καὶ</span> <span class='ocrx_word' id='word_1_186' title='bbox 1840 2277 1902 2329; x_wconf 81' lang='grc' dir='ltr'>ὲκ</span> 
     </span>
    </p>
   </div>
   <div class='ocr_carea' id='block_1_25' title="bbox 331 2350 1903 2436">
    <p class='ocr_par' dir='ltr' id='par_1_25' title="bbox 331 2350 1903 2436">
     <span class='ocr_line' id='line_1_25' title="bbox 331 2350 1903 2436; baseline 0.011 -33"><span class='ocrx_word' id='word_1_187' title='bbox 331 2353 422 2403; x_wconf 68' lang='grc' dir='ltr'><strong>τοῦ</strong></span> <span class='ocrx_word' id='word_1_188' title='bbox 451 2353 578 2406; x_wconf 87' lang='grc' dir='ltr'>Υἱοῦ</span> <span class='ocrx_word' id='word_1_189' title='bbox 607 2350 748 2407; x_wconf 77' lang='grc' dir='ltr'>εἶναι</span> <span class='ocrx_word' id='word_1_190' title='bbox 769 2364 1299 2430; x_wconf 75' lang='grc' dir='ltr'>προσμαρτυρεῑται.</span> <span class='ocrx_word' id='word_1_191' title='bbox 1327 2365 1394 2416; x_wconf 84' lang='lat' dir='ltr'><strong>EI</strong></span> <span class='ocrx_word' id='word_1_192' title='bbox 1417 2364 1523 2433; x_wconf 70' lang='grc' dir='ltr'><strong>γάρ</strong></span> <span class='ocrx_word' id='word_1_193' title='bbox 1543 2382 1628 2432; x_wconf 81' lang='grc' dir='ltr'>τις</span> <span class='ocrx_word' id='word_1_194' title='bbox 1663 2367 1903 2436; x_wconf 74' lang='grc' dir='ltr'>Πνεῦιά</span> 
     </span>
    </p>
   </div>
   <div class='ocr_carea' id='block_1_26' title="bbox 332 2447 1900 2521">
    <p class='ocr_par' dir='ltr' id='par_1_26' title="bbox 332 2447 1900 2521">
     <span class='ocr_line' id='line_1_26' title="bbox 332 2447 1900 2521; baseline 0.01 -24"><span class='ocrx_word' id='word_1_195' title='bbox 332 2447 587 2510; x_wconf 72' lang='grc' dir='ltr'>Χμστιῦ</span> <span class='ocrx_word' id='word_1_196' title='bbox 621 2450 733 2501; x_wconf 80' lang='grc' dir='ltr'><strong>οὐκ</strong></span> <span class='ocrx_word' id='word_1_197' title='bbox 781 2449 922 2518; x_wconf 81' lang='grc' dir='ltr'>ἔχει,</span> <span class='ocrx_word' id='word_1_198' title='bbox 979 2457 1164 2521; x_wconf 60' lang='grc' dir='ltr'>φησὲν,</span> <span class='ocrx_word' id='word_1_199' title='bbox 1198 2451 1371 2520; x_wconf 76' lang='grc' dir='ltr'>οὗτος</span> <span class='ocrx_word' id='word_1_200' title='bbox 1426 2460 1535 2511; x_wconf 79' lang='grc' dir='ltr'>οὐκ</span> <span class='ocrx_word' id='word_1_201' title='bbox 1587 2459 1759 2512; x_wconf 74' lang='grc' dir='ltr'>ἔστιν</span> <span class='ocrx_word' id='word_1_202' title='bbox 1801 2463 1900 2513; x_wconf 79' lang='grc' dir='ltr'><strong>αὺ-</strong></span> 
     </span>
    </p>
   </div>
   <div class='ocr_carea' id='block_1_27' title="bbox 332 2554 498 2591">
    <p class='ocr_par' dir='ltr' id='par_1_27' title="bbox 332 2554 498 2591">
     <span class='ocr_line' id='line_1_27' title="bbox 332 2554 498 2591; baseline 0 -1"><span class='ocrx_word' id='word_1_203' title='bbox 332 2554 457 2591; x_wconf 78' lang='grc' dir='ltr'>του.</span> <span class='ocrx_word' id='word_1_204' title='bbox 482 2560 498 2590; x_wconf 77' lang='grc' dir='ltr'><strong>Ι</strong></span> 
     </span>
    </p>
   </div>
   <div class='ocr_carea' id='block_1_28' title="bbox 402 2719 1903 2811">
    <p class='ocr_par' dir='ltr' id='par_1_28' title="bbox 402 2719 1903 2811">
     <span class='ocr_line' id='line_1_28' title="bbox 402 2719 1903 2811; baseline 0.01 -38"><span class='ocrx_word' id='word_1_205' title='bbox 402 2719 498 2774; x_wconf 65' lang='grc' dir='ltr'>κεί.</span> <span class='ocrx_word' id='word_1_206' title='bbox 545 2727 693 2811; x_wconf 64' lang='lat' dir='ltr'><strong>&quot;Amo</strong></span> <span class='ocrx_word' id='word_1_207' title='bbox 728 2727 794 2778; x_wconf 70' lang='grc' dir='ltr'>τὰ</span> <span class='ocrx_word' id='word_1_208' title='bbox 835 2723 998 2796; x_wconf 82' lang='grc' dir='ltr'>τῆσδε</span> <span class='ocrx_word' id='word_1_209' title='bbox 1034 2730 1246 2799; x_wconf 75' lang='grc' dir='ltr'>ῥήσεως</span> <span class='ocrx_word' id='word_1_210' title='bbox 1291 2728 1660 2797; x_wconf 72' lang='grc' dir='ltr'>ἐξεταστικῶς</span> <span class='ocrx_word' id='word_1_211' title='bbox 1705 2734 1903 2788; x_wconf 83' lang='grc' dir='ltr'>τεθεω-</span> 
     </span>
    </p>
   </div>
   <div class='ocr_carea' id='block_1_29' title="bbox 334 2818 1905 2894">
    <p class='ocr_par' dir='ltr' id='par_1_29' title="bbox 334 2818 1905 2894">
     <span class='ocr_line' id='line_1_29' title="bbox 334 2818 1905 2894; baseline 0.013 -32"><span class='ocrx_word' id='word_1_212' title='bbox 334 2831 438 2882; x_wconf 63' lang='grc' dir='ltr'><strong>ρηι</strong></span> <span class='ocrx_word' id='word_1_213' title='bbox 459 2818 584 2878; x_wconf 64' lang='grc' dir='ltr'>ξτες,</span> <span class='ocrx_word' id='word_1_214' title='bbox 632 2819 726 2869; x_wconf 75' lang='grc' dir='ltr'>νίν</span> <span class='ocrx_word' id='word_1_215' title='bbox 754 2820 954 2887; x_wconf 78' lang='grc' dir='ltr'>ἑτέρως</span> <span class='ocrx_word' id='word_1_216' title='bbox 985 2821 1122 2873; x_wconf 77' lang='grc' dir='ltr'>αὐτὰ</span> <span class='ocrx_word' id='word_1_217' title='bbox 1155 2826 1588 2894; x_wconf 76' lang='grc' dir='ltr'>κατοπτεύομεν,</span> <span class='ocrx_word' id='word_1_218' title='bbox 1648 2829 1769 2880; x_wconf 71' lang='grc' dir='ltr'>ἐπεὶ</span> <span class='ocrx_word' id='word_1_219' title='bbox 1793 2830 1905 2882; x_wconf 85' lang='grc' dir='ltr'>δια-</span> 
     </span>
    </p>
   </div>
   <div class='ocr_carea' id='block_1_30' title="bbox 331 2907 1904 2990">
    <p class='ocr_par' dir='ltr' id='par_1_30' title="bbox 331 2907 1904 2990">
     <span class='ocr_line' id='line_1_30' title="bbox 331 2907 1904 2990; baseline 0.011 -33"><span class='ocrx_word' id='word_1_220' title='bbox 331 2907 517 2975; x_wconf 52' lang='grc' dir='ltr'>φόροις</span> <span class='ocrx_word' id='word_1_221' title='bbox 562 2910 617 2959; x_wconf 80' lang='grc' dir='ltr'><strong>ἐν</strong></span> <span class='ocrx_word' id='word_1_222' title='bbox 647 2909 925 2979; x_wconf 73' lang='grc' dir='ltr'><strong>ζητήμασι</strong></span> <span class='ocrx_word' id='word_1_223' title='bbox 955 2913 1021 2965; x_wconf 84' lang='grc' dir='ltr'>τὰ</span> <span class='ocrx_word' id='word_1_224' title='bbox 1063 2913 1183 2965; x_wconf 90' lang='grc' dir='ltr'>θεῖα</span> <span class='ocrx_word' id='word_1_225' title='bbox 1209 2915 1318 2968; x_wconf 88' lang='grc' dir='ltr'><strong>τῶν</strong></span> <span class='ocrx_word' id='word_1_226' title='bbox 1345 2917 1627 2987; x_wconf 86' lang='grc' dir='ltr'>οεηγόρων</span> <span class='ocrx_word' id='word_1_227' title='bbox 1655 2919 1761 2990; x_wconf 77' lang='grc' dir='ltr'>ἔπη</span> <span class='ocrx_word' id='word_1_228' title='bbox 1787 2922 1904 2974; x_wconf 76' lang='grc' dir='ltr'><strong>δια⁴</strong></span> 
     </span>
    </p>
   </div>
   <div class='ocr_carea' id='block_1_31' title="bbox 333 3000 1904 3081">
    <p class='ocr_par' dir='ltr' id='par_1_31' title="bbox 333 3000 1904 3081">
     <span class='ocr_line' id='line_1_31' title="bbox 333 3000 1904 3081; baseline 0.013 -34"><span class='ocrx_word' id='word_1_229' title='bbox 333 3000 517 3067; x_wconf 78' lang='grc' dir='ltr'>φόρως</span> <span class='ocrx_word' id='word_1_230' title='bbox 559 3001 624 3052; x_wconf 77' lang='grc' dir='ltr'>τὰ</span> <span class='ocrx_word' id='word_1_231' title='bbox 671 3002 768 3070; x_wconf 85' lang='grc' dir='ltr'>τῆς</span> <span class='ocrx_word' id='word_1_232' title='bbox 811 3002 1070 3070; x_wconf 76' lang='grc' dir='ltr'>ἀληθείας</span> <span class='ocrx_word' id='word_1_233' title='bbox 1117 3006 1470 3073; x_wconf 76' lang='grc' dir='ltr'>αὑγάζουσιν.</span> <span class='ocrx_word' id='word_1_234' title='bbox 1506 3011 1627 3064; x_wconf 82' lang='grc' dir='ltr'>Ὀτι</span> <span class='ocrx_word' id='word_1_235' title='bbox 1672 3014 1774 3081; x_wconf 79' lang='grc' dir='ltr'><strong>μὲν</strong></span> <span class='ocrx_word' id='word_1_236' title='bbox 1811 3009 1904 3067; x_wconf 77' lang='grc' dir='ltr'><strong>οῦν</strong></span> 
     </span>
    </p>
   </div>
   <div class='ocr_carea' id='block_1_32' title="bbox 238 3089 1904 3174">
    <p class='ocr_par' dir='ltr' id='par_1_32' title="bbox 238 3089 1904 3174">
     <span class='ocr_line' id='line_1_32' title="bbox 238 3089 1904 3174; baseline 0.012 -32"><span class='ocrx_word' id='word_1_237' title='bbox 238 3089 244 3093; x_wconf 81' lang='grc'><em>’</em></span> <span class='ocrx_word' id='word_1_238' title='bbox 333 3091 612 3145; x_wconf 62' lang='grc' dir='ltr'>κάνταῦθα</span> <span class='ocrx_word' id='word_1_239' title='bbox 639 3093 895 3160; x_wconf 77' lang='grc' dir='ltr'>καθαρῶς</span> <span class='ocrx_word' id='word_1_240' title='bbox 942 3098 1005 3149; x_wconf 85' lang='grc' dir='ltr'>ὲκ</span> <span class='ocrx_word' id='word_1_241' title='bbox 1047 3097 1140 3148; x_wconf 86' lang='grc' dir='ltr'><strong>τοῦ</strong></span> <span class='ocrx_word' id='word_1_242' title='bbox 1171 3098 1303 3151; x_wconf 89' lang='grc' dir='ltr'>Υίοῦ</span> <span class='ocrx_word' id='word_1_243' title='bbox 1335 3101 1392 3153; x_wconf 87' lang='lat'><strong>16</strong></span> <span class='ocrx_word' id='word_1_244' title='bbox 1439 3101 1660 3172; x_wconf 78' lang='grc' dir='ltr'><strong>Πνεῦμα</strong></span> <span class='ocrx_word' id='word_1_245' title='bbox 1699 3123 1904 3174; x_wconf 85' lang='grc' dir='ltr'>μυστα-</span> 
     </span>
    </p>
   </div>
   <div class='ocr_carea' id='block_1_33' title="bbox 2014 615 3582 686">
    <p class='ocr_par' dir='ltr' id='par_1_33' title="bbox 2014 615 3582 686">
     <span class='ocr_line' id='line_1_33' title="bbox 2014 615 3582 686; baseline 0.001 -17"><span class='ocrx_word' id='word_1_246' title='bbox 2014 615 2218 686; x_wconf 86' lang='lat' dir='ltr'><strong>loqnio,</strong></span> <span class='ocrx_word' id='word_1_247' title='bbox 2248 615 2396 686; x_wconf 90' lang='lat' dir='ltr'><strong>quod</strong></span> <span class='ocrx_word' id='word_1_248' title='bbox 2444 615 2559 686; x_wconf 85' lang='lat' dir='ltr'><strong>ipse</strong></span> <span class='ocrx_word' id='word_1_249' title='bbox 2596 618 2738 669; x_wconf 86' lang='lat' dir='ltr'><strong>inter</strong></span> <span class='ocrx_word' id='word_1_250' title='bbox 2770 615 3095 668; x_wconf 77' lang='lat' dir='ltr'><strong>Anommum</strong></span> <span class='ocrx_word' id='word_1_251' title='bbox 3131 625 3185 670; x_wconf 85' lang='lat' dir='ltr'><strong>et</strong></span> <span class='ocrx_word' id='word_1_252' title='bbox 3207 615 3582 670; x_wconf 77' lang='lat' dir='ltr'><strong>Ortltodoxum</strong></span> 
     </span>
    </p>
   </div>
   <div class='ocr_carea' id='block_1_34' title="bbox 2013 703 3578 776">
    <p class='ocr_par' dir='ltr' id='par_1_34' title="bbox 2013 703 3578 776">
     <span class='ocr_line' id='line_1_34' title="bbox 2013 703 3578 776; baseline -0.002 -15"><span class='ocrx_word' id='word_1_253' title='bbox 2013 707 2381 772; x_wconf 78' lang='lat' dir='ltr'><strong>concinnavit,</strong></span> <span class='ocrx_word' id='word_1_254' title='bbox 2419 725 2438 758; x_wconf 80' lang='grc' dir='ltr'><strong>ι</strong></span> <span class='ocrx_word' id='word_1_255' title='bbox 2476 705 2672 770; x_wconf 88' lang='lat' dir='ltr'><strong>Causa,</strong></span> <span class='ocrx_word' id='word_1_256' title='bbox 2693 706 2892 776; x_wconf 89' lang='lat' dir='ltr'><strong>inquit,</strong></span> <span class='ocrx_word' id='word_1_257' title='bbox 2915 716 2996 759; x_wconf 89' lang='lat' dir='ltr'><strong>est</strong></span> <span class='ocrx_word' id='word_1_258' title='bbox 3029 706 3122 760; x_wconf 87' lang='lat' dir='ltr'><strong>Dei</strong></span> <span class='ocrx_word' id='word_1_259' title='bbox 3153 715 3347 760; x_wconf 87' lang='lat' dir='ltr'><strong>natura</strong></span> <span class='ocrx_word' id='word_1_260' title='bbox 3373 703 3426 762; x_wconf 86' lang='lat' dir='ltr'><strong>e&#39;t</strong></span> <span class='ocrx_word' id='word_1_261' title='bbox 3459 705 3578 760; x_wconf 80' lang='lat' dir='ltr'><strong>Filii</strong></span> 
     </span>
    </p>
   </div>
   <div class='ocr_carea' id='block_1_35' title="bbox 2011 799 3585 869">
    <p class='ocr_par' dir='ltr' id='par_1_35' title="bbox 2011 799 3585 869">
     <span class='ocr_line' id='line_1_35' title="bbox 2011 799 3585 869; baseline -0.001 -16"><span class='ocrx_word' id='word_1_262' title='bbox 2011 809 2065 853; x_wconf 83' lang='lat' dir='ltr'><strong>ct</strong></span> <span class='ocrx_word' id='word_1_263' title='bbox 2097 799 2332 869; x_wconf 84' lang='lat' dir='ltr'><strong>Spiritus</strong></span> <span class='ocrx_word' id='word_1_264' title='bbox 2363 799 2557 859; x_wconf 87' lang='lat' dir='ltr'><strong>sancti.</strong></span> <span class='ocrx_word' id='word_1_265' title='bbox 2589 811 2643 853; x_wconf 89' lang='lat' dir='ltr'><strong>et</strong></span> <span class='ocrx_word' id='word_1_266' title='bbox 2678 801 2950 853; x_wconf 73' lang='lat' dir='ltr'><strong>universa:</strong></span> <span class='ocrx_word' id='word_1_267' title='bbox 2989 808 3270 854; x_wconf 75' lang='lat' dir='ltr'><strong>creat-une.</strong></span> <span class='ocrx_word' id='word_1_268' title='bbox 3307 819 3325 853; x_wconf 71' lang='grc' dir='ltr'><strong>ι</strong></span> <span class='ocrx_word' id='word_1_269' title='bbox 3378 803 3483 853; x_wconf 86' lang='lat' dir='ltr'><strong>Sed</strong></span> <span class='ocrx_word' id='word_1_270' title='bbox 3531 800 3585 854; x_wconf 92' lang='lat' dir='ltr'><strong>in</strong></span> 
     </span>
    </p>
   </div>
   <div class='ocr_carea' id='block_1_36' title="bbox 2013 890 3586 960">
    <p class='ocr_par' dir='ltr' id='par_1_36' title="bbox 2013 890 3586 960">
     <span class='ocr_line' id='line_1_36' title="bbox 2013 890 3586 960; baseline -0.002 -16"><span class='ocrx_word' id='word_1_271' title='bbox 2013 891 2176 944; x_wconf 81' lang='lat' dir='ltr'><strong>rebus</strong></span> <span class='ocrx_word' id='word_1_272' title='bbox 2207 891 2404 944; x_wconf 55' lang='lat' dir='ltr'><strong>divinis</strong></span> <span class='ocrx_word' id='word_1_273' title='bbox 2440 890 2714 958; x_wconf 77' lang='lat' dir='ltr'><strong>egregium</strong></span> <span class='ocrx_word' id='word_1_274' title='bbox 2765 892 3073 960; x_wconf 85' lang='lat' dir='ltr'><strong>Nyssenum</strong></span> <span class='ocrx_word' id='word_1_275' title='bbox 3111 906 3233 945; x_wconf 89' lang='lat' dir='ltr'><strong>cum</strong></span> <span class='ocrx_word' id='word_1_276' title='bbox 3265 892 3317 943; x_wconf 90' lang='lat' dir='ltr'><strong>in</strong></span> <span class='ocrx_word' id='word_1_277' title='bbox 3353 892 3586 943; x_wconf 88' lang='lat' dir='ltr'><strong>medium</strong></span> 
     </span>
    </p>
   </div>
   <div class='ocr_carea' id='block_1_37' title="bbox 2012 980 3589 1051">
    <p class='ocr_par' dir='ltr' id='par_1_37' title="bbox 2012 980 3589 1051">
     <span class='ocr_line' id='line_1_37' title="bbox 2012 980 3589 1051; baseline 0 -18"><span class='ocrx_word' id='word_1_278' title='bbox 2012 981 2417 1040; x_wconf 74' lang='lat' dir='ltr'><strong>adduxerimus.</strong></span> <span class='ocrx_word' id='word_1_279' title='bbox 2452 993 2547 1050; x_wconf 88' lang='lat' dir='ltr'><strong>per</strong></span> <span class='ocrx_word' id='word_1_280' title='bbox 2575 980 2771 1034; x_wconf 88' lang='lat' dir='ltr'><strong>Filium</strong></span> <span class='ocrx_word' id='word_1_281' title='bbox 2802 982 3059 1051; x_wconf 75' lang='lat' dir='ltr'><strong>Spiritum</strong></span> <span class='ocrx_word' id='word_1_282' title='bbox 3098 984 3480 1036; x_wconf 86' lang='lat' dir='ltr'><strong>decernentem</strong></span> <span class='ocrx_word' id='word_1_283' title='bbox 3535 983 3589 1036; x_wconf 88' lang='lat' dir='ltr'><strong>in</strong></span> 
     </span>
    </p>
   </div>
   <div class='ocr_carea' id='block_1_38' title="bbox 2013 1074 3588 1142">
    <p class='ocr_par' dir='ltr' id='par_1_38' title="bbox 2013 1074 3588 1142">
     <span class='ocr_line' id='line_1_38' title="bbox 2013 1074 3588 1142; baseline 0.002 -19"><span class='ocrx_word' id='word_1_284' title='bbox 2013 1087 2306 1142; x_wconf 76' lang='lat' dir='ltr'><strong>progressu</strong></span> <span class='ocrx_word' id='word_1_285' title='bbox 2334 1089 2429 1142; x_wconf 88' lang='lat' dir='ltr'><strong>per</strong></span> <span class='ocrx_word' id='word_1_286' title='bbox 2459 1075 2639 1141; x_wconf 90' lang='lat' dir='ltr'><strong>ipsum</strong></span> <span class='ocrx_word' id='word_1_287' title='bbox 2673 1075 2741 1128; x_wconf 85' lang='lat' dir='ltr'><strong>ad</strong></span> <span class='ocrx_word' id='word_1_288' title='bbox 2789 1074 3186 1140; x_wconf 76' lang='lat' dir='ltr'><strong>exsistcntiam,</strong></span> <span class='ocrx_word' id='word_1_289' title='bbox 3243 1075 3319 1127; x_wconf 91' lang='lat' dir='ltr'><strong>uti</strong></span> <span class='ocrx_word' id='word_1_290' title='bbox 3352 1075 3462 1142; x_wconf 87' lang='lat' dir='ltr'><strong>jam</strong></span> <span class='ocrx_word' id='word_1_291' title='bbox 3499 1074 3588 1126; x_wconf 84' lang='lat' dir='ltr'><strong>dc-</strong></span> 
     </span>
    </p>
   </div>
   <div class='ocr_carea' id='block_1_39' title="bbox 2012 1151 3586 1233">
    <p class='ocr_par' dir='ltr' id='par_1_39' title="bbox 2012 1151 3586 1233">
     <span class='ocr_line' id='line_1_39' title="bbox 2012 1151 3586 1233; baseline 0 -16"><span class='ocrx_word' id='word_1_292' title='bbox 2012 1165 2252 1217; x_wconf 81' lang='lat' dir='ltr'><strong>crevisse</strong></span> <span class='ocrx_word' id='word_1_293' title='bbox 2283 1164 2506 1219; x_wconf 79' lang='lat' dir='ltr'><strong>fratrem</strong></span> <span class='ocrx_word' id='word_1_294' title='bbox 2539 1166 2686 1220; x_wconf 90' lang='lat' dir='ltr'><strong>illius</strong></span> <span class='ocrx_word' id='word_1_295' title='bbox 2717 1180 3032 1233; x_wconf 77' lang='lat' dir='ltr'><strong>germanum</strong></span> <span class='ocrx_word' id='word_1_296' title='bbox 3071 1151 3586 1223; x_wconf 62' lang='lat' dir='ltr'><strong>demonstravimus,</strong></span> 
     </span>
    </p>
   </div>
   <div class='ocr_carea' id='block_1_40' title="bbox 2013 1256 3588 1322">
    <p class='ocr_par' dir='ltr' id='par_1_40' title="bbox 2013 1256 3588 1322">
     <span class='ocr_line' id='line_1_40' title="bbox 2013 1256 3588 1322; baseline -0.001 -16"><span class='ocrx_word' id='word_1_297' title='bbox 2013 1264 2243 1322; x_wconf 89' lang='lat' dir='ltr'><strong>utraque</strong></span> <span class='ocrx_word' id='word_1_298' title='bbox 2266 1257 2564 1310; x_wconf 88' lang='lat' dir='ltr'><strong>secundum</strong></span> <span class='ocrx_word' id='word_1_299' title='bbox 2585 1257 2835 1310; x_wconf 85' lang='lat' dir='ltr'><strong>eamdem</strong></span> <span class='ocrx_word' id='word_1_300' title='bbox 2855 1256 3184 1310; x_wconf 90' lang='lat' dir='ltr'><strong>sententiam</strong></span> <span class='ocrx_word' id='word_1_301' title='bbox 3215 1256 3588 1318; x_wconf 81' lang='lat' dir='ltr'><strong>deiinientem,</strong></span> 
     </span>
    </p>
   </div>
   <div class='ocr_carea' id='block_1_41' title="bbox 2015 1341 3588 1414">
    <p class='ocr_par' dir='ltr' id='par_1_41' title="bbox 2015 1341 3588 1414">
     <span class='ocr_line' id='line_1_41' title="bbox 2015 1341 3588 1414; baseline 0.003 -20"><span class='ocrx_word' id='word_1_302' title='bbox 2015 1360 2035 1393; x_wconf 76' lang='grc' dir='ltr'>ι</span> <span class='ocrx_word' id='word_1_303' title='bbox 2072 1359 2138 1397; x_wconf 81' lang='lat' dir='ltr'><strong>ex</strong></span> <span class='ocrx_word' id='word_1_304' title='bbox 2191 1341 2327 1398; x_wconf 87' lang='lat' dir='ltr'><strong>Filio</strong></span> <span class='ocrx_word' id='word_1_305' title='bbox 2365 1357 2420 1400; x_wconf 89' lang='lat' dir='ltr'><strong>et</strong></span> <span class='ocrx_word' id='word_1_306' title='bbox 2462 1363 2558 1414; x_wconf 87' lang='lat' dir='ltr'><strong>per</strong></span> <span class='ocrx_word' id='word_1_307' title='bbox 2606 1347 2802 1401; x_wconf 85' lang='lat' dir='ltr'><strong>Filium</strong></span> <span class='ocrx_word' id='word_1_308' title='bbox 2857 1367 2873 1397; x_wconf 79' lang='grc' dir='ltr'><strong>ι</strong></span> <span class='ocrx_word' id='word_1_309' title='bbox 2910 1357 2962 1399; x_wconf 89' lang='lat' dir='ltr'><strong>et</strong></span> <span class='ocrx_word' id='word_1_310' title='bbox 3017 1345 3158 1398; x_wconf 78' lang='lat' dir='ltr'><strong>solus</strong></span> <span class='ocrx_word' id='word_1_311' title='bbox 3191 1361 3376 1400; x_wconf 84' lang='lat' dir='ltr'><strong>vocem</strong></span> <span class='ocrx_word' id='word_1_312' title='bbox 3436 1361 3588 1400; x_wconf 92' lang='lat' dir='ltr'><strong>com-</strong></span> 
     </span>
    </p>
   </div>
   <div class='ocr_carea' id='block_1_42' title="bbox 2010 1435 3592 1504">
    <p class='ocr_par' dir='ltr' id='par_1_42' title="bbox 2010 1435 3592 1504">
     <span class='ocr_line' id='line_1_42' title="bbox 2010 1435 3592 1504; baseline 0.001 -17"><span class='ocrx_word' id='word_1_313' title='bbox 2010 1445 2427 1497; x_wconf 83' lang='lat' dir='ltr'><strong>monstrantem.</strong></span> <span class='ocrx_word' id='word_1_314' title='bbox 2470 1452 2592 1490; x_wconf 90' lang='lat' dir='ltr'><strong>cum</strong></span> <span class='ocrx_word' id='word_1_315' title='bbox 2645 1438 2713 1491; x_wconf 91' lang='lat' dir='ltr'><strong>de</strong></span> <span class='ocrx_word' id='word_1_316' title='bbox 2747 1438 2904 1490; x_wconf 88' lang='lat' dir='ltr'><strong>Patre</strong></span> <span class='ocrx_word' id='word_1_317' title='bbox 2940 1436 3229 1504; x_wconf 83' lang='lat' dir='ltr'><strong>accipitur,</strong></span> <span class='ocrx_word' id='word_1_318' title='bbox 3279 1435 3426 1488; x_wconf 90' lang='lat' dir='ltr'><strong>nullo</strong></span> <span class='ocrx_word' id='word_1_319' title='bbox 3471 1451 3592 1488; x_wconf 90' lang='lat' dir='ltr'><strong>esse</strong></span> 
     </span>
    </p>
   </div>
   <div class='ocr_carea' id='block_1_43' title="bbox 2011 1524 3590 1596">
    <p class='ocr_par' dir='ltr' id='par_1_43' title="bbox 2011 1524 3590 1596">
     <span class='ocr_line' id='line_1_43' title="bbox 2011 1524 3590 1596; baseline 0 -18"><span class='ocrx_word' id='word_1_320' title='bbox 2011 1524 2418 1594; x_wconf 89' lang='lat' dir='ltr'><strong>impedimento,</strong></span> <span class='ocrx_word' id='word_1_321' title='bbox 2454 1529 2584 1596; x_wconf 86' lang='lat' dir='ltr'><strong>quin</strong></span> <span class='ocrx_word' id='word_1_322' title='bbox 2617 1529 3074 1583; x_wconf 82' lang='lat' dir='ltr'><strong>convenientibus</strong></span> <span class='ocrx_word' id='word_1_323' title='bbox 3113 1526 3424 1590; x_wconf 83' lang='lat' dir='ltr'><strong>sententiis,</strong></span> <span class='ocrx_word' id='word_1_324' title='bbox 3462 1528 3590 1580; x_wconf 84' lang='lat' dir='ltr'><strong>dum</strong></span> 
     </span>
    </p>
   </div>
   <div class='ocr_carea' id='block_1_44' title="bbox 2010 1619 3596 1689">
    <p class='ocr_par' dir='ltr' id='par_1_44' title="bbox 2010 1619 3596 1689">
     <span class='ocr_line' id='line_1_44' title="bbox 2010 1619 3596 1689; baseline 0.001 -19"><span class='ocrx_word' id='word_1_325' title='bbox 2010 1631 2098 1671; x_wconf 83' lang='lat' dir='ltr'><strong>res</strong></span> <span class='ocrx_word' id='word_1_326' title='bbox 2130 1619 2450 1688; x_wconf 74' lang='lat' dir='ltr'><strong>theologica:</strong></span> <span class='ocrx_word' id='word_1_327' title='bbox 2474 1629 2904 1689; x_wconf 87' lang='lat' dir='ltr'><strong>pertractantur,</strong></span> <span class='ocrx_word' id='word_1_328' title='bbox 2964 1631 3018 1673; x_wconf 89' lang='lat' dir='ltr'><strong>et</strong></span> <span class='ocrx_word' id='word_1_329' title='bbox 3049 1621 3115 1673; x_wconf 88' lang='lat' dir='ltr'><strong>de</strong></span> <span class='ocrx_word' id='word_1_330' title='bbox 3136 1629 3383 1673; x_wconf 82' lang='lat' dir='ltr'><strong>creatura</strong></span> <span class='ocrx_word' id='word_1_331' title='bbox 3412 1634 3596 1672; x_wconf 87' lang='lat' dir='ltr'><strong>sermo</strong></span> 
     </span>
    </p>
   </div>
   <div class='ocr_carea' id='block_1_45' title="bbox 2010 1715 3589 1786">
    <p class='ocr_par' dir='ltr' id='par_1_45' title="bbox 2010 1715 3589 1786">
     <span class='ocr_line' id='line_1_45' title="bbox 2010 1715 3589 1786; baseline -0.001 -18"><span class='ocrx_word' id='word_1_332' title='bbox 2010 1722 2111 1778; x_wconf 89' lang='lat' dir='ltr'><strong>est,</strong></span> <span class='ocrx_word' id='word_1_333' title='bbox 2148 1724 2378 1784; x_wconf 88' lang='lat' dir='ltr'><strong>utraque</strong></span> <span class='ocrx_word' id='word_1_334' title='bbox 2408 1715 2796 1786; x_wconf 70' lang='lat' dir='ltr'><strong>prmdicentnr,</strong></span> <span class='ocrx_word' id='word_1_335' title='bbox 2823 1717 2903 1770; x_wconf 87' lang='lat' dir='ltr'><strong>rei</strong></span> <span class='ocrx_word' id='word_1_336' title='bbox 2927 1715 3120 1770; x_wconf 88' lang='lat' dir='ltr'><strong>ordine</strong></span> <span class='ocrx_word' id='word_1_337' title='bbox 3167 1725 3406 1781; x_wconf 80' lang='lat' dir='ltr'><strong>servato,</strong></span> <span class='ocrx_word' id='word_1_338' title='bbox 3447 1715 3589 1768; x_wconf 86' lang='lat' dir='ltr'><strong>idem</strong></span> 
     </span>
    </p>
   </div>
   <div class='ocr_carea' id='block_1_46' title="bbox 2012 1801 3587 1874">
    <p class='ocr_par' dir='ltr' id='par_1_46' title="bbox 2012 1801 3587 1874">
     <span class='ocr_line' id='line_1_46' title="bbox 2012 1801 3587 1874; baseline 0 -21"><span class='ocrx_word' id='word_1_339' title='bbox 2012 1816 2158 1854; x_wconf 90' lang='lat' dir='ltr'><strong>nunc</strong></span> <span class='ocrx_word' id='word_1_340' title='bbox 2189 1801 2513 1857; x_wconf 82' lang='lat' dir='ltr'><strong>referendus</strong></span> <span class='ocrx_word' id='word_1_341' title='bbox 2548 1804 2754 1874; x_wconf 76' lang='lat' dir='ltr'><strong>ingenti</strong></span> <span class='ocrx_word' id='word_1_342' title='bbox 2793 1819 2927 1859; x_wconf 87' lang='lat' dir='ltr'><strong>voce</strong></span> <span class='ocrx_word' id='word_1_343' title='bbox 2957 1803 3344 1872; x_wconf 85' lang='lat' dir='ltr'><strong>pronuntians,</strong></span> <span class='ocrx_word' id='word_1_344' title='bbox 3374 1823 3392 1855; x_wconf 78' lang='grc' dir='ltr'><strong>ι</strong></span> <span class='ocrx_word' id='word_1_345' title='bbox 3424 1804 3587 1858; x_wconf 87' lang='lat' dir='ltr'><strong>etiam</strong></span> 
     </span>
    </p>
   </div>
   <div class='ocr_carea' id='block_1_47' title="bbox 2006 1892 3589 1964">
    <p class='ocr_par' dir='ltr' id='par_1_47' title="bbox 2006 1892 3589 1964">
     <span class='ocr_line' id='line_1_47' title="bbox 2006 1892 3589 1964; baseline -0.001 -19"><span class='ocrx_word' id='word_1_346' title='bbox 2006 1907 2072 1945; x_wconf 78' lang='lat' dir='ltr'><strong>ex</strong></span> <span class='ocrx_word' id='word_1_347' title='bbox 2113 1892 2270 1949; x_wconf 86' lang='lat' dir='ltr'><strong>Filio.</strong></span> <span class='ocrx_word' id='word_1_348' title='bbox 2305 1912 2324 1943; x_wconf 72' lang='grc' dir='ltr'><strong>ι</strong></span> <span class='ocrx_word' id='word_1_349' title='bbox 2357 1895 2424 1948; x_wconf 88' lang='grc' dir='ltr'>Ει</span> <span class='ocrx_word' id='word_1_350' title='bbox 2451 1897 2516 1949; x_wconf 83' lang='lat' dir='ltr'><strong>de</strong></span> <span class='ocrx_word' id='word_1_351' title='bbox 2560 1909 2739 1951; x_wconf 73' lang='lat' dir='ltr'><strong>rerum</strong></span> <span class='ocrx_word' id='word_1_352' title='bbox 2783 1897 3065 1949; x_wconf 83' lang='lat' dir='ltr'><strong>creatione</strong></span> <span class='ocrx_word' id='word_1_353' title='bbox 3099 1909 3165 1948; x_wconf 81' lang='lat' dir='ltr'><strong>ex</strong></span> <span class='ocrx_word' id='word_1_354' title='bbox 3207 1897 3452 1964; x_wconf 82' lang='lat' dir='ltr'><strong>proxime</strong></span> <span class='ocrx_word' id='word_1_355' title='bbox 3481 1897 3589 1963; x_wconf 84' lang='lat' dir='ltr'><strong>jam</strong></span> 
     </span>
    </p>
   </div>
   <div class='ocr_carea' id='block_1_48' title="bbox 2005 1985 3589 2057">
    <p class='ocr_par' dir='ltr' id='par_1_48' title="bbox 2005 1985 3589 2057">
     <span class='ocr_line' id='line_1_48' title="bbox 2005 1985 3589 2057; baseline 0 -19"><span class='ocrx_word' id='word_1_356' title='bbox 2005 1985 2253 2038; x_wconf 85' lang='lat' dir='ltr'><strong>adductis</strong></span> <span class='ocrx_word' id='word_1_357' title='bbox 2282 1986 2649 2040; x_wconf 79' lang='lat' dir='ltr'><strong>indubitatum</strong></span> <span class='ocrx_word' id='word_1_358' title='bbox 2690 1996 2793 2049; x_wconf 92' lang='lat' dir='ltr'><strong>est,</strong></span> <span class='ocrx_word' id='word_1_359' title='bbox 2843 1987 2910 2040; x_wconf 89' lang='lat' dir='ltr'><strong>de</strong></span> <span class='ocrx_word' id='word_1_360' title='bbox 2943 1988 3130 2042; x_wconf 81' lang='lat' dir='ltr'><strong>divino</strong></span> <span class='ocrx_word' id='word_1_361' title='bbox 3161 2003 3291 2042; x_wconf 77' lang='lat' dir='ltr'><strong>vero</strong></span> <span class='ocrx_word' id='word_1_362' title='bbox 3340 1998 3396 2042; x_wconf 90' lang='lat' dir='ltr'><strong>et</strong></span> <span class='ocrx_word' id='word_1_363' title='bbox 3427 2003 3589 2057; x_wconf 85' lang='lat' dir='ltr'><strong>supra</strong></span> 
     </span>
    </p>
   </div>
   <div class='ocr_carea' id='block_1_49' title="bbox 2006 2077 3589 2149">
    <p class='ocr_par' dir='ltr' id='par_1_49' title="bbox 2006 2077 3589 2149">
     <span class='ocr_line' id='line_1_49' title="bbox 2006 2077 3589 2149; baseline 0 -20"><span class='ocrx_word' id='word_1_364' title='bbox 2006 2077 2304 2131; x_wconf 78' lang='lat' dir='ltr'><strong>bonitatem</strong></span> <span class='ocrx_word' id='word_1_365' title='bbox 2357 2093 2578 2133; x_wconf 89' lang='lat' dir='ltr'><strong>omnem</strong></span> <span class='ocrx_word' id='word_1_366' title='bbox 2635 2079 2843 2149; x_wconf 77' lang='lat' dir='ltr'><strong>Spiritu</strong></span> <span class='ocrx_word' id='word_1_367' title='bbox 2901 2079 2956 2132; x_wconf 90' lang='lat' dir='ltr'><strong>in</strong></span> <span class='ocrx_word' id='word_1_368' title='bbox 3007 2081 3259 2134; x_wconf 88' lang='lat' dir='ltr'><strong>oratione</strong></span> <span class='ocrx_word' id='word_1_369' title='bbox 3312 2080 3589 2133; x_wconf 80' lang='lat' dir='ltr'><strong>DominiCa</strong></span> 
     </span>
    </p>
   </div>
   <div class='ocr_carea' id='block_1_50' title="bbox 2007 2167 3593 2242">
    <p class='ocr_par' dir='ltr' id='par_1_50' title="bbox 2007 2167 3593 2242">
     <span class='ocr_line' id='line_1_50' title="bbox 2007 2167 3593 2242; baseline 0.002 -22"><span class='ocrx_word' id='word_1_370' title='bbox 2007 2167 2300 2222; x_wconf 78' lang='lat' dir='ltr'><strong>manifesto</strong></span> <span class='ocrx_word' id='word_1_371' title='bbox 2349 2168 2490 2223; x_wconf 87' lang='lat' dir='ltr'><strong>hunc</strong></span> <span class='ocrx_word' id='word_1_372' title='bbox 2536 2170 2590 2224; x_wconf 91' lang='lat' dir='ltr'><strong>in</strong></span> <span class='ocrx_word' id='word_1_373' title='bbox 2629 2173 2848 2225; x_wconf 89' lang='lat' dir='ltr'><strong>modum</strong></span> <span class='ocrx_word' id='word_1_374' title='bbox 2885 2172 3175 2225; x_wconf 85' lang='lat' dir='ltr'><strong>edisserit:</strong></span> <span class='ocrx_word' id='word_1_375' title='bbox 3216 2189 3236 2221; x_wconf 81' lang='grc' dir='ltr'>ι</span> <span class='ocrx_word' id='word_1_376' title='bbox 3271 2171 3593 2242; x_wconf 77' lang='lat' dir='ltr'><strong>Unigenitus</strong></span> 
     </span>
    </p>
   </div>
   <div class='ocr_carea' id='block_1_51' title="bbox 2004 2259 3591 2333">
    <p class='ocr_par' dir='ltr' id='par_1_51' title="bbox 2004 2259 3591 2333">
     <span class='ocr_line' id='line_1_51' title="bbox 2004 2259 3591 2333; baseline 0.001 -21"><span class='ocrx_word' id='word_1_377' title='bbox 2004 2259 2150 2313; x_wconf 89' lang='lat' dir='ltr'><strong>enim</strong></span> <span class='ocrx_word' id='word_1_378' title='bbox 2182 2260 2351 2315; x_wconf 87' lang='lat' dir='ltr'><strong>Filius</strong></span> <span class='ocrx_word' id='word_1_379' title='bbox 2381 2277 2445 2316; x_wconf 80' lang='lat' dir='ltr'><strong>ex</strong></span> <span class='ocrx_word' id='word_1_380' title='bbox 2474 2259 2634 2316; x_wconf 80' lang='lat' dir='ltr'><strong>Patre</strong></span> <span class='ocrx_word' id='word_1_381' title='bbox 2672 2278 2699 2314; x_wconf 90' lang='lat' dir='ltr'><strong>a</strong></span> <span class='ocrx_word' id='word_1_382' title='bbox 2743 2263 2926 2318; x_wconf 90' lang='lat' dir='ltr'><strong>divina</strong></span> <span class='ocrx_word' id='word_1_383' title='bbox 2970 2261 3259 2333; x_wconf 84' lang='lat' dir='ltr'><strong>Scriptura</strong></span> <span class='ocrx_word' id='word_1_384' title='bbox 3311 2279 3591 2332; x_wconf 85' lang='lat' dir='ltr'><strong>nuncupa-</strong></span> 
     </span>
    </p>
   </div>
   <div class='ocr_carea' id='block_1_52' title="bbox 2007 2355 3590 2424">
    <p class='ocr_par' dir='ltr' id='par_1_52' title="bbox 2007 2355 3590 2424">
     <span class='ocr_line' id='line_1_52' title="bbox 2007 2355 3590 2424; baseline 0.003 -20"><span class='ocrx_word' id='word_1_385' title='bbox 2007 2361 2116 2416; x_wconf 88' lang='lat' dir='ltr'><strong>tur,</strong></span> <span class='ocrx_word' id='word_1_386' title='bbox 2180 2369 2280 2408; x_wconf 91' lang='lat' dir='ltr'><strong>nec</strong></span> <span class='ocrx_word' id='word_1_387' title='bbox 2343 2355 2483 2409; x_wconf 88' lang='lat' dir='ltr'><strong>ultra</strong></span> <span class='ocrx_word' id='word_1_388' title='bbox 2535 2356 2636 2408; x_wconf 86' lang='lat' dir='ltr'><strong>hoc</strong></span> <span class='ocrx_word' id='word_1_389' title='bbox 2684 2355 3078 2424; x_wconf 79' lang='lat' dir='ltr'><strong>proprietatem</strong></span> <span class='ocrx_word' id='word_1_390' title='bbox 3141 2355 3287 2408; x_wconf 87' lang='lat' dir='ltr'><strong>illius</strong></span> <span class='ocrx_word' id='word_1_391' title='bbox 3327 2358 3590 2420; x_wconf 73' lang='lat' dir='ltr'><strong>extendit,</strong></span> 
     </span>
    </p>
   </div>
   <div class='ocr_carea' id='block_1_53' title="bbox 2005 2443 3589 2512">
    <p class='ocr_par' dir='ltr' id='par_1_53' title="bbox 2005 2443 3589 2512">
     <span class='ocr_line' id='line_1_53' title="bbox 2005 2443 3589 2512; baseline 0.003 -16"><span class='ocrx_word' id='word_1_392' title='bbox 2005 2443 2241 2511; x_wconf 84' lang='lat' dir='ltr'><strong>Spiritus</strong></span> <span class='ocrx_word' id='word_1_393' title='bbox 2269 2458 2450 2504; x_wconf 85' lang='lat' dir='ltr'><strong>autem</strong></span> <span class='ocrx_word' id='word_1_394' title='bbox 2497 2459 2722 2503; x_wconf 81' lang='lat' dir='ltr'><strong>sanctus</strong></span> <span class='ocrx_word' id='word_1_395' title='bbox 2782 2463 2835 2502; x_wconf 87' lang='lat' dir='ltr'><strong>et</strong></span> <span class='ocrx_word' id='word_1_396' title='bbox 2872 2465 2939 2503; x_wconf 82' lang='lat' dir='ltr'><strong>ex</strong></span> <span class='ocrx_word' id='word_1_397' title='bbox 2969 2448 3128 2502; x_wconf 81' lang='lat' dir='ltr'><strong>Patre</strong></span> <span class='ocrx_word' id='word_1_398' title='bbox 3159 2448 3378 2512; x_wconf 78' lang='lat' dir='ltr'><strong>dicitur,</strong></span> <span class='ocrx_word' id='word_1_399' title='bbox 3430 2458 3483 2501; x_wconf 91' lang='lat' dir='ltr'><strong>ct</strong></span> <span class='ocrx_word' id='word_1_400' title='bbox 3527 2462 3589 2500; x_wconf 64' lang='lat' dir='ltr'><strong>es</strong></span> 
     </span>
    </p>
   </div>
   <div class='ocr_carea' id='block_1_54' title="bbox 2009 2537 3588 2607">
    <p class='ocr_par' dir='ltr' id='par_1_54' title="bbox 2009 2537 3588 2607">
     <span class='ocr_line' id='line_1_54' title="bbox 2009 2537 3588 2607; baseline -0.001 -16"><span class='ocrx_word' id='word_1_401' title='bbox 2009 2538 2147 2591; x_wconf 85' lang='lat' dir='ltr'><strong>Filio</strong></span> <span class='ocrx_word' id='word_1_402' title='bbox 2196 2555 2314 2592; x_wconf 90' lang='lat' dir='ltr'><strong>esse</strong></span> <span class='ocrx_word' id='word_1_403' title='bbox 2363 2540 2647 2595; x_wconf 77' lang='lat' dir='ltr'><strong>astruitur.</strong></span> <span class='ocrx_word' id='word_1_404' title='bbox 2681 2538 2740 2593; x_wconf 79' lang='lat' dir='ltr'><strong>Si</strong></span> <span class='ocrx_word' id='word_1_405' title='bbox 2785 2541 2900 2607; x_wconf 83' lang='lat' dir='ltr'><strong>quis</strong></span> <span class='ocrx_word' id='word_1_406' title='bbox 2946 2541 3085 2593; x_wconf 85' lang='lat' dir='ltr'><strong>enim</strong></span> <span class='ocrx_word' id='word_1_407' title='bbox 3121 2537 3382 2606; x_wconf 74' lang='lat' dir='ltr'><strong>Spiritum</strong></span> <span class='ocrx_word' id='word_1_408' title='bbox 3433 2537 3588 2592; x_wconf 81' lang='lat' dir='ltr'><strong>Chri-</strong></span> 
     </span>
    </p>
   </div>
   <div class='ocr_carea' id='block_1_55' title="bbox 2004 2630 3329 2700">
    <p class='ocr_par' dir='ltr' id='par_1_55' title="bbox 2004 2630 3329 2700">
     <span class='ocr_line' id='line_1_55' title="bbox 2004 2630 3329 2700; baseline -0.001 -18"><span class='ocrx_word' id='word_1_409' title='bbox 2004 2630 2072 2682; x_wconf 74' lang='lat' dir='ltr'><strong>sti</strong></span> <span class='ocrx_word' id='word_1_410' title='bbox 2106 2647 2209 2683; x_wconf 84' lang='lat' dir='ltr'><strong>non</strong></span> <span class='ocrx_word' id='word_1_411' title='bbox 2238 2631 2411 2694; x_wconf 83' lang='lat' dir='ltr'><strong>habet,</strong></span> <span class='ocrx_word' id='word_1_412' title='bbox 2453 2632 2649 2700; x_wconf 85' lang='lat' dir='ltr'><strong>inquit,</strong></span> <span class='ocrx_word' id='word_1_413' title='bbox 2681 2632 2764 2684; x_wconf 81' lang='lat' dir='ltr'><strong>hic</strong></span> <span class='ocrx_word' id='word_1_414' title='bbox 2795 2647 2897 2684; x_wconf 83' lang='lat' dir='ltr'><strong>non</strong></span> <span class='ocrx_word' id='word_1_415' title='bbox 2935 2639 3008 2684; x_wconf 83' lang='lat' dir='ltr'><strong>est</strong></span> <span class='ocrx_word' id='word_1_416' title='bbox 3045 2631 3158 2698; x_wconf 82' lang='lat' dir='ltr'><strong>ejus</strong></span> <span class='ocrx_word' id='word_1_417' title='bbox 3200 2631 3263 2683; x_wconf 87' lang='grc'><strong>³¹.</strong></span> <span class='ocrx_word' id='word_1_418' title='bbox 3311 2648 3329 2680; x_wconf 76' lang='grc' dir='ltr'><strong>ι</strong></span> 
     </span>
    </p>
   </div>
   <div class='ocr_carea' id='block_1_56' title="bbox 2081 2722 3589 2792">
    <p class='ocr_par' dir='ltr' id='par_1_56' title="bbox 2081 2722 3589 2792">
     <span class='ocr_line' id='line_1_56' title="bbox 2081 2722 3589 2792; baseline -0.003 -14"><span class='ocrx_word' id='word_1_419' title='bbox 2081 2724 2173 2778; x_wconf 69' lang='lat'><strong>25.</strong></span> <span class='ocrx_word' id='word_1_420' title='bbox 2206 2723 2355 2778; x_wconf 87' lang='lat' dir='ltr'><strong>Licet</strong></span> <span class='ocrx_word' id='word_1_421' title='bbox 2397 2738 2558 2792; x_wconf 85' lang='lat' dir='ltr'><strong>supra</strong></span> <span class='ocrx_word' id='word_1_422' title='bbox 2599 2723 2805 2777; x_wconf 90' lang='lat' dir='ltr'><strong>dictum</strong></span> <span class='ocrx_word' id='word_1_423' title='bbox 2855 2722 3035 2776; x_wconf 88' lang='lat' dir='ltr'><strong>simile</strong></span> <span class='ocrx_word' id='word_1_424' title='bbox 3070 2722 3337 2776; x_wconf 87' lang='lat' dir='ltr'><strong>meditate</strong></span> <span class='ocrx_word' id='word_1_425' title='bbox 3375 2724 3589 2776; x_wconf 81' lang='lat' dir='ltr'><strong>exami-</strong></span> 
     </span>
    </p>
   </div>
   <div class='ocr_carea' id='block_1_57' title="bbox 2006 2813 3586 2884">
    <p class='ocr_par' dir='ltr' id='par_1_57' title="bbox 2006 2813 3586 2884">
     <span class='ocr_line' id='line_1_57' title="bbox 2006 2813 3586 2884; baseline -0.008 -11"><span class='ocrx_word' id='word_1_426' title='bbox 2006 2820 2277 2881; x_wconf 78' lang='lat' dir='ltr'><strong>navimus,</strong></span> <span class='ocrx_word' id='word_1_427' title='bbox 2339 2832 2489 2869; x_wconf 89' lang='lat' dir='ltr'><strong>nunc</strong></span> <span class='ocrx_word' id='word_1_428' title='bbox 2549 2816 2733 2869; x_wconf 85' lang='lat' dir='ltr'><strong>denuo</strong></span> <span class='ocrx_word' id='word_1_429' title='bbox 2798 2814 2932 2868; x_wconf 91' lang='lat' dir='ltr'><strong>illud</strong></span> <span class='ocrx_word' id='word_1_430' title='bbox 2991 2813 3100 2868; x_wconf 90' lang='lat' dir='ltr'><strong>alio</strong></span> <span class='ocrx_word' id='word_1_431' title='bbox 3153 2830 3372 2884; x_wconf 89' lang='lat' dir='ltr'><strong>quoque</strong></span> <span class='ocrx_word' id='word_1_432' title='bbox 3428 2815 3586 2868; x_wconf 68' lang='lat' dir='ltr'><strong>modo</strong></span> 
     </span>
    </p>
   </div>
   <div class='ocr_carea' id='block_1_58' title="bbox 2003 2906 3586 2978">
    <p class='ocr_par' dir='ltr' id='par_1_58' title="bbox 2003 2906 3586 2978">
     <span class='ocr_line' id='line_1_58' title="bbox 2003 2906 3586 2978; baseline -0.009 -10"><span class='ocrx_word' id='word_1_433' title='bbox 2003 2912 2382 2974; x_wconf 85' lang='lat' dir='ltr'><strong>discutiamus,</strong></span> <span class='ocrx_word' id='word_1_434' title='bbox 2423 2925 2545 2963; x_wconf 90' lang='lat' dir='ltr'><strong>cum</strong></span> <span class='ocrx_word' id='word_1_435' title='bbox 2581 2909 2634 2962; x_wconf 91' lang='lat' dir='ltr'><strong>in</strong></span> <span class='ocrx_word' id='word_1_436' title='bbox 2686 2908 2920 2962; x_wconf 89' lang='lat' dir='ltr'><strong>diversis</strong></span> <span class='ocrx_word' id='word_1_437' title='bbox 2970 2909 3370 2978; x_wconf 66' lang='lat' dir='ltr'><strong>quaastinnibus</strong></span> <span class='ocrx_word' id='word_1_438' title='bbox 3405 2906 3586 2960; x_wconf 69' lang='lat' dir='ltr'><strong>divina</strong></span> 
     </span>
    </p>
   </div>
   <div class='ocr_carea' id='block_1_59' title="bbox 2005 3000 3587 3071">
    <p class='ocr_par' dir='ltr' id='par_1_59' title="bbox 2005 3000 3587 3071">
     <span class='ocr_line' id='line_1_59' title="bbox 2005 3000 3587 3071; baseline -0.006 -11"><span class='ocrx_word' id='word_1_439' title='bbox 2005 3003 2468 3071; x_wconf 84' lang='lat' dir='ltr'><strong>diviniloquorum</strong></span> <span class='ocrx_word' id='word_1_440' title='bbox 2495 3000 2710 3070; x_wconf 87' lang='lat' dir='ltr'><strong>eloquia</strong></span> <span class='ocrx_word' id='word_1_441' title='bbox 2747 3000 2967 3054; x_wconf 81' lang='lat' dir='ltr'><strong>diverso</strong></span> <span class='ocrx_word' id='word_1_442' title='bbox 2999 3015 3214 3069; x_wconf 78' lang='lat' dir='ltr'><strong>quoque</strong></span> <span class='ocrx_word' id='word_1_443' title='bbox 3251 3002 3410 3053; x_wconf 82' lang='lat' dir='ltr'><strong>modo</strong></span> <span class='ocrx_word' id='word_1_444' title='bbox 3447 3015 3587 3054; x_wconf 79' lang='lat' dir='ltr'><strong>vert-</strong></span> 
     </span>
    </p>
   </div>
   <div class='ocr_carea' id='block_1_60' title="bbox 2009 3091 3588 3161">
    <p class='ocr_par' dir='ltr' id='par_1_60' title="bbox 2009 3091 3588 3161">
     <span class='ocr_line' id='line_1_60' title="bbox 2009 3091 3588 3161; baseline -0.006 -9"><span class='ocrx_word' id='word_1_445' title='bbox 2009 3105 2174 3152; x_wconf 90' lang='lat' dir='ltr'><strong>tatem</strong></span> <span class='ocrx_word' id='word_1_446' title='bbox 2204 3095 2494 3148; x_wconf 86' lang='lat' dir='ltr'><strong>illustrem.</strong></span> <span class='ocrx_word' id='word_1_447' title='bbox 2525 3092 2622 3148; x_wconf 87' lang='lat' dir='ltr'><strong>ilic</strong></span> <span class='ocrx_word' id='word_1_448' title='bbox 2649 3094 2833 3161; x_wconf 88' lang='lat' dir='ltr'><strong>itaque</strong></span> <span class='ocrx_word' id='word_1_449' title='bbox 2864 3101 3049 3160; x_wconf 86' lang='lat' dir='ltr'><strong>aperte</strong></span> <span class='ocrx_word' id='word_1_450' title='bbox 3076 3105 3139 3144; x_wconf 85' lang='lat' dir='ltr'><strong>ex</strong></span> <span class='ocrx_word' id='word_1_451' title='bbox 3163 3091 3298 3144; x_wconf 86' lang='lat' dir='ltr'><strong>Filio</strong></span> <span class='ocrx_word' id='word_1_452' title='bbox 3326 3091 3588 3160; x_wconf 90' lang='lat' dir='ltr'><strong>Spiritum</strong></span> 
     </span>
    </p>
   </div>
   <div class='ocr_carea' id='block_1_61' title="bbox 332 3184 1930 3259">
    <p class='ocr_par' dir='ltr' id='par_1_61' title="bbox 332 3185 1905 3259">
     <span class='ocr_line' id='line_1_61' title="bbox 332 3185 1905 3259; baseline 0.013 -27"><span class='ocrx_word' id='word_1_453' title='bbox 332 3185 616 3251; x_wconf 65' lang='grc' dir='ltr'>γιιιγεῖται,</span> <span class='ocrx_word' id='word_1_454' title='bbox 651 3187 746 3238; x_wconf 71' lang='grc' dir='ltr'><strong>καὶ</strong></span> <span class='ocrx_word' id='word_1_455' title='bbox 774 3189 836 3238; x_wconf 74' lang='grc' dir='ltr'>ἐκ</span> <span class='ocrx_word' id='word_1_456' title='bbox 863 3188 957 3240; x_wconf 82' lang='grc' dir='ltr'><strong>τοῦ</strong></span> <span class='ocrx_word' id='word_1_457' title='bbox 994 3190 1206 3259; x_wconf 75' lang='grc' dir='ltr'>Πατρὸς</span> <span class='ocrx_word' id='word_1_458' title='bbox 1235 3193 1329 3244; x_wconf 65' lang='grc' dir='ltr'>καὶ</span> <span class='ocrx_word' id='word_1_459' title='bbox 1358 3195 1417 3246; x_wconf 77' lang='grc' dir='ltr'><strong>ὲκ</strong></span> <span class='ocrx_word' id='word_1_460' title='bbox 1445 3195 1540 3248; x_wconf 88' lang='grc' dir='ltr'><strong>τοῦ</strong></span> <span class='ocrx_word' id='word_1_461' title='bbox 1572 3196 1701 3250; x_wconf 81' lang='grc' dir='ltr'>Υίοῦ</span> <span class='ocrx_word' id='word_1_462' title='bbox 1724 3197 1905 3252; x_wconf 84' lang='grc' dir='ltr'>διατό-</span> 
     </span>
    </p>
   </div>
   <div class='ocr_carea' id='block_1_62' title="bbox 2006 3184 3588 3259">
    <p class='ocr_par' dir='ltr' id='par_1_62' title="bbox 2012 3184 3588 3254">
     <span class='ocr_line' id='line_1_62' title="bbox 2012 3184 3588 3254; baseline -0.005 -11"><span class='ocrx_word' id='word_1_463' title='bbox 2012 3188 2204 3254; x_wconf 83' lang='lat' dir='ltr'><strong>aStrui,</strong></span> <span class='ocrx_word' id='word_1_464' title='bbox 2240 3195 2294 3241; x_wconf 91' lang='lat' dir='ltr'><strong>et</strong></span> <span class='ocrx_word' id='word_1_465' title='bbox 2328 3203 2392 3241; x_wconf 79' lang='lat' dir='ltr'><strong>ex</strong></span> <span class='ocrx_word' id='word_1_466' title='bbox 2426 3187 2588 3240; x_wconf 87' lang='lat' dir='ltr'><strong>Patre</strong></span> <span class='ocrx_word' id='word_1_467' title='bbox 2625 3194 2680 3238; x_wconf 89' lang='lat' dir='ltr'><strong>et</strong></span> <span class='ocrx_word' id='word_1_468' title='bbox 2721 3185 2862 3239; x_wconf 86' lang='lat' dir='ltr'><strong>Filio</strong></span> <span class='ocrx_word' id='word_1_469' title='bbox 2893 3199 3089 3238; x_wconf 88' lang='lat' dir='ltr'><strong>sonora</strong></span> <span class='ocrx_word' id='word_1_470' title='bbox 3127 3199 3256 3238; x_wconf 82' lang='lat' dir='ltr'><strong>voce</strong></span> <span class='ocrx_word' id='word_1_471' title='bbox 3298 3184 3588 3245; x_wconf 75' lang='lat' dir='ltr'><strong>declarari,</strong></span> 
     </span>
    </p>
   </div>
   <div class='ocr_carea' id='block_1_63' title="bbox 335 3272 1907 3345">
    <p class='ocr_par' dir='ltr' id='par_1_63' title="bbox 335 3272 1907 3345">
     <span class='ocr_line' id='line_1_63' title="bbox 335 3272 1907 3345; baseline 0.011 -24"><span class='ocrx_word' id='word_1_472' title='bbox 335 3289 444 3339; x_wconf 87' lang='grc' dir='ltr'><strong>ρως</strong></span> <span class='ocrx_word' id='word_1_473' title='bbox 471 3272 784 3342; x_wconf 79' lang='grc' dir='ltr'>τρανοῦται,</span> <span class='ocrx_word' id='word_1_474' title='bbox 820 3276 955 3345; x_wconf 85' lang='grc' dir='ltr'>ὅπερ</span> <span class='ocrx_word' id='word_1_475' title='bbox 975 3276 1002 3327; x_wconf 90' lang='lat'><strong>6</strong></span> <span class='ocrx_word' id='word_1_476' title='bbox 1033 3277 1311 3342; x_wconf 76' lang='grc' dir='ltr'>ἀντίθετος</span> <span class='ocrx_word' id='word_1_477' title='bbox 1345 3280 1406 3332; x_wconf 79' lang='lat'><strong>16</strong></span> <span class='ocrx_word' id='word_1_478' title='bbox 1435 3283 1529 3334; x_wconf 72' lang='grc' dir='ltr'><strong>καὶ</strong></span> <span class='ocrx_word' id='word_1_479' title='bbox 1553 3284 1616 3336; x_wconf 79' lang='grc' dir='ltr'>ἐκ</span> <span class='ocrx_word' id='word_1_480' title='bbox 1647 3282 1742 3336; x_wconf 85' lang='grc' dir='ltr'><strong>τοῦ</strong></span> <span class='ocrx_word' id='word_1_481' title='bbox 1778 3286 1907 3339; x_wconf 83' lang='grc' dir='ltr'>Υίοῦ</span> 
     </span>
    </p>
   </div>
   <div class='ocr_carea' id='block_1_64' title="bbox 335 3365 1910 3450">
    <p class='ocr_par' dir='ltr' id='par_1_64' title="bbox 335 3365 1910 3450">
     <span class='ocr_line' id='line_1_64' title="bbox 335 3365 1910 3450; baseline 0.011 -35"><span class='ocrx_word' id='word_1_482' title='bbox 335 3365 560 3430; x_wconf 78' lang='grc' dir='ltr'>φάσκει,</span> <span class='ocrx_word' id='word_1_483' title='bbox 600 3366 723 3427; x_wconf 78' lang='grc' dir='ltr'>(Τίς</span> <span class='ocrx_word' id='word_1_484' title='bbox 747 3367 780 3435; x_wconf 78' lang='grc' dir='ltr'><strong>ἡ</strong></span> <span class='ocrx_word' id='word_1_485' title='bbox 808 3369 1022 3438; x_wconf 82' lang='grc' dir='ltr'>ἀνάγκη</span> <span class='ocrx_word' id='word_1_486' title='bbox 1052 3369 1373 3438; x_wconf 79' lang='grc' dir='ltr'>λέγεσθαι;›</span> <span class='ocrx_word' id='word_1_487' title='bbox 1403 3374 1495 3426; x_wconf 67' lang='grc' dir='ltr'><strong>καὶ</strong></span> <span class='ocrx_word' id='word_1_488' title='bbox 1518 3375 1620 3427; x_wconf 84' lang='grc' dir='ltr'><strong>οὐκ</strong></span> <span class='ocrx_word' id='word_1_489' title='bbox 1651 3377 1910 3450; x_wconf 70' lang='grc' dir='ltr'>ἐπιστρέ-</span> 
     </span>
    </p>
   </div>
   <div class='ocr_carea' id='block_1_65' title="bbox 334 3457 1911 3538">
    <p class='ocr_par' dir='ltr' id='par_1_65' title="bbox 334 3457 1911 3538">
     <span class='ocr_line' id='line_1_65' title="bbox 334 3457 1911 3538; baseline 0.012 -33"><span class='ocrx_word' id='word_1_490' title='bbox 334 3457 533 3522; x_wconf 79' lang='grc' dir='ltr'>φεσίιαι</span> <span class='ocrx_word' id='word_1_491' title='bbox 567 3458 672 3508; x_wconf 83' lang='grc' dir='ltr'><strong>τῶν</strong></span> <span class='ocrx_word' id='word_1_492' title='bbox 712 3459 768 3509; x_wconf 84' lang='grc' dir='ltr'><strong>ἐν</strong></span> <span class='ocrx_word' id='word_1_493' title='bbox 803 3459 1052 3528; x_wconf 70' lang='grc' dir='ltr'>Οεολτιγίᾳ</span> <span class='ocrx_word' id='word_1_494' title='bbox 1088 3465 1372 3532; x_wconf 74' lang='grc' dir='ltr'>πατρικῶν</span> <span class='ocrx_word' id='word_1_495' title='bbox 1395 3465 1772 3535; x_wconf 78' lang='grc' dir='ltr'>διδασκαλιῶν,</span> <span class='ocrx_word' id='word_1_496' title='bbox 1809 3489 1911 3538; x_wconf 80' lang='grc' dir='ltr'><strong>φα-</strong></span> 
     </span>
    </p>
   </div>
   <div class='ocr_carea' id='block_1_66' title="bbox 334 3549 1908 3631">
    <p class='ocr_par' dir='ltr' id='par_1_66' title="bbox 334 3549 1908 3631">
     <span class='ocr_line' id='line_1_66' title="bbox 334 3549 1908 3631; baseline 0.01 -30"><span class='ocrx_word' id='word_1_497' title='bbox 334 3550 611 3619; x_wconf 84' lang='grc' dir='ltr'>νεροῦται.</span> <span class='ocrx_word' id='word_1_498' title='bbox 647 3552 755 3603; x_wconf 73' lang='grc' dir='ltr'><strong>Καὶ</strong></span> <span class='ocrx_word' id='word_1_499' title='bbox 780 3552 860 3601; x_wconf 73' lang='grc' dir='ltr'><strong>ὅτι</strong></span> <span class='ocrx_word' id='word_1_500' title='bbox 890 3551 982 3631; x_wconf 54' lang='grc' dir='ltr'><strong>φῦ</strong></span> <span class='ocrx_word' id='word_1_501' title='bbox 1010 3549 1165 3606; x_wconf 75' lang='grc' dir='ltr'>εἶναι</span> <span class='ocrx_word' id='word_1_502' title='bbox 1195 3558 1272 3617; x_wconf 80' lang='grc' dir='ltr'><strong>εἰς</strong></span> <span class='ocrx_word' id='word_1_503' title='bbox 1299 3557 1359 3608; x_wconf 75' lang='lat'><strong>16</strong></span> <span class='ocrx_word' id='word_1_504' title='bbox 1399 3562 1755 3629; x_wconf 79' lang='grc' dir='ltr'>παραστῆσαι</span> <span class='ocrx_word' id='word_1_505' title='bbox 1789 3565 1908 3616; x_wconf 87' lang='grc' dir='ltr'>τόδε</span> 
     </span>
    </p>
   </div>
   <div class='ocr_carea' id='block_1_67' title="bbox 336 3639 1912 3723">
    <p class='ocr_par' dir='ltr' id='par_1_67' title="bbox 336 3639 1912 3723">
     <span class='ocr_line' id='line_1_67' title="bbox 336 3639 1912 3723; baseline 0.011 -34"><span class='ocrx_word' id='word_1_506' title='bbox 336 3641 401 3690; x_wconf 65' lang='grc' dir='ltr'>ἔτι</span> <span class='ocrx_word' id='word_1_507' title='bbox 426 3639 581 3690; x_wconf 74' lang='grc' dir='ltr'>τοῦδε</span> <span class='ocrx_word' id='word_1_508' title='bbox 622 3643 702 3702; x_wconf 84' lang='grc' dir='ltr'><strong>εἰς</strong></span> <span class='ocrx_word' id='word_1_509' title='bbox 740 3640 1027 3708; x_wconf 78' lang='grc' dir='ltr'>ὑπάρξεως</span> <span class='ocrx_word' id='word_1_510' title='bbox 1067 3644 1222 3711; x_wconf 81' lang='grc' dir='ltr'>λόγον</span> <span class='ocrx_word' id='word_1_511' title='bbox 1271 3647 1428 3699; x_wconf 78' lang='grc' dir='ltr'>οὐδὲν</span> <span class='ocrx_word' id='word_1_512' title='bbox 1467 3651 1912 3723; x_wconf 67' lang='grc' dir='ltr'>ἀρχοειδέστερον</span> 
     </span>
    </p>
   </div>
   <div class='ocr_carea' id='block_1_68' title="bbox 333 3726 1906 3809">
    <p class='ocr_par' dir='ltr' id='par_1_68' title="bbox 333 3726 1906 3809">
     <span class='ocr_line' id='line_1_68' title="bbox 333 3726 1906 3809; baseline 0.011 -32"><span class='ocrx_word' id='word_1_513' title='bbox 333 3726 370 3795; x_wconf 68' lang='grc' dir='ltr'>ἢ</span> <span class='ocrx_word' id='word_1_514' title='bbox 405 3728 815 3798; x_wconf 65' lang='grc' dir='ltr'>ἐμφανέστερον</span> <span class='ocrx_word' id='word_1_515' title='bbox 861 3729 1044 3799; x_wconf 72' lang='grc' dir='ltr'>δῆλον.</span> <span class='ocrx_word' id='word_1_516' title='bbox 1080 3733 1250 3785; x_wconf 79' lang='grc' dir='ltr'>Τοῦτο</span> <span class='ocrx_word' id='word_1_517' title='bbox 1299 3735 1355 3788; x_wconf 86' lang='grc' dir='ltr'>δὲ</span> <span class='ocrx_word' id='word_1_518' title='bbox 1408 3740 1702 3806; x_wconf 82' lang='grc' dir='ltr'>σκεπτέον,</span> <span class='ocrx_word' id='word_1_519' title='bbox 1748 3743 1800 3794; x_wconf 86' lang='grc' dir='ltr'><strong>τί</strong></span> <span class='ocrx_word' id='word_1_520' title='bbox 1828 3744 1906 3809; x_wconf 86' lang='lat'><em>16,</em></span> 
     </span>
    </p>
   </div>
   <div class='ocr_carea' id='block_1_69' title="bbox 340 3818 1904 3901">
    <p class='ocr_par' dir='ltr' id='par_1_69' title="bbox 340 3818 1904 3901">
     <span class='ocr_line' id='line_1_69' title="bbox 340 3818 1904 3901; baseline 0.012 -34"><span class='ocrx_word' id='word_1_521' title='bbox 340 3834 363 3867; x_wconf 76' lang='grc' dir='ltr'><strong>ι</strong></span> <span class='ocrx_word' id='word_1_522' title='bbox 405 3818 587 3886; x_wconf 66' lang='grc' dir='ltr'>Μέχρι</span> <span class='ocrx_word' id='word_1_523' title='bbox 617 3819 810 3872; x_wconf 77' lang='grc' dir='ltr'>τούτου</span> <span class='ocrx_word' id='word_1_524' title='bbox 840 3821 868 3871; x_wconf 89' lang='lat'><strong>6</strong></span> <span class='ocrx_word' id='word_1_525' title='bbox 895 3823 1051 3888; x_wconf 82' lang='grc' dir='ltr'>λόγος</span> <span class='ocrx_word' id='word_1_526' title='bbox 1074 3825 1288 3892; x_wconf 76' lang='grc' dir='ltr'>ἵστησιν</span> <span class='ocrx_word' id='word_1_527' title='bbox 1338 3828 1492 3898; x_wconf 75' lang='grc' dir='ltr'>αὑτῴ</span> <span class='ocrx_word' id='word_1_528' title='bbox 1542 3829 1598 3881; x_wconf 97' lang='lat'><strong>16</strong></span> <span class='ocrx_word' id='word_1_529' title='bbox 1625 3831 1842 3901; x_wconf 83' lang='grc' dir='ltr'>ἰδίωμα,</span> <span class='ocrx_word' id='word_1_530' title='bbox 1881 3855 1904 3886; x_wconf 68' lang='grc' dir='ltr'>ι</span> 
     </span>
    </p>
   </div>
   <div class='ocr_carea' id='block_1_70' title="bbox 340 3911 1911 3996">
    <p class='ocr_par' dir='ltr' id='par_1_70' title="bbox 340 3911 1911 3996">
     <span class='ocr_line' id='line_1_70' title="bbox 340 3911 1911 3996; baseline 0.012 -36"><span class='ocrx_word' id='word_1_531' title='bbox 340 3913 480 3978; x_wconf 68' lang='grc' dir='ltr'>μετὰ</span> <span class='ocrx_word' id='word_1_532' title='bbox 511 3911 568 3962; x_wconf 82' lang='grc' dir='ltr'><strong>τδ</strong></span> <span class='ocrx_word' id='word_1_533' title='bbox 598 3914 834 3982; x_wconf 62' lang='grc' dir='ltr'>ῥηθῆναι</span> <span class='ocrx_word' id='word_1_534' title='bbox 871 3933 890 3966; x_wconf 77' lang='grc' dir='ltr'><strong>ι</strong></span> <span class='ocrx_word' id='word_1_535' title='bbox 929 3915 1022 3968; x_wconf 83' lang='grc' dir='ltr'><strong>τὸν</strong></span> <span class='ocrx_word' id='word_1_536' title='bbox 1050 3917 1177 3970; x_wconf 78' lang='grc' dir='ltr'>Υἰὺν</span> <span class='ocrx_word' id='word_1_537' title='bbox 1211 3938 1230 3969; x_wconf 69' lang='grc' dir='ltr'><strong>ι</strong></span> <span class='ocrx_word' id='word_1_538' title='bbox 1264 3923 1325 3971; x_wconf 86' lang='grc' dir='ltr'>ὲκ</span> <span class='ocrx_word' id='word_1_539' title='bbox 1353 3922 1444 3973; x_wconf 82' lang='grc' dir='ltr'><strong>τοῦ</strong></span> <span class='ocrx_word' id='word_1_540' title='bbox 1472 3923 1686 3992; x_wconf 75' lang='grc' dir='ltr'>Πατρδς</span> <span class='ocrx_word' id='word_1_541' title='bbox 1714 3925 1911 3996; x_wconf 73' lang='grc' dir='ltr'>ὀνομα-</span> 
     </span>
    </p>
   </div>
   <div class='ocr_carea' id='block_1_71' title="bbox 335 4000 1910 4085">
    <p class='ocr_par' dir='ltr' id='par_1_71' title="bbox 335 4000 1910 4085">
     <span class='ocr_line' id='line_1_71' title="bbox 335 4000 1910 4085; baseline 0.013 -34"><span class='ocrx_word' id='word_1_542' title='bbox 335 4000 551 4062; x_wconf 66' lang='grc' dir='ltr'>(εσθαι.</span> <span class='ocrx_word' id='word_1_543' title='bbox 608 4005 834 4068; x_wconf 78' lang='grc' dir='ltr'>Πάντως</span> <span class='ocrx_word' id='word_1_544' title='bbox 875 4008 936 4058; x_wconf 82' lang='lat'><strong>16</strong></span> <span class='ocrx_word' id='word_1_545' title='bbox 1004 4009 1165 4085; x_wconf 60' lang='grc' dir='ltr'>μέχρι</span> <span class='ocrx_word' id='word_1_546' title='bbox 1224 4011 1318 4063; x_wconf 83' lang='grc' dir='ltr'><strong>τοῦ</strong></span> <span class='ocrx_word' id='word_1_547' title='bbox 1387 4015 1449 4066; x_wconf 83' lang='grc' dir='ltr'>ὲκ</span> <span class='ocrx_word' id='word_1_548' title='bbox 1499 4016 1709 4085; x_wconf 78' lang='grc' dir='ltr'>[ἰατρὸς</span> <span class='ocrx_word' id='word_1_549' title='bbox 1771 4015 1910 4072; x_wconf 80' lang='grc' dir='ltr'>εἶναι</span> 
     </span>
    </p>
   </div>
   <div class='ocr_carea' id='block_1_72' title="bbox 336 4083 1912 4175">
    <p class='ocr_par' dir='ltr' id='par_1_72' title="bbox 336 4083 1912 4175">
     <span class='ocr_line' id='line_1_72' title="bbox 336 4083 1912 4175; baseline 0.013 -32"><span class='ocrx_word' id='word_1_550' title='bbox 336 4094 433 4143; x_wconf 83' lang='grc' dir='ltr'><strong>καὶ</strong></span> <span class='ocrx_word' id='word_1_551' title='bbox 461 4094 539 4163; x_wconf 73' lang='grc' dir='ltr'>μὴ</span> <span class='ocrx_word' id='word_1_552' title='bbox 563 4094 621 4157; x_wconf 70' lang='grc' dir='ltr'><strong>ἐξ</strong></span> <span class='ocrx_word' id='word_1_553' title='bbox 647 4097 838 4165; x_wconf 77' lang='grc' dir='ltr'>ἐτέρου</span> <span class='ocrx_word' id='word_1_554' title='bbox 872 4099 1032 4161; x_wconf 79' lang='grc' dir='ltr'>ὅλως.</span> <span class='ocrx_word' id='word_1_555' title='bbox 1058 4083 1326 4173; x_wconf 31' lang='lat' dir='ltr'><strong>kal-061*.</strong></span> <span class='ocrx_word' id='word_1_556' title='bbox 1355 4104 1450 4157; x_wconf 86' lang='grc' dir='ltr'><strong>τοῦ</strong></span> <span class='ocrx_word' id='word_1_557' title='bbox 1485 4108 1825 4175; x_wconf 78' lang='grc' dir='ltr'>Μονογενοῦς</span> <span class='ocrx_word' id='word_1_558' title='bbox 1850 4112 1912 4164; x_wconf 89' lang='lat'><strong>16</strong></span> 
     </span>
    </p>
   </div>
   <div class='ocr_carea' id='block_1_73' title="bbox 338 4185 1906 4272">
    <p class='ocr_par' dir='ltr' id='par_1_73' title="bbox 338 4185 1906 4272">
     <span class='ocr_line' id='line_1_73' title="bbox 338 4185 1906 4272; baseline 0.015 -38"><span class='ocrx_word' id='word_1_559' title='bbox 338 4187 399 4235; x_wconf 76' lang='grc' dir='ltr'>ἐκ</span> <span class='ocrx_word' id='word_1_560' title='bbox 438 4186 528 4236; x_wconf 75' lang='grc' dir='ltr'><strong>τοῦ</strong></span> <span class='ocrx_word' id='word_1_561' title='bbox 559 4188 772 4254; x_wconf 74' lang='grc' dir='ltr'>Πατρὸς</span> <span class='ocrx_word' id='word_1_562' title='bbox 804 4185 961 4252; x_wconf 78' lang='grc' dir='ltr'>εἶναι,</span> <span class='ocrx_word' id='word_1_563' title='bbox 1006 4194 1194 4263; x_wconf 76' lang='grc' dir='ltr'>ἑτέρου</span> <span class='ocrx_word' id='word_1_564' title='bbox 1220 4197 1274 4248; x_wconf 78' lang='grc' dir='ltr'><strong>δὲ</strong></span> <span class='ocrx_word' id='word_1_565' title='bbox 1309 4199 1605 4266; x_wconf 72' lang='grc' dir='ltr'>προσώπου</span> <span class='ocrx_word' id='word_1_566' title='bbox 1643 4204 1717 4272; x_wconf 82' lang='grc' dir='ltr'>μὴ</span> <span class='ocrx_word' id='word_1_567' title='bbox 1747 4201 1906 4258; x_wconf 81' lang='grc' dir='ltr'>εἶναι.</span> 
     </span>
    </p>
   </div>
   <div class='ocr_carea' id='block_1_74' title="bbox 335 4277 1911 4357">
    <p class='ocr_par' dir='ltr' id='par_1_74' title="bbox 335 4277 1911 4357">
     <span class='ocr_line' id='line_1_74' title="bbox 335 4277 1911 4357; baseline 0.015 -31"><span class='ocrx_word' id='word_1_568' title='bbox 335 4277 506 4328; x_wconf 76' lang='grc' dir='ltr'>Τοῦτο</span> <span class='ocrx_word' id='word_1_569' title='bbox 538 4282 645 4347; x_wconf 78' lang='grc' dir='ltr'><strong>γάρ</strong></span> <span class='ocrx_word' id='word_1_570' title='bbox 674 4281 782 4332; x_wconf 78' lang='grc' dir='ltr'><strong>ἀπό</strong></span> <span class='ocrx_word' id='word_1_571' title='bbox 805 4299 863 4332; x_wconf 86' lang='grc' dir='ltr'><strong>τε</strong></span> <span class='ocrx_word' id='word_1_572' title='bbox 891 4285 991 4350; x_wconf 72' lang='grc' dir='ltr'><strong>τῆς</strong></span> <span class='ocrx_word' id='word_1_573' title='bbox 1015 4285 1216 4348; x_wconf 76' lang='grc' dir='ltr'>Θέσεως</span> <span class='ocrx_word' id='word_1_574' title='bbox 1243 4289 1658 4357; x_wconf 78' lang='grc' dir='ltr'>άποπεμπτὲον,</span> <span class='ocrx_word' id='word_1_575' title='bbox 1699 4297 1793 4347; x_wconf 81' lang='grc' dir='ltr'>καὶ</span> <span class='ocrx_word' id='word_1_576' title='bbox 1819 4295 1911 4348; x_wconf 83' lang='grc' dir='ltr'><strong>τοῦ</strong></span> 
     </span>
    </p>
   </div>
   <div class='ocr_carea' id='block_1_75' title="bbox 337 4367 1913 4444">
    <p class='ocr_par' dir='ltr' id='par_1_75' title="bbox 337 4367 1913 4444">
     <span class='ocr_line' id='line_1_75' title="bbox 337 4367 1913 4444; baseline 0.013 -27"><span class='ocrx_word' id='word_1_577' title='bbox 337 4367 588 4434; x_wconf 76' lang='grc' dir='ltr'>Θεμελίου</span> <span class='ocrx_word' id='word_1_578' title='bbox 627 4371 723 4438; x_wconf 74' lang='grc' dir='ltr'><strong>τῆς</strong></span> <span class='ocrx_word' id='word_1_579' title='bbox 767 4373 1003 4435; x_wconf 72' lang='grc' dir='ltr'>πίστεως</span> <span class='ocrx_word' id='word_1_580' title='bbox 1032 4377 1282 4444; x_wconf 74' lang='grc' dir='ltr'>ἄρνησις.</span> <span class='ocrx_word' id='word_1_581' title='bbox 1331 4380 1495 4433; x_wconf 71' lang='grc' dir='ltr'><strong>Ἀλλὰ</strong></span> <span class='ocrx_word' id='word_1_582' title='bbox 1525 4383 1641 4435; x_wconf 80' lang='grc' dir='ltr'>τόδε</span> <span class='ocrx_word' id='word_1_583' title='bbox 1686 4387 1802 4438; x_wconf 76' lang='grc' dir='ltr'>ἐστὶ</span> <span class='ocrx_word' id='word_1_584' title='bbox 1851 4389 1913 4438; x_wconf 85' lang='lat'><strong>16</strong></span> 
     </span>
    </p>
   </div>
   <div class='ocr_carea' id='block_1_76' title="bbox 338 4461 1907 4543">
    <p class='ocr_par' dir='ltr' id='par_1_76' title="bbox 338 4461 1907 4543">
     <span class='ocr_line' id='line_1_76' title="bbox 338 4461 1907 4543; baseline 0.011 -31"><span class='ocrx_word' id='word_1_585' title='bbox 338 4461 535 4526; x_wconf 71' lang='grc' dir='ltr'>ἰδίωμα</span> <span class='ocrx_word' id='word_1_586' title='bbox 563 4462 621 4512; x_wconf 90' lang='lat'><strong>16</strong></span> <span class='ocrx_word' id='word_1_587' title='bbox 647 4463 737 4514; x_wconf 78' lang='grc' dir='ltr'>τὸν</span> <span class='ocrx_word' id='word_1_588' title='bbox 770 4465 896 4516; x_wconf 74' lang='grc' dir='ltr'><strong>Υἱὸν</strong></span> <span class='ocrx_word' id='word_1_589' title='bbox 928 4468 1088 4532; x_wconf 86' lang='grc' dir='ltr'>μόνον</span> <span class='ocrx_word' id='word_1_590' title='bbox 1116 4471 1178 4519; x_wconf 82' lang='grc' dir='ltr'><strong>ἐκ</strong></span> <span class='ocrx_word' id='word_1_591' title='bbox 1208 4469 1369 4536; x_wconf 88' lang='grc' dir='ltr'>μόνου</span> <span class='ocrx_word' id='word_1_592' title='bbox 1392 4472 1485 4522; x_wconf 83' lang='grc' dir='ltr'><strong>τοῦ</strong></span> <span class='ocrx_word' id='word_1_593' title='bbox 1515 4475 1725 4541; x_wconf 76' lang='grc' dir='ltr'>Πατρὸς</span> <span class='ocrx_word' id='word_1_594' title='bbox 1747 4473 1907 4543; x_wconf 84' lang='grc' dir='ltr'>εἶναι,</span> 
     </span>
    </p>
   </div>
   <div class='ocr_carea' id='block_1_77' title="bbox 336 4540 1987 4635">
    <p class='ocr_par' dir='ltr' id='par_1_77' title="bbox 336 4540 1987 4635">
     <span class='ocr_line' id='line_1_77' title="bbox 336 4540 1987 4635; baseline 0.012 -33"><span class='ocrx_word' id='word_1_595' title='bbox 336 4557 430 4603; x_wconf 73' lang='grc' dir='ltr'><strong>καὶ</strong></span> <span class='ocrx_word' id='word_1_596' title='bbox 462 4553 522 4603; x_wconf 81' lang='grc' dir='ltr'>οὐ</span> <span class='ocrx_word' id='word_1_597' title='bbox 558 4556 731 4622; x_wconf 72' lang='grc' dir='ltr'>δήπου</span> <span class='ocrx_word' id='word_1_598' title='bbox 764 4556 859 4607; x_wconf 79' lang='grc' dir='ltr'><strong>καὶ</strong></span> <span class='ocrx_word' id='word_1_599' title='bbox 890 4555 947 4619; x_wconf 75' lang='grc' dir='ltr'>ἐξ</span> <span class='ocrx_word' id='word_1_600' title='bbox 978 4559 1191 4627; x_wconf 80' lang='grc' dir='ltr'>ἐτέρου,</span> <span class='ocrx_word' id='word_1_601' title='bbox 1242 4562 1271 4630; x_wconf 79' lang='grc' dir='ltr'><strong>ἧ</strong></span> <span class='ocrx_word' id='word_1_602' title='bbox 1306 4562 1372 4614; x_wconf 80' lang='grc' dir='ltr'>δι’</span> <span class='ocrx_word' id='word_1_603' title='bbox 1415 4564 1603 4632; x_wconf 80' lang='grc' dir='ltr'>ἐτέρου</span> <span class='ocrx_word' id='word_1_604' title='bbox 1628 4571 1640 4582; x_wconf 89' lang='grc'><em>’</em></span> <span class='ocrx_word' id='word_1_605' title='bbox 1688 4569 1781 4618; x_wconf 73' lang='grc' dir='ltr'><strong>καὶ</strong></span> <span class='ocrx_word' id='word_1_606' title='bbox 1810 4585 1913 4635; x_wconf 77' lang='grc' dir='ltr'><strong>φα-</strong></span> <span class='ocrx_word' id='word_1_607' title='bbox 1945 4540 1987 4594; x_wconf 78' lang='lat' dir='ltr'><strong>D</strong></span> 
     </span>
    </p>
   </div>
   <div class='ocr_carea' id='block_1_78' title="bbox 335 4648 1914 4731">
    <p class='ocr_par' dir='ltr' id='par_1_78' title="bbox 335 4648 1914 4731">
     <span class='ocr_line' id='line_1_78' title="bbox 335 4648 1914 4731; baseline 0.012 -36"><span class='ocrx_word' id='word_1_608' title='bbox 335 4649 494 4714; x_wconf 83' lang='grc' dir='ltr'>νερὸν</span> <span class='ocrx_word' id='word_1_609' title='bbox 525 4652 586 4699; x_wconf 78' lang='grc' dir='ltr'>ἐκ</span> <span class='ocrx_word' id='word_1_610' title='bbox 628 4650 727 4716; x_wconf 78' lang='grc' dir='ltr'>τῆς</span> <span class='ocrx_word' id='word_1_611' title='bbox 757 4648 1025 4721; x_wconf 78' lang='grc' dir='ltr'>λεγούσης</span> <span class='ocrx_word' id='word_1_612' title='bbox 1052 4656 1350 4724; x_wconf 77' lang='grc' dir='ltr'>ἐπαγωγῆς</span> <span class='ocrx_word' id='word_1_613' title='bbox 1373 4673 1388 4690; x_wconf 87' lang='grc'>⁶</span> <span class='ocrx_word' id='word_1_614' title='bbox 1433 4677 1450 4708; x_wconf 77' lang='grc' dir='ltr'>ι</span> <span class='ocrx_word' id='word_1_615' title='bbox 1491 4657 1562 4711; x_wconf 84' lang='lat' dir='ltr'><em>T6</em></span> <span class='ocrx_word' id='word_1_616' title='bbox 1595 4659 1651 4711; x_wconf 80' lang='grc' dir='ltr'><strong>δὲ</strong></span> <span class='ocrx_word' id='word_1_617' title='bbox 1689 4660 1914 4731; x_wconf 84' lang='grc' dir='ltr'>Πνεῦμα</span> 
     </span>
    </p>
   </div>
   <div class='ocr_carea' id='block_1_79' title="bbox 335 4739 1916 4813">
    <p class='ocr_par' dir='ltr' id='par_1_79' title="bbox 335 4739 1916 4813">
     <span class='ocr_line' id='line_1_79' title="bbox 335 4739 1916 4813; baseline 0.009 -22"><span class='ocrx_word' id='word_1_618' title='bbox 335 4743 430 4792; x_wconf 79' lang='grc' dir='ltr'><strong>καὶ</strong></span> <span class='ocrx_word' id='word_1_619' title='bbox 464 4742 526 4792; x_wconf 76' lang='grc' dir='ltr'>ἐκ</span> <span class='ocrx_word' id='word_1_620' title='bbox 559 4739 651 4792; x_wconf 87' lang='grc' dir='ltr'><strong>τοῦ</strong></span> <span class='ocrx_word' id='word_1_621' title='bbox 701 4743 914 4813; x_wconf 81' lang='grc' dir='ltr'>Πατρὺς</span> <span class='ocrx_word' id='word_1_622' title='bbox 946 4744 1190 4812; x_wconf 85' lang='grc' dir='ltr'>λέγεται,</span> <span class='ocrx_word' id='word_1_623' title='bbox 1245 4755 1339 4799; x_wconf 84' lang='grc' dir='ltr'>καὶ</span> <span class='ocrx_word' id='word_1_624' title='bbox 1372 4751 1435 4800; x_wconf 83' lang='grc' dir='ltr'>ἐκ</span> <span class='ocrx_word' id='word_1_625' title='bbox 1481 4750 1574 4802; x_wconf 81' lang='grc' dir='ltr'><strong>τοῦ</strong></span> <span class='ocrx_word' id='word_1_626' title='bbox 1611 4751 1741 4804; x_wconf 84' lang='grc' dir='ltr'>Υἱοῦ</span> <span class='ocrx_word' id='word_1_627' title='bbox 1775 4751 1916 4805; x_wconf 83' lang='grc' dir='ltr'>εἷναι</span> 
     </span>
    </p>
   </div>
   <div class='ocr_carea' id='block_1_80' title="bbox 293 4836 1916 4916">
    <p class='ocr_par' dir='ltr' id='par_1_80' title="bbox 293 4836 1916 4916">
     <span class='ocr_line' id='line_1_80' title="bbox 293 4836 1916 4916; baseline 0.01 -34"><span class='ocrx_word' id='word_1_628' title='bbox 293 4913 296 4916; x_wconf 8' lang='grc' dir='ltr'><strong>γ</strong></span> <span class='ocrx_word' id='word_1_629' title='bbox 338 4837 871 4903; x_wconf 78' lang='grc' dir='ltr'>προσμαρτυρεῖται.</span> <span class='ocrx_word' id='word_1_630' title='bbox 907 4855 925 4887; x_wconf 74' lang='grc' dir='ltr'>ι</span> <span class='ocrx_word' id='word_1_631' title='bbox 967 4836 1144 4906; x_wconf 75' lang='grc' dir='ltr'>Ὀσην</span> <span class='ocrx_word' id='word_1_632' title='bbox 1167 4840 1223 4890; x_wconf 82' lang='grc' dir='ltr'>δὲ</span> <span class='ocrx_word' id='word_1_633' title='bbox 1254 4841 1347 4891; x_wconf 74' lang='grc' dir='ltr'><strong>καὶ</strong></span> <span class='ocrx_word' id='word_1_634' title='bbox 1377 4842 1496 4893; x_wconf 79' lang='grc' dir='ltr'>οἷαν</span> <span class='ocrx_word' id='word_1_635' title='bbox 1523 4844 1620 4912; x_wconf 80' lang='grc' dir='ltr'>τὴν</span> <span class='ocrx_word' id='word_1_636' title='bbox 1652 4845 1916 4915; x_wconf 73' lang='grc' dir='ltr'>αἰσχύνην</span> 
     </span>
    </p>
   </div>
   <div class='ocr_carea' id='block_1_81' title="bbox 333 4925 1915 5001">
    <p class='ocr_par' dir='ltr' id='par_1_81' title="bbox 333 4925 1915 5001">
     <span class='ocr_line' id='line_1_81' title="bbox 333 4925 1915 5001; baseline 0.009 -26"><span class='ocrx_word' id='word_1_637' title='bbox 333 4925 586 4990; x_wconf 62' lang='grc' dir='ltr'>ὲκψαῗνει</span> <span class='ocrx_word' id='word_1_638' title='bbox 620 4928 733 4998; x_wconf 66' lang='grc' dir='ltr'>τοῖς</span> <span class='ocrx_word' id='word_1_639' title='bbox 768 4928 1036 4992; x_wconf 82' lang='grc' dir='ltr'>λέγουσιν,</span> <span class='ocrx_word' id='word_1_640' title='bbox 1100 4931 1273 4982; x_wconf 84' lang='grc' dir='ltr'>ὁποῖοι</span> <span class='ocrx_word' id='word_1_641' title='bbox 1329 4933 1435 5001; x_wconf 80' lang='grc' dir='ltr'>ἄρα</span> <span class='ocrx_word' id='word_1_642' title='bbox 1471 4935 1635 4997; x_wconf 75' lang='grc' dir='ltr'>εἰσὶν,</span> <span class='ocrx_word' id='word_1_643' title='bbox 1666 4937 1739 4999; x_wconf 83' lang='grc' dir='ltr'><strong>ὡς</strong></span> <span class='ocrx_word' id='word_1_644' title='bbox 1792 4939 1915 4990; x_wconf 76' lang='grc' dir='ltr'>καθ’</span> 
     </span>
    </p>
   </div>
   <div class='ocr_carea' id='block_1_82' title="bbox 336 5013 1910 5090">
    <p class='ocr_par' dir='ltr' id='par_1_82' title="bbox 336 5013 1910 5090">
     <span class='ocr_line' id='line_1_82' title="bbox 336 5013 1910 5090; baseline 0.011 -26"><span class='ocrx_word' id='word_1_645' title='bbox 336 5013 577 5082; x_wconf 77' lang='grc' dir='ltr'>ὓπαρξιν</span> <span class='ocrx_word' id='word_1_646' title='bbox 613 5018 711 5083; x_wconf 84' lang='grc' dir='ltr'>μὲν</span> <span class='ocrx_word' id='word_1_647' title='bbox 740 5019 771 5086; x_wconf 82' lang='grc' dir='ltr'>ὴ</span> <span class='ocrx_word' id='word_1_648' title='bbox 813 5037 831 5069; x_wconf 77' lang='grc' dir='ltr'><strong>ι</strong></span> <span class='ocrx_word' id='word_1_649' title='bbox 876 5020 938 5070; x_wconf 80' lang='grc' dir='ltr'><strong>ἐκ</strong></span> <span class='ocrx_word' id='word_1_650' title='bbox 965 5019 1058 5072; x_wconf 84' lang='grc' dir='ltr'><strong>τοῦ</strong></span> <span class='ocrx_word' id='word_1_651' title='bbox 1092 5023 1301 5090; x_wconf 74' lang='grc' dir='ltr'>Πατρὸς</span> <span class='ocrx_word' id='word_1_652' title='bbox 1336 5042 1353 5074; x_wconf 70' lang='grc' dir='ltr'>ι</span> <span class='ocrx_word' id='word_1_653' title='bbox 1396 5024 1578 5077; x_wconf 70' lang='grc' dir='ltr'>ἐνθάδε</span> <span class='ocrx_word' id='word_1_654' title='bbox 1615 5046 1630 5076; x_wconf 82' lang='grc' dir='ltr'><strong>ι</strong></span> <span class='ocrx_word' id='word_1_655' title='bbox 1661 5028 1749 5079; x_wconf 78' lang='lat' dir='ltr'><em>16v</em></span> <span class='ocrx_word' id='word_1_656' title='bbox 1784 5029 1910 5080; x_wconf 73' lang='lat' dir='ltr'><strong>Ti6v</strong></span> 
     </span>
    </p>
   </div>
   <div class='ocr_carea' id='block_1_83' title="bbox 332 5107 1907 5184">
    <p class='ocr_par' dir='ltr' id='par_1_83' title="bbox 332 5107 1907 5184">
     <span class='ocr_line' id='line_1_83' title="bbox 332 5107 1907 5184; baseline 0.008 -24"><span class='ocrx_word' id='word_1_657' title='bbox 332 5107 700 5175; x_wconf 78' lang='grc' dir='ltr'>ὀνομάζεσθαι</span> <span class='ocrx_word' id='word_1_658' title='bbox 735 5128 752 5160; x_wconf 72' lang='grc' dir='ltr'><strong>ν</strong></span> <span class='ocrx_word' id='word_1_659' title='bbox 786 5111 1037 5178; x_wconf 84' lang='grc' dir='ltr'>φωνοῦσα</span> <span class='ocrx_word' id='word_1_660' title='bbox 1084 5112 1356 5181; x_wconf 78' lang='grc' dir='ltr'>θεολογία,</span> <span class='ocrx_word' id='word_1_661' title='bbox 1392 5115 1427 5184; x_wconf 80' lang='grc' dir='ltr'>ἦ</span> <span class='ocrx_word' id='word_1_662' title='bbox 1459 5133 1517 5168; x_wconf 87' lang='grc' dir='ltr'><strong>τε</strong></span> <span class='ocrx_word' id='word_1_663' title='bbox 1561 5119 1654 5169; x_wconf 78' lang='grc' dir='ltr'><strong>καὶ</strong></span> <span class='ocrx_word' id='word_1_664' title='bbox 1703 5121 1766 5172; x_wconf 76' lang='grc' dir='ltr'>ἐκ</span> <span class='ocrx_word' id='word_1_665' title='bbox 1813 5121 1907 5173; x_wconf 86' lang='grc' dir='ltr'><strong>τοῦ</strong></span> 
     </span>
    </p>
   </div>
   <div class='ocr_carea' id='block_1_84' title="bbox 337 5199 1904 5278">
    <p class='ocr_par' dir='ltr' id='par_1_84' title="bbox 337 5199 1904 5278">
     <span class='ocr_line' id='line_1_84' title="bbox 337 5199 1904 5278; baseline 0.008 -29"><span class='ocrx_word' id='word_1_666' title='bbox 337 5199 552 5265; x_wconf 61' lang='grc' dir='ltr'>Πατρὶς</span> <span class='ocrx_word' id='word_1_667' title='bbox 581 5199 801 5262; x_wconf 68' lang='grc' dir='ltr'>λεί-,εται</span> <span class='ocrx_word' id='word_1_668' title='bbox 826 5202 882 5252; x_wconf 82' lang='lat'><strong>16</strong></span> <span class='ocrx_word' id='word_1_669' title='bbox 914 5202 1160 5270; x_wconf 87' lang='grc' dir='ltr'>Πνεῦμα,</span> <span class='ocrx_word' id='word_1_670' title='bbox 1188 5207 1246 5257; x_wconf 84' lang='grc' dir='ltr'>οὑ</span> <span class='ocrx_word' id='word_1_671' title='bbox 1271 5207 1378 5275; x_wconf 80' lang='grc' dir='ltr'>μὴν</span> <span class='ocrx_word' id='word_1_672' title='bbox 1398 5207 1451 5259; x_wconf 82' lang='grc' dir='ltr'>δὲ</span> <span class='ocrx_word' id='word_1_673' title='bbox 1485 5209 1633 5278; x_wconf 78' lang='grc' dir='ltr'>ήκαὶ</span> <span class='ocrx_word' id='word_1_674' title='bbox 1674 5228 1691 5261; x_wconf 85' lang='grc' dir='ltr'>ι</span> <span class='ocrx_word' id='word_1_675' title='bbox 1721 5212 1782 5263; x_wconf 82' lang='grc' dir='ltr'>ὲκ</span> <span class='ocrx_word' id='word_1_676' title='bbox 1811 5210 1904 5264; x_wconf 84' lang='grc' dir='ltr'><strong>τοῦ</strong></span> 
     </span>
    </p>
   </div>
   <div class='ocr_carea' id='block_1_85' title="bbox 333 5285 1911 5366">
    <p class='ocr_par' dir='ltr' id='par_1_85' title="bbox 333 5285 1911 5366">
     <span class='ocr_line' id='line_1_85' title="bbox 333 5285 1911 5366; baseline 0.011 -26"><span class='ocrx_word' id='word_1_677' title='bbox 333 5289 467 5340; x_wconf 84' lang='grc' dir='ltr'>Υἱοῦ</span> <span class='ocrx_word' id='word_1_678' title='bbox 495 5285 636 5341; x_wconf 77' lang='grc' dir='ltr'>εἶναι</span> <span class='ocrx_word' id='word_1_679' title='bbox 671 5309 689 5340; x_wconf 71' lang='grc' dir='ltr'><strong>ιι</strong></span> <span class='ocrx_word' id='word_1_680' title='bbox 721 5291 878 5343; x_wconf 81' lang='grc' dir='ltr'>τοῦτο</span> <span class='ocrx_word' id='word_1_681' title='bbox 915 5309 934 5342; x_wconf 80' lang='grc' dir='ltr'>ι</span> <span class='ocrx_word' id='word_1_682' title='bbox 969 5301 1506 5366; x_wconf 74' lang='grc' dir='ltr'>προσμαρτυρετται,</span> <span class='ocrx_word' id='word_1_683' title='bbox 1545 5318 1563 5350; x_wconf 71' lang='grc' dir='ltr'>ι</span> <span class='ocrx_word' id='word_1_684' title='bbox 1604 5301 1739 5354; x_wconf 80' lang='grc' dir='ltr'><strong>ἀλλὰ</strong></span> <span class='ocrx_word' id='word_1_685' title='bbox 1772 5304 1911 5357; x_wconf 81' lang='grc' dir='ltr'>κατὰ</span> 
     </span>
    </p>
   </div>
   <div class='ocr_carea' id='block_1_86' title="bbox 333 5379 1911 5462">
    <p class='ocr_par' dir='ltr' id='par_1_86' title="bbox 333 5379 1911 5462">
     <span class='ocr_line' id='line_1_86' title="bbox 333 5379 1911 5462; baseline 0.011 -32"><span class='ocrx_word' id='word_1_686' title='bbox 333 5379 495 5446; x_wconf 81' lang='grc' dir='ltr'>λόγον</span> <span class='ocrx_word' id='word_1_687' title='bbox 526 5379 726 5442; x_wconf 77' lang='grc' dir='ltr'>δόσεως</span> <span class='ocrx_word' id='word_1_688' title='bbox 760 5384 790 5452; x_wconf 80' lang='grc' dir='ltr'>ἢ</span> <span class='ocrx_word' id='word_1_689' title='bbox 828 5386 1189 5454; x_wconf 79' lang='grc' dir='ltr'>φανερώσεως</span> <span class='ocrx_word' id='word_1_690' title='bbox 1211 5388 1270 5437; x_wconf 86' lang='lat'><strong>16</strong></span> <span class='ocrx_word' id='word_1_691' title='bbox 1294 5405 1351 5439; x_wconf 88' lang='grc' dir='ltr'><strong>τε</strong></span> <span class='ocrx_word' id='word_1_692' title='bbox 1376 5391 1678 5458; x_wconf 66' lang='grc' dir='ltr'>παραδθὲν</span> <span class='ocrx_word' id='word_1_693' title='bbox 1706 5395 1911 5462; x_wconf 81' lang='grc' dir='ltr'>ἰδίωμα</span> 
     </span>
    </p>
   </div>
   <div class='ocr_carea' id='block_1_87' title="bbox 334 5466 1909 5546">
    <p class='ocr_par' dir='ltr' id='par_1_87' title="bbox 334 5466 1909 5546">
     <span class='ocr_line' id='line_1_87' title="bbox 334 5466 1909 5546; baseline 0.01 -30"><span class='ocrx_word' id='word_1_694' title='bbox 334 5466 633 5537; x_wconf 73' lang='grc' dir='ltr'>προσώπου</span> <span class='ocrx_word' id='word_1_695' title='bbox 663 5469 757 5522; x_wconf 76' lang='grc' dir='ltr'><strong>τοῦ</strong></span> <span class='ocrx_word' id='word_1_696' title='bbox 783 5489 799 5520; x_wconf 82' lang='grc' dir='ltr'><strong>ι</strong></span> <span class='ocrx_word' id='word_1_697' title='bbox 831 5472 886 5536; x_wconf 80' lang='grc' dir='ltr'>ἐξ</span> <span class='ocrx_word' id='word_1_698' title='bbox 918 5471 1036 5533; x_wconf 79' lang='grc' dir='ltr'>ἑνὸς</span> <span class='ocrx_word' id='word_1_699' title='bbox 1061 5491 1080 5522; x_wconf 73' lang='grc' dir='ltr'><strong>ι</strong></span> <span class='ocrx_word' id='word_1_700' title='bbox 1109 5477 1244 5542; x_wconf 68' lang='grc' dir='ltr'>πρὸς</span> <span class='ocrx_word' id='word_1_701' title='bbox 1274 5475 1333 5526; x_wconf 86' lang='lat'><strong>16</strong></span> <span class='ocrx_word' id='word_1_702' title='bbox 1360 5493 1378 5526; x_wconf 82' lang='grc' dir='ltr'>ι</span> <span class='ocrx_word' id='word_1_703' title='bbox 1421 5476 1729 5546; x_wconf 35' lang='grc' dir='ltr'>ὲξνὰμφοίν,</span> <span class='ocrx_word' id='word_1_704' title='bbox 1763 5498 1781 5530; x_wconf 77' lang='grc' dir='ltr'><strong>ι</strong></span> <span class='ocrx_word' id='word_1_705' title='bbox 1815 5481 1909 5531; x_wconf 81' lang='grc' dir='ltr'><strong>καὶ</strong></span> 
     </span>
    </p>
   </div>
   <div class='ocr_carea' id='block_1_88' title="bbox 333 5560 1906 5642">
    <p class='ocr_par' dir='ltr' id='par_1_88' title="bbox 333 5560 1906 5642">
     <span class='ocr_line' id='line_1_88' title="bbox 333 5560 1906 5642; baseline 0.011 -34"><span class='ocrx_word' id='word_1_706' title='bbox 333 5560 528 5612; x_wconf 69' lang='grc' dir='ltr'>τούτου</span> <span class='ocrx_word' id='word_1_707' title='bbox 564 5561 697 5630; x_wconf 76' lang='grc' dir='ltr'>πρὸς</span> <span class='ocrx_word' id='word_1_708' title='bbox 719 5565 918 5628; x_wconf 79' lang='grc' dir='ltr'>ἐκεῖνο,</span> <span class='ocrx_word' id='word_1_709' title='bbox 942 5567 1004 5616; x_wconf 80' lang='grc' dir='ltr'><strong>ἐκ</strong></span> <span class='ocrx_word' id='word_1_710' title='bbox 1025 5565 1118 5617; x_wconf 86' lang='grc' dir='ltr'><strong>τοῦ</strong></span> <span class='ocrx_word' id='word_1_711' title='bbox 1142 5568 1394 5636; x_wconf 79' lang='grc' dir='ltr'>ἀνομοίου</span> <span class='ocrx_word' id='word_1_712' title='bbox 1417 5569 1906 5642; x_wconf 73' lang='grc' dir='ltr'>διισχυριζομένοις</span> 
     </span>
    </p>
   </div>
   <div class='ocr_carea' id='block_1_89' title="bbox 336 5649 1905 5733">
    <p class='ocr_par' dir='ltr' id='par_1_89' title="bbox 336 5649 1905 5733">
     <span class='ocr_line' id='line_1_89' title="bbox 336 5649 1905 5733; baseline 0.008 -30"><span class='ocrx_word' id='word_1_713' title='bbox 336 5652 434 5705; x_wconf 76' lang='grc' dir='ltr'>οὐκ</span> <span class='ocrx_word' id='word_1_714' title='bbox 449 5653 511 5704; x_wconf 78' lang='grc' dir='ltr'><strong>ἐκ</strong></span> <span class='ocrx_word' id='word_1_715' title='bbox 523 5649 614 5704; x_wconf 82' lang='grc' dir='ltr'><strong>τοῦ</strong></span> <span class='ocrx_word' id='word_1_716' title='bbox 629 5654 815 5721; x_wconf 80' lang='grc' dir='ltr'>ὁμοίου</span> <span class='ocrx_word' id='word_1_717' title='bbox 832 5654 1189 5724; x_wconf 71' lang='grc' dir='ltr'>ὑπάρχει-,·,ὲκ</span> <span class='ocrx_word' id='word_1_718' title='bbox 1201 5658 1294 5711; x_wconf 82' lang='grc' dir='ltr'><strong>τοῦ</strong></span> <span class='ocrx_word' id='word_1_719' title='bbox 1311 5661 1430 5714; x_wconf 80' lang='grc' dir='ltr'>καθ’</span> <span class='ocrx_word' id='word_1_720' title='bbox 1447 5659 1682 5733; x_wconf 77' lang='grc' dir='ltr'>ὓπαρξιν</span> <span class='ocrx_word' id='word_1_721' title='bbox 1706 5663 1905 5717; x_wconf 76' lang='grc' dir='ltr'>καὶτοῦ</span> 
     </span>
    </p>
   </div>
   <div class='ocr_carea' id='block_1_90' title="bbox 405 5837 871 5900">
    <p class='ocr_par' dir='ltr' id='par_1_90' title="bbox 405 5837 871 5900">
     <span class='ocr_line' id='line_1_90' title="bbox 405 5837 871 5900; baseline 0.013 -11"><span class='ocrx_word' id='word_1_722' title='bbox 405 5837 449 5867; x_wconf 83' lang='grc'><strong>³¹</strong></span> <span class='ocrx_word' id='word_1_723' title='bbox 482 5837 638 5891; x_wconf 78' lang='lat' dir='ltr'><strong>Rom.</strong></span> <span class='ocrx_word' id='word_1_724' title='bbox 674 5857 792 5900; x_wconf 85' lang='lat' dir='ltr'><strong>\‘lll,</strong></span> <span class='ocrx_word' id='word_1_725' title='bbox 823 5843 871 5895; x_wconf 89' lang='lat'><strong>9.</strong></span> 
     </span>
    </p>
   </div>
   <div class='ocr_carea' id='block_1_91' title="bbox 2013 3275 3582 3350">
    <p class='ocr_par' dir='ltr' id='par_1_91' title="bbox 2013 3275 3582 3350">
     <span class='ocr_line' id='line_1_91' title="bbox 2013 3275 3582 3350; baseline -0.005 -17"><span class='ocrx_word' id='word_1_726' title='bbox 2013 3280 2158 3350; x_wconf 87' lang='lat' dir='ltr'><strong>quod</strong></span> <span class='ocrx_word' id='word_1_727' title='bbox 2209 3281 2583 3345; x_wconf 82' lang='lat' dir='ltr'><strong>adversarius,</strong></span> <span class='ocrx_word' id='word_1_728' title='bbox 2637 3297 2654 3329; x_wconf 82' lang='grc' dir='ltr'>ι</span> <span class='ocrx_word' id='word_1_729' title='bbox 2697 3277 2831 3344; x_wconf 83' lang='lat' dir='ltr'><strong>Quae</strong></span> <span class='ocrx_word' id='word_1_730' title='bbox 2891 3287 2974 3330; x_wconf 90' lang='lat' dir='ltr'><strong>est</strong></span> <span class='ocrx_word' id='word_1_731' title='bbox 3026 3275 3328 3330; x_wconf 53' lang='lat' dir='ltr'><strong>necessitas</strong></span> <span class='ocrx_word' id='word_1_732' title='bbox 3370 3276 3525 3328; x_wconf 80' lang='lat' dir='ltr'><strong>diri?</strong></span> <span class='ocrx_word' id='word_1_733' title='bbox 3566 3294 3582 3325; x_wconf 71' lang='grc' dir='ltr'><strong>ι</strong></span> 
     </span>
    </p>
   </div>
   <div class='ocr_carea' id='block_1_92' title="bbox 2013 3369 3589 3438">
    <p class='ocr_par' dir='ltr' id='par_1_92' title="bbox 2013 3369 3589 3438">
     <span class='ocr_line' id='line_1_92' title="bbox 2013 3369 3589 3438; baseline -0.004 -13"><span class='ocrx_word' id='word_1_734' title='bbox 2013 3372 2270 3436; x_wconf 82' lang='lat' dir='ltr'><strong>reboans,</strong></span> <span class='ocrx_word' id='word_1_735' title='bbox 2337 3386 2435 3424; x_wconf 88' lang='lat' dir='ltr'><strong>nec</strong></span> <span class='ocrx_word' id='word_1_736' title='bbox 2499 3370 2836 3438; x_wconf 81' lang='lat' dir='ltr'><strong>tlteulogicas</strong></span> <span class='ocrx_word' id='word_1_737' title='bbox 2895 3369 3120 3421; x_wconf 80' lang='lat' dir='ltr'><strong>Patrum</strong></span> <span class='ocrx_word' id='word_1_738' title='bbox 3195 3370 3589 3421; x_wconf 69' lang='lat' dir='ltr'><strong>instructiones</strong></span> 
     </span>
    </p>
   </div>
   <div class='ocr_carea' id='block_1_93' title="bbox 2013 3458 3586 3528">
    <p class='ocr_par' dir='ltr' id='par_1_93' title="bbox 2013 3458 3586 3528">
     <span class='ocr_line' id='line_1_93' title="bbox 2013 3458 3586 3528; baseline -0.003 -11"><span class='ocrx_word' id='word_1_739' title='bbox 2013 3464 2271 3524; x_wconf 75' lang='lat' dir='ltr'><strong>revereri,</strong></span> <span class='ocrx_word' id='word_1_740' title='bbox 2301 3460 2593 3514; x_wconf 79' lang='lat' dir='ltr'><strong>manifesto</strong></span> <span class='ocrx_word' id='word_1_741' title='bbox 2627 3461 3078 3528; x_wconf 77' lang='lat' dir='ltr'><strong>depreltcnd;tur.</strong></span> <span class='ocrx_word' id='word_1_742' title='bbox 3109 3458 3173 3512; x_wconf 85' lang='lat' dir='ltr'><strong>Et</strong></span> <span class='ocrx_word' id='word_1_743' title='bbox 3199 3459 3361 3510; x_wconf 64' lang='grc' dir='ltr'><strong>ινα-ιιι»</strong></span> <span class='ocrx_word' id='word_1_744' title='bbox 3390 3477 3500 3512; x_wconf 72' lang='lat' dir='ltr'><strong>esse</strong></span> <span class='ocrx_word' id='word_1_745' title='bbox 3525 3462 3586 3511; x_wconf 81' lang='lat' dir='ltr'><strong>ad</strong></span> 
     </span>
    </p>
   </div>
   <div class='ocr_carea' id='block_1_94' title="bbox 2013 3551 3586 3608">
    <p class='ocr_par' dir='ltr' id='par_1_94' title="bbox 2013 3551 3586 3608">
     <span class='ocr_line' id='line_1_94' title="bbox 2013 3551 3586 3608; baseline -0.005 0"><span class='ocrx_word' id='word_1_746' title='bbox 2013 3553 2547 3608; x_wconf 78' lang='lat' dir='ltr'><strong>commcnstrandum</strong></span> <span class='ocrx_word' id='word_1_747' title='bbox 2615 3554 2718 3604; x_wconf 86' lang='lat' dir='ltr'><strong>hoc</strong></span> <span class='ocrx_word' id='word_1_748' title='bbox 2783 3567 2846 3603; x_wconf 85' lang='lat' dir='ltr'><strong>ex</strong></span> <span class='ocrx_word' id='word_1_749' title='bbox 2911 3551 3033 3607; x_wconf 70' lang='lat' dir='ltr'><strong>hoc.</strong></span> <span class='ocrx_word' id='word_1_750' title='bbox 3095 3561 3148 3602; x_wconf 92' lang='lat' dir='ltr'><strong>et</strong></span> <span class='ocrx_word' id='word_1_751' title='bbox 3211 3551 3586 3602; x_wconf 74' lang='lat' dir='ltr'><strong>exsistentiam</strong></span> 
     </span>
    </p>
   </div>
   <div class='ocr_carea' id='block_1_95' title="bbox 2014 3641 3583 3710">
    <p class='ocr_par' dir='ltr' id='par_1_95' title="bbox 2014 3641 3583 3710">
     <span class='ocr_line' id='line_1_95' title="bbox 2014 3641 3583 3710; baseline -0.004 -12"><span class='ocrx_word' id='word_1_752' title='bbox 2014 3644 2410 3700; x_wconf 86' lang='lat' dir='ltr'><strong>connotandatn</strong></span> <span class='ocrx_word' id='word_1_753' title='bbox 2463 3644 2670 3697; x_wconf 86' lang='lat' dir='ltr'><strong>nullum</strong></span> <span class='ocrx_word' id='word_1_754' title='bbox 2741 3644 2887 3696; x_wconf 87' lang='lat' dir='ltr'><strong>aliud</strong></span> <span class='ocrx_word' id='word_1_755' title='bbox 2951 3657 3074 3694; x_wconf 80' lang='lat' dir='ltr'><strong>esse</strong></span> <span class='ocrx_word' id='word_1_756' title='bbox 3130 3641 3413 3710; x_wconf 88' lang='lat' dir='ltr'><strong>antiquius</strong></span> <span class='ocrx_word' id='word_1_757' title='bbox 3497 3652 3583 3694; x_wconf 88' lang='lat' dir='ltr'><strong>aut</strong></span> 
     </span>
    </p>
   </div>
   <div class='ocr_carea' id='block_1_96' title="bbox 2012 3733 3587 3808">
    <p class='ocr_par' dir='ltr' id='par_1_96' title="bbox 2012 3733 3587 3808">
     <span class='ocr_line' id='line_1_96' title="bbox 2012 3733 3587 3808; baseline -0.005 -16"><span class='ocrx_word' id='word_1_758' title='bbox 2012 3737 2385 3808; x_wconf 88' lang='lat' dir='ltr'><strong>perspicacius</strong></span> <span class='ocrx_word' id='word_1_759' title='bbox 2417 3735 2549 3789; x_wconf 85' lang='lat' dir='ltr'><strong>nulli</strong></span> <span class='ocrx_word' id='word_1_760' title='bbox 2589 3735 2814 3787; x_wconf 82' lang='lat' dir='ltr'><strong>dubium</strong></span> <span class='ocrx_word' id='word_1_761' title='bbox 2865 3740 2967 3787; x_wconf 84' lang='lat' dir='ltr'><strong>est.</strong></span> <span class='ocrx_word' id='word_1_762' title='bbox 3005 3733 3115 3786; x_wconf 86' lang='lat' dir='ltr'><strong>lloc</strong></span> <span class='ocrx_word' id='word_1_763' title='bbox 3168 3748 3296 3785; x_wconf 80' lang='lat' dir='ltr'><strong>vero</strong></span> <span class='ocrx_word' id='word_1_764' title='bbox 3338 3733 3587 3784; x_wconf 85' lang='lat' dir='ltr'><strong>conside-</strong></span> 
     </span>
    </p>
   </div>
   <div class='ocr_carea' id='block_1_97' title="bbox 2013 3823 3588 3894">
    <p class='ocr_par' dir='ltr' id='par_1_97' title="bbox 2013 3823 3588 3894">
     <span class='ocr_line' id='line_1_97' title="bbox 2013 3823 3588 3894; baseline -0.007 -13"><span class='ocrx_word' id='word_1_765' title='bbox 2013 3829 2244 3882; x_wconf 89' lang='lat' dir='ltr'><strong>randum</strong></span> <span class='ocrx_word' id='word_1_766' title='bbox 2278 3838 2379 3890; x_wconf 86' lang='lat' dir='ltr'><strong>est,</strong></span> <span class='ocrx_word' id='word_1_767' title='bbox 2425 3828 2683 3894; x_wconf 80' lang='lat' dir='ltr'><strong>quidnam</strong></span> <span class='ocrx_word' id='word_1_768' title='bbox 2718 3825 2850 3879; x_wconf 92' lang='lat' dir='ltr'><strong>illud</strong></span> <span class='ocrx_word' id='word_1_769' title='bbox 2895 3833 3073 3886; x_wconf 83' lang='lat' dir='ltr'><strong>sonet,</strong></span> <span class='ocrx_word' id='word_1_770' title='bbox 3110 3843 3127 3872; x_wconf 76' lang='grc' dir='ltr'><strong>ι</strong></span> <span class='ocrx_word' id='word_1_771' title='bbox 3170 3823 3278 3875; x_wconf 73' lang='lat' dir='ltr'><strong>Ner.</strong></span> <span class='ocrx_word' id='word_1_772' title='bbox 3308 3824 3448 3875; x_wconf 80' lang='lat' dir='ltr'><strong>ultra</strong></span> <span class='ocrx_word' id='word_1_773' title='bbox 3473 3824 3588 3874; x_wconf 78' lang='lat' dir='ltr'><strong>-lmr</strong></span> 
     </span>
    </p>
   </div>
   <div class='ocr_carea' id='block_1_98' title="bbox 2014 3916 3587 3986">
    <p class='ocr_par' dir='ltr' id='par_1_98' title="bbox 2014 3916 3587 3986">
     <span class='ocr_line' id='line_1_98' title="bbox 2014 3916 3587 3986; baseline -0.008 -12"><span class='ocrx_word' id='word_1_774' title='bbox 2014 3921 2188 3974; x_wconf 88' lang='lat' dir='ltr'><strong>oratio</strong></span> <span class='ocrx_word' id='word_1_775' title='bbox 2246 3919 2631 3986; x_wconf 82' lang='lat' dir='ltr'><strong>proprietatem</strong></span> <span class='ocrx_word' id='word_1_776' title='bbox 2690 3917 2832 3970; x_wconf 90' lang='lat' dir='ltr'><strong>illius</strong></span> <span class='ocrx_word' id='word_1_777' title='bbox 2889 3916 3159 3978; x_wconf 73' lang='lat' dir='ltr'><strong>extendit,</strong></span> <span class='ocrx_word' id='word_1_778' title='bbox 3222 3933 3239 3964; x_wconf 75' lang='grc' dir='ltr'>ι</span> <span class='ocrx_word' id='word_1_779' title='bbox 3307 3925 3587 3981; x_wconf 74' lang='lat' dir='ltr'><strong>postquam</strong></span> 
     </span>
    </p>
   </div>
   <div class='ocr_carea' id='block_1_99' title="bbox 2014 4005 3583 4074">
    <p class='ocr_par' dir='ltr' id='par_1_99' title="bbox 2014 4005 3583 4074">
     <span class='ocr_line' id='line_1_99' title="bbox 2014 4005 3583 4074; baseline -0.007 -7"><span class='ocrx_word' id='word_1_780' title='bbox 2014 4013 2216 4067; x_wconf 89' lang='lat' dir='ltr'><strong>dictum</strong></span> <span class='ocrx_word' id='word_1_781' title='bbox 2262 4010 2359 4063; x_wconf 75' lang='lat' dir='ltr'><strong>fuit</strong></span> <span class='ocrx_word' id='word_1_782' title='bbox 2387 4030 2404 4060; x_wconf 80' lang='grc' dir='ltr'><strong>ι</strong></span> <span class='ocrx_word' id='word_1_783' title='bbox 2439 4009 2633 4062; x_wconf 75' lang='lat' dir='ltr'><strong>Filium</strong></span> <span class='ocrx_word' id='word_1_784' title='bbox 2669 4028 2687 4059; x_wconf 74' lang='grc' dir='ltr'>ι</span> <span class='ocrx_word' id='word_1_785' title='bbox 2720 4024 2782 4061; x_wconf 81' lang='lat' dir='ltr'><strong>ex</strong></span> <span class='ocrx_word' id='word_1_786' title='bbox 2813 4008 2976 4062; x_wconf 83' lang='lat' dir='ltr'><strong>Patre</strong></span> <span class='ocrx_word' id='word_1_787' title='bbox 2997 4009 3325 4074; x_wconf 72' lang='lat' dir='ltr'><strong>nuncupari.</strong></span> <span class='ocrx_word' id='word_1_788' title='bbox 3349 4005 3583 4059; x_wconf 81' lang='lat' dir='ltr'><strong>Omnino</strong></span> 
     </span>
    </p>
   </div>
   <div class='ocr_carea' id='block_1_100' title="bbox 2021 4101 3589 4167">
    <p class='ocr_par' dir='ltr' id='par_1_100' title="bbox 2021 4101 3589 4167">
     <span class='ocr_line' id='line_1_100' title="bbox 2021 4101 3589 4167; baseline -0.004 -11"><span class='ocrx_word' id='word_1_789' title='bbox 2021 4125 2038 4156; x_wconf 87' lang='grc' dir='ltr'>ι</span> <span class='ocrx_word' id='word_1_790' title='bbox 2081 4121 2178 4157; x_wconf 87' lang='lat' dir='ltr'><strong>nec</strong></span> <span class='ocrx_word' id='word_1_791' title='bbox 2213 4105 2350 4156; x_wconf 77' lang='lat' dir='ltr'><strong>ultra</strong></span> <span class='ocrx_word' id='word_1_792' title='bbox 2389 4103 2518 4156; x_wconf 74' lang='lat' dir='ltr'><strong>illud</strong></span> <span class='ocrx_word' id='word_1_793' title='bbox 2583 4122 2601 4152; x_wconf 74' lang='grc' dir='ltr'><strong>ι</strong></span> <span class='ocrx_word' id='word_1_794' title='bbox 2629 4119 2692 4155; x_wconf 78' lang='lat' dir='ltr'><strong>ex</strong></span> <span class='ocrx_word' id='word_1_795' title='bbox 2721 4101 2884 4154; x_wconf 78' lang='lat' dir='ltr'><strong>Patre</strong></span> <span class='ocrx_word' id='word_1_796' title='bbox 2912 4116 3106 4167; x_wconf 75' lang='lat' dir='ltr'><strong>nempe</strong></span> <span class='ocrx_word' id='word_1_797' title='bbox 3138 4114 3280 4163; x_wconf 81' lang='lat' dir='ltr'><strong>esse,</strong></span> <span class='ocrx_word' id='word_1_798' title='bbox 3306 4111 3356 4151; x_wconf 90' lang='lat' dir='ltr'><strong>et</strong></span> <span class='ocrx_word' id='word_1_799' title='bbox 3387 4114 3494 4150; x_wconf 87' lang='lat' dir='ltr'><strong>non</strong></span> <span class='ocrx_word' id='word_1_800' title='bbox 3529 4113 3589 4149; x_wconf 70' lang='lat' dir='ltr'><strong>cx</strong></span> 
     </span>
    </p>
   </div>
   <div class='ocr_carea' id='block_1_101' title="bbox 2015 4190 3590 4264">
    <p class='ocr_par' dir='ltr' id='par_1_101' title="bbox 2015 4190 3590 4264">
     <span class='ocr_line' id='line_1_101' title="bbox 2015 4190 3590 4264; baseline -0.007 -15"><span class='ocrx_word' id='word_1_801' title='bbox 2015 4197 2143 4260; x_wconf 88' lang='lat' dir='ltr'><strong>alio,</strong></span> <span class='ocrx_word' id='word_1_802' title='bbox 2176 4199 2290 4248; x_wconf 76' lang='lat' dir='ltr'><strong>sive</strong></span> <span class='ocrx_word' id='word_1_803' title='bbox 2321 4210 2550 4263; x_wconf 87' lang='lat' dir='ltr'><strong>prorsus</strong></span> <span class='ocrx_word' id='word_1_804' title='bbox 2593 4209 2692 4264; x_wconf 85' lang='lat' dir='ltr'><strong>per</strong></span> <span class='ocrx_word' id='word_1_805' title='bbox 2723 4194 2894 4246; x_wconf 76' lang='lat' dir='ltr'><strong>aliud.</strong></span> <span class='ocrx_word' id='word_1_806' title='bbox 2947 4193 3014 4244; x_wconf 79' lang='lat' dir='ltr'><strong>Et</strong></span> <span class='ocrx_word' id='word_1_807' title='bbox 3058 4207 3167 4244; x_wconf 83' lang='lat' dir='ltr'><strong>non</strong></span> <span class='ocrx_word' id='word_1_808' title='bbox 3202 4201 3284 4244; x_wconf 86' lang='lat' dir='ltr'><strong>cst</strong></span> <span class='ocrx_word' id='word_1_809' title='bbox 3321 4190 3590 4255; x_wconf 56' lang='lat' dir='ltr'><strong>Unigrnitt</strong></span> 
     </span>
    </p>
   </div>
   <div class='ocr_carea' id='block_1_102' title="bbox 2017 4283 3589 4350">
    <p class='ocr_par' dir='ltr' id='par_1_102' title="bbox 2017 4283 3589 4350">
     <span class='ocr_line' id='line_1_102' title="bbox 2017 4283 3589 4350; baseline -0.005 -10"><span class='ocrx_word' id='word_1_810' title='bbox 2017 4288 2092 4341; x_wconf 89' lang='lat' dir='ltr'><strong>ita</strong></span> <span class='ocrx_word' id='word_1_811' title='bbox 2123 4303 2191 4339; x_wconf 76' lang='lat' dir='ltr'><strong>ex</strong></span> <span class='ocrx_word' id='word_1_812' title='bbox 2224 4286 2380 4338; x_wconf 81' lang='lat' dir='ltr'><strong>Patre</strong></span> <span class='ocrx_word' id='word_1_813' title='bbox 2417 4300 2560 4348; x_wconf 76' lang='lat' dir='ltr'><strong>es.~e,</strong></span> <span class='ocrx_word' id='word_1_814' title='bbox 2598 4295 2654 4338; x_wconf 90' lang='lat' dir='ltr'><strong>ut</strong></span> <span class='ocrx_word' id='word_1_815' title='bbox 2681 4286 2848 4337; x_wconf 77' lang='lat' dir='ltr'><strong>altera</strong></span> <span class='ocrx_word' id='word_1_816' title='bbox 2885 4299 3118 4350; x_wconf 75' lang='lat' dir='ltr'><strong>persona</strong></span> <span class='ocrx_word' id='word_1_817' title='bbox 3150 4297 3214 4334; x_wconf 81' lang='lat' dir='ltr'><strong>ex</strong></span> <span class='ocrx_word' id='word_1_818' title='bbox 3251 4299 3315 4335; x_wconf 87' lang='lat' dir='ltr'><strong>eo</strong></span> <span class='ocrx_word' id='word_1_819' title='bbox 3353 4299 3454 4333; x_wconf 77' lang='lat' dir='ltr'><strong>non</strong></span> <span class='ocrx_word' id='word_1_820' title='bbox 3504 4283 3589 4332; x_wconf 68' lang='lat' dir='ltr'><strong>:ll.</strong></span> 
     </span>
    </p>
   </div>
   <div class='ocr_carea' id='block_1_103' title="bbox 2016 4375 3590 4443">
    <p class='ocr_par' dir='ltr' id='par_1_103' title="bbox 2016 4375 3590 4443">
     <span class='ocr_line' id='line_1_103' title="bbox 2016 4375 3590 4443; baseline -0.004 -13"><span class='ocrx_word' id='word_1_821' title='bbox 2016 4377 2130 4430; x_wconf 78' lang='lat' dir='ltr'><strong>Hoc</strong></span> <span class='ocrx_word' id='word_1_822' title='bbox 2191 4375 2459 4443; x_wconf 87' lang='lat' dir='ltr'><strong>siquidem</strong></span> <span class='ocrx_word' id='word_1_823' title='bbox 2495 4390 2522 4427; x_wconf 72' lang='grc' dir='ltr'><strong>ιι</strong></span> <span class='ocrx_word' id='word_1_824' title='bbox 2560 4376 2829 4440; x_wconf 83' lang='lat' dir='ltr'><strong>positione</strong></span> <span class='ocrx_word' id='word_1_825' title='bbox 2890 4375 3247 4441; x_wconf 78' lang='lat' dir='ltr'><strong>rejictt-ntlum</strong></span> <span class='ocrx_word' id='word_1_826' title='bbox 3311 4382 3413 4434; x_wconf 76' lang='lat' dir='ltr'><strong>cst,</strong></span> <span class='ocrx_word' id='word_1_827' title='bbox 3472 4390 3590 4422; x_wconf 76' lang='lat' dir='ltr'><strong>rum</strong></span> 
     </span>
    </p>
   </div>
   <div class='ocr_carea' id='block_1_104' title="bbox 2017 4465 3594 4535">
    <p class='ocr_par' dir='ltr' id='par_1_104' title="bbox 2017 4465 3594 4535">
     <span class='ocr_line' id='line_1_104' title="bbox 2017 4465 3594 4535; baseline -0.006 -12"><span class='ocrx_word' id='word_1_828' title='bbox 2017 4469 2354 4523; x_wconf 77' lang='lat' dir='ltr'><strong>fundamenti</strong></span> <span class='ocrx_word' id='word_1_829' title='bbox 2390 4467 2511 4520; x_wconf 83' lang='lat' dir='ltr'><strong>ﬁdei</strong></span> <span class='ocrx_word' id='word_1_830' title='bbox 2562 4467 2844 4535; x_wconf 76' lang='lat' dir='ltr'><strong>almrgatio</strong></span> <span class='ocrx_word' id='word_1_831' title='bbox 2893 4467 2983 4520; x_wconf 90' lang='lat' dir='ltr'><strong>sit.</strong></span> <span class='ocrx_word' id='word_1_832' title='bbox 3027 4467 3420 4520; x_wconf 80' lang='lat' dir='ltr'><strong>Verumtamen</strong></span> <span class='ocrx_word' id='word_1_833' title='bbox 3481 4465 3594 4515; x_wconf 78' lang='lat' dir='ltr'><strong>ltu&#39;c</strong></span> 
     </span>
    </p>
   </div>
   <div class='ocr_carea' id='block_1_105' title="bbox 2016 4555 3594 4628">
    <p class='ocr_par' dir='ltr' id='par_1_105' title="bbox 2016 4555 3594 4628">
     <span class='ocr_line' id='line_1_105' title="bbox 2016 4555 3594 4628; baseline -0.006 -15"><span class='ocrx_word' id='word_1_834' title='bbox 2016 4569 2098 4613; x_wconf 90' lang='lat' dir='ltr'><strong>est</strong></span> <span class='ocrx_word' id='word_1_835' title='bbox 2133 4559 2465 4628; x_wconf 86' lang='lat' dir='ltr'><strong>proprietas.</strong></span> <span class='ocrx_word' id='word_1_836' title='bbox 2499 4556 2692 4609; x_wconf 83' lang='lat' dir='ltr'><strong>Filium</strong></span> <span class='ocrx_word' id='word_1_837' title='bbox 2727 4557 2989 4626; x_wconf 67' lang='lat' dir='ltr'><strong>solunrct</strong></span> <span class='ocrx_word' id='word_1_838' title='bbox 3022 4557 3141 4609; x_wconf 76' lang='lat' dir='ltr'><strong>solo</strong></span> <span class='ocrx_word' id='word_1_839' title='bbox 3177 4555 3338 4608; x_wconf 88' lang='lat' dir='ltr'><strong>Patre</strong></span> <span class='ocrx_word' id='word_1_840' title='bbox 3373 4570 3516 4614; x_wconf 85' lang='lat' dir='ltr'><strong>esse,</strong></span> <span class='ocrx_word' id='word_1_841' title='bbox 3543 4565 3594 4604; x_wconf 75' lang='grc' dir='ltr'><strong>(ιι</strong></span> 
     </span>
    </p>
   </div>
   <div class='ocr_carea' id='block_1_106' title="bbox 2017 4645 3594 4717">
    <p class='ocr_par' dir='ltr' id='par_1_106' title="bbox 2017 4645 3594 4717">
     <span class='ocr_line' id='line_1_106' title="bbox 2017 4645 3594 4717; baseline -0.004 -16"><span class='ocrx_word' id='word_1_842' title='bbox 2017 4654 2126 4701; x_wconf 83' lang='lat' dir='ltr'><strong>ndn</strong></span> <span class='ocrx_word' id='word_1_843' title='bbox 2155 4665 2217 4700; x_wconf 78' lang='lat' dir='ltr'><strong>ex</strong></span> <span class='ocrx_word' id='word_1_844' title='bbox 2251 4648 2354 4700; x_wconf 84' lang='lat' dir='ltr'><strong>alio</strong></span> <span class='ocrx_word' id='word_1_845' title='bbox 2396 4663 2646 4717; x_wconf 77' lang='lat' dir='ltr'><strong>prorsus,</strong></span> <span class='ocrx_word' id='word_1_846' title='bbox 2677 4661 2851 4713; x_wconf 87' lang='lat' dir='ltr'><strong>neque</strong></span> <span class='ocrx_word' id='word_1_847' title='bbox 2883 4662 2977 4713; x_wconf 90' lang='lat' dir='ltr'><strong>per</strong></span> <span class='ocrx_word' id='word_1_848' title='bbox 3001 4647 3171 4708; x_wconf 86' lang='lat' dir='ltr'><strong>aliud,</strong></span> <span class='ocrx_word' id='word_1_849' title='bbox 3206 4656 3261 4698; x_wconf 93' lang='lat' dir='ltr'><strong>et</strong></span> <span class='ocrx_word' id='word_1_850' title='bbox 3286 4660 3348 4696; x_wconf 80' lang='lat' dir='ltr'><strong>ex</strong></span> <span class='ocrx_word' id='word_1_851' title='bbox 3381 4645 3445 4696; x_wconf 90' lang='lat' dir='ltr'><strong>iis</strong></span> <span class='ocrx_word' id='word_1_852' title='bbox 3475 4660 3594 4712; x_wconf 70' lang='lat' dir='ltr'><strong>qua:</strong></span> 
     </span>
    </p>
   </div>
   <div class='ocr_carea' id='block_1_107' title="bbox 2017 4735 3594 4806">
    <p class='ocr_par' dir='ltr' id='par_1_107' title="bbox 2017 4735 3594 4806">
     <span class='ocr_line' id='line_1_107' title="bbox 2017 4735 3594 4806; baseline -0.003 -15"><span class='ocrx_word' id='word_1_853' title='bbox 2017 4739 2430 4806; x_wconf 84' lang='lat' dir='ltr'><strong>subsequuntur</strong></span> <span class='ocrx_word' id='word_1_854' title='bbox 2461 4739 2668 4790; x_wconf 81' lang='lat' dir='ltr'><strong>clarum</strong></span> <span class='ocrx_word' id='word_1_855' title='bbox 2721 4748 2991 4800; x_wconf 81' lang='lat' dir='ltr'><strong>remanet,</strong></span> <span class='ocrx_word' id='word_1_856' title='bbox 3028 4755 3046 4788; x_wconf 83' lang='grc' dir='ltr'>ι</span> <span class='ocrx_word' id='word_1_857' title='bbox 3087 4735 3321 4803; x_wconf 60' lang='lat' dir='ltr'><strong>Spiritus</strong></span> <span class='ocrx_word' id='word_1_858' title='bbox 3363 4751 3490 4788; x_wconf 85' lang='lat' dir='ltr'><strong>vero</strong></span> <span class='ocrx_word' id='word_1_859' title='bbox 3538 4746 3594 4786; x_wconf 76' lang='lat' dir='ltr'><strong>et</strong></span> 
     </span>
    </p>
   </div>
   <div class='ocr_carea' id='block_1_108' title="bbox 2015 4825 3589 4889">
    <p class='ocr_par' dir='ltr' id='par_1_108' title="bbox 2015 4825 3589 4889">
     <span class='ocr_line' id='line_1_108' title="bbox 2015 4825 3589 4889; baseline -0.005 -7"><span class='ocrx_word' id='word_1_860' title='bbox 2015 4844 2080 4882; x_wconf 81' lang='lat' dir='ltr'><strong>ex</strong></span> <span class='ocrx_word' id='word_1_861' title='bbox 2104 4827 2266 4880; x_wconf 83' lang='lat' dir='ltr'><strong>Patre</strong></span> <span class='ocrx_word' id='word_1_862' title='bbox 2286 4843 2407 4881; x_wconf 89' lang='lat' dir='ltr'><strong>esse</strong></span> <span class='ocrx_word' id='word_1_863' title='bbox 2436 4827 2657 4889; x_wconf 87' lang='lat' dir='ltr'><strong>dicitur,</strong></span> <span class='ocrx_word' id='word_1_864' title='bbox 2687 4836 2742 4878; x_wconf 89' lang='lat' dir='ltr'><strong>et</strong></span> <span class='ocrx_word' id='word_1_865' title='bbox 2767 4841 2830 4878; x_wconf 80' lang='lat' dir='ltr'><strong>ex</strong></span> <span class='ocrx_word' id='word_1_866' title='bbox 2873 4825 3013 4877; x_wconf 85' lang='lat' dir='ltr'><strong>Filio</strong></span> <span class='ocrx_word' id='word_1_867' title='bbox 3047 4825 3328 4878; x_wconf 88' lang='lat' dir='ltr'><strong>astruitur.</strong></span> <span class='ocrx_word' id='word_1_868' title='bbox 3360 4842 3377 4875; x_wconf 72' lang='grc' dir='ltr'><strong>ι</strong></span> <span class='ocrx_word' id='word_1_869' title='bbox 3420 4825 3589 4889; x_wconf 84' lang='lat' dir='ltr'><strong>Quam</strong></span> 
     </span>
    </p>
   </div>
   <div class='ocr_carea' id='block_1_109' title="bbox 2016 4916 3591 4988">
    <p class='ocr_par' dir='ltr' id='par_1_109' title="bbox 2016 4916 3591 4988">
     <span class='ocr_line' id='line_1_109' title="bbox 2016 4916 3591 4988; baseline -0.003 -17"><span class='ocrx_word' id='word_1_870' title='bbox 2016 4933 2180 4988; x_wconf 87' lang='lat' dir='ltr'><strong>porro</strong></span> <span class='ocrx_word' id='word_1_871' title='bbox 2202 4918 2478 4971; x_wconf 76' lang='lat' dir='ltr'><strong>infamiam</strong></span> <span class='ocrx_word' id='word_1_872' title='bbox 2507 4917 2763 4970; x_wconf 86' lang='lat' dir='ltr'><strong>conciliat</strong></span> <span class='ocrx_word' id='word_1_873' title='bbox 2793 4917 3130 4981; x_wconf 76' lang='lat' dir='ltr'><strong>dicentibus,</strong></span> <span class='ocrx_word' id='word_1_874' title='bbox 3160 4917 3476 4984; x_wconf 81' lang='lat' dir='ltr'><strong>quicunque</strong></span> <span class='ocrx_word' id='word_1_875' title='bbox 3515 4916 3591 4966; x_wconf 89' lang='lat' dir='ltr'><strong>illi</strong></span> 
     </span>
    </p>
   </div>
   <div class='ocr_carea' id='block_1_110' title="bbox 2019 5008 3593 5075">
    <p class='ocr_par' dir='ltr' id='par_1_110' title="bbox 2019 5008 3593 5075">
     <span class='ocr_line' id='line_1_110' title="bbox 2019 5008 3593 5075; baseline -0.003 -7"><span class='ocrx_word' id='word_1_876' title='bbox 2019 5015 2148 5075; x_wconf 80' lang='lat' dir='ltr'><strong>sint,</strong></span> <span class='ocrx_word' id='word_1_877' title='bbox 2176 5013 2472 5067; x_wconf 81' lang='lat' dir='ltr'><strong>secundum</strong></span> <span class='ocrx_word' id='word_1_878' title='bbox 2507 5013 2882 5067; x_wconf 82' lang='lat' dir='ltr'><strong>cxsistentiant</strong></span> <span class='ocrx_word' id='word_1_879' title='bbox 2927 5012 3016 5065; x_wconf 87' lang='lat' dir='ltr'><strong>hic</strong></span> <span class='ocrx_word' id='word_1_880' title='bbox 3055 5029 3073 5062; x_wconf 75' lang='grc' dir='ltr'><strong>ι</strong></span> <span class='ocrx_word' id='word_1_881' title='bbox 3111 5026 3175 5064; x_wconf 81' lang='lat' dir='ltr'><strong>ex</strong></span> <span class='ocrx_word' id='word_1_882' title='bbox 3210 5008 3371 5062; x_wconf 79' lang='lat' dir='ltr'><strong>Patre</strong></span> <span class='ocrx_word' id='word_1_883' title='bbox 3398 5009 3593 5064; x_wconf 83' lang='lat' dir='ltr'><strong>Filium</strong></span> 
     </span>
    </p>
   </div>
   <div class='ocr_carea' id='block_1_111' title="bbox 2016 5109 3594 5179">
    <p class='ocr_par' dir='ltr' id='par_1_111' title="bbox 2016 5109 3594 5179">
     <span class='ocr_line' id='line_1_111' title="bbox 2016 5109 3594 5179; baseline -0.006 -14"><span class='ocrx_word' id='word_1_884' title='bbox 2016 5111 2142 5174; x_wconf 89' lang='lat' dir='ltr'><strong>dici,</strong></span> <span class='ocrx_word' id='word_1_885' title='bbox 2179 5129 2196 5162; x_wconf 74' lang='grc' dir='ltr'>ι</span> <span class='ocrx_word' id='word_1_886' title='bbox 2234 5110 2472 5164; x_wconf 83' lang='lat' dir='ltr'><strong>clamare</strong></span> <span class='ocrx_word' id='word_1_887' title='bbox 2505 5110 2858 5179; x_wconf 71' lang='lat' dir='ltr'><strong>theologiam,</strong></span> <span class='ocrx_word' id='word_1_888' title='bbox 2888 5109 3003 5162; x_wconf 78' lang='lat' dir='ltr'><strong>sive</strong></span> <span class='ocrx_word' id='word_1_889' title='bbox 3036 5109 3198 5162; x_wconf 89' lang='lat' dir='ltr'><strong>etiam</strong></span> <span class='ocrx_word' id='word_1_890' title='bbox 3224 5121 3342 5159; x_wconf 88' lang='lat' dir='ltr'><strong>eam</strong></span> <span class='ocrx_word' id='word_1_891' title='bbox 3377 5121 3495 5174; x_wconf 73' lang='lat' dir='ltr'><strong>qua:</strong></span> <span class='ocrx_word' id='word_1_892' title='bbox 3528 5119 3594 5157; x_wconf 74' lang='lat' dir='ltr'><strong>ex</strong></span> 
     </span>
    </p>
   </div>
   <div class='ocr_carea' id='block_1_112' title="bbox 2018 5196 3588 5271">
    <p class='ocr_par' dir='ltr' id='par_1_112' title="bbox 2018 5196 3588 5271">
     <span class='ocr_line' id='line_1_112' title="bbox 2018 5196 3588 5271; baseline -0.004 -16"><span class='ocrx_word' id='word_1_893' title='bbox 2018 5202 2178 5256; x_wconf 90' lang='lat' dir='ltr'><strong>Patre</strong></span> <span class='ocrx_word' id='word_1_894' title='bbox 2219 5200 2482 5271; x_wconf 88' lang='lat' dir='ltr'><strong>Spiritum</strong></span> <span class='ocrx_word' id='word_1_895' title='bbox 2516 5211 2735 5265; x_wconf 82' lang='lat' dir='ltr'><strong>asserit,</strong></span> <span class='ocrx_word' id='word_1_896' title='bbox 2758 5217 2867 5254; x_wconf 90' lang='lat' dir='ltr'><strong>non</strong></span> <span class='ocrx_word' id='word_1_897' title='bbox 2895 5211 3074 5254; x_wconf 91' lang='lat' dir='ltr'><strong>autem</strong></span> <span class='ocrx_word' id='word_1_898' title='bbox 3102 5199 3242 5251; x_wconf 85' lang='lat' dir='ltr'><strong>illam</strong></span> <span class='ocrx_word' id='word_1_899' title='bbox 3266 5213 3382 5268; x_wconf 71' lang='lat' dir='ltr'><strong>qua:</strong></span> <span class='ocrx_word' id='word_1_900' title='bbox 3408 5196 3588 5256; x_wconf 85' lang='lat' dir='ltr'><strong>tradit,</strong></span> 
     </span>
    </p>
   </div>
   <div class='ocr_carea' id='block_1_113' title="bbox 2025 5289 3587 5356">
    <p class='ocr_par' dir='ltr' id='par_1_113' title="bbox 2025 5289 3587 5356">
     <span class='ocr_line' id='line_1_113' title="bbox 2025 5289 3587 5356; baseline -0.004 -10"><span class='ocrx_word' id='word_1_901' title='bbox 2025 5314 2042 5346; x_wconf 79' lang='grc' dir='ltr'>ι</span> <span class='ocrx_word' id='word_1_902' title='bbox 2089 5303 2142 5347; x_wconf 90' lang='lat' dir='ltr'><strong>et</strong></span> <span class='ocrx_word' id='word_1_903' title='bbox 2172 5309 2237 5347; x_wconf 71' lang='lat' dir='ltr'><em>e1</em></span> <span class='ocrx_word' id='word_1_904' title='bbox 2279 5291 2411 5347; x_wconf 79' lang='lat' dir='ltr'><strong>Filio</strong></span> <span class='ocrx_word' id='word_1_905' title='bbox 2445 5309 2566 5347; x_wconf 86' lang='lat' dir='ltr'><strong>esse</strong></span> <span class='ocrx_word' id='word_1_906' title='bbox 2597 5295 2880 5356; x_wconf 85' lang='lat' dir='ltr'><strong>astruitur,</strong></span> <span class='ocrx_word' id='word_1_907' title='bbox 2919 5311 2937 5344; x_wconf 75' lang='grc' dir='ltr'>ι</span> <span class='ocrx_word' id='word_1_908' title='bbox 2964 5291 3058 5345; x_wconf 86' lang='lat' dir='ltr'><strong>sed</strong></span> <span class='ocrx_word' id='word_1_909' title='bbox 3088 5291 3301 5343; x_wconf 84' lang='lat' dir='ltr'><strong>ratione</strong></span> <span class='ocrx_word' id='word_1_910' title='bbox 3332 5289 3587 5348; x_wconf 89' lang='lat' dir='ltr'><strong>dationis,</strong></span> 
     </span>
    </p>
   </div>
   <div class='ocr_carea' id='block_1_114' title="bbox 2017 5381 3590 5452">
    <p class='ocr_par' dir='ltr' id='par_1_114' title="bbox 2017 5381 3590 5452">
     <span class='ocr_line' id='line_1_114' title="bbox 2017 5381 3590 5452; baseline -0.005 -13"><span class='ocrx_word' id='word_1_911' title='bbox 2017 5386 2134 5439; x_wconf 83' lang='lat' dir='ltr'><strong>sive</strong></span> <span class='ocrx_word' id='word_1_912' title='bbox 2166 5385 2620 5439; x_wconf 76' lang='lat' dir='ltr'><strong>manifestationis</strong></span> <span class='ocrx_word' id='word_1_913' title='bbox 2647 5387 2900 5438; x_wconf 77' lang='lat' dir='ltr'><strong>traditam</strong></span> <span class='ocrx_word' id='word_1_914' title='bbox 2927 5397 3171 5452; x_wconf 70' lang='lat' dir='ltr'><strong>persona:</strong></span> <span class='ocrx_word' id='word_1_915' title='bbox 3203 5381 3590 5448; x_wconf 79' lang='lat' dir='ltr'><strong>proprietatem</strong></span> 
     </span>
    </p>
   </div>
   <div class='ocr_carea' id='block_1_115' title="bbox 2020 5476 3593 5551">
    <p class='ocr_par' dir='ltr' id='par_1_115' title="bbox 2020 5476 3593 5551">
     <span class='ocr_line' id='line_1_115' title="bbox 2020 5476 3593 5551; baseline -0.004 -21"><span class='ocrx_word' id='word_1_916' title='bbox 2020 5478 2164 5531; x_wconf 90' lang='lat' dir='ltr'><strong>illius</strong></span> <span class='ocrx_word' id='word_1_917' title='bbox 2197 5496 2215 5528; x_wconf 81' lang='grc' dir='ltr'><strong>ι</strong></span> <span class='ocrx_word' id='word_1_918' title='bbox 2261 5493 2326 5532; x_wconf 72' lang='lat' dir='ltr'><strong>ex</strong></span> <span class='ocrx_word' id='word_1_919' title='bbox 2360 5494 2468 5531; x_wconf 91' lang='lat' dir='ltr'><strong>uno</strong></span> <span class='ocrx_word' id='word_1_920' title='bbox 2511 5497 2528 5528; x_wconf 73' lang='grc' dir='ltr'>ι</span> <span class='ocrx_word' id='word_1_921' title='bbox 2571 5486 2822 5551; x_wconf 79' lang='lat' dir='ltr'><strong>respectu</strong></span> <span class='ocrx_word' id='word_1_922' title='bbox 2866 5479 3013 5530; x_wconf 78' lang='lat' dir='ltr'><strong>illius</strong></span> <span class='ocrx_word' id='word_1_923' title='bbox 3050 5476 3140 5543; x_wconf 87' lang='lat' dir='ltr'><strong>qni</strong></span> <span class='ocrx_word' id='word_1_924' title='bbox 3186 5492 3205 5524; x_wconf 76' lang='grc' dir='ltr'>ι</span> <span class='ocrx_word' id='word_1_925' title='bbox 3249 5488 3316 5526; x_wconf 77' lang='lat' dir='ltr'><strong>ex</strong></span> <span class='ocrx_word' id='word_1_926' title='bbox 3359 5484 3593 5540; x_wconf 85' lang='lat' dir='ltr'><strong>utroque</strong></span> 
     </span>
    </p>
   </div>
   <div class='ocr_carea' id='block_1_116' title="bbox 2017 5566 3590 5640">
    <p class='ocr_par' dir='ltr' id='par_1_116' title="bbox 2017 5566 3590 5640">
     <span class='ocr_line' id='line_1_116' title="bbox 2017 5566 3590 5640; baseline -0.004 -17"><span class='ocrx_word' id='word_1_927' title='bbox 2017 5582 2118 5633; x_wconf 83' lang='lat' dir='ltr'><strong>cst,</strong></span> <span class='ocrx_word' id='word_1_928' title='bbox 2163 5590 2180 5622; x_wconf 78' lang='grc' dir='ltr'>ι</span> <span class='ocrx_word' id='word_1_929' title='bbox 2220 5579 2274 5624; x_wconf 93' lang='lat' dir='ltr'><strong>et</strong></span> <span class='ocrx_word' id='word_1_930' title='bbox 2304 5571 2466 5640; x_wconf 84' lang='lat' dir='ltr'><strong>hujus</strong></span> <span class='ocrx_word' id='word_1_931' title='bbox 2487 5581 2736 5638; x_wconf 88' lang='lat' dir='ltr'><strong>respectu</strong></span> <span class='ocrx_word' id='word_1_932' title='bbox 2775 5571 2940 5634; x_wconf 90' lang='lat' dir='ltr'><strong>illius,</strong></span> <span class='ocrx_word' id='word_1_933' title='bbox 2974 5586 3040 5622; x_wconf 84' lang='lat' dir='ltr'><strong>ex</strong></span> <span class='ocrx_word' id='word_1_934' title='bbox 3067 5566 3322 5622; x_wconf 87' lang='lat' dir='ltr'><strong>dissimili</strong></span> <span class='ocrx_word' id='word_1_935' title='bbox 3355 5574 3590 5618; x_wconf 85' lang='lat' dir='ltr'><strong>conten-</strong></span> 
     </span>
    </p>
   </div>
   <div class='ocr_carea' id='block_1_117' title="bbox 2017 5659 3592 5732">
    <p class='ocr_par' dir='ltr' id='par_1_117' title="bbox 2017 5659 3592 5732">
     <span class='ocr_line' id='line_1_117' title="bbox 2017 5659 3592 5732; baseline -0.005 -15"><span class='ocrx_word' id='word_1_936' title='bbox 2017 5663 2288 5728; x_wconf 88' lang='lat' dir='ltr'><strong>dentibus,</strong></span> <span class='ocrx_word' id='word_1_937' title='bbox 2322 5680 2429 5717; x_wconf 86' lang='lat' dir='ltr'><strong>non</strong></span> <span class='ocrx_word' id='word_1_938' title='bbox 2459 5678 2521 5718; x_wconf 78' lang='lat' dir='ltr'><strong>ex</strong></span> <span class='ocrx_word' id='word_1_939' title='bbox 2548 5664 2709 5718; x_wconf 88' lang='lat' dir='ltr'><strong>simili</strong></span> <span class='ocrx_word' id='word_1_940' title='bbox 2741 5665 3028 5728; x_wconf 74' lang='lat' dir='ltr'><strong>exsistere,</strong></span> <span class='ocrx_word' id='word_1_941' title='bbox 3059 5679 3124 5717; x_wconf 81' lang='lat' dir='ltr'><strong>ex</strong></span> <span class='ocrx_word' id='word_1_942' title='bbox 3156 5663 3246 5717; x_wconf 92' lang='lat' dir='ltr'><strong>illo</strong></span> <span class='ocrx_word' id='word_1_943' title='bbox 3271 5659 3362 5732; x_wconf 85' lang='lat' dir='ltr'><strong>qui</strong></span> <span class='ocrx_word' id='word_1_944' title='bbox 3390 5672 3592 5712; x_wconf 84' lang='lat' dir='ltr'><strong>secun-</strong></span> 
     </span>
    </p>
   </div>
  </div>
