4220 6444
281 348 423 411 1393

1227 351 1529 411 CONTRA
1569 351 1997 411 MANUELEM
2040 351 2525 412 CRETENSEM.

3376 312 3513 411 1394

274 473 413 509 κατα
449 456 548 518 τὰς
601 458 871 525 πατρικὰς
922 459 1378 529 προδεδειγμένας
1425 461 1838 531 μυσταγωγίας.
1874 466 1913 518 Α

1967 461 2189 517 .itiones.
2214 472 2271 515 ut
2290 465 2396 529 jam
2422 462 2815 516 demonstratis
2840 471 2996 515 antea
3021 460 3241 514 Patrum
3263 459 3524 515 doctrinis

275 547 442 606 Αύτὸς
472 547 568 614 μὲν
598 547 705 615 γὰρ
726 550 754 601 6
783 549 1040 618 θεὸτοφος
1070 550 1252 603 ἐνθάδε
1284 551 1506 617 Νύστης
1566 552 1724 620 μύνον
1780 553 1841 603 ἐκ

282 636 438 702 μόνου
472 638 562 688 τὸν
589 638 717 690 Υἰὸν
750 640 1104 709 δογματίσας,
1132 643 1191 692 τὸ
1234 643 1520 711 μονογενὲς
1548 640 1709 694 αὐτοῦ
1734 643 1844 694 διεο

277 728 543 795 τρὰνωσε,
567 732 660 780 καὶ
685 730 786 785 ποῦ
814 732 873 782 τὸ
901 732 1085 784 λοιπὸν
1116 733 1299 802 υῑότης
1333 734 1411 801 τῷ
1443 733 1742 801 Πνεύματι,
1788 735 1845 785 ὲν

278 818 330 870 δὲ
361 822 470 881 τοῖς
497 821 629 888 πρὸς
688 821 997 887 Ἀὄλαὸιον,
1031 825 1088 875 ἐν
1132 817 1211 885 οἷς
1243 825 1375 895 φησί
1398 840 1412 853 ·
1448 842 1465 874 ι
1503 824 1576 876 Τὸ
1610 825 1705 890 μὲν
1740 825 1847 892 γὰρ

280 911 559 980 “rt-poesy};
594 913 655 964 ἐκ
684 912 778 965 τοῦ
807 915 1051 983 πρώτου,
1094 933 1112 967 δ
1148 915 1239 967 τὸν
1276 915 1404 967 Υἰὸν
1442 914 1618 982 λέγων
1660 916 1724 965 ἐκ
1754 913 1847 965 τοῦ

281 1002 513 1070 llas-96;,
547 1006 824 1057 τουτέστιν
868 1007 1108 1074 ἁμέσως,
1133 1007 1209 1067 ὼς
1239 1007 1493 1072 ατί-ἔλεγε.
1534 1024 1555 1057 ι
1595 1005 1753 1073 μόνος
1785 1005 1850 1056 ἐκ

282 1093 440 1159 μόνου
456 1110 459 1113 ·
478 1113 496 1143 ι
520 1090 657 1157 εἶτα,
683 1096 788 1149 «Τὸ
810 1096 898 1147 διὰ
921 1096 1013 1148 τοῦ
1045 1097 1348 1166 προσεχοῦς
1376 1100 1439 1149 ὲκ
1462 1096 1554 1148 τοῦ
1573 1096 1788 1164 πρώτου
1826 1113 1845 1146 ι

280 1183 341 1233 τὸ
372 1183 597 1251 Πνεῦμα
618 1185 706 1237 διὰ
736 1185 827 1237 τοῦ
854 1186 983 1239 Υἱοῦ
1020 1186 1274 1254 καθαρῶς
1304 1189 1436 1240 αὐτὸ
1464 1188 1525 1240 τὸ
1568 1185 1853 1254 μονογενὲς

280 1272 665 1342 διηυκρίνησεν
688 1292 699 1304 ·
743 1274 822 1328 ἔτι
860 1292 918 1327 τε
959 1276 1081 1328 κατ’
1116 1278 1243 1338 ἔπος
1281 1276 1657 1345 διηρθρωκὼς,
1707 1274 1852 1328 ὥστε

284 1366 377 1415 καὶ
398 1365 461 1415 τὸ
490 1366 779 1431 μονογενὲς
830 1367 1205 1435 άναμφὶσολον
1238 1368 1329 1421 ἐπὶ
1358 1368 1452 1419 τοῦ
1486 1367 1615 1419 Υἱοῦ
1647 1366 1851 1434 μένειν,

286 1454 379 1505 καὶ
405 1454 463 1504 τὸ
499 1455 561 1506 ἐκ
596 1455 689 1505 τοῦ
718 1455 926 1526 ιιατρδς
950 1451 1090 1509 εἶναι
1121 1456 1184 1508 τὸ
1220 1457 1444 1524 Πνεῦμα
1480 1459 1554 1525 μὴ
1580 1456 1857 1525 ἀμφιϐάλ-

285 1543 417 1606 λειν,
451 1544 549 1612 τῆς
570 1546 663 1596 τοῦ
692 1546 818 1598 Υιοῦ
851 1548 1129 1615 μεσιτείας
1157 1549 1251 1600 καὶ
1279 1547 1456 1617 ἑαυτῷ
1485 1548 1547 1599 τὸ
1565 1545 1857 1615 μονογενὴς

287 1634 683 1702 φυλαττούσης,
710 1638 804 1689 καὶ
828 1637 889 1689 τὸ
925 1636 1149 1706 Πνεῦμα
1182 1640 1279 1704 τῆς
1324 1638 1559 1707 φυσικῆς
1586 1636 1722 1704 πρὸς
1767 1636 1858 1688 τδν

288 1725 510 1794 Πατέρα
543 1727 780 1796 σχέσεως
813 1728 890 1796 μὴ
917 1728 1312 1797 ἁπειργούσης,
1344 1748 1363 1780 ι
1415 1729 1472 1781 Ὀ
1500 1728 1557 1780 δέ
1583 1744 1647 1796 γε
1676 1729 1857 1797 διορα-

287 1815 583 1874 τικώτατος
618 1816 937 1885 Ἐπιφάνιος
969 1819 1178 1885 συνῳδὰ
1207 1818 1419 1880 τούτοις
1450 1818 1740 1887 Θεολογῶν,
1762 1820 1860 1871 καὶ
1891 1789 1933 1844 Β

290 1906 350 1960 τὸ
373 1906 432 1971 ἐξ
459 1910 662 1976 ἀμφοῖν
689 1904 828 1961 εἶναι
865 1910 928 1962 τὸ
959 1910 1184 1977 Πνεῦμα
1228 1910 1493 1979 διατόρως
1548 1910 1864 1981 ἀνακηρύτ-

291 2014 424 2062 των,
463 1986 716 2053 ἐντεῦθεν
743 2001 1118 2071 ἀπορραπίζει
1144 2002 1235 2053 τὸν
1266 2002 1327 2053 τὸ
1358 2001 1581 2072 Πνεῦμα
1612 2002 1742 2055 Υίὸν
1768 2000 1864 2053 καὶ

291 2090 486 2160 λοιπὴν
516 2092 1105 2161 ἁτοπίανσυνάγοντα.
1155 2094 1361 2146 Φάσκει
1410 2097 1519 2163 γὰρ
1544 2094 1600 2145 ὲν
1628 2092 1707 2162 τῷ
1749 2091 1868 2157 ’Δγ-

292 2184 546 2254 κυρωτῷ,
577 2203 596 2235 ι
644 2185 956 2256 Ἀμφότερα
984 2189 1231 2239 κατοικεῖ
1256 2188 1312 2238 ἐν
1340 2185 1417 2255 τῷ
1467 2186 1739 2256 ἀνθρώπῳ
1787 2185 1867 2255 τῷ

293 2276 509 2345 δικαίῳ,
540 2278 568 2329 6
596 2278 830 2346 Χριστὸς
853 2277 950 2330 καὶ
974 2277 1036 2331 τὸ
1069 2277 1295 2347 Πνεῦμα
1318 2278 1507 2333 αὑτοῦ.
1554 2278 1615 2330 Ei
1646 2278 1703 2331 δὲ
1728 2280 1863 2347 Χρι-

297 2368 418 2428 στὸς
468 2368 530 2419 ὲκ
578 2369 789 2439 Πατρδς
851 2368 1166 2423 πιστεύεται
1202 2369 1335 2432 Θεὸς
1387 2374 1451 2423 ὲκ
1497 2369 1657 2433 Θεοῦ,
1687 2370 1783 2423 καὶ
1806 2369 1870 2422 τὸ

296 2461 523 2531 Πνεῦμα
545 2464 609 2514 ὲκ
638 2462 732 2516 τοῦ
756 2463 1015 2531 Χριστοῦ,
1038 2465 1071 2524 ἦ
1095 2463 1221 2533 παρ’
1246 2464 1594 2532 ἀμφοτέρων,
1610 2462 1683 2522 ὥς
1706 2477 1871 2532 φησιν

296 2554 325 2605 6
348 2555 603 2623 Χριστὸς,
646 2557 715 2607 '0
735 2554 892 2619 παρὰ
929 2553 1036 2608 τοῦ
1061 2555 1289 2621 Πατρός
1312 2553 1722 2620 ἐκπορεύεται,
1752 2551 1870 2615 καὶ,

302 2639 490 2709 Οὗτος
524 2646 593 2697 ἐκ
630 2644 736 2699 τοῦ
784 2644 930 2712 ἐμοῦ
968 2644 1250 2712 λήψεται.
1301 2642 1453 2703 Εἶτα.
1495 2643 1609 2696 ἀλλ’
1640 2645 1755 2712 ἐρεῖ
1788 2659 1874 2705 τις

302 2733 452 2796 ἴσως,
483 2734 693 2787 Οὐκοῦν
732 2752 915 2805 φαμεν
947 2734 1040 2786 δύο
1061 2730 1204 2787 εἷναι
1224 2736 1411 2797 Υίοὺς,
1444 2737 1537 2787 καὶ
1570 2736 1687 2797 πῶς
1713 2752 1873 2802 μονο-

300 2826 731 2896 γενής;Μενοῦν
765 2846 829 2895 γε
884 2830 949 2882 σὺ
992 2831 1077 2893 τίς
1124 2824 1177 2882 si
1227 2828 1255 2880 6
1304 2826 1773 2894 ἀντιλογιζὸμενος
1797 2842 1877 2895 τῳ

301 2917 467 2987 Bst};
507 2919 568 2970 El
623 2919 733 2989 γὰρ
771 2920 863 2973 τὸν
923 2921 1050 2973 Υίδν
1077 2919 1357 2991 καλεῖοτδν
1388 2920 1448 2985 ἐξ
1488 2917 1680 2981 αὐτοῦ,
1734 2918 1797 2970 τὸ
1821 2917 1880 2970 δὲ

307 3010 462 3077 ἅγιον
498 3010 724 3080 Πνεῦμα
757 3012 819 3063 τὸ
872 3011 1004 3084 παρ’
1042 3012 1393 3081 ἀμφοτέρων,
1425 3009 1463 3063 ἃ.
1509 3010 1668 3080 μόνον
1701 3008 1880 3059 πίστει

1948 551 1999 603 in
2013 552 2290 616 atruiinnr,
2321 556 2555 621 .equales
2582 555 2728 607 vires
2754 552 3069 621 possideant
3096 569 3109 615 ;
3142 553 3256 621 ipse
3287 566 3526 618 namque

1945 656 1975 695 a
2006 643 2114 694 Deo
2142 643 2367 696 edoctus
2413 643 2707 709 Nysscnus,
2745 645 2923 698 solum
2952 658 3018 695 ex
3050 643 3166 697 snio
3206 642 3400 696 Filium
3433 641 3530 694 de-

1948 748 2205 794 cernens.
2239 735 2583 800 unigenitum
2620 736 2765 788 illius
2792 735 3090 790 declaravit
3122 752 3135 787 :
3170 746 3219 789 et
3255 734 3526 787 unilenam

1949 824 2138 877 filiatio
2187 824 2417 892 Spiritui
2458 826 2719 881 accedet?
2764 828 2817 879 in
2858 829 2922 880 iis
2954 842 3086 880 vero
3117 843 3236 896 que
3263 827 3328 881 ad
3366 827 3525 881 Abla-

1950 916 2099 970 bium
2132 918 2375 985 scripsit,
2402 918 2528 971 dum
2551 918 2626 970 ait
2659 934 2674 968 :
2709 938 2727 968 ι
2760 916 2871 972 Hoc
2903 919 3048 972 enim
3074 918 3335 973 continue
3362 929 3445 972 est
3466 934 3528 970 ex

1950 1008 2148 1075 primo,
2193 1026 2211 1057 ι
2250 1007 2449 1060 Filium
2482 1022 2738 1062 asserens
2776 1024 2840 1061 ex
2867 1009 3143 1073 Patre,_id
3190 1019 3294 1067 est.
3342 1008 3535 1061 imme-

1950 1096 2119 1157 diate.
2153 1096 2309 1162 quasi
2346 1096 2571 1158 diceret,
2619 1115 2638 1147 ι
2690 1098 2838 1150 solus
2892 1112 2959 1151 ex
3008 1099 3149 1152 solo.
3216 1114 3234 1146 ι
3304 1092 3531 1155 Βρῑατιιι,

1960 1207 1979 1240 ε
2014 1189 2129 1242 Hoc
2157 1202 2290 1241 vero
2313 1202 2407 1255 per
2440 1186 2569 1241 illud
2599 1188 2745 1256 quod
2771 1187 3032 1241 continue
3060 1194 3145 1240 est
3171 1202 3234 1240 ex
3270 1186 3468 1252 primo,
3511 1204 3528 1234 ι

1954 1279 2217 1347 Spiritum
2280 1294 2380 1346 per
2442 1277 2636 1332 Filium
2698 1290 2886 1347 aperte
2954 1279 3137 1348 ipsum
3190 1277 3536 1344 unigenitum

1956 1369 2362 1433 manifestavit;
2400 1377 2511 1423 tum
2546 1379 2807 1438 praeterea
2843 1369 3031 1424 verbis
3062 1386 3170 1422 non
3205 1369 3327 1421 aliis
3355 1366 3540 1434 expri-

1957 1476 2113 1514 mens
2146 1482 2157 1515 :
2197 1479 2215 1512 ι
2252 1458 2327 1513 lta
2352 1470 2412 1514 ut
2442 1470 2498 1514 et
2533 1460 2874 1527 unigenitum
2910 1461 3279 1515 indubitatum
3314 1459 3369 1512 in
3403 1457 3542 1512 Filio

1959 1560 2195 1615 maneat,
2222 1560 2273 1604 et
2308 1566 2372 1604 ex
2397 1552 2556 1605 Patre
2588 1551 2854 1621 Spiritum
2881 1566 3002 1605 esse
3029 1552 3085 1605 in
3111 1551 3280 1606 dubio
3308 1565 3415 1603 non
3447 1550 3542 1610 sit,

1960 1642 2298 1697 mediatione
2330 1643 2452 1696 Filii
2487 1652 2543 1697 et
2586 1644 2688 1697 sibi
2749 1643 2854 1712 ipsi
2911 1643 3255 1713 unigenitum
3318 1655 3545 1695 conser-

1961 1742 2147 1798 vante,
2202 1743 2257 1788 et
2305 1734 2566 1803 Spiritum
2602 1749 2633 1788 a
2668 1735 2906 1789 naturali
2954 1750 3081 1805 erga
3141 1734 3357 1789 Patrem
3392 1733 3549 1787 habi-

1967 1824 2155 1878 tudine
2200 1838 2312 1877 non
2366 1833 2611 1878 arcente.
2670 1842 2688 1875 ι
2744 1823 2811 1878 Ει
2865 1826 3387 1894 perspicacissintus
3426 1823 3549 1891 Epi-

1967 1914 2201 1984 phanius
2246 1930 2354 1968 non
2389 1915 2679 1969 dissimliia
2731 1917 3062 1981 decernens,
3112 1925 3167 1970 et
3208 1932 3273 1970 ex
3310 1925 3547 1983 utroque

1969 2004 2231 2073 Spiritum
2262 2019 2385 2059 esse
2420 2004 2565 2057 clare
2592 2005 2887 2060 admodum
2919 2007 3315 2075 deprmiticans,
3350 2004 3549 2059 refellit

1968 2112 2118 2160 eum,
2145 2098 2235 2166 qui
2282 2097 2548 2165 Spiritum
2584 2096 2781 2151 Filium
2815 2114 2940 2152 esse
2974 2101 3323 2168 reliquasque
3357 2097 3551 2149 absur-

1970 2189 2167 2243 ditates
2235 2188 2479 2258 colligit;
2544 2204 2782 2257 namque
2835 2188 3008 2259 inquit
3080 2191 3134 2242 in
3201 2191 3476 2259 Ancyroto
3534 2206 3548 2242 :

1977 2298 1996 2332 ι
2038 2280 2277 2349 Utraque
2302 2279 2613 2334 inhabitant
2657 2281 2711 2334 in
2750 2281 2971 2335 homine
3012 2280 3180 2350 justo,
3214 2281 3470 2336 Christus
3500 2290 3554 2334 et

1972 2372 2213 2441 Spiritus
2243 2372 2407 2426 illius.
2442 2373 2596 2437 Quod
2631 2373 2673 2426 si
2705 2373 2961 2427 Christus
2995 2388 3062 2426 ex
3106 2373 3267 2426 Patre
3314 2373 3555 2426 creditur

1974 2467 2119 2521 Deus
2142 2482 2207 2518 ex
2233 2466 2365 2524 Deo.
2389 2472 2444 2519 et
2470 2465 2705 2532 Spiritus
2729 2481 2790 2519 ex
2828 2466 3068 2529 Christo,
3097 2475 3184 2519 ant
3211 2482 3276 2520 ex
3301 2478 3555 2534 utroque,

1976 2567 2036 2613 ut
2066 2558 2243 2627 inquit
2270 2557 2522 2612 Christus
2552 2574 2564 2610 :
2602 2556 2702 2621 Qui
2733 2575 2764 2610 a
2800 2558 2961 2611 Patre
3012 2558 3267 2625 procedit,
3318 2566 3392 2620 et,
3454 2555 3555 2609 Hic

1976 2654 2039 2706 de
2101 2668 2215 2705 meo
2267 2651 2507 2718 accipiet.
2568 2650 2671 2703 Sed
2724 2649 2995 2717 quispiam
3046 2648 3244 2702 dixerit
3276 2647 3558 2701 fortasse:

1976 2744 2166 2812 Itaque
2195 2742 2431 2796 dicimus
2458 2741 2597 2795 duos
2628 2755 2751 2793 esse
2785 2740 2944 2800 ﬁlios.
2978 2750 3029 2791 et
3064 2739 3338 2808 quomodo
3369 2738 3561 2806 unige-

1978 2834 2170 2888 nitus?
2207 2832 2289 2886 Tu
2324 2832 2448 2899 quis
2495 2846 2579 2893 es,
2635 2830 2727 2897 qui
2785 2840 2975 2883 contra
3036 2828 3381 2883 ratiocinaris
3432 2842 3558 2880 cum

1982 2923 2141 2977 Deo?
2176 2920 2232 2974 Si
2264 2921 2409 2975 enim
2446 2919 2644 2973 Filium
2676 2927 2851 2979 vocat,
2894 2918 2986 2986 qui
3018 2931 3083 2969 ex
3114 2917 3231 2984 ipso
3257 2926 3358 2976 est,
3388 2913 3562 2981 Spiri-

1984 3020 2096 3063 tum
2133 3024 2264 3063 vero
2291 3017 2541 3070 sanctum
2579 3007 2673 3075 qui
2704 3021 2769 3059 ex
2798 3014 3053 3073 utroque,
3091 3020 3211 3072 qua:
3240 3006 3417 3055 solum
3461 3002 3563 3054 [ille

308 3102 569 3165 νοούμενα
593 3104 699 3154 ὑπὸ
722 3103 829 3156 τῶν
863 3104 1064 3170 ἁγίων,
1080 3104 1338 3172 φωτεινὰ,
1363 3102 1660 3171 φωτοδότα,
1685 3117 1883 3169 φωτει-
1910 3117 1930 3174 ε

1985 3100 2379 3168 comprehensa
2410 3114 2436 3148 ο
2463 3097 2666 3149 sanctis
2692 3095 2982 3153 luminosa.
3016 3093 3198 3146 lumen
3223 3089 3561 3149 exhihcntia.

309 3194 407 3264 νὴν
433 3194 530 3262 τὴν
560 3196 843 3263 ἐνέργειαν
873 3194 1007 3264 ἔχει.
1045 3212 1064 3245 ι
1106 3196 1225 3247 Τὼν
1252 3190 1345 3246 οῦν
1384 3193 1524 3263 μετὰ
1545 3193 1678 3244 Θεὸν
1708 3190 1883 3259 σωτή-

314 3300 424 3353 ρων
461 3282 605 3337 οῦτω
663 3285 1081 3351 Θεολογούντων,
1144 3283 1289 3338 οὕτω
1334 3284 1790 3353 διατρανούντων,
1833 3282 1884 3334 εί

316 3377 477 3444 μόνος
501 3375 622 3430 κατ’
636 3377 842 3440 ἀὐτοὺς
862 3377 891 3428 6
921 3376 1047 3439 Υἱὸς
1080 3378 1144 3429 ἑκ
1169 3377 1332 3446 μόνου
1358 3376 1589 3443 Πατρὸς,
1622 3374 1673 3427 εί
1704 3374 1887 3443 σφίσιν

316 3468 466 3536 αύτῷ
499 3467 656 3521 τοῦτο
713 3468 935 3536 ἰδίωμα,
994 3470 1043 3520 εί
1079 3467 1216 3539 πρὸς
1262 3468 1394 3519 αὐτὸ
1421 3468 1481 3518 τὸ
1511 3465 1571 3529 ἐξ
1593 3466 1796 3535 ἀμφοῖν
1826 3465 1888 3517 τὸ

316 3560 543 3629 Πνεῦμα
576 3558 926 3626 Θεολογεῖται,
960 3559 1079 3621 πῶς
1106 3561 1172 3610 ἐκ
1205 3558 1368 3626 μόνου
1407 3557 1642 3625 Πατρό;;
1677 3556 1751 3616 ὠς
1782 3571 1887 3607 πα-

320 3653 583 3725 ραδράμοι
632 3653 730 3713 τὰς
776 3651 858 3713 είς
925 3649 1191 3704 σύστασιν
1223 3649 1379 3702 τοῦδε
1416 3648 1888 3713 πλαστογραφίας,

320 3746 535 3798 καὶτὸν
582 3742 644 3807 ἐξ
671 3741 964 3813 ὁμολογίας
1013 3741 1125 3796 τῶν
1171 3741 1607 3811 πλαστογράφων
1640 3740 1891 3793 τοσοῦτον

322 3835 616 3905 θρίαμϐον.

395 3935 507 3994 κζ’.
535 3924 700 3990 Αὖθις
722 3928 779 3981 δὲ
805 3926 941 3998 πρὸς
970 3926 1030 3980 ὃν
1056 3928 1105 3980 oi.
1131 3924 1300 3994 λόγοι.
1329 3926 1394 3979 El
1426 3925 1576 3995 πηγὴ
1600 3923 1696 3978 τοῦ
1725 3921 1897 3976 Πνεῦ-

327 4038 493 4091 ματος
526 4023 553 4073 ὁ
582 4021 788 4092 Πατὴρ,
821 4023 868 4073 εἰ
897 4022 1050 4091 πηγὴ
1095 4020 1189 4072 τοῦ
1227 4018 1545 4087 Πνεύματυς
1572 4019 1599 4069 6
1648 4015 1774 4077 Υίδς
1796 4054 1811 4078 ,
1845 4014 1896 4066 ει

325 4114 484 4167 πάνθ’
515 4114 612 4166 ὅσα
643 4114 746 4165 τῶν
778 4113 949 4180 αὐτῆς
983 4112 1391 4164 διευλυτὼσεων
1438 4106 1788 4177 ἀνομολογῶν
1815 4107 1896 4168 εἰς

328 4206 669 4275 παράστασιν
698 4190 853 4264 οὗτος
879 4202 1142 4272 προεέρει
1187 4201 1335 4268 σαφῆ
1384 4216 1444 4251 τε
1484 4198 1581 4251 καὶ
1617 4198 1692 4265 μὴ
1720 4198 1896 4264 ἀμφί-

329 4297 478 4358 ϐολα,
507 4298 606 4349 ὅσα
636 4312 693 4347 τε
731 4294 859 4363 παρ’
894 4294 1048 4362 ἡμῶν
1076 4294 1235 4362 μέχρι
1261 4291 1354 4343 τοῦ
1382 4292 1540 4358 μόνη
1567 4290 1895 4358 διείληπται·

332 4388 445 4449 πῶς
472 4388 628 4455 μόνος
666 4383 963 4453 προϐο).εῦς
997 4383 1091 4435 τοῦ
1128 4382 1445 4451 [Ινεύματος
1500 4382 1527 4433 6
1560 4378 1748 4446 Πατὴρ
1777 4374 1898 4428 κατ’

1988 3190 2303 3243 luminatam
2325 3187 2595 3242 actionem
2619 3185 2843 3239 habent.
2876 3201 2894 3232 ι
2925 3183 3025 3248 Qui
3051 3182 3229 3250 itaque
3252 3192 3369 3249 post
3397 3180 3561 3233 Deum

1992 3289 2299 3335 servatores
2351 3286 2498 3343 sunt,
2530 3277 2677 3331 hunc
2704 3277 2758 3329 in
2802 3274 3022 3328 modum
3072 3274 3465 3327 definientibus
3505 3286 3568 3324 ac

1989 3369 2415 3435 declarantibus,
2469 3369 2515 3423 si
2562 3368 2713 3423 solus
2748 3368 3051 3420 secundum
3102 3365 3250 3432 ipsos
3298 3362 3467 3415 Pilius
3502 3376 3568 3414 ex

1991 3466 2107 3520 solo
2141 3464 2320 3528 Patre,
2354 3465 2397 3518 si
2427 3462 2501 3515 illi
2537 3462 2653 3514 haec
2694 3460 3005 3529 proprietas
3031 3466 3137 3517 est,
3164 3457 3207 3508 si
3235 3471 3302 3509 ex
3338 3465 3569 3522 utroque
3660 3494 3664 3498 Α

1992 3552 2228 3625 Spiritus
2255 3550 2535 3610 asseritur,
2564 3548 2839 3618 quomodo
2862 3563 2927 3600 ex
2961 3547 3077 3599 solo
3111 3544 3302 3597 Patre?
3336 3550 3393 3595 ut
3437 3557 3573 3610 prte-

1996 3654 2198 3699 teream
2252 3657 2374 3710 qua:
2428 3641 2497 3694 ad
2549 3641 2654 3693 hoc
2704 3630 3140 3692 confirmandum
3200 3630 3572 3687 commentitia

1994 3735 2197 3802 scripta
2218 3732 2537 3792 aﬂ'eruutur,
2579 3736 2901 3796 tantumque
2937 3740 3003 3779 ex
3032 3723 3377 3778 confessione
3411 3722 3572 3774 faisa-

1995 3829 2204 3880 riorum
2246 3824 2604 3892 triumphum.

2066 3919 2157 3974 26.
2199 3918 2521 3986 Rursusque
2553 3929 2673 3969 cum
2708 3928 2815 3982 quo
2841 3912 2975 3965 mihi
3005 3923 3189 3965 sermo
3228 3915 3340 3971 cst,
3370 3906 3576 3959 oratio-

1997 4026 2123 4065 nem
2188 4017 2475 4062 convcrto.
2531 4005 2587 4057 Si
2649 4002 2892 4071 Spiritus
2956 4003 3121 4053 Pater
3183 3999 3308 4052 fons
3365 4007 3470 4057 est,
3527 3995 3568 4048 s’

1999 4116 2338 4172 quaecunque
2382 4096 2751 4151 solutionibus
2779 4093 3071 4147 conferunt
3111 4091 3445 4151 concedens,
3501 4087 3575 4138 uti

2000 4194 2143 4248 clara
2195 4202 2356 4259 atque
2408 4189 2709 4242 indubitata
2760 4186 3005 4243 aidueit.
3051 4188 3104 4235 et
3152 4196 3493 4250 qumcunque
3550 4193 3579 4229 a

2001 4286 2158 4339 nobis
2188 4293 2381 4352 praeter
2414 4295 2580 4332 unum
2611 4279 2780 4332 solum
2820 4277 3215 4345 comprehensa
3249 4282 3398 4334 sunt,
3442 4285 3581 4338 quo-

2003 4375 2163 4429 modo
2214 4375 2363 4427 solus
2414 4370 2712 4424 secundum
2763 4370 2941 4435 ipsum
3006 4366 3298 4434 productur
3348 4362 3584 4423 5,ιὶι·ιιυς

330 4480 493 4535 αὐτόν
515 4498 529 4541 ;
555 4477 670 4538 πῶς
706 4478 836 4529 ι’ὁιον
863 4475 1011 4544 αὐτῷ
1043 4475 1103 4527 τὸ
1126 4472 1525 4543 προῦλητικόν;
1558 4472 1673 4531 πῶς
1698 4469 1796 4537 τῆς
1818 4471 1910 4519 εκ-

1967 4473 1981 4519 ι
2012 4468 2172 4520 Pater
2192 4465 2397 4519 fuerit?
2440 4462 2719 4531 quomodo
2749 4460 2964 4528 propria
2993 4459 3067 4511 illi
3101 4457 3207 4508 erit
3246 4454 3585 4523 producendi

332 4570 644 4639 πορεύσεως
668 4570 701 4637 ἡ
726 4567 1032 4635 κατάφασις
1059 4565 1150 4616 ἐπὶ
1168 4564 1260 4616 τοῦ
1290 4562 1421 4615 Υίοῦ
1437 4562 1498 4614 τὸ
1521 4560 1825 4613 ἀσύστατον
1848 4558 1905 4623 εξ

333 4656 408 4718 ὧν
432 4678 594 4729 φησιν
613 4660 748 4727 ἔχει,
765 4659 826 4709 τὸ
855 4658 1173 4708 συνίσταται
1201 4654 1246 4706 δ’
1266 4655 1299 4723 ἠ
1322 4655 1592 4721 ἀπόφασις
1613 4670 1629 4714 ς
1657 4652 1702 4701 εἰ
1721 4650 1910 4717 συνέρ-

335 4770 493 4823 χεται
521 4752 653 4821 πρὸς
693 4751 817 4811 τοὺς
854 4748 1220 4818 θεοφορήτους
1244 4744 1440 4809 ταῦτα,
1475 4745 1524 4795 εί
1554 4743 1687 4811 πρὸς
1719 4740 1910 4793 ἑαυτὸν

337 4848 398 4898 τὸ
427 4843 751 4913 παράδοξον,
778 4841 1073 4909 σκεψάσθω
1094 4842 1205 4901 τοῖς
1232 4837 1511 4905 ὲγκάτοις,
1555 4830 1599 4902 ᾧ
1627 4834 1761 4885 Θεοῦ
1792 4834 1911 4893 δέος

335 4930 486 4992 ἐστὶν
517 4934 963 5001 ὲναποκείμενον.
990 4934 1144 4986 Μετὰ
1169 4931 1349 4984 τοίνυν
1386 4929 1455 4982 τὰ
1481 4926 1907 4993 ὲπισκεφθέντα,

337 5033 433 5085 καὶ
470 5028 643 5090 οὕτως
668 5027 884 5096 ἔχοντα,
920 5025 995 5085 ὼς
1042 5024 1347 5093 διήλεκται,
1386 5022 1481 5074 καί
1513 5036 1637 5072 τινα
1666 5034 1909 5087 παρορα-

337 5124 500 5176 θέντα
549 5119 758 5190 βραχέα
812 5115 912 5183 τῆς
943 5116 1229 5181 αὑτῆςεὶς
1260 5110 1397 5165 κατὰ
1440 5109 1618 5161 πάντα
1670 5108 1915 5167 διανοίας

337 5215 431 5267 καὶ
456 5213 554 5279 οὐχ
586 5211 780 5279 ἑτέρας
816 5210 1070 5277 ἐχόμενα,
1108 5206 1236 5256 τάδε
1274 5203 1556 5254 τελευταῖα
1588 5200 1728 5252 κατὰ
1763 5200 1915 5266 ῥῆμα

342 5302 693 5369 συντίθησιν
748 5318 767 5351 ι
806 5300 965 5351 Ἐπεὶ
993 5298 1086 5351 καὶ
1138 5294 1297 5348 τοῦτο
1331 5292 1601 5359 λέγουσιν,
1631 5291 1711 5342 ὅτι
1754 5290 1781 5339 6
1820 5286 1914 5339 τοῦ

342 5394 480 5445 Θεοῦ
512 5393 638 5454 Υἱὸς
688 5392 783 5442 ἐπὶ
848 5389 930 5443 τδν
993 5386 1213 5456 Πατέρα
1261 5386 1439 5437 πάντα
1493 5381 1800 5451 ἀναφέρων,
1828 5380 1917 5431 διὰ

343 5486 505 5538 τοῦτο
537 5485 631 5538 καὶ
658 5484 758 5553 τὴν
777 5481 1121 5548 ¹ἔιιττιςρευσιν
1151 5477 1243 5529 τοῦ
1284 5476 1443 5541 ἁγίου
1481 5473 1796 5541 Πνεύματο;
1831 5471 1915 5522 ἐπ’

348 5576 510 5628 αὐτὸν
533 5575 817 5643 ἀναφέρει,
850 5573 946 5624 καὶ
970 5569 1264 5637 ἀποσιωπᾷ
1301 5565 1514 5629 ἑαυτὸν,
1565 5564 1706 5616 διατί
1745 5563 1840 5614 καὶ
1869 5562 1919 5613 oi.

344 5671 407 5719 τὸ
445 5669 541 5735 τῆς
571 5667 803 5728 πίστεως
840 5664 1115 5734 Σύμϐολον
1168 5659 1450 5729 ὲκθέμενοι
1496 5656 1640 5724 ἅγιοι
1677 5655 1919 5723 Πατέρες

346 5760 443 5829 τῆς
484 5759 863 5827 ὲτ-τορεύσεως
892 5754 1243 5825 μνησθέντες,
1290 5750 1459 5819 αὐτὴν
1492 5745 1928 5826 ἁπεσιὼπησαν,

2007 4556 2273 4611 faeiiltas?
2304 4555 2580 4623 quomodo
2616 4549 2984 4620 pI‘UCCSSiOIIiS
3016 4547 3301 4600 allirmatio
3330 4545 3395 4596 de
3430 4544 3587 4601 Filio.

2011 4666 2073 4704 ex
2105 4650 2185 4702 his
2210 4663 2328 4716 qua:
2354 4648 2467 4713 ipse
2496 4645 2626 4698 dicit
2655 4643 2883 4695 minime
2911 4642 3181 4703 subsistit,
3214 4640 3430 4706 negatio
3462 4650 3592 4688 vero

2012 4732 2297 4795 subsistit?
2335 4741 2377 4791 si
2421 4739 2536 4791 hch
2576 4734 2779 4788 divinis
2836 4733 3093 4786 Patribus
3146 4731 3512 4788 conveniunt,
3543 4725 3590 4778 si

2013 4832 2087 4885 illi
2123 4830 2245 4899 ipsi,
2296 4829 2437 4896 quod
2488 4826 2688 4879 mirum
2724 4830 2829 4886 est,
2875 4822 3188 4876 consideret
3241 4827 3453 4872 attente
3503 4814 3593 4869 cui

2017 4922 2177 4975 timur
2219 4919 2313 4973 Dei
2351 4919 2406 4971 in
2439 4914 2753 4986 praecordiis
2780 4924 2882 4967 est.
2923 4911 3014 4986 llis
3045 4912 3210 4979 igitur
3242 4910 3352 4977 jam
3382 4908 3595 4960 discns-

2015 5011 2111 5071 εἰς,
2137 5016 2192 5060 et
2220 5008 2291 5059 ita
2334 5020 2395 5058 se
2424 5003 2783 5063 habentibus,
2818 5014 2873 5053 ut
2896 4998 3287 5058 disseruimus,
3321 4992 3597 5047 nonnullis

2016 5102 2110 5155 sed
2141 5099 2329 5169 paucis
2365 5097 2611 5164 ejusdem
2646 5110 2740 5163 per
2788 5094 2998 5155 omnia,
3046 5106 3149 5143 nec
3177 5088 3403 5141 alterius
3456 5100 3588 5137 seu-

2021 5195 2204 5245 tentiua
2242 5192 2527 5259 neglectis,
2558 5186 2705 5239 hunc
2737 5188 2792 5238 in
2840 5184 3059 5237 modum
3091 5182 3394 5234 orationem
3446 5192 3596 5229 com-

2018 5284 2177 5349 ponit
2212 5299 2224 5334 :
2263 5300 2280 5330 ι
2313 5280 2447 5334 Cum
2476 5293 2605 5331 vero
2641 5277 2746 5330 hoc
2776 5290 2995 5345 quoque
3026 5275 3234 5332 dicant,
3268 5270 3464 5323 Filium
3500 5267 3597 5319 Dei

2022 5376 2086 5426 ad
2139 5372 2348 5425 Patrem
2412 5371 2595 5424 omnia
2644 5368 2997 5430 referentem,
3064 5364 3187 5417 ideo
3237 5372 3292 5416 et
3358 5360 3600 5428 Spiritus

2021 5466 2425 5535 processinnem
2449 5461 2514 5513 ad
2537 5461 2789 5514 eumdem
2813 5457 3039 5518 referre,
3066 5462 3120 5507 et
3140 5455 3217 5505 sic
3243 5452 3600 5517 semetipsum

2021 5559 2238 5610 silentio
2261 5554 2557 5624 pra-terim,
2582 5568 2744 5621 quam
2784 5551 2854 5604 ob
2878 5564 3120 5610 causam,
3146 5546 3239 5615 qui
3283 5542 3602 5613 Symbolum

2022 5649 2145 5703 fidei
2195 5647 2486 5700 ediderunt
2534 5646 2711 5700 sancti
2769 5644 2958 5697 Patres
3004 5638 3375 5711 processionis
3443 5648 3603 5686 ment

2026 5743 2173 5797 tione
2201 5741 2441 5804 inducta,
2467 5740 2627 5815 “illam
2661 5737 2881 5793 silentio
2917 5734 3281 5795 involverunt,
3314 5738 3368 5783 et
3392 5726 3595 5795 .dogntt
