4220 6444
330 397 463 462 139'!

1284 393 1586 455 eomas
1630 369 2061 452 MANUELEM
2100 381 2583 448 CttL’l‘ENSEM.

3444 376 3577 444 1398

329 506 681 575 μολογοῦνται
710 506 819 559 τῶν
839 504 1001 558 θείων
1026 501 1213 573 ὓμνων
1238 504 1333 556 καὶ
1370 503 1547 571 λόγων
1578 500 1892 571 ἅπανταχοῦ

2008 504 2209 552 cantur.
2244 496 2308 549 Et
2349 496 2599 566 quisnam
2652 506 2895 564 unquam
2930 489 3096 549 simili
3139 488 3350 549 ratione
3384 489 3436 545 in
3470 502 3581 545 tra-

328 597 421 651 καὶ
451 597 832 666 κηρύττονται.
864 596 976 649 Καὶ
996 594 1079 657 τίς
1110 593 1176 648 ἂν
1202 593 1539 664 ἀπαριθμοίη
1572 596 1639 645 τά
1666 609 1903 646 τοιουτο-

327 691 540 761 τρόπως
568 694 682 753 τοῖς
714 692 841 756 περὶ
870 689 1006 743 Θεοῦ
1026 690 1205 757 λόγοις
1225 686 1677 758 ὲνοπτριζόμενας
1709 685 1783 748 ὡς
1810 680 1904 737 οὖν

331 782 546 850 μυρίοις
577 782 687 834 τῶν
717 782 891 843 οὕτως
945 781 1177 849 ἐχόντων
1207 781 1264 830 ὲν
1310 778 1560 848 θεολογία
1618 776 1904 847 πατρικῶν

327 873 575 934 ἀποστὰς
610 872 871 941 ῥημάτων
906 872 1036 941 περὶ
1067 871 1173 924 τῶν
1207 869 1378 923 ἃπασι
1410 870 1607 939 δήλων,
1643 866 1904 938 ἀμυδρῶς

328 964 495 1032 φαίην
522 978 535 994 ’
567 962 711 1017 amt
749 963 847 1032 τὴν
877 963 1164 1028 Θεοτόκος
1188 962 1369 1031 φωνὴν
1406 962 1455 1014 οί
1485 960 1716 1030 πρώτως
1742 958 1902 1012 ἐκθέ-

332 1067 483 1118 μενοι
536 1050 597 1101 τὸ
646 1051 747 1119 τῆς
779 1052 1015 1113 πίστεως
1063 1050 1339 1120 Σύμϐολον
1363 1051 1628 1102 θειότατοι
1663 1049 1905 1121 Πατέρες

327 1139 753 1209 ἁπεσιὼπησαν,
788 1141 842 1193 εί
869 1159 931 1209 γε
969 1142 1129 1195 τοῦτο
1176 1144 1324 1196 πᾶσα
1354 1142 1568 1211 ἀνάγκη
1600 1139 1904 1209 καταγγέλ-

326 1232 510 1289 ιεσθαι
555 1234 649 1286 καὶ⁸
696 1234 1123 1303 ἀναγορεύεσθαι
1156 1251 1170 1300 ;
1236 1234 1311 1286 Οὐ
1343 1233 1451 1303 γὰρ
1490 1229 1629 1303 ἦσαν
1667 1233 1742 1302 μὴ
1770 1251 1905 1303 μνη-

327 1324 544 1385 σθέντες
581 1325 678 1394 τῆς
712 1324 1076 1393 Θεομήτορος.
1122 1326 1273 1378 Διατί
1316 1327 1365 1378 oi
1388 1325 1510 1378 κατ’
1542 1325 1739 1387 αὐτοὺς
1768 1324 1902 1377 αὐτὸ

325 1411 569 1479 δεύτεροι
626 1414 765 1479 μετά
817 1414 1164 1483 προσθέσεως
1233 1415 1639 1483 ἀπαρτίσαντες
1704 1414 1903 1483 ὁμοίως

324 1501 720 1570 ἀπεσιώπησαν
746 1520 760 1567 ;
784 1500 919 1557 Εἶτα
950 1504 1043 1557 δύο
1067 1506 1257 1573 φύσεις
1291 1507 1383 1557 ἐπὶ
1421 1505 1515 1557 τοῦ
1551 1504 1903 1575 Θεανορώπου

324 1593 497 1658 Λόγου
533 1595 594 1645 οὑ
622 1596 793 1663 δήπου
818 1595 894 1664 τῷ
921 1596 1061 1665 ἀγίῳ
1088 1598 1157 1649 Συ
1167 1597 1350 1667 μδόλῳ
1380 1598 1818 1668 ὲμπεριέχονται,
1842 1600 1901 1651 οὐ

325 1683 419 1735 δύο
454 1686 751 1755 ἐνέργειαι,
795 1686 831 1740 ἃ
865 1689 1177 1750 συνέλευσις
1225 1691 1579 1759 οίκουμενικὴ
1626 1690 1906 1759 θεηγόρων

324 1773 661 1829 διδασκάλων
692 1779 986 1849 ἐκράτυνεν
1005 1796 1021 1811 ο
1042 1780 1103 1831 οὐ
1132 1779 1225 1833 δύο
1248 1781 1409 1833 πάλιν
1438 1782 1526 1832 ἐπ’
1548 1780 1712 1834 αὐτοῦ
1741 1782 1902 1852 Θελή-

328 1883 474 1934 ματα
508 1870 566 1921 ὲν
589 1870 757 1936 αὐτῷ,
789 1870 824 1923 ἀ
854 1871 1195 1941 συνάθροισις
1220 1872 1382 1941 ἑτέρα
1413 1872 1758 1942 παγκόσμιος
1790 1872 1905 1927 Oso-

306 1960 507 2027 Δσόςςων
561 1963 919 2029 μυστητιόλων
966 1963 1272 2020 ἐθέσπισεν.
1326 1965 1435 2019 Καὶ
1481 1965 1814 2035 πάθεν,ἔσχε
1846 1968 1906 2018 τδ

327 2052 863 2120 προϐληματίξεσοαι
902 2054 1186 2118 σύστασιν,
1245 2072 1263 2105 ι
1297 2056 1451 2109 Διατί
1479 2058 1552 2125 μὴ
1586 2057 1906 2128 είρήκεισαν

325 2142 374 2192 οἱ
432 2143 670 2211 Πατέρες
724 2147 782 2195 ὲν
830 2144 908 2214 τῷ
957 2145 1238 2215 Συμδόλῳ,
1274 2146 1410 2199 ἀλλα
1441 2147 1903 2218 παρεσιώπησαν,

326 2232 624 2285 κάντεῦὺεν
652 2234 868 2287 ἀθετεῖν
905 2235 1051 2306 ἀπερ
1092 2236 1244 2289 αὐτοὶ
1295 2236 1593 2309 διαρρήδην
1623 2238 1906 2310 ὲθεολόγη-

330 2340 467 2390 σαν;
494 2343 512 2377 ι
546 2325 607 2377 Ei
636 2326 692 2378 δέ
720 2343 803 2389 τις
829 2329 947 2397 ἐρεῖ
974 2327 1120 2381 τοῦτ’
1151 2328 1283 2381 αὐτὸ
1305 2327 1365 2381 τὸ
1386 2328 1676 2392 συνοδικῶς
1704 2329 1913 2398 δόγμα-

327 2432 397 2468 τα
434 2418 502 2467 τὰ
543 2417 903 2487 διειλημμένα
955 2419 1381 2489 κραταιωθῆναι,
1414 2418 1623 2489 βεϐαιοῖ
1655 2421 1807 2489 σφίσι
1846 2421 1908 2473 τὸ

328 2507 743 2578 ἀναντίρρητον,
796 2509 857 2561 τὸ
886 2509 944 2573 ἐξ
990 2510 1120 2563 Υίοῦ
1167 2512 1245 2574 δὲ,
1276 2510 1309 2581 ἢ
1338 2510 1409 2563 δι’
1441 2510 1572 2563 Υίοῦ
1612 2510 1906 2573 συνοδικῶς

328 2598 604 2667 οὐδαμῶς,
645 2598 861 2668 πρῶτον
890 2599 992 2669 μὲν
1023 2602 1051 2652 ὁ
1075 2600 1314 2664 τοιοῦτος
1338 2601 1717 2672 μεγαλήγορος
1748 2603 1906 2656 ἔσται

330 2691 510 2759 κῆρυξ
533 2693 629 2760 τῆς
657 2691 1047 2760 ματαιολογίας
1071 2692 1166 2745 τοῦ
1197 2693 1287 2745 διὰ
1309 2693 1402 2746 τοῦ
1430 2693 1706 2764 Συμϐόλου
1741 2710 1906 2749 κατα·

333 2784 724 2843 σκευασθέντος
772 2784 1221 2851 ἀκαταγωνίστου
1265 2784 1686 2854 προϐλήματος⁶
1719 2785 1907 2839 ἔπειτα

332 2875 430 2925 καὶ
459 2875 649 2927 τούτου
677 2876 738 2927 τὸ
766 2875 994 2937 μάταιον
1024 2880 1058 2947 η
1093 2878 1384 2944 Θεοτόκος
1420 2877 1631 2947 ἐλέγχει
1659 2878 1831 2949 φωνὴ,
1872 2879 1907 2949 ἡ

330 2967 471 3034 πρὸς
500 2968 863 3039 ἀναγόρευσιν
892 2970 1299 3037 ἀναμφίλεκτος
1321 2984 1336 2999 ·
1362 2971 1486 3023 ἐπεὶ
1511 2970 1586 3038 μὴ
1610 2969 1908 3032 συνοδικῶς

334 3059 490 3125 παρά
516 3060 626 3111 τῶν
656 3059 887 3129 πρώτως
920 3059 1270 3129 μνησθέντων
1299 3059 1399 3127 τῆς
1430 3058 1786 3130 ὑπερενδόξου
1821 3059 1910 3113 δε-

2005 589 2240 642 etatibus
2265 587 2332 640 de
2355 589 2466 642 Deo
2489 595 2787 655 conspecta
2828 582 3271 641 enumeraverit?
3296 582 3428 637 Cum
3455 602 3581 641 vero

2004 680 2167 750 plane
2197 680 2482 733 innumera
2511 678 2643 738 sint.
2676 693 2797 749 quae
2830 677 2883 731 iu
2910 678 3075 732 rebus
3118 675 3440 747 theologicis
3473 691 3581 730 non

2006 772 2114 825 alio
2145 772 2306 825 modo
2336 786 2397 825 se
2425 770 2651 834 habent,
2685 784 2712 823 a
2737 771 2959 825 Patrum
2981 769 3143 824 dictis
3171 770 3482 836 discedens,
3519 769 3585 824 de

2008 862 2076 917 iis
2132 863 2223 931 qui
2278 862 2484 917 nemini
2539 869 2670 916 nota
2722 877 2832 915 non
2891 872 3041 925 sunt,
3094 861 3331 916 tenuiter
3382 863 3583 916 dicam.

2007 954 2181 1019 Quam
2215 955 2285 1007 ob
2319 968 2543 1008 causam
2590 952 2839 1022 Deipara:
2883 968 3094 1019 vocem,
3135 953 3227 1033 qui
3271 953 3421 1021 prius
3461 969 3583 1007 san-

2007 1045 2237 1100 ctissimi
2275 1043 2465 1098 Patres
2512 1044 2635 1098 ﬁdei
2689 1042 3004 1113 Symbolum
3046 1042 3359 1105 ediderunt,
3405 1053 3585 1098 tacue-

2008 1145 2156 1201 runt,
2186 1136 2228 1191 si
2263 1152 2489 1206 prorsus
2523 1137 2610 1190 illa
2652 1137 2966 1190 necessario
2998 1136 3212 1205 publice
3248 1136 3584 1191 enuntianda

2007 1229 2383 1297 edieendaque
2420 1229 2543 1282 est?
2588 1243 2768 1297 neque
2800 1227 2944 1281 enim
3003 1226 3189 1281 Matris
3237 1227 3330 1280 Dei
3387 1228 3586 1282 oblivio

2008 1319 2132 1375 illos
2161 1330 2398 1388 ceperat.
2452 1320 2628 1385 Quam
2676 1320 2745 1371 ob
2802 1334 3027 1372 causam
3070 1328 3191 1386 post
3218 1319 3439 1371 eosdem
3471 1318 3586 1378 alii,

2007 1414 2097 1481 qui
2128 1413 2179 1464 id
2209 1412 2348 1464 idem
2378 1427 2502 1465 eum
2534 1410 2813 1464 additioue
2846 1411 2897 1462 in
2929 1409 3205 1463 meliorem
3236 1421 3584 1479 prospectum

2007 1504 2302 1568 dederunt,
2373 1518 2525 1571 mqua
2601 1502 2814 1556 ratione
2883 1502 3103 1557 silentio
3168 1503 3589 1572 praeterierunt?

2008 1595 2274 1651 Praeterea
2330 1596 2449 1649 dua:
2484 1605 2697 1649 natura:
2731 1596 2785 1649 in
2819 1593 2930 1647 Deo
2964 1607 3018 1649 et
3055 1596 3277 1649 homine
3314 1594 3491 1650 Verbo
3535 1598 3588 1648 in

2008 1697 2199 1742 sancto
2225 1687 2483 1758 Symbolo
2510 1702 2777 1756 nusquam
2803 1686 3079 1757 leguntur,
3107 1702 3213 1739 non
3244 1687 3363 1740 duas
3392 1702 3587 1755 opera-

2010 1780 2207 1845 tiones,
2269 1795 2389 1850 qua:
2453 1780 2779 1834 universalis
2845 1780 3299 1850 diviniloquornm
3366 1782 3586 1837 Patrum

2006 1886 2331 1941 congressus
2366 1870 2738 1927 constabilivit
2780 1887 2793 1923 :
2838 1886 2948 1924 non
2993 1872 3113 1925 duae
3147 1888 3336 1927 rursus
3371 1874 3438 1927 de
3469 1874 3586 1942 ipso

2007 1964 2337 2027 voluntates,
2368 1978 2503 2032 quas
2534 1962 2638 2017 alia
2672 1963 2999 2017 universalis
3029 1963 3340 2018 divinorum
3382 1976 3587 2035 mysta-

2009 2063 2127 2101 rutn
2174 2049 2525 2120 congregatio
2557 2050 2823 2104 deﬁnivit.
2877 2049 2942 2103 Et
2976 2052 3248 2107 undenatn
3309 2055 3587 2122 problema

2010 2146 2165 2193 tuum
2206 2139 2337 2193 illud
2381 2141 2674 2197 subsistit:
2719 2160 2737 2194 ι
2776 2142 2912 2210 Quia
2952 2158 3064 2198 non
3096 2146 3353 2199 dixerunt
3400 2147 3589 2202 Patres

2010 2230 2064 2284 in
2093 2230 2366 2301 Symbolo,
2396 2234 2491 2289 sed
2519 2234 2886 2303 reticuerunt,
2918 2246 3201 2307 propterea
3232 2242 3585 2307 :mproi-anda

2008 2332 2157 2387 sunt,
2189 2339 2309 2393 qua:
2359 2325 2435 2378 illi
2470 2326 2645 2395 palam
2688 2329 3073 2383 edocuerunt?
3116 2348 3134 2380 ›
3170 2327 3324 2394 Quod
3369 2330 3414 2385 si
3464 2334 3587 2401 quis

2009 2412 2229 2478 dixerit,
2264 2416 2370 2471 hoc
2412 2416 2592 2486 ipsum
2645 2419 2792 2490 quod
2824 2434 2987 2489 supra
3014 2420 3128 2490 jam
3166 2424 3413 2492 apposita
3457 2426 3585 2495 dog-

2009 2515 2152 2559 mata
2186 2507 2433 2578 synodali
2472 2514 2697 2565 decreto
2751 2512 3105 2568 corroborata
3134 2524 3285 2580 sunt,
3331 2517 3588 2571 conciliat

2011 2596 2099 2653 bis
2127 2598 2322 2655 iisdem
2360 2599 2698 2665 ﬁrmitatem,
2729 2604 2817 2657 cui
2850 2604 3033 2658 nullus
3073 2609 3489 2676 contradixerit,
3523 2625 3587 2664 ex

2008 2685 2149 2741 Filio
2193 2703 2325 2744 vero
2373 2689 2489 2745 sive
2527 2706 2625 2761 per
2652 2691 2850 2747 Filium
2903 2696 3051 2749 nullo
3103 2700 3267 2752 modo
3314 2717 3342 2754 a
3381 2704 3589 2773 synodo

2010 2774 2296 2832 deﬁnitum
2326 2795 2345 2834 :
2386 2781 2625 2850 primum
2665 2783 2887 2851 quidem
2934 2786 3020 2839 hic
3053 2790 3258 2857 ingenti
3302 2807 3435 2847 voce
3464 2809 3591 2862 pro-

2010 2867 2261 2923 blematis
2281 2882 2591 2943 expugnatu
2626 2874 2880 2939 diﬂicilis,
2903 2878 3063 2946 cuius
3095 2882 3345 2950 probatio
3373 2901 3401 2937 e
3428 2886 3589 2955 Sym-

2011 2960 2137 3015 bolo
2161 2962 2331 3031 petita
2363 2973 2468 3045 est,
2506 2965 3004 3036 stultiloquentiam
3032 2971 3441 3041 depraedicabit,
3475 2987 3587 3031 tum

2012 3050 2158 3107 illius
2205 3069 2425 3125 quoque
2476 3058 2778 3114 vanitatem
2835 3060 3065 3131 Deipara
3119 3080 3220 3120 vox
3278 3070 3587 3141 redarguet,

337 3151 562 3221 σποίνης
598 3151 755 3221 ἡμῶν
789 3152 1214 3227 Θεογεννητρίας
1244 3153 1417 3223 ἁγίων
1464 3153 1539 3216 ὡς
1562 3153 1627 3205 ἑκ
1650 3150 1743 3204 τοῦ
1760 3152 1908 3223 Συμ-

2012 3160 2133 3216 quae
2164 3147 2300 3202 citra
2342 3149 2506 3203 ullam
2540 3151 2939 3209 haesitationem
2989 3156 3252 3213 edicenda
3290 3173 3373 3217 est
3414 3182 3423 3216 :
3465 3180 3588 3219 eum

335 3242 492 3296 εόλου
524 3243 877 3315 παρίσταται.

407 3522 513 3586 κζ’.
554 3523 650 3579 Ἰν*
707 3523 800 3578 οὖν
841 3523 1232 3593 κεφαλαιωδῶς
1280 3525 1353 3591 ὡς
1402 3527 1664 3600 ἀληθείας
1717 3531 1905 3603 ἔχουσι

335 3618 508 3670 ταῦτα
534 3618 773 3685 φαίημεν
811 3633 827 3649 ·
868 3618 1075 3687 ἑκάστη
1108 3618 1323 3682 σύνοδος
1351 3621 1588 3691 σπουδὴν
1605 3627 1903 3697 ποιουμένη

334 3710 434 3779 τὴν
457 3708 608 3777 παρά
636 3710 743 3762 τῶν
767 3708 938 3776 ἁγίων
979 3711 1294 3763 ἀποστόλων
1336 3712 1784 3785 παραδεδομένην
1814 3717 1907 3768 πί-

338 3820 455 3855 στιν
500 3805 706 3870 τηρεῖν,
746 3802 838 3854 καὶ
869 3801 1161 3871 κρατύνειν
1208 3803 1338 3872 περὶ
1383 3804 1493 3856 τῶν
1525 3805 1906 3874 προκειμένων

335 3897 416 3958 εἰς
438 3895 684 3958 ἐξέτασιν
709 3894 887 3965 μόνων
913 3889 1023 3965 εἶχε
1050 3896 1150 3964 τὴν
1180 3893 1427 3965 ζήτησιν,
1448 3897 1543 3949 καὶ
1564 3898 1908 3968 ἀπετρέπετο

339 3986 439 4055 μὲν
467 3990 670 4047 ἐκεῖνα,
712 4002 786 4038 ων
816 3981 884 4056 ἦν
933 3988 966 4055 η
1001 3986 1310 4057 ἀποτροπὴ,
1364 3987 1590 4058 ἔστεργε
1627 3989 1684 4043 δὲ
1738 3990 1908 4045 ταῦτα

337 4078 435 4130 καὶ
469 4076 747 4147 ῲκοιοῦτο,
782 4070 857 4131 ὧν
884 4079 918 4147 ἠ
951 4080 1150 4148 στοργὴ
1184 4080 1382 4151 γνησία
1411 4082 1506 4133 καὶ
1537 4083 1569 4151 ἡ
1610 4083 1907 4151 οἰκείωσις,

336 4171 613 4238 ἑκατέρων
647 4168 787 4221 κατά
823 4169 919 4231 τὰς
949 4170 1309 4233 ἀποστολικάς
1355 4173 1681 4240 παραδόσεις
1714 4173 1910 4227 ἐπικυ-

339 4261 507 4331 ροῦσα
540 4263 631 4313 καὶ
659 4260 1127 4331 ἑξασφαλιζομένη
1170 4264 1280 4314 τῶν
1314 4263 1411 4332 μὲν
1439 4265 1539 4334 τὴν
1568 4266 1906 4338 ἀποτροπὴν,

334 4357 443 4407 τῶν
475 4354 531 4407 δὲ
572 4353 669 4424 τὴν
702 4358 1050 4423 συντήρησιν,
1106 4355 1198 4405 καὶ
1254 4352 1315 4406 τδ
1369 4356 1567 4408 σεπτὸν
1622 4358 1717 4409 καὶ
1752 4360 1909 4426 ἅγιον

337 4444 610 4511 Σύμβολον
637 4442 733 4511 τῆς
760 4445 979 4510 πρώτης
1007 4445 1098 4496 καὶ
1145 4444 1400 4514 δευτέρας
1451 4444 1752 4507 ἔκθεσιςδν
1783 4464 1908 4501 συν-

2010 3253 2121 3292 nou
2152 3240 2398 3309 synodali
2431 3241 2654 3298 decreto
2682 3260 2710 3298 a
2746 3245 2985 3316 primum
3006 3248 3117 3318 jam
3148 3257 3591 3312 commemoratis

2009 3330 2415 3400 gloriosissima:
2438 3332 2683 3391 Domina:
2700 3346 2899 3393 nostra-
2924 3339 3016 3394 Dei
3043 3340 3337 3400 Genitricis
3385 3351 3591 3403 sanctis

2012 3421 2089 3475 uti
2118 3436 2185 3474 ex
2215 3420 2475 3493 Symbolo
2514 3438 2964 3495 repraesentatur.

2080 3512 2171 3566 27.
2198 3512 2302 3569 Sed
2324 3518 2675 3585 compendio,
2698 3520 2777 3574 uti
2803 3519 2905 3576 ista
2928 3537 3056 3579 vere
3074 3539 3133 3580 se
3158 3525 3399 3585 habeant
3426 3534 3591 3603 expli.

2018 3605 2518 3671 cemus.Quazlibet
2547 3610 2814 3680 synodus,
2851 3629 2975 3667 cum
3010 3616 3204 3672 sedulo
3246 3618 3591 3680 incumberet

2011 3698 2265 3752 traditam
2296 3698 2457 3754 nobis
2485 3714 2515 3753 a
2546 3704 2751 3757 sanctis
2780 3707 3044 3773 apostolis
3076 3708 3234 3764 (idem
3288 3728 3585 3769 conserva-

2012 3803 2070 3842 re
2125 3798 2291 3858 atque
2320 3789 2561 3854 ﬁrmare,
2592 3792 2662 3847 de
2686 3793 2790 3849 illis
2819 3801 3221 3864 tantummodo,
3250 3818 3369 3868 quu:
3396 3804 3447 3857 in
3466 3820 3589 3859 exa-

2011 3893 2136 3932 men
2166 3879 2518 3947 vocabantur,
2560 3885 2917 3952 quastionem
2966 3892 3282 3958 exercebat,
3328 3910 3590 3964 respuens

2010 3971 2229 4041 quidem
2278 3973 2606 4044 respuenda,
2672 3978 2995 4048 excipienda
3051 3998 3179 4037 vero
3248 3992 3590 4055 amplecten-

2012 4064 2187 4133 daque
2212 4065 2510 4133 excipiens,
2534 4076 2587 4121 et
2610 4075 2861 4139 utraque.
2898 4071 3092 4127 lterum
3121 4092 3314 4145 nempe
3336 4081 3590 4148 reproba-

2013 4156 2240 4221 tionem,
2273 4157 2490 4211 illorum
2519 4162 3020 4231 conservationem,
3053 4167 3412 4225 traditionum
3461 4186 3590 4240 apo.

2012 4249 2324 4305 stolicarum
2395 4252 2639 4324 vestigiis
2704 4253 2998 4321 insistens,
3048 4258 3313 4315 deﬁniens
3360 4274 3414 4316 et
3481 4274 3590 4318 sta.

2014 4341 2210 4396 bilieus
2261 4342 2604 4414 admittebat,
2672 4354 2727 4399 et
2785 4350 3161 4404 venerandum
3234 4366 3590 4425 sanctumque

2014 4434 2203 4503 prima:
2240 4444 2295 4488 et
2327 4435 2581 4490 secunda:
2605 4438 2797 4508 synodi
2828 4440 3144 4508 Symbolum
3179 4460 3302 4497 eum
3338 4445 3406 4499 sit
3437 4463 3576 4515 ειρο

335 4536 479 4598 ὁδου,
507 4535 616 4586 τῶν
643 4536 700 4586 ἐν
753 4535 939 4595 αὐταῖς
988 4536 1382 4602 ἀνακυψάντων
1441 4535 1769 4608 ζητημάτων
1802 4540 1909 4610 ἔχει

2022 4525 2148 4579 sitio
2169 4528 2533 4595 quaestionum
2569 4543 2691 4598 qua:
2732 4530 2786 4583 in
2818 4530 2924 4584 illis
2973 4542 3177 4586 exortae
3210 4548 3359 4602 sunt,
3414 4554 3590 4593 veram

334 4625 435 4693 τὴν
470 4624 642 4693 ἁληθῆ
670 4624 1014 4693 καιβεὸαίαν
1048 4624 1420 4691 διευλύτωσιν,
1454 4628 1548 4680 καὶ
1580 4630 1908 4696 φανέρωσιν,

337 4721 431 4770 καὶ
461 4718 574 4769 ἐστι
602 4718 698 4784 τῆς
730 4717 1089 4783 ἁποστολικῆς
1133 4717 1424 4785 ὁμολογίας
1462 4720 1637 4790 σαφὴς
1670 4724 1761 4773 καὶ
1789 4722 1912 4774 σύν-

336 4828 499 4879 τοιμος
528 4810 876 4879 ἀνακήρυξις.
907 4811 1171 4868 ’Ἕκαστος
1193 4810 1247 4861 δὲ
1269 4810 1485 4865 καὶτῶν
1504 4811 1913 4881 οεοὸραὸεύτων

335 4904 671 4957 διδασκάλων
725 4904 822 4971 τῆς
882 4901 1161 4964 εὐσεϐείας
1192 4906 1311 4964 ταῖς
1367 4907 1570 4967 κοιναῖς
1605 4904 1755 4971 σφῶν
1784 4905 1914 4958 ἀκο-

338 4996 544 5057 λούθως
583 4994 949 5054 διδασκαλίαις
983 4994 1114 5054 ἰδίας
1158 4996 1478 5063 συγγραφὰς
1524 4997 1914 5066 συγγραψάμε-

336 5106 439 5151 νοι,
473 5090 565 5139 καὶ
595 5089 661 5137 τα
698 5085 888 5145 κοινῶς
926 5085 1029 5152 ἰδία
1062 5084 1155 5135 καὶ
1182 5086 1639 5153 πεπλατυσμένως
1662 5087 1790 5155 περὶ
1816 5085 1916 5153 τῆς

335 5180 500 5247 ὀρθῆς
534 5181 626 5229 καὶ
660 5178 961 5245 ἀμωμήτου
1008 5177 1284 5237 θεολογίας
1328 5176 1784 5242 διασαφήσαντες,
1835 5176 1914 5237 είς

338 5262 523 5340 κοινὴν
557 5272 825 5337 ὠφέλειαν
852 5274 963 5333 τοῖς
999 5271 1107 5322 ἀπὸ
1138 5269 1371 5337 Χριστοῦ
1403 5268 1759 5337 κεκλημένοις
1795 5267 1912 5332 ἐξέ-

338 5368 513 5418 θεντο,
548 5364 860 5433 Στέργουσα
891 5363 1071 5414 τοίνυν
1106 5364 1137 5430 ἡ
1169 5360 1463 5428 Ἐκκλησία
1504 5360 1598 5412 καὶ
1628 5359 1662 5412 ἃ
1712 5358 1915 5410 συνοδι-

337 5458 447 5518 κῶς
478 5460 523 5508 οἱ
549 5458 681 5508 θεῖοι
716 5457 958 5524 ιΙατέρες
993 5454 1320 5523 παρέδοσαν,
1375 5452 1771 5522 ὲνστερνίζεται
1820 5452 1914 5504 καὶ

337 5549 372 5602 ὃ.
399 5549 519 5600 καθ’
545 5549 735 5600 ἑαυτὸν
767 5546 1033 5612 Θεολογῶν
1059 5546 1282 5607 ἕκαστος
1311 5544 1687 5614 διηυκρίνησε.
1718 5544 1826 5595 Καὶ
1854 5544 1911 5594 οὑ

341 5641 409 5691 τὰ
444 5641 540 5708 μὲν
583 5638 894 5700 οἰκοιοῦται,
934 5638 999 5688 τὰ
1033 5637 1086 5688 (Σὲ
1138 5635 1546 5705 ἀποπέμπεται,
1582 5634 1695 5688 ἀλλ’
1748 5636 1823 5697 ὡς
1858 5634 1916 5698 ἐξ

343 5737 627 5797 ἐπιπνοίας
652 5733 743 5785 τοῦ
765 5732 908 5784 Θείου
934 5731 1244 5798 Πνεύματος
1268 5727 1606 5798 προηγμένα,
1634 5725 1727 5777 καὶ
1746 5725 1914 5777 ταῦτα

342 5832 569 5882 κάκεῖνα
593 5824 840 5895 γεραίρει
874 5824 965 5875 καὶ
1009 5818 1420 5884 κατασπάζεται
1452 5819 1543 5870 καὶ
1570 5818 1668 5871 ὅσα
1701 5819 1756 5869 ἐν
1787 5833 1911 5867 συν-

2014 4628 2330 4687 eertamque
2372 4620 2701 4675 solutionem
2762 4632 2816 4676 et
2856 4625 3282 4679 declarationem
3323 4631 3585 4695 continet,

2013 4718 2204 4780 estque
2250 4713 2512 4766 doctrinae
2556 4714 2870 4781 apostolicae
2923 4725 2976 4769 et
3025 4717 3388 4773 confessionis
3434 4723 3586 4791 plena

2014 4812 2069 4856 et.
2092 4804 2480 4873 compendiosa
2504 4804 2866 4861 denuntiatio.
2914 4808 3124 4876 Singuli
3158 4827 3373 4881 quoque
3418 4831 3445 4867 a
3484 4816 3586 4870 Deo

2016 4898 2297 4951 constituti
2332 4901 2549 4967 pietatis
2592 4902 2859 4971 magistri,
2911 4920 3018 4957 non
3066 4916 3217 4958 extra
3270 4922 3586 4962 communes

2015 5003 2201 5042 earum
2258 5001 2673 5059 consequenter.
2724 4994 2999 5048 doctrinas
3046 4997 3263 5064 proiiria
3305 5014 3587 5052 commeo.

2018 5082 2149 5135 taria
2178 5082 2606 5148 conscribentes,
2650 5094 2705 5138 et
2751 5088 3062 5141 communia
3102 5089 3357 5157 privatim
3407 5100 3458 5143 et
3501 5093 3588 5144 fu-

2016 5176 2142 5227 siori
2173 5191 2425 5229 sermone
2456 5192 2596 5230 verae
2625 5185 2788 5245 atque
2822 5179 3108 5249 inculpatae
3154 5183 3437 5249 theologia:
3471 5201 3587 5254 my-

2016 5268 2181 5321 steria
2212 5269 2571 5334 deelarantes,
2603 5270 2833 5339 publica
2857 5288 3047 5327 eorum
3077 5277 3469 5338 commoditati,
3495 5276 3587 5345 qui

2015 5376 2045 5412 a
2075 5358 2295 5413 Christo
2324 5377 2522 5415 nomen
2558 5360 2781 5426 habent,
2815 5364 3120 5417 ediderunt.
3150 5366 3383 5419 Ecclesia
3414 5366 3591 5436 itaque

2015 5451 2338 5505 exosculans
2364 5468 2392 5504 a
2418 5451 2618 5505 divinis
2651 5451 2904 5508 Patribus
2933 5456 3173 5526 synodali
3205 5457 3454 5510 cou5ulto
3482 5468 3590 5512 tra-

2014 5541 2280 5603 dita,uon
2302 5542 2484 5595 minus
2520 5544 2722 5611 apertis
2765 5546 2909 5599 ulnis
2964 5547 3313 5615 amplectitur
3364 5559 3418 5602 et
3470 5563 3591 5619 qua:

2016 5631 2210 5700 singuli
2269 5632 2492 5699 privatis
2556 5636 3073 5701 pertractationibus
3127 5636 3492 5704 explicarunt,
3537 5644 3591 5690 e‘t

2016 5723 2094 5777 sic
2124 5737 2186 5775 ea
2214 5722 2317 5775 sibi
2351 5722 2615 5778 benevole
2645 5728 3043 5787 accommodat.
3078 5726 3168 5780 illa
3213 5729 3280 5781 ab
3305 5742 3361 5781 se
3392 5730 3588 5795 relegat

2017 5816 2282 5887 longeque
2314 5818 2585 5884 amandat,
2628 5828 2685 5873 et
2728 5834 2880 5889 :eque
2925 5834 2991 5875 ac
3036 5821 3081 5874 si
3127 5820 3307 5877 aﬂlatn
3354 5819 3583 5892 Spiritut
