4220 6444
659 399 798 462 1403

1868 396 2193 455 GEOltGll
2238 399 2291 456 Μ
2302 397 2546 457 ETOCH
2559 394 2702 454 [ΤᾸΞ

3768 376 3905 443 14οι

657 519 841 574 studes
874 524 929 569 et
960 513 1315 568 fundamenta
1344 530 1356 565 :
1395 527 1518 566 cum
1551 527 1682 566 vero
1714 512 1767 565 lii
1800 514 1866 567 ad
1894 515 2228 584 sempiterna

2356 517 2527 583 ιλίγων
2560 512 2706 567 οὗτοι
2746 509 2838 563 καὶ
2868 508 2929 561 ού
2960 503 3195 560 πολλῶν.
3243 501 3442 570 Ἡμεῖς
3474 499 3529 552 δὲ
3566 497 3826 567 καὶ-άπερ
3858 497 3916 548 ἐν

651 611 795 665 bona
831 606 1312 674 transmigrarunt,
1344 614 1457 659 tum
1490 603 1739 667 Photius,
1777 616 1829 660 et
1853 605 1942 659 alii
1978 607 2069 675 qui
2100 622 2226 660 eum

652 700 931 754 subsecuti
966 707 1110 759 sunt,
1155 696 1432 749 vinculum
1476 696 1779 750 dissolvere
1813 706 2133 766 potuerunt,
2173 706 2231 751 et

651 792 984 851 discindere,
1029 798 1084 841 et
1114 789 1165 840 in
1194 798 1379 857 partes
1408 788 1808 847 comminuere.
1847 787 1959 857 qua'
1994 789 2231 841 utilitate

654 893 749 937 aut
781 883 959 936 noxa?
991 882 1129 934 bene
1166 880 1366 932 callent
1407 879 1499 948 qui
1546 886 1844 942 noverunt,
1892 880 2022 933 licet
2066 878 2228 947 pauci

654 975 769 1038 isti,
802 991 908 1027 non
945 973 1099 1026 multi
1142 980 1289 1025 sunt.
1331 970 1441 1024 Nos
1467 988 1630 1041 porro
1667 989 1727 1024 ea
1759 988 1976 1041 quoque
2019 988 2139 1041 quae
2175 971 2229 1025 in

648 1068 859 1135 judicio
920 1066 1045 1119 fassi
1091 1074 1218 1118 sunt
1248 1074 1555 1117 nostrorum
1587 1065 2033 1117 adversariorum
2059 1065 2229 1118 duces

653 1156 797 1208 circa
827 1155 1221 1217 defensionem,
1268 1156 1425 1218 cuius
1476 1155 1807 1229 mentionem
1855 1153 2107 1218 fecimus,
2145 1154 2232 1207 in-

658 1247 818 1301 dicati
877 1246 1045 1299 divini
1109 1246 1286 1299 Patris
1347 1263 1495 1299 more
1552 1246 1772 1316 proprio
1816 1262 1914 1299 suo
1992 1262 2078 1299 res
2133 1262 2233 1298 no-

657 1354 753 1396 vas
794 1339 1299 1398 comminiscentes,
1335 1338 1463 1406 quid
1490 1338 1632 1389 enim
1680 1329 2023 1390 manifestius
2061 1352 2231 1404 appa-

660 1434 853 1486 ruerit.
880 1431 1007 1483 dum
1045 1441 1267 1483 sanctus
1320 1431 1443 1488 hoc,
1477 1430 1619 1496 quod
1650 1428 1725 1481 illi
1775 1430 2230 1495 criminabantur,

656 1520 963 1586 appositum
994 1520 1125 1583 ipsis
1153 1520 1330 1571 verbis
1368 1519 1539 1585 palam
1572 1518 1849 1570 defendit?
1876 1520 1928 1571 in
1956 1522 2235 1574 nonnullis

656 1611 861 1663 nostris
892 1611 1262 1669 sermonibus.
1305 1621 1358 1663 ct
1390 1610 1527 1663 inea
1571 1609 1958 1677 responsiones
1999 1626 2061 1664 ex
2096 1612 2231 1679 ipsis

654 1698 994 1756 defensionis-
1034 1702 1240 1761 verbis,
1295 1711 1348 1754 ct
1390 1701 1510 1754 aliis
1556 1700 1777 1755 Patrum
1830 1701 1993 1755 dieiis
2044 1711 2233 1755 contra

656 1792 957 1858 posiiimus.
995 1791 1070 1843 De
1109 1806 1170 1843 ca
1200 1807 1328 1844 vero
1352 1791 1602 1859 epistola,
1626 1800 1680 1844 et
1713 1792 2018 1844 necessaria
2053 1808 2233 1846 rerum

2334 610 2448 667 τοῖς
2480 602 2850 673 δικαστηρίοις
2876 599 3118 668 ἔφθασαν
3154 594 3390 660 ἐξειπεῖν
3439 592 3491 644 οί
3516 590 3625 643 τῶν
3682 588 3921 641 ἀντικει-

2337 701 2517 769 μένων
2546 698 2677 766 ἡμῖν
2722 694 2975 765 προαγοὶ,
3029 690 3114 759 ἐφ’
3150 682 3294 763 ᾗπερ
3325 682 3680 754 ἐμνήσθημεν
3710 680 3921 748 ὑπερη-

2336 793 2497 862 γορίᾳ
2535 790 2627 843 τοῦ
2652 787 2985 858 δηλωθέντος
3012 782 3157 835 θείου
3191 778 3406 849 Πατρδς
3441 773 3921 845 εὐρεσιλογοῦντες

2334 882 2477 936 κατὰ
2508 883 2600 936 τὸν
2634 879 2833 949 συνήθη
2867 875 3069 943 τρόπον
3104 873 3287 933 αὐτοῖς
3313 886 3329 901 ο
3370 870 3423 921 τί
3457 867 3566 936 γάρ
3598 865 3665 918 ἂν
3721 862 3919 931 φανείη

2338 993 2440 1029 που
2468 973 2855 1043 προδηλότερον
2899 966 2992 1021 τοῦ
3022 967 3111 1018 τὸν
3142 964 3299 1032 ἅγιον
3330 960 3461 1015 αύτδ
3495 958 3559 1010 τὸ
3585 956 3917 1024 αἰτιώμενον

2334 1069 2561 1137 θέμενον
2589 1065 2732 1119 κατὰ
2758 1062 2910 1132 ῥῆμα
2949 1058 3138 1111 τούτου
3173 1053 3425 1124 φανερῶς
3456 1048 3879 1119 ύπερηγορῆσαι
3904 1063 3920 1111 ;

2335 1162 2485 1224 ὅμως
2515 1157 2571 1210 ἓν
2601 1173 2710 1209 τισι
2759 1152 3092 1223 παραθέντες
3121 1149 3232 1202 τῶν
3270 1145 3559 1217 ἡμετέρων
3614 1142 3793 1208 λόγων
3824 1138 3921 1191 καὶ

2334 1254 2461 1313 τοὺς
2496 1249 2646 1317 σφῶν
2678 1247 2930 1316 ἐλέγχους
2959 1243 3015 1306 ἐξ
3040 1241 3218 1296 αὐτῶν
3255 1239 3363 1292 τῶν
3411 1238 3509 1307 τῆς
3540 1231 3919 1302 ύπερηγορίας

2339 1342 2599 1414 ῥημάτων
2637 1341 2728 1391 καὶ
2780 1337 2982 1391 λοιπῶν
3033 1333 3322 1403 πατρικῶν
3368 1327 3916 1393 ἁντιπαρεθὴκαμεν.

2341 1437 2471 1504 Περὶ
2514 1434 2570 1487 δὲ
2623 1435 2733 1501 τῆξ
2774 1431 3064 1499 ἐπιστολῆς
3108 1428 3200 1482 καὶ
3230 1427 3326 1492 τῆς
3355 1418 3423 1496 ἦς
3462 1424 3676 1489 ἔφημεν
3706 1420 3771 1470 ἐκ
3805 1416 3916 1467 τῶν

2340 1526 2679 1595 πραγμάτων
2711 1522 3013 1587 ἀναγκαίας
3042 1516 3383 1577 ἀκολουθίας,
3436 1508 3671 1578 ἀλλαχοῦ
3712 1504 3918 1559 πλατύ-

2337 1635 2494 1685 τερον
2520 1615 2878 1669 διαλαδόντων
2906 1611 3085 1683 ἡμῶν,
3119 1611 3197 1662 ἔτι
3223 1603 3656 1671 διεξοδικώτερον
3693 1600 3920 1668 εὑρήσει

2338 1710 2514 1760 ταῦτα
2540 1707 2633 1759 καὶ
2658 1705 2981 1771 τελεώτερον
3013 1704 3040 1755 ό
3065 1700 3385 1770 βουλόμενος
3424 1697 3481 1747 ἐν
3513 1693 3717 1761 βίϐλοις
3750 1690 3921 1757 αἴπερ

2347 1799 2609 1868 ἡμέτεραι
2636 1798 2728 1849 καὶ
2755 1796 2863 1849 τῶν
2896 1791 3321 1864 ἡμετέριυνεὶσί.
3357 1787 3503 1857 Πλὴν
3528 1785 3647 1838 ἐπεὶ
3680 1781 3925 1846 τοπαρά-

657 1882 819 1945 sezie,
854 1900 1017 1951 quam
1060 1883 1359 1949 innuimus.
1391 1898 1511 1936 cum
1545 1883 1662 1936 fuse
1707 1884 1812 1936 alio
1850 1885 1903 1936 in
1958 1885 2076 1939 loco
2127 1895 2237 1940 tra-

2356 1860 2447 1944 ταν
2470 1860 2549 1952 είς
2577 1890 2769 1957 λόγους
2798 1860 2975 1941 ἐλθείν
3009 1860 3608 1954 05'n191xw9059201,
3641 1875 3673 1944 ἦ
3700 1875 3926 1943 παρρη-

659 1973 1018 2038 ctaverimus,
1062 1974 1239 2027 adhuc
1277 1973 1441 2026 latius
1466 1973 1874 2043 perfectiusque
1912 1992 1996 2038 ea,
2051 1977 2139 2030 cui
2185 1977 2235 2031 id

666 2062 969 2116 eollibitum
1006 2063 1191 2125 fuerit,
1225 2072 1279 2117 ct
1312 2064 1362 2116 in
1385 2063 1541 2118 libris
1574 2066 1795 2129 nostris,
1821 2076 1877 2119 et
1912 2082 2106 2120 eorum
2143 2069 2237 2136 qui

656 2170 781 2209 cum
840 2156 995 2207 nobis
1049 2172 1153 2208 una
1206 2156 1471 2219 sentiunt,
1530 2158 1787 2227 reperiet.
1848 2158 2237 2212 Verumtamen

656 2264 781 2301 enin
823 2249 875 2301 in
908 2248 1241 2316 colloquium
1288 2251 1478 2303 venire
1523 2252 1682 2305 nobis
1722 2268 1833 2305 non
1881 2253 2239 2317 concedatur,

659 2346 753 2390 aut
803 2337 968 2390 libere.
1001 2346 1056 2391 ct
1080 2338 1312 2405 publice.
1334 2349 1380 2391 et
1416 2341 1468 2391 in
1513 2340 1903 2409 imperatorum
1936 2343 2238 2406 audientia,

659 2436 755 2478 aut
782 2443 905 2481 (‘Ulll
934 2426 1211 2495 aliquibus
1235 2428 1507 2495 privatim,
1540 2441 1593 2484 et
1637 2431 1690 2483 in
1714 2447 1960 2496 secessu,
2003 2433 2097 2487 sed
2122 2449 2243 2488 sors

659 2519 821 2571 nobis
854 2519 940 2571 illa
966 2520 1213 2590 contigit.
1251 2534 1308 2573 ut
1338 2523 1616 2591 perpetuis
1665 2525 1980 2578 carceribus
2031 2527 2243 2579 inanei-

662 2627 875 2681 peinur,
906 2618 962 2666 et
1002 2614 1068 2665 ab
1115 2614 1372 2667 omnibus
1415 2615 1631 2684 injuriis
1678 2614 1980 2670 adiciantur
2024 2618 2244 2686 illisque

659 2704 752 2772 qui
784 2720 884 2757 nos
918 2706 1351 2774 supereminent,
1390 2706 1730 2763 satisfactum
1771 2725 1894 2764 esse
1927 2719 2244 2780 reputetur,

662 2799 887 2858 propter
912 2805 1029 2843 eam
1062 2808 1184 2861 qua:
1216 2793 1269 2846 in
1306 2795 1564 2849 omnibus
1606 2797 1855 2866 inspersa
1890 2808 1995 2861 est,
2034 2807 2089 2853 et
2137 2815 2239 2869 po-

664 2884 935 2937 tissimum
973 2884 1023 2936 in
1057 2885 1305 2953 populari
1354 2886 1512 2941 turba
1549 2890 2107 2958 przeoccupationcm,
2136 2890 2243 2943 ali-

665 2974 885 3039 quando
914 2974 1069 3027 nobis
1105 2974 1410 3044 inopinato,
1462 2975 1506 3030 si
1553 2976 1767 3045 aliquos
1814 2978 2019 3047 alloqui
2072 2979 2248 3034 conti-

664 3065 827 3135 gerit,
859 3072 919 3117 ut
961 3065 1013 3118 in
1044 3081 1240 3135 magna
1274 3067 1424 3120 curia
1457 3069 1625 3122 semel
1657 3068 1801 3123 forte
1843 3069 2061 3124 fortuna
2108 3070 2250 3125 acci-

662 3158 761 3221 dit,
795 3164 888 3210 aut
910 3156 1115 3226 scripta
1152 3157 1207 3210 in
1241 3159 1496 3213 manibus
1529 3160 1599 3214 ab
1622 3161 1895 3230 aliquibus
1924 3171 2113 3216 contra
2144 3163 2248 3218 hoc

664 3253 1044 3317 argumentum
1077 3249 1280 3303 dictata
1306 3251 1359 3303 in
1388 3252 1607 3307 occulto
1653 3253 1927 3323 accipere,
1973 3254 2246 3308 dictiones

666 3356 730 3394 ex
773 3340 882 3395 Deo
928 3341 1105 3396 ductis
1174 3341 1429 3397 Patribus
1486 3356 1858 3414 proponentes
1887 3384 1904 3409 ,
1954 3345 2252 3400 ostenden-

669 3442 861 3500 tesque
889 3448 984 3485 eos
1016 3434 1121 3487 illis
1150 3434 1424 3489 contraria
1472 3436 1724 3501 reboare,
1758 3446 1814 3490 et
1849 3437 2075 3506 alloqui,
2106 3446 2160 3490 et
2196 3438 2249 3491 in

669 3527 813 3593 quod
860 3540 978 3579 sese
1028 3527 1396 3596 praecipitium
1446 3538 1629 3599 agant,
1690 3530 1757 3583 de
1799 3530 1885 3583 his
1911 3530 2252 3583 considerata

674 3618 1095 3688 csaininataque
1130 3636 1315 3673 rerum
1363 3620 1528 3683 serie,
1562 3621 1848 3675 veritatem
1901 3622 2251 3675 irradiantein

669 3713 786 3765 sive
820 3710 938 3765 fuse
976 3712 1092 3766 sive
1120 3712 1379 3777 breviter,
1416 3722 1469 3767 et
1498 3714 1554 3765 in
1596 3713 1930 3782 compendio
1956 3711 2251 3767 edicimus.

676 3806 933 3860 Attamen
963 3805 1016 3857 hi
1051 3805 1288 3857 maxime
1323 3804 1606 3858 dominatu
1657 3804 1975 3874 constipati,
2011 3804 2127 3858 sive
2162 3803 2255 3873 qui

672 3899 840 3951 vitam
864 3913 988 3952 cum
1021 3908 1195 3951 morte
1248 3908 1679 3959 commutarunt,
1731 3897 1824 3967 qui
1879 3897 2256 3965 maximopere

675 4003 733 4045 tn
768 4005 865 4043 nos
890 3990 1149 4044 commoti
1174 3989 1347 4053 fuere,
1385 3990 1500 4044 sive
1538 3989 1630 4059 qui
1682 3992 1827 4043 inter
1874 3989 2031 4044 vivos
2080 3988 2261 4043 adhuc

675 4083 883 4149 degunt
923 4090 1181 4150 tanquam
1225 4081 1317 4149 qui
1344 4080 1850 4146 deprehendantur,
1893 4095 2060 4134 voces
2090 4094 2259 4134 novas

677 4172 1035 4240 blasphemiis
1092 4171 1321 4225 rclcrtas
1367 4172 1750 4233 introducere,
1799 4172 1851 4225 in
1880 4182 2028 4226 torno
2068 4180 2262 4225 contra

677 4281 779 4317 nos
814 4272 1142 4332 nostrosque
1170 4263 1410 4316 asseclas
1443 4263 1648 4331 scripto
1698 4262 2105 4332 publicatoque,
2138 4270 2262 4314 tau-

680 4362 912 4427 denique
962 4366 1019 4411 et
1075 4358 1283 4409 calamo
1338 4366 1393 4409 et
1432 4364 1739 4409 atramento
1783 4354 2083 4419 composita
2139 4368 2262 4406 cum

681 4444 850 4504 semel
884 4450 1326 4517 recognoverint,
1377 4449 1578 4517 quibus
1623 4447 1937 4516 intelligunt
1976 4444 2265 4513 colloquiis

2340 1986 2452 2054 σία,
2484 1981 2718 2035 καὶτῶν
2767 1977 3193 2046 αὐτοκρατόρων
3248 1972 3501 2033 ἐνώπιον,
3556 1967 3589 2036 ἢ
3629 1966 3745 2035 μετ’
3772 1965 3928 2017 ἐνίων

2342 2052 2678 2136 ἰδιαζόντως,
2726 2069 2826 2123 καὶ
2878 2068 2981 2121 ἀνά
3048 2066 3235 2136 μέρος,
3290 2061 3426 2117 ἀλλὰ
3466 2060 3666 2127 κλῆρος
3703 2057 3835 2124 ἡμῖν
3867 2052 3929 2105 τὸ

2338 2165 2516 2218 διόλου
2576 2162 3069 2232 ἐγκεκλεισμένους
3147 2152 3289 2207 εἶναι
3344 2152 3441 2205 καὶ
3497 2149 3650 2217 παρὰ
3708 2146 3930 2197 πάντων

2342 2254 2532 2326 ὖῦρεσι
2557 2250 2983 2314 πλύνεσθαι,καὶ
3007 2248 3215 2307 τούτοις
3246 2246 3373 2305 τοὺς
3392 2241 3514 2295 καθ’
3541 2240 3698 2308 ἡμῶν
3727 2238 3828 2289 ὒπε
3842 2234 3931 2304 ρέα

2341 2362 2536 2415 χοντας
2596 2341 2934 2413 ίκανοῦσθαι,
2967 2338 3063 2392 καὶ
3092 2338 3157 2405 τῇ
3189 2336 3280 2403 ἀφ’
3310 2328 3376 2405 ἦς
3403 2331 3573 2385 ταῦτα
3607 2330 3772 2382 πᾶσιν
3799 2327 3929 2415 ﬁte:

2342 2435 2484 2506 χνῶς
2514 2433 2931 2501 ἐνσκεδασθείσῃ
2964 2426 3253 2499 προλήψει,
3297 2425 3391 2476 καὶ
3425 2421 3659 2492 μάλιστα
3690 2418 3799 2477 τοῖς
3830 2413 3928 2467 τοῦ

2343 2528 2581 2589 λαώδους
2616 2525 2983 2594 συστήματος,
3021 2520 3184 2591 ἡνίκα
3216 2516 3379 2571 ποθὲν
3416 2517 3547 2584 ἡμῖν
3578 2508 3928 2579 ἀπροσδοκή-

2343 2635 2474 2681 τως,
2507 2618 2541 2689 ἢ
2572 2618 2712 2687 μετά
2741 2633 2906 2667 τινων
2933 2610 3283 2680 διαλεχθῆναι
3313 2605 3574 2674 συμϐαίη,
3629 2603 3704 2664 ὡς
3730 2602 3788 2653 ἐν
3816 2600 3932 2661 τοῖς

2350 2710 2605 2782 μεγάλοις
2643 2707 2888 2778 ἀρχείοις
2934 2705 3083 2768 ἅπαξ
3134 2702 3326 2772 γέγονε
3356 2697 3497 2751 κατὰ
3539 2693 3865 2761 συγκυρίαν,
3896 2689 3932 2760 ἢ

2348 2803 2567 2875 γραφάς
2595 2802 2673 2864 είς
2722 2803 2908 2870 χεῖρας
2937 2798 3121 2851 λαϐεῖν
3159 2794 3289 2864 παρ’
3320 2791 3474 2843 ἐνίων
3498 2789 3637 2841 κατα
3668 2785 3768 2853 τῆς
3802 2783 3937 2835 61:0—

2348 2896 2552 2957 θέσεως
2581 2892 2887 2963 γραφείσας
2918 2892 2975 2943 ἐν
3013 2887 3374 2959 παραϐύστῳ,
3399 2883 3493 2945 τὰς
3511 2883 3557 2935 δ’
3587 2879 3937 2949 ἀντιρρήσεις

2350 2986 2532 3040 ἐκτῶν
2553 2984 2899 3055 θεοφορήτων
2923 2982 3315 3051 προφέροντες,
3339 2975 3432 3029 καὶ
3451 2972 3757 3029 δεικνύντες
3790 2968 3941 3027 ὅπως

2350 3076 2496 3136 οὗτοι
2513 3078 2699 3147 σφίσιν
2722 3075 3055 3136 ἁπεναντίας
3075 3073 3170 3125 καὶ
3195 3067 3431 3140 φωνοῦσι
3458 3067 3552 3119 καὶ
3578 3063 3938 3134 φθέγγονται,

2353 3174 2445 3226 καὶ
2475 3174 2555 3235 είς
2579 3168 2690 3223 οἷον
2734 3167 2982 3221 ἐντεῦθεν
3014 3162 3227 3217 ὄλισθον
3253 3157 3643 3217 όλισθαίνουσι,
3677 3152 3774 3205 καὶ
3808 3148 3945 3217 περὶ

2352 3265 2520 3318 τῶνδε
2544 3263 2652 3316 τῶν
2681 3264 2746 3313 ἐκ
2770 3260 2868 3330 τῆς
2904 3254 3227 3315 ἀκολουθίας
3254 3250 3364 3304 τῶν
3418 3247 3763 3315 πραγμάτων
3799 3242 3945 3295 θεωο

2359 3356 2661 3428 ρουμένων,
2690 3353 2785 3407 καὶ
2813 3350 2913 3421 τὴν
2944 3350 3001 3415 ἐξ
3026 3347 3205 3399 αὐτῶν
3230 3337 3775 3412 ἀπαστραπτομένην
3808 3334 3947 3402 ἁλή-

2356 3450 2531 3512 θειαν,
2557 3446 2703 3499 κατά
2724 3462 2777 3496 τι
2816 3441 3071 3509 ἐκτάδην,
3094 3438 3189 3490 καὶ
3217 3436 3357 3489 κατὰ
3390 3432 3565 3504 βραχῦ
3597 3430 3691 3484 καὶ
3711 3430 3949 3480 ἐστενωο

2360 3542 2537 3612 μένως
2565 3535 3041 3605 άνακηρύττομεν.
3091 3529 3229 3583 Ἀλλ’
3267 3528 3319 3580 οἱ
3377 3527 3477 3595 μὲν
3515 3520 3765 3612 μεγάλην
3783 3535 3948 3612 περι-

2359 3609 2667 3702 ζωσάμενοι
2722 3627 3066 3687 δυναστεία),
3102 3622 3243 3674 οἵτε
3288 3618 3379 3671 τὸν
3411 3615 3524 3686 βίον
3573 3609 3950 3683 μετηλαχότες

2358 3727 2468 3779 τῶν
2507 3722 2630 3778 καθ’
2662 3719 2822 3791 ἡμῶν
2876 3714 3325 3785 ὑπερϐαλλόντως
3357 3705 3753 3774 κεκινημένων,
3807 3701 3861 3753 οἵ
3886 3717 3949 3751 τε

2358 3818 2472 3878 τοῖς
2506 3813 2642 3878 ζῶσι
2678 3806 3183 3875 συνεξεταζόμενοι,
3226 3804 3301 3864 ὡς
3334 3798 3639 3857 ἐαλωκότες
3674 3809 3957 3861 καινοφω-

2360 3911 2477 3971 νίας
2516 3907 2612 3961 καὶ
2646 3901 2999 3975 βλασφημίας
3056 3897 3139 3965 ἐφ’
3256 3889 3605 3963 τομογραφία
3643 3887 3955 3957 ἐχρήσαντο

2362 4000 2485 4055 καθ’
2513 3999 2692 4070 ἡμῶν,
2722 3995 2819 4049 καὶ
2848 3993 2985 4065 πρὸς
3012 3990 3122 4044 τῶν
3150 3987 3387 4051 οίκείων,
3424 3984 3518 4036 καὶ
3549 3982 3648 4049 τῆς
3679 3979 3955 4046 σφετέρας

2368 4093 2585 4163 μοίρας,
2619 4090 2715 4143 καὶ
2747 4086 2856 4138 τῶν
2891 4081 3237 4151 συνθεμένων
3260 4076 3493 4145 καλάμῳ
3524 4076 3618 4126 καὶ
3656 4070 3850 4141 μέλανι
3872 4069 3957 4131 είς

2366 4162 2721 4253 συναίσθησιν
2762 4178 2912 4249 μόλις
2964 4175 3248 4235 ἐλθόντων,
3293 4170 3352 4235 ἐξ
3382 4162 3456 4221 ὧν
3484 4165 3780 4235 φθάνουσιν
3819 4163 3965 4225 ἀκη-

2368 4277 2555 4336 κοέναι
2589 4276 2707 4336 ταῖς
2738 4270 3045 4339 πανδήμοις
3076 4265 3314 4324 ἐκείναις
3346 4257 3692 4318 δικαστικαίς
3718 4254 3946 4318 διαλέξε-

2371 4385 2475 4429 σ.ν,
2524 4366 2605 4419 ἔτι
2636 4381 2694 4417 τε
2728 4360 2858 4430 παρ’
2891 4359 3050 4430 ἡμῶν
3086 4356 3178 4408 καὶ
3234 4352 3533 4421 ἐγγράφοις
3588 4346 3964 4414 ἀπαντήσεσιν

2371 4457 2737 4528 ἐλεγχθέντες,
2764 4453 3095 4512 ἀπείπαντες
3134 4446 3273 4516 πρὸς
3296 4442 3591 4508 ἀπολογίας
3626 4438 3903 4507 χωρῆσαι,
3926 4434 3963 4505 ἢ

684 4541 958 4608 illisapnd
1008 4541 1218 4605 iudices
1271 4539 1321 4591 in
1372 4538 1709 4591 audientiam
1771 4535 2011 4590 universi
2069 4536 2254 4603 populi

2365 4551 2464 4611 τάς
2496 4525 2552 4601 ἐν
2580 4544 2849 4611 διαλόγοις
2885 4536 3354 4610 αὐτοπροσώποις,
3392 4534 3423 4604 ἦ
3462 4531 3560 4592 τὰς
3599 4529 3685 4581 διὰ
3729 4525 3967 4594 γραφῶν

688 4634 914 4693 habitis,
940 4641 992 4683 ct
1027 4639 1286 4698 pra'lt‘rt‘a
1319 4644 1413 4696 per
1442 4644 1542 4681 nos
1571 4633 1775 4695 scripto
1804 4627 2016 4681 traditis
2037 4642 2262 4694 rcSpon-

692 4724 944 4777 sionibtis
971 4732 1238 4773 re'utatos
1264 4736 1423 4778 esse;
1441 4720 1823 4771 renuntiantes
1847 4718 2129 4787 apologiis,
2153 4718 2267 4770 sive

688 4832 808 4884 qua:
840 4817 890 4866 in
932 4814 1161 4881 dialogis
1199 4813 1558 4880 praisentihus
1598 4811 2037 4879 eolloqueutihus
2075 4809 2267 4877 dispu—

691 4918 894 4961 tantur.
928 4910 1040 4957 sive
1075 4906 1124 4955 in
1159 4905 1379 4971 scriptis
1409 4918 1597 4957 eorum
1626 4903 1714 4971 qui
1746 4903 1915 4969 gloria
1970 4912 2023 4955 et
2060 4902 2268 4969 magni-

691 5000 905 5067 liecntia
957 5014 1066 5049 non
1108 4998 1401 5049 admodum
1459 4996 1698 5047 illustres
1741 5010 1917 5061 neque
1960 4994 2266 5063 conspicui,

690 5093 783 5146 sed
813 5093 1159 5145 sermonibus
1196 5088 1502 5143 scribendis
1543 5088 1757 5141 laudem
1800 5088 2077 5140 consecuti
2120 5095 2271 5148 sunt,

691 5185 1065 5244 continentur,
1114 5181 1341 5247 hujusce
1393 5179 1460 5231 de
1505 5194 1614 5245 quo
1669 5192 1814 5229 nunc
1874 5178 2174 5246 loquimur,
2219 5186 2275 5229 et

693 5277 923 5329 alterius
965 5281 1019 5325 et
1065 5272 1322 5323 onmibns
1375 5270 1683 5338 disciplinis
1733 5269 1922 5337 logicis
1975 5278 2028 5320 et
2079 5268 2276 5320 instru-

693 5368 967 5419 ctionibus
1020 5366 1189 5433 magis
1260 5363 1530 5422 illustris,
1588 5376 1819 5429 quorum
1888 5353 2274 5411 commentaria

698 5459 979 5524 inopinato
1029 5456 1092 5508 ad
1132 5470 1326 5506 manus
1357 5463 1573 5507 nostras
1614 5467 1937 5521 pet-verere,
1983 5466 2044 5503 ex
2086 5460 2278 5504 ventre

699 5550 874 5604 crutis
926 5547 1261 5601 dictionibus
1326 5545 1737 5599 corroborantia
1795 5542 2057 5596 Ecclesia:
2109 5541 2279 5595 dissi-

703 5646 854 5697 dium
887 5660 898 5694 :
934 5640 1064 5710 quin
1094 5651 1146 5693 et
1175 5639 1635 5693 disseitationcsa
1660 5637 1890 5689 nobisin
1920 5652 2109 5702 magna
2132 5636 2281 5689 curia

711 5736 925 5790 habitas
951 5732 1159 5801 scripto
1190 5748 1288 5801 pro
1322 5730 1534 5783 viribus
1585 5729 1905 5782 tradidimus
1939 5731 2053 5779 zelo
2087 5732 2283 5780 terita-

709 5831 776 5884 tis
799 5826 927 5884 acti.
960 5839 1069 5895 quo
1099 5835 1152 5880 et
1196 5824 1259 5878 ad
1300 5824 1504 5893 reliqua
1548 5820 1771 5887 similia,
1841 5821 1882 5873 si
1927 5836 2046 5889 qua:
2107 5832 2273 5890 appa—

2366 4641 2474 4693 τῶν
2502 4637 2674 4699 ἄλλως
2710 4637 2805 4705 μὲν
2836 4635 2909 4703 μὴ
2941 4631 3254 4701 περιόπτων
3284 4629 3350 4695 τῇ
3389 4622 3695 4692 φαινομένῃ
3740 4618 3871 4688 δόξῃ
3902 4634 3964 4670 τε

2369 4732 2462 4784 καὶ
2492 4726 2892 4799 μεγαλειότητι,
2925 4724 3066 4789 λόγῳ
3084 4720 3137 4772 δέ
3159 4735 3219 4785 γε
3257 4712 3583 4784 περικλεῶν,
3612 4709 3704 4762 τοῦ
3736 4726 3795 4760 τε
3834 4706 3967 4776 περὶ

2367 4817 2429 4873 οὗ
2460 4797 2552 4870 νύν
2582 4820 2628 4869 ot
2654 4817 2820 4881 λόγῖι,
2845 4814 2939 4865 καὶ
2969 4810 3155 4878 ἐτέρου
3188 4800 3656 4873 περιφανεστέρου
3680 4797 3965 4858 παντοίοις

2372 4912 2605 4980 λογικοῖς
2635 4907 2919 4978 μαθήμασι
2947 4902 3041 4954 καὶ
3077 4896 3457 4964 παιδεύμασιν,
3491 4892 3647 4943 ἆτινα
3672 4889 3969 4955 συγγράμ-

2377 4979 2521 5073 ματα
2551 5001 2677 5069 παρ’
2736 4995 2955 5055 ἐλπίδας
2990 4993 3091 5043 ἀνα
3135 4991 3326 5057 χεῖρας
3372 4982 3562 5035 λαϐεῖν
3593 4979 3970 5049 ἠδυνήθημεν,

2378 5069 2585 5161 ρήμασι
2645 5088 2752 5147 τοῖς
2784 5083 2891 5136 ἀπὸ
2924 5080 3133 5140 κοιλίας
3179 5076 3276 5146 τὴν
3322 5074 3419 5141 τῆς
3461 5069 3788 5137 Ἐκκλησίις
3827 5085 3971 5136 κραο

2375 5179 2632 5234 ταιοῦντα
2674 5175 2977 5237 διάστασινῇ
3001 5186 3016 5202 ⁸
3049 5168 3184 5223 ἀλλὰ
3236 5168 3331 5218 καὶ
3379 5164 3442 5225 ἃς
3473 5162 3733 5222 διαλέξεις
3767 5160 3826 5210 ἐν
3858 5160 3975 5219 τοῖς

2380 5268 2733 5337 καλουμένοις
2774 5262 3030 5332 μεγάλοις
3066 5255 3361 5326 βασιλείοις
3401 5252 3540 5320 μετὰ
3567 5248 3824 5301 τοιούτων
3848 5250 3974 5300 ἐτέο

2382 5379 2490 5434 ρων
2527 5355 2923 5425 ἐποιησάμεθα,
2954 5350 3193 5421 γραφαῖς
3249 5343 3649 5414 παρεδώκαμεν
3682 5340 3758 5401 ὼς
3807 5339 3972 5406 ἐξῆν,

2380 5424 2525 5521 ζήλῳ
2550 5447 2625 5517 τῷ
2661 5448 2799 5513 ὑπὲρ
2837 5442 3089 5511 ἀληθείας
3120 5438 3430 5506 φερόμενοι,
3461 5434 3555 5500 ὑφ’
3588 5424 3650 5482 οὗ
3679 5431 3777 5481 καὶ
3828 5431 3975 5497 πρὸς

2382 5520 2542 5595 λοιπά
2575 5537 2927 5610 παραπλήσια
2974 5532 3151 5583 εἵπου
3216 5526 3409 5596 φανείη
3450 5520 3976 5594 παρεσκευάσμεθα,

2384 5635 2613 5700 δυνάμει
2660 5609 3078 5695 τεθαρρηκότες
3112 5618 3206 5671 τοῦ
3240 5617 3307 5669 τά
3338 5613 3647 5684 παρειμένα
3681 5613 3778 5663 καὶ
3808 5609 3980 5661 ἀσθε-

2387 5725 2452 5792 νῆ
2483 5698 2841 5788 ἐνισχύοντος.
2878 5711 3000 5765 Τῶν
3034 5707 3386 5778 παρειμένων
3415 5706 3523 5773 γάρ
3557 5703 3716 5771 ἡμεῖς
3755 5698 3984 5792 άληθῶς

2391 5785 2493 5884 ήδη
2522 5785 2720 5881 τηλίκῃ
2773 5805 3117 5875 συνεχόμενοι
3151 5803 3219 5869 τῇ
3274 5794 3640 5868 ὰςιΰλυωπίᾳ,
3693 5792 3769 5853 ὡς
3801 5793 3861 5844 ἐν
3898 5785 3985 5852 οἷς
