4220 6444
305 383 440 444 ιιιδ

1647 380 2146 447 FRAGMENTA.

3439 397 3574 465 MN

298 497 491 566 ἐτέρου
522 493 583 548 τδ
616 493 802 566 ἰτερον
830 495 1161 566 ἀνατρέπειν
1192 508 1205 523 ⁸
1243 495 1338 548 καὶ
1398 492 1523 557 τοὺς
1589 492 1843 566 θεόφρονα

1954 508 2111 555 itero
2160 503 2445 571 destruas,
2501 507 2799 575 divinaque
2848 525 3013 565 sensu
3062 508 3286 574 Patres.
3338 513 3570 572 invicem

298 586 544 654 εἰσάγειν
574 589 990 658 ἐναντιόφρονας
1017 603 1030 617 ο
1062 589 1157 641 καὶ
1207 587 1268 640 τὸ
1293 585 1500 658 μεῖξον,
1553 587 1688 656 πρὸς
1751 589 1885 641 ἐαυ-

296 682 444 744 τούς.

1992 595 2266 650 contraria
2311 599 2610 652 sentientes
2658 601 2906 668 inducas,
2954 603 3210 672 quodque
3255 606 3431 674 majus
3475 607 3571 674 sit,

1994 683 2099 739 sibi
2134 685 2265 755 ipsis
2295 688 2577 746 adversos.

1587 1081 1816 1168 ΤΟΥ
1900 1081 2278 1170 ΑΥΤΟΥ

739 1253 833 1309 ΕΚ
875 1252 1015 1310 ΤΩΝ
1045 1255 1203 1312 ΠΕΡΙ
1255 1258 1393 1312 ΤΗΣ
1427 1257 1566 1314 ΤΟΥ
1593 1263 1797 1316 ΔΠοΥ
1821 1262 2246 1318 ΠΝΕΥΜΑΤΟΣ
2295 1265 2571 1319 [ΞΚΠΟΡΕ
2587 1266 2797 1319 ΥΣΕΩΣ
2828 1266 3056 1321 ΛΟΓΟΥ
3102 1266 3179 1325 Ε’.

1656 1597 2199 1689 EJUSDEM

960 1825 1066 1886 EX
1095 1826 1330 1887 LIBRO
1380 1827 1428 1888 V
1474 1827 1574 1887 DE
1603 1827 2133 1890 PROCESSIONE
2177 1831 2542 1894 SPIRITUS
2583 1833 2884 1895 SANCTI.

502 1967 657 2036 Quod
686 1990 847 2046 neque
872 1985 1087 2047 propter
1115 1978 1457 2041 sententiam,
1484 1994 1647 2049 neque
1675 1989 1891 2049 propter
1927 1979 2256 2034 additionem
2291 1991 2476 2036 natum
2520 1983 2590 2035 sit
2628 1982 3000 2039 Ecclesiarttm
3029 1984 3338 2040 diuinum.

1346 2132 1508 2192 (Apud
1537 2129 1766 2182 Allaiium
1821 2133 1891 2182 De
1926 2135 2230 2196 purgatorlo,
2263 2150 2309 2198 ρ.
2354 2136 2486 2199 θος.)

346 2431 489 2504 Πρὸς
527 2432 697 2487 ταῦτα
731 2435 827 2501 μὲν
856 2432 949 2488 οὖν
973 2436 1506 2507 ἀντιπαριθήσουσιν
1535 2441 1583 2492 οἱ
1630 2441 1696 2494 τὰ
1753 2443 1843 2511 τῆς

2031 2445 2106 2496 At
2145 2446 2258 2498 brrc
2294 2446 2512 2514 quidem
2552 2456 2739 2498 contra
2776 2455 3090 2513 opponent.
3128 2445 3222 2514 qui
3258 2446 3549 2514 epistolam

275 2529 569 2596 ἐπιστολῆς
639 2529 998 2599 πεφθακότες,
1057 2533 1274 2597 εἰδέναι,
1325 2535 1357 2604 ἢ
1413 2534 1506 2587 καὶ
1548 2536 1774 2589 διελθεῖν
1809 2536 1858 2588 οί

275 2621 513 2690 σπουδὴν
537 2624 912 2693 ποιησάμενοι,
935 2625 996 2678 τδ
1031 2625 1119 2678 τὸν
1149 2627 1440 2695 ἐκθέμενον
1467 2629 1524 2679 ὲν
1555 2629 1737 2691 αὐτοῖς
1760 2629 1858 2698 τήν

272 2712 598 2782 προσθήκην
636 2714 976 2784 καθορᾶσθαι
1008 2716 1324 2780 κακίζοντα.
1354 2718 1512 2788 Γνοίη
1543 2718 1587 2772 δ’
1629 2719 1694 2772 ἂν
1724 2721 1751 2772 ό
1772 2724 1856 2791 ’μή

269 2805 603 2874 παρὼικῶς,
628 2807 742 2858 ἀλλ’
767 2809 1198 2877 ἐπεσκεμμένως
1215 2810 1308 2862 καὶ
1321 2810 1377 2862 τό
1399 2811 1621 2879 σύμπαν
1644 2813 1856 2882 ἀπροσ-

266 2898 460 2960 παθῶς
521 2898 748 2952 διελθὼν
770 2901 840 2952 τὰ
882 2901 1127 2962 τοιαῦτα,
1178 2902 1310 2954 καθὸ
1339 2903 1658 2974 προσθήκην
1690 2907 1746 2957 ὲν
1776 2906 1854 2971 τῷ

263 2989 550 3060 Συμϐόλῳ,
602 2992 702 3060 οὐχ
755 2991 830 3053 ὼς
867 2992 927 3044 τὸ
970 2992 1070 3062 τῆς
1124 2993 1405 3057 εὐσεϐείας
1450 2995 1855 3065 λυμαινομένην

263 3081 508 3152 καθαρὸν
537 3083 946 3153 ἀπωθούμενον.
980 3085 1173 3139 Καίτοι
1221 3086 1393 3138 ταῦτα
1436 3088 1574 3156 πρὸς
1601 3089 1666 3140 τὰ
1700 3107 1812 3159 πρα
1833 3119 1855 3131 ο

261 3174 461 3244 χθέντα
495 3193 584 3244 μοι
617 3177 917 3246 προσεχῶς,
967 3177 999 3246 ἢ
1051 3179 1145 3231 καὶ
1185 3179 1321 3249 πρὸς
1353 3179 1474 3232 ὅλον
1515 3186 1732 3252 γραφῆς
1762 3201 1852 3253 μοι

260 3267 325 3319 τὸ
374 3267 820 3336 σκοπιμὼτατον·
871 3269 1031 3333 είπερ
1085 3271 1112 3321 ό
1161 3271 1449 3339 εἰρημένος
1497 3273 1554 3324 ἐν
1621 3274 1756 3343 αὐτῇ
1784 3279 1849 3346 τῇ

263 3359 527 3428 ἐπιστολῇ
560 3360 756 3427 φάσκει
785 3359 1232 3431 διαπορούμενος,
1263 3362 1430 3424 ὅπως,
1460 3365 1545 3415 καῖ
1569 3364 1635 3416 δι’
1659 3366 1725 3436 ήν
1753 3369 1850 3435 τήν

262 3449 502 3521 αἰτίανή
536 3452 784 3520 ἀναφορὰ
817 3448 914 3502 τοῦ
940 3450 1203 3517 ὀνόματος
1235 3451 1466 3523 ἐξεκόπη
1497 3453 1590 3506 τοῦ
1624 3457 1848 3522 πάππα,

255 3543 353 3596 καὶ
384 3545 596 3609 ἀγνοεῖν
622 3544 966 3599 διατείνεται.
1004 3545 1065 3597 El
1094 3546 1202 3612 γὰρ
1222 3544 1296 3606 ὼς
1330 3546 1363 3615 ἡ
1391 3546 1640 3612 Κυπρίου
1688 3565 1852 3616 τομο-

256 3634 490 3701 γραφία,
505 3633 736 3702 τάληθὲς
757 3634 986 3686 δἐἰπεῖν
1005 3634 1406 3704 ἀνομογραφία,
1431 3635 1670 3704 περὶτῆς
1689 3652 1850 3703 προσ-

256 3726 431 3796 θήκης
447 3727 604 3793 φησὶ,
625 3728 762 3795 πέρα
779 3727 981 3798 ταύτην
1003 3727 1253 3791 ἀσεϐείας
1276 3728 1644 3792 ἀποκαλοῦσα,
1661 3728 1756 3780 καὶ
1775 3728 1850 3791 ὡς

1968 2534 2195 2596 callent,
2230 2545 2323 2588 aut
2354 2536 2559 2602 integre
2589 2550 2908 2603 percurrere
2929 2575 2942 2590 .
2972 2542 3025 2587 et
3057 2535 3148 2603 qui
3183 2535 3424 2589 studium
3458 2552 3555 2605 pu-

1968 2638 2128 2677 suere
2161 2639 2320 2677 suum
2352 2626 2417 2677 ad
2458 2625 2821 2692 probandum.
2857 2626 3001 2677 illius
3048 2632 3321 2678 auctorem
3356 2626 3551 2690 videri,

1966 2713 2298 2768 adnlitionem
2333 2717 2564 2769 similem
2600 2733 2881 2770 accusare.
2918 2715 3022 2770 Sed
3059 2716 3216 2786 plane
3252 2717 3550 2785 intelliget,

1964 2805 2055 2873 qui
2091 2820 2196 2858 non
2227 2807 2371 2860 aliud
2403 2808 2712 2869 intendens,
2740 2809 2834 2861 sed
2870 2809 3127 2864 meditate
3157 2825 3271 2863 rem
3304 2811 3554 2863 conside-

1967 2913 2118 2961 rans,
2147 2907 2198 2953 et
2230 2900 2375 2966 quod
2408 2911 2568 2968 caput
2603 2916 2783 2954 rerum
2819 2901 3004 2961 fuerit.
3038 2903 3188 2955 nullo
3219 2904 3386 2956 animi
3419 2904 3553 2957 alle-

1964 2999 2053 3046 ctu
2083 2993 2399 3062 implicitus.
2429 2996 2668 3060 epistolae
2694 2997 2854 3050 verba
2885 2996 3096 3063 legi-rit,
3120 2997 3371 3050 eumdem
3399 2998 3554 3050 addi-

1968 3085 2167 3139 tionem
2199 3088 2274 3141 uti
2305 3088 2356 3140 in
2388 3087 2648 3157 Symbolo
2676 3087 2898 3150 factam,
2927 3096 2981 3141 ct
3009 3104 3114 3141 non
3146 3089 3221 3140 uti
3256 3092 3548 3157 puritatem

1963 3181 2183 3248 pietatis
2212 3179 2588 3247 inquinautem
2620 3185 2962 3247 reprobtisse.
3003 3181 3065 3233 Et
3097 3181 3230 3245 haec,
3260 3196 3381 3248 quae
3411 3196 3548 3234 ccu-

1961 3273 2170 3326 tinuate
2199 3283 2493 3325 exsecutus
2527 3289 2644 3326 sum
2666 3314 2679 3334 ,
2714 3273 2778 3324 ad
2811 3273 3131 3339 scriptionis
3164 3289 3297 3326 mete.
3331 3273 3545 3339 potissi-

1964 3382 2113 3418 mum
2148 3381 2372 3433 scOpmn
2409 3365 2609 3419 fariant
2639 3386 2649 3419 :
2680 3370 2721 3419 si
2756 3369 2862 3430 jam
2896 3369 3075 3421 dictus
3105 3369 3155 3420 in
3186 3369 3404 3421 laudata
3433 3369 3550 3436 epi-

1962 3456 2095 3508 stola
2124 3457 2381 3509 Itatsitans
2407 3458 2624 3517 asserit,
2649 3458 2943 3524 quamodo,
2967 3468 3015 3510 et
3043 3475 3204 3526 quam
3230 3460 3299 3512 ob
3322 3472 3543 3511 causam

1960 3550 2410 3601 commemoratio
2440 3550 2674 3603 nominis
2703 3565 2854 3618 papze
2881 3551 3208 3614 cessaverit;
3237 3551 3548 3604 contendit.-

1961 3653 2068 3705 que
2099 3654 2156 3690 se
2191 3639 2240 3691 id
2276 3641 2508 3693 nescire.
2543 3639 2755 3693 Etenim
2794 3641 2860 3704 si,
2894 3653 2954 3693 ut
2983 3649 3186 3706 tomus,
3220 3643 3334 3696 sive
3364 3644 3546 3696 vet-ins

1961 3728 2183 3792 dixeris,
2212 3740 2458 3784 ventusa
2482 3731 2680 3800 Cyprio
2705 3733 2962 3800 scriptus,
2988 3733 3054 3785 de
3078 3734 3354 3787 additione
3379 3736 3544 3788 verba

253 3818 306 3871 oi
327 3818 504 3871 λοιποὶ
522 3818 616 3870 νῦν
638 3819 829 3871 τούτου
847 3820 1157 3889 σύμφρονες
1175 3819 1586 3889 ἀποφαίνονται,
1605 3820 1843 3883 κάκεῖνος

1963 3820 2114 3882 facit.
2144 3822 2324 3874 omnis
2355 3823 2651 3891 impietatis
2681 3826 3137 3892 complementum
3167 3842 3284 3878 eam
3316 3839 3543 3889 vocans,

255 3913 496 3981 ἐφρόνει,
531 3914 648 3977 πῶς
680 3915 744 3966 ἂν
778 3915 1113 3986 διηπορεῖτο,
1166 3917 1260 3969 καὶ
1320 3917 1394 3985 μὴ
1445 3916 1590 3986 ἔχειν
1639 3916 1845 3984 γνῶναι

253 4010 353 4076 τὴν
369 4008 546 4063 αἰτίαν
573 4008 724 4075 ἔλεγε
740 4008 840 4077 τῆς
859 4009 1100 4078 ἐκκοπῆς
1117 4009 1210 4060 τοῦ
1230 4009 1488 4078 ῥηθέντος
1517 4009 1791 4078 ὀνόματος
1824 4025 1839 4073 ;

251 4101 378 4160 Πῶς
407 4101 450 4152 δ’
485 4101 550 4155 ἂν
574 4101 735 4154 πᾶλιν
758 4103 852 4153 καὶ
875 4101 1077 4169 μᾶλλον
1111 4100 1252 4153 οὕτω
1285 4103 1405 4153 κατ’
1425 4101 1552 4164 ἔπος
1582 4101 1838 4170 διήγγελ-

249 4197 364 4255 λεν,
410 4193 724 4262 ’Δγαπητὸν
744 4195 793 4246 εί
821 4193 1152 4263 παράύτοῖς
1186 4193 1245 4245 τὸ
1280 4192 1835 4262 θεῖονόρθοτομεῖται,

249 4285 495 4353 δηλονότι
537 4283 854 4353 Ῥωμαίοις,
905 4284 999 4336 καὶ
1030 4284 1173 4337 κατὰ
1205 4285 1295 4336 τὸν
1323 4284 1423 4353 τῆς
1455 4283 1710 4351 ἀληθείας
1751 4285 1836 4338 λό-

249 4391 347 4443 γον
396 4376 713 4444 όμοφρόνως
751 4377 882 4445 ήμῖν
931 4376 1308 4444 ὑμνολογεῖται
1364 4375 1460 4428 καὶ
1512 4375 1838 4440 δοξὰιζεταις

248 4469 363 4522 Καὶ
394 4464 572 4529 αὖθιςο
637 4467 818 4520 Καλὸν
843 4467 950 4537 γὰρ
991 4468 1128 4536 πρὸς
1173 4468 1235 4519 τὸ
1270 4467 1558 4529 καλοθελὲς
1598 4469 1840 4537 ὁρῶντας

247 4562 417 4630 ήμᾶς,
462 4560 590 4613 ἔνθα
620 4559 693 4630 μὴ
728 4559 948 4628 Θεὸς.ἢ
1007 4559 1188 4629 πίστις
1237 4557 1298 4610 τδ
1363 4559 1825 4628 κινδυνευόμενον,

247 4651 425 4704 νεύειν
449 4651 534 4704 ἀεὶ
575 4651 708 4720 πρὸς
734 4649 794 4702 τὸ
818 4650 1094 4720 εἰρηνικόν
1120 4667 1178 4702 τε
1202 4651 1295 4702 καὶ
1318 4649 1663 4719 φιλάδελφον.
1703 4652 1829 4704 Ὅτι

245 4743 303 4797 δέ
333 4759 481 4806 τινες
510 4744 604 4795 καὶ
635 4741 818 4796 αὐτῶν
843 4742 951 4794 τῶν
972 4743 1033 4794 τὸ
1075 4744 1284 4812 σχίσμα
1335 4742 1441 4811 πρό
1489 4742 1646 4813 ήμῶν
1693 4761 1832 4812 κρα-

245 4837 520 4889 τυνᾶντων
576 4835 634 4886 ἐν
672 4834 818 4904 μόνῳ
854 4835 932 4904 τῷ
960 4835 1224 4903 Συμϐόλῳ
1268 4835 1702 4905 κατηγοροῦντες
1733 4837 1831 4902 τὴν

255 4927 565 4996 τροαθήκην
595 4927 941 4991 όπτάνονται,
976 4926 1165 4995 μέρεσι
1191 4925 1236 4977 δ’
1256 4927 1312 4977 ἐν
1351 4926 1558 4994 ἑτέροις
1589 4927 1829 4979 ούδοπω-

254 5017 392 5083 τοῦν,
417 5018 812 5087 ζητησάτωσαν
840 5021 889 5070 οἱ
923 5018 1130 5080 τούτοις
1154 5017 1380 5070 ἔπεσθαι
1416 5018 1830 5087 θρασυνόμενο·,

241 5111 336 5163 καὶ
348 5111 436 5162 τὸν
451 5112 545 5179 τῆς
561 5111 996 5178 ἀρχιεπισκοπῆς
1017 5109 1450 5181 ¹ιιιεροεδρεύσαντα
1470 5109 1830 5179 Βουλγαρίας,

1959 3923 2016 3967 et
2052 3914 2129 3967 uti
2165 3913 2357 3982 reliqui
2399 3929 2545 3966 nunc
2582 3915 2654 3967 illi
2693 3915 3054 3968 addictissimi
3094 3918 3452 3974 contendunt.
3487 3918 3542 3970 in

1957 4007 2100 4073 hanc
2131 4006 2219 4058 ille
2251 4007 2576 4058 sententiam
2615 4001 3030 4075 prependisset,
3061 4023 3165 4076 qua
3200 4009 3410 4061 ratione
3442 4008 3546 4059 du-

1957 4100 2213 4164 bitasset,
2249 4099 2716 4166 asseruissetque,
2750 4111 2808 4152 se
2876 4100 3117 4152 nondum
3154 4113 3348 4166 capere
3385 4115 3544 4167 posse

1953 4191 2199 4244 nominis
2243 4191 2604 4245 absrissionis
2654 4192 2917 4243 causam?
2961 4193 3236 4258 quomodo
3281 4193 3449 4255 item,
3490 4204 3545 4248 et

1955 4284 2329 4349 maximopere
2367 4283 2764 4335 adhortabatur
2797 4284 2883 4337 his
2920 4284 3051 4351 ipsis
3089 4286 3295 4347 verbis,
3331 4285 3543 4340 Sullirit

1949 4375 1993 4430 si
2028 4376 2167 4443 apud
2203 4390 2318 4438 eos,
2351 4375 2629 4429 Romanos
2663 4390 2876 4443 nempe,
2913 4393 2999 4430 res
3029 4377 3209 4431 divina
3246 4391 3389 4431 recte
3420 4395 3543 4447 per-

1950 4476 2235 4524 traCIatur.
2271 4477 2325 4520 et
2359 4476 2415 4520 ιιι
2450 4467 2650 4519 veritas
2685 4470 2944 4535 postulat,
2979 4470 3168 4520 eodem
3203 4486 3391 4530 sonsu,
3428 4488 3539 4537 qtto

1949 4564 2002 4610 et
2041 4558 2182 4626 apud
2221 4572 2320 4609 nos
2360 4557 2410 4608 id
2452 4557 2751 4626 peragitur,
2787 4557 3040 4610 laudatur
3073 4568 3126 4610 et
3162 4560 3540 4625 gloriﬁcatur?

1947 4649 2014 4703 Et
2045 4665 2272 4713 rursus,
2307 4649 2512 4702 Bonum
2546 4650 2689 4702 enim
2724 4659 2838 4712 est,
2875 4665 2974 4703 nos
3006 4651 3072 4703 ad
3103 4653 3415 4720 aequitatem
3452 4655 3538 4705 in-

1946 4743 2203 4802 clinatos.
2249 4742 2339 4796 ubi
2387 4743 2469 4794 vel
2520 4740 2657 4794 Deus
2701 4741 2838 4810 ipse,
2886 4743 2964 4795 vel
3013 4743 3145 4797 fides
3192 4747 3242 4796 in
3292 4746 3535 4811 periculo

1946 4848 2054 4885 non
2094 4834 2349 4896 vertitur,
2388 4847 2601 4899 semper
2636 4843 2688 4884 et
2728 4833 2792 4885 ad
2836 4848 3054 4900 pacem,
3092 4843 3145 4887 et
3187 4836 3251 4886 ad
3299 4835 3530 4887 fratrum

1942 4940 2183 4978 amorem
2230 4926 2526 4978 voluntatis
2578 4924 2935 4979 inclinatione
2985 4929 3347 4994 propendere.
3393 4928 3528 4981 Cum

1943 5031 2070 5068 vero
2105 5017 2351 5068 nonnulli
2386 5032 2450 5069 ex
2487 5017 2552 5071 iis
2583 5018 2674 5086 qui
2705 5029 2828 5070 ante
2859 5033 2960 5071 nos
2991 5019 3276 5072 dissidium
3309 5030 3530 5073 Consta-

1943 5107 2259 5168 liiliverunt,
2292 5109 2344 5160 in
2377 5109 2496 5161 solo
2526 5109 2783 5178 Sytubolo
2813 5110 3144 5162 additionem
3180 5111 3525 5178 improbasse

241 5203 335 5257 xui.
357 5203 532 5269 λόγοις
552 5220 616 5254 πε
627 5201 834 5271 ρικλεῆ,
851 5203 948 5270 τὴν
967 5180 1156 5271 κλήσίν
1174 5218 1232 5252 τε
1251 5200 1648 5269 Θεοφύλακτον,
1669 5202 1833 5271 εὑρή-

1954 5199 2035 5253 tisi
2075 5208 2240 5261 sunt,
2275 5203 2439 5255 rebus
2475 5217 2602 5256 vero
2639 5206 2690 5255 in
2727 5203 2852 5257 aliis
2887 5219 3231 5272 nequaquam
3255 5243 3268 5265 ,
3300 5206 3525 5272 perqui-

241 5309 426 5347 σουσιν
451 5292 579 5346 ἔνθα
611 5293 705 5344 καὶ
738 5292 988 5344 λέλεκται
1012 5293 1194 5360 μόνον,
1222 5292 1323 5356 τὴν
1357 5291 1671 5362 ἐκιρώνησιν
1697 5291 1829 5344 ταύ-

237 5401 339 5454 της
377 5384 832 5454 ἀπαναινόμενον,
867 5383 1102 5453 ἀλλαχοῦ
1128 5385 1184 5436 δὲ
1209 5386 1447 5454 γραφαῖς
1470 5385 1526 5436 ἐν
1558 5385 1823 5448 ἁπάσαις,

239 5478 298 5531 ἐν
322 5475 584 5548 ὁμιλίαις,
632 5478 690 5528 ἐν
721 5476 1008 5542 διαλέξεσι,
1062 5474 1419 5543 ἐκφωνεῖσθαι
1457 5475 1685 5538 διδόντα,
1737 5477 1828 5529 καὶ

240 5566 526 5638 πιρρησίᾳ
558 5566 945 5637 κηρύττεσθαι.
967 5568 1082 5620 Καὶ·
1101 5567 1259 5636 δῆλον
1276 5567 1351 5628 ὡς
1383 5567 1483 5619 οὐκ
1511 5567 1577 5619 ἂν
1607 5567 1827 5622 ὁτοιοῦ-

237 5674 330 5721 to;
362 5657 533 5720 οὓτως
554 5657 812 5726 ἐμφανῶς
843 5660 1238 5728 ἐγνωμὰτευεν,
1271 5660 1318 5710 εί
1347 5657 1406 5711 τὸ
1428 5661 1524 5726 τῆς
1547 5643 1826 5727 θεολογίας

239 5749 533 5820 εἰλικρινὲς
563 5750 816 5804 ἐντεῦθεν
854 5751 969 5822 ᾔδει
999 5749 1541 5821 παραϐλαπτόμενον.
1587 5750 1646 5804 Ὀ
1677 5751 1820 5818 μέν-

236 5858 321 5895 τοι
358 5839 457 5913 τῆς
498 5839 772 5912 ’Δντιόχου
804 5843 902 5914 τὴν
931 5843 1029 5914 τῆς
1085 5840 1403 5913 προσθήκης
1434 5841 1815 5912 ἀναγόρευσιν,

1941 5299 2098 5355 rant,
2131 5295 2224 5361 qui
2259 5293 2458 5347 similia
2493 5296 2646 5363 sequi
2680 5296 2937 5349 audacter
2963 5309 3329 5364 praesumunt,
3364 5313 3522 5362 eum,

1933 5383 2024 5450 qui
2057 5384 2553 5452 archiepiscopatui
2584 5385 2848 5452 Bulgaria:
2875 5386 3112 5454 praefuit,
3138 5389 3312 5440 virum
3341 5387 3522 5440 diser-

1937 5484 2050 5527 tum
2088 5490 2151 5528 ac
2184 5475 2565 5544 eloquentem,
2602 5477 2679 5530 illi
2712 5493 2907 5531 nomen
2943 5479 3352 5547 Tlteopbylacto
3385 5479 3521 5545 fuit,

1940 5583 2021 5621 na;
2051 5584 2173 5622 eum
2211 5569 2486 5622 invenient
2519 5572 2919 5630 tantummodo.
2952 5573 3003 5623 in
3032 5586 3141 5640 quo
3169 5571 3375 5624 dictum
3409 5583 3515 5635 est,

1940 5658 2088 5712 illius
2114 5661 2546 5713 enuntiationem
2578 5661 2917 5728 improbasse
2946 5681 2958 5715 :
2991 5663 3044 5714 in
3074 5663 3196 5716 aliis
3220 5679 3347 5716 vero
3373 5664 3482 5716 seri
3503 5691 3518 5704 -

1933 5753 2209 5821 ptionibus
2244 5752 2747 5820 scilicetomnitnts,
2771 5755 3080 5822 colloquiis,
3113 5753 3510 5821 dissertationi,

1931 5848 2030 5901 bus
2060 5843 2419 5916 pronuntiari,
2447 5852 2501 5901 et
2532 5846 2710 5915 palam
2742 5855 2795 5901 et
2822 5846 2995 5902 libere
3026 5862 3208 5903 Coram
3242 5845 3502 5901 omnibus
