4220 6444
623 355 768 427 1615

1811 364 2141 426 GEORGII
2188 361 2666 426 METOCHITA!

3757 361 3899 428 1416

619 477 906 551 praedicari
938 478 1261 537 concedere.
1297 478 1364 535 Et
1396 481 1748 538 manifestum
1779 470 1863 536 est
1885 521 1901 546 ,
1935 499 2059 539 eum
2096 499 2202 538 non

2340 484 2354 534 i
2384 483 2478 535 καὶ
2505 482 2748 545 κακίζων
2781 480 2837 533 ἐν
2859 477 2946 549 ’τῷ
2976 480 3106 552 θείῳ
3157 479 3423 551 Συμϐόλῳ
3477 481 3746 549 φαίνεται.
3807 484 3903 535 καὶ

616 572 757 626 adeo
795 572 944 628 clare
984 572 1331 627 decreturum
1379 572 1584 639 fuisse,
1621 573 1666 629 si
1712 573 1996 643 theologia;
2036 577 2206 631 since-

615 675 739 719 rum
794 680 858 719 ac
908 667 1172 734 integrum
1225 665 1346 719 laedi
1394 668 1763 734 cognovisset.
1816 669 2205 731 Verumtamen

618 755 1016 818 Antiocho-nus.
1044 758 1167 811 licet
1191 759 1486 814 additionis
1509 760 1943 815 enuntiationem
1974 764 2025 814 in
2055 762 2209 832 Sym-

622 847 746 903 bolo
791 848 1186 915 reprehendere
1227 850 1497 916 videatur,
1536 862 1585 904 et
1632 853 1911 909 Romanos
1953 853 2025 907 oh
2060 869 2209 907 eam-

620 941 742 992 dem
781 943 1100 1007 criminari,
1138 952 1189 995 et
1227 958 1255 995 a
1296 954 1443 996 recta
1480 946 1748 998 sententia
1789 944 1960 999 fertur
1994 946 2207 1013 lapsum

622 1030 756 1096 ipsis
782 1032 1096 1098 appiugere,
1124 1041 1176 1083 et
1206 1032 1289 1083 his
1318 1033 1520 1087 similia
1554 1034 1939 1099 internectere,
1968 1045 2207 1090 attamen

620 1136 798 1189 neque
829 1123 1019 1182 Deum,
1052 1139 1227 1189 neque
1257 1125 1416 1177 fidem
1447 1126 1499 1179 in
1530 1127 1771 1194 periculo
1798 1128 1933 1180 verti
1963 1127 2210 1197 apprime

620 1213 862 1275 callens,
902 1225 959 1266 ut
995 1216 1109 1279 ipse
1144 1213 1413 1278 afﬁrmat,
1450 1232 1574 1270 enm
1610 1219 1778 1285 dicit,
1816 1219 1941 1273 licet
1979 1219 2121 1274 luinc
2155 1220 2207 1273 in

624 1305 846 1361 modum
880 1308 1085 1359 adtlitio
1118 1310 1457 1373 enttntietur,
1490 1326 1608 1372 eos,
1638 1313 1730 1379 qui
1764 1328 1886 1365 cum
1916 1328 1985 1366 eo
2017 1324 2207 1378 erant,

623 1397 687 1446 ad
720 1411 905 1461 pacem
935 1408 986 1450 et
1011 1399 1076 1450 ad
1106 1398 1335 1452 fratrum
1366 1417 1609 1454 amorem
1642 1402 1892 1455 inclinari
1925 1417 2129 1467 monet,
2156 1412 2211 1457 et

624 1486 811 1540 verbis
841 1491 1202 1552 supplicibus.
1233 1504 1284 1545 et
1312 1493 1527 1546 eximiis
1556 1494 2049 1547 adhortationibus
2069 1496 2214 1548 (Ion-

624 1580 1196 1648 stantinopolitamtm,
1238 1584 1303 1637 ad
1349 1585 1659 1638 concordia:
1702 1586 1901 1637 bonum
1942 1574 2213 1639 deducere

624 1686 836 1725 Summa
876 1686 975 1738 ope
1014 1674 1225 1727 nititur.
1262 1674 1399 1728 Hinc
1436 1684 1490 1727 et
1533 1676 1583 1728 in
1623 1676 1927 1743 exemplum
1970 1676 2209 1740 adducit,

624 1764 770 1830 quod
805 1766 857 1815 in
890 1766 1240 1822 sanctissimo
1272 1765 1451 1819 Studii
1488 1769 1820 1820 monasterio
1852 1775 1967 1821 tum
2002 1774 2213 1831 tempo-

2326 572 2617 641 Ῥωμαίων
2670 553 3079 640 καθαπτόμενος
3112 574 3209 624 ἃπ⁹
3254 572 3416 641 αὐτῇ,
3446 572 3540 623 καὶ
3569 572 3668 639 τὴν
3692 573 3787 626 τοῦ
3821 574 3903 627 εί-

2310 667 2467 728 κότος
2514 664 2787 717 ἔκπτωσιν
2814 665 2993 725 αὐτοῖς
3022 665 3320 733 ἐπιφέρων.
3357 664 3452 717 καὶ
3475 664 3699 716 τοιαῦτα
3760 682 3905 735 παρα

2310 760 2469 827 όμοια
2502 756 2863 826 παρενείρων,
2889 757 3002 809 ἀλλ’
3033 753 3125 809 οἷον
3164 760 3238 823 μῆ
3280 757 3467 826 Θεὺνῆ
3509 758 3691 809 πίστιν
3724 758 3907 811 ivrei-

2311 851 2401 903 θεν
2441 848 2579 902 εἶναι
2612 851 2670 901 τὸ
2698 851 3147 919 κινδυνευόμενον
3184 849 3242 902 εὖ
3272 851 3451 913 εἰδὼς,
3484 851 3559 910 ὡς
3591 849 3751 912 αὐτὸς
3788 851 3907 901 δια-

2311 938 2627 991 6ε6αιοῦται
2674 938 3069 1005 φθεγγόμενος,
3101 939 3197 990 καὶ
3225 938 3431 1003 ταύτης
3465 935 3608 989 οὕτω
3637 951 3910 1004 κηρυττο-

2315 1031 2505 1100 μένης.
2550 1029 2727 1082 νεύειν
2796 1030 2925 1091 τοὺς
2985 1030 3219 1081 ἐνταῦθα
3248 1029 3383 1095 πρὸς
3419 1029 3479 1080 τδ
3508 1028 3783 1097 εἰρηνικὸν
3815 1027 3909 1078 καὶ

2310 1124 2633 1193 φιλάδελφον
2696 1126 3022 1194 εἰσηγεῖται,
3085 1127 3190 1177 Καὶ
3245 1125 3424 1192 λόγοις
3484 1126 3763 1185 ίκετικοϊς,
3817 1122 3911 1173 καὶ

2314 1216 2725 1285 παρακλήσεσιν
2773 1215 3241 1282 ὑπερϐαλλούσαις
3273 1217 3365 1269 τὸν
3400 1216 3915 1269 Κιιινσταντινουπό-

2312 1307 2448 1367 λεως
2478 1307 2761 1374 ἐπείγεται
2798 1306 3113 1376 μεταθεῖναι
3145 1307 3281 1377 πρὸς
3303 1309 3364 1358 τὸ
3395 1312 3493 1375 τῆς
3526 1308 3783 1372 ὁμονοίας
3815 1325 3915 1359 κα-

2313 1398 2424 1451 λόν.
2467 1397 2637 1451 Ὅθεν
2669 1400 2763 1470 καὶ
2789 1398 3153 1469 παρατίθησιν
3179 1400 3261 1460 είς
3286 1398 3635 1467 παράδειγμα
3675 1399 3734 1449 τὸ
3766 1399 3822 1449 ὲν
3846 1401 3911 1467 τῇ

2314 1478 2661 1560 εὐαγεστάτῃ
2694 1492 2831 1561 μονῇ
2869 1490 2963 1541 τοῦ
2998 1489 3248 1541 Στουδίου
3286 1489 3607 1557 τηνικαῦτα·
3650 1487 3916 1558 τελούμεο

2314 1598 2405 1634 νον
2462 1580 2827 1633 ἀνακόλουθον
2872 1583 2939 1649 τῇ
2972 1580 3396 1650 ὲκκλησιαστικῇ
3450 1580 3749 1648 παραδόσει
3783 1595 3800 1609 ο
3852 1577 3917 1630 τὸ

2314 1673 2439 1736 τοὺς
2468 1672 2745 1733 διακόνους
2777 1671 3097 1737 ζώννυσθαι,
3131 1672 3223 1724 καὶ
3281 1671 3355 1739 μὴ
3407 1670 3634 1736 δυνηθὲν
3670 1669 3918 1736 ὲκκοπῆ·

2318 1784 2406 1819 ναι
2463 1768 2576 1829 τοῖς
2625 1764 2797 1817 πολλά
2855 1764 3154 1816 κοπιάσασι
3208 1763 3303 1816 καὶ
3357 1759 3784 1831 μοχθήσασιτοῦ
3842 1756 3920 1829 μὴ

625 1856 703 1910 ris
730 1858 1012 1923 agebatur,
1040 1846 1113 1909 ab
1136 1858 1390 1912 Ecclesia:
1419 1861 1711 1915 traditione
1739 1862 1998 1926 alienum,
2024 1861 2210 1931 diaco-

2333 1858 2548 1911 iuvat-‘w
2627 1856 2931 1924 ἀποστῆσαι
2995 1854 3306 1923 Ῥωμαίους
3357 1852 3452 1906 τοῦ
3512 1852 3923 1931 κεκρατηκότος

626 1963 726 2002 nos
754 1949 965 2003 srilicet
994 1950 1214 2016 ringqu
1244 1966 1369 2004 sese
1399 1954 1726 2021 astringere,
1755 1962 1810 2007 et
1844 1956 1908 2007 ad
1940 1968 2005 2007 ea
2038 1938 2214 2023 usque

627 2049 870 2107 tempora
909 2042 1038 2094 licet
1068 2043 1221 2095 multi
1255 2044 1319 2096 ad
1357 2044 1486 2096 illud
1519 2045 1938 2115 corrigendum,
1974 2046 2212 2099 laborem

626 2134 979 2199 studiumque
1026 2135 1392 2195 contulerint,
1444 2134 1642 2189 frustra
1696 2150 1922 2189 navasse
1968 2150 2211 2203 operam.

628 2218 775 2281 Hoc.
808 2223 1028 2290 inquam
1053 2264 1068 2287 ,
1099 2227 1348 2295 exemplo
1382 2226 1469 2279 ille
1500 2227 1813 2292 contendit,
1846 2227 1959 2280 fieri
1992 2226 2216 2280 minimc

634 2326 826 2380 posse,
875 2322 933 2367 ut
984 2315 1209 2368 liumani
1257 2332 1283 2367 a
1330 2332 1427 2369 sua
1462 2318 1756 2370 inveterata
1791 2316 2224 2379 consuetudine,

602 2393 607 2398 ’
634 2402 965 2455 additionem
994 2405 1203 2457 scilicet
1248 2405 1522 2458 scribendi
1550 2416 1600 2458 et
1629 2406 1843 2474 publice
1868 2404 2215 2467 enuntiandi,

630 2494 1007 2560 abducantur;
1041 2499 1197 2562 quasi
1230 2496 1453 2553 diceret.
1483 2497 1538 2551 Si
1571 2512 1783 2556 eorum.
1812 2497 1904 2566 qni
1931 2497 2088 2550 nobis
2116 2496 2218 2549 ob-

628 2584 779 2635 noxii
831 2593 975 2645 situt,
1029 2597 1208 2637 mores
1256 2585 1531 2652 corrigere
1581 2587 1892 2653 nequimus,
1944 2586 2219 2654 quomodo

632 2687 728 2726 eos
767 2687 796 2726 a
841 2673 1078 2741 propriis
1120 2674 1613 2727 consuetudinibus
1659 2685 1973 2727 convertere
2018 2674 2219 2740 puteri-

638 2766 796 2817 mus?
812 2764 1073 2819 Praeterea
1094 2767 1332 2835 graviter
1350 2766 1415 2819 de
1434 2767 2042 2833 Constantinopolitano
2060 2769 2220 2820 char-

635 2858 918 2927 tophylace
952 2842 1222 2925 queritur,
1260 2861 1406 2926 quod
1443 2859 1534 2911 ille
1568 2860 1622 2912 iu
1660 2860 1863 2927 proprii
1901 2860 2222 2925 patriarchae

639 2952 705 3003 a.l
734 2966 791 3003 se
816 2950 958 3005 datis
982 2952 1176 3005 litteris
1201 2951 1505 3019 scripserit,
1531 2953 1600 3003 ab
1626 2953 1873 3021 antiquo,
1901 2962 1952 3006 et
1980 2968 2010 3006 a
2036 2963 2223 3006 sancta

637 3052 791 3096 sexta
829 3042 1170 3097 tecumenica
1204 3042 1413 3113 synodo
1448 3057 1597 3112 papae
1630 3044 1867 3097 nominis
1900 3059 2227 3097 commemo-

638 3134 905 3188 rationem
933 3135 1184 3189 abrasam
1217 3133 1406 3199 fuisse,
1433 3135 1619 3203 illique
1650 3134 2045 3203 improperans.
2070 3136 2220 3203 quod

2317 1935 2490 2012 ἔθους,
2541 1947 2684 2002 οὕτω
2739 1949 2971 2019 γράφειν
3022 1964 3080 2001 τε
3112 1948 3205 2000 καὶ
3254 1948 3545 2016 κηρύττειν
3572 1988 3591 2016 ,
3632 1947 3829 2014 λέγων,
3856 1925 3921 1999 Εἰ

2319 2041 2701 2114 περιγενέσθαι
2761 2043 2870 2094 τῶν
2918 2043 3216 2095 τελούντων
3238 2040 3329 2111 ὑφ’
3358 2043 3507 2111 ἡμᾶς
3530 2042 3593 2093 οὐ
3619 2041 3923 2108 δυνάμεθα,

2321 2136 2437 2197 πῶς
2469 2136 2713 2197 ἐκείνους
2744 2134 2852 2187 τῶν
2913 2136 3062 2187 ίδὶων
3106 2135 3315 2205 ὲθίμων
3368 2136 3635 2201 ἐκστῆσαι
3692 2133 3924 2202 δυνησό-

2322 2226 2497 2295 μεθα;
2530 2226 2652 2277 Ἔτι
2688 2243 2749 2291 γε
2774 2225 2881 2293 μὴν
2910 2227 3289 2295 ἐπιμέμφεται
3314 2228 3450 2296 πρδς
3484 2226 3653 2278 τῶνδε
3689 2226 3925 2277 πλεῖστα

2317 2314 2414 2367 τοῦ
2444 2315 2693 2367 τοιούτου
2720 2316 3353 2379 Κωνσταντινουπόλεως
3383 2316 3822 2387 χαρτοφύλακος,
3847 2315 3925 2378 ὡς

2276 2460 2285 2472 ,
2320 2405 2379 2456 ιν
2411 2406 2523 2467 τοῖς
2553 2404 2690 2473 πρὸς
2724 2406 2887 2458 αὑτὸν
2921 2406 3016 2457 τοῦ
3056 2405 3188 2459 ίδίου
3237 2410 3582 2477 πατριάρχου
3621 2405 3925 2478 γράμμασι

2319 2490 2619 2567 γεγραφότι
2652 2498 2819 2552 πάλαι
2845 2498 2938 2551 τοῦ
2971 2499 3173 2553 πάππα
3200 2500 3297 2569 τῆς
3317 2500 3599 2570 ἀναυορίς
3650 2497 3745 2551 τοῦ
3797 2496 3930 2549 b.6-

2325 2604 2493 2656 ματος
2557 2587 2665 2641 ἀπὸ
2748 2589 2849 2658 τῆς
2909 2590 3074 2657 ἁγίας
3149 2592 3247 2643 καὶ
3303 2590 3689 2657 οἱκουμενικῆς
3752 2587 3929 2657 ἕκτης

2323 2679 2545 2731 συνόδου
2572 2680 2826 2741 γενέσθαι
2853 2683 2953 2750 τὴν
2979 2684 3244 2751 ἐκκοπὴν.
3280 2680 3392 2735 Καὶ
3418 2680 3604 2735 τοῦτον
3631 2679 3927 2744 ὀνειδίσας,

2322 2768 2397 2831 ὡς
2444 2772 2542 2839 τῆς
2590 2768 2911 2839 Ἑλληνικῆς
2946 2772 3136 2839 σοφίας
3197 2770 3645 2839 ἐπιμελούμενον,
3709 2770 3933 2839 ἀμελῶς

2327 2864 2458 2931 περὶ
2498 2861 2565 2914 τά
2594 2863 3029 2928 ὲκκλησιαστικὰ
3053 2863 3383 2928 διακεῖσθαι,
3435 2864 3726 2917 πιστοῦται
3792 2866 3933 2931 μάρ-

2325 2971 2466 3024 τυρα
2496 2954 2676 3016 διδοὺς
2728 2956 2922 3009 ἐαυτδν
2954 2958 3393 3026 ἀπαράγραπτον
3441 2957 3499 3008 ὲν
3560 2958 3626 3024 τῇ
3699 2954 3932 3025 βασιλίδι

2322 3046 2432 3098 τῶν
2456 3046 2663 3100 πόλεων
2690 3047 2797 3116 πρὸ
2838 3048 3047 3118 χρόνων
3084 3048 3242 3101 πέντε
3268 3048 3361 3100 καὶ
3384 3048 3798 3117 τεσσαράκοντα
3834 3047 3932 3098 τὸν

2333 3138 2558 3209 Ῥώμης
2608 3139 2667 3191 ἐν
2721 3140 2834 3201 τοῖς
2890 3140 3054 3208 ἱεροῖς
3098 3136 3379 3208 διπτύχοις
3419 3138 3558 3207 μετά
3607 3138 3716 3191 τῶν
3755 3137 3933 3190 ἄλλων

640 3228 922 3295 gentilium
949 3228 1229 3294 sapientia
1250 3226 1521 3292 addictus,
1549 3242 1634 3283 res
1657 3228 2057 3283 ecclesiasticas
2078 3229 2218 3282 osci-

2333 3230 2681 3301 πατριαρχῶν
2713 3231 3104 3315 ἀναφέρεσθαι.
3143 3231 3203 3285 '0
3233 3230 3362 3313 γοῦν
3395 3230 3551 3294 εἰδὼς
3575 3229 3645 3283 τὰ
3697 3230 3792 3283 τοῦ
3829 3248 3935 3299 με·

642 3323 824 3367 tanter
867 3315 1182 3383 negligeret,
1230 3317 1309 3370 uti
1362 3317 1600 3373 firmum.
1631 3318 1818 3381 tradit,
1869 3320 2226 3385 semetipsum

644 3410 835 3456 testem
869 3402 986 3456 sine
1016 3404 1125 3457 ulla
1156 3404 1474 3472 exceptione
1504 3405 1795 3469 exhibens,
1824 3408 1879 3460 in
1916 3408 2099 3476 regina
2134 3425 2231 3462 ur-

643 3491 791 3545 bium
819 3501 945 3546 ante
969 3508 1142 3548 annos
1165 3499 1411 3564 quinque
1434 3506 1484 3551 et
1514 3498 1899 3567 quadraginta,
1926 3497 2231 3553 Romanum

645 3585 955 3651 pontificem
986 3585 1040 3638 in
1068 3589 1242 3640 sacris
1265 3586 1539 3657 diptychis
1570 3603 1676 3642 una
1703 3604 1827 3643 cum
1854 3589 1977 3643 aliis
2003 3591 2231 3657 patriar-

645 3676 765 3731 cbis
798 3678 1094 3733 censitum.
1127 3676 1229 3744 Qui
1268 3679 1435 3747 igitur
1464 3694 1554 3734 res
1589 3682 1768 3749 magni
1807 3681 2025 3736 Maximi
2064 3692 2232 3746 tenet,

646 3784 851 3837 easque
892 3770 1078 3825 animo
1111 3773 1283 3825 volvit
1347 3773 1592 3839 (revocat
1628 3789 1867 3844 namque
1904 3791 2002 3827 nos
2043 3791 2237 3830 rursus

648 3863 715 3915 ad
766 3864 912 3920 illius
962 3868 1285 3921 memoriam
1335 3869 1608 3923 dictorum
1660 3870 2007 3939 necessitas).
2037 3882 2091 3926 et
2122 3872 2235 3942 jam

648 3954 854 4008 laudati
910 3956 1241 4013 Autiocbeni
1294 3960 1437 4014 dicta
1499 3960 1758 4029 meditate
1810 3963 2127 4028 examinat,
2181 3964 2236 4019 in

649 4046 887 4102 Maximo
928 4051 1149 4118 quidam
1192 4052 1463 4122 dogmatis
1503 4053 1880 4108 defensionem
1922 4066 2105 4125 aperte
2143 4058 2239 4112 de-

648 4141 972 4207 prehendet,
1003 4152 1057 4195 ct
1083 4158 1300 4210 causas,
1334 4146 1405 4198 ob
1436 4160 1573 4214 quas
1607 4156 1833 4212 temere,
1866 4158 1923 4203 ut
1957 4151 2143 4214 tradit,
2175 4167 2242 4206 eo

653 4240 898 4299 tempore
933 4233 1216 4287 criminari
1251 4236 1576 4299 studebant,
1611 4236 1760 4291 Petri
1798 4254 1927 4292 vero
1960 4252 2243 4295 sermOnes

652 4321 707 4374 in
748 4324 978 4391 epistola
1019 4325 1084 4378 ad
1125 4340 1221 4380 eos
1261 4327 1355 4395 qui
1402 4327 1703 4383 scissuram
1742 4330 2058 4395 etfecerant,
2095 4333 2245 4387 addi-

653 4413 859 4467 tionem
898 4415 951 4468 in
990 4414 1249 4484 Symbolo
1285 4418 1772 4486 reprehendentes,
1809 4430 1862 4474 et
1896 4422 2001 4475 alia
2040 4424 2243 4491 quibus

654 4508 1033 4578 imponeretur
1067 4509 1351 4576 Romanis,
1392 4526 1447 4567 et
1489 4514 1772 4569 barbaries
1813 4517 1921 4570 illis
1961 4518 2243 4587 obiicitur,

654 4610 709 4655 et
738 4604 937 4656 mentis
962 4603 1228 4664 defeétus.
1253 4604 1492 4659 dictatus
1519 4621 1642 4661 esse
1672 4608 1737 4660 ad
1771 4607 2099 4662 medicinam
2133 4611 2251 4663 abs-

657 4710 764 4763 que
792 4695 962 4749 dubio
993 4697 1269 4749 ferendam
1298 4697 1384 4761 iis,
1412 4698 1615 4766 quibus
1642 4698 1843 4755 similia
1871 4700 2250 4763 mittebantur,

658 4796 917 4855 tauquam
952 4788 1072 4853 .qui
1130 4770 1547 4843 accusatoribus
1628 4791 2013 4855 enuntiarent,
2078 4807 2255 4861 neque

660 4878 854 4942 Deum,
906 4894 1081 4948 neque
1139 4880 1297 4934 fidem
1354 4897 1450 4951 per
1500 4882 1833 4937 additiouem
1891 4884 1941 4936 in
2002 4869 2252 4952 periculo

658 4969 820 5027 verti.
866 4983 929 5023 ea
964 4984 1123 5036 vero,
1157 4985 1279 5039 qua:
1310 4973 1619 5027 concordiae
1651 4983 1809 5037 sunt,
1842 4974 2096 5042 amplecti
2131 4989 2253 5028 δυο·

662 5061 886 5126 derent,
916 5077 1093 5130 neque
1123 5079 1249 5127 eos,
1280 5064 1374 5133 qui
1409 5066 1598 5134 pacem
1631 5081 1695 5118 ac
1726 5066 1961 5133 quietem
1992 5066 2248 5119 eximiam

665 5152 1015 5208 introducere
1041 5168 1332 5219 conantur,
1355 5157 1610 5226 abjicere.
1640 5156 1847 5212 Interea
1875 5172 1939 5214 ex
1967 5173 2031 5211 eo
2056 5158 2121 5210 ad
2153 5159 2255 5214 hoc

666 5251 883 5312 tempus
912 5246 1253 5301 interval'nm
1282 5249 1467 5302 animo
1494 5249 1738 5317 agitabit,
1766 5258 1818 5302 et
1849 5264 2039 5302 vanam
2069 5265 2133 5303 ac
2160 5265 2261 5303 nu-

669 5348 854 5401 gacem
888 5340 1272 5405 loquacitatem
1307 5340 1458 5394 nullo
1488 5341 1643 5394 lirmo
1670 5341 1769 5394 niti
1800 5340 2154 5395 fundamento
2186 5342 2261 5395 in-

672 5426 906 5494 telliget,
943 5440 1057 5481 tum
1089 5446 1282 5485 corum
1316 5433 1408 5500 qui
1442 5448 1470 5485 a
1505 5442 1695 5486 sancta
1725 5444 1877 5487 sexta
1909 5433 2129 5503 Synodo
2156 5434 2244 5487 dis

671 5518 870 5571 sidiutn
916 5521 1287 5576 introductum
1335 5521 1599 5583 fatentur.
1637 5532 1752 5575 tum
1790 5538 1982 5577 eorum
2019 5524 2114 5592 qui
2158 5524 2261 5579 hoc

675 5608 855 5675 ipsum
887 5621 1103 5680 negant,
1139 5623 1192 5667 et
1222 5613 1419 5668 Photio
1448 5614 1682 5669 similem
1718 5614 2127 5668 innovationem
2160 5630 2260 5683 ap-

678 5701 927 5770 pingnnt,
953 5713 1009 5758 et
1038 5705 1183 5761 illius
1212 5706 1497 5761 eversione
1525 5705 1772 5760 eamdem
1801 5721 2020 5775 quoque
2045 5705 2263 5761 destru-

678 5802 818 5848 ctam
849 5794 1197 5865 conﬂ'eutur,
1229 5807 1281 5853 et
1310 5796 1643 5853 additionem
1679 5798 1731 5852 iu
1766 5797 2024 5869 Syntholo
2059 5796 2262 5854 Roma-

2316 3510 2585 3574 γομένων
2625 3510 2867 3579 ἀνάγκη,
2939 3511 3036 3562 καὶ
3087 3510 3156 3562 τα
3207 3508 3301 3561 τοῦ
3355 3508 3660 3577 δηλωθένος

2334 3324 2500 3391 γάλου
2535 3325 2789 3395 Μαξίμου
2817 3326 2911 3377 καὶ
2938 3324 3015 3395 τῷ
3045 3323 3125 3377 νοτ
3182 3327 3524 3394 περιφέρων,
3584 3325 3771 3391 ἐνάγει
3824 3326 3937 3393 γάρ

2335 3417 2619 3470 καὶ-πάλιν
2651 3418 2798 3487 ἡμᾶς
2838 3419 2917 3480 είς
2943 3417 3041 3487 τὴν
3089 3419 3280 3470 τούτου
3318 3418 3542 3487 μνήμην
3592 3418 3626 3485 ἡ
3681 3417 3791 3468 τῶν
3844 3416 3937 3468 λε-

3732 3508 3939 3561 Ἀντιο-

2337 3603 2488 3669 χεὶας
2520 3600 2766 3653 ἐπελθὼν
2806 3601 3194 3669 ἐσκεμμένως,
3225 3600 3436 3653 ἐκείνου
3466 3601 3562 3669 μὲν
3596 3600 3697 3669 τὴν
3742 3602 3825 3661 είς
3878 3602 3938 3653 τὸ

2338 3692 2513 3759 δόγμα
2544 3691 2801 3759 καθαρῶς
2832 3693 3212 3763 ὑπερηγορίαν
3244 3692 3642 3761 ἀναλογήσεται
3665 3732 3680 3754 ,
3710 3693 3807 3746 καὶ
3838 3692 3938 3754 τὰς

2339 3784 2520 3847 αίτίας
2551 3782 2609 3848 ἐξ
2641 3776 2717 3837 ὧν
2762 3800 2928 3855 φησιν
2962 3786 3169 3847 ικείνος
3208 3782 3320 3837 τῶν
3361 3783 3618 3851 διακενῆς
3671 3783 3794 3836 τότε
3840 3784 3940 3853 ζη-

2339 3875 2576 3928 τούντων
2598 3875 2984 3934 ἐπιλαϐέσθαι,
3017 3875 3210 3927 τούτου
3233 3875 3289 3928 δὲ
3318 3875 3513 3941 λόγους
3540 3873 3669 3936 τοὺς
3720 3876 3779 3926 ὲν
3818 3874 3940 3926 ἐπι-

2344 3966 2503 4035 στολῇ
2544 3966 2682 4037 πρδς
2715 3966 2840 4029 τοὺς
2876 3966 3271 4036 εἰργασμένους
3294 3966 3353 4018 τὸ
3385 3968 3596 4037 ῥῆγμα,
3631 3967 3733 4034 τὴν
3769 3982 3941 4035 προσ-

2344 4060 2521 4129 θήκην
2588 4058 2685 4127 μὲν
2746 4061 2803 4109 ἐν
2842 4058 2918 4127 τῷ
2962 4059 3226 4128 Συμὸόλῳ
3264 4059 3611 4122 κακίζοντας,
3670 4058 3763 4111 καί
3814 4074 3941 4110 τινα

2344 4148 2737 4217 καθαπτόμενα
2782 4147 3072 4217 Ῥωμαίων
3100 4152 3180 4212 είς
3210 4148 3594 4219 βαρϐαρότητα
3628 4149 3813 4215 δῆθεν,
3844 4150 3939 4202 καὶ

2345 4237 2597 4302 γνώσεως
2618 4239 2933 4308 ὑστέρησιν,
2965 4241 3058 4294 ἐπὶ
3084 4240 3354 4309 θεραπεία
3385 4238 3641 4309 προδήλῳ
3659 4238 3769 4291 τῶν
3803 4239 3942 4307 πρὸς

2345 4328 2439 4391 οὓς
2478 4330 2545 4381 τὰ
2578 4330 2807 4383 τοιαῦτα
2862 4331 3208 4399 συνείροντας
3240 4347 3254 4361 ⁶
3302 4331 3378 4394 ὠς
3429 4331 3485 4383 δὲ
3530 4331 3605 4401 μὴ
3660 4330 3814 4394 Θεὸν,
3869 4330 3945 4403 μὴ

2348 4421 2532 4473 πίστιν
2562 4416 2704 4473 εἶναι
2733 4421 2792 4473 τὸ
2822 4421 3264 4491 κινδυνευόμενον
3302 4422 3373 4474 δι’
3408 4423 3579 4490 αὐτὴν
3627 4421 3945 4488 διαγγελλο-

2356 4510 2525 4579 μένην
2552 4512 2664 4572 τοῖς
2697 4510 3091 4576 διαγγέλλουσι,
3119 4511 3186 4563 τά
3214 4511 3314 4581 τῆς
3355 4511 3610 4580 ὁμονοίας
3668 4513 3943 4579 στέργειν,

2357 4603 2452 4654 καὶ
2478 4601 2552 4670 μὴ
2580 4601 2918 4654 ἀπωθεῖσθαι
2952 4602 3013 4654 τδ
3042 4602 3420 4670 δυσωπητικδν
3461 4603 3783 4670 εἰσάγοντας
3848 4605 3947 4655 ἀνα

2358 4693 2717 4763 υπέρδλητον.
2753 4690 2886 4747 Εἶτα
2916 4695 3093 4746 καὶτὸ
3123 4694 3335 4746 ἐκεῖθεν
3371 4696 3533 4765 μέχρι
3564 4694 3727 4746 τῶνδε
3760 4693 3951 4747 τοσοῦ.

2355 4800 2448 4837 τον
2506 4784 2783 4855 διάστημα
2814 4784 3064 4855 χρονικὺν
3102 4785 3439 4855 ἀναπολήσει
3497 4785 3637 4839 κατὰ
3684 4785 3947 4849 διάνοιαν,

2356 4878 2448 4929 καὶ
2469 4876 2529 4929 τδ
2561 4876 2670 4929 τῶν
2698 4877 3082 4945 εὐρεσιλογιῶν
3114 4878 3511 4941 ἀνυπόστατον,
3540 4877 3648 4928 τῶν
3682 4878 3805 4947 μὲν,
3840 4876 3952 4929 ἀπὸ

2355 4969 2453 5038 τῆς
2486 4970 2649 5037 ἁγίας
2683 4969 2848 5039 ἕκτης
2882 4970 3102 5022 συνόδου
3133 4970 3200 5022 τὰ
3224 4971 3324 5037 τῆς
3377 4968 3713 5030 διαστάσεως
3762 4970 3952 5020 ἐπεισ-

2362 5061 2569 5131 φρῆσαι
2591 5061 2931 5129 φασκόντων,
2958 5064 3023 5131 τῇ
3054 5061 3099 5114 δ’
3121 5063 3402 5130 ἀνατροπῇ
3442 5061 3950 5131 συνανατραπῆναι,

2364 5154 2459 5205 καὶ
2485 5153 2595 5205 τῶν
2619 5153 2673 5204 δὲ
2696 5151 2792 5204 νῦν
2814 5153 2910 5221 οὐχ
2942 5152 3135 5215 οὕτως,
3187 5152 3323 5204 ἀλλά
3376 5152 3571 5221 Φωτίῳ
3624 5167 3957 5220 καινουργηο

2367 5243 2525 5311 θῆναι
2582 5243 3129 5313 καθομολογούντων,
3183 5245 3280 5297 καὶ
3330 5244 3493 5300 πάλιν
3547 5242 3957 5313 ἀνατραπῆναι,

2370 5338 2467 5389 καὶ
2491 5334 2589 5406 τὴν
2619 5334 3245 5404 προσθήκηνῬωμαίοις
3268 5336 3325 5387 ὲν
3346 5334 3420 5404 τῷ
3441 5335 3511 5386 Συ
3522 5334 3707 5403 μδόλῳ
3733 5348 3961 5401 προστι·

2368 5428 2633 5498 θεμένων,
2663 5428 2755 5479 καὶ
2788 5425 2972 5495 σφίσιν
2997 5424 3152 5487 αὖθις
3178 5425 3255 5488 ὠς
3298 5426 3696 5494 ἀνανεωθεὶσης
3721 5440 3961 5479 συνανιο

2369 5517 2659 5586 νεωθῆναι,
2721 5516 2816 5569 καὶ
2847 5517 2989 5569 κατά
3015 5516 3108 5569 τοῦ
3136 5517 3606 5586 ἐπικρατήσαντος
3634 5514 3960 5583 σχίσματος,

2370 5610 2516 5680 ἅπερ
2570 5607 2849 5677 ἀνεμώλια
2902 5608 3197 5674 δείκνυσιν,
3253 5603 3333 5670 οἷς
3398 5625 3565 5677 φησιν
3630 5607 3963 5662 ἐπιστέλλων

2369 5704 2397 5755 ὀ
2425 5702 2521 5770 τῆς
2568 5700 2843 5770 Ἀντιόχου
2875 5700 3036 5768 σοφὸς
3093 5699 3433 5770 ἀρχιποίμην
3476 5702 3539 5751 ἐκ
3596 5697 3701 5751 τῶν
3725 5697 3943 5768 χρόνων.

2368 5787 2442 5849 ὧν
2468 5790 2845 5861 διαλαμϐάνει,
2881 5790 2944 5843 εκ
2974 5807 3031 5844 τε
3070 5790 3163 5843 τοῦ
3196 5790 3381 5845 καλεῖν
3404 5789 3597 5859 ῐθιμον
3659 5788 3961 5860 Ῥωμαίοις
