4220 6444
271 423 403 494 141⁸1

1616 412 2116 478 FRAGMENTA.

3405 425 3539 488 Hi8

245 537 387 591 οὕτω
413 535 642 605 γράφειν
671 554 729 588 τε
756 537 850 591 καὶ
883 535 1194 606 κηρύττειν,
1237 535 1330 588 καὶ
1361 531 1456 586 τοῦ
1492 531 1568 602 μὴ
1600 530 1822 582 δυνατὸν

1931 530 2014 583 nis
2041 531 2340 594 obiectant,
2369 538 2424 584 et
2455 543 2578 584 cum
2608 545 2671 586 ea
2697 530 2811 601 jam
2847 530 3099 587 rediviva
3121 531 3354 597 dissidii,
3386 539 3532 603 quod

245 631 414 688 θλλως
447 629 511 678 ὲκ
533 627 639 679 τῶν
676 629 754 683 είς
796 628 956 680 τοῦτο
1007 624 1495 694 παραδειγμάτων,
1551 621 1693 674 ὥστε
1748 622 1825 689 μὴ

244 716 428 785 χώραν
458 714 518 764 τὸ
550 714 887 783 παλίμὸολον
911 714 1054 782 ἔχειν
1103 713 1355 775 ἐκείνοις,
1399 711 1532 764 ἀλλὰ
1593 711 1687 764 καὶ
1733 708 1827 762 τοῦ

241 804 343 871 τὴν
370 803 659 871 όμολογίαν
713 801 1060 873 ύπερφεροῦς
1103 801 1380 870 Μαξίμου,
1428 799 1582 863 ἔθους
1644 799 1829 861 αὐτοῖς

246 896 647 964 κεκρατηκότος
671 894 816 948 οὕτω
856 895 1029 946 ποιεῖν
1071 893 1168 947 καὶ
1202 895 1437 962 γράφειν
1482 889 1828 960 διαγορεύον-

242 1004 355 1049 τος.
401 990 460 1040 Ὀ
490 987 622 1055 γοῦν
655 986 811 1050 εἰδὼς
843 986 1020 1040 ταῦτα
1055 987 1240 1049 καθὼς
1302 986 1522 1056 ἔχουσιν
1568 981 1830 1053 ἀληθείας

243 1078 647 1146 ἀναλογίσαιτο,
673 1077 790 1140 πῶς
829 1077 949 1131 ποτ’
1005 1078 1072 1132 ἂν
1125 1077 1348 1147 φήσειεν
1396 1074 1707 1145 ὀρθοποδεϊν
1769 1073 1830 1124 τὸ

246 1171 452 1239 σχίσμα
502 1170 622 1221 κατ’
652 1168 821 1240 αὐτὴν
844 1170 944 1239 τὴν
975 1171 1084 1222 τῶν
1137 1168 1480 1240 πραγμάτων
1541 1165 1642 1236 τῆς
1693 1165 1827 1234 ἀλη-

245 1261 396 1323 θείας
429 1263 758 1332 συντήρησιν
795 1280 809 1294 ·
834 1263 951 1325 πῶς
984 1263 1049 1317 ἂν
1083 1261 1242 1324 ὅλως,
1269 1261 1398 1312 ἔνθα
1419 1261 1642 1327 τοιαύτη
1683 1274 1767 1320 τις
1794 1259 1826 1326 ἡ

244 1355 310 1404 ὲκ
342 1353 658 1421 μαρτυριῶν
690 1353 1027 1420 ἀξιοπιστία,
1053 1352 1179 1405 ἔνθα
1213 1353 1311 1420 τῆς
1357 1351 1464 1402 τῶν
1491 1349 1664 1419 άγίων
1719 1349 1828 1402 διτ-

245 1446 353 1498 τῶν
390 1447 790 1515 οἱκουμενικῶν
815 1447 983 1514 ἕκτης
1043 1463 1104 1498 τι
1147 1446 1242 1498 καὶ
1296 1445 1528 1515 ἑϐδόμης
1585 1445 1827 1513 ἐγεγόνει

249 1537 614 1600 συνελεύσεως
661 1540 694 1607 ὴ
752 1538 1141 1608 συγκρότησις,
1193 1538 1280 1590 διὰ
1342 1537 1520 1607 μέσων
1570 1535 1827 1588 ἐνιαυτῶν

247 1629 342 1685 τοῦ
402 1631 499 1700 τὴν
551 1631 870 1700 προσθήκην
923 1632 1015 1682 καὶ
1065 1630 1378 1699 γράφεσθαι
1421 1627 1700 1699 πανταχοῦ
1731 1629 1824 1680 καὶ

246 1723 619 1792 κηρύττεσθαι
661 1723 802 1776 κατὰ
828 1723 925 1786 τάς
972 1724 1081 1775 τῶν
1113 1725 1417 1792 εἰρημένων
1465 1722 1826 1790 περιωνύμων

246 1815 564 1880 πιστώσεις,
594 1815 689 1868 τοῦ
725 1815 824 1885 μὲν
854 1816 944 1866 ἐπὶ
961 1815 1220 1885 ὁμολογίᾳ
1245 1820 1337 1866 καὶ
1365 1815 1528 1883 λοιπῇ
1556 1812 1824 1880 ἁγιότητι,

244 1906 340 1959 τοῦ
381 1907 435 1959 δὲ
469 1879 559 1959 ἐπι
588 1879 963 1978 πατριαρχικῇ
995 1879 1112 1960 -καὶ
1141 1879 1373 1974 ιρι-λοθέῳ
1408 1879 1822 1972 μεγαλειότητι·
1857 1879 1905 1939 Β

245 2001 342 2053 καὶ
367 2000 550 2062 καθὼς
575 2000 950 2070 ἑντελὲστερον
987 2001 1128 2053 κατά
1186 2015 1242 2051 τε
1306 1997 1407 2068 τὴν
1451 1998 1827 2069 ἀπαρίθμησιν

243 2092 354 2144 τῶν
385 2091 539 2154 ἑτῶν,
570 2092 664 2143 καὶ
691 2091 880 2160 λοιπὴν
903 2091 1138 2153 ἔκθεσιν,
1171 2093 1220 2142 oi
1267 2091 1365 2159 τῆς
1425 2092 1703 2160 ἡμετέρας
1749 2091 1830 2160 βί-

243 2182 375 2234 ϐλου
401 2182 547 2248 λόγος
578 2183 992 2252 παρατιθέασιν.
1033 2182 1124 2248 Ἐξ
1149 2177 1222 2236 ὧν
1247 2185 1352 2253 ἄρα
1386 2185 1479 2237 καὶ
1509 2186 1678 2252 χωρὶς
1719 2183 1828 2235 τῶν

244 2276 653 2344 διειλημμένων
690 2277 968 2345 ἀκραιφνῆ
1030 2277 1182 2344 σχοίη
1239 2277 1304 2328 ἂν
1360 2277 1386 2327 ό
1432 2274 1825 2344 βεϐουλημένος

244 2369 576 2438 φανέρωσιν,
601 2367 676 2429 ὡς
705 2369 764 2420 ού
793 2370 881 2420 δια
908 2368 1060 2434 λόγον
1082 2368 1372 2437 δόγματος,
1403 2368 1435 2437 ἢ
1479 2367 1822 2438 προσθήκης,

241 2462 276 2528 ἡ
311 2461 406 2527 τῆς
434 2461 770 2521 διαστάσεως
798 2459 1219 2529 παρεισεφθαρη
1277 2461 1562 2529 σκαιότης,
1603 2461 1717 2514 ἀλλ’
1758 2463 1823 2514 ἐκ

243 2552 576 2620 σωματικῶν
605 2553 664 2603 τὸ
696 2552 915 2621 σύμπαν
955 2553 1144 2604 αἰτιῶν
1177 2553 1270 2606 καὶ
1295 2553 1690 2622 συμπτώσεων,
1724 2555 1823 2624 τῆς

246 2641 346 2710 μὲν
376 2643 645 2711 προτέρας
675 2643 739 2693 ἐκ
772 2643 870 2710 τῆς
905 2643 994 2693 τοῦ
1032 2644 1240 2694 Φωτίου
1272 2644 1567 2711 φιλαρχίας
1605 2645 1821 2696 καὶτῶν

238 2733 497 2786 ἐντεῦθεν
533 2735 1120 2805 παρηκολουθηκότων,
1160 2736 1255 2803 τῆς
1308 2736 1363 2787 δὲ
1421 2737 1680 2807 δευτέρας
1729 2736 1825 2788 καὶ

241 2830 692 2898 ὲπικρατησάσης
725 2827 789 2880 ἐκ
824 2845 878 2881 τε
897 2829 1003 2879 τῶν
1028 2828 1166 2880 κατὰ
1188 2829 1285 2896 τὴν
1313 2829 1562 2880 Σικελίαν
1590 2831 1823 2897 ἐπισυμ-

240 2921 557 2990 6ε6ηκότων
587 2922 666 2990 τῷ
697 2921 989 2992 στρατηγῷ
1038 2921 1289 2991 Μανιάκῃ
1339 2921 1691 2990 διεγερτικῶν
1742 2924 1822 2984 είς

241 3015 608 3076 ἀποστασίαν,
643 3013 706 3064 ἔκ
739 3030 796 3065 τε
821 3014 954 3076 τῶν,
980 3006 1053 3063 ὧν
1073 3012 1131 3077 ἐξ
1158 3011 1344 3082 ἑτέρου
1396 3013 1598 3081 μέρους
1623 3015 1651 3065 ό
1692 3013 1826 3066 Ἰτα-

241 3107 328 3168 lo;
352 3107 612 3178 ’Λργυοδς
637 3106 822 3165 δολίως
844 3107 934 3156 καὶ
957 3110 1263 3173 περιέργως
1287 3105 1823 3177 ιδραματούργησεν.

1933 619 2210 675 Ecclesias
2228 624 2536 690 occupavit,
2559 623 2836 691 negotium
2855 621 2966 691 jam
2992 632 3311 676 renovatum
3337 623 3530 691 fuisse.

1933 711 2068 777 Qua:
2117 714 2299 767 omnia
2352 725 2559 768 temere
2609 730 2672 769 ac
2722 715 2956 769 inaniter
2999 716 3144 768 dicta
3193 717 3526 774 Antiocheni

1932 804 2237 859 doctissimi
2269 806 2519 874 praesulis
2545 807 2747 874 scripta
2778 807 2829 860 in
2859 807 3097 876 epistola
3125 808 3380 876 probant,
3417 817 3530 861 tum

1932 895 2120 960 annis,
2172 909 2321 961 quos
2362 894 2450 948 ille
2501 903 2806 961 computat,
2860 904 2973 947 tum
3026 910 3090 948 ex
3145 895 3526 948 Romanorum

1934 987 2253 1043 continuata
2282 987 2701 1046 consuetudine.
2729 1002 2790 1040 ea
2825 988 3036 1040 ratione
3070 989 3345 1040 seribendi
3382 1004 3518 1055 prae-

1931 1075 2282 1148 dicandique,
2320 1089 2435 1132 tum
2481 1079 2669 1143 etiam,
2713 1081 2858 1146 quod
2908 1079 3024 1133 fieri
3075 1089 3343 1149 nequeat,
3377 1090 3430 1133 ut
3478 1090 3533 1134 et

1931 1172 2183 1227 adductis
2217 1172 2481 1240 exemplis
2515 1171 2861 1233 constabilit,
2892 1173 3212 1225 eorumdem
3251 1173 3522 1225 sententia

1933 1266 2287 1332 immutetur;
2335 1264 2427 1318 sed
2477 1275 2533 1319 et
2576 1266 2936 1319 assertionem
2984 1265 3219 1320 celebris
3274 1265 3525 1328 Maximi,

1930 1372 2026 1412 eos
2059 1371 2155 1426 pro
2188 1371 2289 1410 suo
2323 1369 2474 1408 more
2508 1356 2813 1408 inveterato
2846 1355 2919 1408 ita
2954 1353 3136 1407 facere
3167 1355 3329 1407 scribi
3353 1370 3520 1422 reque

1932 1446 2216 1501 tradentis.
2247 1445 2348 1511 Qui
2380 1459 2510 1513 ergo
2538 1445 2642 1498 ista
2673 1445 2909 1498 similem
2944 1444 3334 1497 firmitudinem
3368 1453 3524 1497 nacta

1931 1541 2263 1604 considerat,
2317 1552 2555 1607 quanam
2607 1552 2845 1604 unquam
2897 1537 3112 1590 ratione
3165 1537 3526 1590 asseverabito

1931 1632 2220 1686 dissidium
2253 1639 2400 1684 recte
2432 1631 2708 1692 incedere,
2741 1630 2784 1684 si
2819 1629 2883 1683 ad
2919 1644 3029 1691 res,
3061 1629 3136 1682 uti
3171 1639 3338 1697 gesta:
3368 1640 3522 1695 sunt,

1931 1723 2287 1778 conferatur?
2318 1723 2437 1789 Quo
2473 1723 2598 1775 item
2637 1723 2834 1788 modo,
2871 1722 2960 1775 ubi
3003 1721 3127 1777 talis
3162 1739 3225 1775 ac
3260 1734 3406 1776 tanta
3444 1733 3526 1775 tc-

1933 1816 2097 1871 stium
2131 1817 2442 1884 incorrupta
2479 1815 2611 1869 fides
2647 1814 2970 1878 intercedit,
3006 1827 3063 1869 ut
3092 1825 3173 1869 est
3205 1822 3522 1869 sanctarum

1934 1911 2164 1964 duarum
2203 1909 2668 1964 meumenicarum
2707 1909 3037 1979 synodorum
3082 1926 3186 1962 una
3227 1924 3523 1978 congregat-

1936 2011 2114 2056 tat'um
2169 2002 2527 2070 conspiratio,
2570 2018 2804 2070 quarum
2863 2003 3024 2056 anuis
3077 2002 3523 2068 interjacr-ntfbus

1933 2093 2143 2148 additio
2171 2103 2226 2148 et
2255 2095 2598 2149 scribebatur
2629 2095 2762 2149 locis
2797 2094 2848 2147 in
2881 2095 3140 2148 omnibus
3172 2103 3225 2146 et
3258 2094 3520 2162 praedica-

1937 2190 2117 2252 batur,
2160 2187 2325 2241 sicuti
2362 2187 2471 2256 jam
2517 2187 2856 2240 laudatorum
2905 2186 3215 2240 testimonia
3268 2187 3522 2254 probant,

1935 2259 2085 2334 illius
2122 2279 2342 2350 quidem
2385 2289 2438 2332 et
2477 2278 2825 2332 confessione
2887 2288 2940 2332 et
2981 2279 3189 2346 reliqua
3232 2281 3522 2332 sanctitate

1933 2373 2360 2442 praclarissimi,
2395 2371 2559 2441 hujus
2595 2370 2956 2440 patriarchica
2994 2371 3258 2440 dignitate
3296 2381 3348 2423 et
3391 2371 3518 2423 reli-

1931 2464 2080 2532 giosa
2108 2463 2480 2533 magnitudine
2510 2462 2862 2516 illustriSsimi
2894 2479 2908 2515 :
2935 2473 2986 2515 et
3017 2462 3181 2516 annis
3207 2463 3518 2524 recensitis,

1932 2569 1986 2614 et
2022 2558 2146 2613 aliis
2180 2556 2443 2626 expositis
2481 2555 2653 2609 nostri
2691 2555 3072 2609 commentarii
3109 2555 3264 2608 dicta
3293 2555 3521 2608 absolu-

1933 2654 2040 2706 tius
2069 2652 2346 2720 digerunt,
2381 2659 2575 2718 praeter
2602 2649 2712 2714 jam
2749 2649 2916 2711 dicta,
2947 2657 3132 2717 aperte
3180 2649 3518 2715 cuicunque,

1933 2746 1976 2798 si
1994 2745 2235 2806 libuerit,
2257 2759 2361 2796 non
2381 2741 2615 2812 patebit,
2637 2755 2744 2794 non
2767 2742 2982 2794 ratione
3002 2739 3297 2810 dogmatis,
3321 2739 3525 2792 autad-

1929 2836 2178 2899 ditionis,
2212 2834 2573 2905 separationis
2606 2833 2909 2888 fatuitatem
2940 2832 3303 2886 introductam
3326 2832 3520 2904 fuisse,

1931 2932 2022 2982 sed
2056 2945 2122 2981 ex
2153 2927 2507 2981 sacularibus
2538 2941 2706 2994 prope
2735 2926 2918 2979 causis
2949 2933 3003 2979 et
3033 2925 3340 2985 eventibus.
3371 2925 3520 2992 prio-

1933 3023 2009 3074 ris
2051 3021 2268 3090 quidem
2318 3035 2384 3072 ex
2431 3019 2729 3072 ambitione
2771 3016 2976 3083 Pbotii,
3019 3027 3070 3071 et
3120 3017 3186 3070 iis
3229 3031 3349 3085 quae
3395 3016 3521 3070 inde

1936 3114 2230 3166 subsecuta
2263 3121 2429 3172 sunt;
2464 3111 2739 3175 secundae,
2771 3119 2822 3162 et
2855 3123 2977 3178 qua:
3003 3107 3113 3178 jam
3147 3109 3250 3162 vim
3285 3108 3519 3176 obtinet,

240 3213 356 3257 tum
402 3202 488 3264 iis,
534 3216 653 3268 quae.
701 3199 752 3251 in
802 3198 974 3251 insula
1018 3197 1215 3252 Siciliae
1255 3199 1554 3267 contigere,
1598 3204 1823 3255 ductore
1862 3203 2200 3257 exercituum
2230 3202 2494 3264 Maniace,
2523 3216 2576 3254 tn
2608 3199 2962 3254 rebellionem
3032 3199 3337 3260 incitantia,
3404 3208 3519 3252 tum

239 3296 331 3357 iis,
371 3309 490 3360 quin
522 3308 584 3344 ex
623 3293 725 3344 alia
765 3303 918 3360 parte
956 3293 1197 3361 Argyrus
1261 3291 1430 3347 Italus
1505 3291 1882 3348 fraudulenter
1951 3296 2244 3350 admodum
2293 3305 2457 3366 atque
2505 3295 2793 3350 ambitiose
2843 3309 2910 3349 ex
2964 3290 3186 3360 ingenio
3232 3306 3518 3370 commen-

239 3402 331 3447 ttts
365 3401 442 3443 est
462 3390 484 3440 ?

1127 3771 1949 3865 FRAGMENTUM
2040 3769 2608 3859 ALTERUM

1531 3981 1622 4035 EX
1694 3979 1928 4038 EODEM
1993 3979 2223 4034 LIBRU.

1235 4151 1400 4214 (Apud
1420 4151 1655 4200 Attalium
1697 4152 1879 4202 Contra
1915 4150 2270 4215 Hottingeru'm,
2303 4164 2354 4214 p.
2387 4149 2521 4213 5H.)

312 4459 420 4510 τὸν
463 4452 624 4506 αύτδν
678 4451 876 4520 τρόπον
913 4448 1190 4500 κάκιταὶθα
1230 4448 1357 4500 ἔνθα
1411 4450 1470 4501 τὸ
1511 4466 1825 4520 πραγματιο
1854 4459 1896 4511 C

241 4547 352 4607 κῶς
383 4542 700 4610 ἀπο-ξαίνειν
748 4540 929 4598 αὐτοῖς
969 4538 1028 4589 τὸ
1057 4537 1152 4602 τῆς
1183 4537 1514 4601 διαστάσεως
1556 4541 1818 4610 κραταιὸν

239 4632 600 4704 ἀντιρρητικὴ
630 4632 689 4682 τὸ
719 4632 942 4696 σύμπαν
969 4629 1345 4698 θρασυστομία
1375 4630 1506 4698 πρὸς
1537 4633 1661 4693 τοὺς
1694 4630 1815 4682 θεο-

241 4729 517 4794 φάντορας
544 4722 911 4784 ἀποτείνεται,
939 4720 991 4771 ετ
1014 4737 1075 4786 γε
1105 4719 1338 4781 τοιοῦτος
1366 4721 1394 4771 ὁ
1421 4721 1486 4771 τά
1510 4720 1626 4772 θεῖα
1652 4722 1819 4785 πολὺς

241 4817 492 4883 Μάξιμος
528 4817 621 4866 καὶ
671 4812 1008 4881 φερωνύμως
1053 4812 1144 4861 τὸν
1179 4810 1338 4878 ζῆλον
1371 4812 1463 4863 καὶ
1497 4813 1594 4882 τὴν
1624 4813 1819 4880 ὁμολο-

239 4906 366 4975 γίαν
403 4908 431 4957 ὁ
468 4907 744 4974 μέγιστος,
773 4901 828 4963 ὃς
868 4902 1084 4952 συνόδου
1132 4899 1229 4969 τῆς
1264 4901 1429 4969 ἕκτης
1471 4904 1575 4969 πρὸ
1612 4905 1818 4970 χρόνων

242 4995 444 5052 ἱκανῶν
479 4997 732 5062 ἀκμάσας
771 4993 862 5043 καὶ
897 4990 986 5042 τὸν
1019 4991 1157 5058 ὑπὲρ
1191 4991 1471 5052 εὐσεϐείας
1509 4992 1816 5060 ἀθλητικῶς

239 5091 455 5142 δίαυλον
501 5085 779 5147 διανύσας,
831 5083 858 5134 ὃ
895 5099 1054 5149 φασιν
1095 5077 1258 5144 οὗτοι,
1310 5082 1446 5149 μετά
1493 5083 1814 5150 παρέλευσιν

242 5179 472 5234 ἁπασῶν
536 5175 930 5240 οἰκουμενικῶν
984 5174 1213 5225 συνόδων
1265 5175 1389 5234 τοὺς
1436 5173 1535 5242 τῆς
1595 5173 1811 5243 Ῥώμης

240 5272 535 5340 κηρύττειν
571 5266 900 5334 παρίστησιν
945 5266 1190 5333 ἐναργῶς
1226 5269 1282 5318 ἐν
1319 5267 1610 5328 συνοδικοῖς
1635 5269 1812 5337 γράμ-

245 5377 381 5432 μασι
415 5361 523 5419 τοῖς
555 5357 647 5411 τοῦ
683 5357 884 5407 πάππα
927 5355 1224 5422 τηνικαῦτα
1259 5358 1397 5408 κατὰ
1442 5358 1586 5423 λέξιν
1616 5360 1812 5426 ἀνα-,ο-

242 5451 422 5521 ρεύειν
454 5452 526 5510 ὼς
575 5447 720 5497 ἔστιν
754 5447 932 5506 αὐτοῖς
977 5449 1214 5516 σήμερον
1250 5450 1676 5516 κηρυττόμενον,
1722 5453 1813 5501 καὶ

239 5546 308 5593 τα
340 5543 436 5605 τῆς
475 5537 843 5605 ύπερηγορὶας
878 5539 1162 5589 ἐπιπλέκει
1193 5539 1424 5606 τρανῶς,
1457 5536 1517 5592 οὗ
1546 5542 1635 5592 καὶ
1673 5542 1811 5610 μετὰ

241 5633 342 5701 τὴν
371 5627 712 5698 μαρτυρικὴν
754 5628 1074 5692 άποϐίωσιν,
1106 5629 1243 5697 ὑπὲρ
1270 5624 1330 5682 οὗ
1370 5632 1633 5696 γενναίως
1659 5629 1810 5695 οὗτος

239 5723 546 5793 ὴγωνίσατο
570 5719 836 5783 δόγματος
866 5719 959 5769 καὶ
992 5721 1046 5769 τὸ
1085 5721 1244 5788 ῥηθὲν
1279 5723 1618 5789 παγκὸσμιον
1651 5724 1805 5775 ἕκτον

2001 4451 2117 4505 Hoc
2159 4451 2348 4506 eodem
2391 4465 2609 4521 quoque
2649 4452 2811 4506 modo
2833 4466 2959 4507 eum
3006 4451 3115 4507 illis
3145 4453 3499 4508 considerate

1927 4539 2138 4594 dissidii
2175 4539 2484 4593 ﬁrmitatem
2523 4539 2899 4595 demonstrare
2935 4541 3186 4606 nitimur,
3219 4543 3509 4595 temeraria

1927 4633 2254 4702 loquacitate
2281 4647 2403 4685 sese
2429 4643 2768 4700 opponentes
2795 4634 2994 4686 divinis
3025 4635 3228 4688 nostris
3257 4633 3511 4688 Patribus

1927 4723 2282 4777 insolescunt.
2330 4721 2782 4790 Quandoquidem
2829 4725 2991 4776 rebus
3040 4722 3244 4776 divinis
3293 4737 3507 4791 pertra-

1925 4811 2137 4866 ctandis
2184 4811 2525 4879 praecelcbris
2573 4809 2843 4864 Maximus
2890 4826 2990 4865 suo
3035 4814 3258 4866 nomine
3306 4814 3507 4881 dignus

1927 4911 2182 4968 tanquam
2219 4900 2312 4969 qui
2349 4909 2399 4952 et
2436 4900 2552 4952 zelo
2588 4899 2873 4953 catholicae
2908 4900 3030 4953 fidei
3070 4910 3122 4953 et
3156 4901 3506 4957 confessione

1926 4992 2198 5044 maximus
2233 4991 2462 5056 exstitit,
2503 4989 2548 5044 is
2586 4999 2713 5042 ante
2750 4999 2958 5044 sextam
2999 4993 3268 5062 synodum
3304 4994 3506 5048 multos

1923 5103 2097 5142 annos
2122 5096 2279 5141 aetate
2304 5098 2424 5142 acta
2449 5096 2501 5141 et
2527 5088 2741 5155 pietatis
2761 5089 2942 5141 studio
2962 5089 3231 5143 athleticee
3254 5104 3501 5154 emenso.

1922 5183 2064 5249 quod
2105 5182 2205 5248 ipsi
2241 5180 2433 5241 aiunt,
2469 5191 2588 5250 post
2629 5195 2820 5234 omnes
2857 5183 3227 5235 mcutncnicas
3264 5185 3505 5250 synodos

1923 5283 2172 5340 peractas
2213 5273 2486 5325 [tornauos
2523 5271 2820 5338 praedicare
2857 5272 3033 5339 palam
3069 5272 3412 5327 demonstrat
3449 5276 3501 5327 in

1922 5367 2196 5432 synodicts
2224 5363 2418 5416 litteris
2451 5377 2599 5430 papae
2625 5362 2716 5430 qui
2747 5371 2858 5415 tum
2891 5371 3124 5431 praeerat
3151 5364 3314 5417 verbo
3344 5375 3503 5418 tenus

1921 5455 2191 5506 enuntiari
2243 5463 2300 5506 ut
2349 5454 2506 5506 hodie
2551 5467 2772 5520 quoque
2823 5453 3153 5521 przedicatur
3198 5471 3500 5524 eorumque

1922 5546 2080 5613 plane
2104 5544 2470 5596 defensionem
2502 5544 2738 5596 adnectit
2765 5555 2884 5612 post
2909 5545 3063 5612 cujus
3088 5559 3328 5598 exactam
3360 5563 3503 5598 mar-

1920 5639 2062 5706 tyrio
2097 5637 2294 5699 vitam,
2330 5651 2427 5703 pro
2462 5652 2571 5703 quo
2609 5638 2725 5704 ipse
2759 5637 3016 5706 dOgmate
3053 5637 3354 5693 decertavit
3385 5642 3497 5708 jam

1923 5731 2063 5780 dicta
2110 5725 2434 5778 universalis
2476 5726 2720 5794 synodus
2761 5727 3030 5782 celebrata
3070 5740 3154 5782 est
3194 5740 3304 5784 tum
3345 5732 3500 5783 dein-

244 5808 610 5880 συνεκροτὴοη
673 5808 967 5874 συνέδριον.
1024 5815 1112 5863 καὶ
1177 5815 1399 5880 προσέτι
1472 5815 1528 5869 τὸ
1584 5815 1805 5883 ἱεόομον

1931 5833 2040 5884 :eps
2079 5815 2303 5883 septima
2343 5830 2440 5882 pro
2473 5815 2903 5870 venerandarum
2942 5817 3238 5887 imaginqu
3278 5821 3499 5874 testittt-

523 5907 789 5965 i'ATROL.
843 5911 955 5967 (in.
995 5909 1201 5967 t'.\Ll.

2955 5916 3031 5976 [ιὸ
