4144 6290
505 363 576 417 15
1575 366 1842 429 JOANN.
1880 363 2100 429 VECCI
2125 367 2236 430 ΟΡ.
2271 363 2810 434 PATRIARCHAE.

1711 644 2584 814 ΙΩΑΝΝΟΥ

813 941 1392 1028 ΤΑΠΕΙΝΟΥ
1458 941 2125 1029 ΕΠΙΣΚΟΠΟΥ

2219 945 3548 1032 ΚΟΝΣΤΑΝΤΙΝΟΥΠΟΛΕΩΣ

2106 1108 2254 1161 ΠΕΡΙ

687 1242 819 1293 ΤΗΣ
879 1242 1194 1293 ΕΝΩΣΕΩΣ
1255 1243 1366 1292 ΚΑΙ
1427 1241 1716 1293 ΕΙΡΗΝΗΣ
1760 1243 1892 1292 ΤΩΝ
1960 1242 2090 1292 ΤΗΣ
2148 1242 2443 1298 ΠΑΛΑΙΑΣ
2520 1243 2630 1291 ΚΑΙ
2702 1242 2878 1293 ΝΕΛΣ
2951 1243 3182 1293 ΡΩΜΗΣ
3257 1243 3672 1298 ΕΚΚΑΗΣΙΩΝ.

1798 1562 2531 1696 JOANNIS

792 1827 1348 1922 HUMILIIS
1432 1825 1986 1923 EPISCOPI
2085 1826 3555 1928 CONSTANTINOPOLITANI

955 2034 1070 2108 DE
1110 2033 1460 2108 UNIONE
1505 2033 2135 2109 ECCLESIARUM
2183 2033 2566 2110 VETERIS
2603 2036 2718 2110 ET
2785 2035 3061 2111 ΝΟΜ]
3100 2037 3403 2113 ΒΟΜᾸΕ.

1205 2201 1398 2282 (Apud
1435 2203 1694 2262 Leonem
1724 2199 2298 2276 Allatium,_erciw
2317 2203 2666 2273 orthodoxa
2713 2210 2853 2265 tom.
2889 2203 2935 2286 Ι,
2970 2222 3028 2285 p.
3075 2205 3174 2268 61.

577 2506 633 2566 1.
667 2504 866 2566 Rebus
896 2504 954 2564 in
977 2502 1250 2563 omnibus
1280 2519 1510 2574 verum,
1547 2511 1604 2564 et
1633 2502 1829 2564 metiri
1872 2506 2129 2564 nescium

2301 2501 2373 2566 α’,
2407 2506 2478 2562 Τὸ
2519 2505 2604 2562 ἐπί
2645 2513 2802 2564 πᾶσιν
2846 2507 3066 2583 ἀψευδὲς
3095 2518 3186 2567 τοῦ
3215 2515 3460 2589 Σωτῆρος
3483 2509 3661 2568 δίδωσι
3699 2512 3866 2588 κάμοὶ

501 2592 824 2655 Servatoris
854 2592 1138 2672 parmittit
1169 2599 1226 2652 et
1257 2611 1415 2652 nunc
1443 2592 1584 2652 mihi
1605 2591 1662 2652 in
1695 2591 1823 2670 ipso
1853 2591 2136 2653 orationis

495 2683 735 2744 exordio
767 2681 1000 2742 dicere:
1028 2683 1211 2743 Recte
1241 2680 1302 2741 in
1333 2680 1663 2759 Evangeliis
1702 2680 1987 2741 Dominus
2007 2699 2138 2760 pro-

494 2771 814 2850 nuntiavit,
856 2770 1234 2832 Scrutamt’ni
1263 2767 1998 2848 scripturasLNamquea
2016 2767 2137 2829 Deo

495 2861 607 2920 hoc
662 2859 895 2920 ell‘atum
957 2858 1262 2919 oraculum
1309 2877 1342 2917 a
1397 2857 1696 2938 plerisque
1753 2857 1906 2928 aliis,
1958 2859 2139 2918 certis

493 2949 731 3028 suisque
763 2946 1129 3027 temporibus
1173 2949 1729 3026 peraccommodum
1766 2955 2129 3024 usurpatum,

493 3057 791 3118 nunquam
837 3055 976 3097 vero
1026 3046 1199 3116 atque
1253 3055 1408 3097 nunc
1438 3036 1624 3096 visum
1679 3045 1768 3096 est
1819 3035 2029 3114 aptius.
2063 3034 2135 3095 Et

493 3146 624 3188 cum
661 3127 932 3206 prasenti
955 3133 1326 3204 argumento,
1352 3125 1426 3186 de
1455 3144 1570 3204 quo
1601 3143 1757 3184 nunc
1789 3122 1964 3182 verba
2007 3122 2131 3183 fac-

494 3226 656 3276 turus
688 3236 839 3286 sum,
865 3215 1286 3276 decentissime
1318 3232 1436 3293 prae
1463 3213 1594 3275 aliis
1628 3213 2130 3291 cohterere,quam

493 3323 632 3380 ergo
659 3323 726 3365 ex
778 3303 1113 3380 evangelico
1148 3311 1303 3364 textu
1337 3302 1794 3382 praecentionem
1838 3309 2133 3360 mutuatus

493 3412 646 3465 sum,
694 3411 791 3454 res
838 3394 967 3472 ipsa
1021 3391 1366 3464 declarabit,
1424 3411 1558 3452 cum
1611 3391 1684 3450 de
1729 3409 1798 3450 eo
1829 3407 2135 3450 sermones

493 3498 750 3558 praesens
803 3482 987 3541 oratio
1031 3497 1267 3557 agressa
1322 3479 1516 3549 fuerit,
1570 3479 1961 3557 quodcunque
2021 3476 2133 3536 sibi

492 3587 708 3629 nomen
741 3568 1021 3642 vindicat,
1059 3585 1162 3646 pro
1192 3587 1308 3648 quo
1334 3569 1456 3647 jam
1505 3567 1834 3626 orationem
1871 3565 2130 3626 institui-

489 3677 642 3731 mus,
702 3658 1100 3719 Ecclesiarum
1151 3656 1314 3716 unio.
1377 3655 1800 3734 Ecclesiarum,
1834 3652 2133 3732 quarum?

491 3748 696 3808 Romae
723 3745 1026 3820 veteris,et
1050 3743 1304 3824 junioris
1328 3745 1571 3823 hujusce
1588 3751 1944 3822 nostraeque,
1980 3761 2128 3822 qua-

487 3853 615 3896 rum
649 3836 708 3894 in
741 3834 1112 3914 separatione
1141 3841 1311 3893 antea
1343 3833 1491 3893 facta
1529 3832 1801 3892 indolens
1833 3840 2008 3910 atque
2031 3831 2124 3890 in-

487 3925 838 4001 gemiscens,
875 3923 934 3982 in
967 3922 1186 3982 unione
1218 3922 1329 3982 hoc
1384 3921 1666 3999 temporis
1707 3928 1834 3980 acta
1862 3919 2128 3980 subsulto

482 4012 814 4091 gaudioque
835 4009 1186 4072 exsilio.Sed
1202 4011 1373 4088 hujus
1405 4010 1794 4086 separationis
1828 4008 2128 4070 mentione

483 4101 724 4162 inducta
756 4101 1029 4160 haesitans
1051 4099 1268 4159 clamo:
1291 4097 1454 4160 Unde
1472 4099 1612 4158 mihi
1633 4098 1930 4158 dabuntur
1946 4099 2126 4176 lacry-

485 4209 710 4250 marum
742 4190 957 4262 fontes,
995 4198 1057 4249 ut
1087 4188 1338 4264 lugeam,
1368 4187 1494 4246 etsi
1537 4207 1652 4247 non
1685 4205 1786 4267 pro
1821 4186 2123 4264 dignitate,

485 4281 951 4342 etcalamitatum
973 4275 1362 4354 magnitudini
1390 4277 1562 4337 modo
1586 4276 2126 4355 compare,lugeam

485 4368 890 4441 nihilominus,
936 4385 1067 4447 qua;
1125 4366 1263 4426 inde
1309 4365 1511 4426 orbem
1578 4375 1870 4426 terrarum
1902 4363 2128 4424 anobis

485 4458 809 4518 habitatum
843 4455 1155 4536 oppressit,
1191 4453 2031 4535 caliginem,noxamque,quae
2053 4452 2126 4513 ob

484 4565 611 4606 eam
637 4547 696 4606 in
728 4547 841 4606 late
873 4553 1136 4626 patentes
1179 4545 1576 4603 Romanorum
1629 4560 1866 4622 campos
1915 4549 2126 4602 nostra;

484 4635 665 4694 sortis
717 4635 950 4714 irrupit,
987 4653 1100 4694 non
1150 4633 1421 4711 corporei
1477 4640 1704 4694 tantum
1759 4631 2127 4711 principatus

483 4722 1056 4798 refectione,multas
1078 4723 1256 4784 urbes
1279 4729 1336 4782 et
1357 4722 1595 4802 oppida,
1632 4739 1863 4782 necnon
1901 4721 2125 4780 insulas

484 4814 654 4890 longe
680 4813 911 4892 lateque
942 4814 1080 4873 hinc
1110 4821 1285 4892 atque
1317 4811 1456 4871 inde
1488 4811 1752 4890 diffusas,
1778 4817 1837 4870 et
1868 4809 2125 4888 integras

486 4901 752 4961 nationes
811 4901 1111 4981 abripiens
1149 4923 1160 4960 :
1197 4900 1302 4961 sed
1359 4901 1549 4979 ipsam
1609 4899 1782 4959 etiam
1845 4898 2123 4978 pietatem

483 4989 820 5060 vulnerans,
853 5037 866 5060 ,
900 4989 948 5049 si
981 4989 1152 5048 modo
1184 4990 1554 5050 Mohametus
1605 4994 1663 5046 et
1710 4987 2125 5048 Muchumetus

485 5077 720 5156 pietatis
752 5095 901 5137 noxa
930 5077 1180 5137 dicenda
1206 5076 1426 5156 est,qui
1457 5094 1591 5136 cum
1622 5073 1744 5135 suis
1776 5073 1931 5134 inter
1958 5089 2126 5132 sacra

2217 2602 2304 2651 v6v
2386 2596 2840 2672 προοιμιαζομένῳ
2902 2600 3071 2655 εἰπεῖν
3108 2615 3121 2628 ⁸
3172 2597 3360 2662 Καλῶς
3423 2600 3476 2656 ἐν
3524 2601 3864 2679 Εὖαγγελίοις

2218 2684 2245 2737 ὁ
2293 2683 2477 2769 Κύριος
2559 2682 2659 2765 ἔφη
2696 2703 2709 2717 ’
2805 2684 3077 2766 Ἐρευνᾶτε
3170 2689 3264 2750 τὰς
3321 2691 3548 2769 Γραφὰς.
3621 2693 3691 2748 Τὸ
3760 2693 3863 2768 γὰρ

2216 2767 2492 2827 θεόλεκτον
2523 2772 2704 2852 λόγιον
2748 2785 2901 2834 τοῦτο
2943 2777 3084 2853 παρὰ
3141 2775 3354 2832 πολλῶν
3397 2767 3494 2853 μὲν
3541 2781 3627 2836 καὶ
3684 2767 3863 2835 ἄλλων

2219 2856 2354 2923 ἴσως
2387 2859 2588 2937 ἐῤῥέθη,
2622 2878 2829 2940 καιροῖς
2876 2862 3020 2928 ἰδίοις
3051 2863 3538 2944 ἐμφαρμοζόμενον,
3605 2867 3748 2924 οὖδέν
3801 2867 3860 2924 δὲ

2221 2950 2338 3003 οἷον
2375 2950 2460 3004 καὶ
2489 2952 2595 3006 v6v.
2634 2953 2731 3008 Καὶ
2779 2955 2858 3009 ὃτι
2915 2960 3069 3010 10610
3121 2955 3207 3009 καὶ
3259 2959 3353 3013 οὐκ
3395 2954 3524 3012 ἀλλο
3584 2963 3659 3031 τῷ
3710 2979 3859 3034 παρ-

2216 3037 2326 3094 όντι
2376 3039 2647 3118 πράγματι
2734 3042 3039 3122 ἐφαρμόζει,
3115 3045 3230 3122 περὶ
3310 3047 3369 3101 06
3410 3053 3498 3102 v6v
3541 3046 3858 3124 ὡρμημένος

2215 3125 2388 3204 λέγειν
2471 3129 2579 3208 ἐγὼ
2607 3136 2704 3197 τῆς
2754 3132 3107 3210 Εύαγγελικῆς
3159 3131 3364 3198 πυξίδος
3420 3132 3769 3211 ἒδανεισάμην
3795 3137 3859 3192 τὸ

2215 3217 2480 3294 πρόᾳσμα,
2569 3219 2694 3274 αὒτὸ
2761 3222 2822 3275 τὸ
2893 3227 3110 3298 πρᾶγμα
3181 3235 3360 3301 φανεῖ,
3429 3224 3656 3291 ὁπηνίκα
3725 3227 3857 3302 πρὸς

2213 3305 2334 3367 τοὺς
2379 3307 2494 3383 περὶ
2525 3307 2680 3362 αὐτοῦ
2709 3306 2898 3386 λόγους
2953 3311 2980 3364 ὁ
3024 3309 3203 3387 παρὼν
3258 3310 3408 3375 οὗτος
3462 3310 3620 3389 λόγος
3651 3313 3860 3370 ἐπαπο-

2214 3389 2441 3481 δύσεται,
2503 3395 2532 3449 ὃ
2588 3393 2652 3462 δὴ
2707 3397 2789 3451 κοὶ
2853 3395 3061 3473 λέγετάι
3131 3399 3160 3453 ὃ
3221 3405 3442 3478 πρᾶγμα
3506 3403 3684 3474 τοῦτο,
3742 3403 3860 3481 περὶ

2215 3482 2276 3569 οὗ
2300 3481 2386 3536 καὶ
2414 3479 2590 3560 λέγειν
2616 3481 2716 3549 ἤδη
2747 3485 3060 3563 ὡρμήμεθα,
3103 3487 3136 3553 ἡ
3167 3491 3272 3541 τῶν
3331 3484 3660 3569 Ἐκκλησιῶν
3690 3479 3853 3569 ἐστιν,

2215 3566 2422 3631 ἕνωσις.
2459 3561 2811 3644 Ἐκκλησιῶν,
2847 3573 3043 3648 τίνων;
3089 3577 3196 3641 Τῆς
3238 3573 3557 3655 παλαιτέροις
3613 3561 3852 3652 Ῥώμης,

2214 3657 2300 3712 καὶ
2322 3662 2420 3724 τῆς
2464 3658 2582 3722 νέας
2622 3680 2680 3715 τε
2727 3661 2814 3716 καὶ
2865 3660 3126 3739 ἡμετέρας
3162 3677 3176 3692 ’
3211 3662 3283 3720 ὥν
3341 3663 3425 3719 ἐπὶ
3466 3670 3543 3737 τῷ
3586 3667 3701 3742 πρὶν
3733 3688 3857 3745 χω-

2214 3753 2387 3824 ρισμῴ
2464 3750 2920 3829 σπαραττόμενος,
2995 3749 3079 3806 ἐπὶ
3149 3756 3216 3828 τῇ
3259 3751 3344 3808 v6v
3415 3753 3597 3809 ἑνῶσει
3657 3753 3859 3832 γέγηθα

2215 3836 2299 3889 καῖ
2347 3833 2672 3911 ἆγάλλομαι.
2711 3835 2875 3893 Ἀλλὰ
2902 3845 2992 3895 τοὺ
3035 3847 3312 3919 χωρισμοῦ
3353 3843 3536 3898 τούτου
3587 3845 3855 3921 μνησθεὶς,

2211 3924 2618 4004 διαπορούμενος
2695 3931 2870 4008 κράζω
2906 3948 2920 3962 ⁶
3015 3921 3095 3985 ’Ὠ
3169 3931 3327 3988 πόθεν
3389 3955 3479 4008 μοι
3542 3931 3856 4003 δοθήσονται

2212 4013 2445 4094 δακρύων
2487 4019 2682 4096 πηγαὶ,
2757 4021 2830 4081 ὡς
2883 4017 2942 4074 ἄν
3014 4018 3454 4098 ἀποκλαύσωμαι,
3527 4025 3573 4078 εἰ
3630 4024 3718 4078 καὶ
3776 4024 3856 4090 μὴ

2212 4103 2392 4177 ἀξίως,
2437 4107 2525 4162 καὶ
2595 4113 2672 4182 τῷ
2727 4114 2819 4163 τοῦ
2860 4108 3054 4171 πάθους
3113 4109 3320 4184 μεγέθει
3379 4109 3660 4190 ἀνάλογον,
3712 4111 3853 4168 ἁπο-

2211 4190 2519 4268 κλαύσωμαι
2563 4192 2606 4250 δ’
2668 4195 2754 4250 οὖν
2813 4193 2959 4271 ὅμως
3029 4197 3127 4263 τὴν
3185 4197 3414 4254 ἐντεῦθεν
3457 4196 3853 4256 καταλαϐοῦσαν

2210 4281 2307 4347 τὴν
2351 4281 2463 4338 καθ’
2495 4284 2633 4357 ἡμᾶς
2676 4283 2987 4358 οἰκουμένην
3030 4285 3406 4360 σκοτόμαιναν,
3465 4287 3562 4355 τὴν
3622 4287 3852 4343 ἐντεῦθεν

2210 4367 2528 4425 ἐπελθοῦσαν
2596 4379 2673 4445 τῷ
2727 4371 2913 4427 πλάτει
2984 4378 3090 4428 τῶν
3149 4365 3463 4449 Ῥωμαϊκῶν
3521 4376 3847 4455 σχοινισμά-

2208 4479 2311 4513 των
2369 4460 2561 4534 ζημίαν
2613 4467 2705 4515 τοῦ
2761 4459 3017 4540 ἡμετέρου
3066 4460 3293 4541 λάχους,
3353 4463 3410 4519 οὗ
3459 4465 3619 4530 μόνον
3661 4463 3747 4520 ἐπὶ
3775 4465 3854 4538 τῷ

2209 4551 2306 4612 τῆ)
2351 4553 2660 4623 σωματικῆς
2689 4551 2865 4628 ἀρχῆς
2895 4549 3344 4628 ἀκρωτηριασμῷ,
3378 4551 3590 4608 πολλῶν
3643 4551 3852 4610 πόλεων

2207 4637 2296 4690 γαὶ
2351 4643 2568 4715 χωρῶν,
2653 4639 2828 4708 νήσων
2885 4658 2943 4692 τε
2998 4635 3480 4716 μακροδιαστάτων,
3559 4643 3646 4697 καὶ
3692 4641 3853 4696 ἐθνῶν

2208 4721 2513 4803 ὁλοκλήρων
2560 4723 2825 4806 ἄφαιρέσει
2899 4724 3304 4803 κολοϐωθέντος,
3363 4728 3497 4785 ἀλλὰ
3557 4751 3612 4786 τε
3656 4727 3720 4797 δὴ
3765 4731 3852 4786 καὶ

2208 4815 2280 4877 εἷς
2311 4813 2475 4880 αὐτὴν
2503 4815 2600 4880 τὴν
2631 4811 2897 4871 εὐσέϐειαν
2951 4815 3334 4891 ζημιωθέντος,
3381 4816 3434 4873 εἴ
3489 4840 3550 4896 γε
3607 4823 3708 4886 τῆς
3756 4820 3852 4874 εύ-

2207 4899 2408 4966 σεϐείας
2465 4902 2572 4959 ἐστὶ
2613 4904 2776 4978 ζημία
2846 4905 3065 4983 Μωάρεθ
3135 4905 3222 4960 καὶ
3307 4908 3644 4986 Μουχούμετ,
3710 4905 3853 4964 ἔνδον

2207 4993 2310 5044 τῶν
2367 4991 2518 5068 ἱερῶν
2576 4999 2754 5058 σηκῶν
2825 4992 3178 5070 ὀργιάζοντες,
3237 4995 3479 5069 κάκεῖσε,
3553 4993 3708 5071 βαϐαὶ
3763 4997 3855 5051 106

2207 5077 2450 5152 μύσουςέ
2539 5079 2942 5158 ἐνθιασεύοντες,
3025 5079 3157 5137 ὅπου
3226 5085 3344 5160 πρὶν
3420 5085 3482 5140 τὸ
3525 5082 3663 5161 μέγα
3746 5089 3853 5138 τῶν

482 5165 615 5226 fana
639 5165 805 5246 orgia
857 5183 962 5226 sua
1003 5164 1356 5224 celebrando
1389 5161 2121 5250 debacchantur,ibeque,

2212 5171 2585 5245 Χριστιανικῶν
2619 5168 2914 5246 μυττηρίων
2972 5169 3286 5228 ἀπετελεῒτο
3341 5173 3650 5250 μυστήριον.
3721 5162 3852 5230 εὈτι

481 5257 734 5316 beurem
763 5253 1242 5314 abominandam!
1261 5252 1532 5313 indicunt
1560 5253 1801 5328 thiasos,
1827 5249 1928 5311 ubi
1953 5257 2126 5310 antea

480 5343 893 5405 admirandum
933 5340 1400 5405 Christianorum
1423 5342 1833 5420 mysteriorum
1853 5338 2127 5400 absolve-

488 5435 659 5494 batur
693 5430 1060 5512 mysterium.
1096 5429 1164 5491 Et
1193 5430 1363 5510 plane
1420 5431 1596 5510 hujus
1639 5429 1872 5492 dissidii
1901 5429 2122 5510 impro-

569 5611 824 5672 annn.
856 5626 913 5686 ν,
946 5610 1045 5672 39.

2207 5257 2305 5335 γὰρ
2359 5255 2447 5312 καὶ
2507 5256 2668 5336 μέχρι
2728 5258 2978 5313 τοσούτου
3033 5259 3067 5325 ἡ
3125 5266 3216 5315 106
3285 5261 3578 5342 σχίσματος
3667 5262 3853 5323 τούτου

2207 5342 2382 5400 κακία’
2432 5346 2497 5402 τὰ
2538 5345 2653 5402 καθ’
2706 5349 2849 5421 ἡμᾶς
2894 5343 3193 5422 ἐλυμήνατο
3221 5351 3249 5404 ὁ
3307 5348 3470 5412 πολὺς
3513 5357 3610 5417 τῆς
3664 5349 3851 5406 κακώ-

2211 5455 2343 5498 σεως
2379 5432 2598 5513 χρόνος,
2661 5437 2721 5492 οὗ
2779 5435 2958 5511 μόνοις
3014 5437 3154 5512 ἡμῖν
3209 5450 3327 5502 τοῖς
3383 5441 3652 5516 παθοῦσιν,
3715 5435 3852 5494 ἀλλὰ

4123 5451 4125 5559 l

4119 5615 4123 5770 ξ

4117 5863 4122 5940 ί

4117 6179 4119 6231 ι
