4142 6286
214 327 282 389 i7

1415 349 1513 412 DE
1550 349 1839 414 UNIONE
1869 348 2391 421 ECCLESIARUM
2402 408 2413 419 .

3533 360 3607 425 18

222 469 300 546 καὶ
325 476 455 527 πᾶσι
484 487 605 539 τοῖς
637 476 969 560 ἅπανταχοῦ
995 485 1097 559 γῆς
1118 480 1284 538 ἔθνεσι
1316 480 1480 549 δῆλον
1534 481 1856 551 κατέστησεν

1967 478 2203 576 bitatem
2218 493 2414 576 nostra
2425 488 2583 551 hunc
2599 490 2659 553 in
2674 493 2912 555 modum
2926 495 3276 565 devastasse,
3311 494 3602 576 prolixum

232 560 287 614 Ei
311 557 368 614 δέ
392 583 474 627 τις
527 564 629 632 τὴν
690 557 1255 649 ἰσχὺνήτοῦῄάμάχου
1322 570 1507 627 τούτου
1549 579 1734 646 κακοῦ,
1797 573 1885 630 καὶ

236 645 399 712 ἄλλως
427 650 594 708 ἐθέλει
623 645 881 731 σκοπειν,
946 657 1062 738 ἔχει
1090 656 1459 729 διανοήσασθαι
1515 660 1737 734 ταύτην,
1796 661 1884 717 καὶ

231 736 281 827 ἓξ
308 740 381 791 ὧι
416 743 572 804 αὖτὸς
600 742 712 820 ἐγὼ
777 745 840 801 ἐκ
893 736 1063 822 μόνης
1124 750 1345 822 μνήμης
1403 749 1604 827 πάσχω
1660 750 1725 804 τὰ
1766 756 1854 805 νῦν

236 812 439 885 ’Άλλον
483 831 582 911 γὰρ
665 843 759 893 τοῦ
814 836 1164 913 προκειμένου
1221 836 1382 915 λόγον
1440 836 1582 917 ἔχων
1656 838 1876 913 σκοπὸν,

228 916 345 991 περὶ
399 923 499 985 τῆς
583 919 1033 992 ἐκχλησιαστικῆς
1132 926 1347 1004 εἰρήνης
1405 916 1575 982 εἰπεῖν
1648 923 1874 1001 δηλαδὴ,

227 1004 316 1059 καὶ
356 1003 792 1085 ἀπολογήσασθαι
836 1025 953 1077 τοῖς
980 1035 1039 1069 τε
1090 1003 1186 1070 νῦν
1231 1020 1339 1070 τῶν
1391 1015 1700 1094 ἀνθρώπων,
1758 1027 1877 1077 τοϊς

228 1114 283 1147 τε
327 1093 626 1177 ἐσύστερον,
658 1102 733 1165 ὡς
791 1100 970 1166 καλῶς
1028 1101 1152 1180 παρ’
1206 1105 1363 1178 ἡμῶν
1420 1105 1453 1171 ἡ
1512 1110 1604 1160 τοῦ
1647 1102 1877 1183 ὀλεθρίου

225 1189 332 1238 τῶν
392 1184 725 1254 Ἐκκλησιῶν
783 1193 1081 1271 σχίσματος
1149 1192 1380 1262 ἠθετήθη
1436 1191 1728 1256 διάστασις.
1789 1195 1876 1249 καὶ

224 1270 541 1361 ἀπηλλάγη
602 1281 769 1345 αὐτῆς
838 1281 873 1347 ἡ
944 1279 1190 1361 θεοφιλὴς
1268 1283 1451 1359 εἰρήνη
1522 1283 1609 1337 καὶ
1664 1281 1869 1353 ἕνωσις,

221 1358 334 1437 ἐγὼ
361 1360 414 1417 δὲ
445 1365 645 1422 τούτων
686 1368 967 1449 ἀφέμενος,
1016 1358 1127 1426 ἐπεὶ
1154 1376 1260 1426 τῶν
1309 1371 1369 1427 ἐκ
1397 1375 1493 1437 τῆς
1550 1369 1872 1435 διαστάσεως

220 1448 634 1510 καταλαϐόντων
692 1448 835 1533 ἡμᾶς
894 1458 1159 1534 ἐμνήσθην
1216 1466 1417 1539 κακῶν,
1490 1459 1757 1538 συμφορὰς
1786 1460 1873 1515 καὶ

216 1540 443 1616 θρήνους
486 1541 708 1599 πλέκειν
749 1544 1012 1624 ἠρξάμην.
1052 1547 1145 1605 Καὶ
1188 1549 1231 1603 εἰ
1292 1549 1369 1622 μὴ
1413 1550 1474 1604 τὸ
1527 1553 1629 1615 τῆς
1687 1547 1872 1626 προθέ-

221 1648 364 1691 σεως
410 1633 742 1711 κατεπεῖγον
783 1637 926 1710 ἡμᾶς
982 1634 1247 1693 ἀνθειλκεν
1318 1636 1589 1715 ἑτέρωθεν,
1656 1636 1766 1715 τάχ
1808 1632 1869 1691 ἂν

1963 569 2266 666 infortunii
2298 583 2551 657 tempus,
2586 598 2705 643 non
2736 582 2910 645 nobis
2940 569 3367 659 tantummodo,
3404 585 3503 666 qui
3532 604 3602 648 ea

1965 660 2231 754 perpessi
2262 680 2489 741 sumus,
2546 669 2652 730 sed
2699 676 2756 731 et
2805 671 3080 734 omnibus
3128 660 3595 754 quaquaversum

1963 746 2251 843 dispersis
2302 754 2640 817 nationibus
2692 758 3103 822 manifestavit.
3146 746 3324 832 'Quod
3374 761 3424 822 si
3472 762 3603 843 quis

1961 834 2270 905 immensae
2308 843 2658 910 calamitatis
2682 849 2914 929 pondus
2940 859 2996 911 et
3022 851 3137 913 alia
3155 851 3381 914 ratione
3399 834 3600 933 conji-

1960 944 2096 988 cere
2119 930 2388 1007 voluerit,
2424 952 2493 996 ex
2527 935 2640 1012 his,
2673 956 2806 1018 qua
2835 938 2967 1017 ipse
2989 958 3147 1002 nunc
3165 940 3256 1002 vel
3287 940 3414 1002 sola
3444 930 3603 1002 illius

1960 1018 2248 1079 memoria
2298 1021 2506 1100 patior,
2557 1026 2757 1088 animo
2803 1029 3119 1108 concipiet.
3178 1028 3411 1090 Etenim
3467 1048 3599 1091 cum

1959 1108 2266 1182 praesentis
2296 1111 2583 1173 orationis
2602 1114 2753 1176 alius
2799 1116 2874 1177 sit
2898 1135 3112 1196 scopus
3142 1118 3499 1197 propositus,
3528 1118 3600 1180 de

1958 1193 2356 1280 ecclesiastica
2376 1200 2603 1262 scilicet
2625 1205 2962 1279 paceverba
2994 1193 3212 1280 facere,
3248 1193 3309 1267 et
3330 1207 3595 1267 homini-

1958 1279 2068 1375 bus
2093 1290 2213 1344 tum
2261 1286 2370 1348 hac
2400 1298 2570 1351 aetate
2599 1291 3085 1367 viventibus,tum
3120 1296 3492 1375 postmodum
3512 1296 3599 1359 fu-

1957 1372 2103 1459 turis
2131 1376 2517 1453 respondere,
2553 1379 2737 1459 probe
2766 1400 2799 1443 a
2829 1382 2997 1443 nobis
3016 1372 3173 1444 noxii
3200 1383 3596 1445 Ecclesiarum

1956 1458 2290 1523 schismatis
2312 1458 2629 1529 dissidium
2659 1469 2977 1551 sublatum,
3012 1471 3258 1552 locoque
3283 1472 3442 1534 illius
3475 1475 3594 1535 Deo

1956 1548 2204 1610 amicam
2228 1571 2430 1630 pacem
2466 1565 2524 1616 et
2551 1557 2831 1619 unionem
2862 1548 3255 1623 introductam
3298 1580 3452 1636 esse,
3488 1580 3597 1640 ego

1956 1635 2029 1696 ab
2060 1636 2178 1698 illis
2204 1639 2520 1718 absistens,
2557 1649 2870 1729 malorum,
2903 1667 3034 1729 quae
3062 1667 3171 1711 nos
3189 1649 3265 1711 ob
3287 1635 3596 1712 dissidiu'm

218 1714 434 1774 ἅπασαν
486 1721 677 1800 ἀρτίως
717 1723 817 1789 τὴν
871 1725 1038 1781 κτίσιν
1093 1728 1224 1802 πρὸς
1276 1725 1460 1789 πένθος
1520 1727 1863 1795 συνεκινήσα-

1954 1724 2314 1804 afﬂixerunt,
2349 1714 2652 1797 mentione
2684 1714 2941 1813 inducta;
2971 1737 3295 1800 infortunia
3324 1748 3381 1801 et
3410 1741 3599 1804 lessus

219 1826 347 1878 μεν,
418 1807 485 1863 τὰ
554 1809 914 1886 ἑπισυμϐὰντα
968 1820 1044 1887 τῷ
1094 1820 1488 1891 Χριστιανισμῷ
1557 1815 1697 1870 κακὰ
1786 1810 1863 1868 δι-

1956 1813 2107 1905 coepi
2145 1816 2522 1881 concinnare.
2546 1821 2614 1883 Et
2645 1823 2758 1885 nisi
2791 1807 3154 1905 propositum
3176 1837 3594 1904 argumentum

216 1895 535 1971 ηγούμενοι,
570 1898 630 1956 ἐκ
658 1899 755 1968 τῆς
784 1908 892 1958 τῶν
964 1900 1294 1970 Ἐκ-ιλησιῶν
1337 1901 1684 1967 διαστάσεως.
1718 1899 1863 1994 Ἀλλ’

1956 1899 2070 1961 alio
2105 1921 2211 1963 nos
2234 1907 2617 1986 compelleret
2647 1895 2917 1974 traheret
2935 1895 3329 1994 que.fortasse
3352 1917 3595 1978 univer-

216 1981 301 2037 ὅτι
348 1985 446 2058 μὲν
475 1989 562 2043 καὶ
589 1985 818 2045 ἐντεῦθεν
850 1991 884 2058 ἡ
916 1989 1129 2070 ἄμαχος
1159 1991 1252 2048 τοῦ
1299 1998 1462 2049 κακοῦ
1491 1992 1678 2048 τούτου
1712 1990 1863 2069 ισχὺς

1952 2006 2081 2049 sam
2102 2008 2301 2052 rerum
2338 1981 2601 2058 naturam
2626 2000 2799 2073 mala,
2833 1981 2972 2081 quae
2992 2001 3338 2063 Christianis
3381 2022 3450 2065 ex
3479 2004 3596 2066 Ec-

219 2070 582 2153 ἂναφαίνεται,
636 2075 799 2145 δῆλον
853 2078 905 2144 ἐξ
986 2084 1061 2136 ὧν
1102 2080 1252 2137 οὔπω
1314 2084 1401 2138 καὶ
1455 2081 1863 2161 ωγχωρούμεθα

1949 2077 2269 2141 clestarum
2316 2083 2563 2145 dissidio
2595 2070 3330 2171 evenere,prtenarrantes,
3361 2093 3434 2153 ad
3468 2094 3598 2155 luc-

216 2162 353 2239 πρὸς
381 2163 451 2219 τὰ
479 2166 617 2221 κατά
645 2170 845 2224 σκοπὸν
875 2166 1166 2233 εἰσϐαλεῖν.
1828 2253 1843 2260 _

1952 2172 2074 2227 tum
2105 2169 2596 2237 concitassemus.
2630 2174 2748 2238 Sed
2789 2162 3016 2240 et'hinc
3053 2198 3283 2260 quoque
3308 2162 3599 2244 immensa

216 2265 393 2311 noxae
418 2253 760 2332 magnitudo
816 2258 960 2319 satis
1010 2264 1214 2337 aperta
1271 2265 1561 2335 remanet,
1597 2253 1848 2340 quodad
1879 2272 1970 2328 ea,
2031 2275 2162 2336 quae
2218 2262 2634 2340 proposuimus
2692 2284 2931 2327 manum
2986 2253 3305 2331 immittere
3336 2272 3596 2333 nondum

214 2338 403 2419 nobis
431 2342 813 2406 concedatur.
1618 2338 1633 2340 ἡ
2226 2338 2233 2339 ί
2330 2338 2346 2340 “
3192 2416 3193 2419 η

297 2418 379 2504 β’.
430 2422 579 2488 Ἐπεὶ
618 2430 673 2487 δὲ
720 2441 865 2492 πᾶσα
919 2436 1125 2516 ἀνάγκη
1176 2439 1406 2514 ἅψασθαι
1465 2442 1538 2497 ὧν
1596 2438 1735 2505 ἅπαξ
1776 2438 1863 2495 καὶ

2029 2435 2086 2497 2.
2122 2436 2267 2498 Cum
2325 2458 2465 2501 vero
2520 2461 2764 2523 prorsus
2794 2447 3196 2509 necessarium
3232 2448 3308 2510 sit
3356 2451 3592 2512 tandem

210 2517 566 2600 προεθέμεθα,
619 2523 707 2578 καὶ
760 2520 825 2592 δή
885 2546 1055 2617 φαμεν
1111 2529 1183 2593 ὡς
1238 2528 1299 2617 τὸ
1369 2537 1460 2597 τοῦ
1528 2525 1688 2605 λόγου
1729 2527 1863 2601 ἡμῖν

1949 2527 2261 2607 aliquando
2291 2531 2364 2592 ad
2398 2517 2760 2614 propositum
2791 2548 3201 2617 argumentum
3250 2558 3590 2604 sermonem

210 2607 632 2682 ποπιμώτατον
708 2613 837 2688 πρὸς
920 2612 1176 2680 ἂποδειξιν
1246 2615 1416 2695 ἀφορᾷ
1510 2624 1605 2675 τοῦ
1683 2620 1863 2678 κακῶς

209 2699 671 2776 παρεισφθαρῆναι
761 2714 884 2766 ταῖς
969 2702 1308 2771 Ἐκκλησίαις
1390 2706 1451 2761 τὸ
1505 2705 1711 2784 σχίσμα
1776 2704 1863 2759 καὶ

209 2786 291 2859 μὴ
366 2786 510 2842 κατά
572 2785 761 2865 λόγους
818 2788 1307 2863 ἱκκλησιαστικοὺς,
1373 2791 1499 2868 μηδ’
1554 2790 1639 2850 ἐπ’
1669 2792 1863 2857 αἰτίαις

210 2872 481 2952 εἲλόγως,
510 2873 814 2942 διιστώσαις
863 2878 1023 2945 λαοὺς
1064 2883 1152 2938 καὶ
1206 2881 1453 2961 κλήρους,
1490 2881 1745 2957 ποιμένας
1778 2883 1863 2939 καὶ

207 2966 401 3041 ἱερεῖς,
430 2962 572 3020 ἀλλά
596 2961 679 3021 διὰ
735 2988 853 3022 τινα
910 2968 1285 3048 σμικρολογίαν
1314 2970 1479 3050 ἤχου,
1526 2968 1671 3028 οὐδὲν
1727 2970 1859 3044 μέν·

1946 2625 2316 2699 convertere,
2339 2620 2615 2697 dicimus,
2650 2627 2937 2689 orationis
2966 2636 3184 2689 nostrae
3210 2647 3457 2708 scopum
3477 2631 3591 2709 pri-

1949 2704 2199 2766 marium
2233 2725 2388 2782 esse,
2441 2710 2879 2792 demonstrare,
2914 2736 3089 2797 prave
3129 2704 3440 2778 dissidium
3472 2704 3584 2782 hoc

1942 2792 2006 2853 in
2030 2792 2313 2857 Ecclesiis
2340 2797 2672 2881 irrepsisse,
2696 2813 2755 2865 et
2799 2792 2930 2866 non—
2951 2806 3368 2867 ecclesiasticis
3398 2808 3584 2869 ratio-

1946 2881 2142 2958 nibus,
2172 2901 2363 2965 neque
2414 2890 2630 2964 causis,
2657 2891 2794 2971 jure
2838 2894 3086 2974 populos
3117 2902 3173 2955 et
3203 2895 3415 2976 eleros,
3450 2915 3588 2976 pas-

1946 2976 2102 3032 tores
2123 2978 2181 3034 et
2206 2976 2542 3039 sacerdotes
2562 2982 3107 3065 separantibus,sed
3124 2984 3254 3045 soni
3282 2985 3588 3064 cujusdam

206 3072 293 3106 τοι
338 3049 689 3126 λυμαίνοντος
737 3054 837 3119 τὴν
886 3053 1173 3137 εὐσέϐειαν,
1224 3060 1298 3122 είς
1354 3049 1602 3137 διαφορὰν
1655 3056 1710 3114 δὲ
1767 3058 1859 3114 πί-

1950 3058 2342 3153 inopportuna
2372 3049 2674 3151 varietate,
2705 3072 2805 3151 qui
2831 3049 3289 3153 nihil'pietatem
3320 3049 3585 3150 laederet,

206 3161 378 3205 στεως
451 3140 601 3217 ὅμως
643 3142 911 3223 ἑκατέροις
965 3159 1080 3209 τοῖς
1150 3146 1331 3225 μέρεσι
1374 3146 1638 3213 δόξαντος.

206 3231 337 3306 γοῦν
399 3231 491 3287 τὸν
548 3238 787 3288 τοιοῦτον
839 3240 934 3290 τοῦ
1001 3233 1163 3314 λόγου
1203 3237 1404 3292 σκοπὸν
1446 3238 1519 3299 εἷς
1563 3235 1651 3293 δύο
1705 3238 1866 3292 ταῦτα

205 3317 680 3398 σνγκεφαλαιῶσαι
738 3321 837 3387 τὴν
904 3321 1036 3390 ὅλην
1103 3326 1466 3403 πραγματείαν
1549 3334 1642 3385 τοῦ
1705 3323 1864 3403 λόγου

206 3407 472 3484 βούλομαι
543 3415 633 3465 νῦν
677 3425 694 3441 ⁸
756 3409 811 3465 ἕν
886 3411 982 3485 μὲν
1038 3411 1437 3490 ἐγκατασκεύως
1492 3413 1718 3471 ἐκθεῖναι
1786 3421 1864 3489 τῷ

207 3497 359 3574 λόγῳ
384 3498 455 3553 τα
498 3498 727 3578 γραφικὰ
756 3501 927 3558 πάντα
954 3501 1110 3578 ῥητὰ,
1164 3499 1231 3557 δι’
1260 3506 1335 3558 ὧν
1383 3504 1430 3559 οἱ
1488 3504 1623 3559 κατὰ
1650 3504 1861 3582 καιροὺς

211 3588 331 3665 περὶ
379 3588 480 3653 τῆς
525 3584 739 3662 Τριάδος
795 3586 1206 3667 θεολογήσαντες
1256 3592 1524 3669 φαίνονται
1594 3590 1859 3670 διαῤῥήδεν

206 3673 606 3754 ὃιατρανοῦντες
669 3677 733 3732 τὸ
782 3683 992 3750 Πνεῦμα
1052 3680 1113 3734 τὸ
1196 3680 1346 3757 ἅγιον
1414 3680 1474 3737 ἐκ
1526 3686 1624 3747 τῆς
1687 3681 1861 3744 οὐσίας

206 3763 472 3842 ὑπάρχειν
516 3766 610 3819 τοῦ
651 3766 853 3842 Πατρὸς
883 3768 969 3822 καὶ
1000 3777 1089 3826 τοῦ
1145 3771 1287 3838 Υἱοῦ,
1321 3768 1450 3848 ὅπερ
1504 3772 1538 3838 ἡ
1602 3775 1707 3825 τῶν
1738 3759 1861 3827 Ῥώ-

209 3852 384 3925 μαίων
413 3850 707 3919 Ἐκκλησία
761 3851 1057 3932 πρεσϐεύει,
1113 3854 1166 3922 ἐξ
1220 3859 1422 3938 ἀμφοῖν
1479 3860 1605 3917 αὐτὸ
1634 3857 1859 3937 λέγουσα

210 3939 585 4018 ἐκπορεύεσθαι
616 3956 632 3971 ⁸
717 3939 895 4021 ἕτερον
941 3940 996 3997 δὲ
1049 3941 1116 3999 δι’
1171 3944 1579 4024 ἐπιχειρήσεων,
1656 3949 1731 4002 ὧν
1797 3948 1858 4003 ἄν

207 4030 299 4084 καὶ
328 4026 447 4095 δοίη
480 4030 611 4093 Θεὸς
642 4027 913 4096 ἀποδεῖξαι
943 4034 1016 4097 ὡς
1054 4034 1088 4100 ἡ
1118 4035 1224 4088 τιῦν
1279 4033 1540 4113 ἀρχηγῶν
1582 4044 1674 4093 τοῦ
1728 4034 1853 4114 σχί-

208 4139 415 4191 σμα-ξος
458 4118 722 4191 ἔνστασις,
784 4120 871 4174 καὶ
913 4118 988 4175 ἔνι
1051 4123 1085 4189 ἡ
1142 4128 1247 4177 τῶν
1288 4121 1858 4190 κατακολουθησάντων

212 4205 432 4271 ἐκείνοις
644 4208 797 4282 πρὸς
846 4209 913 4265 τὰ
954 4208 1136 4284 ὅμοια,
1194 4213 1254 4268 οὐ
1301 4209 1503 4275 δικαίας
1562 4213 1722 4290 εἶχον
1768 4212 1860 4277 τὰς

1726 3149 1862 3225 Πρὸς

1947 3148 2051 3243 sed
2087 3151 2211 3243 qui
2273 3148 2670 3220 nihilominus
2715 3148 2876 3236 fidei,
2913 3170 2975 3223 ut
3004 3148 3268 3243 utrisque
3324 3148 3588 3243 partibus

1947 3237 2275 3332 videbatur,
2307 3244 2702 3308 differentiam
2746 3249 3081 3312 induceret.
3110 3237 3190 3313 Ut
3214 3237 3409 3332 itaque
3446 3270 3590 3332 pro-

1949 3326 2203 3405 positum
2261 3349 2682 3413 exsequamur,
2745 3338 2974 3401 duobus
3031 3326 3587 3402 commentationem

1946 3414 2099 3476 hanc
2136 3425 2395 3481 nostram
2453 3425 2881 3489 concludamus
2914 3446 2927 3490 :
2973 3429 3157 3490 altero
3196 3428 3355 3491 dicta
3386 3429 3588 3491 omnia

1946 3502 2164 3600 scripto
2197 3508 2427 3600 tradita,
2464 3512 2522 3573 in
2554 3514 2790 3595 quibus,
2816 3518 2918 3598 qui
2948 3537 3052 3599 pro
3083 3526 3350 3600 tempore
3371 3518 3446 3581 de
3460 3519 3587 3581 Tri-

1946 3591 2130 3688 nitate
2159 3595 2381 3677 aliquid
2403 3591 2721 3666 commenti
2750 3591 2906 3683 sunt,
2934 3591 3223 3670 videntur'
3236 3608 3427 3688 palam
3450 3627 3584 3670 con-

1945 3680 2119 3756 ﬁteri,
2140 3683 2425 3763 Spiritum
2456 3701 2725 3756 sanctum
2759 3714 2829 3757 ex
2850 3680 3110 3758 essentia
3135 3680 3265 3759 esse
3291 3696 3481 3760 Patris
3529 3707 3588 3761 et

1941 3767 2100 3868 Filii,
2124 3773 2286 3851 ~quod
2313 3776 2582 3842 Romana
2612 3780 2899 3859 Ecclesia,
2917 3804 2986 3847 ex
3014 3796 3266 3868 utroque
3297 3805 3430 3847 eum
3456 3805 3590 3867 pro-

1942 3857 2156 3920 cedere
2187 3879 2553 3944 asseverans,
2582 3870 2857 3953 afﬁrmat,
2886 3857 3238 3953 digeremus
3267 3857 3586 3936 altero-ar-

1945 3949 2264 4044 gini-entia
2302 3952 2422 4015 Deo
2455 3957 2552 4019 illa
2601 3960 2771 4023 nobis
2801 3949 3243 4044 suppeditante,
3277 3972 3583 4026 auctorum

1943 4033 2175 4098 dissidii
2203 4050 2472 4132 conatus,
2500 4065 2731 4110 necnon
2763 4033 3112 4132 eorum,qui
3143 4033 3243 4113 eos
3284 4052 3584 4114 subsecuti

1943 4127 2115 4211 _supt,_
2148 4120 2217 4180 ad
2253 4120 2469 4185 similia
2505 4120 2989 4211 propensionem,
3024 4120 3212 4194 nullas
3265 4133 3586 4195 rationales

1942 4203 2218 4293 habuisse
2249 4227 2476 4293 causas,
2505 4203 2579 4276 ad
2603 4203 2913 4281 exitiosum
2951 4203 3344 4284 Ecclesiarum
3404 4221 3584 4281 dissi-

212 4294 456 4371 ἆφορμάς
513 4295 644 4373 πρὸς
675 4298 771 4361 την
825 4295 911 4352 ἐπὶ
964 4305 1212 4355 τοσοῦτον
1240 4299 1450 4356 ἔκτασιν
1492 4303 1583 4358 νοῦ
1628 4300 1858 4379 ὀλεθρίου

1949 4291 2107 4384 dium
2133 4291 2495 4363 tantumdem
2510 4308 3587 4384 promoveudum,esteudemus.Licet

210 4387 316 4437 τῶν
391 4381 723 4449 Ἐιοιλησιῶν
793 4387 1092 4464 σχίσματος
1176 4389 1235 4445 Ei
1293 4388 1393 4466 γὰρ
1434 4390 1521 4445 καὶ
1577 4389 1644 4457 ἦν
1687 4390 1854 4465 ἡμᾶς,

216 4469 587 4538 ἀποδείξαντας
630 4473 734 4528 ἀπὸ
777 4473 982 4550 ῥήσεων
1022 4483 1298 4557 γραφικῶν
1354 4475 1517 4549 μηδὲν
1577 4500 1628 4534 ἰι
1688 4476 1856 4555 σφαλ-

217 4557 445 4634 λομένην
517 4560 606 4617 ἐπὶ
655 4566 725 4637 τῇ
779 4560 1012 4634 εὖσεόείᾳ
1065 4564 1165 4632 τὴν
1208 4563 1526 4633 Ἐκκλησίαν
1589 4571 1685 4634 νῆς
1737 4558 1860 4625 (Pd)-

218 4671 344 4723 μης,
397 4654 657 4715 συστῆσαι
701 4653 775 4715 ὡς
820 4655 880 4710 οὐ
934 4650 1110 4713 καλῶς
1168 4654 1325 4711 εἷπον
1371 4658 1416 4711 οἱ
1469 4655 1803 4719 ἀντειπόντες
1838 4675 1853 4689 ⁸

212 4740 300 4793 καὶ
344 4741 405 4794 τὸ
465 4737 752 4819 ἀνάπαλιν,
802 4741 847 4795 εἰ
901 4743 989 4797 καὶ
1030 4739 1136 4797 ἀπὸ
1206 4742 1368 4817 μόνου
1434 4754 1530 4803 τοῦ
1584 4743 1857 4809 ἀποδεῖξαι

210 4829 332 4891 τοὺς
387 4835 482 4885 τοῦ
525 4828 825 4907 σχίσματος
871 4827 1198 4895 σπουδαστὰς
1240 4832 1335 4888 οὒκ
1375 4834 1539 4911 ὀρθῶς
1582 4833 1860 4913 χρησαμέ-

211 4938 328 4981 νους
370 4930 495 4982 ταῖς
538 4916 626 4973 ἐπὶ
678 4924 757 4992 τῷ
810 4919 1069 4998 σχίσματι
1170 4919 1521 4999 ἀντιῤῥήσεσι,
1608 4924 1858 5000 γνωρίσαι

210 5004 276 5071 ἦν
304 5007 365 5063 τὸ
418 5004 587 5081 μηδέν
637 5028 688 5061 τι
747 5004 1069 5087 σφάλλεσθαι
1113 5007 1194 5064 ἐπὶ
1336 5008 1571 5083 εὗσεϐείᾳ
1600 5012 1698 5078 τὴν
1730 5009 1855 5069 Ἐκ-

209 5093 431 5162 κλησίαν
482 5098 583 5162 τῆς
668 5086 906 5171 Ῥώμης.
962 5093 1110 5152 Ἀλλ’
1178 5096 1290 5153 ἐπεὶ
1331 5099 1465 5154 κατὰ
1507 5098 1713 5166 πολλὴν
1762 5099 1862 5165 τὴν

209 5186 501 5263 περιουσίαν
560 5190 664 5252 τῆς
756 5183 1006 5251 ἀληθείας
1085 5186 1249 5258 ἡμεῖς
1331 5188 1418 5243 τὸν
1467 5194 1559 5243 τοῦ
1642 5185 1859 5262 ψεύδους

208 5274 429 5356 ’ἑλεγλον
485 5277 812 5347 ποιήσατθαι
900 5275 1322 5355 προθυμούμεθα,
1424 5277 1554 5355 πρὸς
1634 5279 1696 5331 τὸ
1775 5273 1859 5331 δι-

426 5374 518 5424 tot}
573 5366 788 5444 ἀγῶνος
864 5361 1230 5438 ἀποδυσόμεθα
1265 5380 1278 5393 ·
1338 5366 1427 5420 καὶ
1493 5366 1554 5421 τὸ
1611 5363 1665 5420 ἓν
1715 5362 1860 5427 εἶδος

203 5462 295 5513 τοῦ
365 5457 519 5535 Λόγου
575 5453 881 5517 διελθόντες
956 5451 1224 5531 πρότερον,
1283 5452 1427 5514 ὅπως
1486 5451 1549 5507 ἂν
1613 5454 1702 5509 καὶ
1744 5451 1858 5520 δοίη

199 5548 350 5627 Θεὸς,
411 5548 507 5615 τὴν
559 5544 670 5602 ἀπὸ
732 5546 846 5598 τῶν
937 5540 1156 5619 Γραφῶν
1228 5538 1470 5607 δηλονότι
1542 5562 1858 5621 μεναχειρι-

196 5634 413 5712 σίμενω
476 5633 778 5715 μαρτυρίαν
843 5628 930 5686 ἐπὶ
987 5628 1230 5685 συστάσει
1286 5638 1378 5688 τοῦ
1426 5631 1556 5708 πρὸς
1614 5630 1712 5695 τὴν
1770 5631 1855 5685 εὖ·

1948 4381 2106 4442 enim
2138 4385 2279 4479 satis
2305 4400 2485 4465 esset,
2511 4381 2566 4455 si
2591 4395 2763 4458 dictis
2797 4381 3017 4479 scripto
3049 4398 3274 4460 traditis
3301 4398 3584 4459 demons-

1952 4480 2064 4531 trax
2086 4475 2306 4536 erimus
2364 4481 2684 4544 Romanam
2732 4475 3060 4548 Ecclesiam
3090 4486 3243 4547 bene
3274 4484 3493 4547 sentire
3524 4485 3586 4546 in

1945 4563 2242 4639 omnibus,
2278 4586 2387 4630 nec
2416 4571 2476 4632 in
2509 4573 2627 4634 ullo
2657 4574 2797 4651 falli,
2835 4568 3230 4656 comprobari,
3266 4595 3382 4636 non
3422 4583 3583 4637 recte

1941 4650 2308 4716 adversarios
2337 4663 2683 4740 apposuisse
2716 4687 2728 4722 :
2765 4650 2822 4726 et
2846 4650 3068 4736 cont-ra,
3102 4650 3221 4725 vel
3250 4665 3376 4726 sola
3424 4665 3582 4726 illius

1942 4739 2820 4835 demonstratione,probatores
2842 4753 3175 4815 schismatis
3204 4752 3493 4835 illis,quas
3510 4756 3583 4816 ad

1942 4828 2263 4892 fovendum
2289 4828 2549 4900 schisma
2565 4828 3581 4924 contradictionesusurparuntmon

1941 4926 2102 4981 recte
2129 4938 2266 4983 usos
2295 4923 2496 5008 fuisse,
2524 4929 2896 4994 manifestum
2909 4923 3580 5008 remanere,Eccle$iam

1954 5009 2277 5102 Romanam
2310 5015 2471 5076 nullo
2498 5019 2670 5079 modo
2692 5020 2813 5082 falli
2833 5020 2894 5082 in
2913 5020 3581 5102 pietate.Verumtamen

1948 5113 2054 5155 nos
2100 5099 2364 5165 veritatis
2416 5106 2603 5187 ipsius
2655 5109 2880 5172 lumine
2913 5099 3313 5193 maximopere
3337 5113 3578 5193 sutfulti,

1944 5204 2075 5282 t-um
2109 5194 2484 5257 mendacium
2503 5197 2952 5282 deprehendere
2979 5209 3346 5282 exoptemus,
3367 5196 3581 5282 duplex

1945 5273 2056 5334 hoc
2080 5286 2384 5336 certamen
2408 5273 2840 5354 aggrediemur,
2877 5288 2934 5342 et
2963 5273 3391 5343 una'oration'is
3424 5273 3585 5362 parte

1945 5362 2109 5441 prius
2139 5364 2500 5441 absoluta,ut
2522 5369 2682 5429 Deus
2730 5375 3109 5437 concesserit.
3141 5390 3209 5432 ex
3233 5371 3468 5452 scriptis
3491 5379 3580 5433 te-

1942 5450 2217 5513 stimonia
2266 5462 2659 5532 assumentes,
2717 5459 2786 5519 ad
2847 5450 3581 5521 corroborandum'sanam

1942 5538 2227 5604 Romana;
2271 5542 2553 5606 Ecclesiae
2603 5546 2960 5622 doctrinam,
2996 5548 3057 5609 in
3080 5548 3263 5610 altera
3296 5549 3587 5627 reliquum

1943 5646 2347 5707 exponemus;
2380 5633 2805 5712 redarguemus
2831 5635 3077 5712 scilicet,
3113 5654 3243 5716 quae
3295 5635 3495 5697 dixere
3537 5642 3595 5694 et
