4142 6286
480 374 557 437 19

485 614 719 658 manam
750 596 1079 661 Ecclesiam
1121 599 1552 661 dissertationis
1604 608 1907 661 certamen
1967 595 2125 658 inie-

483 692 643 746 runt.

563 952 621 1012 3.
659 948 772 1013 Sed
810 952 967 1013 enim
992 971 1127 1017 cum
1160 972 1277 1015 non
1299 954 1370 1015 ad
1407 962 1728 1034 prmsentes
1760 960 1984 1013 tantum
2022 951 2129 1011 bo-

488 1040 701 1110 mines,
723 1039 826 1100 sed
858 1041 928 1102 ad
962 1060 1065 1103 eos
1094 1043 1293 1114 etiam,
1328 1042 1427 1123 qui
1487 1056 1613 1122 post
1661 1060 1769 1102 nos
1817 1045 2135 1101 nascentur

488 1135 549 1189 et
572 1126 832 1193 venient.
880 1130 1059 1191 verba
1100 1131 1370 1209 facimus,
1425 1132 1625 1192 nescio
1657 1129 1799 1209 quid
1836 1126 2128 1206 agendum

488 1214 663 1277 nobis
689 1214 783 1276 sit.
810 1215 1038 1279 Etenim
1065 1220 1113 1280 si
1136 1237 1268 1280 cum
1305 1218 1692 1298 praesentibus
1723 1235 1922 1278 sermo
1954 1215 2133 1275 liabe-

487 1310 673 1382 retur,
728 1312 849 1365 tum
884 1306 932 1367 si
964 1307 1254 1387 quispiam
1288 1307 1460 1368 nobis
1499 1306 1951 1375 contradiceret,
1988 1321 2132 1363 nos-

491 1392 597 1452 tris
655 1392 899 1455 auribus
946 1394 1106 1456 illius
1137 1395 1607 1475 oppositionibus
1666 1394 1904 1472 auditis,
1936 1392 2134 1452 forsan

489 1479 894 1558 respondendi
924 1501 1126 1545 ansam
1159 1483 1314 1545 Deus
1333 1484 1793 1546 concedereLex
1818 1500 1934 1562 quo
1956 1497 2134 1541 omne

494 1567 717 1633 donum
752 1570 1102 1649 perfectum,
1141 1572 1403 1633 animum
1438 1591 1608 1634 suum
1633 1572 1703 1633 ad
1738 1571 1906 1632 illum
1938 1566 2131 1648 appli-

1543 377 1807 440 JOANN.
1838 372 2057 438 VECCI
2087 374 2200 437 GP.
2232 371 2767 435 PATRIABGHzE.

482 525 611 588 quin
641 509 1072 589 conscripsere,
1111 510 1213 591 qui
1250 530 1354 591 pro
1387 521 1652 592 tempore
1680 510 1967 572 adversus
1999 510 2160 569 Ro-J

2244 502 2411 562 ἐϐειαν
2499 506 2675 583 ὑγιοῦς
2763 506 2861 569 τῆς

3769 352 3850 416 20

2960 490 3268 574 Ῥωμαϊκῆς
3355 492 3701 562 Ἐχκλησίας,
3767 490 3851 574 ,ἓν

2206 590 2429 672 δευτέρῳ
2480 572 2769 666 ἐκθήσομεν
2806 591 2892 668 ,τὸ
2985 572 3170 643 λοιπὸν
3225 587 3287 641 τὸ
3342 582 3568 672 ἔλεγχον
3623 572 3851 672 δηλαδῇ,

2206 685 2280 737 ὧν
2307 665 2365 737 τέ
2420 682 2600 760 εἷπον,
2657 680 2745 735 καὶ
2799 681 2871 734 ὧν
2939 675 3293 754 συνεθράψανο
3350 676 3397 729 οἱ
3451 670 3587 728 κατὰ
3640 665 3854 738 καιροὺς

2210 772 2340 850 πρὸς
2367 770 2467 837 τὴν
2529 753 2840 844 Ῥωμαῖγὴν
2894 753 3216 831 Ἐκκλησίαν
3267 764 3359 818 τὸν
3415 760 3513 829 τῆς
3570 753 3855 820 διαλέξεως

2214 858 2391 937 ἀγῶνα
2435 855 2827 932 ἀναδεξάμενοι,

2292 938 2369 1025 γ’.
2427 946 2574 1004 Ἐπεὶ
2617 943 2672 1001 δὲ
2727 947 2788 1001 ού
2842 944 2971 1021 πρὸς
3015 941 3206 1015 μόνους
3248 940 3370 1002 τοὺς
3424 936 3686 1016 παρόντας
3740 937 3853 1025 των

2213 1018 2517 1114 ἀνθρώπων,
2570 1033 2704 1089 ἀλλά
2747 1034 2834 1089 καὶ
2883 1018 3013 1111 πρὸς
3068 1030 3188 1093 τοὺς
3247 1027 3532 1114 ὄψι-γόνους
3574 1024 3682 1114 καὶ,Δ
3717 1018 3863 1114 μέλτ

2214 1109 2401 1187 λοντας
2431 1124 2550 1186 τοὺς
2580 1121 2769 1201 λόγους
2827 1109 3142 1194 ποιούμεθα,
3195 1118 3289 1173 οὐκ
3316 1112 3419 1177 οἷδ’
3462 1112 3491 1169 ὅ
3542 1135 3598 1168 τι
3653 1110 3714 1166 ἄν
3769 1109 3865 1163 καὶ

2215 1197 2747 1290 διαπραξαῖμεθαξεὶ
2821 1210 2921 1287 γὰρ
2980 1209 3109 1286 πρὸς
3172 1204 3363 1280 μόνους
3420 1202 3539 1263 τοὺς
3596 1197 3865 1290 παρόντας

2215 1301 2279 1369 ἧν
2393 1286 2549 1378 λόγος
2593 1302 2727 1373 ἡμῖν
2760 1300 2803 1354 εἰ
2834 1286 2919 1353 καὶ
2946 1297 3080 1358 τίνες
3138 1300 3244 1349 τῶν
3273 1294 3408 1367 ἡμῖν
3456 1286 3857 1378 ἐντυχανόντων

2216 1375 2517 1466 ἀντέλεγον,
2594 1386 2730 1443 ἀλλά
2785 1406 2847 1464 γε
2904 1384 3037 1448 τέως
3088 1384 3149 1438 τὸ
3192 1382 3278 1438 ἐπὶ
3325 1393 3446 1445 ταῖς
3501 1375 3855 1466 ἀντιθέσεσιν,

2217 1462 2474 1546 αὐτήκοον
2504 1462 2670 1544 ⁷ἡμῶν
2712 1462 2974 1554 παρεῖχεν
3026 1470 3088 1528 ἄν
3130 1468 3417 1546 ἀπολογίας
3471 1469 3606 1541 ἡμῖν
3663 1462 3865 1531 εὕρεσιν

2215 1567 2345 1644 πρὸς
2376 1566 2529 1637 Θεὸν,
2563 1563 2614 1629 ἐξ
2644 1563 2703 1620 οὗ
2752 1552 2855 1619 πᾶν
2883 1559 3103 1639 δώρημα
3155 1557 3376 1622 τέλειον,
3426 1558 3516 1611 τὸν
3560 1575 3677 1609 νουν
3706 1552 3868 1626 ﬂva

492 1640 767 1720 cantibus
789 1679 802 1717 :
829 1667 888 1718 et
911 1658 1050 1719 licet
1080 1640 1212 1720 illos
1238 1661 1595 1740 persuadere
1636 1679 1749 1722 non
1782 1640 2131 1730 valeremus,

2244 1640 2537 1710 ινα-τείνουσι
2574 1668 2587 1683 ’
2639 1653 2725 1708 καὶ
2781 1653 2823 1706 εἰ
2873 1651 2948 1724 μή
3005 1670 3064 1725 γε
3119 1660 3304 1703 πεῖσαι
3363 1644 3546 1706 αὖτοὺς
3606 1640 3865 1720 εἴχομεν,

492 1755 719 1825 gratum
754 1755 949 1807 tamen
981 1746 1151 1811 nobis
1180 1729 1500 1825 accideret,
1536 1747 1905 1809 intuentibus
1926 1764 2028 1807 eos
2057 1752 2139 1804 te-

2244 1741 2336 1799 ιλλ’
2363 1742 2638 1821 ἀγαπητὸν
2669 1740 2730 1795 ἀν
2771 1742 2907 1815 ἡμῖν
2968 1737 3250 1816 συνορῶσιν
3293 1735 3500 1795 αὖτοὺς.
3562 1730 3613 1796 ἐξ
3669 1729 3870 1805 ἀλόγου

495 1817 750 1888 moraria
781 1826 1032 1906 quadam
1068 1828 1393 1906 pervicacia
1442 1817 1652 1891 ductos
1703 1826 2136 1904 contradicere,

2244 1817 2513 1907 πεισμονῆς
2565 1829 2883 1909 ἐρχομένους
2973 1828 3103 1904 πρὸς
3147 1824 3245 1891 τὴν
3328 1821 3647 1899 ἀντίρρητιν,
3706 1817 3863 1882 νίκην

495 1924 551 1978 et
589 1916 701 1976 hoc
739 1914 931 1995 ipsum
968 1914 1269 1977 victoriam
1301 1916 1798 1986 existimaremus,
1834 1912 2138 1974 contradi-

2244 1921 2347 1976 ιύτὸ
2405 1929 2557 1978 τοῦτο
2615 1908 2880 1996 ἡγεῖσθαι,
2928 1918 2989 1971 τὸ
3062 1914 3139 1990 μὴ
3210 1909 3262 1977 ἐξ
3338 1908 3574 1987 ἕλλόγων
3626 1908 3873 1996 νικάσθαι

496 1992 793 2065 ctionibus
824 2010 1023 2064 mente
1044 2021 1111 2064 ac
1141 2003 1367 2065 ratione
1415 2005 1612 2066 vacuis
1657 2003 1834 2065 vinci.
1866 2002 1980 2063 Sed
2008 2017 2140 2063 cum

2244 2016 2328 2067 ςῶν
2388 2007 2764 2086 ἀντιῤῥήσεων.
2800 2005 2947 2063 Ἐπεὶ
2990 2002 3045 2060 δὲ
3087 2004 3173 2059 καὶ
3228 2002 3358 2077 πρὸς
3411 2000 3531 2060 τοὺς
3588 1992 3874 2073 ὀψιγόνους

494 2091 566 2153 ad
603 2100 871 2171 posteros
901 2092 1033 2166 erit,
1069 2101 1127 2153 et
1154 2094 1224 2152 ad
1253 2112 1321 2152 eo
1345 2112 1378 2168 ἰ,
1414 2112 1564 2174 quos
1613 2102 1845 2173 tempus
1885 2091 2144 2151 futurum

2244 2109 2446 2176 ισετται,
2505 2084 2591 2152 παὶ
2635 2097 2721 2160 οὓς
2780 2096 2808 2150 ὁ
2853 2092 3063 2168 μέλλων
3120 2090 3311 2170 χρόνος
3361 2090 3432 2176 εἷς
3492 2084 3875 2176 ἐντυχίαν-τῶν

495 2180 567 2241 ad
601 2169 1173 2242 Commentariorum
1206 2169 1795 2242 horum—nostrorum
1827 2178 2144 2240 lectionem

2244 2169 2501 2264 ταρόντων
2557 2183 2831 2260 ἡμετέρων
2884 2181 3058 2258 λόγων
3117 2169 3355 2256 καλέσοι,
3412 2175 3523 2232 ἐπεὶ
3583 2174 3660 2249 μή
3710 2169 3879 2228 οἴδα-

498 2268 840 2348 compellet,
873 2268 1110 2342 quando
1137 2287 1254 2329 non
1281 2270 1548 2329 novimus
1577 2288 1749 2348 quam
1784 2268 1866 2328 illi
1894 2273 2138 2327 senteu-

2244 2263 2342 2351 ιεν,
2427 2274 2609 2337 ὁποίας
2684 2269 2743 2327 ἀν
2788 2269 3007 2348 γνώμης
3076 2268 3162 2323 καὶ
3213 2264 3562 2344 προαιρέσεως
3635 2263 3870 2326 ἔσοιντο,

499 2355 639 2418 tiam
669 2364 726 2418 et
757 2355 1074 2417 consilium
1105 2358 1579 2436 sequentur,sive
1599 2347 1827 2417 rectum
1844 2361 1901 2416 et
1923 2354 2145 2413 discer-

2244 2361 2336 2416 ;ἵτε
2386 2367 2483 2428 τῆς
2533 2356 2891 2427 εὒσυνειδήτου
2944 2358 3033 2413 καὶ
3086 2354 3435 2428 διακριτικῆς,
3486 2354 3576 2408 καὶ
3634 2352 3692 2405 τὸ
3745 2347 3876 2406 ὅλον

501 2443 682 2505 nendi
709 2443 766 2504 vi
786 2442 1038 2522 pollens,
1073 2451 1269 2523 atque,
1298 2453 1361 2505 ut
1388 2444 1564 2505 verbo
1598 2443 1931 2522 expediam,
1969 2458 2144 2522 paca-

2244 2452 2397 2506 εἶπεϊν
2466 2448 2759 2527 εἰρηνικῆς,
2834 2448 3044 2507 ὁπ)ίους
3104 2442 3333 2504 πολλοὺς
3390 2463 3447 2497 τε
3502 2442 3590 2496 καὶ
3645 2438 3874 2516 ἀγαθοὺς

501 2541 650 2606 tum,
705 2533 911 2612 quales
948 2531 1164 2593 multos
1217 2531 1549 2613 probosque
1598 2542 1738 2593 aetas
1798 2532 1920 2591 haec
1953 2537 2150 2590 nostra

2244 2540 2374 2594 Βνῦν
2426 2534 2647 2600 ἀνέδειξε
2721 2535 2937 2614 χρόνος,
3023 2530 3136 2587 εἴτε
3192 2536 3291 2596 τῆς
3367 2527 3721 2603 πεισματικῆς
3791 2546 3880 2595 τε,

503 2621 659 2695 tulit,
688 2622 810 2682 sive
844 2620 1131 2701 pertinax,
1176 2621 1381 2700 quales
1413 2621 1587 2682 etiam
1623 2640 1778 2681 nunc
1830 2620 1987 2697 iique
2032 2635 2150 2678 non

2244 2628 2410 2683 ἄποτοι
2491 2626 2577 2681 καὶ
2643 2623 2788 2680 αὐτοὶ
2847 2624 2940 2678 οὐκ
3009 2618 3176 2695 ὂλίγοι
3248 2626 3336 2674 νῦν
3407 2617 3761 2696 ἀνεφάνησαν,
3822 2617 3886 2672 οὗ

504 2710 684 2789 pauci
712 2708 937 2789 reperti
965 2717 1123 2778 sunt,
1153 2708 1298 2769 nihil
1324 2708 1858 2789 disceptationibus
1889 2716 1945 2769 et
1971 2706 2154 2768 ratio-

502 2796 1014 2876 nalibusjudiciis
1048 2796 1400 2878 tribuentes,
1438 2798 1544 2858 sed
1601 2807 1898 2877 utcunque
1928 2803 2154 2857 temere

502 2886 871 2966 insulseque,
921 2884 1021 2966 qui
1080 2902 1181 2948 eos
1240 2886 1614 2966 praeiverunt,
1669 2892 2008 2966 sequentes,
2043 2884 2157 2945 hoc

507 2993 691 3035 unum
721 2992 954 3034 sursum
987 2973 1405 3054 deorsumque,
1462 2984 1523 3035 ut
1577 2974 1883 3055 proverbio
1946 2973 2151 3042 fertur,

510 3069 849 3124 asserentes
878 3062 1190 3123 dissidium
1223 3082 1340 3124 non
1373 3063 2153 3144 essezdeponendumﬂuod

511 3150 698 3212 nostri
728 3150 1003 3230 majores,
1029 3150 1151 3211 sive
1173 3150 1377 3231 probe,
1415 3135 1538 3213 sive
1562 3135 1738 3233 male,
1773 3135 2152 3213 suscitar'unt.
2174 3135 2216 3187 C

512 3238 584 3301 Ηι
616 3240 837 3320 itaque,
871 3241 921 3300 si
950 3240 1230 3302 secundae
1255 3241 1617 3303 conditionis
1663 3242 1905 3317 luerint,
1942 3241 2159 3300 nostris

513 3328 677 3390 hisce
708 3328 1103 3405 sermonibus,
1136 3346 1241 3408 pro
1272 3330 1712 3392 corroboranda
1760 3328 2160 3391 ecclesiastica

515 3435 658 3498 pace
689 3416 994 3498 confectis,
1027 3419 1188 3481 nullo
1233 3419 1408 3480 modo
1464 3418 2007 3481 consuadebuntur.
2040 3417 2157 3479 Sed

509 3525 625 3566 non
663 3514 975 3585 propterea
1025 3506 1194 3568 nobis
1243 3507 1540 3569 silendum
1588 3514 1696 3579 est,
1733 3507 1835 3568 sed
1869 3505 1939 3567 ad
1974 3523 2153 3567 unum

508 3596 697 3655 solum
737 3597 935 3657 omnia
976 3594 1302 3656 intuentem
1339 3596 1600 3669 oculum,
1653 3604 1710 3656 et
1764 3595 1835 3655 ad
1861 3594 2154 3674 judicium

507 3680 675 3757 illud,
710 3680 867 3762 quod
890 3699 1063 3743 nemo
1093 3681 1261 3759 fallit,
1297 3692 1351 3744 et
1384 3685 1537 3763 apud
1566 3681 1722 3764 quod
1751 3682 1919 3743 nobis
1939 3681 2160 3742 insulse

506 3787 638 3831 sese
668 3770 1094 3850 opponentium
1130 3771 1465 3834 criminatio
1492 3772 1775 3833 damnum
1804 3770 2029 3831 nullum
2062 3769 2158 3830 iu-

508 3858 678 3931 feret,
714 3876 911 3937 neque
937 3859 1095 3919 enim
1127 3858 1207 3921 ibi
1237 3860 1634 3921 criminatium
1667 3878 1838 3938 opus;
1864 3858 2156 3939 quemad-

510 3948 750 4009 modum
783 3965 976 4028 neque
1009 3947 1969 4027 pmterrationemindulgentium
1991 3966 2158 4008 com-

512 4035 831 4109 mendatio,
857 4036 1349 4109 emolumentum,
1389 4056 1583 4118 neque
1614 4037 1774 4098 enim
1807 4036 1888 4097 ibi
1919 4035 2163 4097 advoca-

512 4132 706 4185 torum
740 4142 911 4203 opus,
941 4124 1174 4186 animus
1209 4126 1577 4205 dirigendus.

591 4167 706 4184 ω..
740 4167 773 4184 υ
822 4167 911 4199 νο,
941 4167 1174 4186 an...“
1209 4167 1321 4187 υ...
1366 4167 1577 4188 ωηο.
1929 4167 1935 4171 .

591 4215 653 4275 4.
687 4167 950 4275 Adlillud
985 4214 1184 4296 itaque
1206 4167 1498 4297 judicium
1536 4215 1657 4278 falli
1691 4213 1956 4275 nescium
1984 4214 2172 4295 respi-

2235 2713 2416 2790 λόγοις
2484 2713 2572 2769 καὶ
2641 2710 2885 2788 λογικατς
2941 2707 3249 2785 διογνώσεσι
3306 2705 3687 2784 προσνέμοντες
3745 2704 3884 2758 ἑαυ-

2236 2802 2381 2879 τοὺς,
2413 2797 2531 2856 ἀλλ’
2576 2798 2759 2863 ἀπλῶς
2805 2798 2944 2855 οὒτω
2973 2798 3071 2864 τὴν
3129 2793 3407 2871 ἀλογιστον
3463 2806 3582 2855 τοῖς
3625 2813 3882 2871 προηγη-

2236 2889 2484 2964 σαμένοις
2561 2886 3011 2953 κατακολούθησιν
3095 2884 3518 2962 προαιρούμενοι,
3607 2881 3663 2937 ἔν
3720 2886 3883 2936 τοῦτο

2235 2979 2322 3035 καὶ
2352 2977 2515 3054 μόνον
2570 2976 2680 3032 ἀνω
2744 2976 2831 3031 καὶ
2873 2975 3018 3031 κάτω
3072 2982 3165 3029 τοῦ
3208 2970 3368 3049 λόγου
3396 2971 3764 3051 προφέροντες,
3819 2970 3887 3023 τὸ

2240 3068 2316 3143 μὴ
2344 3065 2455 3123 δεῖν
2514 3066 2763 3132 ἀθετῆσαι
2807 3063 3036 3143 σχίσμα,
3092 3060 3220 3137 ὅπερ
3277 3062 3324 3117 οἱ
3381 3063 3482 3139 πρὸ
3533 3060 3712 3134 ἡμῶν,
3767 3055 3889 3114 εἴτε

2239 3154 2413 3220 καλῶς
2458 3152 2571 3211 εἴτε
2614 3159 2791 3217 κακῶς
2848 3151 3255 3230 ἀπειργάσαντο.
3288 3150 3421 3228 Πρὸς
3465 3149 3590 3228 γοῧν
3645 3147 3890 3214 τούτους,

2240 3247 2283 3301 εἷ
2354 3244 2449 3311 τῆς
2504 3242 2743 3312 δευτέρας
2810 3241 2924 3298 εἶεν
3008 3238 3387 3318 προαιρέσεως,
3474 3236 3619 3295 οὗδὲν
3673 3237 3770 3311 μὲν
3819 3238 3891 3292 τὸ

2240 3336 2424 3390 πεῖθον
2466 3330 2665 3396 ἕξουσιν
2692 3330 2826 3394 ἴσως
2881 3330 2947 3385 τά
3001 3325 3127 3405 παρ’
3199 3329 3353 3403 ἡμῶν
3408 3327 3740 3402 ὲκτεθειμένα
3797 3325 3893 3381 ἐπὶ

2241 3418 2483 3479 συστάσει
2538 3422 2635 3487 τῆς
2680 3416 3124 3483 ἐκκλησιαστικῆς
3180 3416 3413 3493 εἰρήνης.
3464 3417 3537 3473 03
3593 3413 3678 3471 διὰ
3732 3416 3892 3470 τουτο

2240 3506 2406 3564 δὲκαὶ
2439 3506 2737 3573 σιωπητέον
2765 3506 2931 3583 ημᾶς,
2978 3502 3114 3561 ἀλλά
3141 3507 3271 3583 πρὸς
3330 3503 3382 3561 ἕν
3442 3505 3605 3580 μόνον
3650 3507 3890 3584 ὁρῶντας

2240 3599 2329 3653 τὸν
2371 3596 2795 3653 παντεπίσλοπον
2853 3592 3144 3673 ὀφθαλμὸν,
3204 3594 3293 3650 καὶ
3349 3596 3480 3665 πρὸς
3535 3596 3596 3650 τὸ
3626 3592 3892 3664 ἀλᾶθητον

2241 3686 2621 3756 ἒνατενίζοντας
2716 3687 2893 3740 εκεῖ-ιο
2961 3681 3355 3762 δικαιιοιτήριον,
3443 3682 3577 3747 παὸς
3661 3684 3689 3737 ὃ
3743 3681 3892 3738 οόδὲν

2242 3777 2383 3852 ημᾶς
2426 3776 2463 3841 in
2490 3780 2596 3830 τῶν
2626 3772 2831 3850 ἀλόγως
2875 3770 3264 3845 ἀνθισταμένων
3301 3769 3493 3846 βλέψει
3545 3770 3842 3848 κατηγορία
3871 3786 3886 3800 ⁸

2240 3868 2298 3922 οὔ
2352 3865 2506 3943 χρεία
2563 3864 2661 3941 γὰρ
2721 3861 3034 3939 κατηγόρων
3089 3858 3203 3915 ἐκεῖ
3239 3880 3251 3893 ·
3311 3858 3489 3937 ὥσπερ
3546 3859 3632 3915 οὖν
3682 3857 3799 3917 053‘s
3838 3860 3895 3938 δὴ

2242 3960 2348 4010 τῶν
2405 3950 2721 4030 παραλόγως
2778 3948 3144 4028 χαριζομένων
3219 3949 3425 4017 ὀνήσειε
3470 3949 3715 4011 σύστασις
3743 3980 3762 3992 ο
3834 3951 3896 4007 οὗ

2246 4044 2399 4123 χρεία
2442 4041 2534 4121 γὲρ
2566 4040 2869 4117 συνηγόρων
2897 4041 3036 4099 εκεῖ,

2334 4209 2377 4267 δ’
2450 4210 2582 4288 Πρὸς
2641 4214 2765 4288 γοῦν
2823 4209 2880 4262 τὸ
2923 4205 3185 4273 ἀλάθητον
3261 4209 3435 4263 ὲκεϊνο
3520 4206 3894 4285 δικαιωτήριον

513 4302 764 4376 cientes,
816 4309 1076 4364 actutum
1109 4295 1235 4365 rem
1274 4304 1460 4384 ipsam
1490 4302 1906 4383 aggrediamur
1927 4320 2160 4364 exoran-

2254 4300 2579 4381 ἀφορῶντας,
2642 4299 2755 4355 εὐθὺ
2810 4303 2900 4353 τοῦ
2968 4298 3169 4352 σιοποῦ
3205 4296 3433 4374 γίνεσθαι
3497 4298 3631 4376 χρὴ,
3676 4295 3898 4354 ἕκαστον

517 4402 604 4453 tes
637 4390 925 4470 singulos,
961 4391 1064 4469 qui
1111 4401 1311 4454 nostra
1360 4393 1483 4455 hinc
1519 4393 1741 4472 scripta
1774 4391 1832 4452 in
1869 4402 2160 4470 posterum

2253 4388 2521 4454 ἀξιοῦντας
2605 4388 2708 4444 τῶν
2764 4398 2879 4447 τοῖς
2936 4392 3186 4463 παροῦσιν
3265 4384 3535 4464 ἡμετέροις
3591 4386 3899 4465 γράμμασιν

518 4481 748 4561 legent,
809 4488 970 4541 recta
1016 4480 1405 4555 conscientia,
1458 4490 1518 4543 et
1550 4491 1813 4543 neutram
1849 4480 1908 4539 in
1945 4488 2160 4559 partem

2255 4475 2527 4552 ἐντευξομέ
2543 4498 2632 4532 ιων
2700 4475 2998 4552 ἐσύστερον,
3072 4475 3212 4529 εὐθεῖ
3268 4473 3520 4530 συνειδότι
3592 4478 3679 4530 και
3734 4472 3898 4552 ἀρῤε-

521 4586 847 4650 propensa,
873 4569 931 4629 in
964 4568 1083 4630 illis
1113 4578 1390 4632 contenta
1429 4569 1815 4642 examinare,-
1843 4577 1860 4627 t
1892 4569 1942 4629 si
1970 4568 2179 4630 lectori

518 4657 831 4739 placuerit,
864 4675 898 4717 a
923 4656 1093 4719 nobis
1124 4677 1292 4721 error
1315 4659 1654 4740 eorum,qui
1684 4668 1818 4719 ante
1850 4676 1958 4719 nos
1985 4657 2176 4735 fuere,

519 4756 845 4811 correctus.
875 4746 1063 4824 gratia
1084 4746 1205 4810 Deo
1234 4747 1526 4810 bonorum
1581 4747 1844 4809 omnium
1897 4747 2089 4808 datori
2116 4761 2178 4809 et

517 4832 816 4916 largitori:
844 4834 998 4914 quod
1033 4835 1081 4895 si
1114 4836 1188 4897 de
1214 4838 1324 4899 hac
1352 4856 1497 4917 pace
1549 4838 1703 4898 male
1736 4854 1844 4897 nos
1875 4836 2176 4899 censultos

508 4919 760 5000 judicat,
793 4922 1132 5005 quicunque
1162 4924 1263 4986 ille
1293 4926 1489 5006 fuerit,
1517 4934 1743 4987 tantum
1772 4925 1883 4987 hoc
1907 4925 1979 4985 de.
2004 4924 2177 4987 nobis

516 5008 983 5091 sciat,quidquid
1015 5031 1047 5073 a
1077 5012 1251 5074 nobis
1299 5023 1398 5075 aut
1455 5014 1872 5091 exeogitatum,
1909 5022 2005 5074 aut
2040 5013 2173 5076 dic-

516 5106 666 5176 tum,
698 5107 797 5159 aut
827 5099 1070 5181 factum,
1094 5102 1186 5162 vel
1218 5102 1437 5180 scripto
1486 5102 1894 5180 consignatum
1948 5101 2075 5181 fuit,
2102 5102 2175 5163 ad

518 5184 928 5248 stabiliendam
960 5190 1242 5251 Ecclesize
1275 5210 1635 5271 pacem,non
1670 5190 1740 5251 ad
1776 5191 2170 5252 refellendum

517 5274 759 5355 aliquod
791 5276 880 5337 vel
921 5294 989 5338 ex
1024 5278 1243 5339 nostris
1280 5279 1514 5360 ritibus,
1569 5280 1659 5342 vel
1712 5279 2113 5357 dogmatibus,
2151 5298 2185 5341 a

518 5364 686 5428 nobis
714 5372 1115 5444 pertentatum
1147 5368 1351 5431 fuisse.
1382 5368 1734 5450 Quicunque
1767 5369 1925 5430 enim
1960 5369 2033 5430 ad
2066 5388 2169 5430 ec-

516 5454 926 5520 clesiasticam
986 5458 1140 5518 hanc
1201 5476 1406 5537 pacem
1466 5459 1739 5530 accessit,
1781 5467 2009 5519 nostras
2041 5476 2189 5519 con-

517 5539 882 5609 suetudines
908 5555 964 5608 et
995 5546 1265 5625 dogmata
1311 5554 1694 5624 contemnen,
1741 5546 2194 5628 dijudiransque

528 5635 855 5700 Romanam
887 5635 1206 5699 Ecclesiam
1239 5644 1442 5696 nostra
1475 5635 1787 5716 magisjpie
1838 5636 2064 5698 sentire
2098 5643 2196 5697 aut

2260 4580 2355 4623 πεῖ
2437 4566 2728 4641 βασανίζειν
2797 4564 2863 4619 τά
2935 4561 3424 4638 εμπεριειλημμένα
3458 4582 3470 4595 ·
3548 4565 3635 4619 καὶ
3690 4565 3734 4619 εὶ
3795 4565 3899 4637 μὲν

2261 4655 2468 4727 ἀρέσκει
2520 4661 2597 4728 τῷ
2651 4653 3021 4732 ἐντυγχάνοντι
3091 4653 3152 4706 τὸ
3227 4648 3496 4730 διορθωθέν
3566 4650 3690 4731 παρ’
3742 4652 3904 4725 ὴμῶν

2263 4742 2477 4824 σφάλμα
2505 4750 2610 4800 τῶν
2639 4744 2739 4821 πρὸ
2795 4747 2971 4819 ημῶν,
3018 4740 3175 4819 χάρις
3221 4744 3356 4814 Θεῷ,
3408 4749 3484 4815 τῷ
3512 4742 3704 4806 παντὸς
3733 4740 3904 4798 καλοῦ

2261 4832 2440 4914 δοτῆρι
2481 4835 2569 4890 καὶ
2608 4839 2833 4912 χορηγῴ
2866 4850 2879 4864 ⁸
2916 4833 2957 4885 εἰ
2988 4828 3043 4885 δέ
3071 4850 3131 4907 γε
3160 4832 3276 4909 περὶ
3318 4834 3414 4899 τῆς
3459 4833 3670 4909 εἰρήνης
3700 4833 3900 4897 ταύτης

2259 4926 2317 4980 οὗ
2371 4921 2548 4984 καλῶς
2597 4919 3038 4997 βουλευσαμένους
3097 4916 3384 4977 διανοεῖται
3439 4922 3582 4995 ημᾶς
3653 4919 3798 4985 ὅστις
3828 4920 3906 4976 -ἇν

2259 5013 2347 5068 καὶ
2377 5010 2468 5077 ε’Ϊη
2518 5010 2703 5080 οὗτος(
2764 5008 2817 5064 ἔν
2858 5010 3013 5064 τοῦτο
3083 5007 3243 5083 μόνον
3298 5007 3460 5065 ἐθέλω
3517 5009 3674 5066 αὺτὸν
3717 5007 3905 5066 εἰδέναι

2263 5102 2378 5178 περὶ
2406 5104 2584 5174 ἡμῶν,
2631 5101 2703 5160 ὡς
2762 5096 2865 5154 πάν
2910 5096 2961 5152 εἴ
3005 5119 3055 5152 τι
3113 5096 3233 5175 παρ’
3288 5100 3443 5172 ἡμῶν
3494 5099 3581 5155 καὶ
3634 5095 3905 5168 διενοήθη,

2265 5190 2355 5245 καὶ
2410 5186 2671 5261 ἐλαλήθη,
2732 5184 2976 5264 ἐπράχθη
3031 5206 3088 5241 τε
3144 5186 3233 5241 καὶ
3287 5186 3489 5265 ἐγράφη
3521 5186 3599 5264 if:
3667 5187 3912 5242 συστάσει

2268 5283 2364 5344 τῆς
2408 5274 2852 5342 iniustae-tuti]:
2911 5274 3144 5351 εἰρήνης,
3178 5273 3273 5328 οὒκ
3329 5274 3414 5330 ἐπ’
3483 5276 3723 5345 ἀθετήσει
3768 5274 3909 5334 οὔδε-

2274 5367 2361 5429 νὸς
2417 5371 2522 5421 τῶν
2561 5362 2834 5439 ἡμετέρων
2888 5362 3017 5418 ἔθων
3074 5363 3159 5417 καὶ
3212 5359 3491 5441 δογμάτων
3546 5364 3699 5421 τούτο
3727 5365 3914 5443 γέγονε

2274 5452 2397 5533 παρ’
2641 5459 2750 5516 [Ιᾶς
2800 5452 2900 5529 γάρ
2927 5472 3028 5529 τις,
3091 5451 3145 5513 ὃς
3177 5450 3262 5507 ἐπὶ
3318 5452 3417 5519 τὴν
3471 5452 3916 5521 ἐκχλησιαστικὴν

2274 5543 2471 5610 ταύτην
2530 5542 2685 5609 ἦλθεν
2744 5541 2978 5619 εἰρήνην,
3025 5541 3097 5602 ὡς
3159 5544 3264 5595 τῶν
3326 5543 3605 5621 (ἡμετέρων
3671 5542 3800 5599 ἐθιῦν
3829 5544 3917 5600 καὶ

2276 5630 2553 5710 δογμάτων
2637 5629 3005 5707 κατεγνωκὼς,
3072 5630 3155 5684 καὶ
3253 5630 3324 5694 ὡς

3422 5631 3521 5699 τὴν
3609 5623 3916 5709 Ῥωμαϊκὴν
