4142 6286
241 330 306 401 Ἃ

253 467 571 562 Ἐκκλησίαν
626 475 944 556 πρεσϐεύειν
1015 476 1313 559 διεγνωκὼς
1401 479 1765 562 εὗσεϐέστερόν

259 562 349 648 τῆς
374 558 667 644 ἡμετέρας,
728 565 1033 648 ἔκπτωτος,
1094 558 1185 637 εἴη
1228 576 1327 638 τῆς
1386 576 1479 627 τοῦ
1537 558 1761 648 Χριστοῦ
1815 570 1912 645 βα-

263 646 486 739 σιλείας,
517 653 608 708 καὶ
649 657 730 729 τῷ
1078 656 1269 739 Ἰουδᾳ,
1322 661 1411 716 καὶ
1462 646 1595 722 τοῖς
1633 672 1915 725 κοινωνοῖς

262 738 436 811 αὖτοῦ,
483 742 574 797 καὶ
614 759 953 823 παυρωταῗς
1016 756 1107 806 τοῦ
1161 738 1418 826 Σωτῆρος
1470 746 1909 825 συντεταγμένος.

266 826 428 916 Τοῦτο
596 834 662 888 τὸ
717 830 943 913 φοϐερὸν
1000 833 1175 915 ὅρκιον
1242 836 1428 916 ὥσωερ
1482 859 1538 893 τι
1607 847 1698 895 τοῦ
1752 836 1914 915 λόγου

266 915 509 1012 θεμέλιον
537 919 1097 1012 προιιαταὸαλλόμενοι
1136 924 1229 982 τοῦ
1271 915 1447 1004 λέγειν
1472 925 1762 1005 ἰρχόμεθα.

348 995 419 1067 ε’.
482 995 637 1088 Ὀπερ
679 1008 735 1065 δὲ
765 1012 852 1067 καὶ
883 995 961 1068 ἔτι
992 1035 1082 1088 μοι
1110 1023 1203 1073 τοῦ
1230 995 1392 1093 λόγου
1420 995 1914 1094 προαναταχθῆναι.

264 1088 438 1172 δοκεῖ,
512 1093 629 1154 οὐδὲ
696 1104 850 1155 τοῦτο
919 1088 1378 1179 παραδραμοῦμαι,
1599 1088 1917 1181 προσήκοντι

180 1228 191 1239 .
261 1184 417 1257 τόπῳ
446 1185 526 1259 μὴ
555 1185 850 1264 ἐφαρμόσαι
885 1205 898 1218 ·
935 1191 980 1246 0i
1007 1188 1232 1254 πολλοῖς
1263 1189 1543 1265 πολλάκις,
1576 1193 1650 1256 ὡς
1675 1190 1908 1270 εἴρηται,

260 1271 373 1359 te?)
442 1278 544 1340 τῆς
590 1270 904 1349 Ῥωμαϊκῆς
979 1276 1294 1345 Ἐκκλησίας
1364 1276 1564 1359 ἀνδρων
1610 1285 1787 1359 γραφῇ
1827 1281 1914 1335 καὶ

262 1356 457 1446 μέλανι
488 1362 873 1442 μοχεσάμενοι,
935 1364 1001 1421 δι’
1060 1368 1147 1429 οὓς
1202 1370 1290 1423 καὶ
1331 1356 1471 1446 πρὸς
1507 1370 1598 1425 τὸν
1626 1356 1915 1446 ήέσύστερον

260 1444 452 1523 ἀγῶνα
497 1451 526 1505 ὁ
571 1453 754 1529 παρὼν
806 1452 1060 1532 ἡμέτερος
1126 1444 1506 1512 ἐπαποδύσεται
1560 1455 1740 1534 λόγος,
1814 1444 1916 1511 ὕπὸ

258 1540 367 1624 ξεῆς
411 1534 565 1605 δίκης
607 1540 784 1620 ὥσπερ
840 1540 1293 1618 συνελαυνόμενοι,
1342 1547 1413 1607 εἰς
1471 1547 1533 1601 τὸ
1587 1542 1915 1624 θριαμϐεύειν

256 1623 512 1690 ἐπιστοὺς
581 1630 801 1706 γνώμης
839 1631 1170 1708 ἡττωμένους
1221 1632 1561 1712 ἰδιοῤῥύθιιου,
1620 1623 1707 1690 καὶ
1764 1633 1918 1690 τοῦτο

1445 349 1545 416 DE
1575 354 1681 418 UN
1688 350 1820 416 [ΟΝ
1826 348 1873 410 Ε
1904 346 2451 416 EGGLESIARUM.

1875 500 1927 535 τι
1945 484 1989 534 Α
2011 481 2280 570 credere,
2307 483 2477 546 cadat
2500 502 2533 546 e
2554 483 2772 547 Christi
2800 502 2983 567 regno
3016 504 3135 549 una
3163 506 3298 550 cum
3326 488 3480 551 Juda
3510 505 3648 570 pro-

1999 567 2213 651 ditore,
2246 571 2404 633 illius
2433 572 2631 644 sociis,
2684 581 2743 635 et
2798 572 3138 638 Servatoris
3192 567 3649 641 cruoiﬁxoribus

1998 669 2477 723 connumeratus.
2513 660 2638 724 Hoc
2667 662 2924 725 terribili
2946 666 3340 745 jurejurando
3370 675 3647 748 tanquam

1998 748 2293 897 segmonis
2319 748 2702 814 fundamento
2733 759 2909 814 antea
2938 752 3151 832 locato,
3184 755 3512 818 orationem
3537 773 3647 818 ex-

2000 853 2068 895 or
2110 854 2323 897 iamur.

2000 853 2323 899 ordiamur.

2083 1014 2135 1075 5.
2175 1015 2441 1077 Alterum
2473 1015 2646 1078 dictis
2664 1036 2899 1099 quoque
2924 1019 3142 1083 nostris
3178 1020 3644 1102 praeponendum

2003 1102 2249 1165 minime
2289 1106 2658 1185 praeteriero,
2710 1106 2837 1168 loco
2872 1116 3309 1190 peropportuno
3338 1110 3646 1189 adaptare,

2000 1191 2098 1272 qui
2133 1192 2346 1256 multos
2372 1200 2428 1253 et
2460 1193 2698 1275 saepius,
2728 1204 2783 1255 ul
2811 1194 3086 1272 diximus,
3125 1196 3405 1259 Romanae
3432 1198 3647 1261 Eccle-

1996 1280 2100 1341 siae
2120 1279 2271 1342 viros
2289 1282 2508 1361 scripto
2559 1292 2619 1342 et
2654 1291 2982 1347 atramento
3014 1294 3455 1365 oppugnarunt,
3497 1293 3558 1347 et
3585 1285 3650 1348 in

1996 1387 2144 1448 quos
2166 1369 2426 1430 secundo
2459 1365 3018 1434 certamine'noster
3038 1373 3137 1434 hic
3160 1374 3635 1437 Commentarius

1997 1464 2397 1531 convertatur,
2432 1477 2465 1520 a
2488 1459 2719 1538 justitia
2746 1460 2924 1522 veluti
2953 1462 3314 1543 compulsos,
3334 1462 3406 1524 ad
3429 1469 3650 1525 semet-

1998 1545 2159 1624 ipsos
2194 1545 2644 1619 diﬂ‘amandos,a
2672 1549 2969 1611 sententia
2998 1550 3233 1632 propria
3278 1548 3564 1627 devictos,
3592 1558 3654 1612 et

2003 1634 2114 1695 hoc
2168 1633 2541 1697 solummodo
2589 1636 2894 1699 victoriam
2946 1639 3370 1715 existimantes,
3407 1656 3651 1720 prorsus

256 1713 431 1807 μόνον
463 1717 615 1784 νίκην
641 1718 970 1797 ἡγουμένης,
1016 1723 1077 1777 τὸ
1139 1729 1401 1799 πεισμονῇ
1441 1722 1646 1803 χαίρειν
1703 1721 1912 1796 ἁπλῶς,

2008 1723 2342 1805 pertinaciae
2383 1723 2713 1806 indulgere,
2747 1734 2806 1787 et
2832 1727 2903 1790 ad
2932 1745 3136 1807 pacem
3167 1713 3641 1807 adhortantibus,

260 1803 357 1859 καὶ
384 1807 519 1882 πρὸς
563 1813 667 1862 πᾶν
739 1809 800 1864 τὸ
830 1811 960 1888 πρὸς
1017 1811 1230 1889 εἰρήνην
1274 1812 1459 1875 αὖτοὺς
1528 1810 1913 1887 ὲκκαλούμενον

258 1890 583 1951 ἀντιϐαίνειν
649 1898 926 1975 εὐκαίρως,
976 1900 1224 1976 σκαίρως,
1283 1902 1373 1955 τὸν
1429 1897 1551 1956 ὅλον
1593 1904 1690 1967 τῆς
1743 1898 1914 1955 αὐτῶν

260 1978 546 2047 διαλεξεως
576 1981 754 2062 )όγον,
809 1985 987 2065 ὥσπερ
1041 1989 1142 2044 τινὶ
1198 1986 1648 2066 ἐγκαλλωπίζουσι
1704 1989 1911 2063 κόσμῳ,

260 2082 388 2135 ταῖς
416 2073 553 2128 κατὰ
608 2080 714 2130 τῶν
755 2072 1282 2153 προσδιαλεγομένων
1333 2077 1515 2139 αὒτοϊς
1570 2074 1766 2154 ὕϐρεσι.
1819 2076 1917 2134 Καὶ

261 2159 385 2215 εἴθε
426 2159 525 2217 κᾶν
554 2158 759 2241 ὕῧρεσιν
786 2180 802 2194 ⁶
847 2162 985 2225 ἴσως
1012 2166 1113 2243 γὰρ
1142 2163 1203 2220 ἂν
1246 2163 1461 2222 ἔλαττον
1516 2165 1582 2233 ἧν
1637 2167 1699 2221 τὸ
1726 2167 1915 2238 κακὸν,

260 2248 341 2310 εἰς
414 2250 606 2325 μόνους
687 2253 810 2315 τοὺς
894 2251 1230 2332 ὑϐρισμένους
1334 2254 1730 2334 προτπομένης
1817 2259 1917 2320 τῆς

260 2334 468 2415 ἆλόγου
490 2339 688 2396 τούτων
740 2347 924 2419 Ιρορᾶς.
974 2350 1076 2399 Νῦν
1118 2341 1172 2398 δὲ
1241 2344 1300 2399 οὖ
1340 2349 1497 2401 τοῦτο
1540 2343 1723 2418 μόνον,
1784 2341 1920 2399 ἀλλὰ

260 2427 357 2482 καὶ
398 2426 735 2503 παντολμους
766 2431 860 2492 τὰς
898 2429 1018 2487 κατ’
1076 2432 1244 2488 αὐτῶν
1302 2431 1398 2488 καὶ
1453 2437 1553 2499 τῆς
1583 2433 1755 2489 αὗτῶν
1787 2429 1916 2489 Ἐκ-

261 2514 499 2581 κλησίας
539 2516 916 2597 ἀπερεύγονται
969 2519 1339 2600 βλασφημίας,
1391 2520 1534 2588 ὅ)νῆ
1591 2520 1786 2578 ἀτοπία
1844 2521 1916 2584 εἷς

264 2605 437 2672 αὐτὴν
475 2605 575 2673 τὴν
616 2613 722 2663 τῶν
811 2614 1134 2685 Χριστιανῶν
1190 2606 1439 2666 διαϐαίνει
1498 2607 1786 2671 εὐσέϐειαν.
1820 2610 1918 2667 Καὶ

259 2691 381 2752 οὐδὲ
410 2700 568 2751 τοῦτο
597 2693 822 2752 συνιδεῖν
893 2695 1078 2776 ἔσχον,
1124 2699 1200 2760 ὡς
1254 2700 1379 2754 αὐτὸ
1432 2708 1586 2757 τοῦτο
1641 2699 1825 2773 μόνον,
1856 2698 1919 2755 τὸ

259 2780 383 2858 μεθ’
426 2780 625 2860 ὖὸρεών
683 2806 741 2840 τε
802 2786 889 2841 καὶ
972 2785 1325 2867 βλασφημιῶν
1397 2785 1726 2864 διαλέγεσθαι
1786 2787 1917 2865 πρὸς

263 2872 484 2947 αὖτοὺς,
521 2874 666 2952 παρὰ
692 2887 811 2937 τοϊς
861 2874 1154 2953 εὐγνώμοσι
1201 2881 1306 2933 τῶν
1349 2874 1723 2955 διαγνωμόνων
1766 2874 1917 2941 δόξαν

272 2959 441 3028 ἥττης
485 2958 651 3019 ἐδίδου
678 2964 886 3025 αὐτοῖς.
939 2963 1026 3027 Τίς
1081 2964 1180 3043 γὰρ
1223 2965 1285 3019 ἂν
1339 2966 1428 3021 καὶ
1483 2972 1631 3038 νικᾷν
1662 2964 1807 3045 ἔχων
1839 2966 1919 3020 εί·-

1997 1820 2202 1874 conlra
2231 1829 2364 1873 sese
2392 1813 2737 1893 tempestive
2758 1816 3270 1896 inopportuneque
3311 1833 3642 1896 opponere,

2000 1908 2058 1962 et
2079 1900 2371 1962 universae
2387 1919 2508 1963 suae
2519 1901 2953 1964 dissertationis
2965 1903 3309 1981 congeriem
3336 1902 3643 1965 uelutiali—

2001 2008 2121 2070 quo
2152 1996 2360 2049 ornatu
2384 2007 2671 2052 exornare
2701 1989 2986 2053 adversus
3016 2009 3140 2064 eos,
3184 1991 3287 2071 qui
3311 1990 3488 2052 simul
3510 2008 3649 2052 cum

2002 2077 2088 2139 eis
2125 2077 2542 2157 colloquuntur
2576 2078 2835 2159 injuriis,
2866 2087 2926 2140 et
2956 2079 3178 2140 utinam
3216 2078 3474 2158 injuriis,
3525 2086 3650 2140 tum

2001 2165 2161 2228 enim
2196 2167 2413 2227 malum
2440 2165 2636 2228 minus
2663 2167 2834 2244 foret,
2879 2167 2938 2228 in
2970 2167 3113 2231 solis
3145 2167 3366 2247 injuria
3395 2166 3645 2245 affectis,

2002 2254 2463 2335 eorum,insulso
2510 2254 2734 2336 impetu
2785 2256 3138 2336 persistente
3172 2276 3187 2316 :
3221 2263 3278 2317 at
3319 2274 3477 2317 nunc
3527 2273 3650 2317 non

2001 2344 2058 2406 id
2093 2344 2308 2424 solum,
2369 2344 2474 2405 sed
2526 2352 2583 2405 et
2624 2343 3047 2406 audacissimas
3077 2344 3135 2407 in
3189 2363 3291 2407 eos
3338 2352 3400 2406 et
3443 2362 3650 2406 eorum

2001 2431 2329 2494 Ecclesiam
2353 2433 2742 2494 contumelias
2775 2440 2833 2495 et
2864 2433 3128 2496 convicia
3152 2440 3457 2508 evomunt,
3493 2451 3650 2514 quo-

2001 2539 2129 2582 rum
2162 2520 2749 2584 absurda‘temeritas
2788 2522 3149 2603 ipsissimam
3177 2521 3647 2586 Christianorum

2000 2610 2269 2671 vulnerat
2300 2610 2596 2690 pietatem.
2627 2612 2834 2691 Neque
2874 2611 3386 2692 comprehendere
3429 2618 3644 2692 potue-

2001 2706 2160 2774 runt,
2196 2717 2265 2759 eo
2293 2698 2381 2761 vel
2414 2698 2567 2772 solo,
2601 2699 2758 2779 quod
2789 2698 3027 2779 injuriis
3058 2699 3485 2762 etcontumelis
3530 2698 3648 2762 dis-

2003 2786 2335 2868 potationes
2360 2795 2420 2848 et
2446 2787 2744 2868 colloquia
2803 2788 3205 2861 contulerunt,
3263 2808 3299 2851 a
3346 2787 3652 2851 benevolis

2001 2875 2406 2954 cognitoribus
2450 2875 2693 2939 victoria
2753 2876 3049 2939 excidisse
3099 2877 3400 2958 judicatos
3436 2876 3650 2940 fuisse.

2001 2964 2144 3037 Quis
2193 2966 2381 3047 enim,
2410 2984 2541 3027 cum
2566 2965 2870 3027 victoriam
2905 2967 3190 3046 consequi
3246 2966 3431 3047 possit
3486 2965 3655 3046 paci-

261 3056 523 3130 ρηνικῶς,
581 3052 669 3107 καὶ
720 3050 930 3126 μάλισθ’
974 3050 1104 3109 ὅπου
1129 3054 1245 3132 περὶ
1288 3060 1418 3109 Θεοῦ
1469 3055 1559 3110 καὶ
1613 3058 1718 3110 τῶν
1771 3055 1920 3110 θείων

2008 3054 2138 3129 tice,
2170 3064 2229 3116 et
2251 3054 2621 3136 potissimum
2651 3054 2713 3116 in
2752 3054 2850 3131 iis,
2883 3055 2943 3116 in
2974 3054 3191 3136 quibus
3231 3055 3305 3116 dc
3343 3053 3466 3116 Deo
3497 3052 3652 3117 divi-

266 3144 314 3196 οἱ
371 3139 551 3219 λόγοι,
611 3137 787 3218 ὕϐρεσι
835 3148 913 3216 τῷ
960 3139 1459 3222 προσ-διαλεγομένῳ
1527 3142 1918 3223 ἀντεπιφύετκι,

2008 3143 2216 3223 nisque
2257 3143 2439 3205 rebus
2487 3150 2899 3224 portractatur,
2962 3143 3196 3223 injuriis
3257 3142 3653 3207 disserentem

269 3230 453 3308 ὥσπερ
500 3230 597 3285 οὐκ
651 3227 905 3309 ἀδελφοὺς
984 3234 1158 3300 ζητῶν
1231 3231 1549 3310 κτήσασθαι,
1596 3228 1716 3287 ἀλλ’
1765 3229 1919 3286 ἀδελ-

267 3318 399 3397 φοὺς
470 3308 862 3373 ἀποϐάλλεσθαι
929 3317 1265 3397 φιλονεικῦν.
1329 3308 1554 3398 ’Ἔγωγε
1608 3319 1743 3384 τέως
1803 3332 1919 3382 τοῖς

266 3407 537 3471 τοιούτους
608 3404 949 3485 ἐντυγχάνων
1019 3405 1195 3484 λόγοις
1269 3409 1463 3488 αὒτῶν,
1518 3408 1606 3465 καὶ
1660 3409 1779 3471 τοὺς
1825 3409 1922 3483 μὲν

270 3488 564 3571 Ῥωμαίους
624 3496 898 3573 εἰρηνικῶς
948 3498 1128 3560 αὐτοῖς
1210 3502 1482 3555 κατανοῶν
1566 3496 1918 3576 ἐιτογχάνο-ι-

266 3606 390 3663 τας,
423 3588 514 3648 οἷς
559 3585 645 3640 καὶ
690 3581 896 3659 μᾶλλον
951 3584 1012 3639 τὸ
1067 3585 1196 3663 πρὸς
1250 3586 1444 3659 θυμοὺς
1502 3583 1921 3663 ἐπιῤῥεσέστερον

270 3673 650 3753 ὡμολόγηται,
680 3672 799 3735 τοὺς
828 3669 874 3726 δ’
924 3670 1210 3752 ἡμετέρους
1263 3673 1323 3730 οὗ
1376 3672 1607 3751 λογιιιῶς
1666 3673 1920 3753 μαχομέ-

271 3785 387 3826 νοις
432 3762 700 3840 ἐοικότας,
752 3759 873 3817 ἀλλ’
920 3761 1098 3840 ὥσπερ
1129 3765 1391 3843 μαχαίρᾳ,
1449 3764 1538 3819 καὶ
1587 3762 1787 3844 milii“
1834 3764 1923 3819 καὶ

271 3851 453 3931 δόρατι
484 3851 584 3918 τὴν
626 3847 746 3906 κατ’
797 3849 968 3906 αὐτῶν
1032 3852 1202 3929 ὁρμὴν
1257 3852 1624 3928 ποιουμένους,
1684 3851 1921 3931 ἐρυθριῶ,

274 3943 366 3998 καὶ
391 3939 573 4017 ὥσπερ
615 3940 689 4002 εἷς
736 3938 920 3998 ἑαυτὸν
975 3937 1313 4017 λογιζόμενος
1356 3941 1456 4008 τὴν
1511 3941 1792 4020 αἰσχύνην,
1841 3962 1926 4014 μι-

271 4037 402 4110 κροῦ
430 4031 523 4110 καὶ
566 4026 978 4084 ἐκσιαλύπτεσθαι
1007 4027 1165 4092 θέλω,

352 4109 463 4194 ς’,
497 4118 597 4174 Διά
626 4138 705 4173 τοι
734 4124 887 4173 τοῦτο
928 4117 1016 4173 καὶ
1067 4117 1357 4198 ἀντιλέγειν
1391 4131 1507 4184 τοῖς
1565 4116 1922 4196 ἂντιλογιιοϊς

272 4211 480 4273 τούτοις
538 4205 811 4283 ἐσύστερον
886 4205 1204 4281 βουλόμενος
1291 4206 1481 4286 ἔγωγε,
1545 4210 1675 4286 πρὸς
1762 4205 1925 4283 μηδὲν

275 4306 518 4356 τοιοῦτον
586 4294 948 4372 παρασυρῆιαι
1018 4298 1338 4354 καθικετεύω
1396 4300 1549 4355 Οεὸν.
1635 4300 1722 4355 καὶ
1804 4299 1923 4361 τοὺς

275 4388 679 4463 ἐντευξομένους
747 4384 800 4442 δὲ
859 4401 974 4451 τοῖς
1048 4388 1327 4469 ἡμετέροις
1386 4411 1661 4469 γραμμλσι
1698 4396 1921 4464 “co-3mm,

278 4482 377 4548 τὴν
400 4478 569 4543 αὗτὴν
629 4477 758 4532 αἰτῶ
786 4473 970 4555 χάριν,
1006 4474 1171 4551 μηδέν
1213 4500 1263 4533 τι
1319 4485 1426 4535 τῶν
1471 4478 1742 4556 ἡμετέρων
1796 4479 1923 4557 πρὸς

284 4570 389 4649 ’ἔριν
441 4566 754 4647 ἀφορῶντας
813 4561 1105 4624 διαϐαλεῖν.
1158 4558 1346 4642 Ἠμεϊς
1403 4566 1500 4641 μὲν
1560 4568 1658 4646 γὰρ
1714 4568 1772 4623 οὗ
1800 4570 1927 4644 πρὸς

282 4658 609 4735 ἀνθρώπους,
673 4651 811 4709 ἀλλὰ
868 4654 998 4732 πρός
1067 4654 1197 4711 Θεόν
1255 4657 1506 4734 ὁρῶντες,
1567 4656 1665 4721 τὴν
1717 4657 1930 4734 εἰρήνην

280 4748 477 4813 ταύτην
522 4741 638 4800 δεῖν
693 4743 944 4816 ᾠήθημεν
993 4741 1407 4815 ἐνστερνίσασθαι
1445 4766 1458 4779 ·
1510 4746 1554 4800 εἶ
1595 4743 1649 4801 δέ
1691 4767 1794 4801 τισι
1853 4745 1929 4820 μὴ

274 4836 446 4914 δοκεῖ,
492 4830 642 4889 σόδὲν
671 4830 802 4907 πρός
831 4829 1001 4903 ἡμᾶς,
1050 4834 1107 4887 Εἰ
1162 4829 1216 4887 δὲ
1269 4833 1358 4889 καὶ
1407 4833 1537 4911 πρός
1607 4834 1673 4890 τὰ
1701 4833 1932 4908 κοσμικὰ

278 4928 375 4994 τῆς
447 4916 760 4996 Ῥωμαϊκῆς
830 4919 1010 4998 ἀρχῆς
1059 4917 1286 4995 ἴδοιμεν,
1386 4919 1505 4977 ἀλλ’
1578 4920 1794 4977 ἐνταῦθα
1840 4924 1930 4978 οὐκ

280 5016 421 5072 ἔστιν
478 5014 651 5068 εἱπειν
708 5011 784 5072 ὡς
854 5005 1000 5066 οὐδὲν
1055 5011 1185 5088 πρός
1476 5012 1532 5068 Εἰ
1562 5011 1658 5086 μὲν
1704 5010 1802 5089 γὰρ
1859 5008 1931 5065 δι-

282 5106 441 5167 καίως
470 5102 561 5158 καὶ
606 5098 695 5155 ἐπί
744 5119 855 5154 τινι
904 5099 1034 5169 πρός
1077 5099 1174 5165 τὴν
1217 5100 1370 5175 ἡμῶν
1429 5098 1687 5156 εὐσέϐειαν
1746 5119 1930 5155 συντε-

283 5195 453 5253 λοῦντι
509 5193 544 5259 ἡ
585 5194 695 5252 τῶς
758 5178 1090 5259 Ῥωμαϊκῆς.
1154 5185 1472 5255 Ἐκκλησίας
1529 5189 1708 5269 μάχη,
1761 5186 1811 5253 ἐξ
1866 5192 1933 5256 ἧς

280 5288 442 5343 ὁποῖα
463 5283 552 5341 καὶ
594 5277 696 5337 ὅσα
756 5273 878 5332 καθ’
939 5274 1097 5350 ἡμῶν
1152 5277 1496 5360 ἐπεισέφρησε
1554 5280 1620 5336 τὰ
1667 5276 1828 5357 δεινὰ,
1876 5277 1932 5334 οὔ

280 5377 370 5433 τοῦ
407 5372 666 5452 παρόντος
717 5365 899 5444 λέγειν
960 5363 1118 5438 ἐστὶν,
1182 5366 1317 5433 ἴσως
1374 5368 1473 5447 γὰρ
1529 5366 1712 5430 mm;
1772 5373 1933 5423 ταῦτα

280 5467 365 5523 καὶ
417 5462 667 5542 ἱπορήθη
796 5455 939 5529 ἦμεν
1014 5452 1078 5509 ἂν
1148 5457 1235 5512 καὶ
1312 5459 1456 5513 αὐτοὶ
1498 5454 1930 5530 ωνδιατιθὲμενοι

274 5568 389 5618 τοῖς
410 5541 706 5632 ἐπιρῥεπῶς
768 5542 964 5623 ἔχουσι
1015 5543 1145 5622 πρός
1188 5546 1249 5601 τό
1294 5543 1584 5603 σκάνδαλον
1618 5562 1631 5577 ’
1709 5543 1821 5600 ἐπεὶ
1875 5541 1930 5598 δὲ

268 5649 434 5713 παίπῆ
491 5629 714 5715 ἀδίκως,
765 5632 863 5690 καὶ
915 5629 979 5685 ἐκ
1022 5632 1189 5706 μόνης
1247 5635 1495 5713 ὶπηρεξχς
1543 5638 1839 5698 Σατκνικὴς
1875 5633 1930 5689 τό

2005 3232 2342 3313 opprimere
2376 3240 2647 3314 conatur,
2675 3251 2843 3314 aeque
2875 3251 2943 3294 ac
2968 3232 3018 3294 si
3044 3232 3256 3294 fratres
3294 3231 3650 3312 conquirere

2005 3340 2123 3382 non
2155 3321 2526 3399 studeat,sed
2559 3340 2663 3383 eos
2691 3323 2967 3400 subigere
2999 3322 3368 3403 perdtareque
3399 3325 3655 3383 conten-

2004 3409 2154 3471 dat?
2177 3412 2298 3489 Ego
2328 3412 2502 3492 plane
2544 3410 2772 3473 similes
2802 3428 3008 3473 eorum
3057 3427 3367 3473 sermones
3396 3427 3650 3492 percur-

2008 3516 2167 3571 rens,
2203 3502 2285 3578 εις
2314 3499 2612 3562 Romanos
2661 3498 3148 3578 deprehendens,
3202 3517 3351 3581 quos
3388 3498 3462 3561 ad
3503 3498 3653 3561 iram

2005 3588 2588 3669 propensioreslesse
2617 3589 3146 3670 fatemur,paciﬁca
3172 3606 3306 3652 cum
3326 3587 3444 3649 illis
3472 3586 3655 3650 collo-

2005 3676 2142 3756 quia
2168 3686 2633 3751 serere,nostros
2652 3697 2793 3739 vero
2815 3678 2977 3740 nulla
3001 3696 3138 3741 cum
3160 3678 3390 3741 ratione
3413 3676 3657 3759 deprae-

2006 3763 2285 3827 liantibus
2325 3765 2574 3839 similes,
2621 3784 2785 3840 ense,
2838 3774 2902 3828 ut
2948 3766 3030 3828 ita
3078 3765 3297 3844 dicam,
3355 3765 3550 3845 gladio
3603 3771 3661 3827 et

2006 3852 2188 3914 hastis
2215 3872 2317 3916 eos
2349 3854 2734 3935 impetentes,
2763 3853 2980 3917 rubore
3009 3855 3285 3935 equidem
3327 3852 3656 3930 suifundor,

2008 3950 2065 4003 et
2099 3942 2253 4004 intra
2284 3943 2691 4025 memetipsum
2738 3943 3039 4006 infamiam
3088 3949 3389 4024 repetens,
3434 3948 3658 4004 tantum

2009 4050 2130 4094 non
2160 4030 2372 4111 faciem
2405 4040 2603 4111 tegere
2634 4030 2926 4096 delibero.

2089 4116 2149 4174 ti.
2186 4110 2554 4192 Quapropter
2583 4111 2676 4173 bis
2706 4110 3241 4187 contradictoribus
3256 4110 3384 4193 ipse
3399 4118 3658 4194 postmo-

2008 4199 2148 4261 dum
2171 4199 2669 4278 contradicturus,
2704 4218 2780 4262 ne
2802 4199 2875 4262 ad
2907 4200 3126 4262 similia
3156 4200 3376 4278 trahar,
3412 4200 3662 4281 supplex

2010 4288 2194 4351 Deum
2250 4308 2449 4366 exoro,
2498 4290 2889 4371 eamdemque
2934 4307 3175 4371 prorsus
3230 4289 3306 4351 ab
3361 4289 3502 4369 illis,
3560 4289 3668 4369 qui

2011 4380 2136 4440 haec
2182 4387 2384 4442 nostra
2435 4379 2858 4441 commentaria
2909 4378 3118 4440 lecturi
3174 4387 3348 4448 sunt,
3410 4377 3660 4457 gratiam

2013 4486 2287 4549 exposui,
2330 4467 2479 4530 nihil
2513 4486 2582 4529 ex
2614 4469 2708 4530 his
2751 4466 2967 4528 nostris
2997 4465 3363 4529 contentioni
3395 4464 3664 4527 addictos

2011 4557 2608 4638 reprehendere.Nos
2638 4557 2859 4619 etenim
2884 4575 3001 4617 non
3021 4554 3314 4632 homines,
3342 4554 3444 4616 sed
3473 4552 3661 4617 Deum

2012 4647 2631 4728 inspicientes,pacem
2658 4646 2811 4707 hanc
2841 4646 3060 4727 apertis
3083 4643 3237 4707 ulnis
3253 4643 3662 4725 excipiendam

2013 4753 2146 4798 esse
2175 4735 2442 4797 arbitrati
2471 4754 2698 4797 sumus.
2736 4732 2799 4795 Id
2831 4736 2879 4795 si
2923 4733 3094 4795 aliter
3142 4733 3441 4795 nonnullis
3469 4733 3658 4795 visum

2012 4825 2327 4900 fuerit,.nil
2354 4833 2554 4887 nostra
2582 4824 2783 4886 refert.
2817 4822 2985 4895 Quod
3015 4822 3067 4883 si
3099 4821 3172 4884 ad
3202 4822 3455 4887 Romani
3489 4822 3661 4903 prin-

2014 4913 2242 4994 cipatus
2262 4932 2359 4975 res
2389 4914 2701 4975 saeculares
2728 4912 2995 4973 animum
3026 4911 3487 4987 advertamus,id
3517 4929 3659 4973 vero

2015 5003 2215 5065 dicere
2246 5021 2365 5064 non
2393 5020 2728 5084 possumus,
2765 5001 2847 5062 nil
2874 5008 3074 5062 nostra
3092 4999 3577 5063 relerre.Etenim
3607 4998 3662 5061 si

2008 5093 2190 5171 juste,
2226 5100 2287 5153 et
2316 5099 2554 5173 propter
2582 5090 2804 5172 aliquid
2837 5098 3052 5152 nostra;
3083 5090 3286 5171 pietati
3319 5089 3664 5152 conducens

2016 5199 2151 5243 cum
2182 5179 2447 5242 Romana
2478 5179 2741 5243 Ecclesia
2784 5198 2980 5261 pugna
3009 5186 3281 5260 suscepta
3330 5187 3441 5254 est,
3496 5179 3667 5259 Cujus

2016 5288 2195 5332 causa
2225 5278 2307 5331 tot
2334 5277 2612 5350 tantaque
2643 5269 2794 5329 mala
2840 5268 2902 5330 in
2954 5287 3063 5331 nos
3119 5267 3494 5349 ingruerunt,
3534 5285 3668 5348 quae

2016 5379 2135 5423 non
2169 5369 2259 5422 est
2290 5360 2597 5439 praesentis
2627 5359 2849 5440 negotii
2897 5359 3121 5435 dicere,
3155 5366 3214 5422 et
3247 5359 3399 5421 forte
3427 5356 3500 5419 ab
3533 5357 3667 5420 aliis

2017 5468 2219 5512 eorum
2252 5449 2498 5511 historia
2526 5447 2747 5529 scripto
2766 5446 3122 5510 demandata
3150 5456 3260 5522 est,
3294 5466 3403 5508 nos
3426 5464 3666 5528 quoque

2010 5557 2128 5601 una
2159 5557 2295 5600 cum
2329 5538 2643 5621 propensis
2672 5536 2746 5599 ad
2775 5537 3119 5600 scandalum
3164 5534 3616 5600 conveniremus
3644 5556 3661 5613 ;

2014 5628 2118 5691 sed
2145 5648 2280 5691 cum
2310 5628 2470 5691 nulla
2494 5628 2656 5708 justa
2684 5626 2758 5690 de
2798 5644 3001 5709 causa,
3034 5625 3139 5689 sed
3169 5643 3239 5689 ex
3282 5623 3407 5688 sola
3442 5620 3676 5686 Satanae
