4144 6290
405 249 482 314 23

1474 256 1744 323 JOANN.
1782 259 1999 325 VECCI
2027 264 2136 325 ΟΡ.
2172 264 2705 328 ΡΑΤΡιΙΑΒΟΗίΕ.

3711 260 3787 332 ⁸24

408 402 794 480 improbitate
823 398 1222 461 Ecclesiarum
1253 394 1594 456 scandalum
1640 393 1796 456 inter
1827 413 1935 456 nos
1966 398 2041 457 in-

2145 399 2250 451 τῶν
2306 392 2639 486 Ἐκκλησιῶν
2698 397 2988 456 σκάνδαλον
3065 400 3226 477 μέσον
3279 404 3433 478 ἡμῶν
3488 411 3788 486 συνορῶμεν

400 497 624 576 jectum
659 488 1115 568 conspiciamus,
1171 492 1393 576 tantum
1428 484 1595 545 abest
1622 492 1682 544 ut
1709 502 1842 551 cum
1873 502 2048 576 scan-

403 573 521 646 dali
558 576 927 641 curatoribus
970 574 1412 652 conveniamus,
1461 580 1523 634 ut
1571 590 1823 633 maerore
1875 573 2051 635 etiam

402 669 629 751 ingenti
660 665 1217 743 afﬁciamur,et,quo
1249 680 1562 751 possumus
1581 660 1767 751 animi
1793 661 2051 729 fervore,

405 749 638 821 nostros
661 759 1065 824 exoremus,ut
1086 749 1383 830 propriam
1412 750 1702 810 insaniam
1729 749 2049 832 deponant,

405 855 464 910 et
497 864 613 907 non
649 844 729 904 ita
756 851 976 902 temere
1004 840 1065 900 in
1099 838 1365 919 proprias
1400 837 1578 899 urbes
1608 846 1665 899 et
1694 839 1908 918 oppida
1940 858 2052 900 n0-

403 953 539 996 vum
571 932 790 994 bellum
823 929 1084 993 secundo
1110 927 1789 1000 exsuscitent,tantarum
1815 928 2053 989 calami-

404 1030 590 1085 tatum
619 1039 690 1082 ac
714 1020 1170 1080 infortuniorum
1225 1034 1482 1076 causam.
1538 1014 1639 1077 Sin
1702 1016 1916 1089 minus,
1952 1010 2052 1097 qui

400 1128 610 1173 rursus
628 1108 884 1171 scandali
907 1114 1110 1167 auctor
1131 1104 1328 1176 fuerit,
1350 1102 1577 1183 judicio
1603 1104 2043 1165 eritobnoxius.

400 1201 522 1261 Nos
553 1215 689 1259 vero
723 1196 961 1257 tandem
998 1194 1324 1255 orationem
1356 1192 1785 1271 aggrediamur.

481 1289 542 1349 7.
577 1284 727 1358 Quid
782 1283 1049 1363 inquitis,
1113 1281 1216 1342 viri
1277 1281 1527 1342 fratres?
1585 1280 1737 1352 Quid
1782 1281 1841 1342 in
1872 1301 2045 1345 causa

400 1383 593 1456 est,ut
626 1372 989 1434 tantumdem
1020 1369 1416 1431 Ecclesiarum
1451 1369 1696 1431 dissidio
1730 1371 2040 1452 plaudatis,

402 1473 460 1527 et
485 1482 588 1544 pro
621 1481 690 1523 eo
721 1458 1120 1542 promovendo
1153 1457 1332 1518 etiam
1388 1456 1542 1519 bella
1590 1459 1895 1538 suscipere
1926 1480 2043 1522 non

399 1549 978 1622 vereamini?Quod,
1045 1548 1299 1616 trudunt.
1362 1548 1599 1625 longum
1640 1549 1764 1627 jam
1813 1559 2042 1630 tempus

396 1641 833 1720 intercessit,ex
864 1658 980 1718 quo
1009 1636 1314 1698 dissidium
1353 1636 1464 1697 hoc
1493 1636 1781 1715 originem
1815 1638 2037 1708 habuit.

2146 484 2544 564 παρεισφθαρὲν,
2577 487 2636 542 οὒ
2683 487 2846 561 μόνον
2899 502 3018 553 τοῖς
3074 488 3432 558 σπουδαστατς
3475 504 3565 553 τοῦ
3616 484 3785 552 σκαν-

2136 569 2294 628 δςίλυυ
2352 574 2446 629 οὒκ
2513 572 2669 648 ἐσμὲν
2730 574 3193 652 συνδιατιθέμενοι.
3279 579 3417 637 ἀλλὰ
3471 584 3558 638 καὶ
3612 582 3785 650 λύπην

2136 659 2267 728 ὅσην
2294 661 2562 738 ἡγούμεθα
2593 669 2771 736 τοῦτο,
2815 665 2903 720 καὶ
2962 668 3276 747 θερμότερον
3317 670 3441 732 τοὺς
3483 672 3598 728 καθ’
3641 672 3784 747 ἡμᾶς

2136 751 2435 838 ἱκετεύομεν
2480 755 2578 816 τῆς
2634 748 2750 807 καθ’
2794 752 2995 810 ἑαυτῶν
3053 754 3383 836 ἀποσχέσθαι
3428 760 3638 838 μανίας,
3697 757 3785 816 καὶ

2137 837 2215 911 μὴ
2261 837 2397 894 οὕτω
2438 839 2575 894 κατὰ
2616 845 2722 896 τῶν
2766 841 2971 896 οἰκείων
3013 842 3222 899 πόλεων
3266 847 3353 902 καὶ
3385 852 3576 927 χωρῶν
3606 837 3783 928 ἀρχὴν

2137 924 2304 993 ἄλλην
2354 927 2425 1017 ἐκ
2454 925 2705 1017 δευτέρου
2734 930 3071 1017 ποιήσασθαι
3128 924 3522 1008 πολέμωνηκαὶ
3573 924 3782 1017 cup.in-

2136 1021 2261 1083 ρῶν,
2296 1019 2353 1072 Ei
2381 1013 2427 1070 δ’
2456 1015 2569 1096 οὖν,
2627 1015 2747 1074 ἀλλ’
2779 1020 2930 1081 αὐτὸς
2975 1021 3225 1096 βαστάσει
3277 1023 3339 1079 τὰ
3395 1038 3589 1104 κρῖμα,
3636 1013 3782 1090 ὅστις

2133 1109 2219 1163 καὶ
2249 1105 2407 1163 πάλιν
2448 1107 2692 1187 ἀρχηγός
2724 1109 3013 1166 σκανδάλου
3055 1111 3266 1182 θελήσει
3319 1114 3579 1193 γενέσθαι.
3618 1108 3780 1180 Ἡμῖν

2132 1194 2186 1250 δὲ
2230 1197 2316 1276 καὶ
2346 1193 2409 1263 δὴ
2452 1205 2542 1254 τοῦ
2584 1195 2744 1274 λόγου
2788 1197 3028 1276 ἀρκτέον.

2211 1272 2281 1354 ζ’.
2329 1285 2389 1340 Τί
2415 1305 2569 1364 φατε,
2607 1272 2783 1363 ἄνδρες
2817 1272 3100 1368 ἀδελφοίς;
3155 1292 3213 1347 Τί
3267 1289 3347 1347 ὅτι
3401 1294 3778 1373 περιμάχητον

2130 1374 2263 1446 ἡμῖν
2306 1377 2496 1450 χρῆμα
2521 1373 2581 1427 τὸ
2612 1378 2717 1427 τῶν
2766 1373 3100 1443 Ἐκκλησιῶν
3157 1379 3363 1457 σχίσμα
3391 1377 3539 1437 δοκεῖ
3571 1401 3586 1461 ς
3629 1372 3773 1462 γὈτι,

2125 1462 2281 1548 φασὶὶ
2305 1463 2500 1548 μακρὸς
2558 1460 2661 1529 ἢδη
2708 1461 2923 1541 χρόνος,
2998 1465 3049 1529 ἐξ
3106 1466 3226 1522 ὅτοι
3257 1469 3319 1523 τὸ
3362 1460 3577 1548 σχίσμα
3629 1460 3779 1527 τοῦτο

2125 1546 2321 1626 προέκῗη
2357 1568 2369 1583 ο
2410 1546 2492 1604 διὰ
2534 1556 2684 1635 τούτο
2716 1552 3084 1632 περιμάχητον
3126 1557 3186 1611 τὸ
3219 1546 3433 1635 σχίσμα*
3476 1559 3635 1632 ἡμῖν,
3696 1558 3776 1615 ὅτι

2122 1639 2209 1693 καὶ
2268 1637 2505 1716 χρόνιον,
2570 1633 2681 1716 Ἆρ’
2741 1638 2829 1695 οὖν
2873 1639 2953 1696 ὅτι
3011 1633 3337 1723 ἐσχίσθημεν
3393 1646 3710 1717 σκοπητέον,
3741 1648 3775 1716 ἢ

399 1740 713 1812 propterea
745 1719 870 1810 pro
902 1746 971 1788 eo
1007 1726 1180 1787 etiam
1229 1725 1685 1804 depugnandum
1747 1737 2036 1806 putamus,

2307 1725 2634 1814 Δἐῑσχίιίιθημεν
2675 1726 2972 1814 ζητητέονς
3032 1719 3162 1788 ι’ὅτι
3219 1731 3564 1811 ἐσχίσθημεν,
3594 1736 3768 1814 φασίν.

398 1820 554 1901 quod
585 1831 642 1880 et
667 1819 1033 1879 diuturnum.
1066 1818 1159 1877 An
1194 1814 1369 1893 igitur
1401 1815 1554 1893 quod
1607 1815 1776 1876 scissi
1810 1836 2035 1892 sumus,

400 1907 896 1969 considerandum
927 1926 941 1978 ;
971 1923 1045 1965 an
1068 1902 1384 1983 quomodo.
1419 1903 1846 1982 quaerendum?
1877 1904 2039 1977 Quod

399 1997 570 2058 scissi
601 2015 828 2068 sumus,
859 1993 1155 2074 inquiunt.
1193 1995 1612 2053 \‘eremtamen
1662 1993 1829 2061 mihi,
1885 1995 2037 2075 quod

399 2093 458 2147 et
490 2085 644 2148 bene
691 2084 1082 2147 sentientibus
1125 2080 1392 2159 singulis.
1447 2100 1562 2142 non
1617 2083 1725 2141 hoc
1756 2081 1987 2143 videtur
2022 2105 2033 2145 :

393 2176 495 2238 sed
526 2193 641 2254 qua
677 2174 904 2236 ratione
933 2171 1101 2232 scissi
1133 2187 1376 2241 sumus;
1410 2176 1469 2229 et
1507 2170 1553 2229 si
1606 2170 2034 2245 invenerimus,

394 2265 496 2345 qui
524 2272 660 2326 ante
691 2280 797 2323 nos
826 2260 1085 2323 schisma
1107 2259 1457 2329 conﬂarunt,
1482 2261 1804 2320 Romanam
1834 2260 2036 2321 Eccle-

391 2356 541 2417 siam
596 2355 956 2422 incusantes,
987 2358 1257 2426 tanquam
1314 2346 1651 2421 ingentibus
1708 2348 2037 2410 sceleribus

395 2444 469 2508 ob
489 2444 761 2519 dogmata
790 2439 1164 2514 obstrictam,
1197 2436 1575 2497 considerare
1599 2445 1654 2496 et
1677 2438 2030 2508 examinare,

398 2552 535 2613 quae
562 2533 648 2593 illi
680 2533 978 2595 Romanos
1007 2527 1390 2587 criminantes
1421 2542 1775 2604 opposuere,
1809 2545 1938 2605 quin
1979 2527 2038 2588 hi

399 2621 757 2701 semetipsos
783 2618 1106 2680 liberantes
1137 2634 1168 2677 a
1189 2614 1462 2681 crimine,
1485 2615 1946 2694 responderunt,
1981 2625 2037 2677 et

395 2729 529 2774 cum
558 2717 720 2771 recto
736 2705 950 2789 judicii
981 2704 1381 2777 examine,aut
1410 2721 1510 2763 eos
1532 2712 1692 2765 recte
1712 2704 2038 2765 sentientes

397 2801 590 2880 sequi,
625 2805 682 2860 et
715 2795 977 2867 laudare,
1011 2801 1069 2855 et
1098 2793 1300 2855 beatos
1330 2792 1673 2871 praedicare,
1707 2800 1808 2856 aut
1836 2796 2042 2855 decer-

395 2906 542 2950 nere
592 2904 694 2947 eos
744 2885 803 2944 in
864 2885 975 2944 hoc
1023 2882 1306 2943 scandalo
1357 2881 1715 2961 deliquisse,
1783 2883 2036 2944 humano

395 2994 602 3038 errore
631 2974 936 3053 deceptos.
977 2968 1225 3051 Oportet
1264 2977 1458 3031 autem
1497 2989 1627 3052 nos,
1661 2970 1750 3032 vel
1782 2973 1937 3051 quod
1964 2973 2037 3034 ab

2131 2981 2314 3046 μοῖραν
2368 2970 2538 3046 ψύγου
2620 2969 2993 3047 παραπέμψαι.

2129 1811 2274 1869 Ἀλλ’
2302 1812 2444 1891 ἐμοὶ,
2488 1813 2646 1889 οἶμαι
2679 1813 2748 1870 δι’
2776 1815 2859 1871 ὅτι
2916 1820 3004 1875 καὶ
3045 1824 3150 1874 τῶν
3202 1819 3258 1875 εὖ
3284 1811 3618 1899 φρονούντων
3638 1824 3770 1880 ἐκά-

2125 1926 2255 1977 στερ,
2290 1905 2349 1961 οὒ
2376 1911 2552 1978 τοῦτο,
2584 1905 2705 1962 ἀλλ⁹
2739 1906 2884 1970 ὅπως
2940 1908 3266 1989 ἐσχίσθημεν
3304 1928 3316 1941 ·
3364 1914 3461 1969 κᾶν
3528 1916 3769 1992 εὕρ-ἀσω-

2125 2014 2221 2065 μεν
2264 1994 2383 2057 τοὺς
2445 1994 2546 2070 πρό
2600 1997 2754 2069 ἡμῶν
2793 1998 3218 2073 συστησαμένους
3276 2000 3337 2057 τό
3392 2003 3621 2081 σχίσμα,
3672 2005 3769 2071 τὴν

2120 2087 2217 2169 τῆς
2282 2082 2473 2157 Ρώμης
2540 2083 2855 2150 Ἐκκλησίαν
2911 2088 3380 2169 κατπιιτιωμένους²
3443 2092 3516 2152 ὡς
3561 2091 3768 2169 μεγαλα

2121 2168 2273 2235 δῆθεν
2344 2172 2717 2248 ἡμαρτηκυῗαν
2762 2172 2846 2228 ἐπὶ
2903 2188 3028 2255 τοῖς
3102 2173 3328 2255 δόγμασι
3386 2168 3761 2253 διασκοπῆσαι,

2121 2259 2206 2313 καὶ
2265 2255 2643 2330 διαϐασανίσαι,
2707 2258 2799 2315 ἅτε
2854 2275 2970 2328 τοῖς
3016 2254 3295 2337 Ῥωμαίοις
3353 2265 3546 2322 ἐκεῖνοι
3598 2267 3763 2345 ἐγκα-

2121 2344 2327 2409 λοῦντες
2389 2345 2708 2424 προέτεινον,
2745 2350 2832 2404 καὶ
2890 2348 3022 2428 ἅπερ
3062 2353 3203 2408 οὗτοι
3261 2351 3579 2418 ἀπολύοντες
3636 2356 3763 2411 ἐαυ-

2120 2435 2239 2499 τοὺς
2292 2433 2659 2512 ξῖεγκλημάτων
2716 2435 3091 2515 ἀπελογοῦντο,
3167 2441 3253 2495 καὶ
3323 2442 3455 2515 μετὰ
3522 2445 3621 2511 τῆς
3679 2443 3763 2500 ἐπὶ

2120 2527 2187 2598 τῇ
2253 2520 2501 2602 διακρίσει
2582 2525 2859 2591 εύθύτητος
2957 2527 2992 2594 ἢ
3090 2526 3439 2597 ἀκολουθῆσαι
3523 2530 3763 2611 λέγουσιν

2121 2611 2340 2675 ἐκείνοις
2407 2612 2607 2693 καλῶς,
2681 2615 2769 2670 καὶ
2838 2614 3132 2689 ἐπαινέσαι,
3209 2620 3296 2673 καὶ
3368 2621 3675 2700 μακαρίσαι,
3724 2621 3760 2690 ἢ

2119 2698 2398 2779 διαγνῶναι
2452 2704 2524 2766 ὡς
2570 2709 2763 2760 ἐκεῖνοι
2809 2705 2906 2778 μὲν
2961 2705 3045 2762 ἐπὶ
3105 2713 3183 2781 τῷ
3265 2707 3538 2783 οκανδαίλῳ
3592 2698 3762 2784 τούτῳ

2119 2789 2662 2870 πεπλημμελιὶκασιν,
2750 2790 3068 2869 ἀνθρώπινόν
3136 2816 3187 2850 τι
3245 2797 3499 2860 παθόντες
3579 2798 3761 2874 πλημ-

2122 2878 2336 2954 μέλημα
2370 2898 2383 2913 ·
2417 2881 2557 2954 ἡμᾶς
2599 2879 2653 2935 δὲ
2682 2878 2766 2938 δεῖ
2794 2882 2829 2949 ἢ
2862 2885 2921 2938 τὸ
2972 2881 3095 2962 παρ’
3154 2884 3366 2941 ἐκείνων
3420 2890 3641 2965 γεγονὸς
3686 2891 3759 2951 εἷς

3082 2975 3168 3029 καὶ
3251 2976 3312 3029 τὸ
3365 2973 3490 3054 παρ’
3562 2977 3761 3033 ἑαυτῶν

394 3064 514 3127 illis
544 3073 739 3125 actum
765 3037 874 3126 est.
906 3037 1045 3121 Ιοοό
1069 3059 1413 3138 ignominiae
1463 3037 1706 3139 habere,
1769 3037 1827 3122 ei
1882 3061 2035 3141 quod

2131 3057 2393 3114 ἐπαινετὸν
2459 3058 2898 3137 ἀντεισενεγκεῖν,
2988 3060 3022 3128 ἣ
3104 3061 3237 3125 τέως
3321 3061 3483 3137 μηδέν
3537 3088 3587 3120 τι
3644 3068 3762 3143 περὶ

397 3152 552 3235 apud
584 3170 690 3214 nos
721 3159 813 3212 est
838 3147 1153 3223 laudabile,
1188 3147 1589 3222 introducere,
1626 3149 1714 3210 vel
1766 3150 1926 3212 nullo
1967 3151 2040 3212 de

396 3242 499 3304 illo
553 3258 830 3303 sermone
891 3237 1094 3299 habito
1168 3245 1443 3315 respectu
1526 3237 2039 3319 primigeniorum,

397 3330 552 3411 quod
584 3329 766 3391 salem
798 3328 869 3388 ad
906 3347 1012 3387 nos
1045 3324 1397 3407 pertinebat,
1451 3325 1635 3405 probe
1693 3326 2037 3405 disponere.

400 3418 624 3499 duplici
653 3419 1141 3488 emolumento,ct
1158 3414 1311 3495 quod
1344 3414 1693 3476 aberrantes
1712 3415 1899 3475 secuti
1924 3435 2037 3477 non

394 3525 623 3580 sumus,
660 3514 718 3567 et
746 3504 902 3585 quod
937 3502 1208 3584 posteris,
1247 3510 1306 3564 et
1342 3503 1415 3563 iis
1464 3503 1565 3582 qui
1597 3511 1725 3579 post
1755 3522 1863 3564 nos
1899 3523 2039 3565 nas-

397 3603 629 3667 centur,
689 3594 837 3655 recti
893 3592 1141 3654 formam
1198 3591 1572 3653 tradidimus.
1622 3592 1765 3654 Mihi
1819 3593 2038 3673 itaque.

397 3684 668 3747 existimo
701 3689 898 3743 autem
933 3690 990 3742 et
1016 3680 1343 3760 cuicunque
1374 3679 1711 3760 pertinaciae
1742 3681 2014 3743 insanien

398 3773 472 3835 tis
492 3770 673 3846 osori,
709 3770 864 3852 quod
895 3769 1287 3851 approbatum
1321 3770 1764 3849 est,perplacet,
1802 3779 1859 3831 et
1890 3790 2043 3852 qure-

396 3861 532 3935 stio,
568 3879 683 3941 qua
729 3861 955 3921 ratione
994 3858 1165 3920 scissi
1223 3876 1451 3920 sumus.
1490 3858 1656 3930 Quod
1689 3860 1737 3920 si
1770 3859 2036 3939 quidam,

398 3949 555 4030 quod
587 3948 755 4011 scissi
788 3948 1245 4028 sumus,absque
1276 3947 1391 4009 alio
1425 3947 1693 4009 examine
1727 3949 2037 4010 dissidium

398 4037 860 4100 continuandum
909 4036 1203 4115 judicant,
1243 4055 1349 4114 ego
1382 4037 1672 4097 insulsum
1725 4056 1864 4115 erga
1915 4056 2037 4117 eos,

399 4127 500 4208 qui
521 4134 662 4189 ante
692 4145 799 4188 nos
830 4125 1380 4205 fuere,obsequium
1412 4125 1605 4186 modis
1635 4125 1912 4187 omnibus
1930 4125 2041 4187 de-

395 4223 601 4279 testor.

480 4305 541 4367 8.
575 4303 692 4367 Sed
716 4305 840 4384 jam
873 4304 1116 4365 aliunde
1147 4304 1584 4384 comparet,qui
1616 4323 1735 4365 non
1758 4320 2041 4365 vesanum

400 4394 687 4475 temporis
715 4392 1114 4474 sequitur,sed
1148 4401 1424 4473 tanquam
1460 4393 1641 4473 partis
1673 4393 1855 4471 magis
1875 4394 2024 4454 ratio

400 4484 554 4546 nalis
583 4481 1325 4558 sectator,ratiocinatione
1345 4482 1529 4561 magis
1559 4482 1718 4543 seria
1744 4483 2047 4552 contradi-

397 4590 536 4635 cere
569 4572 799 4645 studet;
834 4571 977 4652 quid
1010 4570 1306 4652 inquitis?
1340 4571 1511 4632 nobis
1565 4571 1728 4633 dicit.
1764 4573 1853 4633 An
1887 4571 2048 4633 vobis

395 4660 813 4741 amplectenda
866 4660 1100 4722 videtur
1156 4660 1562 4723 ecclesiastica
1593 4678 1702 4740 pax
1734 4659 2042 4741 Italorum,

396 4754 494 4832 qui
527 4750 671 4811 duas
691 4768 903 4812 causas
934 4760 992 4811 et
1015 4752 1131 4812 duo
1163 4750 1456 4832 principia
1497 4751 1667 4812 uuius
1699 4749 1956 4830 Spiritus
1986 4752 2046 4811 in

397 4839 573 4901 beata
599 4837 815 4900 Triade
844 4840 1250 4901 constituunt?
1282 4842 1549 4919 Non.per
1578 4838 2047 4920 Triadem,opti'-

401 4928 507 4991 mi.
544 4925 642 4990 Sic
693 4928 850 4988 enim
901 4938 1037 4989 ante
1094 4928 1291 4989 omnia
1344 4928 1602 5001 munior,
1642 4947 1715 4990 ne
1747 4929 1820 4989 de
1851 4929 2048 5008 aliquo

400 5015 584 5078 simili
617 5017 674 5077 in
704 5015 1106 5097 suspicionem
1138 5016 1244 5079 tibi
1272 5015 1660 5079 veniam.Non
1691 5018 1799 5077 hac
1820 5017 2051 5077 ratione

398 5104 655 5166 dicimus
684 5103 966 5166 Romana;
1012 5104 1295 5167 Ecclesiae
1345 5124 1548 5184 pacem
1596 5105 2044 5166 attendendam.

397 5193 611 5257 Casum
672 5193 891 5255 etenim
951 5212 984 5255 a
1038 5193 1209 5255 beata
1265 5192 1482 5255 Triade
1532 5194 1813 5255 adversus
1842 5213 2051 5255 omnes

394 5283 839 5364 precamur,qui
870 5281 1153 5342 similium
1187 5282 1492 5343 hominum
1550 5301 1778 5362 pacem,
1811 5284 1869 5343 in
1899 5302 2047 5343 con-

387 5370 760 5433 substantiali
789 5370 1005 5433 Triade
1036 5371 1152 5432 duo
1186 5371 1483 5451 principia
1534 5372 1880 5451 ponentium
1911 5391 2042 5433 am-

391 5460 567 5541 plecti
628 5461 847 5522 volunt.
904 5459 1166 5539 Namque
1219 5462 1343 5521 haec
1374 5469 1509 5521 sunt
1544 5480 1773 5535 eorum,
1808 5461 1908 5541 qui
1941 5480 2041 5522 se-

385 5551 501 5615 mel
533 5550 605 5612 ad
641 5550 904 5613 veritatis
936 5550 1138 5612 lumen
1173 5549 1488 5629 nictantes,
1522 5551 1775 5631 preprize
1811 5553 2038 5630 impro-

2124 3147 2334 3203 ἐκείνων
2399 3148 2698 3226 εἰρηκότας,
2772 3146 2946 3228 φειδοῖ
3036 3156 3142 3205 τῶν
3212 3148 3643 3233 πρεσϐυγενείων,

2124 3243 2248 3313 γοῦν
2317 3237 2389 3299 εὶς
2440 3238 2581 3311 ἡμᾶς
2653 3237 2833 3301 αὖτοὺς
2890 3236 3063 3303 καλῶς
3116 3237 3396 3314 διαθεῖναι,
3453 3244 3541 3299 καὶ
3599 3240 3761 3310 διπλῆ

2123 3323 2387 3399 κερδᾶναι,
2436 3325 2517 3381 ὅτι
2573 3346 2630 3382 τε
2680 3339 2798 3389 τοῖς
2858 3324 3376 3402 πεπλημμεληκόσιν
3434 3333 3527 3387 οὒκ
3567 3331 3763 3399 ἠκολου

2122 3414 2378 3487 θήσαμεν,
2452 3414 2531 3468 ιαὶ
2560 3412 2641 3468 ὅτι
2693 3426 2811 3476 τοῖς
2856 3414 3126 3493 ὀψιγόνυις
3186 3418 3271 3471 καί
3304 3416 3420 3491 μεθ’
3475 3421 3619 3493 ἡμᾶς
3673 3422 3764 3477 τὸν

2124 3508 2214 3556 τοῦ
2244 3500 2404 3556 καλοῦ
2458 3499 2836 3579 παρεδώκαμεν
2894 3505 3076 3566 τύπον,
3139 3502 3288 3579 Ἐμοὶ
3347 3506 3441 3581 μὲν
3498 3507 3609 3587 οὖν³
3675 3512 3765 3565 οἷ-

2125 3612 2219 3664 μαι
2248 3588 2293 3645 δ’
2363 3588 2442 3646 ὅτι
2501 3591 2589 3647 καὶ
2644 3593 2801 3647 παντὶ
2869 3598 2945 3664 τῷ
3001 3588 3147 3667 ἄλλῳ
3189 3596 3483 3671 πεισμονὴν
3526 3605 3761 3676 μισοῦνς

2126 3680 2220 3746 τὴν
2250 3677 2464 3756 ἄλογον,
2529 3681 2590 3735 τὸ
2648 3677 3090 3755 δεδοκιμασμένον
3168 3682 3398 3760 ἀρέσκει,
3461 3687 3547 3741 καὶ
3590 3689 3625 3756 ἡ
3672 3689 3765 3743 τοῦ

2125 3767 2268 3830 ὅπως
2326 3768 2648 3848 ἐσχίσθημεν
2678 3771 2921 3839 ζήτησις,
2976 3772 3033 3826 Εἰ
3063 3767 3117 3825 δέ
3174 3792 3336 3845 τινες,
3395 3771 3476 3829 ὅτι
3507 3773 3762 3854 ἐσχίσθη-

2124 3879 2243 3932 μεν,
2301 3856 2668 3931 ἀδοκιμάστως
2728 3857 2999 3938 ἐξέχεσθαι
3053 3881 3146 3915 του
3200 3861 3496 3935 σψίσματος
3540 3863 3765 3941 κρίνουσι

2126 3947 2234 4025 ἐγὼ
2263 3946 2308 4002 δ’
2367 3944 2504 4002 ἀλλά
2556 3954 2655 4014 τὴν
2713 3946 2903 4024 ἄλογον
2959 3960 3072 4011 τοῖς
3132 3950 3603 4024 προηγησαμένοις
3634 3972 3771 4007 κατ-

2127 4035 2473 4102 ακολούθησιν
2505 4035 2810 4115 ὁλοσχερῶς
2854 4035 3272 4114 ἀποστρέφομαι,

2211 4294 2291 4370 η’.
2345 4302 2493 4361 Ἀλλ’
2563 4301 2665 4371 ἤδη
2740 4303 2987 4383 ἑτέρωθέν
3043 4306 3199 4360 ποθεν
3249 4303 3585 4383 ἀναφαίνεται
3616 4307 3644 4361 ὁ
3702 4307 3779 4379 μη

2131 4399 2207 4466 τῷ
2278 4392 2455 4469 ἀλόγῳ
2509 4401 2599 4451 τοῦ
2653 4393 2848 4471 χρόνου
2905 4391 3330 4472 κατακολουθῶν,
3392 4390 3513 4449 ἀλλ’
3557 4393 3652 4449 ἅτε
3706 4392 3771 4460 δὴ

2130 4485 2229 4547 τῆς
2273 4479 2594 4559 λογιωτέρας
2665 4480 2737 4538 ὢν
2796 4481 2978 4559 μοίρας
3067 4483 3154 4537 καὶ
3208 4479 3565 4561 λογικωτέρας
3625 4482 3777 4539 ἀντι-

2129 4568 2320 4652 ξαίνειν
2393 4571 2570 4646 όρμῶν
2615 4587 2629 4602 ⁶
2681 4573 2770 4627 καὶ
2849 4571 2899 4625 τί
2940 4590 3123 4650 (pars;
3209 4569 3339 4652 πρςς
3394 4570 3541 4645 ἡμᾶς
3605 4570 3776 4650 λέγει.

2129 4647 2262 4738 Ἀρά
2328 4681 2389 4736 γε
2437 4661 2565 4735 ὑμῖν
2621 4658 2770 4716 δοκεῖ
2819 4681 2916 4726 την
2955 4647 3078 4715 ’τῶν
3109 4647 3353 4716 Ἴταλῶν
3396 4647 3778 4727 ἐκκλησιαστι-

2130 4750 2231 4815 κήν
2283 4750 2496 4825 εἰρήνην
2553 4747 2906 4821 ἀσπασάσθαι,
2971 4747 3059 4805 δύο
3122 4746 3292 4827 αἴτια,
3354 4750 3442 4804 καὶ
3493 4748 3665 4826 ἀρχὰς
3698 4746 3785 4805 δύο

2134 4841 2226 4894 τοῦ
2297 4836 2409 4899 ἐνὸς
2474 4839 2777 4912 Πνεύματος
2847 4838 2932 4893 ἐπὶ
2986 4843 3085 4904 τῆς
3145 4838 3405 4916 μακαρίας
3462 4835 3783 4915 πρεσϐευόν-

2134 4948 2239 4982 των
2264 4924 2531 5006 Τριάδος;
2580 4924 2673 4999 Οῧ,
2707 4927 2770 4994 νὴ
2800 4927 2899 4994 τὴν
2957 4925 3171 5005 Τριάδα,
3224 4930 3269 4982 ὦ
3324 4926 3586 5002 βέλτιστε.
3634 4927 3784 4984 Οὕτω

2134 5017 2233 5094 γὰρ
2303 5013 2839 5095 προεξασφαλίζομαι,
2915 5018 2989 5077 ὡς
3048 5016 3109 5070 ἂν
3154 5014 3320 5089 μηδὲν
3403 5039 3452 5073 τι
3508 5038 3595 5071 και
3666 5017 3781 5092 περὶ

2133 5106 2287 5178 ημῶν
2355 5105 2698 5171 ὑποπτευθείη
2773 5126 2855 5159 σοι
2939 5110 3197 5163 τοιοῦτον,
3261 5103 3377 5183 Οὐχ
3434 5102 3571 5159 οὕτω
3612 5103 3782 5184 φαμὲν

2132 5195 2230 5260 τὴν
2287 5198 2383 5259 τῆς
2443 5184 2749 5267 Ῥωμαικῆς
2835 5190 3153 5259 Ἐκκλησίας
3243 5194 3457 5269 εἰρήνην
3516 5193 3785 5270 προσήκα-

2133 5286 2270 5343 σθαι,
2355 5272 2667 5339 ’Ἐκπτωσιν
2718 5283 2817 5361 γὰρ
2874 5287 2973 5348 τῆς
3046 5282 3301 5360 μακαρίας
3348 5279 3594 5360 Τριάδους
3649 5282 3782 5337 κατα

2130 5371 2326 5433 παντὶς
2386 5368 2700 5444 ἐπαρώμεθα
2750 5369 2844 5426 τοῦ
2896 5368 3213 5439 θελήσοντος
3274 5369 3527 5425 τοιούτων
3586 5365 3783 5445 ἀνδρῶν

2131 5461 2340 5538 εἰρήνην
2389 5460 2774 5536 προσήκασθαι,
2848 5455 2934 5514 δύο
3004 5458 3174 5537 ἀρχὰς
3221 5456 3305 5513 ἐπὶ
3359 5458 3456 5522 τῆς
3503 5456 3778 5531 ὁμοουσίου

2125 5546 2387 5627 λεγόντων
2438 5544 2675 5625 Τρισίδος.
2739 5546 2983 5604 Ἐκείνων
3053 5548 3151 5626 γὰρ
3193 5552 3375 5621 ταῦτα,
3425 5547 3474 5601 εἰ
3538 5546 3665 5623 πρός
3717 5544 3777 5600 τὸ
